4096 6212
1767 186 1905 206 νου»-

347 286 481 346 1257

1430 291 1495 347 ΙΝ
1535 290 1767 348 ιδΑιΑΜ
1807 290 1935 347 LlB.
1981 287 2045 343 ν.
2085 285 2323 345 TOMUS
2357 286 2448 343 lll.

3475 291 3616 356 {$58

426 403 617 481 Ὑμεῖς
674 404 743 459 δὲ
807 408 1215 479 προσαγάγετε
1275 403 1426 478 ὧδε,
1483 412 1599 467 υἱοί
1668 412 1950 482 tirone“,

2095 407 2257 464 Vens.
2295 407 2351 474 5,
2386 406 2441 461 4.
2497 404 2597 461 Vos
2626 415 2799 461 autem
2825 406 3056 461 accedite
3082 408 3206 470 huc,
3245 405 3347 474 ﬁlii
3405 409 3609 482 iniqui,

342 496 579 566 σπέρμα
612 496 843 568 μοιχῶν
882 500 977 554 καὶ
1021 503 1273 570 πόρνης.
1316 503 1411 555 Ἐν
1442 505 1559 557 τίνι
1605 505 1930 575 ἐνετρυξοή-

340 608 523 657 σατε;
552 590 649 645 καί
677 590 778 644 ἐπὶ
809 593 945 648 τίνα
972 592 1256 661 ὴνοίξατε
1284 593 1352 648 τὸ
1383 595 1577 663 στόμα
1606 594 1806 664 (inter;
1835 594 1933 649 καὶ

341 682 442 741 ἐπὶ
481 682 617 738 τίνα
669 682 1015 751 ὲχαλάσατε
1064 685 1178 752 τὴν
1232 684 1526 755 γλῶσσαν
1570 686 1776 756 ὐμῶν;
1809 688 1933 757 Οὐχ

343 774 518 845 ὑμεῖς
544 775 686 829 ἐστε
719 774 904 828 τέκνα
942 776 1266 844 ἀπωλείας,
1297 778 1536 849 σπέρμα
1570 779 1827 850 ᾶνομον;

434 864 528 917 Ἐκ
566 864 766 936 πολλῆς
795 865 935 934 ἄγαν
968 866 1245 936 φιλοθετας
1269 869 1298 922 ὁ
1335 868 1619 934 θεσπέσιος
1651 871 1934 942 προφήτης

345 959 462 1021 ταῖς
490 957 599 1011 τῶν
631 957 901 1012 Ἰουδαίων
934 959 1361 1030 ἀθυροστομίαις
1392 961 1649 1033 ἐπιπηδᾷ,
1682 964 1776 1016 καὶ
1809 979 1936 1017 κατ-

345 1048 644 1118 αλγύνεται
689 1049 810 1104 λίαν
862 1051 957 1105 ἐπὶ
1010 1053 1129 1115 ταῖς
1179 1052 1423 1116 ἀνοσίαις
1469 1053 1648 1107 αὐτῶν
1700 1056 1933 1124 φωναῖς,

344 1149 410 1206 ἃς
438 1143 695 1214 εἰρήκασι
729 1143 870 1197 κατὰ
904 1143 1167 1215 Χριστοῦ.
1195 1145 1609 1200 Διατετελέκασι
1639 1146 1748 1218 γάρ
1775 1147 1936 1219 μέχρι

353 1234 547 1298 παντὸς
604 1235 766 1288 οἱονεὶ
812 1236 1087 1306 χαλῶντες
1112 1238 1197 1291 ἐπ’
1228 1236 1378 1308 αὐτῷ
1400 1237 1505 1308 τὴν
1536 1237 1809 1306 γλῶσσαν,
1842 1241 1937 1294 καὶ

345 1328 489 1391 ὅλοις
530 1326 720 1399 ὥσπερ
764 1329 955 1393 ἱστίοις
997 1329 1096 1399 τῆς
1142 1327 1368 1398 ἐνούσης
1397 1329 1747 1396 ἀνεξικακίας
1789 1330 1938 1401 αὑτῴ

345 1420 795 1491 κατατρέχοντες.
835 1421 900 1474 Τί
946 1420 1054 1493 γὰρ
1085 1420 1195 1474 τῶν
1254 1421 1504 1475 ἐκτόπων
1535 1423 1633 1493 οὐχ
1664 1422 1839 1478 ἁλοῖεν
1872 1423 1938 1477 ἂν

348 1512 735 1584 κατειρηκότες
761 1510 927 1565 αὐτοῦ
957 1529 971 1578 ;
1002 1512 1368 1584 Σαμαρείτην,
1395 1513 1489 1566 καὶ
1516 1514 1822 1585 οἰνοπότην,
1846 1514 1941 1568 καὶ

348 1605 410 1656 ἐκ
440 1602 697 1673 πορνείας
728 1602 1124 1673 γεγεννημένον
1154 1602 1439 1673 ὠνόμαζον
1471 1603 1654 1667 αὑτὸν,
1687 1605 1780 1658 καὶ
1824 1604 1941 1661 δαι-

351 1693 517 1762 μονᾷν
551 1690 786 1759 ἔφασκον
814 1690 905 1743 τὸν
930 1691 1270 1761 ἐπιτιμῶντα
1302 1692 1545 1763 δαίμοσι,
1570 1693 1668 1747 καὶ
1701 1694 1759 1747 έν
1780 1693 1938 1747 Βεελ⁴

2036 506 2210 556 semen
2258 499 2621 555 adulterorum
2649 506 2698 553 et
2746 499 3057 554 meretricia.
3115 498 3182 553 In
3223 515 3326 569 quo
3371 502 3615 557 Oblectati

2036 593 2209 648 estis?
2261 602 2310 647 et
2355 608 2513 661 super
2562 607 2715 662 quem
2763 591 3044 660 aperuisti;
3080 607 3137 645 os
3166 594 3436 649 uestrum?
3485 604 3533 647 et
3562 597 3615 653 in

2035 702 2185 756 quem
2238 684 2464 740 laxastis
2525 684 2764 754 linguam
2810 684 3073 743 vestram?
3122 681 3313 741 Nonne
3355 701 3441 739 uos
3492 687 3615 742 estis

2038 777 2137 845 filii
2160 778 2494 845 perditionis,
2526 793 2699 830 semen
2721 776 2997 847 iniquum?

2110 868 2279 939 798
2319 868 2397 922 Ex
2434 867 2633 938 insigni
2668 867 2887 936 pietatis
2929 865 3109 921 studio
3143 866 3368 921 insultat
3405 867 3617 922 divinus

2037 961 2304 1030 propheta
2353 960 2407 1014 in
2447 957 2769 1013 effrenatam
2802 958 3116 1014 Judazorum
3147 958 3524 1028 petulantiam,
3562 970 3618 1014 et

2038 1051 2222 1121 impiis
2251 1050 2476 1106 vocibus
2505 1065 2641 1119 quas
2664 1058 2854 1105 contra
2878 1048 3153 1105 Christum
3182 1049 3435 1106 dixerunt
3464 1051 3617 1107 valde

2038 1142 2351 1199 oﬂ‘entlitur.
2411 1141 2637 1212 Semper
2687 1142 2832 1197 enim
2891 1140 3149 1197 laxabant
3193 1143 3339 1198 velut
3392 1144 3445 1197 in
3494 1160 3617 1199 eum

2040 1232 2303 1305 linguam,
2354 1239 2409 1287 et
2466 1230 2594 1286 totis
2639 1230 2793 1304 quasi
2846 1230 2983 1285 velis
3034 1231 3283 1286 insectati
3334 1242 3457 1286 sunt
3504 1232 3620 1299 ejus

2042 1322 2381 1392 patientiam.
2435 1321 2578 1388 Quid
2618 1321 2761 1377 enim
2813 1320 3015 1376 {indum
3062 1333 3118 1377 et
3168 1323 3533 1395 prodigiosum
3567 1326 3618 1380 in

2040 1428 2161 1468 eum
2180 1413 2497 1470 debacchati
2519 1412 2790 1468 non'sunt?
2806 1412 3231 1480 Samat‘ilanum,
3251 1414 3356 1469 vini
3379 1425 3617 1483 potorem

2043 1516 2095 1561 et
2124 1520 2191 1560 ex
2234 1505 2564 1562 scortatione
2599 1515 2780 1561 natum
2820 1521 2944 1561 eum
2976 1507 3287 1562 vocabant:
3325 1519 3378 1561 et
3409 1508 3615 1564 daemo-

2042 1599 2260 1653 niacum
2307 1612 2430 1653 esse
2460 1597 2716 1654 dicebant
2759 1613 2884 1654 eum
2946 1600 3039 1669 qui
3071 1601 3388 1669 increpabat
3418 1601 3621 1656 dmino-

2044 1706 2179 1746 nas:
2237 1698 2290 1746 et
2339 1689 2393 1744 in
2451 1688 2739 1745 Beelzebul
2807 1693 3024 1760 operari
3092 1691 3268 1763 signa,
3340 1695 3432 1761 qui
3490 1708 3620 1748 con-

348 1783 541 1849 ζεεοὺλ
555 1782 753 1853 ὲργάζε
762 1782 884 1835 σθαι
900 1781 998 1846 τὰς
1017 1782 1180 1854 θεοση
1188 1784 1337 1854 μίας,
1352 1783 1445 1838 τὸν
1474 1784 1831 1857 συντρίϐοντα
1845 1786 1936 1839 τὸν

2053 1783 2190 1837 Lrivit
2252 1780 2557 1837 Beelzebnl.
2618 1781 2748 1837 Dein
2789 1782 2854 1835 ad
2939 1792 3245 1838 extremum
3295 1782 3467 1839 Pilato
3527 1785 3626 1839 ad~

357 1874 697 1939 Βεελζεόούλ.
732 1870 865 1927 Εἶτα
891 1873 1254 1938 τελευτῶντες
1278 1875 1498 1947 Πιλάτῳ
1523 1876 1825 1948 προσῆγον,
1844 1878 1941 1932 zeal.

357 1965 721 2036 κατηγόρευον
773 1965 958 2033 αὑτοῦ,
990 1967 1099 2023 τῶν
1138 1967 1237 2036 μὲν
1287 1967 1502 2040 ἀληθῶν
1548 1969 1720 2035 οὐδὲν,
1752 1970 1944 2039 ψευδο-

357 2054 568 2120 επείαις
602 2056 659 2109 δὲ
702 2056 899 2128 μᾶλλον
937 2058 1030 2111 καὶ
1059 2058 1445 2128 συκοφαντίαις
1472 2059 1944 2132 χρώμενοι.Ἔφα-

352 2165 485 2202 σκον
509 2148 724 2221 γὰρ,ὄτι
756 2143 924 2213 Οὗτος
942 2149 1189 2203 ἀνασείει
1221 2151 1346 2214 τοὺς
1373 2150 1583 2222 ὄχλους,
1618 2152 1711 2207 καὶ
1742 2151 1943 2207 κωλύει

353 2239 551 2312 φόρους
579 2239 773 2294 διδόναι
816 2241 1059 2312 Καίσαρι
1083 2257 1097 2273 ο
1152 2240 1317 2313 ἕτερα
1353 2242 1411 2295 δὲ
1459 2242 1597 2313 πρὸς
1647 2243 1876 2310 τούτοις,
1906 2242 1945 2300 ἃ.

360 2332 454 2402 τῆς
480 2333 660 2387 αὐτῶν
680 2334 922 2405 κεφαλῆς
942 2333 1041 2406 τὴν
1067 2334 1331 2390 ἄσϐεστον
1357 2337 1719 2410 καταντλήσει
1746 2338 1939 2408 φλόγα.

364 2425 488 2478 Ἐπὶ
514 2426 724 2489 τούτοις
739 2427 934 2490 αὐτοὺς
966 2427 1060 2480 καὶ
1090 2428 1250 2493 αὐτὸς
1279 2428 1307 2481 ὁ
1324 2429 1515 2501 Σωτὴρ
1537 2432 1743 2502 ᾐτιᾶτο,
1771 2431 1946 2502 λέγων

352 2517 440 2571 διὰ
466 2519 648 2590 φωνῆς
687 2519 864 2589 Ὠσηέο
896 2538 913 2570 r
951 2520 1086 2573 Οὐαὶ
1122 2520 1326 2589 αὐτοῖς,
1347 2522 1429 2577 ὅτι
1456 2522 1820 2594 ἀπεπήδησαν
1848 2524 1945 2578 ἀπ’

355 2608 485 2680 ἐμοῦ
510 2626 523 2640 ·
555 2608 779 2662 δείλαιοί
807 2611 968 2677 εἰσιν,
994 2612 1076 2665 ὅτι
1119 2612 1401 2685 ἠσέϐησαν
1442 2614 1521 2677 είς
1550 2615 1671 2685 ἐμέ.
1713 2614 1854 2684 Ἐγὼ
1888 2615 1946 2669 δὲ

351 2701 744 2773 ἑλυτρωσάμην
798 2704 1031 2768 αὐτοὺς,
1083 2706 1239 2759 αὐτοὶ
1268 2706 1325 2760 δὲ
1385 2707 1763 2777 κατελάλησαν
1824 2709 1943 2761 κατ’

354 2793 487 2865 ἐμοῦ
545 2794 736 2865 ψευδῆ.
767 2814 785 2847 z
836 2797 945 2848 Καὶ
999 2796 1090 2853 διά
1136 2814 1200 2866 γε
1269 2798 1370 2870 τῆς
1423 2798 1688 2872 Ἰερεμίου
1742 2800 1945 2871 φωνῆς·

360 2904 380 2939 ε
422 2886 885 2956 Ἐγκαταλέλοιπα
915 2887 1006 2941 τὸν
1036 2884 1184 2943 οἶκόν
1217 2908 1342 2961 μου,
1385 2891 1576 2962 ἀφῆκα
1604 2891 1704 2965 τὴν
1739 2893 1940 2964 κληρο-

354 2980 548 3051 νομίαν
597 2997 722 3051 μου,
769 2981 947 3036 ἔδωκα
983 2980 1081 3054 τὴν
1126 2982 1498 3055 ἠγαπημένην
1526 2982 1708 3054 ψυχήν
1740 3001 1842 3054 μου
1871 2986 1952 3048 εἰς
1980 2993 1985 2996 ’

359 3073 543 3143 χεῖρας
581 3071 789 3143 ἐχθρῶν
839 3073 1028 3144 αὐτῆς.
1081 3072 1346 3147 Ἐγενὴοη
1386 3077 1420 3145 ἡ
1452 3074 1794 3147 κληρονομία
1848 3093 1951 3147 μου

360 3162 498 3231 ἐμοὶ,
530 3161 604 3225 ὡς
637 3162 771 3215 λέων
798 3164 856 3216 ἐν
899 3163 1123 3235 δρυμῷ·
1155 3165 1353 3220 ἔδωκεν
1387 3168 1473 3222 ἐπ’
1505 3169 1607 3239 ἐμὲ
1637 3169 1736 3242 τὴν
1767 3171 1951 3241 φωνὴν

360 3250 562 3319 αὐτῆς,
607 3251 695 3305 διὰ
743 3253 901 3307 τοῦτο
934 3254 1173 3325 ἐμίσησα
1219 3257 1411 3328 αὐτήν.
1444 3277 1462 3310 ι
1497 3258 1643 3331 Πρὸς
1682 3260 1792 3331 γὰρ
1832 3264 1954 3326 ταῖς

361 3343 575 3414 ἑτέραις
617 3347 1041 3414 συκοφαντίαις,
1087 3342 1178 3411 αἷς
1222 3351 1549 3420 πεποίηνται
1594 3353 1715 3406 κατ’
1764 3353 1952 3418 αὐτοῦ,

361 3435 685 3506 πλεισταχοῦ
726 3436 1130 3509 τετολμήκασιν
1163 3441 1337 3494 εἰπεῖν
1385 3442 1604 3513 Πιλάτῳ
1652 3445 1957 3515 προσάγον-

360 3543 470 3592 τες*
507 3548 524 3579 ι
552 3526 707 3599 Αἶρε,
739 3525 883 3600 αἶρε,
915 3529 1151 3601 σταύρου
1182 3531 1367 3588 αὐτόν.
1399 3552 1418 3583 ›
1454 3534 1757 3604 Δεδράκασι
1796 3535 1959 3590 τοῦτο

363 3618 599 3690 μάλιστα
623 3620 729 3674 τῶν
761 3621 935 3676 ἄλλων
962 3622 1063 3693 τῆς
1100 3624 1367 3678 Ἰουδαίων
1396 3625 1728 3696 Συναγωγῆς
1751 3626 1802 3678 oi.
1831 3643 1961 3696 προ·

361 3712 671 3781 εστηκότες.
695 3713 889 3767 Καίτοι
905 3713 1244 3785 γάρξείδότες,
1265 3716 1344 3769 ὅτι
1362 3716 1523 3781 αὐτός
1546 3720 1692 3771 ἐστιν
1712 3719 1740 3771 ὁ
1764 3717 1961 3788 κληρο-

363 3804 547 3876 νόμος,
568 3802 720 3860 εἷπον
743 3807 799 3858 ὲν
825 3807 1053 3871 ἑαυτοῖςο
1088 3808 1302 3873 «Δεῦτε,
1338 3810 1745 3881 ἀποκτείνωμεν
1772 3810 1957 3874 αὐτὸν,

361 3899 456 3954 καὶ
487 3897 705 3969 σχῶμεν
742 3898 931 3963 αὐτοῖς
969 3898 1068 3971 τὴν
1116 3900 1483 3972 κληρονομίαν
1522 3902 1708 3958 αὐτοῦ.
1759 3922 1778 3955 z
1818 3892 1956 3956 Ἀλλ’

362 3991 680 4062 ἡμάρτανον
709 3992 809 4061 τῆς
841 3990 1077 4054 ἐλπίδος.
1112 3991 1468 4047 Ἀπεκτόνασι
1515 3993 1613 4063 μὲν
1651 3992 1781 4064 γὰρ,
1816 3992 1956 4065 πλὴν

362 4083 424 4138 οὐ
462 4084 742 4156 μεμένηκε
790 4083 866 4153 τῷ
898 4083 1115 4155 θανάτῳ
1154 4085 1414 4155 κάτοχος·
1459 4083 1661 4138 ἀνεϐίω
1702 4085 1831 4154 γὰρ,
1865 4086 1960 4138 καὶ

363 4174 454 4228 τὸν
493 4176 792 4247 ἀμπελῶνα
831 4176 1034 4235 δέδωκε
1069 4175 1338 4249 γεωργοῖς
1364 4174 1594 4247 ἑτέροις,
1627 4177 1829 4240 κακοὺς
1859 4193 1960 4231 κα-

363 4265 473 4330 κῶς
507 4268 780 4331 ἀπολέσας
823 4268 950 4331 τοὺς
979 4267 1302 4338 ἀγνώμονας
1331 4267 1427 4321 κα)⁹
1453 4266 1869 4338 κυριοκτόνους.
1889 4263 1963 4320 Ὦ

365 4358 550 4412 τοίνυν
586 4359 719 4425 υἱοὶ,
776 4359 963 4430 φησὶν,
1015 4352 1312 4431 ἅνομοι,ὧ
1347 4359 1568 4431 σπέρμα
1615 4358 1819 4430 μοιχῶν
1864 4359 1960 4414 καὶ

369 4448 598 4520 πόρνης.
639 4451 752 4504 Καὶ
786 4451 1007 4520 μοιχοὺς
1051 4451 1149 4522 μὲν
1177 4453 1236 4505 ὲν
1266 4449 1476 4515 τούτοις
1501 4450 1768 4506 ἀποκαλεῖ
1823 4449 1952 4513 τοὺς

370 4538 729 4609 καθηγεῖσθαι.
776 4538 1040 4609 λαχόντας
1088 4542 1444 4614 Γραμματεῖς
1496 4559 1556 4595 τε
1604 4541 1700 4596 καὶ
1746 4540 1960 4612 νομοδιο

370 4623 695 4688 δασκάλους,
721 4628 773 4678 οἳ
819 4627 1102 4697 μονονουχὶ
1140 4644 1544 4702 κατεμοιχωντο
1581 4629 1680 4703 τὴν
1710 4630 1935 4699 Συναγω

373 4718 500 4790 γὴν,
545 4718 640 4771 καὶ
682 4720 752 4771 τά
796 4723 861 4773 ὲκ
918 4721 1083 4791 νόμου
1128 4723 1223 4775 τοῦ
1259 4724 1405 4778 θείου
1456 4724 1746 4789 λαλοῦντες
1796 4725 1962 4797 αὐτῇ,

382 4809 829 4880 παρατρέπονται
870 4812 926 4865 δὲ
959 4811 1157 4884 μᾶλλον
1187 4814 1269 4881 ἐφ’
1294 4813 1331 4868 δ.
1365 4816 1439 4886 μὴ
1468 4815 1653 4887 θέμις,
1686 4817 1782 4870 καὶ
1818 4815 1964 4871 διδά-

376 4919 599 4966 σκοντες
628 4902 977 4958 διδασκαλίαν
1003 4903 1314 4971 ἐντάλματα
1340 4905 1663 4976 ἀνθρώπων.
1694 4908 1874 4979 Πόρνη
1902 4907 1961 4962 δὲ

378 4994 606 5059 εἰκότως
633 4997 667 5067 ἡ
698 4995 808 5051 τῶν
842 4995 1110 5050 Ἰουδαίων
1137 4996 1460 5069 Συναγωγή,
1497 4996 1565 5050 τά
1613 4998 1723 5052 τῶν
1755 5016 1960 5069 μοιχω⁹

381 5085 557 5158 μένων
586 5087 856 5162 δεχομένη
904 5091 1234 5161 σπέρματα,
1282 5090 1377 5143 καὶ
1418 5088 1510 5142 τὸν
1548 5089 1642 5149 τοῦ
1684 5090 1960 5159 πανσόφου

376 5177 623 5242 Μωσέως
666 5178 935 5234 ἁθετοῦσα
960 5180 1145 5251 νόμον.
1173 5179 1442 5251 Ταύτῃτοι
1498 5181 1594 5234 καὶ
1634 5180 1780 5250 μάλα
1824 5181 1964 5234 εικό-

379 5284 487 5333 τως
529 5270 680 5335 υἱοὺς
716 5272 915 5336 αὐτοὺς
949 5270 1217 5327 ἀποκαλεῖ
1239 5272 1499 5343 ἀνόμους.
1538 5271 1743 5325 Εἴπατε
1777 5270 1843 5343 δὴ
1869 5266 1965 5327 οὖν

378 5360 438 5413 ὲν
473 5361 600 5426 τίνι,
634 5363 820 5435 φησὶν,
853 5364 1283 5434 ὲνετρυφήσατε,
1311 5364 1408 5419 καὶ
1440 5364 1531 5417 ἐπὶ
1561 5363 1684 5417 τίνα
1717 5363 1964 5433 ἡνοίξατε

377 5450 440 5504 τὸ
463 5453 640 5525 στόμα
666 5454 842 5525 ὑμῶν,
870 5456 963 5511 καὶ
991 5455 1083 5511 ἐπὶ
1107 5455 1230 5509 τίνα
1260 5456 1562 5527 ὲχαλάσατε
1587 5453 1685 5533 τὴν
1714 5455 1965 5526 γλῶσσαν

2041 1874 2263 1930 ductum
2298 1874 2651 1938 accusabant,
2678 1873 2811 1927 nihil
2841 1875 2953 1928 veri
2986 1872 3304 1940 allerentes,
3338 1875 3430 1930 sed
3466 1891 3622 1931 men-

2044 1965 2212 2020 daciis
2263 1964 2345 2020 usi
2387 1972 2442 2019 et
2483 1963 2878 2035 sycophantiis.
2953 1963 3212 2019 Dicebant
3262 1965 3408 2019 enim
3454 1984 3468 2019 :
3515 1963 3625 2023 Iste

2046 2059 2258 2113 turbam
2305 2057 2562 2123 concitat,
2607 2062 2757 2110 vetat
2803 2055 2935 2111 dare
2985 2055 3184 2110 tributa
3227 2055 3451 2122 Caesari,
3491 2058 3625 2113 alia-

2043 2163 2151 2220 qne
2207 2146 2469 2220 praeterea
2521 2163 2643 2218 qua:
2706 2148 2763 2204 in
2831 2149 3071 2217 ipsorum
3133 2157 3299 2217 caput
3357 2150 3624 2206 inexstin-

2044 2250 2189 2299 ctam
2220 2239 2510 2298 ﬂammanti
2534 2240 2842 2296 devolvent.
2878 2240 2957 2295 De
2984 2240 3187 2310 quibus
3211 2242 3491 2297 accusavit
3521 2258 3621 2300 eos

2046 2332 2330 2400 Servatur,
2367 2348 2499 2390 voce
2520 2331 2674 2389 Oscae
2703 2332 2930 2389 dicens:
2965 2333 3089 2389 «Va:
3112 2332 3236 2398 illis,
3260 2334 3387 2403 quia
3419 2334 3628 2390 resilie-

2048 2438 2174 2484 runt
2221 2442 2252 2481 a
2300 2441 2384 2482 me
2411 2443 2426 2494 ;
2461 2424 2648 2480 miseri
2678 2433 2828 2494 sunt,
2857 2423 2984 2494 quia
3029 2424 3177 2494 impii
3208 2426 3541 2480 exstiterunt
3572 2427 3628 2483 in

2050 2531 2156 2574 me.
2193 2517 2304 2585 Ego
2331 2516 2532 2571 redemi
2568 2530 2687 2580 eos.
2716 2515 2795 2570 illi
2823 2530 2951 2571 vero
2993 2515 3233 2570 oblocuti
3279 2526 3409 2572 sunt
3439 2527 3629 2573 contra

2048 2622 2137 2661 me
2197 2606 2483 2662 mendacia
2510 2607 2579 2661 ".
2614 2624 2633 2660 ι
2691 2608 2760 2663 Ει
2798 2621 2935 2663 voce
2973 2605 3226 2663 Ieremia:
3256 2625 3270 2664 :
3304 2628 3324 2661 ι
3355 2608 3628 2681 Dereliqui

2049 2699 2269 2755 domum
2324 2712 2522 2764 meam,
2576 2698 2758 2755 dimisi
2815 2700 3192 2755 hereditatem
3243 2716 3451 2767 meam,
3509 2703 3631 2759 dedi

2050 2789 2303 2846 dilectam
2368 2791 2609 2845 animam
2666 2805 2842 2846 meam
2889 2790 2944 2845 in
3005 2805 3226 2847 manum
3287 2792 3632 2849 inimicorum

2052 2880 2265 2950 ipsius:
2297 2881 2467 2938 Facta
2499 2891 2581 2937 est
2622 2882 2912 2939 hazreditas
2957 2896 3080 2937 mea
3130 2883 3287 2949 mihi,
3328 2900 3426 2941 ceu
3462 2885 3545 2941 leo
3579 2878 3633 2945 in

2053 2970 2211 3026 silva.
2275 2972 2463 3027 Edidit
2512 2982 2708 3028 contra
2754 2986 2844 3027 me
2892 2986 3077 3027 vocem
3109 2989 3264 3030 suam
3297 2991 3312 3029 :
3346 2986 3635 3048 prepterea

2056 3065 2149 3123 odi
2178 3080 2298 3118 eam
2330 3067 2397 3119 ⁸⁸.
2430 3084 2448 3119 ι
2482 3064 2618 3121 Nam
2659 3075 2861 3135 praeter
2901 3064 3036 3122 alias
3059 3069 3469 3141 sycophantias,
3499 3088 3636 3145 quas

2059 3158 2112 3212 in
2149 3158 2298 3212 illum
2347 3158 2746 3228 excogitarent,
2781 3174 3157 3229 saepenumero
3209 3165 3533 3222 accedentes
3569 3171 3636 3222 ad

2056 3248 2292 3305 Pilatum
2322 3250 2598 3307 audebant
2628 3251 2813 3306 dicere
2844 3272 2856 3306 :
2892 3269 2913 3303 ι
2934 3249 3104 3319 Tulle,
3134 3254 3279 3320 tolle,
3311 3261 3457 3314 cruci
3488 3260 3641 3333 alliga

2057 3358 2183 3405 eum
2210 3344 2277 3399 ⁸³.
2304 3363 2323 3396 z
2380 3344 2496 3400 lloc
2543 3344 2707 3400 etiam
2767 3349 3006 3403 maxime
3036 3344 3161 3416 'pra:
3224 3350 3347 3407 aliis
3392 3351 3642 3409 fecerunt

2059 3435 2298 3493 Judaicse
2346 3435 2646 3507 Synagogze
2672 3452 2948 3507 proceres.
2976 3441 3234 3509 Quamvis
3266 3446 3410 3500 enim
3442 3447 3645 3503 scirent

2062 3541 2187 3581 cum
2227 3528 2496 3584 haeredem
2553 3545 2696 3595 esse,
2751 3531 3007 3587 dixerunt
3066 3543 3242 3589 tamen
3290 3536 3432 3605 apud
3483 3550 3639 3591 sese:

2069 3635 2088 3671 ι
2116 3614 2332 3680 Venite,
2362 3620 2676 3676 occidamus
2702 3634 2849 3685 eum,
2895 3631 2950 3679 et
2994 3637 3325 3694 occupemus
3353 3626 3507 3683 nobis
3533 3628 3645 3682 ha:-

2065 3710 2352 3765 reditatem
2399 3708 2518 3778 ejus
2546 3712 2661 3778 “;i
2722 3712 2818 3768 sed
2883 3727 2981 3783 spe
3034 3729 3131 3770 sua
3185 3714 3434 3771 frustrati
3497 3729 3642 3774 sunt.

2062 3799 2396 3857 Deciderunt
2422 3802 2592 3867 enim,
2626 3803 2720 3858 sed
2756 3818 2863 3858 non
2907 3805 3107 3860 mansit
3151 3807 3400 3864 detentus
3447 3818 3641 3876 morte,

2064 3899 2121 3945 at
2156 3889 2374 3955 revixit,
2409 3890 2649 3961 aliisque
2709 3892 2965 3964 agricolis
3007 3894 3159 3950 dedit
3213 3898 3449 3967 vineam,
3507 3901 3646 3957 male

2063 3984 2236 4041 malos
2282 3985 2540 4054 perdens,
2589 3995 2832 4041 amentes
2865 3996 2919 4041 et
2950 3985 3333 4047 dominicidas.
3381 3991 3425 4048 Ο
3456 3993 3640 4063 igitur,

2064 4076 2265 4146 inquit,
2296 4077 2392 4131 lilii
2428 4077 2621 4145 iniqui,
2662 4092 2694 4131 ο
2729 4091 2915 4132 semen
2955 4064 3343 4136 adulterorum.
3369 4093 3424 4138 et
3465 4098 3635 4139 mere-

2066 4169 2253 4224 tricis!
2316 4168 2610 4223 Adulteros
2671 4169 2761 4223 bic
2812 4170 3052 4240 appellat
3106 4172 3199 4240 qui
3255 4174 3645 4242 praesidebant,

2065 4260 2288 4318 Scribas
2314 4271 2367 4315 et
2399 4262 2534 4331 legis
2567 4261 2816 4317 doctores
2848 4280 2862 4315 :
2896 4263 2989 4331 qui
3037 4272 3244 4317 tantum
3287 4279 3394 4318 non
3437 4266 3649 4323 adulte-

2067 4361 2263 4409 raeant
2292 4352 2655 4424 Synagogam,
2692 4364 2749 4409 et
2778 4354 2827 4410 ei
2855 4354 2986 4425 legis
3026 4365 3296 4424 praecepta
3342 4358 3645 4427 loquentes,

1987 4483 2034 4538 Β
2065 4447 2161 4502 sed
2201 4449 2269 4501 ad
2321 4461 2446 4516 quae
2476 4445 2560 4500 fas
2589 4460 2694 4500 non
2723 4453 2842 4501 erat
2865 4446 3272 4514 detorquentes,
3304 4456 3357 4502 et
3391 4449 3648 4505 docentes

2067 4537 2344 4593 doctrinas
2376 4540 2634 4592 mandata
2672 4536 2979 4592 hominum.
3010 4537 3269 4593 Meretrix
3309 4549 3486 4595 autem
3532 4556 3645 4597 me-

2067 4629 2172 4683 rito
2198 4637 2319 4684 erat
2368 4627 2679 4684 Iudaeorum
2710 4628 3027 4700 .Synagoga,
3056 4638 3115 4684 ut
3143 4645 3262 4699 qua:
3295 4632 3460 4704 799
3493 4635 3649 4688 adul-

2067 4729 2305 4777 terorum
2351 4722 2561 4777 semina
2621 4721 2908 4791 reciperet,
2956 4733 3011 4779 et
3057 4728 3446 4797 sapientissimi
3486 4729 3651 4784 Musis

2069 4805 2239 4881 legem
2297 4812 2630 4882 repudiaret.
2686 4812 2823 4869 Hinc
2865 4829 2961 4871 eos
3011 4818 3366 4873 meritissimo
3416 4820 3653 4888 appellat

2068 4904 2208 4961 ﬁlios
2256 4905 2578 4976 iniquitatis.
2639 4905 2809 4963 Dicite
2843 4922 2996 4980 ergo,
3067 4910 3263 4979 inquit,
3322 4911 3374 4964 in
3408 4925 3515 4980 quo
3567 4911 3652 4965 in-

2068 4997 2316 5053 sultastis
2339 5039 2354 5063 ,
2392 5006 2448 5053 et
2497 5008 2690 5054 contra
2741 5014 2902 5070 quem
2954 5001 3249 5071 aperuistis
3277 5016 3342 5056 os
3373 5011 3612 5057 vestrum
3636 5044 3649 5063 ,

2066 5099 2122 5143 ct
2166 5091 2218 5145 in
2253 5104 2420 5160 quem
2465 5090 2693 5148 laxastis
2745 5091 2984 5163 linguam
3039 5092 3318 5148 vestram?
3350 5093 3526 5165 Saepe,
3566 5095 3651 5150 in-

2071 5182 2215 5251 quit,
2259 5182 2494 5238 ludibrlo
2550 5183 2816 5240 habuistis
2864 5194 3088 5241 sanctos
3130 5187 3465 5257 prophetas:
3500 5188 3651 5258 atqui

2072 5285 2231 5329 erant
2257 5274 2332 5330 illi
2364 5276 2611 5347 germani
2645 5275 2742 5332 Del
2772 5276 2968 5332 summi
3002 5274 3120 5343 ﬁlii,
3167 5292 3353 5333 verum
3382 5287 3436 5333 et
3464 5278 3651 5336 famuli

2073 5373 2129 5420 et
2164 5367 2389 5433 subditi,
2418 5378 2474 5424 et
2501 5370 2751 5425 humana:
2775 5368 3102 5426 conditionis
3128 5388 3143 5423 :
3179 5384 3244 5425 ac
3274 5371 3327 5425 in
3359 5386 3653 5429 conservos

2075 5458 2143 5515 ab
2169 5460 2298 5531 ipsis
2326 5470 2539 5531 patrata
2569 5470 2698 5521 sunt
2727 5462 2992 5522 facinora.
3026 5463 3178 5523 Nunc
3208 5474 3387 5523 autem
3415 5467 3467 5523 in
3492 5480 3656 5541 quant

452 5697 493 5740 θ’
527 5698 684 5765 Osce,
723 5715 816 5763 vn,
851 5701 935 5754 15.
1011 5700 1055 5732 ⁹¹
1081 5697 1195 5756 Jcr.
1232 5717 1330 5768 ιιι,
1363 5704 1417 5769 7,
1448 5703 1501 5759 8.
1580 5704 1623 5736 ’³
1654 5702 1812 5762 Joan.
1847 5719 1961 5770 xxx,
1989 5703 2076 5760 15.
2118 5704 2164 5735 ’⁸
2198 5701 2389 5769 Matth.
2421 5720 2534 5777 XXI,
2575 5705 2663 5761 58.

708 5817 979 5886 Parant.
1020 5819 1138 5884 Gn.
1189 5818 1385 5890 LXX.

3291 5817 3367 5888 ιο
