4042 6200
485 322 646 383 19.59

1516 318 1587 377 ‘S.
1627 316 1903 376 σγιιιιιι
1945 314 2414 373 ΑιιεχΑΝῡῆιΝι
2456 315 2777 373 ARCHIEP.

3629 308 3779 366 {260

508 443 742 514 linguam
796 441 1109 497 laxavistis?
1158 437 1314 511 '[Non
1366 438 1508 493 enim
1566 439 1841 509 prophetis
1888 437 2080 494 similis

2187 438 2359 508 ὑμῶν.
2413 437 2619 502 Πολλάς
2660 436 2973 498 πλειστάκις
3024 430 3374 501 ἐποιήσασθε,
3422 427 3573 501 φησὶ,
3606 426 3784 484 λοιδο-

395 530 401 540 ’
508 536 627 602 fuit,
662 544 861 592 nostrae
889 534 1218 589 conditionis
1250 530 1507 596 famulus,
1545 533 1675 603 jugo
1706 532 1999 586 subditus:
2026 540 2083 584 at

507 628 620 696 ipse
665 629 923 682 Dominus
973 627 1375 690 universorum,
1429 626 1527 679 etsi
1586 625 1803 694 quidem
1854 625 2082 679 formam

504 721 756 776 servilem
795 720 1049 774 induerit.
1100 718 1220 772 Filii
1263 719 1468 787 itaque,
1517 714 1712 785 inquit,
1744 715 1879 769 estis
1905 715 1970 767 ad
2003 715 2087 767 in-

502 812 725 865 teritum
761 810 1017 866 destinati
1074 809 1202 883 (1).]
1236 809 1343 864 Nec
1371 807 1513 862 enim
1568 806 1815 861 voluistis
1845 806 2086 874 recipere

503 901 877 967 Servatorem;
925 912 978 957 et
1024 918 1208 957 semen
1269 903 1508 970 iniquum
1545 902 1677 954 estis
1720 917 1734 953 :
1792 914 1898 953 non
1939 898 2082 951 enim

506 993 703 1047 tulistis
738 1008 905 1058 eum,
953 993 1044 1061 qui
1100 1007 1195 1063 per
1243 993 1551 1064 evangelica
1608 990 1827 1046 oracula
1874 1004 1967 1044 vos
2020 990 2083 1044 ad

506 1083 759 1151 pietatem
792 1082 1046 1137 instituit.

577 1274 741 1328 Vnus.
779 1272 834 1337 5,
862 1274 915 1327 7.
954 1272 1058 1338 Qui
1099 1273 1296 1326 vocatis
1341 1273 1411 1325 ad
1466 1272 1608 1326 idola
1661 1272 1837 1325 subter
1870 1270 2083 1325 arbores

502 1366 802 1438 frondosus,
860 1365 1190 1418 immolantes
1237 1364 1381 1432 ﬁlios
1410 1376 1606 1418 vestros
1656 1365 1709 1415 iu
1744 1362 1964 1417 vallibus
1993 1378 2085 1427 per

503 1459 731 1511 medium
763 1466 1057 1524 petrarum.
1108 1454 1233 1509 Ha'c
1279 1473 1403 1524 pars
1441 1466 1552 1519 tua,
1592 1456 1703 1510 luti:
1730 1472 1845 1510 sors
1879 1466 1992 1521 tua,
2032 1462 2081 1508 et

501 1550 608 1602 illis
632 1550 868 1618 e/Tudisti
899 1548 1177 1615 libamina,
1203 1559 1248 1601 et
1280 1548 1388 1602 illis
1414 1549 1650 1602 obtulisti
1688 1549 1912 1602 hostias.
1950 1545 2083 1601 Pro-

497 1655 613 1707 pter
641 1643 752 1695 lucc
780 1657 902 1710 ergo
933 1656 1035 1693 non
1064 1640 1313 1693 irascar?
1334 1638 1399 1692 1η
1440 1653 1609 1694 monte
1638 1642 1841 1695 excelso
1870 1651 1916 1693 et
1945 1655 2082 1710 prir-

501 1734 612 1785 alto
636 1743 711 1786 est
740 1732 905 1785 rubile
929 1740 1102 1796 tuum,
1133 1740 1184 1784 et
1214 1729 1345 1783 illuc
1379 1732 1657 1786 ascendere
1686 1730 1857 1799 fecisti
1882 1731 2080 1784 hostias

2188 531 2308 601 ρίας
2340 530 2481 584 κατά
2523 529 2819 602 προφητῶν
2852 526 3038 596 ἀγίων,
3073 524 3187 578 ἀλλ’
3215 519 3355 595 ἦσαν
3386 524 3605 586 ἐκεῖνοι,
3643 520 3777 591 rvi;-

2186 639 2290 675 σιοι
2336 621 2437 694 μὲν
2474 622 2551 693 τῷ
2601 621 2694 675 ἐπὶ
2756 619 2975 673 πάντων
3013 616 3152 687 Θεῷ,
3206 614 3345 685 πλὴν
3378 615 3627 679 οἰκέται,
3676 615 3779 666 καὶ

2184 710 2611 780 ὑπεζευγμένοι,
2657 710 2756 764 καὶ
2811 709 3009 780 μέτρον
3051 708 3265 776 ἔχοντες
3302 705 3363 758 τὸ
3403 704 3778 779 ἀνθρώπινον,

2185 802 2281 855 καὶ
2307 803 2385 865 είς
2413 801 2734 872 ὁμοδούλους
2759 796 2827 871 ἦν
2849 799 2917 853 τὰ
2944 798 3069 870 παρ’
3094 798 3270 851 αὐτῶν
3300 795 3746 867 πλημμελήματα
3766 839 3781 851 .

2184 895 2321 949 Νυνὶ
2363 893 2419 947 δὲ
2451 896 2543 947 ἐπὶ
2574 895 2699 947 τίνα
2742 893 2839 961 τὴν
2874 890 3127 960 γλῶσσαν
3171 887 3508 960 ὲχαλάσατε;
3543 888 3618 940 Οὐ
3661 886 3781 955 γὰρ

2184 986 2485 1058 ἠθελήσατε
2515 984 2697 1038 λαϐεῖν
2726 984 2818 1037 τὸν
2849 982 3088 1048 σώζοντα
3112 997 3125 1010 ’
3157 980 3250 1034 καὶ
3286 980 3506 1052 σπέρμα
3543 979 3749 1049 ἄνομον
3768 994 3781 1005 ·

2184 1080 2246 1133 οὐ
2278 1084 2387 1149 γὰρ
2418 1076 2679 1148 ὴνέχεσθε
2711 1074 2803 1129 τοῦ
2833 1072 3335 1147 καταρυθμίζοντος
3371 1074 3452 1134 εἰς
3484 1070 3791 1131 εὐσέϐειαν,

2182 1171 2270 1225 διὰ
2298 1168 2684 1240 θεσπισμάτων
2711 1165 3106 1235 εὖαγγελικῶν.

2258 1265 2323 1317 οι
2359 1259 2849 1332 παρακαλοῦντες
2877 1258 2975 1312 ἐπὶ
3021 1258 3093 1312 τὰ
3129 1257 3347 1311 εἴδωλα
3394 1255 3513 1312 ὑπὸ
3548 1253 3773 1323 δένδρα

2183 1353 2394 1419 δασέα,
2438 1351 2768 1422 σφάζοντες
2816 1351 2888 1405 τὰ
2933 1349 3115 1405 τέκνα
3144 1348 3345 1403 αὐτῶν
3370 1349 3441 1402 ἐν
3479 1346 3609 1413 ταῖς
3653 1347 3760 1415 φάο

2176 1444 2397 1517 ραγξιν
2452 1443 2570 1499 ἀνὰ
2611 1441 2806 1513 μέσον
2836 1443 2956 1495 τῶν
3000 1439 3255 1508 πετρῶν.
3298 1439 3526 1505 Ἐκείνη
3574 1453 3693 1491 σου
3732 1438 3772 1505 ἡ

2177 1539 2370 1609 μερὶς,
2402 1533 2581 1603 οὗτός
2632 1552 2750 1590 σου
2788 1538 2821 1590 ὀ
2870 1533 3120 1602 κλῆρος,
3160 1532 3466 1598 κάκείνοις
3521 1529 3776 1597 ἐξέχεας

2183 1630 2487 1697 σπονδὰς,
2555 1629 2858 1695 κάκείνοις
2930 1627 3275 1696 ἀνήνεγκας
3345 1623 3583 1688 θυσίας.
3642 1622 3773 1674 Ἐπὶ

2182 1722 2417 1788 τούτοις
2448 1716 2561 1776 οὖν
2599 1721 2713 1774 οὐκ
2761 1718 3234 1789 ὀργισθιξσομαι;
3273 1715 3394 1769 Ἐπ’
3437 1714 3576 1783 δρος
3608 1717 3775 1782 ὑψη-

496 1837 639 1890 tuas,
689 1834 736 1878 et
791 1831 905 1893 post
963 1830 1135 1892 postes
1189 1822 1312 1876 ostii
1369 1823 1448 1875 tui
1495 1793 1716 1891 posuisti
1774 1821 2076 1876 memoriam

2186 1815 2296 1870 ,ἱὸν
2334 1813 2430 1867 καί
2473 1811 2790 1883 μετέωρον,
2842 1811 2973 1866 ἐκεῖ
3002 1825 3121 1865 σου
3172 1811 3211 1879 ἠ
3250 1811 3440 1878 κοίτη,
3499 1807 3600 1863 καί
3647 1807 3778 1860 ἐκεῖ

496 1922 669 1969 luam.

577 2091 949 2147 Dumiuicidas
999 2098 1284 2161 postquam
1318 2102 1412 2144 eos
1438 2101 1561 2144 esse
1601 2085 1865 2151 ostendit,
1914 2085 2078 2141 alium

500 2186 753 2241 morbum
801 2182 1084 2255 patefacit,
1120 2182 1263 2252 quod
1294 2181 1404 2237 sint
1427 2194 1617 2236 osores
1655 2178 1772 2245 Dei,
1804 2188 1858 2232 et
1879 2178 1946 2233 ad
1970 2192 2079 2234 ca:-

501 2276 627 2331 dem
655 2275 956 2331 faciendam
985 2272 1313 2343 prmcipites,
1372 2286 1472 2327 nec
1522 2270 1574 2325 id
1622 2284 1819 2325 novum
1856 2277 1947 2324 aut
1982 2285 2084 2325 nu-

511 2385 704 2439 perum
735 2370 788 2423 in
814 2369 922 2424 illis
953 2368 1048 2433 sit,
1084 2367 1178 2422 sed
1218 2364 1546 2437 jampridem
1593 2379 1657 2420 ac
1705 2364 1886 2420 multis
1934 2372 2081 2418 retro

500 2457 715 2513 sarculis
746 2457 825 2511 eis
856 2456 1155 2511 inoleverit.
1185 2453 1477 2510 Vos.enim
1532 2454 1686 2518 estis,
1737 2452 1931 2522 inquit,
1987 2450 2079 2520 qui

500 2549 877 2620 superioribus
917 2546 1254 2617 temporibus
1300 2545 1629 2614 implorastis
1671 2544 1811 2599 idola
1856 2543 1955 2597 sub
1988 2557 2080 2596 ar-

501 2641 729 2698 boribus
762 2637 1057 2695 frondosis.
1092 2636 1204 2692 Etsi
1245 2638 1388 2690 enim
1423 2635 1505 2691 lex
1538 2633 1772 2689 Mosaica
1802 2634 1949 2688 utilia
1977 2633 2083 2689 illis

499 2731 887 2802 praescriberet
916 2739 973 2784 et
1003 2728 1205 2783 diserte
1248 2726 1454 2781 diceret
1483 2743 1497 2780 :
1535 2743 1554 2778 ι
1579 2724 1864 2779 Dominum
1912 2724 2080 2779 Deum

503 2836 656 2880 tuum
683 2822 957 2887 adorabis,
983 2831 1038 2876 et
1065 2820 1116 2876 ei
1144 2817 1243 2875 soli
1272 2817 1500 2883 servies,
1535 2835 1553 2870 ι
1591 2831 1657 2872 eo
1699 2826 1877 2871 tamen
1919 2814 2081 2870 latui-

505 2917 661 2983 tatis,
695 2916 777 2971 vel
800 2915 985 2985 potius
1008 2910 1303 2983 impietatis
1354 2910 1711 2965 intoleranda;
1742 2917 1795 2963 et
1821 2908 2083 2963 immode-

503 3021 636 3063 rata:
686 3006 920 3079 prolapsi
960 3015 1105 3070 sunt,
1140 3013 1198 3058 ut
1228 3003 1493 3059 idolorum
1536 3001 1817 3056 architecti
1865 3000 2077 3066 ﬂerent,

501 3100 718 3169 illismte
741 3115 893 3154 sacra
940 3097 1201 3157 facerent,
1249 3107 1304 3149 et
1356 3095 1778 3149 exhortarentur
1807 3108 1870 3147 ac
1913 3092 2077 3146 doce-

503 3151 645 3248 renti
683 3192 819 3245 alios
882 3193 984 3243 sub
1029 3187 1312 3242 arboribus
1384 3182 1652 3237 frondosis
1714 3182 1982 3244 adorare,
2028 3151 2156 3236 etc

501 3300 565 3339 ea
606 3282 804 3336 divinis
870 3279 1169 3334 honoribus
1239 3290 1456 3330 ornare.
1527 3273 1680 3340 Quod
1741 3272 2081 3343 perspicuum

503 3374 636 3429 facit
698 3371 1077 3425 universorum
1132 3367 1275 3422 Deus
1337 3380 1471 3420 voce
1516 3362 1785 3429 Jeremiaz,
1848 3365 2079 3419 dicens:

509 3462 754 3520 «Vidisti
829 3474 953 3531 qua:
1013 3456 1143 3514 fecit
1205 3455 1336 3512 mihi
1398 3455 1663 3511 habitatio
1728 3452 1918 3512 Israel.
1971 3453 2086 3508 Ah-

502 3553 683 3613 ierunt
724 3554 790 3609 ad
835 3565 1050 3608 onmem
1107 3552 1343 3603 montem
1404 3546 1725 3612 excelsum,
1769 3554 1826 3600 et
1890 3544 2083 3599 subtus

501 3662 667 3704 omne
716 3646 921 3716 lignum
971 3640 1314 3704 frondosum,
1346 3649 1402 3694 et
1426 3637 1678 3693 fornicati
1706 3646 1830 3692 sunt
1857 3635 1930 3691 ibi
1956 3635 2024 3691 ’³.
2061 3653 2080 3688 ι

500 3738 857 3809 Occupabant
883 3735 1029 3792 enim
1058 3733 1321 3791 montium
1350 3730 1607 3796 vertices,
1630 3740 1685 3784 et
1713 3729 1862 3784 lucos
1889 3727 2087 3785 ﬂoren-

504 3834 768 3895 tissimos,
822 3838 877 3885 et
922 3828 1033 3883 illic
1068 3841 1196 3882 aras
1231 3839 1295 3881 ac
1330 3823 1555 3880 delubra
1587 3830 1993 3887 exstruxerunt,
2032 3830 2090 3876 et

507 3926 718 3981 hostias
753 3921 980 3993 impuris
1031 3919 1369 3975 daemonibus
1394 3931 1459 3972 ac
1501 3914 1758 3970 libamina
1790 3914 1956 3985 800
1985 3915 2087 3970 ob-

501 4016 770 4080 tulerunt,
826 4025 930 4067 nec
984 4010 1098 4066 suis
1150 4007 1338 4064 liberis
1398 4013 1782 4076 pepercerunt.
1838 4003 2092 4058 Mactavit

504 4107 736 4177 exetnpli
796 4118 958 4159 causa
1019 4100 1313 4157 Jechonias
1367 4098 1534 4152 lilium
1582 4110 1762 4157 suum.
1810 4109 1915 4150 non
1963 4096 2081 4151 diis.

507 4199 662 4268 Quod
700 4196 864 4253 etiam
898 4194 1041 4249 Deus
1068 4194 1185 4264 ipse
1210 4207 1304 4259 per
1335 4206 1498 4247 unum
1527 4204 1558 4243 e
1589 4189 1791 4244 sanctis
1816 4186 2091 4257 prophetis

506 4292 663 4357 dixit,
725 4286 1099 4344 crudelitatem
1149 4299 1336 4339 eormn
1375 4281 1469 4352 qni
1505 4280 1630 4334 talia
1677 4278 1963 4350 patrabant
1998 4278 2093 4333 de—

509 4391 863 4438 monstrans:
907 4399 927 4431 ι
964 4375 1287 4434 Sacrilieate
1326 4371 1592 4437 homines,
1629 4370 1783 4426 vituli
1815 4370 1959 4425 enim
1994 4369 2090 4424 de-

2178 1906 2541 1972 ἁνεόίϐασας
2568 1904 2806 1971 θυσίας,
2836 1903 2935 1957 καί
2961 1903 3155 1958 ὀπίσω
3190 1900 3310 1957 τῶν
3335 1898 3621 1970 σταθμῶν
3661 1896 3777 1966 τῆς

2179 2002 2363 2070 θύρας
2394 2015 2512 2055 σου
2548 1999 2769 2067 ἔθηκας
2802 1995 3205 2066 μνημόσυνόν
3232 2012 3368 2050 σου.

2250 2090 2647 2164 κυριοκτόνους
2695 2089 2892 2153 αὐτοὺς
2921 2087 3231 2159 ἀποφήνας,
3261 2086 3530 2141 δείκνυσιν
3584 2087 3673 2142 ὅτι
3713 2089 3777 2143 ab

2184 2183 2430 2256 μισόθεον
2476 2184 2661 2247 αὐτοῖς
2693 2180 3065 2254 ἀρρώστημα,
3113 2180 3209 2234 καὶ
3253 2179 3314 2233 τὸ
3348 2181 3642 2251 πρόχειρον
3693 2183 3777 2245 είς

2182 2273 2518 2346 μιαιφονίαν,
2546 2273 2607 2327 οὔ
2638 2272 2757 2326 νέον
2786 2266 2855 2343 ἦν
2898 2272 2956 2324 ἐν
2991 2270 3194 2333 αὐτοῖς,
3224 2268 3360 2323 ἀλλὰ
3392 2269 3502 2341 γάρ
3535 2273 3600 2323 ὲκ
3646 2272 3776 2324 πτολ⁹

2180 2366 2274 2421 λοῦ
2327 2365 2423 2420 καὶ
2457 2364 2663 2419 ἄνωθεν
2708 2362 3014 2434 ἐνυπάρχον
3042 2361 3245 2425 αὐτοῖς.
3282 2360 3473 2432 Ὑμεῖς
3506 2363 3617 2433 γάρ
3649 2364 3773 2416 ἐστε

2181 2459 2232 2513 οἱ
2266 2459 2405 2512 κατὰ
2438 2457 2565 2522 τοὺς
2597 2456 2827 2518 ἀνωθεν,
2861 2454 3017 2525 φησὶ,
3050 2454 3278 2526 καιροὺς
3326 2454 3772 2525 παρακαλοῦντες

2183 2551 2275 2604 ἐπὶ
2312 2549 2381 2605 τὰ
2412 2549 2605 2603 εἴδωλα
2655 2548 2759 2602 ὑπὸ
2803 2547 2999 2618 δένδρα
3039 2544 3226 2599 δασέα.
3260 2544 3455 2599 Καίτοι
3485 2545 3591 2617 γὰρ
3638 2545 3775 2618 βρα-

2182 2644 2432 2725 βεύοντος
2458 2643 2641 2706 αὐτοῖς
2673 2640 2768 2694 τοῦ
2802 2639 2891 2693 διά
2926 2638 3170 2702 Μωσέως
3199 2637 3363 2708 νόμου
3393 2638 3461 2691 τά
3503 2639 3772 2709 χρήσιμα,

2180 2736 2480 2808 διαρρήδην
2514 2751 2573 2788 τε
2595 2733 2869 2802 λέγοντος,
2906 2751 2922 2783 ι
2953 2730 3156 2802 Κύριον
3186 2732 3277 2783 τὸν
3304 2729 3436 2783 Θεόν
3470 2746 3567 2783 σου
3597 2747 3772 2802 προσο

2183 2828 2471 2898 κυνήσεις,
2512 2824 2607 2877 xa‘t
2650 2822 2799 2893 αὐτῷ
2845 2821 2992 2891 μόνῳ
3026 2818 3419 2891 λατρεύσεις,»
3473 2819 3777 2891 φρενοϐλα-

2183 2919 2335 2983 ϐείας
2376 2920 2457 2982 είς
2488 2916 2647 2971 τοῦτο
2696 2912 3053 2981 κατώλισθον,
3104 2912 3305 2984 μᾶλλον
3352 2912 3409 2966 δὲ
3457 2912 3780 2969 δυσσεδείαξ

2183 3009 2412 3080 ἀσχέτου
2468 3006 2560 3060 xui.
2588 3005 2690 3075 τῆς
2736 3003 2881 3075 πέρα
2913 3002 3112 3075 μέτρου
3143 3001 3366 3069 παντὸς,
3390 3001 3536 3055 ὥστε
3567 3004 3665 3056 καὶ
3700 3005 3777 3056 εἰ·

2183 3103 2367 3157 δὼλων
2395 3098 2646 3170 γενέσθαι
2674 3096 3065 3168 δημιουργοὺς,
3096 3093 3191 3147 καί⁵
3226 3095 3533 3165 ἱερουργεῖν
3560 3094 3776 3157 αὖτοίς,

2186 3193 2282 3250 καὶ
2320 3191 2678 3265 παρακαλεῖν,
2707 3189 2826 3259 ἦτοι
2869 3186 3143 3241 διδάσκειν
3175 3186 3396 3256 ἑτέρους
3434 3185 3542 3238 ὑπὸ
3581 3184 3775 3258 δένδρα

2184 3284 2354 3339 δασέα
2383 3281 2732 3354 προσκυνεῖν,
2771 3277 2866 3332 καὶ
2891 3278 3074 3349 τιμαῖς
3098 3279 3219 3340 ταῖς
3244 3275 3609 3344 θεοπρεπέσιν
3633 3276 3774 3329 αὐτὰ

2186 3373 2504 3445 στεφανοῦν.
2541 3371 2716 3425 Τοῦτο
2768 3368 3089 3438 καθίστησιν
3136 3366 3367 3438 ἐναργὲς
3401 3367 3431 3418 ὁ
3475 3365 3586 3419 τῶν
3637 3367 3773 3420 ὅλων

2185 3469 2318 3533 Θεὸς
2350 3467 2436 3521 διὰ
2467 3464 2653 3536 φωνῆς
2687 3461 2950 3534 Ἰερεμίου
2980 3459 3187 3528 λέγων·
3230 3477 3249 3510 ι
3285 3453 3439 3521 Εἶδες
3466 3457 3504 3512 ἀ
3547 3458 3771 3528 ἐποίησέ

2190 3578 2278 3632 μοι
2315 3559 2348 3630 ἡ
2395 3553 2647 3611 κατοικία
2690 3551 2786 3606 τοῦ
2820 3549 3072 3621 Ἰσραὴλ·
3111 3546 3489 3619 ἐπορεύθησαν
3537 3549 3629 3600 ἐπὶ
3669 3549 3772 3599 πᾶν

2185 3653 2311 3724 ὅρος
2344 3648 2573 3720 ὑψηλὸν,
2602 3646 2696 3699 καὶ
2732 3642 2991 3697 ὑποκάτω
3021 3640 3222 3703 παντὸς
3263 3639 3420 3704 ξύλου
3474 3638 3767 3703 ἀλσώδους,

2186 3743 2281 3799 καὶ⁸
2308 3741 2641 3813 ἐπόρνευσαν
2663 3736 2798 3790 ἐκεῖ.
2814 3753 2833 3786 ι
2861 3730 3391 3801 Καταλαμϐἀνοντες
3422 3727 3530 3799 γὰρ
3553 3728 3651 3791 τὰς
3666 3729 3769 3780 τῶν

2187 3834 2330 3908 ὀρῶν
2373 3830 2617 3905 κορυφὰς
2672 3827 2767 3881 καὶ
2814 3825 2882 3879 τά
2942 3824 3053 3876 τῶν
3108 3820 3319 3875 ἀλσέων
3373 3818 3762 3888 εἰανθέστερι.

2190 3925 2407 3998 βωμοὺς
2454 3921 2549 3976 καὶ
2591 3917 2790 3989 τεμένη
2844 3911 3270 3977 κατεσκεύαζον,
3321 3911 3516 3974 θυσίας
3566 3926 3624 3962 τε
3679 3910 3764 3962 καὶ

2190 4013 2423 4075 σπονδὰς
2467 4006 2868 4082 προσεκόμιζον
2901 4003 3088 4060 αὐτόθι
3138 4005 3251 4066 τοῖς
3282 4002 3614 4073 ἀκαθάρτοις
3652 4000 3759 4053 δαῖ-

2192 4123 2381 4182 μοσινο
2421 4106 2531 4160 εἰσὶ
2567 4103 2625 4157 δὲ
2672 4101 2768 4156 mi.
2808 4101 2857 4154 οί
2890 4097 3000 4152 τῶν
3054 4095 3201 4150 ἰδίων
3235 4095 3623 4167 ἀφειδήσαντες
3672 4095 3757 4146 τέ.

2190 4217 2353 4256 κνων.
2379 4196 2622 4267 Ἔσφαξε
2652 4195 2780 4265 γοῦν
2814 4190 3067 4262 Ἰεχονίας
3100 4188 3191 4243 τὸν
3223 4189 3354 4242 ῐδιον
3383 4188 3498 4241 υἱὸν
3533 4189 3639 4249 τοῖς
3665 4186 3757 4238 οὐκ

2189 4290 2309 4349 οὖσι
2335 4287 2680 4354 θεοῖς.Τοῦτο
2707 4285 2802 4340 καὶ
2822 4282 2982 4345 αὐτὸς
3008 4282 3109 4353 ἔφη
3140 4297 3245 4334 που
3266 4279 3401 4343 85b;
3427 4279 3492 4332 δι’
3518 4278 3630 4340 ἑνὸς
3656 4277 3753 4328 τῶν

2192 4386 2364 4456 ἁγίων
2402 4378 2724 4453 προφητῶν,
2756 4375 2853 4449 τὴν
2892 4374 3151 4446 ὠμότητα
3178 4369 3537 4432 καταδεικνὺς
3566 4367 3668 4421 τῶν
3694 4366 3755 4417 τά

509 4474 756 4530 fecerunt
783 4472 852 4528 ".
888 4490 907 4523 ι
942 4469 1050 4526 Vos
1085 4470 1247 4539 igitur
1270 4466 1423 4531 estis,
1475 4464 1668 4534 inquit,
1707 4463 1799 4530 qui
1829 4461 2084 4519 exhorta-

2191 4477 2368 4533 τοιάδε
2403 4474 2535 4546 δρᾷν
2574 4469 2862 4524 είωθότωψ
2902 4487 2920 4518 ι
2949 4466 3159 4519 Θύσατε
3198 4462 3543 4534 ἀνθρώπους·
3580 4460 3754 4531 μόσχοι

507 4565 641 4620 mini
669 4566 737 4619 ad
772 4564 934 4629 idola,
983 4561 1087 4618 sub
1124 4559 1413 4615 arboribus
1444 4555 1647 4624 densis,
1685 4564 1982 4610 mactantes
2014 4553 2081 4608 li-

505 4656 666 4711 beros
710 4661 923 4709 vestros
955 4654 1009 4708 in
1056 4652 1311 4715 vallibus,
1335 4663 1432 4720 per
1486 4649 1721 4704 medium
1779 4658 2080 4717 petrarum.

506 4744 644 4813 Quid
692 4751 807 4800 tum
845 4742 1078 4814 postea?
1129 4742 1254 4797 Haec
1302 4752 1391 4796 tua
1444 4755 1592 4810 pars,
1640 4740 1759 4795 haec
1805 4750 1894 4793 tua
1940 4753 2080 4794 sors.

503 4836 754 4894 Adorasti
786 4837 930 4891 enim
959 4850 1117 4902 vana,
1153 4833 1348 4904 inquit,
1399 4833 1559 4889 talem
1607 4846 1827 4901 quoque
1857 4830 2083 4891 habebis

504 4931 830 5001 portionem,
864 4937 920 4983 et
944 4942 1068 4982 sors
1098 4925 1191 4985 tibi
1226 4925 1331 4980 erit
1362 4924 1563 4980 inanis.
1599 4923 1693 4979 Vel
1726 4922 1855 4977 illud
1897 4922 2081 4976 dicere

502 5023 653 5079 vult:
682 5022 962 5080 Mactastis
1001 5020 1202 5076 liberos
1249 5028 1480 5082 vestros,
1518 5018 1716 5086 inquit,
1745 5016 1799 5069 in
1825 5014 2072 5068 vallibus.

502 5117 595 5173 illa
622 5129 754 5186 ergo
776 5123 858 5172 est
889 5121 980 5169 tua
1016 5128 1166 5185 pars,
1203 5112 1318 5169 hmo
1360 5120 1447 5167 tua
1489 5124 1612 5166 sors
1640 5127 1654 5163 :
1686 5108 1737 5163 id
1761 5117 1867 5172 est,
1902 5106 1957 5160 in
1982 5120 2077 5160 ea-

502 5210 627 5263 dem
657 5206 935 5262 deducetis
969 5205 1132 5268 mala,
1162 5204 1376 5273 eritque
1411 5215 1538 5271 pars
1578 5214 1642 5254 ac
1682 5212 1801 5254 sors
1832 5198 1925 5253 tibi
1961 5212 2078 5252 ma-

502 5302 693 5355 ctatio.
723 5295 1128 5366 Quamobrem?
1152 5295 1392 5349 Primum
1425 5292 1550 5361 quia
1576 5289 1872 5346 liberorum
1911 5289 2083 5343 exsti-

505 5392 619 5446 tisti
645 5392 963 5446 interfector
993 5408 1006 5444 :
1038 5387 1233 5444 deinde
1254 5386 1382 5455 quia
1405 5383 1636 5454 impuris
1663 5381 1997 5439 damonihns
2030 5390 2085 5436 et

504 5481 762 5536 inanimis
805 5483 964 5538 idolis
988 5476 1229 5536 ell'udisti
1256 5477 1533 5541 libamina,
1583 5475 1800 5544 illisque
1837 5473 2081 5530 obtulisti

503 5571 729 5631 hostias.
755 5571 961 5640 Itaque,
986 5572 1182 5642 inquit,
1212 5584 1390 5626 nonne
1407 5567 1476 5625 ob
1504 5569 1605 5623 hoc
1628 5566 1877 5624 irascar?
1903 5580 2082 5621 nonne

570 5748 650 5820 (ί)
684 5745 1069 5802 Desiderantur
1099 5743 1213 5799 hac
1242 5744 1296 5800 in
1327 5744 1517 5801 Graeco
1548 5744 1893 5815 exemplari.-

2186 4570 2293 4641 γὰρ
2334 4564 2728 4620 ἐκλελοίπασιν.
2757 4580 2775 4611 ι
2821 4558 3010 4630 Ὑμεῖς
3056 4552 3233 4609 τοίνυν
3283 4553 3428 4617 ἐστὲ,
3476 4552 3656 4621 φησὶν,
3708 4552 3752 4602 ei

2188 4644 2631 4733 παρακαλοῦντες
2674 4653 2766 4705 ἐπὶ
2814 4650 2884 4704 τά
2936 4647 3167 4710 εἴδωλα,
3215 4645 3319 4699 ὑπὸ
3367 4645 3557 4716 δένδρα
3604 4643 3756 4695 δασέα

2186 4751 2484 4823 σφάζοντες
2531 4747 2600 4801 τὰ
2648 4744 2819 4798 τέκνα
2866 4739 3048 4797 αὐτῶν
3084 4741 3139 4794 ὲν
3175 4741 3294 4802 ταῖς
3322 4736 3592 4808 φάραγξιν
3632 4735 3754 4788 ἀνα-

2186 4841 2347 4911 μέσον
2376 4838 2481 4891 τῶν
2520 4833 2757 4906 πετρῶν.
2787 4832 2852 4885 Τί
2880 4826 2974 4885 οὖν
3016 4829 3107 4883 ἐπὶ
3141 4826 3381 4893 τούτοις;
3428 4823 3635 4892 Ἐκείνη
3669 4839 3755 4874 σου

2187 4932 2365 5004 μερὶς,
2389 4921 2545 4991 οὗτός
2582 4943 2676 4979 σου
2705 4924 2734 4977 ὁ
2766 4923 2988 4994 κλῆρος.
3015 4919 3475 4993 Προσκεκὺνηκας
3511 4915 3606 4987 μὲν
3634 4912 3756 4982 γὰρ,

2184 5021 2340 5093 φησὶ,
2366 5023 2479 5082 τοῖς
2515 5016 2765 5089 ματαίοις
2791 5031 2803 5044 ο
2855 5015 2998 5080 ἕξεις
3043 5013 3098 5065 δὲ
3135 5009 3327 5082 μερίδα
3368 5007 3637 5079 τοιαύτην,
3671 5005 3757 5058 καὶ

2185 5112 2385 5182 κλῆρος
2431 5109 2583 5162 ἔσται
2615 5124 2699 5160 σοι
2750 5104 2998 5177 μάταιος.
3028 5103 3233 5171 Ἦγουν
3282 5100 3460 5155 ἐκεῖνό
3495 5116 3595 5152 που
3627 5095 3758 5166 τάχα

2188 5202 2437 5272 βούλεται
2462 5197 2674 5270 δηλοῦν·
2721 5194 3023 5265 Ἐσφάξατε
3057 5194 3125 5248 τὰ
3161 5193 3324 5246 τέκνα
3354 5190 3533 5245 αὐτῶν
3564 5192 3620 5242 ὲν
3648 5191 3759 5249 ταῖς

2190 5288 2451 5361 φάραγξι,
2487 5286 2672 5360 φησίν.
2703 5282 2914 5339 Οὐκοῦν
2952 5282 3135 5353 ἐκείνη
3165 5298 3259 5334 σου
3291 5280 3470 5351 μερὶς,
3499 5274 3646 5340 οὗτος
3670 5292 3757 5328 σου

2189 5385 2218 5435 ὁ
2240 5382 2462 5453 κλῆρος,
2493 5378 2763 5442 τουτέστι,
2793 5378 2908 5440 τοῖς
2937 5364 3074 5439 ἴσοις
3104 5371 3410 5446 ὲνσχεθήσῃ
3443 5373 3649 5433 κακοῖς,
3673 5369 3761 5420 καὶ

2190 5472 2481 5545 γενήσεταί
2512 5489 2595 5525 σοι
2638 5469 2800 5543 μερὶς
2843 5469 2940 5523 καὶ
2965 5467 3170 5539 κλῆρος
3196 5468 3231 5537 ἠ
3260 5465 3465 5536 σφαγή.
3491 5464 3588 5517 Διά
3611 5459 3762 5515 ποίαν

2190 5565 2402 5633 αἱτίαν;
2437 5563 2659 5635 Πρῶτον
2711 5561 2810 5631 μὲν
2851 5562 2932 5615 ὅτι
2968 5559 3199 5630 γέγονας
3231 5557 3609 5621 παιδοκτόνος,
3650 5546 3763 5606 εἶτα

2296 5742 2340 5774 ’⁸
2368 5741 2476 5797 .lcr.
2509 5746 2589 5807 ιιι,
2615 5738 2669 5794 6.
2747 5738 2793 5771 ”
2821 5738 2951 5794 Ose.
2979 5751 3095 5805 xm,
3124 5736 3159 5791 2
