4096 6212
310 362 439 421 1261

1404 362 1472 420 1N
1513 362 1741 420 lSAIAM
1780 362 1908 420 LIB.
1950 362 2015 418 V.
2047 361 2286 419 TOMUS
2324 359 2411 418 Ill.

3444 362 3579 420 1262

307 479 389 534 ὅτι
418 477 669 550 δαίμοσιν
720 476 1051 551 ἀκαθάρτοις
1110 479 1205 534 καὶ
1253 478 1484 551 ἀψύχοις
1516 479 1757 544 εἰδώλοις
1805 478 1896 545 ἐξ·

2008 479 2180 551 gravis
2240 478 2295 534 in
2349 490 2449 532 vos
2491 474 2693 530 furoris
2738 473 2841 528 mei
2895 471 3103 529 causa?
3146 482 3203 528 et
3250 472 3572 544 supplicium

309 568 467 640 έχεας
518 568 788 634 σπονδάς,
843 570 1126 634 κάκείνοις
1171 571 1478 642 ἀνήνεγκας
1526 570 1734 634 θυσίας,
1763 565 1892 641 Ἀρ*

308 657 399 717 οὖν
442 663 534 716 ἐπὶ
564 661 774 727 τούτοις
805 665 906 717 οὐκ
956 662 1385 735 ὀργισθήσομαι;
1421 662 1586 734 φησίν
1609 677 1625 694 ο
1656 662 1757 715 οὐκ
1800 662 1891 715 εύ-

308 755 552 827 ἀφορμος
588 754 709 809 καθ’
737 754 891 825 ὑμῶν
915 753 943 804 ὁ
973 754 1166 824 θυμὸς,
1208 755 1302 806 καὶ
1336 754 1404 807 τά
1434 754 1532 823 τῆς
1585 752 1743 822 δίκης
1793 751 1893 807 οὐκ

308 847 527 917 εὔλογον
566 846 680 917 ἔχει
705 846 804 917 τὴν
845 846 1140 918 ἀφορμήν;
1200 845 1317 897 Ἐπ’
1367 844 1494 916 ὅρος
1541 843 1746 914 ὑψηλὸν
1798 842 1892 897 καὶ¹

311 942 607 1013 μετέωρον,
637 940 753 991 ἐκεῖ
783 954 874 991 σου
903 939 936 1008 ἡ
968 937 1147 1007 κοίτη,
1178 937 1294 989 ἐκεῖ
1319 934 1646 999 ἀνεϐίϐασας
1678 932 1887 1000 θυσίας,

308 1033 402 1085 καὶ
431 1030 605 1083 ὀπίσω
634 1029 744 1083 τῶν
778 1028 1038 1098 σταθμῶν
1069 1027 1171 1098 τῆς
1202 1026 1373 1099 θύρας
1404 1043 1497 1079 σου
1531 1025 1734 1096 ἔθηκας
1765 1043 1896 1098 μνη-

310 1122 540 1195 μόσυνόν
574 1138 692 1175 σου.
722 1120 846 1174 Ὀτι
879 1119 980 1190 μὲν
1017 1112 1110 1174 οὖν
1143 1121 1202 1172 ὲν
1245 1120 1359 1182 τοῖς
1389 1117 1571 1188 ὄρεσιν
1603 1116 1895 1171 ἐκάθευδον

306 1215 574 1269 ἐνυπνίων
602 1215 786 1278 ἕνεκα,
818 1212 1143 1283 πλεισταχοῦ
1186 1211 1597 1283 διαμεμήνυκεν
1622 1209 1651 1261 ὁ
1681 1225 1892 1282 προφη-

304 1308 455 1372 τικος
496 1308 625 1379 ἡμῖν
667 1305 844 1374 λόγος.
875 1306 1010 1358 Φασὶ
1040 1305 1097 1359 δὲ
1128 1306 1206 1369 εἰς
1239 1304 1398 1358 τοῦτο
1440 1303 1650 1374 πλάνης
1678 1302 1893 1357 κατολι-

308 1397 502 1468 σθῆσαι
531 1396 620 1449 τὸν
655 1394 887 1466 Ἰσραὴλ,
913 1392 1053 1447 ὥστε
1081 1395 1175 1448 καὶ
1214 1396 1271 1446 ἐν
1302 1396 1422 1456 ταῖς
1467 1390 1661 1464 θύραις
1712 1392 1806 1447 καὶ
1835 1393 1892 1446 ὲν

305 1492 417 1553 τοῖς
453 1487 711 1559 σταθμοῖς
741 1485 1087 1558 ἐντορνεῦσαι
1111 1484 1210 1548 τὰς
1239 1484 1347 1538 τῶν
1385 1482 1621 1537 εἰδώλων
1653 1482 1890 1555 μορφὰς,

307 1582 393 1634 ἴνα
420 1582 514 1635 καὶ
557 1578 930 1642 εἰσϐάλλοντες
962 1579 1084 1642 ταῖς
1115 1576 1313 1640 οἰκίαις
1345 1575 1463 1641 ,ἔξω
1492 1593 1552 1629 τε
1588 1576 1682 1630 καὶ¹
1731 1574 1919 1650 βαδί-γ

306 1673 490 1738 ζοντες
529 1671 730 1744 ὁρῶσιν
754 1669 914 1734 αὐτὰ,
942 1669 1037 1723 καὶ
1065 1670 1123 1722 ἐν
1154 1668 1533 1740 ἀτελευτήτοις
1560 1668 1725 1739 ἔχωσι
1757 1670 1892 1740 μνή-

2003 584 2188 625 nonne
2228 569 2581 624 occasionem
2611 566 2775 621 habet
2801 564 2994 619 rationi
3024 564 3485 619 consentaneam‘.’
3517 559 3575 615 in

2001 669 2186 716 monte
2234 658 2452 714 excelso
2490 666 2544 714 et
2596 656 2821 727 praealto
2868 667 2953 710 est
2993 655 3172 710 cubile
3229 662 3402 716 tuum,
3450 654 3578 709 illuc

1998 752 2293 808 ascendere
2338 750 2516 807 fecisti
2562 748 2794 814 hostias,
2845 757 2901 803 et
2950 757 3072 819 post
3118 754 3299 817 postes
3329 745 3452 800 ostii
3485 760 3580 816 po-

1997 839 2155 895 suisti
2200 847 2611 895 monumentum
2643 847 2819 893 tuum.
2847 836 3181 893 Dormivisse
3205 836 3461 890 nimirum
3485 851 3580 891 eos

1999 933 2052 987 in
2114 933 2419 1001 montibus,
2474 930 2867 987 insomniorum
2910 944 3095 995 causa,
3138 944 3282 999 saepe
3330 929 3581 982 meminit

2000 1028 2315 1098 prapbetica
2371 1027 2568 1083 oratio.
2611 1026 2847 1081 Narrant
2875 1036 3055 1082 autem
3087 1027 3344 1082 lsraelem
3376 1025 3430 1081 in
3457 1040 3579 1080 eum

1999 1134 2242 1175 errorem
2290 1119 2625 1191 prolapsum,
2679 1129 2739 1175 ut
2767 1134 2866 1190 pro
2905 1118 3113 1174 foribus
3149 1127 3204 1172 et
3241 1119 3293 1172 in
3336 1116 3583 1188 postibus

2001 1209 2211 1266 formas
2268 1211 2530 1266 idolorum
2580 1211 2890 1276 inciderint,
2945 1225 3054 1280 quo
3101 1212 3436 1265 introeuntes
3489 1210 3585 1263 do-

2002 1318 2149 1357 mum
2173 1311 2229 1358 et
2260 1314 2523 1359 exeuntes
2556 1304 2641 1358 illa
2673 1304 2943 1368 viderent,
2979 1316 3029 1358 et
3074 1303 3404 1370 sempiterna
3435 1310 3584 1356 tene-

2001 1402 2120 1448 rent
2170 1395 2450 1449 memoria.
2512 1394 2624 1451 Hoc
2683 1395 2865 1464 itaque
2914 1395 2970 1449 in
3030 1394 3136 1448 illis
3197 1392 3320 1462 jure
3375 1391 3583 1462 optimo

2002 1487 2192 1541 haberi
2252 1495 2431 1557 potest
2457 1502 2685 1543 summie
2716 1486 3011 1557 impietatis
3040 1486 3264 1541 evidens
3298 1499 3584 1556 argumen-

2001 1587 2136 1633 tum.
2186 1577 2466 1634 Vocabant
2496 1588 2677 1635 autem
2715 1580 2813 1633 ltas
2847 1579 3112 1634 idolorqu
3144 1578 3343 1633 incisas
3379 1576 3585 1631 formas

1998 1679 2331 1735 servatores,
2356 1679 2412 1725 et
2437 1671 2719 1726 domorum
2743 1671 3019 1727 custodes.

308 1783 459 1837 μαις.
496 1764 831 1834 Ἀφιλοθεϊας
865 1764 922 1817 δὲ
952 1763 1051 1835 τῆς
1084 1761 1315 1818 είσάπαν
1343 1762 1620 1828 ἀπόδειξις
1683 1763 1920 1835 ἐναργὴς
1956 1763 2376 1836 καταλογισθείη
2441 1765 2508 1819 ἂν
2545 1764 2608 1818 τὺ
2643 1766 2833 1838 χρῆμα
2871 1764 3090 1829 αὐτοῖς,
3134 1763 3229 1818 καὶ
3260 1762 3407 1833 μάλα
3440 1761 3586 1817 εἰκό-

304 1876 441 1922 τως’
476 1859 703 1914 ἐκάλουν
726 1859 781 1912 δὲ
809 1857 879 1912 τά
904 1857 1013 1912 τῶν
1041 1858 1273 1914 εἰδώλων
1302 1856 1807 1931 ὲντετορ[ν]ευμένα
1856 1860 2130 1932 σωτηρίας
2156 1860 2253 1933 [αι.
2284 1861 2560 1935 σωτῆρας]
2592 1864 2685 1916 καὶ
2717 1861 3021 1934 οἰκουρούς.

384 1952 530 2021 ’ῼου
582 1950 673 2003 ὅτι
725 1949 834 2004 ἐὰν
879 1951 982 2006 ἀπ’
1027 1950 1173 2020 ἐμοῦ
1221 1951 1529 2021 ἀποστῇς,
1586 1953 1804 2008 πλεῖόν
1842 1972 1898 2009 τι

2077 1955 2238 2011 Vens.
2268 1957 2321 2023 8,
2353 1956 2407 2012 9.
2450 1956 2709 2023 Putabas,
2756 1958 2804 2012 si
2854 1958 3128 2012 recesseris
3163 1974 3194 2011 (ι
3242 1973 3342 2024 me,
3391 1972 3509 2026 ptus
3535 1965 3584 2010 te

306 2041 487 2109 ἕξεις.
538 2040 879 2111 Ἠγάπησας
929 2040 1072 2107 τοὺς
1114 2041 1519 2111 κοιμωμένους
1559 2043 1710 2112 μετὰ
1754 2043 1893 2108 σοῦ,

307 2134 407 2189 καί
452 2132 800 2201 ἐπλήθυνιις
849 2132 966 2201 τὴν
1025 2120 1317 2203 πορνείαν
1353 2147 1471 2189 σου
1517 2136 1646 2205 μετ’
1674 2134 1893 2202 αὐτῶν,

307 2225 407 2280 καὶ
466 2225 740 2293 πολλοὺς
787 2225 1083 2293 ἐποίησας
1126 2225 1268 2292 τοὺς
1300 2226 1543 2296 μακρὰν
1589 2226 1708 2283 ἀπὸ
1750 2227 1891 2293 σοῦ,

308 2320 407 2374 καί
437 2318 800 2387 ἀπέστειλας
825 2316 1104 2387 πρέσϐεις
1132 2318 1286 2387 ὑπὲρ
1316 2317 1391 2372 τὰ
1422 2318 1554 2389 ὅριὰ
1577 2332 1719 2375 σου.

381 2412 605 2465 Ἅπασα
643 2411 741 2482 μὲν
779 2410 1009 2473 ἔκτοπος
1040 2409 1224 2483 ἡδονὴ.
1269 2411 1364 2466 καὶ
1398 2413 1550 2467 πᾶσα
1582 2412 1774 2478 κακία,
1805 2411 1898 2466 τὸν

308 2501 652 2574 ἀνθρώπινον
691 2501 1174 2573 καταγοητεύουσα
1223 2501 1371 2569 νοῦν,
1422 2506 1710 2576 μονονουχὶ
1760 2522 1897 2558 κατ-

308 2594 705 2663 επαγγέλλεται
751 2593 949 2665 πεῖράν
998 2610 1120 2646 τινα
1164 2596 1489 2666 πράγματος
1525 2596 1758 2665 ἀγαθοῦ,
1805 2598 1899 2651 καὶ

307 2687 391 2741 ὃτι
435 2683 652 2755 μεθέξει
695 2682 803 2737 τῶν
841 2684 904 2737 οὐ
945 2682 1114 2738 πάλαι
1153 2684 1592 2757 διεγνωσμένων,
1655 2688 1811 2742 ἔσται
1840 2688 1898 2741 δὲ

307 2778 403 2831 καὶ
429 2776 486 2830 ὲν
514 2774 814 2847 ἀμείνοσιν,
855 2774 889 2845 ἢ
937 2773 1202 2845 πρότερον
1230 2770 1319 2846 ἦν.
1368 2776 1627 2831 Λαόοῦσα
1666 2777 1777 2848 γὰρ
1805 2776 1898 2830 οῦ-

305 2885 416 2934 τως
446 2868 811 2939 αἰχμάλωτον,
839 2862 1002 2940 οἷπερ
1026 2870 1092 2925 ἀν
1107 2868 1363 2942 ’ἐλοιινμο
1390 2869 1578 2924 λοιπὸν
1602 2869 1895 2941 ἀποφέρει.

318 2956 462 3012 Ἀλλ’
487 2959 536 3010 οἰ
572 2958 668 3028 μὲν
702 2954 976 3020 ἀσύνετοι,
1025 2960 1194 3031 πείρα
1242 2958 1507 3029 μαθόντες
1544 2960 1634 3014 ἵνα
1661 2959 1770 3012 εἰσὶ
1803 2975 1902 3012 κα-

308 3050 431 3118 κοῦ,
468 3051 840 3122 μεταφοιτῶσι
878 3051 1030 3123 μόλις
1058 3053 1153 3105 ἐπὶ
1181 3051 1241 3106 τὸ
1269 3054 1327 3106 ὲν
1357 3053 1554 3124 ἀρχαῖς
1577 3068 1592 3084 ο
1620 3052 1675 3105 οἵ
1698 3069 1761 3121 γε
1793 3051 1903 3123 μὴν

307 3148 419 3211 τοῖς
452 3144 554 3216 τῆς
585 3144 825 3209 διανοίας
853 3143 1068 3215 ὄμμασι
1105 3142 1530 3215 περιαθροῦντες
1559 3138 1618 3196 εὖ
1657 3143 1802 3215 μάλα
1839 3142 1902 3196 τὸ

307 3238 541 3292 ἑκάστου
568 3237 894 3309 πράγματος
928 3236 1121 3309 πέρας,
1152 3237 1437 3305 ἀποφορᾶς
1461 3235 1561 3289 οὐκ
1589 3235 1896 3306 ἀνέχονται-

1997 2047 2326 2103 habiturum.
2384 2050 2628 2106 Dilexisti
2676 2051 2997 2104 dormientes
3059 2060 3252 2113 tecum,
3304 2057 3354 2103 et
3403 2048 3583 2103 crebro

1999 2138 2263 2210 fornicata
2289 2156 2343 2195 es
2377 2157 2495 2194 cum
2525 2143 2620 2207 eis,
2657 2151 2709 2195 et
2740 2141 2931 2196 multos
2967 2140 3139 2211 fecisti
3169 2155 3256 2195 eos
3282 2140 3370 2211 qui
3399 2142 3585 2209 procul

1998 2247 2031 2284 α
2058 2240 2129 2296 te,
2166 2242 2213 2286 et
2254 2233 2445 2287 misisti
2473 2233 2674 2304 legatos
2697 2233 2836 2286 ultra
2860 2233 3112 2288 terminos
3140 2241 3278 2287 tuos.

2070 2413 2262 2471 Omnis
2300 2413 2441 2471 foeda
2488 2416 2755 2488 voluptas,
2786 2426 2840 2472 et
2860 2416 3041 2472 omnis
3071 2416 3342 2472 vitiositas
3384 2416 3580 2470 buma-

2001 2522 2129 2563 nam
2180 2515 2414 2562 tnentem
2464 2510 2765 2573 incantans,
2823 2509 3100 2579 specimen
3151 2509 3369 2579 aliquod
3430 2511 3583 2565 bona:

2002 2599 2103 2654 rei.
2165 2607 2379 2655 tantum
2445 2614 2555 2655 non
2628 2600 2944 2670 pollicetur,
3005 2610 3059 2656 et
3129 2617 3217 2656 res
3282 2615 3409 2656 ante
3472 2617 3581 2656 non

2003 2691 2245 2762 cognitas
2301 2692 2662 2765 adepturam,
2720 2707 2784 2748 ac
2846 2693 2901 2749 in
2960 2694 3186 2750 meliore
3254 2694 3374 2750 loco
3444 2693 3580 2759 fore,

2002 2801 2166 2855 quam
2216 2786 2366 2857 prius
2410 2786 2592 2850 fuerit.
2657 2787 2941 2857 promittit.
3014 2788 3178 2859 θοι
3251 2785 3387 2841 Nam
3458 2805 3580 2843 cum

2004 2877 2084 2931 sic
2148 2877 2414 2947 captivam
2484 2879 2737 2947 ceperit,
2808 2892 3129 2949 quocunque
3206 2878 3420 2933 tandem
3473 2876 3586 2933 vult

2004 2970 2201 3023 aufert.
2292 2968 2396 3024 Sed
2457 2968 2609 3025 stulti
2693 2971 3024 3041 experientia
3111 2971 3255 3026 docti
3362 2972 3582 3027 ubinam

2005 3060 2268 3114 malorum
2302 3059 2433 3129 sint,
2472 3060 2564 3115 vix
2613 3061 2680 3116 ad
2738 3063 2974 3133 priorem
3012 3070 3210 3117 statum
3246 3061 3581 3118 relabuntur.

2003 3149 2103 3217 Qui
2138 3160 2317 3206 autem
2372 3152 2545 3206 animi
2578 3152 2754 3207 oculis
2803 3152 3066 3223 cujusque
3101 3154 3177 3208 rei
3216 3154 3422 3208 exitum
3459 3169 3584 3224 per-

2007 3243 2234 3298 lustrant
2271 3242 2708 3315 diligentissime,
2744 3245 3051 3315 praecipites
3080 3259 3140 3300 se
3186 3245 3301 3300 dari
3354 3262 3461 3301 non
3506 3246 3584 3302 si-

310 3328 637 3400 φυλάττουσι
669 3327 725 3381 δὲ
767 3327 969 3399 μᾶλλον
1016 3326 1240 3399 ἀπλῆγα
1306 3327 1398 3381 τὸν
1421 3325 1546 3405 νοῦν
1578 3326 1684 3398 πρὸ
1707 3327 1901 3398 πείρας

2009 3344 2162 3396 nunt,
2190 3334 2282 3387 sed
2310 3345 2546 3389 mentem
2576 3346 2799 3389 servant
2821 3335 3238 3398 iuvulneratam,
3297 3347 3425 3391 ante
3466 3345 3583 3391 ten-

308 3420 545 3493 ὁρῶντες
572 3421 638 3476 τά
679 3421 818 3493 μετά
845 3420 1070 3492 ταύτην.
1106 3419 1245 3474 Ἀλλ’
1267 3420 1328 3472 οὐ
1358 3419 1582 3490 τοιαύτη
1612 3419 1836 3487 γέγονεν
1865 3420 1899 3490 ή

308 3515 422 3569 τῶν
452 3513 720 3568 Ἰουδαίων
743 3513 1076 3583 Συναγωγή·
1101 3507 1169 3584 ἦν
1202 3511 1301 3583 μὲν
1335 3511 1446 3582 γὰρ
1476 3510 1583 3564 ὑπὸ
1612 3512 1775 3582 χεῖρα
1803 3511 1899 3562 τοῦ

314 3610 494 3663 πάντα
540 3606 814 3679 ἰσχύοντος
860 3605 1030 3673 Θεοῦ,
1080 3606 1178 3658 καὶ
1221 3604 1320 3675 τὴν
1354 3606 1485 3677 παρ’
1531 3604 1699 3657 αὑτοῦ
1744 3603 1903 3670 δόξαν

314 3699 693 3773 ἠμφιεσμένη,
717 3695 867 3769 δεινὴ
892 3698 986 3751 καὶ
1012 3695 1284 3767 ἀφόρητος
1314 3696 1426 3757 τοῖς
1449 3695 1669 3768 ὁμόροις
1690 3689 1780 3766 ἦν,
1811 3694 1905 3748 καὶ

312 3793 647 3865 τριπόθητον
688 3791 887 3863 ἔχουσα
931 3789 1028 3862 τὴν
1060 3789 1272 3855 ἐλπίδα,
1303 3789 1399 3843 καὶ
1445 3789 1663 3855 ἀπάσης
1703 3789 1906 3859 εὐημεο

314 3888 440 3959 ρίας
452 3883 729 3958 ἔμπλεω[ς
739 3884 774 3957 ].
795 3883 1066 3954 Ἐπομὲνη
1084 3883 1194 3953 γὰρ
1206 3882 1285 3955 τῷ
1298 3883 1388 3936 διὰ
1404 3882 1648 3945 Μωσέως
1663 3881 1813 3952 νόμῳ
1826 3880 1905 3951 τῷ

314 3981 476 4050 φύσει
510 3980 604 4034 καὶ
643 3977 863 4050 ἀληθῶς
893 3976 1222 4047 λελάτρευκε
1276 3975 1425 4047 Θεῷ·
1462 3973 1806 4028 διατετέλεκε
1847 3973 1906 4026 δὲ

315 4071 542 4142 καιροὺς
568 4072 755 4142 ἕτερον
784 4071 871 4123 ἐπ’
897 4068 1046 4139 αὐτῷ
1071 4068 1202 4122 Θεὸν
1223 4066 1324 4121 οὐκ
1354 4063 1656 4137 ἀνεχομένη
1696 4063 1904 4130 καλεῖν,

318 4165 484 4235 ἤγουν
534 4165 733 4219 εἰδέναι
780 4164 1130 4235 προσκυνεῖν.
1171 4159 1391 4231 Ἐπειδὴ
1437 4158 1495 4213 δὲ
1552 4154 1903 4228 προσεκλήθη

314 4256 428 4310 τισὶ
453 4255 794 4319 διδασκάλοις
824 4254 919 4309 καί⁸
952 4253 1191 4315 ἀνοσίοις
1222 4251 1467 4322 ποιμέσι,
1509 4249 1798 4303 πέπτωκεν
1827 4249 1908 4311 εἰς

315 4349 618 4403 ἀπόστασιν
647 4348 745 4419 τὴν
775 4346 884 4401 ἀπὸ
927 4345 1087 4411 Θεοῦ,
1132 4344 1226 4398 καὶ
1259 4340 1637 4414 προσεκύνησε
1666 4343 1778 4404 τοῖς
1818 4338 1911 4411 ἐρα

316 4457 436 4510 γοις
464 4438 572 4492 τῶν
608 4439 753 4493 ἰδίων
788 4438 1007 4509 χειρῶν·
1052 4436 1298 4509 οἱηθεῖσα
1346 4436 1486 4506 τάχα
1536 4451 1666 4496 που,
1707 4433 1806 4487 καὶ
1850 4435 1909 4486 ἐν

319 4529 602 4603 ἀμείνοσιν
639 4529 881 4594 ἔσεσθαι,
907 4531 1006 4601 τῆς
1034 4530 1171 4602 πρὸς
1204 4529 1336 4584 Θεὸν
1367 4528 1592 4598 ἀγάπης
1632 4523 1910 4593 ὲξολισθήο

324 4639 491 4677 σασα.
527 4620 654 4675 Ἐπὶ
694 4619 906 4683 τούτοις
954 4620 1125 4692 αὐτὴν
1153 4622 1394 4675 αἰτιᾶται
1438 4620 1635 4690 λέγων’
1669 4618 1800 4690 ’ῼου
1826 4617 1909 4671 ὅτι

323 4714 422 4769 ἐὰν
455 4713 548 4769 ἀπ’
574 4712 710 4784 ἐμοῦ
734 4714 1000 4782 ἀποστῇς,
1036 4710 1216 4765 πλεῖόν
1245 4729 1296 4765 τι
1319 4711 1481 4777 ἔξεις.
1520 4710 1660 4766 Ἀλλ’
1688 4710 1793 4764 οὐκ
1823 4709 1916 4763 ὲκ-

323 4807 563 4879 6ἑ6ηκεν
591 4806 671 4868 εἰς
700 4805 873 4877 πέρας
900 4804 1038 4874 αὐτῇ
1078 4800 1146 4855 τὰ
1174 4802 1610 4874 προσδοκηθέντα
1639 4800 1737 4874 τῆς
1764 4801 1909 4855 οὕτω

319 4900 538 4972 ψυχρᾶς
578 4898 673 4952 καὶ¹
710 4895 944 4967 ματαίας
982 4892 1221 4957 ἐλπίδος·
1262 4894 1519 4962 γεγόνασι
1557 4894 1668 4965 γὰρ
1710 4894 1911 4963 μᾶλλον

323 4998 381 5049 ὲν
423 4991 588 5046 παντὶ
630 4988 807 5060 κακῷ.
853 4987 1151 5060 Ἑσχήκασι
1191 4984 1371 5039 τοίνυν
1398 4985 1481 5048 εἷς
1512 5002 1576 5054 γε
1618 4984 1678 5038 τὸ
1709 4985 1913 5055 εὐημε-

329 5087 440 5159 ρεῖν
467 5085 528 5137 τὸ
558 5081 815 5154 περιττὸν
846 5080 1021 5144 οὐδὲν,
1054 5077 1423 5140 ἀποϐαλόντες
1454 5076 1516 5130 τὸ
1542 5078 1786 5147 γνήσιον,
1819 5075 1915 5130 καὶ

322 5176 385 5228 τὸ
442 5173 656 5245 ἑδραῖον
704 5174 761 5226 ὲν
812 5170 1024 5234 τούτοις
1069 5169 1266 5242 μικροῦ
1312 5167 1590 5232 παντελῶς
1635 5166 1916 5232 ἀξιοῦντες

330 5267 508 5336 λόγου.
536 5266 645 5321 Καὶ
659 5265 722 5319 τὸ
736 5264 817 5318 ἔτι
846 5263 1040 5318 τούτου
1072 5261 1547 5336 παραλογώτερον,
1566 5260 1914 5331 Ἥγάπησας,

331 5363 485 5432 φησὶ,
515 5360 645 5423 τοὺς
674 5358 1052 5430 κοιμωμένους
1083 5357 1220 5427 μετά
1246 5355 1362 5417 σοῦ,
1382 5353 1475 5408 καὶ
1487 5350 1795 5425 summa;
1819 5351 1918 5422 τὴν

334 5454 589 5526 πορνείαν
616 5469 711 5507 σου
740 5452 857 5523 μετ’
877 5449 1077 5505 αὐτῶν·
1106 5450 1201 5503 καὶ⁸
1223 5447 1529 5515 διαλέγεται
1559 5446 1658 5517 μὲν
1677 5444 1752 5510 ὡς
1780 5442 1918 5516 πρὸς

332 5549 565 5611 γυναῖκα
613 5544 840 5617 πόρνην.
868 5543 1024 5607 Τίνες
1067 5543 1124 5596 δὲ
1168 5537 1306 5613 ἦσαν
1333 5543 1382 5594 οἱ
1424 5538 1757 5611 κοιμώμενοι
1799 5536 1916 5609 μετ’

335 5635 536 5704 αὐτῆς,
574 5638 607 5706 ἢ
638 5637 781 5707 τάχα
818 5653 922 5689 που
971 5655 987 5687 ι
1017 5632 1453 5704 Ψευδοποιμὲνες
1501 5631 1778 5701 ἅνθρωποι
1827 5628 1918 5683 τὸν

425 5807 495 5868 ’⁷1
524 5813 662 5868 Tim.
699 5830 769 5881 tv,
799 5813 854 5867 ἓ.

2007 3423 2262 3477 tationem
2301 3425 2547 3480 videntes
2617 3426 2745 3494 quid
2786 3435 3098 3481 secuturum
3152 3429 3245 3482 sit.
3307 3426 3411 3481 Sed
3467 3428 3589 3484 talis

2005 3528 2109 3566 non
2138 3513 2237 3567 fuit
2268 3512 2580 3569 ludat-orum
2612 3515 2898 3587 Synagoga
2960 3535 2972 3570 :
3034 3526 3150 3571 erat
3185 3517 3328 3572 enim
3368 3519 3585 3572 subdita

2007 3607 2188 3659 tnauui
2213 3606 2601 3675 omnipotentis
2626 3607 2742 3671 Dei,
2767 3618 2822 3662 et
2842 3608 3010 3679 gloria
3035 3607 3102 3663 ab
3126 3608 3243 3678 ipso
3260 3610 3583 3677 convestita,

2009 3694 2265 3750 terribilis
2292 3702 2346 3750 et
2380 3697 2745 3753 intolerabilis
2782 3698 2994 3754 exstitit
3032 3698 3296 3764 finitimis,
3328 3708 3384 3754 et
3430 3710 3588 3770 opta-

2008 3788 2272 3843 tissimam
2298 3803 2448 3859 spem
2473 3789 2680 3856 habuit,
2705 3790 2963 3861 omnique
2991 3790 3248 3847 felicitate
3270 3792 3587 3849 abundavit.

2007 3881 2202 3937 Secuta
2233 3882 2375 3937 enim
2403 3883 2575 3954 legem
2612 3882 2925 3952 Mosaicam,
2957 3894 3151 3939 natura
3180 3893 3237 3941 et
3261 3901 3387 3942 vere
3417 3886 3588 3942 Dcum

2008 3975 2202 4041 coluit;
2238 3990 2337 4032 nec
2364 3976 2528 4031 alium
2560 3977 2629 4033 ab
2669 3977 2761 4033 illo
2793 3977 2961 4033 Deum
2993 3978 3152 4049 longo
3186 3987 3433 4048 tempore
3464 3998 3589 4036 sus-

2009 4067 2172 4122 tinuit
2228 4068 2520 4138 appellare,
2554 4084 2657 4125 nec
2699 4070 2864 4125 alium
2913 4071 3061 4125 novit
3119 4073 3370 4126 adorare.
3430 4071 3589 4128 Post-

2008 4175 2168 4231 quan.
2198 4171 2377 4216 autem
2407 4161 2473 4217 ad
2498 4161 2764 4232 quosdam
2801 4162 3051 4218 doctores
3090 4163 3254 4219 falsos
3285 4163 3483 4221 defecit
3528 4181 3591 4220 ac

2011 4254 2207 4323 impios
2251 4263 2498 4323 pastores
2533 4279 2545 4312 :
2580 4257 2772 4311 recidit
2805 4257 2855 4311 in
2899 4257 3231 4326 apostasiam
3279 4272 3309 4311 a
3363 4258 3491 4324 Deo,
3538 4270 3592 4312 ct

2010 4356 2173 4413 opera
2206 4358 2465 4399 manuum
2515 4359 2736 4399 suarum
2776 4346 3041 4413 adoravit,
3076 4355 3189 4400 rata
3226 4346 3474 4402 fortassis
3510 4363 3594 4403 sc-

2010 4451 2133 4490 eum
2168 4435 2362 4493 melius
2388 4446 2569 4493 actum
2618 4438 2704 4501 iri,
2758 4438 2848 4492 ubi
2902 4454 2931 4492 a
2990 4439 3256 4494 cbaritate
3315 4439 3404 4494 Dei
3446 4439 3592 4511 lapsa

2015 4527 2227 4582 fuisset.
2262 4526 2422 4582 llisce
2462 4529 2530 4581 de
2585 4528 2747 4581 rebus
2796 4527 2939 4580 illam
2987 4527 3285 4591 accusavit,
3336 4527 3524 4582 dicens
3577 4545 3590 4581 :

2017 4616 2272 4684 Pntabas,
2306 4616 2352 4672 si
2383 4618 2665 4673 recederes
2694 4632 2722 4670 a
2754 4632 2858 4685 me,
2888 4617 3007 4689 plus
3037 4627 3088 4673 te
3119 4617 3455 4673 habiturum.
3490 4617 3596 4674 Sed

2019 4724 2126 4764 non
2157 4717 2520 4779 pervenerunt
2554 4709 2618 4764 ad
2648 4708 2878 4777 exitum,
2928 4725 3048 4782 quae
3094 4709 3195 4765 hac
3231 4711 3366 4766 adeo
3401 4709 3595 4781 frigida

2013 4811 2066 4854 et
2094 4801 2242 4855 inani
2274 4816 2369 4873 spe
2391 4801 2874 4872 exspectabantur;
2923 4804 3032 4858 imo
3066 4803 3119 4857 in
3152 4803 3408 4858 omnibus
3436 4801 3598 4869 malis

2017 4892 2398 4948 versabantur.
2433 4891 2747 4948 Habuerunt
2779 4893 2943 4963 igitur
2967 4891 3347 4962 prosperitatis
3383 4889 3598 4944 eximia:

2020 4985 2175 5052 nihil,
2216 4998 2340 5040 cum
2379 4999 2563 5039 veram
2614 4985 2848 5040 filiorum
2900 4992 2955 5038 et
3005 4982 3293 5055 genuinam
3349 4988 3596 5035 naturam

2021 5078 2336 5147 abjicerent,
2366 5086 2422 5133 et
2447 5077 2764 5133 firmitatem
2798 5077 3271 5147 constantiamque
3305 5075 3455 5144 parvi
3503 5072 3602 5128 ad-

2022 5170 2236 5223 modum
2268 5171 2545 5225 ducerent.
2576 5170 2643 5224 Et
2668 5169 2814 5239 quod
2847 5169 3020 5224 adhuc
3043 5176 3130 5223 est
3158 5166 3466 5231 absurdius,
3510 5166 3599 5223 Di-

2022 5260 2220 5327 lexisti,
2253 5262 2451 5332 inquit,
2484 5262 2816 5317 dormientes
2847 5269 3045 5326 tecum,
3096 5270 3150 5316 et
3189 5258 3382 5315 crebro
3432 5256 3602 5312 forni-

2024 5359 2144 5405 cata
2188 5366 2248 5406 es
2281 5367 2402 5407 cmn
2454 5352 2590 5420 illis;
2652 5360 2707 5406 et
2764 5366 2886 5407 cum
2950 5364 3013 5404 ea
3058 5350 3206 5406 velut
3256 5364 3378 5405 cum
3423 5358 3603 5403 scorto

2023 5441 2279 5513 disputat.
2309 5443 2411 5511 Qui
2439 5454 2569 5500 sunt
2597 5459 2729 5515 ergo
2774 5441 3103 5499 dormientes
3153 5457 3278 5498 cum
3311 5440 3409 5496 ea?
3454 5439 3602 5496 Falsi

2025 5542 2273 5603 pastores
2304 5543 2454 5602 sunt,
2490 5536 2581 5605 qui
2613 5542 2851 5589 mentem
2880 5534 3119 5590 inustam
3145 5541 3199 5590 et
3223 5530 3467 5588 cauterio
3500 5546 3601 5584 no-

2029 5632 2193 5679 tatam
2222 5623 2290 5691 "’,
2337 5623 2494 5681 sicuti
2547 5626 2625 5681 ait
2683 5625 2876 5681 beatus
2927 5624 3144 5694 Paulus,
3208 5639 3273 5680 ac
3335 5620 3601 5678 diabolica
