4096 6212
374 312 513 373 1265

1457 312 1525 370 ια
1560 314 1795 371 ISAIAM
1836 312 1968 370 LIB.
2009 315 2073 371 V.
2114 312 2351 372 TOMUS
2390 314 2482 369 ill.

3487 321 3643 375 ιεοιι-

372 428 549 483 τοῦτο
577 427 651 482 οὐ
683 426 1045 495 κατεδεήθης
1068 443 1209 496 μοιν
1257 426 1339 481 σὺ
1378 427 1512 482 τινα
1550 426 1939 498 εὐλαϐηθεῖσο

2050 425 2215 498 803
2250 430 2445 497 rogasti
2472 443 2585 492 me;
2617 436 2697 492 tu,
2728 443 2877 495 quem
2917 428 3105 484 timens
3142 439 3417 499 perterrita
3469 451 3543 498 ss,
3573 444 3624 488 et

369 517 691 591 ἐφοϐήθης,
730 520 827 574 καί
857 519 1101 588 ἐψεύσω
1129 535 1244 588 pe;

440 609 506 663 Τί
546 609 607 663 τὸ
634 598 807 680 πέραὶς
852 609 950 679 τῆς
994 609 1346 674 ἀποστάσεως
1381 612 1481 680 τῆς
1510 609 1619 664 ἀπὸ
1657 608 1816 675 Θεοῦ,
1847 610 1949 681 τῆς

369 697 682 769 ἁμετρὴτου
704 696 982 766 πορνείας,
1015 698 1107 750 καὶ
1133 697 1243 751 τῶν
1262 698 1490 753 ἀνοσίων
1511 699 1946 771 ἐγχειρημάτων,

369 789 486 858 ἦτοι
527 788 627 859 τῆς
657 788 1011 862 ἀποστροφῆς
1039 788 1147 843 ἀπό
1175 805 1239 858 γε
1272 788 1379 843 τῶν
1409 790 1707 861 ἀμεινόνων
1736 789 1839 858 ,ἐπὶ
1881 788 1950 843 τὰ

368 879 538 951 χείρω
563 895 578 944 ;
618 879 683 933 Ἡ
722 880 803 942 είς
828 879 999 951 ἄκρον
1027 879 1376 945 ταπείνωσις,
1396 881 1489 934 κει)⁹
1512 881 1572 935 τὸ
1600 880 1948 946 καθικέσθαι,

368 973 556 1040 φησιν,
614 974 695 1036 είς
749 972 810 1025 τὸ
861 972 963 1042 τῆς
1005 971 1281 1037 ἀπωλείας
1320 973 1619 1029 κατωτάτω
1654 973 1947 1046 βάραθρον.

380 1062 599 1135 Ἐπειδὴ
663 1062 773 1134 γὰρ
817 1063 919 1115 οὐκ
970 1062 1242 1135 ἠθέλησας
1286 1063 1463 1135 ὑψηλὴ
1510 1065 1801 1135 διαμεῖναι,
1855 1065 1950 1120 καὶ

365 1155 704 1227 ἁκράδαντον
737 1154 884 1226 ἔχειν
913 1154 1013 1228 τὴν
1050 1157 1372 1228 εὐημερίαν,
1412 1156 1669 1228 ταύτῃτοι
1717 1157 1948 1226 γέγονας

363 1249 616 1316 ταπεινή.
649 1247 772 1301 Ὅτι
804 1248 914 1317 γὰρ
945 1248 1155 1320 ὑψηλοί
1169 1267 1313 1314 τινες
1338 1245 1479 1319 ἦσαν
1512 1250 1562 1303 oi.
1607 1249 1668 1316 ἐξ
1710 1251 1944 1323 Ἰσραὴλ,

364 1337 427 1391 τό
450 1355 511 1406 γε
534 1334 668 1409 ἧκον
687 1341 767 1403 είς
786 1340 943 1404 δόξαν
965 1341 1064 1411 τὴν
1095 1341 1245 1414 παρὰ
1267 1341 1602 1410 Θεοῦ,σαφὲς
1625 1342 1690 1396 ἂν
1712 1344 1942 1411 γένοιτο,

363 1427 612 1497 λέγοντος
634 1429 800 1484 αὑτοῦ
821 1430 910 1487 διὰ
931 1432 1116 1503 φωνῆς
1131 1432 1353 1486 Ἡσαΐου
1374 1432 1498 1505 περὶ
1511 1433 1710 1487 αὐτῶν·
1736 1453 1755 1486 ι
1784 1434 1946 1499 Υίοὺς

362 1519 648 1591 ἐγέννησα,
671 1524 768 1575 καὶ
811 1522 1056 1592 ῦψωσα.»
1080 1523 1288 1580 Οὐκοῦν
1324 1524 1657 1596 αὐτόκλητον
1688 1525 1802 1597 ἔχει
1846 1527 1947 1597 τὴν

358 1610 690 1665 ταπείνωσιν
715 1627 728 1642 '
753 1611 1117 1682 δεδυσσέϐηκε
1158 1611 1264 1685 γὰρ
1289 1613 1369 1676 είς
1399 1611 1489 1665 τὸν
1517 1611 1757 1682 ὑψοῦντα
1777 1612 1908 1667 Θεόν
1926 1629 1941 1644 ⁸

359 1703 756 1756 τεταπείνωται
802 1703 860 1756 δὲ
897 1702 1019 1756 τίνα
1068 1703 1290 1773 τρόπον,
1334 1703 1695 1758 διαδείκνυσιν
1745 1703 1939 1769 εὐθύς·

2060 518 2279 571 mentita
2316 535 2369 572 es
2403 518 2531 572 mihi
2553 518 2576 572 9

2123 609 2252 677 Quis
2284 619 2368 665 est
2394 610 2675 678 apostasia:
2706 625 2736 662 a
2765 608 2891 674 Deo,
2916 619 2969 664 et
2991 610 3357 666 immoderatm
3389 611 3624 668 fornica-

2050 703 2236 768 tionis,
2266 711 2318 757 et
2349 702 2632 772 impiorum
2667 704 2967 757 facinorum
3002 717 3094 758 seu
3122 704 3420 759 aversionis
3451 721 3477 757 a
3510 720 3625 761 me-
3656 749 3663 753 .

2052 793 2275 849 lioribus
2305 793 2372 847 ad
2400 793 2665 848 deteriora
2707 793 2864 849 linis?
2892 793 3137 860 Summa,
3168 795 3361 865 inquit,
3383 796 3619 865 depres-

2048 884 2152 947 sio,
2186 894 2242 939 et
2283 883 2337 937 in
2380 882 2622 937 intimum
2670 883 2920 939 interitus
2971 885 3292 940 barathrum
3344 887 3623 942 devenire.

2049 972 2181 1030 Nam
2217 975 2344 1045 quia
2373 974 2477 1029 alta
2509 989 2728 1030 manere
2746 976 2986 1044 nolebas,
3011 987 3066 1032 et
3089 977 3401 1033 felicitatem
3426 980 3628 1035 habere

2049 1050 2454 1133 inconcussam,
2498 1066 2625 1122 hinc
2661 1068 2939 1122 ltumiliata
2971 1084 3051 1123 es.
3086 1068 3238 1135 Quod
3268 1071 3411 1125 enim
3451 1071 3543 1125 alti
3577 1085 3629 1127 et

2047 1159 2308 1215 sublimes
2346 1159 2546 1216 fuerint
2577 1158 2850 1224 Israelita,
2888 1163 3032 1229 quod
3068 1161 3133 1215 ad
3164 1161 3389 1231 gloriam
3441 1177 3563 1231 qua:
3600 1181 3627 1216 a

2049 1250 2159 1307 Deo
2191 1252 2552 1321 proﬁciscitur
2592 1250 2809 1317 attinet,
2847 1252 3196 1321 perspicuum
3261 1267 3382 1307 esse
3426 1262 3627 1323 potesr,

2047 1343 2164 1415 ipso
2193 1344 2407 1399 dicente
2430 1358 2525 1413 per
2542 1357 2726 1399 vocem
2755 1342 2901 1398 Isaiae
2931 1344 2996 1397 de
3023 1343 3129 1397 illis
3159 1360 3173 1396 :
3216 1362 3234 1395 ι
3270 1343 3437 1399 Filios
3465 1346 3623 1414 genui

2045 1440 2100 1488 et
2129 1432 2359 1488 exaltavi
2394 1434 2431 1487 ⁸.
2494 1452 2513 1486 ι
2556 1430 2742 1501 Itaque
2783 1432 3068 1487 accersivit
3100 1432 3203 1486 sibi
3262 1432 3362 1501 ipsi
3402 1433 3628 1502 depres-

2045 1523 2275 1591 sionem,
2312 1524 2455 1593 quod
2500 1525 2663 1594 impie
2699 1523 2751 1577 in
2791 1524 2957 1578 Deum
2996 1524 3088 1592 qui
3146 1523 3371 1588 exaltat,
3432 1529 3622 1593 egerit.

2042 1615 2113 1670 At
2136 1618 2408 1686 quomodo
2429 1617 2710 1671 humiliata
2727 1616 2818 1682 sit,
2844 1632 2966 1671 mox
2994 1617 3263 1682 ostendit;
3291 1616 3423 1670 dixit
3445 1616 3620 1671 enim:

2044 1708 2229 1766 Multis
2262 1708 2495 1765 viistuis
2532 1710 2816 1766 laborasti.
2858 1707 2990 1762 Nam
3031 1708 3081 1761 in
3115 1723 3304 1763 outnes
3326 1709 3480 1778 quasi
3511 1709 3624 1762 vias

359 1790 462 1864 ἔφη
498 1793 633 1864 γάρ·
652 1793 784 1857 Ταῖς
815 1793 1124 1857 πολυοδίαις
1157 1811 1251 1848 σου
1281 1795 1606 1860 ἐκοπίασας.
1640 1797 1734 1862 Εἰς
1764 1798 1939 1851 πᾶσαν

2047 1801 2299 1858 interitus
2338 1803 2723 1873 ingredientes,
2761 1802 2813 1856 in
2852 1816 2910 1856 re
2944 1800 3086 1856 nulla
3125 1800 3264 1864 utili,
3301 1801 3465 1855 animi
3501 1814 3626 1854 ner—

358 1884 467 1954 γὰρ
501 1883 692 1954 ὥσπερ
725 1886 1001 1950 ἀπωλείας
1029 1887 1311 1958 ἐρχόμενοι
1357 1888 1497 1953 ὁδὸν,
1538 1889 1940 1962 δεδαπανήκασι

362 1975 463 2044 μὲν
501 1978 587 2029 ἐπ’
622 1976 796 2031 οὐδενὶ
837 1978 945 2033 τῶν
973 1981 1258 2051 χρησίμων
1297 1979 1397 2044 τὰς
1443 1981 1545 2051 τῆς
1573 1981 1753 2054 ψυχῆς
1792 1982 1944 2036 εὔτο-

355 2065 499 2131 νίας,
556 2069 713 2140 δῆλον
763 2071 821 2125 δὲ
867 2071 948 2125 ὅτι
1001 2071 1099 2135 τὰς
1145 2071 1362 2142 νοητὰς,
1417 2074 1729 2143 κεκμήκασι
1777 2073 1834 2127 δὲ
1879 2074 1939 2126 οὐ

363 2164 619 2235 μετρίως,
682 2165 768 2217 ἐπ’
822 2163 1088 2235 ὀλεθρίοις
1150 2166 1439 2235 πράγμασι
1494 2165 1770 2235 τιθέμενοι
1842 2164 1943 2229 τὰς

360 2253 617 2317 σπουδάς.
650 2254 721 2306 Ἣ
752 2253 894 2323 τάχα
918 2270 1019 2307 που
1052 2252 1145 2307 καὶ
1176 2253 1461 2318 πολυοδίας
1490 2255 1549 2307 ἐν
1569 2253 1778 2318 τούτοις
1806 2254 1943 2325 φησὶ¹

356 2347 419 2399 τὸ
444 2347 531 2400 ἀεὶ
564 2344 920 2416 μεθίστασθαι
947 2345 1085 2417 πρὸς
1127 2345 1286 2409 θεοὺς
1314 2345 1555 2416 ἐτέρους,
1588 2345 1682 2400 καὶ
1707 2346 1817 2400 τῶν
1842 2347 1941 2416 μὲν

358 2436 460 2508 ἤδη
508 2437 927 2508 πεπορισμένων
972 2437 1276 2505 ὀλιγωρεῖν,
1325 2437 1509 2507 ζητεῖν
1545 2438 1602 2491 δὲ
1644 2438 1770 2501 τοὺς
1809 2439 1940 2509 παρ’

358 2528 563 2599 ἑτέροις
587 2529 749 2592 ὄντας
772 2529 902 2593 τισὶ,
938 2529 1032 2582 καὶ
1081 2527 1447 2599 καταμεθύειν
1492 2528 1681 2600 ὥσπερ
1726 2528 1938 2600 διαρῤι-

354 2621 679 2691 σιτουμένοις
726 2620 1026 2691 πανταχοῦ,
1070 2620 1304 2691 ἔρεισμα
1346 2637 1407 2674 τε
1470 2621 1561 2674 καὶ
1611 2623 1940 2676 κατάστασιν

355 2715 458 2769 οὐκ
508 2715 653 2785 ἔχειν
701 2714 792 2769 τὸν
825 2715 884 2767 ἐν
929 2714 1112 2777 αὐτοῖς
1162 2713 1292 2768 ὄντα
1332 2712 1479 2768 νοῦν.
1542 2714 1838 2784 Συμϐαίνει
1882 2714 1939 2767 δὲ

356 2805 513 2861 τοῦτο
546 2808 777 2877 πάσχειν
818 2808 970 2877 ἡμᾶς
1025 2805 1120 2860 καὶ
1147 2808 1204 2861 ἐν
1239 2808 1358 2870 ταῖς
1388 2806 1639 2868 ἐκτόποις
1677 2806 1783 2860 τῶν
1814 2806 1938 2876 ἡδο-

354 2895 484 2951 νῶν.
528 2895 890 2966 Ἀποφέρεται
912 2893 1020 2966 γὰρ
1044 2897 1072 2950 ὁ
1101 2896 1227 2958 νοῦς
1257 2894 1368 2948 ἐσθ’
1390 2897 1478 2951 ὅτε
1506 2897 1641 2969 πρὸς
1669 2898 1776 2950 πᾶν
1801 2892 1941 2959 εϊδος

355 2988 720 3059 ἀκαθαρσίας,
750 2988 842 3040 καὶ
872 2988 1000 3040 ποτὲ
1033 2988 1130 3058 μὲν
1163 2986 1227 3040 τὸ
1261 2989 1516 3041 πλουτεῖν
1545 2989 1778 3053 ἐπαινεῖ,
1812 2986 1939 3040 ποτὲ

353 3079 413 3135 δὲ
447 3079 653 3151 σαρκὸς
697 3080 819 3150 ἐρᾷ,
869 3079 963 3132 καὶ
1000 3077 1158 3148 δόξης
1207 3079 1435 3149 ἡττᾶται
1466 3078 1648 3149 κενῆς,
1689 3079 1784 3132 καὶ
1829 3073 1940 3132 οἷον

2043 1909 2159 1959 vos,
2194 1893 2395 1950 mentis
2420 1891 2864 1961 etintelligentim
2891 1890 3118 1951 scilicet.
3144 1900 3621 1956 consumpserunt.

2042 1985 2387 2040 Laboraruut
2413 1985 2558 2039 haud
2591 1981 2956 2046 mediocriter,
2989 1990 3045 2035 et
3079 1983 3129 2035 itt
3168 1983 3326 2037 rebus
3353 1981 3623 2049 pernicio-

2041 2074 2117 2130 sis
2148 2073 2325 2129 studia
2363 2082 2679 2145 posuerunt.
2712 2072 2810 2127 Vel
2859 2071 3107 2126 fortassis
3147 2071 3262 2125 vias
3296 2069 3492 2124 multas
3536 2069 3625 2123 bic

2041 2163 2193 2229 dicit,
2228 2179 2444 2234 semper
2479 2164 2545 2218 ad
2572 2164 2708 2218 alios
2756 2163 2885 2218 deos
2928 2162 3233 2226 transferri,
3270 2174 3326 2217 et
3355 2178 3490 2232 quos
3525 2164 3621 2214 lta-

2041 2256 2191 2320 bcnt,
2214 2264 2584 2319 contemnere,
2617 2264 2671 2308 et
2701 2256 2792 2324 qui
2832 2255 2971 2324 apud
3001 2254 3135 2308 alios
3168 2262 3312 2316 sunt,
3345 2267 3625 2322 quaerere;

2042 2358 2101 2404 et
2128 2347 2273 2403 velut
2302 2347 2485 2403 ebrios
2513 2347 2618 2403 huc
2639 2358 2693 2402 et
2724 2348 2852 2402 illnc
2875 2347 3094 2418 jactari,
3137 2356 3189 2400 et
3231 2345 3390 2400 lixam
3429 2353 3483 2399 et
3509 2356 3623 2398 sta.

2042 2437 2202 2494 bilem
2233 2439 2285 2493 in
2323 2439 2389 2494 iis
2438 2447 2672 2493 mentem
2715 2453 2819 2493 non
2867 2454 3008 2493 esse.
3057 2437 3208 2503 Quod
3249 2438 3408 2490 etiam
3467 2436 3655 2490 nobis--

2042 2527 2293 2583 usuvenit
2317 2529 2369 2583 in
2403 2527 2565 2583 fmdis
2596 2527 2975 2595 voluptatibus.
3011 2528 3311 2581 Abducitur
3344 2525 3488 2580 enim
3536 2527 3619 2580 in.

2043 2621 2252 2675 terdutn
2290 2633 2443 2673 mens
2474 2618 2541 2672 ad
2573 2633 2735 2673 omne
2778 2633 2950 2687 genus
3003 2617 3354 2686 impuritatis,
3415 2626 3469 2672 et
3526 2615 3623 2669 ali-

2040 2712 2256 2780 quando
2280 2709 2460 2766 laudat
2476 2709 2719 2776 divitias,
2743 2711 3032 2781 aliquando
3051 2711 3231 2765 carnis
3253 2710 3430 2766 studia
3454 2719 3636 2774 amat,

2038 2813 2095 2859 et
2120 2802 2269 2858 inani
2297 2801 2466 2873 gloria
2492 2803 2752 2869 vincitur,
2785 2811 2841 2856 et
2869 2810 3125 2872 tanquam
3155 2804 3300 2856 omni
3335 2813 3494 2858 vento
3512 2805 3623 2857 cir-

2041 2894 2360 2956 cuml‘ertur,
2378 2894 2531 2964 juxta
2553 2893 2603 2947 id
2635 2895 2779 2962 quod
2807 2894 3013 2948 dictum
3045 2903 3128 2948 est
3149 2895 3215 2949 de
3233 2894 3465 2963 quodam
3492 2910 3633 2951 voce

2040 2986 2288 3042 Ieremia
2326 3006 2339 3041 :
2372 3006 2389 3039 ι
2434 2986 2831 3056 Cupiditatibus
2876 2986 3070 3042 animae
3108 2988 3259 3057 quasi
3312 2996 3473 3042 vento
3506 2987 3624 3059 agi-

2044 3089 2153 3134 tata
2184 3090 2269 3135 est
2295 3099 2309 3135 :
2336 3080 2536 3135 tradita
2563 3089 2667 3145 est,
2699 3079 2821 3149 quis
2877 3090 3158 3134 convertet
3184 3081 3345 3136 eam?
3377 3099 3396 3133 ι
3428 3081 3621 3136 Anima

356 3172 522 3225 παντὶ
551 3170 829 3241 πνεύματι
875 3169 1258 3240 περιφέρεται,
1289 3172 1433 3224 κατὰ
1460 3187 1524 3238 γε
1551 3170 1613 3223 τὸ
1647 3172 1938 3242 εἰρημένον

2041 3172 2186 3225 enim
2217 3186 2336 3241 quae
2360 3170 2461 3226 ltoc
2488 3185 2646 3240 passa
2677 3177 2780 3236 est,
2812 3171 3058 3225 tradetur
3088 3185 3302 3240 semper
3339 3170 3623 3241 perturba-

353 3263 444 3318 διὰ
484 3262 669 3332 φωνῆς
727 3262 997 3333 Ἱερεμίου
1039 3262 1169 3332 περί
1206 3279 1388 3327 two;-
1428 3280 1445 3312 ι
1487 3261 1575 3316 Ἐν
1620 3262 1938 3334 ἐπιθυμίαις

354 3354 536 3427 ψυχῆς
565 3354 736 3424 αὐτῆς
766 3355 1323 3424 ἐπνευματοφορεῖτο·
1370 3353 1666 3425 παρεδόθη,
1707 3355 1790 3419 τίς
1819 3357 1938 3408 ἐπι-

358 3447 578 3519 στρέψει
595 3448 765 3517 αὐτήν
788 3465 837 3515 ς»
861 3447 926 3500 'H
940 3444 1050 3516 γὰρ
1076 3444 1237 3499 τοῦτο
1260 3444 1512 3499 παθοῦσα
1539 3444 1684 3515 ψυχὴ
1702 3446 1937 3518 παραδο-

358 3539 585 3611 θήσεται
622 3540 842 3603 πάντως
892 3540 1013 3601 ταῖς
1038 3536 1149 3591 τῶν
1190 3536 1381 3592 παθῶν
1427 3536 1750 3609 προσϐολαῖς
1776 3555 1789 3567 ·
1846 3540 1939 3592 καὶ

352 3632 513 3689 τοῦτο
534 3631 772 3687 διδάσκει
806 3630 983 3700 λέγων
1012 3632 1042 3684 ὁ
1069 3629 1504 3702 Παροιμιασαιτής⁹
1540 3649 1560 3683 ι
1585 3628 1795 3684 Σκολιοὶ
1829 3630 1938 3702 γὰρ

351 3724 604 3797 λογισμοὶ
652 3725 980 3797 χωρίζουσιν
1064 3722 1173 3777 ἀπὸ
1228 3722 1402 3790 Θεοῦ,
1474 3723 1571 3778 καὶ
1621 3722 1940 3795 ρεμὸασμδς

352 3818 651 3889 ἐπιθυμίας
675 3816 992 3891 μεταλλεύει
1012 3816 1138 3873 νοῦν
1165 3814 1557 3887 ἄκακον.›Χρὴ
1587 3816 1767 3870 τοίνυν
1792 3817 1938 3888 ἡμᾶς

351 3912 733 3986 ἀνασειράζειν
755 3912 848 3967 τὸν
889 3910 1037 3978 νοῦν,
1079 3911 1129 3964 εί
1157 3909 1222 3981 δὴ
1255 3908 1495 3980 βούλοιτό
1534 3926 1649 3973 πως
1694 3908 1939 3980 ἀσχέτως

356 4006 491 4059 ἰέναι
534 4005 676 4059 κατὰ
709 4005 946 4077 πετρῶν,
994 4004 1090 4058 καὶ
1129 4004 1249 4067 ταῖς
1287 4001 1398 4056 τῶν
1436 4000 1640 4072 ἡδονῶν
1685 4001 1939 4063 ἐκτόποις

352 4096 647 4167 ἐφήδεσθαι
671 4114 732 4149 τε
776 4095 872 4150 καὶ
918 4093 1147 4167 ὁμιλεῖν,
1181 4093 1267 4147 ἵνα
1303 4091 1379 4164 μὴ
1429 4091 1622 4163 καμὼν
1663 4093 1730 4146 ἐκ
1777 4091 1941 4146 πολυ-

351 4186 502 4250 θείας
533 4184 767 4259 θήρωμα
810 4185 1038 4256 γένηται
1091 4182 1417 4238 διαϐολικόν.
1447 4181 1610 4236 Ταῦτ’
1641 4178 1736 4236 οὖν
1781 4183 1939 4255 ποιή-

353 4299 513 4345 σασα,
552 4282 739 4353 φησὶν,
781 4274 826 4333 ὦ
865 4277 1244 4350 Ἰερουσαλὴμ,
1287 4276 1389 4331 οὐκ
1420 4273 1602 4341 εἶπας·
1650 4277 1937 4345 Παύσομαι

351 4373 695 4443 ἐνισχύουσα,
755 4372 1053 4436 τουτέστιν,
1122 4371 1224 4425 οὐκ
1273 4368 1547 4439 ἀνέκοψας
1594 4371 1707 4431 τοῖς
1752 4367 1935 4421 ἐπιλο-

351 4465 570 4533 γισμοϊς
593 4463 692 4532 τὴν
730 4463 824 4516 ἐπὶ
858 4463 928 4516 τὰ
959 4462 1156 4532 αἰσχίω
1188 4460 1437 4532 πρόοδον,
1474 4460 1537 4514 οὐ
1582 4459 1937 4530 μεμέτρηκας

2042 3262 2247 3317 tionunt
2303 3262 2944 3332 impressionibus:quod
2995 3261 3154 3318 docet
3226 3262 3621 3326 Parmntiasta,

2039 3356 2223 3411 dicens
2244 3373 2257 3410 :
2277 3374 2296 3407 ι
2322 3353 2507 3411 Pravae
2521 3356 2664 3411 enim
2690 3355 3042 3424 cogitationes
3067 3365 3320 3425 separant
3340 3374 3367 3414 ει
3392 3356 3499 3411 Deo
3521 3358 3612 3423 ω,

2038 3457 2094 3502 et
2121 3448 2485 3502 inconstantia
2521 3447 2833 3517 cupiditatis
2866 3449 3220 3500 transversim
3275 3451 3416 3518 rapit
3469 3466 3621 3502 men-

2042 3548 2149 3592 tem
2180 3537 2523 3593 innocentem
2558 3539 2601 3592 ⁸.
2641 3557 2660 3591 ι
2714 3537 3056 3592 Retrabenda
3110 3548 3194 3594 est
3254 3539 3418 3608 igitur
3466 3541 3623 3595 nobis

2040 3642 2216 3695 mens,
2247 3629 2292 3683 si
2316 3630 2447 3685 velit
2473 3629 2525 3683 in
2563 3644 2726 3699 rupes
2754 3644 2995 3699 praeceps
3021 3630 3121 3696 ire,
3159 3641 3215 3688 et
3254 3629 3411 3686 foedis
3436 3632 3619 3686 exsul-

2042 3729 2158 3775 tare
2189 3719 2573 3791 voluptatibus,
2617 3723 2834 3794 illisque
2868 3727 3180 3793 assuelieri;
3223 3742 3309 3793 ne,
3350 3728 3400 3783 si
3436 3728 3622 3784 multis

2040 3810 2192 3867 hisce
2231 3811 2334 3867 viis
2380 3811 2670 3884 defatigata
2714 3816 2807 3879 sit,
2843 3817 3021 3886 praeda
3072 3817 3167 3872 fiat
3211 3817 3435 3877 diaboli.
3489 3817 3616 3874 Haec

2041 3901 2226 3974 igitur,
2259 3904 2454 3973 inquit,
2484 3920 2607 3959 cum
2640 3904 2839 3974 fecisti,
2867 3922 2900 3964 ο
2924 3906 3246 3978 Jerusalem,
3272 3926 3379 3965 non
3410 3911 3618 3975 dixisti,

2029 3995 2283 4053 Desinam
2317 3990 2649 4064 éonfortata,
2688 3997 2738 4053 id
2771 4008 2876 4067 est,
2909 4014 3125 4055 cursum
3158 4002 3300 4057 hunc
3324 4001 3376 4055 in
3412 4002 3620 4070 turpio-

2039 4103 2122 4153 ra,
2151 4089 2542 4158 posterioribus
2589 4091 2831 4148 consiliis
2873 4091 3040 4165 804
3092 4107 3197 4148 non
3256 4094 3619 4164 interrupisti,

2038 4181 2326 4249 apostasia
2355 4182 2573 4237 modum
2605 4198 2713 4237 non
2754 4182 3079 4252 imposuisti,
3111 4185 3353 4240 studium
3385 4186 3451 4238 ad
3479 4185 3618 4239 mala

2038 4286 2147 4328 non
2183 4272 2512 4339 exstinxisti,
2542 4273 2637 4330 sed
2678 4273 2870 4345 majori
2921 4276 3273 4332 contentione
3299 4276 3615 4344 incubuisti,

2039 4374 2100 4419 ut
2125 4378 2188 4420 ea
2219 4362 2427 4420 faceres
2474 4381 2593 4434 quae
2622 4380 2691 4422 ne
2735 4367 2908 4437 primo
2949 4367 3165 4437 quidem
3208 4378 3450 4440 tempore
3500 4369 3615 4424 ﬁeri

2039 4454 2376 4512 debuissent.
2398 4454 2578 4511 Animi
2609 4459 2754 4513 enim
2779 4458 2862 4514 vel
2891 4460 3235 4516 mediocriter
3260 4461 3616 4532 intelligentis

352 4552 452 4623 τὴν
499 4550 821 4615 ἀπόστασιν,
852 4553 940 4622 ,οὐ
991 4551 1293 4615 κατέλυσας
1351 4551 1450 4622 τὴν
1502 4550 1585 4613 είς
1637 4549 1706 4603 τὰ
1755 4547 1936 4617 φαῦλα

2040 4544 2274 4602 oliicium
2300 4556 2403 4611 est,
2431 4550 2626 4603 erratis
2654 4557 2706 4605 et
2727 4558 2952 4620 peccato
2996 4551 3137 4607 nolle
3177 4553 3472 4623 implicari;
3530 4555 3615 4606 sin

354 4639 614 4711 σπουδὴν,
651 4639 925 4693 ἐπίκεισαι
957 4639 1015 4692 δὲ
1048 4640 1251 4710 μᾶλλον
1290 4641 1649 4713 ἐντονώτερον
1685 4638 1764 4710 τῷ
1799 4640 1931 4710 δρᾷν

352 4732 580 4794 ἐθέλειν,
623 4732 659 4786 ἃ
697 4734 837 4804 χρῆν
871 4732 934 4803 δή
966 4750 1067 4786 που
1118 4734 1253 4803 μηδέ
1293 4735 1542 4802 γενέσθαι
1586 4736 1688 4807 τὴν
1735 4733 1929 4804 ἀρχήν.

353 4819 546 4889 Ψυχῆς
582 4820 682 4890 μὲν
719 4820 829 4891 γὰρ
852 4819 1010 4890 ἔργον
1044 4821 1179 4884 ἐστὶ,
1209 4819 1310 4874 κᾶν
1335 4820 1465 4891 γοῦν
1502 4822 1731 4893 μετρίαν
1775 4820 1933 4893 ἐχού-

355 4925 455 4980 σης
477 4909 712 4976 σύνεσιν,
741 4909 799 4962 τὸ
825 4911 902 4981 μὴ
944 4908 1142 4964 ἁλῶναι
1176 4908 1349 4963 θέλειν
1378 4912 1666 4982 αίτιάμασι
1708 4914 1820 4975 τοῖς
1852 4914 1932 4975 είς

353 4999 668 5073 ἁμαρτίαν*
714 5002 763 5054 εί
818 5000 876 5055 δὲ
919 5000 982 5073 δή
1020 5017 1124 5054 που
1179 5001 1387 5069 γένοιτο
1422 5001 1517 5054 καλ⁵
1551 5002 1742 5055 παθεῖν
1776 5003 1928 5065 αὐτὸ,

355 5090 459 5145 κᾶν
484 5088 619 5160 γοῦν
643 5092 861 5147 ἑλέσθαι
894 5096 1194 5165 μετανοεῖν,
1227 5095 1315 5146 καὶ
1344 5093 1432 5147 διὰ
1456 5094 1554 5165 τὴς
1581 5097 1664 5159 είς
1693 5095 1754 5148 τὸ
1776 5096 1932 5165 ἄμει-

353 5198 446 5235 νον
482 5183 793 5255 ἀναδρομῆς
820 5183 1306 5240 ἀποσκευάσασθαι
1321 5185 1389 5239 τὰ
1417 5185 1757 5255 ἐγκλήματα.
1790 5186 1852 5239 ΕΞ
1873 5186 1931 5239 δὲ

353 5271 602 5343 ἀσχέτως
628 5275 991 5347 καταφέροιτο
1015 5277 1152 5348 πρὸς
1175 5276 1240 5330 τὰ
1271 5275 1487 5345 αίσχίω,
1522 5277 1836 5345 παραιτοῖτό
1872 5294 1933 5330 τε

353 5364 767 5437 προσεπιτούτφ
782 5367 843 5419 τὸ
863 5367 1058 5437 χρῆναι
1086 5365 1734 5439 μετανοεῖν,προσέθηκεν
1757 5368 1935 5438 ἁμαρ-

352 5454 474 5510 τίαν
503 5457 589 5527 ἐφ⁸
623 5458 887 5531 ἁμαρτίᾳ,
920 5459 1262 5531 ἀρρώστημα
1300 5459 1357 5513 δὲ
1398 5460 1485 5513 ἐπ’
1536 5460 1933 5530 ἀρῤωστήματι

354 5543 635 5600 παθοῦσαν
664 5548 833 5619 αὐτὴν
861 5548 1066 5601 ἔνεστιν
1095 5548 1242 5606 ἰδεῖν.
1286 5551 1533 5604 Αἰτιᾶται
1561 5549 1688 5619 γοῦν
1721 5550 1844 5612 τοὺς
1876 5553 1932 5601 ἐν

2038 4638 2145 4695 boc
2189 4639 2304 4694 licri
2352 4642 2650 4710 contingat,
2686 4640 2821 4695 velle
2860 4642 3050 4697 saltem
3084 4644 3422 4714 resipiscere,
3449 4654 3503 4700 et
3534 4660 3618 4699 re-

2040 4745 2203 4785 cursu
2233 4732 2300 4784 ad
2337 4730 2555 4785 meliora
2590 4732 2772 4788 delere
2806 4733 3057 4789 crimina.
3092 4734 3185 4790 Sin
3219 4736 3480 4807 praecipiti
3515 4736 3615 4789 im-

2040 4830 2163 4891 pelu
2196 4822 2263 4875 ad
2327 4822 2565 4892 turpiora
2615 4823 2969 4892 devolvatur,
3021 4837 3342 4897 recusetqne
3398 4827 3616 4894 insuper

2040 4913 2403 4983 resipiscere:
2443 4923 2725 4983 peccatum
2749 4915 2964 4970 additur
3002 4927 3245 4984 peccato,
3288 4925 3342 4970 et
3369 4913 3614 4968 morbum

2040 5004 2227 5059 videas
2257 5004 2445 5058 morbo
2474 5003 2758 5059 accedere.
2787 5006 3023 5061 Accusat
3064 5006 3248 5073 itaque
3293 5020 3385 5058 eos
3427 5004 3517 5072 qui
3562 5004 3613 5056 in

2040 5092 2125 5147 his
2151 5092 2448 5148 sceleribus
2475 5102 2778 5157 versantur,
2807 5095 3183 5148 universorum
3216 5091 3379 5159 Deus,
3434 5103 3489 5147 et
3533 5092 3619 5147 in-

2040 5184 2201 5253 quit:
2238 5202 2257 5234 t
2292 5182 2429 5237 Num
2475 5184 2565 5253 qui
2620 5185 2788 5249 cadit,
2846 5200 2953 5238 nun
3008 5183 3293 5255 resurget?
3342 5200 3465 5237 num
3520 5185 3612 5252 qui

2041 5289 2266 5330 aversus
2288 5285 2392 5341 est,
2424 5292 2528 5329 non
2563 5277 2901 5330 revertetur?
2929 5276 3109 5342 Quare
3146 5290 3372 5330 aversus
3402 5287 3482 5329 est
3514 5290 3611 5344 po-

2041 5367 2198 5436 pulus
2227 5368 2314 5423 hic
2355 5369 2637 5423 aversione
2682 5358 3101 5437 impudente,’et
3146 5366 3450 5421 conlirmati
3486 5372 3613 5422 sunt

2042 5456 2095 5510 in
2121 5457 2400 5512 voluntate
2423 5473 2541 5524 sua,
2581 5469 2633 5513 et
2661 5459 2949 5513 uoluerunt
2973 5458 3170 5512 reverti
3201 5457 3262 5509 δῖ’
3304 5475 3320 5507 ι
3351 5457 3455 5511 Sed
3481 5456 3607 5526 quia

1990 5574 1995 5577 ι
2044 5548 2156 5601 haec
2185 5549 2377 5611 fecisti,
2414 5549 2606 5619 inquit,
2652 5558 2934 5620 pt-Opterea
2978 5564 3083 5619 non
3126 5548 3471 5619 interregasti
3502 5562 3608 5600 tuo.

431 5722 449 5755 ⁸
486 5724 585 5781 lsa.
623 5741 662 5795 ι,
693 5725 747 5782 2.
826 5728 902 5768 ¹-³
934 5727 1094 5783 Prov.
1130 5743 1217 5794 xv,
1256 5726 1346 5783 2‘5.
1394 5729 1411 5760 ⁸
1447 5730 1574 5802 Sap.
1619 5745 1690 5797 tv,
1727 5729 1808 5785 1'2.
1886 5731 1906 5760 '

2048 5774 2055 5783 .
2089 5746 2203 5792 vm,
2251 5730 2292 5783 ί.
