4096 6212
478 260 617 318 1137

1497 273 1557 328 S.
1599 270 1871 329 CYBlLLl
1908 270 2379 328 ALEXANDRINI
2421 270 2740 328 ARCHIEP.

3594 272 3728 329 1168

481 378 541 429 At
574 391 697 431 cum
730 384 834 431 tam
864 375 1002 434 {teda
1034 385 1088 435 et
1120 380 1474 438 abominanda
1517 386 1694 444 facere
1734 403 1896 443 ausus
1943 388 2036 455 sis,

2146 388 2359 452 τούτοις
2400 387 2562 451 ὄντας
2599 390 2628 442 6
2662 386 2770 441 τῶν
2806 387 2943 441 ὅλων
2990 387 3143 455 Θεὸς,
3183 388 3277 443 καί
3324 405 3476 460 φησι·
3521 406 3539 438 ι
3567 388 3660 458 Μὴ
3702 391 3733 442 6

476 484 542 522 an
578 484 682 522 non
716 470 999 538 Oportebat
1031 486 1218 542 preces
1248 475 1491 543 fundere,
1521 488 1573 533 et
1615 495 1645 535 ιι
1683 481 1792 535 Deo
1831 480 2044 535 miseri-

479 560 714 615 t-ordiam
745 562 965 631 petere?
996 564 1238 636 Suscipit
1265 570 1408 623 enim
1438 585 1531 626 eos
1563 574 1652 642 qui
1685 574 1865 627 volunt
1912 573 2046 629 resi-

478 651 704 720 piscere,
732 651 904 709 bonus
942 667 1130 711 natura
1165 675 1286 714 cum
1328 662 1420 726 sil,
1445 664 1608 733 etqui
1644 665 1789 719 novit
1825 664 2047 735 ﬁgmen-

480 753 589 796 tum
625 750 867 798 nostrum
903 745 1118 813 “,jnxta
1149 748 1200 801 id
1251 752 1393 819 quod
1438 755 1697 822 scriptum
1748 764 1850 812 est.
1905 756 2048 811 Dixit

478 833 645 905 igitur
673 849 767 904 per
790 852 954 891 unum
985 854 1015 893 e
1041 841 1242 895 sanctis
1265 843 1541 914 pr0phctis
1574 863 1587 899 :
1618 864 1637 897 ι
1669 845 2041 911 Revertimini,

478 925 592 990 lilii,
638 937 987 992 revertentes.
1026 939 1077 983 et
1122 932 1323 986 sanabo
1353 935 1707 992 contritiones
1739 947 1967 992 vestras.
2018 957 2037 990 ι

479 1016 746 1074 Extrema
771 1019 933 1090 igitur
963 1021 1244 1077 dementiae
1278 1025 1530 1082 indicium
1564 1037 1668 1093 est,
1701 1036 1755 1084 et
1778 1028 2046 1085 omnimo-

474 1108 556 1164 dae
580 1110 907 1176 eversionis,
932 1121 989 1166 ut
1022 1114 1112 1182 qui
1156 1114 1207 1168 in
1239 1124 1317 1169 tot
1345 1117 1502 1172 malis
1526 1120 1723 1173 versati
1767 1127 1915 1183 sunt,
1944 1120 2039 1175 de.

476 1201 767 1269 dignentur
788 1217 815 1256 a
848 1201 957 1259 Deo
988 1205 1412 1260 misericordiam
1443 1207 1752 1277 implorare,
1797 1225 1919 1265 cum
1950 1226 2042 1265 er-

476 1300 716 1346 ratorum
749 1294 1108 1351 confessione.
1148 1296 1418 1367 Scriptum
1452 1309 1532 1353 est
1563 1300 1704 1353 enim
1741 1318 1755 1355 :
1789 1319 1809 1353 ι
1867 1300 1961 1356 Dic
1988 1309 2041 1356 tu

472 1393 690 1450 peccata
723 1393 812 1440 tua
843 1388 1007 1455 prior,
1040 1396 1097 1441 ut
1120 1387 1435 1458 justiticeris
1463 1390 1504 1444 ⁷.
1544 1409 1563 1443 ›
1601 1390 1788 1446 Psallit
1820 1392 2039 1462 quidam

470 1476 656 1546 etiam,
681 1489 735 1534 et
762 1479 935 1549 inquit
968 1496 982 1534 :
1026 1498 1045 1532 ι
1079 1480 1220 1549 Dixi,
1254 1480 1564 1538 Enuntiabo
1591 1493 1783 1538 contra
1820 1498 1903 1538 me
1935 1484 2041 1538 ini-

471 1571 728 1638 quitatem
752 1586 925 1627 meam
955 1574 1181 1628 Domino
1207 1592 1220 1628 :
1260 1584 1313 1629 et
1342 1583 1394 1627 tu
1425 1574 1676 1630 remisisti
1709 1575 2038 1645 impietatem

470 1662 650 1718 cordis
673 1662 775 1717 mei
810 1664 851 1717 °.
886 1680 905 1715 ι
936 1662 1030 1718 Usi
1065 1671 1189 1720 sunt
1212 1673 1388 1720 autem
1419 1664 1587 1720 Judaei
1631 1667 1839 1721 ratione
1868 1666 2038 1721 imbe-

2150 483 2365 536 πίπτων
2384 482 2483 535 οὐκ
2502 481 2784 535 ἀνίσταται
2810 498 2825 547 ;
2857 480 2890 552 ἢ
2925 483 2954 534 6
2973 481 3334 554 ἀποστρέφων
3354 481 3453 534 οὐκ
3478 480 3735 552 ἐπιστρέ-

2148 587 2276 640 φει;
2333 570 2479 625 διατί
2530 569 2874 642 ἀπέστρεψεν
2907 571 2934 623 6
2985 570 3113 634 λαὸς
3167 566 3322 634 οὗτος
3373 571 3731 641 ἀποστροφὴν

2147 662 2360 732 ἀναιδῆ.
2382 661 2480 715 καὶ
2510 660 2997 733 κατεκρατήθησαν
3015 664 3072 714 ἐν
3095 664 3160 732 τῇ
3184 663 3502 733 προαιρέσει
3528 660 3729 723 αὐτῶν,

2146 754 2238 807 καὶ
2262 753 2362 806 οὐκ
2393 752 2673 824 ἠθέλησαν
2692 752 2788 806 τοῦ
2825 752 3153 823 ἐπιστρέψαι
3170 770 3196 826 δ
3224 772 3242 804 ι
3283 752 3421 805 Ἀλλ’
3444 755 3529 807 δτι
3554 752 3728 806 ταῦτα

2147 848 2458 918 πέπρακας,
2496 845 2652 917 φησὶ,
2686 844 2774 899 διά
2800 845 2959 899 τοῦτο
2986 847 3045 899 οὐ
3069 844 3402 917 κατεδεήθης
3438 862 3562 915 μου.
3594 844 3729 898 Καί-

2145 955 2226 992 τοι
2260 938 2379 1001 πῶς
2408 936 2470 990 οὗ
2501 922 2700 1008 μᾶλλον
2740 937 2927 1009 ἐχρῆν,
2961 936 3151 1007 ἐπειδὴ
3197 936 3267 989 τὰ
3313 935 3486 999 οὕτως
3523 936 3727 1007 αἰσχρά

2145 1029 2240 1083 καὶ
2302 1029 2586 1099 ἀπόϐλητα
2630 1027 2825 1100 δράσαι
2875 1028 3248 1099 τετόλμηκας,
3307 1028 3583 1081 ἀνατεῖναι
3629 1027 3728 1092 τὰς

2149 1122 2449 1193 ἱκετηρίας,
2480 1120 2702 1191 αίτῆσαί
2734 1136 2793 1172 τε
2821 1120 2974 1191 παρά
2997 1118 3133 1173 Θεοῦ
3160 1119 3254 1172 τὸν
3293 1119 3481 1184 ἔλεονς
3510 1119 3726 1189 δέχεται

2145 1213 2254 1284 γὰρ
2281 1214 2410 1278 τοὺς
2440 1215 2724 1284 μετανοεῖν
2756 1211 3060 1275 ἐθέλοντας,
3090 1210 3292 1280 ἀγαθὸς
3311 1210 3387 1263 ὢν
3419 1210 3601 1279 φύσει,
3632 1210 3728 1263 καὶ

2144 1304 2299 1368 εἰδὼς
2333 1304 2396 1357 τὸ
2432 1304 2658 1374 πλάσμα
2682 1302 2858 1374 ἡμῶν,
2891 1303 3032 1357 κατά
3053 1302 3114 1355 τὸ
3138 1301 3542 1374 γεγραμμένον.
3578 1304 3724 1372 Ἔφη

2144 1396 2274 1466 γοῦν
2298 1396 2364 1448 δι’
2385 1396 2502 1458 ἐνὸς
2539 1394 2643 1447 τῶν
2669 1394 2838 1462 ἁγίων
2873 1394 3188 1464 προφητῶνο
3224 1413 3243 1445 ι
3292 1393 3724 1466 Ἐπιστράφητε,

2143 1485 2269 1551 υίοὶ,
2302 1484 2741 1555 ἐπιστρέςςοντες,
2793 1482 2887 1536 καὶ
2941 1484 3165 1553 ἰάσομαι
3211 1481 3281 1535 τά
3337 1484 3728 1555 συντρίμματα

2141 1577 2314 1648 ὑμῶν.
2330 1595 2349 1629 ι
2369 1576 2653 1638 Ἀπονοίας
2683 1569 2776 1628 οὖν
2804 1572 3077 1638 ἀπόδειξις
3102 1573 3200 1645 τῆς
3221 1575 3455 1645 ἐσχάτης
3502 1576 3599 1628 καὶ
3624 1576 3726 1646 τῆς

2142 1669 2825 1742 είσάπανάποστροφῆς,τδ
2838 1670 2896 1721 ἐν
2922 1671 3113 1732 κακοῖς
3135 1668 3398 1738 γεγονότα
3422 1669 3721 1737 τοσούτοις,

469 1751 592 1807 cilia
617 1762 670 1808 et
700 1753 938 1821 infirma,
964 1769 1027 1810 ac
1056 1754 1210 1826 plena
1261 1756 1598 1826 ignorantiae.
1642 1757 2036 1813 Persuadeban-

2147 1760 2222 1832 μὴ
2260 1758 2590 1831 ἀνασχέσθαι
2637 1759 2789 1828 παρὰ
2838 1757 2974 1811 Θεοῦ
3023 1758 3114 1811 καὶ
3165 1758 3295 1826 γοῦν
3344 1757 3407 1811 τὸ
3453 1758 3723 1812 ἐλεεῖσθαι

472 1852 560 1896 tur
581 1843 725 1898 enim
755 1845 986 1900 deiicere
1019 1859 1048 1898 a
1076 1845 1182 1898 Deo
1211 1845 1449 1912 vivente,
1479 1856 1535 1902 et
1568 1848 1635 1904 ad
1683 1849 1812 1904 deos
1838 1848 2042 1905 alienos

468 1935 761 2003 declinare,
816 1940 958 2008 quod
999 1937 1323 2009 Babylonica
1366 1941 1514 1996 acies
1551 1940 1776 2013 jamjam
1815 1951 2039 1998 ventura

469 2026 841 2084 nuntiabatur.
879 2029 1007 2096 Sed,
1044 2045 1077 2085 ο
1109 2031 1388 2101 insipiens,
1420 2033 1612 2102 inquit,
1638 2049 1798 2104 quem
1849 2034 2043 2090 timens

466 2121 754 2186 perterrita
790 2136 871 2187 es,
904 2129 960 2178 et
992 2123 1215 2178 mentita
1250 2138 1310 2179 es
1337 2124 1512 2179 mihi?
1545 2124 1719 2180 Homo
1748 2134 1829 2182 est
1863 2125 2040 2196 Baby-

467 2211 730 2266 loniorum
775 2222 1053 2284 tyrannus,
1088 2226 1143 2272 et
1167 2232 1278 2287 prae
1306 2216 1482 2272 divina
1507 2220 1772 2288 potentia,
1819 2221 2041 2275 omnino

466 2302 599 2358 nihil
631 2313 706 2359 est
739 2304 856 2373 ejus
889 2309 1183 2365 exercitus.
1210 2309 1486 2380 Scriptum
1513 2323 1597 2367 est
1624 2300 1767 2367 enim
1801 2313 1864 2368 de
1892 2311 2039 2370 Deo:

470 2414 489 2447 ι
535 2394 635 2462 Qui
690 2398 931 2454 continet
971 2401 1155 2456 orbem
1199 2412 1359 2459 terrae
1411 2413 1466 2460 et
1514 2404 1819 2460 habitantes
1853 2408 1905 2459 in
1951 2419 2037 2471 ea,

464 2487 611 2542 velut
633 2488 851 2545 cicadas.
891 2509 911 2542 ι
944 2491 1091 2546 Dixit
1122 2508 1310 2548 rursus
1332 2495 1594 2565 prOpheta
1619 2493 1788 2551 Isaias
1817 2514 1831 2549 :
1869 2515 1887 2549 ι
1911 2497 2039 2552 0m-

465 2592 560 2633 nes
582 2589 791 2648 gentes,
820 2588 877 2634 ut
912 2580 1053 2636 stilla
1079 2580 1242 2652 805
1272 2584 1409 2647 cadi,
1445 2592 1499 2637 et
1524 2593 1583 2637 ut
1607 2584 1773 2638 saliva
1822 2596 2039 2653 reputa-

462 2668 687 2736 buntur,
742 2684 807 2725 ac
847 2680 906 2724 ut
955 2680 1283 2728 momentum
1336 2683 1554 2730 statera:
1599 2676 2034 2733 aestimabuntur.

460 2761 560 2816 Cui
588 2764 946 2834 comparastis
976 2764 1294 2820 Dominum?
1327 2775 1383 2822 et
1414 2766 1499 2821 cui
1535 2768 1873 2823 similitudini
1896 2771 2036 2825 assi-

461 2850 695 2907 milastis
737 2866 860 2908 eum
907 2852 928 2886 ⁹
964 2852 1035 2908 ἳι
1086 2854 1487 2911 Dementissimi
1535 2855 1698 2926 igitur
1750 2867 1877 2912 sunt
1945 2859 2036 2929 qui

460 2953 736 2999 terrenum
791 2944 1066 3001 hominem
1123 2945 1233 3003 Deo
1293 2947 1569 3004 fortiorem
1626 2956 1926 3019 putarunt,
1982 2959 2039 3005 et

457 3037 705 3091 ementiti
732 3046 857 3093 sunt
888 3039 1141 3108 pietatem
1175 3054 1303 3110 erga
1341 3041 1513 3108 illum,
1540 3042 1642 3096 rati
1669 3058 1726 3098 se
1762 3052 2034 3097 servatum

459 3126 523 3179 iri
551 3141 648 3196 per
671 3143 765 3183 eos
788 3129 878 3198 qui
906 3144 1009 3184 non
1038 3141 1161 3184 sunt
1206 3132 1300 3186 dii.
1338 3132 1468 3198 Quae.
1513 3134 1656 3188 enim
1706 3148 1826 3189 esse
1859 3142 2036 3202 potest

460 3214 663 3269 utilitas
686 3229 750 3269 ex
783 3215 957 3285 lapide
984 3227 1037 3272 et
1069 3219 1246 3288 ligno?
1273 3220 1366 3274 Est
1389 3221 1768 3291 igiturdiclum
1788 3225 1853 3280 de
1884 3226 2029 3280 illis:

461 3305 527 3358 Et
554 3305 605 3360 in
638 3314 878 3374 tempore
915 3308 1176 3364 malorunt
1222 3326 1441 3366 suorum
1492 3313 1690 3379 dicent,
1752 3314 1922 3388 Surge
1980 3325 2036 3372 et

459 3407 613 3448 serva
643 3409 761 3450 nos.
790 3392 857 3449 Et
878 3396 967 3452 ubi
1002 3408 1130 3453 sunt
1160 3398 1231 3454 dii
1266 3402 1370 3466 tui,
1407 3416 1543 3472 quos
1570 3401 1740 3459 fecisti
1768 3405 1864 3461 tibi
1899 3408 2033 3477 ipsi?

459 3483 518 3541 Si
551 3496 834 3559 resurgent
859 3490 1151 3545 servabunt
1187 3501 1259 3561 te,
1292 3503 1530 3566 tempore
1561 3494 1862 3553 alliietionis
1904 3508 2030 3554 tum.

455 3575 525 3630 Et
545 3578 758 3633 mentiti
794 3587 918 3634 suat
955 3579 1086 3648 Deo,
1127 3598 1231 3638 non
1264 3587 1445 3640 verbis
1485 3594 1691 3640 tantum
1735 3588 1835 3642 hoc
1876 3589 2035 3644 facti-

457 3678 654 3737 tantes,
690 3671 784 3727 sed
817 3673 976 3729 rebus
1008 3674 1153 3745 ipsis.
1185 3674 1497 3745 Cuiusmodi
1523 3687 1606 3733 est
1637 3688 1692 3733 et
1741 3679 1873 3734 illud
1909 3689 2033 3736 tan-

459 3772 571 3817 tum
603 3764 906 3835 exemplum
943 3767 1009 3822 de
1040 3768 1144 3824 illis
1172 3770 1374 3824 dictum
1413 3787 1426 3824 :
1462 3788 1482 3822 ι
1518 3771 1581 3827 Et
1623 3773 1932 3842 exspectavi
1976 3782 2031 3830 ut

456 3855 641 3911 ederet
667 3873 846 3925 uvam,
890 3863 983 3916 sed
1011 3862 1181 3918 edidit
1208 3862 1410 3932 Spinas,
1456 3878 1562 3918 non
1596 3863 1889 3934 justitiam,
1936 3867 2031 3922 sed

452 3946 713 4017 judicium
742 3952 807 4007 ιο.
849 3971 867 4005 ι
905 3953 1051 4007 Dixit
1072 3956 1234 4009 etiam
1264 3955 1477 4010 divinus
1502 3954 1720 4020 Cantor,
1752 3955 1896 4010 velut
1927 3956 2029 4011 sub

458 4054 686 4109 persona
710 4042 936 4110 Christi,
967 4045 1033 4101 de
1058 4045 1164 4102 illis
1195 4065 1207 4101 :
1248 4065 1267 4097 ι
1307 4046 1426 4101 Filii
1460 4046 1621 4102 alieni
1662 4048 1871 4102 mentiti
1903 4056 2030 4102 sunt

453 4132 610 4198 mihi,
642 4143 697 4190 et
731 4135 823 4190 tilil
849 4136 1011 4192 alieni
1045 4138 1327 4193 inveterati
1354 4137 2031 4205 sunt,etclaudicaverunt

454 4240 483 4275 a
512 4226 719 4281 semitis
753 4227 865 4284 suis
893 4230 960 4283 ”.
994 4247 1013 4281 ι

2144 1848 2328 1919 ζητεῖν
2361 1849 2497 1919 μετά
2517 1848 2616 1919 τῆς
2649 1848 2758 1902 τῶν
2787 1846 3143 1916 πταισμάτων
3174 1846 3484 1916 ὁμολογίας.
3513 1847 3723 1918 Γέγρα-

2144 1954 2275 1992 πται
2308 1939 2436 2007 γὰρ,
2462 1938 2544 1991 ὅτι
2577 1956 2593 1987 ι
2616 1936 2756 2005 Λέγε
2785 1937 2848 1989 σὺ
2869 1935 2964 1998 τὰς
2993 1934 3225 2005 ἀνομίας
3248 1951 3342 1988 σου
3369 1936 3606 2006 πρῶτος,
3633 1936 3720 1989 ἵνα

2140 2027 2699 2099 δικαιωθῇς.›Ψάλλει
2716 2026 2773 2081 δέ
2797 2044 2902 2090 τις,
2928 2028 3022 2080 καί
3050 2043 3235 2098 φησιν’
3252 2046 3270 2078 ι
3291 2022 3453 2081 Εἶπα·
3494 2027 3719 2097 Ἐξαγο-

2145 2120 2322 2191 ρεύσω
2354 2122 2474 2174 κατ’
2504 2118 2640 2189 ἐμοῦ
2682 2119 2780 2189 τὴν
2827 2118 3058 2189 ἀνομίαν
3102 2135 3203 2189 μου
3237 2116 3315 2189 τῷ
3360 2118 3569 2189 Κυρίῳο
3624 2118 3719 2172 καὶ

2142 2214 2207 2267 σὺ
2251 2213 2470 2284 ἀφῆκας
2508 2211 2610 2283 τὴν
2648 2209 2900 2264 ἀσέϐειαν
2947 2212 3045 2282 τῆς
3086 2210 3313 2282 καρδίας
3342 2226 3470 2281 μου.
3513 2229 3532 2260 ι
3576 2209 3717 2263 ’Δλλ’

2138 2301 2209 2378 ἦν
2237 2322 2323 2369 τις
2368 2307 2481 2368 τοῖς
2533 2303 2805 2367 Ἰουδαίοις
2832 2303 3011 2372 λόγος,
3042 2303 3241 2375 σαθρός
3261 2320 3319 2355 τε
3347 2303 3443 2356 καὶ
3468 2301 3714 2366 ἄναλκις,

2141 2396 2236 2450 καὶ
2283 2395 2523 2466 ἀμαθίας
2567 2393 2848 2465 ἔμπλεως’
2900 2394 3219 2448 διετείνοντο
3260 2394 3370 2465 γὰρ
3412 2394 3713 2463 ἀποστῆναι

2139 2488 2250 2541 ἀπὸ
2296 2487 2432 2540 Θεοῦ
2491 2486 2713 2551 ζῶντος,
2773 2486 2867 2538 καὶ
2919 2486 3247 2556 προσνεῦσαι
3300 2484 3438 2548 Θεοῖς
3479 2484 3710 2555 ἑτέροις,

2139 2580 2371 2650 ἐπείπερ
2404 2580 2587 2642 αὐτοῖς
2626 2580 2656 2632 6
2681 2577 3040 2633 Βαϐυλωνίων
3068 2578 3222 2649 ὄχλος
3247 2578 3320 2640 ῶς
3350 2578 3473 2630 ὅσον
3496 2578 3717 2629 οὐδέπω

2138 2670 2510 2741 παρεσόμενος
2545 2669 2939 2741 ἀπηγγέλλετο.
2956 2669 3115 2734 Ἀλλ’,
3138 2664 3183 2722 ὦ
3205 2668 3526 2740 παράφρων,
3555 2667 3715 2739 φησὶ,

2136 2761 2258 2814 τίνα
2288 2760 2588 2831 φοϐηθεῖσα
2608 2759 2944 2831 ηὑλαϐήθης,
2974 2761 3066 2814 καὶ
3097 2759 3307 2830 ἐψεύσω
3330 2778 3435 2829 με;
3468 2759 3721 2829 ’Δνθρωο

2140 2869 2241 2916 πος
2262 2851 2337 2906 ὢν
2361 2854 2389 2903 6
2415 2851 2774 2907 Βαϐυλωνίων
2804 2851 3086 2923 τύραννος,
3132 2852 3226 2906 καὶ
3264 2852 3339 2915 ὡς
3366 2852 3502 2925 πρός
3527 2868 3591 2921 γε
3617 2850 3718 2922 τὴν

2138 2943 2287 2998 θείαν
2320 2945 2494 3015 ἰσχὺν,
2527 2944 2681 2998 οὐδὲν
2731 2943 3010 3008 παντελῶς
3044 2946 3077 3014 ἡ
3117 2944 3205 2998 ἐπ’
3252 2944 3402 3015 αὐτῷ
3466 2944 3715 3015 στρατιά.

2141 3035 2460 3107 Γέγραπται
2499 3036 2608 3107 γὰρ
2644 3036 2769 3107 περὶ
2790 3036 2959 3089 Θεοῦ·
2996 3056 3015 3088 ι
3051 3037 3108 3089 '0
3148 3039 3399 3107 κατέχων
3426 3038 3516 3091 τὸν
3548 3036 3718 3107 γῦρον

2138 3129 2237 3198 τῆς
2274 3128 2399 3198 γῆς’
2441 3128 2535 3181 καὶ
2564 3129 2613 3180 οἱ
2654 3124 2991 3190 ἐνοικοῦντες
3030 3128 3087 3179 ἐν
3127 3127 3265 3197 αὐτῇ
3303 3127 3381 3189 ὠς
3423 3126 3665 3196 ἀκρίδες.
3691 3143 3710 3175 ι

2142 3222 2288 3291 Ἔφη
2337 3220 2393 3274 δὲ
2425 3219 2586 3274 πάλιν
2616 3220 2645 3272 6
2690 3220 2974 3291 προφήτης
3021 3219 3244 3282 Ἡσαΐας
3269 3235 3314 3270 ἰ
3343 3219 3406 3271 Et
3430 3218 3604 3271 πάντα
3647 3216 3716 3271 τὰ

2139 3312 2268 3383 ἔθνη
2290 3313 2365 3377 ὼς
2400 3312 2614 3382 σταγὼν
2639 3313 2746 3367 ἀπὸ
2783 3313 2967 3377 κάδου,
3002 3314 3097 3366 καὶ
3127 3311 3204 3376 ὡς
3242 3312 3413 3376 σίελος
3459 3311 3718 3383 λογισθή-

2141 3421 2344 3467 σονται,
2377 3405 2472 3457 καὶ
2502 3405 2576 3468 ὡς
2610 3402 2750 3475 ῥοπὴ
2777 3400 2945 3471 ζυγοῦ
2968 3401 3343 3471 ἐλογίσθησαν,
3373 3399 3476 3453 τίνι
3499 3398 3718 3470 ὡμοιώ-

2142 3512 2269 3549 σατε
2302 3495 2527 3567 Κύριον,
2558 3497 2653 3548 καὶ
2678 3495 2781 3549 τίνι
2800 3494 3106 3564 ὁμοιώματι
3128 3493 3445 3564 ὡμοιώσατε
3467 3492 3631 3545 αὐτόν
3652 3508 3670 3559 ;
3690 3510 3712 3544 ι

2152 3568 2493 3643 Ἀνούᾶτατοι
2538 3588 2717 3642 τοίνυν
2753 3590 2801 3641 oi
2834 3588 2969 3643 Θεοῦ
3000 3588 3287 3660 κρείττονα
3330 3587 3420 3640 τὸν
3465 3586 3573 3641 ἀπὸ
3611 3586 3719 3656 γῆς
3764 3620 3777 3629 -

2140 3679 2424 3748 ἄνθρωπον
2453 3674 2592 3733 εἶναι
2626 3680 2968 3750 νομίσαντες,
3014 3679 3110 3733 καὶ
3135 3677 3465 3748 ψευσάμενοι
3498 3676 3594 3747 μὲν
3618 3676 3719 3746 τὴν

2132 3774 2214 3836 είς
2254 3772 2417 3826 αὐτὸν
2461 3771 2767 3839 εὐσέϐειαν,
2828 3771 3103 3842 οἰηθέντες
3148 3770 3208 3824 δὲ
3254 3771 3333 3823 ὅτι
3378 3768 3719 3839 σωθήσονται

2133 3865 2224 3920 διὰ
2254 3866 2362 3919 τῶν
2390 3867 2490 3919 οὐκ
2519 3865 2691 3919 ὄντων
2746 3863 2904 3918 θεῶν.
2956 3863 3093 3916 Ποία
3134 3862 3239 3933 γὰρ
3291 3861 3477 3932 ὄνησις
3520 3858 3717 3929 γένοιτ’

2136 3956 2203 4012 ἂν
2228 3959 2292 4011 ἐκ
2314 3957 2462 4011 λίθου
2496 3957 2588 4011 καὶ
2612 3954 2767 4022 ξύλου
2788 3972 2803 4021 ;
2826 3954 3056 4026 Εἴρηται
3080 3952 3210 4022 γοῦν
3241 3953 3368 4024 περὶ
3395 3950 3719 4005 αὑτῶν·Καί

2137 4050 2195 4102 ἐν
2226 4048 2304 4120 τῷ
2333 4047 2513 4120 καιρῷ
2546 4048 2654 4101 τῶν
2681 4045 2869 4100 κακῶν
2899 4043 3076 4097 αὐτῶν
3104 4043 3335 4115 ἐροῦσινο
3358 4043 3586 4096 ’Δνάστα
3613 4041 3717 4093 καὶ

2137 4140 2308 4194 σῶσον
2339 4142 2505 4211 ἡμᾶς.
2533 4139 2643 4194 Καὶ
2670 4136 2772 4192 ποῦ
2802 4135 2942 4189 είσὶν
2967 4136 3017 4188 οἱ
3041 4134 3152 4188 θεοί
3183 4153 3295 4198 σου,
3330 4133 3423 4197 οὓς
3454 4132 3719 4202 ἐποίησας

2138 4231 2388 4303 cauti-rip;
2431 4233 2479 4284 εί
2512 4231 2923 4302 ἀναστήσονται,
2957 4232 3050 4285 καὶ
3080 4228 3311 4283 σῶσουσί
3350 4244 3407 4280 σε
3449 4229 3505 4279 ἐν
3538 4223 3720 4294 καιρῷ

452 4315 554 4387 τῆς
591 4318 886 4383 κακώσεως
913 4337 1026 4375 σου.
1071 4319 1400 4390 Ἐψεύσαντο
1432 4321 1489 4374 δε
1518 4321 1609 4376 τὸν
1637 4322 1791 4388 Θεὸν,
1828 4322 1889 4376 οὐ
1918 4323 2062 4395 λόγῳ
2098 4323 2258 4377 τοῦτο
2293 4322 2528 4395 δρῶντες
2568 4322 2747 4393 μόνον,
2807 4323 2944 4376 ἀλλά
2968 4322 3075 4393 γὰρ
3103 4320 3169 4374 δι’
3203 4318 3382 4372 αὐτῶν
3411 4317 3517 4370 τῶν
3569 4333 3715 4386 πρα-

450 4413 700 4484 γμάτων,
760 4416 943 4470 ὁποῖόν
1001 4418 1114 4471 ἐστι
1150 4417 1209 4472 τὸ
1240 4416 1367 4490 περὶ
1398 4418 1577 4472 αὐτῶν
1619 4419 1910 4491 εἰρημένον
1957 4418 2034 4484 ὡς
2072 4421 2128 4474 ἐν
2189 4420 2379 4492 τρόπῳ
2444 4418 2905 4490 παραδείγματος·
2955 4438 2973 4468 ι
2998 4418 3109 4471 Καὶ
3152 4414 3413 4484 ἐπέμεινα
3443 4410 3538 4464 τοῦ
3562 4413 3721 4479 ποιῆ-

455 4520 546 4556 σαι
581 4507 875 4577 σταφυλὴν,
927 4509 1189 4580 ἐποίησαν
1216 4509 1272 4564 δὲ
1306 4510 1568 4575 ἀκάνθας,
1615 4512 1709 4565 καὶ
1736 4513 1796 4565 οὐ
1847 4510 2216 4584 δικαιοσύνην,
2283 4494 2423 4564 ἀλλά
2451 4510 2652 4582 κρίσιν.
2687 4528 2705 4561 ι
2752 4511 2897 4580 Ἔφη
2943 4507 2999 4562 δέ
3046 4524 3148 4561 που
3220 4505 3312 4581 καὶ
3339 4506 3368 4556 6
3426 4501 3720 4562 θεσπέσιος

451 4598 704 4669 Μελῳδδς
755 4602 830 4680 ῶς
882 4604 946 4655 ἐκ
992 4605 1280 4674 προσώπου
1332 4605 1569 4680 Χριστοῦ
1655 4607 1784 4678 περὶ
1841 4605 2020 4660 αὐτῶν
2047 4622 2062 4638 ⁸
2109 4626 2127 4658 ι
2170 4605 2291 4659 Υἱοὶ
2362 4605 2631 4676 ἀλλότριοι
2700 4601 2994 4673 ἐψεύσαντό
3069 4617 3195 4670 μοι,
3276 4597 3384 4650 υἱοὶ
3443 4594 3721 4663 ἀλλότριοι

452 4690 890 4765 ἐπαλαιώθησαν,
972 4696 1066 4750 καὶ
1126 4698 1401 4768 ἐχώλοιναν
1469 4699 1577 4754 ἀπὸ
1636 4700 1746 4753 τῶν
1808 4699 2010 4774 τρίϐων
2044 4699 2242 4754 αὐτῶν.
2274 4717 2292 4749 ι

522 4786 686 4842 Vens.
724 4788 909 4845 11-15.
948 4789 1129 4860 Neque
1159 4796 1432 4848 recordata
1459 4813 1511 4850 es
1540 4798 1661 4862 mei,
1691 4813 1853 4865 neque
1877 4812 2017 4849 sum~

2203 4793 2313 4848 Kal
2341 4795 2453 4848 οὐκ
2478 4792 2787 4863 ἐμνήσθης
2808 4809 2950 4861 μου,
2986 4789 3130 4845 οὐδὲ
3152 4785 3366 4851 ἔλαϐές
3381 4800 3458 4853 με
3480 4784 3568 4847 είς
3598 4779 3721 4847 τὴν

452 4881 598 4950 psisti
628 4897 708 4936 me
755 4883 811 4937 in
840 4891 1081 4949 mentent,
1116 4900 1279 4955 neque
1302 4886 1354 4938 in
1378 4903 1468 4940 cor
1507 4896 1676 4941 tuum.
1740 4885 1807 4939 Et
1846 4902 1937 4956 ego
1973 4897 2022 4940 te

2140 4885 2398 4941 διάνοιάν
2427 4903 2544 4940 σου
2568 4928 2582 4951 ,
2626 4886 2770 4940 οὐδὲ
2800 4889 2886 4951 εις
2923 4882 3038 4951 τὴν
3080 4879 3331 4949 καρδίαν
3358 4894 3495 4931 σου.
3544 4875 3723 4943 Κάγώ

453 4978 626 5033 ridens
653 4978 904 5048 despicio,
948 4989 996 5034 et
1025 4997 1106 5035 me
1138 4998 1239 5033 non
1268 4983 1508 5038 timuisti.
1532 4979 1637 5052 Ego
1668 4997 1783 5034 vero
1812 4996 2022 5033 annuu-

455 5069 592 5124 tiaba
625 5070 890 5139 justitiam
926 5088 1114 5136 meam,
1164 5083 1210 5126 et
1256 5074 1394 5125 mala
1454 5083 1566 5135 tua,
1596 5088 1710 5142 qua:
1752 5087 1854 5126 non
1903 5087 2028 5141 pro-

455 5159 638 5214 derunt
667 5160 782 5214 tibi.
818 5161 951 5216 Cum
985 5161 1320 5226 clumaveris,
1360 5162 1582 5231 eripient
1620 5172 1667 5213 te
1693 5162 1748 5214 in
1774 5160 2029 5232 afﬂictio-

455 5257 654 5304 netna.
701 5250 811 5304 llas
850 5252 985 5305 enim
1047 5268 1222 5306 omnes
1276 5267 1454 5306 venrus
1507 5252 1671 5318 tollet,
1731 5260 1780 5306 et
1825 5252 2027 5317 autem

454 5347 747 5410 tempestas.

526 5515 669 5571 Dixit
697 5517 835 5574 Deus
879 5536 1009 5577 voce
1066 5521 1365 5579 Ezechielis
1394 5523 1459 5577 ad
1520 5535 1749 5581 matrem
1810 5527 2024 5584 Judan-

2133 4993 2207 5033 σε
2243 4976 2385 5032 ἰδὼν
2413 4976 2672 5047 παρσρῶ,
2723 4975 2822 5029 καὶ
2871 4974 2977 5044 ἐμὲ
3020 4975 3134 5028 οὐκ
3181 4968 3499 5041 ἐφοϐήθης.
3544 4965 3724 5033 Κάγὼ

2134 5067 2453 5139 ἀπαγγελῶ
2493 5068 2609 5136 τὴν
2654 5068 3048 5132 δικαιοσύνην
3094 5080 3236 5132 μου,
3290 5059 3391 5115 καὶ
3436 5056 3508 5112 τὰ
3558 5054 3726 5109 κακά

2133 5174 2272 5226 σου,
2316 5159 2355 5214 ἆ
2388 5163 2498 5214 οὐκ
2539 5158 2933 5229 ὠφελήσουσι
2979 5172 3071 5210 σε.
3113 5155 3291 5206 Ὅταν
3342 5146 3723 5214 ἀναϐοήσῃς,

2135 5251 2558 5318 ἑξελέσθωσὰν
2618 5267 2693 5307 σε
2744 5251 2814 5305 ἐν
2868 5248 2941 5318 τῇ
3000 5247 3204 5317 θλίψει
3257 5258 3397 5297 σου.
3461 5241 3729 5307 Τούτους

2136 5345 2245 5415 γὰρ
2312 5344 2545 5410 πάντας
2623 5343 2843 5412 ἄνεμος
2915 5338 3173 5407 λήψεται
3197 5373 3214 5401 ,
3310 5332 3409 5388 καὶ
3473 5330 3729 5386 ἀποίσει

2136 5436 2427 5505 καταιγίς.

2210 5528 2354 5597 Ἔφη
2394 5545 2495 5581 που
2526 5526 2657 5588 Θεὸς
2683 5523 2768 5578 διὰ
2799 5522 2980 5592 φωνῆς
3021 5516 3276 5589 Ίεζεχιὴλ
3316 5515 3452 5586 πρὸς
3474 5508 3575 5582 τὴν
3607 5510 3735 5566 τῶν

518 5701 541 5732 ⁸
575 5698 712 5755 Psal.
741 5715 834 5765 cn,
880 5701 964 5759 Η.
1039 5702 1061 5736 τ
1097 5703 1251 5760 Prov.
1284 5722 1442 5775 xvttt,
1486 5708 1566 5764 l7.
1647 5710 1668 5741 "
1700 5709 1839 5787 Psal.
1876 5725 2024 5779 sui,

2186 5710 2207 5741 ’
2238 5710 2342 5764 lsa.
2377 5725 2464 5777 χι,
2496 5708 2575 5763 15.
2658 5709 2698 5740 ⁵ο
2729 5706 2829 5760 Isst.
2868 5723 2916 5760 v.
2949 5704 2999 5759 4.
3081 5704 3119 5734 ”
3161 5702 3299 5756 l‘sal.
3340 5715 3469 5764 τιτι,
3498 5697 3567 5752 ιίϐ
