4096 6212
348 340 483 398 ηΰο
1470 334 1536 391 IN
1578 332 1811 389 lSAlAM
1850 330 1978 385 Lm.
2028 330 2089 389 γ.
2131 330 2370 388 TOMUS
2408 331 2496 388 ιιι.
3473 336 3619 391 ητα

359 456 628 514 Ἰουδαίων
659 455 892 528 μητέρα,
921 453 1065 525 φημὶ
1086 452 1151 525 δὴ
1173 454 1270 525 τὴν
1290 452 1641 522 Συναγωγήν⁸
1684 470 1701 502 ι
1728 448 1923 513 Καθὼς
1956 452 1976 510 Α

2028 465 2170 515 runt,
2202 448 2849 519 Synagngam,inquam:
2896 469 2914 502 ι
2951 451 3416 518 Quemadmodum
3487 451 3619 508 feci-

348 548 632 619 ἐποίησας,
661 547 833 612 οὕτως
870 546 1021 602 ἔσται
1057 564 1159 601 σοι·
1208 546 1266 600 τὸ
1293 547 1357 600 ἀν
1370 545 1641 613 ταπόδομὰ
1678 561 1769 596 σου
1807 544 1930 597 ἀντ-

2029 543 2121 607 sti,
2158 543 2235 597 sic
2265 543 2369 596 erit
2400 543 2517 596 tibi.
2548 542 2853 598 Retributio
2885 555 2974 598 tua
3029 544 3360 600 retribuetur
3411 544 3465 598 in
3521 558 3613 601 ca-

348 639 741 710 αποδοθήσεται
757 640 836 702 είς
866 636 1110 707 κεφαλήν
1131 653 1245 690 σου.
1261 635 1395 688 »Ναὶ
1432 635 1537 705 μὴν
1555 635 1648 687 καὶ
1670 635 1697 686 ὁ
1723 634 1931 702 προφή-

2030 643 2126 705 put
2165 643 2312 688 tmtm
2351 635 2412 689 ".
2453 654 2471 688 ι
2503 635 2642 701 Quin
2663 646 2716 689 et
2745 635 3007 706 propheta
3037 634 3205 691 Isaias
3232 654 3245 690 :
3276 654 3295 686 ι
3340 634 3449 699 νιει,
3476 653 3494 687 ι
3533 635 3614 689 iu-

347 747 446 802 της
461 728 686 792 Ἡσαΐας
701 745 716 759 θ
729 727 897 781 (Οὐαὶ
911 726 989 797 τῷ
1004 726 1211 797 ἀνόμῳ,
1225 744 1241 776 ι
1265 725 1417 795 φησί·
1433 743 1451 775 ι
1478 723 1687 794 πονηρὰ
1704 722 1847 777 κατὰ
1863 721 1932 775 τὰ

2031 725 2171 795 quit,
2197 744 2213 777 ι
2244 725 2431 795 iniquo
2466 744 2479 780 :
2514 725 2655 780 mala
2692 728 2986 781 secundum
3011 742 3174 796 opera
3212 742 3467 781 manuum
3494 742 3617 781 sna-

349 823 486 895 ἔργα
506 821 613 874 τῶν
637 819 840 891 χειρῶν
871 817 1038 872 αὐτοῦ
1067 816 1407 887 συμϐήσεται
1431 814 1597 886 αὐτῷ.
1628 834 1644 865 ι
1680 813 1931 868 Τοιοῦτόν

2034 832 2153 872 rum
2205 817 2521 889 contingent
2552 820 2601 873 ei
2638 819 2702 872 ¹³.
2739 838 2758 872 ι
2802 818 2934 875 Tale
2968 820 3096 890 quid
3135 820 3302 875 etiam
3334 834 3477 875 nuuc
3537 819 3620 874 his

350 932 403 968 τι
428 915 521 968 καὶ
549 911 647 967 νῦν
678 912 764 965 διὰ
785 911 893 964 τῶν
927 908 1301 980 προκειμένων
1329 906 1674 977 σημαίνεται.
1717 904 1932 977 Ἐπειδὴ

2036 908 2215 963 verbis
2266 910 2560 979 propositis
2600 911 2959 978 signiﬁcatur.
3001 908 3274 977 Quoniam
3311 909 3481 973 enim,
3545 909 3621 964 in-

353 1009 459 1076 γάρ
487 1003 586 1076 τὴν
625 1003 757 1074 περὶ
795 999 929 1072 ἐμοῦ
966 998 1168 1068 γνῶσιν
1218 994 1476 1059 ἀπεώσω,
1515 998 1701 1066 φησὶν,
1762 997 1933 1067 ὑπερ-

2033 1000 2169 1069 quit,
2203 1002 2569 1064 cognitionem
2599 1002 2701 1057 mei
2736 1002 3001 1070 repulisti,
3042 1002 3361 1071 despicieris
3420 1018 3450 1057 a
3512 1018 3617 1064 me,

349 1095 598 1168 οραθήσῃ
628 1095 762 1164 παρ’
788 1091 946 1163 ἐμοῦ,
972 1091 1067 1145 καὶ
1083 1089 1312 1161 ίσοπαλῆ
1336 1092 1446 1152 τοῖς
1465 1086 1761 1159 πλημμελή
1771 1104 1933 1157 μασιν

2033 1102 2088 1147 et
2121 1107 2309 1161 parem
2340 1092 2553 1148 delictis
2591 1105 2806 1163 poenam
2838 1094 3067 1150 subibis.
3114 1094 3468 1150 Obliviscitur
3528 1110 3622 1149 an-

353 1187 646 1257 ὑπομενεῖς
702 1184 803 1256 τὴν
839 1183 1017 1252 δίκην.
1087 1178 1535 1234 Ἐπιλανθάνεται
1590 1179 1649 1232 δέ
1705 1195 1787 1241 τις
1837 1177 1931 1231 τοῦ

2036 1194 2141 1239 tetu
2174 1184 2288 1249 Dei,
2341 1183 2458 1255 ejus
2501 1186 2592 1255 qui
2622 1196 2831 1240 .uatnra
2872 1196 2926 1243 et
2953 1201 3079 1242 vere
3114 1186 3254 1242 Deus
3280 1196 3384 1250 est,
3406 1195 3463 1241 et
3497 1187 3622 1240 uni-

348 1278 486 1331 Θεοῦ
520 1276 613 1330 τοῦ
638 1273 966 1344 κατὰφύσιν
991 1272 1085 1327 καὶ
1112 1271 1347 1343 ἀληθῶς,
1391 1271 1485 1324 καὶ
1532 1268 1626 1323 τοῦ
1673 1268 1932 1333 κατεξου-

2036 1292 2315 1332 versorum
2352 1278 2683 1343 dominator,
2716 1294 2818 1334 non
2850 1281 3022 1334 solum
3054 1280 3144 1349 qui
3175 1279 3227 1334 in
3293 1278 3625 1334 oblivionem

353 1369 629 1432 σιάζοντος
688 1365 794 1420 τῶν
827 1365 984 1427 ὅλων,
1015 1363 1137 1435 οὐχὶ
1165 1363 1337 1435 δήπου
1367 1361 1587 1426 πάντως
1638 1362 1718 1424 εἰς
1760 1360 1936 1430 ἀμνη-

2035 1370 2207 1433 venit,
2240 1368 2382 1438 quod
2416 1368 2561 1424 Deus
2614 1370 2720 1436 sit;
2752 1370 3019 1427 daemonia
3066 1371 3211 1426 enim
3267 1370 3499 1426 credunt
3577 1380 3632 1422 et

355 1459 508 1512 στίαν
540 1456 708 1511 ἐλθὼν
739 1455 835 1510 τοῦ
868 1458 951 1511 ὅτι
980 1455 1111 1520 Θεὸς
1145 1454 1260 1508 ἔστι
1307 1452 1513 1526 (καὶτὰ
1539 1451 1790 1522 δαιμόνια
1825 1452 1936 1521 γὰρ

2039 1468 2294 1526 tremunt,
2330 1460 2626 1515 secundum
2669 1461 2893 1531 apostoli
2924 1475 3108 1516 vocem
3139 1461 3214 1528 h;
3239 1461 3332 1517 sed
3354 1462 3446 1531 qui
3514 1474 3625 1513 nou

352 1549 686 1614 πιστεύουσι,
713 1548 808 1602 καὶ
848 1547 1153 1620 φρίττουσι,
1186 1546 1330 1600 κατὰ
1360 1544 1460 1617 τὴν
1481 1542 1575 1597 τοῦ
1635 1543 1935 1599 ἀποστόλου

2037 1552 2289 1623 dignatur
2309 1553 2358 1607 ei
2410 1552 2628 1622 subjici,
2664 1563 2718 1608 et
2741 1552 2862 1623 ejus
2894 1553 3211 1622 praescripta
3268 1552 3418 1621 parvi
3474 1551 3621 1605 :esti-

354 1642 591 1717 φωνὴν),
634 1642 937 1713 ἀφειδήσας
956 1641 1013 1695 δὲ
1048 1639 1249 1712 μᾶλλον
1281 1639 1374 1693 τοῦ
1409 1635 1729 1691 ὑποκεῖσθαι
1762 1634 1938 1689 θέλειν

2039 1656 2169 1709 mat,
2212 1644 2284 1699 ita
2316 1653 2374 1699 ιιι
2399 1642 2618 1700 eﬁ‘reuis
2643 1652 2697 1699 et
2721 1655 3012 1700 contumax
3064 1644 3332 1706 videatur,
3389 1651 3444 1696 et
3498 1656 3619 1697 om~

353 1735 522 1808 αὐτῷ,
594 1737 689 1789 καὶ
745 1734 855 1788 τῶν
910 1735 1042 1804 παρ’
1086 1731 1250 1787 αὐτοῦ
1293 1730 1728 1801 διατεταγμένων
1780 1727 1937 1796 ὀλίγα

2001 1735 2171 1808 _nino
2191 1735 2258 1790 ad
2292 1751 2355 1792 ea
2403 1751 2524 1805 qua:
2586 1748 2775 1792 contra
2834 1734 3067 1791 officium
3114 1746 3239 1790 sunt
3307 1749 3618 1790 conversus.

355 1796 672 1898 φροντίσαςο
705 1825 783 1888 ὡς
839 1796 1049 1894 ἐξήνιον
1101 1822 1331 1895 δρᾶσθαι
1391 1821 1486 1876 καὶ
1524 1796 1780 1891 ἀπειθῆ,
1845 1819 1942 1873 καὶ

2002 1800 2208 1898 ⁵806
2246 1796 2601 1884 Obliviscitur
2644 1842 2775 1885 vero
2804 1828 2948 1884 Deus
2976 1828 3063 1883 vel
3113 1826 3346 1896 despicit
3382 1840 3478 1880 eos
3528 1827 3619 1895 qui

354 1916 664 1989 ὁλοτρόπως
705 1915 1061 1970 ἐκνενευκότα
1099 1914 1235 1983 πρὸς
1306 1914 1416 1967 πᾶν
1486 1912 1819 1977 τούναντίον,
1867 1906 1942 1966 ὧν

2042 1927 2169 1973 sunt
2205 1919 2372 1990 ipsius
2398 1920 2766 1988 immemores,
2795 1936 2917 1975 cum
2956 1928 3162 1974 tantum
3231 1934 3336 1972 non
3407 1926 3625 1972 contra-

358 2009 467 2063 εδει
495 2005 758 2079 πληροῦν.
776 2004 1221 2060 Ἐπιλανθάνεται
1247 2004 1303 2059 δέ
1329 2003 1480 2069 Θεὸς,
1501 2004 1670 2074 ήγουν
1697 2004 1944 2076 ὑπερορᾷ

2044 2009 2125 2063 hit
2176 2025 2396 2065 manum
2424 2026 2578 2066 suam
2615 2012 2956 2078 auxiliarem,
2988 2022 3043 2067 et
3085 2011 3232 2067 omni
3293 2024 3390 2066 eos
3458 2010 3625 2062 nudat

358 2099 467 2154 τῶν
495 2098 955 2171 ἀμνημονούντων
981 2097 1168 2161 αὑτοῦ,
1206 2096 1490 2168 μονονουχὶ
1517 2095 1614 2167 τὴν
1648 2095 1943 2167 ἐπίκουρον

2043 2102 2439 2159 misericordia.
2477 2102 2632 2171 Quod
2665 2104 2850 2159 lsraeli
2875 2103 3095 2159 accidit.
3116 2100 3233 2157 Non
3264 2101 3409 2156 enim
3444 2100 3624 2154 timuit

361 2193 518 2264 χεῖρα
568 2191 897 2257 συστέλλων,
948 2191 1043 2245 καὶ
1090 2188 1306 2260 φειδοῦς
1347 2188 1566 2258 ἀπάσης
1607 2186 1942 2258 ἀπογυμνῶν

2044 2186 2164 2243 coeli
2187 2196 2242 2244 et
2262 2199 2422 2245 terrae
2460 2190 2767 2256 Dominum,
2805 2192 3267 2247 etuniversorum
3300 2189 3547 2260 opiﬁcem
3572 2197 3626 2244 et

360 2279 597 2346 αὐτούς’
640 2282 670 2334 δ
714 2281 781 2353 δὴ
830 2281 1097 2335 πέπονθεν
1154 2278 1393 2351 Ἰσραήλ.
1432 2279 1507 2332 Ού
1542 2278 1651 2350 γὰρ
1698 2276 1943 2348 ἐφοϐήθη

2043 2281 2344 2339 artiﬁcem:
2382 2284 2475 2339 sed
2501 2284 2733 2353 sceptris
2759 2283 2875 2353 ejus
2900 2284 3065 2340 veluti
3094 2285 3371 2339 subtracta
3415 2280 3624 2335 cervice

358 2372 450 2426 τὸν
480 2371 712 2444 οὐρανοῦ
745 2388 807 2425 τε
860 2372 956 2426 καὶ
989 2372 1091 2440 γῆς
1129 2369 1356 2443 Κύριον,
1401 2368 1497 2423 καλ⁸
1537 2368 1646 2423 τῶν
1680 2368 1817 2422 ὅλων
1846 2366 1941 2439 δη-

2043 2372 2194 2429 falsis
2226 2374 2330 2429 diis
2359 2375 2602 2430 servivit.
2639 2375 2774 2431 Hinc
2796 2376 2959 2431 dicit:
3004 2395 3023 2429 ι
3079 2375 3159 2431 Tu
3224 2390 3328 2429 non
3393 2373 3621 2428 timuisti

362 2463 624 2535 μιουργόν
649 2481 712 2517 τε
766 2464 862 2517 καὶ
899 2464 1170 2535 τεχνίτην·
1213 2461 1492 2526 ἀπολύσας
1525 2462 1581 2516 δὲ
1620 2461 1811 2532 ὥσπερ
1834 2461 1946 2516 τῶν

2045 2476 2151 2528 me,
2201 2473 2256 2518 et
2286 2478 2389 2535 ego
2426 2465 3045 2536 annuntiabojustitium
3113 2480 3312 2529 meam,
3373 2474 3425 2518 ct
3487 2463 3623 2516 mala

359 2551 527 2607 αὐτοῦ
585 2553 884 2624 σκήπτρων
922 2551 1015 2605 τὸν
1058 2551 1282 2622 αὐχένα,
1330 2550 1646 2605 δεδούλευκε
1692 2554 1806 2615 τοῖς
1844 2552 1944 2605 οὐκ

2046 2562 2136 2608 tua
2170 2572 2185 2608 :
2230 2570 2251 2606 ι
2304 2553 2442 2609 mala
2480 2569 2702 2620 vocans,
2736 2558 3065 2626 apostasiam
3094 2557 3345 2611 videlicet
3379 2559 3444 2609 ah
3473 2556 3612 2623 ipso,

360 2644 477 2703 οὖσι
523 2648 686 2712 θεοῖς.
737 2645 1008 2719 Ταύτῃτοί
1048 2664 1234 2719 φησιν,
1278 2647 1361 2701 δτι
1412 2648 1487 2702 Σὺ
1524 2648 1624 2702 οὐκ
1670 2645 1944 2718 ὲφοόήθης

2043 2654 2098 2700 et
2136 2644 2371 2703 deﬁcere
2428 2649 2495 2701 ad
2522 2647 2653 2704 deos
2686 2664 2823 2719 quos
2873 2650 2987 2720 ipse
3030 2649 3339 2704 fabricavit.
3406 2651 3628 2703 Annttn-

365 2759 454 2813 με,
496 2742 593 2796 καλ⁸
638 2739 750 2810 ἐγὼ
789 2740 1076 2811 ἀναγγελῶ
1137 2740 1239 2812 τὴν
1275 2740 1623 2812 δικαιοσύνην
1674 2758 1799 2808 μου,
1850 2740 1945 2795 καλ⁸

2046 2737 2148 2792 tiat
2180 2745 2369 2792 autem
2400 2735 2670 2807 justitiam
2705 2755 2861 2794 suam
2895 2740 3269 2794 universorum
3326 2738 3468 2794 Deus
3501 2754 3631 2793 cou-

359 2833 430 2888 τά
456 2831 605 2887 κακά
635 2848 730 2886 σου
758 2848 772 2863 ·
817 2832 967 2893 κακά
997 2833 1172 2902 λέγων
1213 2833 1312 2905 τὴν
1352 2833 1654 2887 ἀπόστασιν
1700 2834 1800 2905 τὴν
1847 2833 1944 2888 ἀπ’

2047 2836 2129 2881 tra
2156 2841 2253 2881 eos
2282 2826 2372 2896 qui
2399 2826 2531 2882 talia
2569 2829 2937 2895 committunt,
2971 2830 3094 2883 dum
3138 2830 3190 2883 in
3213 2830 3333 2882 illus
3382 2828 3623 2881 divinum

360 2925 528 2980 αὐτοῦ
565 2923 830 2996 δηλονότι,
879 2924 976 2978 καὶ
1025 2926 1088 2978 τὸ
1134 2925 1555 2996 προοκλίνεσθαι
1607 2925 1811 2994 λέγειν,
1863 2921 1947 2988 οἷς

2046 2914 2248 2986 profert
2285 2915 2574 2982 calculum,
2603 2928 2659 2972 et
2683 2918 2902 2989 dignam
2960 2932 3175 2990 pinnam
3216 2918 3428 2989 infligit.
3513 2917 3629 2971 Non

360 3017 527 3081 αὐτὸς
569 3016 865 3088 εἰργάσατο
917 3014 1077 3081 θεοῖς.
1131 3016 1489 3085 Ἐπαγγέλλει
1539 3016 1597 3071 δέ
1638 3015 1736 3088 τὴν
1779 3015 1945 3070 αὑτοῦ

2045 3007 2188 3062 enim
2218 3008 2451 3064 audaces
2483 3020 2709 3068 conatus
2742 3011 2795 3067 hi
2820 3024 3008 3068 contra
3045 3028 3211 3066 unmn
3246 3011 3480 3077 aliquem
3536 3026 3645 3065 no-

360 3108 708 3182 δικαιοσύνην
757 3108 850 3162 ἐπὶ
888 3108 997 3163 τῶν
1047 3109 1226 3163 τοιάδε
1272 3108 1406 3181 δρᾷν
1455 3108 1724 3163 εἰωθότων
1786 3111 1814 3162 ό
1839 3108 1977 3192 τῶν⁴

2049 3107 2176 3154 stra:
2214 3100 2542 3156 conditionis
2595 3102 2752 3171 ﬁunt,
2791 3104 2885 3159 sed
2935 3112 3125 3158 contra
3158 3104 3427 3158 excelsam
3465 3114 3519 3158 et
3541 3118 3634 3159 su»

360 3200 496 3257 ὅλων
543 3201 697 3265 Θεὸς,
757 3201 937 3273 ψῆφον
983 3201 1069 3255 ἐπ’
1122 3202 1307 3264 αὐτοῖς
1348 3198 1497 3254 θείαν
1548 3201 1816 3273 ἐκφέρων,
1853 3200 1948 3254 καὶ

2050 3205 2235 3261 peram
2268 3206 2333 3247 ac
2363 3195 2736 3250 universitatis
2798 3196 3081 3251 rectricem
3144 3208 3412 3250 naturam.
3477 3195 3648 3264 Quod-

368 3293 654 3364 ίσόρροπον
705 3291 928 3345 κόλασιν
976 3290 1257 3356 ἐπιτιθείς.
1301 3291 1377 3344 Οὐ
1425 3291 1535 3363 γὰρ
1581 3294 1662 3356 είς
1715 3290 1813 3347 ἕνα
1855 3290 1947 3344 τὸν

2049 3294 2231 3339 autem
2261 3300 2455 3357 parum
2516 3286 2767 3358 proﬁciat
2846 3288 2963 3345 haec
3026 3289 3163 3345 falso
3238 3290 3652 3344 riuiuinatornm

364 3384 487 3438 καθ’
521 3385 670 3456 ἡμᾶς
724 3383 795 3437 τὰ
824 3382 1170 3455 τολμήματα,
1201 3382 1316 3435 ἀλλ’
1344 3384 1424 3446 είς
1455 3382 1627 3454 αὐτὴν
1649 3383 1949 3454 πράττεται

2050 3377 2272 3433 deorum
2324 3379 2590 3446 inventio,
2621 3381 2877 3445 ostendit,
2915 3398 3035 3437 cum
3065 3383 3141 3436 ait
3194 3400 3208 3436 :
3262 3403 3281 3434 ι
3347 3382 3462 3437 Non
3539 3381 3634 3437 tibi

365 3476 465 3549 τὴν
518 3476 652 3547 ὑψοῦ
681 3492 741 3529 τε
782 3475 877 3528 καὶ
915 3475 1047 3539 ἄνω,
1088 3474 1183 3529 καὶ
1223 3471 1333 3527 τῶν
1379 3473 1516 3526 ὅλων
1568 3474 1963 3549 κατάρχουσαν

2112 3469 2366 3523 oderunt.
2410 3487 2430 3521 ι
2467 3470 2618 3536 Quod
2646 3486 2835 3526 verum
2873 3486 2995 3526 esse
3027 3473 3249 3540 insuper
3273 3473 3635 3538 demonstrat,
3721 3533 3729 3544 ε

367 3548 550 3639 φύσιν.
586 3568 709 3621 Ὀτι
734 3566 792 3621 δὲ
828 3566 1089 3638 ἀνήνυτος
1118 3563 1226 3636 [αι.
1253 3562 1538 3636 ἀνόνητοςέ
1567 3564 1750 3628 αὐτοῖς
1779 3566 1814 3637 ή
1842 3548 1965 3617 τῶν⁸

2053 3560 2276 3615 dicens:
2313 3577 2333 3612 ι
2370 3559 2504 3616 Cum
2543 3562 2886 3628 clamaveris,
2928 3565 3161 3633 eripiant
3186 3574 3238 3619 te
3272 3565 3324 3619 in
3385 3563 3636 3619 aﬂlictio-

366 3658 733 3732 ψευδωνύμων
765 3655 981 3729 εὕρεσις
1027 3656 1187 3721 θεῶν,
1227 3654 1589 3709 διαδείκνυσιν
1625 3654 1817 3719 εἰπὼν,
1870 3654 1952 3708 ὅτι

2052 3666 2121 3706 ne
2148 3664 2257 3707 tua.
2306 3669 2327 3705 ι
2365 3651 2571 3722 Itaque,
2604 3664 2662 3707 ut
2682 3655 2946 3725 propheta
2970 3656 3082 3710 ait:
3139 3672 3159 3707 ι
3205 3656 3345 3722 Quid
3396 3654 3638 3726 proderit

374 3769 392 3806 ι
417 3751 532 3806 Οὐκ
568 3747 910 3821 ὠφελήσουσι
937 3765 1017 3802 σε·
1043 3767 1061 3800 ι
1112 3747 1208 3802 καὶ
1234 3747 1400 3801 ὅτιτὸ
1429 3746 1620 3818 χρῆμά
1647 3749 1796 3800 ἐστιν
1823 3745 1953 3819 ἀλη-

2053 3741 2304 3812 sculptile
2346 3744 2488 3815 quod
2512 3745 2897 3814 sculpserunt?
2927 3747 3255 3804 Formarum
3317 3749 3443 3803 illud
3501 3763 3635 3804 con-

368 3842 479 3907 θὲς,
512 3838 943 3913 προσαποφαίνει
968 3836 1382 3907 λέγωνίὊταν
1410 3835 1741 3907 ἀναδοήσῃς,
1773 3833 1951 3901 ἐξελέ-

2054 3834 2242 3903 ﬂatile,
2276 3836 2734 3907 imaginationem
2781 3837 2992 3907 falsam,
3048 3840 3191 3910 quod
3247 3841 3402 3895 ﬁctor
3457 3841 3633 3907 ﬁnxit,

370 3934 584 3989 σθωσάν
614 3949 673 3986 σε
700 3933 758 3986 ἐν
779 3934 846 4004 τῇ
876 3929 1050 4001 θλίψει
1080 3947 1194 3985 σου.
1219 3948 1238 3984 ι
1269 3929 1500 3998 Οὐκοῦν,
1521 3929 1595 3992 ὡς
1614 3930 1643 3984 ό
1669 3928 1956 4001 προφήτης

2057 3942 2158 3984 nec
2186 3928 2328 3984 Deus
2356 3937 2443 3984 est
2490 3928 2579 3985 “2
2616 3948 2635 3982 ι
2679 3928 2883 3985 Deinde
2925 3946 3086 4000 quam
3127 3946 3282 4001 opem
3328 3932 3641 3988 errantibus

373 4026 524 4096 φησὶ,
547 4041 569 4077 ε
597 4023 662 4077 Τί
688 4023 890 4093 ὠφελεῖ
911 4021 1168 4093 γλυπτδν,
1193 4022 1276 4075 ὃτι
1304 4020 1543 4092 ἐγλυψαν
1571 4021 1701 4075 αὐτό
1725 4037 1740 4088 ;
1786 4019 1956 4074 ἔπλα-

2056 4018 2243 4075 aﬁ‘erct
2281 4020 2461 4092 imago
2509 4021 2740 4093 exligno
2787 4032 2842 4077 et
2870 4022 3047 4093 lapide
3086 4022 3256 4090 facta,
3307 4032 3360 4078 et
3416 4024 3636 4078 humani

374 4132 476 4171 σαν
528 4116 661 4170 αὐτὸ
715 4113 977 4188 χώνευμα
1035 4113 1340 4187 φαντασίαν
1383 4113 1593 4185 ψευδῆ,
1657 4114 1754 4168 καὶ
1823 4113 1957 4168 αὐτὸ

2057 4111 2275 4169 artiﬁcii
2323 4113 2604 4169 inventum
2652 4115 2829 4185 potius
2879 4130 3042 4185 quam
3106 4116 3285 4172 Deus?
3347 4115 3639 4185 Propterea

370 4208 579 4263 τέκτων
608 4208 857 4281 ἐποίησε,
883 4207 979 4263 καὶ
1005 4209 1067 4261 οὐ
1101 4207 1235 4272 Θεός
1266 4209 1435 4262 ἐστιν.
1475 4227 1493 4260 ι
1527 4206 1660 4262 Εἶτα
1689 4208 1807 4274 πῶς
1833 4209 1956 4263 ἐπι-

2059 4204 2279 4275 inquit:
2326 4223 2347 4259 ι
2382 4203 2584 4263 Omnes
2612 4218 2805 4265 ventus
2831 4209 3001 4274 tollet,
3052 4219 3108 4265 et
3153 4209 3361 4265 auferet
3430 4218 3638 4279 tempe-

372 4299 692 4371 κουρήσειεν
719 4297 785 4352 ἂν
812 4301 923 4361 τοῖς
945 4298 1475 4370 πεπλανημένοις,ἐκ
1500 4296 1658 4364 ξύλου
1684 4298 1776 4353 καὶ
1806 4297 1956 4352 λίθου

2059 4307 2201 4355 stas.
2241 4318 2261 4352 ι
2294 4299 2609 4367 Quosnam?
2647 4298 2744 4358 Vel
2798 4305 2928 4359 deos
2960 4302 3028 4358 ab
3072 4302 3203 4373 ipsis
3279 4302 3638 4372 excogitatas,

372 4390 740 4460 πεποιημένον
790 4391 1032 4463 ἄγαλμα,
1085 4391 1178 4445 καὶ
1204 4390 1401 4463 τέχνης
1450 4388 1754 4461 ἀνθρώπων
1793 4389 1958 4461 εὑρή-

2058 4391 2143 4446 vel
2178 4391 2270 4460 qui
2304 4393 2534 4448 adorant
2577 4408 2692 4459 eos,
2714 4394 2823 4469 qui
2842 4408 2941 4449 ceu
2976 4394 3116 4450 cinis
3142 4404 3199 4450 et
3238 4394 3440 4464 pulvis,
3504 4407 3637 4446 ven-

377 4498 524 4553 ματα
569 4481 789 4551 μᾶλλον,
840 4483 873 4552 ἢ
919 4483 1084 4550 Θεός;
1118 4481 1216 4537 Διά
1246 4482 1404 4537 τοῦτό
1458 4498 1641 4552 φησιν,
1673 4480 1756 4535 δτι
1810 4481 1994 4545 ΤοὺςΙ

2023 4490 2231 4537 ιιοτιιιιι
2280 4481 2897 4573 projiciunturﬁatibus.
2950 4484 3128 4554 Atque
3207 4487 3308 4539 hoc
3359 4493 3469 4545 est,
3521 4481 3640 4551 opi—

376 4568 583 4628 πάντας
606 4567 803 4638 ἄνεμος
830 4568 1078 4639 λήψεται,
1111 4572 1206 4625 καὶ
1240 4572 1455 4625 ἀποίσει
1485 4570 1765 4641 καταιγίς.
1821 4568 1956 4624 Τού-

2057 4589 2179 4637 nor,
2213 4572 2356 4642 quod
2384 4574 2436 4627 in
2465 4567 2630 4629 ‘lihro
2659 4574 2998 4630 Psalmorum
3049 4576 3251 4630 dictum
3281 4586 3360 4631 est
3389 4595 3403 4630 :
3441 4594 3458 4625 ι
3482 4573 3642 4629 Fiant

376 4676 502 4723 τους
531 4659 610 4727 δὲ,
649 4660 824 4725 τίνας;
862 4662 935 4714 Ἣ
961 4663 1087 4724 τοὺς
1150 4662 1281 4733 παρ’
1335 4663 1516 4718 αὐτῶν
1566 4662 1956 4734 ἐπινοηθέντας

2057 4674 2313 4734 tanquam
2351 4664 2579 4734 pulvisa
2611 4664 2749 4721 facie
2782 4665 3055 4734 venti,iid
3072 4678 3180 4733 εει,
3215 4669 3267 4722 in
3315 4668 3449 4722 nihil
3504 4668 3640 4721 reci-

377 4750 553 4819 θεοὺς,
588 4752 622 4825 ἢ
655 4753 794 4824 τάχα
834 4770 937 4807 που
972 4753 1100 4816 τοὺς
1138 4755 1575 4823 προσκυνοῦντας
1620 4756 1839 4821 αὐτοὺς,
1880 4756 1952 4821 οἳ,

2058 4754 2275 4810 deut“.
2389 4754 2483 4810 Est
2508 4765 2686 4811 autem
2726 4757 2968 4814 solemne
3031 4759 3324 4832 Scriptura:
3383 4758 3641 4812 divinitus

378 4844 628 4918 καθάπερ
653 4843 783 4915 χοῦς
826 4844 921 4899 καὶ
960 4844 1130 4909 κόνις,
1167 4847 1285 4909 ταῖς
1328 4845 1437 4899 τῶν
1482 4847 1700 4917 ἀνέμων
1732 4848 1957 4919 ἀναρρι-

2060 4847 2358 4918 iuspiratm,
2388 4849 2745 4905 tcntationum
2794 4866 2887 4907 seu
2949 4852 3334 4922 suppliciorum
3386 4850 3638 4916 impetus.

380 4939 639 4993 πτοῢνται
671 4941 877 5002 πνοαῖς.
900 4938 1012 4992 Καὶ
1052 4934 1229 4999 τοῦτο,
1267 4932 1441 5007 οἶμαι,
1479 4938 1592 4990 ἐστὶ
1613 4937 1674 4991 eo
1702 4939 1760 4991 ἐν
1793 4938 1956 5009 βίϐλῳ

1947 4958 1956 4990 ι
2068 4940 2324 5010 procella}
2372 4955 2745 5007 saepenumero
2792 4952 2846 4996 et
2886 4942 3192 5010 tempestati
3229 4953 3564 5008 comparare.

382 5028 625 5102 Ψαλμῶν
653 5030 942 5101 εἰρημένον
972 5045 985 5059 ·
1013 5027 1440 5100 «Γενηθήτωσαν
1507 5027 1639 5081 ὡσεὶ
1686 5028 1815 5098 χοῦς
1855 5030 1996 5086 κατά
2032 5032 2325 5102 πρόσωπον
2393 5032 2622 5103 ἀνέμου-
2658 5050 2675 5084 ι
2711 5032 2980 5097 τουτέστι,
3022 5030 3329 5103 βαδιοῦνται
3387 5028 3524 5100 πρὸς
3585 5026 3647 5080 τὸ

380 5122 566 5197 μηδέν.
594 5123 857 5187 »Ἔθοςδὲ
890 5126 955 5195 τῇ
985 5121 1324 5194 θεοπνεύστῳ
1384 5122 1575 5194 Γραφῇ
1612 5121 1714 5185 τὰς
1779 5121 1886 5175 τῶν
1949 5125 2292 5196 πειρασμῶν,
2337 5126 2455 5196 ήτοι
2503 5124 2611 5177 τῶν
2663 5125 2938 5180 κολάσεων
2988 5124 3230 5195 ἐφόδους,
3292 5120 3514 5175 λαίλαπι
3553 5121 3644 5173 καὶ

378 5216 650 5286 καταιγίδι
679 5216 940 5281 πολλάκις
963 5215 1281 5286 ἀφομοιοῦν.
2555 5226 2559 5231 ’

453 5311 517 5363 Ol
574 5307 643 5363 δὲ
691 5310 1085 5379 ἀντεχόμενοί
1124 5327 1245 5379 μου
1292 5308 1616 5376 κτήσονται
1671 5307 1805 5379 γῆν,
1863 5309 1959 5362 καὶ

2138 5307 2302 5363 Vens.
2362 5308 2450 5362 14.
2512 5310 2580 5361 At
2618 5306 2708 5376 qui
2764 5306 3064 5359 innituntur
3116 5303 3242 5357 mihi
3307 5305 3640 5369 possidebunt

378 5403 912 5472 κληρονομήσουσι
980 5401 1049 5456 τὸ
1112 5401 1251 5471 ὄρος
1313 5400 1376 5455 τὸ
1431 5401 1604 5471 ἅγιόν
1648 5419 1804 5470 μου·
1862 5401 1962 5455 καὶ

2063 5409 2279 5466 terram,
2303 5408 2351 5454 et
2380 5399 2688 5454 Itwreditule
2725 5409 3101 5467 consequentur
3134 5407 3359 5451 montem
3395 5406 3637 5452 sanctum

378 5494 607 5560 ἐροῦσιο
630 5494 1006 5564 Καθαρίσατε
1032 5493 1153 5548 ἀπὸ
1184 5491 1507 5561 προσώπου
1528 5494 1716 5548 αὐτοῦ
1758 5492 1957 5559 ὀδοὺς,

2063 5507 2231 5545 meum
2257 5508 2276 5556 ;
2312 5503 2358 5545 et
2387 5492 2603 5546 dicent:
2656 5491 2906 5545 Mundam
2944 5508 2976 5543 a
3031 5488 3167 5559 facie
3228 5490 3343 5559 (jus
3399 5490 3529 5553 vim,
3593 5502 3639 5543 et

381 5582 477 5639 καί
515 5583 693 5647 ἄρατε
739 5584 949 5641 σκῶλα
999 5585 1119 5641 ἀπὸ
1154 5583 1263 5652 τῆς
1296 5584 1438 5640 ὀδοῦ
1475 5584 1582 5639 τοῦ
1632 5585 1785 5641 λαοῦ
1814 5605 1953 5655 μου.

1549 5584 1582 5639 ῦ
1632 5585 1785 5641 λαοῦ
1814 5605 1953 5655 μου.
2065 5581 2267 5651 auferre
2292 5584 2600 5652 o/Icnsioues
2631 5600 2658 5639 ε
2691 5586 2773 5637 via
2818 5582 2998 5651 populi
3036 5599 3158 5636 met.

460 5758 502 5790 ¹¹
535 5757 727 5817 Ezech.
769 5776 862 5829 ιιι,
893 5758 976 5813 Ἦ.
1061 5759 1102 5792 ¹³
1134 5757 1238 5815 lsa.
1277 5774 1361 5826 ιιι,
1394 5758 1480 5815 ll.
1560 5759 1601 5791 ”
1629 5758 1744 5816 Jac.
1784 5776 1840 5829 ιι,
1889 5760 1968 5815 19.
2050 5762 2077 5794 ¹¹

1566 5759 1601 5791 ιδ
1629 5758 1744 5816 Jac.
1784 5776 1840 5829 ιι,
1889 5760 1968 5815 19.
2050 5760 2115 5794 ⁸⁸⁵
2148 5758 2348 5816 Hahae.
2396 5775 2453 5824 lt,
2490 5761 2572 5815 l8.
2654 5762 2695 5792 εδ
2737 5760 2879 5816 Psal.
2911 5775 3093 5828 xxxw,
3132 5762 3183 5818 5.
