4096 6212
506 309 635 373 tiri

573 437 890 493 Necessario
915 437 1268 495 subtexerunt
1306 441 1421 496 haec
1454 426 1852 511 superioribus.
1895 439 2070 509 Opor«
2099 442 2144 498 Α

503 529 789 595 tuitenim,
820 531 1057 599 oportuit
1110 531 1389 586 hominum
1424 531 1811 603 ﬂagitiosorum
1836 542 1892 587 et
1919 530 2068 586 dele-

499 628 714 672 ctorum
751 619 1106 685 punitiouem,
1132 630 1188 674 et
1235 618 1574 689 diligentium
1633 622 1783 677 illum
1845 621 2065 694 praemia

501 709 784 763 manifesta
815 720 868 764 et
895 710 1175 780 perspicua
1242 711 1384 768 ﬂeri.
1477 710 1642 784 807
1701 714 1781 768 Ae
1848 713 2066 782 quidem

499 802 549 853 in
597 800 906 856 universum
947 802 1260 872 pollicitatio
1308 802 1422 859 haec
1469 819 1595 860 vera
1643 814 1748 860 est.
1803 804 2065 873 Quisquis

498 890 641 944 enim
677 889 843 945 Deum
879 892 1241 961 ampleCtitur,
1269 902 1326 949 et
1354 893 1593 964 perfecta
1632 895 1750 967 ejus
1812 896 2063 952 dilectio-

499 997 563 1037 ne
594 982 725 1036 nihil
771 983 919 1052 prius
960 994 1053 1039 aut
1086 986 1448 1055 praestabilius
1504 1003 1625 1044 esse
1686 995 1891 1054 censet,
1946 1002 2064 1043 om-

498 1073 765 1141 nibusque
789 1073 945 1130 bonis
972 1076 1223 1144 operibus
1242 1077 1486 1133 excellit:
1513 1079 1602 1133 hic
1624 1079 1728 1133 erit
1766 1088 1924 1133 terrae
1960 1078 2067 1132 hac-

494 1181 602 1229 res,
638 1180 757 1234 qua:
810 1168 1014 1221 sanctis
1042 1168 1307 1225 destinata
1335 1180 1445 1236 est,
1496 1185 1657 1240 quam
1688 1171 1851 1224 etiam
1912 1168 2067 1224 nobis

493 1259 755 1311 Servator
796 1256 908 1326 ipse
930 1259 1274 1328 signiﬁcavit,
1329 1262 1547 1317 dicens:
1596 1278 1616 1314 ι
1675 1259 1827 1316 Beati
1883 1262 2065 1327 mites,

494 1348 616 1412 quia
655 1346 754 1417 ipsi
794 1341 1137 1409 haireditario
1168 1354 1520 1423 possidebunt
1547 1363 1746 1409 terram
1786 1355 1849 1408 ιδ.
1888 1372 1908 1406 ι
1938 1354 2070 1409 San-

492 1444 639 1489 clunt
664 1445 844 1491 autem
871 1449 1105 1496 montem
1129 1442 1215 1497 hic
1241 1443 1383 1511 dico,
1417 1459 1726 1515 supremam
1765 1444 2060 1512 civitatem,

495 1526 769 1583 emlestem
790 1527 1114 1599 Jerusalem,
1155 1533 1433 1604 pulchram
1498 1545 1808 1591 sanctorum
1870 1536 2070 1590 civita-

499 1626 625 1671 tem.
683 1617 873 1677 Psallit
938 1623 1230 1694 siquidem,
1273 1626 1449 1695 deque
1505 1641 1569 1682 ea
1632 1627 1809 1697 inquit
1854 1626 2070 1683 divinus

495 1706 693 1764 David:
723 1712 886 1779 tQuis
929 1717 1185 1771 ascendet
1205 1717 1260 1771 in
1295 1729 1530 1774 montem
1559 1718 1796 1784 Domini,
1821 1727 1915 1773 aut
1945 1719 2068 1789 quis

496 1801 663 1855 stabit
698 1802 752 1856 in
796 1802 915 1859 loco
947 1815 1137 1861 sancto
1187 1807 1350 1877 ejus?
1402 1810 1672 1865 Innocens
1716 1811 1967 1867 manibus
2016 1819 2070 1866 et

495 1894 728 1951 mundus
784 1898 946 1957 corde
973 1896 1041 1955 ".
1081 1917 1101 1952 ι
1142 1900 1408 1957 Omnibus
1437 1902 1601 1972 igitur
1649 1901 1816 1957 Deum
1866 1902 2072 1970 amplc-

496 1984 793 2053 ctentihus,
817 2002 938 2045 sors
958 1989 1061 2045 erit
1090 1999 1236 2047 terra
1255 2001 1641 2058 sanctorum,et
1667 2007 1821 2049 mons
1843 2006 2070 2048 venera-

495 2073 620 2132 bilis
654 2086 709 2132 et
756 2078 1235 2138 celebratissimus.
1307 2082 1538 2139 Videtur
1602 2092 1782 2139 autem
1824 2099 1965 2139 nunc
2006 2084 2073 2139 de

496 2165 583 2222 his
614 2168 705 2238 qui
739 2183 806 2225 ex
844 2172 1092 2228 tribubus
1129 2172 1374 2230 Judaicis
1409 2176 1764 2232 crediderunt
1794 2178 1962 2231 verba
1985 2175 2065 2230 fa-

495 2268 622 2311 cere
657 2274 671 2311 :
712 2275 939 2329 quorum
965 2263 1217 2332 primitias
1249 2280 1315 2321 ac
1343 2267 1502 2337 primi
1540 2268 1872 2323 exstiterunt
1903 2266 2072 2323 divini

496 2342 769 2414 discipuli,
812 2349 1156 2408 dilectionem
1205 2355 1407 2411 Christi
1468 2348 1754 2414 mordicus
1805 2365 2071 2425 tenentes,

495 2443 553 2490 et
579 2436 737 2491 tidem
774 2437 830 2493 in
884 2440 978 2497 illo
1043 2443 1422 2501 inconcussam
1485 2447 1768 2513 habentes,
1819 2458 1874 2503 et
1939 2449 2075 2503 obc-

497 2526 758 2583 dientiam
790 2529 1341 2601 irreprebensibilem,
1366 2544 1421 2590 et
1454 2538 1785 2610 charitatem
1836 2539 2074 2593 indivul-

502 2633 637 2672 sam.
703 2618 901 2677 Dicunt
965 2623 1332 2694 siquidem“
1371 2625 1503 2693 Quis
1560 2642 1659 2682 nos
1714 2629 1993 2699 separabit
2042 2646 2071 2684 ιι

496 2710 787 2769 dilectione
839 2712 1091 2772 Christi?
1132 2713 1403 2773 Alliiclio?
1434 2734 1560 2774 num
1603 2720 1904 2790 angustia?
1934 2736 2062 2776 num

493 2803 799 2868 persecutio
825 2804 850 2858 ?
875 2821 1005 2860 num
1043 2807 1261 2863 fames?
1315 2810 1447 2863 n'um
1495 2810 1752 2866 nuditas?
1797 2826 1923 2866 num
1982 2827 2077 2882 pe-

497 2894 767 2951 riculum?
810 2912 936 2953 num
959 2899 1167 2970 gladius
1195 2901 1278 2956 "'i
1323 2920 1342 2955 ι
1378 2902 1443 2958 Hi
1480 2913 1608 2959 sunt
1657 2903 1898 2960 haeredes
1920 2905 2071 2974 regni

495 2988 792 3046 caelorum:
822 3000 879 3046 et
916 3001 1115 3047 terram
1170 3009 1458 3064 supernam
1517 2998 1886 3066 possidebunt,
1955 3011 2074 3068 quae

497 3082 795 3137 mansuetis
838 3094 923 3139 est
954 3096 1278 3153 praaparata.
1312 3086 1581 3143 Convenit
1641 3089 2074 3145 mansuetudinis
2100 3118 2142 3177 ρ

496 3181 713 3235 nomen,
783 3174 1150 3242 evangelicam
1236 3176 1403 3230 vitam
1474 3177 1815 3247 degentibus,
1869 3179 2069 3250 quibus

381 3320 396 3339 ο
495 3259 660 3313 etiam
688 3259 940 3317 Christus
969 3266 1228 3336 praecepit
1276 3280 1343 3321 ne
1398 3266 1786 3333 irascerentur,
1823 3283 1891 3326 ne
1935 3272 2072 3327 ulci-

497 3360 779 3406 scerentur
804 3368 1132 3425 quemquam
1166 3372 1353 3413 eorum
1386 3359 1478 3431 qui
1538 3358 1912 3417 oﬁenderunt:
1976 3366 2071 3418 sed

497 3447 669 3494 nteos
711 3440 803 3509 qui
853 3441 1039 3499 hostes
1069 3455 1215 3512 sunt,
1252 3448 1534 3504 beneﬁciis
1587 3459 2065 3520 prosequerentur.

501 3548 517 3579 ι
545 3529 854 3588 Benefacite
870 3532 1075 3601 enim,»
1107 3536 1581 3607 inquit,tinimicis
1604 3541 1821 3609 vestris,
1854 3552 1909 3596 ct
1938 3557 2068 3598 nra-

494 3630 547 3675 tc
573 3636 672 3692 pro
704 3621 791 3680 his
838 3625 930 3695 qui
979 3626 1321 3684 insectantur
1355 3646 1469 3690 vos.
1516 3632 1581 3687 Et
1630 3635 1953 3704 percutienti
2018 3644 2070 3691 te

492 3718 549 3770 in
581 3716 825 3770 dextram
858 3718 1154 3784 maxillam,
1199 3721 1250 3778 ei
1281 3721 1503 3778 obverte
1531 3734 1586 3780 et
1610 3725 1837 3780 alteram
1858 3725 2069 3781 ".iPa-

496 3804 702 3861 tientia:
751 3816 807 3862 et
872 3813 1306 3869 mansuetudinis
1357 3830 1585 3871 summa:
1631 3825 1717 3873 est
1763 3816 1849 3873 his
1906 3818 2070 3874 rebus

492 3894 778 3955 excellere.
845 3897 1269 3969 Possidentibus,
1307 3905 1501 3975 inquit,
1537 3916 1736 3962 terram
1814 3917 1868 3964 et
1914 3922 2070 3965 mon-

494 3994 598 4038 tem
623 3996 895 4055 sanctum,
925 3991 1072 4047 velut
1120 3993 1172 4048 in
1191 3996 1553 4063 promissione
1582 4008 1637 4052 et
1676 4013 1772 4068 spe
1806 4000 2018 4055 dicetur
2043 4018 2057 4055 :

496 4095 515 4127 ο
555 4075 811 4135 Mundate
835 4096 865 4135 a
893 4080 1033 4140 faeie
1059 4084 1176 4153 ejus
1208 4087 1355 4143 vias:
1387 4105 1407 4140 ι
1466 4087 1520 4143 id
1561 4100 1663 4155 est,
1705 4098 1875 4157 certe,
1907 4109 1927 4143 ι
1966 4090 2068 4146 Pa-

490 4176 605 4224 rate
632 4170 772 4225 viain
814 4172 1053 4240 Domini,
1104 4187 1282 4235 rectas
1312 4178 1471 4235 facite
1499 4181 1725 4237 semitas
1753 4182 1869 4252 ejus
1921 4184 1990 4238 '°.
2039 4204 2059 4237 ι

490 4263 771 4332 Quomodo
802 4275 983 4323 autem
1008 4270 1333 4340 praeparatio
1380 4271 1497 4328 haec
1540 4282 1844 4345 peragetur,
1882 4274 2064 4332 decla-

490 4356 649 4425 ravit,
686 4359 969 4427 inquiens:
1010 4377 1030 4412 ι
1065 4359 1258 4418 Tollite
1280 4360 1611 4421 olIcnsiones
1663 4364 1731 4420 de
1760 4365 1845 4421 via
1872 4367 2058 4436 populi

1521 311 1577 369 S.
1617 310 1894 371 CYRILLI
1937 308 2409 369 ALEXANDRINI
2442 306 2763 366 ARCHIEP.

3622 302 3748 360 1379

2259 434 2595 505 Ἀναγκαίως
2629 434 2985 505 ἑπενήνεκται
3027 433 3142 496 τοῖς
3183 431 3375 487 ἀνόπιν
3425 432 3521 485 καὶ
3563 429 3751 486 ταῦτα.

2175 525 2323 580 Ἔδει
2342 527 2471 597 γὰρ,
2494 525 2599 579 ἔδει
2622 524 2841 579 καὶτῶν
2868 523 3366 595 φιλαμαρτημόνων
3389 521 3484 576 καὶ
3517 524 3755 577 ἀποσταα

2169 616 2278 672 τῶν
2304 617 2509 688 ὲναργῆ
2538 616 2793 685 γενέσθαι
2829 614 2930 686 τὴν
2965 617 3205 681 κόλασιν,
3238 615 3334 669 καὶ
3359 613 3469 668 τῶν
3496 613 3754 682 ἀγαπών-

2169 726 2279 762 των
2336 709 2499 762 αὑτὸν
2531 708 2601 761 τὰ
2652 707 2810 779 ἔργα.
2866 708 2979 761 Καὶ
3035 706 3265 760 καθόλου
3320 707 3418 777 μὲν
3468 704 3679 775 ἀληθὴς
3720 705 3751 777 ἡ

2172 800 2462 872 ὑπόσχεσις
2484 815 2497 829 °
2530 799 2677 862 ἆπας
2703 799 2812 870 γὰρ
2847 798 2983 862 εἴτις
3018 799 3303 868 ἀντέχεται
3335 796 3491 864 Θεοῦ,
3527 798 3625 851 καὶ
3660 797 3753 868 τῆς

2170 893 2251 955 είς
2271 891 2432 944 αὑτὸν
2467 891 2687 959 ἀγάπης
2715 889 2994 953 ὁλοτελοῦς
3029 889 3180 942 οὐδὲν
3232 890 3444 959 ἡγεῖται
3493 887 3555 941 τὸ
3604 889 3755 957 ἄμει-

2174 1001 2287 1050 νον,
2344 982 2641 1054 διαπρέπει
2687 982 2744 1035 δὲ
2796 982 2890 1035 καὶ
2947 981 3014 1035 δι’
3078 979 3298 1051 ἁπάσης
3365 979 3750 1050 ἀγαθουργίας·

2172 1071 2328 1140 οὗτος
2357 1074 2510 1128 ἔσται
2543 1072 2878 1146 κληρονόμος
2906 1073 3009 1144 τῆς
3047 1069 3458 1144 ήτοιμασμένης
3487 1071 3592 1140 γῆς
3645 1074 3754 1134 τοῖς

2172 1169 2370 1238 ἁγίοις,
2398 1168 2464 1239 ῆν
2498 1166 2563 1238 δὴ
2602 1167 2695 1220 καὶ
2739 1165 2899 1229 αὑτὸς
2927 1167 3061 1234 ἡμῖν
3092 1167 3119 1218 ό
3159 1162 3353 1234 Σωτὴρ
3389 1164 3753 1233 κατεσήμαινε

2168 1259 2372 1327 λέγων·
2418 1275 2438 1309 ι
2463 1257 2737 1328 Μακάριοι
2775 1256 2825 1309 0i
2864 1257 3078 1325 πραεῖς,
3122 1255 3204 1307 ὅτι
3237 1253 3391 1306 αὐτοὶ⁵
3421 1251 3755 1322 κληρονομή-

2176 1366 2330 1403 σουσι
2371 1347 2471 1419 τὴν
2505 1347 2630 1418 γῆν.
2653 1365 2671 1398 ι
2712 1348 2879 1417 Ὄρος
2912 1344 2969 1397 δὲ
3007 1342 3161 1413 ἅγιον
3211 1345 3276 1395 ὲν
3343 1342 3555 1405 τούτοις
3593 1344 3754 1413 φημὶ,

2168 1440 2310 1511 τάχα
2331 1454 2433 1493 που
2452 1438 2550 1510 τὴν
2565 1438 2677 1492 ἄνω
2698 1437 2874 1503 πόλιν,
2898 1436 2996 1506 τὴν
3022 1435 3344 1504 ἐπουράνιον
3381 1436 3756 1506 Ἰερουσαλὴμ,

2167 1530 2267 1600 τὴν
2312 1529 2423 1582 τῶν
2489 1528 2661 1597 ἁγίων
2700 1526 3040 1580 καλλίπολιν.
3092 1524 3301 1579 arena:
3347 1525 3456 1595 γάρ
3493 1542 3621 1588 που,
3671 1525 3757 1579 καί

2170 1639 2303 1694 φησι
2340 1622 2469 1693 περὶ
2511 1620 2681 1690 αὑτῆς
2726 1620 2755 1672 ὁ
2792 1618 3079 1681 θεσπέσιος
3114 1617 3312 1670 Δαϐίδ·
3367 1635 3384 1668 ι
3408 1618 3508 1681 Τίς
3557 1617 3756 1686 ἀναδή-

2171 1729 2322 1769 σεται
2363 1716 2441 1777 είς
2485 1713 2548 1766 τὸ
2574 1712 2699 1783 ὅρος
2727 1710 2972 1782 Κυρίου;
3006 1710 3040 1780 ἢ
3082 1708 3166 1773 τίς
3194 1709 3451 1781 στήσεται
3498 1711 3558 1763 ὲν
3600 1711 3751 1781 τόπῳ

2100 1776 2142 1830 Β
2175 1807 2312 1877 ἁγίῳ
2342 1776 2542 1871 αὑτοῦ;
2586 1776 2781 1868 ’Ᾰθῶος
2809 1776 2987 1875 χερσὶ,
3016 1776 3108 1856 καὶ
3128 1776 3365 1873 καθαρὸς
3393 1805 3458 1873 τῇ
3491 1803 3710 1874 καρδίᾳ.
3725 1776 3752 1857 τι

2173 1895 2380 1951 Οὐκοῦν
2404 1895 2576 1949 ἅπασι
2611 1896 2724 1957 τοῖς
2754 1892 3133 1963 ἀντεχομένοις
3161 1892 3323 1957 Θεοῦ,
3356 1892 3560 1964 κλῆρος
3608 1893 3754 1946 ἔσται

2172 1989 2284 2042 τῶν
2313 1986 2483 2056 ἁγίων
2516 1987 2550 2057 ἡ
2596 1986 2689 2056 γῆ,
2726 1985 2822 2039 καὶ
2867 1982 2929 2039 τὸ
2978 1985 3174 2036 σεπτόν
3223 1998 3285 2036 τε
3327 1984 3423 2037 καὶ
3475 1982 3755 2054 διαϐόητον

2172 2080 2318 2151 ὅρος.
2346 2080 2529 2132 Ἐοικε
2554 2077 2610 2130 δὲ
2638 2077 2753 2131 νυνὶ
2786 2076 2917 2148 περὶ
2939 2075 3046 2128 τῶν
3070 2075 3477 2129 πιστευσάντων
3496 2077 3575 2138 είς
3596 2075 3754 2129 αὑτὸν

2172 2172 2237 2225 ὲκ
2264 2171 2374 2225 τῶν
2412 2168 2719 2224 Ἰουδαϊκῶν
2743 2168 3040 2236 ταγμάτων
3081 2166 3350 2221 ποιεῖσθαι
3379 2167 3506 2230 τοὺς
3546 2165 3753 2234 λόγους,

2173 2252 2248 2316 ὧν
2294 2258 2516 2333 ἀπαρχὴ
2543 2260 2635 2313 καὶ
2663 2257 2871 2329 πρῶτοι
2893 2256 3178 2326 γεγόνασιν
3206 2256 3255 2307 οί
3283 2254 3561 2309 θεσπέσιοι
3588 2254 3745 2324 μαθηο

2172 2353 2287 2419 ταὶ,
2329 2354 2431 2423 τῆς
2451 2353 2531 2415 είς
2560 2350 2796 2422 Χριστὸν
2828 2349 3050 2419 ἀγάπης
3073 2346 3243 2419 ἀπρὶξ
3272 2345 3542 2418 ἐχόμενοι,
3587 2346 3751 2416 ἀκρά-

2172 2445 2363 2500 δαντον
2386 2444 2602 2516 ἔχοντες
2641 2443 2729 2497 ἐπ’
2767 2441 2918 2513 αὑτῷ
2944 2441 3041 2513 τὴν
3069 2441 3272 2505 πίστιν,
3313 2441 3404 2495 καὶ
3436 2439 3752 2509 ἀδιάϐλητον

2175 2536 2276 2608 τὴν
2314 2536 2617 2607 ὑποταγὴν,
2662 2536 2758 2588 καὶ
2793 2535 3161 2589 ἀδιάσπαστον
3194 2532 3290 2604 τὴν
3334 2531 3568 2601 ἀγάπην.
3614 2529 3750 2583 Φασὶ

2173 2628 2327 2696 γοῦν,
2350 2629 2433 2682 ὅτι
2487 2647 2505 2680 ι
2537 2627 2633 2691 Τίς
2675 2627 2823 2698 ἡμᾶς
2858 2625 3083 2696 χωρίσει
3124 2624 3229 2678 ἀπὸ
3266 2624 3364 2692 τῆς
3391 2623 3619 2691 ἀγάπης
3663 2622 3754 2674 1:0?-

2173 2718 2433 2791 Χριστοῦ;
2464 2717 2672 2788 θλίψις,
2695 2717 2728 2789 ἢ
2758 2716 3090 2788 στενοχωρία
3110 2755 3125 2778 ,
3153 2716 3185 2787 ἢ
3211 2714 3489 2784 ὃιωγμδς»
3512 2713 3548 2783 ἢ
3568 2712 3755 2782 λιμὸς.

2174 2810 2510 2882 ἦγυμνότης
2533 2848 2548 2874 ,
2584 2809 2617 2880 ἢ
2648 2808 2922 2873 κίνδυνος,
2964 2807 2997 2880 ἢ
3040 2809 3309 2879 μάχαιρα;
3335 2826 3351 2858 ι
3400 2801 3565 2859 Οὗτοι
3605 2806 3760 2873 γεγό-

2177 2918 2301 2955 νασι
2358 2900 2459 2971 τῆς
2509 2900 2618 2957 τῶν
2657 2899 2904 2972 οὐρανῶν
2950 2899 3227 2970 βασιλείας
3275 2897 3627 2968 κληρονόμοι,
3670 2897 3760 2950 καὶ

2174 2997 2581 3066 κατεκτήσαντο
2612 2995 2715 3065 γῆν
2744 2994 2842 3064 τὴν
2874 2993 2986 3049 ἂνω
3018 2994 3118 3065 τὴν
3142 2996 3256 3056 τοῖς
3293 2992 3527 3063 πραέσιν
3566 2991 3759 3062 ηὑτρευ

2177 3086 2469 3157 πισμένην.
2507 3085 2714 3157 Πρέποι
2740 3085 2785 3139 δ’
2810 3085 2875 3138 ἂν
2904 3084 2965 3136 τὸ
2988 3087 3085 3155 τῆς
3116 3082 3425 3155 πραότητος
3455 3084 3627 3153 ὄνομα
3649 3085 3757 3146 τοῖς

2176 3175 2274 3247 τὴν
2300 3175 2663 3245 εὑαγγελικὴν
2701 3173 2971 3229 διασιοῦσι
3030 3174 3198 3245 ζωὴν,
3224 3168 3307 3238 οἷς
3336 3175 3430 3227 καὶ
3462 3175 3756 3244 προστέτα-

2169 3283 2263 3338 χεν
2309 3269 2337 3321 ὁ
2374 3266 2608 3338 Χριστὸς
2663 3266 2724 3320 τὸ
2776 3266 2852 3337 μὴ
2900 3265 3213 3336 ὀργίζεσθαι
3262 3266 3394 3329 δεῖν,
3455 3266 3594 3336 μήτε
3650 3263 3753 3335 μὴν

2170 3355 2470 3426 ἀμύνεσθαί
2511 3373 2668 3419 τινας
2722 3356 2832 3409 τῶν
2882 3355 3289 3427 λελυπηκότων,
3337 3355 3658 3424 ἐπείγεσθαι
3698 3354 3754 3408 δι

2172 3448 2372 3519 μᾶλλον
2404 3448 2711 3520 εὐεργετεῖν
2770 3447 2867 3501 καὶ
2893 3448 3018 3512 τοὺς
3056 3450 3113 3500 ὲν
3143 3447 3293 3512 τάξει
3335 3447 3628 3515 γεγονότας
3648 3444 3753 3499 τῶν

2173 3540 2267 3612 ὲχθ
2279 3536 2520 3612 ρῶν.‹Εὗ
2541 3542 2773 3594 ποιεῖτε»
2796 3538 2925 3611 γὰρ,
2951 3540 3136 3610 φησὶ,ι
3168 3539 3295 3602 τοὺς
3323 3538 3552 3610 ἐχθροὺς
3579 3537 3763 3608 ὑμῶν,“

2170 3631 2264 3685 καὶ
2294 3631 2661 3703 προσεύχεσθε
2708 3632 2850 3702 ὑπὲρ
2884 3630 2991 3683 τῶν
3023 3631 3436 3703 ἐπηρεαζόντων
3461 3631 3626 3700 ὑμᾶς,
3661 3629 3756 3683 καὶ

2170 3722 2249 3794 τῷ
2276 3722 2490 3777 παίοντί
2527 3739 2585 3775 σε
2615 3724 2693 3786 εἰς
2725 3721 2823 3792 τὴν
2853 3720 3036 3786 δεξιὰν
3072 3722 3315 3790 σιαγόνα,
3348 3722 3581 3792 στρέψον
3610 3720 3753 3791 αὑτῷ

2169 3814 2262 3869 καὶ
2289 3813 2386 3887 τὴν
2407 3814 2597 3888 ἄλλην.
2626 3834 2645 3867 ι
2690 3813 3071 3882 Ἀνεξικοικίας
3098 3815 3154 3867 δὲ
3185 3815 3279 3868 καὶ
3318 3813 3627 3885 πραότητος
3654 3811 3752 3881 τῆς

2168 3908 2250 3971 είς
2296 3907 2465 3978 ἄκρον
2495 3908 2773 3974 ἀπόδειξις
2804 3909 2870 3962 ἂν
2919 3908 3004 3980 εἴη
3039 3908 3100 3961 τὺ
3143 3906 3469 3979 διαπρέπειν
3515 3908 3576 3959 ὲν
3630 3904 3755 3958 τοῦ-

2168 4015 2299 4063 τοις.
2331 3998 2459 4062 Τοῖς
2483 3998 2540 4052 δέ
2573 4016 2638 4068 γε
2660 4000 3026 4072 κτησαμένοις
3050 3998 3151 4070 τὴν
3189 3998 3293 4068 γῆν
3321 3998 3414 4051 καὶ
3439 3997 3503 4051 τὸ
3533 3997 3661 4067 ὄρος
3692 3996 3754 4049 τὺ

2167 4088 2342 4157 ἆγιον,
2394 4088 2471 4152 ὡς
2520 4091 2578 4143 ἐν
2630 4090 2920 4162 ὑποσχέσει
2972 4090 3066 4144 καὶ
3108 4091 3168 4142 ἐν
3212 4087 3390 4142 ἐλπίδι
3429 4086 3749 4160 ῥηθήσεται,

2167 4179 2321 4250 φησί’
2373 4198 2393 4231 ι
2417 4179 2767 4252 Καθαρίσατε
2820 4181 2927 4237 ἀπὸ
2967 4180 3259 4252 προσώπου
3310 4178 3474 4232 αὑτοῦ
3513 4177 3689 4241 ὁδούς·
3726 4196 3746 4229 ι

2164 4264 2321 4322 τοῦτό
2344 4270 2488 4323 ἐστιν
2506 4269 2750 4339 ἐναργῶς
2762 4269 2844 4338 τὸ,
2863 4289 2881 4321 ι
2903 4268 3259 4340 Ἑτοιμάσατε
3273 4268 3369 4339 τὴν
3381 4267 3499 4321 ὁδὸν
3522 4267 3750 4337 Κυρίου,

2166 4358 2384 4423 εὑθείας
2426 4363 2628 4414 ποιεῖτε
2663 4361 2764 4424 τὰς
2792 4361 3014 4432 τρίϐους
3035 4360 3261 4416 αὑτοῦ.»
3298 4361 3431 4412 Τίνα
3462 4359 3520 4413 δὲ
3549 4359 3753 4430 τρόπον

488 4447 615 4512 mci,
649 4465 670 4499 ι
707 4449 759 4503 id
789 4459 889 4516 est,
917 4450 1058 4506 viam
1088 4451 1278 4509 salutis
1307 4468 1406 4522 per
1429 4453 1589 4509 iidem
1620 4454 1837 4524 planam
1870 4466 1926 4523 et
1961 4472 2062 4512 ex-

2168 4453 2197 4520 ή
2230 4450 2517 4522 ἐτοιμασία
2547 4437 2865 4524 πράττεται,
2895 4453 3223 4525 διεσάφησεν
3246 4451 3449 4507 εἰπών·
3497 4469 3517 4504 ι
3549 4454 3755 4523 Ἄρατε

489 4538 724 4604 peditam
754 4542 965 4596 cunctis
1020 4552 1179 4598 term
1231 4543 1423 4600 incolis
1452 4544 1656 4601 facite:
1683 4547 1816 4603 nihil
1846 4547 1917 4603 sit
1968 4563 2059 4604 as~

487 4643 676 4698 pernm
720 4638 815 4684 aut
866 4633 1116 4687 arduum.
1152 4633 1261 4690 Lex
1292 4641 1435 4692 enim
1461 4636 1694 4693 Mosaica
1747 4639 2061 4695 miscricor-

2163 4543 2351 4598 σκῶλα
2374 4544 2482 4598 ἀπὸ
2507 4546 2605 4616 τῆς
2637 4545 2759 4598 ὁδοῦ
2787 4544 2883 4598 τοῦ
2911 4543 3045 4600 λαοῦ
3082 4560 3211 4616 μοιν
3241 4563 3259 4596 ι
3312 4543 3754 4608 τουτέστι,λείαν

2158 4633 2253 4687 καὶ
2272 4634 2533 4706 εὐήλατον
2558 4638 2874 4704 ἀποδείξατε
2897 4640 3009 4702 τοῖς
3041 4638 3146 4692 ἀνὰ
3171 4639 3351 4692 πᾶσαν
3374 4637 3476 4707 τὴν
3506 4639 3616 4707 γῆν
3652 4638 3755 4706 τῆς

487 4716 630 4771 diam
666 4718 963 4784 nesciebat,
1015 4731 1071 4776 et
1118 4725 1286 4796 808
1368 4726 1598 4784 dillicilis
1652 4740 1803 4785 erat:
1872 4745 2063 4786 omnes

2168 4724 2249 4778 sta
2305 4726 2539 4791 πίστεως
2589 4730 2860 4801 σωτηρίας
2914 4728 3011 4801 τὴν
3065 4729 3224 4797 ὁδόν·
3278 4728 3449 4800 μηδὲν
3496 4728 3641 4781 ἔστω
3692 4726 3757 4780 τὸ

485 4808 627 4862 o-nim
667 4808 893 4864 multum
917 4806 1260 4880 offendimus,
1292 4825 1347 4871 et
1395 4818 1483 4872 vix
1565 4819 1790 4889 reperiri
1849 4828 2063 4888 poterat

2168 4821 2332 4890 τραχὺ
2384 4821 2481 4875 καὶ
2511 4820 2755 4886 ἄναντες.
2801 4822 2858 4877 Ὀ
2894 4821 2994 4887 μὲν
3021 4820 3130 4891 γὰρ
3162 4820 3324 4889 νόμος
3374 4820 3464 4873 διὰ
3504 4818 3755 4882 Μωσέως

484 4900 573 4967 qui
599 4915 819 4970 prorsus
847 4901 986 4959 liber
1007 4913 1172 4970 esset,
1242 4916 1295 4961 et
1332 4924 1450 4962 eam
1511 4910 1781 4978 inculpate
1836 4910 2060 4980 implere

486 5003 687 5058 posset.
721 4988 873 5047 Unde
906 4993 1074 5048 divini
1132 4994 1378 5064 discipuli
1432 4998 1516 5053 his
1590 4999 1680 5068 qui
1729 5009 1852 5068 post
1901 5000 2057 5054 ﬁdem

487 5083 551 5139 ad
578 5083 710 5153 legis
738 5085 956 5140 umbras
1008 5086 1208 5140 reverti
1271 5086 1577 5152 voluerunt,
1655 5089 1956 5145 dicebant:
1994 5090 2060 5145 Et

487 5192 627 5231 nime
666 5176 794 5246 quid
837 5178 1057 5233 tentatis
1138 5178 1327 5244 Deum,
1388 5187 1446 5232 ut
1502 5179 1791 5249 imponatis
1865 5182 2055 5252 jngnm

484 5268 621 5324 collo
642 5269 1051 5339 discipulorum.
1101 5272 1243 5341 quod
1278 5286 1453 5341 neque
1506 5288 1607 5328 nos
1640 5288 1815 5342 neque
1876 5285 2059 5344 patres

484 5362 652 5417 nostri
678 5373 894 5429 portare
937 5363 1223 5420 valuerunt
1252 5364 1295 5395 “
1318 5364 1341 5419 ί
1368 5365 1514 5419 Dixit
1547 5364 1674 5419 item
1708 5365 1926 5431 Paulus,
1984 5368 2058 5422 lc-

481 5464 601 5519 gem
631 5453 1119 5521 transgressionum
1139 5468 1301 5510 causa
1338 5454 1639 5524 appositam
1710 5470 1874 5511 esse:
1933 5472 2056 5510 nam

484 5534 569 5596 lex
617 5551 898 5612 peccatum
930 5543 1140 5615 arguit:
1176 5554 1231 5601 et
1274 5546 1366 5616 qui
1422 5546 1490 5601 ad
1540 5560 1659 5602 cam
1693 5546 2060 5619 impingebant

557 5720 600 5749 ”
631 5717 817 5774 Matth.
845 5734 895 5785 ν,
928 5718 980 5775 4.
1062 5721 1101 5751 ’⁷
1130 5720 1266 5776 Psal.
1299 5738 1451 5785 χχιιι,
1485 5724 1539 5789 5,
1569 5726 1621 5780 4.
1665 5725 1706 5756 ⁸⁸
1743 5726 1891 5781 Rom.
1921 5740 2037 5789 ΠΗ,

2238 5725 2277 5757 ¹⁹
2310 5724 2496 5780 Mazth.
2531 5741 2578 5789 ν,
2616 5725 2703 5781 44.
2779 5726 2824 5758 ²⁹
2854 5723 2954 5780 Isa.
2994 5741 3080 5786 ac,
3117 5722 3169 5776 5.

2166 4909 2337 4963 ἐλεεῖν
2366 4911 2467 4964 οὑκ
2500 4912 2786 4981 ἠπίστατο,
2834 4912 2931 4965 καὶ
2961 4911 3406 4983 δυσκατόρθωτος
3433 4906 3503 4981 ἦν
3522 4927 3536 4940 ·
3580 4908 3759 4964 πολλὰ

2166 4999 2275 5070 γὰρ
2304 5001 2568 5073 πταίομεν
2593 5002 2852 5066 ἅπαντες.
2894 5003 2988 5056 καὶ
3016 5002 3338 5073 δυσεύρετος
3362 4997 3431 5072 ἦν
3461 5002 3493 5053 ὁ
3514 5001 3757 5055 εἰσάπαν

2164 5091 2465 5164 ἐλεύθερος,
2519 5095 2611 5147 καὶ
2642 5095 2957 5166 ἀμωμήτως
3003 5092 3166 5147 αὑτὸν
3197 5092 3546 5163 ἀποπεράναι
3593 5092 3759 5145 δυνά·

2168 5202 2348 5255 μενος.
2381 5185 2492 5240 Καὶ
2525 5186 2656 5255 γοῦν
2689 5185 2926 5254 ἔφασκον
2964 5188 3015 5239 οί
3056 5184 3331 5239 θεσπέσιοι
3369 5183 3615 5255 μαθηταί⁵
3641 5182 3754 5243 τοῖς

2170 5276 2308 5346 μετὰ
2330 5277 2430 5346 τὴν
2462 5276 2642 5330 πίστιν
2676 5277 2768 5331 ἐπὶ
2794 5278 2893 5341 τὰς
2925 5276 3017 5329 τοῦ
3047 5277 3211 5347 νόμου
3241 5277 3400 5338 σκιὰς
3432 5274 3756 5328 ὑπονοστεῖν

2164 5367 2427 5423 ἐθέλουσι*
2462 5369 2573 5421 Καὶ
2610 5367 2705 5423 νῦν
2745 5368 2799 5422 τί
2849 5367 3138 5438 πειράζετε
3172 5367 3264 5421 τὸν
3291 5366 3443 5429 Θεὸν,
3482 5365 3756 5419 ἐπιθεῖναι

2163 5459 2255 5512 τὺν
2299 5459 2457 5529 ζυγὸν
2496 5459 2589 5512 ἐπὶ
2634 5459 2725 5514 τὸν
2767 5459 3035 5531 τράχηλον
3056 5458 3165 5513 τῶν
3199 5456 3479 5529 μαθητῶν,
3527 5456 3588 5509 ὃν
3625 5453 3755 5506 οὔτε

2165 5550 2345 5621 ἡμεῖς,
2371 5548 2492 5602 οὑτε
2521 5550 2568 5603 οἱ
2594 5549 2826 5621 πατέρες
2857 5548 3017 5619 ἡμῶν
3039 5548 3264 5617 ἴσχυσαν
3282 5543 3552 5616 βαστάσαι
3577 5542 3755 5610 ςἘφη

3245 5724 3287 5755 ¹¹
3327 5720 3517 5776 Matth.
3552 5734 3627 5785 ιι,
3660 5716 3750 5771 citi.
