4096 6212
393 302 532 359 ιντο

1482 298 1549 354 IN
1590 297 1825 353 ISAIAM
1863 295 1993 352 LIB.
2038 296 2101 354 V.
2146 293 2382 352 TOMUS
2416 295 2508 350 Ill.

3523 282 3656 340 12Ἰᾶ

392 420 448 474 δὲ
490 418 584 472 καὶ
620 418 649 470 ὁ
690 412 919 482 Παῦλος,
969 415 1172 484 ὅτιξκαὶ
1194 419 1222 472 ὁ
1252 417 1440 489 νόμος,
1471 418 1581 472 τῶν
1610 416 1976 489 παραϐάσεων

2093 414 2488 484 reprehensioni
2517 420 2674 468 erant
2709 419 2765 467 et
2802 406 3133 466 accusationi
3178 403 3424 460 obnoxii.
3471 400 3659 471 Itaque

393 510 553 580 χάριν
606 506 931 581 προσετέθηο
982 507 1201 579 ἐλεγχος
1243 508 1351 581 γὰρ
1394 509 1667 580 ἁμαρτίας
1710 510 1739 561 ὁ
1783 508 1968 578 νόμος,

393 599 487 652 καὶ
517 597 664 668 αὑτῷ
696 597 1145 670 προσπταίοντες,
1179 599 1283 651 ὑπὸ
1319 598 1508 669 μῶμον
1534 594 1674 669 ἦσαν
1714 599 1810 650 καὶ
1837 614 1974 666 γρα-

396 690 521 760 φήν.
560 688 823 742 Ἐκώλυον
843 684 934 742 οῦν
968 690 1075 759 ἄρα
1090 692 1187 760 τῆς
1204 690 1428 760 ἐννόμου
1458 689 1606 759 ζωῆς
1642 689 1703 742 τὸ
1733 688 1971 759 δυσήνυ-

395 796 484 832 τον
504 815 519 832 .
568 778 709 832 Ἀλλ’
729 778 988 851 αἰρέσθω,
1014 779 1201 849 φησὶν,
1225 780 1289 832 ἐκ
1313 778 1478 848 μέσου
1499 796 1513 808 ο
1544 780 1578 850 ἡ
1607 779 1663 832 δὲ
1716 777 1974 849 εὐστιϐὴς

396 871 491 925 καὶ
543 870 801 941 ἀνιδρωτὶ
858 870 935 938 (1)
1013 869 1246 940 βάσιμος
1306 870 1709 923 ἁναδεικνύσθω
1765 869 1972 940 τρίϐος,

395 960 655 1023 τουτέστι,
680 963 780 1031 τῆς
807 959 1174 1029 εὑαγγελικῆς
1222 958 1496 1023 πολιτείας
1535 960 1568 1030 ἡ
1606 959 1832 1029 δύναμις
1874 957 1975 1029 τὴν

396 1052 574 1122 ἀληθῆ
630 1052 888 1125 λατρείαν
939 1050 1288 1123 εἰσφέρουσα.
1338 1052 1482 1122 Ἔφη
1527 1068 1581 1105 τι
1616 1050 1857 1104 τοιοῦτον
1882 1051 1975 1104 καὶ

397 1143 625 1214 ἑτέρωθί
657 1160 758 1196 που
812 1142 944 1205 Θεὸς
987 1142 1125 1214 πρὸς
1166 1143 1293 1206 τοὺς
1339 1142 1526 1211 ἁγίους
1562 1140 1975 1212 μυσταγωγούςσ

402 1262 420 1295 ι
455 1233 758 1305 Πορεύεσθε
788 1233 876 1286 διὰ
900 1232 1008 1286 τῶν
1045 1232 1229 1287 πυλῶν
1274 1250 1396 1303 μου,
1429 1233 1524 1286 καὶ
1549 1232 1677 1295 τοὺς
1704 1231 1882 1295 λίθους
1913 1235 1978 1286 ἐκ

2076 505 2263 576 legalis
2291 507 2413 560 vita:
2442 503 2780 558 diﬂlcultates
2815 499 3230 568 prohibuerunt.
3281 494 3387 549 Sed
3420 491 3658 547 tollatur.

2078 598 2275 667 inquit,
2292 597 2359 651 de
2378 596 2574 650 medio.
2596 596 2662 648 At
2680 591 2865 661 pervia
2891 588 3076 643 etsine
3096 587 3290 640 sudore
3316 578 3663 651 permeabilis

2077 691 2165 745 via
2189 691 2526 753 ostendatur,
2571 686 2622 741 id
2671 693 2782 745 est.
2837 678 3166 751 evangelicae
3229 672 3661 731 conversationis

2077 782 2243 836 viset
2279 779 2418 835 ratio
2463 792 2650 832 verum
2718 776 2922 831 cultum
2981 772 3264 826 inducens.
3323 765 3469 819 Dixit
3534 762 3660 816 alibi

2080 884 2298 941 quoque
2339 870 2482 925 Deus
2546 871 2652 924 tale
2720 867 2976 937 quiddam
3025 861 3230 917 sanctis
3289 853 3659 927 myslagogis:

2086 981 2106 1015 ι
2139 961 2215 1017 Ιιε
2267 976 2365 1032 per
2404 971 2589 1031 portas
2650 974 2820 1025 meas,
2877 966 2932 1010 et
2982 954 3189 1023 lapides
3243 951 3308 1004 de
3360 949 3445 1000 via
3488 958 3656 999 remo-

2079 1061 2202 1108 vete
2230 1055 2276 1085 “
2307 1071 2322 1120 ;
2359 1072 2379 1105 ι
2418 1054 2470 1108 id
2513 1061 2615 1116 est,
2645 1051 2793 1105 omni
2836 1046 3150 1102 dillicultate
3205 1042 3348 1095 viam
3419 1038 3662 1099 liberate.

2083 1159 2203 1214 qua:
2231 1146 2297 1198 ad
2340 1147 2505 1199 Deum
2554 1143 2809 1204 adducat,
2842 1154 2939 1208 per
2967 1133 3309 1207 spiritualem
3359 1144 3425 1184 ac
3475 1139 3663 1182 verum

2084 1236 2312 1303 cultum,
2371 1245 2426 1291 et
2454 1235 2577 1289 lidei
2609 1233 2976 1304 splendorem.

395 1325 495 1395 τῆς
524 1325 644 1380 ὁδοῦ
679 1323 1061 1396 διαρρίψατεῆι
1110 1323 1376 1388 τουτέστι,
1409 1321 1722 1392 δυσχερείας
1752 1322 1971 1393 ἁπάσης
2007 1324 2353 1391 ἀπαλλάξαιτε
2418 1327 2517 1397 τὴν
2541 1325 2679 1391 ὁδὸν,
2715 1324 2861 1396 ἤπερ
2930 1321 2998 1375 ἂν
3024 1316 3352 1388 ἀποφέροιτο
3379 1311 3513 1383 πρὸς
3534 1306 3669 1363 Θεὸν

396 1418 484 1472 διὰ
512 1419 611 1487 τῆς
645 1419 703 1470 ἐν
731 1414 1003 1485 πνεύματί
1036 1432 1097 1467 τε
1165 1415 1258 1467 καὶ
1298 1413 1531 1484 ἀληθοῦς
1564 1413 1839 1484 λατρείας,
1877 1416 1970 1469 καὶ
2006 1416 2107 1485 τῆς
2143 1420 2203 1473 ἐν
2265 1419 2449 1472 πίστει
2477 1416 2853 1488 φαιδρότητος.

476 1508 619 1563 Τάδε
663 1504 822 1575 λέγει
867 1506 1083 1573 Κύριος
1116 1507 1149 1559 ὁ
1199 1504 1484 1572 ὕψιστος,
1530 1506 1563 1557 ὁ
1599 1503 1671 1556 ἐν
1709 1503 1977 1572 ὑψηλοῖς

399 1596 691 1655 κατοικῶν
730 1597 836 1650 τὸν
875 1595 1084 1662 αίῶνα,
1117 1596 1289 1665 ἅγιος
1319 1595 1391 1649 ἐν
1420 1594 1613 1665 ἁγίοις
1667 1596 1976 1649 ἀναιτιιιυό⁸

2156 1509 2320 1567 Vens.
2364 1508 2449 1574 15,
2496 1508 2584 1562 16.
2645 1506 2775 1560 [lare
2834 1506 2961 1558 dicit
3019 1502 3279 1556 Dominus
3353 1497 3666 1559 altissimus,

2081 1606 2171 1675 qui
2193 1604 2249 1658 iu
2275 1602 2398 1656 altis
2421 1600 2623 1654 habitat
2651 1600 2705 1653 in
2753 1605 3028 1660 internum,
3069 1600 3285 1647 sanctus
3317 1591 3371 1644 in
3429 1588 3653 1652 sanctis,

397 1709 598 1762 μενος,
624 1688 722 1742 καὶ
759 1688 1151 1756 ὀλιγοψύχοις
1182 1686 1386 1752 διδοὺς
1412 1687 1853 1756 μακροθυμίαν,
1878 1686 1979 1741 καὶ

2093 1696 2440 1763 requiescens,
2477 1700 2525 1746 et
2557 1693 2626 1745 iis
2657 1690 2744 1760 qui
2774 1698 2895 1742 sunt
2953 1701 3116 1753 parvo
3163 1685 3340 1736 animo
3394 1682 3528 1734 dans
3572 1694 3666 1745 pa-

400 1781 605 1846 διδοὺς
643 1778 796 1847 ζωὴν
836 1777 959 1843 τοῖς
999 1778 1523 1847 συντετριμμένοις
1549 1775 1667 1846 τὴν
1705 1777 1980 1846 καρδίανο

405 1873 526 1926 Οὐκ
604 1871 692 1934 εἷς
766 1868 875 1921 τὸν
951 1866 1137 1920 αἰῶνα
1206 1866 1508 1933 ἐκδικήσω
1588 1865 1774 1936 ὑμᾶς,
1846 1866 1991 1920 οὐδὲ

401 1964 499 2017 διὰ
567 1960 795 2027 παντὸς
857 1958 1287 2029 ὀργισθήσομαι
1345 1958 1509 2028 ὑμῖν.
1566 1959 1810 2027 Πνεῦμα
1880 1960 1991 2028 γὰρ

404 2049 539 2117 παρ’
586 2047 733 2117 ἐμοῦ
791 2047 1198 2111 ἐξελεύσεται,
1241 2046 1341 2101 καὶ
1392 2046 1594 2117 πνοὴν
1624 2047 1832 2103 πᾶσαν
1875 2045 1990 2117 ἐγὼ

402 2139 686 2206 ἐποίησα.

474 2229 538 2280 Ui
568 2227 827 2300 μακάριοι
859 2225 1172 2298 προφῆται,
1205 2226 1295 2281 ὅτε
1330 2244 1383 2280 τι
1421 2226 1566 2298 μέγα
1610 2225 1707 2280 καὶ
1763 2225 1992 2299 θεοπρε-

404 2318 504 2381 πές
544 2316 900 2387 ὑπισχνεῖταί
925 2334 1072 2370 τισιν
1115 2317 1143 2369 ὁ
1186 2316 1294 2371 τῶν
1332 2317 1471 2371 ὅλων
1510 2317 1736 2389 Κύριος,
1763 2318 1899 2371 πολὺ
1930 2318 1991 2371 τὸ

403 2410 586 2480 θαῦμα
614 2410 855 2479 δέχονται
890 2409 991 2479 τῆς
1030 2409 1194 2479 δόξης
1235 2409 1399 2463 αὑτοῦ
1460 2411 1552 2463 καὶ
1581 2410 1679 2479 τῆς
1713 2410 1989 2481 ἡμερότη-

406 2518 517 2569 τος,
552 2501 646 2554 καὶ
676 2496 785 2554 οἷον
815 2501 1251 2570 ἀνασκιρτῶντες
1284 2502 1347 2555 ἐκ
1393 2500 1663 2571 θυμηδίας
1701 2502 1989 2572 τρέπονται

406 2593 542 2663 πρὸς
586 2590 913 2659 δοξολογίαν.
962 2590 1215 2645 Τοιοῦτόν
1276 2609 1330 2644 τι
1378 2589 1690 2643 πεπονθότα
1746 2591 1864 2643 νυνὶ
1899 2591 1989 2645 τὸν

407 2685 691 2758 προφήτην
716 2684 1046 2755 εὑρήσομεν
1072 2683 1131 2735 οὐ
1163 2683 1270 2756 γὰρ
1296 2683 1482 2747 ἁπλῶς
1515 2683 1641 2751 ἔφη’
1671 2682 1809 2736 Τάδε
1840 2681 1989 2751 λέγει

407 2773 631 2847 Κύριος,
654 2773 1069 2843 προσεπάγειδέ
1100 2773 1429 2843 ἀναγκαίως,
1466 2774 1494 2826 ὁ
1532 2772 1777 2842 ῦψιστος,
1833 2790 1990 2825 τουτ-

408 2867 577 2930 έστιν,
605 2868 634 2920 ὁ
663 2866 881 2920 πάντων
915 2866 1171 2919 ἐπέκεινα
1227 2867 1322 2920 καὶ
1349 2866 1608 2920 ἀνωτάτω
1639 2866 1781 2919 κατὰ
1816 2865 1980 2935 φύσιν

410 2961 611 3025 παντὸς
637 2959 730 3013 τοῦ
764 2958 1186 3029 παρενεχθέντος
1214 2959 1288 3020 είς
1309 2956 1574 3035 ὓπαρξινσ
1604 2956 1781 3024 λέγων
1814 2956 1872 3009 δὲ
1902 2956 1984 3022 τὸ,

2095 1787 2351 1850 tientiam,
2375 1794 2424 1838 et
2453 1782 2691 1837 contritis
2714 1778 2868 1833 corde
2890 1777 3022 1829 dans
3039 1775 3197 1828 vitam
3228 1787 3248 1826 :
3281 1770 3405 1824 Non
3434 1772 3485 1822 in
3507 1779 3664 1822 mter-

2090 1877 2462 1932 numulciscar
2497 1888 2611 1939 vos,
2645 1886 2807 1939 neque
2837 1883 3039 1936 semper
3078 1868 3289 1918 irascor
3328 1860 3494 1916 vobis.
3543 1856 3662 1927 Spi-

2090 1971 2223 2024 ritus
2250 1970 2388 2024 enim
2416 1986 2450 2023 a
2486 1982 2566 2021 me
2592 1963 2907 2036 egredietur,
2948 1969 2997 2014 et
3050 1958 3240 2027 ﬂatum
3299 1968 3503 2009 omnem
3567 1964 3664 2021 ego

2091 2063 2211 2133 feci.

2161 2240 2308 2295 Beati
2338 2237 2635 2309 prophetae,
2662 2232 2877 2305 quando
2914 2240 3168 2298 magnum
3205 2211 3462 2293 quiddam
3490 2227 3547 2273 et
3572 2216 3658 2279 dio

2091 2334 2274 2388 vinum
2304 2330 2591 2402 pollicetur
2617 2324 2889 2395 aliquibus
2941 2321 3322 2374 universorum
3378 2311 3664 2371 Dominus.

2092 2440 2281 2494 magna
2319 2420 2676 2477 admiratione
2710 2415 2893 2486 gloria:
2922 2413 3042 2483 ejus
3084 2418 3141 2464 et
3196 2403 3496 2462 clementia:
3542 2413 3669 2468 per-

2090 2490 2411 2575 funduntur,
2450 2518 2505 2565 et
2538 2508 2683 2562 velut
2712 2504 3049 2560 exsultantes
3077 2512 3185 2567 prae
3211 2495 3396 2550 laetitia
3428 2492 3494 2546 ad
3552 2490 3671 2545 lau-

2091 2608 2186 2660 des
2215 2603 2489 2658 canendas
2534 2603 2945 2653 convertuntur.
3015 2587 3148 2642 Tale
3200 2584 3456 2654 quiddam
3525 2594 3670 2634 nunc

2091 2695 2285 2751 fecisse
2314 2693 2634 2763 prophetam
2699 2685 3061 2741 inveniemus.
3130 2678 3246 2732 Non
3324 2676 3469 2732 enim
3533 2673 3672 2728 dixit

2089 2789 2450 2857 simpliciter:
2508 2782 2633 2836 Hinc
2672 2778 2803 2833 dicit
2871 2773 3149 2837 Dominus,
3207 2769 3300 2825 sed
3360 2764 3670 2822 necessario

2090 2876 2366 2947 adiungit,
2438 2869 2783 2931 Altissimus,
2866 2864 2919 2917 id
2985 2869 3102 2924 est,
3168 2858 3261 2926 qui
3331 2867 3417 2910 est
3504 2868 3667 2922 supra

2090 2945 2270 3021 omnia
2330 2974 2386 3017 et
2415 2971 2602 3014 natura
2634 2957 2884 3012 omnibus
2916 2952 3079 3007 rebus
3103 2949 3301 3004 creatis
3360 2945 3669 3002 sublimior.

411 3053 683 3109 κατοικῶν
728 3053 787 3105 ἐν
828 3050 1070 3122 ὑψηλοῖς,
1112 3050 1400 3119 ὑποφαίνει
1432 3049 1592 3102 πάλιν
1620 3049 1696 3112 ὡς
1740 3050 1797 3100 ὲν
1831 3050 1990 3102 ἀκλο-

2095 3057 2226 3112 Cum
2250 3054 2398 3117 dicit,
2436 3051 2525 3121 qui
2574 3047 2782 3102 habitat
2825 3044 2879 3098 in
2907 3042 3156 3104 excelsis,
3190 3038 3496 3096 subiudicat
3550 3051 3671 3089 rur-

412 3149 591 3218 νήτοις
618 3145 764 3198 ἐστὶν
790 3145 1102 3215 ὑπεροχαῖς,
1131 3142 1224 3194 καὶ
1259 3142 1315 3194 ἐν
1346 3142 1605 3212 ἀρρήτοις
1636 3137 1927 3209 ὑψώμασιν
1955 3141 1988 3209 ὴ

414 3239 533 3293 θεία
566 3255 625 3291 τε
676 3238 770 3290 καὶ
807 3235 1083 3308 ὑπερτάτη
1131 3235 1312 3304 φύσις.
1357 3233 1550 3287 Καίτοι
1594 3231 1773 3297 τοῦτο,
1812 3226 1987 3302 οἶμαι,

416 3332 533 3386 ἐστὶ
564 3330 624 3383 τὸ
651 3330 923 3383 κατοικεῖν
972 3328 1029 3379 ἐν
1074 3327 1297 3398 ὑψηλοῖς
1332 3327 1415 3390 είς
1447 3325 1537 3378 τὸν
1581 3322 1753 3377 αἰῶνα
1781 3325 1952 3394 αὑτήν
1976 3340 1990 3354 ο

416 3423 529 3493 ἔχει
564 3422 672 3493 γὰρ
714 3419 1086 3483 ἁναλλοιὼτως
1135 3417 1191 3471 ἐν
1232 3435 1295 3486 γε
1338 3419 1451 3481 τοῖς
1482 3417 1603 3470 καθ’
1635 3416 1856 3486 ἑαυτὴν,
1892 3416 1990 3469 καὶ

417 3515 516 3568 οὐκ
543 3515 608 3567 ἂν
633 3512 841 3582 γένοιτό
873 3530 990 3575 πως
1021 3513 1079 3565 ἐν
1106 3511 1408 3580 ἀμείνοσιν,
1450 3508 1483 3578 ἢ
1525 3509 1659 3576 ὅπερ
1695 3505 1868 3568 ἐστὶν,
1904 3505 1994 3558 ἐν·

418 3623 533 3660 εστι
571 3605 628 3658 δέ
669 3604 870 3675 μᾶλλον
895 3600 1301 3673 ἀμεταπτώτως
1329 3600 1465 3670 αὐτῇ
1509 3598 1571 3652 τὺ
1614 3599 1672 3650 ἐν
1718 3591 1799 3658 οἷς
1849 3596 1995 3649 ἐστιν

419 3692 558 3751 εἶναι
582 3694 865 3767 διηνεκῶς.
903 3693 1092 3761 Ἃγιον
1117 3692 1174 3745 δέ
1200 3693 1257 3744 ἐν
1297 3688 1472 3758 ἁγίοις
1513 3685 1890 3741 ἀναπαύεσθαί
1934 3702 1995 3738 τε

420 3790 515 3845 καὶ
560 3790 831 3842 κατοικεῖν
877 3784 1039 3838 αὑτόν
1079 3801 1262 3854 φησιν,
1294 3781 1652 3851 ὑπεμφαίνων
1682 3781 1764 3834 ὅτι
1792 3797 1997 3852 παραι-

420 3885 593 3936 τεῖται
646 3879 744 3952 μὲν
779 3878 855 3940 ὡς
895 3875 1336 3949 μεμολυσμένους
1363 3872 1452 3925 διὰ
1491 3871 1692 3944 πολλὴν
1723 3871 1997 3942 ἁμαρτίαν

420 3975 548 4038 τοὺς
581 3972 639 4039 ἐξ
670 3971 898 4042 αἵματος
935 3967 1181 4039 Ἰσραὴλ,
1216 3964 1552 4029 ἐναυλίζεται
1594 3964 1650 4017 δὲ
1683 3961 1998 4033 φιλαγάθως

422 4067 532 4129 τοῖς
563 4063 651 4117 διὰ
684 4063 922 4123 πίστεως
965 4054 1484 4126 ἐκκεκαθαρμένοις,
1520 4054 1614 4106 καὶ
1644 4051 1998 4122 ἡγιασμένοις

423 4161 481 4212 ἐν
514 4154 806 4225 πνεύματι.
856 4151 1050 4203 Δίδωσι
1078 4147 1135 4200 δὲ
1194 4147 1288 4199 καὶ
1336 4144 1679 4214 ὀλιγοψύχοις
1717 4141 1998 4214 μακροθυ-

425 4254 574 4325 μίαν,
602 4250 695 4303 καὶ
718 4244 1072 4316 ὀλιγοψύχους
1100 4239 1234 4311 φησὶ
1260 4238 1383 4301 τοὺς
1416 4235 1525 4288 ἔσθ’
1544 4236 1633 4288 ὅτε
1665 4232 1837 4305 βραχύ
1881 4249 1999 4295 πως

423 4322 669 4394 δισθενεῖν
695 4337 972 4400 εἰωθότας,
1009 4331 1137 4403 περὶ
1164 4329 1261 4382 τὸν
1297 4326 1630 4398 προτεθέντα
1664 4324 1849 4387 αὐτοῖς
1903 4322 1998 4376 τοῦ

2089 3162 2203 3211 sus.
2231 3146 2285 3198 in
2313 3142 2572 3214 dignitate
2606 3139 2752 3193 velut
2784 3136 3104 3190 inconcussa
3140 3129 3493 3186 constitutam
3547 3139 3673 3180 esse

2088 3248 2145 3292 et
2185 3233 2436 3290 ineﬂ‘abili
2485 3227 2808 3285 celsitudine
2855 3224 3242 3292 conspicuam,
3308 3219 3548 3274 divinam
3607 3232 3675 3271 ac

2089 3340 2355 3383 summam
2414 3332 2687 3377 naturam.
2728 3319 2795 3373 Et
2852 3317 2957 3372 hoc
3021 3325 3151 3385 puto
3204 3326 3363 3377 esse,
3427 3309 3676 3364 habitare

2089 3435 2214 3476 eum
2245 3420 2297 3473 in
2344 3414 2572 3471 excelsis
2606 3414 2660 3467 in
2715 3421 3000 3466 aeternum.
3035 3406 3131 3461 Est
3203 3406 3351 3461 enim
3410 3403 3554 3473 apud
3610 3414 3674 3459 se

2092 3507 2467 3571 immutabilis,
2514 3518 2617 3559 nec
2651 3503 2706 3556 in
2746 3501 2988 3565 meliore,
3013 3513 3176 3567 quam
3227 3505 3346 3560 est,
3396 3493 3672 3549 conditio-

2094 3614 2163 3653 ne
2200 3609 2330 3661 esse,
2356 3601 2563 3663 potest:
2592 3590 2702 3644 into
2743 3588 2799 3642 in
2840 3603 2959 3641 eam
3010 3584 3151 3638 nulla
3203 3584 3350 3638 cadit
3437 3580 3677 3635 mutabi-

2093 3690 2243 3754 litas,
2265 3686 2361 3740 sed
2408 3684 2510 3738 hoc
2538 3681 2588 3736 ei
2622 3680 2941 3742 inbaretut,
2970 3677 3020 3731 in
3048 3675 3245 3744 quibus
3274 3682 3378 3737 est,
3406 3673 3475 3727 sit
3510 3672 3678 3742 809

2094 3788 2375 3846 perpetuo.
2412 3773 2670 3828 Sanctum
2720 3784 2841 3824 eum
2878 3769 2929 3821 in
2970 3766 3174 3821 sanctis
3223 3764 3566 3833 requiescere
3605 3772 3662 3817 et

2097 3867 2342 3921 habitare
2380 3863 2537 3919 dicit:
2585 3860 2996 3919 subinsinuaus,
3032 3871 3155 3910 eum
3190 3853 3491 3908 Israelitico
3530 3867 3665 3907 san-

2097 3959 2261 4031 guine
2299 3964 2448 4011 ortos
2498 3961 2753 4021 tanquam
2786 3948 2970 4003 multis
2998 3948 3240 4017 peccatis
3272 3945 3675 4001 contaminatos

2098 4050 2422 4124 repudiare:
2452 4053 2822 4103 commoratur
2854 4052 3033 4096 autem
3070 4057 3136 4096 ex
3176 4039 3409 4110 quodam
3448 4037 3668 4091 bonita-

2100 4146 2173 4199 tis
2212 4156 2396 4196 arnore
2450 4154 2575 4194 cum
2626 4137 2692 4191 iis
2749 4135 2840 4206 qui
2884 4148 2980 4203 per
3031 4133 3189 4186 [idem
3235 4128 3456 4200 purgati
3511 4135 3674 4192 sunt,

2099 4245 2154 4293 et
2186 4232 2512 4291 sanctificati
2560 4231 2616 4286 in
2659 4229 2877 4296 spiritu.
2908 4226 3009 4280 Dat
3061 4224 3224 4279 etiam
3267 4236 3434 4293 parvo
3490 4219 3677 4273 animo

2101 4328 2342 4399 praeditis
2387 4323 2722 4396 patientiam.
2761 4319 2826 4377 Et
2880 4332 3046 4387 parvo
3077 4316 3257 4368 animo
3297 4311 3553 4381 praeditos
3578 4310 3676 4375 ait,

430 4432 544 4501 βίου
573 4429 792 4483 σκοπόν.
816 4395 1006 4481 Atad!“
1025 4395 1315 4483 δὲ’τούτοις
1345 4395 1804 4491 μακροθυμίαμμ
1840 4433 1990 4468 τουτ-

2104 4395 2197 4489 qui
2229 4395 2496 4472 interdum
2530 4414 2583 4467 in
2615 4420 2867 4480 suscepto
2898 4410 3019 4462 vitae
3059 4407 3304 4460 instituto
3339 4402 3497 4457 facile
3523 4403 3672 4455 fran-

429 4523 545 4577 ιστι
586 4520 881 4592 καρτερίαν
922 4520 1015 4571 καὶ
1060 4513 1357 4588 ὑπομονὴν,
1419 4511 1701 4583 μονονουχὶ
1746 4508 1885 4578 βοῶν
1939 4523 2001 4559 τε

433 4618 525 4666 καὶ
557 4612 759 4680 λέγων·
792 4629 810 4662 ι
835 4607 1191 4679 Ἀνδρίζεσθε,
1225 4608 1320 4660 καὶ
1345 4600 1726 4676 κραταιούσθω
1747 4602 1779 4671 ἡ
1802 4597 2001 4669 καρδία

432 4701 607 4774 ὑμῶν,
639 4699 841 4761 πάντες
872 4699 920 4750 oi
947 4696 1255 4759 ἐλπίζοντες
1281 4696 1374 4749 ἐπὶ
1403 4693 1629 4764 Κύριον.
1660 4709 1681 4743 ι
1712 4689 1908 4742 Δίδωσι
1940 4686 2000 4740 δὲ

435 4794 530 4847 καὶ
569 4792 713 4863 ζωὴν
759 4792 870 4851 τοῖς
914 4786 1391 4856 συντετριμμένοις
1420 4786 1519 4855 τὴν
1567 4781 1815 4853 καρδίαν,
1845 4796 2006 4833 τουτ-

436 4888 551 4939 έστι
593 4886 705 4947 τοῖς
730 4883 963 4952 πτωχοῖς
996 4877 1071 4948 τῷ
1105 4876 1401 4946 πνεύματι’
1441 4874 1671 4928 τοιοῦτοι
1721 4873 1776 4925 δὲ
1806 4872 2006 4934 πάντες

437 4978 486 5032 οἱ
513 4978 570 5028 ἐν
602 4975 816 5044 ὑπακοῇ
851 4970 1008 5036 Θεοῦ,
1034 4970 1127 5022 καὶ
1160 4967 1396 5021 είκτικὸν
1428 4965 1639 5035 ἔχοντες
1674 4965 1819 5017 νοῦνο
1859 4958 2006 5016 οὗτοι

434 5068 479 5121 δ’
506 5067 572 5121 ἂν
597 5062 706 5119 εἷεν
733 5067 780 5117 oi
808 5064 895 5117 διὰ
926 5062 1158 5124 πίστεως
1185 5057 1511 5128 κεκλημένοι
1549 5057 1682 5128 πρὸς
1708 5056 2005 5123 ἐπίγνωσιν

434 5160 529 5214 τοῦ
563 5157 817 5231 Χριστοῦ·
852 5156 1206 5226 ὀνομάζονται
1236 5151 1294 5204 δὲ
1331 5149 1538 5219 πτωχοὶ
1577 5148 1656 5218 τῷ
1706 5146 2002 5216 πνεύματι,

438 5252 535 5322 τὴν
562 5249 809 5304 ἐναντίαν
846 5250 956 5310 τοῖς
996 5245 1054 5310 ἐξ
1090 5244 1305 5316 Ἰσραὴλ
1354 5241 1636 5312 ἐρχόμενοι
1685 5235 1888 5307 τρίϐον.
1943 5236 2005 5287 υἱ

443 5342 541 5414 μὲν
569 5341 679 5412 γὰρ
705 5335 843 5411 ἦσαν
871 5335 1145 5402 ἀλαζόνες,
1206 5333 1450 5396 ἀπειθεῖς
1482 5348 1540 5383 τε
1572 5329 1666 5384 καὶ
1690 5328 2008 5400 ἄθραυστον

519 5519 687 5573 "lsa.
719 5532 872 5581 LXIII,
898 5514 984 5569 10.
1060 5512 1105 5545 ⁸⁸
1142 5511 1279 5567 l‘sal.
1317 5524 1467 5567 XXVI.
1512 5505 1595 5561 ιι.

2104 4516 2304 4578 guutur
2339 4520 2402 4560 ac
2440 4503 2809 4573 debilitantur.
2850 4497 2952 4552 Dat
2982 4496 3140 4550 etiam
3174 4494 3282 4548 illis
3327 4491 3671 4562 patientiam,

2105 4601 2286 4662 idest,
2337 4595 2675 4651 tolerantiam
2729 4600 2785 4647 et
2829 4588 3229 4652 sustinentium,
3292 4584 3680 4662 pr0pe_modmu

2106 4660 2346 4745 clamans
2394 4697 2450 4740 et
2501 4686 2732 4740 dicens:
2778 4700 2798 4734 ι
2830 4680 3072 4735 Viriliter
3095 4679 3261 4750 agite,
3299 4688 3353 4732 et
3402 4660 3679 4732 cdnforte-

2108 4794 2195 4838 tur
2224 4796 2319 4837 cor
2345 4788 2605 4842 vestrum,
2637 4790 2826 4831 omnes
2860 4774 2948 4843 qui
2981 4773 3210 4842 speratis
3242 4771 3295 4824 in
3323 4769 3548 4823 Domino
3566 4766 3632 4819 ”.
3656 4782 3679 4818 ι

2106 4875 2209 4930 Dat
2245 4874 2408 4929 etiam
2448 4869 2697 4925 contritis
2722 4867 2884 4923 corde
2905 4867 3096 4928 vitam,
3126 4866 3176 4918 id
3206 4872 3308 4928 est,
3358 4858 3683 4931 pauperibus

2106 4967 2322 5037 spiritu.
2361 4961 2637 5033 Ejusmodi
2676 4968 2802 5014 sunt
2838 4971 3029 5011 omnes
3097 4954 3190 5022 qui
3253 4952 3361 5006 Deo
3424 4955 3683 5019 praestant

2108 5053 2499 5117 obedientiam,
2551 5058 2607 5104 et
2635 5049 2820 5103 animo
2858 5055 2982 5102 sunt
3016 5044 3290 5097 submisso
3331 5049 3384 5095 et
3428 5052 3681 5108 sequare.

2113 5148 2176 5203 lli
2211 5154 2336 5202 sunt
2377 5146 2467 5215 qui
2493 5141 2669 5197 vocati
2699 5147 2825 5194 sunt
2877 5151 2972 5206 per
2997 5134 3153 5189 fidem
3187 5134 3254 5188 ad
3282 5131 3483 5188 Christi
3536 5130 3682 5199 agni-

2117 5239 2338 5298 tionem,
2366 5244 2422 5290 et
2457 5245 2719 5304 pauperes
2758 5226 2957 5296 spiritu
3032 5224 3401 5289 nominantur,
3436 5221 3685 5276 semitam

2120 5326 2485 5396 ingredientes
2542 5318 2805 5377 lsraelitis
2853 5316 3209 5372 contrariam.
3251 5312 3386 5369 Nam
3436 5312 3491 5368 hi
3542 5325 3679 5366 arro-

516 5683 592 5755 (Ι)
632 5682 919 5743 Aubertus,
957 5676 1051 5730 σὺν
1093 5671 1295 5743 ἱδρῶτι,
1336 5669 1604 5726 contraria
1642 5674 1698 5721 ut
1728 5661 1990 5721 sententia

2093 5676 2128 5712 ιι
2169 5658 2421 5713 dictione.
2452 5652 2606 5707 Eon.
