4096 6212
357 246 496 302 ιετε

1388 242 1446 297 S.
1488 239 1764 299 CYRILLI
1807 239 2279 298 ALEXANDRINI
2320 243 2641 302 ABCHIEP.

3499 247 3637 301 [2'36

354 371 549 436 gantes
609 366 769 416 erant
825 358 1225 423 inobedientes,
1267 367 1323 414 et
1350 357 1660 428 prmirarti:
1694 355 1771 412 illi
1812 355 1937 412 boni
1971 406 1973 413 ι

2080 358 2097 410 ἱ
2139 357 2197 412 δὲ
2232 357 2451 427 ἀγαθοὶ,
2502 359 2601 413 καὶ
2633 356 2931 430 εὐκάρδιοι,
2967 358 3063 412 καὶ
3099 358 3212 423 τοῖς
3245 357 3340 412 τοῦ
3379 357 3515 412 Θεοῦ
3549 360 3641 413 v6-

354 463 412 507 et
440 451 674 515 cordati,
711 459 769 506 et
797 448 1005 520 legibus
1042 446 1138 502 Dei
1191 447 1526 503 dominatum
1562 462 1626 503 ae
1683 447 1936 516 superio-

358 559 471 598 rem
509 550 718 614 partem
744 542 1065 606 tribuentes,
1093 548 1148 593 et
1172 538 1303 609 jugo
1323 538 1525 594 Christi
1557 536 1754 593 mentis
1776 535 1949 591 cervi-

357 651 477 691 cem
515 633 914 689 submittentes.
951 631 1129 700 Atque
1161 631 1277 686 hzec
1313 645 1478 699 opera
1520 638 1647 684 sunt
1684 627 1949 684 Christia-

360 742 570 783 norum.
602 727 673 781 At
724 725 855 795 quid
903 725 1031 779 dicit
1074 724 1389 779 Altissimus
1434 723 1539 790 bis,
1598 723 1692 793 qui
1751 738 1815 777 ex
1870 724 1950 776 in-

308 878 311 882 .
361 817 670 873 obedientia
703 816 755 870 in
786 814 992 870 crimen
1027 814 1320 885 impietatis
1349 813 1583 883 prolapsi
1607 814 1778 870 sunt?
1836 811 1948 868 Non

364 911 418 964 in
470 918 735 964 aeternum
793 906 1026 962 ulciscar
1086 920 1204 972 vos,
1239 921 1414 976 neque
1467 919 1686 976 semper
1742 899 1953 959 irascat-

366 999 540 1056 vobis.
617 997 778 1067 Spem
837 997 1029 1052 salutis
1082 1012 1187 1052 non
1238 995 1553 1066 prmscindit
1616 992 1876 1050 lsraelitis
1934 1009 1948 1046 :

367 1107 490 1147 nam
529 1089 774 1160 reliquiae
811 1096 1039 1145 servata:
1076 1088 1287 1153 sunt“,
1321 1099 1375 1143 et
1429 1088 1664 1142 maxima
1698 1101 1825 1156 pars
1856 1098 1949 1139 eo-

371 1199 487 1238 rum
539 1182 897 1237 multitudinis
948 1191 1140 1235 vocata
1188 1191 1290 1236 est.
1322 1180 1596 1235 Extremis
1625 1182 1790 1233 etiam
1824 1186 1955 1231 tem-

370 1275 592 1344 poribus
624 1274 985 1341 voeabuntur,
1020 1272 1133 1329 Deo
1170 1271 1479 1328 relrenaute
1528 1271 1661 1325 iram
1724 1270 1778 1324 in
1819 1268 1954 1336 illos

371 1378 428 1423 et
476 1382 690 1439 postiam
734 1365 1067 1430 retrahente,
1122 1379 1190 1419 ne
1218 1363 1443 1419 omnino
1490 1363 1544 1417 in
1589 1376 1687 1417 eos
1718 1360 1948 1415 intente-

374 1473 481 1515 tur.
524 1460 703 1514 Bouus
757 1458 900 1512 enim
935 1472 1056 1511 cum
1105 1456 1195 1520 sit,
1232 1455 1473 1510 servavit
1519 1467 1642 1508 cum
1710 1452 1956 1522 patrihus

374 1567 562 1608 eorum
614 1551 796 1606 datam
862 1549 1059 1613 ﬁdem,
1099 1564 1199 1603 nec
1256 1546 1474 1601 fefellit.
1520 1544 1717 1600 Reddit
1789 1545 1954 1599 etiam

374 1646 538 1701 aliam
577 1659 817 1708 causam,
852 1653 911 1697 ut
953 1641 1266 1697 misericors
1302 1641 1482 1695 Deus:
1520 1638 1763 1707 Spiritus
1810 1634 1955 1691 enim

2053 466 2175 521 μοις
2192 448 2253 503 τδ
2279 452 2475 522 χρῆναι
2502 452 2727 522 κρατεῖν
2754 449 3142 520 ἀπονέμοντες,
3163 449 3258 504 καὶ
3285 449 3642 515 ὑποτιθέντες

2047 543 2114 613 τῇ
2170 540 2373 616 ζεύγλῃ
2416 541 2655 614 Χριστοῦ
2698 539 2791 596 τὺν
2834 541 2933 613 τῆς
2969 542 3204 605 διανοίας
3250 541 3477 613 αὐχένα.
3525 544 3645 597 Καὶ

2046 636 2221 690 ταῦτα
2251 637 2350 709 μὲν
2383 635 2493 691 τῶν
2527 638 2587 689 ἐν
2620 634 2841 707 Χριστῷ
2877 635 2946 689 τά
2975 634 3134 704 ἔργα.
3173 634 3237 688 Τί
3282 634 3340 688 δέ
3389 651 3559 705 φησιν
3613 637 3644 689 6

2052 728 2318 799 ’Ύψιστος
2355 730 2472 792 τοῖς
2501 725 2562 793 ἐξ
2600 726 2886 790 ἀπειθείας
2916 726 3281 796 ὼλισθηκόσιν
3313 726 3395 789 είς
3422 726 3495 779 τά
3538 726 3644 796 τῆς

2050 820 2132 883 είς
2172 819 2334 873 αὑτὸν
2356 819 2675 882 δυσσεϐείας
2697 819 3048 890 ἐγκλήματα;
3097 817 3210 869 Ούκ
3239 818 3317 879 είς
3342 815 3436 869 τὸν
3464 816 3644 870 αίῶνα

2052 911 2324 982 ἐκδικήσω
2361 912 2527 982 ὑμᾶς,
2579 910 2701 965 οὐδὲ
2732 909 3022 972 διαπαντὸς
3047 907 3446 980 ὀργισθήσομαι
3488 907 3639 978 ὑμῖν.

2054 1003 2169 1058 Οὑκ
2214 1003 2498 1075 ἀποκείρει
2530 1001 2623 1056 τοῦ
2673 1000 2941 1065 σώζεσθαι
3006 1001 3107 1072 τὴν
3145 1000 3337 1054 ἐλπίδα
3405 1002 3521 1063 τοῖς
3580 1000 3645 1066 ἐξ

2067 1095 2308 1168 Ἰσραήλ·
2354 1095 2619 1149 σέσωσται
2659 1094 2769 1166 γὰρ
2811 1093 2872 1146 τὸ
2942 1091 3323 1163 κατάλειμμαο
3376 1093 3646 1164 κέκληται

2059 1186 2157 1257 μὲν
2193 1183 2422 1255 πλείστη
2453 1200 2538 1246 τις
2578 1185 2743 1268 μοῖρα
2783 1182 2883 1252 τῆς
2916 1181 3101 1236 αὑτῶν
3146 1180 3406 1251 πληθύος,
3441 1182 3645 1254 κεκλή-

2057 1294 2240 1331 σονται
2286 1277 2342 1330 δὲ
2386 1276 2482 1329 καὶ
2521 1276 2579 1327 ἐν
2633 1274 2882 1345 ἐσχάτοις
2934 1275 3182 1345 καιροῖς,
3237 1273 3643 1336 ἀνακόπτοντες

2056 1367 2193 1422 Θεοῦ
2221 1367 2320 1439 τὴν
2354 1368 2441 1421 ἐπ’
2471 1366 2655 1429 αὐτοῖς
2687 1363 2879 1436 ὀργὴν,
2912 1365 3007 1419 καὶ
3032 1366 3133 1432 τὴν
3164 1365 3319 1435 δίκην
3346 1365 3642 1436 ἀνασειρά-

2058 1459 2264 1526 ζοντος,
2323 1460 2401 1524 ὡς
2454 1459 2530 1530 μὴ
2589 1458 2824 1512 είσάπαν
2872 1456 3209 1512 ἐκτείνεσθαι
3263 1459 3381 1510 κατ’
3440 1456 3639 1510 αὐτῶν.

2071 1552 2297 1621 Ἀγαθὸς
2330 1551 2439 1623 γὰρ
2468 1549 2751 1622 ὑπάρχων,
2784 1549 3056 1619 τετήρηκε
3094 1550 3205 1611 τοῖς
3242 1546 3516 1616 πατράσιν
3545 1548 3641 1601 αὑ-

2058 1643 2170 1697 τῶν
2213 1642 2421 1714 ἀψευδῆ
2468 1641 2567 1714 τὴν
2600 1642 2916 1711 ὑπόσχεσιν.
2965 1639 3283 1694 ’Λποδίδωσι
3316 1639 3369 1693 δὲ
3413 1641 3510 1694 κοιλ⁸
3539 1639 3640 1693 ἑτέο

377 1753 408 1791 a
445 1751 531 1791 me
567 1735 902 1807 egredietur.
933 1732 1056 1800 Quo
1093 1742 1272 1787 autem
1317 1730 1474 1785 modo
1497 1728 1827 1799 egredietur,
1865 1726 1960 1781 de-

2079 1753 2165 1806 pav
2191 1735 2390 1801 αἰτίαν,
2413 1713 2490 1799 ὦς
2512 1713 2903 1805 φιλοικτίρμων
2926 1731 3075 1796 Θεός.
3102 1730 3323 1801 Πνεῦμα
3345 1731 3644 1802 γάρ,φησ“ι,

378 1827 608 1882 claravit
656 1825 904 1893 inquiens
946 1840 960 1875 :
1021 1822 1228 1877 Flatutn
1275 1836 1490 1876 Omnem
1546 1835 1648 1891 ego
1700 1817 1824 1874 feci.
1866 1815 1962 1873 Est

380 1920 524 1974 enim
558 1917 844 1987 spirituum
876 1915 1056 1969 Pater.
1089 1912 1414 1985 [intelligitur
1447 1923 1628 1967 autem
1670 1927 1777 1966 non
1816 1909 1963 1963 velut

381 2027 447 2066 ex
518 2008 738 2081 propria
798 2017 993 2062 natura
1061 2006 1180 2062 illos
1244 2007 1515 2078 genuisse,
1557 2012 1615 2060 ut
1683 2002 1962 2074 proprium

382 2101 576 2157 Filium
636 2100 819 2171 genuit
852 2118 865 2154 :
898 2098 991 2155 sed
1042 2114 1141 2153 nec
1203 2099 1321 2154 illos
1347 2114 1530 2168 parem
1564 2096 1793 2168 Spiritui
1828 2109 1957 2150 san-

385 2206 472 2251 cto
536 2211 601 2250 ex
669 2195 970 2250 substantia
1049 2208 1396 2266 progressum
1483 2190 1597 2247 sive
1650 2202 1964 2260 processum

388 2288 640 2343 habuisse
712 2288 988 2343 dicimus:
1047 2287 1142 2342 sed
1205 2300 1269 2338 ex
1316 2284 1595 2340 creatione
1657 2280 1840 2350 potius
1909 2279 1962 2334 in

387 2379 678 2433 essentiam
743 2379 1010 2446 prodiisse
1088 2392 1154 2430 ex
1208 2377 1317 2431 Deo
1391 2375 1751 2438 alIlrmamus,
1821 2381 1969 2427 recte

389 2468 606 2540 quidem
646 2469 961 2523 sentientes.
1000 2467 1132 2521 Nam
1170 2469 1286 2535 ipse
1332 2482 1549 2521 omnem
1598 2464 1728 2521 fecit
1758 2464 1967 2519 ﬂatum.

395 2562 495 2619 Ubi
538 2573 721 2617 autem
755 2559 967 2616 ell‘ectin
1021 2560 1244 2612 omnino
1273 2566 1356 2614 est
1384 2560 1680 2625 nominata,
1710 2560 1787 2614 ibi
1825 2574 1973 2615 sem-

391 2668 492 2725 per
538 2662 620 2708 est
669 2652 935 2722 egressio,
972 2650 1141 2721 810
1191 2664 1286 2703 seu
1342 2650 1546 2717 exitus,
1613 2665 1721 2704 non
1760 2651 1972 2705 ratione

394 2742 734 2809 substantiae,
784 2741 880 2797 sed
930 2740 1095 2795 verbo
1158 2740 1384 2796 abusivo
1426 2738 1769 2796 effectionem
1799 2740 1972 2812 signi-

395 2834 592 2892 ﬁeans.

472 2927 632 2981 Vens.
665 2926 851 2982 17—21.
905 2925 1133 2997 Propter
1178 2935 1452 2996 peccatum
1494 2924 1770 2992 paululum
1809 2926 1978 2980 tristi-

2064 1830 2197 1901 παρ’
2231 1826 2367 1899 ἐμοῦ
2395 1824 3145 1893 ἐξελεύσεται.Ἐξελεύσεται
3177 1824 3235 1879 δὲ
3268 1825 3394 1879 τίνα
3416 1824 3642 1895 τρόπον,

2062 1924 2388 1995 διεσάφησεν
2433 1921 2604 1975 εἰπών
2642 1938 2656 1952 ο
2730 1922 2907 1990 Πνοὴν
2971 1921 3152 1974 πᾶσαν
3225 1921 3459 1988 ἐποίησα
3514 1918 3644 1987 ἐγώ.

2069 2018 2226 2072 Ἐστι
2270 2016 2369 2088 μὲν
2404 2016 2513 2087 γὰρ
2554 2013 2882 2085 πνευμάτων
2931 2012 3144 2083 Πατήρ.
3198 2011 3417 2066 Νοεῖταί
3442 2028 3505 2079 γε
3543 2009 3646 2081 μὴν

2066 2112 2166 2182 οὑχ
2187 2110 2263 2174 ὼς
2298 2109 2357 2176 ἐξ
2385 2107 2520 2172 ἰδίας
2556 2106 2773 2177 φύσεως
2810 2105 3046 2169 τετοκὼς
3066 2104 3227 2168 αὑτά,
3261 2102 3404 2157 καθά
3436 2102 3532 2155 καὶ
3559 2101 3647 2153 τὸν

2070 2203 2201 2257 ῐδιον
2231 2200 2380 2265 Υἱόν,
2414 2199 2529 2253 ἀλλ’
2559 2198 2682 2252 οὑδέ
2711 2199 2769 2252 ἐν
2800 2198 2901 2270 τσῳ
2939 2196 3017 2268 τῷ
3062 2195 3204 2266 ἁγίῳ
3234 2193 3511 2264 Πνεύματι
3549 2192 3646 2262 τήν

2071 2296 2136 2349 ἐκ
2162 2294 2260 2364 τῆς
2290 2293 2479 2355 οὑσίας
2503 2292 2748 2365 πρόοδον,
2771 2292 2939 2364 ἤγουν
2988 2289 3339 2359 ἐκπόρευσιν,
3360 2285 3646 2355 ἐσχηκέναι

2072 2388 2252 2459 φαμὲν
2278 2387 2451 2441 αὑτά’
2493 2383 2903 2458 δημιουργικῶς
2928 2383 2986 2437 δὲ
3022 2380 3222 2453 μᾶλλον
3260 2382 3322 2433 ἐκ
3351 2377 3482 2431 Θεοῦ
3513 2393 3645 2447 προ-

2072 2480 2246 2536 ελθεῖν
2269 2481 2351 2544 είς
2373 2479 2435 2533 τὸ
2462 2473 2603 2532 εἶναι
2624 2470 3426 2545 διαδεδαιούμεθα,ιρρονοῦντες
3444 2465 3641 2539 ὀρθῶς

2070 2570 2234 2636 αὑτὸς
2271 2570 2382 2643 γὰρ
2423 2570 2606 2623 πᾶσαν
2650 2566 2876 2638 ἐποίησε
2907 2564 3098 2636 πνοήν.
3130 2562 3296 2614 Ὅπου
3327 2558 3384 2611 δὲ
3427 2555 3649 2625 ποίησις

2072 2663 2209 2726 ὅλως
2228 2661 2565 2733 ὠνόμασται,
2582 2661 2700 2713 ἐκεῖ
2721 2676 2823 2712 που
2853 2658 3071 2720 πάντως
3098 2654 3183 2725 εἴη
3201 2651 3265 2706 ἂν
3287 2653 3324 2722 ἡ
3352 2650 3650 2715 ἐξέλευσις.

2074 2754 2245 2826 ἥγουν
2292 2755 2326 2825 ή
2371 2751 2572 2818 ἔξοδος,
2603 2751 2704 2804 οὑκ
2750 2747 3026 2810 οὑσιωδῶς
3059 2744 3281 2816 μᾶλλον,
3324 2740 3437 2795 ἀλλ’
3485 2739 3560 2802 ὡς
3598 2737 3654 2790 ἐν

2076 2846 2219 2912 λέξει
2244 2847 2659 2917 καταχρηστικῇ
2692 2842 2754 2896 τὸ
2789 2837 3192 2914 περιποιεῖσθαι
3227 2834 3583 2908 σημαίνουσα.

2149 2942 2229 2993 Δι’
2279 2929 2573 3009 ἁμαρτίαν·
2616 2935 2820 3006 βραχύ
2866 2950 2923 2988 τι
2974 2932 3262 2999 ἐλύπησα
3309 2924 3517 2989 αὐτὸν,
3561 2922 3657 2975 και

397 3025 474 3078 tia
521 3023 674 3094 a/feci
719 3038 858 3087 eum,
883 3034 931 3077 et
992 3022 1223 3091 percussi
1274 3035 1414 3082 eum,
1447 3028 1497 3073 et
1546 3020 1712 3073 averti
1783 3017 1972 3087 faciem

2080 3029 2349 3096 ἐπάταξα
2375 3029 2581 3097 αὑτὸν,
2607 3028 2706 3082 καί
2742 3025 3098 3092 ἀπέστρεψα
3111 3019 3176 3074 τὸ
3191 3016 3517 3088 πρόσωπόν
3539 3030 3656 3083 μου

396 3132 567 3170 meam
608 3113 673 3167 ab
708 3130 789 3177 eo,
830 3124 877 3167 et
919 3113 1139 3167 tristitia
1182 3112 1402 3178 allectus
1441 3119 1539 3172 est,
1565 3119 1611 3162 et
1654 3109 1782 3162 abiit
1847 3124 1977 3161 mae-

290 3252 307 3261 -
398 3216 511 3261 stus
557 3207 611 3258 in
644 3206 742 3258 viis
789 3204 918 3258 suis.
965 3203 1090 3256 νίας
1128 3202 1244 3271 ejus
1294 3201 1425 3264 vidi,
1453 3209 1500 3252 et
1533 3200 1717 3253 sanari
1757 3213 1897 3263 eum,
1932 3208 1978 3251 et

399 3296 701 3350 consolatus
757 3309 873 3348 sum
911 3309 1049 3358 eum,
1090 3302 1137 3345 et
1179 3291 1301 3344 dedi
1350 3294 1397 3344 ei
1439 3289 1856 3345 consolationem
1893 3305 1980 3343 ue—

401 3403 538 3449 ram,
568 3401 749 3453 pacem
795 3399 951 3452 super
991 3399 1170 3450 pacem
1221 3382 1302 3436 Itis
1350 3383 1441 3452 qui
1474 3382 1647 3453 longe,
1687 3390 1736 3436 et
1768 3381 1850 3436 Itis
1894 3384 1983 3453 qui

402 3495 560 3549 prope
600 3487 740 3531 sunt.
783 3475 847 3530 Et
877 3476 1014 3530 dixit
1059 3473 1319 3528 Dominus
1343 3487 1362 3526 :
1392 3471 1608 3529 Sauabo
1644 3489 1768 3539 eos;
1796 3480 1853 3526 at
1876 3474 1984 3526 ini-

403 3570 494 3643 qui
547 3570 627 3624 sic
688 3568 1055 3639 ﬂuetuabunt,
1102 3574 1153 3620 et
1218 3566 1482 3636 quiescere
1556 3581 1660 3619 non
1719 3573 1984 3633 poterunt.

408 3659 531 3715 Non
587 3670 662 3716 est
698 3658 950 3730 gaudium
1006 3655 1214 3726 impiis,
1253 3655 1387 3708 dixit
1436 3654 1694 3709 Dominus
1744 3653 1906 3710 Deus.

482 3936 724 3993 Luerunt
749 3948 938 4002 poenas
960 3932 1130 4009 Judaei
1152 3932 1592 3989 debacchationis
1617 3931 1670 3987 in
1694 3930 1990 3997 Christum,

414 4030 666 4087 omnibus
721 4030 941 4097 quidem
983 4026 1297 4090 hominibus
1363 4024 1761 4092 intolerandus,
1805 4025 1992 4080 mode-

414 4133 561 4178 ratas
607 4130 809 4183 tamen,
858 4118 904 4174 si
958 4133 1082 4175 cum
1140 4117 1342 4173 erratis
1399 4125 1812 4186 comparentur.
1857 4114 1991 4171 Nam

2080 3124 2179 3178 ἀπ’
2217 3122 2422 3177 αὐτοῦ·
2460 3120 2557 3174 καὶ
2590 3117 2888 3188 ἐλυπήθη,
2942 3115 3041 3170 καὶ
3066 3112 3360 3182 ἐπορεύθη
3401 3106 3659 3176 στυγνὸς

2079 3210 2149 3264 ἐν
2180 3209 2308 3275 ταῖς
2353 3207 2514 3275 ὁδοῖς
2542 3207 2748 3261 αὐτοῦ.
2801 3204 2912 3271 Τὰς
2958 3201 3139 3268 ὀδοὺς
3189 3197 3377 3254 αὐτοῦ
3413 3195 3657 3264 ἑώρακα,

2082 3299 2183 3355 καὶ
2214 3299 2480 3369 ἰασάμην
2508 3298 2716 3363 αὐτὸν,
2751 3296 2850 3351 καὶ
2894 3293 3282 3363 παρεκάλεσα
3317 3288 3521 3348 αὐτὸν,
3563 3286 3659 3339 καί

2084 3393 2277 3449 ἔδωκα
2311 3391 2470 3457 αὐτῷ
2509 3389 2895 3460 παράκλησιν
2939 3383 3262 3453 ἀληθινὴν,
3285 3379 3534 3450 εῑρήνην
3566 3377 3663 3430 ἐπὶ

2085 3486 2340 3555 εἰρήνην
2388 3484 2512 3550 τοῖς
2561 3484 2799 3553 μακρὰν
2835 3480 2932 3534 καί
2977 3477 3102 3544 τοῖς
3141 3476 3322 3546 ἐγγὺς
3356 3468 3519 3528 οὖσι.
3554 3469 3661 3523 Καὶ

2087 3573 2217 3631 εἶπε
2238 3575 2448 3643 Κύριος
2469 3593 2482 3604 ·
2502 3573 2772 3642 Ἰάσομαι
2809 3570 3051 3634 αὐτούς·
3083 3571 3137 3621 ol
3174 3566 3243 3621 δὲ
3264 3565 3457 3621 ἄδικοι
3481 3562 3666 3625 οὕτως

2091 3664 2714 3732 κλυδωνισθήσονται,
2742 3662 2841 3718 καὶ
2881 3659 3350 3715 ἀναπαύσασθαι
3380 3657 3452 3710 οὐ
3486 3653 3668 3716 {im-ti-

2092 3776 2321 3815 σονται.
2377 3759 2500 3812 Οὐκ
2552 3757 2685 3812 ἔστι
2737 3755 2970 3825 χαίρειν
3019 3751 3145 3819 τοῖς
3178 3750 3495 3811 ἀσεϐέσιν,
3543 3740 3670 3798 εἶπε

2093 3854 2309 3919 Κύριος
2341 3852 2373 3904 ὀ
2405 3850 2569 3916 Θεός.
3602 3838 3607 3845 ’

2102 3964 2110 3973 ’
2178 3941 2521 3996 Ἐκτετίκασι
2553 3940 2651 4011 μὲν
2685 3939 2927 3994 Ἰουδαῖοι
2977 3939 3134 4003 δίκας
3165 3936 3266 4007 τῆς
3306 3937 3389 3998 εἰς
3438 3931 3668 4006 Χριστὸν

2097 4035 2403 4108 παροινίας,
2447 4033 2719 4106 ἀνθρώπῳ
2765 4033 2863 4104 μὲν
2912 4032 3219 4103 ἀφορήτους
3266 4029 3450 4091 παντὶ,
3501 4038 3669 4095 μεμε-

2096 4128 2374 4199 τρημένας
2426 4126 2484 4180 δὲ
2537 4126 2705 4196 ὅμως,
2763 4124 2824 4178 τό
2868 4140 2931 4194 γε
2978 4118 3114 4195 ἧκον
3161 4122 3240 4185 είς
3298 4118 3519 4188 ἰσότητα
3564 4113 3671 4166 τῶν

414 4216 552 4271 ultra
610 4228 825 4268 omnem
881 4211 1100 4265 modum
1169 4210 1319 4279 impii
1383 4209 1624 4273 fuerunt,
1664 4210 1843 4280 justos
1902 4224 1973 4265 ocl

2098 4218 2521 4292 ⁴ἡμαρτημένων.
2562 4216 2996 4287 Δεδυσσεὸήκασι
3042 4214 3151 4285 γὰρ
3196 4212 3264 4265 τά
3299 4210 3441 4281 πέρα
3475 4206 3671 4277 μέτρου

416 4308 691 4368 ciderunl,
727 4318 780 4359 ct
804 4312 1114 4360 sanctorum
1139 4302 1538 4372 prophetarum
1574 4304 1853 4374 sanguinis
1877 4319 1973 4357 reo:

2101 4312 2320 4377 παντὸς,
2352 4310 2711 4373 ἀπεκτονότες
2746 4308 3007 4372 δικαίους,
3055 4305 3147 4359 καὶ
3180 4302 3472 4375 προφητῶν
3508 4296 3675 4366 ἁγίων

417 4414 478 4455 se
521 4397 915 4454 reddiderunt:
959 4395 1177 4447 tandem
1234 4392 1336 4460 ipsi
1386 4393 1550 4445 etiam
1594 4392 1817 4449 Christo
1879 4411 1973 4448 ma-

2102 4404 2328 4476 αἴμασιν
2360 4402 2576 4473 ἐνόχους
2607 4400 2833 4462 ἑαυτοὺς
2864 4398 3328 4467 καταστήσαντες.
3372 4388 3677 4444 Τελευτῶνο

418 4505 522 4546 nus
575 4488 914 4544 intulerunt:
945 4499 1126 4554 quem,
1151 4498 1275 4538 cum
1319 4482 1491 4538 Filius
1523 4492 1687 4548 esset,
1730 4484 1997 4542 misitPa-

421 4592 504 4636 tcr
546 4588 669 4648 post
718 4578 969 4632 famulos.
1005 4577 1072 4630 Αι
1110 4577 1163 4630 hi
1202 4576 1286 4631 sic
1330 4587 1521 4630 c0ntra
1578 4576 1727 4629 illum
1795 4578 1996 4632 insole-

420 4672 664 4730 scebant,
711 4669 923 4722 etiamsi
963 4668 1105 4721 inter
1138 4681 1197 4721 se
1254 4667 1528 4722 dicerent:
1569 4685 1587 4718 ι
1621 4667 1719 4722 ilic
1752 4680 1836 4722 est
1888 4670 1998 4722 hm-

421 4765 584 4821 res".
612 4783 632 4817 ι
653 4762 836 4831 Itaque
864 4769 1083 4829 propter
1099 4759 1200 4812 hoc
1224 4768 1526 4826 peccatum,
1548 4761 1746 4830 inquit,
1765 4760 1990 4816 tristitia

420 4857 572 4914 aﬂ'cci
609 4871 733 4912 eum
757 4896 772 4921 ,
801 4865 855 4909 et
899 4854 1163 4926 percussi,
1189 4865 1242 4910 et
1274 4855 1442 4909 averti
1487 4855 1681 4911 faciem
1732 4872 1906 4909 nteant
1931 4856 2001 4911 ab

421 4965 505 5003 eo.
585 4946 729 5002 Dixit
762 4946 943 5002 enim:
978 4964 996 4997 ι
1017 4944 1151 5000 Cum
1189 4960 1378 4999 manus
1409 4956 1615 5001 vestras
1646 4947 2000 5001 extendcritis

423 5042 489 5094 ad
525 5056 632 5107 me,
669 5051 911 5094 avertam
951 5037 1135 5092 oculos
1185 5052 1331 5091 meos
1366 5053 1395 5092 a
1428 5039 1614 5094 vobis:
1660 5039 1784 5092 etsi
1820 5038 2000 5093 multi-

423 5130 753 5199 plicaveritis
802 5130 1254 5194 orationetn,nou
1287 5131 1572 5183 exaudiant
1633 5144 1745 5182 νος.
1814 5128 2002 5184 Manus

423 5221 566 5275 enim
601 5231 793 5276 vestrae
820 5221 990 5289 plnum
1021 5228 1147 5274 sunt
1178 5220 1445 5288 sanguine
1470 5220 1537 5272 ’⁸.
1559 5238 1576 5269 ι
1627 5219 1732 5273 Sed
1798 5231 2005 5288 postre-

427 5312 531 5366 mis
583 5313 924 5383 temporibus
982 5312 1341 5381 rcsipiscente
1384 5310 1620 5366 lsraele:
1657 5312 1828 5365 abibit
1856 5312 2001 5366 enim

430 5409 679 5465 mlestus,
712 5403 937 5458 desistet
965 5405 1032 5456 ah
1081 5403 1181 5457 hac
1244 5402 1549 5465 aversione,
1590 5413 1645 5455 et
1688 5418 1783 5473 per
1840 5404 1999 5458 iidem

430 5491 741 5561 recipietur,
784 5503 839 5548 et
870 5509 899 5547 a
958 5494 1203 5564 pristinis
1246 5495 1504 5565 peccatis,
1544 5493 1648 5549 Deo
1722 5495 2005 5549 commise-

2101 4513 2191 4559 τες
2228 4495 2286 4548 δὲ
2330 4495 2424 4547 καὶ
2462 4492 2611 4563 αὑτῷ
2640 4492 2739 4555 τὰς
2782 4493 2969 4561 χεῖρας
3002 4491 3281 4560 ἐπήγαγον
3314 4484 3393 4554 τῷ
3437 4478 3675 4551 Χριστῷ,

2099 4587 2157 4641 δν
2184 4587 2310 4640 Υἱὸν
2337 4586 2465 4639 ὄντα
2498 4584 2784 4654 πέπομφεν
2822 4585 2849 4636 ὁ
2874 4581 3063 4653 Πατὴρ
3110 4579 3247 4652 μετὰ
3276 4580 3401 4640 τοὺς
3442 4575 3674 4633 οἰκέτας.

2104 4678 2165 4729 ΟΞ
2208 4675 2265 4728 δὲ
2307 4674 2400 4729 καὶ
2447 4673 2619 4737 οὑτως
2666 4672 3054 4744 ἠλαζονεύοντο
3101 4669 3220 4724 κατ’
3268 4665 3455 4727 αὑτοῦ,
3505 4662 3678 4737 καίτοι

2107 4766 2241 4837 πρὸς
2258 4765 2517 4835 ἀλλήλους
2533 4764 2800 4834 λέγοντες·
2825 4785 2842 4815 ι
2872 4759 3039 4826 Οὗτός
3055 4762 3200 4814 ἐστιν
3227 4763 3255 4813 ό
3285 4756 3634 4828 κληρονόμος.
3650 4774 3665 4802 ι

2106 4858 2314 4912 Οὐκοῦν
2359 4857 2446 4910 διά
2488 4856 2690 4928 ταύτην
2729 4856 2827 4928 τὴν
2870 4853 3141 4927 ἁμαρτίαν
3198 4850 3447 4919 ἐλύπησα
3497 4846 3677 4905 αὑτὸν,

2105 4949 2258 5019 φησὶ,
2288 4948 2381 5002 καὶ
2403 4947 2671 5011 ἐπάταξα,
2704 4949 2799 5000 καὶ
2831 4944 3151 5017 ἀπέστρεψα
3176 4945 3235 4997 τὸ
3265 4940 3557 5012 πρόσωπόν
3582 4954 3680 5007 μου
3777 4974 3786 4981 .

2103 5040 2198 5094 ἀπ’
2232 5038 2418 5093 αὑτοῦ.
2453 5039 2599 5109 Ἔφη
2625 5040 2752 5109 γάρ·
2789 5057 2807 5089 ι
2838 5039 3006 5091 Ὅταν
3049 5037 3147 5099 τὰς
3174 5036 3364 5105 χεῖρας
3403 5030 3560 5101 ὑμῶν
3590 5030 3684 5080 ἐκ·
3710 5033 3728 5041 ”

2105 5128 2314 5199 τείνητε
2360 5129 2497 5200 πρός
2536 5146 2634 5199 με,
2673 5128 3000 5200 ἀποστρέψω
3043 5128 3169 5190 τοὺς
3214 5122 3527 5195 ὀφθαλμούς
3582 5138 3683 5189 μου

2107 5221 2200 5289 ἀφ’
2232 5220 2400 5290 ὑμῶν·
2435 5225 2529 5273 καὶ
2560 5220 2656 5273 ἐὰν
2686 5219 2991 5291 πληθύνητε
3023 5219 3123 5288 τὴν
3178 5216 3382 5288 δέησιν,
3427 5215 3528 5266 οὑκ
3570 5213 3683 5291 εἰσ-

2110 5310 2416 5381 ακούσομαι
2448 5310 2635 5381 ὑμῶν·
2673 5310 2729 5362 αἱ
2765 5310 2872 5382 γάρ
2900 5312 3081 5380 χεῖρες
3115 5306 3270 5377 ὑμῶν
3289 5305 3520 5375 αἵματος
3553 5302 3687 5370 πλή-

2110 5418 2244 5473 ρεις.
2262 5420 2278 5453 ι
2301 5401 2437 5454 Ἀλλ’
2466 5403 2523 5454 ἐν
2552 5402 2800 5472 ὑστέροις
2830 5402 3040 5472 καιροῖς
3072 5388 3573 5470 μεταγινώσκοντος
3592 5393 3684 5446 τοῦ

2123 5494 2335 5563 Ἰσραὴλ
2351 5492 2699 5564 (πορεύσεται
2726 5492 2834 5564 γάρ
2863 5488 3479 5562 στυγνὸς),πεπαύσεται
3504 5487 3603 5557 μὲν
3620 5486 3685 5539 τὰ

504 5657 549 5689 ’⁵
589 5673 691 5730 lea.
734 5689 786 5737 χ,
820 5670 929 5737 2‘2;
970 5673 1128 5728 Rom.
1162 5673 1352 5739 ts,27.
1429 5677 1475 5742 ’ξ
1506 5676 1635 5731 Lur.
1667 5692 1757 5740 xx,
1799 5676 1860 5730 li
1957 5677 2002 5707 ’θ
2034 5673 2135 5729 lsa.
2176 5689 2213 5739 ι,
2259 5671 2341 5726 ib.
