4042 6200
1720 98 1755 132 \

384 273 522 331 19.77
1494 283 1561 339 IN
1601 284 1839 342 ISAIAM
1878 284 1980 341 LIB

2052 285 2115 342 V.
2157 285 2389 343 TOMUS
2427 285 2515 342 ιιι.
3492 292 3632 351 1278

385 391 482 465 τῆτ
512 394 892 466 ἁποστροφῆςο
938 396 1344 469 εἰσδεχθήσεται
1374 402 1431 456 δὲ
1461 403 1547 458 διὰ
1577 406 1833 469 πίστεως,
1868 406 1961 460 καλ⁸

2032 416 2220 466 ,ιίιιιιο
2261 405 2592 471 absolvatur,
2629 416 2683 461 et
2727 407 2906 478 capiet
2944 423 3129 463 veram
3179 408 3628 465 consolationem.

386 485 494 539 τῶν
537 487 779 558 ἀρχαίων
820 488 1237 559 ἁμαρτημάτων
1282 492 1781 567 ἀπαλλαχθήσεται,
1822 497 1956 551 Θεοῦ

2060 500 2131 553 At
2165 497 2377 568 qualem
2437 498 2578 552 hanc
2634 512 2753 554 esse
2803 500 3077 554 dicimus?
3123 516 3189 554 an
3238 517 3341 556 non
3388 500 3634 556 videlicet

386 576 869 647 κατοικτείροντος·
898 577 1129 649 λήψεται
1174 580 1230 634 δὲ
1258 583 1351 634 καὶ
1380 586 1725 656 παράκλησιν
1771 587 1960 658 ἀληθι-

2060 588 2291 662 gratiam
2344 601 2440 656 per
2477 586 2779 650 Christum,
2806 603 2926 656 qua:
2971 602 3068 655 per
3119 588 3277 641 ﬁdem
3336 587 3624 658 justiticat,

386 666 504 736 νήν.
540 666 649 718 Καὶ
677 664 836 719 ποίαν
868 662 1006 721 εἶναι
1036 668 1243 740 ταύτην
1274 671 1483 742 φαμὲν,
1514 673 1548 744 ἢ
1582 675 1826 745 δηλονότι
1860 676 1960 747 τὴν

2060 695 2089 734 a
2124 681 2359 750 peccatis
2390 680 2604 746 liberal,
2626 690 2681 734 ct
2714 679 3200 734 sanctificationem
3231 694 3328 749 per
3362 678 3628 748 Spiritum

387 754 475 807 διὰ
501 752 736 825 Χριστοῦ
764 754 945 825 χάριν,
981 755 1298 811 δικαιοῦσαν
1325 762 1382 812 ἐν
1409 762 1611 826 πίστει,
1649 767 1742 817 καὶ
1775 766 1959 837 ἀμαρ-

2062 769 2336 833 conciliat,
2385 777 2439 824 et
2489 769 2792 837 adoptionis
2859 769 3108 839 gloriam,
3170 778 3225 822 et
3284 768 3629 838 przcmiormn

386 845 515 898 τιῶν
556 843 1025 908 ἀπαλλάττουσαν.
1069 846 1435 919 προξενοῦσαν
1483 852 1541 906 δέ
1592 857 1687 907 καὶ
1737 855 1832 909 τὸν
1872 856 1961 910 διά

2060 875 2210 929 spem
2245 875 2367 929 qua:
2402 860 2607 914 sanctis
2644 860 2910 913 destinata
2942 858 3116 913 sunt?
3153 857 3290 913 Vera
3341 868 3426 912 est
3474 858 3638 929 igitur

388 936 704 1007 Πνεύματος
731 938 1000 1008 ἀγιασμὺν
1020 979 1035 1003 ,
1063 941 1159 993 καὶ¹
1199 941 1300 1011 τῆς
1331 943 1603 1010 υἱοθεσίας
1645 946 1742 1018 τὴν
1783 948 1959 1016 δόξαν,

2063 953 2178 1005 htec
2210 950 2531 1012 consolatio,
2566 964 2687 1019 qua:
2720 959 2914 1019 praeter
2932 950 3033 1003 alia
3065 952 3201 1004 bona
3229 950 3431 1015 omnia,
3483 949 3640 1005 all‘ert

387 1029 480 1081 καὶ
518 1031 698 1100 γερῶν
728 1030 917 1083 ἐλπίδα
958 1030 1068 1084 τῶν
1110 1035 1221 1096 τοῖς
1253 1034 1430 1103 ἁγίοις
1471 1036 1958 1108 ηὑτρεπισμένων;

2062 1040 2146 1096 bis
2181 1041 2274 1111 qui
2301 1056 2364 1096 ea
2399 1041 2775 1110 praeditisunt,
2808 1056 2995 1110 pacem
3029 1057 3191 1109 super
3229 1055 3441 1112 pacem,
3463 1041 3514 1096 id
3535 1050 3636 1108 est,

401 1116 656 1190 Ἂληθινὴ
682 1118 972 1189 τοιγαροῦν
1003 1122 1035 1190 ή
1068 1122 1435 1193 παράκλησις,
1461 1124 1596 1195 πρὸς
1626 1130 1740 1190 τοῖς
1782 1127 1963 1191 ἀλλοις

2065 1143 2373 1201 perpetuam
2402 1142 2456 1186 et
2484 1130 2665 1201 jngem
2699 1131 2849 1201 pacis
2897 1132 3245 1186 serenitatem
3276 1147 3438 1201 quam
3490 1132 3642 1187 dedit

387 1208 595 1263 ἅπασιν
622 1210 849 1278 ἀγαθοῖς
876 1211 1265 1281 εἰσκομίζουσα
1288 1216 1403 1277 τοῖς
1432 1215 1745 1280 ἀξιωθεῖσιν
1793 1219 1964 1289 αὐτῆς

2065 1221 2343 1287 Servator,
2372 1232 2426 1277 et
2454 1224 2536 1278 his
2561 1223 2648 1291 qui
2674 1223 2878 1292 procul,
2909 1229 2963 1277 et
3009 1223 3095 1280 his
3124 1224 3215 1292 qui
3273 1238 3444 1294 prope
3487 1232 3635 1288 sunt,

391 1301 482 1353 καὶ
540 1301 761 1372 εἰρήνην
807 1302 900 1354 ἐπὶ
952 1303 1205 1374 εἰρήνην,
1261 1305 1507 1360 τουτέστι
1575 1308 1796 1378 διηνεκῆ
1867 1311 1963 1363 καὶ

2065 1314 2116 1367 id
2150 1322 2251 1377 est,
2276 1314 2436 1383 811
2458 1324 2511 1368 ct
2530 1314 2612 1367 his
2635 1315 2726 1383 qui
2748 1329 2811 1368 ex
2830 1314 3094 1382 gentibus,
3116 1324 3163 1368 et
3185 1314 3289 1366 illis
3306 1314 3394 1382 qui
3422 1328 3488 1367 ex
3517 1327 3643 1367 san-

391 1391 742 1446 ἀνέκλειπτον
784 1393 884 1463 τὴν
934 1394 1034 1465 τῆς
1077 1395 1304 1466 εἰρήνης
1343 1396 1546 1463 εὐδίαν,
1588 1400 1656 1470 ἣν
1695 1398 1894 1453 ἔδωκεν
1936 1402 1965 1454 6

2065 1405 2227 1473 guine
2274 1405 2440 1459 Israel
2489 1414 2637 1459 sunt.
2675 1404 2880 1459 Aﬂ‘atus
2918 1411 3001 1459 est
3027 1406 3171 1459 enim
3201 1411 3390 1475 gentes
3452 1405 3644 1459 beatus

392 1482 583 1553 Σωτὴρ
623 1482 719 1537 καὶ
759 1485 871 1547 τοῖς
907 1483 1144 1554 μακρὰν,
1188 1486 1424 1549 καὶτοῖς
1474 1487 1660 1555 ἐγγὺς,
1694 1488 1963 1553 τουτέστι,

2067 1496 2300 1552 Paulus:
2332 1513 2351 1547 ι
2390 1494 2540 1551 Nunc
2567 1504 2750 1550 autem
2791 1496 2881 1565 qui
2914 1496 3184 1565 quondam
3216 1495 3381 1549 eratis
3427 1493 3643 1564 procul,

393 1571 487 1624 καὶ
530 1574 643 1635 τοῖς
685 1572 746 1637 ἐξ
788 1571 981 1639 ἐθνῶν,
1035 1574 1131 1626 καὶ
1170 1576 1281 1637 τοῖς
1324 1575 1383 1641 ἐξ
1437 1574 1668 1647 αἵματος
1725 1578 1962 1650 Ἰσραήλ.

2068 1588 2193 1642 facti
2217 1590 2352 1643 estis
2404 1602 2569 1657 prope
2597 1587 2648 1642 in
2677 1589 2941 1658 sanguine
2972 1588 3174 1643 Christi
3196 1587 3262 1641 ⁸⁷.
3296 1606 3314 1638 ι
3350 1585 3482 1640 Nam
3510 1601 3643 1654 qua-

394 1663 837 1733 Προσπεφώνηκε
868 1663 979 1734 γάρ
1000 1666 1113 1727 τοῖς
1143 1663 1349 1718 ἔθνεσιν
1377 1666 1406 1719 6
1438 1668 1709 1738 μακάριος
1736 1667 1961 1735 Παῦλος,

2069 1686 2225 1733 tenus
2255 1678 2418 1732 Israel
2450 1680 2765 1748 subjugatus
2801 1686 2923 1733 erat
2953 1677 3077 1748 legi,
3104 1688 3159 1733 et
3199 1678 3471 1732 serviebat
3529 1678 3641 1732 Deo

392 1752 473 1805 ὅτι
506 1769 526 1804 ι
550 1753 685 1806 Νυνὶ
712 1754 769 1806 δὲ
801 1755 1022 1821 ὃλως,οί
1056 1755 1187 1808 ποτέ
1214 1756 1366 1822 ὄντες
1398 1759 1638 1831 μακρὰν,
1673 1759 1969 1832 ἐγενήθητε

2073 1770 2271 1824 viventi
2312 1779 2367 1824 et
2398 1777 2545 1835 vero,
2604 1770 2679 1825 ita
2748 1778 2807 1824 ut
2856 1784 3025 1824 sacrm
3074 1768 3440 1838 prtedicationi
3475 1767 3648 1837 placet

389 1843 559 1933 ἐγγὺς
601 1844 659 1896 ἐν
684 1844 763 1915 τῷ
792 1846 986 1913 αἵματι
1031 1844 1125 1899 τοῦ
1165 1846 1417 1916 Χριστοῦ.
1462 1867 1481 1900 ι
1531 1848 1700 1901 Ὅσον
1736 1850 1834 1920 μὲν
1863 1849 1974 1920 γὰρ

2076 1860 2317 1933 (dictum
2348 1872 2429 1915 est
2453 1862 2597 1914 enim
2623 1860 2758 1915 illis:
2781 1879 2799 1911 ι
2825 1860 3084 1915 Dominus
3116 1860 3255 1914 Deus
3294 1870 3419 1913 tuus
3467 1858 3648 1912 Domi-

390 1930 526 2007 ἦκεν
562 1937 643 1999 είς
679 1937 742 1989 τὸ
783 1935 1146 2008 κατεζεῦχθαι
1179 1938 1328 2008 νόμῳ
1355 1938 1446 1992 τὸν
1486 1939 1724 2010 Ἰσραήλ,
1753 1941 1850 1994 καὶ
1879 1941 1975 1995 λα-

2075 1930 2176 2007 nus
2207 1968 2345 2007 unus
2369 1961 2451 2008 est
2467 1952 2512 1984 ’⁸
2535 1972 2553 2004 ι
2571 1951 2611 2021 ),
2641 1966 2806 2021 prope
2834 1967 2952 2007 esse
2972 1952 3362 2021 quodammodo
3389 1950 3652 2005 videban-

390 2025 605 2097 τρεύειν
653 2026 772 2098 Θεῷ
818 2027 982 2091 ζῶντι
1041 2027 1136 2082 καὶ¹
1183 2027 1441 2098 ἀληθινῷ,
1472 2029 1614 2082 κατά
1667 2047 1731 2097 γε
1764 2029 1827 2083 τὸ
1862 2033 1974 2092 τοῖς

2077 2054 2186 2108 tur,
2210 2054 2398 2116 gentes
2424 2055 2604 2099 autem
2648 2043 2836 2113 procul
2898 2043 3109 2108 abesse,
3139 2058 3204 2099 eo
3241 2043 3383 2113 quod
3425 2055 3647 2113 prorsus

393 2119 560 2190 ἱεροῖς
588 2118 907 2188 κηρύγμασι
938 2116 1130 2171 δοκοῦν
1182 2118 1421 2189 (εἴρηται
1447 2118 1557 2191 γὰρ
1582 2121 1719 2191 πρὸς
1751 2121 1970 2183 αὐτούς·

2076 2152 2109 2192 a
2152 2139 2360 2193 sanctis
2408 2135 2689 2207 discipulis
2737 2136 2927 2192 aliena:
2971 2146 3178 2205 essent,
3222 2136 3645 2207 ignorarentqne

399 2229 418 2261 ι
450 2211 652 2283 Κύριος
677 2213 706 2265 6
727 2212 859 2275 Θεός
892 2229 1009 2280 σου,
1049 2212 1255 2284 Κύριος
1283 2208 1364 2277 εἷς
1390 2215 1538 2267 ἐστιν
1563 2213 1808 2284 ι),ἐγγὺς
1836 2210 1976 2267 εἷναί

2076 2227 2448 2284 universitatis
2489 2225 2803 2281 Creatorem
2823 2236 2881 2282 et
2912 2224 3221 2281 Dominum.
3254 2225 3360 2279 Sed
3397 2240 3500 2294 pax
3524 2225 3650 2278 data

396 2319 515 2366 πως
560 2302 803 2357 ἐδόκουν·
842 2303 1058 2376 μακρὰν
1098 2303 1156 2357 δέ
1198 2303 1270 2357 τὰ
1313 2303 1461 2376 ἔθνη,
1508 2303 1597 2358 διά
1649 2305 1710 2358 τὸ
1747 2305 1977 2359 εἰσάπαν

2077 2328 2160 2376 εει
2197 2329 2250 2374 et
2282 2319 2368 2373 his
2406 2328 2460 2374 et
2489 2318 2594 2373 illis
2628 2333 2657 2371 a
2684 2317 2792 2373 Deo
2824 2328 2873 2373 et
2912 2317 3093 2381 Patre,
3128 2332 3223 2387 per
3250 2317 3526 2371 Christum
3563 2315 3639 2367 vi-

398 2392 877 2464 ἁπηλλοτριῶσθαι
926 2396 1019 2447 καὶ
1047 2393 1385 2464 μαθημάτων
1414 2395 1606 2464 ἀγίων,
1654 2396 1749 2448 καὶ
1777 2394 1871 2449 τοῦ
1900 2396 1980 2449 εί-

2080 2411 2294 2477 delicet,
2318 2411 2410 2480 qui
2440 2409 2568 2465 fecit
2600 2419 2829 2480 utraque
2857 2424 3043 2476 unum,
3093 2419 3145 2463 et
3182 2408 3405 2478 populos
3438 2407 3574 2461 duos
3600 2405 3651 2459 in

396 2483 546 2538 δέναι
579 2484 670 2537 τὸν
702 2484 812 2538 τῶν
838 2484 975 2539 ὅλων
999 2485 1382 2556 γενεσιουργὺν
1434 2485 1529 2539 καὶ
1566 2485 1790 2556 Κύριον.
1838 2486 1977 2539 Ἀλλ’

2080 2519 2246 2559 unum
2272 2518 2465 2558 novum
2492 2502 2768 2555 hominem
2798 2501 3057 2562 condidit,
3090 2509 3143 2554 et
3167 2500 3513 2553 interstitium
3544 2514 3656 2551 nta-

401 2576 589 2647 εἰρήνη
624 2574 833 2629 δέδοται
863 2575 1074 2639 τούτοις
1095 2592 1157 2629 τε
1220 2576 1495 2640 κάκείνοις
1520 2578 1671 2647 παρά
1710 2576 1806 2630 τοῦ
1839 2575 1976 2629 Θεοῦ

2077 2596 2237 2649 ceris:
2260 2591 2438 2655 solvit,
2467 2605 2529 2645 ac
2548 2589 2749 2659 Legem
2782 2602 3166 2660 praeceptorum
3199 2590 3252 2643 in
3281 2590 3506 2644 decretis
3522 2589 3656 2642 abo-

400 2671 493 2724 καὶ
518 2671 753 2742 Πατρδς,
791 2672 825 2740 ή
843 2669 931 2723 διά
955 2667 1193 2739 Χριστοῦ
1223 2668 1490 2738 δηλονότι,
1524 2667 1619 2720 τοῦ
1653 2670 1979 2735 ποιήσαντος

2080 2677 2228 2732 levit.
2255 2674 2442 2745 Itaque
2457 2691 2552 2745 per
2576 2678 2752 2745 ipsum
2778 2677 3265 2732 reconciliationem
3287 2677 3576 2732 habuimus
3603 2686 3656 2730 et

403 2763 472 2815 τὰ
514 2762 799 2834 ἀμφότερα
827 2760 907 2825 ἓν,
942 2761 1037 2816 καὶ¹
1081 2760 1206 2823 τοὺς
1240 2759 1334 2813 δύο
1377 2758 1540 2823 λαοὺς
1579 2758 1869 2831 κτίσαντος
1898 2760 1981 2823 εἰς

2163 2783 2266 2825 :em
2285 2782 2408 2822 cum
2426 2768 2554 2834 Deo,
2572 2777 2685 2822 ttnn
2706 2769 2849 2823 inter
2872 2783 2969 2824 nos
2988 2784 3257 2838 nunquam
3282 2767 3654 2823 scindendum.
3749 2818 3759 2829 ,

404 2852 501 2906 ἕνα
526 2852 710 2906 καινὸν
735 2852 1039 2923 ἄνθρωπον,
1065 2852 1159 2905 καὶ
1183 2850 1245 2904 τδ
1269 2851 1577 2921 μεσότοιχον
1604 2850 1698 2903 τοῦ
1721 2849 1979 2922 φραγμοῦ

2080 2858 2212 2912 Nam
2245 2857 2501 2915 Christus
2533 2859 2731 2914 alicubi
2767 2861 2902 2914 dixit
2936 2862 3001 2914 ad
3036 2859 3253 2915 Patrem
3294 2870 3347 2915 et
3391 2860 3556 2913 Deum
3602 2858 3655 2912 in

403 2944 686 3010 λύσαντος,
730 2943 825 2997 καὶ
868 2944 961 2997 τὸν
1006 2942 1170 3013 νόμον
1221 2940 1333 2994 τῶν
1377 2940 1608 2994 ἐντολῶν
1651 2942 1710 2994 ἐν
1749 2940 1979 3012 δόγμασι

2079 2949 2233 3006 caelis
2262 2966 2320 3003 τι
2349 2949 2484 3006 Volo
2530 2960 2589 3005 ut
2644 2952 3095 3020 quemadmodum
3151 2966 3251 3020 ego
3289 2960 3342 3005 et
3397 2958 3452 3004 tu
3492 2966 3654 3003 untttn

404 3036 870 3107 καταργήσαντος.
924 3031 1133 3086 Οὐκοῦν
1176 3031 1242 3084 δι’
1291 3029 1456 3083 αὑτοῦ
1488 3028 1586 3100 τὴν
1635 3027 1975 3099 καταλλαγὴν

2079 3056 2289 3105 sumus,
2313 3042 2393 3096 sic
2424 3051 2480 3096 et
2515 3041 2614 3109 ipsi
2648 3043 2700 3096 in
2725 3042 2882 3097 nobis
2906 3056 3068 3095 unum
3087 3042 3196 3095 sint
3229 3026 3299 3095 ⁸³.
3321 3059 3342 3093 ι
3369 3038 3660 3109 Subjnngit

400 3127 738 3197 ἐσχήκαμεν,
775 3126 867 3178 καὶ
909 3124 1235 3195 ἀδιάτμητον
1263 3123 1359 3193 τήν
1393 3125 1638 3194 είρήνην,
1680 3127 1815 3194 πρὸς
1846 3122 1978 3176 Θεδν

2082 3132 2233 3186 hisee
2250 3133 2540 3201 propheta:
2566 3131 2786 3187 Etdixit
2809 3131 3100 3187 Dominus:
3125 3130 3338 3187 Sanabn
3364 3146 3481 3195 vos,
3502 3131 3651 3184 velut

403 3216 496 3270 καὶ
523 3214 661 3285 πρὸς
696 3213 990 3286 ἀλλήλους.
1020 3214 1165 3283 Ἔφη
1203 3214 1313 3285 γάρ
1339 3230 1440 3267 που
1473 3213 1704 3284 Χριστὸς
1728 3214 1864 3284 πρὸς
1888 3212 1980 3268 τὸν

2087 3221 2558 3291 anacepbalaaosin
2600 3224 2886 3291 quamdam
2927 3235 2992 3275 ac
3025 3221 3452 3276 recollectionem
3494 3219 3659 3274 tatins

402 3309 461 3361 ἐν
486 3307 599 3369 τοῖς
625 3307 868 3376 οὐρανοῖς
894 3304 1112 3373 Πατέρα
1135 3304 1229 3357 καὶ
1250 3304 1380 3357 Θεόν
1403 3322 1416 3338 ο
1446 3322 1465 3356 ι
1484 3303 1633 3357 Θέλω
1653 3304 1759 3371 ἵνα,
1791 3303 1979 3377 ὥσπερ

2084 3313 2344 3370 orationis
2394 3314 2676 3379 inducens,
2724 3322 2779 3368 et
2815 3313 2937 3367 inde
2966 3313 3381 3381 promissionem
3414 3311 3658 3365 omnium

402 3398 513 3467 ἐγὼ
555 3398 652 3453 καὶ
702 3399 767 3451 σὺ
810 3398 869 3451 ἓν
913 3398 1101 3468 ἐσμεν,
1148 3396 1290 3449 οὕτω
1322 3395 1417 3448 καὶ
1457 3396 1611 3449 αὐτοὶ⁸
1654 3397 1711 3448 ἐν
1756 3398 1888 3466 ήμῖν
1920 3394 1979 3449 ἐν

2087 3404 2446 3458 dominatoris
2505 3404 2598 3457 Dei
2645 3419 2830 3457 veram
2880 3416 3003 3457 esse
3050 3402 3354 3457 declarans.
3406 3401 3660 3455 Promisit

402 3485 554 3544 ὦσιν.
592 3507 613 3543 ι
653 3488 932 3559 Ἐπιφὲρει
974 3487 1029 3540 δὲ
1064 3486 1271 3549 τούτοις
1297 3488 1326 3538 6
1355 3487 1664 3557 προφήτηςο
1707 3486 1817 3538 Καὶ
1858 3481 1977 3538 εἷπε

2084 3496 2252 3559 enim,
2283 3494 2477 3564 inquit,
2508 3493 2696 3547 dicens
2732 3507 2790 3546 se
2830 3493 2949 3545 illos
2982 3503 3298 3545 sanaturum
3331 3509 3346 3545 :
3382 3501 3435 3546 at
3470 3490 3654 3559 injusti

404 3583 626 3655 Κύριος,
661 3581 905 3653 Ἰάσομαι
928 3580 1145 3645 αὐτοὺς,
1171 3578 1638 3648 ἀνακεφαλαίωσιν
1657 3578 1844 3650 ὥσπερ
1858 3578 1981 3633 τινὰ

2084 3586 2165 3641 sic
2202 3584 2557 3651 ﬂuetuabunt,
2583 3593 2639 3637 et
2686 3584 3032 3651 requiescere
3065 3597 3170 3636 non
3211 3591 3481 3650 poterunt.
3525 3580 3658 3634 Nam

403 3677 497 3731 τοῦ
532 3677 730 3741 παντὸς
772 3676 929 3745 λόγου
963 3675 1281 3747 ποιούμενος
1320 3673 1409 3728 διὰ
1456 3673 1670 3737 τούτου,
1719 3675 1814 3727 καὶ
1845 3674 1979 3727 ὑπό-

2086 3685 2373 3744 postquam
2405 3673 2772 3729 vocandorum
2808 3672 3028 3741 praemia
3075 3671 3349 3742 percurrit
3381 3688 3393 3723 :
3435 3669 3559 3722 hinc
3606 3678 3662 3722 et

407 3787 594 3841 σχεσιν
610 3768 818 3839 ἀψευδῆ
837 3767 932 3820 τοῦ
959 3767 1174 3821 πάντων
1201 3765 1528 3838 κρατοῦντος
1552 3764 1685 3819 Θεοῦ
1716 3765 1979 3830 καθιστὰς

2085 3768 2299 3839 quidem
2333 3766 2676 3820 meritissime
2704 3764 2996 3819 inﬁdelium
3025 3762 3306 3833 supplicia,
3343 3772 3395 3817 et
3430 3760 3656 3814 ﬂuctua-

404 3861 638 3933 ἐναργῆ·
672 3858 1036 3929 ἐπηγγείλατο
1063 3856 1192 3928 γὰρ,
1230 3857 1384 3928 φησι,
1422 3855 1617 3924 λέγων,
1653 3855 1729 3920 ὡς
1768 3856 1976 3910 ἰάσεται

2090 3860 2289 3914 tionem
2325 3872 2391 3913 ac
2421 3856 2661 3911 inﬁnitas
2695 3855 2876 3925 plagas
2924 3864 3049 3909 ante
3088 3854 3369 3909 denuntiat
3422 3867 3662 3908 commo-

403 3951 624 4015 αὐτούς’
673 3952 722 4003 οἱ
772 3950 829 4003 δὲ
859 3948 1035 4003 ἄδικοι
1087 3947 1259 4011 οὕτως
1293 3947 1842 4018 κλυδωνισθήσονται,
1882 3950 1978 4002 και

2084 3952 2173 4007 de.
2200 3949 2315 4005 Non
2357 3959 2442 4004 est
2474 3947 2643 4011 enim,
2674 3947 2873 4017 inquit,
2917 3947 3019 4001 illis
3055 3947 3329 4018 gaudium,
3363 3944 3501 3999 dixit
3556 3943 3661 3998 Do-

406 4042 825 4102 ἀναπαύσασθαι
847 4043 907 4097 οὐ
942 4042 1277 4112 δυνήσονται.
1317 4037 1534 4112 Ἐπειδὴ
1570 4040 1679 4110 γὰρ
1706 4040 1816 4094 τῶν
1846 4039 1977 4111 κλη-

2085 4044 2265 4099 minus
2311 4041 2473 4096 Deus.
2503 4039 2730 4094 Domino
2794 4050 2973 4093 autem
3002 4047 3057 4094 et
3103 4036 3346 4092 omnium
3391 4035 3499 4089 Deo
3539 4034 3660 4088 illos

407 4138 722 4212 θησομένων
771 4134 1013 4207 διεξῆλθε
1058 4131 1128 4186 τὰ
1170 4132 1327 4203 γέρα,
1374 4130 1652 4202 ταύτῃτοι,
1688 4131 1782 4186 καὶ
1833 4131 1978 4202 μάλα

2085 4138 2330 4209 privante
2372 4149 2473 4189 suo
2530 4131 2749 4202 gaudio,
2795 4145 2914 4196 quae
2967 4145 3090 4185 esse
3143 4138 3317 4199 p0test
3366 4125 3657 4196 voluptas?

406 4230 655 4295 εἰκότως,
688 4229 782 4283 καὶ
814 4227 913 4290 τάς
938 4224 1045 4279 τῶν
1071 4222 1436 4278 ἀπειθούντων
1469 4222 1736 4286 κολάσεις,
1762 4222 1855 4276 καὶ
1884 4221 1978 4275 τὸν

2086 4228 2236 4295 Quod
2272 4236 2451 4280 autem
2496 4233 2739 4291 tempore
2790 4223 3093 4276 vocationis
3141 4220 3530 4283 lsraelitarum,
3570 4231 3658 4272 re-

409 4324 468 4376 ἐν
495 4323 678 4384 αὐτοῖς
703 4319 970 4381 κλύδωνα,
1002 4316 1213 4380 καὶτὰς
1244 4314 1581 4383 ἀπεράντους
1606 4312 1789 4377 αἰκίας
1809 4330 1978 4386 προσ-

2087 4318 2384 4370 manebunt
2434 4314 2652 4382 quidam
2695 4314 2746 4366 in
2800 4312 3137 4375 inﬁdelitate,
3181 4311 3290 4365 lilio
3362 4307 3664 4377 iniquitatis

407 4412 741 4482 ἀπαγγέλλει
770 4410 1074 4482 χρησίμως.
1111 4408 1185 4461 Οὐ
1231 4407 1340 4478 γὰρ
1375 4405 1489 4460 ἐστι
1524 4406 1741 4476 χαίρειν
1771 4407 1974 4469 αὐτοῖς,

2085 4406 2442 4465 adhaerentes,
2478 4402 2729 4457 ostendet
2771 4401 2929 4471 plane
2979 4400 3416 4471 sapientissimus
3460 4396 3662 4453 Paulus

411 4506 596 4577 φησιν,
632 4499 751 4557 εἷπε
790 4502 995 4572 Κύριος
1020 4503 1048 4553 6
1084 4500 1236 4562 Θεός.
1265 4498 1371 4552 Τοῦ
1400 4498 1456 4552 δέ
1484 4497 1689 4568 Κυρίου
1717 4496 1810 4550 καὶ.
1840 4497 1979 4550 πάν-

2083 4495 2331 4563 inquiens
2356 4512 2369 4546 :
2400 4510 2418 4543 ι
2447 4491 2737 4562 Propterea
2762 4494 2905 4562 quod
2926 4493 3254 4561 agnitionem
3282 4491 3524 4543 veritatis
3554 4501 3658 4541 non

409 4584 519 4655 των
555 4596 691 4655 Θεοῦ
714 4596 775 4650 τὸ
803 4595 1011 4666 χαίρειν
1034 4593 1214 4647 αὐτῶν
1236 4593 1665 4662 ἀποστήσαντος,
1697 4594 1849 4655 ποῖος
1878 4593 1979 4644 αὺ-

2088 4592 2428 4652 recepernnt,
2455 4584 2574 4637 ideo
2605 4583 2784 4636 mittet
2821 4583 2926 4636 illis
2943 4582 3313 4651 operationem
3328 4580 3532 4634 erroris
3554 4578 3653 4631 ³⁰.ι

409 4694 523 4756 τοῖς
550 4688 816 4761 θυμηδίας
843 4684 1073 4758 ὑπάρξει
1108 4684 1334 4756 τρόπος;
1364 4686 1484 4736 Ὅτι
1510 4682 1566 4735 δὲ
1592 4682 1685 4736 καὶ
1715 4684 1771 4735 ἐν
1804 4682 1980 4754 καιρῷ

2088 4678 2340 4746 Dixitque
2378 4677 2492 4745 ipse
2526 4673 2786 4730 Servator
2811 4694 2824 4730 :
2851 4694 2869 4727 t
2904 4676 3011 4744 Ego
3042 4675 3162 4729 veni
3220 4674 3439 4727 nomine
3484 4669 3661 4724 Patris

409 4782 509 4851 τῆς
555 4781 801 4852 κλήσεως
845 4777 955 4831 τῶν
1000 4776 1059 4841 ἐξ
1098 4772 1689 4846 Ἰσραήλ,ἀπομενοῦσί
1737 4790 1881 4837 τινες
1925 4777 1982 4827 ἐν

2089 4768 2214 4836 tnei,
2264 4778 2318 4824 et
2356 4784 2459 4822 non
2495 4767 2742 4836 accipitis
2776 4782 2903 4823 me:
2945 4767 2987 4821 si
3017 4766 3157 4821 alius
3190 4765 3398 4820 venerit
3442 4762 3659 4818 nomine

336 4880 339 4885 ’
410 4872 666 4943 ἀπειθείᾳ
691 4869 768 4939 τῷ
796 4871 895 4942 τῆς
925 4867 1156 4943 ἀνομίας
1178 4866 1280 4936 υίῷ
1301 4866 1708 4939 προσκείμενοι,
1731 4883 1928 4937 σαφηνι

2089 4875 2243 4921 suun
2281 4859 2329 4912 id
2355 4867 2462 4922 est,
2504 4858 2645 4911 [ilius
2673 4856 2991 4928 iniquitatis,
3031 4869 3087 4912 nt
3119 4858 3254 4923 dixi,
3285 4874 3307 4908 ι
3338 4857 3484 4909 illmn
3522 4854 3659 4908 acci-

409 4965 582 5034 λέγων
611 4940 1186 5029 ό-πάνσοῲοςΠαῦλος·
1215 4975 1233 5008 ι
1274 4955 1417 5009 ’.ἀνθ’
1453 4949 1526 5009 ὧν
1558 4957 1656 5027 τὴν
1687 4958 1982 5025 ἐπίγνωσιν

2087 4950 2248 5019 pietis
2269 4949 2558 5020 “altaque
2581 4951 2863 5004 vocabitur
2892 4950 3020 5005 olim
3043 4948 3204 5004 Israel
3241 4948 3305 5001 ad
3330 4947 3655 5017 agnitionem

407 5058 508 5127 τῆς
535 5053 788 5124 ἀληθείας
821 5052 922 5105 οὐκ
977 5049 1244 5115 ἐδέξαντο,
1297 5047 1385 5100 διά
1420 5047 1577 5100 τοῦτο
1613 5048 1817 5118 πέμψει
1879 5049 1978 5102 αὖ·

2090 5046 2313 5111 Cbristi,
2360 5057 2410 5102 et
2468 5048 2642 5117 gratia
2699 5062 2794 5114 per
2847 5045 3001 5098 [idem
3039 5043 3091 5096 in
3140 5041 3313 5111 ipsum
3357 5039 3653 5093 dilabitur:

409 5150 520 5209 ’.οῖς
549 5149 578 5200 6
612 5145 744 5207 Θεὸς
785 5141 1064 5212 ἐνέργειαν
1094 5138 1321 5209 πλάνης.
1354 5156 1376 5191 ι
1411 5139 1555 5205 Ἔφη
1590 5137 1647 5190 δὲ
1684 5139 1777 5190 καὶ
1817 5138 1981 5203 αὐτὸς

2088 5138 2253 5210 812
2298 5146 2353 5190 at
2388 5137 2607 5207 quidam
2646 5135 2793 5205 impii
2842 5144 2897 5189 et
2923 5132 3104 5200 injusti
3138 5128 3656 5199 remanebuntztum

408 5243 436 5293 6
466 5238 654 5306 Σωτήρ
674 5251 688 5264 ο
719 5254 737 5285 ι
763 5234 906 5302 Ἐγὼ
933 5231 1167 5306 ἐλήλυθα
1196 5233 1253 5284 ἐν
1281 5229 1358 5300 τῷ
1387 5229 1607 5298 ὀνόματι
1646 5229 1738 5283 τοῦ
1773 5230 1982 5301 Πατρός

2090 5242 2270 5283 autem
2323 5229 2488 5283 veluti
2527 5228 2870 5283 instabilibns
2909 5225 3097 5295 agitati
3133 5223 3405 5288 ﬂuctibus,
3456 5235 3519 5275 ac
3547 5235 3656 5272 oru-

413 5346 534 5395 μου,
583 5304 679 5383 καὶ
713 5325 774 5378 οὐ
817 5304 1125 5396 λαμϐάνετέ
1159 5336 1249 5392 με’
1292 5320 1387 5373 ἐὰν
1436 5319 1593 5380 ἄλλος
1634 5319 1761 5390 ἔλθῃ
1806 5322 1863 5372 ἐν
1904 5323 1983 5392 τῷ

2091 5323 2143 5377 ιιί
2189 5322 2391 5376 amisso
2432 5321 2649 5392 gaudio,
2680 5318 3019 5386 requiescere
3066 5330 3171 5369 non
3205 5321 3478 5383 poterunt.
3509 5307 3655 5363 Con-

416 5417 638 5482 ονόματι
668 5413 746 5484 τῷ
777 5412 945 5483 ἰδίῳ.»
984 5410 1265 5466 τουτέστιν
1304 5413 1332 5463 6
1352 5409 1451 5479 τῆς
1481 5408 1708 5478 ἀνομίας
1743 5410 1876 5474 υίὸς,
1907 5411 1982 5475 ὠς

2091 5424 2338 5469 terentur
2393 5412 2867 5475 enim,diutnrna
2928 5418 2983 5463 et
3014 5407 3223 5462 infinita
3285 5418 3442 5475 pmna
3521 5398 3654 5457 εαυ-

409 5505 569 5575 εφην,
610 5524 628 5556 ι
660 5506 869 5558 ἐκεῖνον
916 5502 1173 5574 λήψεσθε.
1208 5521 1225 5554 ι
1276 5500 1484 5554 Οὐκοῦν
1511 5500 1833 5571 κεκλήσεται
1881 5502 1980 5572 μὲν
2083 5508 2178 5560 cli.

477 5681 523 5716 "
553 5680 747 5752 Ephes.
785 5695 840 5746 ιι,
885 5678 964 5735 13.
1041 5682 1084 5713 “
1108 5681 1260 5735 Deu'.
1289 5695 1363 5746 vx,
1398 5680 1448 5733 4.
1526 5681 1570 5712 ’ν
1602 5678 1755 5735 Joan.
1792 5696 1920 5747 .\Vll,
1947 5682 2036 5736 2i.
2113 5684 2155 5717 ³ο
2187 5683 2231 5740 ll
2268 5681 2457 5736 Thess.
2497 5695 2556 5743 ιι,
2601 5680 2681 5735 l0.
2757 5679 2797 5711 "
2831 5678 2986 5735 Joan.
3017 5693 3068 5742 ν,
3108 5678 3197 5734 43.
