  <div class='ocr_page' id='page_1' title='image "/cluster/home/n/w/nwhite01/storage/ocr_20150623/70/hvd.32044073501991/645.png"; bbox 0 0 4096 6212; ppageno 0'>
   <div class='ocr_carea' id='block_1_1' title="bbox 392 242 3671 313">
    <p class='ocr_par' dir='ltr' id='par_1_1' title="bbox 392 242 3671 313">
     <span class='ocr_line' id='line_1_1' title="bbox 392 242 3671 313; baseline 0.003 -20"><span class='ocrx_word' id='word_1_1' title='bbox 392 252 525 307; x_wconf 52' lang='lat' dir='ltr'>iam</span> <span class='ocrx_word' id='word_1_2' title='bbox 1415 247 1469 300; x_wconf 84' lang='lat' dir='ltr'>s.</span> <span class='ocrx_word' id='word_1_3' title='bbox 1514 243 1791 299; x_wconf 70' lang='lat' dir='ltr'><strong>cvmcu</strong></span> <span class='ocrx_word' id='word_1_4' title='bbox 1831 244 2301 301; x_wconf 74' lang='lat' dir='ltr'><strong>ALEXANDRINI</strong></span> <span class='ocrx_word' id='word_1_5' title='bbox 2345 242 2665 313; x_wconf 74' lang='lat' dir='ltr'>ARCHIEP.</span> <span class='ocrx_word' id='word_1_6' title='bbox 3532 249 3671 306; x_wconf 72' lang='grc' dir='ltr'>ιεευ</span> 
     </span>
    </p>
   </div>
   <div class='ocr_carea' id='block_1_2' title="bbox 388 361 3672 441">
    <p class='ocr_par' dir='ltr' id='par_1_2' title="bbox 388 361 3672 441">
     <span class='ocr_line' id='line_1_2' title="bbox 388 361 3672 441; baseline -0.002 -19"><span class='ocrx_word' id='word_1_7' title='bbox 388 369 527 423; x_wconf 83' lang='grc' dir='ltr'>κατά</span> <span class='ocrx_word' id='word_1_8' title='bbox 552 372 775 441; x_wconf 77' lang='grc' dir='ltr'>καιροὺς</span> <span class='ocrx_word' id='word_1_9' title='bbox 803 369 832 422; x_wconf 88' lang='grc' dir='ltr'>ό</span> <span class='ocrx_word' id='word_1_10' title='bbox 871 366 1084 439; x_wconf 78' lang='grc' dir='ltr'>Ἰσραὴλ</span> <span class='ocrx_word' id='word_1_11' title='bbox 1118 367 1198 429; x_wconf 86' lang='grc' dir='ltr'>είς</span> <span class='ocrx_word' id='word_1_12' title='bbox 1265 366 1562 436; x_wconf 75' lang='grc' dir='ltr'>ἐπίγνωσιν</span> <span class='ocrx_word' id='word_1_13' title='bbox 1604 364 1699 418; x_wconf 88' lang='grc' dir='ltr'>τοῦ</span> <span class='ocrx_word' id='word_1_14' title='bbox 1723 363 1993 436; x_wconf 84' lang='grc' dir='ltr'>Χριστοῦ,</span> <span class='ocrx_word' id='word_1_15' title='bbox 2034 366 2128 421; x_wconf 84' lang='grc' dir='ltr'>καὶ</span> <span class='ocrx_word' id='word_1_16' title='bbox 2169 366 2269 439; x_wconf 86' lang='grc' dir='ltr'>τὴν</span> <span class='ocrx_word' id='word_1_17' title='bbox 2306 366 2397 421; x_wconf 85' lang='grc' dir='ltr'>διά</span> <span class='ocrx_word' id='word_1_18' title='bbox 2450 364 2687 426; x_wconf 85' lang='grc' dir='ltr'>πίστεως</span> <span class='ocrx_word' id='word_1_19' title='bbox 2755 361 2852 433; x_wconf 80' lang='grc' dir='ltr'>τῆς</span> <span class='ocrx_word' id='word_1_20' title='bbox 2906 362 2986 425; x_wconf 77' lang='grc' dir='ltr'>εἰς</span> <span class='ocrx_word' id='word_1_21' title='bbox 3017 362 3180 415; x_wconf 79' lang='grc' dir='ltr'>αὑτὸν</span> <span class='ocrx_word' id='word_1_22' title='bbox 3224 363 3672 431; x_wconf 75' lang='grc' dir='ltr'>καταπλουτὴσει</span> 
     </span>
    </p>
   </div>
   <div class='ocr_carea' id='block_1_3' title="bbox 386 455 3669 533">
    <p class='ocr_par' dir='ltr' id='par_1_3' title="bbox 386 455 3669 533">
     <span class='ocr_line' id='line_1_3' title="bbox 386 455 3669 533; baseline -0.002 -20"><span class='ocrx_word' id='word_1_23' title='bbox 386 461 566 532; x_wconf 75' lang='grc' dir='ltr'>χάριν·</span> <span class='ocrx_word' id='word_1_24' title='bbox 601 459 818 523; x_wconf 83' lang='grc' dir='ltr'>ἀσεϐεῖς</span> <span class='ocrx_word' id='word_1_25' title='bbox 842 459 897 512; x_wconf 83' lang='grc' dir='ltr'>δὲ</span> <span class='ocrx_word' id='word_1_26' title='bbox 951 460 1044 511; x_wconf 71' lang='grc' dir='ltr'>καὶ</span> <span class='ocrx_word' id='word_1_27' title='bbox 1072 458 1247 512; x_wconf 82' lang='grc' dir='ltr'>ἄδικοί</span> <span class='ocrx_word' id='word_1_28' title='bbox 1270 475 1417 522; x_wconf 88' lang='grc' dir='ltr'>τινες</span> <span class='ocrx_word' id='word_1_29' title='bbox 1454 458 1824 529; x_wconf 85' lang='grc' dir='ltr'>ἀπομενοῦσι·</span> <span class='ocrx_word' id='word_1_30' title='bbox 1857 459 1953 513; x_wconf 78' lang='grc' dir='ltr'>καὶ</span> <span class='ocrx_word' id='word_1_31' title='bbox 1988 462 2112 514; x_wconf 86' lang='grc' dir='ltr'>τότε</span> <span class='ocrx_word' id='word_1_32' title='bbox 2180 461 2432 533; x_wconf 81' lang='grc' dir='ltr'>καθάπερ</span> <span class='ocrx_word' id='word_1_33' title='bbox 2471 461 2530 515; x_wconf 85' lang='grc' dir='ltr'>ὲν</span> <span class='ocrx_word' id='word_1_34' title='bbox 2572 456 2808 513; x_wconf 81' lang='grc' dir='ltr'>κλύδωνι</span> <span class='ocrx_word' id='word_1_35' title='bbox 2858 455 3120 520; x_wconf 82' lang='grc' dir='ltr'>πεσόντες</span> <span class='ocrx_word' id='word_1_36' title='bbox 3185 458 3411 528; x_wconf 83' lang='grc' dir='ltr'>ἀστάτῳ</span> <span class='ocrx_word' id='word_1_37' title='bbox 3433 500 3447 523; x_wconf 90' lang='grc'>,</span> <span class='ocrx_word' id='word_1_38' title='bbox 3484 456 3581 509; x_wconf 73' lang='grc' dir='ltr'>καὶ</span> <span class='ocrx_word' id='word_1_39' title='bbox 3609 457 3669 508; x_wconf 68' lang='grc' dir='ltr'>το</span> 
     </span>
    </p>
   </div>
   <div class='ocr_carea' id='block_1_4' title="bbox 387 550 3659 627">
    <p class='ocr_par' dir='ltr' id='par_1_4' title="bbox 387 550 3659 627">
     <span class='ocr_line' id='line_1_4' title="bbox 387 550 3659 627; baseline -0 -22"><span class='ocrx_word' id='word_1_40' title='bbox 387 552 596 623; x_wconf 78' lang='grc' dir='ltr'>χαίρειν</span> <span class='ocrx_word' id='word_1_41' title='bbox 638 552 868 606; x_wconf 85' lang='grc' dir='ltr'>είσάπαν</span> <span class='ocrx_word' id='word_1_42' title='bbox 913 550 1386 619; x_wconf 83' lang='grc' dir='ltr'>ἀποϐεϐληκότες,</span> <span class='ocrx_word' id='word_1_43' title='bbox 1438 551 1857 607; x_wconf 78' lang='grc' dir='ltr'>ἀναπαύσασθαι</span> <span class='ocrx_word' id='word_1_44' title='bbox 1895 553 1958 607; x_wconf 74' lang='grc' dir='ltr'>οὐ</span> <span class='ocrx_word' id='word_1_45' title='bbox 2031 554 2106 627; x_wconf 80' lang='grc' dir='ltr'>μὴ</span> <span class='ocrx_word' id='word_1_46' title='bbox 2137 555 2423 610; x_wconf 71' lang='grc' dir='ltr'>δύνωνταιυ</span> <span class='ocrx_word' id='word_1_47' title='bbox 2478 551 2933 625; x_wconf 82' lang='grc' dir='ltr'>συντριϐήσονται</span> <span class='ocrx_word' id='word_1_48' title='bbox 2977 550 3087 623; x_wconf 74' lang='grc' dir='ltr'>γὰρ</span> <span class='ocrx_word' id='word_1_49' title='bbox 3157 553 3344 623; x_wconf 76' lang='grc' dir='ltr'>μακρᾷ</span> <span class='ocrx_word' id='word_1_50' title='bbox 3392 553 3488 606; x_wconf 75' lang='grc' dir='ltr'>καὶ</span> <span class='ocrx_word' id='word_1_51' title='bbox 3532 553 3659 605; x_wconf 79' lang='grc' dir='ltr'>ἁτε-</span> 
     </span>
    </p>
   </div>
   <div class='ocr_carea' id='block_1_5' title="bbox 385 644 1227 715">
    <p class='ocr_par' dir='ltr' id='par_1_5' title="bbox 385 644 1227 715">
     <span class='ocr_line' id='line_1_5' title="bbox 385 644 1227 715; baseline 0.002 -19"><span class='ocrx_word' id='word_1_52' title='bbox 385 645 627 715; x_wconf 82' lang='grc' dir='ltr'>λευτήτῳ</span> <span class='ocrx_word' id='word_1_53' title='bbox 662 644 784 714; x_wconf 85' lang='grc' dir='ltr'>δίκῃ</span> <span class='ocrx_word' id='word_1_54' title='bbox 818 661 1047 714; x_wconf 85' lang='grc' dir='ltr'>κατισχη</span> <span class='ocrx_word' id='word_1_55' title='bbox 1057 644 1227 713; x_wconf 71' lang='grc' dir='ltr'>μένοι.</span> 
     </span>
    </p>
   </div>
   <div class='ocr_carea' id='block_1_6' title="bbox 456 730 2038 803">
    <p class='ocr_par' dir='ltr' id='par_1_6' title="bbox 456 730 2038 803">
     <span class='ocr_line' id='line_1_6' title="bbox 456 730 2038 803; baseline 0.001 -15"><span class='ocrx_word' id='word_1_56' title='bbox 456 735 585 788; x_wconf 66' lang='lat' dir='ltr'>Cu».</span> <span class='ocrx_word' id='word_1_57' title='bbox 616 730 794 785; x_wconf 86' lang='lat' dir='ltr'>LVIII.</span> <span class='ocrx_word' id='word_1_58' title='bbox 835 733 997 786; x_wconf 71' lang='lat' dir='ltr'><strong>Vens.</strong></span> <span class='ocrx_word' id='word_1_59' title='bbox 1037 734 1086 786; x_wconf 84' lang='lat' dir='ltr'>l.</span> <span class='ocrx_word' id='word_1_60' title='bbox 1116 732 1302 787; x_wconf 86' lang='lat' dir='ltr'><strong>Clama</strong></span> <span class='ocrx_word' id='word_1_61' title='bbox 1332 750 1427 803; x_wconf 87' lang='lat' dir='ltr'>pro</span> <span class='ocrx_word' id='word_1_62' title='bbox 1464 735 1685 798; x_wconf 76' lang='lat' dir='ltr'><strong>viribus,</strong></span> <span class='ocrx_word' id='word_1_63' title='bbox 1728 751 1790 788; x_wconf 83' lang='lat' dir='ltr'>ne</span> <span class='ocrx_word' id='word_1_64' title='bbox 1835 751 1958 800; x_wconf 75' lang='grc' dir='ltr'>ραι-ο</span> <span class='ocrx_word' id='word_1_65' title='bbox 1990 739 2038 796; x_wconf 77' lang='grc' dir='ltr'><strong>Α</strong></span> 
     </span>
    </p>
   </div>
   <div class='ocr_carea' id='block_1_7' title="bbox 385 824 1962 892">
    <p class='ocr_par' dir='ltr' id='par_1_7' title="bbox 385 824 1962 892">
     <span class='ocr_line' id='line_1_7' title="bbox 385 824 1962 892; baseline 0.001 -14"><span class='ocrx_word' id='word_1_66' title='bbox 385 841 496 888; x_wconf 72' lang='lat' dir='ltr'><strong>cas,</strong></span> <span class='ocrx_word' id='word_1_67' title='bbox 531 825 703 877; x_wconf 75' lang='lat' dir='ltr'><strong>instar</strong></span> <span class='ocrx_word' id='word_1_68' title='bbox 736 824 877 877; x_wconf 74' lang='lat' dir='ltr'><strong>Iuba!</strong></span> <span class='ocrx_word' id='word_1_69' title='bbox 905 824 1113 878; x_wconf 82' lang='lat' dir='ltr'><strong>intende</strong></span> <span class='ocrx_word' id='word_1_70' title='bbox 1158 841 1331 879; x_wconf 76' lang='lat' dir='ltr'><strong>vocem</strong></span> <span class='ocrx_word' id='word_1_71' title='bbox 1383 834 1552 892; x_wconf 83' lang='lat' dir='ltr'><strong>tuam,</strong></span> <span class='ocrx_word' id='word_1_72' title='bbox 1586 837 1635 880; x_wconf 83' lang='lat' dir='ltr'>et</span> <span class='ocrx_word' id='word_1_73' title='bbox 1701 826 1962 880; x_wconf 82' lang='lat' dir='ltr'><strong>annuntio</strong></span> 
     </span>
    </p>
   </div>
   <div class='ocr_carea' id='block_1_8' title="bbox 383 915 1968 987">
    <p class='ocr_par' dir='ltr' id='par_1_8' title="bbox 383 915 1968 987">
     <span class='ocr_line' id='line_1_8' title="bbox 383 915 1968 987; baseline 0.002 -19"><span class='ocrx_word' id='word_1_74' title='bbox 383 915 578 983; x_wconf 82' lang='lat' dir='ltr'><strong>populo</strong></span> <span class='ocrx_word' id='word_1_75' title='bbox 608 930 720 968; x_wconf 88' lang='lat' dir='ltr'>meo</span> <span class='ocrx_word' id='word_1_76' title='bbox 752 923 965 982; x_wconf 81' lang='lat' dir='ltr'><strong>peccata</strong></span> <span class='ocrx_word' id='word_1_77' title='bbox 1009 932 1129 981; x_wconf 77' lang='lat' dir='ltr'><strong>sua,</strong></span> <span class='ocrx_word' id='word_1_78' title='bbox 1169 926 1218 969; x_wconf 86' lang='lat' dir='ltr'>et</span> <span class='ocrx_word' id='word_1_79' title='bbox 1255 915 1435 971; x_wconf 82' lang='lat' dir='ltr'>domui</span> <span class='ocrx_word' id='word_1_80' title='bbox 1475 916 1640 972; x_wconf 72' lang='lat' dir='ltr'><strong>Iacob</strong></span> <span class='ocrx_word' id='word_1_81' title='bbox 1666 917 1968 987; x_wconf 73' lang='lat' dir='ltr'>iniquitates</span> 
     </span>
    </p>
   </div>
   <div class='ocr_carea' id='block_1_9' title="bbox 384 1021 532 1060">
    <p class='ocr_par' dir='ltr' id='par_1_9' title="bbox 384 1021 532 1060">
     <span class='ocr_line' id='line_1_9' title="bbox 384 1021 532 1060; baseline 0.007 -1"><span class='ocrx_word' id='word_1_82' title='bbox 384 1021 532 1060; x_wconf 73' lang='grc' dir='ltr'>ειιαε.</span> 
     </span>
    </p>
   </div>
   <div class='ocr_carea' id='block_1_10' title="bbox 458 1095 1974 1165">
    <p class='ocr_par' dir='ltr' id='par_1_10' title="bbox 458 1095 1974 1165">
     <span class='ocr_line' id='line_1_10' title="bbox 458 1095 1974 1165; baseline 0.002 -14"><span class='ocrx_word' id='word_1_83' title='bbox 458 1095 723 1152; x_wconf 89' lang='lat' dir='ltr'><strong>Sermone</strong></span> <span class='ocrx_word' id='word_1_84' title='bbox 758 1097 824 1151; x_wconf 90' lang='lat' dir='ltr'>de</span> <span class='ocrx_word' id='word_1_85' title='bbox 858 1095 1226 1152; x_wconf 85' lang='lat' dir='ltr'><strong>Israelitarum</strong></span> <span class='ocrx_word' id='word_1_86' title='bbox 1263 1097 1551 1153; x_wconf 87' lang='lat' dir='ltr'><strong>vocatione</strong></span> <span class='ocrx_word' id='word_1_87' title='bbox 1601 1100 1883 1165; x_wconf 80' lang='lat' dir='ltr'><strong>confecto,</strong></span> <span class='ocrx_word' id='word_1_88' title='bbox 1907 1100 1974 1154; x_wconf 89' lang='lat' dir='ltr'>ad</span> 
     </span>
    </p>
   </div>
   <div class='ocr_carea' id='block_1_11' title="bbox 388 1188 1974 1260">
    <p class='ocr_par' dir='ltr' id='par_1_11' title="bbox 388 1188 1974 1260">
     <span class='ocr_line' id='line_1_11' title="bbox 388 1188 1974 1260; baseline 0.003 -19"><span class='ocrx_word' id='word_1_89' title='bbox 388 1188 533 1242; x_wconf 80' lang='lat' dir='ltr'><strong>aliud</strong></span> <span class='ocrx_word' id='word_1_90' title='bbox 579 1202 750 1257; x_wconf 81' lang='lat' dir='ltr'><strong>genus</strong></span> <span class='ocrx_word' id='word_1_91' title='bbox 806 1189 1193 1245; x_wconf 74' lang='lat' dir='ltr'>admonitionis</span> <span class='ocrx_word' id='word_1_92' title='bbox 1234 1192 1465 1253; x_wconf 85' lang='lat' dir='ltr'><strong>accedit,</strong></span> <span class='ocrx_word' id='word_1_93' title='bbox 1522 1192 1855 1260; x_wconf 71' lang='lat' dir='ltr'><strong>praeclarum</strong></span> <span class='ocrx_word' id='word_1_94' title='bbox 1919 1199 1974 1246; x_wconf 86' lang='lat' dir='ltr'>et</span> 
     </span>
    </p>
   </div>
   <div class='ocr_carea' id='block_1_12' title="bbox 386 1278 1975 1351">
    <p class='ocr_par' dir='ltr' id='par_1_12' title="bbox 386 1278 1975 1351">
     <span class='ocr_line' id='line_1_12' title="bbox 386 1278 1975 1351; baseline 0.003 -18"><span class='ocrx_word' id='word_1_95' title='bbox 386 1278 880 1346; x_wconf 66' lang='lat' dir='ltr'><strong>perutile,&#39;omnem</strong></span> <span class='ocrx_word' id='word_1_96' title='bbox 943 1279 1277 1334; x_wconf 85' lang='lat' dir='ltr'><strong>honestatem</strong></span> <span class='ocrx_word' id='word_1_97' title='bbox 1307 1289 1361 1334; x_wconf 90' lang='lat' dir='ltr'>et</span> <span class='ocrx_word' id='word_1_98' title='bbox 1397 1279 1705 1351; x_wconf 89' lang='lat' dir='ltr'><strong>splendidas</strong></span> <span class='ocrx_word' id='word_1_99' title='bbox 1743 1296 1975 1337; x_wconf 80' lang='lat' dir='ltr'>coronas</span> 
     </span>
    </p>
   </div>
   <div class='ocr_carea' id='block_1_13' title="bbox 388 1366 1973 1441">
    <p class='ocr_par' dir='ltr' id='par_1_13' title="bbox 388 1366 1973 1441">
     <span class='ocr_line' id='line_1_13' title="bbox 388 1366 1973 1441; baseline 0.004 -20"><span class='ocrx_word' id='word_1_100' title='bbox 388 1367 663 1435; x_wconf 81' lang='lat' dir='ltr'>ingerens.</span> <span class='ocrx_word' id='word_1_101' title='bbox 722 1366 826 1422; x_wconf 87' lang='lat' dir='ltr'>Sed</span> <span class='ocrx_word' id='word_1_102' title='bbox 863 1368 1156 1424; x_wconf 83' lang='lat' dir='ltr'><strong>lectoribus</strong></span> <span class='ocrx_word' id='word_1_103' title='bbox 1207 1368 1380 1438; x_wconf 90' lang='lat' dir='ltr'><strong>prius,</strong></span> <span class='ocrx_word' id='word_1_104' title='bbox 1420 1372 1646 1440; x_wconf 92' lang='lat' dir='ltr'><strong>opinor,</strong></span> <span class='ocrx_word' id='word_1_105' title='bbox 1674 1372 1973 1441; x_wconf 56' lang='lat' dir='ltr'><strong>prophetia</strong></span> 
     </span>
    </p>
   </div>
   <div class='ocr_carea' id='block_1_14' title="bbox 387 1458 1973 1531">
    <p class='ocr_par' dir='ltr' id='par_1_14' title="bbox 387 1458 1973 1531">
     <span class='ocr_line' id='line_1_14' title="bbox 387 1458 1973 1531; baseline 0.005 -21"><span class='ocrx_word' id='word_1_106' title='bbox 387 1471 583 1527; x_wconf 84' lang='lat' dir='ltr'><strong>scopus</strong></span> <span class='ocrx_word' id='word_1_107' title='bbox 614 1458 957 1529; x_wconf 79' lang='lat' dir='ltr'><strong>relegendus,</strong></span> <span class='ocrx_word' id='word_1_108' title='bbox 1007 1468 1065 1514; x_wconf 91' lang='lat' dir='ltr'>ut</span> <span class='ocrx_word' id='word_1_109' title='bbox 1096 1460 1314 1515; x_wconf 87' lang='lat' dir='ltr'><strong>videant</strong></span> <span class='ocrx_word' id='word_1_110' title='bbox 1341 1476 1449 1531; x_wconf 91' lang='lat' dir='ltr'>quo</span> <span class='ocrx_word' id='word_1_111' title='bbox 1500 1461 1717 1518; x_wconf 89' lang='lat' dir='ltr'><strong>demum</strong></span> <span class='ocrx_word' id='word_1_112' title='bbox 1788 1463 1973 1518; x_wconf 91' lang='lat' dir='ltr'><strong>tendat</strong></span> 
     </span>
    </p>
   </div>
   <div class='ocr_carea' id='block_1_15' title="bbox 388 1549 1974 1625">
    <p class='ocr_par' dir='ltr' id='par_1_15' title="bbox 388 1549 1974 1625">
     <span class='ocr_line' id='line_1_15' title="bbox 388 1549 1974 1625; baseline 0.006 -23"><span class='ocrx_word' id='word_1_113' title='bbox 388 1549 581 1603; x_wconf 83' lang='lat' dir='ltr'><strong>borum</strong></span> <span class='ocrx_word' id='word_1_114' title='bbox 624 1550 890 1603; x_wconf 73' lang='lat' dir='ltr'><strong>dictorum</strong></span> <span class='ocrx_word' id='word_1_115' title='bbox 945 1556 1236 1608; x_wconf 71' lang='lat' dir='ltr'>sententia.</span> <span class='ocrx_word' id='word_1_116' title='bbox 1274 1552 1332 1609; x_wconf 87' lang='lat' dir='ltr'>In</span> <span class='ocrx_word' id='word_1_117' title='bbox 1378 1556 1752 1623; x_wconf 88' lang='lat' dir='ltr'><strong>superioribus</strong></span> <span class='ocrx_word' id='word_1_118' title='bbox 1793 1558 1974 1625; x_wconf 83' lang='lat' dir='ltr'><strong>itaque</strong></span> 
     </span>
    </p>
   </div>
   <div class='ocr_carea' id='block_1_16' title="bbox 396 1640 1976 1715">
    <p class='ocr_par' dir='ltr' id='par_1_16' title="bbox 396 1640 1976 1715">
     <span class='ocr_line' id='line_1_16' title="bbox 396 1640 1976 1715; baseline 0.005 -21"><span class='ocrx_word' id='word_1_119' title='bbox 396 1640 760 1703; x_wconf 87' lang='lat' dir='ltr'><strong>sermonibus,</strong></span> <span class='ocrx_word' id='word_1_120' title='bbox 790 1658 924 1710; x_wconf 85' lang='lat' dir='ltr'><strong>quos</strong></span> <span class='ocrx_word' id='word_1_121' title='bbox 960 1642 1101 1699; x_wconf 82' lang='lat' dir='ltr'><strong>Deus</strong></span> <span class='ocrx_word' id='word_1_122' title='bbox 1148 1646 1335 1700; x_wconf 87' lang='lat' dir='ltr'><strong>habuit</strong></span> <span class='ocrx_word' id='word_1_123' title='bbox 1375 1648 1441 1702; x_wconf 90' lang='lat' dir='ltr'>de</span> <span class='ocrx_word' id='word_1_124' title='bbox 1478 1645 1762 1715; x_wconf 85' lang='lat' dir='ltr'><strong>israelitis,</strong></span> <span class='ocrx_word' id='word_1_125' title='bbox 1801 1648 1976 1703; x_wconf 86' lang='lat' dir='ltr'><strong>mani-</strong></span> 
     </span>
    </p>
   </div>
   <div class='ocr_carea' id='block_1_17' title="bbox 387 1726 1959 1804">
    <p class='ocr_par' dir='ltr' id='par_1_17' title="bbox 387 1726 1959 1804">
     <span class='ocr_line' id='line_1_17' title="bbox 387 1726 1959 1804; baseline 0.008 -23"><span class='ocrx_word' id='word_1_126' title='bbox 387 1726 541 1782; x_wconf 78' lang='lat' dir='ltr'><strong>festae</strong></span> <span class='ocrx_word' id='word_1_127' title='bbox 588 1743 744 1785; x_wconf 82' lang='lat' dir='ltr'><strong>erant</strong></span> <span class='ocrx_word' id='word_1_128' title='bbox 798 1732 921 1787; x_wconf 86' lang='lat' dir='ltr'><strong>belli</strong></span> <span class='ocrx_word' id='word_1_129' title='bbox 978 1744 1032 1788; x_wconf 87' lang='lat' dir='ltr'>et</span> <span class='ocrx_word' id='word_1_130' title='bbox 1074 1735 1297 1804; x_wconf 76' lang='lat' dir='ltr'><strong>jamjam</strong></span> <span class='ocrx_word' id='word_1_131' title='bbox 1363 1737 1558 1793; x_wconf 81' lang='lat' dir='ltr'><strong>futurae</strong></span> <span class='ocrx_word' id='word_1_132' title='bbox 1630 1739 1959 1795; x_wconf 84' lang='lat' dir='ltr'><strong>calamitatis</strong></span> 
     </span>
    </p>
   </div>
   <div class='ocr_carea' id='block_1_18' title="bbox 390 1820 1972 1894">
    <p class='ocr_par' dir='ltr' id='par_1_18' title="bbox 390 1820 1972 1894">
     <span class='ocr_line' id='line_1_18' title="bbox 390 1820 1972 1894; baseline 0.006 -20"><span class='ocrx_word' id='word_1_133' title='bbox 390 1820 719 1877; x_wconf 84' lang='lat' dir='ltr'><strong>inevitabilis</strong></span> <span class='ocrx_word' id='word_1_134' title='bbox 750 1825 1310 1894; x_wconf 68' lang='lat' dir='ltr'><strong>prmsignit‘tcationes.</strong></span> <span class='ocrx_word' id='word_1_135' title='bbox 1340 1829 1485 1883; x_wconf 78' lang='lat' dir='ltr'><strong>Dixit</strong></span> <span class='ocrx_word' id='word_1_136' title='bbox 1527 1829 1709 1884; x_wconf 88' lang='lat' dir='ltr'><strong>enim:</strong></span> <span class='ocrx_word' id='word_1_137' title='bbox 1742 1850 1760 1883; x_wconf 78' lang='grc' dir='ltr'>ι</span> <span class='ocrx_word' id='word_1_138' title='bbox 1782 1830 1972 1884; x_wconf 88' lang='lat' dir='ltr'><strong>Etnon</strong></span> 
     </span>
    </p>
   </div>
   <div class='ocr_carea' id='block_1_19' title="bbox 389 1913 1974 1989">
    <p class='ocr_par' dir='ltr' id='par_1_19' title="bbox 389 1913 1974 1989">
     <span class='ocr_line' id='line_1_19' title="bbox 389 1913 1974 1989; baseline 0.007 -24"><span class='ocrx_word' id='word_1_139' title='bbox 389 1913 674 1967; x_wconf 88' lang='lat' dir='ltr'><strong>recordata</strong></span> <span class='ocrx_word' id='word_1_140' title='bbox 706 1929 765 1971; x_wconf 90' lang='lat' dir='ltr'>es</span> <span class='ocrx_word' id='word_1_141' title='bbox 789 1917 916 1983; x_wconf 85' lang='lat' dir='ltr'><strong>mei,</strong></span> <span class='ocrx_word' id='word_1_142' title='bbox 955 1932 1132 1987; x_wconf 91' lang='lat' dir='ltr'><strong>neque</strong></span> <span class='ocrx_word' id='word_1_143' title='bbox 1183 1934 1267 1973; x_wconf 89' lang='lat' dir='ltr'>me</span> <span class='ocrx_word' id='word_1_144' title='bbox 1335 1921 1623 1989; x_wconf 88' lang='lat' dir='ltr'><strong>reposuisti</strong></span> <span class='ocrx_word' id='word_1_145' title='bbox 1684 1922 1738 1976; x_wconf 89' lang='lat' dir='ltr'>in</span> <span class='ocrx_word' id='word_1_146' title='bbox 1794 1932 1974 1976; x_wconf 89' lang='lat' dir='ltr'><strong>mente</strong></span> 
     </span>
    </p>
   </div>
   <div class='ocr_carea' id='block_1_20' title="bbox 392 2006 1970 2083">
    <p class='ocr_par' dir='ltr' id='par_1_20' title="bbox 392 2006 1970 2083">
     <span class='ocr_line' id='line_1_20' title="bbox 392 2006 1970 2083; baseline 0.006 -25"><span class='ocrx_word' id='word_1_147' title='bbox 392 2012 507 2069; x_wconf 86' lang='lat' dir='ltr'><strong>tua,</strong></span> <span class='ocrx_word' id='word_1_148' title='bbox 562 2019 735 2076; x_wconf 90' lang='lat' dir='ltr'><strong>neque</strong></span> <span class='ocrx_word' id='word_1_149' title='bbox 772 2006 826 2061; x_wconf 90' lang='lat' dir='ltr'>in</span> <span class='ocrx_word' id='word_1_150' title='bbox 867 2010 1030 2063; x_wconf 90' lang='lat' dir='ltr'><strong>corde</strong></span> <span class='ocrx_word' id='word_1_151' title='bbox 1070 2020 1190 2064; x_wconf 91' lang='lat' dir='ltr'><strong>tuo.</strong></span> <span class='ocrx_word' id='word_1_152' title='bbox 1222 2009 1288 2064; x_wconf 85' lang='lat' dir='ltr'><strong>Et</strong></span> <span class='ocrx_word' id='word_1_153' title='bbox 1338 2025 1440 2081; x_wconf 80' lang='lat' dir='ltr'><strong>ego</strong></span> <span class='ocrx_word' id='word_1_154' title='bbox 1479 2012 1668 2069; x_wconf 89' lang='lat' dir='ltr'><strong>videns</strong></span> <span class='ocrx_word' id='word_1_155' title='bbox 1712 2022 1764 2067; x_wconf 89' lang='lat' dir='ltr'>te</span> <span class='ocrx_word' id='word_1_156' title='bbox 1792 2013 1970 2083; x_wconf 68' lang='grc' dir='ltr'>ἀυδρί-</span> 
     </span>
    </p>
   </div>
   <div class='ocr_carea' id='block_1_21' title="bbox 2148 729 3662 803">
    <p class='ocr_par' dir='ltr' id='par_1_21' title="bbox 2148 729 3662 803">
     <span class='ocr_line' id='line_1_21' title="bbox 2148 729 3662 803; baseline 0.004 -20"><span class='ocrx_word' id='word_1_157' title='bbox 2148 731 2516 801; x_wconf 77' lang='grc' dir='ltr'>Ἀναϐόησον</span> <span class='ocrx_word' id='word_1_158' title='bbox 2578 732 2649 785; x_wconf 81' lang='grc' dir='ltr'>ὲν</span> <span class='ocrx_word' id='word_1_159' title='bbox 2710 731 2911 800; x_wconf 75' lang='grc' dir='ltr'>ἰσχύϊ,</span> <span class='ocrx_word' id='word_1_160' title='bbox 2984 729 3085 782; x_wconf 80' lang='grc' dir='ltr'>καί</span> <span class='ocrx_word' id='word_1_161' title='bbox 3146 730 3234 799; x_wconf 80' lang='grc' dir='ltr'>μὴ</span> <span class='ocrx_word' id='word_1_162' title='bbox 3284 732 3506 800; x_wconf 72' lang='grc' dir='ltr'>φείσῃ·</span> <span class='ocrx_word' id='word_1_163' title='bbox 3581 737 3662 803; x_wconf 82' lang='grc' dir='ltr'>ὼς</span> 
     </span>
    </p>
   </div>
   <div class='ocr_carea' id='block_1_22' title="bbox 2076 819 3639 893">
    <p class='ocr_par' dir='ltr' id='par_1_22' title="bbox 2076 819 3639 893">
     <span class='ocr_line' id='line_1_22' title="bbox 2076 819 3639 893; baseline 0.001 -17"><span class='ocrx_word' id='word_1_164' title='bbox 2076 821 2383 892; x_wconf 55' lang='grc' dir='ltr'>σάλπιγγα</span> <span class='ocrx_word' id='word_1_165' title='bbox 2428 823 2682 890; x_wconf 55' lang='grc' dir='ltr'>ὕψωσον</span> <span class='ocrx_word' id='word_1_166' title='bbox 2719 819 2837 887; x_wconf 79' lang='grc' dir='ltr'>τὴν</span> <span class='ocrx_word' id='word_1_167' title='bbox 2886 819 3096 889; x_wconf 71' lang='grc' dir='ltr'>φωνήν</span> <span class='ocrx_word' id='word_1_168' title='bbox 3141 836 3278 883; x_wconf 87' lang='grc' dir='ltr'>σου,</span> <span class='ocrx_word' id='word_1_169' title='bbox 3333 822 3432 874; x_wconf 73' lang='grc' dir='ltr'>καὶ</span> <span class='ocrx_word' id='word_1_170' title='bbox 3480 824 3639 893; x_wconf 75' lang='grc' dir='ltr'>ἀνάγ</span> 
     </span>
    </p>
   </div>
   <div class='ocr_carea' id='block_1_23' title="bbox 2076 910 3667 981">
    <p class='ocr_par' dir='ltr' id='par_1_23' title="bbox 2076 910 3667 981">
     <span class='ocr_line' id='line_1_23' title="bbox 2076 910 3667 981; baseline -0.001 -14"><span class='ocrx_word' id='word_1_171' title='bbox 2076 918 2281 980; x_wconf 55' lang='lat' dir='ltr'><strong>rarior</strong></span> <span class='ocrx_word' id='word_1_172' title='bbox 2312 913 2393 979; x_wconf 80' lang='grc' dir='ltr'>τῷ</span> <span class='ocrx_word' id='word_1_173' title='bbox 2429 911 2558 978; x_wconf 74' lang='grc' dir='ltr'>,λαῷ</span> <span class='ocrx_word' id='word_1_174' title='bbox 2614 929 2733 981; x_wconf 79' lang='grc' dir='ltr'>μου</span> <span class='ocrx_word' id='word_1_175' title='bbox 2761 910 2872 977; x_wconf 82' lang='grc' dir='ltr'>τὰς</span> <span class='ocrx_word' id='word_1_176' title='bbox 2895 912 3179 980; x_wconf 82' lang='grc' dir='ltr'>ἁμαρτίας</span> <span class='ocrx_word' id='word_1_177' title='bbox 3200 911 3420 978; x_wconf 81' lang='grc' dir='ltr'>αὐτῶν,</span> <span class='ocrx_word' id='word_1_178' title='bbox 3453 916 3552 970; x_wconf 76' lang='grc' dir='ltr'>καί</span> <span class='ocrx_word' id='word_1_179' title='bbox 3591 915 3667 981; x_wconf 78' lang='grc' dir='ltr'>τῷ</span> 
     </span>
    </p>
   </div>
   <div class='ocr_carea' id='block_1_24' title="bbox 2077 1002 3128 1074">
    <p class='ocr_par' dir='ltr' id='par_1_24' title="bbox 2077 1002 3128 1074">
     <span class='ocr_line' id='line_1_24' title="bbox 2077 1002 3128 1074; baseline -0.003 -13"><span class='ocrx_word' id='word_1_180' title='bbox 2077 1005 2221 1069; x_wconf 76' lang='grc' dir='ltr'>οἴκῳ</span> <span class='ocrx_word' id='word_1_181' title='bbox 2262 1007 2471 1060; x_wconf 80' lang='grc' dir='ltr'>Ἰακὼϐ</span> <span class='ocrx_word' id='word_1_182' title='bbox 2499 1006 2604 1071; x_wconf 81' lang='grc' dir='ltr'>τὰς</span> <span class='ocrx_word' id='word_1_183' title='bbox 2632 1005 2887 1074; x_wconf 81' lang='grc' dir='ltr'>ἀνομίας</span> <span class='ocrx_word' id='word_1_184' title='bbox 2908 1002 3128 1058; x_wconf 77' lang='grc' dir='ltr'>αὐτῶν.</span> 
     </span>
    </p>
   </div>
   <div class='ocr_carea' id='block_1_25' title="bbox 2149 1092 3665 1168">
    <p class='ocr_par' dir='ltr' id='par_1_25' title="bbox 2149 1092 3665 1168">
     <span class='ocr_line' id='line_1_25' title="bbox 2149 1092 3665 1168; baseline 0.001 -21"><span class='ocrx_word' id='word_1_185' title='bbox 2149 1096 2288 1158; x_wconf 79' lang='grc' dir='ltr'>Τοὺς</span> <span class='ocrx_word' id='word_1_186' title='bbox 2315 1095 2443 1165; x_wconf 83' lang='grc' dir='ltr'>περὶ</span> <span class='ocrx_word' id='word_1_187' title='bbox 2471 1097 2571 1165; x_wconf 82' lang='grc' dir='ltr'>τῆς</span> <span class='ocrx_word' id='word_1_188' title='bbox 2592 1094 2839 1164; x_wconf 82' lang='grc' dir='ltr'>κλήσεως</span> <span class='ocrx_word' id='word_1_189' title='bbox 2857 1093 2966 1146; x_wconf 85' lang='grc' dir='ltr'>τῶν</span> <span class='ocrx_word' id='word_1_190' title='bbox 2988 1094 3047 1159; x_wconf 77' lang='grc' dir='ltr'>ἐξ</span> <span class='ocrx_word' id='word_1_191' title='bbox 3086 1092 3305 1164; x_wconf 80' lang='grc' dir='ltr'>Ἰσραήλ</span> <span class='ocrx_word' id='word_1_192' title='bbox 3330 1093 3665 1168; x_wconf 81' lang='grc' dir='ltr'>διαπεράνας</span> 
     </span>
    </p>
   </div>
   <div class='ocr_carea' id='block_1_26' title="bbox 2077 1178 3660 1258">
    <p class='ocr_par' dir='ltr' id='par_1_26' title="bbox 2077 1178 3660 1258">
     <span class='ocr_line' id='line_1_26' title="bbox 2077 1178 3660 1258; baseline 0 -17"><span class='ocrx_word' id='word_1_193' title='bbox 2077 1186 2289 1256; x_wconf 86' lang='grc' dir='ltr'>λόγους,</span> <span class='ocrx_word' id='word_1_194' title='bbox 2320 1187 2405 1257; x_wconf 79' lang='grc' dir='ltr'>ἐφ’</span> <span class='ocrx_word' id='word_1_195' title='bbox 2434 1186 2623 1258; x_wconf 72' lang='grc' dir='ltr'>ἕτερόν</span> <span class='ocrx_word' id='word_1_196' title='bbox 2673 1202 2797 1239; x_wconf 89' lang='grc' dir='ltr'>τινα</span> <span class='ocrx_word' id='word_1_197' title='bbox 2827 1178 3112 1246; x_wconf 77' lang='grc' dir='ltr'>νουθεσίας</span> <span class='ocrx_word' id='word_1_198' title='bbox 3146 1185 3365 1255; x_wconf 75' lang='grc' dir='ltr'>ἔρχεται</span> <span class='ocrx_word' id='word_1_199' title='bbox 3419 1188 3624 1258; x_wconf 84' lang='grc' dir='ltr'>τρόπον</span> <span class='ocrx_word' id='word_1_200' title='bbox 3647 1227 3660 1250; x_wconf 87' lang='grc'><strong>.</strong></span> 
     </span>
    </p>
   </div>
   <div class='ocr_carea' id='block_1_27' title="bbox 2079 1274 3660 1347">
    <p class='ocr_par' dir='ltr' id='par_1_27' title="bbox 2079 1274 3660 1347">
     <span class='ocr_line' id='line_1_27' title="bbox 2079 1274 3660 1347; baseline 0 -16"><span class='ocrx_word' id='word_1_201' title='bbox 2079 1276 2239 1332; x_wconf 86' lang='grc' dir='ltr'>καλόν</span> <span class='ocrx_word' id='word_1_202' title='bbox 2260 1277 2355 1329; x_wconf 78' lang='grc' dir='ltr'>καὶ</span> <span class='ocrx_word' id='word_1_203' title='bbox 2376 1276 2652 1345; x_wconf 85' lang='grc' dir='ltr'>ὲπωφελῆ,</span> <span class='ocrx_word' id='word_1_204' title='bbox 2686 1275 2779 1328; x_wconf 58' lang='grc' dir='ltr'>καλ⁵</span> <span class='ocrx_word' id='word_1_205' title='bbox 2811 1274 3030 1344; x_wconf 76' lang='grc' dir='ltr'>ἁπάσης</span> <span class='ocrx_word' id='word_1_206' title='bbox 3061 1274 3360 1345; x_wconf 76' lang='grc' dir='ltr'>εὐκοσμίας</span> <span class='ocrx_word' id='word_1_207' title='bbox 3382 1276 3660 1347; x_wconf 81' lang='grc' dir='ltr'>πρόξενον,</span> 
     </span>
    </p>
   </div>
   <div class='ocr_carea' id='block_1_28' title="bbox 2078 1366 3663 1441">
    <p class='ocr_par' dir='ltr' id='par_1_28' title="bbox 2078 1366 3663 1441">
     <span class='ocr_line' id='line_1_28' title="bbox 2078 1366 3663 1441; baseline -0.002 -18"><span class='ocrx_word' id='word_1_208' title='bbox 2078 1371 2172 1424; x_wconf 71' lang='grc' dir='ltr'>καὶ</span> <span class='ocrx_word' id='word_1_209' title='bbox 2204 1367 2473 1441; x_wconf 81' lang='grc' dir='ltr'>λαμπρῶν</span> <span class='ocrx_word' id='word_1_210' title='bbox 2503 1367 2781 1437; x_wconf 80' lang='grc' dir='ltr'>στεφάνων</span> <span class='ocrx_word' id='word_1_211' title='bbox 2803 1366 3180 1438; x_wconf 74' lang='grc' dir='ltr'>ὲμποιητικόν·</span> <span class='ocrx_word' id='word_1_212' title='bbox 3203 1366 3406 1437; x_wconf 78' lang='grc' dir='ltr'>χρῆναι</span> <span class='ocrx_word' id='word_1_213' title='bbox 3434 1367 3493 1420; x_wconf 82' lang='grc' dir='ltr'>δέ</span> <span class='ocrx_word' id='word_1_214' title='bbox 3517 1384 3663 1437; x_wconf 83' lang='grc' dir='ltr'>φημι</span> 
     </span>
    </p>
   </div>
   <div class='ocr_carea' id='block_1_29' title="bbox 2076 1457 3664 1531">
    <p class='ocr_par' dir='ltr' id='par_1_29' title="bbox 2076 1457 3664 1531">
     <span class='ocr_line' id='line_1_29' title="bbox 2076 1457 3664 1531; baseline -0.004 -17"><span class='ocrx_word' id='word_1_215' title='bbox 2076 1460 2167 1515; x_wconf 74' lang='grc' dir='ltr'>τὸν</span> <span class='ocrx_word' id='word_1_216' title='bbox 2206 1460 2307 1531; x_wconf 84' lang='grc' dir='ltr'>τῆς</span> <span class='ocrx_word' id='word_1_217' title='bbox 2358 1458 2699 1531; x_wconf 80' lang='grc' dir='ltr'>προφητείας</span> <span class='ocrx_word' id='word_1_218' title='bbox 2750 1457 2953 1511; x_wconf 79' lang='grc' dir='ltr'>σκοπὸν</span> <span class='ocrx_word' id='word_1_219' title='bbox 3005 1459 3515 1530; x_wconf 81' lang='grc' dir='ltr'>προαπογυμνῶσαι</span> <span class='ocrx_word' id='word_1_220' title='bbox 3552 1462 3664 1521; x_wconf 79' lang='grc' dir='ltr'>τοῖς</span> 
     </span>
    </p>
   </div>
   <div class='ocr_carea' id='block_1_30' title="bbox 2077 1548 3664 1622">
    <p class='ocr_par' dir='ltr' id='par_1_30' title="bbox 2077 1548 3664 1622">
     <span class='ocr_line' id='line_1_30' title="bbox 2077 1548 3664 1622; baseline -0.001 -17"><span class='ocrx_word' id='word_1_221' title='bbox 2077 1552 2501 1622; x_wconf 72' lang='grc' dir='ltr'>ἐντευξομένοις,</span> <span class='ocrx_word' id='word_1_222' title='bbox 2518 1551 2593 1614; x_wconf 87' lang='grc' dir='ltr'>ὡς</span> <span class='ocrx_word' id='word_1_223' title='bbox 2613 1550 2677 1604; x_wconf 83' lang='grc' dir='ltr'>ἂν</span> <span class='ocrx_word' id='word_1_224' title='bbox 2688 1550 2878 1604; x_wconf 77' lang='grc' dir='ltr'>εἰδεῖεν</span> <span class='ocrx_word' id='word_1_225' title='bbox 2909 1550 2992 1618; x_wconf 67' lang='grc' dir='ltr'>ἐφ’</span> <span class='ocrx_word' id='word_1_226' title='bbox 3016 1548 3123 1620; x_wconf 83' lang='grc' dir='ltr'>ὅτῳ</span> <span class='ocrx_word' id='word_1_227' title='bbox 3135 1550 3322 1602; x_wconf 73' lang='grc' dir='ltr'>λοιπὸν</span> <span class='ocrx_word' id='word_1_228' title='bbox 3343 1552 3371 1603; x_wconf 87' lang='grc' dir='ltr'>ό</span> <span class='ocrx_word' id='word_1_229' title='bbox 3385 1549 3494 1602; x_wconf 85' lang='grc' dir='ltr'>τῶν</span> <span class='ocrx_word' id='word_1_230' title='bbox 3511 1551 3664 1621; x_wconf 55' lang='lat' dir='ltr'><strong>clpa;</strong></span> 
     </span>
    </p>
   </div>
   <div class='ocr_carea' id='block_1_31' title="bbox 2080 1640 3664 1717">
    <p class='ocr_par' dir='ltr' id='par_1_31' title="bbox 2080 1640 3664 1717">
     <span class='ocr_line' id='line_1_31' title="bbox 2080 1640 3664 1717; baseline -0.003 -19"><span class='ocrx_word' id='word_1_231' title='bbox 2080 1645 2259 1717; x_wconf 81' lang='grc' dir='ltr'>μένων</span> <span class='ocrx_word' id='word_1_232' title='bbox 2278 1642 2612 1697; x_wconf 76' lang='grc' dir='ltr'>συντείνεται</span> <span class='ocrx_word' id='word_1_233' title='bbox 2638 1640 2785 1704; x_wconf 87' lang='grc' dir='ltr'>νοῦς.</span> <span class='ocrx_word' id='word_1_234' title='bbox 2815 1641 3023 1696; x_wconf 79' lang='grc' dir='ltr'>Οὐκοῦν</span> <span class='ocrx_word' id='word_1_235' title='bbox 3050 1643 3108 1695; x_wconf 79' lang='grc' dir='ltr'>ὲν</span> <span class='ocrx_word' id='word_1_236' title='bbox 3124 1644 3236 1705; x_wconf 73' lang='grc' dir='ltr'>τοῖς</span> <span class='ocrx_word' id='word_1_237' title='bbox 3250 1643 3447 1695; x_wconf 81' lang='grc' dir='ltr'>ἀνόπιν</span> <span class='ocrx_word' id='word_1_238' title='bbox 3462 1641 3664 1711; x_wconf 83' lang='grc' dir='ltr'>λόγοις.</span> 
     </span>
    </p>
   </div>
   <div class='ocr_carea' id='block_1_32' title="bbox 2076 1732 3667 1806">
    <p class='ocr_par' dir='ltr' id='par_1_32' title="bbox 2076 1732 3667 1806">
     <span class='ocr_line' id='line_1_32' title="bbox 2076 1732 3667 1806; baseline -0.005 -15"><span class='ocrx_word' id='word_1_239' title='bbox 2076 1732 2158 1801; x_wconf 73' lang='grc' dir='ltr'>οἷς</span> <span class='ocrx_word' id='word_1_240' title='bbox 2190 1736 2482 1806; x_wconf 83' lang='grc' dir='ltr'>πεποίηται</span> <span class='ocrx_word' id='word_1_241' title='bbox 2508 1734 2641 1797; x_wconf 84' lang='grc' dir='ltr'>Θεὸς</span> <span class='ocrx_word' id='word_1_242' title='bbox 2685 1735 2815 1804; x_wconf 75' lang='grc' dir='ltr'>περὶ</span> <span class='ocrx_word' id='word_1_243' title='bbox 2866 1733 2975 1787; x_wconf 85' lang='grc' dir='ltr'>τῶν</span> <span class='ocrx_word' id='word_1_244' title='bbox 3017 1734 3077 1800; x_wconf 78' lang='grc' dir='ltr'>ἐξ</span> <span class='ocrx_word' id='word_1_245' title='bbox 3117 1733 3356 1806; x_wconf 78' lang='grc' dir='ltr'>Ἰσραὴλ,</span> <span class='ocrx_word' id='word_1_246' title='bbox 3402 1734 3667 1805; x_wconf 75' lang='grc' dir='ltr'>ἐμφανεῖς</span> 
     </span>
    </p>
   </div>
   <div class='ocr_carea' id='block_1_33' title="bbox 2085 1822 3666 1900">
    <p class='ocr_par' dir='ltr' id='par_1_33' title="bbox 2085 1822 3666 1900">
     <span class='ocr_line' id='line_1_33' title="bbox 2085 1822 3666 1900; baseline -0.004 -18"><span class='ocrx_word' id='word_1_247' title='bbox 2085 1825 2228 1900; x_wconf 80' lang='grc' dir='ltr'>ἦσαν</span> <span class='ocrx_word' id='word_1_248' title='bbox 2252 1828 2492 1898; x_wconf 84' lang='grc' dir='ltr'>πολέμου</span> <span class='ocrx_word' id='word_1_249' title='bbox 2534 1826 2629 1880; x_wconf 74' lang='grc' dir='ltr'>καὶ</span> <span class='ocrx_word' id='word_1_250' title='bbox 2659 1826 2737 1888; x_wconf 77' lang='grc' dir='ltr'>είς</span> <span class='ocrx_word' id='word_1_251' title='bbox 2749 1825 2870 1878; x_wconf 82' lang='grc' dir='ltr'>ὅσον</span> <span class='ocrx_word' id='word_1_252' title='bbox 2888 1822 3100 1877; x_wconf 76' lang='grc' dir='ltr'>οὐδέπω</span> <span class='ocrx_word' id='word_1_253' title='bbox 3122 1823 3504 1894; x_wconf 76' lang='grc' dir='ltr'>παρεσομένης</span> <span class='ocrx_word' id='word_1_254' title='bbox 3523 1822 3666 1875; x_wconf 81' lang='grc' dir='ltr'>ἀδια-</span> 
     </span>
    </p>
   </div>
   <div class='ocr_carea' id='block_1_34' title="bbox 2076 1914 3666 1992">
    <p class='ocr_par' dir='ltr' id='par_1_34' title="bbox 2076 1914 3666 1992">
     <span class='ocr_line' id='line_1_34' title="bbox 2076 1914 3666 1992; baseline -0.005 -17"><span class='ocrx_word' id='word_1_255' title='bbox 2076 1922 2280 1991; x_wconf 77' lang='grc' dir='ltr'>φύκτου</span> <span class='ocrx_word' id='word_1_256' title='bbox 2295 1921 2580 1990; x_wconf 82' lang='grc' dir='ltr'>συμφορᾶς</span> <span class='ocrx_word' id='word_1_257' title='bbox 2595 1914 3098 1992; x_wconf 85' lang='grc' dir='ltr'>[προαπαγγελίαι].</span> <span class='ocrx_word' id='word_1_258' title='bbox 3111 1914 3256 1986; x_wconf 80' lang='grc' dir='ltr'>Ἔφη</span> <span class='ocrx_word' id='word_1_259' title='bbox 3279 1917 3436 1987; x_wconf 72' lang='grc' dir='ltr'>γάρσι</span> <span class='ocrx_word' id='word_1_260' title='bbox 3448 1915 3558 1967; x_wconf 77' lang='grc' dir='ltr'>Καὶ</span> <span class='ocrx_word' id='word_1_261' title='bbox 3567 1914 3666 1967; x_wconf 75' lang='grc' dir='ltr'>οῦκ</span> 
     </span>
    </p>
   </div>
   <div class='ocr_carea' id='block_1_35' title="bbox 2076 2007 3662 2086">
    <p class='ocr_par' dir='ltr' id='par_1_35' title="bbox 2076 2007 3662 2086">
     <span class='ocr_line' id='line_1_35' title="bbox 2076 2007 3662 2086; baseline -0.006 -18"><span class='ocrx_word' id='word_1_262' title='bbox 2076 2015 2355 2086; x_wconf 73' lang='grc' dir='ltr'>ἐμνήσθης</span> <span class='ocrx_word' id='word_1_263' title='bbox 2385 2029 2509 2083; x_wconf 87' lang='grc' dir='ltr'>μου,</span> <span class='ocrx_word' id='word_1_264' title='bbox 2545 2011 2666 2066; x_wconf 79' lang='grc' dir='ltr'>οὐδὲ</span> <span class='ocrx_word' id='word_1_265' title='bbox 2699 2009 2889 2072; x_wconf 80' lang='grc' dir='ltr'>ἔλαϐές</span> <span class='ocrx_word' id='word_1_266' title='bbox 2918 2025 2987 2079; x_wconf 85' lang='grc' dir='ltr'>με</span> <span class='ocrx_word' id='word_1_267' title='bbox 3018 2010 3099 2073; x_wconf 87' lang='grc' dir='ltr'>είς</span> <span class='ocrx_word' id='word_1_268' title='bbox 3126 2007 3226 2079; x_wconf 78' lang='grc' dir='ltr'>τὴν</span> <span class='ocrx_word' id='word_1_269' title='bbox 3256 2007 3498 2061; x_wconf 81' lang='grc' dir='ltr'>διάνοιάν</span> <span class='ocrx_word' id='word_1_270' title='bbox 3544 2023 3662 2068; x_wconf 87' lang='grc' dir='ltr'>σου,</span> 
     </span>
    </p>
   </div>
   <div class='ocr_carea' id='block_1_36' title="bbox 392 2098 1975 2176">
    <p class='ocr_par' dir='ltr' id='par_1_36' title="bbox 392 2100 1968 2175">
     <span class='ocr_line' id='line_1_36' title="bbox 392 2100 1968 2175; baseline 0.006 -24"><span class='ocrx_word' id='word_1_271' title='bbox 392 2100 497 2164; x_wconf 89' lang='lat' dir='ltr'><strong>cio,</strong></span> <span class='ocrx_word' id='word_1_272' title='bbox 536 2113 621 2153; x_wconf 91' lang='lat' dir='ltr'>me</span> <span class='ocrx_word' id='word_1_273' title='bbox 660 2113 767 2155; x_wconf 90' lang='lat' dir='ltr'>non</span> <span class='ocrx_word' id='word_1_274' title='bbox 821 2102 1068 2158; x_wconf 88' lang='lat' dir='ltr'><strong>timuisti.</strong></span> <span class='ocrx_word' id='word_1_275' title='bbox 1102 2103 1214 2173; x_wconf 76' lang='lat' dir='ltr'>Ego</span> <span class='ocrx_word' id='word_1_276' title='bbox 1259 2119 1387 2159; x_wconf 90' lang='lat' dir='ltr'><strong>vero</strong></span> <span class='ocrx_word' id='word_1_277' title='bbox 1431 2106 1763 2161; x_wconf 86' lang='lat' dir='ltr'><strong>annuntiabo</strong></span> <span class='ocrx_word' id='word_1_278' title='bbox 1806 2106 1968 2175; x_wconf 87' lang='lat' dir='ltr'><strong>justi-</strong></span> 
     </span>
    </p>
   </div>
   <div class='ocr_carea' id='block_1_37' title="bbox 2079 2098 3666 2176">
    <p class='ocr_par' dir='ltr' id='par_1_37' title="bbox 2079 2098 3666 2176">
     <span class='ocr_line' id='line_1_37' title="bbox 2079 2098 3666 2176; baseline -0.005 -16"><span class='ocrx_word' id='word_1_279' title='bbox 2079 2107 2191 2160; x_wconf 79' lang='grc' dir='ltr'>οὐδὲ</span> <span class='ocrx_word' id='word_1_280' title='bbox 2219 2107 2297 2168; x_wconf 75' lang='grc' dir='ltr'>εἰς</span> <span class='ocrx_word' id='word_1_281' title='bbox 2325 2107 2423 2175; x_wconf 77' lang='grc' dir='ltr'>τὴν</span> <span class='ocrx_word' id='word_1_282' title='bbox 2445 2102 2672 2176; x_wconf 84' lang='grc' dir='ltr'>καρδίαν</span> <span class='ocrx_word' id='word_1_283' title='bbox 2703 2117 2819 2154; x_wconf 78' lang='grc' dir='ltr'>σου’</span> <span class='ocrx_word' id='word_1_284' title='bbox 2858 2099 3016 2169; x_wconf 86' lang='grc' dir='ltr'>κάγὼ</span> <span class='ocrx_word' id='word_1_285' title='bbox 3052 2100 3174 2153; x_wconf 77' lang='grc' dir='ltr'>ἰδών</span> <span class='ocrx_word' id='word_1_286' title='bbox 3217 2116 3277 2152; x_wconf 87' lang='grc' dir='ltr'>σε</span> <span class='ocrx_word' id='word_1_287' title='bbox 3302 2098 3551 2170; x_wconf 51' lang='grc' dir='ltr'>παροριῖλ</span> <span class='ocrx_word' id='word_1_288' title='bbox 3571 2101 3666 2152; x_wconf 86' lang='grc' dir='ltr'>καί</span> 
     </span>
    </p>
   </div>
   <div class='ocr_carea' id='block_1_38' title="bbox 393 2189 1970 2265">
    <p class='ocr_par' dir='ltr' id='par_1_38' title="bbox 393 2189 1970 2265">
     <span class='ocr_line' id='line_1_38' title="bbox 393 2189 1970 2265; baseline 0.006 -24"><span class='ocrx_word' id='word_1_289' title='bbox 393 2189 524 2242; x_wconf 87' lang='lat' dir='ltr'><strong>tiam</strong></span> <span class='ocrx_word' id='word_1_290' title='bbox 583 2205 782 2257; x_wconf 85' lang='lat' dir='ltr'><strong>meam,</strong></span> <span class='ocrx_word' id='word_1_291' title='bbox 825 2203 875 2248; x_wconf 89' lang='lat' dir='ltr'>et</span> <span class='ocrx_word' id='word_1_292' title='bbox 931 2194 1070 2248; x_wconf 85' lang='lat' dir='ltr'><strong>mala</strong></span> <span class='ocrx_word' id='word_1_293' title='bbox 1108 2203 1218 2259; x_wconf 88' lang='lat' dir='ltr'><strong>tua,</strong></span> <span class='ocrx_word' id='word_1_294' title='bbox 1251 2209 1371 2264; x_wconf 70' lang='lat' dir='ltr'><strong>quae</strong></span> <span class='ocrx_word' id='word_1_295' title='bbox 1403 2204 1455 2252; x_wconf 88' lang='lat' dir='ltr'>te</span> <span class='ocrx_word' id='word_1_296' title='bbox 1520 2210 1626 2249; x_wconf 90' lang='lat' dir='ltr'>non</span> <span class='ocrx_word' id='word_1_297' title='bbox 1682 2196 1970 2265; x_wconf 76' lang='lat' dir='ltr'><strong>iuvabunt.</strong></span> 
     </span>
    </p>
   </div>
   <div class='ocr_carea' id='block_1_39' title="bbox 394 2279 1975 2357">
    <p class='ocr_par' dir='ltr' id='par_1_39' title="bbox 394 2279 1975 2357">
     <span class='ocr_line' id='line_1_39' title="bbox 394 2279 1975 2357; baseline 0.006 -24"><span class='ocrx_word' id='word_1_298' title='bbox 394 2279 529 2336; x_wconf 87' lang='lat' dir='ltr'><strong>Cum</strong></span> <span class='ocrx_word' id='word_1_299' title='bbox 564 2283 1153 2357; x_wconf 85' lang='lat' dir='ltr'><strong>clamaveris,eripiant</strong></span> <span class='ocrx_word' id='word_1_300' title='bbox 1184 2296 1235 2343; x_wconf 91' lang='lat' dir='ltr'>te</span> <span class='ocrx_word' id='word_1_301' title='bbox 1263 2289 1318 2343; x_wconf 90' lang='lat' dir='ltr'>in</span> <span class='ocrx_word' id='word_1_302' title='bbox 1358 2286 1647 2344; x_wconf 77' lang='lat' dir='ltr'><strong>alﬂictione</strong></span> <span class='ocrx_word' id='word_1_303' title='bbox 1679 2290 1748 2345; x_wconf 68' lang='lat'>3*.</span> <span class='ocrx_word' id='word_1_304' title='bbox 1777 2308 1796 2342; x_wconf 76' lang='grc' dir='ltr'>ι</span> <span class='ocrx_word' id='word_1_305' title='bbox 1829 2288 1975 2343; x_wconf 64' lang='lat' dir='ltr'><strong>Dixi-</strong></span> 
     </span>
    </p>
   </div>
   <div class='ocr_carea' id='block_1_40' title="bbox 397 2376 1974 2443">
    <p class='ocr_par' dir='ltr' id='par_1_40' title="bbox 397 2376 1974 2443">
     <span class='ocr_line' id='line_1_40' title="bbox 397 2376 1974 2443; baseline 0.008 -20"><span class='ocrx_word' id='word_1_306' title='bbox 397 2386 518 2426; x_wconf 84' lang='lat' dir='ltr'>mus</span> <span class='ocrx_word' id='word_1_307' title='bbox 566 2382 770 2438; x_wconf 91' lang='lat' dir='ltr'><strong>autem,</strong></span> <span class='ocrx_word' id='word_1_308' title='bbox 804 2376 892 2431; x_wconf 84' lang='lat' dir='ltr'>hic</span> <span class='ocrx_word' id='word_1_309' title='bbox 951 2393 1074 2431; x_wconf 90' lang='lat' dir='ltr'>eum</span> <span class='ocrx_word' id='word_1_310' title='bbox 1111 2377 1253 2432; x_wconf 84' lang='lat' dir='ltr'><strong>mala</strong></span> <span class='ocrx_word' id='word_1_311' title='bbox 1310 2378 1682 2434; x_wconf 85' lang='lat' dir='ltr'><strong>lsraelitarum</strong></span> <span class='ocrx_word' id='word_1_312' title='bbox 1755 2394 1974 2443; x_wconf 85' lang='lat' dir='ltr'><strong>vocare,</strong></span> 
     </span>
    </p>
   </div>
   <div class='ocr_carea' id='block_1_41' title="bbox 394 2462 1975 2540">
    <p class='ocr_par' dir='ltr' id='par_1_41' title="bbox 394 2462 1975 2540">
     <span class='ocr_line' id='line_1_41' title="bbox 394 2462 1975 2540; baseline 0.006 -24"><span class='ocrx_word' id='word_1_313' title='bbox 394 2462 659 2517; x_wconf 80' lang='lat' dir='ltr'><strong>idolorum</strong></span> <span class='ocrx_word' id='word_1_314' title='bbox 699 2465 940 2525; x_wconf 87' lang='lat' dir='ltr'><strong>inventa.</strong></span> <span class='ocrx_word' id='word_1_315' title='bbox 971 2467 1206 2540; x_wconf 89' lang='lat' dir='ltr'><strong>Ideoque</strong></span> <span class='ocrx_word' id='word_1_316' title='bbox 1239 2471 1319 2526; x_wconf 88' lang='lat' dir='ltr'>ait</span> <span class='ocrx_word' id='word_1_317' title='bbox 1346 2490 1359 2526; x_wconf 93' lang='lat'><strong>:</strong></span> <span class='ocrx_word' id='word_1_318' title='bbox 1394 2490 1415 2524; x_wconf 77' lang='grc' dir='ltr'>ι</span> <span class='ocrx_word' id='word_1_319' title='bbox 1437 2471 1573 2527; x_wconf 88' lang='lat' dir='ltr'><strong>Cum</strong></span> <span class='ocrx_word' id='word_1_320' title='bbox 1633 2471 1975 2540; x_wconf 85' lang='lat' dir='ltr'><strong>elamaveris,</strong></span> 
     </span>
    </p>
   </div>
   <div class='ocr_carea' id='block_1_42' title="bbox 394 2553 1979 2638">
    <p class='ocr_par' dir='ltr' id='par_1_42' title="bbox 394 2553 1979 2638">
     <span class='ocr_line' id='line_1_42' title="bbox 394 2553 1979 2638; baseline 0.011 -33"><span class='ocrx_word' id='word_1_321' title='bbox 394 2553 630 2621; x_wconf 88' lang='lat' dir='ltr'><strong>eripiant</strong></span> <span class='ocrx_word' id='word_1_322' title='bbox 690 2565 741 2611; x_wconf 91' lang='lat' dir='ltr'>te</span> <span class='ocrx_word' id='word_1_323' title='bbox 783 2557 834 2612; x_wconf 90' lang='lat' dir='ltr'>in</span> <span class='ocrx_word' id='word_1_324' title='bbox 876 2558 1170 2617; x_wconf 73' lang='lat' dir='ltr'><strong>afﬂictione</strong></span> <span class='ocrx_word' id='word_1_325' title='bbox 1242 2574 1353 2617; x_wconf 90' lang='lat' dir='ltr'><strong>tua.</strong></span> <span class='ocrx_word' id='word_1_326' title='bbox 1386 2582 1405 2615; x_wconf 75' lang='grc' dir='ltr'>ι</span> <span class='ocrx_word' id='word_1_327' title='bbox 1450 2565 1583 2621; x_wconf 83' lang='lat' dir='ltr'><strong>Erat</strong></span> <span class='ocrx_word' id='word_1_328' title='bbox 1634 2568 1798 2638; x_wconf 76' lang='lat' dir='ltr'><strong>igitur</strong></span> <span class='ocrx_word' id='word_1_329' title='bbox 1861 2569 1979 2624; x_wconf 73' lang='lat' dir='ltr'><strong>btec</strong></span> 
     </span>
    </p>
   </div>
   <div class='ocr_carea' id='block_1_43' title="bbox 392 2644 1975 2725">
    <p class='ocr_par' dir='ltr' id='par_1_43' title="bbox 392 2644 1975 2725">
     <span class='ocr_line' id='line_1_43' title="bbox 392 2644 1975 2725; baseline 0.011 -30"><span class='ocrx_word' id='word_1_330' title='bbox 392 2644 640 2714; x_wconf 77' lang='lat' dir='ltr'><strong>qua‘dam</strong></span> <span class='ocrx_word' id='word_1_331' title='bbox 711 2647 833 2702; x_wconf 88' lang='lat' dir='ltr'><strong>belli</strong></span> <span class='ocrx_word' id='word_1_332' title='bbox 873 2649 1231 2717; x_wconf 85' lang='lat' dir='ltr'><strong>denuntiatio,</strong></span> <span class='ocrx_word' id='word_1_333' title='bbox 1273 2662 1325 2707; x_wconf 87' lang='lat' dir='ltr'>et</span> <span class='ocrx_word' id='word_1_334' title='bbox 1383 2654 1487 2709; x_wconf 80' lang='lat' dir='ltr'>hoc</span> <span class='ocrx_word' id='word_1_335' title='bbox 1551 2657 1692 2725; x_wconf 87' lang='lat' dir='ltr'><strong>apud</strong></span> <span class='ocrx_word' id='word_1_336' title='bbox 1757 2656 1975 2713; x_wconf 80' lang='lat' dir='ltr'><strong>Judacos</strong></span> 
     </span>
    </p>
   </div>
   <div class='ocr_carea' id='block_1_44' title="bbox 394 2737 1969 2817">
    <p class='ocr_par' dir='ltr' id='par_1_44' title="bbox 394 2737 1969 2817">
     <span class='ocr_line' id='line_1_44' title="bbox 394 2737 1969 2817; baseline 0.009 -26"><span class='ocrx_word' id='word_1_337' title='bbox 394 2737 723 2806; x_wconf 85' lang='lat' dir='ltr'><strong>percrebuit.</strong></span> <span class='ocrx_word' id='word_1_338' title='bbox 761 2738 864 2794; x_wconf 86' lang='lat' dir='ltr'><strong>Sed</strong></span> <span class='ocrx_word' id='word_1_339' title='bbox 916 2740 1058 2797; x_wconf 88' lang='lat' dir='ltr'><strong>inter</strong></span> <span class='ocrx_word' id='word_1_340' title='bbox 1098 2759 1193 2798; x_wconf 87' lang='lat' dir='ltr'>eos</span> <span class='ocrx_word' id='word_1_341' title='bbox 1229 2745 1451 2813; x_wconf 89' lang='lat' dir='ltr'><strong>quidam</strong></span> <span class='ocrx_word' id='word_1_342' title='bbox 1492 2755 1653 2802; x_wconf 86' lang='lat' dir='ltr'><strong>erant</strong></span> <span class='ocrx_word' id='word_1_343' title='bbox 1683 2759 1969 2817; x_wconf 87' lang='lat' dir='ltr'><strong>captantes</strong></span> 
     </span>
    </p>
   </div>
   <div class='ocr_carea' id='block_1_45' title="bbox 397 2828 1978 2913">
    <p class='ocr_par' dir='ltr' id='par_1_45' title="bbox 397 2828 1978 2913">
     <span class='ocr_line' id='line_1_45' title="bbox 397 2828 1978 2913; baseline 0.011 -31"><span class='ocrx_word' id='word_1_344' title='bbox 397 2828 614 2896; x_wconf 87' lang='lat' dir='ltr'><strong>pietatis</strong></span> <span class='ocrx_word' id='word_1_345' title='bbox 672 2833 1156 2900; x_wconf 82' lang='lat' dir='ltr'><strong>existimationem,</strong></span> <span class='ocrx_word' id='word_1_346' title='bbox 1198 2844 1254 2892; x_wconf 90' lang='lat' dir='ltr'>et</span> <span class='ocrx_word' id='word_1_347' title='bbox 1295 2840 1695 2895; x_wconf 78' lang='lat' dir='ltr'><strong>committentes</strong></span> <span class='ocrx_word' id='word_1_348' title='bbox 1758 2843 1978 2913; x_wconf 81' lang='lat' dir='ltr'><strong>quidem</strong></span> 
     </span>
    </p>
   </div>
   <div class='ocr_carea' id='block_1_46' title="bbox 398 2924 1976 2995">
    <p class='ocr_par' dir='ltr' id='par_1_46' title="bbox 398 2924 1976 2995">
     <span class='ocr_line' id='line_1_46' title="bbox 398 2924 1976 2995; baseline 0.01 -20"><span class='ocrx_word' id='word_1_349' title='bbox 398 2929 604 2978; x_wconf 85' lang='lat' dir='ltr'><strong>temere</strong></span> <span class='ocrx_word' id='word_1_350' title='bbox 643 2939 765 2993; x_wconf 64' lang='lat' dir='ltr'><strong>quae</strong></span> <span class='ocrx_word' id='word_1_351' title='bbox 804 2924 885 2980; x_wconf 79' lang='lat' dir='ltr'>fas</span> <span class='ocrx_word' id='word_1_352' title='bbox 929 2941 1037 2981; x_wconf 89' lang='lat' dir='ltr'>non</span> <span class='ocrx_word' id='word_1_353' title='bbox 1096 2937 1181 2983; x_wconf 91' lang='lat' dir='ltr'>est</span> <span class='ocrx_word' id='word_1_354' title='bbox 1249 2929 1455 2995; x_wconf 89' lang='lat' dir='ltr'><strong>dicere,</strong></span> <span class='ocrx_word' id='word_1_355' title='bbox 1496 2933 1738 2988; x_wconf 78' lang='lat' dir='ltr'><strong>externis</strong></span> <span class='ocrx_word' id='word_1_356' title='bbox 1795 2945 1976 2990; x_wconf 88' lang='lat' dir='ltr'><strong>tamen</strong></span> 
     </span>
    </p>
   </div>
   <div class='ocr_carea' id='block_1_47' title="bbox 396 3012 1963 3091">
    <p class='ocr_par' dir='ltr' id='par_1_47' title="bbox 396 3012 1963 3091">
     <span class='ocr_line' id='line_1_47' title="bbox 396 3012 1963 3091; baseline 0.01 -26"><span class='ocrx_word' id='word_1_357' title='bbox 396 3012 686 3071; x_wconf 88' lang='lat' dir='ltr'><strong>decoribus</strong></span> <span class='ocrx_word' id='word_1_358' title='bbox 727 3032 849 3073; x_wconf 88' lang='lat' dir='ltr'><strong>sese</strong></span> <span class='ocrx_word' id='word_1_359' title='bbox 887 3029 1238 3084; x_wconf 81' lang='lat' dir='ltr'><strong>exornantes,</strong></span> <span class='ocrx_word' id='word_1_360' title='bbox 1261 3030 1319 3077; x_wconf 85' lang='lat' dir='ltr'>et</span> <span class='ocrx_word' id='word_1_361' title='bbox 1355 3022 1690 3091; x_wconf 81' lang='lat' dir='ltr'><strong>Opinionem,</strong></span> <span class='ocrx_word' id='word_1_362' title='bbox 1726 3035 1784 3078; x_wconf 90' lang='lat' dir='ltr'>ut</span> <span class='ocrx_word' id='word_1_363' title='bbox 1826 3025 1963 3091; x_wconf 83' lang='lat' dir='ltr'><strong>dixi,</strong></span> 
     </span>
    </p>
   </div>
   <div class='ocr_carea' id='block_1_48' title="bbox 408 3105 1982 3181">
    <p class='ocr_par' dir='ltr' id='par_1_48' title="bbox 408 3105 1982 3181">
     <span class='ocr_line' id='line_1_48' title="bbox 408 3105 1982 3181; baseline 0.01 -26"><span class='ocrx_word' id='word_1_364' title='bbox 408 3105 693 3172; x_wconf 77' lang='lat' dir='ltr'><strong>probitatis</strong></span> <span class='ocrx_word' id='word_1_365' title='bbox 747 3120 1103 3179; x_wconf 82' lang='lat' dir='ltr'><strong>aucupantes.</strong></span> <span class='ocrx_word' id='word_1_366' title='bbox 1163 3109 1256 3167; x_wconf 90' lang='lat' dir='ltr'><strong>Sic</strong></span> <span class='ocrx_word' id='word_1_367' title='bbox 1307 3119 1363 3167; x_wconf 90' lang='lat' dir='ltr'>et</span> <span class='ocrx_word' id='word_1_368' title='bbox 1400 3111 1647 3180; x_wconf 83' lang='lat' dir='ltr'><strong>jejunare</strong></span> <span class='ocrx_word' id='word_1_369' title='bbox 1688 3130 1767 3181; x_wconf 86' lang='lat' dir='ltr'>se,</span> <span class='ocrx_word' id='word_1_370' title='bbox 1793 3126 1845 3171; x_wconf 87' lang='lat' dir='ltr'>et</span> <span class='ocrx_word' id='word_1_371' title='bbox 1863 3132 1982 3171; x_wconf 85' lang='lat' dir='ltr'><strong>ere-</strong></span> 
     </span>
    </p>
   </div>
   <div class='ocr_carea' id='block_1_49' title="bbox 397 3194 1982 3269">
    <p class='ocr_par' dir='ltr' id='par_1_49' title="bbox 397 3194 1982 3269">
     <span class='ocr_line' id='line_1_49' title="bbox 397 3194 1982 3269; baseline 0.008 -21"><span class='ocrx_word' id='word_1_372' title='bbox 397 3194 527 3250; x_wconf 84' lang='lat' dir='ltr'><strong>bras</strong></span> <span class='ocrx_word' id='word_1_373' title='bbox 586 3199 865 3256; x_wconf 86' lang='lat' dir='ltr'><strong>orationes</strong></span> <span class='ocrx_word' id='word_1_374' title='bbox 909 3201 1112 3256; x_wconf 85' lang='lat' dir='ltr'><strong>habere</strong></span> <span class='ocrx_word' id='word_1_375' title='bbox 1155 3203 1509 3269; x_wconf 78' lang='lat' dir='ltr'><strong>simulabant,</strong></span> <span class='ocrx_word' id='word_1_376' title='bbox 1578 3204 1703 3260; x_wconf 85' lang='lat' dir='ltr'><strong>hinc</strong></span> <span class='ocrx_word' id='word_1_377' title='bbox 1750 3208 1851 3261; x_wconf 88' lang='lat' dir='ltr'><strong>rati</strong></span> <span class='ocrx_word' id='word_1_378' title='bbox 1909 3209 1982 3261; x_wconf 85' lang='lat' dir='ltr'><strong>di-</strong></span> 
     </span>
    </p>
   </div>
   <div class='ocr_carea' id='block_1_50' title="bbox 399 3286 1982 3368">
    <p class='ocr_par' dir='ltr' id='par_1_50' title="bbox 399 3286 1982 3368">
     <span class='ocr_line' id='line_1_50' title="bbox 399 3286 1982 3368; baseline 0.01 -30"><span class='ocrx_word' id='word_1_379' title='bbox 399 3286 578 3341; x_wconf 83' lang='lat' dir='ltr'><strong>vinam</strong></span> <span class='ocrx_word' id='word_1_380' title='bbox 627 3289 762 3344; x_wconf 88' lang='lat' dir='ltr'><strong>iram</strong></span> <span class='ocrx_word' id='word_1_381' title='bbox 809 3307 869 3346; x_wconf 88' lang='lat' dir='ltr'>se</span> <span class='ocrx_word' id='word_1_382' title='bbox 916 3308 1073 3360; x_wconf 78' lang='lat' dir='ltr'><strong>pesse</strong></span> <span class='ocrx_word' id='word_1_383' title='bbox 1125 3295 1421 3351; x_wconf 86' lang='lat' dir='ltr'><strong>declinare.</strong></span> <span class='ocrx_word' id='word_1_384' title='bbox 1469 3298 1715 3368; x_wconf 85' lang='lat' dir='ltr'><strong>Cumque</strong></span> <span class='ocrx_word' id='word_1_385' title='bbox 1755 3300 1806 3352; x_wconf 93' lang='lat' dir='ltr'>in</span> <span class='ocrx_word' id='word_1_386' title='bbox 1847 3299 1982 3354; x_wconf 91' lang='lat' dir='ltr'><strong>obli-</strong></span> 
     </span>
    </p>
   </div>
   <div class='ocr_carea' id='block_1_51' title="bbox 2074 2190 3667 2270">
    <p class='ocr_par' dir='ltr' id='par_1_51' title="bbox 2074 2190 3667 2270">
     <span class='ocr_line' id='line_1_51' title="bbox 2074 2190 3667 2270; baseline -0.008 -17"><span class='ocrx_word' id='word_1_387' title='bbox 2074 2198 2176 2270; x_wconf 72' lang='grc' dir='ltr'>ἐμὲ</span> <span class='ocrx_word' id='word_1_388' title='bbox 2199 2200 2299 2252; x_wconf 81' lang='grc' dir='ltr'>οὐκ</span> <span class='ocrx_word' id='word_1_389' title='bbox 2322 2196 2619 2268; x_wconf 76' lang='grc' dir='ltr'>ἐφοϐήθης·</span> <span class='ocrx_word' id='word_1_390' title='bbox 2655 2194 2814 2264; x_wconf 82' lang='grc' dir='ltr'>κάγὼ</span> <span class='ocrx_word' id='word_1_391' title='bbox 2857 2192 3159 2263; x_wconf 80' lang='grc' dir='ltr'>ἀπαγγελῶ</span> <span class='ocrx_word' id='word_1_392' title='bbox 3194 2193 3295 2264; x_wconf 82' lang='grc' dir='ltr'>τὴν</span> <span class='ocrx_word' id='word_1_393' title='bbox 3323 2190 3667 2260; x_wconf 83' lang='grc' dir='ltr'>δικαιοσύνην</span> 
     </span>
    </p>
   </div>
   <div class='ocr_carea' id='block_1_52' title="bbox 2082 2280 3667 2361">
    <p class='ocr_par' dir='ltr' id='par_1_52' title="bbox 2082 2280 3667 2361">
     <span class='ocr_line' id='line_1_52' title="bbox 2082 2280 3667 2361; baseline -0.008 -19"><span class='ocrx_word' id='word_1_394' title='bbox 2082 2307 2205 2361; x_wconf 84' lang='grc' dir='ltr'>μου,</span> <span class='ocrx_word' id='word_1_395' title='bbox 2231 2289 2326 2342; x_wconf 74' lang='grc' dir='ltr'>καὶ</span> <span class='ocrx_word' id='word_1_396' title='bbox 2359 2288 2429 2341; x_wconf 78' lang='grc' dir='ltr'>τὰ</span> <span class='ocrx_word' id='word_1_397' title='bbox 2457 2287 2605 2341; x_wconf 87' lang='grc' dir='ltr'>κακά</span> <span class='ocrx_word' id='word_1_398' title='bbox 2637 2303 2752 2351; x_wconf 90' lang='grc' dir='ltr'>σου,</span> <span class='ocrx_word' id='word_1_399' title='bbox 2800 2284 2837 2339; x_wconf 73' lang='grc' dir='ltr'><strong>ἃ.</strong></span> <span class='ocrx_word' id='word_1_400' title='bbox 2875 2284 2976 2338; x_wconf 80' lang='grc' dir='ltr'>οὐκ</span> <span class='ocrx_word' id='word_1_401' title='bbox 3001 2283 3347 2353; x_wconf 77' lang='grc' dir='ltr'>ὠφελήσουσί</span> <span class='ocrx_word' id='word_1_402' title='bbox 3382 2299 3463 2335; x_wconf 87' lang='grc' dir='ltr'>σε.</span> <span class='ocrx_word' id='word_1_403' title='bbox 3499 2280 3667 2334; x_wconf 80' lang='grc' dir='ltr'>Ὅταν</span> 
     </span>
    </p>
   </div>
   <div class='ocr_carea' id='block_1_53' title="bbox 2079 2373 3661 2453">
    <p class='ocr_par' dir='ltr' id='par_1_53' title="bbox 2079 2373 3661 2453">
     <span class='ocr_line' id='line_1_53' title="bbox 2079 2373 3661 2453; baseline -0.011 -16"><span class='ocrx_word' id='word_1_404' title='bbox 2079 2381 2431 2453; x_wconf 82' lang='grc' dir='ltr'>ἀναϐοήσῃς,</span> <span class='ocrx_word' id='word_1_405' title='bbox 2480 2377 2851 2444; x_wconf 76' lang='grc' dir='ltr'>ἐξελέσθωσάν</span> <span class='ocrx_word' id='word_1_406' title='bbox 2910 2393 2969 2430; x_wconf 83' lang='grc' dir='ltr'>σε</span> <span class='ocrx_word' id='word_1_407' title='bbox 3020 2378 3079 2429; x_wconf 83' lang='grc' dir='ltr'>ὲν</span> <span class='ocrx_word' id='word_1_408' title='bbox 3128 2377 3195 2446; x_wconf 83' lang='grc' dir='ltr'>τῇ</span> <span class='ocrx_word' id='word_1_409' title='bbox 3259 2373 3434 2444; x_wconf 75' lang='grc' dir='ltr'>θλίψει</span> <span class='ocrx_word' id='word_1_410' title='bbox 3487 2388 3601 2425; x_wconf 88' lang='grc' dir='ltr'>σου.</span> <span class='ocrx_word' id='word_1_411' title='bbox 3640 2388 3661 2420; x_wconf 70' lang='grc' dir='ltr'>ι</span> 
     </span>
    </p>
   </div>
   <div class='ocr_carea' id='block_1_54' title="bbox 2089 2461 3667 2545">
    <p class='ocr_par' dir='ltr' id='par_1_54' title="bbox 2089 2461 3667 2545">
     <span class='ocr_line' id='line_1_54' title="bbox 2089 2461 3667 2545; baseline -0.01 -17"><span class='ocrx_word' id='word_1_412' title='bbox 2089 2474 2378 2545; x_wconf 80' lang='grc' dir='ltr'>Ἐλέγομεν</span> <span class='ocrx_word' id='word_1_413' title='bbox 2425 2472 2504 2534; x_wconf 80' lang='grc' dir='ltr'>δὲ,</span> <span class='ocrx_word' id='word_1_414' title='bbox 2540 2473 2624 2525; x_wconf 79' lang='grc' dir='ltr'>ὅτι</span> <span class='ocrx_word' id='word_1_415' title='bbox 2681 2470 2829 2525; x_wconf 84' lang='grc' dir='ltr'>κακά</span> <span class='ocrx_word' id='word_1_416' title='bbox 2884 2486 3051 2540; x_wconf 86' lang='grc' dir='ltr'>φησιν</span> <span class='ocrx_word' id='word_1_417' title='bbox 3100 2469 3158 2520; x_wconf 78' lang='grc' dir='ltr'>ὲν</span> <span class='ocrx_word' id='word_1_418' title='bbox 3200 2467 3409 2529; x_wconf 80' lang='grc' dir='ltr'>τούτοις</span> <span class='ocrx_word' id='word_1_419' title='bbox 3457 2463 3562 2516; x_wconf 82' lang='grc' dir='ltr'>τῶν</span> <span class='ocrx_word' id='word_1_420' title='bbox 3603 2461 3667 2525; x_wconf 68' lang='grc' dir='ltr'><strong>ἐξ</strong></span> 
     </span>
    </p>
   </div>
   <div class='ocr_carea' id='block_1_55' title="bbox 2091 2553 3668 2637">
    <p class='ocr_par' dir='ltr' id='par_1_55' title="bbox 2091 2553 3668 2637">
     <span class='ocr_line' id='line_1_55' title="bbox 2091 2553 3668 2637; baseline -0.008 -18"><span class='ocrx_word' id='word_1_421' title='bbox 2091 2564 2330 2637; x_wconf 82' lang='grc' dir='ltr'>Ἰσραὴλ,</span> <span class='ocrx_word' id='word_1_422' title='bbox 2363 2563 2432 2618; x_wconf 84' lang='grc' dir='ltr'>τὰ</span> <span class='ocrx_word' id='word_1_423' title='bbox 2464 2565 2557 2617; x_wconf 78' lang='grc' dir='ltr'>ἐπὶ</span> <span class='ocrx_word' id='word_1_424' title='bbox 2602 2565 2715 2626; x_wconf 86' lang='grc' dir='ltr'>τοῖς</span> <span class='ocrx_word' id='word_1_425' title='bbox 2742 2561 2983 2624; x_wconf 76' lang='grc' dir='ltr'>εἰδώλοις</span> <span class='ocrx_word' id='word_1_426' title='bbox 3017 2562 3318 2632; x_wconf 77' lang='grc' dir='ltr'>εὑρήματα.</span> <span class='ocrx_word' id='word_1_427' title='bbox 3344 2556 3446 2609; x_wconf 81' lang='grc' dir='ltr'>Διά</span> <span class='ocrx_word' id='word_1_428' title='bbox 3502 2553 3668 2608; x_wconf 79' lang='grc' dir='ltr'>τοῦτο</span> 
     </span>
    </p>
   </div>
   <div class='ocr_carea' id='block_1_56' title="bbox 2079 2644 3667 2723">
    <p class='ocr_par' dir='ltr' id='par_1_56' title="bbox 2079 2644 3667 2723">
     <span class='ocr_line' id='line_1_56' title="bbox 2079 2644 3667 2723; baseline -0.008 -16"><span class='ocrx_word' id='word_1_429' title='bbox 2079 2656 2176 2709; x_wconf 69' lang='grc' dir='ltr'>καὶ</span> <span class='ocrx_word' id='word_1_430' title='bbox 2214 2654 2475 2723; x_wconf 72' lang='grc' dir='ltr'>ἐφασκεψ</span> <span class='ocrx_word' id='word_1_431' title='bbox 2520 2672 2538 2706; x_wconf 80' lang='grc' dir='ltr'>ι</span> <span class='ocrx_word' id='word_1_432' title='bbox 2571 2654 2742 2706; x_wconf 84' lang='grc' dir='ltr'>Ὅταν</span> <span class='ocrx_word' id='word_1_433' title='bbox 2793 2651 3132 2721; x_wconf 79' lang='grc' dir='ltr'>ἀναϐοήσῃς,</span> <span class='ocrx_word' id='word_1_434' title='bbox 3182 2644 3552 2714; x_wconf 65' lang='grc' dir='ltr'>ἐξελέσθωσάν</span> <span class='ocrx_word' id='word_1_435' title='bbox 3606 2659 3667 2695; x_wconf 90' lang='grc' dir='ltr'>σε</span> 
     </span>
    </p>
   </div>
   <div class='ocr_carea' id='block_1_57' title="bbox 2080 2736 3671 2818">
    <p class='ocr_par' dir='ltr' id='par_1_57' title="bbox 2080 2736 3671 2818">
     <span class='ocr_line' id='line_1_57' title="bbox 2080 2736 3671 2818; baseline -0.009 -18"><span class='ocrx_word' id='word_1_436' title='bbox 2080 2748 2138 2800; x_wconf 85' lang='grc' dir='ltr'>ὲν</span> <span class='ocrx_word' id='word_1_437' title='bbox 2166 2749 2232 2818; x_wconf 74' lang='grc' dir='ltr'>τῇ</span> <span class='ocrx_word' id='word_1_438' title='bbox 2267 2746 2443 2815; x_wconf 63' lang='grc' dir='ltr'>θλίψει</span> <span class='ocrx_word' id='word_1_439' title='bbox 2472 2763 2590 2799; x_wconf 88' lang='grc' dir='ltr'>σου.</span> <span class='ocrx_word' id='word_1_440' title='bbox 2634 2763 2653 2797; x_wconf 76' lang='grc' dir='ltr'>ι</span> <span class='ocrx_word' id='word_1_441' title='bbox 2687 2739 2796 2797; x_wconf 73' lang='grc' dir='ltr'>τΗν</span> <span class='ocrx_word' id='word_1_442' title='bbox 2819 2736 2912 2796; x_wconf 76' lang='grc' dir='ltr'>οὖν</span> <span class='ocrx_word' id='word_1_443' title='bbox 2938 2742 3046 2815; x_wconf 76' lang='grc' dir='ltr'>ἄρα</span> <span class='ocrx_word' id='word_1_444' title='bbox 3095 2740 3207 2795; x_wconf 65' lang='grc' dir='ltr'>τισὶ</span> <span class='ocrx_word' id='word_1_445' title='bbox 3249 2736 3671 2811; x_wconf 84' lang='grc' dir='ltr'>προαπαγγελία</span> 
     </span>
    </p>
   </div>
   <div class='ocr_carea' id='block_1_58' title="bbox 2081 2828 3672 2909">
    <p class='ocr_par' dir='ltr' id='par_1_58' title="bbox 2081 2828 3672 2909">
     <span class='ocr_line' id='line_1_58' title="bbox 2081 2828 3672 2909; baseline -0.008 -17"><span class='ocrx_word' id='word_1_446' title='bbox 2081 2839 2320 2909; x_wconf 82' lang='grc' dir='ltr'>πολέμου</span> <span class='ocrx_word' id='word_1_447' title='bbox 2347 2880 2361 2903; x_wconf 92' lang='grc'>,</span> <span class='ocrx_word' id='word_1_448' title='bbox 2416 2839 2514 2892; x_wconf 76' lang='grc' dir='ltr'>καὶ</span> <span class='ocrx_word' id='word_1_449' title='bbox 2575 2836 2976 2907; x_wconf 79' lang='grc' dir='ltr'>ὲκτεθρύλλητο</span> <span class='ocrx_word' id='word_1_450' title='bbox 3026 2834 3176 2905; x_wconf 82' lang='grc' dir='ltr'>παρά</span> <span class='ocrx_word' id='word_1_451' title='bbox 3226 2835 3339 2895; x_wconf 85' lang='grc' dir='ltr'>τοῖς</span> <span class='ocrx_word' id='word_1_452' title='bbox 3402 2828 3672 2883; x_wconf 82' lang='grc' dir='ltr'>Ἰουδαίων</span> 
     </span>
    </p>
   </div>
   <div class='ocr_carea' id='block_1_59' title="bbox 2079 2920 3671 3003">
    <p class='ocr_par' dir='ltr' id='par_1_59' title="bbox 2079 2920 3671 3003">
     <span class='ocr_line' id='line_1_59' title="bbox 2079 2920 3671 3003; baseline -0.008 -19"><span class='ocrx_word' id='word_1_453' title='bbox 2079 2932 2273 3003; x_wconf 80' lang='grc' dir='ltr'>δήμοις</span> <span class='ocrx_word' id='word_1_454' title='bbox 2302 2928 2478 2983; x_wconf 86' lang='grc' dir='ltr'>τοῦτο·</span> <span class='ocrx_word' id='word_1_455' title='bbox 2531 2928 2648 2983; x_wconf 82' lang='grc' dir='ltr'>ἀλλ’</span> <span class='ocrx_word' id='word_1_456' title='bbox 2679 2924 2825 3000; x_wconf 81' lang='grc' dir='ltr'>ἦσάν</span> <span class='ocrx_word' id='word_1_457' title='bbox 2875 2945 3021 2991; x_wconf 87' lang='grc' dir='ltr'>τινες</span> <span class='ocrx_word' id='word_1_458' title='bbox 3059 2927 3119 2980; x_wconf 80' lang='grc' dir='ltr'>ὲν</span> <span class='ocrx_word' id='word_1_459' title='bbox 3175 2925 3360 2986; x_wconf 78' lang='grc' dir='ltr'>αὐτοῖς</span> <span class='ocrx_word' id='word_1_460' title='bbox 3386 2920 3671 2981; x_wconf 81' lang='grc' dir='ltr'>εὐλαϐείας</span> 
     </span>
    </p>
   </div>
   <div class='ocr_carea' id='block_1_60' title="bbox 2080 3014 3668 3096">
    <p class='ocr_par' dir='ltr' id='par_1_60' title="bbox 2080 3014 3668 3096">
     <span class='ocr_line' id='line_1_60' title="bbox 2080 3014 3668 3096; baseline -0.009 -18"><span class='ocrx_word' id='word_1_461' title='bbox 2080 3025 2304 3095; x_wconf 83' lang='grc' dir='ltr'>δόκησιν</span> <span class='ocrx_word' id='word_1_462' title='bbox 2331 3021 2724 3096; x_wconf 81' lang='grc' dir='ltr'>περικείμενοι,</span> <span class='ocrx_word' id='word_1_463' title='bbox 2757 3020 2853 3075; x_wconf 74' lang='grc' dir='ltr'>καὶ</span> <span class='ocrx_word' id='word_1_464' title='bbox 2896 3020 3129 3092; x_wconf 80' lang='grc' dir='ltr'>δρῶντες</span> <span class='ocrx_word' id='word_1_465' title='bbox 3162 3019 3262 3089; x_wconf 84' lang='grc' dir='ltr'>μὲν</span> <span class='ocrx_word' id='word_1_466' title='bbox 3310 3014 3668 3085; x_wconf 74' lang='grc' dir='ltr'>ἀφυλάκτως,</span> 
     </span>
    </p>
   </div>
   <div class='ocr_carea' id='block_1_61' title="bbox 2082 3106 3671 3187">
    <p class='ocr_par' dir='ltr' id='par_1_61' title="bbox 2082 3106 3671 3187">
     <span class='ocr_line' id='line_1_61' title="bbox 2082 3106 3671 3187; baseline -0.009 -17"><span class='ocrx_word' id='word_1_467' title='bbox 2082 3115 2117 3170; x_wconf 73' lang='grc' dir='ltr'>ἃ</span> <span class='ocrx_word' id='word_1_468' title='bbox 2148 3116 2285 3187; x_wconf 75' lang='grc' dir='ltr'>μηδὲ</span> <span class='ocrx_word' id='word_1_469' title='bbox 2319 3114 2481 3183; x_wconf 81' lang='grc' dir='ltr'>θέμις</span> <span class='ocrx_word' id='word_1_470' title='bbox 2508 3116 2709 3177; x_wconf 76' lang='grc' dir='ltr'>εἰπεῖν,</span> <span class='ocrx_word' id='word_1_471' title='bbox 2741 3112 3046 3185; x_wconf 82' lang='grc' dir='ltr'>ὡραῖσμοῖς</span> <span class='ocrx_word' id='word_1_472' title='bbox 3072 3110 3127 3163; x_wconf 79' lang='grc' dir='ltr'>δὲ</span> <span class='ocrx_word' id='word_1_473' title='bbox 3158 3111 3270 3172; x_wconf 80' lang='grc' dir='ltr'>τοῖς</span> <span class='ocrx_word' id='word_1_474' title='bbox 3317 3107 3517 3179; x_wconf 66' lang='grc' dir='ltr'>ἔξωθεν</span> <span class='ocrx_word' id='word_1_475' title='bbox 3545 3106 3671 3157; x_wconf 83' lang='grc' dir='ltr'>ἑαυ-</span> 
     </span>
    </p>
   </div>
   <div class='ocr_carea' id='block_1_62' title="bbox 2084 3194 3669 3267">
    <p class='ocr_par' dir='ltr' id='par_1_62' title="bbox 2084 3194 3669 3267">
     <span class='ocr_line' id='line_1_62' title="bbox 2084 3194 3669 3267; baseline -0.008 -10"><span class='ocrx_word' id='word_1_476' title='bbox 2084 3206 2212 3267; x_wconf 76' lang='grc' dir='ltr'>τοὺς</span> <span class='ocrx_word' id='word_1_477' title='bbox 2243 3202 2762 3265; x_wconf 82' lang='grc' dir='ltr'>κατακαλλύνοντες,</span> <span class='ocrx_word' id='word_1_478' title='bbox 2782 3202 2877 3255; x_wconf 70' lang='grc' dir='ltr'>καὶ</span> <span class='ocrx_word' id='word_1_479' title='bbox 2902 3199 3059 3265; x_wconf 79' lang='grc' dir='ltr'>δόξαν</span> <span class='ocrx_word' id='word_1_480' title='bbox 3081 3197 3400 3259; x_wconf 70' lang='grc' dir='ltr'>ἐπιεικείας,</span> <span class='ocrx_word' id='word_1_481' title='bbox 3415 3196 3489 3257; x_wconf 83' lang='grc' dir='ltr'>ὼς</span> <span class='ocrx_word' id='word_1_482' title='bbox 3513 3194 3669 3264; x_wconf 73' lang='grc' dir='ltr'>ἔφην,</span> 
     </span>
    </p>
   </div>
   <div class='ocr_carea' id='block_1_63' title="bbox 2085 3285 3673 3367">
    <p class='ocr_par' dir='ltr' id='par_1_63' title="bbox 2085 3285 3673 3367">
     <span class='ocr_line' id='line_1_63' title="bbox 2085 3285 3673 3367; baseline -0.009 -17"><span class='ocrx_word' id='word_1_483' title='bbox 2085 3294 2447 3367; x_wconf 76' lang='grc' dir='ltr'>ἁρπάζοντες.</span> <span class='ocrx_word' id='word_1_484' title='bbox 2488 3288 2651 3348; x_wconf 75' lang='grc' dir='ltr'>Οὗτοι</span> <span class='ocrx_word' id='word_1_485' title='bbox 2697 3292 2792 3346; x_wconf 69' lang='grc' dir='ltr'>καὶ</span> <span class='ocrx_word' id='word_1_486' title='bbox 2818 3295 3073 3363; x_wconf 77' lang='grc' dir='ltr'>νηστείας</span> <span class='ocrx_word' id='word_1_487' title='bbox 3110 3289 3533 3350; x_wconf 81' lang='grc' dir='ltr'>ὑπεπλάττοντο,</span> <span class='ocrx_word' id='word_1_488' title='bbox 3578 3285 3673 3337; x_wconf 77' lang='grc' dir='ltr'>καὶ</span> 
     </span>
    </p>
   </div>
   <div class='ocr_carea' id='block_1_64' title="bbox 400 3375 1975 3470">
    <p class='ocr_par' dir='ltr' id='par_1_64' title="bbox 400 3379 1975 3458">
     <span class='ocr_line' id='line_1_64' title="bbox 400 3379 1975 3458; baseline 0.009 -27"><span class='ocrx_word' id='word_1_489' title='bbox 400 3379 617 3435; x_wconf 77' lang='lat' dir='ltr'><strong>vionem</strong></span> <span class='ocrx_word' id='word_1_490' title='bbox 659 3396 881 3438; x_wconf 89' lang='lat' dir='ltr'><strong>suorum</strong></span> <span class='ocrx_word' id='word_1_491' title='bbox 912 3385 1231 3441; x_wconf 87' lang='lat' dir='ltr'><strong>delictorum</strong></span> <span class='ocrx_word' id='word_1_492' title='bbox 1266 3388 1684 3456; x_wconf 80' lang='lat' dir='ltr'><strong>adducerentur,</strong></span> <span class='ocrx_word' id='word_1_493' title='bbox 1713 3392 1975 3458; x_wconf 85' lang='lat' dir='ltr'><strong>putabant</strong></span> 
     </span>
    </p>
   </div>
   <div class='ocr_carea' id='block_1_65' title="bbox 2079 3375 3672 3470">
    <p class='ocr_par' dir='ltr' id='par_1_65' title="bbox 2089 3375 3672 3470">
     <span class='ocr_line' id='line_1_65' title="bbox 2089 3375 3672 3470; baseline -0.008 -29"><span class='ocrx_word' id='word_1_494' title='bbox 2089 3387 2290 3459; x_wconf 79' lang='grc' dir='ltr'>συχνὰς</span> <span class='ocrx_word' id='word_1_495' title='bbox 2340 3385 2615 3440; x_wconf 85' lang='grc' dir='ltr'>ποιεῖσθαι</span> <span class='ocrx_word' id='word_1_496' title='bbox 2668 3384 2767 3449; x_wconf 82' lang='grc' dir='ltr'>τὰς</span> <span class='ocrx_word' id='word_1_497' title='bbox 2821 3382 3151 3456; x_wconf 84' lang='grc' dir='ltr'>προσευχὰς,</span> <span class='ocrx_word' id='word_1_498' title='bbox 3200 3375 3672 3470; x_wconf 69' lang='grc' dir='ltr'>ἀποσκευάζεσθαι</span> 
     </span>
    </p>
   </div>
   <div class='ocr_carea' id='block_1_66' title="bbox 402 3467 1975 3548">
    <p class='ocr_par' dir='ltr' id='par_1_66' title="bbox 402 3470 1975 3546">
     <span class='ocr_line' id='line_1_66' title="bbox 402 3470 1975 3546; baseline 0.008 -21"><span class='ocrx_word' id='word_1_499' title='bbox 402 3470 704 3527; x_wconf 62' lang='lat' dir='ltr'><strong>tardissima</strong></span> <span class='ocrx_word' id='word_1_500' title='bbox 774 3484 993 3543; x_wconf 86' lang='lat' dir='ltr'><strong>patrare</strong></span> <span class='ocrx_word' id='word_1_501' title='bbox 1051 3477 1251 3540; x_wconf 81' lang='lat' dir='ltr'><strong>solitis,</strong></span> <span class='ocrx_word' id='word_1_502' title='bbox 1322 3480 1388 3531; x_wconf 83' lang='lat' dir='ltr'>ad</span> <span class='ocrx_word' id='word_1_503' title='bbox 1446 3478 1891 3546; x_wconf 85' lang='lat' dir='ltr'><strong>justiiicationem</strong></span> <span class='ocrx_word' id='word_1_504' title='bbox 1930 3492 1975 3537; x_wconf 86' lang='lat' dir='ltr'>et</span> 
     </span>
    </p>
   </div>
   <div class='ocr_carea' id='block_1_67' title="bbox 2079 3467 3673 3548">
    <p class='ocr_par' dir='ltr' id='par_1_67' title="bbox 2087 3467 3673 3548">
     <span class='ocr_line' id='line_1_67' title="bbox 2087 3467 3673 3548; baseline -0.007 -18"><span class='ocrx_word' id='word_1_505' title='bbox 2087 3477 2174 3531; x_wconf 72' lang='grc' dir='ltr'>διὰ</span> <span class='ocrx_word' id='word_1_506' title='bbox 2209 3477 2402 3530; x_wconf 79' lang='grc' dir='ltr'>τούτου</span> <span class='ocrx_word' id='word_1_507' title='bbox 2433 3475 2748 3548; x_wconf 79' lang='grc' dir='ltr'>νομίζοντες</span> <span class='ocrx_word' id='word_1_508' title='bbox 2762 3474 2829 3529; x_wconf 72' lang='grc' dir='ltr'>τὰ</span> <span class='ocrx_word' id='word_1_509' title='bbox 2849 3476 2915 3528; x_wconf 83' lang='grc' dir='ltr'>ὲκ</span> <span class='ocrx_word' id='word_1_510' title='bbox 2934 3474 3034 3543; x_wconf 73' lang='grc' dir='ltr'>τῆς</span> <span class='ocrx_word' id='word_1_511' title='bbox 3064 3473 3215 3536; x_wconf 83' lang='grc' dir='ltr'>θείας</span> <span class='ocrx_word' id='word_1_512' title='bbox 3243 3471 3431 3542; x_wconf 79' lang='grc' dir='ltr'>ὀργῆς.</span> <span class='ocrx_word' id='word_1_513' title='bbox 3460 3467 3673 3523; x_wconf 79' lang='grc' dir='ltr'>Οὐκοῦν</span> 
     </span>
    </p>
   </div>
   <div class='ocr_carea' id='block_1_68' title="bbox 402 3561 1975 3641">
    <p class='ocr_par' dir='ltr' id='par_1_68' title="bbox 402 3564 1975 3627">
     <span class='ocr_line' id='line_1_68' title="bbox 402 3564 1975 3627; baseline 0.004 -7"><span class='ocrx_word' id='word_1_514' title='bbox 402 3564 888 3623; x_wconf 84' lang='lat' dir='ltr'><strong>sanctiﬁcationem</strong></span> <span class='ocrx_word' id='word_1_515' title='bbox 935 3567 1182 3624; x_wconf 78' lang='lat' dir='ltr'><strong>sufficere</strong></span> <span class='ocrx_word' id='word_1_516' title='bbox 1244 3570 1413 3624; x_wconf 85' lang='lat' dir='ltr'><strong>solam</strong></span> <span class='ocrx_word' id='word_1_517' title='bbox 1482 3572 1865 3626; x_wconf 83' lang='lat' dir='ltr'><strong>abstinentiam</strong></span> <span class='ocrx_word' id='word_1_518' title='bbox 1926 3582 1975 3627; x_wconf 89' lang='lat' dir='ltr'>et</span> 
     </span>
    </p>
   </div>
   <div class='ocr_carea' id='block_1_69' title="bbox 2079 3561 3673 3641">
    <p class='ocr_par' dir='ltr' id='par_1_69' title="bbox 2089 3561 3673 3641">
     <span class='ocr_line' id='line_1_69' title="bbox 2089 3561 3673 3641; baseline -0.006 -19"><span class='ocrx_word' id='word_1_519' title='bbox 2089 3569 2395 3641; x_wconf 74' lang='grc' dir='ltr'>ἐπειδήπερ</span> <span class='ocrx_word' id='word_1_520' title='bbox 2425 3570 2505 3631; x_wconf 80' lang='grc' dir='ltr'>εις</span> <span class='ocrx_word' id='word_1_521' title='bbox 2552 3568 2723 3640; x_wconf 80' lang='grc' dir='ltr'>λήθην</span> <span class='ocrx_word' id='word_1_522' title='bbox 2767 3567 3117 3638; x_wconf 77' lang='grc' dir='ltr'>ἐνηνεγμένοι</span> <span class='ocrx_word' id='word_1_523' title='bbox 3148 3566 3258 3618; x_wconf 85' lang='grc' dir='ltr'>τῶν</span> <span class='ocrx_word' id='word_1_524' title='bbox 3295 3563 3439 3616; x_wconf 74' lang='grc' dir='ltr'>ἰδίων</span> <span class='ocrx_word' id='word_1_525' title='bbox 3485 3561 3673 3630; x_wconf 80' lang='grc' dir='ltr'>πλημ-</span> 
     </span>
    </p>
   </div>
   <div class='ocr_carea' id='block_1_70' title="bbox 401 3652 1975 3733">
    <p class='ocr_par' dir='ltr' id='par_1_70' title="bbox 401 3657 1975 3730">
     <span class='ocr_line' id='line_1_70' title="bbox 401 3657 1975 3730; baseline 0.004 -22"><span class='ocrx_word' id='word_1_526' title='bbox 401 3657 792 3724; x_wconf 88' lang='lat' dir='ltr'><strong>preeationem.</strong></span> <span class='ocrx_word' id='word_1_527' title='bbox 860 3657 1078 3713; x_wconf 80' lang='lat' dir='ltr'><strong>Mandat</strong></span> <span class='ocrx_word' id='word_1_528' title='bbox 1126 3670 1307 3715; x_wconf 84' lang='lat' dir='ltr'><strong>autem</strong></span> <span class='ocrx_word' id='word_1_529' title='bbox 1374 3662 1647 3730; x_wconf 67' lang='lat' dir='ltr'><strong>propheta!</strong></span> <span class='ocrx_word' id='word_1_530' title='bbox 1712 3662 1870 3727; x_wconf 88' lang='lat' dir='ltr'><strong>Deus,</strong></span> <span class='ocrx_word' id='word_1_531' title='bbox 1914 3664 1975 3717; x_wconf 83' lang='lat' dir='ltr'><strong>in-</strong></span> 
     </span>
    </p>
   </div>
   <div class='ocr_carea' id='block_1_71' title="bbox 2079 3652 3677 3733">
    <p class='ocr_par' dir='ltr' id='par_1_71' title="bbox 2093 3652 3677 3733">
     <span class='ocr_line' id='line_1_71' title="bbox 2093 3652 3677 3733; baseline -0.008 -18"><span class='ocrx_word' id='word_1_532' title='bbox 2093 3662 2446 3733; x_wconf 66' lang='grc' dir='ltr'>μελημάτων,</span> <span class='ocrx_word' id='word_1_533' title='bbox 2504 3660 2762 3732; x_wconf 74' lang='grc' dir='ltr'>ᾠήθησαν</span> <span class='ocrx_word' id='word_1_534' title='bbox 2816 3662 2898 3715; x_wconf 79' lang='grc' dir='ltr'>ὅτι</span> <span class='ocrx_word' id='word_1_535' title='bbox 2940 3662 3051 3723; x_wconf 87' lang='grc' dir='ltr'>τοῖς</span> <span class='ocrx_word' id='word_1_536' title='bbox 3109 3658 3177 3711; x_wconf 81' lang='grc' dir='ltr'>τὰ</span> <span class='ocrx_word' id='word_1_537' title='bbox 3235 3656 3490 3726; x_wconf 61' lang='lat' dir='ltr'><strong>uisitata</strong></span> <span class='ocrx_word' id='word_1_538' title='bbox 3542 3652 3677 3724; x_wconf 78' lang='grc' dir='ltr'>δρᾷν</span> 
     </span>
    </p>
   </div>
   <div class='ocr_carea' id='block_1_72' title="bbox 401 3744 1975 3822">
    <p class='ocr_par' dir='ltr' id='par_1_72' title="bbox 401 3746 1975 3821">
     <span class='ocr_line' id='line_1_72' title="bbox 401 3746 1975 3821; baseline 0.004 -21"><span class='ocrx_word' id='word_1_539' title='bbox 401 3746 631 3816; x_wconf 82' lang='lat' dir='ltr'><strong>quiens:</strong></span> <span class='ocrx_word' id='word_1_540' title='bbox 670 3764 689 3798; x_wconf 80' lang='grc' dir='ltr'>ι</span> <span class='ocrx_word' id='word_1_541' title='bbox 727 3746 914 3803; x_wconf 82' lang='lat' dir='ltr'><strong>Clama</strong></span> <span class='ocrx_word' id='word_1_542' title='bbox 953 3765 1050 3818; x_wconf 86' lang='lat' dir='ltr'>pro</span> <span class='ocrx_word' id='word_1_543' title='bbox 1115 3751 1323 3806; x_wconf 84' lang='lat' dir='ltr'><strong>viribus</strong></span> <span class='ocrx_word' id='word_1_544' title='bbox 1350 3792 1365 3818; x_wconf 91' lang='lat'>,</span> <span class='ocrx_word' id='word_1_545' title='bbox 1410 3766 1476 3807; x_wconf 91' lang='lat' dir='ltr'>ne</span> <span class='ocrx_word' id='word_1_546' title='bbox 1536 3767 1752 3821; x_wconf 83' lang='lat' dir='ltr'><strong>parcas,</strong></span> <span class='ocrx_word' id='word_1_547' title='bbox 1819 3755 1975 3807; x_wconf 76' lang='lat' dir='ltr'><strong>instat</strong></span> 
     </span>
    </p>
   </div>
   <div class='ocr_carea' id='block_1_73' title="bbox 2079 3744 3677 3822">
    <p class='ocr_par' dir='ltr' id='par_1_73' title="bbox 2089 3744 3677 3822">
     <span class='ocr_line' id='line_1_73' title="bbox 2089 3744 3677 3822; baseline -0.006 -16"><span class='ocrx_word' id='word_1_548' title='bbox 2089 3753 2339 3806; x_wconf 79' lang='grc' dir='ltr'>εἰωθόσιν</span> <span class='ocrx_word' id='word_1_549' title='bbox 2372 3752 2589 3822; x_wconf 80' lang='grc' dir='ltr'>ἀπόχρη</span> <span class='ocrx_word' id='word_1_550' title='bbox 2612 3750 2747 3822; x_wconf 78' lang='grc' dir='ltr'>πρὸς</span> <span class='ocrx_word' id='word_1_551' title='bbox 2764 3750 3048 3803; x_wconf 85' lang='grc' dir='ltr'>δικαίωσιν</span> <span class='ocrx_word' id='word_1_552' title='bbox 3085 3749 3179 3802; x_wconf 73' lang='grc' dir='ltr'>καὶ</span> <span class='ocrx_word' id='word_1_553' title='bbox 3197 3748 3469 3818; x_wconf 80' lang='grc' dir='ltr'>ἀγιασμδν</span> <span class='ocrx_word' id='word_1_554' title='bbox 3493 3744 3677 3798; x_wconf 73' lang='grc' dir='ltr'>ἀσιτία</span> 
     </span>
    </p>
   </div>
   <div class='ocr_carea' id='block_1_74' title="bbox 407 3836 1975 3917">
    <p class='ocr_par' dir='ltr' id='par_1_74' title="bbox 407 3836 1975 3912">
     <span class='ocr_line' id='line_1_74' title="bbox 407 3836 1975 3912; baseline 0.006 -24"><span class='ocrx_word' id='word_1_555' title='bbox 407 3836 554 3892; x_wconf 65' lang='lat' dir='ltr'><strong>tubae</strong></span> <span class='ocrx_word' id='word_1_556' title='bbox 622 3838 839 3894; x_wconf 75' lang='lat' dir='ltr'><strong>intrude</strong></span> <span class='ocrx_word' id='word_1_557' title='bbox 889 3855 1077 3896; x_wconf 84' lang='lat' dir='ltr'><strong>vocem</strong></span> <span class='ocrx_word' id='word_1_558' title='bbox 1160 3850 1328 3905; x_wconf 88' lang='lat' dir='ltr'><strong>tuam,</strong></span> <span class='ocrx_word' id='word_1_559' title='bbox 1362 3851 1417 3895; x_wconf 82' lang='lat' dir='ltr'>et</span> <span class='ocrx_word' id='word_1_560' title='bbox 1454 3844 1720 3897; x_wconf 84' lang='lat' dir='ltr'><strong>annuntia</strong></span> <span class='ocrx_word' id='word_1_561' title='bbox 1790 3844 1975 3912; x_wconf 86' lang='lat' dir='ltr'><strong>populc</strong></span> 
     </span>
    </p>
   </div>
   <div class='ocr_carea' id='block_1_75' title="bbox 2079 3836 3673 3917">
    <p class='ocr_par' dir='ltr' id='par_1_75' title="bbox 2096 3837 3673 3917">
     <span class='ocr_line' id='line_1_75' title="bbox 2096 3837 3673 3917; baseline -0.004 -18"><span class='ocrx_word' id='word_1_562' title='bbox 2096 3845 2231 3917; x_wconf 88' lang='grc' dir='ltr'>μόνη</span> <span class='ocrx_word' id='word_1_563' title='bbox 2289 3845 2383 3899; x_wconf 75' lang='grc' dir='ltr'>καὶ</span> <span class='ocrx_word' id='word_1_564' title='bbox 2418 3844 2716 3915; x_wconf 74' lang='grc' dir='ltr'>προσευχήο</span> <span class='ocrx_word' id='word_1_565' title='bbox 2759 3842 3087 3915; x_wconf 82' lang='grc' dir='ltr'>προστάττει</span> <span class='ocrx_word' id='word_1_566' title='bbox 3113 3840 3246 3904; x_wconf 76' lang='grc' dir='ltr'>Θεὸς</span> <span class='ocrx_word' id='word_1_567' title='bbox 3272 3840 3349 3909; x_wconf 84' lang='grc' dir='ltr'>τῷ</span> <span class='ocrx_word' id='word_1_568' title='bbox 3382 3837 3637 3909; x_wconf 62' lang='grc' dir='ltr'>προφήτῃ</span> <span class='ocrx_word' id='word_1_569' title='bbox 3659 3875 3673 3893; x_wconf 91' lang='grc'><strong>.</strong></span> 
     </span>
    </p>
   </div>
   <div class='ocr_carea' id='block_1_76' title="bbox 405 3925 1975 4006">
    <p class='ocr_par' dir='ltr' id='par_1_76' title="bbox 405 3931 1975 4002">
     <span class='ocr_line' id='line_1_76' title="bbox 405 3931 1975 4002; baseline 0.004 -21"><span class='ocrx_word' id='word_1_570' title='bbox 405 3941 529 3982; x_wconf 85' lang='lat' dir='ltr'>meo</span> <span class='ocrx_word' id='word_1_571' title='bbox 563 3941 781 4001; x_wconf 83' lang='lat' dir='ltr'><strong>peccata</strong></span> <span class='ocrx_word' id='word_1_572' title='bbox 804 3946 926 3997; x_wconf 79' lang='lat' dir='ltr'><strong>sua,</strong></span> <span class='ocrx_word' id='word_1_573' title='bbox 951 3942 1003 3987; x_wconf 92' lang='lat' dir='ltr'>et</span> <span class='ocrx_word' id='word_1_574' title='bbox 1031 3932 1214 3986; x_wconf 87' lang='lat' dir='ltr'><strong>domui</strong></span> <span class='ocrx_word' id='word_1_575' title='bbox 1242 3931 1410 3988; x_wconf 83' lang='lat' dir='ltr'><strong>Jacob</strong></span> <span class='ocrx_word' id='word_1_576' title='bbox 1443 3934 1754 4002; x_wconf 84' lang='lat' dir='ltr'><strong>iniquitates</strong></span> <span class='ocrx_word' id='word_1_577' title='bbox 1774 3949 1919 3990; x_wconf 88' lang='lat' dir='ltr'><strong>suas.</strong></span> <span class='ocrx_word' id='word_1_578' title='bbox 1955 3954 1975 3988; x_wconf 71' lang='grc' dir='ltr'>ι</span> 
     </span>
    </p>
   </div>
   <div class='ocr_carea' id='block_1_77' title="bbox 2079 3925 3676 4006">
    <p class='ocr_par' dir='ltr' id='par_1_77' title="bbox 2090 3925 3676 4006">
     <span class='ocr_line' id='line_1_77' title="bbox 2090 3925 3676 4006; baseline -0.009 -15"><span class='ocrx_word' id='word_1_579' title='bbox 2090 3937 2286 4006; x_wconf 83' lang='grc' dir='ltr'>λέγων·</span> <span class='ocrx_word' id='word_1_580' title='bbox 2323 3957 2340 3989; x_wconf 83' lang='grc' dir='ltr'>ι</span> <span class='ocrx_word' id='word_1_581' title='bbox 2366 3935 2695 4005; x_wconf 80' lang='grc' dir='ltr'>Ἀναϐόησον</span> <span class='ocrx_word' id='word_1_582' title='bbox 2716 3936 2774 3987; x_wconf 77' lang='grc' dir='ltr'>ὲν</span> <span class='ocrx_word' id='word_1_583' title='bbox 2801 3933 2965 4004; x_wconf 79' lang='grc' dir='ltr'>ἰσχύϊ,</span> <span class='ocrx_word' id='word_1_584' title='bbox 3000 3932 3187 4004; x_wconf 75' lang='grc' dir='ltr'>καὶμὴ</span> <span class='ocrx_word' id='word_1_585' title='bbox 3218 3931 3379 4004; x_wconf 79' lang='grc' dir='ltr'>φείσῃ</span> <span class='ocrx_word' id='word_1_586' title='bbox 3396 3947 3410 3960; x_wconf 88' lang='grc'><strong>·</strong></span> <span class='ocrx_word' id='word_1_587' title='bbox 3446 3928 3523 3991; x_wconf 83' lang='grc' dir='ltr'>ὠς</span> <span class='ocrx_word' id='word_1_588' title='bbox 3544 3925 3676 3978; x_wconf 49' lang='grc' dir='ltr'>σαλ-</span> 
     </span>
    </p>
   </div>
   <div class='ocr_carea' id='block_1_78' title="bbox 402 4017 1975 4097">
    <p class='ocr_par' dir='ltr' id='par_1_78' title="bbox 402 4017 1975 4094">
     <span class='ocr_line' id='line_1_78' title="bbox 402 4017 1975 4094; baseline 0.005 -21"><span class='ocrx_word' id='word_1_589' title='bbox 402 4017 522 4074; x_wconf 83' lang='grc' dir='ltr'>Νοη</span> <span class='ocrx_word' id='word_1_590' title='bbox 566 4021 800 4087; x_wconf 83' lang='lat' dir='ltr'><strong>occnlte,</strong></span> <span class='ocrx_word' id='word_1_591' title='bbox 844 4023 1038 4092; x_wconf 85' lang='lat' dir='ltr'><strong>inquit,</strong></span> <span class='ocrx_word' id='word_1_592' title='bbox 1087 4038 1184 4078; x_wconf 91' lang='lat' dir='ltr'>nec</span> <span class='ocrx_word' id='word_1_593' title='bbox 1246 4025 1300 4078; x_wconf 88' lang='lat' dir='ltr'>in</span> <span class='ocrx_word' id='word_1_594' title='bbox 1366 4024 1688 4079; x_wconf 85' lang='lat' dir='ltr'><strong>abscondito</strong></span> <span class='ocrx_word' id='word_1_595' title='bbox 1757 4025 1975 4094; x_wconf 86' lang='lat' dir='ltr'><strong>loquere</strong></span> 
     </span>
    </p>
   </div>
   <div class='ocr_carea' id='block_1_79' title="bbox 2079 4017 3676 4097">
    <p class='ocr_par' dir='ltr' id='par_1_79' title="bbox 2096 4017 3676 4097">
     <span class='ocr_line' id='line_1_79' title="bbox 2096 4017 3676 4097; baseline -0.01 -14"><span class='ocrx_word' id='word_1_596' title='bbox 2096 4045 2268 4097; x_wconf 83' lang='grc' dir='ltr'>πιγγα</span> <span class='ocrx_word' id='word_1_597' title='bbox 2299 4026 2513 4097; x_wconf 74' lang='grc' dir='ltr'>ῦψωσον</span> <span class='ocrx_word' id='word_1_598' title='bbox 2554 4026 2654 4097; x_wconf 84' lang='grc' dir='ltr'>τὴν</span> <span class='ocrx_word' id='word_1_599' title='bbox 2684 4026 2868 4096; x_wconf 84' lang='grc' dir='ltr'>φωνήν</span> <span class='ocrx_word' id='word_1_600' title='bbox 2900 4041 3017 4091; x_wconf 71' lang='grc' dir='ltr'>σου,</span> <span class='ocrx_word' id='word_1_601' title='bbox 3067 4025 3165 4078; x_wconf 73' lang='grc' dir='ltr'>καὶ</span> <span class='ocrx_word' id='word_1_602' title='bbox 3220 4020 3540 4090; x_wconf 82' lang='grc' dir='ltr'>ἀνὰγγειλον</span> <span class='ocrx_word' id='word_1_603' title='bbox 3593 4017 3676 4084; x_wconf 62' lang='grc' dir='ltr'>τῷ</span> 
     </span>
    </p>
   </div>
   <div class='ocr_carea' id='block_1_80' title="bbox 402 4109 1975 4189">
    <p class='ocr_par' dir='ltr' id='par_1_80' title="bbox 402 4112 1975 4188">
     <span class='ocr_line' id='line_1_80' title="bbox 402 4112 1975 4188; baseline 0.004 -22"><span class='ocrx_word' id='word_1_604' title='bbox 402 4112 694 4183; x_wconf 83' lang='lat' dir='ltr'><strong>aliquibus,</strong></span> <span class='ocrx_word' id='word_1_605' title='bbox 740 4115 904 4184; x_wconf 79' lang='lat'>813</span> <span class='ocrx_word' id='word_1_606' title='bbox 954 4115 1051 4171; x_wconf 86' lang='lat' dir='ltr'>sed</span> <span class='ocrx_word' id='word_1_607' title='bbox 1092 4116 1304 4169; x_wconf 73' lang='lat' dir='ltr'><strong>intonsa</strong></span> <span class='ocrx_word' id='word_1_608' title='bbox 1354 4126 1410 4171; x_wconf 89' lang='lat' dir='ltr'>et</span> <span class='ocrx_word' id='word_1_609' title='bbox 1454 4118 1594 4171; x_wconf 83' lang='lat' dir='ltr'><strong>elata</strong></span> <span class='ocrx_word' id='word_1_610' title='bbox 1624 4133 1757 4173; x_wconf 88' lang='lat' dir='ltr'><strong>voce</strong></span> <span class='ocrx_word' id='word_1_611' title='bbox 1804 4120 1975 4188; x_wconf 87' lang='lat' dir='ltr'><strong>potius</strong></span> 
     </span>
    </p>
   </div>
   <div class='ocr_carea' id='block_1_81' title="bbox 2079 4109 3674 4189">
    <p class='ocr_par' dir='ltr' id='par_1_81' title="bbox 2079 4109 3674 4189">
     <span class='ocr_line' id='line_1_81' title="bbox 2079 4109 3674 4189; baseline -0.006 -17"><span class='ocrx_word' id='word_1_612' title='bbox 2079 4117 2189 4189; x_wconf 80' lang='grc' dir='ltr'>λαῷ</span> <span class='ocrx_word' id='word_1_613' title='bbox 2222 4134 2320 4188; x_wconf 88' lang='grc' dir='ltr'>μου</span> <span class='ocrx_word' id='word_1_614' title='bbox 2340 4118 2408 4169; x_wconf 79' lang='grc' dir='ltr'>τὰ</span> <span class='ocrx_word' id='word_1_615' title='bbox 2432 4117 2804 4186; x_wconf 82' lang='grc' dir='ltr'>ἁμαρτήματα</span> <span class='ocrx_word' id='word_1_616' title='bbox 2820 4114 3019 4170; x_wconf 75' lang='grc' dir='ltr'>αὐτῶν.</span> <span class='ocrx_word' id='word_1_617' title='bbox 3049 4133 3068 4164; x_wconf 74' lang='grc' dir='ltr'>ι</span> <span class='ocrx_word' id='word_1_618' title='bbox 3091 4115 3182 4184; x_wconf 80' lang='grc' dir='ltr'>Μὴ</span> <span class='ocrx_word' id='word_1_619' title='bbox 3213 4114 3325 4184; x_wconf 76' lang='grc' dir='ltr'>γὰρ</span> <span class='ocrx_word' id='word_1_620' title='bbox 3362 4112 3425 4182; x_wconf 79' lang='grc' dir='ltr'>δή</span> <span class='ocrx_word' id='word_1_621' title='bbox 3454 4109 3674 4177; x_wconf 76' lang='grc' dir='ltr'>λεληθό-</span> 
     </span>
    </p>
   </div>
   <div class='ocr_carea' id='block_1_82' title="bbox 404 4202 1975 4280">
    <p class='ocr_par' dir='ltr' id='par_1_82' title="bbox 404 4206 1975 4280">
     <span class='ocr_line' id='line_1_82' title="bbox 404 4206 1975 4280; baseline 0.004 -22"><span class='ocrx_word' id='word_1_622' title='bbox 404 4212 575 4269; x_wconf 88' lang='lat' dir='ltr'><strong>utere,</strong></span> <span class='ocrx_word' id='word_1_623' title='bbox 606 4215 663 4261; x_wconf 90' lang='lat' dir='ltr'>et</span> <span class='ocrx_word' id='word_1_624' title='bbox 691 4207 837 4260; x_wconf 89' lang='lat' dir='ltr'><strong>omni</strong></span> <span class='ocrx_word' id='word_1_625' title='bbox 880 4206 1128 4261; x_wconf 87' lang='lat' dir='ltr'><strong>libertate</strong></span> <span class='ocrx_word' id='word_1_626' title='bbox 1154 4207 1530 4277; x_wconf 88' lang='lat' dir='ltr'><strong>delinquentes</strong></span> <span class='ocrx_word' id='word_1_627' title='bbox 1587 4210 1871 4280; x_wconf 80' lang='lat' dir='ltr'><strong>redargue.</strong></span> <span class='ocrx_word' id='word_1_628' title='bbox 1915 4210 1975 4266; x_wconf 86' lang='lat' dir='ltr'>Et</span> 
     </span>
    </p>
   </div>
   <div class='ocr_carea' id='block_1_83' title="bbox 2079 4202 3666 4280">
    <p class='ocr_par' dir='ltr' id='par_1_83' title="bbox 2079 4202 3666 4280">
     <span class='ocr_line' id='line_1_83' title="bbox 2079 4202 3666 4280; baseline -0.006 -17"><span class='ocrx_word' id='word_1_629' title='bbox 2079 4227 2212 4273; x_wconf 86' lang='grc' dir='ltr'>τως,</span> <span class='ocrx_word' id='word_1_630' title='bbox 2277 4210 2432 4280; x_wconf 77' lang='grc' dir='ltr'>φησὶ,</span> <span class='ocrx_word' id='word_1_631' title='bbox 2489 4209 2627 4278; x_wconf 86' lang='grc' dir='ltr'>μήτε</span> <span class='ocrx_word' id='word_1_632' title='bbox 2676 4206 2783 4277; x_wconf 83' lang='grc' dir='ltr'>μὴν</span> <span class='ocrx_word' id='word_1_633' title='bbox 2835 4209 2893 4261; x_wconf 87' lang='grc' dir='ltr'>ὲν</span> <span class='ocrx_word' id='word_1_634' title='bbox 2953 4207 3289 4278; x_wconf 76' lang='grc' dir='ltr'>παραϐύστῳ</span> <span class='ocrx_word' id='word_1_635' title='bbox 3333 4204 3482 4258; x_wconf 80' lang='grc' dir='ltr'>λάλει</span> <span class='ocrx_word' id='word_1_636' title='bbox 3521 4202 3666 4254; x_wconf 86' lang='grc' dir='ltr'>τισί·</span> 
     </span>
    </p>
   </div>
   <div class='ocr_carea' id='block_1_84' title="bbox 403 4294 1975 4371">
    <p class='ocr_par' dir='ltr' id='par_1_84' title="bbox 403 4294 1971 4365">
     <span class='ocr_line' id='line_1_84' title="bbox 403 4294 1971 4365; baseline 0.002 -17"><span class='ocrx_word' id='word_1_637' title='bbox 403 4294 615 4349; x_wconf 86' lang='lat' dir='ltr'><strong>discant</strong></span> <span class='ocrx_word' id='word_1_638' title='bbox 662 4310 761 4350; x_wconf 90' lang='lat' dir='ltr'>sua</span> <span class='ocrx_word' id='word_1_639' title='bbox 806 4296 1025 4361; x_wconf 89' lang='lat' dir='ltr'><strong>delicta,</strong></span> <span class='ocrx_word' id='word_1_640' title='bbox 1064 4305 1120 4351; x_wconf 92' lang='lat' dir='ltr'>et</span> <span class='ocrx_word' id='word_1_641' title='bbox 1168 4309 1199 4349; x_wconf 73' lang='grc' dir='ltr'><strong><em>ι</em></strong></span> <span class='ocrx_word' id='word_1_642' title='bbox 1229 4295 1428 4365; x_wconf 87' lang='lat' dir='ltr'><strong>quibus</strong></span> <span class='ocrx_word' id='word_1_643' title='bbox 1470 4298 1854 4353; x_wconf 84' lang='lat' dir='ltr'><strong>abstinendum</strong></span> <span class='ocrx_word' id='word_1_644' title='bbox 1877 4301 1971 4363; x_wconf 89' lang='lat' dir='ltr'><strong>sit,</strong></span> 
     </span>
    </p>
   </div>
   <div class='ocr_carea' id='block_1_85' title="bbox 2079 4294 3674 4371">
    <p class='ocr_par' dir='ltr' id='par_1_85' title="bbox 2085 4295 3674 4371">
     <span class='ocr_line' id='line_1_85' title="bbox 2085 4295 3674 4371; baseline -0.001 -18"><span class='ocrx_word' id='word_1_645' title='bbox 2085 4301 2324 4371; x_wconf 81' lang='grc' dir='ltr'>κέχρησο</span> <span class='ocrx_word' id='word_1_646' title='bbox 2347 4299 2404 4352; x_wconf 78' lang='grc' dir='ltr'>δὲ</span> <span class='ocrx_word' id='word_1_647' title='bbox 2436 4298 2636 4370; x_wconf 83' lang='grc' dir='ltr'>μᾶλλον</span> <span class='ocrx_word' id='word_1_648' title='bbox 2667 4298 2844 4369; x_wconf 68' lang='grc' dir='ltr'>ὑψηλῇ</span> <span class='ocrx_word' id='word_1_649' title='bbox 2878 4315 2986 4351; x_wconf 90' lang='grc' dir='ltr'>τινι</span> <span class='ocrx_word' id='word_1_650' title='bbox 3037 4297 3130 4350; x_wconf 71' lang='grc' dir='ltr'>καὶ</span> <span class='ocrx_word' id='word_1_651' title='bbox 3185 4295 3472 4368; x_wconf 73' lang='grc' dir='ltr'>ἐπηρμένη</span> <span class='ocrx_word' id='word_1_652' title='bbox 3499 4295 3674 4362; x_wconf 74' lang='grc' dir='ltr'>φωνῇ.</span> 
     </span>
    </p>
   </div>
   <div class='ocr_carea' id='block_1_86' title="bbox 401 4383 1975 4461">
    <p class='ocr_par' dir='ltr' id='par_1_86' title="bbox 401 4385 1975 4460">
     <span class='ocr_line' id='line_1_86' title="bbox 401 4385 1975 4460; baseline 0.004 -22"><span class='ocrx_word' id='word_1_653' title='bbox 401 4385 667 4455; x_wconf 76' lang='lat' dir='ltr'><strong>siquidem</strong></span> <span class='ocrx_word' id='word_1_654' title='bbox 701 4388 865 4442; x_wconf 78' lang='lat' dir='ltr'><strong>velint</strong></span> <span class='ocrx_word' id='word_1_655' title='bbox 891 4388 1031 4458; x_wconf 86' lang='lat' dir='ltr'><strong>apud</strong></span> <span class='ocrx_word' id='word_1_656' title='bbox 1058 4389 1223 4444; x_wconf 87' lang='lat' dir='ltr'><strong>Deum</strong></span> <span class='ocrx_word' id='word_1_657' title='bbox 1265 4388 1318 4442; x_wconf 90' lang='lat' dir='ltr'>in</span> <span class='ocrx_word' id='word_1_658' title='bbox 1353 4389 1535 4460; x_wconf 87' lang='lat' dir='ltr'><strong>aliquo</strong></span> <span class='ocrx_word' id='word_1_659' title='bbox 1556 4405 1678 4446; x_wconf 82' lang='lat' dir='ltr'><strong>esse</strong></span> <span class='ocrx_word' id='word_1_660' title='bbox 1703 4392 1898 4460; x_wconf 90' lang='lat' dir='ltr'><strong>pretio,</strong></span> <span class='ocrx_word' id='word_1_661' title='bbox 1924 4401 1975 4446; x_wconf 92' lang='lat' dir='ltr'>et</span> 
     </span>
    </p>
   </div>
   <div class='ocr_carea' id='block_1_87' title="bbox 2079 4383 3675 4461">
    <p class='ocr_par' dir='ltr' id='par_1_87' title="bbox 2079 4383 3675 4461">
     <span class='ocr_line' id='line_1_87' title="bbox 2079 4383 3675 4461; baseline -0.008 -17"><span class='ocrx_word' id='word_1_662' title='bbox 2079 4391 2167 4444; x_wconf 71' lang='grc' dir='ltr'>καὶ</span> <span class='ocrx_word' id='word_1_663' title='bbox 2195 4391 2252 4442; x_wconf 87' lang='grc' dir='ltr'>ἐν</span> <span class='ocrx_word' id='word_1_664' title='bbox 2286 4390 2433 4461; x_wconf 82' lang='grc' dir='ltr'>πάσῃ</span> <span class='ocrx_word' id='word_1_665' title='bbox 2460 4387 2745 4461; x_wconf 76' lang='grc' dir='ltr'>παρρησίᾳ</span> <span class='ocrx_word' id='word_1_666' title='bbox 2783 4390 2910 4451; x_wconf 75' lang='grc' dir='ltr'>τοὺς</span> <span class='ocrx_word' id='word_1_667' title='bbox 2947 4385 3407 4458; x_wconf 76' lang='grc' dir='ltr'>πλημμεὶοῦντας</span> <span class='ocrx_word' id='word_1_668' title='bbox 3451 4383 3675 4461; x_wconf 51' lang='grc' dir='ltr'>ἔλεγχε,</span> 
     </span>
    </p>
   </div>
   <div class='ocr_carea' id='block_1_88' title="bbox 401 4451 1975 4553">
    <p class='ocr_par' dir='ltr' id='par_1_88' title="bbox 401 4473 1323 4548">
     <span class='ocr_line' id='line_1_88' title="bbox 401 4473 1323 4548; baseline 0.005 -19"><span class='ocrx_word' id='word_1_669' title='bbox 401 4473 519 4543; x_wconf 84' lang='lat' dir='ltr'><strong>ejus</strong></span> <span class='ocrx_word' id='word_1_670' title='bbox 572 4478 715 4548; x_wconf 78' lang='lat' dir='ltr'><strong>digni</strong></span> <span class='ocrx_word' id='word_1_671' title='bbox 768 4494 891 4534; x_wconf 87' lang='lat' dir='ltr'><strong>esse</strong></span> <span class='ocrx_word' id='word_1_672' title='bbox 928 4478 1323 4534; x_wconf 76' lang='lat' dir='ltr'><strong>misericordia.</strong></span> 
     </span>
    </p>
   </div>
   <div class='ocr_carea' id='block_1_89' title="bbox 2079 4451 3680 4553">
    <p class='ocr_par' dir='ltr' id='par_1_89' title="bbox 2079 4451 3680 4553">
     <span class='ocr_line' id='line_1_89' title="bbox 2079 4451 3680 4553; baseline -0.006 -17"><span class='ocrx_word' id='word_1_673' title='bbox 2079 4482 2169 4536; x_wconf 72' lang='grc' dir='ltr'>καὶ</span> <span class='ocrx_word' id='word_1_674' title='bbox 2198 4451 2647 4553; x_wconf 43' lang='grc' dir='ltr'>μανθανέτωσαν·</span> <span class='ocrx_word' id='word_1_675' title='bbox 2666 4451 2877 4534; x_wconf 72' lang='grc' dir='ltr'>ἑαυτῶν</span> <span class='ocrx_word' id='word_1_676' title='bbox 2931 4484 3001 4533; x_wconf 75' lang='grc' dir='ltr'>τὰ</span> <span class='ocrx_word' id='word_1_677' title='bbox 3046 4451 3519 4550; x_wconf 64' lang='grc' dir='ltr'>πλημμελήματα,</span> <span class='ocrx_word' id='word_1_678' title='bbox 3585 4451 3680 4526; x_wconf 67' lang='grc' dir='ltr'>καὶ</span> 
     </span>
    </p>
   </div>
   <div class='ocr_carea' id='block_1_90' title="bbox 404 4560 3683 4650">
    <p class='ocr_par' dir='ltr' id='par_1_90' title="bbox 404 4560 3683 4650">
     <span class='ocr_line' id='line_1_90' title="bbox 404 4560 3683 4650; baseline 0.003 -27"><span class='ocrx_word' id='word_1_679' title='bbox 404 4563 481 4624; x_wconf 82' lang='grc' dir='ltr'>ὧν</span> <span class='ocrx_word' id='word_1_680' title='bbox 540 4571 877 4642; x_wconf 83' lang='grc' dir='ltr'>ἀποσχέσθαι</span> <span class='ocrx_word' id='word_1_681' title='bbox 941 4573 1097 4644; x_wconf 81' lang='grc' dir='ltr'>χρῆν,</span> <span class='ocrx_word' id='word_1_682' title='bbox 1148 4573 1307 4646; x_wconf 76' lang='grc' dir='ltr'>εἴπερ</span> <span class='ocrx_word' id='word_1_683' title='bbox 1376 4574 1569 4646; x_wconf 78' lang='grc' dir='ltr'>ήθε).ον</span> <span class='ocrx_word' id='word_1_684' title='bbox 1635 4560 1775 4631; x_wconf 82' lang='grc' dir='ltr'>εἶναι</span> <span class='ocrx_word' id='word_1_685' title='bbox 1832 4576 1983 4650; x_wconf 87' lang='grc' dir='ltr'>παρά</span> <span class='ocrx_word' id='word_1_686' title='bbox 2057 4575 2178 4648; x_wconf 80' lang='grc' dir='ltr'>Θεῷ</span> <span class='ocrx_word' id='word_1_687' title='bbox 2239 4576 2444 4647; x_wconf 80' lang='grc' dir='ltr'>τίμιοι,</span> <span class='ocrx_word' id='word_1_688' title='bbox 2494 4575 2591 4628; x_wconf 77' lang='lat' dir='ltr'><strong>xal</strong></span> <span class='ocrx_word' id='word_1_689' title='bbox 2633 4572 2848 4645; x_wconf 81' lang='grc' dir='ltr'>φειδοῦς</span> <span class='ocrx_word' id='word_1_690' title='bbox 2885 4572 3029 4639; x_wconf 80' lang='grc' dir='ltr'>ἄξιοι</span> <span class='ocrx_word' id='word_1_691' title='bbox 3061 4577 3174 4636; x_wconf 84' lang='grc' dir='ltr'>τοῖς</span> <span class='ocrx_word' id='word_1_692' title='bbox 3205 4571 3335 4645; x_wconf 84' lang='grc' dir='ltr'>[ισ.</span> <span class='ocrx_word' id='word_1_693' title='bbox 3365 4567 3509 4640; x_wconf 68' lang='grc' dir='ltr'>τῆς]</span> <span class='ocrx_word' id='word_1_694' title='bbox 3546 4568 3683 4639; x_wconf 78' lang='grc' dir='ltr'>παρ’</span> 
     </span>
    </p>
   </div>
   <div class='ocr_carea' id='block_1_91' title="bbox 404 4656 589 4711">
    <p class='ocr_par' dir='ltr' id='par_1_91' title="bbox 404 4656 589 4711">
     <span class='ocr_line' id='line_1_91' title="bbox 404 4656 589 4711; baseline -0.016 0"><span class='ocrx_word' id='word_1_695' title='bbox 404 4656 589 4711; x_wconf 81' lang='grc' dir='ltr'>αὐτοῦ.</span> 
     </span>
    </p>
   </div>
   <div class='ocr_carea' id='block_1_92' title="bbox 479 4747 1975 4824">
    <p class='ocr_par' dir='ltr' id='par_1_92' title="bbox 479 4747 1975 4824">
     <span class='ocr_line' id='line_1_92' title="bbox 479 4747 1975 4824; baseline 0.004 -21"><span class='ocrx_word' id='word_1_696' title='bbox 479 4749 641 4803; x_wconf 72' lang='lat' dir='ltr'><strong>Vens.</strong></span> <span class='ocrx_word' id='word_1_697' title='bbox 670 4747 725 4801; x_wconf 73' lang='lat'><strong>2.</strong></span> <span class='ocrx_word' id='word_1_698' title='bbox 752 4747 839 4802; x_wconf 74' lang='lat' dir='ltr'><strong>Mc</strong></span> <span class='ocrx_word' id='word_1_699' title='bbox 871 4750 935 4803; x_wconf 80' lang='lat' dir='ltr'>de</span> <span class='ocrx_word' id='word_1_700' title='bbox 963 4750 1048 4804; x_wconf 81' lang='lat' dir='ltr'>die</span> <span class='ocrx_word' id='word_1_701' title='bbox 1080 4750 1133 4805; x_wconf 85' lang='lat' dir='ltr'><strong>in</strong></span> <span class='ocrx_word' id='word_1_702' title='bbox 1167 4751 1304 4805; x_wconf 82' lang='lat' dir='ltr'><strong>diem</strong></span> <span class='ocrx_word' id='word_1_703' title='bbox 1336 4764 1597 4824; x_wconf 75' lang='lat' dir='ltr'><strong>qua&#39;rtml,</strong></span> <span class='ocrx_word' id='word_1_704' title='bbox 1627 4765 1674 4809; x_wconf 82' lang='lat' dir='ltr'>et</span> <span class='ocrx_word' id='word_1_705' title='bbox 1708 4757 1841 4811; x_wconf 80' lang='lat' dir='ltr'><strong>scire</strong></span> <span class='ocrx_word' id='word_1_706' title='bbox 1876 4756 1975 4811; x_wconf 73' lang='lat' dir='ltr'><strong>via:</strong></span> 
     </span>
    </p>
   </div>
   <div class='ocr_carea' id='block_1_93' title="bbox 2079 4747 3685 4824">
    <p class='ocr_par' dir='ltr' id='par_1_93' title="bbox 2173 4748 3685 4820">
     <span class='ocr_line' id='line_1_93' title="bbox 2173 4748 3685 4820; baseline -0.001 -16"><span class='ocrx_word' id='word_1_707' title='bbox 2173 4749 2313 4819; x_wconf 72' lang='grc' dir='ltr'>Ἰἰμὲ</span> <span class='ocrx_word' id='word_1_708' title='bbox 2341 4748 2569 4819; x_wconf 76' lang='grc' dir='ltr'>ἡμέραν</span> <span class='ocrx_word' id='word_1_709' title='bbox 2597 4749 2667 4813; x_wconf 77' lang='grc' dir='ltr'>ἐξ</span> <span class='ocrx_word' id='word_1_710' title='bbox 2716 4750 2940 4820; x_wconf 78' lang='grc' dir='ltr'>ἡμέρας</span> <span class='ocrx_word' id='word_1_711' title='bbox 2980 4749 3244 4819; x_wconf 79' lang='grc' dir='ltr'>ζητοῦσι,</span> <span class='ocrx_word' id='word_1_712' title='bbox 3295 4750 3396 4804; x_wconf 77' lang='grc' dir='ltr'>καί</span> <span class='ocrx_word' id='word_1_713' title='bbox 3456 4748 3685 4819; x_wconf 71' lang='grc' dir='ltr'>γνῶναί</span> 
     </span>
    </p>
   </div>
   <div class='ocr_carea' id='block_1_94' title="bbox 404 4840 1975 4916">
    <p class='ocr_par' dir='ltr' id='par_1_94' title="bbox 404 4840 1975 4916">
     <span class='ocr_line' id='line_1_94' title="bbox 404 4840 1975 4916; baseline 0.003 -22"><span class='ocrx_word' id='word_1_714' title='bbox 404 4858 546 4896; x_wconf 70' lang='lat' dir='ltr'><strong>mea:</strong></span> <span class='ocrx_word' id='word_1_715' title='bbox 581 4841 820 4909; x_wconf 74' lang='lat' dir='ltr'><strong>cupiunt,</strong></span> <span class='ocrx_word' id='word_1_716' title='bbox 848 4840 999 4907; x_wconf 76' lang='lat' dir='ltr'><strong>quasi</strong></span> <span class='ocrx_word' id='word_1_717' title='bbox 1033 4842 1257 4911; x_wconf 75' lang='lat' dir='ltr'><strong>populus</strong></span> <span class='ocrx_word' id='word_1_718' title='bbox 1288 4844 1377 4913; x_wconf 83' lang='lat' dir='ltr'>qui</span> <span class='ocrx_word' id='word_1_719' title='bbox 1406 4844 1674 4913; x_wconf 74' lang='lat' dir='ltr'><strong>justitiam</strong></span> <span class='ocrx_word' id='word_1_720' title='bbox 1711 4847 1911 4916; x_wconf 74' lang='lat' dir='ltr'><strong>fecerit,</strong></span> <span class='ocrx_word' id='word_1_721' title='bbox 1944 4863 1975 4900; x_wconf 13' lang='lat' dir='ltr'>ei</span> 
     </span>
    </p>
   </div>
   <div class='ocr_carea' id='block_1_95' title="bbox 2079 4840 3685 4916">
    <p class='ocr_par' dir='ltr' id='par_1_95' title="bbox 2087 4841 3685 4913">
     <span class='ocr_line' id='line_1_95' title="bbox 2087 4841 3685 4913; baseline -0.003 -16"><span class='ocrx_word' id='word_1_722' title='bbox 2087 4861 2210 4913; x_wconf 81' lang='grc' dir='ltr'>μου</span> <span class='ocrx_word' id='word_1_723' title='bbox 2228 4842 2334 4908; x_wconf 85' lang='grc' dir='ltr'>τὰς</span> <span class='ocrx_word' id='word_1_724' title='bbox 2357 4841 2540 4910; x_wconf 73' lang='grc' dir='ltr'>ὁδοὺς</span> <span class='ocrx_word' id='word_1_725' title='bbox 2569 4843 2989 4913; x_wconf 46' lang='grc' dir='ltr'>ἐπιθυμοῦσιν,</span> <span class='ocrx_word' id='word_1_726' title='bbox 3011 4844 3088 4911; x_wconf 84' lang='grc' dir='ltr'>ὡς</span> <span class='ocrx_word' id='word_1_727' title='bbox 3115 4842 3267 4909; x_wconf 71' lang='grc' dir='ltr'>λαός</span> <span class='ocrx_word' id='word_1_728' title='bbox 3287 4841 3685 4908; x_wconf 73' lang='grc' dir='ltr'>δικαιοσύνην</span> 
     </span>
    </p>
   </div>
   <div class='ocr_carea' id='block_1_96' title="bbox 400 4931 1975 5005">
    <p class='ocr_par' dir='ltr' id='par_1_96' title="bbox 400 4931 1286 5004">
     <span class='ocr_line' id='line_1_96' title="bbox 400 4931 1286 5004; baseline 0.003 -20"><span class='ocrx_word' id='word_1_729' title='bbox 400 4933 664 5001; x_wconf 74' lang='lat' dir='ltr'><strong>judicium</strong></span> <span class='ocrx_word' id='word_1_730' title='bbox 696 4931 790 4986; x_wconf 81' lang='lat' dir='ltr'>Dei</span> <span class='ocrx_word' id='word_1_731' title='bbox 819 4932 899 4986; x_wconf 76' lang='lat' dir='ltr'>sui</span> <span class='ocrx_word' id='word_1_732' title='bbox 928 4931 1286 5004; x_wconf 77' lang='lat' dir='ltr'><strong>dereliquerit.</strong></span> 
     </span>
    </p>
   </div>
   <div class='ocr_carea' id='block_1_97' title="bbox 2079 4931 3686 5005">
    <p class='ocr_par' dir='ltr' id='par_1_97' title="bbox 2095 4933 3686 5005">
     <span class='ocr_line' id='line_1_97' title="bbox 2095 4933 3686 5005; baseline -0.002 -16"><span class='ocrx_word' id='word_1_733' title='bbox 2095 4934 2455 5002; x_wconf 80' lang='grc' dir='ltr'>πεποιηκὼς,</span> <span class='ocrx_word' id='word_1_734' title='bbox 2487 4934 2586 4989; x_wconf 77' lang='grc' dir='ltr'>καὶ</span> <span class='ocrx_word' id='word_1_735' title='bbox 2617 4937 2822 5005; x_wconf 79' lang='grc' dir='ltr'>κρίσιν</span> <span class='ocrx_word' id='word_1_736' title='bbox 2857 4936 3006 4991; x_wconf 86' lang='grc' dir='ltr'>Θεοῦ</span> <span class='ocrx_word' id='word_1_737' title='bbox 3036 4934 3223 4990; x_wconf 83' lang='grc' dir='ltr'>αὑτοῦ</span> <span class='ocrx_word' id='word_1_738' title='bbox 3246 4933 3334 5005; x_wconf 83' lang='grc' dir='ltr'>μὴ</span> <span class='ocrx_word' id='word_1_739' title='bbox 3362 4935 3686 5004; x_wconf 67' lang='grc' dir='ltr'>ἐγκαταλε-</span> 
     </span>
    </p>
   </div>
   <div class='ocr_carea' id='block_1_98' title="bbox 2091 5026 2338 5094">
    <p class='ocr_par' dir='ltr' id='par_1_98' title="bbox 2091 5026 2338 5094">
     <span class='ocr_line' id='line_1_98' title="bbox 2091 5026 2338 5094; baseline -0.008 -11"><span class='ocrx_word' id='word_1_740' title='bbox 2091 5026 2338 5094; x_wconf 70' lang='grc' dir='ltr'>λοιπώς.</span> 
     </span>
    </p>
   </div>
   <div class='ocr_carea' id='block_1_99' title="bbox 2163 5114 3685 5192">
    <p class='ocr_par' dir='ltr' id='par_1_99' title="bbox 2163 5114 3685 5192">
     <span class='ocr_line' id='line_1_99' title="bbox 2163 5114 3685 5192; baseline -0.002 -20"><span class='ocrx_word' id='word_1_741' title='bbox 2163 5119 2527 5180; x_wconf 85' lang='grc' dir='ltr'>Συνάπτουσι,</span> <span class='ocrx_word' id='word_1_742' title='bbox 2552 5120 2737 5191; x_wconf 61' lang='grc' dir='ltr'>φησιν,</span> <span class='ocrx_word' id='word_1_743' title='bbox 2761 5119 2978 5192; x_wconf 77' lang='grc' dir='ltr'>ἡμέραν</span> <span class='ocrx_word' id='word_1_744' title='bbox 3007 5119 3369 5191; x_wconf 75' lang='grc' dir='ltr'>ἡμέραις,τὴν</span> <span class='ocrx_word' id='word_1_745' title='bbox 3395 5117 3524 5190; x_wconf 77' lang='grc' dir='ltr'>παρ’</span> <span class='ocrx_word' id='word_1_746' title='bbox 3543 5114 3685 5187; x_wconf 70' lang='grc' dir='ltr'>ἐμοῦ</span> 
     </span>
    </p>
   </div>
   <div class='ocr_carea' id='block_1_100' title="bbox 407 5203 1975 5281">
    <p class='ocr_par' dir='ltr' id='par_1_100' title="bbox 407 5203 1966 5277">
     <span class='ocr_line' id='line_1_100' title="bbox 407 5203 1966 5277; baseline 0.002 -19"><span class='ocrx_word' id='word_1_747' title='bbox 407 5203 690 5272; x_wconf 74' lang='lat' dir='ltr'><strong>auxilium,</strong></span> <span class='ocrx_word' id='word_1_748' title='bbox 720 5211 775 5259; x_wconf 89' lang='lat' dir='ltr'>et</span> <span class='ocrx_word' id='word_1_749' title='bbox 807 5218 954 5259; x_wconf 76' lang='lat' dir='ltr'><strong>ineas</strong></span> <span class='ocrx_word' id='word_1_750' title='bbox 981 5203 1097 5258; x_wconf 88' lang='lat' dir='ltr'><strong>vias</strong></span> <span class='ocrx_word' id='word_1_751' title='bbox 1129 5203 1274 5261; x_wconf 88' lang='lat' dir='ltr'><strong>scire</strong></span> <span class='ocrx_word' id='word_1_752' title='bbox 1304 5209 1566 5271; x_wconf 85' lang='lat' dir='ltr'><strong>volentes,</strong></span> <span class='ocrx_word' id='word_1_753' title='bbox 1594 5207 1646 5262; x_wconf 90' lang='lat' dir='ltr'>id</span> <span class='ocrx_word' id='word_1_754' title='bbox 1679 5216 1783 5272; x_wconf 90' lang='lat' dir='ltr'><strong>est,</strong></span> <span class='ocrx_word' id='word_1_755' title='bbox 1815 5210 1966 5277; x_wconf 84' lang='lat' dir='ltr'><strong>cujus</strong></span> 
     </span>
    </p>
   </div>
   <div class='ocr_carea' id='block_1_101' title="bbox 2079 5203 3684 5281">
    <p class='ocr_par' dir='ltr' id='par_1_101' title="bbox 2100 5205 3684 5281">
     <span class='ocr_line' id='line_1_101' title="bbox 2100 5205 3684 5281; baseline -0.001 -19"><span class='ocrx_word' id='word_1_756' title='bbox 2100 5205 2393 5280; x_wconf 78' lang='grc' dir='ltr'>ζητοῦντες</span> <span class='ocrx_word' id='word_1_757' title='bbox 2422 5211 2772 5281; x_wconf 84' lang='grc' dir='ltr'>ἐπικουρίαν,</span> <span class='ocrx_word' id='word_1_758' title='bbox 2801 5211 2896 5265; x_wconf 79' lang='grc' dir='ltr'>καὶ</span> <span class='ocrx_word' id='word_1_759' title='bbox 2916 5211 3122 5278; x_wconf 83' lang='grc' dir='ltr'>γνῶναι</span> <span class='ocrx_word' id='word_1_760' title='bbox 3146 5210 3395 5272; x_wconf 78' lang='grc' dir='ltr'>θέλοντες</span> <span class='ocrx_word' id='word_1_761' title='bbox 3414 5208 3515 5271; x_wconf 84' lang='grc' dir='ltr'>τὰς</span> <span class='ocrx_word' id='word_1_762' title='bbox 3538 5206 3684 5276; x_wconf 73' lang='grc' dir='ltr'>ἐμὰς</span> 
     </span>
    </p>
   </div>
   <div class='ocr_carea' id='block_1_102' title="bbox 410 5295 1975 5373">
    <p class='ocr_par' dir='ltr' id='par_1_102' title="bbox 410 5295 1975 5368">
     <span class='ocr_line' id='line_1_102' title="bbox 410 5295 1975 5368; baseline 0.005 -23"><span class='ocrx_word' id='word_1_763' title='bbox 410 5307 517 5361; x_wconf 89' lang='lat' dir='ltr'>que</span> <span class='ocrx_word' id='word_1_764' title='bbox 546 5295 620 5348; x_wconf 89' lang='lat' dir='ltr'>rei</span> <span class='ocrx_word' id='word_1_765' title='bbox 652 5295 1198 5353; x_wconf 84' lang='lat' dir='ltr'><strong>administrationem.</strong></span> <span class='ocrx_word' id='word_1_766' title='bbox 1230 5298 1377 5353; x_wconf 88' lang='lat' dir='ltr'><strong>Bello</strong></span> <span class='ocrx_word' id='word_1_767' title='bbox 1408 5298 1552 5353; x_wconf 90' lang='lat' dir='ltr'><strong>enim</strong></span> <span class='ocrx_word' id='word_1_768' title='bbox 1584 5298 1823 5368; x_wconf 88' lang='lat' dir='ltr'><strong>undique</strong></span> <span class='ocrx_word' id='word_1_769' title='bbox 1857 5316 1975 5355; x_wconf 26' lang='lat' dir='ltr'><strong>nunt</strong></span> 
     </span>
    </p>
   </div>
   <div class='ocr_carea' id='block_1_103' title="bbox 2079 5295 3753 5373">
    <p class='ocr_par' dir='ltr' id='par_1_103' title="bbox 2093 5298 3753 5373">
     <span class='ocr_line' id='line_1_103' title="bbox 2093 5298 3753 5373; baseline -0.001 -21"><span class='ocrx_word' id='word_1_770' title='bbox 2093 5299 2270 5366; x_wconf 75' lang='grc' dir='ltr'>ὁδοὺς,</span> <span class='ocrx_word' id='word_1_771' title='bbox 2300 5301 2545 5355; x_wconf 79' lang='grc' dir='ltr'>τουτέστι</span> <span class='ocrx_word' id='word_1_772' title='bbox 2582 5302 2681 5365; x_wconf 72' lang='grc' dir='ltr'>τὰς</span> <span class='ocrx_word' id='word_1_773' title='bbox 2709 5303 2792 5370; x_wconf 72' lang='grc' dir='ltr'>ἐφ’</span> <span class='ocrx_word' id='word_1_774' title='bbox 2810 5302 3027 5372; x_wconf 79' lang='grc' dir='ltr'>ἑκάστῳ</span> <span class='ocrx_word' id='word_1_775' title='bbox 3049 5301 3337 5373; x_wconf 78' lang='grc' dir='ltr'>πράγματι</span> <span class='ocrx_word' id='word_1_776' title='bbox 3356 5298 3678 5367; x_wconf 79' lang='grc' dir='ltr'>διοικήσεις.</span> <span class='ocrx_word' id='word_1_777' title='bbox 3744 5344 3753 5345; x_wconf 34' lang='grc' dir='ltr'><em>κ</em></span> 
     </span>
    </p>
   </div>
   <div class='ocr_carea' id='block_1_104' title="bbox 417 5383 1975 5465">
    <p class='ocr_par' dir='ltr' id='par_1_104' title="bbox 417 5383 1975 5460">
     <span class='ocr_line' id='line_1_104' title="bbox 417 5383 1975 5460; baseline 0.004 -23"><span class='ocrx_word' id='word_1_778' title='bbox 417 5383 578 5450; x_wconf 77' lang='lat' dir='ltr'><strong>tiato,</strong></span> <span class='ocrx_word' id='word_1_779' title='bbox 611 5393 666 5441; x_wconf 84' lang='lat' dir='ltr'>et</span> <span class='ocrx_word' id='word_1_780' title='bbox 709 5388 959 5445; x_wconf 88' lang='lat' dir='ltr'><strong>omnibus</strong></span> <span class='ocrx_word' id='word_1_781' title='bbox 1004 5398 1149 5445; x_wconf 85' lang='lat' dir='ltr'><strong>metu</strong></span> <span class='ocrx_word' id='word_1_782' title='bbox 1183 5389 1436 5454; x_wconf 85' lang='lat' dir='ltr'><strong>turbatis,</strong></span> <span class='ocrx_word' id='word_1_783' title='bbox 1482 5389 1891 5460; x_wconf 84' lang='lat' dir='ltr'><strong>jejunaverunt.</strong></span> <span class='ocrx_word' id='word_1_784' title='bbox 1930 5408 1975 5446; x_wconf 72' lang='lat' dir='ltr'>at</span> 
     </span>
    </p>
   </div>
   <div class='ocr_carea' id='block_1_105' title="bbox 2079 5383 3683 5465">
    <p class='ocr_par' dir='ltr' id='par_1_105' title="bbox 2098 5389 3683 5465">
     <span class='ocr_line' id='line_1_105' title="bbox 2098 5389 3683 5465; baseline -0.003 -21"><span class='ocrx_word' id='word_1_785' title='bbox 2098 5390 2345 5462; x_wconf 70' lang='grc' dir='ltr'>Πολέμου</span> <span class='ocrx_word' id='word_1_786' title='bbox 2392 5392 2504 5463; x_wconf 75' lang='grc' dir='ltr'>γὰρ</span> <span class='ocrx_word' id='word_1_787' title='bbox 2542 5391 3015 5465; x_wconf 63' lang='grc' dir='ltr'>πεμηγγελμένου</span> <span class='ocrx_word' id='word_1_788' title='bbox 3039 5434 3054 5459; x_wconf 93' lang='grc'>,</span> <span class='ocrx_word' id='word_1_789' title='bbox 3089 5393 3183 5446; x_wconf 76' lang='grc' dir='ltr'>καὶ</span> <span class='ocrx_word' id='word_1_790' title='bbox 3215 5391 3382 5462; x_wconf 84' lang='grc' dir='ltr'>φόϐον</span> <span class='ocrx_word' id='word_1_791' title='bbox 3413 5390 3478 5445; x_wconf 76' lang='grc' dir='ltr'>τὰ</span> <span class='ocrx_word' id='word_1_792' title='bbox 3504 5389 3683 5441; x_wconf 71' lang='grc' dir='ltr'>πάντα</span> 
     </span>
    </p>
   </div>
   <div class='ocr_carea' id='block_1_106' title="bbox 416 5478 1975 5556">
    <p class='ocr_par' dir='ltr' id='par_1_106' title="bbox 416 5478 1975 5548">
     <span class='ocr_line' id='line_1_106' title="bbox 416 5478 1975 5548; baseline 0.003 -19"><span class='ocrx_word' id='word_1_793' title='bbox 416 5483 675 5543; x_wconf 87' lang='lat' dir='ltr'><strong>putarunt</strong></span> <span class='ocrx_word' id='word_1_794' title='bbox 704 5492 762 5530; x_wconf 90' lang='lat' dir='ltr'>se</span> <span class='ocrx_word' id='word_1_795' title='bbox 796 5478 1108 5548; x_wconf 74' lang='lat' dir='ltr'><strong>cognituros</strong></span> <span class='ocrx_word' id='word_1_796' title='bbox 1159 5494 1265 5548; x_wconf 84' lang='lat' dir='ltr'>quo</span> <span class='ocrx_word' id='word_1_797' title='bbox 1301 5481 1517 5535; x_wconf 81' lang='lat' dir='ltr'><strong>tandem</strong></span> <span class='ocrx_word' id='word_1_798' title='bbox 1555 5481 1726 5536; x_wconf 88' lang='lat' dir='ltr'><strong>abiret</strong></span> <span class='ocrx_word' id='word_1_799' title='bbox 1763 5481 1835 5534; x_wconf 89' lang='lat' dir='ltr'>rei</span> <span class='ocrx_word' id='word_1_800' title='bbox 1899 5495 1975 5534; x_wconf 81' lang='lat' dir='ltr'>ex-</span> 
     </span>
    </p>
   </div>
   <div class='ocr_carea' id='block_1_107' title="bbox 2079 5478 3680 5556">
    <p class='ocr_par' dir='ltr' id='par_1_107' title="bbox 2096 5480 3680 5556">
     <span class='ocr_line' id='line_1_107' title="bbox 2096 5480 3680 5556; baseline -0.002 -22"><span class='ocrx_word' id='word_1_801' title='bbox 2096 5482 2545 5554; x_wconf 73' lang='grc' dir='ltr'>διακνκήσαντος,</span> <span class='ocrx_word' id='word_1_802' title='bbox 2593 5485 2982 5556; x_wconf 73' lang='grc' dir='ltr'>νενηστεύκασι</span> <span class='ocrx_word' id='word_1_803' title='bbox 3036 5485 3155 5556; x_wconf 78' lang='grc' dir='ltr'>μὲν,</span> <span class='ocrx_word' id='word_1_804' title='bbox 3192 5483 3449 5555; x_wconf 69' lang='grc' dir='ltr'>ᾠήθησαν</span> <span class='ocrx_word' id='word_1_805' title='bbox 3495 5481 3550 5536; x_wconf 71' lang='grc' dir='ltr'>δὲ</span> <span class='ocrx_word' id='word_1_806' title='bbox 3595 5480 3680 5534; x_wconf 69' lang='grc' dir='ltr'>ὅτι</span> 
     </span>
    </p>
   </div>
   <div class='ocr_carea' id='block_1_108' title="bbox 478 5111 1991 5185">
    <p class='ocr_par' dir='ltr' id='par_1_108' title="bbox 478 5111 1991 5185">
     <span class='ocr_line' id='line_1_108' title="bbox 478 5111 1991 5185; baseline 0.003 -17"><span class='ocrx_word' id='word_1_807' title='bbox 478 5111 745 5184; x_wconf 67' lang='lat' dir='ltr'><strong>Iungunt,</strong></span> <span class='ocrx_word' id='word_1_808' title='bbox 792 5112 997 5183; x_wconf 87' lang='lat' dir='ltr'><strong>inquit,</strong></span> <span class='ocrx_word' id='word_1_809' title='bbox 1042 5112 1159 5168; x_wconf 86' lang='lat' dir='ltr'><strong>dies</strong></span> <span class='ocrx_word' id='word_1_810' title='bbox 1210 5113 1430 5181; x_wconf 88' lang='lat' dir='ltr'><strong>diebus,</strong></span> <span class='ocrx_word' id='word_1_811' title='bbox 1478 5131 1506 5169; x_wconf 88' lang='lat' dir='ltr'>a</span> <span class='ocrx_word' id='word_1_812' title='bbox 1556 5131 1641 5170; x_wconf 88' lang='lat' dir='ltr'>me</span> <span class='ocrx_word' id='word_1_813' title='bbox 1685 5128 1991 5185; x_wconf 64' lang='lat' dir='ltr'><strong>quaerentes</strong></span> 
     </span>
    </p>
   </div>
   <div class='ocr_carea' id='block_1_109' title="bbox 487 5651 1045 5709">
    <p class='ocr_par' dir='ltr' id='par_1_109' title="bbox 487 5651 1045 5709">
     <span class='ocr_line' id='line_1_109' title="bbox 487 5651 1045 5709; baseline 0.002 -2"><span class='ocrx_word' id='word_1_814' title='bbox 487 5652 532 5686; x_wconf 81' lang='lat'><strong>&quot;</strong></span> <span class='ocrx_word' id='word_1_815' title='bbox 565 5651 669 5708; x_wconf 85' lang='lat' dir='ltr'><strong>lsa.</strong></span> <span class='ocrx_word' id='word_1_816' title='bbox 709 5667 835 5709; x_wconf 72' lang='lat' dir='ltr'><strong>LVII.</strong></span> <span class='ocrx_word' id='word_1_817' title='bbox 864 5652 1045 5708; x_wconf 67' lang='lat'>11-15.</span> 
     </span>
    </p>
   </div>
  </div>
