4096 6212
411 348 540 402 1231

1510 350 1576 405 ιχ
1620 349 1852 406 ΙΒΑΙΑΜ
1891 351 2019 406 LIB.
2060 350 2124 403 ν.
2169 350 2404 408 TOMUS
2441 350 2530 405 Ill.

3522 358 3659 413 ηεξ

411 468 767 540 μαθήσονται,
805 470 894 523 καὶ
936 469 1058 522 ὅποι
1105 471 1236 523 ποτε
1277 472 1337 525 τὸ
1371 470 1467 524 τοῦ
1516 474 1840 543 πράγματος
1864 472 1985 543 ἥξει

2094 472 2216 528 itus.
2258 470 2401 537 Hoc,
2436 473 2647 542 npinor,
2683 481 2793 537 est,
2828 471 2955 527 Vias
2991 488 3140 529 meas
3167 475 3406 544 cupiunt.
3426 474 3660 545 Cupiunt

410 561 600 632 πέρας.
633 561 823 620 Τοῦτο,
851 561 1027 631 οἶμαι,
1068 562 1185 614 ἐστὶ
1217 563 1298 627 τὸ,
1338 564 1544 617 Γνῶναί
1574 582 1674 635 μου
1703 564 1801 627 τὰς
1830 564 1983 626 ὁδοὺς

406 658 783 729 ἐπιθυμοῦσιν.
823 658 1184 728 Ἑπιθυμοῦσι
1233 660 1290 713 δὲ
1334 660 1410 725 ὡς
1452 660 1580 724 λαὸς
1636 658 1984 728 δικαιοσύνην

407 749 747 819 πεποιηκὼς,
776 750 870 802 καὶ
898 752 1083 820 κρίσιν
1120 750 1256 804 Θεοῦ
1286 751 1450 805 αὑτοῦ
1484 752 1560 824 μὴ
1603 751 1984 821 ἐγκαταλελοι-

410 839 544 904 πώςο
565 843 867 902 τουτέστιν,
892 840 968 903 ὼς
994 840 1232 910 ἐννόμως
1262 841 1727 911 πολιτευσάμενοι,
1759 838 1853 891 καὶ
1874 837 1984 891 τῶν

409 928 666 982 δοθέντων
692 930 877 991 αὐτοῖς
901 928 1287 999 θεσπισμάτων
1320 930 1531 1000 ἄριστοι
1565 928 1846 997 γεγονότες
1881 926 1982 997 φύ-

409 1021 589 1085 λακες,
620 1021 714 1072 καὶ
749 1018 1051 1091 ἀμώμητον
1101 1020 1315 1090 ἔχοντες
1348 1020 1514 1092 ζωὴν,
1568 1021 1661 1074 καὶ
1710 1018 1984 1081 πολιτείας

410 1112 637 1178 εύαγοῦς
667 1114 947 1183 αὐχήματι
975 1115 1366 1186 περικείμενοι.
1407 1115 1531 1179 Τοῖς
1569 1115 1678 1186 γὰρ
1719 1113 1982 1177 τοιούτοις

409 1204 607 1273 πρέποι
628 1204 694 1258 ἂν
707 1205 768 1257 τὸ
795 1206 887 1257 καὶ
913 1206 1095 1276 ζητεῖν
1113 1207 1205 1260 τὸν
1227 1207 1376 1271 Θεδν,
1396 1208 1691 1267 τουτέστιν,
1715 1210 1878 1277 ἐγγὺς
1898 1207 1980 1264 εῖ-

412 1313 496 1348 ναι
529 1295 701 1348 θέλειν
729 1296 914 1358 αὑτοῦ,
944 1297 1037 1350 καὶ
1064 1298 1278 1367 φειδοῦς
1304 1297 1596 1351 ἀπολαύειν
1625 1301 1724 1368 τῆς
1756 1302 1980 1370 ἄνωθεν,

411 1387 610 1454 γνῶναί
639 1403 699 1439 τε
730 1388 864 1458 πρὸς
889 1387 1063 1459 τούτῳ
1092 1388 1190 1452 τὰς
1215 1390 1363 1453 όῖοὺς
1384 1389 1563 1444 αὐτοῦ.
1599 1390 1826 1461 Εἴρηται
1857 1394 1984 1461 γοῦν

411 1478 475 1529 δι’
515 1478 631 1541 ἐνὸς
655 1477 764 1531 τῶν
812 1479 980 1546 ἁγίων
1014 1480 1326 1552 προφητῶν·
1386 1500 1403 1532 ι
1431 1482 1708 1551 Ζητήσατε
1740 1482 1830 1536 τὸν
1874 1484 1985 1538 Κύ-

416 1587 548 1640 ριον,
580 1571 673 1623 καὶ
703 1572 759 1623 ἐν
778 1571 858 1640 τῷ
886 1571 1158 1643 εὑρίσκειν
1183 1572 1342 1625 αὐτὸν
1359 1573 1986 1629 ὲπικαλέσασθε.Ἦνίκα

412 1660 455 1712 δ’
488 1660 554 1712 ἂν
596 1659 789 1733 ἐγγίζῃ
828 1662 979 1730 ὑμῖν,
1017 1662 1356 1717 ἀπολειπέτω
1409 1666 1437 1717 ό
1483 1663 1685 1736 ἀεεϐὴς
1731 1664 1829 1734 τὴν
1866 1666 1986 1719 ὁδὸν

413 1752 601 1813 αὐτοῦ,
630 1753 725 1805 καὶ
751 1753 888 1824 ἀνὴρ
916 1754 1119 1823 ἄνομος
1154 1754 1251 1824 τὴν
1291 1754 1484 1826 βουλὴν
1519 1755 1705 1817 αὑτοῦ,
1734 1756 1829 1809 καί⁵
1867 1759 1986 1810 ἐπι-

416 1845 711 1915 στραφήτω
732 1846 823 1897 ἐπὶ
844 1844 1066 1915 Κύριον,
1103 1846 1198 1898 καὶ
1224 1845 1592 1918 ἑλεηθήσεται’
1618 1848 1699 1901 ὅτι
1731 1848 1823 1901 ἐπὶ
1849 1849 1981 1902 πολὺ
2018 1828 2058 1882 Β

415 1933 614 2002 ἀφήσει
642 1933 740 1995 τὰς
772 1933 1045 2004 ἁμαρτίας
1080 1933 1280 1988 αὐτῶν.
1321 1951 1339 1985 s

483 2022 732 2078 Αιτοῦσι
750 2040 826 2093 με
849 2024 964 2078 νῦν
1008 2026 1209 2093 κρίσιν
1263 2026 1537 2091 δικαίαν,
1594 2025 1690 2079 καὶ
1741 2025 1988 2097 erg-{fetv

418 2115 540 2180 Θεῷ
564 2116 942 2185 ἐπιθυμοῦσι,
973 2115 1273 2185 λέγοντες·
1305 2117 1365 2171 Τί
1397 2118 1482 2170 ὅτι
1512 2118 1984 2188 ἐνηστεύσιιιιεν,

416 2209 513 2261 καὶ
539 2210 647 2261 οὐκ
693 2204 880 2274 cidae;
910 2210 1391 2279 ἑταπεινώσαμεν
1424 2208 1531 2275 τὰς
1558 2210 1762 2279 ψυχὰς
1796 2211 1986 2280 ἡμῶν,

416 2299 510 2350 καὶ
534 2301 643 2352 οὐκ
669 2298 876 2366 ἔγνως
893 2301 993 2352 Ἔν
1012 2300 1123 2368 γὰρ
1147 2300 1274 2365 ταῖς
1295 2298 1541 2369 ἡμέραις
1562 2301 1679 2354 τῶν
1698 2298 1990 2368 νηστειῶν

416 2385 582 2455 ὑμῶν
611 2388 927 2456 εὐρὲσκετε
954 2391 1027 2442 τὰ
1060 2389 1366 2457 θελήματα
1412 2390 1595 2459 ὑμῶν,
1628 2392 1724 2445 καί
1758 2390 1990 2456 πάντας

416 2480 555 2544 τοὺς
586 2481 969 2547 ὑποχειρίους
1009 2484 1414 2547 ὐπονύσσετε,
1474 2485 1561 2547 εις
1610 2485 1841 2549 κρίσεις
1890 2483 1990 2537 καὶ

415 2568 607 2637 μάχας
675 2571 1033 2637 mandata,
1096 2574 1194 2627 καὶ
1259 2574 1509 2627 τύπτετε
1578 2575 1836 2645 πυγμαῖς
1884 2592 1987 2629 τα-

416 2661 639 2713 πεινόν.

499 2750 823 2819 Ἐγκαλοῦσί
867 2770 978 2822 μοι,
1022 2754 1207 2823 φησὶν,
1252 2753 1327 2817 ὡς
1363 2753 1439 2825 μὴ
1461 2753 1528 2807 τὰ
1559 2754 1742 2808 δίκαια
1773 2755 1989 2826 νέμοντι

374 2834 381 2853 ’
417 2843 502 2897 διὰ
538 2844 632 2897 τοῦ
658 2844 732 2916 μὴ
763 2844 1050 2915 βούλεσθαι
1097 2846 1373 2900 κατελεεῖν
1415 2848 1543 2912 τοὺς
1580 2848 1868 2911 ταπεινοὺς
1901 2848 1989 2902 διὰ

418 2936 673 3003 νηστείας
725 2937 819 2988 καὶ
845 2937 1180 3007 προσευχῆς“
1207 2933 1327 2991 εἶτα
1375 2937 1653 3007 βούλονται
1691 2940 1786 2993 καὶ
1823 2940 1989 3007 ἐγγὺς

418 3024 556 3082 εἶναι
588 3028 746 3091 Θεοῦ,
784 3031 871 3081 ἐπ’
893 3030 1071 3082 οὐδενὶ
1100 3030 1197 3100 μὲν
1222 3031 1332 3084 τῶν
1368 3032 1447 3094 εἰς
1480 3032 1760 3085 εὐσέϐειαν
1790 3033 1990 3103 ἀνδρα-

2084 573 2261 616 autem
2297 563 2451 632 quasi
2491 563 2721 633 populus
2754 563 3021 632 justitiam
3059 564 3286 633 faciens,
3314 577 3364 622 et
3396 566 3656 633 judicium

2088 653 2177 707 Dei
2209 656 2290 709 sui
2324 671 2426 708 non
2457 656 2733 720 deserens,
2765 656 2816 708 id
2849 665 2951 719 est,
2980 658 3133 723 quasi
3169 656 3408 726 legitime
3438 674 3659 713 versan-

2087 755 2187 811 tes,
2212 757 2265 801 et
2294 746 2670 802 vaticinioruut
2697 747 2799 801 sibi
2829 748 3150 801 traditorum
3175 750 3360 817 optimi
3387 750 3654 813 cusmdes.

2085 851 2149 891 ac
2204 838 2371 891 vitam
2442 846 2663 908 agentes
2714 837 3071 907 inculpatum,
3129 847 3184 891 et
3236 841 3657 893 conversationis

2083 934 2283 980 sanctae
2346 926 2681 981 ornamentis
2760 927 2962 981 vestiti.
3028 927 3249 981 Talibus
3304 928 3446 980 enim
3521 942 3657 997 qua—

2084 1020 2222 1083 drat,
2248 1021 2413 1074 Deum
2452 1035 2714 1089 quaerere,
2750 1021 2802 1074 id
2836 1030 2940 1086 est,
2968 1020 3104 1075 velle
3139 1035 3305 1090 prope
3340 1021 3484 1073 illum
3520 1036 3660 1089 esse,

2083 1119 2139 1164 et
2179 1125 2412 1178 superna
2454 1109 2560 1163 frui
2598 1112 3002 1173 misericordia,
3031 1126 3094 1166 ac
3126 1111 3266 1165 seire
3301 1112 3519 1181 insuper
3550 1112 3663 1166 vias

2085 1201 2223 1272 ejus.
2260 1202 2581 1270 Dictumque
2624 1211 2706 1256 est
2753 1219 2783 1256 a
2827 1204 3059 1270 quodam
3107 1202 3365 1271 propheta
3409 1217 3596 1256 sancto
3644 1220 3661 1257 :

2090 1310 2109 1344 ι
2139 1293 2372 1360 Quaerite
2400 1293 2708 1358 Dominum,
2730 1304 2783 1347 et
2806 1296 3019 1348 interim
3050 1296 3175 1348 dum
3206 1296 3517 1349 inveneritis
3541 1310 3663 1349 eum

2085 1382 2351 1439 iuvocate.
2382 1383 2515 1437 Cum
2558 1394 2735 1437 autem
2777 1384 3284 1453 appt'opiuquaverit
3324 1384 3388 1436 ad
3425 1398 3548 1448 vos,
3582 1398 3665 1438 re-

2087 1472 2291 1541 linquat
2322 1473 2519 1543 impius
2552 1476 2689 1529 viam
2724 1491 2900 1537 suam,
2931 1487 2985 1530 et
3015 1477 3096 1530 vir
3129 1477 3344 1546 iniquus
3378 1475 3662 1529 consilium

2086 1577 2265 1628 suum,
2297 1572 2351 1617 et
2380 1574 2681 1619 revertatur
2714 1566 2780 1620 ad
2814 1565 3121 1631 Dominum,
3150 1577 3205 1621 et
3235 1566 3661 1619 misericordiam

2087 1664 2448 1722 consequetur
2500 1672 2515 1711 :
2573 1656 2698 1726 quia
2762 1657 3081 1727 plerumque
3141 1657 3382 1711 remittet
3436 1667 3660 1725 peccata

2088 1756 2265 1807 vestra
2290 1747 2355 1802 ³³.
2389 1766 2410 1800 ι

2157 2036 2318 2094 Vitis.
2355 2036 2409 2102 '5,
2442 2036 2496 2090 4.
2534 2034 2724 2090 Petunt
2769 2050 2848 2089 me
2891 2049 3028 2089 nunc
3063 2033 3325 2104 judicium
3362 2030 3586 2099 justum,
3615 2039 3664 2083 ct
3728 2016 3749 2029 ’

2087 2128 2504 2196 appmpinquare
2527 2125 2636 2179 Deo
2672 2124 2913 2193 cupiunt,
2939 2124 3166 2177 dicentes
3198 2138 3216 2176 :
3249 2121 3425 2188 Quare
3447 2120 3666 2187 jejuna-

2092 2220 2283 2281 riutus,
2310 2228 2357 2270 et
2394 2234 2495 2270 non
2527 2217 2741 2270 vidisti?
2772 2215 3157 2268 humiliavimus
3191 2213 3394 2266 animus
3428 2218 3664 2275 nostras,

2088 2317 2134 2361 et
2168 2322 2270 2359 non
2302 2305 2625 2375 cognovisti?
2654 2303 2795 2359 Nam
2827 2306 2880 2358 in
2906 2304 3085 2358 diebus
3110 2304 3435 2372 )ejnniorum
3471 2308 3667 2354 vestro-

2090 2414 2237 2461 rum,
2264 2397 2504 2451 inrenitis
2540 2397 2830 2451 voluntates
2863 2410 3087 2458 vestras,
3116 2403 3165 2448 et
3200 2410 3376 2447 omnes
3407 2392 3665 2459 subjectos

2088 2486 2233 2539 vobis
2266 2486 2515 2556 afﬂigt'lis,
2544 2488 2611 2537 ad
2640 2484 2846 2554 judicia
2875 2493 2925 2540 et
2955 2484 3137 2554 jurgia
3165 2483 3517 2552 jejunatis,et
3549 2498 3667 2549 per-

2089 2578 2268 2631 cutitis
2298 2577 2485 2646 pugnis
2512 2576 2782 2629 humilem.

2161 2773 2219 2828 ln
2243 2772 2329 2841 jus
2354 2790 2438 2829 me
2462 2777 2675 2835 vocant,
2693 2771 2888 2841 inquit,
2910 2782 2968 2826 ut
2988 2774 3076 2843 qui
3099 2771 3244 2841 justa
3274 2787 3377 2826 non
3411 2772 3669 2839 tribuam,

2089 2880 2155 2921 eo
2186 2867 2328 2936 quod
2356 2864 2615 2919 noluerim
2650 2863 2895 2917 misereri
2927 2880 3113 2918 eorum
3159 2866 3248 2933 qui
3286 2878 3379 2934 per
3401 2863 3666 2933 jejunium

2091 2968 2147 3015 et
2188 2959 2554 3028 precationem
2603 2955 2830 3011 humiles
2881 2965 3025 3010 sunt.
3074 2954 3275 3011 Deinde
3316 2956 3503 3009 volunt
3546 2971 3668 3011 esse

2095 3049 2188 3104 Dei
2219 3047 2523 3118 propinqui,
2553 3063 2675 3103 cum
2706 3048 2771 3103 de
2797 3049 2938 3103 nullo
2964 3048 3175 3117 pietatis
3204 3047 3463 3117 praeclaro
3490 3046 3665 3102 oliicio

427 3121 754 3189 γαθημάτων
801 3112 1167 3190 καυχώμενοι,
1219 3122 1333 3174 ἀλλ’
1370 3122 1489 3175 οὐδὲ
1538 3122 1635 3194 τὴν
1690 3122 1751 3187 ἐξ
1782 3123 1990 3194 ἀρετῶν

2095 3138 2310 3206 gloriari
2337 3140 2563 3206 possint,
2585 3153 2683 3194 nec
2708 3138 2815 3192 ullo
2841 3139 3099 3192 virtutum
3124 3141 3408 3205 splendore
3432 3141 3668 3193 vestian-

418 3208 750 3278 φαιδρότητα
778 3207 1180 3279 περικείμενοι,
1198 3208 1286 3262 διὰ
1313 3208 1476 3279 ψιλὴν
1496 3210 1552 3262 δὲ
1581 3211 1674 3263 καὶ
1707 3210 1873 3281 μόνην
1892 3211 1991 3280 τὴν

422 3300 665 3351 ἀσιτίαν·
684 3300 777 3351 καὶ
792 3298 852 3369 δή
878 3315 1100 3366 φαεινοι
1125 3300 1680 3371 Ἑνηστεύσαμεν,καῖ
1698 3303 1798 3354 οὐκ
1830 3298 1986 3366 εἶδες*

424 3389 864 3461 ἐταπεινώσαμεν
898 3391 995 3453 τὰς
1048 3390 1427 3460 ψυχάςὴμῶν,
1464 3394 1558 3445 καὶ
1583 3393 1683 3445 ούκ
1721 3392 1910 3461 ἔγνως.
1967 3412 1984 3443 ι

424 3482 529 3534 Καὶ
560 3482 657 3550 ούχ
689 3480 762 3544 ὡς
797 3482 1160 3550 ἀγνοήσαντος
1187 3481 1319 3533 Θεοῦ
1344 3482 1440 3552 τὴν
1484 3481 1571 3535 διὰ
1611 3484 1861 3552 νηστείας
1897 3484 1993 3536 αὺ-

428 3571 529 3625 τῶν
565 3571 892 3624 ταπείνωσιν
932 3572 1002 3625 τὰ
1040 3571 1217 3625 τοιάδε
1241 3572 1425 3638 φασίν
1451 3572 1639 3644 ἐπειδὴ
1666 3573 1724 3626 δὲ
1749 3575 1809 3626 ού
1843 3574 1993 3642 γεγό-

424 3680 575 3716 νασιν
608 3665 666 3716 ἐν
685 3662 1057 3735 αἱσθήσειτῶν
1074 3664 1433 3731 αἰτιαμάτων,
1463 3665 1544 3726 τὸ,
1566 3666 1680 3718 Ούκ
1708 3662 1868 3729 εἶδες,
1898 3665 1993 3719 καὶ

421 3753 501 3816 τὸ,
535 3754 650 3807 Ούκ
672 3754 864 3823 ἔγνως,
894 3755 1075 3823 φασιν.
1113 3755 1326 3810 Είδέναι
1369 3756 1479 3826 γὰρ
1511 3758 1632 3810 τότε
1662 3759 1838 3827 φαμὲν
1867 3757 1993 3821 τούς

422 3862 582 3900 τινων
622 3845 856 3909 πόνους,
901 3846 1030 3909 τοὺς
1073 3846 1163 3899 διά
1214 3862 1298 3915 γε,
1340 3848 1505 3918 φημὶ,
1546 3847 1854 3918 προσευχῆς
1898 3849 1993 3902 καὶ

422 3937 727 4007 ἀσκήσεως,
753 3936 844 3989 τὸν
892 3936 999 3989 τῶν
1047 3936 1185 3991 ὅλων
1232 3936 1386 4001 Θεὸν,
1437 3939 1526 3991 ὅτε
1557 3938 1846 3992 κατανεύει
1880 3942 1992 4004 τοῖς

422 4030 548 4098 αίτή
557 4046 719 4097 μασιν
747 4028 947 4081 αὐτῶν.
968 4027 1092 4092 Πῶς
1107 4024 1200 4081 οὖν
1224 4029 1331 4099 ἄρα
1355 4030 1709 4099 νηστεύοντας
1736 4030 1796 4084 οὐ
1827 4048 1994 4102 προσ-

427 4120 553 4182 ίετο,
609 4122 703 4173 καὶ
741 4119 1245 4190 ἀνευπαραδέκτους
1276 4122 1511 4173 ὲποιεῖτο
1561 4120 1659 4185 τὰς
1703 4122 1854 4186 λιτὰς
1886 4122 1994 4176 τῶν

423 4212 647 4276 ἑαυτοὺς
665 4210 1160 4276 τεταπεινωκότων,
1183 4210 1545 4279 ἀπολογεῖται,
1566 4211 1759 4280 λέγων·
1779 4215 1866 4266 Ἐν
1886 4213 1994 4285 γὰρ

424 4306 542 4366 ταῖς
578 4305 812 4374 ἡμέραις
834 4302 943 4356 τῶν
973 4302 1236 4368 νηστειῶν
1270 4303 1423 4373 ὑμῶν
1482 4304 1763 4371 εὑρίσκετε
1790 4304 1857 4357 τὰ
1906 4304 1996 4357 θε-

425 4389 643 4461 λήματα
667 4391 839 4461 ὑμῶν.
868 4392 1073 4463 Χρῆμα
1100 4392 1198 4463 μὲν
1227 4390 1337 4461 γὰρ
1367 4389 1642 4461 ἐξαίρετον
1669 4392 1702 4460 ἡ
1738 4389 1957 4460 νηστεία
1976 4430 1993 4456 ,

2095 3238 2212 3294 tur,
2238 3227 2406 3299 814
2437 3222 2542 3283 nisi
2582 3230 2697 3284 sola
2750 3231 2887 3283 nuda
2925 3230 3248 3284 abstinentia
3286 3247 3303 3286 :
3340 3239 3393 3283 et
3426 3230 3609 3285 dicunt
3650 3248 3666 3283 :

2098 3337 2115 3369 ι
2147 3318 2538 3387 Jejunavimus,
2562 3328 2615 3374 et
2643 3336 2747 3375 non
2776 3318 2956 3373 vidisti
2991 3337 3005 3373 :
3035 3319 3437 3374 bumiliavimus
3461 3322 3667 3375 animas

2092 3420 2342 3480 nostras,
2368 3421 2421 3464 et
2455 3427 2557 3463 non
2601 3409 2920 3480 cognovisti.
2964 3428 2985 3461 ι
3024 3407 3132 3465 Νεε
3170 3411 3282 3465 haec
3316 3412 3480 3475 dicit,
3512 3412 3666 3482 quasi

2092 3496 2234 3553 Deus
2263 3514 2446 3553 eorum
2477 3499 2835 3553 humilitatem
2870 3514 2965 3568 per
2991 3499 3256 3570 jejunium
3293 3502 3616 3571 iguoraverit
3650 3520 3664 3556 :

2092 3592 2185 3643 sed
2242 3588 2366 3657 quia
2426 3588 2478 3641 hi
2541 3598 2721 3643 errata
2782 3604 2885 3641 nou
2946 3600 3269 3657 senserunt,
3323 3608 3427 3645 non
3459 3592 3667 3659 vidisti,

2094 3680 2361 3748 inquiunt,
2384 3687 2437 3733 et
2464 3694 2568 3732 non
2600 3679 2919 3749 cognovisti.
2952 3679 3103 3734 Tunc
3128 3681 3271 3734 enim
3294 3682 3667 3737 universorum

2094 3769 2262 3825 Deum
2294 3770 2598 3837 aliquorum
2630 3768 2866 3835 labores,
2890 3783 2981 3839 per
3006 3771 3396 3839 precationem,
3423 3770 3665 3840 inquam,

2093 3871 2148 3918 et
2191 3861 2670 3923 exercitationem,
2703 3860 2883 3915 videre
2927 3861 3189 3924 dicimus,
3226 3860 3439 3928 quando
3483 3879 3667 3917 eorum

2094 3950 2379 4022 postulatis
2409 3951 2616 4005 annuit.
2639 3950 2747 4003 Cur
2766 3964 2897 4020 ergo
2918 3951 3227 4021 jejuuantes
3252 3968 3357 4005 non
3386 3955 3668 4022 receperit,

2098 4054 2153 4098 et
2192 4059 2380 4111 preces
2413 4059 2599 4096 eorum
2635 4041 2723 4113 qui
2761 4057 2818 4095 se
2852 4042 3200 4095 hmniliarunt
3234 4058 3338 4095 non
3376 4044 3666 4105 admiserit,

2095 4136 2358 4191 rationem
2391 4136 2585 4200 reddit,
2614 4135 2797 4189 dicens
2827 4152 2841 4187 :
2875 4133 2929 4185 In
2961 4134 3149 4186 diebus
3174 4133 3667 4199 euimjejuuiorum

2094 4232 2428 4283 vestrorum,
2467 4222 2719 4276 invenitis
2763 4223 3061 4276 voluntates
3114 4229 3341 4274 vestras.
3380 4221 3475 4275 Est
3524 4222 3664 4277 enim

2094 4315 2349 4386 praeclara
2392 4330 2481 4369 res
2515 4313 2806 4382 jejunium,
2840 4320 2895 4365 et
2926 4313 3073 4365 utilis
3106 4321 3191 4365 est
3226 4312 3492 4379 precatio,
3527 4321 3580 4365 ct
3613 4312 3665 4366 iu

2096 4404 2263 4458 oculis
2288 4403 2380 4458 Dei
2414 4419 2530 4458 sese
2556 4402 2840 4457 humiliare
2864 4400 3152 4455 maximam
3177 4401 3337 4454 habet
3358 4402 3667 4458 utilitatem.

429 4483 745 4552 ὀνησιφόρος
778 4484 835 4535 δὲ
868 4486 960 4537 καὶ
1011 4486 1043 4555 ἠ
1093 4484 1389 4557 προσευχὴ·
1454 4483 1548 4536 καὶ
1597 4482 1657 4535 τὸ
1705 4480 1992 4536 ταπεινοῦν

2100 4492 2369 4562 Scriptum
2394 4504 2477 4547 est
2504 4494 2644 4546 enim
2679 4508 2693 4544 :
2734 4509 2753 4542 ι
2791 4489 3075 4544 Humiliavi
3113 4491 3163 4544 in
3197 4491 3401 4560 jejunio
3430 4493 3667 4546 animam

431 4574 656 4637 ἑαυτοὺς
686 4576 743 4627 ἐν
783 4576 1077 4646 ὀφθαλμοῖς
1109 4576 1202 4630 τοῦ
1240 4575 1397 4641 Θεοῦ,
1435 4576 1695 4644 πλείστην
1719 4575 1852 4645 ὅσην
1886 4574 1999 4645 ἔχει

432 4663 529 4735 τὴν
553 4664 756 4732 δνησιν.
795 4666 1101 4735 Γέγραπται
1129 4666 1260 4736 γὰρ,
1291 4668 1372 4720 ὃτι
1394 4684 1415 4718 ‹
1455 4665 1798 4719 Ἐταπείνουν
1826 4667 1882 4718 ἐν
1907 4681 2002 4735 νη-

436 4756 588 4824 στείᾳ
608 4755 705 4824 τὴν
733 4755 911 4825 ψυχήν
947 4771 1070 4824 μου,
1116 4755 1210 4808 καὶ
1243 4758 1276 4825 ἠ
1310 4756 1582 4827 προσευχὴ
1630 4772 1731 4826 μου
1772 4756 1851 4817 είς
1882 4754 2003 4807 κόλ-

434 4862 536 4898 πον
585 4862 685 4916 μου
715 4847 1214 4916 ἀποστραφήσεται,
1239 4864 1257 4896 ι
1285 4847 1427 4917 Ἔφη
1451 4847 1508 4899 δὲ
1545 4849 1637 4900 καὶ
1664 4851 1691 4901 ό
1716 4846 2003 4907 θεσπέσιος

435 4936 616 4988 Δαὸιδ·
638 4956 656 4986 ι
682 4936 762 4989 Τὰ
782 4935 983 5003 γόνατὰ
1010 4951 1109 5006 μου
1138 4934 1441 5007 ἡσθένησαν
1465 4936 1573 4988 ἀπὸ
1599 4937 1870 5004 νηστείας,
1906 4934 2001 4987 καὶ

435 5030 467 5097 ἠ
511 5026 645 5097 σάρξ
682 5045 783 5097 μου
825 5026 1088 5096 ἠλλοιώθη
1114 5027 1183 5079 δι’
1212 5025 1376 5078 ἔλεον⁸
1403 5044 1422 5077 ι
1453 5025 1541 5077 ναὶ
1584 5026 1687 5096 μὴν
1711 5027 1801 5079 καὶ
1839 5026 2002 5088 αὐτὸς

433 5121 461 5171 ὁ
491 5118 596 5172 τῶν
616 5120 755 5172 ὅλων
789 5119 940 5181 Θεόςο
991 5118 1395 5186 Ἐπιστράφητε
1447 5117 1581 5186 πρός
1612 5134 1700 5187 με,
1728 5120 1911 5187 φησιν,
1943 5119 2000 5170 ἐν

436 5210 680 5281 νηστεία,
724 5211 818 5264 καὶ
845 5212 902 5263 ὲν
923 5208 1201 5280 κλαυθμῷ,
1225 5210 1317 5263 καὶ
1341 5212 1399 5263 ὲν
1435 5208 1665 5278 κοπετῷ.
1706 5208 1875 5261 Ἐλεεῖ
1894 5208 2001 5279 γὰρ

438 5297 672 5367 ἑτοίμως
699 5300 824 5361 τοὺς
854 5298 1180 5370 αὐτόκλητον
1206 5296 1559 5367 ποιουμένους
1591 5296 1691 5366 τὴν
1718 5294 1808 5350 8ιά
1838 5297 1999 5349 πόνου

438 5387 789 5441 ταπείνωσιν.
813 5388 951 5441 Ἀλλ’
977 5388 1092 5441 ἐστι
1114 5388 1221 5441 τῶν
1251 5387 1638 5451 ἀτοπωτάτων,
1668 5387 1796 5449 τοὺς
1834 5385 2000 5439 ἐλεεῖ.

442 5476 568 5530 σθαι
607 5478 858 5542 θέλοντας
905 5478 1262 5549 παροτρύνειν
1296 5478 1498 5548 ἑτέρως
1541 5478 1631 5531 τὸν
1684 5476 2004 5547 νομοθέτην,

442 5569 537 5623 καὶ
566 5569 747 5623 καλεῖν
767 5572 844 5632 είς
868 5570 1033 5637 ὀργὰς
1060 5570 1145 5622 διὰ
1174 5570 1265 5623 τοῦ
1300 5569 1462 5639 μηδὲν
1485 5567 1811 5640 ἐργάζεσθαι
1834 5567 2007 5638 φιλεῖν

2096 4598 2292 4643 meam,
2316 4591 2369 4635 et
2390 4583 2563 4635 oratio
2592 4597 2706 4634 mea
2736 4580 2789 4633 in
2821 4583 2998 4635 sinum
3027 4597 3201 4635 meum
3234 4593 3529 4638 revertetur
3549 4583 3613 4638 ³⁸.
3643 4603 3665 4637 ι

2096 4673 2241 4726 Dixit
2268 4673 2430 4725 etiam
2465 4671 2677 4725 divinus
2710 4670 2876 4724 David
2913 4688 2926 4724 :
2971 4689 2989 4722 ι
3024 4670 3208 4726 Genua
3248 4689 3365 4728 mea
3401 4674 3669 4729 infirmata

2095 4772 2218 4814 sunt
2262 4776 2370 4828 pra:
2409 4759 2633 4829 jejunio,
2667 4770 2720 4815 et
2759 4776 2884 4813 raro
2929 4777 3046 4814 mea
3093 4770 3294 4815 mutata
3331 4771 3415 4817 est
3455 4775 3674 4832 propter

2096 4851 2271 4904 oleum
2296 4850 2361 4903 ³⁸.
2398 4868 2416 4900 ι
2445 4849 2584 4915 Quin
2616 4862 2668 4903 et
2702 4850 2813 4919 ipse
2842 4851 3217 4903 universorum
3254 4851 3391 4904 Deus
3423 4866 3437 4902 :
3475 4851 3674 4903 Rever-

2102 4940 2301 5004 timini,
2328 4940 2522 5006 inquit,
2552 4938 2618 4992 ad
2663 4955 2769 5002 me,
2797 4940 2848 4991 in
2884 4938 3125 5007 jejuniis,
3153 4946 3207 4991 et
3246 4939 3296 4990 in
3337 4937 3502 4999 luctu,
3527 4948 3580 4992 et
3617 4938 3671 4994 in

2106 5031 2342 5100 planctu.
2402 5027 2691 5082 Miseretur
2740 5028 2883 5081 enim
2934 5029 3163 5081 libenter
3206 5041 3392 5080 eorum
3437 5026 3526 5094 qui
3575 5041 3671 5082 sua

2108 5129 2298 5190 sponte
2327 5120 2677 5175 humiliantur
2706 5134 2801 5187 per
2827 5118 3085 5171 laborem.
3111 5119 3216 5171 Sed
3243 5127 3325 5171 est
3352 5116 3674 5171 absurdissi-

2108 5226 2253 5264 mum
2293 5226 2387 5265 eos
2424 5211 2515 5280 qui
2559 5210 2745 5263 volunt
2788 5208 3214 5263 miscricordiam
3261 5207 3537 5277 consequi,
3568 5208 3673 5264 alio

2106 5302 2263 5355 modo
2295 5301 2655 5372 legislatorem
2690 5301 2928 5365 irritare,
2952 5312 3004 5353 et
3031 5303 3095 5352 ad
3125 5301 3264 5354 iram
3295 5315 3509 5366 vocare,
3535 5302 3667 5359 nihil

2103 5406 2288 5444 eorum
2320 5408 2439 5461 quae
2467 5392 2776 5462 pra-scripta
2806 5402 2930 5446 sunt
2955 5390 3244 5461 operando.
3269 5390 3500 5446 Omnino
3529 5394 3672 5447 enim

2106 5489 2323 5532 sanctos
2352 5494 2475 5533 esse
2507 5490 2719 5548 oportet
2750 5495 2846 5535 eos
2895 5481 2984 5549 qui
3017 5480 3081 5532 ad
3118 5478 3282 5534 Detun
3314 5484 3594 5545 accedunt,
3621 5489 3676 5541 et

2111 5569 2264 5624 bouis
2295 5570 2548 5643 operibus
2576 5571 2864 5638 excellere,
2891 5585 2956 5626 ac
2986 5570 3234 5629 omnibus
3262 5572 3514 5629 sordibus
3542 5572 3679 5627 libo.

512 5764 691 5846 f'lsa.
723 5782 807 5833 ιτ,
843 5768 984 5850 6,17,
1030 5767 1268 5854 ,εζιζειιι
1308 5782 1487 5833 xxxiv,
1528 5768 1614 5823 l5.
1691 5768 1734 5800 ³⁸
1773 5769 1913 5825 ΡειιΙ.
1947 5785 2100 5837 cvm,
2134 5771 2226 5825 2i.
