4096 6212
403 308 540 366 1285
1072 369 1078 372 _
1429 306 1486 360 S.
1530 301 1809 361 CYRILLI
1844 297 2314 356 ALEXANDRINI
2354 300 2654 356 ABCﬂlEP
2687 316 2699 372 ε
3521 309 3659 364 ﬁet

403 434 494 474 ros
528 416 717 471 videri.
747 415 854 471 [lac
873 416 937 471 de
962 415 1123 471 causa
1186 415 1363 487 inquit
1400 433 1414 471 :
1449 415 1763 487 Jejunastis,
1795 423 1853 469 at
1886 428 1979 486 ego

2087 412 2196 467 τῶν
2233 414 2748 486 προστεταγμένων
2797 414 3101 487 ὁλοτρόπως
3142 414 3252 485 γὰρ
3295 418 3483 488 ἁγίους
3525 416 3664 475 εἶναι

400 526 507 568 non
549 510 686 574 vidi,
713 509 765 563 id
808 519 910 575 est,
944 524 1048 564 non
1090 510 1291 563 attendi
1341 527 1355 565 :
1402 509 1731 563 humiliastis
1776 507 1979 563 animas

2085 504 2190 578 χρὴ
2223 508 2347 571 τοὺς
2375 507 2696 577 προσιόντας
2740 505 2879 578 Θεῷ,
2902 508 2995 561 καὶ⁵
3043 508 3368 580 διαπρέπειν
3396 513 3455 577 ἐν
3485 514 3664 581 ἀγαθ-

397 612 639 667 vestras,
682 613 739 656 et
798 616 904 655 non
966 603 1226 671 cognovi.
1273 602 1322 655 id
1384 611 1498 668 ρει,
1551 601 1978 655 humiliatiouem

400 701 637 747 vestram
675 706 777 745 non
809 692 1058 758 dignatus
1086 705 1208 744 sum
1243 690 1350 744 ulla
1386 692 1636 745 mercede
1673 709 1687 744 :
1725 692 1978 760 quoniam

399 783 453 838 in
486 783 676 837 diebus
699 780 1026 849 jejuniorum
1056 793 1359 836 vestrormn
1395 781 1649 835 invenitis
1677 780 1979 835 voluntates

400 886 631 929 veSIras.
654 872 752 940 Qui
779 888 908 941 ergo
938 888 1069 942 pure
1096 884 1150 928 et
1175 885 1360 927 sancte
1381 873 1632 943 jejunare
1658 872 1863 937 volunt,
1886 887 1980 929 eos

396 972 608 1029 onortet
656 962 768 1017 suis
814 963 1121 1016 renuntiare
1166 962 1549 1027 voluntatibus,
1585 972 1639 1017 et
1681 963 1823 1032 quod
1869 963 1978 1019 Deo

400 1056 613 1108 videtur
658 1054 938 1121 amplecti,
983 1063 1037 1108 et
1078 1069 1175 1122 pro
1225 1054 1342 1121 ejus
1386 1054 1663 1108 voluntate
1709 1053 1974 1108 cervicem

397 1147 631 1200 frenare.
667 1145 772 1199 Sed
809 1146 921 1199 haec
952 1146 1206 1199 Israelitte
1233 1146 1545 1213 nentiQuam
1580 1146 1971 1216 praestiterunt,

396 1238 488 1293 sed
517 1237 816 1292 voluntates
847 1252 973 1292 suas
1005 1238 1173 1291 secuti
1208 1247 1353 1302 sunt,
1384 1242 1528 1306 quod
1553 1247 1731 1291 autem
1759 1237 1974 1304 legisla-

398 1329 497 1383 tori
556 1329 729 1397 placet
773 1328 1125 1395 neglexerunt
1177 1347 1189 1382 :
1243 1328 1657 1398 aﬂlixeruntque
1706 1327 1975 1394 subjectos

392 1418 595 1489 judicio
628 1428 681 1474 et
708 1418 918 1486 iurgiis,
950 1434 1069 1472 cum
1105 1434 1198 1473 eos
1230 1420 1319 1488 qui
1359 1421 1500 1472 inter
1528 1434 1586 1474 se
1618 1418 1970 1484 dissidebant,

397 1514 461 1565 a.l
495 1510 839 1566 concordiam
874 1511 1138 1581 redigere,
1166 1520 1219 1563 et
1249 1526 1433 1579 pacem
1468 1511 1801 1565 constituere
1835 1510 1975 1566 inter

396 1602 777 1657 dissentientes
810 1611 1101 1670 oporteret.
1135 1600 1240 1656 Sed
1279 1602 1350 1656 illi
1386 1604 1564 1657 studia
1599 1617 1693 1655 sua
1730 1609 1971 1656 transtu-

396 1693 575 1747 lerunt
601 1695 652 1746 in
688 1694 869 1746 omnia
903 1707 1024 1762 qua;
1057 1704 1212 1748 erant
1243 1693 1534 1747 contraria.
1565 1692 1730 1763 815
1766 1692 1968 1747 Percu-

2082 595 2364 665 ουργίαις,
2428 597 2522 649 καὶ
2578 595 2752 665 ῥύπου
2847 596 3052 660 παντὸς
3121 597 3439 671 ἐλευθέρους
3503 603 3662 667 ὄντας

2080 686 2335 756 δρᾶσθαι.
2373 686 2589 756 Ταύτης
2626 686 2734 758 γάρ
2757 686 2924 741 ἓνεκα
2959 688 3060 758 τῆς
3090 690 3269 754 αἰτίας
3298 692 3452 763 φησί·
3486 691 3662 762 New;-

2083 775 2352 830 στεύκατε
2383 777 2502 848 μὲν,
2527 776 2636 845 ἐγὼ
2656 777 2711 830 δὲ
2733 778 2834 830 οὐκ
2856 773 3018 843 εἶδον,
3050 781 3348 847 τουτέστιν,
3370 784 3431 836 οὐ
3492 780 3663 857 προσ-
3694 778 3701 789 ’

2081 867 2273 937 έσχον’
2328 866 2735 921 ὲταπεινώσατε
2780 870 2883 933 τὰς
2920 868 3097 941 ψυχὰς
3155 874 3383 938 ἑαυτῶν,
3424 878 3517 929 καὶ
3556 879 3660 931 οὐκ

2080 956 2274 1024 ἔγνων,
2333 957 2632 1021 τουτέστιν,
2687 959 2788 1011 οὐκ
2818 958 3026 1029 ήξίωσά
3086 979 3232 1025 τινος
3282 964 3515 1034 ἀμοιϐῆς
3562 969 3660 1035 τήν

2080 1048 2236 1119 ὑμῶν
2258 1049 2594 1103 ταπείνωσιν
2630 1066 2645 1080 ο
2681 1049 2978 1120 ἐπειδήπερ
3025 1051 3084 1103 ὲν
3128 1054 3251 1116 ταῖς
3281 1054 3516 1125 ἡμέραις
3550 1058 3660 1109 τῶν

2077 1138 2340 1210 νηστειῶν
2386 1139 2539 1210 ὑμῶν
2583 1139 2866 1211 εὑρίσκετε
2928 1140 2998 1194 τὰ
3035 1139 3315 1213 θελήματα
3351 1145 3525 1215 ὑμῶν.
3560 1149 3653 1200 Δεί

2076 1230 2139 1301 δὴ
2170 1225 2261 1284 οὖν
2288 1230 2396 1302 ἄρα
2420 1273 2435 1296 ,
2466 1231 2593 1294 τοὺς
2645 1231 2923 1300 νηστεύειν
2954 1230 3233 1296 ἐθέλοντας
3272 1233 3527 1305 καθαρῶς
3564 1239 3659 1289 καὶ

2079 1322 2278 1390 ἁγίως,
2320 1322 2687 1392 ἀποφοιτῆσαι
2717 1322 2817 1392 μὲν
2853 1322 2960 1375 τῶν
2993 1323 3136 1377 ἰδίων
3161 1324 3502 1397 θελημάτων,
3535 1330 3658 1382 ἀιθ-

2075 1413 2293 1466 ελέσθαι
2322 1413 2378 1466 δὲ
2425 1413 2486 1466 τὸ
2520 1411 2595 1483 τῷ
2621 1413 2739 1485 Θεῷ
2767 1414 2977 1479 δοκοῦν,
3025 1414 3118 1467 καὶ
3159 1417 3372 1486 εὐήνιον
3404 1418 3658 1488 ὑποσχεῖν

2040 1507 2185 1569 ,τοῖς
2219 1503 2386 1557 αὑτοῦ
2441 1503 2711 1575 θελήμασι
2762 1503 2855 1557 τὸν
2913 1505 3151 1575 αὐχένα’
3201 1505 3444 1559 ἀλλὀὐκ
3490 1507 3659 1578 ἔδρων

2074 1596 2231 1649 τοῦτο
2252 1597 2300 1648 οἱ
2326 1594 2386 1661 ἐξ
2427 1595 2644 1667 Ἰσραήλ
2672 1595 2857 1648 ποθενο
2881 1596 3096 1649 εἵποντο
3109 1595 3165 1648 δὲ
3187 1596 3385 1666 μᾶλλον
3410 1602 3521 1660 τοῖς
3545 1598 3662 1649 ἑαύ-

2077 1686 2186 1741 τῶν
2219 1685 2485 1757 θελήματι
2512 1686 2571 1739 τὸ
2601 1685 2680 1757 τῷ
2731 1686 2997 1760 νομοθέτῃ
3034 1687 3222 1741 δοκοῦν
3264 1689 3619 1754 ἀτιμάζοντες
3642 1729 3655 1751 ,

399 1785 605 1838 tiebant
633 1785 794 1837 etiam
825 1784 1081 1838 humilem
1117 1802 1132 1838 :
1167 1798 1269 1837 non
1304 1785 1551 1839 absolute
1582 1785 1851 1850 manibus,
1879 1784 1972 1839 sed

2084 1779 2370 1833 ὑπένυττον
2430 1779 2486 1833 δὲ
2526 1780 2774 1843 καὶτοὺς
2807 1780 3150 1851 ὑποχειρίους
3202 1782 3281 1843 εἰς
3335 1781 3517 1851 κρίσιν
3566 1783 3657 1833 καὶ

400 1876 615 1946 injuriis
648 1884 703 1929 et
734 1874 807 1939 vi,
841 1874 924 1928 vel
960 1873 1081 1928 aliis
1121 1873 1293 1928 modis
1333 1873 1568 1941 injustis.
1605 1873 1747 1944 Ergo
1779 1873 1975 1943 quibus

397 1968 570 2023 inerat
620 1967 741 2021 talis
777 1982 840 2021 ac
874 1974 1020 2020 tanta
1055 1966 1367 2036 impuritas,
1433 1966 1700 2033 quomodo
1731 1980 1825 2022 eos
1859 1966 1976 2019 lau-

396 2062 551 2114 daret
588 2057 927 2129 jejunantes?
970 2057 1054 2111 vel
1097 2056 1367 2125 quomodo
1411 2055 1546 2111 adeo
1588 2055 1975 2111 sceleratorum

395 2168 586 2225 preces
614 2151 890 2219 suscipere
920 2150 1131 2220 posset?

2085 1870 2284 1942 μάχας
2330 1870 2507 1924 καίτοι
2563 1869 2683 1925 δέον
2731 1872 2810 1936 είς
2856 1871 3159 1942 ὁμοψυχίαν
3211 1872 3484 1940 συλλέγειν
3535 1874 3656 1935 τοὺς

2082 1963 2332 2034 ἀλλήλοις
2376 1962 2888 2034 ἀντανισταμένους,
2951 1965 3047 2017 καὶ⁸
3104 1964 3390 2036 βραϐεύειν
3432 1967 3653 2036 εἰρήνην

2080 2059 2193 2119 τοῖς
2244 2055 2679 2126 διενηνεγμένοις
2733 2056 2812 2118 εἰς
2873 2054 3156 2128 διαφοράς.
3209 2056 3350 2109 Ἀλλ’
3407 2058 3486 2120 εἰς
3549 2058 3657 2109 πᾶν

2080 2145 2390 2199 τούναντίον
2418 2144 2516 2208 τάς
2540 2144 2777 2208 σπουδὰς
2803 2147 2996 2199 ὲκεῖνοι
3024 2145 3371 2216 μεθίστασαν.
3394 2149 3658 2200 Ἐτυπτον

396 2243 452 2300 δὲ
484 2243 580 2298 καὶ
611 2244 883 2310 ταπεινὸν,
903 2240 996 2296 καὶ
1023 2240 1144 2315 οίδχλ⁸
1182 2240 1623 2312 πάντωςχερσὶν,
1671 2238 1786 2294 ἀλλ’
1827 2238 2012 2310 ὕϐρεσι
2052 2237 2148 2292 καὶ
2204 2236 2571 2303 πλεονεξίαις,
2621 2237 2787 2308 ἤγουν
2871 2238 2992 2291 καθ’
3049 2239 3233 2308 ἕτερον
3286 2257 3407 2293 τινα
3460 2240 3659 2310 τρόπον

396 2337 626 2399 ἀδικίας.
686 2333 820 2392 Εἶτα
871 2336 987 2400 πῶς
1026 2332 1094 2408 ἦν
1143 2334 1426 2392 ἐπαινέσαι
1466 2334 1848 2410 νηστεύοντας,
1900 2334 1998 2404 τῆς
2036 2333 2290 2402 τοιαύτης
2328 2331 2671 2403 ἀκαθαρσίας
2714 2331 2939 2404 ἐνούσης
2981 2334 3198 2401 αὐτοῖςς
3234 2335 3267 2406 ἢ
3310 2335 3426 2399 πῶς
3453 2334 3518 2389 ἂν
3547 2333 3657 2387 ἐδέ-

396 2430 600 2499 χθησαν
624 2426 780 2495 εὐχαὶ
800 2426 909 2480 τῶν
939 2426 1111 2492 οὕτως
1134 2429 1457 2500 ἀλιτηρίων;

477 2521 642 2576 Vsus.
675 2522 728 2576 5.
765 2521 939 2585 Quare
983 2522 1113 2573 mihi
1146 2522 1427 2590 jejunatt's,
1458 2531 1514 2575 ut
1540 2522 1693 2577 hodie
1734 2524 1979 2577 audiatur

2163 2517 2298 2572 Ἵνα
2327 2512 2379 2568 τί
2412 2528 2513 2583 μοι
2533 2512 2873 2582 vna-radere,
2891 2510 2972 2581 ὡς
2999 2510 3261 2581 σήμερον
3279 2512 3651 2584 ἀκουσθῆναι

399 2614 452 2666 in
495 2613 720 2665 clamore
764 2624 861 2663 tax
901 2611 1112 2663 vestra?
1151 2609 1274 2662 Non
1317 2610 1421 2663 tale
1458 2610 1714 2677 jejunium
1750 2613 1904 2681 elegi,
1937 2622 1979 2666 et

2087 2609 2157 2661 ἐν
2180 2605 2412 2676 κραυγῇ
2444 2606 2559 2672 τὴν
2576 2604 2788 2674 φωνὴν
2812 2605 2978 2675 ὑμῶν
2992 2621 3013 2669 ;
3050 2606 3131 2659 Οὐ
3167 2605 3381 2673 ταύτην
3406 2606 3523 2671 τὴν
3547 2624 3655 2673 νη-

400 2701 485 2754 die
512 2700 793 2753 humiliore
825 2699 1085 2753 hominem
1119 2700 1350 2752 animum
1382 2715 1555 2753 suam.
1589 2697 1803 2770 Neque,
1828 2702 1873 2754 si
1902 2705 1979 2755 in-

2085 2701 2296 2753 στείαν
2337 2697 2732 2767 ἐξελεξάμην,
2784 2697 2884 2751 καί
2925 2698 3157 2766 ἡμέραν
3187 2697 3512 2754 ταπεινοῦν
3551 2700 3654 2752 ἅν-

401 2792 694 2845 curvaveris
724 2789 860 2844 velut
886 2789 1141 2843 circulum
1169 2788 1360 2843 collum
1389 2799 1559 2857 tuum,
1582 2800 1632 2844 et
1663 2792 1891 2847 cilicium
1920 2810 1983 2848 ac

400 2885 622 2939 cinerem
646 2880 1014 2948 substravetis,
1046 2896 1139 2935 nec
1165 2880 1239 2934 sic
1270 2869 1519 2935 vocabili:
1552 2880 1805 2951 jejunium
1831 2899 1980 2937 acre-

403 2973 618 3043 ptabile.

477 3147 602 3204 Veri
636 3148 822 3219 jejunii
857 3148 1030 3201 virtus
1064 3145 1318 3200 eximiam
1355 3145 1515 3201 habet
1549 3145 1761 3201 tandem
1797 3156 1851 3202 et
1882 3162 1978 3217 ap-

406 3241 799 3313 probdionem,
829 3246 882 3291 et
912 3238 1052 3305 apud
1086 3236 1474 3291 dominatorem
1505 3237 1742 3291 omnium
1774 3237 1977 3304 Deum;

407 3334 637 3388 libenter
689 3329 831 3382 enim
888 3327 1113 3394 Suscipit
1162 3341 1353 3396 preces
1412 3342 1600 3382 eorum
1654 3330 1743 3398 qui
1802 3328 1978 3396 ipsum

408 3425 595 3480 colunt
625 3439 639 3476 :
672 3430 726 3475 et
754 3421 796 3475 si
825 3420 1005 3473 videat
1033 3433 1128 3473 eos
1159 3435 1252 3489 per
1280 3419 1516 3475 laborem
1550 3430 1604 3474 et
1631 3421 1981 3476 exercitatio-

407 3532 531 3571 nem
564 3512 895 3577 humiliatos,
923 3511 1132 3580 abjecta
1162 3513 1307 3566 omni
1336 3513 1703 3578 cunctatione,
1733 3512 1984 3568 concedit

408 3606 698 3678 postulata.
728 3605 877 3671 Quod
922 3615 1103 3658 autem
1150 3605 1388 3673 segniter
1433 3605 1492 3657 fit
1529 3612 1584 3659 et
1628 3604 1979 3675 negligenter,

407 3697 650 3765 repudiat
680 3710 742 3747 ac
774 3693 968 3759 rejicit.
990 3693 1258 3763 Jejunium
1285 3693 1514 3748 dicimus
1543 3704 1811 3759 sanctum,
1836 3695 1980 3764 quod

406 3804 470 3842 ex
507 3802 638 3856 pura
675 3785 734 3839 iit
768 3786 1091 3840 conscientia
1144 3801 1157 3838 :
1204 3785 1345 3855 quod
1386 3784 1471 3839 ille
1504 3784 1670 3839 faciat
1702 3786 1794 3854 qui
1835 3787 1984 3854 prius

408 3894 586 3933 mores
619 3878 891 3945 improbos
923 3890 1248 3945 otnnemque
1280 3876 1454 3930 labem
1492 3890 1559 3930 ex
1595 3877 1776 3932 animo
1810 3877 1985 3944 eiece-

409 3968 498 4032 rit,
523 3977 577 4020 et
600 3966 836 4020 carnalis
867 3966 1158 4036 voluptatis
1191 3968 1380 4021 sordes
1405 3965 1684 4030 deleverit,
1710 3974 1762 4019 et
1789 3965 1983 4020 laverit

408 4059 548 4112 inter
594 4058 907 4112 innocentes
954 4074 1142 4113 manus
1189 4072 1348 4123 suas,
1394 4056 1689 4111 secundum
1741 4056 1791 4109 id
1840 4057 1980 4125 quod

406 4150 664 4218 scriptum
696 4159 774 4203 est
805 4165 819 4202 :
850 4158 901 4201 et
932 4149 983 4201 in
1013 4164 1244 4213 summa,
1269 4148 1445 4203 omnis
1474 4146 1755 4216 probitatis
1780 4150 1985 4203 studio-

406 4256 498 4295 sus
538 4240 716 4294 cultor
747 4239 974 4294 eti‘cctns
1018 4243 1108 4295 sit.
1144 4240 1216 4293 At
1251 4238 1516 4309 jejunium
1551 4243 1693 4309 quod
1734 4257 1839 4296 non
1878 4243 1979 4298 hoc

408 4332 566 4386 modo
582 4346 640 4386 se
677 4333 858 4394 habet.
895 4332 1055 4386 fallax
1091 4342 1197 4395 est,
1227 4341 1283 4387 et
1315 4332 1548 4400 speciem
1587 4342 1791 4386 tantum
1828 4335 1984 4389 habet

2084 2791 2320 2857 θρωπον
2362 2787 2478 2857 τὴν
2518 2787 2732 2857 ψυχὴν
2772 2788 2980 2842 αὐτοῦ.
3016 2789 3149 2843 Οὐδ’
3203 2789 3279 2845 ἂν
3302 2791 3549 2862 κάμψῃς
3582 2796 3659 2862 ὡς

2088 2880 2299 2946 κρίκον
2337 2881 2447 2932 τάν
2487 2877 2792 2949 τράχηλον
2822 2895 2962 2946 σου,
2985 2881 3084 2936 καί
3114 2881 3349 2937 σάκκον
3392 2885 3489 2938 καὶ
3516 2900 3660 2940 creto-

2089 2970 2201 3025 δὸν
2224 2971 2609 3041 ὑποστρώσῃ,
2655 2972 2783 3027 οὐδ’
2828 2974 3015 3041 οὕτως
3057 2974 3347 3029 καὶέσετε
3378 2978 3660 3045 νηστείαν

2084 3063 2326 3130 δεκτήν.

2159 3155 2267 3227 Τῆς
2292 3154 2524 3226 ἀληθοῦς
2557 3156 2812 3227 νηστείας
2842 3158 2874 3227 ή
2897 3156 3124 3228 δύναμις
3162 3157 3399 3225 ἐξαίσιον
3419 3158 3530 3229 ἕχει
3558 3160 3654 3229 τήν

2088 3248 2215 3320 βοὴν
2243 3247 2395 3320 παρά
2426 3247 2504 3318 τῷ
2545 3250 2763 3301 πάντων
2800 3248 3088 3319 κρατοῦντι
3128 3248 3269 3319 Θεῷ.
3306 3251 3528 3320 Δέχεται
3556 3251 3661 3321 γὰρ

2088 3340 2216 3404 ἴσως
2242 3339 2491 3410 ἀσμένως
2522 3338 2631 3392 τῶν
2657 3339 2962 3410 σεϐομένων
2992 3341 3156 3394 αὐτὸν
3202 3340 3301 3404 τὰς
3347 3342 3498 3405 λιτάς
3519 3358 3535 3374 ·
3562 3344 3665 3396 κᾶν

2098 3431 2181 3505 ἴδῃ
2222 3431 2676 3502 ταπεινουμένους
2715 3431 2805 3484 διὰ
2833 3432 3008 3485 πόνων
3058 3433 3150 3485 καὶ
3196 3434 3502 3504 ἁσκήσεων,
3536 3434 3663 3504 με).-

2082 3521 2299 3594 -λησμοῦ
2357 3522 2482 3592 δίχα
2523 3521 2722 3585 παντὸς
2778 3523 2959 3593 ὀρέγει
2995 3524 3063 3577 τὰ
3106 3525 3405 3593 αἰτήματα.
3448 3524 3559 3594 Τῆς
3603 3543 3662 3594 γε

2090 3615 2216 3688 μὴν,
2249 3616 2395 3687 ἥπερ
2439 3616 2505 3671 ἂν
2536 3615 2746 3684 γένοιτο
2800 3616 3061 3686 ῥᾳθύμως
3102 3633 3163 3668 τε
3209 3616 3302 3670 καὶ
3356 3617 3665 3688 ἀτημελῶς,

2088 3710 2393 3781 ἀπόϐλητον
2447 3715 2679 3765 ποιεῖται
2733 3713 2822 3766 τὸν
2866 3711 3086 3781 τρόπον.
3126 3709 3235 3763 Καὶ
3287 3708 3541 3777 νηστείαν
3571 3709 3667 3780 μὲν

2085 3799 2229 3857 εἷναί
2264 3800 2814 3877 φαμενάγιοπρεπῆ,
2844 3804 2940 3874 τὴν
2997 3804 3063 3857 ἐκ
3102 3801 3342 3874 καθαροῦ
3372 3801 3666 3865 συνειδότος

2089 3893 2534 3967 ἐπιτελουμένην·
2568 3897 2634 3963 ἣν
2687 3895 2751 3948 ἄν
2800 3913 2883 3958 τις
2934 3896 3140 3947 ποιοῖτο
3192 3895 3665 3964 προαποιροιτήσας

2087 3984 2356 4048 εὐσθενῶς
2389 3985 2495 4038 τῶν
2536 3984 2637 4054 τῆς
2679 3985 3009 4055 φαυλότητος
3042 3983 3294 4055 τρόπων,
3342 3985 3438 4037 καὶ
3489 3985 3664 4036 πᾶσαν

2089 4074 2281 4143 κηλίδα
2320 4074 2419 4143 τῆς
2471 4073 2667 4127 ἑαυτοῦ
2710 4072 2950 4137 διανοίας
2998 4071 3489 4142 ἀποπεμψάμενος,
3532 4070 3665 4123 ἀπο⁹

2086 4167 2418 4239 τριψάμενός
2468 4184 2526 4219 τε
2570 4169 2670 4238 τῇς
2718 4164 3070 4235 φιλοσαρκίας
3132 4164 3257 4225 τοὺς
3313 4161 3539 4233 ῥύπους,
3572 4160 3666 4214 καὶ

2088 4256 2381 4325 νιψάμενος
2405 4257 2461 4309 ὲν
2491 4253 2688 4317 ἀθώοις
2714 4254 2813 4317 τὰς
2871 4255 3080 4323 χεῖρας,
3123 4251 3264 4305 κατά
3315 4251 3375 4304 τὸ
3422 4266 3665 4321 γεγραμ-

2092 4345 2271 4415 μένον*
2303 4345 2396 4399 καὶ
2425 4343 2781 4409 ἁπαξαπλῶς,
2820 4342 3039 4413 ἀπάσης
3081 4340 3453 4413 ἀγαθουργίας
3506 4346 3668 4412 ἐκμε-

408 4422 636 4491 iejuuii:
672 4432 726 4478 et
757 4440 875 4478 cum
909 4424 1041 4476 nihil
1073 4423 1297 4478 omnino
1327 4424 1525 4478 haheat
1563 4425 1815 4481 decorum
1848 4425 1894 4482 ei
1928 4443 1979 4484 ac

2092 4435 2255 4508 λητὴς
2284 4435 2747 4506 ἀναδεδειγμένος.
2786 4434 2849 4488 Ἦ
2898 4434 2956 4487 δὲ
2998 4434 3098 4486 οὐκ
3127 4430 3266 4487 οὖσα
3291 4432 3536 4502 τοιαύτη,
3569 4449 3665 4485 πεο

406 4528 739 4583 congruens,
775 4514 978 4568 ridetur
1020 4525 1073 4570 et
1116 4523 1273 4584 turpe
1319 4516 1567 4575 habetur.
1604 4517 1738 4572 Nam
1781 4521 1980 4590 quibus

408 4606 538 4658 nihil
568 4620 709 4660 cura:
737 4616 818 4659 est
844 4614 900 4659 ut
932 4606 1083 4675 probi
1115 4622 1178 4663 ac
1208 4609 1332 4664 boni
1366 4610 1497 4674 sint,
1523 4625 1582 4666 ac
1614 4610 1813 4665 nullam
1847 4628 1981 4682 pra:-

409 4700 572 4754 clarm
617 4700 832 4778 virtutis
874 4702 1321 4770 significationem
1365 4708 1559 4772 edunt,
1595 4709 1982 4764 abstinentiam

408 4801 587 4846 tamen
636 4790 743 4845 cibi
793 4800 847 4845 et
899 4792 1131 4846 inediam
1183 4795 1567 4852 infructuosam
1617 4807 1671 4852 ct
1715 4799 1979 4863 inutilem,

409 4895 661 4954 tanquam
715 4897 828 4938 rem
878 4882 1140 4952 insignem
1190 4894 1244 4939 et
1282 4887 1420 4955 apud
1470 4887 1637 4943 Deum
1690 4890 1981 4958 pretiosam

405 4985 662 5031 exercent
710 4993 724 5030 :
804 4974 855 5029 hi
903 4974 1120 5045 quidem
1162 4976 1396 5033 inaniter
1444 4981 1652 5051 pugiles
1697 4992 1894 5052 agunt,
1929 4993 1985 5036 et

406 5084 585 5126 aerem
628 5070 942 5125 verberant.
977 5068 1093 5125 Non
1139 5072 1283 5126 enim
1329 5073 1482 5129 labor
1525 5090 1711 5130 eorum
1762 5077 1985 5145 prtemio

406 5164 653 5227 nllicitur,
681 5164 806 5235 quia
843 5164 1006 5219 etiam
1043 5164 1152 5220 Deo
1185 5150 1440 5234 acceptus
1508 5182 1612 5221 non
1645 5178 1747 5223 est.
1805 5170 1986 5236 Quare

408 5256 570 5325 igitur
618 5272 760 5311 nunc
813 5256 955 5323 mihi
989 5254 1270 5324 jejunatis,
1304 5258 1500 5326 inquit,
1535 5266 1591 5312 ut
1646 5259 1697 5312 in
1741 5259 1827 5315 die
1880 5277 1983 5317 una

405 5345 611 5401 clamor
635 5347 784 5402 vocis
813 5356 1004 5403 vestra:
1031 5348 1315 5403 audiatur?
1394 5349 1696 5404 Clamorem
1728 5351 1877 5419 dicit,
1903 5354 1985 5407 vel

406 5437 792 5508 precationem,
838 5454 960 5493 cum
1008 5439 1180 5495 inutili
1216 5440 1423 5511 jejunio
1463 5441 1842 5509 conjunctam,
1900 5443 1984 5498 vel

405 5530 475 5583 ab
508 5527 628 5598 ipso
660 5542 845 5597 opere.
868 5528 1078 5585 Habere
1109 5531 1254 5585 enim
1287 5533 1543 5587 dicuntur
1566 5548 1759 5599 yocem
1794 5551 1985 5604 qnam-

405 5619 530 5674 dam
571 5619 638 5674 ad
685 5619 852 5673 Deum
907 5635 1027 5690 quae
1079 5636 1108 5674 a
1161 5624 1317 5677 nobis
1359 5626 1514 5689 tiunt,
1537 5624 1691 5693 juxta
1741 5626 1793 5679 id
1841 5628 1985 5696 quod

408 5712 608 5767 dictum
636 5721 713 5768 est
745 5708 915 5766 Caino
944 5712 1012 5766 ab
1041 5727 1107 5767 eo
1138 5730 1150 5767 :
1191 5731 1210 5765 ι
1249 5712 1358 5768 Vox
1389 5716 1667 5788 sanguinis
1696 5717 1876 5772 fratris
1907 5717 1982 5771 tui

2085 4527 2405 4599 πλανημένη
2424 4527 2522 4596 μὲν
2546 4526 2854 4597 ὥσπερ,κα“ι
2878 4527 2936 4577 ὲν
2966 4524 3094 4578 εἴδει
3120 4526 3218 4595 μὲν
3233 4520 3367 4578 οὖσα
3390 4524 3665 4594 νηστείας,

2086 4620 2285 4693 ἔχουσα
2328 4619 2387 4673 δὲ
2427 4618 2535 4672 τῶν
2589 4618 2726 4689 αὐτῇ
2768 4618 3089 4690 πρεπόντων
3141 4616 3418 4680 παντελῶς
3474 4616 3628 4688 ορδὲν
3650 4656 3665 4679 ,

2087 4713 2309 4782 γελᾶται
2363 4712 2456 4765 καὶ
2488 4712 2809 4781 ἀσχημονεῖ.
2848 4712 2911 4764 Οί
2933 4709 3043 4782 γὰρ
3074 4710 3136 4762 τὸ
3164 4704 3300 4761 εἶναι
3332 4708 3561 4780 χρηστοί
3609 4724 3667 4760 τε

2089 4804 2183 4857 καὶ
2205 4802 2399 4871 ἀγαθοὶ
2416 4802 2694 4864 παντελῶς
2721 4801 3181 4871 ὀλιγωρήσαντες.
3198 4798 3414 4853 καὶτῶν
3434 4800 3667 4869 ἀρίστων

2088 4893 2593 4965 ἀνδραγαθημάτων
2623 4892 2775 4945 οὐδὲν
2822 4890 3355 4963 προκατωρθωκὸτες
3374 4907 3388 4921 ο
3422 4885 3542 4944 εἶτα
3572 4888 3668 4959 τὴν

2091 4984 2303 5039 ἀσιτίαν
2328 4983 2429 5055 τὴν
2457 4983 2685 5053 ἀκερδῆ,
2713 4984 2807 5037 καὶ
2833 4984 3110 5054 ἀνόνητον,
3135 4983 3209 5045 ὡς
3251 4983 3397 5052 μέγα
3441 4999 3493 5035 τι
3536 4980 3670 5052 χρῆ-

2093 5092 2168 5146 μα
2211 5075 2305 5128 καὶ
2331 5073 2480 5145 παρά
2505 5073 2625 5145 Θεῷ
2638 5074 2817 5144 τίμιον
2838 5074 3269 5145 ἐπιτηδεύοντι*
3288 5074 3409 5143 είκῆ
3438 5071 3668 5126 πυκτεύ-

2089 5183 2229 5230 ουσι,
2256 5166 2351 5220 καὶ
2389 5167 2468 5228 είς
2493 5165 2636 5237 ἀέρα
2654 5165 2917 5236 δέρουσιν·
2946 5165 3008 5219 οὐ
3031 5166 3137 5239 γὰρ
3166 5163 3431 5235 ἔμμισθος
3457 5166 3486 5217 ὁ
3514 5163 3670 5224 πόνος

2088 5258 2296 5321 αὐτοῖς,
2326 5258 2408 5312 ὅτι
2442 5258 2539 5311 καὶ
2566 5257 2948 5329 ἁπαράδεκτος
2985 5257 3062 5327 τῷ
3082 5258 3221 5328 Θεῷ.
3250 5258 3370 5310 Ἰνα
3397 5256 3450 5310 τί
3493 5255 3669 5309 τοίνυν

2089 5350 2382 5421 νηστεύετέ
2437 5368 2548 5422 μοι,
2618 5351 2806 5423 φησιν,
2856 5350 2998 5404 ὥστε
3060 5353 3118 5404 ὲν
3181 5349 3365 5422 ἡμέρᾳ
3420 5350 3518 5419 μιᾷ
3572 5350 3669 5417 τὴν

2091 5443 2339 5513 κραυγὴν
2369 5445 2470 5513 τῆς
2506 5442 2691 5514 φωνῆς
2721 5443 2877 5513 ὑμῶν
2930 5440 3296 5513 ἀκουσθῆναι;
3330 5441 3590 5513 Κραυγὴν
3616 5438 3671 5492 δέ

2091 5550 2277 5603 φησιν,
2308 5536 2427 5606 ἦτοι
2468 5534 2567 5606 τὴν
2595 5537 2903 5607 προσευχὴν
2926 5538 3026 5609 τὴν
3054 5536 3193 5607 μετά
3227 5551 3314 5603 γε,
3360 5533 3526 5604 φημὶ.
3573 5532 3672 5600 τῆς

2090 5626 2398 5694 ἀνωφελοῦς
2428 5627 2701 5697 νηστείας,
2734 5628 2903 5698 ήγουν
2934 5628 3034 5700 τὴν
3053 5628 3146 5681 ἀπ’
3172 5624 3337 5680 αὐτοῦ
3368 5623 3460 5677 τοῦ
3492 5623 3671 5695 πράγ-

2095 5734 2281 5789 ματος.
2313 5702 2497 5788 Ἐχειν
2530 5721 2637 5791 γάρ
2687 5738 2806 5775 τινι
2840 5721 3089 5789 λέγονται
3144 5717 3328 5789 φωνὴν
3391 5716 3529 5786 πρὸς
3578 5716 3671 5767 τὶν
