4042 6200
315 306 450 363 ιεεδ
1440 297 1503 354 IN

1562 296 1795 354 ISAIAM
1846 296 1975 354 LIB.
2016 297 2081 353 ν.
2123 297 2359 353 τυιιυδ
2395 296 2485 353 lll.

3454 291 3595 349 5286‘

314 422 447 473 υτον
476 421 547 473 τὰ
573 420 829 492 δρώμενα
859 417 985 487 παρ’
1020 413 1206 486 ἡμῶν,
1243 413 1383 467 κατά
1434 429 1498 482 γε
1526 412 1585 466 τὺ
1612 411 1899 483 εἰρημένον

2020 413 2202 468 :lamat
2249 411 2316 467 ad
2369 427 2455 467 me
2500 411 2568 466 de
2617 419 2763 466 terra
2799 412 2864 464 ³⁸.
2919 430 2939 466 ι
2997 409 3106 467 Sed
3147 409 3413 482 jejunium
3459 414 3585 475 hoc.

316 504 397 576 τῷ
423 512 563 566 Κάῖν
593 512 722 582 παρ’
772 507 935 563 αὐτοῦ
960 523 974 538 ·
1018 526 1035 558 ι
1061 505 1217 577 Φωνὴ
1276 506 1508 575 αἵματος
1533 503 1628 556 τοῦ
1672 501 1905 570 ἀδελφοῦ

319 618 415 654 σου
441 606 539 676 βοᾷ
566 602 701 674 πρός
734 617 800 671 με
848 600 912 652 ὲκ
940 596 1065 668 γῆς.
1107 617 1127 649 ι
1170 594 1311 650 Ἀλλ’
1340 596 1399 649 ού
1434 594 1639 665 ταύτην
1675 594 1775 664 τὴν
1808 610 1905 662 νη-

321 691 504 745 στείαν
525 690 874 759 ἐξελεξάμην,
912 686 1047 759 φησί
1084 704 1097 718 ’
1135 688 1231 741 καὶ
1254 686 1414 739 ποίαν
1441 684 1669 755 ταύτην,
1697 700 1909 755 προαπο

325 782 525 855 έφηνεν
559 780 750 845 είπὼν,
782 781 865 833 ὅτι
905 800 923 832 ι
966 781 1052 833 Ἐν
1092 781 1211 843 ταῖς
1244 778 1483 849 ἡμέραις
1510 777 1618 829 τῶν
1645 775 1909 847 νηστειῶν

324 874 476 943 ὑμῶν
505 873 790 944 εὑρίσκετε
820 872 889 925 τά
910 871 1192 942 θελήματα
1230 869 1406 940 ὑμῶν,
1438 870 1532 921 καὶ
1558 868 1762 932 πάντας
1785 866 1911 930 τοὺς

322 964 669 1035 ὑποχειρίους
748 962 1085 1021 ὖπονύσσετε
1157 964 1237 1026 είς
1292 961 1475 1031 κρίσιν
1528 962 1625 1014 καὶ
1695 960 1896 1031 μάχας.

322 1053 650 1125 Νηστεύετε,
675 1056 770 1107 καὶ
799 1053 1032 1106 τύπτετε
1063 1054 1308 1122 πυγμαῖς
1341 1051 1615 1105 ταπεινόν.
1641 1050 1899 1113 ιυύκούν,

334 1145 445 1197 οὐδ’
491 1144 558 1199 ἂν
601 1146 828 1217 κάμ’ξιῃς
879 1145 954 1208 ὡς
990 1144 1180 1217 κρίκον
1213 1144 1303 1196 τὸν
1341 1143 1611 1215 τράχηλόν
1656 1159 1749 1195 σου
1774 1183 1787 1203 ,
1818 1143 1913 1196 καλ⁵

322 1236 525 1291 σάκκον
574 1239 669 1293 καὶ
701 1237 895 1292 σποδὸν
939 1235 1371 1310 ὑποστρώσῃ[ς],
1394 1236 1660 1297 τουτέστι,
1686 1235 1788 1288 κᾶν
1814 1234 1911 1304 τὴν

321 1331 402 1390 εἰς
423 1330 599 1400 ἄκραν
629 1328 994 1401 ἐπιτηδεύσῃς
1014 1329 1364 1390 ταπείνωσιν,
1399 1328 1494 1380 καὶ
1525 1328 1688 1379 πόνου
1726 1325 1912 1396 τρίϐον

320 1421 524 1494 ἐλάσῃς
579 1421 639 1474 οὐ
672 1426 938 1493 φορητὴν,
968 1421 1105 1491 μετά
1124 1421 1234 1473 τῶν
1254 1418 1427 1483 οὕτως
1465 1418 1708 1490 αίσχρῶν
1737 1420 1915 1472 αἰτια-

324 1513 531 1581 μάτων,
558 1512 666 1579 οὐδ’
682 1511 825 1565 οὕτω
865 1512 1122 1566 καλέσετε
1156 1510 1411 1582 νηστείαν
1443 1510 1659 1579 δεκτήν.
1719 1510 1782 1562 El
1804 1509 1913 1581 γὰρ

325 1602 599 1673 βούλεσθε,
625 1605 811 1674 φησὶν,
843 1603 1046 1674 ἀληθὲς
1085 1604 1283 1666 εἰπεῖν,
1323 1602 1432 1656 οὐδ’
1461 1600 1526 1655 ἂν
1561 1602 1718 1672 ὑμεῖς
1745 1600 1914 1671 αὐτὴν

324 1696 580 1765 νηστείαν
606 1695 802 1765 δεκτὴν
834 1694 1128 1765 όνομάσετε
1157 1694 1349 1763 αὑτήν.

2008 505 2210 575 inquit,
2248 518 2353 557 non
2400 502 2558 572 elegi.
2594 502 2761 567 Quale
2806 502 2856 557 id
2906 502 3007 569 sit,
3041 502 3337 557 declaravit
3382 517 3542 573 supra
3570 545 3584 568 ,

2009 596 2261 667 inquiens
2296 615 2311 652 :
2349 612 2368 647 ι
2405 593 2461 648 ln
2498 595 2687 648 diebus
2717 593 3046 663 jt-jttniorum
3075 592 3244 664 διε
3265 601 3591 655 vestrorum.

2009 692 2266 746 invenitis
2312 689 2620 744 voluntates
2677 694 2920 749 vestras,
2971 692 3028 739 et
3073 699 3264 737 omnes
3317 683 3592 751 subjectos

2010 783 2244 855 alﬂigitis
2274 782 2481 852 judicio
2501 791 2551 835 et
2574 794 2768 850 pugna.
2799 776 3086 845 .lejunatis,
3118 775 3471 843 etpercutitis
3491 789 3594 844 pn-

2011 877 2130 947 gnis
2151 875 2468 931 humilem.»
2499 872 2687 941 Itaque
2742 871 2785 923 si
2815 868 3185 923 incnrvaveris
3208 881 3303 920 ceu
3331 865 3592 920 circulum

2010 970 2206 1024 collum
2225 980 2397 1032 tuum,
2427 976 2484 1019 et
2516 964 2752 1020 cilicium
2790 976 2854 1016 ac
2904 961 3142 1015 cinerem
3201 957 3590 1018 substraveris,

2014 1062 2066 1115 id
2094 1069 2200 1125 cst,
2228 1056 2440 1113 etiamsi
2467 1068 2735 1110 summam
2769 1049 3198 1106 ltumiliationem
3230 1061 3507 1111 exerceas,
3538 1055 3595 1100 et

2013 1151 2213 1205 laboris
2256 1148 2398 1201 viam
2451 1159 2733 1215 capessas,
2769 1158 2873 1196 non
2923 1150 3100 1195 tamen
3149 1155 3272 1194 cum
3322 1138 3406 1193 his
3459 1138 3594 1191 adeo

2015 1242 2173 1299 {mdis
2226 1242 2373 1294 vitiis
2399 1236 2704 1299 tolerabile,
2735 1249 2909 1303 neque
2939 1233 3021 1288 sic
3053 1227 3591 1299 vocabitisjcjnnium

2014 1343 2321 1405 acceptum.
2363 1332 2420 1386 Si
2443 1332 2588 1385 enim
2616 1327 2815 1391 velitis,
2852 1326 3046 1394 inquit,
3075 1338 3262 1378 verum
3293 1322 3495 1387 dioere,
3528 1334 3594 1375 ne

2015 1428 2115 1497 ipsi
2163 1426 2381 1497 quidem
2426 1437 2524 1479 vos
2571 1421 2675 1477 hoc
2718 1420 2983 1490 jejunium
3031 1426 3310 1487 acceptum
3357 1412 3589 1485 appella-

2015 1519 2163 1575 bilis.

400 1788 546 1855 Οὐχὶ
580 1762 866 1853 τοιαύτην
900 1762 1193 1852 ⁸ιίιηστείαν·
1220 1762 1335 1853 ἐγὼ
1381 1782 1775 1853 ἐξελεξάμην,
1813 1780 1912 1837 λέ-

2087 1783 2254 1840 Vens.
2299 1782 2364 1848 6,
2407 1781 2460 1837 7.
2505 1780 2628 1835 Non
2676 1778 2779 1834 tale
2826 1793 2918 1848 ego
2960 1776 3222 1847 jejunium
3268 1773 3430 1844 elegi,
3469 1772 3595 1827 dicit

324 1895 413 1947 γει
446 1879 678 1946 Κύριος,
708 1877 869 1932 ἀλλὰ
898 1878 1011 1931 λύε
1048 1874 1245 1930 πάντα
1271 1875 1621 1946 σύνδεσμον
1653 1874 1910 1941 ἀδικίας,

324 1970 537 2025 διάλυε
605 1970 1015 2041 στραγγαλιὰς
1074 1969 1296 2034 βιαίων
1351 1966 1910 2038 συναλλαγμάτων,

323 2063 668 2116 ἀπόστελλε
703 2060 1193 2130 τεθραυσμένους
1216 2060 1279 2113 ἐν
1316 2059 1551 2129 ἀφέσει,
1585 2059 1683 2112 καὶ
1709 2057 1916 2113 πᾶσαν

324 2150 684 2220 συγγραφὴν
707 2151 921 2205 ἄδικον
961 2149 1211 2204 διάσπα.
1278 2150 1608 2217 Διάθρυπτε
1667 2148 1915 2202 πεινῶν-

325 2258 380 2294 τι
427 2242 533 2294 τὸν
566 2241 750 2309 ἄρτον
809 2258 952 2302 σου,
982 2241 1080 2292 καί
1124 2236 1401 2306 πτωχοὺς
1437 2239 1735 2308 ἁστέγους
1788 2238 1917 2292 εἱσ-

327 2325 511 2396 άγαγε
543 2328 630 2392 εὶς
661 2328 767 2381 τὸν
786 2324 957 2381 οἶκόν
984 2342 1123 2380 σου.
1143 2325 1285 2378 Ἑαν
1313 2324 1449 2394 ἴδῃς
1476 2326 1726 2396 γυμνὸν,
1749 2326 1914 2394 περί-

327 2422 508 2482 ϐαλε,
558 2418 658 2472 καί
699 2418 818 2473 ἀπὸ
862 2418 982 2473 τῶν
1029 2416 1264 2472 οἰκείων
1288 2415 1394 2470 τοῦ
1434 2418 1779 2489 σπέρματός
1800 2433 1918 2473 σου

328 2512 438 2579 οὐχ
465 2511 777 2580 ὐπερόψει.

401 2601 550 2654 Ἔδει
587 2603 700 2664 τοῖς
751 2602 852 2655 οὐκ
910 2601 1075 2655 εἰδόσι
1132 2603 1233 2674 τῆς
1278 2602 1514 2674 ἀληθοῦς
1554 2602 1803 2673 νηστείας
1828 2602 1920 2656 τὸν

324 2690 547 2762 τρόπον,
579 2688 954 2761 ἐπιδειχθῆναι
985 2690 1177 2745 τοῦτον
1210 2691 1363 2765 παρά
1399 2690 1555 2745 Θεοῦ.
1592 2690 1728 2762 Παρ⁹
1754 2682 1918 2745 αὐτοῦ

326 2781 437 2853 γάρ
464 2782 615 2834 πᾶσα
645 2781 828 2849 σοφία,
858 2781 953 2834 καὶ
983 2783 1222 2845 σύνεσις,
1258 2782 1404 2852 καὶὴ
1449 2780 1585 2850 πρὸς
1613 2783 1720 2834 πᾶν
1742 2778 1920 2834 ὁτιοῦν

325 2871 437 2924 τῶν
493 2870 733 2942 ἀρίστων
768 2869 887 2933 ὁδὸς
939 2870 1339 2925 ἀναδείκνυται.
1365 2869 1573 2925 Ψάλλει
1612 2869 1742 2939 γοῦν
1771 2869 1865 2924 καὶ
1890 2871 1919 2923 ό

327 2961 619 3025 θεσπέσιος
640 2960 825 3022 Δαϐὶδ,
869 2962 965 3016 καί
1011 2977 1197 3033 φησιν’
1232 2981 1251 3014 t
1280 2961 1575 3032 Ὀδήγησόν
1603 2979 1691 3032 με,
1711 2961 1883 3033 Κύριε
1902 2999 1917 3026 ,

329 3054 388 3106 ιν
410 3054 476 3123 τῇ
507 3050 611 3122 6δῷ
639 3068 756 3116 σου,
792 3052 887 3106 καὶ
919 3052 1259 3122 πορεύσομαι
1312 3054 1371 3107 ὲν
1398 3055 1465 3123 τῇ
1502 3051 1731 3125 ἀληθείᾳ
1751 3070 1865 3107 σου.
1893 3073 1912 3106 ι

2018 1878 2271 1932 Dominus
2303 1891 2321 1931 :
2352 1875 2442 1929 sed
2474 1873 2612 1928 solve
2641 1887 2843 1927 omnem
2876 1870 3241 1941 colligaturam
3276 1866 3591 1936 iniquitatis,

2014 1970 2237 2024 dissolve
2286 1968 2629 2037 obligationes
2674 1963 3013 2018 violentorum
3062 1972 3458 2022 contracturam;
3506 1956 3596 2010 di-

2016 2063 2161 2116 mitte
2203 2046 2397 2128 fractos
2439 2057 2494 2109 in
2541 2055 2872 2115 remissione,
2906 2061 2955 2104 et
2997 2066 3199 2105 omnem
3244 2046 3596 2119 syngrapham

2017 2153 2269 2222 injustam
2293 2148 2592 2203 conscinde.
2624 2144 2835 2215 Frange
2864 2143 3111 2197 esurienti
3138 2156 3322 2208 panem
3354 2148 3521 2202 tuum,
3544 2144 3596 2190 et

2015 2259 2267 2314 pauperes
2318 2250 2451 2295 tecto
2496 2248 2728 2293 carentes
2771 2237 2930 2290 induc
2970 2236 3024 2287 in
3074 2239 3285 2285 domum
3329 2240 3495 2283 tuam.
3533 2225 3594 2282 Si

2018 2335 2207 2390 uideris
2249 2332 2478 2397 nudum,
2515 2339 2656 2402 tege,
2692 2337 2741 2383 et
2793 2325 3107 2382 domesticas
3156 2320 3365 2377 seminis
3412 2319 3489 2373 tui
3534 2333 3596 2372 ne

2020 2424 2300 2495 despicias.

2092 2598 2193 2666 Qui
2230 2598 2342 2652 veri
2380 2596 2575 2667 jt-junii
2618 2593 2833 2650 modum
2882 2590 3150 2657 nesciunt,
3187 2589 3272 2646 his
3307 2599 3521 2660 oportet
3566 2605 3594 2642 a

2022 2692 2133 2745 Deo
2163 2689 2395 2745 ostendi.
2418 2689 2499 2742 Ah
2530 2688 2648 2758 ipso
2669 2687 2813 2741 enim
2838 2685 3015 2740 omnis
3040 2685 3302 2755 sapientia
3326 2693 3377 2738 et
3401 2681 3598 2737 intelli-

2021 2783 2222 2854 gentia,
2246 2795 2300 2835 et
2323 2781 2407 2835 via
2438 2781 2503 2834 ad
2533 2780 2712 2834 omnia
2740 2793 2859 2848 quae
2887 2786 3014 2832 sunt
3037 2776 3239 2846 optima
3270 2776 3595 2830 ostenditur.

2022 2873 2208 2929 Psallit
2233 2873 2415 2942 itaque
2440 2882 2495 2928 et
2521 2871 2733 2926 divinus
2759 2867 2946 2932 David,
2972 2877 3025 2922 et
3046 2867 3218 2936 inquit
3247 2884 3261 2921 :
3298 2883 3318 2917 ι
3354 2867 3467 2920 Duc
3489 2880 3597 2929 me,

2023 2966 2271 3031 Domine,
2295 2966 2348 3019 in
2375 2964 2458 3020 via
2490 2972 2599 3027 tua,
2621 2971 2675 3017 et
2700 2960 2991 3015 ambulabo
3021 2960 3074 3012 in
3102 2958 3332 3011 veritate
3365 2967 3452 3009 tua
3470 2955 3537 3008 ".
3570 2974 3590 3007 ι

2019 3056 2183 3112 Proin
2219 3054 2528 3111 Judmorum
2568 3049 2965 3107 crassissimum
3002 3058 3055 3105 et
3092 3047 3237 3103 nullo
3273 3048 3431 3102 modo
3465 3046 3596 3102 utile

328 3143 540 3198 υύκοῢν
581 3143 889 3213 ἀπόϐλητον
922 3144 1025 3214 μὲν
1048 3145 1342 3215 ἐποιήσατο
1369 3144 1467 3215 τὴν
1517 3146 1914 3216 ἀτεχνεστάτην

2020 3147 2279 3218 jejunium
2317 3145 2533 3216 rejecit,
2566 3153 2620 3198 et
2649 3142 2757 3197 veri
2786 3142 2894 3196 vim
2928 3139 3186 3194 declarat.
3225 3137 3385 3194 Solve
3418 3138 3592 3199 enim.

328 3235 592 3289 xal'xas'
621 3235 814 3289 οὐδένα
861 3235 1061 3305 τρόπον
1113 3233 1434 3305 ὀνησιφόρον
1490 3234 1601 3288 τῶν
1648 3234 1913 3289 Ἰουδαίων

332 3327 608 3396 νηστείαν,
658 3326 949 3398 ἐμφανίζει
982 3326 1038 3379 δὲ
1072 3327 1173 3397 τῆς
1221 3326 1478 3396 ἀληθινῆς
1531 3326 1628 3398 τὴν
1659 3327 1912 3398 δύναμιν.

333 3416 441 3471 Δύε
470 3416 600 3487 γὰρ,
629 3416 782 3486 φησὶ,
816 3415 993 3469 πάντα
1015 3415 1312 3486 σύνδεσμον
1344 3415 1578 3479 ἀδικίας,
1602 3417 1878 3470 τουτέστιν
1896 3458 1911 3483 ,

333 3506 673 3561 ἀπαλλάττου
700 3504 792 3560 τοῦ
825 3505 1169 3557 πλεονεκτεῖν
1198 3501 1485 3573 βούλεσθαί
1506 3519 1677 3567 τινας·
1703 3505 1916 3569 ἀδικίας

333 3598 441 3670 γὰρ
474 3597 771 3669 σύνδεσμος
809 3599 842 3665 ἡ
873 3594 1180 3659 πλεονεξία,
1213 3594 1307 3647 καὶ
1340 3593 1401 3646 τὸ
1447 3592 1775 3662 ὲπιφύεσθαί
1804 3611 1915 3647 τισι

333 3689 442 3743 τῶν
487 3688 911 3758 ἀσθενεστέρων,
969 3686 1065 3740 καὶ
1112 3680 1223 3737 οἷον
1281 3683 1602 3747 ἐπιπλοκαῖς
1653 3683 1916 3754 ἀφύκτοις

334 3781 672 3853 αίτιαμάτων
707 3779 1071 3849 καταδεσμεῖν
1101 3777 1319 3841 αὐτοὺς,
1360 3776 1499 3849 ὑπέρ
1535 3794 1596 3846 γε
1625 3776 1716 3831 τού
1745 3795 1914 3831 καταο

337 3876 531 3946 στῆσαι
562 3872 849 3944 περιδεεῖς,
873 3868 1016 3923 οὕτω
1042 3886 1100 3922 τε
1131 3869 1314 3942 ζητεῖν
1344 3870 1486 3942 ἅπερ
1518 3870 1583 3925 ἂν
1617 3870 1916 3941 βούλωνται

336 3969 465 4038 παρ’
491 3964 670 4020 αὐτῶν
704 3962 1024 4036 λαμϐάνειν.
1063 3961 1255 4016 Διάλυε
1308 3962 1680 4033 πραγγαλιάς
1727 3963 1916 4035 βιαίων

337 4057 818 4129 συναλλαγμάτων.
855 4054 1286 4125 Συναλλάγματα
1316 4053 1372 4107 δὲ
1397 4052 1567 4124 βίαια,
1610 4054 1705 4109 καὶ
1747 4055 1816 4109 τά
1854 4057 1917 4109 ὲκ

337 4149 747 4220 πραγγαλιᾶς,
799 4149 968 4219 ἡγουν
1016 4146 1367 4217 δυστροπίας,
1429 4147 1704 4218 ὲπίμεστά
1738 4165 1918 4220 φαμεν

336 4237 475 4295 εἶναι
516 4243 583 4295 τὰ
632 4241 931 4312 ὲμπορικά.
978 4239 1089 4293 Καὶ
1119 4238 1256 4310 πρός
1282 4255 1345 4307 γε
1377 4239 1588 4305 τούτοις
1638 4240 1708 4294 τὰ
1758 4241 1919 4311 ἕτερα

335 4334 443 4387 τῶν
465 4333 817 4404 καλουμένων
867 4332 1068 4386 δόσεών
1098 4349 1157 4385 τε
1224 4333 1317 4385 καὶ
1367 4332 1603 4402 λήψεων,
1659 4333 1695 4387 ἃ
1733 4333 1920 4387 πλεον-

2024 3242 2219 3311 inquit,
2250 3254 2466 3295 omnem
2503 3252 2697 3293 nexum
2730 3233 3024 3306 injustitim,
3058 3231 3109 3285 id
3138 3238 3241 3296 est,
3270 3230 3461 3285 omitte
3490 3229 3595 3283 vim

2021 3334 2183 3388 alicui
2212 3333 2408 3388 facere.
2442 3329 2723 3399 lnjnstitiae
2752 3329 2894 3384 enim
2929 3341 3099 3381 nexus
3130 3334 3214 3380 est
3245 3322 3523 3386 violentia,
3548 3330 3604 3376 et

2022 3424 2407 3479 imbecilliores
2436 3420 2713 3485 invadere,
2736 3429 2789 3474 et
2816 3419 2962 3473 velut
2995 3415 3391 3471 inevitabilibus
3416 3413 3602 3469 crimi-

2022 3516 2305 3570 nationum
2329 3512 2560 3567 vinculis
2582 3511 2773 3581 ligare,
2795 3518 2854 3562 ut
2872 3523 2965 3563 eos
2992 3508 3216 3561 reddant
3241 3506 3474 3573 timidos,
3497 3505 3605 3561 sic-

2028 3619 2134 3676 que
2164 3612 2431 3657 concntur
2458 3604 2526 3655 ab
2557 3601 2687 3665 illis,
2715 3615 2834 3671 qua:
2859 3599 3039 3652 volunt
3072 3599 3335 3665 accipere.
3361 3596 3603 3652 Dissolvo

2024 3696 2193 3750 nodos
2222 3693 2579 3749 violcutorum
2616 3699 3025 3746 contractnum.
3054 3688 3375 3743 Contractus
3399 3686 3603 3741 violen-

2026 3798 2141 3852 tos,
2178 3796 2231 3841 et
2273 3783 2442 3839 nodos
2485 3783 2691 3838 smvitia
2733 3782 2921 3852 plenos
2962 3795 3082 3836 esse
3120 3779 3377 3843 dicimus,
3413 3777 3502 3847 qui
3546 3776 3601 3832 in

2025 3874 2481 3947 negotiationibus
2521 3873 2675 3935 liunt,
2709 3880 2764 3926 et
2807 3871 2860 3925 in
2908 3869 3030 3924 aliis
3074 3884 3194 3939 qua:
3238 3880 3502 3923 vocantur
3544 3866 3599 3920 in

2024 3967 2202 4023 dando
2228 3979 2283 4022 et
2307 3966 2620 4036 accipiendo
2654 3963 3000 4030 commercia,
3032 3977 3151 4032 quae
3178 3969 3411 4030 qurestus
3436 3975 3603 4031 quos-

2024 4061 2145 4117 dam
2204 4060 2429 4123 habent,
2473 4067 2528 4113 et
2576 4072 2669 4112 eos
2731 4057 2902 4125 turpis
2960 4055 3093 4111 lucri
3154 4064 3421 4108 amatores
3480 4068 3602 4108 esse

2025 4162 2277 4226 arguunt,
2308 4152 2397 4221 qui
2430 4165 2493 4207 ea
2531 4149 2705 4205 solent
2735 4163 2916 4219 agere.
2949 4148 3014 4203 Et
3044 4148 3371 4210 c0nfraclos,
3404 4145 3599 4213 inquit,

2026 4246 2236 4301 dimitte
2284 4245 2336 4300 in
2388 4242 2739 4308 remissione,
2777 4241 2830 4296 id
2880 4250 2994 4305 est,
3026 4240 3116 4310 qui
3164 4247 3471 4292 atteruntur
3516 4235 3601 4291 vel

2027 4336 2410 4405 delatigantur,
2443 4334 2525 4391 vel
2557 4350 2623 4390 ex
2647 4348 2785 4388 nexu
2817 4330 3118 4400 injustitiaa,
3147 4331 3229 4385 vel
3259 4346 3326 4384 ex
3354 4329 3600 4384 violentis

337 4425 545 4496 ασμούς
573 4441 723 4487 τινας
769 4425 901 4494 ἔχει,
948 4425 1041 4478 καὶ
1064 4423 1367 4494 λημμάτων
1414 4423 1653 4495 αἰσχρῶν
1688 4425 1914 4496 ἐραστὰς

2028 4429 2417 4486 contractibus.
2446 4428 2665 4482 Dimitte
2693 4426 2745 4480 in
2773 4423 3111 4487 remissione,
3135 4424 3185 4477 id
3213 4432 3315 4489 est,
3340 4423 3407 4478 ab
3434 4437 3602 4493 angu-

335 4516 685 4572 ἀποδείκνυσι
706 4515 832 4577 τοὺς
852 4516 989 4568 αύτά
1007 4516 1139 4587 δρᾷν
1158 4516 1434 4579 εἰωθότας.
1456 4518 1565 4570 Καὶ
1583 4516 1919 4588 τεθραυσμέ-

336 4624 462 4671 νους
489 4605 567 4670 δὲ,
595 4606 779 4677 φησὶν,
805 4606 1123 4660 ἀπόστειλον
1154 4609 1212 4660 ὲν
1233 4606 1444 4676 ἀφέσει,
1478 4607 1745 4672 τουτέστι,
1793 4608 1920 4671 τοὺς

338 4697 712 4768 ὑπομένοντας
756 4696 1083 4769 συντριϐὴν,
1123 4698 1158 4769 ἢ
1198 4697 1468 4767 κάματον,
1502 4699 1535 4772 ἢ
1574 4699 1639 4752 ὲκ
1672 4698 1763 4752 τοῦ
1794 4716 1919 4751 συν-

335 4791 534 4861 δέσμου
565 4790 666 4861 τῆς
713 4790 950 4855 ἀδικίας,
1010 4791 1179 4860 ἤγουν
1234 4792 1299 4844 ὲκ
1346 4790 1455 4844 τῶν
1496 4790 1686 4862 βιαίων
1730 4791 1920 4845 auxia).—

335 4882 658 4954 λαγμάτων.
708 4883 1001 4936 Ἀπόλυσον
1027 4885 1085 4937 ἐν
1112 4883 1329 4952 ἀφέσει,
1368 4883 1664 4948 τουτέστιν,
1706 4884 1921 4943 ἐλευθέ-

339 4992 513 5049 ρωσον
561 4974 661 5045 τῆς
720 4974 1106 5046 ἐπενεχθείσης
1167 4975 1526 5048 στενοχωρίας
1554 4992 1565 5005 ·
1632 4976 1923 5049 ἐπίτρεψον

336 5068 635 5138 κάμνουσιν
670 5066 990 5121 ἀναπαῦσαι
1023 5066 1212 5120 λοιπόν
1234 5111 1252 5128 ,
1287 5068 1503 5122 Διάσπα
1538 5067 1592 5120 δὲ
1623 5069 1719 5122 καὶ
1743 5070 1922 5122 πᾶσαν

335 5159 519 5213 ἄδικον
550 5160 905 5230 συγγραφήν·
952 5158 1028 5223 ὧς
1073 5177 1136 5228 γε
1159 5155 1333 5228 οἶμαι,
1362 5160 1429 5214 τὰ
1458 5160 1566 5213 τῶν
1597 5161 1917 5226 τοκιζόντων

337 5246 695 5319 γραμματεῖά
720 5264 907 5317 φησιν,
951 5250 1315 5319 συνταχθέντα
1348 5250 1605 5314 πολλάκις
1636 5250 1756 5304 οὐδὲ
1793 5251 1916 5303 ἐπι-

336 5338 479 5393 δόσει
505 5339 802 5410 χρημάτων
833 5339 1126 5405 τοσούτων,
1161 5342 1413 5410 ὅσωνπερ
1445 5341 1624 5395 ὠδίνει
1659 5340 1855 5412 μέτρον
1880 5343 1914 5412 ἡ

339 5433 649 5503 συγγραφή.
710 5431 879 5486 Ὅταν
928 5433 986 5488 δὲ
1042 5432 1247 5487 τούτων
1302 5434 1540 5504 ἀπόσχῃ,
1574 5435 1738 5506 φησὶ,
1795 5435 1917 5488 τότε

338 5520 617 5593 προστίθει
650 5521 712 5576 τὸ
738 5523 945 5578 λεῖπον.
985 5525 1217 5579 Ἐστιδὲ
1247 5524 1406 5578 τοῦτο
1437 5528 1805 5596 καρποφορεῖν
1842 5526 1917 5597 τῷ

419 5700 617 5757 "Gen.
650 5716 722 5762 tv,
760 5699 842 5755 ιο.
919 5699 962 5732 "
998 5699 1138 5756 Psal.
1175 5716 1297 5771 uv,
1333 5701 1417 5758 lO.
1493 5701 1538 5733 ³⁸
1571 5701 1585 5755 l
1628 5700 1764 5755 Tim.
1795 5716 1832 5768 ι,
1859 5701 1911 5756 5.

2025 4520 2144 4572 sliis
2190 4520 2242 4573 in
2287 4534 2422 4589 quas
2466 4516 2698 4586 conjecti
2741 4527 2866 4571 sunt
2908 4516 3097 4570 libera.
3131 4516 3296 4587 817
3337 4514 3601 4570 Permitte

2025 4609 2183 4664 lassis
2243 4620 2299 4663 ut
2347 4610 2599 4679 deinceps
2649 4610 2939 4678 respirent.
2994 4626 3015 4660 ι
3077 4608 3381 4673 Conscinde
3433 4606 3598 4661 etiam

2024 4716 2238 4755 omnem
2285 4701 2534 4769 injustam
2584 4702 2947 4773 syngrapham
2987 4716 3001 4755 :
3044 4720 3063 4753 ι
3106 4709 3164 4754 ιιι
3196 4700 3410 4771 opinor.
3452 4698 3596 4753 lette-

2028 4795 2258 4848 rantium
2295 4793 2503 4849 libellos
2538 4797 2699 4857 dicit,
2727 4810 2869 4864 sape
2907 4794 3237 4863 compositos
3271 4808 3599 4848 coacervan-

2026 4889 2213 4941 darum
2264 4888 2611 4958 pecuniarum
2664 4902 2863 4953 causa,
2899 4902 3035 4958 quas
3085 4887 3224 4956 parit
3267 4884 3592 4956 syngrapha.

2024 4976 2158 5032 Cum
2204 4991 2365 5041 vero,
2406 4977 2613 5048 inquit,
2647 4978 2716 5031 ab
2763 4977 2850 5031 his
2900 4977 3259 5039 abstinueris,
3299 4985 3407 5029 tum
3454 4973 3597 5043 quod

2025 5068 2178 5124 deest
2211 5084 2438 5140 appone,
2468 5068 2745 5135 nimirum,
2778 5079 2836 5123 ut
2870 5068 3078 5123 fructus
3108 5068 3281 5123 Lanos
3314 5064 3595 5120 charitatis

2019 5175 2146 5229 erga
2171 5150 2472 5230 proximum
2496 5160 2768 5230 praeferas.
2789 5158 3250 5229 Complementutn
3272 5158 3416 5213 enim
3465 5155 3597 5227 legis

2022 5254 2281 5321 rharitas,
2308 5252 2461 5324 juxta
2505 5252 2555 5307 id
2597 5252 2738 5323 quod
2785 5253 3041 5324 scriptum
3087 5262 3173 5308 est
3198 5252 3263 5304 ³⁸.
3300 5250 3597 5307 Charitatis

2024 5359 2154 5399 vero
2199 5344 2438 5415 impletin
2483 5361 2608 5418 erga
2649 5344 2844 5400 fratres
2889 5354 2943 5400 et
2980 5343 3164 5400 ell'usze
3215 5343 3597 5400 misericordia

2024 5449 2144 5503 qua:
2175 5436 2315 5504 apud
2346 5435 2514 5491 Deum
2554 5438 2606 5492 in
2643 5435 2818 5507 pretio
2852 5436 3032 5490 habita
3066 5446 3170 5501 cst,
3205 5432 3597 5489 demonstratio

2025 5536 2106 5579 cst
2161 5542 2174 5578 :
2231 5527 2487 5581 esurienti
2547 5541 2738 5595 panem
2801 5525 3080 5597 frangere,
3130 5535 3396 5595 pauperes
3453 5531 3597 5578 tecto
