4096 6212
374 364 508 422 1289

1513 367 1577 422 IN
1613 367 1846 424 lSAlAM
1888 369 2016 424 LIB.
2066 365 2129 424 ν.
2174 364 2413 424 TOMUS
2447 367 2533 421 IV.

3499 366 3634 421 ιεςιο

369 477 669 549 ἀμεινόνων
702 479 1120 554 άντεισδρομήν.
1156 482 1416 553 Ψυχικῶν
1447 482 1554 555 γάρ
1582 487 1950 557 ἀρρωστημά-

2059 483 2252 538 lioruut
2287 484 2581 540 successio.
2637 481 2770 534 Nam
2799 495 2921 534 cum
2951 479 3147 548 aliquis
3176 479 3244 533 ab
3285 480 3453 536 animi
3485 498 3633 537 utor-

367 565 475 622 των
505 569 632 624 ὅταν
661 570 1067 644 ἀπαλλάττηται
1115 589 1221 636 τις,
1270 573 1682 644 καρποφορήσει
1731 573 1945 636 πάντως

365 659 464 730 τὴν
494 661 575 722 είς
604 662 747 716 ἅπαν
767 662 944 716 ὁτιοῦν
973 663 1082 718 τῶν
1111 664 1330 734 ἀγαθῶν
1357 663 1542 734 ἔφεσίν
1571 681 1628 717 τε
1677 665 1771 718 καὶ
1808 681 1944 735 προ-

365 750 779 822 θυμίαν.Φωτὸς
800 750 892 810 οῦν
914 758 972 809 ἐν
998 757 1131 828 ἡμῖν
1157 757 1552 827 διαυγάσαντος
1579 757 1675 811 τοῦ
1700 757 1846 811 θείου
1886 774 1945 811 τε

365 840 458 895 καὶ
505 843 716 916 νοητοῦ,
759 847 1136 901 συνανατέλλει
1179 849 1354 921 πάντη
1385 866 1444 903 τε
1477 849 1571 904 καὶ
1603 849 1820 914 πάντως
1852 849 1947 902 καὶ

362 933 432 987 τὰ
460 935 682 1006 ἰάματα,
713 937 850 990 Θεοῦ
883 939 1170 1009 μοτοῦντός
1195 957 1252 994 τε
1283 943 1430 1012 ἡμᾶς
1469 943 1563 996 καὶ
1582 941 1945 1014 άπονευροῦν-

363 1040 453 1088 τος
481 1030 550 1079 τά
589 1026 758 1098 πάθη,
795 1029 888 1081 καὶ
918 1029 1379 1101 άντεισκρίνοντος
1409 1033 1466 1084 ἐν
1495 1032 1625 1102 ἡμῖν
1664 1031 1726 1084 τὸ
1769 1031 1946 1085 θέλειν

362 1115 744 1188 ἁγαθουργεῖν,
778 1118 872 1171 καὶ
893 1118 1215 1191 διαπρέπειν
1245 1123 1303 1174 ἐν
1323 1121 1657 1194 δικαιοσύνῃ.
1675 1122 1945 1196 Ταύτῃτοί

363 1226 548 1279 φησιν,
585 1211 666 1263 δτι
707 1228 726 1262 ι
755 1211 1197 1283 Προπορεύσεται
1228 1212 1538 1285 ἔμπροσθέν
1563 1217 1712 1286 σουή
1740 1216 1944 1270 δικαιο-

363 1302 498 1372 σύνη
559 1320 676 1356 σου.
728 1322 746 1355 ι
801 1305 1246 1374 Προπορεύσεται
1301 1307 1359 1360 δὲ
1402 1307 1944 1380 προεξευμαρίζουσα

360 1395 602 1465 δηλονότι
641 1396 742 1468 τὴν
783 1400 863 1460 είς
889 1398 1174 1452 εὐσέϐειαν
1215 1398 1354 1463 ὁδὸν,
1393 1399 1488 1454 καὶ
1519 1400 1579 1454 τὸ
1604 1402 1778 1472 τραχὺ
1811 1402 1944 1472 μεθ-

363 1486 567 1540 ιστῶσα
596 1488 730 1559 πρὸς
758 1489 820 1543 τὸ
840 1490 981 1544 λεῖόν
1005 1508 1064 1544 τε
1120 1493 1213 1546 καὶ
1241 1491 1491 1564 βάσιμον,
1516 1493 1610 1548 καὶ
1638 1494 1698 1548 τὸ
1718 1495 1944 1560 ἄναντες

361 1579 765 1651 καταφέρουσα,
795 1583 888 1636 καὶ
926 1583 1019 1636 τὸν
1049 1585 1136 1653 ἐφ’
1169 1585 1340 1638 ἅπασι
1371 1589 1483 1650 τοῖς
1515 1587 1759 1658 ἀρίστοις
1782 1589 1944 1642 οἱονεὶ

361 1671 768 1726 κατευθύνουσα
793 1674 1013 1745 δρόμον.
1051 1678 1397 1749 Προσεπάγει
1433 1678 1491 1732 δέ
1519 1697 1573 1732 τι
1613 1680 1706 1732 καὶ
1733 1660 1940 1751 ἕτερον.

368 1781 386 1814 ι
438 1762 501 1816 Ἦ
533 1761 642 1834 γὰρ
663 1764 790 1830 δόξα
815 1766 908 1820 τοῦ
939 1765 1097 1833 Θεοῦ,
1123 1769 1281 1839 φησι,
1302 1769 1610 1840 περιστελεῖ
1637 1787 1717 1835 σε,
1745 1789 1761 1821 ι
1787 1787 1942 1824 τουτ-

2056 576 2139 630 bis
2173 577 2434 631 liberatus
2462 573 2648 640 fuerit,
2687 573 2873 642 utique
2915 571 3240 626 desiderium
3289 581 3343 626 et
3376 571 3629 628 alacrita-

2057 677 2162 721 tem
2195 667 2260 720 ad
2295 667 2481 721 omnia
2512 668 2652 721 bona
2679 663 3053 719 l'rnctillcabit.
3081 663 3267 734 Itaque
3287 665 3376 719 ubi
3399 665 3450 719 iu
3479 666 3633 722 nobis
3689 685 3696 692 ·

2057 757 2236 814 lumen
2279 758 2520 814 divinum
2555 768 2610 812 et
2662 758 2764 813 sub
2800 756 3208 826 intelligentiam
3242 759 3443 812 cadens
3474 757 3631 812 cliul-

2057 850 2190 904 serit
2226 865 2242 906 :
2275 849 2437 905 simul
2467 849 2630 903 etiam
2663 863 2887 918 prorsus
2917 847 3242 918 penitusque
3269 848 3517 904 orientur
3544 864 3632 903 εει-

2055 942 2272 1006 uitates,
2328 941 2437 996 Deo
2485 941 2740 996 medente
2785 940 2964 1006 nobis,
3019 948 3074 994 et
3117 941 3266 996 vires
3323 955 3387 995 ae
3438 956 3634 996 nervos

2052 1033 2206 1102 quasi
2242 1032 2709 1103 perturbationum
2738 1031 2994 1100 elidente,
3024 1043 3080 1087 et
3131 1041 3321 1087 contra
3358 1033 3633 1088 insereute

2053 1126 2208 1180 nuhis
2247 1125 2604 1187 voluntatem,
2636 1133 2693 1178 ut
2714 1125 2851 1179 bene
2888 1139 3145 1194 agamus.
3183 1135 3240 1179 et
3281 1123 3495 1192 justitia
3532 1139 3631 1178 ex-

2053 1214 2334 1270 cellamus.
2365 1215 2502 1271 llinc
2523 1215 2658 1272 dicit
2688 1235 2700 1270 :
2741 1235 2762 1267 ‹
2824 1215 3044 1270 Praeibit
3080 1214 3172 1268 tibi
3207 1213 3418 1283 justitia
3449 1223 3560 1268 tua.
3607 1233 3626 1264 ι

2051 1303 2275 1360 Ριαιίιιίι
2299 1316 2506 1374 autem,
2531 1307 2791 1377 ltevigans
2825 1306 3036 1363 scilicet
3060 1299 3229 1377 819
3258 1317 3384 1360 ante
3414 1306 3634 1376 pictatis

2051 1399 2217 1462 viam.
2247 1409 2300 1454 et
2334 1413 2527 1469 aspera
2586 1401 2819 1455 reddens
2863 1399 3012 1454 laevia
3069 1411 3123 1452 et
3151 1399 3357 1468 pervia,
3401 1406 3456 1451 et
3487 1399 3631 1468 quod

2052 1497 2382 1558 praeruptum
2420 1497 2510 1544 est
2552 1489 2768 1554 tollens,
2801 1497 2855 1544 et
2875 1504 3093 1544 cursum
3121 1491 3186 1544 ad
3220 1489 3398 1544 omnia
3426 1489 3630 1558 optima

2052 1582 2198 1637 velut
2229 1580 2585 1653 patefaciens.
2618 1583 2882 1671 Adiungit
2919 1583 3084 1638 etiam
3133 1583 3391 1652 quiddam
3438 1581 3583 1636 aliud
3612 1597 3629 1633 :

2065 1691 2084 1725 ι
2115 1672 2299 1728 Gloria
2338 1675 2481 1728 enim
2513 1675 2628 1740 Dei,
2665 1676 2860 1745 inquit,
2884 1675 3244 1730 circumdabit
3293 1685 3365 1738 te,
3402 1692 3420 1725 ι
3449 1674 3502 1728 id
3527 1682 3632 1734 est.

2052 1765 2236 1834 cinget
2270 1772 2345 1831 te,
2379 1775 2434 1822 et
2472 1775 2525 1820 te
2561 1767 2969 1837 suspiciendum
3019 1767 3231 1831 reddet,
3271 1775 3321 1820 et
3379 1774 3438 1820 ut
3465 1758 3632 1821 ‘com-

359 1853 498 1919 ἐστι,
521 1856 790 1912 κυκλώσει
817 1875 900 1925 σε,
921 1859 1014 1913 καὶ
1039 1861 1375 1914 άπόθλεπτόν
1397 1879 1452 1915 σε
1479 1864 1828 1934 καταστήσει,
1857 1864 1950 1917 κα)⁸

2055 1871 2216 1911 mune
2272 1857 2350 1912 sis
2413 1857 2706 1912 multorum
2762 1860 3096 1933 prmsidium.
3159 1858 3430 1929 Splendor
3486 1860 3629 1914 enim

359 1945 537 2000 κοινὸν
563 1945 830 2019 ὠφέλημα
851 1949 1082 2015 πολλοῖς.
1102 1952 1164 2004 Ἦ
1195 1953 1304 2024 γὰρ
1328 1953 1437 2006 τῶν
1459 1954 1628 2022 ἁγίων
1639 1955 1943 2026 φαιδρότης

357 2035 566 2108 ὀνίνησι
593 2039 694 2108 μὲν
729 2040 792 2092 οὐ
838 2042 1074 2113 μετρίως
1105 2044 1232 2108 τοὺς
1262 2044 1563 2115 ἐνορῶντας
1598 2046 1803 2109 αὐτοῖς.
1834 2047 1944 2100 Καὶ

356 2129 487 2197 γοῦν
507 2131 611 2204 ἔφη
635 2133 871 2204 Χριστὸς
891 2138 1004 2200 τοῖς
1034 2135 1212 2205 ἁγίοις
1240 2139 1578 2202 ἀποστόλοις·
1615 2160 1632 2192 ι
1659 2139 1942 2210 Λαμψάτω

354 2221 416 2274 τὸ
454 2222 569 2292 φῶς
594 2223 749 2294 ὑμῶν
775 2224 1086 2298 ἔμπροσθεν
1114 2227 1224 2282 τῶν
1253 2213 1580 2302 ἀνθρώπων,
1607 2235 1756 2298 ὅπως
1789 2235 1940 2294 ίδωσι

352 2312 423 2366 τά
460 2313 601 2368 καλά
633 2315 770 2386 ἔργα
807 2316 980 2388 ὑμῶν,
1006 2321 1100 2372 καὶ
1131 2320 1394 2387 δοξάσωσι
1423 2323 1514 2376 τὸν
1545 2325 1764 2396 Πατέρα
1787 2326 1940 2396 ὑμῶν

352 2401 444 2456 τὸν
481 2404 540 2458 ἐν
569 2407 682 2469 τοῖς
711 2406 984 2488 οὐρανοῖς,
1015 2429 1034 2460 ›
1077 2411 1287 2465 Οὐκοῦν
1317 2413 1553 2484 ἐσόμεθα
1578 2415 1820 2488 λαμπροὶ
1844 2434 1941 2470 πε-

353 2491 684 2564 ριφοιτώσης
731 2497 880 2565 ἡμᾶς
935 2499 1029 2551 καὶ
1077 2493 1188 2552 οἷον
1234 2501 1610 2575 άμφιεννύσης
1661 2504 1760 2574 τῆς
1788 2506 1938 2576 παρά

351 2581 486 2635 Θεοῦ
507 2581 686 2652 δόξης,
706 2579 789 2648 οἷς
809 2586 876 2640 ἂν
896 2588 1180 2660 χαρίσαιτο
1197 2595 1310 2656 τοῖς
1329 2593 1441 2666 [ἷσ.
1455 2593 1578 2666 τῆς]
1594 2595 1937 2670 δικαιοσύνης

349 2671 706 2745 ἐπιμεληταῖς
725 2691 742 2706 ο
776 2675 982 2732 τούτων
1011 2679 1074 2751 δὴ
1105 2677 1198 2734 οὖν
1228 2682 1586 2754 ὑπαρξάντων
1625 2703 1728 2750 σοι,
1777 2689 1932 2758 φησὶ,

349 2764 524 2836 βοήση
550 2765 694 2830 τότε,
718 2767 812 2820 καὶ
841 2770 869 2821 ό
889 2768 1022 2833 Θεὸς
1046 2773 1424 2829 είσακυύσεταί
1458 2792 1574 2842 σου,
1601 2777 1680 2830 ἔτι
1711 2778 1937 2834 λαλοῦν⁶

347 2856 440 2920 τός
463 2873 559 2910 σου
601 2858 735 2927 ἐρεῖ·
755 2858 886 2911 Ἰδοὺ
913 2862 1162 2932 πάρειμιο
1193 2885 1209 2913 ι
1236 2865 1439 2934 Εὐχαῖς
1463 2868 1572 2938 γὰρ
1591 2867 1812 2922 δικαίων
1838 2871 1935 2922 ἐπ-

347 2949 558 3014 ακούει,
587 2969 606 3002 ι
644 2949 789 3004 κατὰ
816 2951 877 3003 τὸ
905 2953 1310 3024 γεγραμμένον.
1343 2957 1456 3010 Καὶ
1498 2957 1640 3011 καθά
1695 2975 1860 3030 φησιν
1907 2961 1934 3012 ὁ

347 3039 620 3110 Μελῳδὸς,
655 3061 674 3093 ι
698 3043 995 3114 Ὀφθαλμοὶ
1025 3045 1232 3117 Κυρίου
1259 3047 1352 3100 ἐπί
1395 3047 1656 3114 δικαίους,
1691 3051 1786 3104 καὶ
1815 3044 1930 3104 ὦτα

346 3131 509 3184 αὐτοῦ
545 3135 623 3196 είς
653 3133 836 3204 δέησιν
862 3134 1061 3190 αὐτῶν.
1098 3154 1117 3188 ι
1171 3139 1509 3193 Κατανεὺσει
1544 3140 1646 3210 μὲν
1675 3141 1784 3213 γάρ
1814 3145 1926 3207 τοῖς

2051 1948 2535 2017 sauctorumjuvat
2554 1950 2698 2005 haud
2726 1951 3074 2006 mediocriter
3093 1967 3187 2006 eos
3205 1953 3294 2022 qui
3325 1953 3626 2005 intuentur.

2055 2038 2340 2108 Siquidem
2369 2041 2620 2098 Christus
2646 2043 2782 2098 dixit
2808 2044 3013 2099 sanctis
3037 2045 3296 2115 aposwlis
3329 2063 3342 2098 :
3383 2065 3400 2097 ι
3428 2044 3631 2100 Luccat

2050 2130 2140 2184 lux
2172 2141 2351 2187 vestra
2384 2147 2569 2188 coram
2595 2133 2930 2201 hominibus,
2961 2145 3023 2190 ut
3045 2136 3266 2190 videant
3293 2135 3432 2189 bona
3464 2150 3628 2204 opera

2051 2229 2251 2285 vestra,
2316 2230 2372 2275 et
2401 2222 2709 2290 glorificent
2764 2222 2984 2278 Patrem
3031 2231 3272 2278 vestrum
3314 2223 3404 2291 qui
3446 2231 3529 2276 est
3575 2222 3628 2274 iu

2048 2312 2204 2367 caalis
2223 2313 2289 2366 ⁸ο.
2319 2332 2338 2365 ι
2377 2313 2594 2369 Erimus
2609 2329 2738 2386 ergo
2773 2315 3035 2383 illustres,
3068 2316 3342 2370 ambiente
3377 2323 3432 2369 et
3465 2316 3622 2384 quasi

2049 2405 2339 2461 amicienle
2377 2422 2476 2463 nos
2509 2407 2689 2462 divina
2715 2408 2914 2477 gloria,
2943 2424 3109 2478 quam
3135 2408 3228 2462 dat
3253 2407 3484 2476 iustitiae
3511 2408 3626 2462 cul-

2052 2495 2418 2552 toribusJIaac
2445 2498 2534 2553 ubi
2570 2497 2793 2564 fuerint,
2825 2499 3022 2568 inquit,
3055 2497 3452 2564 tibl,clamabis
3476 2509 3624 2561 tuur,

2047 2597 2102 2642 et
2140 2573 2284 2643 Deus
2325 2588 2581 2644 exaudiet
2630 2599 2720 2644 te:
2763 2590 2940 2644 adhuc
3004 2589 3260 2659 loquente
3322 2599 3394 2655 te,
3429 2589 3576 2644 dicet
3609 2607 3622 2642 :

2045 2679 2182 2734 Ecce
2206 2681 2416 2736 adsum.
2441 2698 2460 2732 ι
2488 2679 2777 2736 Orationes
2805 2683 2948 2736 enim
2973 2680 3242 2750 iustorum
3263 2681 3620 2743 exaudit"°‘,i

2038 2771 2191 2839 juxta
2233 2773 2284 2825 id
2310 2772 2453 2840 quod
2489 2773 2750 2841 scriptum
2779 2783 2886 2837 est,
2919 2783 2968 2826 et
3001 2774 3160 2828 sicuti
3190 2771 3401 2828 Psaltes
3446 2773 3575 2827 dicit
3607 2789 3623 2826 :

2049 2881 2068 2913 ι
2111 2863 2263 2917 Oculi
2309 2863 2524 2917 Domini
2556 2864 2940 2933 superjustos,
2971 2875 3025 2918 et
3063 2879 3225 2918 aures
3268 2865 3385 2931 ejus
3413 2864 3464 2918 iu
3502 2880 3627 2934 prr-

2047 2953 2322 3007 catiouem
2339 2967 2528 3008 eorum
2549 2953 2616 3008 ⁸¹.
2657 2974 2675 3007 ι
2707 2955 2908 3009 Annuit
2930 2955 3074 3010 enim
3104 2955 3507 3025 petentibus,ut
3535 2956 3625 3007 lm-

2043 3060 2169 3112 nus,
2206 3045 2301 3100 sed
2337 3059 2440 3100 non
2484 3045 2668 3101 statim
2719 3047 2970 3102 omnibus
3026 3063 3041 3101 :
3087 3047 3180 3103 sed
3233 3046 3622 3102 excellentibus

2035 3136 2246 3207 justitia
2284 3137 2488 3206 absque
2542 3138 2690 3192 omni
2744 3153 2896 3193 mora
2928 3138 3196 3208 postulata
3230 3139 3503 3203 concedit,
3526 3155 3617 3193 au-

347 3222 587 3277 αἰτοῦσιν
636 3223 713 3288 ὡς
763 3225 996 3295 ἀγαθὸς,
1034 3227 1149 3281 ἀλλ’
1190 3229 1288 3300 οὐχ
1339 3231 1513 3284 ἅπασι
1564 3234 1927 3305 παραχρῆμα.

2042 3242 2236 3297 resque
2269 3230 2473 3298 prtebet
2505 3229 2612 3282 illis
2653 3230 3117 3299 promptissimas,
3179 3231 3250 3284 ita
3285 3242 3342 3284 ut
3397 3231 3450 3283 in
3507 3230 3622 3286 siu-

347 3309 472 3374 Τοῖς
503 3328 566 3380 γε
615 3313 722 3383 μὴν
767 3313 1130 3386 διαπρέψασιν
1161 3319 1216 3371 ἐν
1245 3319 1582 3394 δικαιοσύνῃ,
1617 3322 1928 3395 μελλησμοῦ

343 3400 467 3473 δίχα
513 3403 712 3468 παντὸς
756 3406 940 3477 ὀρέγει
985 3407 1054 3460 τά
1101 3409 1398 3480 αἰτήματα,
1446 3413 1540 3466 καὶ
1576 3412 1930 3486 ἑτοιμοτάτην

343 3496 527 3561 αὐτοῖς
555 3497 745 3568 ὑπέχει
775 3497 873 3569 τὴν
900 3501 1092 3572 ἀκοὴν,
1127 3500 1270 3555 ὥστε
1311 3504 1407 3556 καὶ
1447 3504 1532 3572 ἐφ’
1568 3505 1784 3576 ἑκάστῳ
1820 3506 1929 3558 τῶν

342 3587 662 3658 αέτημάτων
713 3591 1003 3662 χαίροντας
1051 3593 1253 3663 λέγειν·
1313 3613 1332 3646 ι
1370 3596 1640 3649 Ἤκουσεν
1686 3597 1752 3649 ἐκ
1799 3595 1928 3649 ναοῦ

344 3677 500 3746 ἁγίου
529 3677 695 3735 αὑτοῦ
742 3683 926 3752 φωνῆς
955 3700 1080 3754 μου,
1113 3685 1208 3738 καὶ
1248 3687 1281 3757 ὴ
1315 3687 1530 3757 κραυγή
1570 3703 1670 3758 μου
1701 3686 1930 3740 ἐνώπιον

342 3771 506 3825 αὑτοῦ
539 3773 909 3828 εἰσελεύσεται
955 3777 1034 3840 είς
1081 3776 1149 3830 τὰ
1193 3771 1308 3832 ὦτα
1349 3777 1538 3832 αὑτοῦ.
1570 3797 1590 3830 ι
1628 3778 1836 3832 Οὐκοῦν
1867 3778 1930 3832 τὸ

2040 3319 2180 3390 gulis
2225 3321 2577 3390 petitionibus
2611 3320 2910 3392 gaudentes
2957 3321 3181 3377 dicant:
3218 3339 3238 3372 ι
3274 3322 3496 3376 Audivit
3553 3323 3624 3375 de

2043 3411 2243 3480 templo
2276 3425 2467 3465 sancto
2491 3426 2592 3466 suo
2619 3425 2805 3466 vocem
2849 3427 3048 3474 meam,
3107 3422 3161 3465 et
3209 3411 3419 3466 clamor
3468 3426 3624 3464 meus

2038 3503 2348 3571 coramipso
2371 3501 2682 3572 penetrabit
2699 3517 2857 3556 aures
2877 3505 2994 3569 ejus
3019 3504 3084 3556 δ’.
3102 3522 3120 3554 ι
3155 3503 3423 3557 Maturam
3454 3503 3619 3571 igitur

2040 3593 2466 3648 muniﬁcentiam
2513 3603 2570 3647 et
2616 3595 3102 3664 promptitudinem
3152 3595 3330 3649 dantis
3383 3596 3473 3648 Dei
3527 3596 3622 3648 de-

2037 3683 2214 3738 clarat
2243 3684 2374 3738 illud
2427 3700 2441 3736 :
2492 3683 2635 3738 Ecce
2692 3684 2882 3738 adsum
2914 3723 2928 3748 ,
2978 3683 3198 3739 interitu
3225 3684 3354 3738 dum
3382 3682 3622 3752 loquitur

2031 3776 2235 3846 justus,
2271 3785 2326 3830 et
2353 3791 2546 3845 preces
2575 3775 2823 3830 intendit.

342 3866 704 3938 ἁνυπέρθετον
732 3869 833 3940 τῆς
861 3869 1190 3940 φιλοτιμίας,
1221 3872 1314 3925 καὶ
1346 3872 1407 3926 τὸ
1434 3872 1554 3928 λίαν
1611 3874 1831 3945 ἕτοιμον
1893 3872 1986 3927 τοῦ
2023 3871 2256 3934 διδόντος
2299 3869 2436 3924 Θεοῦ
2463 3869 2792 3941 παρίστησιν
2825 3868 3070 3940 ἐναργῶς
3091 3869 3174 3938 τὸ,
3205 3870 3334 3924 ’1δοῦ
3367 3870 3616 3940 πάρειμι,

342 3961 490 4032 βοᾷν,
519 3961 598 4014 ἔτι
624 3961 910 4027 λαλοῦντος
937 3963 1167 4028 δικαίου,
1195 3967 1567 4031 ἀνατείνοντός
1609 3985 1666 4020 τε
1709 3968 1808 4031 τὰς
1837 3966 2008 4028 λιτάς.

421 4053 562 4106 Ἐὰν
591 4053 822 4123 ἀφέλῃς
850 4056 967 4109 ἀπὸ
991 4057 1108 4111 σοῦ
1138 4057 1508 4128 σύνδεσμον,
1537 4059 1635 4113 καί
1666 4077 1925 4129 χειροτο-

339 4144 496 4210 νίαν,
531 4145 626 4198 καὶ
645 4142 814 4216 ῥῆμα
846 4149 1214 4219 γογγυσμοῦ,
1247 4151 1346 4205 καί
1376 4151 1494 4218 δῷς
1518 4151 1794 4207 πεινῶντι
1819 4152 1926 4206 τὸν

336 4236 520 4307 ἄρτον
573 4255 690 4295 σου
727 4239 826 4312 (Ι),
872 4242 970 4295 καὶ
1011 4241 1225 4312 ψυχὴν
1261 4245 1776 4314 τεταπεινωμένην
1819 4245 1922 4314 ἐμο

335 4331 604 4399 πιλήσῃς,
633 4334 766 4386 τότε
791 4333 1070 4388 ἀνατενίεῐ
1098 4335 1168 4388 ἐν
1197 4333 1278 4401 τῷ
1305 4337 1509 4391 σκότει
1533 4337 1597 4390 τὸ
1621 4334 1744 4406 φῶς
1782 4351 1920 4400 σου,

337 4420 436 4472 καὶ
484 4422 549 4474 τὸ
597 4426 818 4490 σκότος
855 4443 972 4481 σου
1014 4427 1082 4481 ἐν
1117 4430 1479 4498 μεσημϐρίᾳ,
1525 4429 1625 4484 καὶ
1667 4430 1840 4484 ἔσται
1888 4432 1922 4484 d

340 4513 484 4578 Θεός
516 4530 633 4568 σου
661 4518 811 4584 μετὰ
849 4519 963 4573 σοῦ
996 4519 1345 4589 διαπαντός.

407 4603 489 4656 Τὰ
514 4604 621 4657 τῶν
646 4606 982 4678 μαθημάτων
1006 4612 1256 4686 ἐξαίρετα
1285 4614 1386 4668 κᾶν
1409 4615 1666 4681 πολλάκις
1693 4615 1918 4688 λέγηταί

335 4708 500 4757 τισιν,
540 4692 656 4746 ἀλλ’
690 4693 784 4748 οὖν
827 4697 940 4767 ἔχει
982 4700 1042 4752 τὸ
1091 4703 1433 4776 ὀνησιφόρον.
1463 4706 1669 4778 Γράφει
1721 4706 1855 4776 γοῦν
1893 4708 1922 4760 ὁ

339 4783 614 4854 πάνσοφος
638 4787 850 4851 Παῦλος
869 4792 983 4852 τοῖς
1007 4790 1070 4842 δι’
1090 4793 1253 4846 αὐτοῦ
1277 4796 1616 4850 πιστεύσασιο
1641 4817 1658 4848 ι
1681 4796 1762 4850 Τά
1783 4797 1924 4850 αὐτὰ

337 4875 514 4944 Αέγειν
536 4879 684 4950 ὑμῖν,
709 4881 832 4951 ἐμοὶ
859 4882 959 4952 μὲν
988 4883 1087 4936 οὐκ
1112 4885 1361 4956 ὀκνηρὸν,
1386 4887 1512 4958 ὑμῖν
1535 4891 1592 4943 δὲ
1611 4890 1870 4960 ἀσφαλές.
1899 4911 1917 4942 ι

335 4967 544 5022 Οὐκοῦν
573 4972 928 5045 πολυτρόπως
956 4974 1043 5028 διὰ
1075 4975 1180 5028 τῶν
1209 4977 1387 5030 αὐτῶν
1417 4982 1546 5050 ἡμῖν
1575 4980 1794 5052 ἔρχεται
1824 4983 1911 5035 λέ-

332 5075 447 5127 γων
480 5063 574 5116 καὶ
616 5064 714 5128 τὰς
745 5065 847 5134 τῆς
888 5065 1290 5136 εὐδοκιμήσεως
1319 5068 1472 5132 ὁδοὺς
1503 5072 1752 5141 ἐναργεῖς
1781 5072 1913 5126 καθ-

335 5151 509 5220 ιστὰς,
541 5157 635 5208 καὶ
687 5157 794 5210 τῶν
831 5158 1206 5230 δοθησομένων
1254 5161 1364 5224 τοῖς
1412 5162 1588 5229 ἁγίοις
1616 5165 1793 5234 γερῶν
1818 5165 1916 5236 τὴν

331 5244 668 5318 φαιδρότητα
702 5249 1079 5321 διηγούμενος,
1116 5251 1201 5304 ἵνα
1239 5254 1332 5305 καὶ
1375 5253 1454 5306 ἔτι
1489 5252 1749 5323 μειζόνως
1785 5275 1918 5327 προ-

332 5335 664 5408 θυμοτέρους
693 5342 993 5412 ἐργάσηται
1021 5343 1156 5413 πρὸς
1175 5342 1236 5395 τὸ
1259 5342 1474 5397 ἑλέσθαι
1501 5344 1632 5416 δρᾷν
1661 5347 1730 5400 τὰ
1751 5346 1816 5399 δι’
1839 5340 1915 5399 ὧν

330 5427 396 5480 ἂν
432 5429 668 5496 γένοιντο
703 5435 907 5500 σεπτοὶ,
937 5434 1030 5486 καὶ
1075 5433 1174 5504 τὴν
1219 5432 1422 5488 ἄνωθεν
1467 5435 1559 5487 καὶ
1594 5437 1720 5502 παρ’
1748 5437 1912 5490 αὑτοῦ

400 5610 445 5642 ⁸⁸
485 5608 674 5664 Matth.
703 5624 751 5673 v,
785 5608 865 5661 l6.
946 5607 1008 5639 ‘°‘
1036 5607 1195 5664 Prov.
1228 5625 1313 5675 xv,
1336 5609 1426 5663 29.

401 5766 474 5829 ll)
505 5766 666 5830 LXX,
702 5767 865 5838 ἄρτον
893 5769 954 5820 ἐκ
979 5765 1077 5836 τῆς
1102 5765 1279 5837 ψυχῆς
1311 5785 1423 5823 σου.

647 5861 920 5922 PsTnoL.
966 5860 1083 5920 Cn.
1124 5860 1217 5921 l..\'
1240 5862 1315 5922 Χ.

2110 4055 2271 4111 Vsus.
2305 4055 2453 4122 9,10.
2484 4054 2545 4111 Si
2587 4055 2866 4109 abstuleris
2923 4054 3016 4109 abs
3050 4065 3099 4108 te
3129 4055 3533 4124 colligationem,
3568 4070 3616 4113 ει

2030 4148 2347 4219 suﬂ'ragium
2378 4189 2393 4213 ,
2437 4159 2484 4203 et
2519 4151 2730 4202 verbum
2787 4149 3224 4202 murmurationis
3251 4187 3266 4210 ,
3293 4158 3342 4201 et
3407 4147 3613 4202 dederis

2031 4244 2280 4298 esurienti
2311 4259 2498 4312 panem
2521 4251 2691 4308 tuum,
2728 4251 2774 4294 et
2817 4243 3050 4295 animam
3083 4242 3418 4295 humiliatam
3459 4255 3610 4296 sam-

2032 4338 2256 4398 raveris:
2281 4347 2406 4390 tunc
2436 4335 2636 4389 orietur
2665 4335 2719 4387 in
2747 4333 2975 4387 tenebris
2999 4332 3176 4387 lumen
3201 4342 3376 4396 tutan,
3429 4342 3477 4386 et
3530 4343 3605 4384 tc-

2031 4431 2204 4484 nebra:
2250 4441 2355 4484 tua:
2411 4438 2560 4482 erant
2600 4427 2736 4481 velut
2773 4425 3016 4479 meridies
3047 4434 3136 4480 :et
3164 4425 3264 4479 erit
3299 4423 3439 4478 Deus
3489 4435 3610 4477 ltttts

2025 4534 2192 4578 tecum
2221 4537 2442 4592 semper.

2097 4612 2324 4682 Egregia
2369 4618 2634 4680 prsccepta
2693 4620 2748 4664 et
2798 4613 3145 4677 documenta,
3195 4609 3410 4664 etiamsi
3460 4622 3604 4675 smpe

2027 4706 2281 4762 dicantur
2309 4703 2601 4774 aliquibus,
2642 4704 2842 4758 habent
2875 4715 3054 4760 tamen
3090 4702 3404 4758 utilitatem.
3455 4699 3606 4756 Scri-

2029 4800 2109 4854 bit
2171 4799 2438 4869 siquidem
2490 4797 2690 4854 Paulus
2742 4799 3183 4869 sapientissimus
3238 4797 3322 4851 his
3376 4793 3466 4864 qui
3512 4807 3606 4860 per

2032 4891 2206 4960 ipsum
2244 4890 2591 4945 crediderunt
2623 4905 2635 4940 :
2673 4907 2690 4940 ι
2727 4888 2926 4944 Eadem
2957 4889 3198 4944 scribere
3238 4885 3430 4948 vobis,
3469 4881 3601 4935 mihi

2025 4983 2242 5050 quidem
2293 4997 2398 5036 uou
2443 4982 2729 5037 molestum
2761 5025 2775 5048 ,
2835 4983 2987 5038 vobis
3027 4993 3208 5035 autem
3257 4987 3430 5033 tutum
3462 4976 3528 5029 ".
3578 4995 3597 5027 ι

2023 5071 2394 5143 Multipliciter
2425 5073 2610 5144 itaque
2635 5075 2700 5128 ad
2733 5073 2980 5128 eamdem
3015 5069 3247 5125 recurrit
3275 5067 3600 5129 orationem,

2023 5167 2148 5218 dum
2180 5180 2322 5220 vera:
2351 5165 2526 5221 laudis
2562 5167 2677 5222 vias
2718 5167 2914 5236 aperit,
2953 5174 3008 5220 et
3045 5163 3349 5218 dandorum
3397 5159 3602 5215 sanctis

2020 5256 2365 5324 prtemiorum
2395 5257 2738 5328 splendorem
2772 5266 2996 5311 enarrat
3039 5273 3051 5307 :
3088 5267 3195 5324 quo
3225 5253 3403 5306 adhuc
3458 5249 3596 5303 inci-

2018 5347 2244 5401 tatiores
2296 5348 2488 5402 reddat
2530 5361 2624 5403 eos
2669 5349 2734 5402 ad
2793 5346 3098 5402 faciendum
3155 5343 3276 5407 illa,
3327 5341 3494 5413 820
3531 5355 3597 5395 ex

2017 5437 2213 5505 quibus
2244 5439 2445 5508 suspici
2485 5446 2540 5493 et
2580 5439 2630 5493 in
2656 5437 3004 5494 veneratione
3045 5436 3230 5492 haberi
3261 5437 3468 5504 possint
3493 5473 3507 5499 ,
3545 5443 3598 5489 et

1509 5611 1547 5641 δ’
1581 5609 1722 5667 Psal.
1770 5627 1960 5679 χχχιιι,
2001 5613 2080 5667 16.
2162 5614 2205 5646 δ’
2241 5613 2382 5674 Psal.
2418 5632 2552 5684 xvu,
2588 5618 2638 5671 7.
2722 5619 2764 5650 ³³
2797 5617 2992 5688 Philip.
3035 5633 3120 5683 ιιι,
3158 5619 3203 5670 ι.

3199 5860 3267 5919 41
