4096 6212
480 288 609 347 1291

1504 284 1560 338 8.
1602 281 1874 340 CYRILLI
1915 278 2384 337 ALEXANDRINI
2423 285 2744 343 ARCHIEP.

3603 287 3746 342 129?.

476 417 763 474 supernam
804 412 967 472 atque
1016 404 1080 456 ab
1137 416 1201 455 eo
1245 409 1623 469 assequamur.
1659 397 1891 452 Proinde
1918 436 1933 459 ,
1959 396 2043 448 in-

2174 395 2458 468 >ιλοτιμίαν
2490 402 2828 472 εὑρήσουσιν.
2873 398 3102 465 Οὐκοῦν,
3140 421 3155 452 ι
3187 400 3316 454 Ἐὰν
3371 398 3597 470 ἀφέλῃς,
3642 417 3747 472 (ιη’

478 498 597 567 quit
632 512 646 550 :
691 514 709 547 ι
745 495 801 551 Si
829 493 1117 550 abstuleris
1147 495 1244 547 abs
1283 503 1333 547 te
1381 491 1780 562 colligationem
1834 496 1890 543 et
1945 489 2056 542 sul-

424 639 428 641 ,
476 588 766 658 fragium.»
809 584 1226 655 Colligationem
1255 595 1348 650 ,ut
1392 583 1666 645 arbitror,
1721 580 1871 645 dicit,
1922 593 2055 653 gen-

479 684 614 736 tium
651 678 1078 749 improbitatem,
1119 679 1410 733 ruditatem
1443 686 1500 732 et
1535 673 1905 730 contentionis
1939 681 2056 727 stu-

481 775 630 830 dium
657 813 672 840 ,
700 781 756 827 et
793 771 942 827 velut
975 785 1147 826 nexus
1191 771 1474 825 turbarum
1511 768 1563 822 in
1605 767 1816 836 aliquos
1851 775 2054 832 texere,

478 881 544 921 ac
581 863 794 934 negetis
850 862 1144 926 exhibere,
1202 871 1260 916 et
1311 861 1654 930 obliquorum
1710 859 2056 914 inventorum

479 957 808 1028 quaestiones
838 970 1079 1023 movere,
1105 965 1163 1010 ut
1195 954 1408 1023 ali1uos
1437 953 1733 1022 illaqueent
1761 951 2056 1014 interdum,

481 1061 536 1106 et
587 1052 638 1106 in
685 1049 1026 1107 inevitabiles
1067 1048 1440 1120 angustiarum
1500 1048 1689 1118 plagas
1738 1044 2055 1099 immittant.

481 1143 709 1214 Oportet
739 1144 882 1199 enim
911 1141 1211 1212 simplicem
1240 1155 1360 1196 esse
1389 1149 1442 1195 et
1468 1148 1712 1210 apertum
1758 1137 2054 1202 hominem,

482 1235 750 1306 siquidem
786 1235 919 1290 velit
959 1249 994 1288 a
1029 1235 1142 1289 Deo
1170 1233 1390 1302 respici,
1435 1239 1488 1286 et
1516 1229 1634 1300 ejus
1675 1229 1814 1285 dona
1847 1242 2057 1282 concu-

481 1329 714 1398 piscere.
778 1325 1108 1398 Suﬂragium
1143 1325 1294 1390 dicit,
1346 1323 1619 1394 corrumpi
1657 1321 1969 1377 muneribus
2005 1330 2060 1374 et

481 1420 662 1490 turpia
692 1420 842 1475 lucra
884 1427 1162 1488 expetere.
1201 1417 1447 1473 Dicimus
1499 1416 1646 1472 enim
1687 1413 1961 1469 interdum
1994 1414 2060 1468 de

484 1509 779 1576 nonnullis,
813 1511 879 1565 ad
905 1507 1283 1580 accipiendum
1341 1508 1544 1563 habere
1601 1520 1822 1561 manum
1871 1514 2062 1561 exten-

484 1617 625 1667 sam,
655 1611 710 1656 et
757 1603 824 1656 de
851 1600 1203 1656 renuentibus
1237 1600 1476 1655 sordium
1511 1611 1695 1666 causa,
1724 1597 1926 1652 habere
1965 1611 2061 1652 eos

485 1700 824 1746 contractam
862 1707 1102 1746 manum.
1141 1691 1354 1746 Dictum
1386 1696 1470 1745 est
1527 1690 1695 1743 etiam
1741 1689 1808 1742 de
1838 1687 1923 1743 his
1968 1686 2059 1757 qui

483 1782 723 1840 Judaicze
749 1782 1046 1854 Synagogaa
1077 1782 1319 1852 praefecti
1353 1791 1510 1837 erant
1541 1800 1555 1837 :
1602 1800 1621 1833 ι
1655 1780 1905 1837 Praefecti
1949 1780 2064 1850 ejus

484 1879 556 1932 ob
587 1891 808 1932 munera
838 1874 1178 1947 judicabant,
1215 1884 1269 1931 et
1293 1875 1600 1932 sacerdotes
1623 1875 1741 1945 ejus
1769 1874 1838 1930 ob
1867 1888 2061 1946 argen-

489 1980 600 2024 tum
628 1968 1071 2023 vaticinabantur
1105 1967 1176 2034 “,
1207 1985 1225 2020 ι
1284 1977 1339 2022 et
1374 1967 1519 2037 quod
1569 1967 1700 2022 socii
1744 1966 1923 2022 furum
1969 1980 2066 2022 ex-

487 2062 752 2126 stiterint,
807 2060 1088 2131 diligentes
1116 2061 1278 2126 dona,
1326 2067 1714 2131 persequentes
1757 2058 2059 2126 premium.

491 2155 742 2224 Dixitque
771 2153 985 2209 divinus
1012 2152 1326 2208 Habbacum
1350 2167 1364 2204 :
1395 2151 1734 2205 (Adversum
1759 2161 1845 2203 me
1863 2148 2065 2203 factum

488 2255 572 2302 est
604 2246 890 2315 judicium,
921 2253 977 2298 et
999 2243 1166 2316 judex
1209 2240 1495 2311 accipit“.
1537 2258 1556 2292 ι
1595 2239 1693 2296 Vel
1715 2252 1848 2308 ergo
1870 2250 2064 2293 nomen

488 2339 644 2404 illud,
677 2335 1011 2410 χειροτονία,
1045 2335 1185 2390 dona
1219 2347 1417 2405 capere
1446 2330 1717 2402 signiﬁcat
1745 2345 1758 2382 :
1799 2329 1943 2399 quod
1981 2327 2069 2383 hic

491 2433 710 2486 auferre
745 2445 808 2484 ac
833 2442 1112 2484 removere
1160 2425 1316 2496 jubet
1373 2441 1388 2478 :
1429 2425 1512 2478 vel
1561 2423 1669 2479 alio
1712 2422 1874 2479 modo
1920 2422 2069 2476 vices

492 2522 790 2593 rependere
817 2528 989 2587 notat,
1023 2528 1076 2574 et
1101 2518 1301 2573 malum
1331 2516 1471 2571 malo
1514 2530 1764 2586 pensare.
1819 2513 1895 2568 De
1942 2511 2066 2582 qui-

491 2614 720 2670 busdam
753 2613 1007 2668 nimirum
1039 2611 1176 2667 dixit
1197 2608 1556 2666 Psalmodus:
1591 2624 1610 2658 ι
1639 2605 1898 2660 Extendit
1950 2619 2068 2659 ma-

489 2722 620 2760 num
667 2719 822 2760 suam
874 2707 943 2759 ad
1003 2699 1411 2758 retribuendum
1459 2695 1527 2753 “.
1603 2714 1624 2748 ι
1683 2695 1846 2750 Addit
1881 2706 2010 2748 vero
2051 2709 2068 2749 :

498 2797 955 2854 «Profanaverum
973 2802 1348 2851 testamentum
1366 2790 1583 2862 ejus“'.
1598 2788 1832 2860 altaque,
1856 2797 1916 2844 ut
1934 2788 2066 2854 dixi,

495 2904 688 2945 manus
711 2887 961 2944 extensio
998 2884 1316 2958 signiﬁcare
1361 2891 1544 2955 potest
1584 2881 1862 2948 talionem,
1904 2895 2068 2951 quam

493 2983 669 3038 reddit
717 2980 1006 3052 quispiam,
1059 2993 1174 3044 eos,
1207 2976 1300 3047 qui
1358 2974 1567 3046 aliquid
1619 2973 1920 3030 intulerunt
1951 2986 2070 3028 mo-

2160 489 2262 551 σὶν,
2324 490 2432 544 ἀπὸ
2480 491 2572 545 σοῦ
2621 491 2938 562 σύνδεσμον.
2984 491 3079 544 καὶ
3126 491 3487 562 χειροτονίαν.
3561 509 3578 540 ι
3638 491 3753 544 Καὶ

2159 581 2455 652 σύνδεσμον
2501 585 2623 656 μὲν,
2668 583 2744 648 ὥς
2779 601 2843 652 γε
2889 579 3062 655 οἶμαι,
3100 584 3235 654 φησὶ
3287 583 3386 654 τὴν
3437 583 3546 636 τῶν
3579 582 3754 636 ἐθνῶν

2161 673 2481 745 μοχθηρίαν,
2517 675 2813 746 σκαιότητά
2858 692 2916 729 τε
2962 675 3058 728 καὶ
3099 675 3160 728 τὸ
3211 674 3534 744 φιλόνεικον,
3567 675 3662 728 καὶ
3691 674 3756 726 τὸ

2158 761 2268 820 οἷον
2299 767 2629 838 συνδέσμους
2657 767 3000 840 πραγμάτων
3036 766 3365 839 ἐργάζεσθαι
3393 767 3537 820 κατά
3565 784 3752 828 τινων,

2159 861 2254 913 καὶ
2284 859 2513 912 σκολιῶν
2541 861 2862 932 εύρεμάτων
2890 861 3157 914 ποιεῖσθαι
3182 859 3455 931 ζητήσεις,
3477 860 3553 923 ὡς
3581 877 3755 912 κατα-

2159 951 2380 1022 δεσμεῖν
2428 952 2539 1006 ἐσθ’
2568 954 2656 1006 ὅτε
2696 952 2870 1018 τινὰς,
2918 952 3013 1007 καὶ
3062 952 3326 1021 ἀφύκτοις
3373 951 3753 1022 περιστάσεων

2159 1044 2361 1098 ἐνιέναι
2393 1044 2628 1116 βρόχοις.
2651 1045 2744 1098 Δεῖ
2769 1045 2876 1114 γάρ
2905 1045 3128 1105 ἁπλοῦν.
3148 1045 3242 1097 καὶ
3265 1044 3587 1114 εὐπρόσιτον
3609 1040 3754 1098 εἶναι

2158 1135 2251 1189 τὸν
2295 1136 2609 1208 ἄνθρωπον,
2640 1139 2798 1208 εἴπερ
2841 1138 2954 1209 ἔχοι
3006 1139 3206 1191 σκοπὸν
3249 1137 3551 1210 ὲφορᾶσθαι
3596 1137 3754 1208 παρά

2159 1224 2330 1286 Θεοῦ,
2371 1226 2464 1279 καὶ
2511 1227 2618 1280 τῶν
2669 1227 2799 1298 παρ’
2829 1227 3009 1295 αὑτοῦ,
3043 1227 3324 1298 γλίχεσθαι
3369 1226 3750 1298 χαρισμάτων.

2162 1316 2508 1389 Χειροτονίαν
2555 1318 2610 1373 δὲ
2654 1319 2797 1390 τάχα
2839 1319 2942 1374 πού
2989 1337 3120 1390 φησι
3151 1320 3247 1390 τήν
3279 1319 3629 1390 δωροδοκίαν,
3657 1319 3754 1372 καὶ

2159 1407 2220 1460 τὸ
2250 1407 2553 1480 λημμάτων
2587 1409 2829 1484 αἰσχρῶν
2857 1409 3126 1480 ἐφίεσθαι,
3166 1409 3345 1480 φαμὲν
3373 1410 3484 1481 γὰρ
3524 1409 3637 1463 ἐσθ’
3661 1410 3751 1463 ὅτε

2163 1498 2290 1568 περί
2317 1516 2498 1566 τινων,
2525 1501 2600 1565 ὡς
2625 1500 2682 1555 δὲ
2709 1503 2807 1574 τὴν
2834 1506 2994 1576 χεῖρα
3025 1503 3163 1576 πρὸς
3202 1504 3264 1557 τὸ
3305 1504 3489 1558 λαϐεῖν
3519 1507 3750 1558 ἐκτετα-

2166 1587 2333 1660 μένην
2368 1589 2501 1661 ἔχει,
2537 1593 2628 1646 καὶ
2665 1595 2792 1665 περὶ
2827 1594 2934 1648 τῶν
2979 1595 3383 1665 ἀποσειομένων
3422 1597 3750 1665 αἰσχροκερο

2162 1677 2350 1743 δείαις,
2379 1682 2462 1734 ὅτι
2498 1685 2935 1756 συνεσταλμένην
2965 1685 3077 1756 ἔχει
3108 1686 3208 1756 τὴν
3235 1688 3411 1756 χεῖρα.
3444 1686 3676 1758 Εἴρηται
3697 1685 3750 1738 δὲ

2166 1773 2294 1843 περὶ
2330 1773 2439 1827 τῶν
2471 1776 2790 1846 ἡγουμένων
2812 1777 2912 1849 τῆς
2946 1778 3214 1833 Ἰουδαίων
3246 1780 3579 1847 Συναγωγῆς
3599 1797 3612 1810 ο
3642 1799 3660 1830 ι
3685 1778 3748 1834 Οἱ

2165 1864 2454 1935 ἡγούμενοι
2485 1867 2654 1940 αὐτῆς
2694 1869 2833 1941 μετά
2867 1869 3055 1941 δώρων
3085 1870 3318 1942 ἔκρινον,
3350 1871 3447 1924 καὶ
3491 1873 3541 1924 οί
3592 1872 3749 1943 ἱερεῖς

2166 1957 2336 2026 αὐτῆς
2371 1959 2507 2028 μετὰ
2539 1961 2801 2033 ἀργυρίου
2825 1961 3204 2032 ἐμαντεύοντο,
3228 1981 3246 2014 ι
3275 1964 3370 2016 καὶ
3390 1964 3472 2017 ὅτι
3494 1963 3748 2032 γεγόνασι

2168 2050 2410 2102 κοινωνοὶ
2449 2049 2722 2118 κλεπτῶν,
2741 2052 3076 2122 ,ἀγαπῶντες
3106 2052 3278 2124 δῶρα,
3311 2052 3594 2118 διώκοντες
3622 2055 3746 2108 ἀντι

2167 2143 2430 2213 απόδομα.
2477 2145 2621 2216 Ἔφη
2661 2143 2718 2197 δέ
2767 2161 2868 2197 που
2900 2145 3046 2199 καὶὸ
3076 2144 3358 2211 Θεσπέσιος
3404 2147 3742 2217 Ἀϐϐακούμ·

2173 2252 2192 2285 ι
2217 2235 2306 2301 Ἐξ
2329 2235 2576 2299 ἐναντίας
2613 2253 2713 2305 μου
2743 2236 2932 2304 γέγονε
2963 2237 3163 2308 κρίσις,
3201 2238 3298 2291 καὶ
3325 2240 3352 2292 6
3390 2239 3584 2312 κριτὴς
3611 2239 3746 2308 λαμ-

2171 2323 2342 2379 ϐάνει.
2395 2345 2416 2378 ι
2489 2325 2699 2379 Οὐκοῦν
2748 2325 2781 2397 ἦ
2828 2325 3169 2398 δωροληψίας
3219 2329 3373 2383 ἔσται
3421 2329 3746 2400 σημαντικὸν

2169 2414 2425 2486 τοῦνομα,
2459 2415 2759 2479 τουτέστιν,
2792 2417 2824 2486 ή
2859 2418 3180 2488 χειροτονία,
3217 2418 3285 2490 ἢν
3307 2418 3370 2490 δὴ
3392 2421 3490 2489 καὶ
3511 2418 3740 2487 ἀφελεῖν,

2169 2504 2338 2574 ἦγουν
2391 2507 2698 2578 ἀποστῆσαι
2744 2509 3145 2580 προστέταχεν·
3194 2510 3232 2581 ἦ
3273 2513 3362 2564 καὶ
3409 2511 3531 2564 καθ’
3558 2511 3745 2580 ἕτερον

2170 2597 2370 2669 τρόπον
2395 2600 2457 2652 τὸ
2484 2599 2893 2671 ἁνταμύνασθαι
2923 2601 3091 2673 δηλοῖ,
3123 2603 3211 2657 καὶ
3241 2603 3300 2656 τὸ
3337 2602 3746 2656 ἀνταποδιδόναι

2171 2691 2340 2745 κακὸν
2361 2692 2481 2746 ἀντὶ
2513 2692 2860 2766 κακοῦ.⁸Ἐφη
2883 2693 3014 2764 γοῦν
3037 2697 3066 2749 ό
3085 2695 3380 2766 Ψαλμῳδὸς
3414 2694 3543 2765 περί
3565 2712 3746 2754 τινων,

2172 2785 2254 2839 δτι
2290 2803 2308 2836 ι
2333 2783 2598 2850 Ἐξέτεινε
2625 2783 2724 2856 τήν
2751 2787 2907 2856 χεῖρα
2935 2784 3101 2840 αὑτοῦ
3153 2787 3210 2838 ἐν
3251 2785 3328 2856 τῷ
3371 2785 3697 2840 ἀποδιδόναι.
3728 2805 3744 2836 ι

2174 2874 2514 2948 Προσεπάγει
2529 2877 2608 2944 δὲ,
2622 2876 2702 2930 ὅτι
2722 2894 2740 2927 t
2753 2876 3126 2949 Ἐϐεϐήλωσαν
3141 2877 3238 2946 τὴν
3256 2876 3518 2948 διαθήκην
3535 2877 3711 2930 αὐτοῦ.
3728 2899 3744 2930 ι

2174 2968 2384 3023 Οὐκοῦν
2414 2970 2447 3040 ἡ
2480 2968 2578 3040 τῆς
2622 2970 2803 3041 χειρὸς
2835 2970 3052 3034 ἔκτασις
3093 2971 3534 3042 κατασημήνειεν
3566 2971 3649 3035 ἂν,
3680 2971 3750 3032 ὡς

497 3075 668 3130 lestia:
691 3073 980 3135 ulciscens,
1016 3080 1069 3124 et
1102 3070 1185 3125 his
1214 3066 1307 3138 qui
1344 3065 1690 3122 olleuderunt
1740 3065 1877 3118 iram
1915 3075 2068 3132 rege-

2174 3061 2328 3130 έφην,
2357 3064 2451 3116 καὶ
2487 3063 2587 3134 τὴν
2635 3063 3011 3132 ἀνταπόδοσιν,
3058 3067 3123 3136 ἣν
3158 3065 3222 3119 ἄν
3268 3081 3350 3127 τις
3386 3067 3588 3118 ποιοῖτο
3631 3063 3751 3125 τοὺς

496 3183 642 3223 rens.
686 3163 1027 3220 Meminimus
1044 3163 1208 3216 etiam
1243 3161 1418 3229 ipsum
1451 3156 1585 3212 Serv
1602 3165 1817 3211 atorem
1849 3155 2071 3210 dicere:

499 3277 519 3310 ι
559 3258 616 3312 Si
640 3257 764 3326 quis
805 3253 1014 3323 alapam
1046 3252 1140 3306 tibi
1173 3249 1458 3322 impegerit
1491 3248 1545 3302 in
1569 3248 1859 3303 dexteram
1883 3247 2078 3303 maxil-

498 3349 645 3412 lam,
699 3345 923 3401 ohverte
968 3343 1044 3398 illi
1112 3351 1168 3398 et
1209 3341 1436 3397 alteram
1458 3340 1524 3396 ".
1572 3359 1592 3394 ι
1649 3339 2078 3395 Mansuetudinis

497 3438 642 3494 enim
670 3445 727 3493 et
748 3433 1038 3490 vacuitatis
1087 3432 1183 3488 ira:
1225 3445 1495 3488 summum
1551 3439 1635 3486 est
1669 3439 2076 3502 argumentum,

499 3545 657 3602 posse
707 3529 816 3583 vim
840 3541 995 3596 aequo
1031 3525 1215 3600 animo
1247 3523 1412 3586 ferre,
1451 3533 1508 3578 et
1552 3537 1658 3578 non
1707 3521 1896 3578 ulcisci
1922 3534 2020 3577 eos
2047 3536 2076 3574 a

498 3623 694 3693 quibus
722 3621 832 3676 laesi
864 3633 1074 3686 sumus,
1108 3617 1202 3673 sed
1238 3615 1462 3684 injurias
1489 3616 1671 3685 potius
1715 3628 1904 3669 eorum
1937 3613 2076 3667 obli—

499 3716 654 3771 visci.
690 3713 814 3768 Vult
859 3711 1022 3766 etiam
1075 3708 1294 3765 auferre
1340 3707 1564 3764 verbum
1613 3703 2077 3761 obmurmuratio-

500 3811 604 3864 nis.
638 3806 745 3862 Nos
767 3804 910 3860 enim
943 3802 1106 3858 hilari
1137 3811 1192 3858 et
1221 3801 1389 3856 alacri
1416 3801 1606 3854 animo
1634 3797 1830 3867 subjici
1858 3804 2081 3866 oportet

500 3897 697 3952 divinis
732 3894 958 3964 legibus,
1014 3899 1072 3947 et
1116 3889 1332 3946 eximite
1386 3886 1789 3944 conversationi
1853 3885 2076 3939 omnino

503 4004 609 4043 non
652 3985 970 4048 reclamare,
1019 3991 1112 4037 aut
1161 3981 1349 4052 jugum
1383 3979 1541 4051 quasi
1601 3987 1902 4043 excutere,
1956 3992 2077 4031 cum

502 4095 659 4134 mens
682 4080 940 4147 devergat
967 4075 1034 4131 ad
1055 4073 1412 4145 cupiditatem
1477 4087 1657 4128 rerum
1699 4070 2032 4127 deteriorqu
2061 4107 2077 4134 ,

457 4181 555 4225 ‘et
593 4174 918 4239 voluptatem
976 4165 1148 4239 magis
1198 4164 1376 4220 laudet
1423 4177 1586 4234 quam
1643 4161 2077 4232 temperantiam,

499 4260 662 4331 821
691 4269 746 4312 ct
785 4257 910 4312 vitae
938 4255 1258 4328 veneranda:
1306 4253 1609 4309 mundanas
1658 4251 1882 4307 delicias
1925 4261 2078 4306 ante-

502 4363 689 4422 ponat.
720 4351 875 4419 Quod
914 4349 1232 4406 factitarunt
1260 4345 1539 4408 Israelita},
1559 4358 1684 4399 cum
1707 4343 1836 4398 illud
1857 4341 2081 4412 profun-

2178 3153 2665 3224 καταλυπήσαντας
2684 3156 3038 3227 ἀμυνόμενος,
3058 3156 3154 3210 καὶ
3180 3158 3292 3220 τοῖς
3321 3153 3751 3226 προσκρούσασιν

2178 3243 2573 3313 ἀντεπαγαγὼν
2599 3245 2667 3300 τὰ
2697 3245 2757 3312 ἐξ
2782 3247 2972 3318 όργῆς.
3003 3246 3352 3320 Μεμνήμεθα
3375 3247 3433 3300 δέ
3464 3247 3558 3300 καὶ
3590 3246 3750 3300 αύτοῦ

2177 3335 2271 3388 τοῦ
2307 3337 2556 3410 Σωτῆρος
2601 3338 2869 3407 λέγοντος,
2901 3341 2983 3394 ὅτι
3013 3359 3031 3392 ι
3055 3341 3180 3396 Ἐάν
3209 3342 3293 3404 τίς
3342 3357 3403 3392 σε
3434 3341 3642 3410 ῥαπίσῃ
3677 3340 3752 3402 εἰς

2179 3427 2276 3498 τὴν
2307 3428 2485 3495 δεξιὰν
2517 3431 2757 3501 σιαγόνα,
2797 3433 3026 3505 στρέψον
3063 3433 3212 3504 αύτῷ
3246 3433 3342 3488 καὶ
3379 3432 3476 3504 τὴν
3511 3431 3699 3501 ἄλλην.
3731 3451 3748 3482 ι

2180 3521 2494 3593 Πραότητος
2531 3523 2640 3595 γὰρ
2669 3524 2764 3577 καὶ
2790 3525 3085 3596 ἀοργησίας
3115 3529 3214 3597 τῆς
3252 3527 3332 3589 είς
3361 3524 3513 3596 λῆξιν
3541 3524 3753 3578 ἀπόδει-

2182 3611 2263 3676 ξις
2286 3614 2483 3681 γένοιτ’
2513 3615 2578 3668 ἂν
2603 3615 2664 3669 τὸ
2688 3615 2886 3669 εἰδέναι
2910 3616 3286 3688 διακαρτερεῖν
3317 3619 3374 3671 ἐν
3401 3617 3753 3683 πλεονεξίαις,

2181 3706 2274 3758 καὶ
2331 3705 2405 3778 μὴ
2462 3706 2869 3778 ἀνταμύνεσθαι
2930 3709 3105 3777 φιλεῖν
3157 3709 3285 3772 τοὺς
3332 3709 3705 3780 λελυπηκότας
3741 3747 3756 3769 ,

2181 3798 2572 3869 ἁμνησικάκως
2628 3799 2684 3852 δὲ
2747 3799 2948 3868 μᾶλλον
2995 3801 3301 3855 διακεῖσθαι
3353 3801 3486 3873 περὶ
3543 3800 3755 3862 αὐτούς.

2195 3887 2434 3956 Ἀφελεῖν
2474 3887 2529 3941 δὲ
2579 3887 2827 3959 βούλεται
2874 3889 3008 3960 πρὸς
3051 3891 3226 3962 τούτῳ
3254 3892 3346 3944 καὶ
3381 3893 3604 3961 ῥήματα
3635 3907 3757 3958 γογ-

2182 3980 2414 4050 γυσμοῦ.
2445 3983 2537 4034 Δεῖ
2567 3981 2674 4052 γὰρ
2705 3983 2854 4052 ήμᾶς
2900 3983 3069 4054 ἱλαρῴ
3112 3985 3420 4054 φρονήματι
3456 3986 3569 4047 τοῖς
3600 3984 3757 4048 θεῖοις

2182 4072 2502 4128 ὑποκεῖσθαι
2547 4074 2750 4144 νόμοις,
2787 4075 2882 4130 καὶ
2919 4076 3017 4148 τῆς
3047 4075 3327 4148 ἐξαιρέτου
3366 4075 3634 4140 πολιτείας
3667 4093 3761 4146 μη·

2180 4167 2371 4238 δεμίαν
2429 4167 2698 4220 ποιεῖσθαι
2760 4167 3071 4239 καταϐοὴν,
3129 4169 3410 4239 μονονουχὶ
3459 4169 3552 4222 τὸν
3601 4169 3760 4238 ζυγὸν

2183 4256 2643 4327 ἀποσειομένους,
2692 4257 2787 4311 καὶ
2852 4257 3288 4326 καταφοιτῶντος
3344 4258 3437 4310 τοῦ
3489 4258 3579 4311 νοῦ
3630 4258 3760 4330 πρὸς

2184 4346 2370 4418 ἔφεσιν
2405 4349 2505 4418 τὴν
2536 4349 2627 4403 ἐπί
2661 4366 2725 4418 γε
2757 4352 2872 4414 τοῖς
2900 4349 3127 4421 χείροσι,
3161 4351 3253 4404 καὶ
3287 4349 3597 4422 φιληδονίαν
3627 4350 3760 4419 μᾶλ-

503 4411 627 4498 dum
647 4411 928 4498 deswertum
956 4439 1374 4510 pertransirent.
1403 4437 1618 4492 Etenim
1637 4435 1747 4492 Deo
1767 4411 1872 4491 illis
1895 4436 2068 4491 demit-

2186 4411 2272 4492 λον
2308 4411 2748 4512 ἐπαινοῦντοςῆ
2797 4411 3144 4512 ἐγκράτειαν,
3185 4411 3420 4506 καὶυτάς
3467 4444 3526 4495 ἐν
3575 4411 3764 4513 κόσμῳ

505 4543 652 4591 tente
685 4549 907 4602 manna,
949 4534 1016 4588 ad
1069 4533 1315 4603 turpiora
1353 4529 1710 4596 inclinabant,
1771 4528 2015 4597 dicentes
2059 4543 2074 4582 :

506 4646 526 4678 ι
576 4627 792 4681 Utinam
837 4626 1131 4682 fuissemus
1160 4625 1357 4682 mortui
1387 4623 1630 4696 percussi
1663 4637 1694 4676 a
1743 4620 1976 4678 Domino
2022 4621 2076 4676 in

503 4731 646 4774 terra
682 4714 924 4789 Egypti,
980 4717 1197 4786 quando
1231 4718 1533 4773 assedimus
1567 4715 1686 4772 ollis
1724 4715 1993 4782 carnium,
2025 4723 2079 4770 et

501 4808 837 4865 comedimus
859 4821 1028 4879 panes
1048 4807 1115 4862 ad
1133 4807 1472 4862 saturitatem
1486 4808 1560 4862 κει
1587 4827 1606 4864 ι
1631 4808 1738 4863 Sed
1762 4808 1864 4862 hoc
1888 4815 2077 4862 contra

502 4901 672 4956 Deum
696 4913 945 4954 murmur
979 4897 1082 4954 illis
1104 4896 1312 4952 ereavit
1339 4897 1587 4952 exitium.
1616 4896 1903 4952 Perierunt
1930 4897 2074 4952 enim

501 5006 534 5047 a
597 4991 962 5062 serpentibus.
1023 4989 1164 5046 Hinc
1220 4989 1419 5046 Paulus
1487 4990 1928 5061 sapientissimus
1991 4989 2078 5043 in-

501 5085 670 5156 quit:
714 5103 732 5137 ι
791 5082 971 5140 Nolite
1016 5099 1358 5140 murmurare
1410 5085 1570 5139 sicuti
1620 5099 1807 5138 eorum
1856 5083 2076 5153 quidam

501 5185 936 5242 murmurarunt,
993 5185 1046 5231 et
1099 5191 1131 5230 a
1196 5176 1542 5247 serpentibus
1589 5175 1868 5243 perierunt
1919 5173 1985 5228 δ’.
2051 5193 2072 5225 ι

503 5267 684 5334 Quare
719 5269 880 5323 hilari
910 5268 1094 5324 animo
1131 5283 1194 5323 ac
1221 5278 1468 5338 prompto
1497 5267 1748 5322 convenit
1779 5265 1955 5322 omnis
1983 5281 2077 5322 or-

502 5365 662 5413 natus
686 5368 741 5414 et
777 5359 1060 5430 elegantia:
1105 5359 1408 5414 studiosum
1468 5373 1589 5414 esse
1619 5397 1634 5421 ,
1676 5367 1836 5427 atque
1880 5358 2078 5414 eximia

503 5447 648 5503 facta
678 5461 954 5520 expetere.
991 5453 1287 5522 Postquam
1318 5461 1495 5506 autem
1536 5449 1824 5506 abstuleris
1851 5453 2077 5507 verbum

505 5542 975 5609 murmurationis,
1006 5543 1051 5600 si
1080 5543 1174 5599 des
1208 5558 1402 5615 panem
1435 5544 1720 5610 esurienti,
1764 5553 1818 5600 et
1841 5543 2076 5598 animam

573 5651 620 5684 “
651 5649 811 5708 Mich.
841 5667 925 5716 Ill,
959 5653 1046 5712 ll.

519 5655 811 5742 ⁸’ξιδμΜῖιιιιί
841 5667 925 5742 llnl,
959 5655 1046 5712 Η..
1147 5656 1192 5688 ⁸⁸
1227 5655 1431 5714 liabac.
1467 5673 1504 5724 ι,
1539 5658 1592 5712 5.

571 5722 593 5779 ι
619 5721 744 5777 Cor.
783 5738 836 5789 x,
865 5725 917 5776 9.

1698 5657 1743 5689 “
1769 5657 1910 5713 l’sal.
1946 5673 2053 5724 Liv,
2083 5656 2172 5714 Ἡ.

2185 4532 2393 4602 τρυφὰς
2439 4533 2827 4603 προτάττοντος
2870 4532 2964 4586 τοῦ
3006 4533 3247 4589 διαϐιοῦν
3279 4532 3497 4586 ἑλέσθαι
3531 4534 3762 4596 σεπτῶς.

2191 4623 2256 4675 Ὀ
2280 4622 2466 4694 δὴικαὶ
2493 4622 2836 4694 πεπράχασιν
2857 4624 2907 4678 οἱ
2933 4624 2991 4692 ἐξ
3018 4607 3233 4696 Ἰσραὴλ
3254 4625 3353 4696 τὴν
3382 4623 3604 4695 βαθείαν
3627 4627 3766 4679 ἐκεῐο

2185 4730 2281 4782 νην
2309 4712 2682 4784 διατρέχοντες
2708 4713 2933 4787 ἔρημον.
2962 4715 3255 4779 Καθιέντος
3282 4715 3392 4787 γὰρ
3416 4715 3511 4769 τοῦ
3549 4715 3684 4769 Θεοῦ
3708 4716 3768 4769 τὸ

2189 4806 2362 4875 μάννα
2388 4805 2591 4870 αὐτοῖς,
2617 4805 2717 4878 τὴν
2746 4807 2882 4878 πρὸς
2906 4807 2974 4861 τά
3004 4807 3198 4879 αίσχίω
3227 4807 3399 4879 ῥοπὴν
3439 4807 3769 4878 είσεδέχοντο

2187 4897 2454 4964 λέγοντες,
2489 4917 2507 4949 ι
2547 4898 2775 4968 Ὄφελον
2805 4899 3166 4970 ἀπεθάνομεν,
3203 4898 3504 4970 πληγέντες
3526 4899 3634 4952 ὑπὸ
3657 4900 3768 4952 Κῦ-

2189 4988 2303 5058 ρίου
2339 4990 2395 5043 ἐν
2420 4993 2490 5062 γῇ
2521 4992 2819 5060 Αἰγύπτου,
2838 4993 2964 5046 ὅταν
2994 4992 3327 5063 ἐκαθίσαμεν
3361 4992 3456 5044 ἐπὶ
3480 4990 3589 5044 τῶν
3606 4989 3766 5060 λεϐήν

2185 5099 2293 5135 των
2317 5083 2422 5135 τῶν
2445 5083 2644 5154 κρεῶν,
2661 5085 2755 5138 καὶ
2777 5084 3036 5156 ὴσθίομεν
3056 5085 3250 5156 ἄρτους
3283 5085 3363 5149 είς
3386 5084 3759 5156 πλησμονήν.ι

2201 5173 2339 5227 Ἀλλ’
2389 5173 2688 5247 ἐκϐέϐηκεν
2729 5176 2912 5239 αὐτοῖς
2966 5177 3046 5240 είς
3095 5175 3314 5248 ὄλεθρον
3363 5179 3393 5230 6
3434 5176 3580 5229 κατά
3630 5173 3765 5228 Θεοῦ

2181 5268 2512 5338 γογγυσμὸς,
2541 5268 2821 5322 ἀπώλοντο
2849 5268 2958 5340 γὰρ
2989 5268 3092 5322 ὑπὸ
3116 5267 3224 5322 τῶν
3264 5268 3462 5338 ὄφεων.
3497 5267 3765 5342 Ταύτῃτοι

2184 5360 2277 5412 καὶ
2325 5361 2353 5411 6
2405 5359 2715 5430 σοφώτατος
2764 5361 2995 5429 Παῦλος,
3032 5379 3051 5412 ι
3097 5362 3188 5431 Μὴ
3236 5360 3558 5431 γογγύζετε,
3609 5359 3761 5430 φησὶ,

2185 5452 2365 5517 καθώς
2413 5471 2558 5518 τινες
2617 5453 2797 5508 αὐτῶν
2825 5454 3153 5524 ἐγόγγυσαν,
3187 5454 3280 5507 καὶ
3311 5452 3418 5506 ὑπὸ
3456 5453 3566 5505 τῶν
3590 5452 3766 5520 ὄφεων

2183 5544 2480 5600 ἀπώλοντο.
2514 5566 2532 5598 ι
2581 5545 2788 5600 Οὐκοῦν
2830 5545 3001 5618 ἱλαρῷ
3035 5547 3349 5619 φρονήματι
3381 5545 3651 5616 προσήκει
3678 5543 3770 5596 τὸν

2281 5662 2343 5693 ⁵⁸·
2378 5662 2509 5718 ibid.
2614 5663 2656 5694 ⁸⁷
2701 5660 2890 5722 Matth.
2925 5679 2975 5729 ν,
3002 5661 3090 5718 39.
3228 5660 3274 5693 “
3306 5659 3480 5716 Ειοάο
3537 5673 3652 5722 Χνιν
3707 5657 3767 5712 5-
