4096 6212
389 385 411 436 ‘I
422 383 528 438 295

1520 375 1586 432 ΙΝ
1629 375 1867 432 ιδΑιΑΜ
1907 373 2037 430 LIB.
2086 373 2145 429 V.
2189 371 2429 429 TOMUS
2470 372 2556 426 IV.

3519 373 3652 427 12M

387 505 604 572 ἀπάσης
651 501 946 571 εὐκοσμίας
996 501 1352 572 ἐπιμελητὴν,
1384 500 1478 553 καὶ
1515 500 1625 553 τῶν
1665 498 1962 571 ἐξαιρέτων

2084 495 2414 551 ὶιυηιίιὶιιιειιι
2454 493 2811 557 saturaveris,
2851 493 2904 548 id
2944 501 3028 548 est
3054 533 3070 558 ,
3125 494 3168 547 si
3209 493 3521 548 misericors
3547 533 3562 558 ,
3607 496 3654 549 si

386 594 671 662 ἐφιέμενον
716 590 1242 661 ἀνδραγαθημάτων,
1271 591 1484 661 ἀφελὼν
1514 591 1570 644 δὲ
1595 591 1655 644 τὸ
1683 590 1835 662 ῥῆμα
1878 587 1972 642 τοῦ

385 679 723 752 γογγυσμοῦ,
760 681 855 735 ἐὰν
895 680 1000 753 δῷς
1028 681 1120 733 τὸν
1149 681 1312 752 ἄρτον
1343 680 1618 746 πεινῶντι,
1656 680 1750 733 καὶ
1795 679 1973 753 ψυχὴν

384 773 860 844 τεταπεινωμένην
885 773 1191 846 ἐμπλήσῃς,
1216 772 1512 836 τουτέστιν,
1538 774 1586 825 εί
1606 772 1780 842 γένοιο
1803 771 1974 840 φιλοιο

385 863 651 934 κτίρμων,
677 861 980 932 φιλάγαθός
1009 880 1069 915 τε
1110 864 1205 916 καὶ
1229 861 1570 932 φιλάλληλος,
1596 860 1972 932 εὑμετάδοτος,

384 957 478 1007 καὶ
509 954 842 1018 κοινωνικὸς,
868 954 962 1007 καὶ
987 956 1076 1008 τὸν
1107 955 1334 1025 πλησίον
1367 954 1594 1022 ἀγαπῶν
1617 953 1693 1014 ὡς
1723 953 1970 1018 σεαυτὸν,

382 1047 503 1099 τότε
531 1046 782 1100 ἀνατελεῖ
829 1047 887 1099 ὲν
938 1040 1016 1118 τῷ
1059 1047 1240 1100 σκότει
1269 1047 1330 1100 τὸ
1354 1048 1468 1115 φῶς
1492 1062 1608 1100 σου.
1643 1045 1766 1108 Πῶς
1809 1044 1866 1098 δὲ
1911 1043 1974 1116 δὴ

383 1138 492 1210 ἄρα
524 1138 620 1192 καὶ
653 1137 950 1204 τοῦτο;Ὠς
979 1139 1088 1209 γὰρ
1118 1142 1182 1193 ὲκ
1209 1138 1403 1202 νυκτὸς
1426 1137 1606 1210 ἡμέρα
1633 1136 1862 1206 γίνεται,
1885 1135 1975 1189 οὑ-

383 1246 490 1294 τως
541 1231 600 1281 ὲν
643 1230 1242 1301 ἡμῖν,ὲκπεμπομένου
1286 1228 1383 1283 τοῦ
1432 1227 1625 1300 νοητοῦ
1663 1228 1886 1290 σκότους
1913 1227 1976 1278 τὸ

384 1318 527 1371 θεῖον
554 1319 985 1390 ἀντεισκρίνεται
1022 1320 1156 1390 φῶς,
1184 1320 1260 1383 ὼς
1293 1321 1468 1374 δοκεῖν
1495 1316 1635 1373 εἶναι
1673 1322 1731 1373 ἐν
1764 1337 1977 1390 μεσημ-

385 1410 533 1481 ϐρίᾳ,
552 1411 850 1477 τουτέστιν,
880 1414 938 1466 ὲν
959 1413 1110 1484 ἀκμῇ
1131 1412 1534 1483 λαμπρότητος.
1565 1414 1720 1484 Μεση
1731 1411 1976 1482 μὸρίζων

384 1503 493 1573 γὰρ
511 1505 539 1556 ὁ
561 1502 654 1556 τοῦ
683 1503 837 1573 ἡλίου
867 1503 1065 1566 κύκλος
1112 1505 1478 1576 ἀκμαιότατον
1502 1503 1622 1556 τότε
1647 1503 1711 1574 δὴ
1740 1503 1975 1573 μάλιστα

383 1596 496 1657 τοῖς
541 1594 634 1646 ἐπὶ
675 1594 779 1664 γῆς
810 1594 983 1665 ἐνίησι
1014 1593 1076 1647 τὸ
1103 1595 1438 1664 φῶς.”Εσται
1471 1594 1535 1665 δὴ
1569 1592 1742 1656 οὑτως
1778 1594 1806 1645 ὁ
1844 1591 1977 1656 Θεός

385 1701 481 1739 σου
513 1686 652 1756 μετὰ
677 1686 771 1740 σοῦ
797 1685 888 1738 διά
920 1686 1140 1750 παντός.
1175 1686 1456 1757 Πάμμεγα
1483 1686 1538 1739 δὲ
1573 1685 1710 1757 πρὸς
1739 1686 1851 1748 τοῖς
1877 1682 1974 1737 ἄλ-

2076 603 2270 646 amans
2309 591 2602 655 bonorum,
2635 597 2689 645 et
2721 597 2904 643 mutua
2931 587 3065 643 alios
3091 589 3462 658 complectens
3491 588 3656 643 liene-

2076 687 2344 757 volentia,
2394 684 2440 740 si
2477 685 2544 738 ad
2589 682 3008 754 impartiendum
3043 693 3100 737 et
3149 685 3657 739 communicandum

2076 774 2256 830 facilis
2309 774 2523 839 l'ueris,
2575 783 2630 827 et
2685 773 2990 841 proximum
3043 771 3236 842 diligas
3275 781 3335 826 ut
3377 773 3656 842 teipsum:

2079 875 2208 922 tunc
2236 866 2444 922 orietur
2476 866 2529 920 in
2557 864 2799 920 tenebris
2820 864 3001 919 lumen
3036 872 3209 918 tuum.
3233 863 3409 932 Atqui
3441 865 3658 919 tandem

2076 959 2225 1016 hoc?
2254 957 2725 1027 Quemadmodum
2757 957 2902 1012 enim
2948 971 3015 1010 ex
3069 966 3228 1012 nocte
3261 956 3380 1012 dies
3420 955 3478 1010 fit
3528 995 3543 1020 ,
3577 957 3659 1012 sic

2074 1061 2130 1108 et
2165 1051 2220 1106 in
2258 1051 2438 1116 nobis,
2481 1051 2822 1120 spiritalibus
2845 1049 3087 1106 tenebris
3111 1049 3379 1120 depulsis,
3420 1050 3660 1104 divinum

2075 1143 2260 1199 lumen
2297 1159 2484 1198 earum
2512 1143 2632 1200 loco
2659 1142 2827 1209 subit,
2887 1143 2962 1198 ita
2999 1152 3059 1197 ut
3095 1142 3147 1197 in
3175 1142 3421 1208 meridie,
3463 1141 3515 1196 id
3555 1154 3659 1205 est,

2078 1253 2294 1294 summo
2345 1237 2400 1291 in
2469 1236 2760 1307 splendore
2788 1251 2909 1293 esse
2969 1237 3272 1290 videamur.
3344 1234 3662 1288 Meridiante

2077 1330 2224 1385 enim
2251 1330 2388 1385 solis
2415 1328 2643 1395 circulo,
2667 1329 2760 1384 lux
2809 1339 2922 1384 tum
2978 1328 3356 1384 intensissima
3385 1337 3542 1383 terrae
3582 1329 3661 1381 in-

2077 1419 2214 1475 colis
2244 1419 2578 1476 immittitur.
2617 1419 2849 1490 Eritque
2875 1421 2955 1476 sic
2982 1422 3124 1475 Deus
3151 1429 3276 1476 tuus
3310 1429 3485 1475 tecum
3517 1435 3661 1474 sem-

2077 1520 2211 1574 per;
2248 1517 2333 1562 est
2363 1522 2582 1578 quoque
2635 1509 2739 1564 hoc
2769 1519 2970 1580 praeter
2993 1509 3099 1564 alia
3150 1510 3467 1566 maximum.
3521 1510 3660 1576 Quid

2076 1595 2218 1650 enim
2262 1597 2385 1652 boni
2424 1613 2530 1654 non
2571 1599 2727 1653 adest
2765 1599 2848 1654 his
2894 1599 2982 1668 qui
3023 1599 3126 1656 hoc
3175 1609 3303 1655 sunt
3350 1600 3664 1655 consecuti?

2077 1689 2181 1742 Aut
2208 1689 2406 1758 quibus
2433 1687 2594 1744 donis
2630 1706 2736 1745 non
2761 1692 3004 1747 abundat
3052 1693 3233 1758 homo,
3263 1690 3306 1745 si
3353 1691 3494 1747 Deus
3537 1705 3661 1745 cum

385 1780 498 1842 λοις
532 1779 627 1832 καὶ
659 1778 837 1834 τοῦτο.
865 1780 930 1831 Τί
960 1779 1069 1850 γὰρ
1101 1779 1200 1850 οὑχ
1228 1779 1465 1851 ὑπάρχει
1489 1777 1597 1832 τῶν
1623 1776 1842 1846 ἀγαθῶν
1862 1778 1975 1840 τοῖς

2084 1779 2168 1834 illo
2191 1779 2284 1845 sit,
2314 1781 2403 1850 qui
2422 1781 2602 1836 omnia
2623 1789 2801 1851 potest
2815 1791 2870 1838 et
2891 1782 3062 1840 divite
3090 1798 3251 1836 manu
3272 1782 3551 1838 distribuit
3572 1796 3661 1844 ea,

382 1870 542 1924 τοῦτο
570 1870 860 1942 λαχοῦσινς
890 1873 924 1945 ἢ
954 1873 1122 1927 ποίων
1157 1872 1257 1926 οὑκ
1285 1871 1437 1926 ἔσται
1465 1872 1820 1944 χαρισμάτων
1852 1870 1971 1922 ὲπί-

2084 1885 2303 1940 quorum
2335 1874 2706 1943 suppeditatur
2733 1886 2816 1931 est
2838 1885 2891 1930 et
2907 1875 3153 1944 largitor,
3171 1875 3265 1944 qui
3290 1875 3453 1928 etiam
3478 1882 3661 1927 tenta-

387 1979 583 2030 μεστος
633 1961 938 2035 ἄνθρωπος,
974 1963 1110 2017 Θεοῦ
1161 1964 1411 2026 συνόντος
1458 1960 1607 2032 αὑτῷ
1652 1961 1746 2014 τοῦ
1795 1961 1974 2015 πάντα

2084 1963 2290 2018 tionum
2344 1964 2579 2034 impetus
2597 1967 2898 2036 propulsat,
2922 1969 3163 2037 adeoque
3184 1966 3376 2020 fortem
3392 1966 3590 2028 reddit,
3606 1974 3663 2018 ut

387 2053 682 2122 ἰσχύοντος,
718 2055 812 2110 καί
860 2054 1090 2128 πλουσίᾳ
1134 2055 1280 2126 χειρὶ
1308 2054 1655 2125 διανέμοντος
1687 2052 1756 2106 τὰ
1788 2047 1982 2124 ὧνπέρ

2084 2066 2135 2110 et
2159 2057 2210 2110 in
2231 2057 2540 2112 universum
2567 2059 2670 2130 ipsi
2689 2059 2907 2114 Satanae
2924 2069 2977 2116 et
2998 2059 3466 2129 perturbationum
3491 2055 3660 2111 msul-

385 2145 499 2198 ἑστι
549 2147 782 2219 χορηγὸς
831 2148 926 2202 καὶ
970 2147 1152 2220 δοτὴρ,
1179 2148 1272 2202 καὶ
1319 2145 1716 2210 ἀποσοϐοῦντος
1753 2145 1853 2218 μὲν
1876 2146 1976 2208 τὰς

2086 2150 2230 2204 tibus
2261 2151 2518 2206 resistat?

383 2239 488 2294 τῶν
521 2239 840 2312 πειρασμῶν
881 2241 1125 2310 ἐφόδους,
1154 2241 1383 2312 εὐσθενῆ
1421 2240 1476 2294 δὲ
1513 2238 1657 2293 οὑτω
1699 2237 1963 2304 τιθέντος,
2003 2240 2143 2296 ὥστε
2172 2244 2266 2297 καὶ
2319 2242 2735 2301 ἀντανίστασθαι
2763 2242 2996 2313 γενικῶς
3044 2245 3139 2298 καὶ
3160 2243 3407 2316 αὑτῴτῷ
3428 2243 3662 2315 Σατανᾷ.

385 2335 476 2388 καὶ
507 2335 628 2396 ταῖς
661 2334 726 2386 ὲκ
757 2332 944 2387 παθῶν
971 2333 1254 2404 ἑπηρείαις
1280 2350 1294 2399 ;

453 2426 562 2478 Καὶ
612 2424 1045 2494 ἐμπλησθήσῃ,
1087 2425 1352 2494 καθάπερ
1393 2423 1673 2495 ἐπιθυμεῖ
1719 2426 1758 2494 ἡ
1804 2424 1978 2495 ¹Ψυχή

2156 2423 2321 2479 Vnus.
2355 2423 2445 2479 Η.
2514 2424 2581 2479 Et
2641 2422 2956 2493 impleberis,
2983 2425 3116 2478 sicut
3157 2425 3421 2481 desiderat
3481 2432 3662 2485 anima

383 2533 523 2580 σου,
559 2517 656 2570 καί
699 2517 772 2571 τὰ
809 2515 960 2572 ὀστᾶ
1001 2533 1118 2573 σου
1161 2518 1622 2586 πιανθήσονται,
1664 2518 1746 2582 ὠς
1783 2515 1979 2585 κῆπος

2084 2525 2198 2578 tua,
2220 2525 2265 2568 et
2296 2531 2416 2569 ossa
2451 2525 2543 2568 tua
2593 2517 2953 2584 pinguescent,
2991 2525 3047 2569 ut
3076 2516 3256 2572 hortus
3302 2519 3498 2588 ebrius,
3530 2534 3576 2579 et
3606 2536 3664 2579 ut

379 2613 637 2681 μεθύων,
679 2610 780 2664 καί
812 2610 894 2676 ὠς
928 2611 1114 2680 πηγὴ,
1143 2609 1225 2678 ἢν
1247 2610 1334 2681 μὴ
1371 2609 1651 2672 ἐξέλιπεν
1674 2608 1850 2678 ὕδωρ,
1878 2607 1980 2663 καί

2084 2606 2199 2674 fons
2228 2622 2379 2676 quem
2419 2623 2521 2660 non
2572 2607 2800 2660 deseruit
2855 2623 3013 2678 aqua.
3057 2607 3127 2662 Et
3180 2627 3298 2664 ossa
3338 2614 3474 2668 velut
3500 2617 3662 2671 herba

383 2705 457 2758 τὰ
483 2701 636 2758 ὀστᾶ
666 2717 783 2757 σου
811 2703 890 2769 ὡς
908 2701 1144 2768 βοτάνη
1178 2700 1464 2756 ἀνατελεῒ
1489 2699 1588 2754 καὶ
1611 2699 1980 2766 πιανθήσονο

2084 2700 2343 2765 orientur,
2371 2708 2419 2753 et
2448 2700 2807 2769 pinguescent,
2832 2711 2878 2754 et
2900 2703 3285 2758 Itwreditabunt
3303 2711 3661 2776 generationes

383 2810 500 2860 ται,
536 2795 633 2848 καὶ
663 2792 1195 2861 κληρονομήσουσι
1226 2793 1436 2860 γενεὰς
1464 2789 1706 2861 γενεῶν.

2084 2793 2500 2859 generationum.

455 2866 570 2939 Καί
598 2886 742 2948 τίνος
767 2884 874 2955 ἄρα
899 2881 1384 2954 ὲμπλησθήσεσθε;
1411 2881 1543 2952 φησί
1560 2881 1760 2934 ,Θείων
1785 2879 1970 2950 δηλον-

2145 2883 2212 2936 Ει
2241 2897 2346 2951 qua
2369 2898 2428 2938 re
2456 2898 2608 2952 ergo,
2656 2884 2849 2954 inquit,
2904 2885 3294 2956 impleliimini?
3329 2889 3536 2947 Divinis
3557 2897 3664 2950 sci-

383 2981 465 3034 ότι
505 2978 881 3051 χαρισμάτων,
913 2977 1008 3030 καὶ
1053 2975 1262 3047 τροφῆς
1290 2973 1695 3046 ἀγιοπρεποῦς·
1741 2973 1818 3036 ὡς
1861 2972 1972 3043 γάρ

2084 2983 2198 3037 licet
2222 2981 2537 3037 muneribus
2564 2992 2617 3038 et
2637 2993 2826 3038 sancto
2857 2983 3001 3039 cibo.
3032 2982 3104 3038 Ut
3129 2985 3272 3040 enim
3315 2987 3428 3057 ipse
3467 2989 3662 3044 alicubi

384 3073 543 3134 αὑτὸς
567 3071 669 3141 ἔφη
699 3085 798 3123 που
820 3067 1071 3139 Χριστός*
1111 3087 1130 3118 ι
1159 3067 1273 3119 υὺκ
1295 3067 1380 3120 ἐπ’
1402 3065 1555 3137 ἄρτῳ
1577 3066 1722 3136 μόνῳ
1749 3065 1974 3135 ζήσεται

2084 3073 2213 3128 dixit
2239 3073 2499 3130 Dominus
2535 3090 2548 3129 :
2587 3091 2608 3127 ι
2646 3072 2761 3128 Non
2795 3075 2850 3129 in
2879 3075 2997 3130 solo
3024 3089 3161 3144 pane
3183 3077 3328 3132 vivet
3363 3079 3542 3144 homo,
3569 3084 3665 3136 sed

385 3165 688 3236 ἄνθρωπος,
721 3162 837 3216 ἀλλ’
864 3162 956 3214 ἐπὶ
998 3162 1162 3214 παντὶ
1195 3161 1400 3232 ῥήματι
1440 3157 1860 3228 ἐκπορευομένῳ
1887 3157 1975 3211 διὰ

2084 3168 2134 3223 in
2178 3169 2327 3226 omni
2375 3167 2543 3222 verbo
2587 3167 2728 3235 quod
2772 3166 3016 3236 procedit
3046 3181 3111 3220 ex
3146 3181 3240 3222 ore
3287 3167 3378 3223 Dei
3395 3169 3475 3235 ⁵ο,
3513 3189 3532 3222 ι
3562 3171 3665 3227 hoc

390 3257 658 3326 στόματος
702 3253 859 3321 Θεοῦ,
891 3272 911 3306 ι
949 3252 1106 3306 τοῦτο
1157 3253 1252 3305 καὶ
1288 3250 1455 3306 πάλαι
1484 3251 1596 3311 τοῖς
1640 3246 1700 3312 ἐξ
1741 3247 1973 3317 αἵματος

2084 3261 2240 3316 etiam
2271 3261 2412 3316 'liliis
2457 3260 2624 3332 822
2673 3259 2837 3315 Israel
2871 3259 3000 3314 olim
3047 3259 3192 3314 velut
3245 3259 3297 3316 in
3339 3261 3510 3331 figura
3573 3264 3668 3319 de-

402 3349 614 3422 Ἰσραὴλ
645 3347 720 3411 ὡς
754 3349 813 3401 ὲν
842 3347 996 3417 τύπῳ
1025 3344 1376 3416 ὲνεγράερετο,
1435 3341 1718 3405 καθιέντος
1746 3341 1880 3394 Θεοῦ
1921 3340 1982 3394 τὸ

393 3439 567 3510 μάννα
607 3438 666 3504 ἐξ
709 3435 962 3506 οὑρανοῦ’
1012 3434 1130 3488 ὲπεί
1175 3450 1294 3486 τινα
1327 3431 1528 3501 τρόπον
1552 3432 1713 3501 ἄρτος
1736 3429 1980 3499 ἀγγέλων

390 3531 608 3603 νοηθείη
636 3531 724 3596 ἄν,
759 3531 853 3584 καὶ
883 3529 1045 3600 ἄρτος
1069 3524 1320 3599 οὐρανοῦ.
1372 3524 1435 3577 Εἰ
1473 3523 1530 3576 δὲ
1557 3523 1650 3576 καί
1682 3539 1826 3584 τινες
1846 3517 1980 3586 εἶεν,

389 3618 471 3687 οἷς
517 3623 578 3676 τὸ
621 3624 762 3676 θεῖον
809 3620 1115 3693 ὲνήστραψε
1145 3619 1263 3689 φῶς
1295 3617 1564 3680 πλουσίως
1595 3617 1674 3680 είς
1706 3615 1852 3679 νοῦν,
1891 3613 1984 3666 καὶ

390 3715 497 3769 τῶν
523 3715 684 3787 ἱερῶν
714 3714 1060 3784 Γραμμάτων
1094 3709 1300 3780 ἀκριϐῆ
1353 3709 1448 3762 καὶ
1481 3708 1780 3778 ἀμώμητον
1805 3707 1983 3776 ἐνειρ-

391 3811 595 3878 γάσατο
643 3806 866 3876 γνῶσιν,
919 3805 1012 3858 καὶ⁵
1059 3803 1282 3865 τούτους
1328 3799 1712 3873 ἐμπεπλῆσθαι
1777 3814 1982 3869 φαμεν,

391 3902 486 3957 καὶ
536 3903 616 3965 είς
665 3899 826 3971 κόρον
881 3897 1074 3952 ἐλάσαι
1111 3897 1209 3966 τῆς
1253 3893 1460 3950 ἄνωθεν
1516 3894 1609 3947 καὶ
1651 3892 1802 3964 παρά
1846 3890 1982 3945 Θεοῦ

389 3995 634 4068 τρυφῆς⁸
667 3994 802 4048 ἀλλὰ
845 3992 1036 4045 τούτου
1087 3993 1184 4062 μὲν
1247 3989 1602 4044 ἐκπέπτωκεν
1658 3987 1687 4038 ό
1741 3985 1980 4058 Ἰσραήλ·

392 4087 644 4156 γεγόνασί
675 4103 738 4155 γε
778 4085 886 4156 μὴν
927 4087 985 4138 ὲν
1035 4083 1225 4154 κτήσει
1280 4082 1374 4135 καὶ
1405 4082 1608 4151 κατοχῇ
1643 4080 1712 4132 τὰ
1741 4078 1871 4148 ἔθνη
1898 4078 1985 4132 διὰ

391 4179 490 4249 τῆς
518 4178 774 4243 πίστεως,
811 4177 905 4231 καὶ
943 4177 1056 4229 ὅσοι
1083 4175 1176 4228 τὸν
1204 4172 1560 4241 εὑαγγελικὸν
1605 4171 1700 4225 καὶ
1721 4171 1985 4241 σωτήριον

392 4273 708 4344 προσιόντες
727 4270 903 4338 λόγον.
928 4268 1039 4322 Καὶ
1057 4265 1187 4336 γοῦν
1213 4264 1315 4334 ἔφη
1340 4265 1452 4326 τοῖς
1476 4263 1651 4331 ἁγίοις
1670 4262 1986 4326 ἀποστόλοις

390 4369 420 4420 ὁ
450 4365 657 4436 Κύριος
687 4362 844 4434 ἡμῶν
885 4360 1092 4430 Ἰησοῦς
1121 4358 1375 4429 Χριστὸς,
1403 4357 1485 4410 ὅτι
1524 4374 1542 4407 ι
1591 4354 1750 4422 Ὑμῖν
1778 4354 1987 4408 δέδοται

392 4457 596 4526 γνῶναι
641 4454 711 4507 τὰ
763 4455 1035 4526 μυστήρια
1083 4451 1186 4521 τῆς
1236 4448 1516 4522 βασιλείας
1565 4445 1673 4499 τῶν
1716 4445 1988 4517 οὐρανῶν,

395 4547 626 4608 ἐκείνοις
654 4544 711 4597 δὲ
741 4545 803 4596 οὑ
829 4544 1058 4608 δέδοται,
1084 4563 1102 4596 ι
1122 4543 1235 4606 τοῖς
1266 4542 1602 4612 ἀπιστήσασι
1628 4531 1986 4608 δηλονότι,οίς

395 4638 460 4706 δὴ
489 4603 636 4689 καὶδ
665 4635 805 4698 θεῖος
835 4603 1152 4704 ἐπεφώνησε
1173 4603 1350 4702 λόγος,
1387 4651 1406 4684 ι
1435 4603 1498 4685 (ii
1524 4603 1868 4692 δουλεύοντές
1894 4646 1982 4699 μοι
2015 4603 2062 4663 D

399 4728 682 4798 φάγονται,
713 4727 870 4797 ὑμεῖς
923 4725 979 4779 δὲ
1032 4727 1337 4782 πεινάσετε.
1374 4727 1506 4781 ’1δοὺ
1550 4727 1598 4779 οί
1645 4724 1986 4788 δουλεύοντές

401 4837 492 4891 μοι
544 4819 782 4886 πίονται,
812 4819 969 4890 ὑμεῖς
1019 4816 1076 4869 δὲ
1123 4816 1409 4886 διψήσητε.
1440 4835 1460 4868 s
1494 4815 1820 4870 Ἐπείνασοιν
1877 4815 1984 4886 γὰρ

399 4914 493 4968 καὶ
525 4913 809 4984 ὲδίψησαν,
847 4912 1107 4982 ἀμέτοχοι
1137 4909 1417 4978 γεγονότες
1434 4908 1542 4960 τῶν
1581 4909 1670 4962 διὰ
1695 4909 1788 4962 τοῦ
1823 4907 1986 4961 πνεύρ

403 5023 567 5076 ματος
597 5005 840 5073 ἀγαθῶν,
875 5002 970 5057 καὶ
999 5003 1253 5070 ἄγευστοι
1283 4999 1561 5068 παντελῶς
1598 5000 1706 5052 τῶν
1737 5000 1825 5054 διὰ
1856 5001 1988 5068 Χρι-

402 5097 526 5151 στοῦ
556 5098 933 5169 χαρισμάτων,
955 5095 1072 5167 ἦτοι
1098 5094 1193 5166 τῆς
1218 5094 1370 5156 θείας
1409 5109 1469 5145 τε
1502 5092 1596 5145 καὶ
1623 5092 1981 5161 εὑαγγελικῆς

401 5191 915 5261 παιδεύσεως.Ἕφη
944 5190 1051 5260 γάρ
1082 5205 1186 5241 που
1211 5188 1277 5242 δι’
1303 5187 1424 5250 ἐνὸς
1449 5183 1555 5238 τῶν
1586 5184 1755 5252 ἁγίων
1780 5199 1984 5254 προφη-

399 5285 528 5338 τῶν⁸
564 5303 582 5336 ι
605 5285 736 5338 Ἰδοὺ
765 5283 874 5352 ἐγὼ
913 5283 1068 5352 λιμὸν
1101 5281 1291 5348 ἐπάγω
1320 5280 1411 5332 ἐπὶ
1455 5277 1553 5350 τὴν
1584 5278 1709 5347 γῆν,
1735 5276 1795 5329 οὑ
1826 5275 1981 5346 λιμὸν

400 5375 590 5447 ἄρτου,
617 5375 739 5429 οὑδὲ
778 5374 934 5444 δίψαν
976 5371 1187 5437 ὓδατος,
1227 5369 1361 5424 ἀλλά
1416 5368 1571 5440 λιμὸν
1618 5365 1713 5420 τοῦ
1756 5365 1982 5420 ἀκοῦσαι

400 5467 556 5536 λόγον
587 5467 817 5539 Κυρίου,
845 5465 940 5520 καὶ⁸
978 5464 1086 5518 ἀπὸ
1117 5463 1391 5518 ἀνατολῶν
1441 5463 1547 5525 ἓως
1577 5458 1796 5529 δυσμῶν
1829 5475 1984 5528 περι-

401 5558 735 5630 δραμοῦνται
779 5556 1066 5628 ζητοῦντες
1111 5555 1200 5608 τὸν
1242 5555 1398 5623 λόγον
1430 5552 1658 5622 Κυρίου,
1693 5550 1786 5604 καὶ
1811 5551 1871 5602 οὐ
1906 5550 1981 5620 μὴ

403 5641 654 5714 εὑρωσιν.
693 5664 709 5694 ι
751 5644 1039 5716 Ἐξῄρηται
1091 5643 1198 5714 γάρ
1248 5641 1348 5711 τῆς
1399 5640 1663 5695 Ἰουδαίων
1712 5637 1910 5708 ἀγέλης
1956 5641 1982 5690 ό

2085 3355 2452 3418 scribebatur,
2469 3355 2580 3410 Deo
2601 3369 2797 3409 manna
2817 3353 3137 3408 demitteute
3157 3353 3403 3420 caelitus;
3423 3356 3666 3424 quando-

2085 3446 2301 3514 quidem
2327 3445 2482 3515 panis
2509 3446 2821 3516 angelorum
2861 3443 3260 3512 quodammodo
3285 3454 3341 3498 et
3369 3447 3522 3516 panis
3544 3448 3667 3500 caeli

2086 3534 2262 3604 possit
2322 3535 2570 3604 intelligi.
2630 3534 2689 3590 Si
2740 3535 2903 3587 etiam
2961 3535 3070 3587 sint
3120 3535 3362 3602 quidam,
3433 3551 3665 3604 quorutn

2089 3634 2323 3680 mentem
2354 3624 2540 3679 divina
2605 3625 2695 3678 lux
2745 3624 3029 3693 opulenter
3063 3625 3372 3688 eollustrat,
3401 3636 3455 3678 et
3485 3641 3668 3681 sacra-

2093 3732 2210 3770 rum
2244 3715 2572 3771 Litterarum
2622 3725 2870 3772 exactam
2904 3725 2958 3770 et
2990 3717 3261 3771 sinceram
3302 3718 3666 3788 cognitionem

2088 3809 2473 3877 ingeneravit:
2506 3808 2627 3863 illos
2684 3823 2901 3878 quoque
2959 3808 3190 3863 dicimus
3248 3809 3441 3878 repleri
3489 3820 3544 3864 et
3584 3825 3670 3864 su-

2086 3913 2256 3969 perno
2283 3913 2348 3954 ac
2399 3898 2582 3954 divino
2635 3899 2756 3955 cibo
2787 3899 3068 3955 exsatiari.
3128 3898 3235 3956 Sed
3296 3902 3401 3958 hoc
3469 3903 3671 3960 excidit

2088 3989 2289 4046 Israel:
2328 4000 2522 4062 gentes
2558 4002 2737 4046 autem
2780 4005 2876 4061 per
2915 3979 3073 4046 fidem
3124 3996 3479 4062 possederunt
3509 4005 3564 4051 et
3591 4011 3670 4051 re-

2089 4085 2404 4149 tinuerunt,
2453 4094 2507 4138 et
2541 4085 2850 4155 quicunque
2883 4085 3256 4156 evangelicum
3287 4095 3342 4142 et
3371 4086 3666 4143 salutarem

2087 4190 2392 4230 sermonem
2423 4175 2734 4237 admittunt.
2772 4174 3039 4230 Nimirum
3063 4177 3416 4232 dixitsanctis
3449 4188 3667 4248 aposto-

2088 4265 2155 4321 lis
2181 4265 2438 4320 Dominus
2474 4275 2656 4320 noster
2699 4264 2857 4321 Jesus
2892 4266 3186 4321 Christus:
3229 4284 3247 4316 ι
3290 4265 3455 4322 Vobis
3484 4269 3666 4322 datum

2089 4367 2175 4414 est
2228 4359 2370 4414 scire
2419 4357 2678 4428 mysteria
2738 4359 2888 4426 regni
2944 4357 3232 4423 cmlorum,
3267 4366 3321 4411 at
3351 4358 3454 4412 illis
3481 4362 3666 4413 datum

2091 4464 2197 4504 non
2227 4460 2311 4505 est
2336 4451 2400 4516 ⁸¹,
2429 4470 2448 4503 ι
2483 4450 2790 4506 infidelibus
2807 4451 3042 4515 scilicet,
3072 4464 3209 4521 quos
3231 4450 3396 4504 etiam
3428 4451 3669 4520 compel—

2091 4539 2222 4593 lavit
2247 4540 2429 4593 divina
2461 4540 2673 4594 oratio:
2709 4557 2727 4590 ι
2766 4539 2867 4605 Qui
2892 4541 3138 4594 serviunt
3175 4539 3332 4606 mihi,
3360 4541 3668 4602 comedent.

2089 4645 2187 4686 vos
2216 4640 2395 4685 autem
2433 4631 2712 4685 esurielis.
2782 4630 2922 4686 Ecce
2955 4631 3048 4700 qui
3099 4631 3343 4686 serviunt
3386 4631 3542 4696 mihi,
3583 4632 3668 4686 bi-

2087 4723 2235 4787 bcnt,
2269 4727 2326 4776 at
2343 4733 2436 4776 vos
2490 4721 2766 4778 sitietis".
2797 4741 2816 4775 ι
2874 4722 3196 4777 Esurierunt
3250 4723 3485 4778 enim‘et
3519 4723 3669 4778 sitie-

2089 4822 2237 4877 ruut,
2270 4821 2522 4882 expertes
2555 4811 2820 4867 bonorum
2860 4811 3212 4881 spiritalium,
3245 4821 3299 4868 et
3332 4813 3423 4882 qui
3449 4811 3669 4867 omnino

2090 4903 2232 4958 dona
2263 4901 2461 4957 Christi
2489 4917 2593 4956 non
2618 4910 2991 4972 gustaverunt,
3021 4901 3136 4956 sive
3163 4900 3404 4954 divinam
3429 4907 3483 4953 et
3504 4913 3671 4953 evan-

2091 4995 2318 5065 gelicam
2387 4993 2708 5048 doctrinam.
2770 4991 2918 5046 Dixit
2974 4992 3175 5046 etenim
3229 5004 3325 5060 per
3377 4987 3666 5059 quemdam

2091 5087 2406 5156 prophetam
2480 5094 2772 5140 sanctum:
2815 5102 2833 5136 ι
2874 5083 3015 5140 Ecce
3070 5095 3171 5151 ego
3243 5080 3440 5134 famem
3469 5080 3669 5136 induco

2091 5191 2252 5246 super
2304 5185 2528 5241 terram,
2584 5191 2690 5232 non
2747 5177 2946 5231 famem
3001 5175 3180 5244 panis,
3270 5186 3445 5240 neque
3519 5172 3666 5227 sitim

2092 5283 2267 5339 aquae,
2297 5270 2392 5325 sed
2430 5267 2626 5324 famem
2663 5267 2914 5322 audiendi
2967 5279 3277 5320 sermonem
3323 5262 3536 5316 Domini
3569 5275 3584 5314 :
3613 5271 3668 5315 et

2089 5362 2159 5416 ab
2186 5371 2307 5417 ortu
2348 5362 2416 5417 ad
2445 5375 2696 5417 occasum
2738 5351 2930 5430 usque
2956 5357 3317 5420 cursitabunt,
3366 5364 3668 5424 quaerentes

2090 5468 2395 5509 sermonem
2415 5453 2650 5520 Domini,
2681 5461 2736 5508 et
2784 5466 2889 5507 non
2920 5449 3196 5505 invenient
3216 5448 3282 5501 ⁵³.
3313 5466 3332 5498 ι
3371 5447 3666 5517 Ademptns

2090 5554 2177 5600 est
2231 5545 2377 5600 enim
2432 5547 2582 5616 gregi
2630 5543 2938 5599 Judazorum
2974 5541 3221 5597 \‘ivilieus
3263 5548 3318 5594 et
3348 5539 3670 5593 nutrientis-

2090 5636 2259 5692 simus
2307 5650 2511 5703 sermo,
2560 5645 2616 5691 et
2653 5637 2812 5692 datus
2854 5646 2954 5700 est,
3002 5635 3076 5690 uti
3136 5631 3268 5702 disi,
3318 5629 3668 5701 diligentibus

478 5829 522 5860 ⁸ο
555 5826 738 5882 Matth.
776 5840 850 5890 tv,
880 5823 934 5878 4.
1013 5823 1051 5853 ⁵¹
1093 5821 1278 5877 Matth.
1311 5837 1428 5887 χιιι,
1465 5821 1542 5876 ll.
1621 5823 1664 5853 ³³
1698 5819 1798 5875 lsa.
1837 5835 1958 5884 va,

2084 5863 2085 5868 η
2151 5817 2225 5896 ..³³
2250 5817 2415 5871 Amos
2448 5830 2560 5883 vni,
2596 5816 2680 5884 ll,
2723 5815 2802 5870 l2.
