4042 6200
479 329 618 386 ωδ

1472 328 1528 381 S.
1573 325 1844 382 CYRILLI
1889 324 2362 381 ALEXANDRINI
2404 324 2720 382 ARCIIIEP.

3609 330 3747 384 Ηΰεί

476 447 775 511 Christum,
831 458 969 514 quos
999 441 1359 512 compellavit,
1413 443 1600 498 dicens
1645 462 1656 496 :
1695 461 1712 494 ι
1750 443 1929 510 Editc,
1995 452 2049 498 et

2166 445 2410 510 ζωοποιός
2451 461 2510 497 τε
2566 444 2660 498 καὶ
2707 440 3120 512 τροφιμώτατος
3166 440 3262 495 τοῦ
3288 441 3420 496 Θεοῦ
3445 442 3624 512 λόγος.
3653 447 3762 497 Δέ-

477 535 846 600 inehriamini,
883 534 1132 590 vicini“.
1161 553 1179 584 ι
1216 534 1321 587 Sed
1342 534 1632 590 etdivinus
1656 534 1822 589 David
1854 534 2050 605 psallit,

479 637 666 699 utpote
715 627 938 696 hujusce
979 627 1113 680 adeo
1139 626 1418 696 praeclara:
1445 635 1500 680 et
1534 627 1820 682 uberrimze
1879 628 2058 682 muni-

477 717 707 772 ficentiae
769 715 1084 784 particeps:
1126 732 1145 766 t
1181 714 1392 770 Parasti
1468 716 1520 770 in
1583 724 1871 787 conspectu
1911 731 2056 772 'meo

478 825 722 864 mensam
787 809 1048 863 adversus
1107 823 1200 862 eos
1250 808 1342 878 qui
1383 809 1644 864 tribulant
1699 825 1804 865 me.
1843 808 2057 878 Impin-

477 899 654 969 guasti
683 899 737 954 in
765 899 885 954 oleo
922 910 1084 970 caput
1114 914 1316 965 meum,
1349 910 1406 955 et
1439 901 1577 956 calix
1611 911 1732 958 tuus
1782 902 2057 958 inebrians

477 1005 585 1056 me,
615 1005 777 1060 quam
839 990 1130 1060 praeclarus
1162 993 1328 1048 est".
1355 1011 1374 1045 ι
1420 994 1738 1064 Quicunque
1765 1009 1894 1063 ergo
1919 995 2056 1049 divi-

478 1095 672 1136 norum
698 1082 1080 1153 mysteriorum
1125 1084 1432 1140 habuerunt
1461 1087 1826 1157 cognitionem
1857 1087 1937 1142 vel
1974 1086 2058 1143 his

478 1171 684 1242 impleti
721 1182 869 1241 sunt,
927 1175 1116 1229 horum
1171 1191 1291 1232 ossa
1335 1179 1678 1250 pinguefacta
1703 1189 1846 1233 sunt.
1898 1178 2058 1250 Figu-

478 1271 598 1317 rata
639 1273 820 1319 autem
853 1271 939 1320 est.
980 1267 1180 1331 oratio,
1210 1277 1422 1338 sumpta
1448 1269 1516 1323 ab
1554 1269 1638 1323 his
1664 1268 2059 1338 quodammodo

478 1356 568 1424 qui
598 1357 747 1411 carni
777 1366 831 1412 et
859 1359 1019 1429 genio
1063 1359 1342 1432 indulgere
1381 1361 1582 1418 solent.
1639 1362 1844 1417 llorum
1877 1363 2056 1417 anima

478 1449 570 1503 lict
599 1459 853 1520 tanquam
887 1452 1075 1506 hortus
1101 1453 1304 1520 ebrius,
1355 1453 1406 1509 id
1431 1464 1536 1523 est,
1566 1455 1814 1521 ﬂoridus,
1845 1464 1899 1510 et
1924 1457 2061 1511 bene

479 1542 676 1597 densus
715 1543 1024 1611 arboribus,
1093 1554 1148 1600 et
1205 1546 1374 1602 variis
1405 1546 1598 1602 ﬂorum
1649 1547 1937 1618 generibus
1963 1551 2060 1603 de-

478 1644 718 1700 coratus,
786 1650 852 1691 ac
917 1637 1244 1708 multiplices
1294 1639 1507 1695 fructus
1556 1640 1859 1710 proferens.
1907 1637 2058 1694 Horti

478 1727 624 1780 enim
661 1727 751 1796 qui
809 1743 948 1798 aqua
982 1739 1190 1794 carent,
1235 1731 1527 1785 maximam
1560 1730 1761 1786 habent
1803 1730 2061 1787 deformi-

479 1828 668 1883 tatem,
731 1829 921 1889 utpote
973 1821 1108 1874 aridi
1141 1829 1197 1875 et
1227 1822 1395 1875 omni
1421 1823 1599 1878 fructu
1659 1823 1834 1889 vacui,
1866 1824 1972 1878 imo
2005 1834 2061 1878 et

478 1911 608 1981 ipsis
632 1911 829 1982 plantis
855 1912 1204 1968 destituti.At
1242 1914 1332 1984 qui
1369 1929 1630 1986 aquarum
1663 1915 1832 1972 libero
1860 1916 2060 1984 impetu

381 2065 395 2071 _
479 2002 747 2057 inebriati-
777 2009 924 2070 sunt,
976 2004 1299 2074 omnigenis,
1326 2005 1491 2078 823
1524 2016 1583 2062 ut
1615 2007 1749 2073 dixi,
1789 2022 2062 2063 coronan-

481 2102 567 2146 tur
613 2091 906 2149 lructibus.
947 2092 1150 2150 Hortus
1197 2094 1400 2152 Christi
1453 2097 1592 2153 facta
1644 2109 1727 2155 est
1770 2098 2060 2155 Ecclesia:

479 2186 632 2256 cujus
701 2195 914 2257 sumpta
991 2202 1220 2258 persona
1307 2192 1360 2246 in
1428 2191 1656 2249 Cantico
1724 2194 2062 2251 canticorum

480 2290 700 2346 sponsa,
756 2294 774 2327 ι
814 2277 1142 2346 Descendat,
1169 2281 1361 2351 inquit,
1395 2297 1559 2352 nepos
1593 2297 1746 2339 meus
1769 2283 1821 2338 in
1849 2285 2064 2340 hortum

481 2383 662 2434 suum,
697 2377 753 2423 et
781 2370 1027 2424 comedat
1054 2372 1285 2426 fructum
1322 2388 1517 2428 nucum
1540 2388 1758 2428 suarum
1780 2375 1847 2429 ".
1882 2395 1900 2428 ι
1929 2375 2062 2430 Nam

479 2461 622 2532 quod
661 2459 804 2515 inter
838 2467 1061 2517 arbores
1113 2472 1198 2519 est
1257 2480 1367 2518 nux
1422 2465 1502 2520 vel
1551 2466 1761 2522 fructus
1791 2477 2064 2536 maturus,

487 2553 594 2609 hoc
644 2562 728 2608 est
779 2554 831 2608 in
891 2555 1088 2609 animis
1138 2565 1450 2612 sanctorum
1513 2559 1684 2614 virtus
1726 2559 1947 2628 pulchra
2011 2570 2068 2616 et

485 2643 598 2698 Deo
618 2643 1035 2714 iucundissima.
1086 2643 1272 2713 itaque
1307 2654 1364 2698 ut
1397 2647 1584 2701 hortus
1624 2647 1830 2711 ebrius,
1868 2648 2062 2718 inquit,

481 2729 588 2786 erit
616 2731 796 2785 anima
825 2739 936 2797 tua,
971 2741 1025 2786 et
1066 2739 1124 2786 ut
1158 2731 1278 2786 fons
1311 2746 1471 2802 quem
1499 2749 1607 2789 non
1640 2736 1877 2792 deseruit
1901 2753 2060 2808 aqua.

484 2821 644 2878 Tales
665 2823 886 2878 fuerunt
940 2823 1107 2880 divini
1145 2825 1468 2897 mystagogi,
1498 2842 1526 2881 a
1568 2827 1730 2882 corde
1783 2843 1906 2894 suo,
1940 2839 2063 2883 tan-

485 2930 649 2985 quam
686 2917 961 2986 aperenni
1001 2918 1169 2981 fonte,
1244 2920 1347 2987 piae
1399 2917 1659 2974 doctrinae
1715 2921 1918 2976 rivulos
1975 2923 2068 2977 de-

487 3009 784 3076 mittentes,
833 3018 1102 3064 eteorum
1141 3009 1230 3078 qui
1277 3009 1634 3066 instituuntur
1693 3014 1904 3070 animos
1933 3029 2065 3084 Optt-

2155 536 2298 590 δοται
2324 537 2401 603 δὲ,
2437 538 2514 600 ὡς
2547 536 2704 606 ἔφην,
2741 537 2853 598 τοῖς
2883 533 3138 602 ἀγαπῶσι
3168 535 3424 606 Χριστὸν,
3455 530 3535 600 οἷς
3557 536 3623 607 δὴ
3653 539 3768 591 καὶ

2155 628 2472 698 ἐπεφώνησε
2505 628 2698 696 λέγων’
2734 645 2753 678 ‹
2785 627 3015 696 Φάγετε,
3045 627 3140 679 καὶ
3173 626 3560 699 μεθύσθητε,οί
3615 629 3768 700 πλη-

2159 721 2290 775 σίον.
2321 725 2340 773 ι
2369 719 2578 776 Ψὰλλει
2602 719 2731 788 γοῦν
2752 720 2844 772 καὶ⁵
2863 720 2892 771 ὀ
2919 718 3204 782 θεσπέσιος
3233 718 3418 781 Δαὸὶδ,
3445 719 3540 772 ἁτε
3564 719 3631 790 δὴ
3653 723 3768 774 καὶ

2157 814 2214 866 ἐν
2247 811 2462 883 μεθέξει
2492 810 2736 880 γεγονὼς
2787 811 2890 882 τῆς
2935 809 3108 874 οὕτως
3139 810 3347 880 σεπτῆς
3394 811 3485 865 καὶ
3513 813 3773 883 ἀμφιλα·-

2157 902 2292 972 φοῦς
2339 900 2682 972 φιλοτιμίαςο
2721 920 2739 952 ι
2763 901 3094 972 Ἥτοίμασας
3137 899 3368 953 ἐνώπιόν
3412 917 3512 971 μου
3540 903 3770 970 τράπε-

2159 993 2258 1059 ζαν
2300 993 2360 1058 ἐξ
2408 993 2655 1058 ἐναντίας
2701 992 2811 1046 τῶν
2857 991 3146 1046 θλιϐόντων
3198 1008 3265 1061 με
3291 1005 3306 1019 ⁸
3374 991 3636 1055 ἐλίπανας
3695 993 3765 1044 ἐν

2161 1087 2326 1158 ἐλαίῳ
2371 1086 2470 1158 τὴν
2519 1083 2760 1155 κεφαλήν
2796 1101 2920 1155 μου,
2987 1083 3082 1137 καὶ
3123 1083 3186 1136 τὸ
3225 1083 3486 1153 ποτήριόν
3525 1100 3622 1136 σου
3653 1101 3769 1153 με·

2160 1179 2357 1234 θύσκον
2401 1194 2490 1248 με,
2517 1177 2593 1241 ὡς
2626 1177 2935 1248 κράτιστον.
2968 1194 2988 1228 ι
3033 1175 3242 1229 Οὐκοῦν
3292 1176 3407 1230 ὅσοι
3427 1175 3537 1229 τῶν
3589 1175 3768 1229 θείων

2160 1269 2324 1324 αὑτοῦ
2357 1268 2671 1340 μυστηρίων
2704 1268 2969 1339 ἐσχήκασι
3011 1268 3234 1337 γνῶσιν,
3262 1269 3380 1339 ῆτοι
3407 1267 3752 1341 ἐνεπλήσθη-

2161 1379 2261 1416 σαν
2307 1361 2534 1425 τούτων,
2573 1360 3015 1431 κατεπιάνθησαν
3051 1360 3120 1413 τὰ
3150 1362 3284 1414 ὀστᾶ
3306 1359 3762 1432 ,Ἐσχηματίσθη

2160 1454 2216 1508 δὲ
2245 1456 2273 1508 ὀ
2303 1453 2461 1523 λόγος
2515 1453 2592 1517 ὡς
2620 1454 2728 1507 ἀπό
2763 1469 2826 1522 γε
2855 1453 2964 1506 τῶν
2993 1455 3206 1525 τρυφᾷν
3247 1453 3521 1508 εἰωθότων
3566 1471 3768 1526 σαρκιο

2162 1544 2301 1609 κῶςο
2351 1544 2461 1599 τῶν
2516 1544 2772 1599 τοιούτων
2817 1547 2852 1616 ἡ
2897 1544 3046 1616 ψυχὴ
3091 1545 3299 1613 γένοιτο
3339 1544 3406 1598 ἂν
3450 1545 3527 1609 ὡς
3573 1546 3766 1617 κῆπος

2165 1640 2402 1711 μεθύων,
2429 1641 2704 1695 τουτέστιν
2745 1639 2995 1712 εὐανθὴς,
3040 1641 3136 1694 καὶ
3187 1640 3619 1712 εὐδενδρότατος,
3658 1641 3764 1695 καὶ

2163 1733 2434 1798 ποικίλαις
2466 1734 2675 1788 ἀνθέων
2721 1733 2884 1797 ἰδέαις
2914 1733 3336 1804 ἐξωραῖσμένος,
3363 1733 3458 1786 καὶ
3487 1732 3764 1786 παντοδα-

2163 1825 2299 1890 ποὺς
2335 1826 2600 1900 ,ἐκφέρων
2652 1824 3001 1896 καρπούς.οί
3059 1825 3159 1895 μὲν
3212 1825 3321 1893 γὰρ
3371 1823 3589 1894 ἄνυδροι
3645 1823 3762 1876 τῶν

2163 1916 2355 1986 κήπων
2408 1914 2542 1968 πολὺ
2593 1913 2714 1969 λίαν
2763 1913 2944 1984 ἔχουσι
3003 1914 3063 1967 τὸ
3110 1913 3377 1984 εξδεχθέςο
3425 1911 3582 1985 ξηροὶ
3643 1912 3761 1984 γάρ

2163 2009 2270 2061 εἱσι
2330 2005 2426 2059 καὶ
2465 2005 2664 2068 παντὸς
2711 2002 2906 2074 ἔρημοι
2959 2001 3174 2074 καρποῦ
3201 2043 3216 2067 ,
3258 2001 3289 2072 ἢ
3329 2002 3470 2073 τάχα
3509 2019 3614 2056 που
3656 2004 3760 2055 καὶ

2163 2099 2341 2154 αὐτῶν
2403 2101 2460 2152 tv
2523 2096 2700 2168 ἐνδείᾳ
2756 2095 2866 2151 τῶν
2925 2096 3128 2166 φυτῶν.
3190 2096 3257 2149 ΟΞ
3291 2113 3354 2164 γε
3395 2095 3501 2168 μὴν
3540 2096 3759 2150 ὑδάτων

2163 2188 2511 2260 ἀταμιεύτοις
2566 2189 2764 2259 ὁρμαῖς
2826 2185 3298 2258 ἐκμεμεθυσμένοι
3358 2186 3756 2252 παντοδαποῖς,

2163 2282 2238 2347 ὡς
2293 2281 2450 2352 ἔφην,
2495 2277 2883 2349 στεφανοῦνται
2955 2280 3211 2349 καρποῖς.
3264 2278 3456 2350 Κῆπός
3523 2295 3588 2348 γε
3643 2280 3756 2351 μὴν

2163 2367 2402 2440 Χριστοῦ
2464 2367 2686 2437 γέγονεν
2730 2367 2764 2438 ἠ
2824 2366 3146 2438 Ἐκκλησία,
3196 2364 3265 2441 ἧς
3298 2367 3364 2438 δὴ
3405 2368 3500 2421 καὶ
3551 2369 3754 2422 ἀναλα-

2165 2460 2337 2514 6οῦσα
2370 2461 2432 2514 τὸ
2462 2461 2752 2532 πρόσωπον
2781 2461 2814 2531 ἡ
2861 2463 2918 2514 ἐν
2955 2459 3035 2530 τῷ
3070 2462 3312 2532 ’ᾼσματι
3344 2460 3451 2514 τῶν
3490 2462 3751 2532 ᾀσμάτων

2165 2555 2488 2627 γραφομένη
2506 2555 2712 2635 νύμφη,
2740 2575 2758 2606 ι
2789 2533 3120 2626 Καταϐήτω,
3138 2556 3328 2626 φησὶν,
3345 2554 3610 2623 ἀδελφιόός
3640 2571 3752 2624 μου

2165 2653 2245 2712 είς
2294 2651 2471 2720 κῆπον
2519 2648 2705 2714 αὑτοῦ,
2753 2650 2848 2702 καὶ
2897 2648 3116 2718 φαγέτω
3173 2648 3385 2716 καρπὸν
3435 2646 3754 2719 ἀκροδρύων

2165 2738 2331 2794 αὑτοῦ
2351 2753 2400 2791 ἰ
2420 2740 2558 2810 ὅπερ
2585 2739 2694 2810 γάρ
2730 2739 2878 2792 ἐστιν
2908 2741 2965 2792 ἐν
2992 2741 3178 2810 φυτοῖς
3207 2738 3268 2792 τὸ
3292 2739 3610 2811 ἀκρόδρυον,
3628 2739 3754 2808 ἦτοι

2167 2831 2380 2902 καρπὸς
2408 2831 2628 2904 ὡραῖος,
2675 2831 2834 2884 τοῦτο
2879 2831 2974 2885 καί⁵
3027 2829 3086 2885 ἐν
3129 2830 3329 2902 ψυχαῖς
3360 2832 3531 2900 ἁγίων
3579 2831 3754 2902 ἀρετὴ

2167 2923 2308 2992 καλὴ
2362 2922 2457 2976 καὶ
2477 2923 2666 2994 ἡδίστη
2701 2922 2779 2993 τῷ
2808 2922 2947 2994 Θεῷ.
2981 2923 3190 2977 Οὐκοῦν
3223 2923 3298 2986 ὡς
3328 2923 3507 2994 κῆπος
3539 2922 3754 2993 μεθύων

2169 3015 2340 3078 ἔσται,
2368 3015 2556 3086 φησὶν,
2606 3016 2640 3085 ή
2671 3013 2819 3086 ψυχή
2853 3032 2968 3082 σου,
2997 3016 3085 3068 va‘t
3116 3015 3221 3086 μὴν
3251 3015 3344 3069 καὶ
3380 3015 3456 3079 ὡς
3484 3015 3660 3085 πηγὴ,
3687 3015 3753 3086 ἣν

479 3100 660 3157 ienter
730 3101 1043 3172 irrigantes.
1101 3100 1455 3158 Conlirmabit
1515 3103 1679 3158 etiam
1763 3107 1875 3174 ipse
1929 3107 2061 3162 adeo

2173 3109 2248 3180 μὴ
2281 3107 2525 3173 ἐξέλιπεν
2562 3107 2725 3179 ὕδωρ.
2761 3107 3008 3162 Τοιοῦτοι
3053 3108 3341 3177 γεγόνασιν
3384 3109 3432 3161 οἱ
3469 3107 3753 3162 θεσπέσιοι

487 3194 873 3250 excellentium
954 3195 1217 3249 donorum
1312 3195 1676 3264 dispensator,
1758 3197 2060 3266 inquiens:

489 3287 635 3353 «Qui
659 3286 834 3342 credit
884 3285 938 3340 ln
991 3300 1098 3350 me,
1138 3285 1295 3340 sicuti
1321 3285 1771 3358 dicitScriptura,
1840 3290 2062 3345 ﬂumina

483 3377 549 3432 de
581 3385 768 3432 ventre
825 3376 941 3446 ejus
994 3375 1162 3434 liuent
1213 3394 1366 3450 aqua).
1394 3379 1521 3435 vita:
1541 3380 1610 3434 ⁸⁷.
1650 3399 1669 3432 ι
1701 3381 1768 3436 Ει
1829 3398 2058 3439 rursus:

487 3484 509 3520 ο
539 3465 728 3523 Omnis
756 3467 847 3538 qui
874 3466 1011 3522 bibit
1031 3468 1097 3523 de
1123 3483 1262 3540 aqua
1287 3471 1407 3536 hac,
1441 3469 1589 3527 sitiet
1624 3486 1836 3529 rursus.
1876 3474 1944 3528 At
1970 3474 2062 3546 qui

483 3563 620 3619 bibit
668 3577 733 3618 ex
766 3577 926 3633 aqua,
961 3578 1122 3634 quam
1173 3579 1274 3636 ego
1313 3565 1452 3621 dabo
1479 3567 1561 3633 ei,
1625 3566 1717 3623 fiet
1753 3568 1805 3624 in
1848 3583 1912 3625 eo
1945 3569 2066 3626 fons

481 3671 637 3727 aqua:
689 3655 933 3711 salientis
991 3657 1044 3711 in
1107 3657 1275 3712 vitam
1319 3669 1576 3715 aeternam
1598 3660 1664 3714 ⁵⁸.
1718 3681 1736 3712 ι
1788 3661 2064 3729 Ejusmodi

484 3762 605 3802 esse
644 3747 876 3804 dicimus
908 3755 1127 3802 sanctos
1175 3749 1450 3816 apostolos
1498 3759 1554 3806 et
1598 3751 1982 3822 evangelistas,
2012 3760 2067 3808 et

483 3840 794 3906 quicunque
841 3837 1083 3892 divinum
1161 3839 1386 3893 verbum
1450 3841 1798 3908 annuntiaut,
1866 3843 2063 3910 partim

485 3931 702 4000 quidem
732 3931 1042 4000 dogmatum
1108 3930 1299 4000 peritia
1353 3931 1609 3998 illustres,
1665 3935 1860 4004 partim
1887 3935 2065 4005 splen-

487 4023 635 4078 doris
667 4035 888 4092 operum
916 4023 1059 4076 viam
1089 4031 1596 4080 commonstrantes.
1660 4023 1727 4078 Et
1789 4039 1916 4080 ossa
1950 4036 2063 4094 tua,

490 4114 684 4184 inquit,
732 4115 876 4169 velut
931 4115 1096 4171 herba
1145 4117 1413 4184 orientur,
1470 4127 1525 4174 et
1579 4118 1956 4186 pinguesceut,
2011 4129 2064 4175 cl

489 4206 884 4262 haereditabunt
937 4210 1314 4278 generationes
1363 4213 1794 4280 generatinnum.
1845 4209 2066 4268 Videtur

486 4300 572 4354 his
621 4299 801 4355 verbis
853 4302 1270 4357 resurrectionis
1318 4303 1634 4374 mysterium
1667 4305 2062 4360 demonstrare.

486 4391 751 4464 Resurgel
805 4391 950 4448 enim
1011 4403 1120 4447 tum
1185 4409 1404 4464 corpus,
1443 4408 1541 4448 ceu
1584 4393 1750 4449 herba
1809 4394 1861 4449 in
1910 4409 2062 4465 agro,

2174 3202 2546 3273 μυσταγωγοὶ,
2580 3201 2829 3273 καθάπερ
2857 3201 2966 3256 ἀπὸ
2995 3201 3179 3273 πηγῆς
3213 3201 3435 3256 ἁεννάου
3479 3201 3579 3272 τῆς
3625 3202 3755 3255 ἐαυ-

2169 3296 2278 3350 τῶν
2308 3294 2536 3368 καρδίας
2575 3293 2646 3347 τὰ
2680 3294 2783 3365 τῆς
2815 3291 3073 3356 εὐσεϐοῦς
3101 3291 3445 3356 διδασκαλίας
3475 3293 3756 3364 προϊόντες

2170 3387 2387 3458 νάματα
2407 3428 2421 3452 ,
2456 3385 2551 3439 καὶ
2576 3384 2674 3449 τὰς
2699 3385 2810 3439 τῶν
2845 3384 3248 3454 παιδευομένων
3276 3383 3451 3455 ψυχὰς
3481 3384 3754 3449 πλουσίως

2171 3478 2620 3550 καταρδεύοντες.
2655 3477 2765 3531 Καὶ
2800 3475 3130 3530 πιστώσεται
3167 3475 3342 3544 λέγων
3373 3475 3535 3540 αὐτὸς
3572 3479 3602 3530 ὁ
3645 3476 3754 3531 τῶν

2171 3569 2342 3633 οὓτως
2385 3567 2678 3640 ἐξαιρέτων
2725 3567 3081 3639 χαρισμάτων
3125 3565 3434 3637 διανομεύς.
3479 3585 3499 3619 ι
3550 3567 3610 3620 '0
3663 3585 3753 3621 πι-

2180 3661 2391 3716 στεύων
2446 3663 2528 3724 είς
2576 3660 2714 3731 tpt,l
2738 3658 2923 3725 καθὼς
2982 3656 3206 3730 εἷπενή
3259 3659 3473 3731 Γραφὴ,
3521 3661 3757 3731 ποταμοὶ

2172 3758 2236 3810 ἐκ
2265 3756 2360 3828 τῆς
2406 3755 2610 3818 κοιλίας
2639 3753 2802 3808 αὐτοῦ
2832 3754 3116 3826 ῥεύσουσιν
3156 3753 3348 3818 ὓδατος
3376 3753 3544 3824 ζωῆς.
3594 3774 3614 3808 ι
3646 3755 3756 3809 Καὶ

2172 3852 2336 3907 πάλιν
2355 3869 2368 3882 ο
2407 3871 2426 3903 ι
2469 3852 2584 3915 Πᾶς
2619 3853 2648 3906 ὀ
2674 3849 2844 3904 πίνων
2869 3851 2934 3903 ἐκ
2957 3848 3052 3904 τοῦ
3081 3848 3270 3914 ὓδατος
3313 3850 3504 3904 τούτου
3539 3850 3755 3922 διψήσει

2173 3942 2358 4012 πάλιν,
2409 3942 2468 4007 ὃς
2515 3943 2560 3997 δ’
2588 3941 2655 3997 ἂν
2708 3941 2808 4014 πίῃ
2849 3941 2913 3994 ἐκ
2951 3939 3046 3995 τοῦ
3097 3940 3287 4006 ὓδατος
3335 3936 3396 3996 οῦ
3446 3941 3561 4011 ἐγὼ
3601 3942 3755 3997 δώσω

2172 4034 2341 4106 αὐτῷ,
2377 4034 2666 4106 γενήσεται
2723 4034 2780 4086 ἐν
2829 4030 2980 4102 αὐτῷ
3021 4031 3170 4103 πηγὴ
3223 4030 3414 4094 ὓδατος
3460 4031 3751 4101 ἁλλομένου

2173 4125 2254 4187 είς
2270 4121 2411 4195 ζωὴν
2430 4120 2666 4175 αἰώνιον.
2697 4139 2716 4172 ι
2742 4118 3032 4183 Τοιούτους
3048 4114 3186 4174 εἷναί
3212 4135 3395 4188 φαμεν
3415 4119 3543 4181 τοὺς
3566 4117 3752 4185 ἁγίους

2173 4212 2505 4276 ἀποστόλους
2535 4229 2595 4265 τε
2625 4211 2720 4265 καὶ
2751 4209 3168 4281 εὐαγγελιστάς,
3202 4209 3298 4264 καὶ
3337 4211 3453 4264 ὅσοι
3490 4209 3581 4263 τὸν
3614 4208 3754 4262 θεῖον

2119 4353 2122 4356 .
2174 4307 2540 4379 πρεσϐεύουσι
2569 4305 2746 4375 λόγον,
2773 4305 2933 4359 τοῦτο
2978 4303 3077 4376 μὲν
3109 4303 3448 4375 ὼγματικῆς
3475 4303 3752 4373 εὐτεχνίας

2174 4401 2232 4454 ἐν
2267 4399 2419 4470 καλῷ
2454 4398 2758 4468 γεγονότες,
2786 4397 2943 4451 τοῦτο
2988 4396 3046 4450 δὲ
3075 4397 3170 4450 καὶ
3200 4396 3297 4465 τῆς
3330 4396 3386 4450 ἐν
3417 4394 3604 4480 ἔργοις
3629 4412 3751 4464 φαι-

486 4498 607 4553 qttm
637 4494 878 4554 tempore
918 4485 1152 4540 hiberno
1194 4486 1459 4542 emarcuit
1497 4487 1802 4552 ctoccidit;
1858 4490 2061 4544 ridente

2173 4492 2431 4565 δρότητος
2469 4491 2568 4562 τὴν
2595 4489 2713 4544 ὀδὺν
2756 4487 3210 4551 ἐκκαλύπτοντες.
3235 4487 3346 4542 Καὶ
3383 4487 3454 4541 τὰ
3496 4487 3634 4541 ὀστᾶ
3661 4504 3754 4540 σου

485 4582 666 4628 autem
696 4589 863 4630 verna
908 4579 1222 4644 serenitate,
1275 4579 1468 4634 iterum
1524 4581 1677 4651 quasi
1735 4583 2060 4646 renascitur,

485 4671 543 4721 et
573 4666 640 4720 ad
664 4681 814 4720 suam
843 4671 1144 4726 naturalem
1171 4673 1627 4742 pulchritudinem
1656 4673 1815 4730 redit.
1841 4674 2061 4738 Exorta,

487 4757 682 4828 inquit,
731 4772 876 4827 ossa,
932 4761 1080 4817 velut
1144 4764 1351 4827 herba,
1406 4765 1778 4835 pinguescent,
1842 4767 2061 4823 vivilica

485 4851 697 4909 scilicet
730 4854 928 4924 gratia,
963 4869 1084 4927 qute
1113 4866 1246 4912 esta
1283 4857 1413 4914 Deo.
1453 4858 1642 4917 Psallit
1690 4861 1831 4917 enim
1864 4861 2062 4916 alicubi

486 4945 737 5014 etinquit
769 4945 984 5003 divinus
1023 4948 1194 5004 David
1228 4969 1240 5005 :
1277 4969 1295 5003 ι
1334 4950 1563 5008 Emittcs
1593 4953 1854 5024 Spiritum
1891 4962 2064 5019 tuum,

487 5046 543 5092 et
604 5037 954 5105 creabuntur,
993 5051 1049 5094 et
1099 5042 1384 5099 renovabis
1442 5042 1631 5099 faciem
1690 5055 1845 5099 terra:
1866 5044 1977 5110 “,i
2013 5045 2064 5098 id

487 5136 590 5192 est,
639 5130 985 5184 terrestrium
1046 5131 1366 5188 incolarum.
1428 5133 1564 5188 Tum
1625 5134 2064 5189 timrcditabimus

489 5222 866 5290 generationes
893 5225 1324 5291 generationem,
1358 5227 1409 5280 in
1435 5226 1821 5296 longitudinem
1857 5226 2062 5280 dierum

487 5310 756 5376 videlicet,
805 5325 980 5371 morte
1012 5315 1209 5374 abolita
1240 5327 1294 5373 ct
1343 5317 1550 5374 sublata
1586 5319 1636 5372 in
1669 5327 1839 5372 totum
1881 5333 2067 5373 corru-

488 5401 693 5468 ptione.
727 5404 986 5462 Dicuntur
1015 5424 1157 5478 saepe
1205 5411 1255 5464 in
1291 5411 1573 5480 Scriptura
1605 5410 1863 5465 divinitus
1896 5410 2067 5480 inspi-

483 5505 621 5562 rata,
679 5510 804 5551 ossa
863 5501 1028 5555 animi
1079 5501 1458 5575 iutelligibilia,
1517 5511 1752 5559 actuosa:
1816 5502 2065 5574 quredam

561 5703 608 5734 "
635 5699 834 5756 Jcrcm.
877 5714 1002 5764 XXV,
1029 5699 1119 5754 27.

493 5703 609 5786 ω
635 5701 834 5786 Ιςιοηι.
877 5714 1002 5786 ἕξιν,
1029 5701 1119 5754 27.
1221 5703 1266 5735 ⁸⁵
1305 5701 1446 5759 Psal.
1481 5720 1616 5773 xx".
1658 5704 1710 5774 ⁵»
1744 5704 1797 5758 θ·

568 5773 714 5830 1’sal.
749 5785 859 5838 cm,
890 5770 977 5823 50.

1884 5703 1941 5784 ,δέ
1979 5701 2136 5758 Cant.
2191 5718 2263 5770 τι,
2307 5704 2384 5758 l0.

2170 4584 2250 4649 δὲ,
2281 4583 2467 4656 φησὶν,
2491 4583 2566 4644 ὼς
2591 4581 2787 4653 βοτάνη
2810 4581 3076 4647 ἀνατελεῖ,
3101 4582 3196 4634 καὶ
3219 4577 3632 4650 πιανθήσονται,
3660 4580 3757 4632 καὶ

2171 4676 2636 4748 κληρονομήσουσι
2670 4671 2863 4742 γενεὰς
2891 4672 3118 4741 γενεῶν.
3179 4673 3396 4725 Ἔοικεν
3441 4673 3500 4726 ἐν
3545 4672 3760 4735 τούτοις

2171 4767 2233 4820 τὸ
2261 4765 2362 4837 τῆς
2398 4763 2750 4827 ἀναστάσεως
2778 4761 3114 4832 καταδηλοῦν
3148 4763 3468 4832 μυστήριον·
3517 4761 3759 4830 ἀναστή-

2173 4872 2324 4910 σεται
2357 4851 2466 4924 γὰρ
2491 4850 2609 4904 τότε
2639 4851 2700 4904 τὸ
2738 4849 2917 4921 σῶμα,
2945 4851 3196 4921 καθάπερ
3221 4867 3306 4914 τις
3341 4851 3399 4903 tv
3431 4849 3588 4922 ἀγρῷ
3625 4850 3755 4912 πόα,

2173 4947 2312 5002 κατά
2359 4945 2457 5016 μὲν
2495 4943 2592 5015 τὴν
2623 4941 2716 4997 τοῦ
2765 4941 3032 5013 χειμῶνος
3094 4941 3243 5012 ὥραν
3279 4941 3617 5014 μαρανθεῖσα
3665 4939 3760 4992 καὶ

2173 5037 2550 5108 καταμύσασα,
2580 5032 2825 5104 γελώσης
2855 5049 2917 5101 γε
2961 5031 3065 5104 μὴν
3107 5032 3326 5104 ἐαρινῆς
3370 5031 3576 5097 εὐδίας,
3629 5031 3759 5084 ἀνα-

2175 5134 2372 5201 φυεῖσα
2427 5128 2587 5183 πάλιν
2607 5169 2622 5194 ,
2677 5127 2769 5181 καὶ
2834 5120 2944 5179 οἷον
2996 5125 3412 5195 ὑπονοστήσασα
3476 5123 3612 5194 πρὸς
3666 5123 3758 5175 τὸν

2173 5227 2361 5279 ἐνόντα
2389 5224 2527 5295 αὐτῇ
2557 5221 2696 5276 κατὰ
2730 5220 2889 5290 φύσιν
2919 5219 3221 5292 ὡραϊσμόν.
3272 5217 3656 5272 Ἀνατείλαντά
3693 5233 3756 5284 γε

2181 5319 2287 5390 μὴν
2321 5317 2396 5379 ὡς
2441 5315 2640 5386 βοτάνη
2700 5313 2767 5366 τά
2807 5311 2941 5366 ὀστᾶ
3008 5311 3565 5382 καταπιανθήσυνται,
3598 5311 3753 5380 φησὶ,

2175 5412 2238 5480 τῇ
2273 5407 2519 5477 ζωοποιῷ
2574 5405 2815 5476 δηλονότι
2847 5405 3027 5476 χάριτι
3068 5405 3132 5475 τῇ
3169 5401 3323 5475 παρὰ
3354 5401 3510 5458 Θεοῦ.
3548 5401 3776 5455 Ψάλλει’

2175 5501 2282 5572 γάρ
2315 5515 2415 5552 που
2447 5497 2538 5551 καί
2580 5514 2742 5567 φησιν
2772 5497 2800 5548 ὀ
2831 5494 3112 5558 θεσπέσιος
3142 5494 3334 5548 Δαϐίδ·
3368 5511 3387 5546 ι
3433 5492 3753 5557 Ἑξαποστε-

2490 5707 2537 5739 ⁸⁷
2572 5704 2730 5760 Jttan.
2790 5717 2886 5768 vn,
2935 5700 3024 5756 '58.
3121 5701 3170 5733 ⁸⁸
3203 5699 3357 5757 Joan.
3402 5717 3473 5768 tv,
3521 5700 3610 5767 l5,
3661 5699 3750 5756 Li.
