4096 6212
420 304 558 359 1297

1523 299 1588 354 IN
1631 299 1865 355 ISAIAM
1906 299 2034 355 LIB.
2082 301 2144 355 V.
2190 298 2432 356 TOMUS
2472 299 2562 355 IV.

3550 293 3684 349 1298

414 416 618 489 λεϊςτδ
650 413 874 484 Πνεῦμά
907 430 1022 480 σου,
1070 414 1166 467 καὶ
1209 413 1612 485 κτισθήσονται,
1645 414 1967 468 κα“ι..ἀνακαι

2130 415 2216 484 jus
2248 413 2535 470 facultates
2557 422 2612 468 et
2649 413 2906 482 cnergize,
2973 422 3032 465 ut
3062 426 3184 466 cum
3207 409 3408 463 dicitur
3441 425 3455 461 :
3499 427 3517 458 ι
3547 407 3688 463 Deus

419 513 552 574 νιεϊς
575 507 634 562 τὸ
667 509 954 578 πρόσωπον
982 507 1082 577 τῆς
1107 505 1230 578 γῆς,
1272 525 1290 557 ι
1323 505 1592 569 τουτέστι,
1613 504 1724 557 τῶν
1758 506 1852 558 ἐπὶ
1877 505 2006 576 γῆς,

420 593 556 654 τότε
590 596 1067 668 κληρονομήσομεν
1101 595 1293 663 γενεὰς
1327 595 1550 664 γενεῶν,
1590 593 2006 665 μακροημέρευα

425 708 511 744 σιν
536 688 777 759 δηλονότι
799 687 1239 759 καταργηθέντος
1263 687 1513 752 Θανάτου,
1543 687 1638 740 καὶ
1656 685 2009 758 ἀνῃρημένης

421 781 651 835 εἰσάπαν
706 779 806 849 τῆς
856 779 1083 849 φθορᾶς.
1142 779 1374 849 Εἴρηται
1421 778 1480 831 δὲ
1529 776 1854 847 πλεισταχοῦ
1909 777 2010 846 τῆς

423 871 786 926 θεοπνεύστου
829 871 1076 942 Γραφῆς,
1107 871 1242 924 ὀστᾶ
1271 871 1452 942 ψυχῆς
1484 870 1670 941 νοητά,
1708 868 2010 941 πρακτικαί

423 980 566 1026 τινες
607 963 779 1034 αὐτῆς
837 962 1096 1034 δυνάμεις
1143 961 1240 1016 καὶ
1282 963 1576 1033 ἐνέργειαι,
1629 961 1704 1024 ὡς
1751 960 1808 1014 έν
1842 977 1906 1027 γε
1934 958 2012 1030 τῷ

426 1055 612 1124 φάναι,
643 1057 725 1109 ὅτι
750 1072 770 1106 ι
795 1054 853 1107 Ὀ
885 1052 1016 1117 Θεὸς
1057 1052 1436 1123 διεσκόρπισεν
1482 1051 1614 1104 ὀστᾶ
1660 1050 2014 1122 ἀνθρωπαρέ-

427 1163 592 1200 σκων.
617 1165 636 1199 ι
659 1147 733 1199 ού
767 1145 876 1217 γάρ
905 1163 986 1199 τοι
1016 1144 1084 1199 τά
1115 1144 1209 1198 τοῦ
1243 1143 1494 1215 σώματος
1515 1144 1652 1197 ὀστᾶ
1677 1142 2013 1212 διασκίδνησι

425 1238 580 1301 Θεὸς,
629 1237 916 1308 συνθραύει
961 1237 1019 1290 δὲ
1069 1236 1268 1309 μᾶλλον
1312 1237 1413 1300 τάς
1458 1239 1560 1309 τῆς
1610 1235 1787 1307 ψυχῆς
1834 1235 2014 1290 αὐτῶν

426 1330 704 1400 δυνάμεις,
737 1328 879 1382 ὥστε
907 1329 1074 1399 μηδὲν
1097 1328 1354 1383 δύνασθαι
1379 1327 1680 1401 κατορθοῦν
1707 1329 1817 1382 τῶν
1846 1328 2016 1400 δρών-

428 1440 540 1477 των
565 1423 640 1494 (Ι)
672 1423 890 1488 αὐτοὺς,
922 1423 1018 1477 καὶ
1045 1423 1144 1476 οὐκ
1176 1423 1256 1486 είς
1281 1422 1438 1488 δόξαν
1464 1422 1600 1476 Θεοῦ
1635 1417 1855 1492 μᾶλλον,
1893 1420 2014 1476 οὔτε

439 1513 545 1585 μὴν
577 1516 658 1577 εἰς
691 1513 878 1585 ὄνησιν
908 1514 1010 1584 τῆς
1038 1513 1217 1568 αὐτῶν
1244 1514 1423 1585 ψυχῆς
1451 1514 1786 1586 πράττεσθαί
1815 1531 1868 1568 τι
1908 1514 2016 1569 τῶν

431 1607 562 1676 παρ’
583 1606 812 1671 ἐκείνοις
828 1607 992 1676 φιλεῖ.
1024 1607 1168 1678 Ἔφη
1191 1607 1248 1660 δὲ
1273 1606 1433 1662 πάλιν
1454 1607 1483 1659 ὀ
1509 1607 1793 1672 θεσπέσιος
1818 1608 2011 1679 Μελῳ-

2108 510 2361 580 dispersit
2407 523 2528 564 ossa
2585 521 2776 562 eorum
2816 505 2909 575 qui
2971 503 3281 558 hominibus
3331 500 3628 571 placent“.
3663 517 3686 553 ι

2107 599 2222 655 Νοιι
2258 601 2402 654 enim
2439 599 2683 668 corporis
2724 612 2848 653 ossa
2892 596 3122 664 dissipat
3154 595 3317 660 Deus,
3366 593 3460 648 sed
3494 592 3692 647 animae

2109 692 2254 747 vires
2278 707 2342 746 ac
2374 691 2656 745 facultates
2682 687 2980 756 confringit
3003 703 3066 742 ac
3100 685 3442 747 comminuit,
3469 691 3528 738 ιιι
3557 683 3692 738 nihil

2110 783 2253 854 quod
2308 793 2514 853 spectet
2561 783 2627 839 ad
2694 783 2950 837 virtutem
2995 777 3163 850 824
3213 777 3425 847 possint
3457 775 3691 832 efﬁcere.

2116 895 2134 927 ι
2171 875 2339 930 Nemo
2360 877 2502 931 enim
2525 883 2838 940 coronatur,
2867 872 2969 928 nisi
2996 872 3234 941 legitime
3259 869 3556 925 certaverit
3575 868 3644 934 “,
3671 887 3690 915 ι

2112 968 2408 1024 secundum
2445 969 2498 1023 id
2531 968 2675 1038 quod
2710 968 2975 1036 scriptum
3005 973 3107 1020 est.
3133 963 3204 1016 At
3229 976 3426 1032 scopas
3465 973 3521 1016 et
3573 959 3696 1015 finis

2112 1076 2300 1116 eorum
2327 1060 2418 1129 qui
2438 1059 2745 1114 hominibus
2759 1058 2979 1128 placent
3001 1070 3068 1111 ac
3093 1053 3468 1117 blandiuntur,
3490 1057 3701 1121 spectat

2114 1152 2180 1207 ad
2233 1152 2425 1206 laudes
2455 1165 2574 1220 quae
2605 1150 2670 1204 ad
2706 1149 2851 1219 ipsos
2901 1149 3152 1204 homines
3213 1142 3518 1200 redundant
3549 1158 3563 1196 :
3598 1154 3701 1196 nec

2117 1244 2202 1300 vel
2237 1244 2303 1298 ad
2333 1244 2555 1315 gloriam
2575 1242 2690 1309 Dei,
2727 1242 2811 1297 vel
2835 1242 2902 1297 ad
2929 1239 3216 1296 utilitatem
3256 1235 3420 1291 animi
3458 1236 3699 1306 ipsorum

2114 1336 2405 1406 quidquam
2459 1334 2572 1388 tieri
2625 1335 2692 1388 ah
2752 1333 2859 1389 illis
2917 1331 3074 1388 solet.
3114 1329 3322 1384 Rursus
3351 1327 3516 1382 etiam
3565 1324 3702 1380 dixit

2117 1429 2332 1485 divinus
2365 1427 2574 1482 Psaltcs
2608 1445 2623 1482 :
2663 1444 2680 1476 ι
2722 1424 2857 1492 Quia
2892 1423 3055 1489 tacui,
3105 1423 3546 1477 inveteraverunt
3574 1431 3698 1472 ossa

2117 1534 2255 1580 mea.
2309 1533 2374 1574 eo
2406 1520 2549 1587 quod
2600 1517 2890 1571 clamarem
2925 1524 3035 1570 tota
3065 1515 3151 1570 die
3177 1515 3246 1580 ",
3279 1533 3298 1566 ι
3339 1512 3392 1567 id
3418 1520 3522 1576 est,
3541 1508 3703 1578 glori-

2121 1611 2344 1667 ficarent
2381 1618 2435 1664 et
2474 1625 2716 1674 orarem,
2758 1607 2900 1663 tacui
2964 1607 3241 1676 deinceps,
3301 1605 3354 1658 in
3409 1605 3701 1658 humanam

429 1698 540 1761 δὸς,
566 1717 584 1749 ι
617 1699 740 1752 Ὅτι
767 1699 1022 1770 ὲσίγησα,
1058 1698 1376 1770 ἐπαλαιώθη
1404 1699 1473 1753 τὰ
1504 1701 1640 1754 ὀστᾶ
1666 1717 1767 1771 μου
1795 1700 1902 1754 ἀπὸ
1923 1697 2017 1753 τοῦ

2130 1702 2619 1774 pusillanimitatem
2668 1700 2871 1770 lapsus.
2922 1697 3370 1753 Inveteraverunt
3401 1707 3525 1748 ossa
3559 1706 3702 1754 mea,

433 1790 655 1861 κράζειν
687 1807 753 1860 με
773 1791 901 1862 ὃλην
936 1790 1035 1863 τὴν
1079 1791 1316 1873 ἡμέραν,
1352 1810 1371 1844 ι
1422 1791 1690 1856 τουτέστι,
1722 1789 2020 1860 δοξολογείν

2130 1795 2180 1849 id
2208 1803 2311 1857 est,
2346 1800 2789 1862 computruerunt
2824 1789 2992 1845 animi
3040 1787 3355 1843 facultates.
3398 1783 3494 1839 Hae
3542 1781 3706 1852 igitur

436 1882 528 1934 καὶ
573 1883 991 1953 προσεύχεσθαι,
1025 1883 1292 1953 σεσίγηκα
1334 1883 1516 1937 πεσὼν
1562 1885 1642 1948 είς
1669 1883 2017 1954 ἀνθρωπίνην

437 1973 825 2044 μικροψυχίαν.
883 1975 1229 2046 Ἐπαλαιώθη
1281 1994 1383 2047 μου
1427 1975 1496 2030 τά
1543 1977 1697 2045 ὀστᾶ,
1722 1977 2020 2042 τουτέστιν,

435 2063 825 2136 ἐςαθρώθησαν
857 2066 910 2118 αἱ
939 2066 1038 2137 τῆς
1083 2065 1342 2134 διανοίας,
1379 2069 1498 2141 ἦτοι
1527 2067 1628 2139 τῆς
1653 2068 1833 2139 ψυχῆς
1858 2067 2023 2121 δυνά-

437 2170 582 2223 μεις.
643 2148 815 2210 Δῦται
853 2156 1034 2211 τοίνυν
1077 2159 1141 2212 ἐκ
1176 2159 1454 2230 ῥᾳθυμίας
1517 2158 1631 2213 ἔσθ’
1657 2160 1746 2214 ὅτε
1777 2158 2025 2231 παραλυ-

437 2243 613 2299 θεῖσαι
652 2246 826 2318 βραχὺ
879 2247 1040 2302 πάλιν
1085 2249 1160 2313 ὼς
1208 2249 1409 2322 βοτάνη
1439 2251 1806 2319 ἀνατέλλουσι,
1855 2269 2026 2305 κατα-

436 2336 742 2402 πιαίνοντος
789 2339 924 2393 Θεοῦ
984 2341 1366 2414 παρακλήσεσι
1421 2345 1540 2407 ταῖς
1590 2342 1680 2396 διὰ
1725 2343 1819 2396 τοῦ
1869 2343 2026 2412 ἁγίου

2125 1887 2400 1943 dissolutae
2464 1883 2856 1954 aliquantulum
2913 1891 2970 1937 et
3020 1879 3248 1950 torpidze
3293 1888 3704 1945 nonnunquam,

2123 1991 2331 2043 rursus,
2351 1989 2452 2030 ceu
2483 1975 2673 2039 herba,
2712 1970 3090 2034 reﬂorescunt,
3129 1965 3566 2039 pinguefaciente
3600 1962 3709 2018 Deo

2121 2063 2583 2122 consolationibus
2644 2058 3012 2132 spiritualibus
3045 2066 3101 2113 et
3141 2071 3262 2112 eam
3293 2051 3706 2112 corroborante,

2123 2169 2182 2215 ut
2216 2159 2342 2216 inde
2387 2173 2484 2213 nos
2558 2155 2802 2212 heredes
2860 2151 3110 2207 instituat
3171 2149 3226 2202 in
3277 2144 3704 2216 longaevitatem.

2124 2250 2270 2306 Nihil
2299 2250 2444 2306 enim
2471 2246 2614 2303 aliud
2632 2243 2905 2317 significat
2943 2242 3074 2298 illud
3107 2258 3120 2295 :
3158 2239 3213 2294 In
3244 2235 3630 2309 generationes
3657 2241 3712 2286 et

2127 2341 2523 2413 generationes.

436 2429 779 2499 Πνεύματος,
801 2432 894 2484 καὶ
923 2431 1369 2504 άναρῤωννύντος
1387 2433 1578 2504 αὐτὴν.
1601 2433 1741 2487 ὥστε
1770 2433 1859 2488 διὰ
1896 2433 2053 2487 τοῦτο
2091 2432 2462 2505 κληρονόμους
2531 2432 2681 2502 ἡμᾶς
2725 2427 3060 2498 καταστῆναι
3130 2425 3229 2495 τῆς
3262 2423 3343 2486 εἰς
3388 2419 3713 2492 μακραίωνα

436 2517 614 2588 ζωῆς’
650 2519 904 2590 σημαίνει
933 2521 1041 2596 γὰρ
1072 2522 1248 2588 τοῦτο,
1281 2523 1376 2575 καὶ
1410 2523 1600 2594 ἕτερον
1641 2522 1796 2578 οὐδὲν
1825 2522 1910 2589 τὸ,
1931 2524 2011 2585 είς
2049 2521 2242 2590 γενεὰς
2273 2520 2495 2590 γενεῶν.

505 2613 619 2669 Καὶ
661 2615 1242 2686 οὶκοδομηθήσονται
1284 2632 1402 2672 σου
1432 2621 1491 2672 αἱ
1529 2618 1736 2688 ἔρημοι
1771 2616 2020 2682 aliIn-tor,

2194 2564 2353 2672 δεῖξε.
2401 2616 2488 2669 12.
2523 2612 2591 2668 Ει
2627 2564 3029 2681 cedi/imbuatur
3076 2607 3172 2662 tibi
3231 2606 3442 2662 deserta
3475 2603 3531 2657 in
3568 2610 3719 2657 aeter-

438 2709 538 2763 καὶ
579 2707 753 2762 ἔσται
803 2724 920 2764 σου
951 2711 1024 2764 τὰ
1067 2709 1312 2780 θεμέλια
1355 2709 1578 2780 γενεῶν
1621 2709 1876 2780 γενεαῖς,
1924 2708 2023 2762 καί

2130 2727 2268 2776 num,
2295 2722 2340 2764 et
2368 2720 2516 2764 erunt
2542 2718 2636 2764 tua
2675 2705 3024 2776 lundamenta
3069 2701 3462 2772 generationum
3494 2711 3716 2766 genera-

440 2798 725 2868 κληθήσῃ
771 2799 1085 2869 οἰκοδόμος
1133 2801 1439 2872 stipatum)»,
1483 2801 1582 2856 καὶ
1637 2800 1743 2868 τὰς
1786 2801 2027 2869 τρίϐους

2130 2802 2398 2858 tionibus:
2437 2811 2485 2855 et
2537 2799 2806 2854 vocaberis
2870 2796 3165 2865 aediﬁcator
3217 2790 3596 2853 maceriarum,
3663 2796 3711 2839 et

441 2891 551 2957 τὰς
596 2890 906 2960 ἀναμέσον
939 2893 1214 2959 παύσεις.

2130 2899 2336 2953 semitas
2357 2911 2474 2967 qua:
2502 2905 2622 2949 sunt
2652 2895 2703 2946 in
2722 2891 2892 2946 medio
2915 2891 3183 2961 quiescere
3213 2887 3398 2956 facies.

521 2983 599 3035 Δι’
639 2983 841 3052 ἐτέρων
871 2982 963 3038 δύο
991 2983 1450 3056 παραδειγμάτων
1484 2987 1513 3038 ὀ
1540 2984 1874 3057 προφητικὸς
1899 2985 2027 3056 ἡμῖν

2209 2990 2345 3045 Aliis
2396 2987 2606 3044 duobus
2672 2983 2935 3054 exemplis
3015 2979 3332 3054 prophetica
3411 2973 3716 3028 illustratur

450 3072 668 3144 ἔρχεται
703 3074 878 3144 λόγος,
953 3075 1047 3129 καὶ
1078 3053 1204 3129 τῶν
1254 3053 1671 3149 κεκρυμμένων
1708 3053 1952 3132 έννοιῶιέῠ
1974 3077 2027 3132 rh

2138 3086 2335 3148 oratio,
2363 3091 2419 3136 et
2470 3053 2876 3137 reconditarum
2929 3053 3324 3133 sententiarum
3372 3064 3718 3140 pulchritudo

455 3167 651 3232 κάλλος
683 3168 1018 3238 ὲκφαίνεται.
1069 3170 1156 3234 Ὠς
1205 3173 1311 3243 γὰρ
1352 3172 1444 3225 ἐπὶ
1475 3171 1683 3235 πόλεως
1726 3172 2034 3243 ἐρημωθεί-

386 3309 396 3319 ,
458 3274 556 3327 σης
607 3257 758 3321 ποτὲ,
811 3260 906 3312 καὶ
951 3262 1451 3332 κατασεσεισμένης
1502 3263 1766 3328 είσάπαν,
1817 3263 1893 3326 ὡς
1939 3264 2035 3317 καὶ

451 3346 754 3418 ἀτείχιστον
783 3347 954 3420 αὐτὴν
980 3349 1300 3421 ἀπομεῖναι,
1331 3351 1390 3403 τὸ
1412 3351 1506 3404 τοῦ
1545 3351 1704 3420 λόγου
1737 3351 2034 3405 πλάττεται

452 3437 656 3508 σχῆμα.
688 3439 754 3490 Ai
787 3439 895 3509 γάρ
921 3437 1122 3509 έρημοί
1154 3457 1270 3502 σου,
1302 3440 1489 3510 φησὶν,
1515 3441 2035 3513 οἰκοδομηθήσονται

451 3529 678 3594 αἰώνιοι,
723 3530 1021 3596 τουτέστιν,
1074 3532 1176 3586 οὐκ
1225 3532 1322 3604 ἔσῃ
1373 3534 1552 3603 γυμνὴ
1587 3533 1695 3586 τῶν
1745 3535 2037 3590 οἰκούντων

449 3621 552 3692 τὴν
593 3620 691 3693 σὴν
720 3622 951 3694 καρδίαν
981 3623 1258 3694 λογισμῶν
1292 3623 1534 3692 ἀγαθῶν,
1583 3624 1706 3678 οὔτε
1752 3627 1859 3696 μὴν
1891 3627 2038 3680 ἀτείο

459 3728 663 3782 χιστος,
697 3713 730 3784 ἢ
765 3714 1110 3788 ἀφρούρητος
1137 3716 1449 3787 ἀπομενείς,
1480 3718 1575 3772 καὶ
1610 3717 1769 3787 βάσιν
1817 3720 2036 3794 ἑδραίαν

458 3803 559 3856 οὐκ
586 3803 804 3875 ἔχουσα.
853 3805 1148 3877 Γενήσεται
1178 3807 1288 3879 γάρ
1333 3826 1414 3863 σοι
1471 3808 1717 3880 θεμέλιος
1747 3813 1776 3865 ὀ
1805 3814 2037 3885 Χριστὸς

461 3894 555 3946 καὶ
594 3893 864 3963 ἀσφάλεια
898 3895 1170 3968 διηνεκὴς,
1222 3897 1316 3950 καὶ
1359 3897 1433 3962 ὡς
1463 3899 1616 3963 πόλις
1659 3899 1756 3973 ἔσῃ
1802 3903 2037 3958 πολυαν-

453 3981 656 4054 δροῦσα
707 3987 812 4053 ικαὶ
861 3985 1264 4059 ἀναριθμήτους
1311 3988 1512 4058 ἔχουσα
1545 3992 1684 4056 ’τοὺς
1723 3995 2034 4066 οἰκήτορας.

451 4077 518 4129 At
551 4075 660 4148 γάρ
685 4077 794 4131 τῶν
831 4077 1001 4146 ἁγίων
1033 4079 1206 4150 ψυχαὶ
1258 4079 1434 4149 λόγων
1469 4098 1529 4135 τε
1559 4083 1653 4136 καὶ
1681 4084 1899 4138 ὲννοιῶν
1929 4088 2038 4139 εισι

455 4171 670 4240 μεσταὶ,
698 4170 807 4223 τῶν
838 4171 969 4242 περὶ
1013 4170 1148 4224 Θεοῦ
1183 4171 1447 4243 δηλονότι.
1490 4173 1736 4228 Πλεῖστοι
1783 4175 1839 4230 δὲ
1869 4171 2035 4244 οὗτοι,

453 4260 547 4314 καὶ
579 4261 668 4314 διὰ
703 4261 800 4332 τῆς
828 4263 909 4325 εἰς
940 4263 1092 4335 λῆξιν
1143 4264 1435 4336 ἀκριϐείας
1481 4267 1787 4338 ἐρχόμενοι,
1822 4267 1934 4322 ἄνω
1976 4286 2037 4322 τε

2134 3175 2460 3231 ostenditur.
2508 3171 2643 3226 Nam
2674 3170 2822 3226 velut
2860 3184 2891 3224 a
2919 3174 3129 3224 vastata
3176 3163 3450 3235 quondam
3496 3158 3629 3214 urbe
3663 3164 3719 3211 et

2135 3266 2188 3321 in
2219 3275 2387 3320 totum
2425 3263 2746 3329 disturbata,
2783 3275 2904 3332 quae
2961 3259 3080 3314 sine
3132 3255 3403 3313 moenibus
3437 3252 3578 3306 nuda
3609 3261 3720 3302 ma-

2135 3369 2250 3424 net,
2303 3358 2478 3414 oratio
2535 3357 2827 3412 formatur.
2891 3354 3113 3408 Deserta
3168 3349 3338 3413 enim,
3389 3344 3585 3414 inquit,
3627 3351 3718 3396 tua

2135 3447 2546 3504 aediﬁcabuntur
2588 3445 2641 3499 in
2680 3453 2966 3506 mternnm,
3007 3440 3062 3494 id
3111 3447 3216 3502 est,
3273 3451 3378 3491 non
3429 3432 3540 3489 eris
3578 3429 3721 3486 nuda

2136 3541 2293 3596 bonis
2337 3536 2750 3610 cogitationibus
2776 3548 2873 3588 cor
2921 3541 3075 3587 tuum
3133 3525 3580 3586 inhabitantibus,
3621 3535 3724 3575 nec

2139 3631 2406 3685 moenibus
2465 3627 2743 3692 destituta,
2796 3633 2889 3679 aut
2953 3619 3278 3678 incustodita
3347 3613 3596 3671 manebis
3665 3619 3722 3666 et

2139 3725 2295 3780 ﬁrma
2346 3722 2466 3778 basi
2542 3734 2754 3776 carens.
2802 3717 2917 3772 Fiet
2957 3714 3104 3771 enim
3160 3712 3253 3768 tibi
3308 3708 3722 3766 fundamentum

2137 3813 2387 3870 Christus
2438 3820 2493 3867 et
2533 3807 2877 3864 incolumitas
2925 3813 3205 3877 perpetua,
3247 3811 3303 3859 et
3346 3798 3502 3871 quasi
3528 3795 3722 3852 civitas

2139 3907 2249 3962 eris
2274 3904 2456 3960 multis
2493 3904 2759 3959 instructa
2797 3899 2950 3964 viris,
2999 3911 3122 3969 quae
3169 3888 3593 3951 innumerabiles
3623 3888 3722 3944 ba-

2135 4000 2231 4056 bet
2259 3998 2488 4054 incolas.
2549 3993 2882 4053 Sanctorum
2916 3991 3061 4048 enim
3116 3987 3283 4044 animi
3315 3997 3628 4042 sermonum
3668 3988 3725 4034 et

2139 4091 2529 4148 sententiarum
2575 4087 2719 4159 pleni
2776 4093 2923 4150 sunt,
2965 4084 3033 4139 de
3068 4083 3183 4138 Deo
3233 4077 3484 4141 scilicet;
3518 4089 3584 4128 ac
3612 4071 3725 4143 plu-

2139 4182 2262 4238 rimi
2320 4181 2386 4236 ad
2447 4180 2622 4250 ipsum
2684 4174 3034 4248 perfectionis
3095 4169 3325 4243 gradum
3384 4163 3724 4238 perveniunt,

2138 4288 2370 4343 eumque
2427 4272 2599 4343 magis
2648 4285 2713 4327 ac
2755 4268 2929 4338 magis
2971 4273 3194 4335 augent,
3257 4276 3322 4317 ac
3380 4256 3529 4314 omni
3583 4255 3726 4310 bono

455 4353 548 4406 xui.
579 4354 731 4407 κάτω
766 4355 1108 4426 περιθέοντες
1140 4356 1333 4428 αὐτὴν,
1381 4357 1564 4430 πλήρη
1594 4375 1653 4411 τε
1686 4359 1856 4432 αὐτὴν
1901 4362 2027 4414 ἀπο-

2144 4364 2440 4421 cumuiant.
2477 4362 2769 4420 Vocaberis
2824 4369 3089 4431 praeterea
3121 4352 3418 4411 mditlcator
3462 4345 3727 4454 maceria-

455 4444 736 4512 φαίνοντες
768 4446 974 4514 ἀγαθοῦ
1006 4449 1227 4513 παντός.
1263 4449 1529 4523 κληθήσῃ
1573 4450 1630 4504 δὲ
1666 4451 1803 4524 πρὸς
1857 4452 2035 4526 τούτῳ

456 4534 550 4587 καὶ
596 4535 880 4605 οἰκοδόμος
923 4539 1213 4622 φραγμξῖιν,
1264 4542 1358 4596 καὶ
1407 4543 1507 4606 τὰς
1535 4543 1755 4615 τρίϐους
1801 4546 1903 4609 τὰς
1935 4546 2041 4604 ἀνὰ

461 4627 626 4696 μέσον
656 4626 920 4691 παύσας’
966 4633 1094 4692 τοὺς
1144 4633 1240 4701 μὲν
1269 4635 1377 4706 γὰρ
1414 4637 1656 4707 ἐρήμους
1698 4637 1807 4691 τῶν
1849 4640 2040 4711 κήπων

460 4716 644 4771 πολλοὶ
690 4718 811 4771 λίαν
853 4720 903 4772 ot
955 4720 1426 4792 διαστοιχίζοντες.
1487 4728 1884 4801 Ἐφεστηκότος
1932 4731 2041 4803 γὰρ

458 4809 595 4873 ὅλως
639 4810 872 4878 οὐδενὸς,
902 4812 1070 4883 ῆγουν
1104 4815 1562 4886 περιφράττοντος
1592 4819 1764 4890 ἀπρὶξ
1816 4817 1925 4874 εἷεν
1975 4822 2042 4876 ἂν

459 4902 610 4956 οὐδὲν
634 4903 933 4969 κωλύοντες
961 4907 1089 4970 τοὺς
1136 4906 1223 4960 διὰ
1270 4908 1436 4978 μέσου
1470 4908 1706 4978 βαδίζειν
1733 4911 2038 4977 ἐθέλοντας.

460 4993 523 5045 Εἰ
550 4993 606 5047 δὲ
644 4994 710 5067 δὴ
757 4997 996 5064 γένοιντό
1043 5015 1159 5062 πως
1200 4998 1303 5051 ὑπὸ
1351 5000 1588 5071 γηπόνον
1641 5002 1880 5074 ἀσφαλῆ,
1917 5006 2041 5059 τότε

462 5083 556 5138 καὶ
586 5085 948 5142 ἀποϐάλλουσι
985 5087 1046 5141 τὸ
1065 5091 1174 5152 τοῖς
1209 5088 1318 5142 τῶν
1350 5089 1560 5143 πολλῶν
1591 5092 1909 5148 ὑποκεῖσθαι
1943 5113 2039 5148 πο-

464 5173 567 5240 σὶν,
609 5177 981 5248 ὲγηγερμένου
1033 5177 1273 5248 δηλονότι
1326 5179 1604 5250 φραγμοῦ.
1662 5182 2043 5238 Πεπαύσονται

462 5266 571 5338 γάρ
598 5267 769 5332 οὕτως
797 5270 853 5324 αί
882 5270 971 5324 διὰ
999 5271 1164 5341 μέσου
1202 5272 1397 5343 τρίϐοι.
1439 5274 1576 5344 Ἔσῃ
1617 5274 1819 5342 τοίνυν,
1852 5278 2039 5347 φησὶν,

462 5355 537 5420 ὡς
569 5357 834 5430 ἐπιμελὴς
863 5361 1096 5431 γηπόνος
1134 5363 1420 5434 φραγμοὺς
1449 5362 1697 5436 ἐγείρων,
1734 5366 1828 5419 καὶ
1851 5367 2041 5422 παύων

536 5545 583 5578 °°
617 5541 764 5599 Psal.
788 5559 887 5611 ιιι,
926 5543 978 5597 ﬁ.
1057 5545 1099 5576 “
1135 5544 1178 5600 ll
1215 5545 1352 5601 Tim.
1385 5562 1446 5612 ιι,

2149 4473 2288 4525 rum,
2319 4467 2374 4513 et
2404 4457 2625 4512 semitas
2650 4470 2769 4526 quae
2792 4452 2993 4509 suntin
3027 4448 3203 4504 medio
3221 4445 3507 4516 quiescere
3531 4437 3724 4494 facies.

2146 4534 2342 4604 Hortos
2367 4549 2512 4604 enim
2557 4563 2757 4603 vacuos
2789 4543 3007 4616 plurimi
3039 4545 3464 4614 pertranseunt:
3497 4531 3718 4589 nemine

2146 4641 2290 4694 enim
2341 4639 2671 4704 intendente,
2731 4651 2831 4692 nec
2894 4634 3122 4689 tirmiter
3161 4628 3536 4692 obmnniente,
3594 4623 3728 4679 nihil

2145 4739 2230 4786 est
2259 4730 2403 4799 quod
2430 4743 2545 4794 eos,
2567 4728 2659 4797 qui
2696 4743 2792 4798 per
2818 4727 3052 4782 medium
3085 4725 3164 4781 ire
3194 4723 3406 4784 volunt.
3445 4717 3726 4789 impediat.

2146 4822 2213 4877 At
2241 4821 2284 4876 si
2324 4831 2439 4875 tuto
2468 4819 2718 4891 agricolae
2739 4820 3166 4880 committantur,
3213 4823 3339 4869 tunc
3364 4827 3470 4867 non
3502 4807 3732 4877 amplius

2150 4912 2440 4967 multorum
2499 4911 2724 4982 pedibus
2781 4911 3084 4971 calcantur,
3145 4905 3460 4975 sepimento
3517 4898 3726 4954 scilicet

2149 5012 2356 5060 erecto.
2390 5000 2693 5057 Cessabunt
2731 4995 2990 5055 enimsic
3036 4995 3247 5052 semitae
3274 5007 3394 5062 qua:
3441 4991 3497 5046 in
3550 4987 3732 5044 medio

2148 5106 2294 5152 sunt.
2315 5095 2438 5151 Eris
2462 5095 2643 5164 igitur,
2664 5092 2830 5165 825
2856 5089 3054 5160 inquit,
3087 5103 3186 5144 ceu
3210 5085 3443 5154 diligens
3465 5080 3728 5153 agricola,

2149 5187 2450 5256 sepimenta
2481 5195 2536 5242 et
2562 5186 2784 5242 semitas
2844 5179 3200 5238 intermedias
3243 5176 3555 5232 obstruens.
3592 5170 3727 5224 Nam

2149 5278 2386 5349 quandiu
2425 5277 2606 5334 anima
2652 5285 2738 5334 est
2779 5272 3130 5337 incustodita,
3171 5275 3407 5325 stertens
3449 5263 3718 5326 socordia,

2150 5380 2204 5427 et
2232 5370 2459 5442 proinde
2495 5370 2656 5428 foedis
2697 5367 3060 5438 voluptatibus
3112 5360 3354 5434 exposita
3383 5377 3395 5415 :
3420 5355 3610 5415 similis
3646 5363 3730 5410 est

1655 5547 1698 5577 ε’
1737 5544 1878 5601 Psal.
1913 5562 2061 5614 xxxi,
2099 5547 2152 5603 5.

540 5727 616 5798 (ι)
649 5726 841 5784 Dccsse
906 5727 992 5784 hic
1036 5728 1312 5797 nonnulla,
1368 5738 1511 5802 patet
1554 5746 1617 5787 cx
1690 5729 1966 5786 llumfrcdi
2033 5731 2297 5786 versione.
