4096 6212
487 226 624 281 lilii)

1469 215 1527 271 S.
1571 213 1846 272 CYRILLI
1885 213 2353 270 ALEXANDRINI
2390 214 2706 273 ARCHIEP.

3592 219 3731 276 L300

483 348 641 402 horto
678 355 838 411 quem
896 354 1084 396 omnes
1136 346 1462 410 praetereunt
1493 346 1549 393 et
1577 337 1896 408 pervadunt.
1946 337 2046 394 Ubi

2152 337 2246 402 τὰς
2294 337 2564 408 ἀναμέσον
2620 337 2858 410 τρίϐους.
2908 336 3054 400 Ἕως
3093 336 3193 407 μὲν
3238 337 3345 409 γὰρ
3389 337 3736 410 ἀφρούρητός

482 446 659 490 autem
703 431 1102 503 expergefacta,
1166 445 1198 486 e
1233 431 1487 485 vitiorum
1541 429 1752 500 laqueis
1805 431 2046 499 eruperit

479 531 532 576 et
553 519 836 585 exsilierit,
869 529 923 575 et
953 519 1088 574 bene
1120 518 1311 589 agendi
1343 518 1676 574 voluntatem
1723 519 2044 588 susceperit,

479 621 779 668 etmentem
815 611 968 680 quasi
999 611 1298 680 sepimento
1336 611 1571 680 quodam
1600 619 1714 665 tuto
1738 610 2046 666 obvallave—

482 705 572 771 rit,
606 703 810 767 divino,
841 703 1084 772 inquam,
1115 703 1328 766 timore,
1360 712 1417 757 et
1455 701 1812 773 cogitationes
1857 703 2044 770 animi,

479 808 599 863 qua:
650 793 778 848 olim
819 792 895 847 illi
947 792 1236 847 dominata:
1294 798 1441 856 sunt,
1495 806 1615 861 quae
1673 806 1772 860 per
1811 791 2045 846 medium

480 883 597 950 ejus
626 884 780 952 quasi
819 882 1171 948 transierunt,
1221 895 1285 936 ac
1341 882 1570 950 pedibus
1603 881 1906 950 subjectum
1951 882 2049 937 lia-

478 974 611 1027 bent
672 985 737 1027 ac
769 971 1107 1036 conculcant,
1170 985 1238 1027 eo
1293 970 1437 1039 quod
1499 971 1551 1024 in
1598 985 1720 1024 eum
1762 971 2045 1041 imperium

478 1065 777 1131 obtineant,
836 1064 1101 1132 expulerit
1161 1080 1174 1118 :
1229 1072 1343 1117 tum
1409 1061 1694 1118 vocabitur
1753 1064 2050 1119 aediﬁcator

476 1156 858 1211 maceriarum.
899 1153 1190 1210 Sciendum
1228 1168 1359 1209 vero
1409 1153 1580 1210 malas
1623 1161 1677 1209 et
1709 1155 2049 1210 adversarias

475 1255 773 1317 potestates
815 1247 1072 1303 miseram
1108 1247 1346 1302 animam
1403 1246 1672 1301 interdum
1745 1247 2046 1313 incursare,

477 1355 544 1394 ac
593 1339 893 1410 voluptates
946 1338 1309 1394 exsecrandas
1361 1351 1574 1407 parere,
1625 1346 1680 1393 et
1728 1353 2050 1408 quocunque

476 1432 664 1488 volunt
692 1432 903 1488 auferre
929 1432 1230 1504 tyranniee,
1255 1439 1308 1487 et
1337 1432 1491 1499 quasi
1519 1431 1736 1486 hortum
1783 1430 2047 1486 incultum

478 1533 783 1596 penetrare.
847 1523 918 1579 At
964 1522 1109 1578 illam
1165 1521 1382 1576 calcare
1446 1520 1715 1588 desinent,
1770 1529 2048 1576 exstructa

477 1614 734 1679 maceria,
795 1627 956 1683 quam
1018 1611 1235 1666 divinus
1293 1611 1454 1666 timor
1508 1611 1564 1664 in
1629 1611 1785 1666 nobis
1825 1611 2044 1666 excitat.

475 1704 788 1774 Applicabls
817 1713 997 1758 autem
1027 1703 1168 1758 hanc
1191 1717 1407 1772 quoque
1428 1692 1728 1758 orationem
1756 1701 2045 1770 unicuique
2080 1683 2122 1740 Β

476 1800 784 1850 sanctorum
816 1801 1266 1863 mystagogorum.
1308 1793 1446 1847 Sunt
1483 1792 1628 1847 enim
1685 1791 2045 1846 mdilicatores

487 1884 875 1951 maceriarum,
919 1898 1110 1939 secure
1137 1884 1442 1939 munientes
1465 1884 1681 1939 virtutis
1719 1884 2047 1940 motionibus

477 1978 687 2032 animas
732 1991 919 2031 eorum
964 1977 1056 2047 qui
1115 1975 1517 2043 instituuntur,
1558 1976 1630 2031 ita
1693 1986 1752 2032 ut
1805 1977 2048 2032 animum

478 2069 716 2123 habeant
780 2068 1116 2138 voluptatum
1211 2066 1679 2136 impressionibus,
1749 2075 1805 2123 et
1853 2068 2050 2138 ineptis

477 2159 636 2228 nugis
695 2157 916 2214 minime
950 2159 1196 2229 pervium
1249 2172 1456 2224 earum,
1494 2159 1585 2228 qui
1615 2157 1888 2228 vaniloqui
1929 2173 2052 2215 esse

478 2249 674 2312 solent,
722 2250 814 2317 qui
859 2256 1069 2304 rectum
1124 2248 1250 2304 ﬁdei
1300 2262 1605 2304 sermonem
1661 2257 2049 2318 eauponantur,

478 2341 785 2395 nescientes
849 2355 1029 2412 neque
1082 2340 1210 2411 quid
1240 2339 1448 2408 dicunt,
1506 2355 1682 2412 neque
1737 2340 1806 2396 de
1853 2341 2049 2413 quibus

479 2429 768 2485 allirmant.

2150 431 2267 482 ἐστι
2295 427 2460 500 ψυχὴ,
2487 429 2756 500 ρἐχουσα
2791 428 2926 500 πρὸς
2958 427 3016 482 τὺ
3045 429 3311 500 ῥᾴθυμον,
3343 431 3438 483 καὶ
3477 433 3596 492 ταῖς
3626 431 3739 485 τῶν

2151 519 2351 590 ἡδονῶν
2378 520 2630 585 ὲκτόποις
2676 521 2882 591 ταύτης
2909 520 3072 573 ἕνεκα
3113 520 3213 591 τῆς
3234 520 3416 584 αίτίας
3442 523 3545 575 οὐκ
3585 524 3740 578 ἀστι-

2149 609 2248 683 ϐὴς
2273 649 2288 674 ,
2341 609 2456 665 ἀλλ’
2508 609 2650 664 ἔοικε
2705 611 2870 682 κήπῳ
2926 610 3282 682 διοδευομένῳ
3333 613 3487 682 παρὰ
3534 615 3739 678 παντὸς

2148 701 2386 758 ὁτουοῦν.
2450 702 2620 758 Ἐπὰν
2663 701 2721 757 δὲ
2751 702 3056 775 διανήψασα
3099 703 3208 757 τῶν
3253 704 3354 775 τῆς
3397 705 3739 776 φαυλότητος

2149 793 2476 864 ἀποπηδήσῃ
2517 792 2747 864 βρόχων,
2781 795 3139 867 ὲπιδρὰξηται
3184 794 3242 849 δὲ
3284 797 3484 867 μᾶλλον
3514 798 3624 872 τοῦ.
3645 799 3738 852 θέ-

2149 883 2260 937 λειν
2284 883 2666 956 ἀγαθουργεῖν,
2692 884 2787 938 καὶ
2807 885 2996 958 ὥσπερ
3021 886 3144 941 τινὰ
3169 888 3423 958 φραγμὸν
3451 890 3738 963 ἀναστήσῃ

2149 976 2228 1046 τῷ
2263 975 2341 1049 νῷ
2364 977 2462 1048 τὴν
2490 977 2812 1046 ἀσφάλειαν,
2846 979 2946 1051 τὴν
2977 980 3085 1034 ἀπό
3124 997 3213 1049 γε,
3251 983 3414 1053 φημὶ,
3443 982 3538 1035 τοῦ
3584 983 3734 1037 θείου

2150 1067 2340 1139 φόὸου,
2369 1069 2464 1122 καὶ
2495 1067 2814 1141 ἀποσοϐήσῃ
2838 1071 2937 1141 τῆς
2959 1071 3198 1135 διανοίας
3225 1072 3351 1135 τοὺς
3387 1072 3555 1126 παλαι
3592 1090 3732 1144 κρα-

2148 1158 2373 1222 τοῦντας
2425 1160 2596 1230 αὐτῆς
2641 1160 3043 1232 διαλογισμοὺς,
3093 1162 3144 1215 οἳ
3190 1162 3280 1216 διὰ
3324 1163 3496 1233 μέσης
3540 1163 3733 1234 ῶσπερ

2151 1255 2316 1327 ᾔεσαν
2348 1257 2517 1326 αὐτῆς
2555 1255 2661 1310 ὑπὸ
2706 1256 2874 1321 πόδας
2905 1256 3121 1328 ἔχοντες
3163 1257 3391 1326 ταύτην,
3421 1259 3514 1311 καὶ
3545 1258 3732 1322 θέντες

2151 1346 2230 1408 είς
2277 1346 2650 1416 καταπάτημα
2694 1345 2782 1398 διὰ
2831 1345 2925 1398 τοῦ
2973 1349 3335 1417 κατακρατεῖν
3374 1347 3565 1416 αὐτῆς,
3599 1348 3731 1401 τότε

2151 1434 2478 1506 κεκλήσεται
2526 1439 2621 1490 καὶ
2653 1437 2932 1508 οἰκοδόμος
2963 1437 3254 1508 φραγμῶν.
3305 1439 3500 1492 ’ἰστέον
3547 1439 3602 1494 δὲ
3646 1441 3731 1493 ὅτι

2150 1521 2242 1577 καὶ
2285 1525 2341 1577 ai
2376 1527 2610 1596 πονηραὶ
2637 1526 2732 1580 καὶ
2780 1527 3150 1598 ἀντικείμεναι
3175 1527 3429 1598 δυνάμεις
3459 1528 3730 1596 κατατρέ-

2151 1631 2334 1685 χουσιν
2363 1613 2475 1669 ἔσθ’
2520 1617 2608 1670 ὅτε
2656 1617 2754 1688 τῆς
2807 1617 2996 1681 ἀθλίας
3027 1617 3225 1688 ψυχῆς,
3257 1619 3506 1691 μυσαρὰς
3537 1619 3731 1690 ἡδονὰς

2149 1705 2514 1772 ὲκτίκτουσαι,
2559 1708 2654 1762 καὶ
2699 1709 3072 1781 ἁποφέρουσαι
3107 1709 3442 1781 τυραννικῶς
3475 1705 3636 1780 οἷπερ
3664 1711 3731 1765 ἂν

2154 1795 2469 1866 βούλωνται,
2512 1798 2606 1852 καὶ
2654 1798 2730 1862 ὡς
2771 1797 2861 1852 διὰ
2898 1798 3078 1869 κήπου
3126 1798 3538 1869 κεχερσωμένου
3575 1798 3729 1869 βαδί-

2153 1890 2359 1954 ζουσαι.
2392 1889 2773 1944 Πεπαύσονται
2801 1891 2857 1943 δὲ
2883 1889 2977 1943 τοῦ
3020 1892 3355 1944 καταπατεῖν
3386 1890 3579 1961 αὐτὴν,
3601 1891 3725 1959 ὲγηι

2153 1981 2423 2053 γερμένου
2459 1980 2736 2054 φραγμοῦ,
2761 1981 2826 2034 ὃν
2874 1983 2903 2035 6
2929 1980 3070 2046 θεῖος
3106 1983 3166 2035 ὲν
3193 1982 3326 2052 ἡμῖν
3353 1981 3605 2051 ἀνίστησι
3633 1984 3729 2051 φό-

2155 2072 2269 2137 60c.
2317 2072 2682 2146 Ἐφαρμόσεις
2719 2074 2778 2127 δὲ
2800 2073 2892 2128 τὸν
2931 2073 3136 2129 τοιόνδε
3181 2073 3338 2142 λόγον
3382 2074 3475 2126 καὶ
3511 2073 3726 2147 ἑκάστῳ

2155 2163 2264 2218 τῶν
2313 2163 2482 2233 ἁγίων
2540 2165 2933 2235 μυσταγωγῶν.
2980 2165 3244 2234 Γεγόνασι
3299 2163 3410 2235 γὰρ
3457 2163 3725 2234 οἰκοδόμοι

2157 2254 2450 2326 φραγμῶν,
2480 2255 2899 2326 ἀσφαλιζόμενοι
2927 2257 3047 2319 ταῖς
3078 2257 3158 2319 εἰς
3185 2256 3387 2327 ἀρετὴν
3426 2253 3723 2316 νουθεσίαις

2154 2344 2254 2409 τὰς
2283 2344 2390 2399 τῶν
2434 2345 2837 2417 παιδευομένων
2885 2346 3085 2417 ψυχὰς,
3126 2345 3267 2399 ὥστε
3315 2345 3413 2399 καὶ
3455 2347 3576 2407 ταῖς
3615 2341 3724 2395 τῶν

2154 2435 2358 2506 ἡδονῶν
2378 2436 2587 2508 ἐφόδοις
2608 2437 2804 2507 ἀστιϐῆ
2834 2437 3032 2510 τρόπον
3057 2437 3182 2490 τινὰ
3204 2435 3300 2507 τὴν
3325 2435 3558 2491 διάνοιαν
3577 2432 3718 2504 ἔχειν

477 2523 570 2578 καὶ
602 2523 980 2596 βωμολοχίαις,
1009 2523 1073 2578 ἐκ
1099 2543 1159 2579 τε
1194 2526 1301 2579 τῶν
1327 2527 1653 2595 κενοφωνεῖν
1685 2524 1973 2590 εἰωθότων,
2034 2524 2084 2579 οἳ
2121 2527 2212 2582 τὸν
2244 2527 2402 2599 ὀρθὸν
2465 2529 2564 2602 τῆς
2602 2529 2836 2593 πίστεως
2872 2527 3299 2599 ὲκκαπηλεύουσι
3330 2526 3503 2596 λόγον,
3537 2527 3614 2597 μὴ
3640 2527 3716 2580 εί-

475 2620 626 2682 δότες
673 2618 808 2690 μήτε
849 2618 886 2675 ἃ
917 2618 1156 2690 λέγουσι,
1207 2620 1345 2692 μήτε
1391 2617 1521 2690 περὶ
1560 2618 1724 2673 τίνων
1768 2618 2222 2676 διαὸεὸαιοῦνται.

551 2716 712 2770 Vsus.
743 2716 828 2783 l3,
859 2716 948 2774 l4.
978 2715 1039 2772 Si
1064 2719 1312 2772 averteris
1341 2717 1517 2785 pedem
1538 2725 1683 2770 tuum
1709 2732 1742 2769 a
1782 2707 2053 2785 Sabbatis,

478 2819 532 2862 ut
562 2825 665 2862 non
692 2809 860 2878 facias
884 2815 1178 2864 voluntates
1210 2819 1328 2864 tuas
1343 2809 1398 2863 in
1418 2810 1502 2863 die
1529 2819 1736 2874 sancta,
1768 2818 1818 2862 et
1845 2823 2057 2862 vocave-

479 2902 551 2953 ris
570 2899 800 2955 Sabbata
827 2911 1028 2967 tenera,
1059 2899 1169 2955 Deo
1203 2910 1291 2955 tuo
1313 2907 1515 2966 sancta,
1552 2916 1654 2954 non
1681 2898 1830 2954 tolles
1873 2899 2055 2968 pedem

481 3000 625 3044 tuum
654 2991 722 3044 ad
749 3007 898 3061 opus,
931 3007 1094 3061 neque
1113 2989 1334 3060 loqueris
1375 2990 1587 3044 verbum
1618 2990 1673 3042 in
1721 2991 1804 3042 ira
1847 2989 1913 3042 de
1965 3003 2054 3042 ore

2235 2715 2368 2772 Ἐὰν
2407 2715 2778 2786 ἐπιστρέψῃς
2803 2714 2912 2770 τὸν
2940 2712 3098 2768 πόὸα
3133 2727 3244 2768 σου
3273 2711 3389 2768 ἀπὸ
3421 2710 3543 2766 τῶν
3573 2711 3720 2764 Σαϐ-

2152 2807 2366 2873 ϐάτων,
2397 2807 2506 2861 τοῦ
2546 2807 2633 2876 μὴ
2683 2806 2874 2861 ποιεῖν
2924 2806 2999 2860 τὰ
3039 2803 3342 2874 θελήματά
3385 2817 3502 2856 σου
3537 2802 3608 2854 ἐν
3653 2798 3722 2870 τῇ

2150 2899 2342 2970 ἡμέρα
2389 2896 2464 2969 τῇ
2494 2897 2653 2968 ἁγίᾳ,
2698 2899 2796 2952 καὶ
2829 2897 3102 2966 καλέσῃς
3149 2896 3222 2950 τὰ
3272 2894 3543 2949 Σάϐϐατα
3591 2910 3720 2962 τρυ-

2149 2991 2320 3061 φερὰ,
2361 2989 2440 3056 τῷ
2470 2988 2591 3056 Θεῷ
2628 3003 2744 3044 σου
2771 2989 2928 3060 ἅγια,
2956 2989 3068 3043 οὐκ
3096 2987 3261 3056 ἀρεῖς
3288 2988 3398 3041 τόν
3426 2984 3582 3038 πόδα
3608 2999 3722 3038 σου

480 3091 592 3149 tuo,
621 3083 793 3137 cteris
821 3082 1085 3151 conﬁdens
1117 3097 1272 3149 super
1299 3079 1600 3135 Dominum.
1629 3080 1700 3134 Et
1751 3079 1970 3134 elevabit
2004 3089 2050 3134 te

2153 3081 2245 3134 ἐπ’
2277 3081 2448 3150 ἔργῳ,
2487 3078 2631 3134 οὐδὲ
2664 3077 2949 3147 λαλήσῃς
2993 3079 3177 3146 λόγον
3211 3075 3282 3130 ἐν
3312 3072 3462 3144 ὀργῇ
3501 3073 3570 3127 ἐκ
3617 3071 3721 3127 τοῦ

479 3190 634 3242 super
660 3175 793 3227 bona
808 3183 1034 3238 terrw,et
1064 3172 1280 3227 elevabit
1304 3181 1351 3226 te
1365 3173 1674 3226 lim-editam
1687 3169 1854 3225 Iacob
1879 3172 2049 3239 patris

481 3263 666 3319 tui.Os
696 3265 833 3318 enim
855 3263 1068 3317 Domini
1097 3263 1326 3316 locutum
1349 3271 1423 3315 est
1457 3261 1592 3316 MBO.

553 3535 776 3592 Divinus
791 3533 992 3591 Paulus
1021 3533 1154 3607 legis
1180 3533 1425 3591 umbram
1447 3535 1594 3592 velut
1611 3535 1938 3592 inelﬁcaeem
1964 3549 2051 3593 re-

481 3628 705 3698 pellens,
736 3629 800 3682 ad
828 3628 1166 3698 spiritualem
1192 3626 1308 3695 ejus
1335 3626 1834 3692 considerationem
1867 3637 2052 3684 trans-

483 3721 610 3774 fert.
636 3719 746 3775 Nec
800 3719 942 3775 enim
972 3719 1180 3776 videbis
1201 3734 1322 3773 eum
1353 3719 1438 3776 vel
1477 3721 1657 3776 carnis
1683 3721 2053 3778 circumcisio-

481 3827 626 3879 ncm,
658 3811 742 3866 vel
767 3811 1183 3868 Sabbati‘otium
1227 3815 1498 3884 recepisse
1528 3831 1540 3867 :
1573 3820 1629 3868 at
1682 3814 2054 3869 circumcisio-

484 3920 605 3959 nem
667 3904 842 3974 potius
892 3907 1052 3968 simul
1109 3920 1173 3962 ac
1246 3906 1635 3964 sabbatismum
1717 3905 2051 3977 spiritualem

481 3995 774 4065 praedicare
800 3997 1033 4052 videtur.
1061 3998 1151 4052 Ait
1177 3999 1320 4054 enim
1356 4012 1372 4051 :
1407 4014 1427 4057 ι
1461 3996 1577 4052 Νοιι
1608 3996 1700 4066 qui
1739 3997 1794 4052 in
1825 3997 2054 4052 manife-

481 4092 569 4136 sto
599 4079 818 4138 Judaeus
847 4090 948 4150 est,
979 4099 1156 4154 neque
1219 4098 1340 4154 qua
1391 4085 1443 4139 in
1478 4084 1765 4141 manifesto
1801 4085 1854 4143 in
1890 4100 2054 4141 carne

481 4183 563 4229 est
589 4175 961 4243 circumcisio;
997 4176 1090 4232 sed
1117 4177 1207 4246 qui
1241 4176 1294 4230 in
1325 4176 1661 4242 abscondito,
1687 4176 1904 4234 Iudaeus
1925 4186 2050 4235 est:

477 4265 648 4338 826
668 4275 723 4321 et
749 4265 1094 4322 circumcisio
1126 4266 1325 4332 cordis,
1357 4267 1412 4321 in
1438 4266 1652 4336 spiritu,
1695 4283 1802 4324 non
1853 4268 2051 4336 littera,

481 4359 634 4427 cujus
658 4359 776 4415 laus
803 4375 907 4415 non
931 4373 997 4414 ex
1030 4358 1360 4423 hominibus,
1391 4357 1487 4414 sed
1536 4374 1603 4415 ex
1653 4359 1762 4414 Deo
1817 4371 1898 4416 est
1922 4361 1985 4416 “.
2028 4381 2046 4413 ι

2152 3172 2450 3240 στόματός
2477 3187 2612 3237 σου,
2639 3171 2737 3226 καὶ
2765 3169 2881 3239 ἔσῃ
2910 3169 3207 3236 πεποιθὼς
3233 3167 3333 3221 ἐπὶ
3360 3168 3593 3236 Κύριον,
3623 3163 3732 3242 καί.

2152 3262 2495 3318 ἀναϐιϐάσει
2528 3279 2601 3316 σε
2627 3261 2730 3316 ἐπὶ
2763 3261 2837 3315 τὰ
2862 3250 3052 3330 ἀγαθὰ
3081 3259 3191 3328 τῆς
3214 3257 3349 3329 γῆς,
3383 3257 3482 3314 καὶ
3513 3255 3726 3327 ψωμιεῖ
3781 3245 3787 3254 ’

2153 3371 2227 3410 σε
2257 3353 2370 3426 τὴν
2397 3355 2804 3425 κληρονομίαν
2836 3353 3046 3409 Ἰακὼϐ
3077 3350 3184 3405 τοῦ
3217 3348 3448 3420 Πατρός
3474 3364 3613 3404 σου.
3652 3348 3725 3404 Τὸ

2152 3445 2264 3517 γὰρ
2290 3448 2486 3517 στόμα
2515 3447 2736 3514 Κυρίου
2765 3443 3035 3512 uanas
3064 3441 3268 3498 ταῦτα.

2235 3539 2292 3593 Ὀ
2336 3537 2622 3600 Θεσπέσιος
2669 3535 2881 3600 Παῦλος
2932 3535 3031 3606 τὴν
3081 3531 3176 3586 τοῦ
3229 3530 3396 3604 νόμου
3449 3528 3606 3584 σκιὰν
3649 3527 3724 3593 ὡς

2153 3628 2356 3700 ἀδρανῆ
2385 3627 2806 3700 παρωθούμενος
2827 3627 2907 3690 είς
2938 3623 3309 3696 πνευματικὴν
3339 3621 3571 3694 θεωρίαν
3596 3619 3726 3692 μεθ-

2157 3719 2334 3791 ίστησι
2362 3719 2432 3772 τὰ
2459 3721 2516 3772 ὲν
2547 3717 2716 3789 αὐτῷ.
2752 3716 2888 3771 Οῦτε
2916 3717 3025 3789 γὰρ
3052 3716 3151 3786 τὴν
3197 3714 3337 3768 κατὰ
3371 3714 3549 3785 σάρκα
3573 3727 3727 3783 περι-

2153 3811 2346 3883 τομὴν,
2380 3808 2504 3864 οὔτε
2532 3809 2628 3881 τὴν
2656 3808 2796 3864 κατὰ
2826 3809 2890 3862 τὸ
2918 3805 3424 3877 Σάϐϐατον,ἀργίαν
3458 3799 3724 3867 ἀποδεξά-

2157 3921 2315 3974 μενον
2343 3901 2686 3974 καταθρήσαί
2713 3918 2794 3963 τις
2819 3899 2886 3954 ἂν
2915 3899 3096 3964 αὐτὸν,
3123 3894 3422 3967 περιτομὴν
3445 3895 3500 3947 δὲ
3530 3893 3728 3964 μᾶλλον

2155 3995 2551 4066 πνευματικὴν,
2578 3995 2670 4046 καὶ
2709 3992 3076 4062 σαϐϐατισμὸν
3109 3988 3310 4060 ὁμοίως
3351 3984 3726 4057 διακηρύττων

2154 4085 2368 4156 ὁρᾶται.
2401 4082 2544 4155 Ἔφη
2570 4083 2700 4153 γὰρ,
2737 4083 2819 4136 ὅτι
2852 4101 2870 4133 ι
2908 4083 3020 4152 Οὐχ
3053 4083 3082 4134 6
3125 4081 3184 4134 ὲν
3224 4077 3304 4150 τῷ
3347 4075 3567 4148 φανερῷ
3604 4077 3727 4128 Ἰου-

2153 4176 2296 4240 δαῖός
2327 4177 2494 4241 ἐστιν,
2516 4173 2635 4227 οὐδὲ
2658 4175 2690 4245 ὴ
2719 4176 2775 4226 ἐν
2805 4172 2884 4243 τῷ
2911 4170 3130 4243 φανερῷ
3156 4171 3214 4222 ὲν
3239 4168 3402 4239 σαρκὶ
3431 4165 3725 4239 περιτομὴ,

2154 4266 2269 4320 ἀλλ’
2296 4269 2324 4320 6
2356 4266 2416 4319 ὲν
2456 4265 2532 4337 τῷ
2570 4263 2798 4336 κρυπτῷ
2835 4264 3104 4328 Ἰουδαῖος,
3140 4261 3233 4317 καὶ
3278 4261 3548 4330 περιτομὴ
3593 4273 3728 4328 καρ-

2154 4356 2272 4420 δίας
2297 4357 2354 4410 ὲν
2397 4356 2688 4426 πνεύματι,
2713 4356 2774 4407 οὐ
2804 4355 3112 4425 γράμματι,
3142 4345 3204 4406 οῦ
3232 4354 3260 4406 6
3293 4351 3516 4412 ἔπαινος
3535 4349 3634 4401 οῦκ
3667 4347 3730 4412 ἐξ

481 4447 631 4513 Quod
664 4448 846 4518 itaque
865 4447 928 4502 ad
957 4446 1258 4504 Sabbatum
1279 4449 1494 4513 attinet,
1515 4449 1836 4520 relinquitur
1859 4449 2050 4520 populo

2155 4448 2476 4522 ἀνθρώπων,
2498 4448 2612 4503 ἄλλ’
2639 4449 2702 4501 ὲκ
2732 4446 2823 4500 τοῦ
2844 4446 3032 4500 Θεοῦ.»
3065 4445 3139 4496 Πε
3150 4444 3202 4514 pl
3223 4441 3278 4494 δὲ
3321 4438 3414 4493 τοῦ
3446 4437 3727 4492 Σαϐσάτου

483 4539 571 4591 Dei
606 4538 986 4594 sabbatismus.
1015 4538 1117 4606 Qui
1149 4540 1295 4595 enim
1347 4541 1648 4611 ingreditur
1700 4540 1756 4595 in
1807 4543 2048 4611 requiem

477 4627 616 4694 eius,
647 4629 827 4682 etiam-
854 4630 969 4700 ipse
998 4632 1287 4700 tequiescit
1324 4647 1354 4686 a
1381 4632 1492 4691 suis
1541 4633 1820 4703 operibus,
1854 4648 2045 4703 quem-

375 4793 380 4796 _
478 4719 763 4774 admodum
787 4735 817 4774 ο
847 4722 958 4775 suis
982 4723 1139 4778 Deus.
1166 4723 1308 4793 Ergo
1329 4725 1375 4780 si
1401 4724 1522 4794 quis
1563 4739 1593 4779 a
1625 4726 1736 4781 suis
1792 4725 2049 4795 operibus

476 4819 677 4876 cessat,
712 4823 806 4866 aut
840 4826 951 4867 suae
1000 4811 1293 4869 voluntatis
1338 4815 1623 4886 imperium
1685 4813 2052 4870 sacrosanctis

481 4903 644 4958 tradit
673 4903 904 4975 legibus,
936 4903 1025 4960 hic
1070 4906 1372 4968 sabbatizat
1423 4907 1799 4978 spiritualiter,
1840 4916 1895 4961 et
1922 4921 2050 4961 sau-

479 5007 624 5050 crtum
656 4993 800 5052 diem
824 5013 949 5054 vere
969 4998 1222 5054 celebrat.
1271 4997 1384 5055 lloc
1419 5000 1583 5054 etiam
1628 4998 1784 5054 nobis
1817 4997 2056 5053 ostendit

478 5087 795 5157 prophetiae,
826 5103 946 5158 quae
969 5104 1080 5158 pra:
1113 5091 1360 5145 manibus
1387 5099 1491 5154 est,
1527 5089 1721 5147 oratio.
1775 5088 1834 5142 Si
1885 5089 2049 5154 enim,

477 5177 678 5246 inquit,
737 5181 1002 5235 averteris
1051 5181 1238 5249 pedem
1293 5189 1439 5236 tuum
1485 5196 1516 5234 a
1567 5179 1838 5248 Sabhatis,
1867 5189 2054 5235 utnon

477 5267 645 5324 facias
694 5271 997 5327 voluntates
1040 5281 1159 5328 tuas
1199 5273 1251 5328 in
1303 5273 1387 5328 die
1417 5281 1625 5329 sancta.
1669 5271 1801 5328 illud
1827 5289 1841 5324 :
1872 5275 2044 5328 Aver-

479 5361 609 5413 teris
638 5362 825 5428 pedem
860 5372 1010 5417 tuum
1050 5379 1080 5418 a
1134 5363 1404 5431 Sabbatis,
1474 5365 1619 5421 aliud
1659 5364 1793 5420 nihil
1848 5375 1949 5432 est,
1986 5374 2044 5419 ut

474 5463 578 5521 ego
608 5456 939 5517 censeo,nisi
969 5465 1027 5510 ut
1050 5472 1155 5511 non
1189 5467 1312 5528 agat
1344 5474 1462 5528 quae
1489 5460 1611 5527 quis
1640 5459 1890 5525 voluerit,
1946 5473 2046 5514 nec

552 5606 596 5637 ’³
628 5631 782 5688 llum.
817 5649 870 5692 ll,
903 5633 991 5696 9.8,
1025 5635 1111 5687 29.

2157 4542 2266 4601 ἄρα
2314 4541 2670 4596 ἀπολείπεται
2730 4536 3099 4607 σαϐϐατισμὸς
3147 4533 3224 4604 τῷ
3270 4531 3384 4601 λαῷ
3428 4530 3522 4583 τοῦ
3569 4527 3727 4580 Θεοῦ.

2167 4634 2226 4688 Ὀ
2268 4633 2376 4705 γὰρ
2428 4631 2682 4686 εἰσελθὼν
2726 4632 2806 4694 είς
2855 4629 2954 4699 τὴν
3006 4626 3347 4681 κατάπαυσιν
3396 4619 3585 4683 αὐτοῦ,
3634 4618 3730 4671 καὶ

2155 4725 2315 4787 αὐτὸς
2342 4723 2682 4778 κατέπαυσεν
2706 4720 2813 4776 ἀπὸ
2847 4719 2956 4772 τῶν
2982 4718 3157 4790 ἔργων
3185 4713 3368 4778 αὐτοῦ,
3404 4712 3594 4782 ὥσπερ
3621 4709 3732 4764 ἀπὸ

2153 4815 2261 4877 τῶν
2298 4815 2441 4870 ἰδίων
2469 4817 2498 4868 ὁ
2524 4814 2676 4878 Θεός.
2717 4811 2925 4866 Οὐκοῦν
2956 4810 3107 4874 εἴτις
3139 4809 3408 4862 παύσαιτο
3446 4806 3556 4859 τῶν
3586 4805 3732 4858 ἰδίων

2149 4907 2350 4980 ἔργων,
2378 4907 2498 4977 ἦτοι
2529 4905 2638 4959 τῶν
2667 4904 2858 4958 ἑαυτοῦ
2897 4902 3218 4972 θελημάτων
3260 4897 3321 4951 τδ
3352 4899 3551 4970 χρῆναι
3584 4912 3726 4968 κρα-

2149 5003 2262 5054 τεῖν
2291 4998 2507 5061 ἐπιδοὺς
2539 4998 2654 5060 τοῖς
2687 4997 2851 5067 ἱεροῖς
2895 4993 3278 5063 θεσπίσμασιν,
3305 4990 3479 5052 οῦτως
3509 4987 3730 5042 Σαϐϐα-

2150 5089 2287 5157 τίζει
2335 5088 2739 5160 πνευματικῶς,
2789 5088 2884 5140 καὶ
2928 5085 3088 5154 ἁγίαν
3118 5082 3331 5153 ἀληθῶς
3371 5080 3586 5150 ἡμέραν
3615 5079 3729 5130 ἑπι-

2152 5183 2316 5238 τελεῖ.
2361 5182 2532 5236 Τοῦτο
2576 5183 2670 5235 καὶ
2705 5179 2805 5250 τῆς
2845 5181 2902 5232 ἐν
2946 5177 3103 5248 χερσὶ
3157 5173 3490 5246 προφητείας
3535 5168 3730 5224 διαδεί-

2151 5293 2340 5330 κνυσιν
2391 5275 2522 5346 ἡμῖν
2575 5275 2603 5326 6
2631 5273 2806 5340 λόγος.
2856 5269 2982 5323 Ἐὰν
3026 5269 3135 5338 γὰρ
3168 5264 3536 5337 ἀποστρέψῃς,
3571 5261 3728 5332 φησὶ,

2150 5365 2242 5418 τὸν
2284 5363 2419 5416 πόδα
2460 5379 2551 5416 σου
2590 5361 2697 5416 ἀπὸ
2721 5361 2828 5412 τῶν
2865 5356 3282 5420 Σαδδάτων,τοῦ
3321 5354 3396 5425 μὴ
3447 5355 3620 5406 ποιεῖν
3659 5350 3728 5404 τὰ

2152 5455 2430 5527 θελήματά
2460 5472 2553 5509 σου
2585 5456 2641 5508 ἐν
2666 5455 2732 5524 τῇ
2767 5451 2949 5524 ἡμέρα
2978 5451 3045 5519 τῇ
3085 5449 3235 5518 ἁγίᾳ.
3264 5448 3335 5500 Τὸ
3367 5447 3441 5512 δὲ,
3462 5441 3726 5516 ἁποστρὲο
