4096 6212
371 311 508 370 1301

1483 322 1546 364 ια
1589 309 1820 365 ISAIAM
1857 309 1984 364 LIB.
2025 311 2090 366 ν.
2135 307 2373 366 TOMUS
2408 308 2498 362 IV.

3496 311 3633 363 1002

366 431 493 502 ιῙρεις
522 431 616 486 τὸν
648 430 783 485 πόδα
827 447 919 483 σου
952 429 1059 485 ἀπὸ
1084 429 1192 485 τῶν
1219 431 1530 497 Σαϐϐάτων,
1568 431 1720 484 οὐδὲν
1757 431 1943 502 ἕτερον

2067 431 2279 502 )roprite
2301 429 2611 500 cupiditatis
2638 429 2860 485 semitas
2888 437 3266 499 persequatur.
3290 427 3421 482 Nam
3443 429 3635 486 buma-

368 519 458 590 εἴη
489 520 578 584 ἂν,
611 518 686 584 ῶς
716 535 778 587 γε
811 512 964 589 οἶμαι
1010 518 1148 592 πλὴν
1181 520 1345 573 ὅτιτὸ
1383 520 1456 592 μὴ
1483 521 1682 591 χρῆναι
1727 520 1882 590 δρᾷν,
1915 519 1953 573 ἃ.

369 611 436 666 ἂν
479 609 720 681 βούλοιτό
751 627 856 675 τις,
892 609 986 664 καὶ
1019 598 1267 674 τὰς’τῶν
1300 611 1442 666 ἰδίων
1484 610 1788 682 ἐπιθυμιῶν
1820 611 1955 664 ἰέναι

329 701 332 703 “
367 702 746 772 τρίδους.’οτι
773 700 882 772 γὰρ
909 701 1016 755 τῶν
1044 701 1396 774 ἀνθρωπίνων
1417 702 1541 775 θελη
1551 703 1734 772 μάτων
1766 704 1795 756 ὁ
1829 719 1950 756 σκο-

371 794 471 868 πὸς
500 795 582 856 είς
617 791 679 846 τὸ
721 792 1001 864 φιλήδονον
1032 793 1240 864 βλέπει,
1287 793 1618 848 πιστώσεται
1659 793 1888 865 γράφων
1924 795 1952 848 ὁ

373 883 650 952 πάνσοφος
698 883 908 946 Παῦλος
933 899 947 914 ·
1003 902 1022 936 ι
1067 885 1142 937 Οὐ
1192 885 1301 957 γὰρ
1349 884 1377 938 ὃ
1426 885 1563 939 θέλω
1610 885 1768 938 τοῦτο
1815 884 1953 939 ποιῶ

373 977 598 1044 ἀγαθὸν,
621 975 736 1029 ἀλλ’
759 976 788 1030 δ
811 975 956 1047 μισῶ
984 977 1154 1032 κακὸν
1178 976 1337 1030 τοῦτο
1369 977 1620 1048 πράσσω,
1658 977 1954 1048 συνήδομαι

376 1070 482 1138 γὰρ
520 1067 601 1138 τῷ
655 1067 806 1138 νόμῳ
843 1066 938 1120 τοῦ
987 1067 1123 1120 Θεοῦ
1179 1067 1319 1122 κατὰ
1363 1068 1454 1122 τὸν
1490 1067 1598 1121 ἔσω
1645 1067 1953 1140 ἄνθρωπον,

379 1159 563 1228 βλέπω
601 1159 660 1212 δὲ
694 1159 882 1228 ἕτερον
913 1159 1081 1228 νόμον
1109 1160 1660 1232 ἀντιστρατευόμενον
1691 1159 1770 1230 τῷ
1805 1161 1954 1231 νόμῳ

375 1249 470 1302 τοῦ
501 1250 620 1312 νοός
658 1265 780 1318 μου,
813 1249 906 1302 καὶ
937 1250 1405 1321 αἰχμαλωτίζοντά
1453 1268 1521 1322 με
1556 1251 1633 1323 τῷ
1665 1251 1815 1322 νόμῳ
1858 1252 1957 1323 τῆς

379 1340 654 1411 ἁμαρτίας
684 1339 764 1411 τῷ
806 1341 920 1395 δντι
950 1342 1007 1395 ἐν
1055 1345 1166 1408 τοῖς
1202 1343 1386 1414 μὲλεσί
1423 1360 1546 1414 μου.
1584 1361 1604 1394 ι
1639 1345 1729 1396 Δεῖ
1761 1342 1825 1414 δὴ
1863 1339 1955 1397 οὖν

377 1430 485 1499 ἄρα
515 1430 608 1483 καὶ
639 1430 782 1499 μάλα
808 1431 1072 1492 νεανικῶς
1101 1430 1576 1500 καταγωνίσασθαι
1609 1431 1707 1500 μὲν
1738 1429 1798 1482 τὸ
1827 1429 1956 1483 ῐδιον

379 1523 588 1593 θέλημα
611 1524 738 1586 τοὺς
763 1522 1068 1592 εὐδοκιμεῖν
1099 1523 1380 1586 ἐθέλοντας
1412 1522 1562 1594 παρὰ
1589 1521 1726 1592 Θεῷ,
1759 1524 1871 1586 τοῖς
1901 1520 1959 1574 δὲ

378 1615 545 1678 θείοις
575 1614 743 1691 αὐτοῦ
778 1615 964 1685 νόμοις
1011 1614 1284 1685 πανταχοῦ
1345 1615 1644 1685 ἑπομένους
1691 1613 1790 1684 τὴν
1844 1611 1958 1677 ἀξι-

380 1705 615 1772 ἀγαστον
643 1705 742 1775 τῆς
791 1705 1136 1777 δικαιοσύνης
1163 1707 1396 1761 διάττειν
1427 1706 1563 1760 ὁδόν.
1611 1703 1873 1776 Τρυφερά
1902 1702 1958 1756 δὲ

2056 537 2248 578 narum
2278 521 2612 576 voluntatum
2649 535 2869 589 scopum
2894 520 2959 572 ad
2990 521 3316 588 voluptatem
3365 531 3634 589 spectare,

2054 613 2398 670 confirmabit
2425 611 2857 681 sapientissimus
2891 610 3106 675 Paulus,
3141 612 3424 666 scribens:
3459 631 3476 662 ι
3518 609 3637 666 Non

2052 705 2197 761 enim
2235 703 2378 774 quod
2405 703 2547 766 volo,
2587 703 2690 757 hoc
2739 700 2879 756 facio
2924 700 3146 767 bonum,
3197 701 3292 756 sed
3351 703 3496 771 quod
3545 703 3635 758 odi

2053 795 2279 862 malum,
2305 795 2406 850 hoc
2433 809 2552 862 ago.
2591 791 2840 848 Delector
2871 791 3014 846 enim
3045 792 3160 861 lege
3192 791 3311 855 Dei,
3375 792 3517 860 quod
3571 792 3637 844 ad

2053 888 2367 944 interiorem
2397 885 2668 942 hominem
2700 883 2912 939 attinet.
2957 883 3124 940 Video
3155 892 3336 939 autem
3367 882 3528 936 aliam
3559 883 3640 936 le-

2059 993 2179 1052 gem
2212 994 2332 1049 quae
2363 986 2626 1047 repugnat
2681 976 2785 1046 legi
2818 975 3014 1031 mentis
3046 990 3196 1042 meat,
3248 985 3303 1030 et
3357 975 3636 1043 captivum

2054 1087 2142 1128 me
2173 1071 2349 1128 reddit
2377 1069 2480 1141 legi
2516 1069 2740 1139 peccati,
2768 1083 2885 1138 qua:
2905 1077 2989 1123 est
3017 1069 3070 1122 in
3088 1067 3347 1122 membris
3367 1069 3515 1122 meis
3535 1067 3599 1120 “.
3617 1087 3633 1117 ι

2056 1163 2158 1231 Qui
2187 1178 2318 1234 ergo
2347 1178 2377 1218 a
2412 1163 2522 1219 Deo
2545 1162 2766 1234 probari
2801 1160 3012 1225 volunt,
3046 1159 3261 1215 fortiter
3297 1173 3361 1214 ac
3383 1158 3639 1228 juvenili-

2057 1265 2141 1310 ter
2168 1269 2322 1310 suant
2351 1254 2684 1310 voluntatem
2714 1265 3026 1322 oppugnare
3079 1251 3317 1307 debent:
3351 1259 3408 1305 et
3432 1251 3524 1321 qui
3554 1250 3638 1305 di-

2057 1347 2211 1400 vinas
2243 1345 2360 1414 ejus
2377 1345 2523 1416 leges
2547 1360 2643 1415 per
2674 1344 2854 1400 omnia
2899 1351 3220 1414 sequuntur,
3267 1342 3638 1399 admirabilem

2051 1435 2279 1505 iustitiae
2303 1437 2444 1491 viam
2480 1436 2733 1491 alacriter
2785 1434 2924 1489 inire
2961 1441 3190 1504 oportet.
3243 1431 3456 1488 Tenera
3502 1433 3642 1489 Sab-

2058 1527 2181 1582 bata
2217 1527 2366 1592 dicit,
2403 1527 2455 1582 in
2485 1528 2681 1598 quibus
2732 1525 2964 1597 propriae
3002 1525 3294 1581 voluntatis
3345 1523 3480 1579 nihil
3533 1533 3637 1580 est.

2059 1618 2200 1673 Dura
2237 1627 2417 1672 autem
2448 1627 2503 1673 et
2543 1617 2826 1688 praefracta
2858 1632 3014 1672 mens
3053 1626 3158 1682 est,
3201 1615 3340 1671 nolle
3380 1615 3484 1671 illis
3518 1631 3642 1686 qua:

2062 1709 2207 1765 Deus
2231 1709 2350 1764 vult
2382 1709 2596 1780 subjici.
2631 1708 2818 1764 Talem
2869 1722 2990 1764 esse
3020 1707 3274 1762 lsraelem
3325 1706 3524 1776 arguit,
3557 1706 3641 1758 dt-

382 1796 636 1851 Σάϐϐατά
679 1814 822 1868 φησι
848 1797 918 1850 τὰ
969 1798 1133 1869 μηδὲν
1173 1798 1365 1868 ἔχοντα
1411 1797 1521 1851 τῶν
1562 1796 1669 1850 ἀπὸ
1712 1794 1960 1865 γνώμης.

2067 1815 2194 1856 cens
2228 1819 2241 1856 :
2292 1818 2312 1852 ι
2350 1800 2477 1857 Scio
2501 1814 2602 1871 ego
2625 1807 2678 1855 te
2705 1799 2898 1854 durum
2939 1813 3081 1864 esse,
3113 1807 3167 1853 et
3215 1812 3413 1853 nervus
3431 1797 3644 1852 ferreus

383 1887 601 1958 Σκληρά
626 1888 680 1941 δὲ
709 1881 898 1960 γνώμη
932 1890 1025 1942 καὶ
1053 1889 1290 1960 ἀπηνὴς,
1322 1890 1382 1943 τὸ
1419 1888 1492 1960 μὴ
1519 1887 1839 1941 ὑποκεῖσθαι
1876 1885 1964 1940 θέ-

382 1975 516 2039 λειν,
549 1971 629 2040 οἷς
667 1977 733 2030 ἂν
765 1977 1018 2046 βούληται
1051 1978 1210 2041 Θεός⁹
1243 1977 1481 2032 τοιοῦτον
1499 1977 1626 2030 ὄντα
1647 1975 1737 2029 τὸν
1751 1974 1967 2046 Ἰσραὴλ

381 2066 624 2137 διήλεγξε
668 2068 880 2137 λέγων,
915 2086 934 2120 ι
972 2069 1227 2122 Γινώσκω
1289 2069 1399 2138 ἐγὼ
1461 2070 1544 2124 ὅτι
1591 2068 1826 2140 σκληρὸς
1891 2062 1961 2134 el,

385 2159 478 2212 καὶ
503 2158 692 2230 νεῦρον
726 2160 979 2231 σιδηροῦν
997 2163 1025 2215 ὁ
1046 2161 1317 2232 τράχηλος
1345 2178 1461 2226 σου,
1494 2161 1590 2215 καὶ
1619 2160 1680 2212 τὸ
1711 2158 1964 2230 μέτωπόν

387 2268 481 2304 σου
511 2252 763 2322 χαλκοῦν.
802 2273 823 2307 ι
862 2253 934 2306 Τὸ
964 2253 1212 2317 εὐπειθὲς
1239 2248 1332 2308 οὖν
1360 2252 1490 2323 ἄρα,
1521 2252 1616 2306 καὶ⁵
1647 2251 1709 2306 τὸ
1733 2252 1966 2322 εὐήνιον,

385 2343 478 2396 καὶ
506 2345 568 2396 τὸ
595 2344 829 2399 είκτικὸν
858 2345 954 2398 τοῦ
984 2345 1208 2416 τρόπου,
1237 2344 1514 2415 τρυφερὰν
1549 2342 1842 2412 ἀποφαίνει
1884 2341 1964 2409 τῷ

385 2434 504 2504 Θεῷ
546 2435 646 2506 τὴν
689 2436 829 2490 κατὰ
873 2437 936 2490 τὸ
971 2437 1253 2491 Σάθδατον
1289 2434 1506 2509 ἀργίαν,
1542 2435 1660 2505 ήτοι
1696 2437 1789 2488 τὸν
1822 2431 1964 2487 κατά

385 2525 602 2595 πνεῦμα
656 2528 1064 2597 σαϐὃατισμὺν,
1116 2527 1176 2581 ὃν
1230 2528 1280 2580 οί
1338 2525 1633 2598 κατορθοῦν
1692 2524 1964 2587 ἐθέλοντες

384 2615 700 2686 ἀμωμήτως
740 2618 840 2670 οὐκ
887 2616 1113 2688 ἀροῦσιν
1169 2617 1256 2669 ἐπ’
1291 2617 1436 2689 ἔργῳ
1474 2615 1568 2670 τὸν
1613 2615 1772 2678 πόδα,
1809 2631 1966 2668 τουτ-

385 2705 554 2769 έστιν,
580 2707 641 2758 οὐ
666 2704 941 2776 βαδίζουσι
970 2707 1310 2778 πρακτικῶς,
1342 2705 1647 2760 ἐπιτελοῦσι
1677 2705 1734 2758 δὲ
1764 2704 1964 2776 μᾶλλον

383 2796 482 2867 τὴν
517 2795 707 2866 εὐαγῆ,
734 2797 826 2850 καί
853 2797 1172 2868 ὀνησιφόρον
1192 2797 1412 2868 ἀργίαν,
1455 2797 1555 2866 τὴν
1571 2795 1663 2849 ἐπί
1683 2813 1772 2864 γε,
1793 2795 1959 2866 φημὶ,

385 2889 496 2949 τοῖς
531 2887 848 2957 αἰσχίστοις,
878 2888 972 2941 καὶ
1008 2887 1303 2957 βδελυροῖς,
1333 2887 1422 2941 καὶ
1449 2887 1859 2958 ἀπηχθημένοις
1884 2883 1962 2954 τῷ

385 2974 504 3046 Θεῷ
536 2977 845 3047 πράγμασι.
908 2976 1166 3030 Βούλεται
1231 2976 1288 3028 δὲ
1326 2977 1454 3040 τούς
1505 2975 1780 3039 τοιούτους
1869 2975 1964 3028 καὶ

385 3068 556 3139 ὀργῆς
654 3069 746 3122 καὶ
836 3067 1010 3138 θυμοῦ
1098 3067 1635 3139 κατευμεγεθοῦντας
1695 3064 1959 3138 ὁρᾶσθαι,

387 3161 480 3213 καὶ
555 3159 724 3232 θύραν
804 3160 1029 3231 ἔχοντας
1095 3161 1188 3213 ἐπὶ
1271 3159 1486 3232 γλώττῃ
1569 3160 1664 3214 καὶ
1749 3158 1966 3229 μοχλόν.

385 3250 462 3304 Οὐ
522 3251 631 3321 γὰρ
672 3249 928 3319 λαλήσεις
974 3249 1151 3339 λόγον,
1202 3251 1387 3318 φησιν,
1470 3249 1530 3301 ὲν
1575 3249 1710 3318 ὀργῇ
1756 3248 1821 3300 ὲκ
1870 3243 1966 3300 τοῦ
1994 3281 2036 3339 c

391 3342 652 3412 στόματός
682 3359 797 3394 σου.
831 3340 935 3393 Δύο
972 3339 1036 3411 δὴ
1066 3335 1160 3394 οὖν
1200 3338 1432 3393 ἐνταῦθα
1473 3340 1786 3409 περιτέμνει
1815 3337 1965 3392 δεινὰ

390 3433 480 3485 καὶ
503 3431 848 3502 παγχάλεπα,
881 3423 956 3483 ὧν
983 3428 1050 3482 ἄν
1075 3445 1159 3491 τις
1176 3428 1548 3497 ἀποφοιτήσας
1577 3426 1780 3489 τέλειος
1812 3425 1964 3479 ἔσται

392 3523 542 3594 παρά
587 3522 722 3594 Θεῷ.
783 3523 928 3591 Ἔφη
957 3521 1066 3590 γάρ
1119 3537 1205 3584 τις
1252 3519 1362 3573 τῶν
1409 3519 1581 3587 ἁγίων
1627 3516 1964 3582 ἀποστόλων,

396 3635 414 3666 ι
453 3615 519 3667 Εἰ
535 3632 618 3678 τις
650 3617 706 3667 ὲν
730 3613 874 3684 λόγῳ
895 3614 955 3666 οὐ
981 3611 1184 3674 πταίει,
1211 3604 1364 3674 οὗτος
1396 3609 1602 3673 τέλειος
1640 3608 1780 3678 ἀνὴρ
1807 3608 1968 3663 δυνά-

395 3723 552 3776 μενος
577 3704 1020 3776 χαλιναγωγῆσαι
1056 3703 1149 3756 καὶ
1170 3703 1289 3756 ὅλον
1314 3701 1372 3755 τὸ
1397 3701 1578 3772 σῶμα.
1609 3718 1628 3752 ι
1671 3700 1730 3754 '0
1748 3698 1804 3752 δὲ
1819 3697 1996 3769 κρείτ-

387 3809 495 3848 των
585 3797 774 3869 ἀργῆς,
811 3795 1028 3859 πάντως
1053 3812 1153 3848 που
1186 3795 1280 3848 καὶ
1301 3793 1612 3864 εὐσχήμων,
1636 3793 1794 3864 εἴπερ
1819 3791 1968 3847 ἐστὶν

393 3889 591 3961 ἀληθὲς
624 3891 717 3943 καὶ
749 3889 811 3942 τὸ
859 3888 1113 3960 ἔμπαλινο
1156 3887 1466 3956 γέγραπται
1506 3885 1615 3957 γὰρ
1647 3885 1730 3939 ὃτι
1765 3905 1781 3937 ι
1804 3885 1970 3958 Ἀνὴρ

324 4020 331 4028 ο
394 3979 645 4053 θυμώδης
674 3980 776 4034 οὐκ
807 3980 1116 4050 εὐσχήμων.
1142 3997 1161 4030 ο
1197 3977 1414 4048 Πράους
1436 3971 1529 4030 οὖν
1557 3977 1664 4046 ἄρα
1692 3975 1787 4030 καὶ⁹
1819 3975 1967 4028 πλεί-

2070 1891 2265 1948 collum
2302 1901 2474 1957 tuum,
2499 1900 2555 1946 et
2585 1890 2737 1946 frons
2765 1899 2854 1945 tua
2881 1903 3030 1945 aenea
3081 1888 3147 1946 ⁸³.
3191 1908 3211 1942 ι
3246 1887 3513 1944 Submissi
3543 1887 3644 1956 igi-

2072 1991 2160 2038 tur
2177 1991 2232 2038 et
2263 1982 2570 2038 tractabiles
2602 1990 2658 2038 et
2705 1995 2967 2052 sequaces
3005 1995 3186 2036 mores
3237 1989 3481 2036 tenerum
3536 1979 3644 2035 Deo

2070 2075 2406 2144 praestantin
2438 2071 2676 2128 Sabbato
2707 2073 2898 2139 otium,
2926 2072 3008 2129 vel
3035 2071 3368 2142 spiritualem
3387 2070 3646 2127 sabbatis-

2070 2179 2254 2219 mum:
2288 2178 2446 2234 quem
2494 2164 2586 2234 qui
2618 2164 2804 2220 volunt
2841 2164 2962 2220 sine
3025 2164 3468 2234 reprehensionis
3518 2173 3642 2219 nota

2072 2254 2271 2320 colere,
2303 2270 2409 2310 non
2436 2254 2688 2311 levabant
2709 2257 2776 2310 ad
2808 2269 2944 2324 opus
2971 2254 3190 2326 pedem,
3231 2256 3284 2311 id
3312 2267 3426 2322 est,
3454 2271 3558 2312 non
3577 2257 3645 2310 ad

2072 2357 2258 2399 rerum
2292 2353 2471 2401 actum
2498 2352 2751 2414 pergunt,
2779 2346 2872 2400 sed
2903 2346 3083 2414 potius
3125 2354 3372 2401 sanctum
3419 2354 3473 2400 et
3517 2346 3647 2401 utile

2064 2434 2342 2490 celebrant
2365 2437 2559 2502 otium,
2585 2451 2614 2490 a
2642 2436 2988 2506 turpissimis,
3013 2436 3253 2506 inquam,
3278 2445 3329 2493 et
3370 2438 3646 2492 detestan-

2065 2524 2150 2579 dis
2185 2539 2251 2580 ac
2275 2526 2385 2581 Deo
2419 2526 2612 2582 invisis
2644 2526 2896 2595 negotiis.
2923 2525 3028 2582 Eos
3049 2527 3163 2581 vult
3204 2527 3371 2583 etiam
3409 2528 3545 2582 iram
3583 2541 3647 2582 ac

2065 2613 2300 2670 furorem
2329 2615 2627 2680 vincere,et
2648 2614 2796 2682 fores
2821 2631 2884 2671 ac
2910 2616 3226 2687 repagulum
3255 2616 3449 2688 lingua:
3483 2632 3651 2688 appo-

2067 2717 2214 2759 nere.
2235 2704 2537 2774 827‘Non
2561 2706 2704 2761 enim
2743 2705 2983 2776 loqueris
3007 2708 3256 2773 verbum,
3273 2707 3470 2777 inquit,
3490 2707 3543 2761 in
3568 2707 3646 2761 ira

2069 2795 2137 2850 de
2163 2810 2260 2851 ore
2287 2806 2397 2851 tuo.
2437 2798 2551 2851 Duo
2582 2797 2746 2866 igitur
2770 2797 2898 2851 hinc
2921 2796 3459 2870 circumciditgravia
3485 2807 3539 2853 et
3568 2799 3650 2852 in-

2073 2882 2364 2938 festissima
2393 2902 2406 2938 :
2440 2899 2471 2938 a
2501 2885 2699 2956 quibus
2721 2884 2769 2940 si
2803 2885 2925 2953 qui‘s
2958 2886 3264 2952 recesserit,
3297 2889 3436 2957 apud
3480 2887 3646 2943 Deum

2069 2971 2339 3042 perfectus
2368 2974 2488 3028 erit.
2524 2974 2669 3030 Dixit
2706 2975 2851 3030 enim
2890 2974 3110 3044 quidam
3139 2989 3170 3030 e
3197 2977 3402 3032 sanctis
3431 2989 3648 3047 aposto-

2069 3061 2138 3119 lis
2162 3079 2176 3117 :
2220 3083 2238 3117 ι
2264 3062 2318 3119 Si
2343 3065 2464 3134 quis
2486 3065 2538 3119 in
2563 3079 2814 3121 sermone
2845 3080 2949 3121 non
2966 3063 3213 3130 offendit,
3259 3067 3349 3123 hic
3376 3067 3649 3137 perlectus

2073 3155 2158 3208 vir
2181 3162 2282 3221 est,
2305 3155 2397 3224 qui
2442 3155 2613 3224 possit
2642 3155 2804 3210 etiam
2845 3164 3013 3212 totum
3046 3170 3244 3226 corpus
3276 3157 3490 3214 frenare
3511 3158 3578 3212 “.
3623 3178 3642 3211 ι

2074 3245 2176 3314 Qui
2204 3255 2384 3302 autem
2415 3247 2549 3310 iram
2576 3257 2814 3316 coercet,
2840 3262 3057 3316 semper
3109 3248 3421 3304 moderatus
3467 3259 3550 3305 est
3594 3257 3650 3306 et

2071 3338 2424 3407 compositus,
2466 3335 2741 3409 siquidem
2764 3337 3104 3395 contrarium
3133 3353 3322 3395 verum
3358 3348 3443 3396 est
3471 3354 3487 3393 :
3517 3341 3652 3396 scri-

2067 3440 2217 3500 ptum
2247 3437 2329 3486 est
2371 3431 2514 3484 ertim
2541 3447 2556 3482 :
2588 3447 2606 3481 ι
2633 3428 3042 3486 Viriracuudus
3074 3432 3460 3488 immoderatus
3493 3441 3576 3488 est
3593 3442 3650 3488 et

2066 3518 2453 3588 incompositus
2479 3518 2547 3571 ⁸⁷.
2571 3535 2592 3569 ›
2620 3518 2728 3573 Eos
2770 3519 2937 3588 igitur
2957 3519 3048 3590 qui
3078 3521 3418 3577 sabbatizant
3447 3523 3646 3579 intelli-

2067 3607 2324 3678 gibilitcr,
2354 3615 2539 3662 sancte
2569 3616 2624 3661 et
2651 3607 2883 3664 delicate
2913 3622 3007 3664 seu
3033 3617 3239 3677 tenere,
3295 3611 3456 3666 mites
3530 3626 3652 3668 esse
3699 3661 3704 3668 .

2069 3705 2184 3762 vult
2210 3703 2372 3769 Deus,
2403 3712 2457 3760 et
2491 3704 2740 3774 plurimis
2782 3704 3075 3761 virtutibus
3096 3704 3351 3776 praeditos
3382 3721 3396 3760 :
3424 3710 3478 3760 et
3517 3720 3644 3760 con-

2071 3794 2238 3852 lidere
2258 3795 2414 3865 jubet
2433 3811 2540 3852 non
2563 3796 2788 3864 divitiis,
2807 3808 2900 3852 aut
2921 3799 3106 3854 mundi
3133 3799 3393 3869 potentia,
3425 3813 3533 3854 non
3561 3813 3648 3852 ro-

2070 3885 2202 3944 bore
2239 3888 2504 3956 corporis,
2539 3887 2622 3942 vel
2659 3888 2818 3944 rebus
2847 3888 3132 3959 ejusmodi,
3157 3905 3276 3961 qua:
3301 3890 3484 3948 herbis
3533 3891 3648 3961 agri

2071 3979 2279 4034 similes
2307 3990 2453 4045 sunt,
2493 3987 2550 4036 et
2574 3982 2914 4051 temporariae
2972 3996 3038 4036 ac
3085 3983 3372 4051 marcidaa;
3405 3985 3501 4040 sed
3547 3985 3649 4040 Do-

395 4089 530 4143 στην
564 4073 696 4142 ὅσην
725 4069 948 4140 ἔχοντας
975 4069 1073 4141 τὴν
1102 4069 1304 4140 ἀρετὴν
1335 4063 1476 4121 εἶναι
1514 4066 1760 4136 βούλεται
1789 4067 1818 4119 ὁ
1843 4065 1965 4130 Θεὸς

2073 4069 2221 4124 mino
2259 4071 2550 4143 inuiti,qui
2569 4073 2746 4128 omnis
2770 4073 3176 4144 tranquillitatis
3205 4074 3432 4146 largitor
3459 4085 3542 4131 est
3584 4092 3649 4132 ac

393 4167 516 4230 τοὺς
563 4163 988 4227 σαϐϐατίζοντας
1031 4161 1256 4231 νοητῶς,
1285 4159 1380 4214 καὶ
1425 4158 1616 4228 ἁγίως,
1649 4160 1743 4212 καί
1770 4174 1965 4229 τρυφε-

2075 4161 2431 4232 dispensator.
2473 4165 2628 4232 Quod
2675 4175 2858 4222 autem
2905 4179 3002 4222 eos
3031 4167 3122 4238 qui
3151 4167 3224 4222 ita
3271 4169 3438 4221 vitam
3489 4165 3647 4222 insti-

396 4258 525 4329 ρῶς,
556 4258 650 4312 καὶ
678 4255 998 4311 πεποιθέναι
1028 4252 1258 4315 κελεύει,
1291 4251 1391 4304 οὐκ
1409 4252 1505 4304 ἐπὶ
1534 4249 1748 4320 πλούτῳ
1777 4248 1965 4318 μᾶλλοι

2079 4259 2230 4308 tuere
2257 4253 2460 4320 solent,
2487 4256 2796 4326 quicunque
2827 4257 3040 4312 tandem
3061 4257 3190 4323 sint,
3217 4265 3651 4322 coronet,osteu-

395 4350 429 4419 ἢ
475 4347 813 4412 δυναστείαις
850 4348 1164 4418 κοσμικαῖς,
1204 4344 1305 4398 οὐκ
1352 4345 1446 4397 ἐπὶ
1487 4341 1649 4415 ῥώμῃ
1686 4341 1965 4412 σωμάτων1

2076 4341 2177 4408 dit,
2201 4343 2429 4400 dicens:
2463 4363 2484 4398 ι
2521 4345 2727 4402 Evehet
2755 4358 2808 4404 te
2844 4350 2912 4404 ad
2941 4349 3081 4404 bona
3109 4357 3284 4415 teme,
3337 4358 3392 4405 et
3450 4348 3652 4404 cibabit

396 4440 498 4493 οὐκ
524 4441 609 4507 ἐφ’
639 4441 809 4511 ἑτέρῳ
828 4442 937 4495 τινὶ
964 4437 1073 4494 τῶν
1102 4437 1380 4504 τοιούτων,
1411 4436 1448 4491 ἃ
1473 4435 1630 4498 πόαις
1653 4437 1711 4489 ὲν
1738 4434 1836 4504 ίσῳ
1860 4435 1965 4498 ταῖς

2079 4444 2131 4491 te
2155 4436 2470 4494 inmeditate
2490 4437 2658 4496 Jacob
2675 4441 2843 4510 patris
2874 4441 2972 4496 tui.
3004 4458 3024 4492 ι
3053 4440 3312 4496 Promisit
3357 4443 3499 4496 enim
3551 4440 3649 4496 Ju-

401 4532 459 4584 ὲν
492 4531 679 4603 ἀγροῖς
725 4532 1036 4604 πρόσκαιρά
1078 4531 1139 4587 τέ
1183 4533 1299 4586 ἐστι
1344 4530 1438 4584 καὶ⁹
1496 4528 1834 4598 εὐμάραντα,
1884 4527 1965 4578 ἐπί

2081 4527 2319 4582 damum
2364 4530 2608 4598 patribus
2649 4531 3023 4587 universorum
3067 4532 3209 4588 Deus
3263 4541 3463 4589 terram
3521 4549 3649 4604 pro-

402 4620 606 4691 Κύριον
627 4620 684 4673 δὲ
710 4620 908 4691 μᾶλλον
945 4622 1037 4674 τὸν
1070 4621 1286 4691 ἀπάσης
1323 4619 1584 4691 εὐθυμίας
1613 4616 1706 4672 καὶ
1745 4616 1965 4689 χορηγοὶ

2086 4615 2376 4684 missionis,
2404 4628 2459 4673 et
2485 4619 2538 4675 in
2558 4634 2676 4676 eam
2703 4622 2992 4680 introducti
3008 4633 3154 4691 sunt,
3197 4624 3333 4681 duce
3353 4624 3651 4700 Jesu,Moy-

402 4713 495 4766 καὶ
540 4711 821 4782 πρύτανιν.
891 4711 974 4765 Τά
1042 4710 1147 4764 τῶν
1189 4712 1330 4765 οὕτω
1388 4711 1490 4783 ζῇν
1548 4710 1836 4774 εἰωθότων,
1894 4709 1965 4762 ὅτι

2083 4709 2160 4766 sis
2196 4725 2476 4766 sacrorum
2516 4713 2781 4770 antistitis
2823 4721 3157 4773 successore.
3215 4715 3336 4773 Jam
3378 4734 3508 4774 vero
3557 4723 3652 4789 qui

399 4798 501 4857 οἷοί
546 4821 692 4867 τινες
747 4799 880 4866 εἷεν,
928 4803 1250 4873 ἀνθρώπους
1296 4807 1589 4872 στεφανοῖ,
1641 4802 1965 4858 διαδείκνυσι

2083 4800 2164 4866 lit,
2191 4802 2332 4871 quod
2354 4801 2501 4858 hisce
2526 4803 2767 4860 versibus
2788 4807 3067 4876 promittat
3113 4823 3174 4864 se
3223 4809 3328 4865 illis
3377 4811 3649 4876 daturum,

401 4895 594 4962 λέγων,
631 4896 716 4948 ὃτι
759 4914 779 4946 ι
837 4895 1180 4947 ’Λνασιϐάσει
1209 4909 1268 4946 σε
1298 4893 1392 4946 ἐπὶ
1415 4893 1484 4948 τὰ
1512 4893 1695 4961 ἀγαθὰ
1727 4893 1825 4964 τῆς
1851 4893 1975 4964 γῆς,

404 4987 497 5039 καὶ
527 4986 731 5056 ψωμιεῖ
759 5004 818 5041 σε
854 4988 947 5040 ἐπὶ
979 4986 1075 5057 τὴν
1103 4985 1464 5058 κληρονομίαν
1511 4984 1702 5039 Ἰακὼϐ
1741 4985 1836 5040 τοῦ
1871 5003 1977 5039 πα-

402 5078 527 5149 τρός
555 5095 667 5132 σου.
691 5099 711 5132 ι
755 5078 1144 5149 Ἐπηγγείλατο
1172 5077 1269 5146 μὲν
1303 5076 1412 5149 γὰρ
1435 5079 1546 5140 τοῖς
1565 5075 1673 5130 τῶν
1710 5076 1974 5132 Ἰουδαίων

405 5168 671 5236 πατράσιν
700 5169 729 5221 ὁ
757 5167 863 5223 τῶν
897 5168 1032 5222 ὅλων
1056 5167 1187 5223 Θεὸς
1216 5165 1314 5237 τὴν
1352 5166 1456 5235 γῆν
1492 5166 1588 5236 τῆς
1623 5165 1972 5234 ἐπαγγελίας,

405 5259 498 5309 καὶ
519 5257 582 5329 δὴ
635 5259 730 5311 καὶ
753 5257 1207 5329 είσεκομίσθησαν
1236 5258 1315 5319 εἰς
1343 5257 1514 5326 αὐτὴν
1543 5255 1975 5326 στρατηγοῦντος

418 5349 591 5418 Ἰησοῦ
629 5350 768 5419 μετὰ
813 5349 904 5403 τὸν
955 5349 1276 5421 ἱεροφάντην
1317 5347 1547 5402 Μωσέα.
1573 5341 1712 5402 Εἶτα
1734 5347 1850 5412 πῶς
1890 5348 1980 5402 διὰ

406 5439 513 5491 τῶν
569 5439 949 5510 προκειμένων
999 5440 1230 5512 στίχων,
1275 5439 1350 5504 ὼς
1400 5439 1552 5494 οὔπω
1603 5439 1829 5494 λαϐοῦσι
1887 5440 1980 5494 τὸν

408 5529 605 5601 κλῆρον
650 5530 743 5584 τὸν
791 5531 1195 5601 ὲπαγγελθέντα
1255 5531 1334 5603 τῷ
1388 5532 1703 5607 πατριάρχῃ
1762 5532 1976 5599 Ἰακὼϐ,

481 5710 527 5744 ⁸⁸
565 5711 719 5769 Rom.
757 5728 854 5782 vti,
886 5713 973 5768 25.

1053 5712 1095 5744 “⁸
1124 5712 1225 5771 lsa.
1265 5730 1451 5783 XLVIII,
1484 5717 1538 5771 4.
1615 5717 1658 5748 θ’
1695 5715 1808 5774 Jac.
1851 5733 1930 5776 nt.
1961 5720 2013 5774 2.

2067 4891 2306 4960 perinde
2323 4895 2480 4960 quasi
2511 4903 2712 4949 sortem
2750 4896 3072 4964 promissam
3095 4895 3296 4953 Jacobo
3327 4899 3654 4968 patriarcha:

2085 4979 2322 5034 nondum
2374 4975 2749 5052 accepissent?
2794 4983 3028 5041 Proinde
3081 4999 3186 5041 non
3237 4987 3304 5041 de
3342 4987 3655 5040 haereditate

2083 5073 2330 5128 sensibus
2356 5083 2624 5144 percepta,
2655 5075 2738 5131 vel
2775 5079 2968 5132 sortito
2991 5075 3096 5132 illis
3132 5092 3161 5131 a
3199 5076 3306 5134 Deo
3347 5077 3470 5132 data
3515 5085 3654 5132 tem-

2082 5164 2303 5231 poribus
2331 5165 2496 5220 divini
2522 5164 2728 5232 Jacobi,
2754 5167 2838 5221 vel
2865 5166 3158 5222 Abrahami
3189 5176 3243 5223 et
3265 5168 3431 5224 lsaaci
3452 5169 3653 5224 intelli-

2082 5271 2198 5325 ges,
2224 5257 2318 5312 sed
2349 5258 2416 5313 de
2447 5257 2534 5312 illa
2570 5260 2771 5329 potius,
2811 5273 2972 5328 quam
3029 5260 3146 5329 ipse
3191 5261 3346 5316 nobis
3395 5243 3654 5317 Servator

2082 5347 2350 5420 designat,
2379 5350 2565 5408 dicens
2599 5367 2611 5404 :
2657 5369 2678 5404 ι
2713 5351 2864 5407 Beati
2890 5353 3200 5421 mites,quia
3230 5355 3329 5424 ipsi
3365 5355 3654 5411 haeredita-

2081 5440 2212 5494 bunt
2243 5451 2440 5497 terram
2465 5444 2530 5496 ⁸⁸.
2566 5463 2584 5496 ι
2615 5444 2846 5500 Omnino
2887 5455 3068 5499 autem
3100 5445 3212 5500 haec
3235 5446 3302 5502 ad
3349 5447 3507 5502 linem
3558 5464 3652 5500 ex-

2082 5532 2246 5600 itura,
2268 5548 2386 5601 qua:
2425 5536 2685 5604 promissa
2711 5545 2857 5602 sunt,
2890 5537 3100 5607 probat,
3143 5553 3267 5595 cum
3331 5539 3502 5610 inquit
3531 5553 3541 5591 :
3578 5537 3652 5593 Os

2093 5716 2136 5746 ⁸⁷
2175 5717 2333 5772 Prov.
2365 5732 2515 5781 xxix,
2543 5717 2632 5772 ‘22.
2714 5717 2756 5748 "
2788 5717 2972 5775 Matth.
3019 5735 3070 5786 v,
3105 5722 3154 5776 4.
3221 5697 3226 5700 Ι
