4096 6212
501 196 641 252 1503
761 258 764 260 ν
1483 207 1539 262 8.
1583 209 1855 264 ΟΥΙΈΙΙΑῌ
1895 211 2118 266 ΑιΕΧΑ

2132 212 2364 270 NDRINI
2405 172 2724 273 ARCiliEl’.
3612 229 3748 286 15οί

493 309 634 357 enim
671 306 882 361 Dornini
914 309 1150 365 locutum
1173 321 1254 367 est
1287 316 1418 370 haec.
1448 315 1591 372 Fieri
1639 335 1872 390 namque
1924 325 2064 378 haud
2097 362 2110 408 γ

2135 325 2361 405 γδὼσειν
2406 329 2588 394 αὐτοῖς
2628 333 3021 400 ἐπαγγέλλεται
3054 352 3068 401 ;
3101 335 3310 390 Οὐκοῦν
3356 339 3418 392 οὐ
3476 340 3604 411 περὶ
3653 343 3752 412 τῆς

493 409 688 465 potest,
729 413 785 455 ut
813 403 978 458 divini
1016 421 1292 464 sermones
1317 411 1565 468 excidant
1599 433 1610 475 ;
1647 414 1786 472 Deus
1807 419 1948 473 enim
1981 429 2063 475 est
2097 403 2110 408 ⁷

2169 419 2452 492 αἰσθητῆς,
2475 423 2593 496 ἦτοι
2616 423 2716 496 τῆς
2736 426 3298 501 κατακληροδοθείσης
3321 432 3504 496 αὐτοῖς
3527 403 3755 504 Euax:

492 489 713 546 veritas.
2167 489 2327 584 γελία-
2442 489 2519 582 τῶ
2550 489 2685 586 Θεῷ⁷
2709 517 2848 589 πρὸς
2879 489 3294 576 τὸν-’θεσπέσιον
3337 489 3561 591 umis:
3584 489 3758 596 ἤγουν
3801 517 3803 523 ’

491 579 582 632 ἐπὶ
623 581 871 654 Ἀϐραὰμ
894 601 952 638 τε
981 585 1074 639 καὶ
1107 587 1312 653 Ἰσαὰκ,
1341 591 1467 661 περὶ
1496 593 1708 665 ἐκείνης
1740 595 1796 649 δὲ
1822 597 2043 667 μᾶλλον,
2083 599 2149 670 ἣν
2169 579 2336 666 αὐτὸς
2358 579 2500 675 μῖν
2521 605 2548 656 ὁ
2575 579 2768 676 Σωτὴρ
2793 579 3162 679 κατεσήμαινε
3189 610 3388 680 λέγων⁶
3425 631 3443 664 ι
3474 579 3756 685 Μακέριοι

489 674 539 725 οἱ
568 677 778 745 πραεῖς,
806 677 887 729 ὅτι
929 678 1083 732 αὐτοὶ
1115 680 1578 754 κληρονομήσουσι
1617 687 1717 760 τὴν
1758 693 1883 762 γῆν.
1944 711 1962 743 ι
2025 692 2146 746 Ὅτι
2187 695 2243 749 δὲ
2309 674 2483 769 πάντη
2539 717 2597 752 τε
2655 674 2750 754 καί
2812 674 3030 769 πάντως
3091 708 3171 770 είς
3216 674 3391 779 πέρας
3422 674 3753 781 ἐκϐήσονται

487 766 556 818 τὰ
599 768 1003 840 ἐπηγγελμένα,
1059 775 1344 829 πιστοῦται
1391 778 1594 847 λέγων·
1651 785 1724 836 Τὸ
1769 785 1878 860 γὰρ
1929 786 2102 857 στόμα
2171 790 2376 863 Κυρίου
2429 766 2657 865 ἐλάλησε
2706 795 2910 852 ταῦτα·
2963 766 3246 871 ἀμήχανον
3288 766 3752 869 δὲντοὺςιθείους

485 861 758 914 διαπεσεῖν
792 861 982 932 λόγους
1001 882 1014 895 ·
1043 865 1176 931 Θεὸς
1212 871 1321 942 γάρ
1351 873 1497 926 ἐστιν
1528 875 1772 946 ἀλήθεια.

558 976 686 1030 (lae.
721 975 851 1032 LIX.
887 977 1046 1035 Vens.
1076 983 1188 1036 1-4.
1252 984 1439 1041 Nonne
1480 1001 1645 1054 potest
1699 1008 1886 1047 manus
1939 1011 2057 1049 utea

2243 996 2341 1064 Μὴ
2403 999 2516 1052 οὐκ
2575 999 2771 1067 ἰσχύει
2821 999 2860 1066 ἡ
2913 999 3042 1069 χείρ
3095 1017 3211 1064 μου
3261 1001 3370 1056 τοῦ
3425 1000 3665 1066 σῶσαι;
3708 1005 3744 1072 ἦ

485 1071 732 1123 servare?
787 1088 910 1124 num
945 1085 1230 1146 aggravata
1269 1089 1343 1132 est
1381 1083 1530 1135 auris
1554 1083 1686 1151 ejus,
1750 1102 1850 1154 quo
1888 1091 2057 1142 minus

2162 1087 2414 1157 ἐϐάρυνε
2459 1088 2526 1142 τὸ
2577 1085 2687 1155 οὖς
2734 1091 2921 1144 αὐτοῦ
2959 1090 3063 1144 τοῦ
3094 1092 3182 1160 μὴ
3229 1092 3524 1153 dicabant;
3564 1071 3744 1148 Ἀλλὰ

485 1161 714 1215 audiat?
747 1161 849 1216 Sed
872 1178 1083 1232 peccata
1126 1179 1294 1224 vestra
1348 1172 1623 1229 dissidium
1663 1175 1860 1245 faciunt
1921 1180 2056 1235 inter

2165 1176 2235 1228 τὰ
2268 1176 2654 1246 ἁμαρτήματα
2683 1175 2850 1246 ὑμῶν
2876 1177 3186 1233 διιστῶσιν
3223 1179 3536 1247 ἁναμέσον
3572 1181 3741 1251 ὑμῶν

487 1267 571 1304 ros
598 1262 645 1304 et
673 1252 862 1308 Deum.
895 1254 1118 1326 Propter
1136 1272 1348 1330 peccata
1396 1274 1564 1320 vestra
1588 1269 1768 1322 avertit
1805 1268 1993 1337 faciem
2027 1287 2059 1324 a

2157 1267 2252 1320 καὶ
2285 1269 2392 1321 τοῦ
2418 1269 2587 1335 Θεοῦ,
2610 1268 2708 1323 διὰ
2733 1268 2840 1336 τὰς
2869 1270 3156 1339 ἁμαρτίας
3193 1270 3362 1340 ὑμῶν
3391 1269 3738 1341 ἀπέστρεψε

486 1343 649 1408 vobis,
682 1363 744 1398 ne
768 1349 1096 1403 misereatur.
1132 1351 1329 1407 Manus
1377 1357 1514 1409 enim
1563 1367 1745 1413 vestra:
1770 1360 2059 1430 inquinata:

2156 1359 2222 1411 τὸ
2259 1360 2585 1427 πρόσωπον
2617 1361 2804 1415 αὑτοῦ
2844 1361 2943 1430 ἀφ’
2973 1359 3161 1432 ὑμῶν,
3180 1363 3285 1416 τοῦ
3318 1361 3407 1432 μὴ
3456 1362 3732 1432 ἐλεῆσαι.

484 1446 604 1489 sunt
631 1441 907 1508 sanguine,
939 1453 989 1496 et
1016 1445 1166 1514 digiti
1191 1449 1345 1501 vestri
1367 1450 1420 1501 in
1449 1452 1693 1517 peccatis.
1747 1451 1911 1508 Labia
1941 1471 2057 1509 vero

2155 1457 2226 1512 Ai
2257 1453 2366 1524 γὰρ
2396 1451 2590 1521 χεῖρες
2619 1451 2787 1522 ὑμῶν
2817 1453 3264 1523 μεμολυσμέναι
3291 1456 3515 1524 αἵματι,
3543 1458 3644 1511 καί
3685 1463 3737 1514 oi

484 1539 654 1584 vestra
685 1531 862 1585 locuta
907 1545 1026 1588 sunt
1051 1537 1399 1608 iniquitatem,
1419 1552 1465 1595 et
1485 1541 1662 1612 lingua
1680 1544 1848 1614 828
1889 1556 2058 1599 vestra

2155 1544 2443 1598 δάκτυλοι
2473 1542 2639 1612 ὑμῶν
2675 1543 2746 1597 ἐν
2775 1544 3102 1614 ἁμαρτίαις.
3136 1545 3214 1598 Τὰ
3251 1543 3319 1596 δὲ
3353 1545 3528 1614 χείλη
3571 1545 3739 1614 ὑμῶν

481 1624 766 1677 meditatur
799 1627 1134 1696 injustitiam.
1184 1631 1352 1688 Nemo
1388 1633 1617 1705 loquitur
1670 1639 1842 1705 justa,
1870 1656 2051 1708 neque
2083 1637 2098 1690 Ι

2121 1671 2122 1681 ι
2151 1637 2460 1705 ἐλάλησεν
2491 1636 2768 1706 ἀνομίαν,
2798 1636 2900 1690 καὶ
2928 1638 2967 1705 ἠ
3014 1636 3266 1706 γλῶσσα
3298 1637 3468 1706 ὑμῶν
3494 1639 3738 1694 ἀδικίαν

482 1724 556 1767 est
599 1716 1080 1785 judiciumyerum.
1107 1719 1306 1780 Fidunt
1343 1727 1399 1778 in
1455 1729 1626 1791 vanis,
1681 1739 1728 1783 et
1766 1729 2052 1798 loquuntur

2150 1727 2407 1797 μελετᾷ·
2437 1725 2636 1790 οὐδεὶς
2678 1725 2860 1778 λαλεῖ
2885 1723 3116 1788 δίκαια,
3162 1724 3306 1780 οὐδὲ
3349 1726 3482 1781 ἐστι
3535 1729 3736 1796 κρίσις

479 1809 685 1862 ίηαηὶα·
784 1860 795 1870 .
2153 1817 2432 1886 ἀληθινή.
2463 1816 2831 1872 Πεποίθασιν
2867 1816 2965 1870 ἐπὶ
3001 1817 3302 1886 tiaratoth
3331 1819 3429 1872 καὶ
3469 1817 3733 1874 λαλοῦσι

2154 1907 2320 1963 κενά.

549 2007 714 2063 Paulo
738 2019 861 2068 ante
898 2012 988 2070 Dei
1020 2030 1249 2085 persona
1284 2019 1582 2077 introducta
1614 2033 1718 2090 est,
1740 2024 1927 2082 dicens
1968 2027 2052 2082 di-

2235 2023 2322 2077 ’Ev
2350 2024 2461 2085 τοῖς
2491 2021 2682 2077 ἁνόπιν
2716 2020 2889 2091 βραχὺ
2920 2020 2982 2073 τὸ
3013 2019 3106 2073 τοῦ
3137 2019 3271 2072 Θεοῦ
3303 2019 3592 2090 πρόσωπον
3616 2023 3727 2074 είσ-

477 2097 604 2154 vino
627 2101 902 2169 propheta:
928 2122 944 2160 :
974 2123 992 2157 ι
1027 2106 1210 2162 Clama
1240 2125 1339 2179 pro
1360 2112 1590 2179 viribus,
1620 2130 1689 2170 ne
1710 2131 1924 2185 parcas,
1968 2117 2050 2172 in-

2152 2114 2450 2187 εκομίσθη,-
2465 2112 2621 2181 λέγον
2653 2111 2728 2183 τῷ
2754 2110 3023 2181 θεσπεσίῳ
3050 2113 3326 2182 προφήτῃ·
3357 2127 3374 2160 ι
3397 2108 3724 2179 ’Δναόὁησον

477 2197 593 2241 star
656 2191 796 2246 tubae
841 2193 1038 2250 extolle
1066 2212 1250 2252 vocem
1277 2209 1446 2268 tuam,
1485 2211 1540 2257 et
1565 2205 1823 2260 annuntia
1855 2207 2050 2276 populo

2151 2212 2209 2262 ἐν
2249 2207 2415 2278 ίσχύῖ,
2445 2207 2540 2260 καὶ
2591 2205 2666 2277 μὴ
2719 2204 2914 2275 φείσῃ,
2957 2202 3033 2266 ὡς
3064 2202 3341 2271 σάλπιγγα
3389 2201 3603 2271 ὖψωσον
3629 2200 3724 2270 τήν

479 2296 599 2337 meo
641 2282 956 2353 iniquitates
993 2304 1141 2356 suas,
1173 2301 1229 2346 et
1257 2293 1440 2348 domui
1467 2293 1635 2352 Jacob
1665 2309 1886 2367 peccata
1926 2315 2045 2356 sua.

2151 2302 2333 2370 φωνήν
2371 2315 2485 2361 σου,
2513 2298 2606 2350 καὶ
2645 2296 2966 2364 ἁνάγγειλον
2997 2292 3072 2364 τῷ
3099 2293 3212 2364 λαῷ
3243 2312 3345 2362 μου
3372 2293 3472 2356 τὰς
3501 2291 3722 2361 ἀνομίας

478 2371 562 2426 Me
587 2373 654 2428 de
682 2374 769 2430 die
804 2376 856 2431 in
887 2379 1028 2434 diem
1060 2396 1331 2451 quaerunt,
1357 2396 1412 2442 et
1431 2389 1572 2443 scire
1597 2391 1710 2445 vias
1734 2405 1881 2447 meas
1909 2392 2050 2446 desi-

2150 2391 2352 2458 αὑτῶν,
2390 2390 2486 2444 καὶ
2531 2388 2606 2460 τῷ
2642 2389 2776 2458 οἴκῳ
2811 2385 3027 2458 Ἰσραὴλ
3071 2385 3169 2448 τὰς
3209 2384 3484 2455 ἁμαρτίας
3526 2380 3713 2436 αὐτῶν.

477 2466 688 2530 derant,
713 2469 863 2535 quasi
891 2472 1117 2540 populus
1141 2473 1408 2542 justitiam
1453 2478 1679 2548 faciens,
1710 2482 2045 2552 etjudicium

2161 2483 2292 2554 Ἐμὲ
2323 2482 2536 2553 ἡμέραν
2569 2479 2628 2546 ἐξ
2671 2478 2889 2550 ἡμέρας
2935 2475 3187 2550 ζητοῦσι,
3235 2476 3325 2529 καὶ
3373 2473 3568 2543 γνῶναί
3615 2489 3714 2541 μου

476 2557 570 2611 Dei
596 2558 805 2624 suinon
837 2560 1238 2632 derelinquens.
1302 2567 1736 2643 Postulantame
1782 2590 1922 2629 nunc
1960 2577 2049 2643 ju-

2147 2577 2245 2640 τὰς
2273 2575 2424 2639 ὀδοὺς
2454 2572 2832 2644 ἐπιθυμοῦσιν,
2859 2570 2936 2634 ὡς
2966 2569 3094 2632 λαὸς
3121 2565 3453 2634 δικαιοσύνην
3488 2579 3715 2632 remm-

476 2648 916 2718 tliciumjustum,
949 2662 1004 2708 et
1060 2657 1491 2726 appropinquare
1541 2661 1649 2717 Deo
1705 2663 2041 2726 desiderant,

2149 2667 2280 2731 κὼς,
2312 2667 2407 2720 καὶ
2437 2667 2616 2738 κρίσιν
2648 2661 2784 2717 Θεοῦ
2814 2661 2980 2716 αὐτοῦ
3017 2661 3090 2733 μὴ
3113 2656 3596 2728 ἐγκαταλελοιπιὶκ.
3622 2654 3719 2708 Ai-

476 2737 718 2794 dicentcs
752 2757 766 2797 :
795 2741 930 2807 Quid
969 2744 1110 2812 quod
1128 2743 1516 2817 jejunavimus,
1571 2763 1626 2805 et
1677 2768 1781 2808 non
1834 2755 2048 2810 vidisti?

2147 2758 2298 2812 τοῦσί
2334 2775 2401 2828 με
2430 2737 2524 2810 νῦν
2557 2756 2736 2828 κρίσιν
2776 2753 3012 2819 δικαίαν,
3044 2754 3137 2806 καὶ
3175 2749 3408 2820 ἐγγίζειν
3439 2747 3562 2818 Θεῷ
3607 2748 3720 2800 ἐπι-

477 2830 882 2890 humiiiavimus
919 2837 1129 2892 animas
1151 2847 1382 2908 nostras,
1408 2851 1463 2895 et
1490 2857 1596 2898 non
1626 2846 1963 2914 cognovisti?
1989 2846 2044 2902 In

2149 2851 2400 2922 θυμοῦσι,
2435 2848 2701 2917 λέγοντες,
2730 2846 2795 2899 Τί
2818 2848 2898 2900 ὄτι
2931 2843 3355 2916 ἐνηστεύσαμεν,
3393 2842 3488 2894 καὶ
3514 2839 3616 2893 οὐκ
3650 2832 3721 2890 εἷ-

475 2923 666 2981 diebus
694 2926 836 2981 enim
859 2926 1184 2996 jejuniorum
1219 2940 1517 2990 vestrorum
1558 2935 1810 2993 invenitis
1857 2940 2046 2995 volun-
2075 2979 2092 3034 ε

2101 2977 2118 3034 Ξ
2148 2945 2268 3010 δες;
2298 2939 2742 3010 ἐταπεινὼσαμεν
2763 2938 2864 3002 τὰς
2887 2936 3066 3008 ψυχὰς
3088 2933 3382 3035 optim-ua}
3401 2933 3503 3035 οὐκ
3524 2930 3718 3035 ἐγνωςς

477 3025 615 3072 tates
640 3030 847 3075 vestras
876 3030 930 3075 et
966 3034 1154 3078 omnes
1187 3024 1459 3092 subjectos
1489 3027 1641 3084 vobis
1663 3029 1895 3100 allligitis
1928 3050 1941 3085 :
1981 3033 2046 3088 ad
2078 3022 2094 3035 ’

2104 3022 2118 3033 ’
2163 3039 2251 3090 Ἐν
2288 3036 2396 3107 γὰρ
2422 3037 2543 3098 ταῖς
2573 3032 2808 3104 ἡμέραις
2843 3029 2952 3083 τῶν
2980 3027 3240 3100 νηστειῶν
3264 3025 3419 3098 ὑμῶν
3443 3022 3721 3094 εὑρίσκετε

470 3103 670 3173 judicia
697 3116 750 3161 et
771 3106 948 3178 iurgia
967 3110 1229 3180 jejunatis
1251 3153 1267 3179 ,
1298 3122 1353 3167 et
1381 3115 1680 3172 verberatis
1719 3123 1913 3190 pugnis
1951 3123 2050 3175 bu-

2149 3127 2217 3180 τὰ
2261 3103 2540 3196 θελήματα
2579 3103 2751 3194 ὑμῶν,
2801 3120 2895 3173 καὶ¹
2944 3117 3154 3180 πάντας
3205 3115 3333 3176 τοὺς
3383 3110 3717 3182 ὑποχειρίους

479 3195 681 3251 tniletn.
715 3197 894 3264 Quare
940 3202 1070 3255 mihi
1117 3202 1416 3272 jejunatis?
1453 3203 1572 3260 Non
1620 3208 1722 3263 hoc
1785 3211 2046 3279 jejunium

2149 3195 2502 3281 ὑπονύσσετε,
2549 3216 2626 3278 είς
2654 3213 2831 3284 κρίσιν
2876 3211 2970 3265 καὶ⁸
3021 3209 3200 3280 μάχας
3257 3203 3614 3276 νηστεύσετε·
3657 3199 3719 3252 οὐ

476 3286 634 3355 elegi,
658 3287 791 3342 dicit
829 3288 1090 3346 Dominus
1121 3295 1186 3347 ⁸³.
1228 3313 1247 3346 ι
1280 3291 1526 3354 Diximus
1550 3309 1750 3370 autem,
1779 3319 1900 3358 cum
1923 3321 2048 3361 sen-

2148 3311 2350 3380 ταύτην
2399 3307 2496 3380 τὴν
2540 3306 2792 3378 νηστείαν
2845 3301 3196 3372 ἐξελεξάμην,
3248 3299 3397 3365 λέγει
3451 3293 3671 3364 Κύριος.
3696 3309 3715 3344 ι

476 3393 595 3431 sum
622 3379 938 3449 prophetia,
969 3393 1024 3436 ut
1050 3385 1344 3455 potuimus,
1375 3389 1715 3462 interpretati
1743 3411 2048 3465 sumus,eos

2198 3379 2461 3470 Ξλὲγομεν
2496 3397 2553 3451 δὲ
2599 3396 2697 3468 τὴν
2735 3395 2837 3466 τῆς
2875 3391 3210 3463 προφητείας
3229 3388 3477 3458 δύναμιν,
3519 3384 3590 3447 ὡς
3615 3381 3718 3446 ἐνι,
3759 3385 3780 3398 ί
3804 3413 3815 3421 ~

480 3469 743 3525 restitisse
775 3471 878 3537 bis,
907 3488 1025 3543 qua:
1051 3477 1435 3546 sapientissimi
1463 3481 1662 3557 Moysis
1690 3489 1897 3558 prodita
1921 3502 2048 3548 sunt

2146 3491 2608 3563 διερμηνεύοντες,
2637 3491 2720 3543 ὅτι
2742 3490 2856 3551 τοῖς
2882 3484 3324 3555 τεθεσπισμένοις
3349 3479 3437 3534 διὰ
3465 3476 3556 3530 τοῦ
3587 3491 3720 3528 παν-

475 3563 733 3630 oracuiis,
759 3575 814 3620 et
841 3567 963 3622 vitae
987 3569 1309 3636 probitatem
1335 3575 1480 3631 nullo
1521 3577 1576 3632 in
1603 3578 1721 3636 loco
1761 3596 1826 3638 ac
1872 3589 2047 3653 pretio

2123 3586 2316 3654 ⁴σόφου
2351 3584 2596 3646 Μωσέως
2640 3581 3117 3649 ἀντανιστάμενοι,
3163 3577 3256 3630 καί
3293 3573 3476 3642 ὀλίγου
3523 3585 3719 3622 παντε-

476 3654 748 3723 imbuisse,
781 3659 873 3713 sed
911 3671 1167 3716 consueta
1201 3663 1494 3734 factitasse,
1527 3685 1592 3725 ac
1627 3671 1738 3727 Deo
1789 3675 2044 3732 infestam

2145 3678 2252 3741 λῶς
2299 3675 2572 3742 ἀξιοῦντες
2616 3674 2776 3743 λόγου
2822 3672 2884 3725 τὸ
2915 3671 3103 3742 διαζῇν
3131 3667 3327 3741 ὀρθῶς,
3363 3665 3530 3734 ἔδρων
3568 3660 3625 3713 δὲ
3655 3658 3722 3711 τὰ

475 3756 528 3802 et
556 3763 775 3817 pravam
805 3752 1014 3811 vivendi
1039 3755 1298 3811 rationem
1327 3769 1542 3816 secutos
1560 3761 1743 3820 fuisse.
1769 3765 1823 3820 Si
1849 3767 2044 3824 bellum

2148 3767 2373 3840 συνήθη,
2411 3767 2674 3837 στυγητὸν
2698 3764 2778 3835 τῷ
2805 3762 2926 3833 Θεῷ
2960 3763 3052 3815 καὶ
3085 3757 3539 3830 φιλαμαρτὴμονα
3574 3750 3721 3804 πολι-

476 3842 1192 3910 quandoquedenuntiatum
1221 3860 1390 3919 esset,
1441 3854 1509 3908 de
1569 3855 1677 3910 cibi
1718 3857 2044 3916 abstinentia

2144 3861 2293 3925 τείας
2332 3859 2533 3931 τρόπον
2571 3856 3007 3926 ἐπιτηδεύοντες,
3052 3847 3171 3905 εἶτα
3216 3848 3452 3918 πολέμου
3489 3857 3721 3914 περιαγ-

477 3931 869 3998 tonsultabant,
909 3938 1008 3992 rati
1039 3953 1098 3994 se
1150 3940 1254 3996 hoc
1279 3945 1425 3999 nudo
1457 3954 1510 3999 et
1544 3946 1660 4003 solo
1714 3948 1918 4018 jejunio
1950 3968 2043 4008 seu

2145 3951 2426 4021 γελθέντος
2472 3948 2583 4003 ἐσθ’
2621 3949 2711 4002 ὅτε
2749 3948 2810 4001 τὸ
2855 3947 3062 4001 ἁσιτεῖν
3111 3941 3438 3996 ἐσκέπτοντο
3479 3936 3570 3990 διὰ
3626 3951 3721 4002 γυ·

476 4023 799 4081 abstinentia
875 4031 1166 4101 propitium
1251 4035 1351 4090 sibi
1427 4037 1663 4108 judicem
1717 4043 2041 4102 reddituros.

2148 4042 2284 4113 μνῆς
2331 4041 2425 4095 καὶ
2471 4040 2638 4110 μόνης
2686 4038 2972 4109 νηστείας,
3019 4036 3184 4106 ἡγουν
3230 4030 3513 4092 ἁσιτείας,
3562 4026 3719 4113 ἵλεων

481 4119 677 4175 Deinde
717 4136 813 4190 spe
853 4123 1124 4193 frustrati,
1155 4127 1640 4207 obmurmurabant
1665 4143 1719 4190 ct
1751 4136 2040 4195 dicebant:

2144 4112 2508 4204 καταστήσειν
2552 4131 2638 4201 ἐφ’
2681 4131 2895 4194 ἐαυτοίς
2930 4127 3168 4199 οἰόμενοι
3195 4123 3287 4178 τὸν
3340 4112 3719 4224 κριτὴνζιῐίϊτα

475 4213 1029 4284 Quidjejunavimus,
1109 4229 1163 4274 et
1200 4205 1319 4277 non
1371 4222 1591 4281 vidisti?
1643 4228 2044 4287 humiliavimus

2142 4223 2489 4294 διεγόγγυζον
2531 4226 2630 4295 τῆς
2675 4221 2890 4286 ἐλπίδος
2937 4217 3352 4292 ἡμαρτηκότες,
3397 4213 3493 4266 καὶ
3521 4210 3585 4280 δὴ
3626 4209 3719 4260 καὶ

474 4306 682 4362 ειιιὶιιιειε
713 4317 948 4375 nostras,
991 4321 1044 4365 et
1066 4326 1172 4366 non
1194 4316 1525 4384 cognovisti?
1552 4315 1686 4373 Vide
1731 4336 1884 4390 ergo,
1919 4323 2040 4378 vide
2071 4337 2091 4392 ι

2104 4344 2116 4389 ,
2145 4316 2399 4386 ἔφασκονο
2431 4314 2500 4368 Τί
2533 4315 2613 4367 ὅτι
2645 4311 3071 4384 ἐνηστεΰσαμεν,
3115 4309 3210 4362 καὶ
3257 4305 3358 4360 οὐκ
3388 4298 3558 4367 εῖδεςς
3597 4301 3721 4392 suo

474 4400 712 4455 divinum
727 4403 1066 4471 prophetam,
1102 4404 1245 4461 velut
1277 4422 1342 4462 ex
1391 4411 1626 4465 maximo
1658 4411 1876 4480 pietatis
1913 4424 2030 4469 stu-
2079 4391 2091 4392 ί

2137 4407 2482 4478 πεινώσαμεν
2507 4405 2606 4468 τὰς
2625 4405 2804 4476 ψυχὰς
2834 4407 2862 4474 ἡ
2872 4402 3008 4474 μῶν,
3033 4401 3129 4455 καὶ
3156 4400 3257 4454 οὑκ
3283 4397 3492 4493 ἐγνως;
3526 4391 3718 4493 Ἀθρει

474 4491 878 4562 dio,increpare
910 4508 1005 4550 eos
1035 4511 1099 4551 ac
1123 4497 1343 4554 dicere:
1395 4499 1584 4556 Nonne
1632 4514 1810 4572 potest
1849 4521 2042 4562 manus

2142 4499 2206 4572 δὴ
2237 4496 2350 4561 οὖν,
2375 4498 2530 4569 ἄθρει
2559 4496 2649 4550 τὸν
2677 4495 2958 4550 θεσπέσιον
2991 4493 3295 4564 προφήτην,
3322 4489 3399 4551 ὼς
3428 4488 3493 4539 ἐκ
3521 4483 3723 4551 πολλῆς

474 4582 684 4637 Domini
719 4587 969 4642 servare?
1023 4603 1149 4642 num
1178 4602 1461 4660 aggravata
1487 4603 1571 4647 est
1602 4595 1746 4650 auris
1771 4595 1909 4666 ejus,
1936 4612 2044 4667 quo

2145 4593 2285 4662 ἄγαν
2307 4592 2580 4662 φιλοθεῖας
2607 4587 2942 4659 ἐπιτιμῶντα
2969 4587 3171 4649 αὐτοῖς,
3211 4583 3306 4638 καὶ
3328 4581 3578 4649 λέγοντα,
3624 4575 3722 4645 Μὴ

474 4675 653 4729 minus
693 4677 907 4730 audiat?
957 4677 1072 4732 Non
1109 4682 1274 4748 enim,
1311 4684 1506 4753 inquit,
1539 4687 1880 4756 omnipotens
1935 4687 2043 4742 Do-

2143 4686 2242 4738 οὐκ
2273 4685 2442 4755 ἰσχύει
2473 4685 2507 4754 ἡ
2550 4683 2671 4753 χεὶρ
2706 4681 2912 4753 Κυρίου
2955 4678 3050 4732 τοῦ
3093 4679 3284 4740 σῶσαι,
3391 4673 3621 4744 ἐϐάρυνε
3642 4668 3723 4778 ⁸τὸ

475 4767 604 4822 ιιιῐηί
630 4766 849 4822 dextera
902 4769 1177 4826 debilitata
1229 4783 1335 4839 est,
1384 4791 1558 4846 neque
1597 4788 1846 4848 gravatas
1881 4794 2042 4836 aures

2143 4773 2237 4840 οὖς
2262 4774 2423 4830 αὑτοῦ
2450 4773 2544 4828 τοῦ
2565 4775 2640 4846 μὴ
2666 4773 2998 4838 ἐπακοῦσαι;
3015 4773 3088 4825 Οὐ
3125 4770 3235 4842 γὰρ
3254 4766 3719 4872 ἡξόνηξτεκφηῗν,

477 4860 637 4914 habet
667 4859 747 4915 vel
766 4876 1004 4929 aversas,
1023 4873 1081 4918 ut
1110 4879 1216 4919 non
1239 4867 1456 4935 audiat;
1494 4871 1587 4924 sed
1611 4881 1830 4939 peccata
1859 4881 2037 4927 vestra

2143 4871 2176 4937 ἡ
2207 4865 2510 4937 πανσθενὴς
2533 4865 2628 4918 τοῦ
2658 4865 2864 4936 Κυρίου
2890 4864 3057 4929 δεξιὰ,
3097 4861 3209 4954 ἀλλ’
3241 4858 3360 4912 οὐδὲ
3483 4852 3576 4954 οὖς
3621 4851 3721 4954 βα·-

475 4952 852 5009 diveiluntvos
888 4955 955 5009 ab
975 4955 1111 5026 ipso.
1143 4956 1197 5012 Si
1225 4958 1348 5027 quis
1374 4959 1554 5028 itaque
1602 4963 1881 5017 dissidium
1948 4978 2039 5019 re-

2150 4957 2338 5029 ρυνθὲν
2376 4956 2489 5026 ἔχει
2537 4957 2630 5010 καὶ
2659 4955 3138 5028 ἀπεστραμμένον,
3163 4953 3306 5005 ὥστε
3344 4951 3418 5022 μὴ
3463 4950 3715 5000 εἰσακοῦ-

475 5051 707 5107 moveat,
738 5053 792 5096 et
845 5043 896 5097 id
947 5045 1096 5099 tollat
1149 5048 1292 5115 quod
1345 5063 1372 5101 a
1427 5048 1518 5104 Dei
1547 5051 1855 5122 cognitione
1879 5055 2036 5122 Quasi

2147 5067 2254 5104 σαι,
2299 5049 2378 5104 Τὰ
2417 5049 2472 5102 δὲ
2509 5051 2883 5121 ἁμαρτήματα
2926 5047 3080 5120 ὑμῶν
3127 5044 3400 5099 διιστῶσιν
3445 5038 3721 5108 ἀναμέσον

477 5152 630 5192 muro
687 5139 1007 5209 interposito
1060 5141 1273 5206 dividit,
1335 5145 1386 5198 id
1443 5155 1546 5210 est,
1585 5155 1898 5216 peccatum;
1934 5163 2038 5206 non

2138 5141 2292 5213 ὑμῶν
2326 5142 2416 5195 καὶ
2468 5142 2652 5196 αὐτοῦ.
2693 5140 2900 5194 Οὐκοῦν
2929 5141 2983 5193 εἴ
3020 5157 3102 5204 τις
3129 5138 3379 5208 ἀφέλοιτο
3403 5135 3504 5206 τὴν
3528 5134 3719 5201 διαφο-

477 5228 660 5296 procul
700 5241 783 5284 est
816 5232 906 5300 qui
968 5245 1169 5299 servat,
1227 5236 1322 5289 sed
1345 5250 1531 5304 preces
1558 5251 1771 5305 semper
1793 5239 2038 5309 accipiet.

2140 5235 2258 5305 ρὰν,
2306 5235 2399 5287 καὶ
2444 5235 2747 5307 ἀποστῆσαι
2790 5234 2849 5288 τὸ
2891 5231 3211 5304 διατειχίζον
3256 5233 3357 5301 τῆς
3401 5229 3537 5300 πρὸς
3585 5225 3717 5279 Θεὸν

478 5318 617 5372 Inest
643 5322 784 5374 enim
815 5322 911 5387 illi,
946 5334 1082 5379 utet
1117 5327 1294 5380 omnia
1323 5329 1510 5396 possit,
1562 5336 1615 5383 et
1672 5338 1732 5382 ut
1782 5331 2040 5386 bonormn

2139 5325 2411 5395 γνώσεως,
2450 5327 2716 5392 τουτέστι,
2775 5325 2876 5397 τὴν
2932 5325 3227 5396 ἁμαρτίαν,
3286 5323 3347 5375 οὐ
3411 5318 3630 5392 μακρὰν
3688 5318 3717 5368 ὁ

475 5421 658 5463 altiore
706 5413 1518 5484 precationeslaborantium.et
1579 5417 1896 5476 alliictorum
1950 5424 2044 5478 ad-

2144 5418 2331 5494 σώζων
2367 5421 2531 5487 ἐστὶν,
2562 5419 2697 5474 ἀλλὰ
2745 5418 2950 5486 δέξεται
2998 5419 3214 5482 πάντως
3263 5414 3364 5478 τὰς
3417 5409 3713 5482 ἱκετηρίας·

551 5601 592 5632 σοι
3720 5650 3752 5670 α

623 5627 724 5683 lsn.
757 5644 909 5696 Lvttt,
952 5632 970 5684 I
1006 5650 1156 5703 seqq.
3650 5667 3664 5683 ν
