4096 6212
360 303 492 362 1305

1446 292 1512 347 IN
1552 289 1788 346 lSAlAM
1823 289 1957 346 LIB.
2004 289 2068 345 ν.
2112 286 2347 344 TOMUS
2384 287 2470 344 IV.

3467 286 3489 340 1
3499 283 3606 342 306

354 425 572 478 Ἐνεστι
589 422 696 492 γὰρ
725 421 872 491 αὐτῷ
891 420 985 473 καὶ
997 419 1059 472 τὸ
1084 418 1405 482 πανσθενὲς,
1421 417 1590 472 καὶτὸ
1610 414 1930 489 προσίεσθαι

2037 415 2233 470 mittat.
2251 415 2381 481 Quae
2411 413 2574 488 igitur
2601 420 2820 482 peccata
2848 411 2991 466 inter
3048 411 3215 468 Deum
3249 423 3306 466 et
3335 411 3606 471 lsraehtas

351 515 667 584 φιλαγάθως
708 513 806 575 τὰς
852 510 1001 582 παρά
1042 510 1150 564 τῶν
1199 513 1514 582 καμνόντων
1561 510 1732 574 λιτάς.
1775 511 1930 563 Ποῖαι

351 607 531 660 τοίνυν
574 603 840 675 ἁμαρτίαι
879 602 1153 656 διιστῶσιν
1201 601 1472 673 ἀναμέσον
1509 602 1603 656 τοῦ
1635 602 1790 664 Θεοῦ,
1837 601 1932 655 καὶ

349 698 458 750 τῶν
499 699 557 763 ἐξ
601 697 832 767 αἵματος
865 693 1082 766 Ἰσραὴλ
1130 695 1402 766 ἐπιφέρει,
1437 695 1643 764 λέγων’
1679 715 1696 746 ι
1735 697 1801 748 Al
1823 695 1932 766 γὰρ

349 792 534 861 χεῖρες
570 789 722 859 ὑμῶν
769 787 1182 858 μεμολυσμέναι
1222 788 1434 857 αἵματι,
1463 787 1559 840 καὶ
1587 788 1638 840 οἱ
1679 787 1932 842 δάκτυλοι

351 880 504 950 ὑμῶν
542 882 600 932 ἐν
637 876 954 949 ἁμαρτίαις.
983 876 1066 930 Τά
1099 876 1156 930 δὲ
1188 877 1338 947 χείλη
1368 877 1636 948 ἐλάλησαν
1677 878 1928 948 ἀνομίαν,

351 973 444 1025 καὶ
486 973 521 1042 ή
569 970 789 1038 γλῶσσα
823 968 976 1039 ὑμῶν
999 967 1213 1021 ἀδικίαν
1251 968 1470 1040 μελετᾷ.
1507 987 1525 1020 ι
1569 969 1932 1023 Ἀπεκτόνασι

354 1061 452 1132 μὲν
487 1062 596 1131 γὰρ
625 1059 908 1130 πρόφητας
937 1059 1125 1127 ἀγίους
1157 1059 1282 1122 τοὺς
1310 1058 1754 1130 ἀπεσταλμένους
1784 1060 1934 1132 παρά

349 1151 506 1215 Θεοῦ,
549 1150 924 1221 κατελάλησαν
961 1151 1024 1223 δὴ
1072 1151 1166 1204 καὶ
1206 1151 1390 1204 αὐτοῦ.
1419 1152 1564 1223 Ἔφη
1603 1151 1734 1220 γοῦν
1771 1153 1932 1222 Ἱερε-

353 1245 503 1316 μίας,
551 1244 613 1298 Ἦ
659 1242 812 1313 ίσχύς
864 1261 964 1314 μου
1001 1241 1246 1307 ἐξέλιπεν
1293 1245 1358 1297 ἐκ
1387 1243 1496 1297 τῶν
1527 1245 1933 1316 καταρωμένων

353 1353 421 1406 με
444 1352 458 1365 ο
497 1335 692 1404 παρεὶς
730 1335 788 1387 δέ
820 1334 886 1386 τά
918 1334 1096 1388 τοιάδε
1122 1333 1217 1387 νῦν
1256 1334 1356 1403 τὴν
1384 1334 1524 1388 κατὰ
1552 1335 1791 1406 Χριστοῦ
1817 1336 1937 1389 δυσ·

352 1427 569 1480 σέϐειαν
614 1425 867 1493 ἐγκαλεῖν
905 1423 1078 1486 ἔοικε,
1127 1423 1227 1487 τὰς
1271 1427 1461 1495 χεῖρας
1511 1424 1693 1478 αὐτῶν
1737 1426 1934 1495 αἵματι

353 1517 688 1590 μεμολύνθαι
719 1517 912 1586 λέγων.
945 1515 1205 1585 Γεγόνασι
1245 1516 1302 1568 δέ
1337 1516 1693 1588 κυριοκτόνοι,
1738 1517 1934 1588 ἐλάλη-

352 1628 452 1663 σαν
481 1610 536 1663 δὲ
583 1610 679 1663 καὶ
714 1607 782 1661 τὰ
823 1607 974 1678 χείλη
1019 1607 1196 1662 αὐτῶν
1225 1607 1475 1677 ἀνομίαν,
1518 1608 1611 1660 καὶ
1648 1610 1680 1678 ὴ
1715 1609 1936 1677 γλῶσσα

351 1700 530 1754 αὐτῶν
569 1699 784 1753 ἀδικίαν
827 1698 1156 1770 ἐμελέτησε’
1186 1699 1246 1752 ού
1283 1697 1392 1769 γάρ
1430 1699 1796 1753 διαλελοίπασι
1829 1717 1934 1771 μα-

2031 507 2318 562 dissidium
2385 505 2609 570 iaciant,
2649 505 2832 571 infert,
2879 504 3106 560 dicens:
3153 524 3172 557 ι
3229 504 3418 562 Manus
3459 507 3605 562 enim

2031 609 2228 655 vestrm
2251 600 2542 668 inquinata:
2563 607 2690 654 sunt
2739 599 3024 669 sanguine,
3059 607 3112 654 et
3155 599 3304 668 digiti
3353 601 3515 655 vestri
3550 605 3606 655 in

2032 691 2286 763 peccatis.
2319 690 2484 746 Labia
2516 691 2691 746 locuta
2713 689 3398 761 829suntiniquitatem,
3425 691 3606 762 lingua

2033 794 2214 840 vestra
2255 782 2574 854 injustitiam
2621 784 2879 838 meditata
2941 791 3045 839 est.
3095 801 3114 835 ι
3151 780 3284 836 Nam
3323 783 3609 839 interfece-

2033 887 2160 936 runt
2188 879 2476 947 prophetas
2498 886 2714 933 sanctos
2745 891 2777 932 a
2813 877 2924 931 Deo
2977 876 3192 944 missos,
3255 885 3309 931 et
3360 875 3438 929 illi
3462 875 3610 930 oblo-

2033 973 2145 1028 cuti
2175 971 2468 1029 sunt.Dixit
2491 971 2656 1042 igitur
2685 969 2948 1026 Jeremias
2971 987 2986 1024 :
3012 969 3292 1025 Fortitudo
3307 984 3422 1024 mea
3444 970 3609 1024 dere-

2035 1064 2188 1133 liquit
2217 1077 2313 1119 eos
2339 1063 2430 1133 qui
2463 1072 2821 1117 exsecrantur
2839 1076 2943 1116 me.
2971 1061 3108 1117 Cum
3135 1071 3312 1116 autem
3353 1061 3468 1115 haec
3513 1063 3613 1115 ad.

2035 1153 2132 1218 dit,
2171 1167 2315 1207 nunc
2348 1151 2680 1221 impietatem
2709 1160 2897 1207 contra
2925 1151 3198 1206 Christum
3227 1149 3516 1220 suggillare
3535 1152 3614 1204 vi-

2035 1241 2214 1308 detur,
2243 1257 2364 1297 cum
2389 1241 2542 1308 dicit,
2571 1256 2762 1296 manus
2795 1256 2982 1296 eorum
3033 1241 3265 1311 pollutas
3308 1255 3430 1296 esse
3489 1254 3615 1295 san-

2035 1335 2217 1404 guine.
2256 1333 2605 1389 Dominicidae
2647 1333 2845 1402 quippe
2872 1332 3110 1400 fuerunt,
3147 1344 3204 1388 et
3255 1331 3432 1388 locuta
3489 1342 3615 1388 sunt

2036 1424 2176 1479 labia
2203 1437 2391 1480 eorum
2417 1423 2850 1492 iniquitatem,et
2893 1423 3074 1491 lingua
3127 1437 3316 1477 eorum
3357 1423 3614 1478 meditata

2035 1524 2118 1571 est
2138 1514 2472 1583 iniustitiam.
2500 1513 2614 1570 Non
2646 1515 2789 1568 enim
2847 1513 3168 1570 destiterunt
3232 1527 3493 1584 pugnare,
3561 1522 3618 1569 et

2037 1606 2282 1663 convicia
2313 1605 2514 1670 facere,
2545 1615 2600 1660 et
2628 1605 2842 1674 obloqui
2875 1604 3108 1670 Christo,
3135 1613 3191 1659 et
3221 1618 3365 1659 nunc
3387 1604 3618 1659 subsan-

2038 1713 2168 1754 nare
2184 1698 2364 1754 divina
2408 1697 2583 1768 signa,
2615 1707 2670 1752 et
2699 1698 2766 1753 de
2817 1697 2997 1751 divina
3023 1696 3423 1766 magnillcentia
3466 1711 3616 1752 men-

351 1792 572 1864 χόμενοί
608 1809 668 1845 τε
698 1791 793 1844 καὶ
825 1789 1195 1854 ὀνειδίζοντες,
1222 1791 1317 1844 καὶ
1346 1791 1770 1854 καταλαλοῦντες
1800 1769 1932 1863 Χρι-

2038 1791 2125 1845 tiri
2167 1808 2184 1857 ;
2224 1805 2369 1845 nunc
2393 1803 2648 1845 accusare
2690 1797 2747 1845 et
2776 1788 2956 1844 dicere
2986 1803 3000 1840 :
3034 1805 3054 1840 ι
3087 1788 3256 1854 Tolle,
3288 1788 3433 1854 tolle,
3461 1789 3618 1845 cruci

354 1885 503 1949 στοῦ,
539 1884 633 1938 καὶ
663 1883 791 1938 ποτέ
827 1883 926 1952 μὲν
963 1882 1310 1954 διασύροντες
1338 1883 1438 1946 τὰς
1466 1882 1809 1954 θεοσημείας,
1841 1885 1936 1938 καὶ⁵

352 1976 811 2046 καταψευδόμενοι
841 1977 942 2046 τῆς
982 1974 1320 2048 θεοπρεποῦς
1355 1976 1777 2048 μεγαλουργίας,
1805 1978 1935 2030 ποτὲ

352 2069 408 2122 δὲ
441 2068 870 2140 κατηγοροῦντες
926 2069 1021 2122 καὶ
1051 2068 1329 2137 λέγοντεςο
1370 2086 1389 2120 ι
1413 2064 1566 2140 Αἶρε,
1596 2064 1741 2139 αἶρε,
1781 2068 1936 2123 σταύ-

357 2178 448 2231 ρου
496 2160 676 2213 αὐτόν.
704 2180 722 2212 ι
775 2159 912 2213 Ποτὲ
944 2158 999 2213 δὲ
1032 2158 1236 2228 ταύτης
1274 2159 1438 2214 ἕνεκα
1470 2161 1570 2230 τῆς
1600 2160 1812 2224 αίτίας,
1857 2160 1934 2225 ὡς

351 2247 530 2316 ψῆφον
575 2247 759 2302 ἄδικον
799 2247 1191 2318 ὑπομείναντος
1221 2247 1482 2319 Χριστοῦ,
1527 2248 1666 2320 μετά
1714 2252 1934 2322 παρρη-

353 2337 475 2401 σίας
504 2337 870 2409 ἀγιοπρεποῦς
897 2341 926 2392 6
961 2341 1247 2410 προφήτης
1285 2339 1709 2409 ἀναφθέγγεται,
1745 2342 1936 2406 Οὐδεὶς

353 2427 529 2481 ἐλάλει
558 2429 760 2495 δίκαια,
787 2429 894 2482 οὐδ’
917 2429 1033 2483 ἔστι
1079 2429 1260 2501 κρίσις
1307 2429 1556 2502 ἀληθινή.
1603 2431 1936 2486 Πεποίθασιν

351 2518 444 2571 ἐπὶ
491 2519 774 2588 ματαίοις,
823 2520 914 2573 καὶ
961 2520 1185 2574 καλοῦσι
1227 2521 1380 2575 κενά.
1423 2522 1558 2575 Ποία
1591 2522 1647 2576 δὲ
1679 2523 1860 2578 αὐτῶν
1897 2525 1931 2594 ἡ

355 2609 558 2679 ματαία
593 2609 948 2680 πεποίθησις;
995 2611 1265 2681 ᾮήθησαν
1295 2612 1404 2682 γὰρ
1430 2613 1513 2665 ὅτι
1553 2613 1646 2666 τὸν
1679 2613 1936 2683 κληρονό-

355 2716 454 2769 μον
496 2701 559 2753 ἐκ
599 2700 766 2770 μέσου
815 2701 1211 2772 ποιησάμενοι,
1257 2702 1547 2769 καθέξουσι
1592 2704 1684 2756 τὸν
1733 2704 1934 2776 κλῆρον

353 2788 517 2844 αὑτοῦ
539 2808 551 2820 ·
588 2791 681 2843 καὶ
719 2791 894 2845 ταῦτα
926 2793 1062 2860 πρὸς
1110 2793 1370 2862 ἀλλήλους
1421 2793 1854 2862 κενοφωνοῦντες
1883 2796 1934 2848 οἱ

355 2880 574 2935 δείλαιοι
618 2881 1040 2952 δεδυσσεδήκασι
1084 2885 1162 2946 εἰς
1207 2883 1387 2938 αὐτόν.
1419 2885 1488 2938 Ἣ
1518 2885 1695 2939 τοίνυν
1725 2885 1825 2956 τὴν
1855 2887 1934 2950 είς

354 2973 588 3044 Χριστὸν
615 2973 932 3027 δυσσέϐειαν
963 2975 992 3027 6
1020 2975 1356 3046 προφητικὸς
1389 2976 1610 3044 ἐγκαλεῖ
1637 2975 1794 3045 λόγος
1822 2977 1935 3040 τοῖς

2035 1885 2189 1953 aﬂige
2217 1898 2339 1937 eum
2374 1882 2444 1936 "'.
2483 1900 2502 1933 ›
2530 1879 2682 1936 Hanc
2713 1881 2784 1937 ob
2825 1895 3068 1948 causam,
3108 1879 3329 1951 perinde
3351 1881 3502 1948 quasi
3531 1881 3617 1935 in-

2030 1977 2227 2046 justam
2253 1974 2581 2030 sententiam
2617 1988 2808 2042 passus
2829 1973 3019 2029 fuisset
3043 1972 3324 2034 Christus,
3357 1985 3482 2024 cum
3543 1969 3614 2026 li-

2036 2067 2243 2122 bertate
2265 2081 2329 2122 ac
2355 2066 2549 2122 ﬁducia
2599 2075 2788 2121 sancta
2822 2067 3080 2136 propheta
3109 2067 3415 2124 exclamat:
3450 2067 3620 2126 Nemo

2037 2159 2248 2215 locutus
2269 2169 2352 2216 est
2373 2160 2541 2230 justa,
2580 2174 2754 2230 neque
2787 2170 2871 2215 est
2895 2158 3158 2228 judicium
3191 2175 3397 2216 verum.
3435 2159 3618 2216 Conli-

2035 2251 2170 2306 dunt
2189 2251 2366 2318 vanis,
2391 2260 2444 2306 et
2459 2251 2750 2321 loquuntur
2781 2251 2984 2305 inania.
3019 2251 3088 2305 At
3117 2265 3368 2319 qumnam
3400 2260 3483 2306 est
3503 2253 3620 2308 haec

2039 2358 2172 2397 vana
2201 2343 2435 2411 ipsorum
2467 2342 2701 2398 ﬁducia?
2731 2343 2986 2398 Arbitrati
3039 2352 3165 2397 sunt
3199 2344 3363 2407 enim,
3405 2343 3623 2400 haerede

2035 2435 2104 2490 de
2132 2435 2310 2490 medio
2335 2435 2570 2501 sublato,
2600 2434 2718 2503 ejus
2737 2448 2795 2489 se
2819 2435 3101 2491 invasuros
3133 2435 3524 2490 baereditatem.
3553 2435 3624 2490 Et

2039 2529 2137 2583 bas
2166 2527 2382 2596 quidem
2424 2527 2610 2582 inanes
2634 2542 2794 2583 voces
2811 2529 2936 2582 dum
2961 2527 3104 2580 inter
3124 2541 3184 2581 se
3217 2526 3615 2595 profttnderent

2038 2614 2246 2679 miseri,
2281 2614 2432 2683 impii
2461 2613 2682 2669 fuerunt
2716 2613 2770 2666 in
2811 2612 3007 2682 ipsum.
3042 2611 3136 2666 Vel
3189 2612 3358 2682 igitur
3391 2613 3623 2683 prophe-

2039 2709 2138 2764 tica
2168 2709 2342 2764 oratio
2375 2705 2673 2763 lsraelitico
2709 2707 2974 2777 sanguine
3023 2706 3265 2762 oriundis
3292 2706 3622 2776 impietatem

2039 2803 2092 2856 in
2129 2801 2403 2856 Christum
2436 2801 2624 2871 objicit
2654 2816 2668 2855 :
2703 2801 2786 2855 vel
2816 2801 2957 2868 quod
2993 2797 3138 2854 nullo
3167 2799 3328 2854 modo
3359 2799 3500 2870 aequi
3569 2805 3626 2854 et

2038 2896 2190 2965 probi
2216 2909 2337 2950 esse
2351 2895 2902 2962 deprehenderentur,
2933 2893 3023 2962 qui
3058 2901 3114 2946 et
3148 2906 3344 2946 manus
3359 2890 3626 2962 sanguine

2039 2985 2349 3052 inquinatas
2385 2984 2606 3050 habent,
2636 2993 2690 3037 et
2717 2982 2856 3038 labia
2913 2997 2977 3038 ac
3027 2981 3263 3052 linguam
3322 2995 3443 3051 qua:
3480 2980 3625 3036 aliud

355 3064 413 3129 ἐξ
445 3063 678 3132 αἵματος
721 3063 965 3134 Ἰσραὴλ,
1012 3066 1179 3136 ῆγουν
1222 3066 1303 3119 ὅτι
1351 3066 1468 3119 κατ’
1509 3067 1700 3122 οὐδένα
1733 3067 1932 3138 τρόπον

2045 3075 2180 3130 nihil
2206 3076 2450 3132 meditari
2480 3075 2653 3142 novit,
2693 3089 2854 3144 quam
2885 3088 2949 3130 ea
2980 3090 3100 3145 quae
3121 3082 3368 3144 spectant
3425 3072 3495 3128 ad
3522 3071 3626 3128 ini-

355 3157 616 3219 ἐπιεικεῖς
655 3155 809 3219 ὄντες
853 3155 1033 3210 ἁλοῖεν
1082 3157 1168 3220 ἂν,
1208 3159 1261 3210 οἵ
1296 3174 1360 3226 γε
1393 3160 1487 3212 καὶ
1522 3161 1710 3230 χεῖρας
1751 3159 1935 3231 ἔχουσι

359 3248 772 3319 μεμολυσμένας
805 3248 1029 3316 αἵματι,
1079 3247 1232 3319 χείλη
1262 3265 1320 3302 τε
1357 3250 1452 3302 καὶ
1494 3249 1746 3318 γλῶσσαν
1783 3251 1934 3304 οὐδὲν

355 3338 555 3392 εἰδυῖαν
588 3339 774 3409 ἕτερον
809 3339 1058 3410 μελετᾷν,
1093 3339 1233 3410 πλὴν
1264 3341 1346 3394 ὃτι
1378 3341 1448 3394 τὰ
1475 3343 1555 3405 είς
1591 3341 1931 3410 δυσσέϐειαν,

357 3429 450 3482 καὶ
503 3429 754 3498 ἀνομίαν,
803 3431 897 3483 καὶ
931 3431 1140 3485 ἀδικίαν
1189 3431 1487 3500 βλέποντα,
1533 3434 1630 3487 καὶ
1661 3435 1742 3488 ὅτι
1794 3435 1932 3506 πρὸς

355 3518 561 3588 τούτοις
590 3520 764 3574 ἄδικοι
795 3519 1050 3589 γεγόνασι
1081 3521 1354 3588 δικασταὶ,
1381 3523 1804 3594 δωροδοκοῦντες
1842 3526 1934 3596 δη-

357 3609 551 3678 λονότι,
583 3612 676 3665 καὶ
707 3611 1012 3681 λημμάτων
1054 3611 1295 3683 αἰσχρῶν
1332 3612 1654 3683 ἡττώμενοι.
1701 3616 1932 3687 Εἴρηται

357 3701 465 3773 γάρ
499 3702 726 3773 ἐτέρωθί
754 3719 880 3767 που,
913 3722 930 3754 ι
961 3704 1085 3766 Πῶς
1114 3703 1330 3771 ἐγένετο
1363 3704 1536 3776 πόρνη
1565 3706 1718 3770 πόλις
1745 3709 1928 3780 πιστὴ,

333 3791 496 3864 ,Σιὼν
525 3792 737 3864 πλήρης
773 3792 1028 3865 κρίσεως,
1069 3796 1128 3848 ὲν
1225 3794 1539 3866 δικαιοσύνη
1579 3799 1846 3871 ἐκοιμήθη
1877 3802 1934 3854 ἐν

355 3883 512 3955 αὐτῇ,
541 3884 635 3938 νῦν
664 3885 721 3938 δὲ
749 3884 1003 3955 φονευταί
1018 3902 1032 3950 ;
1069 3884 1142 3938 Τὸ
1165 3885 1427 3957 ἀργύριον
1463 3888 1619 3958 ὑμῶν
1646 3889 1932 3961 ἀδόκιμον,

354 3977 404 4030 οἱ
430 3975 662 4048 κάπηλοί
689 3994 782 4031 σου
813 3977 1070 4049 μίσγουσι
1102 3977 1194 4032 τὸν
1227 3974 1369 4032 οἶνον
1398 3977 1570 4046 ὕδατι,
1594 3981 1644 4032 οἱ
1675 3981 1936 4053 ἄρχοντές

2042 3166 2326 3235 quitatem,
2381 3166 2703 3238 iniustitiam
2739 3175 2795 3223 et
2821 3168 3175 3238 impietatem,
3210 3177 3266 3223 et
3293 3166 3436 3238 quod
3459 3165 3625 3222 etiam

2043 3256 2230 3325 injusti
2267 3257 2575 3312 exstiterint
2598 3258 2826 3327 iudices,
2856 3273 3078 3314 munera
3107 3258 3361 3314 videlicet
3395 3257 3620 3326 capien-

2044 3354 2150 3413 tes,
2177 3358 2227 3403 et
2254 3349 2470 3405 sordido
2496 3348 2724 3419 quaestui
2794 3347 2981 3404 dediti.
3030 3347 3172 3404 Alibi
3205 3349 3351 3404 enim
3409 3348 3619 3403 dictum

2040 3449 2122 3492 est
2151 3456 2164 3491 :
2211 3458 2231 3490 ε
2270 3439 2550 3505 Quomodo
2582 3441 2723 3496 facta
2757 3450 2841 3495 est
2874 3441 3130 3494 meretrix
3181 3441 3377 3495 civitas
3429 3438 3624 3503 lldelis,

2041 3529 2168 3584 Sion
2203 3529 2356 3598 plena
2385 3529 2610 3597 judicio,
2652 3533 2705 3586 in
2763 3546 2867 3601 qua
2922 3531 3132 3600 justitia
3173 3531 3451 3596 dormivit,
3488 3531 3624 3586 inea

2039 3636 2183 3675 nunc
2210 3621 2518 3676 homicide
2537 3621 2829 3692 Argentum
2853 3633 3098 3677 vestrum
3131 3623 3455 3690 reprobum;
3487 3635 3624 3674 cau-

2039 3725 2209 3782 pones
2234 3713 2308 3767 tui
2333 3714 2562 3768 miscent
2592 3714 2776 3767 vinum
2811 3728 2995 3782 aqua;
3039 3712 3316 3782 principes
3377 3711 3453 3766 tui
3516 3726 3622 3767 non

2037 3804 2318 3872 obediunt,
2367 3805 2502 3861 socii
2553 3805 2752 3870 furum,
2805 3806 3091 3876 diligentes
3141 3819 3388 3872 munera,
3445 3818 3630 3874 perse-

2037 3884 2264 3964 quentes
2293 3897 2593 3966 praemium,
2617 3898 2877 3968 orphanis
2906 3913 3012 3953 non
3033 3897 3362 3968 judicantes,
3392 3904 3446 3952 et
3471 3893 3620 3968 judi-

2038 3987 2124 4042 cio
2147 3989 2316 4044 vidua:
2337 4005 2442 4045 non
2467 3991 2809 4046 attendentes
2834 3991 2926 4046 η’.
2963 4011 2982 4043 ι

357 4089 450 4128 σου
494 4073 798 4142 ἀπειθοῦσι,
839 4075 1085 4129 κοινωνοὶ
1122 4075 1391 4142 κλεπτῶν,
1421 4077 1742 4146 ἀγαπῶντες
1783 4079 1954 4152 δῶρα,
1997 4082 2288 4151 διώκοντες
2326 4086 2700 4158 ἀνταπόδομα,
2771 4087 3029 4160 ὀρφανοῖς
3068 4089 3129 4142 ού
3177 4087 3486 4160 κρίνοντες,
3533 4087 3628 4141 καὶ

355 4169 533 4241 κρίσει
562 4172 739 4244 χήρας
767 4172 828 4224 ού
867 4170 1245 4243 προσέχοντες.
1269 4191 1288 4225 ι

422 4267 543 4320 Ὅτι
571 4268 787 4322 κύουσι
830 4268 1041 4328 πόνον.
1074 4267 1175 4321 καὶ
1199 4269 1510 4324 τίκτουσιν
1536 4273 1810 4342 ἀνομίαν.
1833 4273 1930 4327 Ὠὰ

350 4355 628 4410 ἀσπίδων
649 4355 932 4424 ἐρῤηξαν,
959 4357 1057 4410 καὶ
1086 4358 1260 4412 ἱστὸν
1286 4359 1556 4428 ἀράχνης
1577 4364 1925 4433 ὑφαίνουσι,

2107 4272 2271 4328 Vens.
2298 4273 2353 4338 4,
2386 4273 2438 4328 5.
2473 4272 2614 4338 Quia
2641 4273 2941 4342 parturiunt
2994 4270 3246 4337 laborem,
3300 4278 3349 4325 et
3408 4282 3624 4338 pariunt

2034 4365 2383 4433 iniquitatem.
2428 4362 2536 4418 Ova
2559 4363 2801 4431 (rapidum
2830 4371 3103 4431 ruperunt,
3143 4370 3191 4414 et
3233 4358 3390 4413 telam
3415 4376 3628 4414 araneae

354 4445 451 4497 καί
483 4448 514 4498 ό
539 4446 782 4514 μέλλων
810 4449 929 4501 τῶν
959 4447 1088 4502 ὠῶν
1106 4449 1305 4504 αὐτῶν
1319 4451 1553 4520 φαγεῖν,
1587 4454 1929 4522 συντρίψας

2037 4465 2231 4510 texunt.
2265 4453 2334 4508 Et
2350 4456 2438 4525 qui
2458 4453 2678 4510 voluerit
2702 4453 2766 4507 de
2787 4454 2894 4507 ovis
2933 4468 3114 4508 eorum
3144 4451 3432 4517 comedere,
3478 4451 3628 4521 fran-

355 4539 578 4604 οῦριον,
623 4533 760 4605 εὗρε
794 4541 890 4592 καὶ
923 4541 993 4592 ἐν
1026 4542 1187 4608 αὐτῷ
1222 4543 1619 4607 βασιλίσκον.
1666 4545 1720 4596 '0
1763 4546 1932 4613 ἱστὸς

2038 4562 2162 4617 gens
2191 4545 2484 4615 putridum,
2512 4546 2697 4615 reperit
2727 4545 2882 4598 etiam
2931 4545 2985 4597 in
3015 4561 3075 4598 eo
3100 4543 3359 4614 regulum.
3405 4542 3488 4597 Ea:
3522 4543 3626 4596 tela

355 4624 556 4679 αὐτῶν
591 4628 702 4680 οὐκ
739 4627 910 4682 ἔσται
945 4631 1032 4694 εὶς
1076 4631 1328 4698 ἱμάτιον,
1357 4633 1500 4689 οὐδὲ
1531 4633 1660 4704 μὴν
1699 4638 1933 4704 περιόαο

353 4716 602 4771 λοῦνται
635 4718 754 4772 ἀπὸ
793 4717 915 4771 τῶν
945 4718 1132 4788 ἔργων
1157 4721 1273 4774 τῶν
1297 4725 1513 4794 χειρῶν
1536 4725 1753 4782 αὐτῶν.

427 4807 588 4871 Ἕθος
623 4810 689 4878 τῇ
731 4807 1072 4879 θεοπνεύστῳ
1110 4810 1300 4882 Γραφῇ
1338 4815 1496 4869 πόνον
1539 4817 1625 4870 ἀεί
1669 4836 1786 4882 πως
1841 4819 1932 4872 τὸν

352 4898 547 4968 φθόνον
588 4900 906 4955 ἀποκαλεῖν.
935 4902 1090 4972 ⁸Ἐχει
1133 4902 1190 4956 δέ
1222 4903 1355 4958 πολὺ
1385 4905 1446 4958 τὸ
1489 4908 1636 4970 εἰκὸς
1667 4911 1695 4962 6
1738 4909 1892 4978 λόγος
1913 4925 1926 4940 '

353 4992 577 5063 ἐκτήκει
626 4991 734 5065 γὰρ
765 4993 860 5047 καὶ
909 4995 1304 5064 καταμαραίνει
1338 4996 1436 5060 τὰς
1481 4999 1590 5050 τῶν
1622 5000 1924 5072 δεχομένων

349 5084 510 5139 αὑτὸν
549 5085 798 5155 καρδίας.
822 5085 1073 5138 Τοιοῦτόν
1101 5103 1154 5138 τι
1183 5086 1276 5139 καὶ
1315 5089 1344 5140 6
1378 5088 1610 5142 Ψὰλλων
1639 5094 1770 5162 φησὶ
1805 5094 1938 5165 περί-

348 5192 512 5242 τινος,
536 5177 654 5248 ήτοι
672 5177 763 5230 τοῦ
782 5177 888 5230 τῶν
917 5178 1183 5232 Ἰουδαίων
1197 5179 1392 5250 δήμου,
1417 5200 1434 5231 α
1457 5181 1721 5235 Συνέλαὸε
1753 5185 1930 5250 πόνον,

352 5266 450 5322 καὶ
484 5268 670 5320 ἔτεκεν
705 5267 953 5338 ἀνομίαν.
989 5287 1008 5320 ι
1032 5269 1510 5340 Προωδινήσαντες
1537 5271 1645 5342 γὰρ
1672 5273 1761 5326 τὸν
1793 5278 1933 5331 κατὰ

348 5358 586 5428 Χριστοῦ
650 5359 860 5427 φθόνον,
909 5360 1226 5414 ἐκτετόκασι
1273 5361 1372 5432 τὴν
1422 5365 1541 5416 κατ’
1595 5364 1759 5417 αὑτοῦ
1808 5367 1935 5421 δυσο

350 5451 590 5520 σέϐειαγ,
620 5452 785 5523 ἦγουν
818 5452 1068 5522 ἀνομίαν·
1122 5453 1283 5522 μόνον
1339 5453 1450 5525 γὰρ
1477 5455 1598 5525 οὐχὶ
1626 5457 1687 5510 τὸ
1721 5475 1933 5531 προφη-

353 5543 502 5598 τικὸν
524 5546 700 5598 ἐκεῖνο
731 5545 977 5612 λέγοντες
1009 5544 1182 5599 ἁλοῖεν
1210 5546 1276 5601 ἂν
1304 5546 1393 5601 διὰ
1422 5564 1485 5616 γε
1511 5549 1620 5603 τῶν
1645 5552 1928 5625 ἐπιχειρτι⁴

418 5725 462 5758 ⁷⁰
491 5725 638 5781 inan.
681 5742 792 5793 xix,
831 5727 911 5783 l3.
990 5731 1054 5760 ⁷⁰⁴
1088 5730 1207 5788 Ιδςιῐ.
1244 5749 1278 5798 ι,
1311 5733 1498 5791 21³23.

2039 4655 2218 4694 eorum
2252 4655 2354 4692 non
2383 4637 2691 4705 conﬁcietur
2712 4638 3092 4703 vestimentum,
3128 4652 3290 4707 neque
3315 4636 3628 4691 amicientur

2041 4729 2283 4799 operibus
2309 4744 2526 4783 suarum
2561 4715 2832 4783 manuum.

2111 4819 2406 4876 Familiare
2447 4827 2533 4874 est
2564 4817 2858 4890 Scriptura:
2893 4821 3147 4877 divinitus
3201 4821 3496 4890 inspirata,
3547 4819 3623 4872 la-

2039 4915 2226 4971 borem
2273 4914 2386 4971 fere
2423 4927 2637 4984 semper
2669 4915 2922 4970 invidiam
2976 4914 3144 4984 830
3180 4913 3469 4982 appellare.
3512 4909 3625 4965 Ila-

2034 5011 2126 5064 bet
2179 5017 2358 5063 autem
2407 5007 2522 5065 hare
2563 5008 2763 5062 locutio
2811 5006 3010 5074 aliquid
3057 5003 3471 5075 probabilitatis.
3515 5001 3624 5054 T..-

2036 5102 2236 5158 beracit
2283 5101 2425 5156 enim
2491 5117 2677 5158 eorum
2727 5100 2888 5155 corda
2935 5106 2991 5152 et
3031 5094 3330 5160 consumit,
3390 5095 3628 5164 facitque

2041 5192 2196 5262 quasi
2228 5206 2621 5248 emarccscere.
2655 5190 2783 5246 Tale
2798 5189 3053 5260 quiddam
3084 5188 3251 5242 etiam
3287 5185 3418 5241 dicit
3474 5184 3624 5240 Psal-

2045 5292 2124 5338 tes
2154 5285 2220 5338 de
2243 5285 2496 5352 quodam,
2538 5283 2621 5339 vel
2651 5283 2716 5336 de
2739 5280 3045 5336 Judaeorum
3084 5277 3314 5348 populo:
3351 5293 3372 5328 ι
3418 5274 3626 5332 Conce-

2040 5374 2117 5444 pit
2141 5375 2404 5440 laborem,
2429 5386 2483 5430 et
2506 5374 2714 5445 peperit
2768 5371 3201 5442 iniquitatem“.
3250 5368 3429 5424 tNam
3491 5383 3618 5424 cum

2039 5476 2162 5521 ante
2189 5467 2606 5534 parturivissent
2632 5475 2820 5520 contra
2863 5463 3139 5520 Christum
3185 5460 3463 5525 invidiam,
3523 5472 3618 5529 pe-

2038 5568 2290 5626 pererunt
2315 5559 2644 5628 impietatem
2671 5559 2724 5614 in
2769 5557 2938 5622 illum,
2995 5570 3088 5612 seu
3131 5552 3496 5625 iniquitatem,
3546 5552 3619 5606 ita

1578 5737 1614 5766 τ’
1661 5732 1802 5788 l‘.~.al.
1833 5747 1927 5801 vn,
1969 5732 2064 5799 l‘a‘;
2103 5731 2201 5788 Job
2235 5749 2319 5799 xv,
2347 5733 2453 5802 55;
2491 5733 2591 5790 lsa.
2623 5750 2728 5806 Lux,
2765 5737 2814 5793 4.
