4096 6212
463 234 603 292 1507
1495 228 1554 284 S.
1595 227 1873 285 CYRILLI
1911 226 2382 284 ALEXANDRINI
2420 227 2737 284 ARCIIIEP.
3590 224 3741 283 1308

363 409 366 412 .
463 365 524 410 ιιι
547 359 766 423 propter
786 348 1022 407 nefarios
1053 362 1218 404 ausus
1257 347 1449 403 merito
1476 347 1604 403 illud
1660 347 2034 418 propheticum

2155 347 2354 402 ιάτωνο
2399 365 2419 400 t
2449 349 2713 417 Δήσωμεν
2741 346 2832 400 τὸν
2859 345 3089 410 δίκαιον,
3115 344 3200 397 ὅτι
3226 342 3563 414 δύσχρηστος
3597 343 3745 412 ἡμῖν

464 448 643 501 dicere
672 450 1032 512 coarguantur
1059 456 1073 492 :
1108 458 1126 492 ι
1149 438 1638 510 Ligemusjustum,
1670 439 1795 507 quia
1833 432 2040 494 inutilis

2155 439 2309 491 ἐστιν.
2335 457 2354 489 ι
2404 437 2724 508 Εὐρήσομεν
2755 435 2813 488 δὲ
2860 436 2954 489 καὶ
2997 435 3056 488 ἐν
3100 433 3378 502 συλλόγοις
3421 432 3588 486 αὐτοῦ
3636 434 3744 486 ἐκ-

465 539 621 592 nohis
643 547 727 592 est
752 536 820 588 ".
845 553 865 588 ι
905 533 1243 587 Inveniemus
1282 531 1409 584 item
1448 531 1499 586 iu
1540 529 1895 588 conventibus
1929 531 2042 585 suis

2155 529 2462 599 τοπωτάτην
2488 527 2752 591 λαϐόντας
2783 525 3000 597 βουλήν.
3034 527 3316 594 Ἔφασκον
3347 524 3454 595 γὰρ
3480 523 3610 594 περὶ
3637 522 3744 576 τοῦ

469 629 804 692 teterrimum
842 625 965 680 illos
993 625 1206 694 cepisse
1239 621 1685 678 consilium.Nam
1707 625 1773 677 de
1801 622 2040 677 omnium

2155 619 2358 672 πάντων
2403 619 2558 690 ἡμῶν
2601 620 2856 690 Σωτῆρος
2885 617 3144 689 Χριστοῦ·
3180 636 3199 668 t
3230 616 3296 670 Τί
3344 615 3626 686 ποιοῦμεν,
3652 616 3744 668 ὅτι

468 729 710 775 nostrum
753 718 1041 773 Servatore
1089 715 1305 770 Christo
1337 715 1618 769 dicebant:
1665 732 1683 765 ι
1721 712 1862 779 Quid
1916 711 2043 766 faci-

2155 704 2295 775 ιῦτος
2317 714 2345 765 ὁ
2377 711 2664 782 ἅνθρωπος
2694 710 2868 764 πολλὰ
2900 712 3047 764 ποιεῖ
3085 710 3311 779 σημεῖα;
3349 707 3476 765 Ἐὰν
3505 707 3747 778 ἀφῶμεν

469 823 611 873 mus,
642 809 765 876 quia
785 809 872 862 hic
897 808 1056 862 homo
1075 807 1239 860 multa
1267 805 1378 860 edit
1407 803 1596 874 signa?
1622 802 1679 858 Si
1707 802 2044 857 dimittamus

2155 803 2304 857 ιύτὸν
2353 802 2546 866 οὕτως,
2591 801 2906 856 ἐλεύσονται
2951 803 3001 856 οἱ
3036 802 3328 872 Ῥωμαῖοι,
3365 799 3461 853 καὶ
3509 799 3744 870 ἀροῦσιν

466 913 590 954 eum
618 900 720 964 sic,
743 899 959 953 venient
984 897 1233 962 Romani,
1260 905 1316 951 et
1340 895 1529 950 tollent
1549 905 1787 950 nostram
1827 901 2041 964 gentem

2155 896 2305 968 ἡμῶν
2338 897 2400 948 τὸ
2426 895 2600 959 ἔθνος,
2638 895 2732 948 καὶ
2770 893 2868 965 τὴν
2901 893 3113 965 χώραν·
3141 887 3224 956 εἷς
3251 891 3307 946 δέ
3334 908 3416 954 τις
3452 889 3514 957 ἐξ
3554 890 3745 944 αὐτῶν

469 1006 533 1045 ac
569 991 860 1061 regionem.
899 990 1044 1044 Unus
1061 999 1242 1043 autem
1271 1004 1335 1044 cx
1361 987 1470 1042 illis
1494 987 1729 1056 Caiphas
1791 987 1914 1056 (fuit
1956 984 2044 1040 hic

2155 990 2420 1058 Καϊάφας,
2442 982 2598 1051 οὗτος
2622 987 2719 1058 τῆς
2744 987 2882 1040 κατὰ
2909 985 3146 1056 Χριστοῦ
3171 983 3489 1046 δυσσεϐείας
3512 982 3745 1050 γέγονεν

470 1083 759 1152 impietatis
793 1091 982 1136 contra
1011 1082 1286 1138 Christum
1324 1079 1593 1136 inventor)
1658 1092 1845 1133 rursus
1868 1077 2040 1132 dixit:

2155 1082 2400 1154 εὑρετής·
2430 1079 2533 1150 ἔφη
2565 1078 2674 1150 γὰρ
2695 1079 2876 1142 πάλιν,
2912 1078 3104 1148 Ὑμεῖς
3128 1075 3227 1129 οὐκ
3246 1073 3424 1128 οἴδατε
3449 1073 3623 1137 οὐδὲν,
3652 1073 3746 1126 ὅτε

470 1173 580 1229 Vos
619 1175 750 1229 nihil
773 1175 1063 1243 quidquam
1100 1173 1274 1238 scitis,
1328 1187 1452 1227 nam
1509 1170 1731 1242 expedit
1781 1171 1960 1235 vobis,
1988 1181 2048 1224 ut

2155 1174 2416 1244 συμφέρει
2448 1173 2602 1243 ἡμῖν,
2632 1171 2721 1224 ἵνα
2749 1164 2832 1232 εἷς
2871 1168 3157 1240 ἄνθρωπος
3185 1165 3436 1239 ἀποθάνῃ
3467 1164 3608 1236 ὑπὲρ
3639 1163 3743 1217 τοῦ

469 1279 612 1319 unus
635 1265 794 1320 homo
827 1265 1089 1318 moriatur
1141 1279 1242 1334 pro
1289 1262 1503 1333 populo,
1538 1271 1727 1317 etnon
1762 1268 1874 1315 tota
1917 1274 2046 1330 gens

2155 1266 2298 1329 λαοῦ,
2326 1267 2420 1320 καὶ
2452 1265 2525 1336 μὴ
2563 1263 2682 1318 ὅλον
2725 1263 2786 1316 τὺ
2828 1261 2980 1325 ἔθνος
3025 1261 3317 1330 ἀπόληται.
3346 1277 3365 1311 s
3412 1256 3742 1326 Σαφέστατα

471 1365 656 1423 pereat
681 1353 748 1407 ⁷³.
784 1372 802 1404 ι
828 1354 906 1406 Ex
939 1353 1023 1408 his
1049 1367 1180 1421 ergo
1201 1368 1322 1421 qua:
1367 1352 1510 1407 dicta
1556 1360 1704 1416 sunt,
1749 1349 2050 1405 clarissime

2155 1359 2327 1412 τοίνυν
2356 1359 2421 1411 ἐκ
2442 1357 2551 1410 τῶν
2587 1353 2894 1427 εἰρημένων
2918 1353 3126 1407 ἔνεστιν
3153 1353 3300 1415 ἰδεῖν,
3325 1352 3406 1405 ὅτι
3433 1352 3742 1420 κυήσαντες

470 1448 655 1502 videre
684 1445 826 1512 licet,
865 1461 975 1509 eos,
1005 1445 1094 1514 qui
1147 1445 1295 1500 enixi
1329 1454 1456 1500 sunt
1478 1443 1739 1507 laborem,
1760 1442 1814 1497 id
1839 1450 1943 1508 est,
1963 1441 2048 1495 in-

2155 1452 2329 1514 πόνον,
2374 1450 2652 1512 τουτέστι,
2693 1447 2790 1501 τὸν
2839 1447 2958 1500 κατ’
3003 1443 3169 1500 αὐτοῦ
3206 1445 3370 1498 πόνον
3400 1441 3744 1511 προσωδινή-

469 1535 670 1604 vidiam
693 1544 880 1589 contra
927 1534 1078 1588 illum
1110 1542 1236 1588 ante
1270 1533 1661 1604 parturierunt,
1710 1531 2048 1602 iniquitatem

2155 1559 2344 1606 σαντες
2380 1543 2706 1613 ἐκτετήκασι
2745 1539 2844 1611 τὴν
2880 1538 3131 1609 ἀνομίαν.
3167 1538 3233 1590 Τί
3269 1532 3363 1590 οὖν
3398 1537 3428 1589 ό
3467 1550 3744 1605 προφητι-

470 1629 765 1696 peperisse.
783 1627 920 1694 Quid
937 1628 1097 1696 igitur
1121 1627 1434 1697 prophetica
1463 1627 1639 1682 oratio
1661 1625 1817 1680 nobis
1866 1625 1955 1681 hic
1969 1624 2048 1682 si-

2151 1635 2248 1699 κδς
2270 1637 2328 1689 ἐν
2353 1633 2564 1697 τούτοις
2597 1634 2728 1704 ἡμῖν
2771 1631 3175 1702 κατασημαίνει
3215 1629 3404 1698 λόγος;
3441 1628 3537 1681 Ὠὰ
3572 1627 3744 1681 ἀσπίο

471 1693 731 1786 gnificat?
759 1693 872 1771 Ova
904 1693 1148 1787 aspidum
1181 1693 1479 1786 fregerunt,
1512 1727 1567 1771 et
1601 1715 1695 1786 qui
1724 1715 1960 1771 voluerit
1981 1715 2047 1769 de

2155 1693 2258 1782 δωζι
2293 1693 2558 1798 tamen,
2581 1693 2675 1778 κᾶι
2708 1724 2738 1776 ό
2773 1693 3116 1794 μέλλωνντῶν
3141 1721 3264 1774 ὠῶν
3290 1693 3478 1774 αὐτῶν
3512 1722 3739 1788 φαγεῖν.

470 1810 790 1864 oviseorum
831 1810 1137 1875 comedere,
1189 1808 1446 1878 frangens
1508 1808 1781 1879 putridum
1826 1806 2049 1878 reperit.

472 1901 738 1956 Putabant
761 1902 904 1955 enim
926 1897 1094 1956 Judaei
1127 1901 1355 1957 consilia
1399 1900 1514 1957 haec
1554 1909 1742 1956 contra
1771 1899 2048 1955 Christum

472 1993 526 2047 in
560 1994 716 2047 linem
747 1993 850 2048 sibi
894 1992 1232 2062 auspicatum
1281 2005 1528 2058 cessura,
1578 1999 1634 2047 et
1682 1991 1900 2046 utilitati
1935 1990 2052 2046 fore

471 2084 619 2140 omni
649 2086 818 2155 genti.
847 2083 952 2139 Sed
977 2099 1008 2138 a
1045 2097 1206 2153 scopo
1237 2093 1580 2149 erraverunt,
1607 2091 1771 2154 atque
1826 2083 1882 2138 id
1947 2082 2052 2137 illis

471 2191 572 2230 usu
603 2177 767 2240 vertit,
800 2175 940 2245 quod
978 2175 1063 2230 his
1088 2177 1350 2231 accidere
1385 2175 1542 2240 solet,
1570 2176 1662 2245 qui
1715 2189 1827 2246 pra:
1855 2174 2052 2244 insigni

474 2267 704 2322 stultitia
740 2267 992 2336 aspidum
1017 2279 1118 2322 ova
1152 2277 1427 2337 rumpunt.
1460 2265 1596 2322 Nam
1641 2266 1732 2322 ubi
1762 2265 2050 2338 fregerint,

472 2359 608 2412 nihil
637 2358 1471 2429 invenientaliud,pra:terquam
1511 2358 1802 2430 regulum:
1862 2367 2054 2429 estque

473 2449 561 2504 hic
579 2460 767 2519 partus
793 2454 1058 2522 serpentis
1080 2454 1236 2509 valde
1253 2453 1609 2523 perniciosus,
1629 2461 1684 2508 et
1698 2454 2050 2523 depravatum

471 2556 631 2597 ovum
669 2551 723 2597 et
752 2543 934 2598 inane.
957 2544 1268 2613 itaque-non
1291 2545 1450 2600 modo
1486 2559 1593 2600 nou
1617 2545 1928 2610 utilitatem,
1957 2545 2054 2601 sed

471 2633 765 2702 perniciem
794 2634 1046 2689 conciliat
1090 2635 1284 2690 horum
1308 2643 1495 2690 contra
1526 2633 1802 2691 Christum
1821 2634 2052 2690 nefario-

474 2738 596 2778 rum
641 2724 978 2780 moliminum
1040 2725 1237 2781 exitus.
1287 2724 1425 2780 Nam
1468 2724 1617 2780 velut
1686 2739 1913 2794 serpens
1951 2724 2055 2782 illis

473 2815 701 2885 contigit
730 2834 743 2870 :
773 2824 829 2872 et
877 2816 1029 2873 fetus
1051 2818 1140 2874 hic
1163 2817 1321 2889 plane
1338 2818 1394 2874 in
1423 2818 1537 2875 orci
1559 2818 1806 2889 laqueum
1824 2819 2053 2876 induxit.

475 2907 627 2974 Quod
645 2918 825 2963 autem
851 2901 1121 2965 malitiosa
1153 2910 1272 2966 haec
1298 2919 1491 2968 contra
1518 2909 1796 2968 Christum
1848 2911 2058 2967 machi-

475 3000 627 3056 natio
666 3001 773 3056 illis
824 3017 1044 3072 prorsus
1087 3002 1252 3058 l'uerit
1295 3003 1526 3072 inutilis,
1578 3005 1762 3060 statim
1815 3005 2056 3061 ostendit

2154 1817 2450 1888 συντρίψας
2477 1815 2660 1886 οὐριον
2689 1807 2867 1886 εὗρεν.
2900 1815 3092 1885 ’ῼοντο
3129 1813 3228 1883 μέν
3268 1814 3380 1884 γὰρ
3407 1813 3458 1865 oi.
3495 1811 3746 1865 Ἰουδαῖοι

2150 1909 2249 1974 τὰς
2277 1909 2418 1963 κατὰ
2459 1906 2700 1978 Χριστοῦ
2741 1905 3054 1975 διασκέψεις
3092 1906 3172 1968 είς
3206 1903 3384 1957 αἴσιον
3423 1903 3610 1964 αὐτοῖς
3651 1902 3746 1953 ἐκ·

2152 2001 2420 2072 ϐήσεσθαι
2465 2001 2674 2072 πέρας,
2718 2000 2814 2052 καὶ
2855 2000 2936 2062 είς
2985 1998 3174 2069 ὄνησιν
3220 1997 3442 2050 ἔσεσθαι
3487 1994 3567 2065 τῷ
3598 1994 3744 2047 ἔθνει

2152 2090 2337 2144 παντί.
2369 2088 2513 2144 Ἀλλ’
2545 2087 2860 2160 ἡμάρτανον
2891 2085 2987 2140 τοῦ
3019 2085 3245 2153 σκοποῦ,
3290 2084 3382 2138 καί
3409 2101 3463 2137 τι
3502 2081 3744 2136 τοιοῦτον

2153 2178 2472 2252 συμϐέϐηκε
2514 2179 2708 2235 παθεῖν
2749 2179 2968 2243 αὐτοὺς,
3013 2179 3197 2232 ὁποῖόν
3229 2195 3282 2232 τι
3331 2177 3631 2246 πάσχουσιν
3674 2177 3741 2228 ἐκ

2152 2271 2351 2342 πολλῆς
2374 2273 2516 2340 ἄγαν
2536 2271 2826 2336 ἀσυνεσίας
2873 2272 2923 2324 οἱ
2949 2269 3021 2324 τά
3041 2269 3152 2323 τῶν
3173 2269 3416 2323 ἀσπίδων
3446 2267 3744 2340 ρηγνύντες

2151 2363 2256 2419 ὠά.
2279 2361 2672 2433 Συντρίψαντες
2700 2363 2808 2435 γὰρ
2834 2362 2987 2416 οὐδὲν
3019 2361 3346 2434 εὑρήσουσιν
3377 2361 3577 2430 ἕτερον,
3597 2358 3744 2428 πλὴν

2151 2455 2234 2510 ὄτι
2268 2454 2582 2525 βασιλίσκον
2620 2455 2676 2509 ἐν
2723 2452 2892 2525 αὐτῷ’
2935 2453 3114 2524 ὄφεως
3164 2453 3218 2506 δὲ
3266 2451 3448 2522 κύημα
3495 2451 3646 2502 τουτὶ
3676 2449 3745 2502 τὸ

2154 2546 2530 2617 παγχάλεπον,
2555 2545 2616 2599 οὐ
2626 2545 2738 2617 ριόν
2767 2563 2826 2599 τε
2859 2545 2998 2616 πρὸς
3022 2544 3207 2615 τούτῳ.
3233 2541 3440 2596 Οὐκοῦν
3469 2539 3750 2611 ἀνόνητον

2166 2636 2457 2701 Ἰουδαίοις,
2497 2636 2696 2706 μᾶλλον
2721 2636 2778 2690 δὲ
2813 2636 2905 2688 καὶ
2928 2634 3144 2706 ὀλέθρου
3168 2633 3423 2702 πρόξενον
3461 2631 3571 2684 τῶν
3596 2629 3748 2684 κατὰ

2154 2727 2395 2797 Χριστοῦ
2442 2727 2810 2799 τολμημάτων
2855 2727 2916 2780 τὸ
2965 2727 3158 2798 πέρας.
3185 2726 3346 2794 Ὄφις
3396 2723 3508 2794 γάρ
3551 2723 3748 2796 ὥσπερ

2155 2818 2453 2891 ἐκϐέϐηκεν
2507 2821 2726 2883 αὐτοῖς,
2775 2819 2870 2872 καὶ
2924 2816 3179 2882 άπότεξις
3233 2815 3673 2888 ὁμολογουμένη,
3708 2816 3746 2884 ἡ

2159 2911 2294 2982 πρὸς
2324 2912 2595 2984 πέταυρον
2634 2911 2763 2984 ᾅδου
2797 2911 3284 2982 παρακομίζουσα·
3317 2911 3399 2963 ὅτι
3433 2908 3491 2961 δὲ
3524 2907 3750 2975 γέγονεν

2157 3003 2391 3058 είσάπαν
2423 3003 2703 3075 ἀνωφελὴς
2745 3003 2779 3074 ἡ
2813 3003 2956 3056 κατὰ
2999 3002 3240 3073 Χριστοῦ
3281 2999 3584 3072 σκευωρία,
3627 2997 3750 3052 δια·

475 3091 580 3147 alio
606 3093 872 3162 exemplo.
899 3093 1083 3149 Telam
1109 3094 1254 3149 enim
1283 3108 1505 3151 aranea:
1562 3103 1771 3151 texunt.
1805 3096 2053 3152 Araneus

2155 3095 2423 3148 δείκνυσιν
2449 3096 2610 3158 εὐθὺς
2640 3096 2735 3149 καὶ
2761 3095 2828 3148 δι’
2858 3082 3058 3166 ἐτέροό
3083 3081 3544 3164 παραδείγματοξ’
3575 3087 3749 3142 Ἱστδν

475 3182 644 3246 enim,
681 3185 806 3248 hoc,
841 3184 1086 3253 inquam,
1117 3185 1371 3255 pusillum
1399 3194 1455 3240 et
1478 3185 1801 3240 vilissimum
1831 3186 2053 3251 animal,

477 3274 532 3328 iu
557 3276 741 3330 vacuis
763 3276 1156 3332 domiciliorum
1184 3279 1429 3349 partibus
1458 3279 1594 3336 telas
1615 3281 1908 3338 artificiose
1926 3282 2056 3339 sub-

478 3363 658 3419 tilibus
712 3365 1035 3425 staminibus
1068 3379 1350 3428 contextas
1399 3373 1675 3430 connectit
1722 3389 1738 3426 :
1775 3390 1898 3446 qua:
1928 3375 2055 3432 licet

477 3470 688 3511 summo
715 3448 975 3513 confecta:
1019 3465 1130 3516 sint
1179 3463 1387 3530 labore,
1419 3465 1640 3520 omnino
1679 3473 1858 3522 tamen
1920 3467 2055 3522 nihil

478 3548 584 3602 illis
610 3560 834 3618 prosunt
868 3567 882 3604 :
927 3567 1026 3608 nec
1059 3554 1203 3610 enim
1238 3557 1287 3612 ei
1318 3558 1410 3626 qui
1459 3557 1744 3615 fabricavit
1789 3559 1881 3614 fiet
1933 3559 2056 3616 inde

479 3642 726 3707 amictus,
751 3644 843 3699 sed
877 3644 980 3699 illan
999 3647 1214 3703 sectiles
1247 3663 1313 3704 ac
1347 3649 1578 3706 dividua:
1599 3661 1730 3707 sunt
1751 3661 1806 3706 et
1828 3652 1894 3706 ad
1922 3667 2054 3720 ope-

478 3730 766 3786 rimentum
794 3733 1010 3789 inutiles
1033 3737 1196 3791 etiam
1221 3737 1354 3808 ipsis
1379 3740 1703 3795 artificibus.
1739 3740 1850 3802 Sic,
1882 3740 2049 3812 831

478 3820 673 3890 inquit,
696 3821 1005 3879 Judmorum
1025 3827 1262 3893 inventa,
1290 3844 1413 3898 quae
1428 3831 1640 3886 scilicet
1667 3823 1860 3887 contra
1891 3833 2052 3886 Chri-

477 3921 618 3966 stum
637 3922 842 3968 structa
873 3925 1016 3970 sunt.
1029 3917 1184 3973 Dolos
1209 3920 1350 3974 enim
1374 3922 1842 3988 concinnantes,et
1864 3921 2052 3978 falsam

480 4011 721 4058 texentes
743 4007 1166 4075 accusationem,
1203 4021 1464 4077 putarunt
1512 4027 1593 4077 se,
1656 4022 1716 4068 ut
1736 4014 1868 4079 dixi,
1893 4015 2052 4070 morti

476 4098 660 4152 carnis
717 4098 868 4153 illum
917 4103 1210 4167 tradentes,
1237 4114 1294 4159 et
1352 4105 1454 4160 sibi
1507 4106 1742 4173 aliquam
1794 4106 2053 4162 allaturos

474 4187 940 4257 counnioditatem,
970 4201 1024 4246 et
1049 4206 1115 4248 ex
1139 4193 1250 4248 suis
1279 4195 1887 4264 conatibusopulentum
1919 4214 2055 4267 pra:-

473 4279 670 4334 sidium
712 4295 776 4336 ac
796 4284 1183 4353 protectionem
1212 4294 1643 4355 comparaturos.
1673 4286 1778 4346 Sed
1803 4305 1926 4360 spes
1949 4291 2054 4347 illis

2154 3185 2285 3258 γὰρ,
2319 3187 2504 3257 φησὶν,
2555 3187 2801 3258 ἀράχνης
2847 3187 3188 3256 ὑφαίνουσιν.
3246 3185 3306 3238 Ὀ
3340 3184 3438 3256 μὲν
3467 3181 3573 3253 γὰρ
3608 3181 3749 3253 ἀρά-

2153 3295 2320 3350 χνης,
2351 3281 2500 3334 τουτὶ
2545 3280 2604 3334 δέ
2651 3297 2793 3352 φημι
2832 3281 2894 3334 τὸ
2937 3279 3170 3350 σμικρὸν
3216 3279 3313 3332 καὶ
3365 3275 3747 3330 εὐτελέστατον

2154 3369 2320 3435 ζῶον,
2377 3373 2436 3424 ἐν
2484 3374 2600 3434 τοῖς
2657 3371 2976 3442 ἀργοτέροις
3023 3371 3133 3424 τῶν
3185 3367 3472 3440 δωματίων
3523 3367 3748 3436 μέρεσιν

2156 3463 2337 3525 ίστοὺς
2357 3461 2673 3525 ἁναπλέκει,
2707 3462 2972 3532 στήμοσιν
2998 3463 3196 3531 ίσχνοϊς
3227 3460 3491 3529 εὐτέχνως
3545 3455 3748 3524 ἐξυφα-

2157 3553 2472 3624 σμένους,οί
2497 3553 2554 3606 δέ
2579 3548 2672 3607 οὖν
2703 3552 2946 3623 πλείστῳ
2987 3551 3143 3623 μόλις
3179 3551 3463 3620 γενόμενοι
3513 3548 3659 3617 πόνῳ
3685 3547 3749 3600 τὺ

2157 3645 2379 3716 σύμπαν
2427 3645 2624 3709 αὐτοὺς
2673 3644 2974 3713 ὠφελοῦσιν
3027 3643 3181 3698 οὐδέν
3196 3660 3216 3694 ,ο
3267 3643 3327 3697 ού
3372 3643 3483 3713 γὰρ
3531 3642 3750 3696 ἔσονται

2155 3736 2470 3806 περίϐλημα
2514 3737 2592 3806 τῷ
2653 3737 3014 3807 πεποιηκότι,
3046 3735 3164 3790 ἀλλ’
3209 3737 3348 3789 είσὶν
3398 3735 3749 3805 εὐδιάτμητοι

2155 3829 2292 3900 πρὸς
2309 3828 2621 3901 περιϐολὴν,
2639 3829 2732 3883 καὶ
2755 3830 2926 3900 αὐτῆς
2936 3830 3036 3902 τῆς
3054 3829 3248 3901 τέχνης
3271 3827 3551 3900 ἀμείνους.
3567 3824 3748 3891 Οὕτω,

2154 3922 2310 3992 φησὶ,
2341 3922 2437 3976 καὶ
2475 3920 2543 3975 τὰ
2571 3921 2678 3975 τῶν
2714 3922 2981 3977 Ἰουδαίων
3008 3923 3315 3995 εὑρήματα,
3357 3920 3518 3991 δῆλον
3555 3920 3635 3973 ὅτι
3679 3917 3749 3970 τὰ

2154 4015 2293 4069 κατὰ
2332 4014 2428 4067 τοῦ
2474 4013 2746 4084 Χριστοῦο
2797 4014 2982 4078 δόλους
3027 4014 3135 4086 γὰρ
3187 4013 3597 4084 ἐξυφαίνοντες,
3649 4009 3748 4063 καὶ

2151 4105 2517 4175 ψευδηγορίας
2555 4103 2984 4174 συμπλέκοντες,
3013 4102 3182 4175 ᾤοντο
3209 4103 3309 4174 μὲν
3333 4103 3462 4173 γὰρ,
3485 4101 3559 4164 ὡς
3583 4099 3745 4170 ἐφην,

2154 4197 2369 4268 θανάτῳ
2394 4197 2595 4269 σαρκὸς
2633 4197 3021 4270 περιϐαλόντες
3048 4195 3235 4262 αὐτὸν,
3267 4194 3522 4263 ἐξανύσαι
3556 4210 3605 4245 τι
3632 4191 3745 4245 τῶν

2152 4289 2494 4361 όνησιφόρων
2523 4290 2726 4353 αὐτοῖς,
2761 4291 2858 4343 καὶ
2891 4290 2990 4361 τὴν
3014 4289 3122 4343 ἀπὸ
3149 4288 3258 4342 τῶν
3290 4288 3436 4342 ίδίων
3465 4288 3751 4356 ἐπιχειρη-

473 4367 689 4424 demum
725 4384 918 4429 cuncta
953 4375 1004 4430 in
1030 4376 1256 4431 nihilum
1283 4377 1497 4434 recidit.
1536 4378 1731 4436 Nudati
1763 4391 1892 4438 sunt
1911 4384 2052 4438 enim

2161 4380 2348 4451 μάτων
2378 4381 2824 4451 καταπλουτῆσαι
2859 4382 3090 4452 σκέπην,
3123 4379 3237 4434 ἀλλ’
3263 4380 3345 4444 είς
3375 4378 3531 4432 οὐδὲν
3563 4377 3750 4439 αὐτοῖς

475 4472 706 4530 superna
739 4463 1134 4534 benevolentia,
1163 4477 1217 4522 et
1234 4477 1618 4538 protectorem,
1665 4471 1716 4526 id
1754 4479 1859 4540 est,
1899 4473 2058 4529 Chri-

475 4562 613 4606 stum
639 4553 968 4622 abiecerunt.
1009 4557 1135 4615 llmc
1189 4561 1333 4616 enim
1373 4562 1635 4632 protectio
1677 4578 1745 4620 ex
1803 4565 2058 4635 operibus

476 4641 631 4698 bonis
649 4648 1070 4716 contingctillis,
1116 4652 1206 4720 qui
1256 4653 1372 4709 haec
1418 4655 1598 4712 facere
1650 4667 1803 4714 recte
1849 4659 2055 4727 volunt,

477 4733 747 4790 tribuente
782 4738 945 4791 etiam
977 4739 1084 4795 illis
1117 4741 1220 4796 hoc
1257 4742 1390 4798 Deo.
1420 4744 1491 4798 At
1540 4746 1804 4802 malorum
1866 4763 2058 4818 opera-

480 4828 588 4884 rios
618 4844 723 4884 nou
747 4829 1006 4885 amicicut
1057 4846 1142 4898 ea,
1184 4849 1306 4904 qua:
1322 4850 1390 4890 ex
1435 4836 1566 4906 ipsis
1590 4839 1728 4898 fiunt
1758 4858 1772 4895 :
1807 4841 1901 4896 sed
1928 4856 2054 4910 pro-

479 4921 711 4978 tectione
743 4931 797 4978 et
820 4923 1186 4995 operimento,
1237 4929 1473 4986 maxime
1517 4931 1703 4989 divino
1753 4932 2052 4990 destituen-

477 5026 586 5070 tur.

548 5193 711 5250 Vsus.
739 5193 856 5252 6-8.
903 5194 1046 5251 Nam
1078 5214 1236 5268 opera
1274 5216 1476 5267 eorum,
1510 5219 1669 5273 opera
1716 5205 2050 5272 iniquitatis:

478 5295 524 5336 et
548 5287 699 5352 pedes
733 5301 914 5340 eorum
956 5289 1026 5341 ad
1059 5290 1321 5346 malitiam
1353 5302 1592 5359 currunt,
1642 5294 1841 5351 veloces
1874 5297 1944 5350 ad
1971 5296 2052 5366 ef-

479 5375 802 5442 [undmdum
833 5381 1524 5453 sanguinem.Cogitationes
1553 5401 1752 5452 eorum,
1775 5389 2056 5459 cogitatio-

479 5479 567 5519 nes
599 5467 661 5520 de
691 5467 1004 5526 homicidiis.
1041 5473 1302 5532 Coutritio
1333 5487 1378 5531 ct
1427 5477 1638 5534 miseria
1692 5479 1744 5532 in
1792 5481 1886 5535 niis
1967 5497 2053 5536 εον

557 5650 600 5682 ⁷⁸
638 5651 855 5720 Sap.u,
897 5653 976 5707 12.
1057 5654 1099 5686 ⁷³
1139 5653 1291 5710 Joan.
1327 5673 1400 5722 xv,
1454 5658 1625 5712 i750.

2158 4471 2219 4526 τὸ
2251 4472 2358 4526 τῶν
2389 4473 2751 4528 ἐλπισθέντων
2781 4473 2942 4544 ἐξέϐη
2978 4473 3169 4542 πέρας.
3217 4471 3422 4542 Γυμνοὶ
3454 4470 3565 4542 γὰρ
3595 4466 3751 4536 γεγό-

2159 4582 2283 4619 νασι
2333 4566 2431 4636 τῆς
2476 4565 2684 4620 ἄνωθεν
2730 4565 3054 4637 εὐμενείας,
3098 4561 3508 4633 ἁποϐεϐλήκασί
3557 4577 3615 4612 τε
3656 4559 3750 4612 τὸν

2160 4655 2496 4727 σκεπαστὴν,
2528 4656 2776 4712 τουτέστι
2798 4657 3032 4728 Χριστόν
3051 4672 3067 4688 ο
3099 4657 3149 4710 oi
3199 4656 3297 4726 μὲν
3330 4654 3440 4726 γὰρ
3464 4653 3524 4719 ἐξ
3569 4652 3750 4722 ἔργων

2158 4748 2382 4817 ἀγαθῶν
2421 4750 2534 4812 τοῖς
2581 4749 2722 4803 αὐτὰ
2775 4749 3074 4821 κατορθοῦν
3113 4748 3356 4802 ἐθέλουσι
3406 4745 3748 4815 συμϐήσεται

2160 4840 2361 4911 σκέπη,
2390 4840 2649 4910 νέμοντος
2676 4844 2859 4905 αὐτοῖς
2885 4842 2982 4896 καὶ
3013 4839 3172 4895 τοῦτο
3212 4838 3371 4893 Θεοῦο
3394 4839 3506 4900 τοῖς
3536 4853 3599 4904 γε
3637 4833 3749 4904 μὴν

2157 4932 2268 4986 τῶν
2295 4932 2515 5002 φαύλων
2541 4935 2804 5005 ἐργάταις
2828 4936 2909 5000 είς
2939 4933 3232 5006 περιϐολὴν
3259 4933 3362 4986 οὐκ
3403 4932 3556 4986 ἐσται
3591 4929 3658 4984 τὰ
3688 4927 3750 4992 ἐξ

2158 5022 2360 5088 αὐτῶν,
2389 5023 2504 5078 ἀλλ’
2526 5024 2722 5096 ἔρημοι
2751 5025 2959 5095 σκέπης
2980 5026 3202 5080 ἔσονται
3238 5021 3440 5095 μᾶλλον
3465 5021 3564 5092 τῆς
3594 5017 3749 5090 παρὰ

2155 5114 2316 5170 Θεοῦ.

2231 5207 2309 5262 Τὰ
2331 5206 2442 5277 γὰρ
2467 5207 2611 5279 ἔργα
2653 5205 2874 5272 αὐτῶν,
2915 5207 3060 5277 ἔργα
3079 5205 3352 5276 ἀνομίας,
3382 5208 3436 5260 οι
3468 5203 3538 5258 δὲ
3560 5199 3746 5266 πόδες

2153 5296 2353 5353 αὐτῶν
2417 5299 2516 5354 ἐπί
2579 5300 2876 5368 πονηρίαν
2937 5298 3244 5368 τρέχουσι,
3313 5295 3562 5365 ταχυνοί
3635 5291 3748 5347 τοῦ

2155 5392 2358 5460 ἐκχέαι
2392 5387 2556 5461 αἷμα,
2591 5393 2689 5446 καὶ
2717 5395 2770 5447 οἱ
2813 5391 3196 5461 διαλογισμοί
3225 5388 3448 5456 αὐτῶν,
3483 5388 3746 5455 διαλογι-

2159 5484 2294 5553 σμοὶ
2326 5484 2446 5539 ἀπὸ
2494 5486 2722 5553 {cdt-tor-
2767 5485 3104 5554 σύντριμμα
3146 5483 3242 5538 καί
3280 5479 3644 5548 ταλαιπωρία
3672 5475 3750 5531 ὲν
