4042 6218
338 299 474 354 1509

1431 299 1498 355 IN
1538 299 1776 356 [SAIAM
1809 299 1942 358 LIB.
1978 301 2043 358 ν.
2080 299 2316 358 Τοκυε
2353 298 2439 354 ιν.

3446 303 3584 360 1510

330 409 462 476 ταῖς
512 407 675 476 ὁδοῖς
720 409 937 474 αὐτῶν,
989 409 1090 463 καί
1122 408 1268 464 ὁδόν
1316 409 1561 479 εἰρήνης
1610 415 1725 468 οὐκ
1750 414 1907 466 οῖδα-

2014 428 2168 469 rum:
2193 424 2242 469 et
2272 417 2410 470 viam
2443 415 2587 482 pacis
2619 430 2723 468 non
2761 418 3132 483 cognoverunt.
3162 410 3289 468 Non
3328 422 3407 469 est
3433 414 3585 484 judi-

330 517 454 555 σιν.
497 503 619 557 Οὐκ
647 500 815 555 ἔσται
863 500 1064 570 κρίσις
1093 501 1162 555 ἐν
1197 500 1328 569 ταῖς
1375 501 1538 568 ὁδοῖς
1577 503 1796 560 αὐτῶν.
1843 505 1914 560 Al

330 595 442 664 γὰρ
473 595 652 663 τρίσοι
679 591 875 646 αὐτῶν
902 591 1386 662 διεστραμμέναι,
1433 591 1508 660 ἅς
1543 593 1910 660 διοδεύουσι,

331 688 430 742 καὶ
483 687 594 740 οὐκ
641 683 879 738 οἴδασιν
926 683 1198 753 εἰρήνην.
1243 683 1348 739 Διὰ
1395 683 1572 740 τοῦτο
1602 684 1839 756 ἀπέστη
1870 686 1910 754 ἠ

332 778 544 854 κρίσις·
557 773 658 830 ἀπ’
694 772 893 829 αὐτῶν
926 776 1027 846 (1).
1349 781 1352 786 ’

404 867 651 920 Ἔκαστα
713 866 824 919 τῶν
887 867 1192 922 Ἰουδαϊκῶν
1245 868 1734 940 πλημμελημάτων
1812 869 1914 924 ἀπ-

329 958 642 1028 αριθμεῖται
685 957 917 1026 λεπτῶς,
949 960 1014 1013 ἶν’
1069 961 1366 1035 ἐπειδήπερ
1408 962 1764 1033 ὲκδέϐληνται
1809 962 1913 1033 τῆς

329 1047 463 1118 πρὸς
493 1047 654 1102 αὐτὸν
677 1049 1029 1122 οἰκειότητος,
1051 1049 1216 1124 ψήφῳ
1238 1052 1423 1124 δικαίᾳ
1458 1053 1618 1107 τοῦτο
1648 1052 1912 1118 παθόντες

329 1136 676 1192 ἁλίσκωνται.
725 1139 905 1210 Ἔργα
927 1139 1037 1212 γὰρ
1065 1141 1295 1212 ἀνομίας
1317 1143 1451 1214 φησί
1481 1143 1660 1198 πάντα
1683 1144 1753 1198 τὰ
1773 1144 1910 1215 ἔργα

328 1227 526 1292 αὐτῶν,
556 1231 650 1285 καὶ
669 1230 968 1303 συλλήϐδην
995 1233 1054 1286 ὲν
1085 1232 1295 1296 τούτοις
1333 1234 1552 1306 ἁπάσης
1589 1235 1770 1289 αὐτῶν
1811 1235 1910 1304 τῆς

327 1319 472 1390 ζωῆς
529 1321 735 1392 ἀληθὴς
771 1322 993 1392 γέγονεν
1031 1325 1064 1395 ή
1105 1324 1476 1396 κατᾶρῤησις·
1535 1326 1815 1398 ἐπιτρέχει
1850 1327 1908 1380 δὲ

328 1412 423 1464 καὶ
461 1411 603 1466 οὕτω
646 1413 752 1466 τῶν
800 1414 1139 1485 αἰτιαμάτων
1166 1414 1418 1480 ἕκαστον,
1449 1417 1576 1481 τοὺς
1608 1417 1708 1488 μὲν
1739 1417 1908 1481 πόδας

327 1502 420 1554 ἐπὶ
453 1503 717 1574 πονηρίαν
738 1505 953 1576 τρέχειν
979 1505 1170 1570 εἰπὼν,
1211 1507 1306 1560 καὶ
1337 1503 1475 1561 εἶναι
1511 1509 1775 1578 ταχυνοὺς
1827 1508 1908 1572 εἰς

328 1593 387 1648 τὸ
421 1595 608 1667 ἐκχέαι
651 1593 810 1668 αἷμα,
853 1597 948 1652 καὶ
998 1598 1294 1670 λογισμοὺς
1333 1598 1629 1670 ἐσχηκέναι
1652 1599 1780 1664 τοὺς
1816 1599 1908 1653 ἐπὶ

327 1688 508 1756 φόνοις
541 1690 743 1753 αὐτοῖς.
781 1690 973 1761 Ἀθρει
1001 1691 1063 1761 δή
1101 1709 1190 1762 μοι
1219 1691 1401 1755 πάλιν,
1431 1692 1535 1758 ὅτι,
1564 1691 1906 1748 καίτοιπλεί-

2015 506 2155 561 cium
2184 509 2243 562 in
2286 508 2384 562 viis
2413 523 2612 563 eorum.
2643 506 2858 562 Semita:
2890 505 3028 559 enim
3053 521 3233 559 eorum
3304 521 3582 574 pervenre,

2013 612 2142 667 quas
2173 607 2530 660 transeunt,et
2558 612 2660 650 non
2693 603 3045 665 cognouerunt
3070 611 3273 665 pacem.
3299 595 3585 666 Propterea

2013 690 2224 745 recessit
2245 689 2507 757 iudicium
2531 687 2595 743 ab
2626 687 2779 758 ipsis.

2084 863 2305 934 Singula
2333 863 2640 919 Iudaeorum
2672 861 2870 917 delicta
2918 866 3202 916 enumerat
3229 859 3579 917 minutatimc

2011 966 2070 1014 ut
2106 958 2539 1028 quandoquidem
2575 972 2604 1011 a
2647 952 3030 1023 conjunctione
3080 951 3175 1009 Dei
3223 959 3352 1006 sunt
3397 950 3584 1022 eiecti,
3652 946 3653 949 “

2005 1050 2152 1120 justo
2194 1048 2400 1105 calculo
2447 1051 2548 1104 hoc
2580 1047 2726 1117 passi
2767 1045 3185 1102 convincantur.
3231 1041 3408 1112 Opera
3437 1043 3582 1098 enim

2012 1139 2336 1209 iniquitatis,
2363 1139 2560 1209 inquit,
2599 1138 2782 1196 omnia
2813 1151 2976 1207 opera
3002 1151 3213 1203 eorum,
3243 1144 3298 1193 et
3347 1149 3583 1191 summa-

2011 1231 2178 1288 timin
2210 1231 2292 1286 his
2327 1231 2504 1288 verbis
2526 1238 2612 1287 est
2640 1244 2769 1287 vera
2801 1229 2963 1285 totius
2994 1229 3234 1297 ipsorum
3293 1226 3418 1283 vitae
3442 1225 3586 1282 refu-

2011 1322 2166 1376 tatio.
2189 1319 2468 1376 Percurrit
2499 1320 2661 1376 etiam
2698 1319 2778 1376 sic
2805 1316 3015 1390 singula
3041 1324 3244 1381 errata,
3267 1331 3388 1372 cum
3417 1315 3582 1386 pedes

2009 1412 2142 1468 dicit
2171 1411 2239 1467 ad
2277 1411 2544 1467 malitiam
2576 1423 2818 1477 currere,
2841 1419 2897 1465 et
2924 1423 3049 1464 esse
3075 1407 3290 1464 veloces
3314 1407 3378 1463 ad
3408 1405 3584 1462 eﬁ‘un-

2008 1503 2242 1559 deudum
2278 1503 2615 1574 sanguinem,
2651 1516 2716 1557 ac
2755 1500 3114 1571 cogitationes
3153 1497 3460 1568 suscepisse
3515 1497 3583 1552 de

2009 1595 2267 1650 caedibus.
2303 1593 2512 1650 Rursus
2561 1593 2665 1650 hoc
2713 1592 2846 1648 mihi
2891 1598 3094 1660 specta,
3119 1587 3283 1659 quod.
3319 1586 3422 1643 etsi
3471 1585 3584 1656 plu-

2010 1686 2147 1741 rima
2190 1685 2302 1742 sint
2347 1685 2560 1758 delicta,
2589 1684 2821 1754 primum
2857 1687 3243 1738 commemoret
3275 1684 3581 1748 promptum

331 1797 471 1833 στων
496 1779 665 1834 ὄντων
685 1781 793 1835 τῶν
823 1781 1332 1853 πλημμελημάτων,
1364 1783 1581 1855 πρῶτος
1607 1783 1907 1854 διαμέμνη-

2010 1779 2174 1835 caedis
2201 1777 2481 1848 patranda:
2511 1775 2776 1830 studium.
2811 1771 3047 1829 Currere
3072 1771 3216 1826 enim
3264 1769 3373 1823 huc
3415 1767 3583 1837 pedes

325 1886 412 1923 ται
433 1872 532 1940 τῆς
562 1872 911 1944 ἑτοιμότητος
954 1873 1055 1944 τῆς
1086 1874 1165 1937 εἰς
1214 1874 1276 1927 τό
1305 1890 1392 1941 γε,
1416 1874 1561 1945 φημὶ
1598 1875 1658 1928 τὸ
1690 1874 1908 1929 ἑλέσθαι

327 1963 511 2033 φονᾷν.
535 1960 762 2034 Τρέχειν
787 1963 899 2035 γὰρ
930 1963 1035 2037 ἔφη
1083 1965 1220 2035 πρὸς
1259 1964 1418 2018 τοῦτο
1455 1967 1583 2031 τοὺς
1618 1966 1779 2030 πόδας
1809 1967 1911 2020 αύ-

324 2049 453 2115 τῶν,
478 2051 568 2105 καὶ
599 2051 741 2119 ὀξεῖς
793 2054 912 2126 ἦτοι
949 2054 1215 2125 ταχυνοὺς
1260 2049 1400 2109 εἶναι
1440 2055 1578 2126 πρός
1605 2073 1669 2125 γε
1713 2056 1774 2112 τὸ
1800 2057 1910 2111 δεῖν

323 2141 656 2212 εἰσδέχεσθαι
713 2143 1098 2216 διαλογισμοὺς
1137 2146 1264 2212 τοὺς
1306 2148 1392 2218 ἐφ’
1445 2145 1639 2216 αἵματί
1695 2164 1754 2201 τε
1816 2149 1912 2202 καὶ

325 2229 534 2298 φόνοις’
557 2231 872 2304 σύντριμμα
892 2235 949 2288 δὲ
977 2236 1071 2289 καῖ¹
1099 2237 1475 2307 ταλαιπωρίαν
1526 2239 1586 2291 ὲν
1628 2239 1750 2302 ταῖς
1770 2238 1912 2303 ὁδοῖς

322 2321 504 2375 αὐτῶν
535 2318 674 2378 εἶναι
704 2324 1050 2392 διατείνεται,
1095 2328 1196 2381 ούκ
1220 2329 1417 2384 εἰδέναι
1446 2347 1506 2383 τε
1534 2329 1636 2402 τὴν
1665 2331 1907 2402 εἰρήνην,

321 2411 440 2480 ἦτοι
477 2411 575 2483 τὴν
595 2414 692 2483 τῆς
723 2415 943 2486 εἰρήνης
962 2417 1099 2472 ὁδόν.
1129 2419 1198 2473 Ἀ
1219 2418 1328 2491 γάρ
1344 2419 1513 2490 ἔδρων
1526 2421 1776 2486 ἀνοσίως,
1815 2421 1912 2475 καὶ

322 2501 468 2572 πέρα
493 2503 695 2568 παντὸς
715 2505 884 2570 ίέντες
911 2507 1168 2578 θράσους,
1198 2510 1489 2581 συντριὸῆς
1516 2512 1605 2564 καὶ
1636 2511 1912 2566 ταλαιπω-

326 2591 445 2662 ρίας
465 2594 669 2660 αὐτοῖς,
685 2596 852 2667 ἤγουν
876 2601 1006 2669 παρ’
1026 2599 1208 2655 αὐτῶν
1231 2601 1440 2672 ἑτέροις
1450 2603 1640 2671 γέγονε
1653 2601 1908 2673 πρόξενα.

2007 1886 2198 1928 eorum
2227 1870 2324 1936 ait,
2349 1879 2407 1925 et
2439 1867 2644 1924 celeres
2677 1879 2744 1921 ac
2779 1863 2990 1921 veloces
3011 1876 3134 1918 esse
3156 1860 3224 1916 ad
3257 1858 3582 1930 capiendum

2007 1963 2234 2019 consilia
2269 1962 2336 2016 de
2387 1961 2649 2031 sanguine
2680 1967 2737 2013 et
2773 1957 2939 2014 caede.
2983 1954 3231 2012 Adit-mat
3275 1965 3490 2022 quoque
3527 1949 3582 2004 in

2008 2053 2112 2109 viis
2151 2067 2340 2107 eorum
2390 2049 2770 2107 contritionem
2800 2061 2922 2104 esse
2947 2061 3010 2102 ac
3047 2044 3342 2107 miseriam,
3381 2055 3584 2110 eosque

2008 2144 2224 2200 nescire
2262 2157 2472 2214 pacem,
2503 2155 2597 2197 seu
2623 2140 2765 2196 viam
2798 2139 2970 2210 pacis.
3005 2136 3139 2191 Nam
3173 2149 3293 2205 qua:
3321 2133 3489 2202 impie
3527 2139 3587 2187 et

2007 2233 2291 2305 plusquam
2326 2231 2582 2286 audacter
2607 2236 2914 2301 patrarunt,
2951 2226 3336 2284 contritiouem
3379 2230 3438 2279 et
3478 2223 3585 2276 mi-

2008 2329 2208 2385 seriam
2255 2327 2408 2397 ipsis,
2437 2334 2534 2383 aut
2559 2325 2627 2380 ab
2661 2323 2794 2393 ipsis
2833 2321 2953 2378 aliis
2994 2319 3387 2376 conﬂaverunt.
3418 2315 3589 2370 Erant

2010 2429 2191 2476 autem
2219 2419 2421 2490 ubique
2450 2432 2632 2474 rerum
2655 2417 2954 2471 alienarum
2976 2410 3269 2475 curiosi,et
3299 2404 3492 2460 tabula:
3521 2415 3590 2458 ac

2011 2513 2188 2568 litium
2220 2519 2632 2576 consutores,et
2659 2507 2851 2564 mor-bo
2870 2503 3211 2562 contentiose
3230 2495 3480 2569 litigandi
3513 2495 3589 2549 la-

2011 2603 2302 2659 borabant.
2329 2598 2496 2667 Cujus
2517 2597 2681 2653 etiam
2710 2609 2871 2652 causa
2905 2592 3029 2657 fuit,
3060 2589 3366 2661 praedarum
3399 2593 3456 2641 et
3482 2585 3583 2639 do-

321 2677 502 2740 Ἦσαν
543 2685 599 2738 δέ
629 2704 731 2740 που
761 2687 978 2754 πάντως
1012 2691 1502 2762 φιλοπραγματίαι,
1538 2694 1632 2746 καὶ
1650 2693 1907 2764 δικαρῤά-

2012 2707 2202 2748 norum
2233 2689 2670 2760 accipiendorum
2731 2685 3020 2753 cupiditas.
3085 2679 3225 2736 Hinc
3265 2687 3320 2736 et
3367 2675 3583 2747 quidem

322 2790 432 2842 φοι,
464 2776 558 2828 καὶ
599 2777 733 2830 πολὺ
763 2779 1046 2844 νοσοῦντες
1077 2781 1139 2834 τὸ
1159 2781 1375 2853 δύσεριο
1399 2783 1540 2852 καὶὴ
1571 2781 1762 2835 τούτου
1787 2783 1907 2854 πρό·

2008 2782 2310 2855 iustissime
2332 2821 2348 2847 ,
2381 2779 2498 2837 Non
2525 2779 2691 2850 832
2714 2785 2817 2841 est,
2863 2775 3062 2844 inquit,
3105 2771 3365 2844 judicium
3399 2769 3452 2823 in
3483 2767 3587 2823 viis

320 2881 485 2933 φασις
499 2865 800 2938 λημμάτων
819 2869 1003 2936 ἔφεσις
1035 2872 1129 2925 καὶ
1141 2871 1502 2944 δωροληψίας.
1528 2871 1799 2944 Ταύτῃτοι
1816 2874 1907 2929 καὶ

2014 2887 2223 2930 eorum.
2249 2869 2520 2926 iudicium
2543 2867 2633 2922 hic
2655 2864 2785 2920 dicit
2805 2861 3095 2933 justitiam,
3150 2860 3266 2914 sive
3300 2857 3583 2912 honestam

323 2956 468 3025 μάλα
489 2935 734 3026 εἰκότως,
763 2935 877 3014 Οὐκ
905 2959 1022 3014 ἐστι
1075 2935 1278 3033 κρίσι-ς,
1308 2935 1493 3032 cndu,
1527 2965 1584 3016 ὲν
1617 2935 1737 3028 ταῖς
1774 2965 1907 3030 ὁδοῖς

2013 2973 2069 3018 et
2110 2976 2318 3032 aequam
2349 2969 2400 3016 et
2449 2957 2778 3028 inculpatam
2843 2951 3099 3024 degenda:
3146 2949 3274 3004 vitae
3298 2935 3612 3002 rationem.'

321 3047 524 3102 αὐτῶν.
576 3050 774 3120 Κρίσιν
813 3052 871 3105 δέ
922 3069 1090 3123 φησιν
1135 3052 1372 3110 ἐνταῦθα
1415 3053 1512 3124 τὴν
1543 3056 1907 3128 δικαιοσύνην,

2017 3054 2108 3110 Sic
2128 3053 2274 3110 enim
2295 3050 2429 3106 dicit
2457 3049 2672 3106 divinus
2704 3045 2876 3101 David
2902 3044 2970 3101 de
2994 3040 3282 3113 praeceptis
3313 3033 3586 3128 Mosaicis;

319 3140 438 3210 ήτοι
483 3139 583 3212 τὴν
649 3144 1031 3216 ὲννομωτάτην
1087 3146 1182 3199 καὶ
1237 3146 1561 3218 ἀδιάϐλητον
1611 3125 1906 3206 πολιτείαν.

2021 3162 2040 3196 ι
2066 3141 2335 3199 iudicium
2368 3149 2424 3196 et
2442 3138 2707 3208 justitiam
2736 3135 2790 3191 in
2821 3132 2988 3190 Jacob
3033 3141 3092 3186 tu
3123 3127 3302 3186 fecisti
3324 3127 3394 3181 ".
3427 3145 3449 3179 ι
3480 3125 3588 3180 Ita-

494 3233 603 3325 γάρ
636 3234 737 3288 πού
756 3253 924 3307 φησιν
947 3239 976 3290 ὁ
1004 3236 1288 3302 θεσπέσιος
1325 3238 1492 3292 Δαϐὶδ
1526 3241 1655 3312 περὶ
1686 3242 1785 3306 τῆς
1819 3241 1907 3296 διὰ

2011 3249 2118 3306 que
2146 3248 2252 3290 non
2287 3242 2371 3287 est
2408 3231 2697 3293 rectitudo,
2728 3242 2822 3284 seu
2864 3223 3072 3296 justitia
3119 3222 3178 3277 in
3220 3221 3326 3276 viis
3373 3232 3585 3274 eorum.

317 3323 560 3389 Μωσέως
574 3311 831 3398 ⁸ἐντολῆς,
862 3346 881 3379 ι
910 3327 1108 3400 Κρίσιν
1128 3329 1223 3382 καὶ
1248 3311 1684 3402 δικαιοσύνηνγὲν
1713 3332 1907 3388 Ἰακὼὸ

2012 3329 2153 3386 Sunt
2201 3325 2346 3382 enim
2401 3337 2691 3394 perversae,
2741 3329 2796 3375 et
2835 3331 3024 3389 pacem
3072 3314 3304 3386 fugiunt,
3338 3311 3420 3367 vel
3467 3324 3588 3365 cum

329 3417 393 3470 σὺ
419 3416 700 3488 ἐποίησας.
733 3436 752 3470 ι
782 3419 979 3472 Ούκοῦκ
1017 3420 1269 3489 εὐθύτης,
1300 3421 1420 3492 ήτοι
1445 3422 1783 3494 δικαιοσύνη,
1808 3425 1907 3480 οὐκ

2009 3419 2132 3474 aliis
2155 3431 2344 3488 pacem
2368 3415 2550 3472 colere
2597 3413 2935 3466 detrectant:
2967 3407 3047 3462 vel
3085 3421 3268 3475 pacem
3307 3405 3394 3459 hic
3434 3408 3593 3457 vocat

318 3508 462 3562 ἐστιν
497 3509 556 3563 ἐν
582 3511 701 3575 ταῖς
728 3511 867 3574 ὁδοῖς
903 3511 1102 3565 αὐτῶν.
1147 3513 1588 3584 Διεστραμμέναι
1628 3514 1738 3586 ¹τιῖιρ
1775 3517 1902 3581 εἰσι,

2011 3508 2298 3564 Dominum
2326 3515 2569 3560 nostrum
2605 3499 2788 3555 Jesum
2821 3497 3295 3565 Christum,quem
3323 3495 3466 3548 scire
3497 3507 3592 3547 uo-

319 3600 412 3654 καὶ
440 3600 700 3670 φεύγουσι
718 3601 818 3672 τὴν
845 3601 1091 3674 εἰρηνὴν,
1125 3604 1245 3676 ἦτοι
1289 3604 1427 3676 πρὸς
1452 3605 1671 3675 ἑτέρους
1699 3583 1905 3677 εἰρηνι-

2012 3597 2515 3665 luerunt,interitus
2536 3593 2747 3648 foveam
2774 3591 2989 3646 sibimet
3022 3588 3310 3642 fodientes.
3337 3583 3592 3652 Propter-

318 3693 404 3746 κοὶ
433 3692 884 3764 παραιτούμενοι,
922 3692 1091 3764 ήγουν
1119 3675 1345 3766 εἰρηνὴν
1375 3693 1564 3749 ἐνθάδε
1614 3695 1780 3767 φησὶν
1808 3675 1905 3753 τὸν

2011 3707 2075 3748 ea
2125 3693 2269 3747 enim
2316 3684 2788 3744 dicit;Abscessit
2827 3681 3091 3750 judicium
3127 3675 3353 3756 abillis,
3387 3675 3436 3728 id
3481 3682 3587 3738 cst,

318 3782 522 3853 Κύριον
571 3783 729 3854 ήμῶν
803 3783 1012 3855 Ἰησοῦν
1051 3765 1309 3856 Χριστὸν,
1361 3784 1421 3839 ὃν
1481 3787 1582 3866 οὐκ
1634 3765 1905 3859 ἠθέλησαν

2008 3782 2120 3838 [lac
2158 3783 2224 3838 de
2254 3795 2418 3836 causa
2477 3778 2701 3834 recessit
2742 3775 2812 3829 ab
2858 3772 2965 3828 illis
3001 3769 3238 3840 justitia,
3266 3776 3322 3822 ct
3362 3765 3589 3820 scientia

316 3873 535 3938 εἰδέναι,
569 3872 660 3926 τὸν
682 3872 782 3943 τῆς
806 3872 1082 3938 ἀπωλείας
1107 3875 1320 3939 ἑαυτοῖς
1342 3859 1660 3946 ὀρύττοντες
1683 3875 1902 3948 βόθρον.

2008 3875 2200 3948 agendi
2242 3889 2326 3941 ea,
2353 3889 2472 3944 quae
2495 3870 2722 3942 iustitia:
2750 3881 3006 3924 coronam
3040 3863 3126 3920 his
3153 3861 3466 3933 acquirunt,
3496 3859 3620 3945 qui,

321 3966 420 4019 Διὰ
458 3964 618 4020 τοῦτο
665 3965 796 4037 γὰρ,
836 3966 1022 4039 φησὶν,
1053 3968 1265 4040 ἀπέστη
1295 3971 1328 4041 ή
1360 3970 1543 4042 κρίσις
1582 3971 1677 4024 ἀπ’
1703 3971 1904 4037 αὐτῶν,

2009 3973 2097 4028 illa
2133 3971 2321 4027 volunt
2365 3967 2602 4024 ellicere.
2631 3962 2789 4020 Omni
2830 3967 3010 4015 autem
3051 3953 3322 4032 spirituali
3362 3951 3588 4008 scicntia

316 4056 588 4122 τουτέστι,
619 4058 824 4128 ταύτης
852 4059 1015 4114 ἕνεκα
1063 4059 1163 4130 τῆς
1213 4061 1391 4125 αἰτίας
1422 4063 1788 4135 ἁπεφοίτησεν
1811 4063 1907 4117 αύ-

2009 4071 2198 4119 carent
2241 4059 2434 4126 Judaei,
2463 4068 2517 4114 et
2557 4054 2952 4128 quodammodo
2987 4047 3253 4106 abscessit
3289 4045 3356 4100 ab
3407 4045 3591 4098 animo

317 4148 424 4202 τῶν
458 4151 491 4220 ή
517 4147 856 4223 δικαιοσύνη,
880 4152 1048 4222 ἦγουν
1092 4151 1153 4205 τὸ
1195 4153 1393 4208 εἰδέναι
1433 4153 1588 4225 δρᾷν,
1619 4154 1656 4209 ἃ
1685 4155 1778 4209 τὸν
1809 4156 1907 4226 τῆς

2013 4170 2228 4220 eorum,
2253 4167 2362 4225 quo
2395 4158 2557 4223 pacto
2582 4150 2684 4204 rite
2714 4148 2854 4218 quod
2884 4145 2993 4201 Deo
3024 4150 3235 4215 gratum
3265 4137 3336 4195 sit
3368 4137 3587 4192 obeunt.

315 4239 656 4312 δικαιοσύνης
714 4246 1074 4313 περιποιεῖται
1131 4245 1393 4315 στέφανον
1452 4250 1565 4312 τοῖς
1629 4247 1925 4319 κατορθοῦν
1982 4248 2281 4320 ᾑρημένοις
2353 4243 2512 4298 αὐτά.
2572 4240 2718 4306 Ἕξω
2777 4239 2834 4293 δὲ
2893 4237 3074 4307 πάσης
3127 4232 3264 4287 εἰσὶν
3311 4226 3592 4297 εὐτεχνίας

318 4339 691 4407 πνευματικῆς
727 4338 990 4405 Ἰουδαῖοι,
1033 4341 1127 4394 καὶ
1157 4337 1266 4394 οἷον
1291 4342 1512 4413 ἁπέπτη
1570 4345 1669 4415 τῆς
1699 4343 1937 4408 διανοίας
1989 4343 2169 4399 αὐτῶν
2227 4342 2288 4396 τὸ
2326 4341 2419 4396 καὶ
2439 4339 2576 4402 ὅλως
2605 4337 2804 4391 εἰδέναι
2833 4330 3094 4388 δύνασθαί
3119 4346 3171 4382 τι
3194 4327 3301 4382 τῶν
3331 4322 3591 4396 ἀρεσκόν-

315 4447 424 4483 των
447 4429 566 4500 Θεῷ
597 4431 962 4504 διαπεραίνειν
983 4433 1179 4506 ὀρθῶς.
1650 4495 1654 4498 .

401 4525 416 4543 ⁴
432 4526 882 4594 Υπομεινάντων
906 4529 1104 4585 αὐτῶν
1127 4531 1256 4601 φῶς
1277 4531 1516 4601 ἐγένετο
1540 4533 1747 4600 αὐτοῖς
1773 4537 1907 4589 σκό-

2085 4529 2249 4584 Vsns.
2271 4524 2424 4584 9-H.
2449 4521 2583 4578 Cum
2603 4528 2957 4588 exspectarent
2979 4517 3168 4582 lucem,
3195 4515 3352 4583 facta:
3369 4522 3488 4568 sunt
3512 4511 3589 4568 eis

317 4634 440 4684 τος,
497 4617 809 4687 μείναντες
857 4620 1056 4690 αὐγὴν
1095 4623 1160 4676 ἐν
1206 4624 1393 4693 dupla
1425 4623 1894 4694 περιεπάτησαν.

2008 4623 2264 4678 tenebrae:
2286 4617 2650 4684 prastolantes
2688 4611 3033 4681 splendorem,
3071 4610 3124 4662 in
3156 4607 3379 4678 caligine
3401 4604 3588 4658 ambu-

324 4710 816 4778 Ψηλαερήσουσιν
860 4711 940 4777 ὠς
986 4713 1215 4781 τυφλὸς
1252 4715 1477 4784 τοῖχον,
1527 4716 1628 4771 καὶ
1669 4717 1751 4783 ὡς
1787 4719 1901 4787 οὐχ

316 4801 714 4869 ὑπαρχόντων
765 4802 1096 4872 ὀφθαλμῶν
1151 4807 1617 4876 ψηλαφήσουσι,
1669 4809 1770 4864 καί
1800 4822 1905 4864 πε-

317 4893 572 4947 σοῦνται
625 4893 696 4947 ἐν
733 4895 1094 4964 μεσημϐρίᾳ,
1132 4897 1213 4961 ὠς
1253 4897 1324 4952 ἐν
1370 4903 1768 4970 μεσονυκτίῳ.
1808 4901 1902 4969 Ὠς

316 4984 810 5053 ἀποθνήσκοντες
839 4985 1272 5054 στενάξουσιν,
1303 4989 1384 5058 ὡς
1415 4990 1598 5062 ἄρκος
1652 4993 1754 5048 καί
1797 5010 1900 5049 πε-

314 5078 564 5147 ριστερὰ
587 5078 707 5145 ἅμα
725 5080 1147 5147 πορεύσονται.

405 5171 701 5242 Ἐπάρατον
729 5171 930 5230 αὐτῶν.
960 5173 1053 5226 καὶ
1077 5175 1465 5249 ὲκνομωτάτην
1487 5180 1772 5249 ἀποφήνας
1800 5177 1900 5250 τὴν

321 5262 486 5332 ζωήν·
541 5262 647 5334 ἔφη
692 5263 820 5336 γὰρ,
846 5265 964 5320 τίνα
994 5266 1130 5339 ἔργα
1159 5270 1338 5326 αὐτῶν
1369 5269 1505 5342 ἔργα
1523 5271 1774 5341 ἀνομίας,
1805 5271 1900 5324 καὶ

319 5353 492 5413 ταῦτα
523 5355 733 5420 λεπτῶς
775 5357 1324 5434 ἀπαριθμησάμενος,
1371 5363 1495 5416 τίνα
1532 5363 1592 5417 τέ
1628 5365 1766 5425 ἐστι,
1804 5365 1897 5418 καὶ

394 5533 443 5566 ⁷⁸
474 5533 612 5588 Psal.
649 5550 834 5602 cxvm,
879 5536 995 5592 lii.

2005 4715 2204 4770 larunt.
2230 4710 2532 4780 Palpabunt
2570 4716 2820 4777 tanquam
2866 4719 3034 4758 ca'cus
3078 4704 3351 4774 parietem,
3377 4710 3425 4755 et
3473 4710 3590 4754 tan-

2007 4821 2164 4877 quam
2196 4805 2250 4858 hi
2291 4802 2379 4873 qui
2428 4798 2596 4855 oculis
2624 4798 2762 4867 capti
2799 4805 2941 4860 sunt,
2967 4794 3281 4865 palpabunt,
3318 4803 3365 4846 et
3399 4791 3588 4845 callent

2009 4900 2066 4954 in
2101 4896 2336 4960 meridie,
2380 4893 2519 4947 velut
2563 4893 2618 4944 in
2667 4899 2814 4944 nocte
2852 4890 3045 4944 media.
3095 4885 3264 4952 Quasi
3303 4883 3586 4937 morientes

2007 4999 2228 5063 gement,
2250 4986 2401 5059 quasi
2447 5001 2606 5039 ursus
2641 4993 2689 5037 et
2715 4982 2870 5051 quasi
2907 4977 3150 5034 columba
3178 4975 3379 5046 pariter
3399 4973 3586 5028 auibu-

2007 5085 2215 5139 labunt.

2077 5171 2481 5231 Essecrabilem
2517 5183 2704 5226 eorum
2735 5162 3196 5234 etittiquissituam
3239 5159 3400 5213 vitam
3432 5164 3582 5226 post-

2004 5283 2165 5338 quam
2214 5261 2656 5322 ostcnditzdixit
2707 5253 3097 5324 enitn:0pcra
3156 5264 3368 5312 eorum.
3418 5261 3580 5317 opera

2006 5358 2336 5431 iniquitatis:
2362 5366 2416 5412 et
2444 5355 2530 5412 his
2557 5353 2864 5412 minutatim
2895 5363 2962 5404 ac
2991 5343 3266 5417 sigillatim
3290 5354 3578 5400 enumera-

393 5710 466 5778 (l)
503 5711 630 5764 LXX
669 5711 883 5773 addunt,
914 5711 1004 5763 καὶ
1049 5713 1106 5765 οὐ
1149 5712 1222 5782 μὴ
1275 5711 1551 5782 ntulit?“
1602 5714 1791 5772 αι’ῑοας
1827 5708 2153 5781 δικαιοσύνη.
