4090 6216
447 213 573 272 1511

1502 210 1562 267 S.
1599 209 1872 267 CYRILLI
1907 210 2376 268 ALEXANDRINI
2414 212 2729 269 ARCHIEP.

3575 219 3732 274 1512

449 333 546 400 tis,
565 341 620 385 et
645 342 891 400 quaenam
922 335 1126 396 essent,
1163 341 1229 383 ac
1254 327 1583 398 cuiusmodi,
1617 336 1904 398 postquam
1926 344 2026 383 ex-

2129 328 2196 382 δι’
2229 329 2372 383 ὅσων
2401 328 2621 400 ἔρχεται
2659 327 2878 398 τρόπων
2918 328 3108 394 είπὼν,
3161 329 3474 399 ἀναγκαίως
3517 332 3746 403 ἐπάγειο

447 424 648 494 posuit,
685 420 994 477 necessario
1029 418 1194 475 infert
1241 435 1304 474 ac
1333 419 1631 490 subjungit,
1663 428 1720 474 et
1761 419 2022 474 damnum

449 517 577 572 hinc
607 515 710 570 illis
738 513 1024 578 indictum,
1057 523 1113 566 et
1151 512 1504 570 intolerandae
1534 512 1845 568 vitiositatis
1881 521 2025 568 reta—

448 607 748 672 liationem,
785 621 848 658 ac
872 605 1165 674 impietatis
1189 605 1429 674 ipsorum
1463 604 1694 660 fructus.
1722 605 2021 674 Exspecta-

447 700 579 754 bant
605 699 750 753 enim
779 695 947 752 Judrei
964 696 1377 752 illustrationem
1410 711 1440 750 a
1459 695 1709 758 Christo,
1730 693 2025 750 audiebant

445 789 739 860 prophetas
780 797 1000 844 sanctos
1049 792 1350 844 clamantes
1409 789 1696 845 manifeste
1732 808 1745 845 :
1785 788 2024 843 tlllnmi-

448 896 599 945 narc,
641 880 966 946 illuminare,
992 880 1332 936 Jerusalem:
1369 882 1520 935 venit
1545 881 1689 935 enim
1724 880 1813 934 lux
1835 889 1947 944 tua,
1969 888 2025 936 et

447 973 616 1044 gloria
649 971 859 1027 Domini
913 986 1076 1041 super
1104 981 1156 1026 te
1182 980 1302 1026 orta
1335 978 1422 1025 est
1455 970 1523 1022 ⁷⁸.
1555 987 1575 1022 ι
1605 969 1672 1024 Ει
1727 979 1855 1025 tunc
1895 983 2024 1038 ape-

450 1073 658 1119 rientur
686 1064 828 1119 oculi
858 1077 1160 1118 caecorum:
1190 1072 1246 1117 et
1279 1070 1543 1132 quantum
1598 1062 1666 1116 ad
1707 1071 2024 1116 sanctorum

448 1157 836 1227 prophetarum
873 1155 1277 1225 praedictionem
1317 1155 1530 1218 attinet,
1560 1169 1665 1208 non
1705 1163 1862 1208 erant
1884 1154 2023 1207 bona

445 1264 542 1318 spe
588 1247 829 1303 destituti
884 1247 1092 1302 miseri.
1145 1246 1425 1316 Siquidem
1469 1245 1612 1300 inter
1663 1261 1725 1301 se
1771 1244 2025 1301 dicebant

449 1341 743 1412 aliquando
776 1340 1018 1396 Iudaica:
1057 1337 1356 1410 Synagogae
1388 1339 1647 1410 praesides
1680 1357 1693 1393 :
1736 1357 1755 1391 ι
1792 1337 1930 1393 Num
1958 1353 2026 1393 ex

447 1435 663 1490 Galilma
694 1434 942 1489 Christus
992 1433 1180 1488 venit?
1223 1431 1412 1488 Nonne
1453 1431 1734 1501 Scriptura
1764 1431 1916 1498 dicit,
1958 1445 2024 1486 ex

447 1527 658 1582 semine
697 1526 943 1592 ‘Davidis,
974 1535 1031 1581 et
1073 1540 1103 1580 a
1158 1524 1434 1581 Bethleem
1469 1524 1588 1579 vico
1617 1523 1890 1578 Christum
1935 1537 2030 1579 ve-

448 1618 709 1673 nirem!»
748 1617 1090 1672 Samaritana
1137 1631 1352 1686 quoque
1411 1615 1498 1669 illa
1553 1614 1746 1671 mulier
1778 1613 2023 1670 confessa

2128 421 2221 476 καί
2264 421 2616 495 παρατίθησι,
2649 421 2744 474 καὶ
2784 421 2886 491 τὴν
2916 420 3168 476 ἐντεῦθεν
3208 424 3393 488 αὐτοῖς
3434 425 3734 498 ἐντετριμ-

2127 512 2295 585 μένην
2317 514 2537 585 ζημίαν,
2562 516 2657 569 καί
2696 514 2795 584 τῆς
2826 514 3057 585 ἀσχέτου
3087 514 3421 586 φαυλότητος
3454 515 3554 588 τὴν
3588 517 3732 571 άντ-

2123 603 2347 669 ἐκτισιν,
2375 603 2494 674 Ιἢτοι
2523 605 2650 667 τοὺς
2671 604 2772 674 τῆς
2793 603 3022 679 ἐνούσης
3055 604 3238 667 αὐτοῖς
3269 603 3528 669 ἀσεϐείας
3589 581 3752 676 καρο1

2125 695 2280 758 πούς.
2302 695 2654 766 Προσεδόκων
2677 696 2773 765 μὲν
2799 696 2906 767 γὰρ
2939 695 3182 749 Ἰουδαῖοι
3204 696 3295 769 τὸν
3319 697 3472 768 παρὰ
3496 697 3732 768 Χριστῷ

2125 787 2427 859 φωτισμόν.
2492 788 2728 841 Ἤκουον
2778 787 3076 861 προφητῶν
3136 788 3309 856 ἁγίων
3356 789 3729 844 ἀναϐοώντων

2125 880 2448 948 ἀναφανδὸν,
2487 898 2507 931 r
2535 879 2799 944 Φωτίζου,
2838 879 3096 949 φωτίζου,
3147 880 3528 952 Ἰερουσαλὴμ,
3591 882 3726 953 ἥκει

2124 970 2234 1041 γὰρ
2269 970 2331 1024 τὸ
2359 971 2474 1040 φῶς
2503 987 2621 1037 σου,
2647 972 2742 1025 καὶ
2761 973 2795 1042 ἠ
2815 971 2942 1039 δόξα
2969 972 3174 1042 κυρίου
3205 973 3300 1025 ἐπὶ
3325 972 3385 1026 σὲ
3422 973 3730 1030 ἀνατέταλ-

2125 1081 2214 1120 κε.
2254 1082 2274 1117 ι
2310 1065 2422 1119 Καὶ
2456 1065 2577 1119 τότε
2617 1065 3030 1137 ἀνοιχθήσονται
3050 1065 3322 1138 ὀφθαλμοὶ
3357 1068 3597 1138 τυφλῶν,
3622 1069 3723 1124 καὶ

2125 1156 2186 1210 τό
2223 1173 2288 1225 γε
2319 1151 2455 1228 ἦκον
2478 1159 2559 1220 είς
2586 1157 2685 1228 τὴν
2714 1157 2825 1211 τῶν
2855 1157 3027 1227 ἁγίων
3055 1159 3354 1230 προφητῶν
3383 1161 3725 1232 προαγόρευ-

2127 1265 2231 1310 σιν,
2266 1249 2367 1302 οὐκ
2399 1247 2504 1313 ἔξω
2541 1249 2784 1319 χρηστῆς
2813 1249 3028 1313 ἐλπίδος
3069 1245 3212 1321 ἦσαν
3250 1253 3300 1306 οἱ
3326 1251 3582 1316 τάλανες.
3608 1252 3727 1305 Καὶ

2125 1341 2258 1407 γοῦν
2290 1340 2660 1411 προσελάλουν
2693 1341 2946 1414 ἀλλήλοις
2989 1341 3118 1396 ποτέ
3144 1343 3245 1413 τῆς
3287 1344 3560 1399 Ἰουδαίων
3589 1344 3726 1397 Συν-

2127 1433 2352 1502 αγωγῆς
2389 1433 2440 1484 oi
2473 1433 2895 1504 προεστηκότες,
2938 1451 2957 1484 ι
2998 1432 3091 1504 Μὴ
3131 1433 3196 1486 ἐκ
3216 1433 3318 1504 τῆς
3347 1434 3643 1498 Γαλιλαίας
3692 1433 3728 1487 ὸ

2127 1521 2362 1592 Χριστὸς
2383 1520 2624 1592 ἔρχεται;
2653 1521 2752 1592 οὐχ
2778 1522 2813 1592 ὴ
2839 1521 3029 1594 Γραφὴ
3062 1519 3239 1589 εἶπεν,
3265 1524 3349 1578 ὅτι
3379 1524 3445 1577 ἐκ
3473 1523 3727 1595 σπέρμα-

2127 1623 2219 1669 τος
2250 1605 2433 1672 Δαϐὶδ,
2469 1608 2564 1661 καὶ
2602 1607 2712 1661 ἀπὸ
2760 1608 3018 1681 Βηθλεέμ
3055 1611 3155 1682 τῆς
3204 1611 3396 1684 κώμης
3426 1614 3456 1666 ὁ
3484 1611 3725 1682 Χριστὸς

447 1717 531 1763 est
590 1709 896 1774 manifeste,
952 1709 1127 1778 ipsum
1170 1707 1335 1778 833
1384 1708 1660 1764 Christum
1715 1707 2014 1778 alluquens,

2129 1697 2364 1769 ἔρχεται;
2391 1718 2409 1751 ι
2440 1701 2549 1753 Καὶ
2582 1701 2616 1771 ή
2637 1701 2966 1772 Σαμαρεῖτις
2990 1703 3174 1775 ἐκείνη
3199 1704 3336 1775 γυνὴ
3386 1704 3726 1774 διωμολόγη-

447 1801 711 1854 adventus
739 1798 1014 1855 virtutem.
1055 1800 1275 1854 Dicebat
1307 1800 1496 1854 enim:
1530 1818 1548 1851 ι
1589 1799 1845 1855 Novimus
1883 1797 2024 1868 quod

451 1888 678 1944 Messias
732 1889 900 1955 venit,
957 1888 1050 1960 qui
1091 1888 1578 1946 diciturChristus.
1629 1888 1767 1945 Cum
1817 1888 2028 1944 venerit

450 1979 557 2043 ille,
592 1979 1113 2034 annuntiabitnobis
1139 1979 1344 2035 omnia.
1397 1998 1417 2031 ι
1444 1979 1842 2049 Exspectabam
1872 1991 2024 2048 ergo,

449 2080 511 2126 ut
565 2071 697 2138 dixi,
747 2071 1163 2127 illustrationem
1196 2087 1226 2126 a
1259 2071 1512 2128 ChriSto:
1542 2071 1637 2127 sed
1679 2071 2028 2142 contigerunt

447 2173 650 2230 praeter
697 2179 846 2234 spem
903 2163 1009 2220 illis
1056 2165 1259 2222 omnia.
1308 2163 1426 2219 Non
1475 2165 1618 2220 enim
1649 2179 1829 2220 veram
1853 2164 2028 2219 lucem

450 2253 808 2319 admiserunt,
846 2253 938 2309 sed
968 2268 1088 2309 cum
1119 2255 1371 2310 tenebras
1405 2254 1548 2310 ultro
1581 2255 1683 2310 sibi
1730 2253 2028 2310 accersitas

453 2353 711 2413 tanquam
755 2345 810 2399 in
859 2345 1129 2400 domicilia
1159 2346 1462 2400 animorum
1508 2345 1858 2416 recepissent,
1893 2341 2025 2399 caeci

449 2436 795 2500 emiterunt,
824 2445 881 2490 et
911 2436 1076 2490 duces
1103 2451 1396 2504 cazcorum,
1421 2441 1578 2508 juxta
1597 2435 1904 2491 Servatoris
1934 2449 2028 2489 vo.

450 2541 568 2582 cem
597 2524 664 2580 ".
695 2525 829 2580 Dum
855 2525 1019 2597 igitur
1045 2526 1221 2582 lucem
1253 2527 1326 2581 illi
1355 2528 1816 2597 pmstolarentur,
1842 2527 1894 2580 id
1919 2532 2028 2592 est,

450 2628 734 2690 sperarent
760 2628 815 2673 et
851 2625 1262 2689 exspectarent,
1287 2618 1597 2690 obtigerunt
1632 2617 1738 2673 illis
1774 2615 2027 2672 tenebm.

451 2713 518 2768 Et
545 2721 923 2782 exspectantes
939 2711 1302 2782 splendorem,
1325 2712 1377 2766 in
1401 2710 1630 2780 caligine
1651 2711 2027 2765 versabantur.

449 2800 595 2859 Idem
647 2818 837 2858 rursus
883 2803 1042 2858 aliter
1080 2803 1244 2858 etiam
1293 2803 1358 2858 de
1407 2805 1595 2858 eadem
1644 2816 1701 2857 re
1729 2802 1880 2871 ponit
1907 2817 2032 2872 pro-

450 2897 634 2969 pheta,
694 2897 963 2952 dictorum
1015 2896 1343 2952 sententiam
1391 2909 1688 2965 exponens.
1731 2893 1836 2962 Qui
1885 2895 2028 2950 enim

451 2989 795 3060 splendorem
819 2998 1229 3058 exspectarunt,
1254 2988 1308 3042 in
1344 2985 1584 3042 tenebris
1612 2985 1895 3055 profundis
1917 3001 2030 3040 am-

450 3081 797 3137 'oulaverunt.
843 3080 956 3137 Hoc
990 3082 1135 3137 enim
1155 3081 1258 3150 τῆς
1286 3081 1516 3151 ἁωρίας,
1557 3079 1609 3134 id
1642 3089 1745 3146 est,
1778 3079 2030 3150 caliginis

452 3188 649 3228 nomen
699 3172 984 3242 signiﬁcat.
1042 3171 1248 3226 Deinde
1287 3181 1345 3224 ut
1365 3170 1650 3236 czecitatis,
1680 3185 1800 3238 quae
1834 3170 1889 3224 in
1924 3169 2030 3225 illis

451 3265 576 3329 luit,
609 3263 1030 3334 magnitudinem
1067 3261 1403 3330 exprimeret
1430 3261 1797 3331 :Palpabunt,
1827 3261 2026 3332 inquit,

454 3366 714 3424 tanquam
769 3365 945 3408 caecus
994 3349 1064 3406 ad
1111 3351 1395 3420 parietem.
1433 3351 1526 3406 Sic
1559 3353 1704 3406 enim
1758 3352 2027 3408 interdum

450 3443 728 3500 ambulare
777 3451 1194 3506 consueverunt,
1224 3442 1315 3512 qui
1359 3441 1640 3498 oculorum
1679 3442 1928 3498 caecitate
1957 3442 2028 3497 la-

452 3539 667 3592 borant.
700 3535 768 3590 Et
791 3536 848 3590 in
883 3535 1018 3604 ipso,
1056 3534 1251 3604 inquit,
1273 3533 1519 3599 meridie,
1564 3543 1818 3604 tanquam
1851 3532 2027 3590 media

452 3639 609 3686 nocte
634 3630 848 3685 cadent.
894 3627 1171 3684 Meridiem
1206 3629 1423 3692 usitate,
1459 3627 1691 3682 mediam
1744 3627 1850 3682 diei
1898 3642 2028 3697 par-

454 3733 560 3778 tem
591 3722 856 3785 nominat,
897 3721 1114 3791 quando
1138 3718 1270 3775 solis
1305 3719 1540 3775 circulus
1568 3719 1806 3774 medium
1828 3718 2026 3775 caelum

452 3830 666 3882 tenens,
683 3815 862 3870 radios
892 3812 1241 3870 intentissimi
1274 3812 1469 3870 caloris
1492 3813 1740 3869 immittit
1759 3822 1920 3869 terrae
1946 3813 2026 3868 in-

451 3907 607 3974 colis,
634 3917 687 3962 ct
727 3907 874 3963 velut
907 3907 1248 3976 opulentiore
1308 3905 1614 3975 splendoris
1656 3907 1811 3976 copia
1854 3904 2024 3961 collu—

458 4010 599 4057 strat
642 4001 867 4066 omnia;
900 3998 1272 4071 μεσονύκτιον,
1317 3997 1368 4053 id
1403 4007 1507 4064 est,
1555 3998 1787 4054 medium
1829 3999 2023 4066 noctis,

433 4096 664 4166 quando
685 4093 962 4164 profundae
1001 4093 1240 4149 tenebras
1279 4092 1533 4148 omnibus
1574 4093 1677 4148 sub
1710 4093 1835 4148 caeli
1876 4108 2026 4150 com-

2127 1807 2224 1844 κεν
2254 1791 2500 1862 ἐναργῶς
2527 1791 2676 1863 αύτῷ
2710 1793 3095 1864 προσλαλοῦσα
3134 1794 3358 1866 Χριστῷ
3394 1795 3498 1864 τῆς
3532 1795 3726 1865 ἐπιδη-

2130 1881 2259 1952 μίας
2287 1881 2386 1953 τὴν
2420 1882 2670 1955 δύναμιν.
2698 1885 2844 1956 Ἔφη
2870 1886 3006 1958 γὰρ,
3037 1887 3123 1940 ὅτι
3145 1887 3426 1958 (Οἴδαμεν
3455 1888 3538 1940 ὅτι
3571 1888 3720 1941 Mec-

2129 1973 2250 2036 σίας
2281 1972 2504 2044 ἔρχεται
2532 1977 2561 2029 ὁ
2587 1975 2876 2046 λεγόμενος
2893 1977 3156 2048 Χριστόςο
3189 1977 3318 2032 ὅταν
3340 1976 3468 2049 ἔλθῃ
3489 1977 3721 2042 ἐκεῖνος,

2127 2065 2417 2135 εύαγγελεῖ
2443 2069 2574 2138 ἡμῖν
2599 2069 2798 2123 πάντα.
2825 2087 2844 2121 ›
2869 2067 3080 2123 Οὐκοῦν
3105 2070 3450 2141 προσεδόκων
3490 2069 3610 2140 μὲν,
3645 2068 3726 2131 ὡς

2129 2157 2287 2229 ἔφην.
2303 2159 2394 2218 τὸν
2411 2157 2562 2231 παρὰ
2582 2159 2820 2234 Χριστοῦ
2845 2155 3147 2232 φωτισμὸν,
3177 2161 3292 2216 ἀλλ’
3309 2158 3607 2231 ἐκϐέϐηκεν
3621 2157 3725 2212 αὑ-

2129 2251 2238 2311 τοῖς
2255 2252 2336 2314 εἰς
2351 2253 2461 2304 πᾶν
2475 2252 2786 2306 τούναντίον
2801 2253 2868 2307 τὰ
2884 2256 2982 2324 τῆς
2999 2252 3316 2317 ἐλπίδος.οὺ
3341 2251 3449 2323 γὰρ
3465 2248 3722 2322 προσεδέ-

2132 2338 2290 2405 ξαντο
2322 2341 2384 2395 τὸ
2407 2343 2523 2412 φῶς
2543 2343 2605 2397 τὸ
2624 2344 2897 2415 ἀληθινὸν,
2925 2345 3258 2416 αὐτόκλητον
3289 2345 3346 2398 δέ
3381 2343 3567 2413 ῶσπερ
3594 2343 3722 2403 ταῖς

2131 2433 2342 2486 ἑαυτῶν
2360 2433 2624 2498 διανοίαις
2635 2436 3059 2506 εἰσοικισάμενοι
3075 2436 3280 2499 σκότον,
3297 2435 3476 2503 τυφλοὶ
3493 2431 3726 2501 γεγόναρ

2133 2543 2208 2589 σι,
2235 2525 2330 2580 καὶ
2346 2525 2560 2596 τυφλῶν
2585 2527 2796 2598 ὁδηγοὶ,
2816 2527 2960 2582 κατὰ
2986 2528 3083 2597 τὴν
3107 2527 3197 2581 τοῦ
3225 2527 3476 2597 Σωτῆρος
3500 2525 3723 2594 φωνήν.

2130 2615 2252 2680 Φῶς
2284 2617 2463 2671 τοίνυν
2492 2619 2903 2688 ὑπομεινάντων
2931 2619 3126 2682 αὐτῶν,
3148 2618 3426 2672 τουτέστιν
3459 2615 3728 2670 ἐλπισάν-

2131 2723 2240 2759 των
2255 2706 2373 2777 ἦτοι
2389 2708 2902 2779 προσδοκησάντων,
2939 2709 3160 2779 γέγονεν
3179 2710 3359 2772 αὐτοῖς
3390 2707 3602 2774 σκότος,
3626 2705 3730 2761 καὶ

2137 2797 2420 2868 μείναντες
2463 2800 2638 2870 αὐγὴν
2665 2801 2724 2855 ἐν
2753 2801 2932 2872 ἁωρίᾳ
2985 2802 3419 2873 περιεπάτησαν.
3469 2800 3610 2854 Αὐτὸ
3659 2799 3728 2871 δὴ

2135 2887 2297 2944 πάλιν
2317 2889 2541 2962 ἑτέρως,
2574 2892 2709 2962 ἧτοιξ
2745 2893 2877 2963 περὶ
2897 2893 2992 2946 τοῦ
3017 2893 3181 2946 αὑτοῦ
3207 2893 3424 2964 τίθησιν
3452 2895 3482 2946 ὁ
3513 2894 3729 2964 προφή-

2133 2997 2258 3052 της,
2291 2981 2400 3038 τῶν
2430 2984 2735 3057 εἰρημένων
2771 2984 3213 3041 καταλευκαίνων
3243 2984 3335 3040 τὸν
3367 2983 3513 3039 νοῦν.
3535 2986 3594 3038 Oi
3616 2977 3730 3047 γὰρ

2134 3074 2310 3147 αὐγὴν
2354 3076 2848 3148 προσδοκήσαντες,
2881 3081 2940 3132 ἐν
2984 3079 3162 3150 σκότῳ
3191 3078 3349 3148 βαθεί
3385 3077 3723 3149 περιεπάτη-

2134 3183 2254 3221 σαν.
2286 3167 2456 3221 Τοῦτο
2484 3169 2592 3240 γὰρ
2616 3169 2678 3222 τὸ
2707 3169 2810 3239 τῆς
2847 3170 3056 3238 ἀωρίας
3078 3169 3252 3240 ὄνομα
3271 3163 3597 3241 δηλοῖιιίἷτα
3624 3167 3725 3237 τῆς

2132 3257 2501 3329 ἐγγενομένης
2530 3260 2714 3322 αὐτοῖς
2752 3259 3079 3328 τυφλώσεως
3117 3257 3433 3330 ἐμφανίζων
3460 3257 3519 3309 τὸ
3560 3261 3726 3332 μέγεθ-

2133 3351 2245 3416 Θος,
2291 3351 2637 3423 ψηλαφήσειν
2665 3353 2742 3416 ὡς
2786 3352 2985 3423 τυφλὸς
3025 3353 3128 3424 ἔφη
3169 3355 3371 3423 τοῖχον.
3417 3349 3574 3404 Οὕτω
3613 3347 3725 3419 γὰρ

2131 3443 2244 3497 ἐσθ’
2288 3446 2380 3499 ὅτε
2429 3448 2753 3517 περιπατεῖν
2787 3445 2906 3508 ἔθος
2951 3447 3068 3508 τοῖς
3093 3445 3204 3498 τῶν
3237 3443 3506 3516 ὀμμάτων
3535 3442 3727 3513 tum.»

2132 3538 2358 3609 στηκόσι
2382 3537 2481 3611 τὴν
2519 3542 2788 3611 πήρωσιν.
2835 3536 3204 3609 Μεσημϐρίας
3227 3536 3285 3590 δὲ
3320 3534 3507 3603 οὔσης,
3537 3532 3724 3604 φησὶν,

2130 3627 2207 3691 ὡς
2235 3629 2292 3682 ἐν
2325 3629 2664 3700 μεσονυκτίῳ
2697 3627 3020 3684 πεσοῦνται.
3039 3627 3145 3682 Καὶ
3171 3626 3524 3699 μεσημϐρίαν
3549 3623 3727 3696 μὲντὸ

2133 3719 2459 3791 μεσαίτατον
2502 3724 2602 3793 τῆς
2638 3721 2856 3795 ἡμέρας
2899 3721 3159 3793 ὀνομάζει
3193 3720 3460 3792 συνήθως,
3510 3719 3601 3772 ὅτε
3631 3715 3728 3771 καὶ

2128 3813 2510 3885 ἀκμαιοτάτην
2549 3815 2850 3886 ἐπαφίησιν
2879 3816 3074 3870 ἀκτῖνα
3097 3817 3210 3878 τοῖς
3248 3814 3343 3867 ἐπὶ
3369 3811 3477 3882 γῆς
3525 3826 3724 3882 μεσου-

2133 3905 2310 3978 ρανῶν
2342 3907 2372 3960 ό
2397 3907 2547 3977 ἡλίου
2569 3906 2787 3973 κύκλος,
2819 3909 2914 3962 καὶ
2942 3904 3055 3961 οἷον
3083 3902 3590 3973 πεπλουσιωτέραις
3619 3901 3720 3954 αὐ-

2127 4000 2254 4068 γαῖς
2293 3999 2728 4071 περιαπρὰπτει
2763 3999 2836 4054 τὰ
2877 3997 3191 4069 σύμπαντα·
3263 3994 3612 4068 μεσονύκτιον
3662 3990 3724 4045 δὲ

2127 4091 2228 4160 τῆς
2257 4090 2454 4155 νυκτὸς
2481 4091 2543 4145 τὸ
2573 4089 2922 4162 μεσαίτατον,
2942 4092 3030 4145 ὅτε
3059 4092 3157 4144 καὶ
3200 4089 3370 4161 βαθὺς
3408 4087 3584 4142 ἅπασι
3607 4086 3726 4147 τοῖς

451 4187 609 4256 plexu
637 4184 1005 4241 oﬂunduntur.
1031 4183 1089 4238 ln
1121 4182 1350 4238 meridie
1389 4181 1574 4252 igitur,
1610 4181 1806 4251 inquit,
1838 4181 1892 4237 id
1919 4191 2023 4246 est,

2129 4179 2222 4233 ὑπ’
2237 4179 2465 4252 οὐρανὸν
2487 4182 2804 4252 καταχεῖται
2830 4181 3040 4245 σκότος.
3063 4178 3155 4233 Ἐν
3176 4176 3493 4251 μεσημϐρίᾳ
3516 4174 3723 4238 τοίνυν,

449 4280 503 4333 in
567 4277 1030 4333 abundantissima
1076 4273 1217 4340 luce,
1273 4274 1455 4329 divina
1509 4273 1737 4341 scilicet,
1785 4284 1843 4330 et
1905 4288 2026 4344 quae

2129 4271 2284 4342 φησὶ,
2331 4272 2629 4338 τουτέστιν,
2682 4271 3168 4344 ἀμφιλαφεστάτου
3209 4270 3407 4341 φωτὸς,
3466 4268 3611 4321 Θείου
3663 4265 3727 4319 δὲ

450 4378 630 4423 mente
653 4369 968 4438 percipitur,
987 4381 1108 4436 quae
1133 4364 1318 4421 orbem
1353 4373 1511 4420 terra:
1542 4364 1828 4431 illuminat,
1853 4365 2020 4421 bene-

2129 4363 2365 4435 δηὶονότι
2397 4365 2490 4418 καὶ
2520 4363 2736 4436 νοητοῦ,
2769 4365 3204 4433 καταυγάζοντος
3220 4363 3319 4432 τὴν
3347 4361 3439 4415 ὑπ’
3471 4358 3724 4431 οὐρανὸν,

451 4461 574 4515 licio
623 4460 864 4513 omnium
926 4468 1171 4514 nostrum
1214 4456 1528 4513 Servatoris
1578 4454 1804 4522 Christi,
1832 4457 2026 4512 cadent

2133 4455 2224 4508 διὰ
2241 4456 2334 4509 τοῦ
2365 4457 2585 4510 πάντων
2622 4455 2779 4528 ἡμῶν
2835 4456 3084 4527 Σωτῆρος
3137 4451 3400 4526 Χριστοῦ,
3427 4451 3727 4505 πεσοῦνται

450 4570 548 4608 ceu
571 4553 720 4617 caeci,
739 4552 907 4607 τίυάκί
937 4567 1044 4621 quo
1071 4552 1276 4606 vadunt
1306 4549 1495 4606 nescii.
1524 4547 1825 4604 Nolueram
1857 4549 2026 4619 siqui-

2137 4548 2386 4620 καθάπερ
2417 4548 2610 4618 τυφλοὶ
2637 4549 2772 4621 μηδὲ
2805 4549 3028 4614 εἰδότες,
3072 4548 3194 4602 ὅποι
3227 4544 3534 4618 βαδίζουσιν
3595 4543 3728 4596 Ἰου-

450 4646 572 4698 dem
604 4643 823 4698 obedire
861 4644 1077 4699 Christo
1111 4643 1352 4699 dicenti:
1384 4661 1403 4697 ι
1431 4642 1683 4710 Quandiu
1720 4643 1895 4699 lucem
1929 4643 2026 4698 ha-

2133 4642 2292 4696 δαῖοι·
2329 4643 2392 4696 ού
2438 4641 2548 4713 γὰρ
2576 4641 2849 4712 ἠθέλησαν
2892 4639 3192 4696 ὑπακούειν
3219 4639 3430 4708 λέγοντι
3468 4634 3548 4705 τῷ
3593 4635 3730 4704 Χρι-

450 4737 610 4799 betis,
635 4734 910 4790 ambulate
933 4734 987 4788 in
1017 4733 1158 4800 luce,
1188 4750 1254 4789 ne
1285 4749 1381 4789 vos
1405 4735 1640 4790 tenebrae
1671 4735 2026 4805 comprehen-

2136 4735 2267 4806 στῷ,
2292 4737 2547 4800 «Ἕωςπὸ
2573 4735 2691 4805 φῶς
2713 4735 2886 4806 ἔχετε,
2908 4735 3260 4806 περιπατεῖτε
3286 4733 3345 4786 ἐν
3359 4748 3438 4802 τῳ
3455 4729 3614 4797 φωτὶ,
3635 4728 3728 4782 ἵνα

452 4823 666 4885 dant".
697 4845 716 4878 ι
747 4826 1134 4896 Comprehensi
1167 4835 1295 4881 sunt
1326 4827 1488 4895 igitur
1526 4842 1559 4881 a
1613 4825 1872 4888 tenebris,
1903 4839 2025 4880 cum

2141 4827 2214 4898 μὴ
2241 4829 2272 4898 ἡ
2309 4828 2500 4882 σκοτία
2527 4828 2672 4899 ὑμᾶς
2704 4827 3008 4898 καταλάϐῃ.
3037 4846 3055 4879 ι
3081 4824 3412 4897 Κατελήφθη
3423 4841 3522 4877 σαν
3544 4822 3729 4876 τοίνυν

453 4921 506 4976 in
553 4921 671 4975 luce
719 4917 999 4974 ambulare
1047 4933 1153 4973 non
1204 4919 1564 4975 sustinerent.
1601 4918 1743 4986 Quin
1785 4927 1840 4972 et
1883 4915 2026 4971 aliud

2138 4918 2243 4972 ὑπὸ
2272 4923 2373 4991 τῆς
2401 4921 2623 4984 σκοτίας
2663 4922 2764 4975 οὐκ
2797 4921 3166 4991 ἀνασχόμενοι
3196 4919 3524 4990 περιπατεῖν
3555 4917 3614 4970 ἐν
3645 4913 3728 4986 τῷ

452 5025 667 5081 quoque
691 5009 985 5080 patientur.
1018 5009 1248 5065 Gement
1283 5010 1452 5078 enim,
1481 5011 1681 5081 inquit,
1712 5009 1870 5079 quasi
1915 5023 2026 5063 mo-

2137 5013 2295 5081 φωτί·
2329 5013 2608 5068 πείσονται
2639 5014 2698 5068 δέ
2720 5032 2774 5068 τι
2801 5015 2897 5068 καὶ
2923 5014 3131 5085 ἕτερον.
3160 5011 3485 5076 Στεναξουσι
3514 5008 3625 5082 γὰρ
3649 5008 3730 5072 ὡς

457 5101 676 5166 rientes,
707 5100 760 5154 id
789 5112 894 5167 est,
926 5101 1082 5170 quasi
1107 5102 1254 5169 gravi
1274 5112 1327 5157 et
1354 5101 1694 5158 intolerando
1723 5101 1912 5157 morbo
1942 5101 2026 5156 de-

2135 5103 2591 5175 ἁηοθνήσκοντες,
2649 5106 2804 5174 φησὶ,
2867 5105 3170 5172 τουτέστιν,
3239 5103 3316 5166 ῶς
3383 5101 3576 5174 βαρείᾳ
3629 5100 3731 5153 καὶ

453 5192 758 5248 bilitati.Ac
789 5192 945 5248 ibunt
968 5193 1126 5262 quasi
1149 5207 1308 5248 ursus
1339 5192 1499 5248 simul
1525 5203 1581 5248 et
1603 5193 1849 5249 columba
1875 5211 1888 5247 :
1920 5205 2026 5247 non

2135 5195 2351 5266 ἁσχέτῳ
2387 5197 2528 5267 νόσῳ
2580 5200 2994 5269 κατισχημένοι.
3031 5195 3394 5267 Πορεύσονται
3427 5193 3485 5247 δὲ
3526 5193 3620 5246 καὶ
3646 5191 3730 5255 ὼς

455 5289 510 5332 nt
535 5281 640 5337 duo
673 5283 894 5352 quidam
940 5283 1084 5339 inter
1121 5299 1180 5339 se
1210 5285 1616 5350 convenientes,
1658 5299 1892 5354 quorum
1939 5283 2026 5340 hic

2136 5288 2306 5359 ἄρκος
2335 5290 2469 5361 ἅμα,
2497 5291 2592 5344 καὶ
2621 5291 2941 5362 περιστερὰ,
2967 5291 3065 5345 καὶ
3093 5290 3192 5360 οὐχ
3220 5288 3295 5351 ὡς
3323 5287 3418 5340 δύο
3446 5286 3592 5349 τινὲς
3627 5285 3724 5337 ἁλ-

457 5380 616 5423 ursus
661 5371 887 5443 intelligi
936 5376 1140 5443 possit,
1185 5373 1275 5429 ille
1322 5374 1573 5428 columba
1609 5391 1623 5428 :
1666 5375 1759 5430 sed
1799 5376 2026 5444 quisque

2136 5379 2318 5450 λήλοις
2343 5382 2792 5451 συμϐιϐάζοντες,
2816 5376 2893 5436 ῶν
2917 5384 2946 5436 ὁ
2973 5381 3072 5452 μὲν
3097 5381 3174 5444 ὡς
3195 5380 3366 5452 ἄρκος
3392 5376 3612 5449 νοηθείη
3632 5373 3726 5438 ἂν,

456 5457 647 5517 all'ectu
675 5472 730 5517 et
757 5464 941 5520 animo
966 5465 1072 5520 erit
1100 5466 1258 5534 quasi
1289 5481 1448 5521 ursus
1469 5466 1627 5522 simul
1663 5477 1721 5522 et
1761 5467 2026 5524 columba.

2133 5470 2231 5524 όδέ
2253 5472 2327 5536 ὡς
2357 5474 2675 5546 περιστερὰ,
2699 5473 2811 5530 ἀλλ’
2838 5474 3069 5533 ἕκαστος
3091 5473 3269 5530 αὐτῶν
3296 5473 3352 5527 ἐν
3381 5469 3560 5541 ταυτῶ
3582 5467 3730 5523 κατὰ

529 5641 574 5674 ⁷⁵
610 5641 711 5699 lsa.
744 5659 830 5706 ιι,
863 5643 909 5697 l.
989 5641 1035 5672 ⁷⁵
1063 5638 1216 5697 Joan.
1244 5657 1339 5712 vn,
1371 5644 1455 5714 -Η,
1484 5646 1574 5703 42.
1621 5647 1662 5681 ⁷⁷
1694 5645 1884 5704 Matth.
1922 5662 2026 5717 xw,

2129 5681 2152 5706 ν.
2230 5651 2274 5682 ⁷⁸
2305 5648 2459 5707 Joan.
2495 5666 2591 5716 χιι,
2627 5650 2714 5706 55.
