4090 6216
341 325 478 381 1⁸515

1443 340 1507 394 IN
1545 341 1774 399 ISAIAM
1814 345 1942 400 LIB.
1984 349 2046 403 V.
2090 346 2327 408 TOMUS
2360 350 2444 405 IV.

3447 352 3584 409 15H

333 442 438 539 τὴν
472 443 603 511 ἕξιν,
638 447 731 500 καὶ
768 449 910 504 κατά
939 466 1001 518 γε
1039 451 1138 524 τὴν
1184 455 1408 510 ἐνοῦσαν
1440 460 1624 525 αὐτοῖς
1657 463 1901 517 διάνοιαν.

2020 465 2154 521 Nam
2192 469 2446 538 quoniam
2492 467 2724 531 dixerat,
2771 479 2864 521 eos
2911 479 3143 534 gemere,
3192 466 3424 522 ostendit
3466 469 3585 526 nni-

333 534 414 600 ὡς
454 539 622 611 ἄρκος
662 540 919 612 ὕπάρχων
973 545 1110 615 ὁμοῦ
1147 548 1244 600 καὶ
1297 554 1614 622 περιστερά.
1692 556 1907 628 Ἐπειδὴ

331 629 444 701 γάρ
492 631 595 702 ἔφη
654 632 928 696 στενάζειν
988 637 1207 702 αὐτοὺς,
1240 640 1603 698 διαδείκνυσιν
1644 641 1704 698 εὖ
1764 648 1908 718 μάλα

331 723 486 785 ποῖος
551 722 702 775 ἔσται
755 725 850 777 καὶ
900 725 1024 790 ὅσος
1071 731 1103 782 ὁ
1165 735 1466 802 στεναγμὸς
1521 736 1717 791 αὐτῶν.
1774 740 1910 794 Φασὶ

331 811 440 883 γὰρ
501 813 602 900 τὰς
641 811 867 882 ἀρκους,
942 817 992 868 εί
1055 818 1410 875 ἀτεκνωθεῖεν
1463 825 1568 879 ὑπό
1615 844 1707 880 του
1757 828 1910 900 διηρ-

330 899 624 971 πασμένων
651 903 842 964 αὐταῖς
859 903 968 957 τῶν
997 907 1290 977 σκυμνίων,
1317 909 1502 975 δεινῶς
1529 899 1906 986 ὀλοφύρεσθαι,

332 992 422 1044 καὶ
484 991 830 1062 πίμπλασθαι
909 995 1009 1064 μὲν
1057 997 1299 1069 ἀκράτου
1366 1002 1564 1072 μανίας
1597 1043 1612 1069 ,
1685 1006 1786 1078 ὅρη
1850 1008 1907 1062 δὲ

331 1083 424 1136 καὶ
525 1083 704 1146 νάπας
778 1090 1114 1156 περινοστεῖν
1135 1129 1152 1156 ,
1234 1092 1330 1144 καὶ
1413 1097 1525 1157 τοῖς
1601 1096 1909 1154 ὑπαντῶσιν

329 1173 574 1243 ἀσχέτως
626 1175 929 1247 ὲπιπηδᾷνο
959 1179 1054 1232 καί
1097 1197 1198 1234 που
1257 1183 1327 1235 δι’
1394 1185 1512 1250 ἑνὸς
1575 1187 1682 1240 τῶν
1739 1190 1909 1259 ἁγίων

327 1267 624 1336 προφητῶν
665 1267 906 1322 τοιοῦτόν
949 1287 1003 1324 τι
1052 1274 1325 1343 σημαίνει,
1365 1276 1536 1346 λέγων
1563 1281 1591 1332 ὁ
1631 1279 1741 1333 τῶν
1773 1283 1909 1337 ὅλων

328 1353 460 1419 Θεὸς
500 1355 630 1425 περὶ
672 1355 780 1410 τῶν
832 1357 893 1422 ἐξ
948 1359 1179 1429 αἵματος
1218 1363 1454 1436 Ἰσραὴλ,
1498 1353 1908 1439 ’Υπαντήσομαι

328 1445 511 1508 αὐτοῖς
540 1445 614 1509 ὡς
639 1444 806 1517 ἄρκος
853 1447 1224 1523 ἀπορουμένη,
1258 1453 1554 1518 τουτέστιν,
1611 1458 1779 1528 ὠμῶς
1815 1460 1909 1513 καὶ

327 1536 643 1606 ἀγρίωςρΑί
681 1537 739 1591 δὲ
777 1540 1095 1610 περιστεραὶ
1115 1543 1236 1605 ταῖς
1269 1544 1478 1597 ἑαυτῶν
1506 1546 1720 1610 καλιαῖς
1739 1549 1909 1613 ἑνιζά-

290 1643 514 1680 .νουσαι
569 1625 985 1697 διαγογγύζουσι
1017 1631 1244 1700 συχνῶς,
1293 1635 1387 1687 καὶ
1422 1629 1534 1689 οἷόν
1560 1653 1679 1690 τινα
1705 1639 1906 1713 γοερὰν

328 1717 605 1786 πέμπουσι
654 1719 857 1787 φωνήν.
907 1720 1151 1774 Τοιοῦτοί
1194 1739 1339 1787 τινες
1363 1725 1649 1793 γεγόνασιν
1681 1730 1732 1781 oi
1775 1732 1906 1784 ’lou-

326 1806 484 1860 δατοιο
525 1807 947 1880 πεπορθημένης
995 1811 1103 1883 γὰρ
1133 1813 1311 1868 αὐτῶν
1342 1817 1562 1889 ἀπάσης
1592 1821 1693 1892 τῆς
1721 1823 1904 1896 χώρας
1936 1817 1978 1876 Β

325 1898 460 1968 ὁμοῦ
479 1900 545 1969 τῇ
569 1898 701 1969 ἁγίᾳ
729 1899 906 1964 πόλει,
935 1902 1078 1972 φημὶ
1107 1903 1171 1975 δὴ
1201 1907 1266 1978 τῇ
1300 1906 1671 1982 Ἰερουσαλὴμ,
1707 1931 1906 1985 κατεμ-

328 1990 666 2061 πρησθέντος
709 1991 766 2045 δὲ
804 1994 896 2046 καὶ
927 1994 1091 2048 αὐτοῦ
1122 1997 1216 2050 τοῦ
1247 1999 1395 2065 ναοῦ,
1431 2001 1777 2075 θηριοπρεπῆ
1806 2006 1904 2076 μὲν

328 2081 510 2151 ἔχουσι
541 2081 786 2156 γνώμην,
810 2086 952 2140 κατά
976 2087 1086 2140 τῶν
1107 2089 1390 2158 ᾑρηκότων
1415 2092 1605 2164 αὐτήν.
1631 2095 1902 2167 Θρηνοῦσί

327 2188 392 2240 γε
421 2172 525 2244 μὴν
562 2174 840 2229 παθοῦσαν
873 2177 950 2240 ὡς
976 2180 1316 2250 περιστεραί.
1336 2181 1646 2255 Γέγραπται
1667 2186 1799 2259 γὰρ,
1818 2178 1902 2242 ὅτι

335 2282 353 2313 ι
382 2263 492 2318 Καὶ
514 2264 724 2320 ἔσονται
744 2267 836 2320 ἐπὶ
855 2268 962 2323 τῶν
983 2269 1152 2342 ὀρέων
1175 2271 1252 2334 ὼς
1276 2278 1594 2347 περιστεραὶ
1617 2278 1902 2352 μελετητι-

330 2355 446 2410 καί.
462 2375 482 2409 ι
507 2358 578 2411 Ἢ
598 2359 736 2429 τάχα
765 2378 868 2414 που
902 2363 997 2416 καὶ
1025 2362 1210 2436 ἕτερόν
1234 2383 1288 2419 τι
1308 2368 1642 2442 καταδηλοῦν
1662 2372 1753 2426 τὸν
1771 2391 1903 2445 προ-

327 2447 554 2514 φητικὸν
585 2450 642 2502 ὲν
659 2449 868 2514 τούτοις
884 2453 1178 2524 οἰησόμεθα
1198 2454 1372 2525 λόγον.
1390 2460 1750 2530 Πορεύσονται
1769 2465 1898 2536 γὰρ,

326 2537 511 2606 φησὶν,
539 2538 614 2603 ὡς
645 2540 812 2612 ἄρκος
837 2546 930 2598 καὶ
958 2549 1274 2620 περιστερὰ,
1295 2551 1565 2617 τουτέστι,
1618 2553 1901 2626 διαζήσου-

327 2643 411 2680 σιν
441 2628 498 2682 ὲν
533 2629 818 2703 ἀγριότητι
843 2634 957 2699 νοῦ,
993 2638 1430 2713 συνεζευγμένης
1459 2643 1769 2708 ἀσυνεσίας·
1804 2647 1900 2700 καὶ

325 2717 646 2791 ἀγριότητος
693 2723 852 2798 μὲνή
891 2727 1060 2798 ἄρκος
1109 2731 1292 2798 εἰκὼν,
1350 2734 1470 2805 ἤτοι
1525 2737 1894 2808 παράδειγμα,

325 2809 578 2900 εὐηθείας
628 2812 685 2866 δὲ
746 2815 841 2869 καὶ
890 2817 1180 2884 ἀσυνεσίας
1227 2824 1261 2893 ἡ
1302 2827 1616 2896 περιστερά.
1668 2827 1896 2900 Εἴρηται

325 2894 466 2987 γοῦν
490 2901 616 2973 περὶ
639 2902 733 2956 τοῦ
777 2905 992 2977 Ἰσραὴλ
1012 2907 1080 2961 δι’
1105 2910 1224 2973 ἑνὸς
1248 2911 1355 2966 τῶν
1381 2894 1553 2981 ἀγίων
1582 2894 1895 2987 προφητῶν,

325 2989 436 3044 Καὶ
451 2986 518 3061 ἦν
534 2993 770 3066 Ἐφρατμ
790 3000 1088 3070 περιστερά
1109 3001 1290 3068 ἀνους,
1313 3005 1412 3058 οὐκ
1431 3005 1625 3076 ἔχουσα
1639 2986 1862 3080 καρδίαν
1880 3027 1894 3042 ·

325 3083 629 3156 εὑρήσομεν
657 3086 713 3139 δὲ
736 3089 863 3152 τοὺς
901 3091 1186 3156 Ἰουδαίους
1227 3096 1608 3168 ἀγριομώρους
1633 3101 1791 3164 ὄντας
1817 3119 1898 3156 τι-

2011 557 2300 621 cherrime,
2330 555 2506 625 qualis
2540 554 2754 610 futurus
2802 555 2875 609 sit
2905 564 2960 608 et
2993 564 3228 622 quantus
3257 571 3442 610 eorum
3493 572 3585 624 ge-

2010 645 2193 701 mitus.
2230 647 2398 719 834
2432 646 2794 702 Dicuntenim
2833 661 2988 700 ursas
3018 647 3061 701 si
3088 646 3290 700 orbatae
3324 647 3435 702 sint
3470 648 3584 704 suis

2009 737 2202 794 catulis
2240 755 2269 793 a
2309 740 2562 810 qquiam
2607 740 2709 794 sibi
2749 740 2974 809 ereptis,
3001 739 3239 810 graviter
3282 739 3485 810 lugere,
3529 753 3584 797 et

2011 829 2333 898 impotenter
2361 834 2444 902 agi
2476 832 2527 885 in
2556 831 2783 897 rabiem,
2818 843 3032 887 montes
3055 841 3109 886 et
3137 831 3308 888 saltus
3329 833 3586 891 circuire.

2009 920 2146 987 etin
2192 920 2378 975 obvios
2419 919 2681 976 eﬂ‘renato
2729 922 2929 992 impetu
2985 923 3210 978 insilire.
3259 922 3325 977 Et
3364 923 3580 992 quidem

2010 1010 2116 1065 tale
2171 1012 2422 1080 quiddam
2463 1013 2836 1070 universorum
2892 1013 3036 1071 Deus
3083 1030 3178 1085 per
3211 1017 3498 1086 quemdam
3549 1031 3581 1071 e

2010 1103 2215 1158 sanctis
2271 1104 2551 1173 praphetis
2602 1105 2890 1176 significat,
2939 1108 3123 1162 dicens
3198 1107 3264 1162 de
3322 1109 3581 1176 sanguine

2011 1190 2306 1248 Israelitico
2353 1193 2631 1248 oriundis:
2665 1194 2962 1249 Occurram
3008 1196 3115 1250 illis
3138 1195 3283 1249 velut
3317 1211 3441 1250 ursa
3489 1210 3581 1248 or-

2008 1281 2155 1348 bata,
2184 1283 2236 1337 itl
2283 1293 2390 1348 est,
2421 1285 2712 1340 crudeliter
2736 1295 2790 1339 et
2830 1285 3160 1342 immaniter.
3189 1286 3458 1341 Columbae
3483 1301 3580 1339 au-

2013 1383 2116 1430 tem
2157 1376 2298 1430 nidis
2342 1377 2454 1431 suis
2505 1378 2820 1440 insidentes,
2855 1377 3084 1434 subinde
3134 1389 3494 1442 murmurant,
3526 1385 3578 1431 et

2011 1468 2287 1541 lugubrem
2315 1475 2489 1542 ‘quasi
2521 1489 2709 1529 vocem
2760 1475 3048 1544 quamdam
3095 1475 3368 1527 emittunt.
3417 1472 3574 1526 Tales

2011 1561 2137 1615 facti
2175 1570 2298 1616 sunt
2322 1560 2511 1618 Judmi.
2549 1563 2683 1618 Nam
2711 1572 2916 1618 vastata
2960 1578 3148 1619 eorum
3197 1573 3306 1617 tota
3337 1564 3575 1634 regione,

2009 1649 2169 1706 simul
2203 1667 2326 1707 eum
2361 1661 2545 1708 sancta
2596 1653 2833 1719 civitate,
2866 1652 3161 1708 Jerusalem
3206 1654 3348 1718 dico,
3375 1667 3438 1708 ac
3462 1653 3576 1721 ipso

2010 1741 2210 1810 templo
2243 1750 2616 1810 concremata,
2642 1752 2824 1798 mente
2851 1742 3021 1799 ferina
3045 1758 3109 1797 ac
3136 1741 3366 1798 belluina
3398 1741 3574 1797 aﬂ'ecti

2005 1842 2132 1887 sunt
2160 1833 2212 1888 in
2241 1848 2338 1889 eos
2374 1834 2463 1905 qui
2493 1833 2825 1890 sustulerunt
2844 1849 2982 1901 eam,
3009 1841 3170 1903 atque
3205 1834 3306 1890 hoc
3339 1834 3410 1889 illi
3433 1834 3575 1889 acci-

2005 1923 2147 1980 disse
2177 1925 2381 1995 lugent,
2406 1941 2504 1981 ceu
2526 1926 2804 1982 columba.
2847 1925 3114 1996 Scriptum
3151 1936 3235 1980 est
3261 1926 3404 1979 enim
3432 1944 3444 1980 :
3475 1927 3573 1979 «Et.

2004 2025 2165 2072 erunt
2217 2017 2270 2071 in
2319 2017 2610 2084 montibus,
2645 2033 2743 2074 ceu
2780 2017 3040 2073 columba:
3079 2017 3430 2088 qnerulantes
3455 2019 3521 2073 ".
3548 2037 3565 2069 ι

2004 2107 2101 2162 Vel
2151 2107 2294 2163 aliud
2347 2109 2606 2179 quiddam
2639 2109 2730 2164 hic
2775 2109 3085 2181 significare
3115 2109 3332 2163 videtur
3392 2123 3572 2164 sermo

2001 2197 2372 2268 propheticus.
2399 2196 2558 2253 Ibunt
2590 2199 2758 2262 enim.
2805 2199 2999 2270 inquit,
3034 2213 3130 2254 ceu
3183 2213 3341 2254 ursus
3389 2207 3444 2254 ct
3481 2213 3572 2253 co-

2002 2287 2202 2357 lumba,
2246 2289 2299 2344 id
2345 2299 2449 2357 est,
2497 2289 2552 2344 in
2619 2290 2816 2344 mentis
2907 2290 3244 2345 immanitate
3285 2289 3569 2360 conjuncta

2003 2394 2124 2435 cum
2156 2380 2516 2450 imprudentia
2543 2375 2744 2435 vivent.
2780 2379 2919 2436 Ursa
2952 2381 3094 2435 enim
3121 2380 3490 2445 immanitatis,
3516 2388 3570 2433 at

2002 2469 2364 2540 simplicitatis
2391 2480 2445 2526 et
2474 2471 2848 2541 imprudentiae
2873 2472 3048 2542 imago
3073 2481 3127 2525 et
3149 2471 3454 2540 exemplum
3486 2479 3570 2523 cst

2001 2558 2268 2615 columba.
2291 2558 2388 2615 Est
2412 2561 2554 2615 enim
2595 2561 2795 2615 dictum
2826 2560 2892 2614 de
2919 2560 3080 2614 Israel
3112 2559 3251 2628 apud
3283 2560 3568 2630 quemdam

1999 2664 2032 2706 e
2079 2650 2284 2706 sanctis
2329 2649 2604 2720 prophetis
2647 2667 2660 2704 :
2708 2649 2774 2704 Et
2829 2659 2947 2704 erat
3002 2649 3256 2720 Ephraim
3319 2651 3567 2706 columba

1997 2753 2206 2807 amens,
2238 2753 2345 2794 non
2384 2739 2590 2795 habens
2625 2755 2739 2795 cor.
2779 2739 3117 2795 Inveniemus
3150 2749 3330 2794 autem
3353 2738 3567 2794 Judazos

1998 2832 2256 2901 quosdam
2284 2845 2406 2888 esse
2457 2832 2759 2888 crudeliter
2800 2832 2991 2888 stultos
3021 2847 3079 2887 re
3110 2847 3255 2886 vera.
3283 2831 3390 2886 Nec
3422 2832 3565 2886 enim

1998 2931 2081 2977 est
2108 2922 2162 2976 in
2189 2921 2293 2977 illis
2317 2922 2629 2978 Christiana
2657 2922 2747 2976 illa
2778 2922 3063 2990 prudentia
3095 2933 3152 2976 et
3185 2921 3565 2978 mansuetudo.

1997 3009 2342 3078 Negaverunt
2365 3011 2508 3065 enim
2537 3012 2711 3082 ipsum
2741 3012 3019 3081 sapientia:
3043 3021 3094 3067 et
3122 3013 3422 3083 prudentia:
3442 3014 3569 3067 sub-

1998 3101 2444 3166 ministratorem,
2471 3086 2668 3172 quique
2696 3102 2977 3170 diligentes
3007 3117 3066 3157 se
3113 3102 3289 3156 reddit
3325 3102 3482 3156 mites
3512 3111 3567 3156 et

325 3175 420 3237 νάς
451 3175 591 3229 κατά
621 3177 896 3248 ἀλήθειαν.
929 3181 1003 3234 Οὐ
1040 3183 1148 3252 γάρ
1191 3185 1337 3238 ἐστιν
1371 3186 1430 3240 έν
1470 3189 1710 3261 αὑτοῖςή
1747 3193 1896 3263 παρά

2001 3204 2328 3249 mansuetos.
2365 3195 2510 3249 Dixit
2558 3208 2688 3264 ergo
2725 3195 2982 3265 propheta
3025 3194 3290 3249 Jeremias
3322 3195 3390 3249 de
3430 3194 3559 3257 illis,

324 3267 793 3357 Xptc-roﬁotiveat;
822 3271 914 3325 καὶ
948 3273 1189 3346 πραότης
1209 3291 1225 3307 ο
1259 3277 1560 3350 ἠρνήσαντο
1599 3280 1709 3352 γάρ
1731 3282 1892 3336 αὑτὸν

2001 3283 2232 3339 alicubi:
2291 3284 2643 3340 «Infatuatus
2699 3294 2782 3340 est
2834 3286 3011 3340 omnis
3071 3287 3233 3340 homo
3301 3301 3331 3340 a
3383 3287 3567 3357 cogni-

327 3357 517 3449 σοφίας
545 3356 674 3411 ὄντα
732 3360 826 3412 καὶ
860 3363 1128 3426 συνέσεως
1158 3368 1413 3436 χορηγὸν,
1446 3369 1687 3441 ἡμέρους
1711 3390 1772 3425 τε
1797 3375 1890 3427 καὶ

2001 3375 2142 3431 tione
2161 3376 2228 3430 ⁸⁰.
2256 3394 2274 3430 ι
2309 3376 2450 3431 Alibi
2479 3392 2705 3433 rursus:
2743 3394 2763 3427 ι
2791 3376 2904 3431 Νοη
2951 3377 3088 3432 inest
3124 3376 3230 3432 illis
3274 3356 3564 3449 sapientia,

324 3447 530 3519 πράους
579 3450 950 3519 ἀποφαίνοντα
990 3455 1116 3517 τοὺς
1156 3455 1486 3524 ἀγαπῶντας
1525 3460 1708 3515 αὐτόν.
1745 3463 1889 3533 Ἔφη

2001 3466 2120 3534 quia
2146 3481 2454 3520 sermonem
2485 3467 2696 3521 Domini
2730 3466 3085 3535 reprobarunt
3111 3468 3177 3520 ⁸³.
3217 3487 3235 3520 ι

323 3543 452 3611 γοῦν
481 3545 509 3599 ό
547 3546 832 3616 προφήτης
875 3546 1141 3620 Ἱερεμίας
1169 3551 1296 3622 περὶ
1327 3553 1505 3607 αὐτῶν
1539 3557 1669 3609 ποτὲ
1705 3556 1829 3626 μὲν,
1868 3559 1952 3612 ὅτι
1990 3577 2010 3610 ι
2034 3559 2356 3630 Ἐμωράνθη
2396 3561 2504 3621 πᾶς
2535 3558 2820 3630 ἄνθρωπος
2856 3559 2966 3613 ἀπὸ
3000 3557 3272 3628 γνώσεως,
3299 3577 3318 3612 ι
3343 3561 3470 3615 ποτὲ
3506 3562 3566 3616 δὲ

243 3664 246 3666 ~
323 3633 507 3700 πάλιν,
533 3653 552 3686 ι
585 3635 659 3688 Οὐ
704 3635 867 3706 σοφία
901 3636 988 3701 τίς
1017 3638 1167 3694 ἐστιν
1198 3641 1256 3694 ὲν
1289 3643 1492 3708 αὐτοῖς,
1522 3644 1603 3698 ὅτι
1634 3646 1724 3699 τὸν
1761 3647 1918 3716 λόγον
1946 3649 2152 3718 Κυρίου
2179 3648 2611 3718 ἀπεδοκίμασαν.
2643 3665 2662 3699 ι

402 3725 814 3796 Ἀνεμείναμεν
855 3728 1076 3796 κρίσιν,
1117 3730 1216 3784 καὶ
1260 3735 1371 3786 οὐκ
1421 3733 1556 3788 ἐστι
1613 3738 1895 3807 σωτηρία,

2070 3739 2232 3793 Vens.
2259 3737 2445 3793 12-14.
2483 3737 2911 3808 Ezspectavimue
2931 3739 3214 3807 judicium,
3241 3749 3290 3794 et
3339 3756 3442 3795 non
3485 3751 3563 3798 est

319 3817 556 3886 μακρὰν
590 3817 932 3887 ἀφέστηκεν
962 3820 1063 3889 ἀφ’
1089 3821 1258 3890 ἡμῶν
1289 3839 1302 3853 ·
1343 3825 1545 3894 πολλὴ
1586 3826 1698 3896 γὰρ
1732 3829 1901 3898 ἡμῶν

2001 3831 2159 3896 salus,
2194 3829 2378 3899 procul
2405 3831 2612 3884 recessit
2633 3847 2666 3884 a
2703 3829 2870 3885 nobis.
2907 3829 3080 3884 Multa
3105 3833 3242 3886 enim
3275 3844 3348 3886 est
3375 3834 3564 3900 iniqui-

327 3908 366 3976 ἡ
386 3909 605 3976 ἀνομία
660 3909 938 3964 ἐναντίον
983 3925 1122 3977 σου,
1173 3913 1271 3967 καί
1306 3917 1366 3968 αὶ
1405 3916 1680 3986 ἁμαρτίαι
1729 3919 1900 3988 ἡμῶν

2001 3931 2075 3974 tas
2100 3930 2280 3974 nostra
2306 3921 2360 3974 in
2390 3930 2667 3991 conspectu
2691 3932 2801 3986 tuo,
2827 3932 2875 3975 et
2892 3933 3105 3990 peccata
3148 3931 3327 3978 nostra
3361 3925 3563 3979 restite-

324 3997 706 4066 ἀντέστησαν
731 3999 876 4068 ἡμῖν
895 4018 908 4031 ο
941 4003 1002 4054 αι
1032 4002 1142 4070 γὰρ
1172 4003 1410 4073 ἀνομίαι
1436 4005 1607 4074 ἡμῶν
1635 4008 1705 4061 ἐν
1731 4009 1894 4077 ἡμῖν,

322 4089 416 4142 καὶ
455 4089 529 4143 τὰ
567 4090 902 4160 ἀδικήματα
939 4090 1110 4162 ἡμῶν
1152 4092 1434 4164 ἔγνωμεν.
1467 4098 1890 4168 Ἠσεὸήσαμεν,

319 4180 418 4234 καὶ
483 4181 888 4252 ἐψευσάμεθα,
936 4184 1034 4237 καί
1087 4183 1434 4254 ἀπέστημεν
1476 4189 1594 4242 ἀπὸ
1642 4189 1892 4245 ὄπισθεν

317 4265 424 4319 τοῦ
452 4267 598 4321 Θεοῦ
621 4267 807 4337 ἡμῶν.
852 4269 1268 4339 Ἐλαλήσαμεν
1291 4271 1488 4335 ἄδικα,
1527 4276 1624 4328 καί
1653 4277 1894 4344 ἠπειθή-

319 4371 514 4424 σαμεν
530 4373 546 4388 ο
601 4359 875 4428 ἐκύομεν,
901 4361 1001 4416 καί
1021 4363 1468 4434 ἐμελετήσαμεν
1495 4365 1615 4419 ἀπὸ
1641 4367 1889 4435 καρδίας

1996 4021 2115 4066 runt
2153 4013 2320 4066 nobis.
2353 4010 2669 4083 Iniquitates
2697 4013 2831 4067 enim
2868 4025 3060 4068 nostra:
3099 4015 3155 4067 in
3203 4015 3370 4079 nobis,
3398 4026 3444 4068 et
3476 4018 3563 4069 in-
3600 4053 3602 4055 ›

1995 4103 2235 4174 iustitiae
2273 4111 2480 4157 nostras
2527 4103 2785 4157 novimus.
2817 4101 2988 4173 Impie
3022 4104 3243 4174 egimus,
3282 4113 3330 4158 et
3361 4107 3563 4158 mentiti

1998 4209 2201 4259 sumus,
2234 4203 2280 4248 et
2309 4193 2613 4248 recessimus
2646 4211 2679 4248 a
2710 4193 2819 4248 Deo
2842 4205 3044 4261 nostra,
3080 4194 3239 4248 locuti
3271 4211 3451 4250 sumus
3482 4198 3564 4249 in-

1989 4285 2162 4352 justa,
2191 4294 2238 4339 et
2283 4274 2756 4341 non'obedivimus.
2793 4285 3202 4353 Parturivimus,
3226 4299 3274 4341 et
3322 4288 3559 4342 meditati

1993 4392 2172 4430 sumus
2200 4377 2264 4431 de
2291 4379 2447 4432 corde
2473 4387 2649 4432 nostro
2672 4393 2933 4432 sermones
2976 4364 3218 4444 injustas,
3256 4387 3306 4432 et
3346 4379 3560 4432 recessi-

319 4445 489 4539 ήμῶν
519 4448 740 4539 λόγους
779 4451 1044 4520 ἀδίκους,
1089 4456 1186 4509 καί
1235 4455 1669 4525 ἀπεστήσαμεν
1699 4460 1891 4514 ὀπίσω

2002 4483 2118 4521 mus
2145 4484 2177 4520 τι
2192 4468 2422 4537 judicio,
2458 4480 2506 4524 et
2519 4469 2735 4539 justitia
2761 4468 2945 4537 procul
2967 4470 3193 4524 recessit.

317 4532 435 4600 τὴν
480 4534 701 4602 κρίσιν,
737 4541 834 4592 καὶ
871 4540 911 4606 ἡ
948 4540 1302 4615 δικαιοσύνη
1341 4547 1582 4616 μακρὰν
1624 4547 1887 4617 ἀφέστη-

319 4639 445 4678 κεν.

403 4717 516 4770 Ἀεὶ
543 4717 844 4790 φιλαλήθης
866 4721 981 4775 ἐστὶ
1005 4724 1111 4777 τῶν
1135 4727 1307 4795 ἀγίων
1336 4734 1630 4804 προφητῶν
1659 4737 1687 4789 ὁ
1712 4735 1886 4804 λόγος.

318 4807 485 4862 Λαλεῖ
520 4809 628 4882 γὰρ
658 4815 716 4865 ἐν
748 4813 928 4878 αὐτοῖς
955 4815 1054 4886 τῆς
1083 4817 1339 4887 ἀληθείας
1366 4824 1428 4876 τὸ
1465 4825 1701 4897 πνεῦμα,
1735 4845 1888 4881 τουτ-

323 4898 440 4951 έστι
483 4900 739 4971 Χριστοῦ.
801 4903 1015 4975 Ταύτης
1061 4907 1222 4960 ἕνεκα
1269 4909 1366 4981 τῆς
1407 4917 1615 4979 αίτίας,
1669 4918 1886 4972 ἐπειδὰν

321 4989 582 5044 ποιῶνται
630 4992 852 5063 μνήμην
891 4993 991 5064 τῆς
1035 4995 1309 5066 ἀποϐολῆς
1341 4999 1432 5052 τοῦ
1464 5002 1570 5054 τῶν
1622 5004 1886 5060 Ἰουδαίων

320 5077 526 5147 ἔθνους,
551 5081 646 5136 καὶ
669 5083 770 5152 τῆς
794 5084 1229 5157 ἐπενηνεγμένης
1253 5089 1434 5152 αὐτοῖς
1467 5091 1634 5162 ὀργῆς
1661 5095 1746 5148 διά
1787 5099 1886 5168 τὴν

319 5170 402 5232 εις
445 5170 679 5242 Χριστὸν
720 5171 994 5240 ἀσέϐειαν,
1025 5175 1417 5246 διαμέμνηνται
1449 5182 1755 5250 χρησίμως,
1787 5189 1882 5239 καὶ⁸

317 5259 418 5328 τῆς
459 5262 726 5333 ἐσομένης
775 5264 1109 5336 ἐπιστροφῆς
1156 5268 1334 5322 αὐτῶν
1387 5272 1446 5322 ἐν
1489 5273 1740 5342 ἐσχάτοις
1791 5276 1884 5328 τοῦ

318 5349 512 5411 αἰῶνος
561 5355 804 5420 καιροῖς,
845 5353 1088 5424 κλήσεως
1113 5374 1172 5425 τε
1207 5357 1305 5428 τῆς
1335 5359 1392 5412 ἐν
1422 5361 1642 5432 Χριστῷ
1675 5363 1762 5416 διὰ
1794 5366 1886 5418 πί-

319 5458 508 5504 στεως.
563 5444 1036 5514 υίκονομικώτατα
1094 5449 1291 5514 τοίνυν,
1323 5451 1408 5504 ἵνα
1449 5454 1522 5522 μή
1573 5470 1655 5516 τις
1706 5454 1881 5526 οἴηται

315 5531 635 5602 ψευδοεπεῖν
676 5534 777 5605 τὴν
819 5535 1093 5608 ἀλήθειαν,
1138 5539 1334 5605 αὐτοὺς
1371 5543 1676 5612 εἰσκομίζει
1717 5562 1881 5614 μεταο

2066 4746 2234 4818 835
2295 4746 2524 4818 Semper
2580 4749 2828 4805 veritatis
2875 4764 3062 4805 amans
3119 4757 3202 4804 est
3251 4757 3556 4804 sanctorum

1995 4835 2372 4903 prophetarum
2402 4839 2597 4891 oratio.
2630 4837 2893 4906 Loquitur
2929 4840 3072 4893 enim
3121 4840 3252 4909 ipsis
3293 4839 3555 4900 veritatis,

1992 4925 2042 4979 id
2072 4937 2176 4992 est,
2201 4927 2401 4983 Christi
2432 4930 2654 4997 Spiritus
2682 4969 2698 4984 .
2733 4931 2844 4985 Hac
2875 4932 2941 4985 de
2986 4945 3170 4996 causa,
3221 4945 3344 4984 cum
3406 4944 3558 4983 men-

1992 5019 2191 5073 tionem
2222 5019 2423 5075 faciunt
2457 5023 2764 5090 rejectionis
2798 5021 3042 5077 iudaicte
3099 5021 3293 5090 gentis,
3323 5027 3377 5074 et
3427 5019 3554 5074 illati

1991 5102 2098 5157 illis
2122 5106 2370 5175 supplicii
2396 5118 2617 5178 propter
2645 5109 2972 5180 impietatem
2998 5110 3050 5163 in
3077 5107 3353 5163 Christum
3384 5125 3398 5162 :
3462 5123 3559 5176 op-

1989 5204 2220 5262 portune
2244 5210 2672 5254 commemorant
2721 5199 2952 5254 futuram
3014 5213 3200 5254 eorum
3250 5198 3558 5253 conversio-

1991 5297 2112 5337 nem
2169 5290 2456 5355 postremis
2496 5291 2682 5345 saaculi
2726 5292 3075 5360 temporibus,
3123 5301 3178 5345 et
3219 5289 3556 5345 vocationem

1992 5373 2043 5427 in
2076 5374 2293 5432 Christo
2325 5395 2421 5450 per
2453 5383 2632 5437 ﬁdem.
2667 5382 3078 5451 Appositissime
3117 5383 3322 5450 itaque,
3347 5395 3412 5435 ne
3434 5379 3554 5449 quis

1993 5467 2206 5522 mentiri
2235 5480 2387 5537 putet
2429 5475 2734 5542 veritatem,
2789 5488 2882 5529 eos
2916 5473 3124 5528 inducit
3174 5471 3553 5541 resipiscentes

1989 5560 2043 5605 ct
2071 5568 2298 5622 persona
2326 5575 2510 5618 eorum
2569 5577 2797 5637 sumpta,
2855 5580 2947 5623 cos
2999 5575 3205 5620 tantum
3274 5577 3379 5619 non
3413 5561 3556 5619 sistit

389 5713 434 5744 '°
463 5712 566 5769 lsa.
601 5728 714 5781 th,
752 5718 807 5772 ll
914 5721 958 5752 ⁸ο
989 5721 1186 5778 Jerem.
1233 5741 1285 5792 κ,
1326 5725 1411 5779 ll.
1491 5724 1532 5756 "
1560 5722 1758 5781 Jerem.
1789 5741 1902 5793 vm,
1935 5729 1989 5783 9.
