4090 6216
513 291 650 348 1515

1529 281 1589 338 S.
1629 279 1902 338 CYRILLI
1941 276 2414 334 ALEXANDRINI
2452 276 2768 333 ARCHIEP.

3628 283 3762 342 ιδιίι

510 411 622 465 Deo
649 405 930 460 dicentes:
968 398 1420 470 Exspectavimus
1439 395 1722 467 judicium,
1749 404 1804 451 et
1839 409 1945 450 non
1972 400 2075 450 est.

2194 391 2554 461 γινώσκοντας
2576 429 2592 456 ,
2635 391 2730 444 καὶ
2778 389 2842 442 τὸ
2887 389 3069 443 αὐτῶν
3122 389 3412 460 πρόσωπον
3459 391 3768 457 ἀναλαὸὼν,

507 495 775 552 Judicium
807 495 991 548 dicunt
1022 488 1312 558 justitiam,
1356 501 1452 556 per
1489 485 1764 540 Christum
1807 483 2082 550 videlicet,

509 602 672 655 quam
703 601 760 641 se
800 591 1120 652 accepturos
1172 579 1486 648 sperabant.
1533 576 1641 632 Sed
1685 575 1826 648 apud
1854 590 1950 631 eos
1977 591 2085 630 non

507 677 863 747 est:quippe
911 672 1000 740 qui
1067 669 1188 726 duri
1244 676 1299 722 et
1355 665 1688 737 immorigcri
1740 665 2086 719 exstiterunt.

509 768 632 823 Ideo
660 765 830 820 dicit:
869 760 1027 816 Salus
1074 757 1264 829 procul
1316 756 1542 813 secessit
1606 769 1636 810 a
1688 756 1863 810 nobis.
1917 754 2082 810 Multa

506 859 652 914 enim
684 864 869 910 nostra
903 852 1162 922 iniquitas
1193 850 1247 905 in
1298 856 1593 918 conspectu
1617 855 1730 913 tuo,
1779 857 1835 903 et
1867 857 2088 916 peccata

507 960 694 1008 nostra
727 949 779 1003 in
810 946 965 1002 nobis
990 953 1135 1000 sunt.
1172 941 1306 999 Cum
1332 942 1477 997 enim
1508 942 1562 996 in
1594 948 1764 995 totum
1785 939 2090 995 exciderint

516 1044 586 1097 ab
613 1055 678 1096 eo
702 1039 794 1110 qui
823 1037 1086 1109 justiﬁcat
1109 1049 1204 1106 per
1233 1033 1414 1099 tidem,
1447 1034 1514 1089 ab
1547 1046 1612 1088 ea
1642 1032 1817 1088 salute
1844 1047 1964 1100 qua:
2023 1031 2091 1086 ab

508 1134 626 1204 ipso
646 1142 726 1187 est
745 1131 930 1202 procul
949 1131 1113 1186 etiam
1145 1127 1454 1194 abfuerunt,
1501 1141 1627 1183 cum
1666 1141 1771 1181 non
1793 1125 2092 1195 abjecerint

507 1226 713 1294 peccati
773 1225 1201 1294 inquinamenta,
1254 1231 1309 1277 et
1339 1221 1647 1292 iniquitatis
1694 1219 1923 1274 crimina
1987 1234 2090 1272 non

509 1317 828 1384 deleverint,
852 1318 946 1374 sed
977 1333 1100 1372 cum
1125 1317 1317 1372 sordes
1347 1315 1473 1370 hinc
1509 1312 1612 1370 sibi
1633 1311 1781 1367 velut
1812 1309 2020 1366 infusus
2039 1319 2094 1364 et

509 1410 799 1466 instillatas
825 1411 1080 1465 habeant.
1109 1409 1404 1478 Propterea
1426 1404 1626 1460 atratus
1657 1412 1746 1459 est
1772 1416 1869 1457 eos
1929 1401 2091 1457 Cbri-

512 1511 656 1566 stus.
691 1502 882 1558 dicens
919 1521 932 1556 :
968 1521 986 1554 ι
1011 1503 1182 1556 Amen
1214 1501 1336 1555 dico
1355 1498 1533 1566 vobis,
1556 1495 1604 1552 si
1630 1511 1736 1551 non
1757 1495 2096 1552 credideritis

511 1595 637 1660 quia
667 1608 766 1662 ego
798 1608 942 1656 sum,
994 1593 1049 1648 in
1083 1593 1324 1662 peccatis
1358 1589 1557 1647 vestris
1602 1589 1911 1646 moriemini
1939 1588 2029 1641 Ψ.
2067 1606 2088 1642 ι

511 1683 696 1753 Itaque
727 1686 850 1754 quia
882 1699 988 1740 non
1015 1685 1382 1750 crediderunt,
1418 1683 1473 1738 in
1506 1681 1754 1753 peccatis
1777 1680 1892 1738 suis
1943 1694 2093 1735 mor-

515 1775 591 1828 tui
625 1785 775 1830 sunt.
807 1774 1016 1845 thuia
1049 1773 1401 1829 multifariam
1440 1773 1590 1843 impii
1621 1771 1846 1828 fuerunt
1897 1779 2090 1825 contra

511 1866 826 1931 Christum,
902 1867 1065 1920 etiam
1119 1866 1317 1921 horum
1388 1865 1630 1936 ipsorum
1698 1860 2097 1918 confessionem

511 1959 697 2010 edunt.
730 1953 865 2010 Nam
917 1955 1107 2010 dicunt
1149 1971 1164 2008 ε
1226 1953 1523 2022 lnjustitias
1572 1962 1785 2008 nostras
1827 1949 2097 2013 novimus,

513 2047 676 2118 impie
702 2047 936 2118 egimus,
991 2055 1046 2102 et
1083 2045 1295 2100 mentiti
1344 2057 1552 2110 sumus,
1591 2058 1653 2099 ac
1716 2043 2098 2098 recessimusa

513 2138 624 2194 Deo
648 2151 850 2195 nostro.
880 2139 1214 2208 lmpietatem
1237 2138 1382 2194 enim
1409 2137 1806 2194 commiserunt
1843 2135 1985 2191 haud
2025 2137 2103 2192 fe-

513 2229 1100 2293 rendam,mentientes
1128 2237 1320 2284 contra
1357 2227 1697 2298 maiestatem
1738 2231 1978 2286 omnium
2001 2243 2099 2283 nu-

513 2330 687 2375 strum
725 2319 1034 2375 Servatoris
1073 2317 1310 2384 Christi,
1339 2333 1439 2374 nec
1471 2320 1715 2376 volentes
1754 2323 1805 2377 ei
1845 2321 2093 2391 obsequi.

512 2411 1044 2467 Conﬁtenturautem
1062 2425 1222 2481 porro
1243 2430 1256 2466 ε
1277 2410 1465 2468 Loculi
1497 2413 1912 2484 sumusinjusta,
1927 2422 2099 2470 etnou

513 2502 870 2557 obedivimus.
897 2501 1308 2570 Parturivimus,
1326 2513 1382 2560 et
1393 2505 1633 2561 meditati
1647 2520 1833 2562 sumus
1852 2520 1917 2562 ex
1938 2505 2102 2561 corde

514 2603 700 2648 nostro
737 2607 1018 2649 sermones
1067 2593 1316 2663 iniustos.
1373 2593 1511 2650 Nam
1545 2594 1739 2664 iniusta
1779 2595 1946 2652 locuti
1968 2605 2098 2652 sunt

514 2695 702 2740 contra
737 2684 1013 2742 Christum
1042 2704 1057 2742 :
1085 2702 1228 2743 nunc
1282 2686 1557 2744 elevantes
1593 2688 1708 2758 ejus
1753 2687 2001 2758 gloriam,
2047 2697 2102 2744 et

515 2777 777 2833 miracula
821 2779 1238 2846 calumniantes,
1280 2781 1552 2849 dixerunt,
1577 2781 1632 2836 in
1651 2779 1938 2837 Beelzebul
1965 2779 2102 2849 prin-

513 2870 632 2939 cipe
698 2871 1086 2927 daemoniorum
1150 2887 1274 2928 eum
1335 2871 1536 2942 ejicere
1590 2873 1892 2929 daemonia:
1956 2887 2102 2928 nunc

513 2961 786 3030 parientes
811 2977 843 3018 c
880 2964 1044 3020 corde
1095 2979 1194 3020 suo
1235 2979 1517 3023 sermones
1565 2965 1817 3036 iujustos,
1867 2980 2096 3021 accusa-

2190 485 2471 555 μονονουχὶ
2523 483 2824 554 παρίστησι
2881 481 3001 552 Θεῷ
3038 481 3317 551 λέγοντας·
3386 483 3770 554 ’Ᾱνεμείναμεν

2185 578 2385 648 κρίσιν,
2433 577 2528 630 καὶ
2560 577 2660 630 οὐκ
2690 575 2858 630 ἔστιν.
2907 575 3106 645 Κρίσιν
3147 575 3203 628 δέ
3243 591 3377 644 φασι
3413 575 3513 646 τὴν
3573 577 3770 630 δικαιοο

2187 667 2374 738 σύνην,
2421 667 2521 738 τὴν
2565 667 2652 720 διὰ
2681 665 2921 737 Χριστοῦ
2952 666 3220 736 δηλονότι,
3265 668 3333 738 ἢν
3363 667 3636 738 λήψεσθαι
3674 671 3772 738 μὲν

2187 759 2572 830 προσεδόκουν,
2631 758 2764 828 παρ’
2794 759 2977 822 αὐτοῖς
3013 757 3070 810 δὲ
3097 758 3200 811 οὐκ
3241 758 3380 822 ἐστι,
3429 759 3688 827 γεγόνασι
3720 762 3776 814 δὲ

2190 851 2416 921 σκληροὶ
2475 850 2572 903 καὶ⁵
2621 849 2888 913 ἀπειθεῖς.
2940 850 3038 903 Διά
3092 849 3252 904 τοῦτό
3298 867 3480 922 φησιν,
3526 852 3613 905 ὅτι
3665 854 3775 904 Xm-

2189 947 2352 1016 τηρία
2399 944 2617 1016 μακράν
2669 944 2977 1016 ἀφέστηκεν
3027 944 3122 1013 ἀφ’
3191 943 3373 1016 ἡμῶν,
3444 945 3626 1017 Πολλὴ
3669 947 3779 1018 γὰρ

2191 1037 2349 1109 ἡμῶν
2377 1039 2410 1108 ἡ
2441 1036 2642 1106 ἀνομία
2676 1037 2918 1090 ἐναντίον
2961 1053 3078 1100 σου,
3116 1037 3210 1090 καὶ
3237 1037 3292 1090 αί
3324 1038 3590 1109 ἁμαρτίαι
3617 1039 3780 1108 ἡμῶν

2191 1129 2251 1183 ὲν
2291 1130 2444 1198 ἡμῖν.
2485 1127 2700 1198 Ἐπειδὴ
2749 1126 2859 1198 γάρ
2907 1126 3044 1190 ὅλως
3087 1127 3483 1181 ὲκπεπτώκασι
3540 1127 3635 1182 τοῦ
3693 1128 3778 1181 διο

2194 1220 2478 1284 καιοῦντος
2508 1221 2565 1273 ὲν
2603 1219 2804 1284 πίστει,
2836 1219 3057 1290 μακρὰν
3085 1221 3340 1287 γεγόνασι
3374 1221 3470 1274 καὶ
3499 1221 3596 1291 τῆς
3642 1223 3779 1292 παρ’

2193 1311 2358 1364 αὑτοῦ
2382 1311 2676 1382 σωτηρίας,
2701 1310 2803 1363 οὐκ
2835 1309 3199 1375 ἀποϐαλόντες
3230 1311 3330 1382 τῆς
3355 1313 3632 1384 ἁμαρτίας
3651 1317 3777 1378 τοὺς

2196 1402 2526 1472 μολυσμοὺς,
2558 1403 2658 1456 οὐκ
2686 1401 3122 1473 ἀποτριψάμενοι
3165 1403 3264 1473 τῆς
3309 1404 3543 1475 ἀνομίας
3575 1406 3644 1458 τά
3684 1407 3774 1474 ἐγ·

2196 1493 2472 1564 κλήματα,
2488 1493 2604 1547 ἀλλ’
2633 1487 2746 1547 οἷον
2773 1493 3168 1565 ὲντετηγμένον
3192 1495 3378 1557 αὐτοῖς
3402 1495 3493 1549 τὸν
3522 1496 3780 1550 ἐντεῦθεν

2197 1584 2409 1656 ἔχοντες
2457 1586 2648 1658 ῥύπον.
2680 1584 2780 1639 Διά
2810 1585 2970 1639 τοῦτο
3000 1585 3344 1656 προσεφώνει
3383 1586 3562 1655 λέγων
3594 1587 3777 1651 αὐτοῖς
3805 1614 3812 1621 ·

2195 1681 2224 1733 ὁ
2266 1681 2520 1751 Χριστὸς,
2554 1678 2766 1750 (Ἀμὴν
2808 1679 2954 1748 λέγω
2989 1679 3140 1748 ὑμῖν,
3177 1679 3258 1732 ὅτι
3309 1678 3405 1732 ἐὰν
3447 1680 3523 1750 μὴ
3557 1681 3779 1733 πιστεύ-

2203 1786 2354 1840 σητε,
2404 1770 2486 1824 ὅτι
2525 1769 2636 1839 ὲγὼ
2679 1771 2816 1840 είμὶ,
2863 1770 2921 1823 ἐν
2965 1771 3090 1833 ταῖς
3127 1770 3423 1842 ἁμαρτίαις
3455 1771 3609 1840 ὑμῶν
3641 1773 3777 1825 dm-

2202 1859 2471 1914 θανεῖσθε.
2501 1879 2519 1912 ι
2555 1859 2764 1914 Οὐκοῦν
2787 1859 3088 1931 ἐπειδήπερ
3116 1861 3176 1914 οὐ
3216 1860 3674 1924 πεπιστεύκασιν,
3698 1863 3777 1913 ὲν·-

2201 1951 2469 2006 απέθανον
2493 1954 2616 2016 ταῖς
2647 1951 2942 2022 ἁμαρτίαις
2971 1952 3171 2006 αὐτῶν
3201 1952 3388 2024 ἐπειδὴ
3414 1953 3473 2006 δὲ
3517 1953 3775 2023 πολυτρό-

2201 2060 2320 2108 πως
2373 2043 2798 2115 δεδυσσεϐήκασι
2860 2043 3004 2098 κατά
3061 2043 3341 2116 Χριστοῦ,
3402 2046 3498 2099 καὶ
3572 2046 3777 2098 τούτων

2201 2135 2379 2190 αὐτῶν
2409 2135 2689 2190 ποιοῦνται
2712 2135 2809 2205 τὴν
2823 2135 3226 2207 ἐξομολόγησιν.
3246 2138 3386 2192 Φασὶ
3411 2137 3541 2209 γὰρ,
3583 2138 3665 2192 ὅτι
3698 2139 3774 2192 Τὰ

2200 2229 2512 2299 ἀδικήματα
2565 2228 2723 2299 ἡμῶν
2761 2228 3026 2299 ἔγνωμεν,
3060 2229 3433 2301 ὴσεϐήσαμεν,
3484 2232 3579 2283 καὶ
3618 2231 3772 2302 ἐψευ-

2204 2320 2549 2393 σὰμεθπ,καὶ
2569 2321 2887 2393 ἀπέστημεν
2919 2321 3030 2375 ἀπὸ
3055 2321 3282 2376 ὄπισθεν
3305 2323 3400 2376 τοῦ
3425 2323 3562 2377 Θεοῦ
3599 2323 3770 2396 ἡμῶν.

2213 2413 2519 2484 Ἠσέὸησαν
2571 2412 2682 2482 γάρ
2727 2413 2788 2466 οὐ
2843 2412 3094 2484 φορητῶς
3149 2413 3619 2485 καταψευσάμενοι
3671 2415 3770 2485 τῆς

2201 2505 2360 2576 δόξ-ης
2410 2504 2509 2559 τοῦ
2573 2505 2792 2560 πάντων
2839 2505 2998 2576 ἡμῶν
3048 2507 3296 2577 Σωτῆρος
3347 2505 3615 2577 Χριστοῦ,
3673 2507 3770 2561 καὶ

2203 2595 2541 2660 ἀποστάντες
2583 2594 2679 2649 τοῦ
2709 2595 2883 2650 θέλειν
2912 2596 3319 2650 κατακολουθεῖν
3363 2596 3537 2667 αὐτῷ.
3585 2599 3770 2672 Προσ-

2203 2684 2524 2755 ομολογοῦσι
2553 2684 2631 2749 δὲ,
2685 2685 2768 2740 ὅτι
2830 2685 3194 2757 Ἐλαλήσαμεν
3228 2685 3422 2751 ἄδικα,
3471 2686 3573 2739 καὶ
3609 2687 3772 2758 ἠπει-

2203 2777 2472 2848 θήσαμεν,
2511 2778 2768 2849 ὲκύομεν,
2817 2780 2914 2834 καὶ
2951 2778 3359 2850 ἑμελετήσαμεν
3400 2779 3513 2831 ἀπὸ
3549 2778 3774 2850 καρδίας

2202 2865 2360 2937 ἡμῶν
2385 2865 2578 2935 λόγους
2624 2867 2868 2932 ἀδίκους.
2914 2868 3107 2923 Ἀδικα
3143 2867 3252 2940 γάρ
3280 2868 3613 2940 λελαλήκασι
3642 2873 3772 2925 κατὰ

2203 2958 2462 3028 Χριστοῦ
2497 2958 2627 3012 ποτὲ
2672 2958 2772 3030 μὲν
2821 2959 2931 3032 γὰρ
2974 2959 3322 3032 διασύροντες
3364 2961 3530 3014 αὑτοῦ
3561 2961 3658 3033 τὴν
3689 2967 3773 3017 δό-

514 3064 806 3120 runteum.
833 3055 1260 3122 Samaritanum,
1292 3066 1348 3113 et
1391 3057 1808 3121 ammoniacum,
1864 3057 2091 3112 edonerl

2205 3052 2325 3119 ξαν,
2362 3053 2457 3106 καὶ
2499 3052 2876 3116 διαϐάλλοντες
2915 3053 3013 3118 τάς
3060 3054 3381 3127 θεοσημίσς,
3426 3055 3682 3126 ἔφασκον,
3717 3059 3774 3111 ἐν

513 3153 570 3200 et
601 3147 964 3217 vinipotorem
1015 3149 1132 3203 ausi
1184 3149 1488 3207 nominare.
1545 3148 2094 3218 Sycophantiiseum

513 3239 912 3306 prosciderunt,
943 3239 1117 3294 Pilato
1143 3241 1392 3309 prmside,
1449 3241 1692 3296 dicentes
1717 3257 1732 3294 :
1797 3259 1817 3292 ι
1845 3239 2098 3296 Concitat

517 3327 724 3392 turbas,
770 3338 826 3382 et
879 3338 1026 3383 vetat
1086 3329 1288 3383 tributa
1342 3330 1474 3386 dare
1517 3329 1716 3385 Caesari
1773 3331 1886 3384 ⁸³.»
1931 3330 2098 3402 836

515 3417 807 3487 Propterea
842 3419 1071 3474 dicunt:
1106 3419 1453 3477 Recessimus
1478 3437 1507 3476 a
1537 3420 1649 3478 Deo
1698 3431 1904 3490 nostro,
1928 3422 2095 3479 locuti

513 3525 701 3566 sumus
728 3509 952 3582 injusta,
1021 3521 1076 3566 et
1111 3527 1216 3568 non
1253 3513 1632 3570 obedivimus:
1663 3515 2078 3584 parturivimus,

511 3611 568 3657 et
601 3603 844 3658 meditati
875 3617 1066 3659 sumus
1095 3619 1160 3660 ex
1193 3604 1356 3660 corde
1381 3614 1568 3661 nostro
1623 3619 1906 3662 sermones
1951 3605 2096 3674 inju-

513 3703 651 3762 stos,
685 3703 742 3749 et
762 3697 1092 3752 recessimus
1118 3710 1148 3749 a
1177 3693 1406 3766 judicio,
1435 3705 1492 3751 et
1530 3694 1739 3766 iustitia
1771 3696 1958 3765 procul
2007 3711 2097 3753 re-

512 3787 700 3853 cessit,
736 3788 790 3842 id
822 3797 927 3855 est,
957 3788 1287 3860 proiecimus
1310 3788 1600 3860 justitiam,
1627 3798 1686 3845 et
1739 3789 1888 3845 velut
1943 3797 2094 3860 terga

514 3877 781 3940 dedimus.
805 3892 928 3934 eam
976 3879 1232 3936 aversati.
1293 3877 1506 3936 idcirco
1547 3878 1735 3944 procul
1787 3880 2019 3935 recessit
2062 3894 2093 3934 a

513 3968 690 4025 uobis.
725 3969 818 4026 Ha:
837 3980 965 4027 sunt
988 3973 1152 4040 igitur
1187 3987 1350 4030 voces
1395 3973 1769 4044 pmnitentiam
1795 3972 2093 4042 agentium,

509 4070 565 4117 et
615 4078 648 4117 a
697 4064 918 4121 Christo
976 4066 1404 4122 misericordiam
1447 4067 1823 4136 querentium.
1877 4065 2092 4122 Etenim

511 4168 600 4210 res
627 4157 884 4214 salutaris
914 4167 1022 4224 est,
1055 4156 1396 4227 resipiscere,
1439 4165 1494 4211 et
1535 4156 1852 4212 delictorum
1872 4154 2090 4212 confes-

2200 3145 2524 3209 Βεελζεϐοὺλ
2568 3147 2788 3217 ἄρχοντι
2819 3148 2928 3201 τῶν
2971 3147 3265 3219 δαιμονίων
3299 3149 3582 3203 ἐκϐάλλειν
3609 3152 3772 3204 αὑτὸν

2197 3236 2268 3289 τὰ
2295 3237 2582 3307 δαιμόνια,
2615 3237 2749 3290 ποτὲ
2785 3238 2842 3291 δὲ
2875 3239 2968 3293 καὶ
2997 3242 3275 3302 τίκτοντες
3305 3241 3414 3293 ἀπὸ
3445 3241 3542 3310 τῆς
3567 3241 3773 3294 ἑαυτῶν

2197 3327 2423 3398 καρδίας
2454 3328 2644 3396 λόγους
2696 3329 2912 3393 ἀδίκους
2935 3343 2948 3358 '
3000 3332 3410 3402 κατηγόρευσαν
3449 3332 3557 3404 γὰρ
3587 3334 3767 3396 αὑτοῦ,

2196 3417 2544 3490 Σαμαρείτην
2565 3421 2660 3474 καὶ
2685 3419 3049 3491 δαιμονῶντα,
3079 3423 3256 3490 φάγον
3285 3439 3342 3476 τε
3363 3424 3455 3477 καὶ
3490 3425 3770 3496 οἰνοπότην

2195 3509 2460 3581 ὀνομάσαι
2485 3511 2879 3584 τολμήσαντες,
2909 3516 3416 3586 σεσυκοφαντῆκασι
3443 3514 3498 3568 δὲ
3555 3515 3651 3569 καὶ
3682 3517 3771 3568 ἐπὶ

2197 3603 2430 3658 Πιλάτου
2476 3604 2749 3674 λέγοντες,
2783 3607 2866 3660 δτι
2901 3625 2920 3659 ι
2943 3607 3216 3660 Ἀνασείει
3263 3609 3389 3671 τοὺς
3424 3607 3638 3678 δχλους,
3683 3611 3773 3661 καὶ

2196 3695 2393 3748 κωλύει
2427 3695 2628 3767 φόρους
2671 3697 2874 3751 διδόναι
2905 3699 3164 3771 Καίσαρι.
3197 3719 3217 3752 ι
3269 3700 3366 3754 Διά
3391 3700 3550 3753 τοῦτό
3585 3717 3771 3770 φασιν,

2194 3787 2277 3840 ὅτι
2314 3805 2332 3838 ι
2356 3786 2698 3859 ’Δπέστημεν
2731 3789 2842 3843 ἀπὸ
2884 3790 3108 3846 ὄπισθεν
3143 3790 3240 3845 τοῦ
3266 3791 3400 3846 Θεοῦ
3440 3791 3622 3862 ἡμῶν,
3654 3792 3772 3846 ὲλαο

2193 3875 2442 3947 λήσαμεν
2491 3875 2690 3941 ἀδικα,
2755 3879 2852 3932 κα)⁵
2906 3880 3324 3953 ὴπειθήσαμενο
3372 3881 3624 3953 ὲκύομεν,
3682 3883 3774 3935 καὶ

2196 3968 2608 4042 ὲμελετήσαμεν
2658 3970 2766 4026 ἀπὸ
2808 3971 3039 4041 καρδίας
3084 3973 3240 4044 ἡμῶν
3296 3972 3488 4042 λόγους
3535 3973 3767 4035 ἀδικίας,

2195 4063 2288 4116 καὶ
2337 4063 2728 4136 ἁπεστὴσαμεν
2766 4063 2944 4119 ὀπίσω
2975 4064 3076 4136 τὴν
3111 4065 3313 4137 κρίσιν,
3344 4066 3437 4118 καὶ
3483 4067 3514 4136 ἠ
3565 4065 3775 4118 δικαιο-

2196 4154 2328 4225 σύνη
2364 4156 2582 4227 μακρὰν
2600 4157 2897 4229 ἀφέστηκε,
2928 4177 2946 4210 ι
2969 4158 3269 4224 τουτέστιν,
3306 4159 3611 4230 ὲρῤίψαμεν
3639 4175 3773 4211 κατ-

509 4247 693 4305 siones
742 4257 931 4319 aperte
965 4247 1144 4303 edere.
1173 4246 1445 4317 Scriptum
1494 4255 1578 4302 est
1605 4248 1749 4302 enim
1781 4265 1795 4302 :
1843 4265 1862 4300 ι
1887 4246 1982 4302 Dic
2037 4257 2091 4301 tu

2194 4248 2314 4301 όπιν
2363 4249 2463 4319 τὴν
2519 4249 2884 4320 δικαιοσύνην,
2944 4251 3037 4304 καὶ
3089 4245 3200 4306 οἷον
3256 4251 3402 4305 νῶτα
3457 4251 3771 4320 δεδώκαμεν

511 4343 827 4412 iniquitates
904 4351 1024 4397 tuas
1076 4341 1244 4412 prior,
1295 4350 1357 4396 ut
1413 4340 1728 4410 justillceris
1765 4338 1833 4393 ⁸³.
1869 4357 1889 4392 ι
1945 4337 2091 4393 Dixit

2194 4339 2637 4410 ἀποστραφέντες
2679 4341 2868 4412 αὐτήν.
2901 4341 2998 4395 Διά
3022 4341 3182 4396 τοῦτο
3213 4343 3430 4415 μακρὰν
3460 4345 3774 4415 ἀφέστηκεν

507 4435 674 4490 etiam
720 4433 933 4489 divinus
984 4432 1196 4488 Psaltes
1235 4451 1248 4488 :
1292 4451 1310 4485 ι
1343 4432 1484 4496 Dixi,
1517 4432 1863 4488 Anuuntiabo
1899 4441 2091 4488 contra

2195 4429 2287 4497 ἀφ’
2331 4429 2510 4500 ἡμῶν.
2564 4423 2734 4484 Αῦται
2774 4430 2838 4502 δὴ
2865 4427 2958 4486 οὖν
3000 4435 3404 4503 μετανοούντων
3437 4435 3636 4504 φωναὶ,
3679 4438 3775 4489 καὶ

510 4539 595 4579 me
653 4525 992 4592 iniquitatem
1047 4539 1222 4579 meam
1271 4524 1497 4579 Domino
1545 4542 1558 4578 :
1618 4533 1670 4580 et
1729 4533 1783 4577 tu
1833 4521 2091 4579 remisisti

2199 4519 2508 4591 ζητούντων
2556 4520 2822 4574 ἐλεεῖσθαι
2881 4522 3032 4592 παρὰ
3077 4524 3337 4595 Χριστοῦ.
3385 4523 3589 4596 Χρῆμα
3647 4526 3759 4595 γὰρ

513 4615 839 4684 impietatetn
869 4616 1044 4670 cordis
1075 4617 1173 4671 mei
1197 4615 1263 4670 ”.
1305 4633 1324 4666 ι

2205 4611 2472 4680 σωτήριον
2500 4611 2561 4663 τὸ
2589 4613 2996 4681 μετανοεῖν,καὶ
3015 4613 3112 4676 τὰς
3139 4614 3249 4668 τῶν
3273 4614 3771 4685 πλημμελημάτων

507 4705 800 4776 ὁμολογίας
829 4706 1102 4761 ποιεῖσθαι
1140 4710 1348 4778 σαφῶς.
1392 4709 1702 4779 Γέγραπται
1737 4707 1865 4778 γὰρ,
1901 4726 1919 4758 ι
1959 4705 2099 4773 Λέγε
2135 4703 2199 4755 σὺ
2238 4702 2338 4764 τὰς
2390 4703 2617 4772 ἀνομίας
2679 4721 2772 4757 σου
2815 4707 3051 4776 πρῶτος,
3101 4708 3187 4761 ἵνα
3211 4705 3525 4776 δικαιωθῇς.
3566 4724 3584 4756 r
3623 4706 3774 4776 Ἔφη

504 4800 701 4855 δὲκαὶ
733 4799 762 4851 ό
803 4798 1088 4864 θεσπέσιος
1121 4800 1393 4870 Μελῳδόςο
1429 4821 1448 4853 ι
1482 4799 1647 4865 Εἶπα,
1691 4797 2067 4870 Ἐξαγορεύσω
2094 4795 2213 4850 κατ’
2244 4794 2378 4866 ἐμοῦ
2413 4794 2512 4866 τὴν
2547 4795 2779 4867 ἀνομίαν
2821 4815 2922 4868 μου
2953 4798 3030 4870 τῷ
3071 4799 3281 4870 Κυρίῳ,
3322 4797 3508 4851 καὶσὺ
3547 4797 3775 4866 ἀφῆκας

503 4897 604 4969 τὴν
628 4893 882 4948 ἀσέϐειαν
907 4894 1008 4965 τῆς
1038 4894 1267 4966 καρδίας
1303 4912 1430 4966 μου.
1468 4915 1485 4946 ι

576 5033 954 5090 νειιε.15-19.
997 5033 1140 5100 Quia
1180 5044 1488 5104 consumpta
1542 5033 1692 5088 estin
1740 5033 1838 5086 viis
1900 5046 2080 5085 eorum

500 5128 712 5194 ueritas,
735 5137 782 5181 et
811 5137 951 5180 recta
985 5127 1155 5180 venire
1182 5142 1284 5179 nou
1315 5135 1578 5194 poterant.
1647 5124 1851 5178 Veritas
1905 5133 2080 5176 autem

500 5219 707 5274 sublata
734 5228 835 5284 est,
863 5227 909 5272 et
935 5217 1314 5271 transtulerunt
1347 5225 1596 5281 mentem,
1624 5231 1686 5266 ne
1710 5214 2081 5282 intelligerent.

2257 5028 2386 5081 Ὅτι
2419 5029 2813 5099 κατηναλὼθη
2847 5032 2919 5087 ἐν
2947 5031 3071 5099 τοῖς
3111 5031 3273 5098 ὁδοῖς
3310 5029 3510 5085 αὐτῶν
3539 5031 3580 5098 ἠ
3614 5030 3774 5099 ἀλή-

2183 5125 2332 5186 θεια,
2367 5119 2467 5173 καί
2494 5120 2568 5174 δι’
2599 5122 2836 5189 εὐθείας
2864 5125 2977 5179 οὐκ
3000 5123 3306 5193 ἠδύναντο
3326 5123 3548 5178 ἐλθεῖν.
3582 5123 3695 5176 Kal
3731 5123 3772 5190 ἡ

2183 5213 2435 5283 ἀλήθεια
2459 5209 2652 5286 ᾖρται,
2678 5217 2776 5269 καί
2793 5217 3182 5286 μετέστησαν
3201 5218 3313 5286 τὴν
3335 5216 3628 5278 διάνοιαν,
3656 5213 3774 5269 τοῦ

506 5307 571 5359 Et
605 5308 735 5360 vidit
773 5305 1051 5370 Dominus,
1095 5315 1142 5359 et
1207 5320 1308 5358 non
1347 5305 1542 5374 placuit
1595 5303 1661 5367 ei,
1690 5302 1814 5372 quia
1842 5317 1942 5355 non
1965 5312 2079 5356 erat

493 5393 774 5462 judicium.
811 5395 874 5449 Et
901 5397 1052 5462 vidit,
1071 5404 1119 5449 et
1160 5411 1263 5448 nou
1306 5403 1421 5448 erat
1475 5393 1574 5459 vir,
1606 5403 1654 5446 et
1713 5393 2077 5457 consideravit,

497 5495 547 5541 et
585 5501 688 5542 nou
717 5497 832 5542 erat
863 5489 954 5557 qui
995 5487 1310 5556 defenderet.
1352 5485 1416 5538 Et
1454 5483 1596 5538 ultus
1651 5495 1724 5538 est
1750 5501 1837 5539 eos
1863 5483 2076 5538 brachio

565 5734 636 5764 σι’
670 5732 830 5788 Juau.
951 5747 990 5794 ι,
1021 5731 1110 5784 24.
1189 5730 1233 5762 ⁸⁸
1265 5729 1392 5786 Luc.
1437 5745 1594 5798 mn,
1633 5731 1685 5784 Ξ.

2184 5307 2549 5371 συνειδέναι,
2591 5307 2693 5360 καὶ
2727 5303 2848 5362 εἶδε
2871 5309 3104 5382 Κύριος,
3137 5309 3234 5363 καί
3261 5312 3371 5363 οὐκ
3403 5307 3628 5376 ἤρεσεν
3660 5307 3775 5360 σύ-

2131 5418 2147 5428 ’
2186 5394 2287 5462 τῷ,
2319 5398 2408 5451 ὅτι
2427 5400 2540 5452 οὐκ
2564 5393 2641 5467 ἦν
2670 5399 2888 5466 κρίσις.
2919 5401 3027 5454 Καὶ
3059 5397 3180 5454 εἶδε
3208 5401 3303 5454 καί
3332 5400 3443 5453 οὐκ
3470 5394 3550 5468 ἦν
3581 5393 3768 5464 ἀνὴρ.

2187 5490 2285 5542 καὶ
2314 5490 2666 5558 κατενόησε,
2693 5491 2789 5544 καί
2817 5492 2927 5545 οὐκ
2961 5487 3037 5562 ἦν
3067 5495 3098 5546 ό
3129 5491 3629 5559 ἀντιληψόμενος.
3649 5483 3769 5540 Καὶ

1802 5729 1845 5761 ⁸³
1876 5730 1978 5788 Ιεδ.
2016 5746 2170 5796 xuii,
2204 5730 2294 5786 26.
2377 5732 2418 5764 “
2449 5731 2600 5786 Psal.
2632 5748 2782 5797 xxxi,
2827 5733 2874 5787 5.
