4090 6216
295 336 430 395 1517

1431 327 1499 383 ΙΝ
1537 326 1768 385 ISAIAM
1810 327 1941 386 LIB.
1981 329 2043 388 V.
2087 329 2323 388 TOMUS
2361 331 2450 388 ιγ.

3434 337 3568 396 1518

291 461 561 528 ἠμύνατο
589 453 812 518 αὐτοὺς
829 451 910 517 τῷ
928 451 1210 519 βραχίονι
1233 450 1442 517 αὐτοῦ,
1471 449 1569 504 καὶ
1597 449 1672 519 τῇ
1699 451 1869 520 ἐλεηη

1985 469 2103 520 tuo,
2129 463 2176 507 et
2223 453 2584 507 misericordia
2622 454 2931 508 sustentavit
2955 494 2969 508 .
3000 451 3065 506 Et
3102 456 3317 509 indutus
3367 468 3444 511 est
3478 463 3568 531 jn-

286 553 552 621 μοσύνῃ,
574 544 615 622 ᾖ
645 548 720 618 (1)
747 545 1131 612 ἐστηρίσατο,
1158 543 1260 597 και
1287 544 1620 599 ἐνεδύσατο
1647 543 1870 598 durato-

289 644 514 709 σύνην,
550 642 632 707 ὡς
651 640 903 705 θώρακα,
933 636 1032 690 καὶ
1067 635 1366 705 περιέθετο
1399 637 1874 706 περικεφαλαίαν

288 734 590 800 σωτηρίου
613 729 713 783 ἐπὶ
740 728 852 798 τῆς
879 726 1169 798 κεφαλῆς.
1203 728 1313 781 Καὶ
1343 727 1724 797 περιεϐάλετο
1744 729 1873 798 ἱμὰιι

289 839 421 876 τιον
445 818 834 886 ἐκδικήσεως,
871 818 970 871 καὶ
999 819 1399 887 περιϐόλαιον,
1433 818 1515 883 ὡς
1540 817 1876 872 ἀνταποδώ-

290 930 419 968 σων
451 911 882 976 ἀνταπόδοσιν,
916 909 1148 976 ὄνειδος
1171 909 1297 976 τοῖς
1333 910 1734 976 ὑπεναντίοις.
1761 911 1872 966 Kal

293 1003 737 1075 φοϐηθήσονται
771 1006 823 1056 οὶ
849 1001 968 1057 ἀπὸ
1008 999 1256 1072 δυσμῶν
1300 1001 1369 1055 τὸ
1409 1001 1598 1070 ὄνομα
1627 1001 1872 1068 Κυρίου,

1981 545 2148 611 stitia,
2177 545 2333 612 quasi
2359 544 2546 608 lorica,
2575 553 2623 598 et
2647 545 2989 598 circumdedit
3009 547 3156 614 galea
3181 547 3369 602 salutis
3392 565 3566 619 captu,

1983 647 2034 692 et
2078 639 2300 692 amictus
2344 646 2420 692 est
2464 637 2769 691 indumento
2819 637 3065 691 vindicta:
3125 639 3413 709 pallioque,
3448 650 3570 696 tan-

1985 746 2145 800 quam
2196 731 2408 784 ulturus
2455 729 2704 798 probrum
2733 728 3184 786 adversariorum.
3227 728 3294 782 Et
3323 731 3572 787 timebunt

1983 822 2036 876 hi
2050 822 2145 891 qui
2165 821 2229 875 ab
2252 821 2514 877 occidente
2535 833 2675 888 sum,
2695 837 2879 876 nomen
2897 820 3182 885 Domini,et
3200 822 3572 891 quiaborienu

1983 925 2107 969 sunt
2131 954 2146 981 ,
2175 930 2361 970 nomen
2389 914 2694 985 gloriosum.
2740 912 2919 968 Veniet
2943 915 3079 969 enim
3110 928 3357 984 umquam
3382 917 3572 985 ﬂuvius

1985 1007 2240 1062 uiolentus
2284 1008 2366 1062 ira
2418 1006 2654 1069 Domini.
2715 1008 2880 1061 veniet
2929 1023 3048 1061 cum
3085 1007 3287 1072 furore.

294 1099 388 1153 καὶ
404 1101 456 1151 οὶ
481 1097 598 1152 ἀπὸ
611 1095 926 1152 ἀνατολῶν
948 1095 1014 1148 τὸ
1035 1095 1222 1165 ὄνομα
1236 1094 1304 1148 τὸ
1330 1094 1605 1160 ἔνδοξον.
1621 1095 1784 1160 Ἥξει
1799 1096 1908 1166 γὰρ
1928 1099 2008 1166 ὠς
2028 1100 2500 1172 ποταμὸς-,βίαιος
2531 1101 2569 1169 ἠ
2594 1098 2738 1169 ὀργὴ
2757 1099 2996 1168 Κυρίου,
3023 1097 3156 1166 ἣξει
3187 1099 3338 1168 μετὰ
3359 1097 3566 1168 θυμοῦ.

359 1187 842 1260 Διαμνημονεύσας
869 1186 898 1238 ὁ
927 1189 1234 1261 προφήτης,
1270 1180 1344 1241 ὧν
1373 1188 1589 1258 ἐροῦσιν
1609 1191 1667 1242 ὲν
1688 1189 1868 1260 καιρῷ

291 1281 536 1352 κλήσεως
573 1278 753 1332 αὐτῶν
787 1279 835 1330 οἱ
872 1277 932 1343 ἐξ
983 1278 1229 1347 Ἰσραὴλ,
1265 1278 1542 1342 αἰτοῦντες
1591 1278 1742 1349 παρά
1771 1277 1867 1332 τοῦ

288 1369 426 1424 Θεοῦ
467 1370 564 1423 καὶ
613 1368 827 1439 Πατρὸς
870 1368 969 1437 τῆς
1014 1369 1104 1422 διὰ
1152 1369 1391 1440 Χριστοῦ
1444 1371 1721 1441 σωτηρίας
1769 1369 1868 1441 τὴν

288 1463 471 1533 χάριν,
519 1458 810 1536 μεθίστησι
851 1460 1013 1514 πάλιν
1054 1460 1182 1524 τοὺς
1218 1459 1410 1529 λόγους
1447 1462 1526 1525 είς
1574 1461 1636 1514 τὸ
1673 1461 1867 1516 ἑαυτοῦ

289 1554 602 1626 πρόσωπον,
640 1553 737 1606 καὶ
773 1552 1134 1623 καταγορεύει
1157 1552 1267 1606 τῶν
1305 1552 1366 1618 ἐξ
1402 1553 1636 1625 Ἰσραὴλ,
1667 1554 1870 1625 μᾶλλον

289 1647 346 1702 δὲ
379 1649 639 1713 ωναινεῖ,
691 1646 773 1699 ὅτι
815 1645 1073 1714 γεγόνασι
1115 1647 1365 1719 πονηροὶ,
1403 1646 1502 1700 καὶ
1535 1647 1865 1714 ἀποστάται,

2045 1193 2178 1250 Cum
2193 1195 2454 1265 propheta
2473 1191 2976 1249 commemoraverit
2989 1194 3124 1263 'qua:
3150 1205 3391 1261 tempore
3407 1208 3572 1248 voca-

1977 1287 2140 1343 tionis
2152 1302 2264 1342 sua:
2277 1287 2456 1343 dicent
2470 1287 3004 1355 Israelitze,petentes
3022 1286 3090 1340 ab
3105 1286 3222 1355 ipso
3238 1287 3344 1340 Deo
3357 1286 3573 1342 etPatre

1975 1377 2202 1448 gratiam
2217 1376 2405 1432 salutis
2420 1393 2513 1448 per
2526 1377 2824 1432 Christum:
2844 1377 2896 1430 in
2915 1391 3200 1447 personam
3215 1391 3367 1431 suam
3383 1392 3571 1432 rursus

1974 1469 2276 1525 oralionem
2293 1467 2550 1524 transfert
2569 1479 2622 1522 et
2637 1477 2854 1523 accusat
2872 1466 3166 1531 lsraelitas,
3193 1467 3302 1521 imo
3315 1468 3571 1522 annuitet

1975 1559 2494 1630 comprobat,eteos
2515 1560 2760 1615 maloset
2788 1567 3064 1630 apostatas
3108 1568 3271 1629 atque
3322 1559 3570 1618 veritatis

1974 1651 2222 1707 inimicos
2241 1665 2359 1707 esse
2393 1649 2697 1714 confirmat,
2725 1651 2940 1706 dicens:
2968 1651 3300 1720 Consumpta
3319 1660 3402 1706 est
3426 1651 3571 1706 veri-

291 1742 385 1795 καὶ
429 1741 530 1810 τῆς
582 1739 1096 1812 ἀληθείαςὲχθροί⁸
1149 1714 1542 1812 διῖσχυρίζεται
1575 1739 1632 1794 δὲ
1671 1740 1866 1809 λέγων,

1985 1754 2060 1799 tas
2089 1744 2142 1799 in
2176 1743 2280 1800 viis
2310 1759 2523 1807 eorum,
2543 1743 2594 1797 id
2623 1752 3057 1810 cst,tantumnon
3081 1744 3253 1799 deleta
3272 1752 3420 1800 estet
3446 1743 3569 1798 fun-

291 1834 374 1886 ὃτι
438 1830 812 1902 Κατηναλώθη
859 1832 894 1902 ή
944 1829 1172 1901 ἀλήθεια
1215 1832 1274 1884 ὲν
1309 1833 1430 1896 ταῖς
1473 1832 1611 1898 ὁδοῖς
1650 1833 1828 1888 αὐτῶν
1853 1875 1868 1900 ,

289 1924 562 1988 τουτέστι,
638 1922 919 1993 μονονουχὶ
983 1921 1388 1992 δεδαπάνηται,
1463 1923 1556 1978 καὶ⁵
1635 1924 1868 1979 εἰσάπαν

289 2015 482 2086 ᾤχετο.
515 2014 592 2070 Οὐ
626 2015 734 2086 γάρ
765 2009 835 2085 ἦν
868 2013 1006 2076 ὅλως
1054 2015 1112 2066 ἐν
1141 2015 1256 2078 τοῖς
1294 2014 1476 2084 ἔργοις
1515 2015 1698 2070 αὐτῶν
1741 2017 1873 2088 ἁλή-

292 2106 434 2168 θειιι,
460 2100 728 2167 τουτέστι,
759 2104 860 2176 τῆς
888 2103 1148 2176 ἀληθείας
1187 2107 1216 2158 ὁ
1259 2104 1443 2176 νόμος.
1473 2105 1576 2159 Διὰ
1613 2105 1772 2160 τοῦτο
1803 2108 1871 2161 δι’

291 2197 507 2261 εὐθείας
533 2198 634 2250 οὐκ
664 2195 927 2266 ἠδύναντο
957 2193 1279 2249 διελθεϊνόῑ
1301 2196 1412 2265 γὰρ
1439 2195 1575 2258 ὅλως
1601 2195 1872 2268 διολισθή-

293 2305 484 2352 σαντες
523 2287 615 2342 τοῦ
648 2287 846 2342 εἰδέναι
884 2287 946 2341 τὸ
975 2284 1399 2340 πολιτεύσασθαι
1447 2287 1745 2357 συννόμως,
1779 2288 1874 2342 καὶ

292 2383 434 2437 κατά
461 2398 527 2451 γε
555 2381 617 2435 τὺ
656 2383 724 2453 τῇ
758 2380 991 2452 ἀληθείᾳ
1043 2378 1254 2447 δοκοῦν,
1283 2379 1514 2450 ἀλήθεια
1551 2380 1607 2433 δὲ
1640 2382 1668 2434 ὁ
1712 2381 1876 2452 νόμος

289 2473 384 2526 τοῦ
431 2473 568 2526 Θεοῦ
610 2473 928 2542 ὠνόμασται
958 2471 1260 2543 πανταχοῦ,
1298 2471 1419 2536 πῶς
1447 2471 1514 2526 ἂν
1546 2467 1710 2544 ἦλθον
1739 2473 1874 2527 εὐθὺ

297 2563 394 2617 τοῦ
425 2565 763 2635 πρέποντος;
798 2563 830 2634 ἢ
859 2563 979 2627 πῶς
1009 2564 1071 2616 οὐ
1102 2562 1398 2634 καμπύλας
1455 2564 1549 2616 καὶ
1581 2564 1878 2636 διεστραμ-

295 2656 460 2727 μένας
503 2655 771 2725 ἐσχήκασι
814 2653 915 2718 τὰς
953 2652 1133 2719 όδούς;
1178 2653 1501 2724 Προστιθεὶς
1545 2654 1603 2706 δὲ
1648 2654 1872 2708 καὶκλέ-

290 2766 428 2818 γων,
461 2749 545 2803 ὅτι
578 2749 643 2801 Ἦ
667 2745 896 2818 ἀλήθεια
921 2741 1110 2818 ἦρται,
1139 2747 1235 2799 καὶ
1265 2745 1604 2817 μετέστησαν
1637 2747 1739 2816 τὴν
1763 2746 1878 2801 διά-

291 2857 443 2894 νοιαν
514 2839 610 2893 τοῦ
689 2839 961 2902 συνιέναι,
1012 2837 1376 2892 διαδείκνυσιν
1443 2838 1526 2891 ὅτι
1598 2835 1879 2899 παντελῶς

291 2930 662 3002 ἀπεφοίτηκεν
690 2929 867 2983 αὐτῶν
895 2931 930 3000 ἡ
954 2928 1208 3001 ἀλήθεια,
1241 2929 1337 2981 καὶ
1375 2929 1718 2998 μετέστησαν
1757 2927 1878 2981 ὀλο-

293 3023 512 3095 τρόπως
539 3021 633 3075 τοῦ
664 3021 930 3075 δύνασθαί
959 3037 1020 3074 τε
1056 3021 1298 3075 συνιέναι
1330 3020 1442 3074 τῶν
1476 3019 1773 3074 τελούντων
1800 3019 1880 3083 είς

297 3113 592 3186 σωτηρίαν.
639 3111 844 3177 Ταῦτα,
913 3113 1102 3184 φησιν,
1132 3108 1240 3166 εῐδε
1262 3112 1487 3183 Κύριος,
1520 3113 1615 3165 καὶ
1630 3112 1728 3165 οὐκ
1758 3112 1887 3183 ἦρε-

298 3194 389 3260 σέν
412 3205 583 3277 αὐτῷ.
627 3205 702 3258 Οὐ
734 3205 844 3277 γὰρ
873 3199 942 3276 ἦν
982 3204 1116 3276 παρ’
1171 3205 1354 3268 αὐτοῖς
1386 3204 1585 3276 κρίσις,
1615 3204 1885 3270 τουτέστι,

296 3296 678 3365 δικαιοκρισία,
723 3297 820 3351 καὶ
856 3296 1040 3368 νόμος.
1081 3292 1234 3350 Εἶταο
1275 3296 1562 3362 Τεθέαται,
1595 3295 1751 3366 φησὶ,
1790 3296 1886 3350 καὶ

296 3393 396 3446 οὐκ
425 3387 492 3464 ἦν
526 3391 688 3463 ἀνὴρ,
733 3391 1030 3460 κατενόησε
1054 3390 1147 3443 καὶ
1170 3389 1270 3442 οὐκ
1292 3383 1406 3458 ἧνὸ
1437 3385 1882 3458 ἀντιληψόμενος.

311 3483 527 3555 Ἐπειδὴ
557 3483 668 3553 γάρ
727 3484 844 3536 ἐστι
878 3479 1301 3549 φιλοικτίρμων,
1347 3477 1423 3541 ὡς
1472 3477 1605 3541 Θεὸς
1646 3477 1882 3547 ἀνίησιν,

299 3576 411 3630 ἐσθ’
459 3577 569 3643 ὅτε,
616 3575 713 3632 καὶ
761 3573 1042 3644 ὁλοκλήρῳ
1075 3571 1227 3625 πόλει
1260 3570 1606 3643 ἐγκλήματα,
1651 3571 1719 3624 δι’
1762 3571 1860 3624 ἕνα

300 3667 396 3722 καὶ
439 3666 598 3738 μόνον
625 3664 918 3737 εὑρεθέντα
951 3663 1159 3716 δίκαιον
1188 3662 1245 3714 ἐν
1279 3661 1418 3732 αὐτῇ
1439 3679 1454 3693 ο
1492 3661 1587 3715 καὶ
1616 3661 1748 3730 γοῦν
1778 3661 1883 3732 ἔφη

298 3759 385 3814 διὰ
421 3759 604 3830 φωνῆς
639 3755 910 3828 Ἰερεμίου
934 3769 948 3782 ·
1005 3773 1022 3804 ι
1063 3752 1444 3824 Περιδράμετε
1491 3753 1550 3806 ἐν
1597 3754 1718 3817 ταῖς
1744 3751 1886 3817 ὁδοῖς

313 3849 686 3923 Ἰερουσαλὴμ,
715 3848 808 3902 καὶ
839 3846 1114 3918 ζητήσατε
1145 3846 1202 3898 ὲν
1229 3847 1349 3908 ταῖς
1375 3844 1659 3909 πλατείαις
1686 3844 1881 3915 αὐτῆς,

300 3942 393 3995 καὶ
419 3941 558 3994 ἴδετε
585 3939 651 3994 ἂν
681 3937 880 4009 εὕρητε
912 3935 1103 4006 ἄνδρα.
1128 3936 1177 3987 εί
1206 3933 1325 3987 ἔστι
1359 3933 1530 3987 ποιῶν
1566 3933 1770 4002 πίστιν,
1789 3934 1884 3988 καὶ

300 4035 530 4106 ἀγαπῶν
555 4034 726 4098 ἔλεος,
757 4031 852 4086 καὶ
871 4030 1030 4093 ἵλεως
1052 4028 1247 4098 ἔσομαι
1267 4027 1428 4099 αὐτῇ,
1454 4025 1876 4098 λέγειΚύριος.»

311 4130 610 4200 ’Υπέσχετο
645 4128 701 4182 δὲ
743 4126 838 4180 καὶ
881 4122 1140 4193 Σοδόμοις
1172 4120 1270 4194 τὴν
1313 4120 1402 4178 διὰ
1457 4120 1630 4192 πυρὸς
1661 4119 1882 4190 ἀνήσειν

299 4223 542 4285 κόλασιν,
576 4221 624 4273 εί
657 4218 818 4273 πέντε
851 4215 1095 4279 δικαίους
1121 4213 1280 4284 ἔσχον
1313 4213 1442 4282 παρ’
1467 4212 1702 4277 ἑαυτοῖς,
1726 4227 1881 4264 τουτ-

298 4314 470 4378 έστιν,
506 4312 563 4364 ὲν
591 4311 795 4380 ἑκάστῃ
833 4307 986 4362 πόλει
1036 4295 1250 4359 δίκαιον
1267 4304 1381 4357 ἕνα.
1419 4303 1729 4372 Κατενόησε
1768 4300 1878 4354 τοί-

1980 1837 2124 1892 ditus
2159 1835 2341 1905 periit.
2370 1833 2484 1890 Non
2513 1834 2658 1890 enim
2709 1846 2827 1889 erat
2864 1835 2972 1890 ulla
3006 1837 3059 1890 in
3090 1835 3344 1906 opeiibus
3378 1849 3567 1890 eorum

1977 1929 2202 1993 veritas,
2226 1927 2278 1981 id
2308 1936 2413 1993 est,
2446 1927 2534 1981 lex
2558 1925 3045 1998 veritatistcireo
3072 1942 3168 1998 per
3188 1936 3393 1982 rectam
3422 1928 3565 1981 viam

1979 2035 2086 2075 non
2122 2026 2413 2089 potuerunt
2445 2019 2704 2074 transire.
2743 2018 2849 2084 Qui
2874 2019 3018 2073 enim
3051 2019 3276 2074 omnino
3318 2033 3384 2072 ex
3433 2019 3566 2089 legis

1979 2120 2034 2166 et
2069 2111 2318 2166 veritatis
2372 2110 2692 2181 praescripto
2747 2110 2915 2165 vitam
2991 2111 3273 2166 instituere
3321 2111 3565 2166 nesciunt

1981 2203 2208 2273 (veritas
2229 2212 2408 2258 autem
2435 2203 2519 2258 lex
2549 2202 2642 2260 Dei
2664 2203 2865 2273 ubique
2885 2203 3271 2272 nuncupatur),
3297 2203 3565 2272 quomodo

1979 2295 2145 2366 837
2171 2304 2318 2351 recta
2345 2295 2412 2350 ad
2449 2297 2708 2350 decorum
2765 2296 3088 2351 transeant?
3136 2296 3247 2350 imo
3297 2295 3566 2364 quomodo

1983 2404 2090 2443 non
2116 2388 2364 2459 obliquas
2393 2397 2448 2443 et
2469 2388 2730 2445 distortas
2765 2389 2881 2443 vias
2909 2387 3231 2443 habuerint?
3260 2388 3394 2443 Cum
3417 2387 3565 2442 addit

1983 2480 2186 2537 etdicit
2212 2498 2225 2534 :
2255 2479 2463 2536 Veritas
2514 2480 2724 2536 sublata
2765 2489 2868 2546 est,
2893 2489 2950 2536 et
2979 2485 3369 2536 transtulerunt
3411 2496 3564 2535 men-

1986 2584 2115 2635 tem,
2155 2588 2227 2628 ne
2276 2572 2677 2644 intelligerent;
2717 2573 2970 2638 ostendit,
2999 2573 3052 2626 in
3084 2582 3252 2627 totum
3281 2573 3562 2627 veritatem

1983 2662 2052 2717 ab
2077 2663 2181 2718 illis
2207 2663 2688 2731 recessissc,etecs
2715 2664 2936 2719 omnino
2967 2673 3202 2720 mentem
3227 2663 3565 2719 transmlisse

1985 2763 2042 2808 ut
2071 2754 2209 2824 quid
2247 2755 2312 2808 ad
2361 2755 2588 2810 salutem
2620 2755 2828 2810 faceret
2855 2769 2960 2810 non
3011 2755 3388 2825 intelligerent.
3428 2755 3564 2811 llinc

1984 2840 2326 2898 dicit:Vidit
2369 2844 2628 2899 Dominus
2657 2854 2711 2899 et
2757 2859 2864 2899 non
2912 2843 2960 2899 ei
2998 2845 3234 2915 placuit;
3283 2861 3386 2900 non
3419 2845 3562 2900 enim

1987 2943 2104 2988 erat
2130 2937 2269 3004 apud
2296 2950 2390 2990 eos
2410 2935 2698 3006 judicium,
2719 2936 2769 2990 id
2782 2935 3361 3005 est,justumjudiciom
3375 2947 3428 2990 et
3456 2937 3562 2992 ler.

1990 3025 2211 3089 Deinde,
2237 3025 2481 3096 Aspexit,
2515 3027 2711 3096 inquit,
2762 3037 2816 3082 et
2853 3041 2956 3082 non
2983 3037 3103 3082 erat
3134 3028 3234 3093 vir,
3257 3021 3566 3083 considera-

1990 3116 2089 3179 vit,
2115 3123 2171 3170 et
2199 3131 2304 3170 non
2336 3125 2453 3170 erat
2496 3115 2770 3174 defensor.
2808 3116 2940 3172 Nam
2974 3118 3229 3188 quoniam
3258 3119 3565 3174 misericors

1987 3217 2092 3272 est,
2120 3220 2178 3262 ut
2207 3207 2371 3273 Deus,
2408 3209 2637 3263 remittit
2672 3209 2941 3264 interdum
2973 3209 3238 3264 universa:
3264 3211 3429 3264 etiam
3482 3211 3566 3265 cie

1986 3298 2140 3353 vitati
2170 3300 2418 3368 crimina,
2455 3309 2679 3370 propter
2709 3315 2876 3354 unum
2904 3299 3108 3367 solum,
3139 3302 3231 3370 qui
3277 3302 3330 3355 in
3367 3316 3428 3357 ea
3472 3301 3564 3372 jn-

1990 3399 2108 3445 stus
2169 3391 2422 3446 inventus
2469 3401 2574 3446 est.
2605 3389 2881 3461 Siquidem
2903 3393 3038 3446 dixit
3087 3407 3218 3448 voce
3270 3392 3564 3447 Jeremiw:

1993 3481 2264 3537 «Cursate
2318 3481 2373 3535 in
2424 3481 2528 3536 viis
2575 3480 2894 3546 Jerusalem,
2947 3492 3001 3537 et
3034 3485 3260 3552 quaerite
3286 3483 3336 3536 in
3376 3484 3568 3550 plateis

1986 3572 2122 3640 ejus,
2150 3584 2204 3628 et
2237 3572 2418 3628 videte
2452 3587 2520 3625 an
2554 3572 2804 3626 invenire
2829 3572 3048 3640 possitis
3079 3572 3274 3636 virum,
3307 3572 3398 3640 qui
3441 3573 3570 3625 facit

1987 3665 2170 3732 ﬁdem,
2192 3672 2248 3718 et
2279 3662 2454 3733 diligit
2479 3662 2930 3726 misericordiam,
2957 3677 3022 3716 ac
3050 3663 3317 3732 propitius
3339 3678 3434 3717 ero
3465 3663 3564 3726 illi,

1986 3755 2119 3812 dicit
2151 3755 2409 3812 Dominus
2435 3755 2502 3808 ⁸⁵.
2535 3773 2554 3808 ι
2581 3751 2841 3809 Promisit
2892 3753 3017 3810 item
3047 3754 3296 3811 Sodomis
3345 3769 3404 3809 se
3429 3755 3566 3824 ignis

1985 3845 2306 3917 supplicium
2369 3845 2475 3902 illis
2537 3845 2934 3909 remissurum,
2986 3843 3029 3899 si
3103 3847 3341 3914 quinque
3393 3845 3568 3916 iustos

1986 3939 2126 4010 apud
2165 3951 2226 3995 se
2259 3937 2598 4000 habuissent,
2630 3936 2683 3991 id
2712 3946 2814 4002 est,
2841 3937 3222 4008 unumjustum
3255 3938 3307 3991 in
3328 3953 3567 4008 unaqua-

1985 4047 2089 4102 que
2115 4031 2355 4086 civitate.
2385 4027 2766 4086 Consideravit
2790 4026 2973 4098 igitur,
3010 4028 3205 4098 inquit,
3237 4038 3290 4083 et
3314 4043 3418 4082 non
3448 4039 3567 4084 erat

1984 4123 2088 4188 vir,
2118 4137 2224 4178 non
2251 4132 2372 4179 erat
2417 4121 2508 4192 qui
2544 4114 2880 4176 defenderet.
2924 4119 3110 4176 Justus
3135 4121 3281 4175 enim
3330 4134 3452 4176 cum
3481 4119 3562 4173 l'u-

1984 4230 2160 4271 rorem
2207 4217 2393 4280 sedet,
2434 4223 2488 4270 et
2537 4215 2684 4268 solus
2733 4212 2913 4269 valeat
2965 4212 3135 4268 Deum
3168 4213 3406 4282 placare,
3448 4211 3569 4266 ilios

1986 4320 2198 4377 semper
2225 4305 2484 4370 defendit,
2520 4320 2618 4376 pro
2641 4305 2840 4376 quibus
2873 4319 3067 4375 preces
3107 4303 3388 4359 obtulerit.
3420 4303 3568 4370 Quo-

301 4424 418 4470 νυν,
450 4405 604 4474 φησὶ,
635 4405 729 4456 καὶ
757 4403 858 4455 οὐκ
895 4397 964 4472 ἦν
1003 4400 1164 4472 ἀνὴρ,
1193 4397 1293 4451 οὐκ
1325 4392 1392 4469 ἦν
1436 4395 1465 4447 ὁ
1510 4393 1878 4465 ἀντιληψόμε-

1987 4399 2134 4452 niam
2169 4411 2296 4454 vero
2350 4398 2526 4455 nullus
2575 4398 2838 4470 ejusmodi
2903 4408 3042 4462 erat,
3093 4397 3388 4453 vindicavit
3443 4411 3557 4459 eos,

300 4512 412 4558 νος.
458 4495 517 4546 Ὀ
564 4493 671 4564 γὰρ
723 4492 930 4556 δίκαιος
975 4493 1065 4546 τὸν
1109 4491 1253 4544 θεῖον
1297 4489 1640 4551 κατευνάσας
1686 4487 1876 4558 θυμὸν,

303 4587 398 4638 καὶ⁵
427 4584 670 4656 ἀρκέσας
699 4583 856 4653 μόνος
879 4583 958 4644 είς
997 4598 1062 4650 γε
1089 4583 1150 4636 τὸ
1183 4581 1444 4637 δύνασθαι
1493 4579 1880 4652 καταπραῧναι

303 4675 462 4738 Θεὸν,
506 4671 970 4743 ἀντιλαμὸἀνεται
1002 4672 1220 4736 πάντως
1247 4673 1492 4739 ἐκείνων,
1540 4671 1684 4744 ὑπὲρ
1712 4665 1787 4728 ὢν
1817 4671 1883 4724 ἂν

304 4767 557 4838 προσάγῃ
582 4764 679 4828 τὰς
693 4763 864 4828 λιτάς.
883 4763 1037 4817 Ἐπεὶ
1067 4763 1124 4815 δὲ
1151 4758 1219 4833 ἦν
1247 4764 1485 4829 τοιοῦτος
1523 4765 1718 4830 οὐδεὶς,
1745 4764 1888 4836 ἠμύ-

305 4876 434 4914 νατο
476 4859 694 4922 αὐτοὺς,
750 4857 907 4928 φησι,
953 4855 1030 4926 τῷ
1070 4853 1314 4926 βραχίονι
1355 4857 1558 4923 αὐτοῦ,
1615 4858 1886 4926 τουτέστι,

304 4953 370 5022 τῇ
404 4949 652 5020 δυνάμει,
711 4949 1038 5020 ἔστηρίσατο
1091 4945 1149 4999 δὲ
1181 4945 1275 4999 καὶ
1308 4948 1375 5018 τῇ
1417 4948 1774 5022 ἐλεημοσύνη·
1828 4951 1890 5005 οὐ

303 5023 738 5116 γὰρ’ὁλόρριζον
774 5041 950 5096 ἀνεῖλε
977 5039 1068 5094 τὸν
1109 5037 1350 5110 Ἰσραὴλ,
1388 5039 1598 5094 σέσωκε
1631 5042 1684 5095 δὲ
1714 5044 1882 5097 κατά-

304 5135 515 5205 λειμμα
545 5131 929 5203 φιλάνθρωπος
976 5128 1072 5194 ὢν,
1104 5129 1200 5182 καὶ
1231 5130 1346 5192 τοῖς
1374 5127 1550 5198 ἁγίοις
1577 5131 1755 5185 αὐτῶν
1782 5150 1888 5185 πα-

305 5225 501 5294 τράσιν
553 5223 758 5295 ἀψευδῆ
784 5224 1055 5294 τετήρηκε
1082 5221 1180 5293 τὴν
1217 5221 1532 5291 ὑπόσχεσιν.
1565 5218 1694 5276 Εἷτά
1723 5239 1889 5294 φησιν

305 5320 333 5371 ὁ
353 5314 993 5388 προφήτης,ὄτιΘώρακα
1034 5314 1131 5385 μὲν
1155 5312 1462 5378 ἐνεδύσατο,
1529 5314 1807 5382 περιέθετο
1834 5313 1890 5366 δὲ

307 5409 744 5481 περικεφαλαίαν
800 5409 896 5463 καὶ
922 5406 1136 5478 ἱμάτιον
1161 5407 1518 5480 ἐκδικήσεως,
1549 5406 1626 5469 ὡς
1651 5407 1888 5461 ἀνταπο-
1934 5439 1944 5449 -

377 5609 423 5642 ⁸³
458 5607 661 5666 Jercm.
694 5623 746 5676 v,
783 5610 831 5664 ι.

387 5790 465 5864 ιι)
495 5791 697 5850 Vocula
744 5778 1133 5859 ﬁdesideratur
1165 5791 1218 5846 in
1250 5791 1337 5848 ed.
1366 5789 1532 5847 LXX.

1986 4490 2184 4561 inquit,
2214 4491 2435 4546 brachio
2490 4507 2612 4557 suo,
2659 4491 2711 4546 id
2751 4500 2854 4553 est,
2879 4489 3137 4559 potentia,
3169 4497 3220 4544 et
3247 4492 3570 4545 sustentavit

1988 4579 2382 4635 misericordia.
2409 4577 2526 4636 Non
2556 4580 2700 4636 enim
2735 4580 2998 4635 radicitus
3021 4579 3246 4635 sustulit
3287 4579 3566 4645 lsraelem,

1991 4670 2088 4726 sed
2110 4671 2379 4725 humanus
2404 4684 2526 4724 cum
2554 4671 2646 4734 sit,
2671 4669 2930 4740 reliquias
2979 4667 3238 4735 servavit,
3271 4678 3325 4724 et
3365 4671 3571 4723 sanctis

1994 4765 2235 4834 ipsorum
2261 4763 2508 4834 patribus
2537 4763 2698 4818 ﬁdem
2730 4765 2907 4819 datam
2932 4777 3059 4819 vere
3091 4763 3349 4819 servavit.
3402 4762 3566 4816 Dein-

1995 4857 2062 4913 de
2081 4855 2341 4927 propheta
2368 4855 2441 4909 ait
2473 4869 2490 4909 :
2531 4855 2754 4910 lndutus
2803 4865 2888 4910 est
2950 4854 3140 4920 lorica,
3184 4865 3239 4909 et
3278 4855 3428 4926 galea
3458 4854 3566 4907 cir-

1995 4951 2281 5006 cumdatus
2302 4957 2408 5016 est,
2437 4963 2504 5004 ac
2525 4948 2841 5003 indumento
2866 4947 3138 5012 vindictae,
3178 4957 3432 5015 tanquam
3489 4946 3570 4996 nt-

1997 5052 2152 5098 turus
2205 5043 2462 5114 probrum
2511 5042 2994 5108 adversariorum;
3064 5049 3270 5094 tantum
3303 5053 3408 5092 non
3469 5037 3538 5090 im

1989 5144 2300 5204 peratorem
2332 5142 2521 5190 contra
2576 5146 2670 5186 eos
2705 5130 2906 5185 factum
2958 5145 3078 5185 esse
3112 5128 3245 5184 dicit
3291 5127 3563 5182 universo-

1991 5243 2112 5282 rum
2161 5228 2350 5292 Deum,
2403 5236 2684 5282 armatura
2741 5226 3090 5288 instructum,
3123 5233 3179 5278 ct
3241 5221 3318 5277 rei
3367 5221 3570 5275 bellica!

1992 5333 2240 5388 gnarum.
2273 5318 2480 5385 Quibus
2527 5319 2706 5374 verbis
2756 5323 2850 5374 me
2895 5326 3086 5372 contra
3143 5315 3263 5370 illos
3313 5315 3569 5383 impetum

1994 5408 2253 5466 declarat.
2285 5409 2502 5469 Restitit
2527 5411 2670 5468 enim
2699 5408 2805 5464 illis
2836 5406 3210 5478 Omnipotens,
3239 5407 3325 5463 cui
3378 5405 3572 5462 merito
