4090 6216
545 257 672 318 1319
1566 261 1624 314 S.
1665 257 1940 314 CYRILIJ
1978 259 2102 316 ALE

2215 261 2448 318 NDRINI
2486 264 2802 322 ARCHIEP.
3301 317 3310 335 ,
3684 280 3826 335 I320

537 381 736 438 dictum
769 388 886 435 est:
915 378 1035 434 «Tu
1070 378 1324 435 terribilis
1345 391 1422 445 es,
1439 388 1492 435 et
1514 381 1638 449 quis
1675 383 1891 438 resistet
1918 385 2015 440 tibi
2067 400 2098 439 a

2207 443 2212 454 _
2240 386 2427 442 δώσων
2452 364 2808 444 ἀνταπόδοσιν
2833 388 3032 453 ὄνειδος
3079 393 3192 456 τοῖς
3239 393 3600 462 ὑπεναντίοις.
3646 401 3830 456 Μόνον

538 473 618 530 ira
641 480 735 528 tua
763 473 810 505 ⁸⁸
836 474 889 528 1)»
919 471 1198 544 Supplicia
1215 484 1392 528 autem
1415 473 1614 530 Judaeis
1632 475 1808 542 illato,
1867 479 2101 534 timebuu

2235 479 2344 551 γὰρ
2367 480 2489 551 οὐχὶ
2518 481 2872 552 πολεμάρχην
2902 481 3004 553 ἔφη
3035 484 3157 537 τινά
3183 485 3439 552 γενέσθαι
3491 491 3614 544 κατ’
3637 494 3829 548 αὐτῶν

535 566 627 635 qui
659 565 728 620 ab
761 564 1054 620 Occidente
1077 575 1225 630 sunt,
1247 575 1302 620 et
1359 567 1448 636 qui
1504 566 1572 623 ab
1635 566 1884 635 Oriente,
1924 585 2102 626 nomet

2232 568 2324 622 τὸν
2346 569 2456 622 τῶν
2484 569 2621 623 ὅλων
2642 571 2799 633 Θεὸν,
2831 573 3160 642 παντευχίαν
3191 574 3406 644 ἔχοντα,
3435 579 3526 635 καὶ
3553 577 3614 634 εὖ
3641 583 3826 637 εἰδότα

534 659 852 730 gloriosum.
912 654 1108 711 Veniet
1163 657 1345 725 enim,
1397 659 1628 727 veniet,
1674 662 1886 729 inquit,
1934 673 2102 717 contr:

2229 660 2302 713 τά
2333 663 2590 715 τακτικά.
2635 663 2886 716 Δείκνυσι
2914 663 2970 716 δὲ
3007 664 3093 716 διὰ
3121 666 3327 720 τούτων
3367 668 3469 739 τῆς
3512 672 3601 725 ἐπ’
3637 675 3827 737 αὐτοῖς

533 749 774 803 inﬁdeles
804 748 906 812 ira,
935 746 1098 802 veluti
1162 748 1588 806 violentissimus
1653 752 1875 821 quidam
1921 751 2102 808 ﬁuviu:

2231 754 2402 824 ὀργῆς
2430 753 2530 824 τὴν
2562 752 2750 822 ἔφοδον
2774 771 2786 784 ·
2816 756 3149 824 ἀντετάξατο
3173 759 3282 830 γὰρ
3319 762 3504 824 αὐτοῖς
3543 764 3573 815 ό
3614 767 3824 819 παναλ-

532 841 748 909 rapiens
777 839 980 905 omnia,
1005 849 1061 894 et
1099 848 1208 894 tam
1245 840 1435 910 rapido
1480 841 1625 896 ﬂuxu
1650 844 1945 898 decurrens
1983 853 2039 899 ιιι
2061 844 2102 900 ei

2219 847 2343 916 κὴς,
2389 846 2526 916 πρὸς
2567 847 2625 899 ὃν
2653 848 2880 918 ,εἴρηται
2917 848 3160 912 δικαίως·
3197 869 3215 900 ι
3247 852 3320 904 Σὺ
3353 852 3580 924 φοϐερὸς
3610 851 3681 920 εἴ,
3724 859 3822 910 καὶ

533 931 717 987 resisti
745 945 852 986 non
879 931 1074 1001 possit.

2215 936 2298 999 τίς
2313 937 2694 1007 ἁντιστήσεταί
2713 955 2795 990 σοι
2815 939 2923 991 ἀπὸ
2951 940 3052 1008 τῆς
3075 941 3248 1011 ὀργῆς
3287 959 3378 996 σου
3399 960 3414 1008 ;
3438 963 3456 996 ι
3480 947 3818 1019 Ἐπενηνεγ-

536 1023 712 1094 μένων
763 1023 819 1078 δὲ
870 1025 985 1086 τοῖς
1037 1023 1313 1089 Ἰουδαίοις
1381 1023 1488 1078 τῶν
1550 1025 1959 1098 κολαστηρίων,
2018 1027 2422 1100 Φοϐηθήσονται
2458 1029 2508 1082 οί
2549 1029 2657 1082 ἀπὸ
2699 1029 2918 1100 δυσμῶν
2978 1033 3072 1085 καὶ
3118 1034 3391 1089 ἀνατολῶν
3435 1035 3498 1089 τὸ
3536 1037 3709 1108 ὄνομα
3756 1054 3816 1103 τὸ

532 1115 761 1180 ἔνδοξον.
793 1115 948 1180 Ἥξει
989 1116 1118 1188 γὰρ,
1157 1117 1299 1188 ἥξει,
1345 1119 1497 1190 φησὶ,
1548 1120 1690 1173 κατὰ
1742 1121 1852 1176 τῶν
1923 1122 2340 1193 ἀπειθησάντων
2407 1126 2440 1194 ἡ
2495 1123 2666 1194 ὀργὴ,
2746 1124 2997 1196 καθάπερ
3048 1143 3130 1190 τις
3185 1127 3490 1197 βιαιότατος
3541 1131 3792 1201 ποταμὸς

531 1212 708 1265 πάντα
742 1211 1092 1283 κατασύρων,
1137 1214 1233 1266 καὶ
1275 1214 1656 1286 ἀπρόσσλητον
1700 1217 1839 1288 ἔχων
1905 1219 2004 1290 τὴν
2034 1219 2142 1273 τῶν
2179 1219 2436 1291 ναμάτων
2465 1221 2799 1289 καταφορὰν.

606 1307 766 1360 Vens.
796 1305 1000 1370 20,21.
1034 1305 1105 1360 Et
1137 1309 1302 1362 uertici
1333 1319 1552 1378 propter
1588 1312 1722 1367 Sion
1755 1312 2028 1380 liberator,
2069 1331 2102 1368 ei

2295 1315 2408 1368 Καὶ
2455 1314 2588 1383 ἥξει
2625 1313 2833 1367 ἕνεκεν
2863 1311 3018 1367 Σιὼν
3062 1316 3096 1366 ό
3133 1313 3454 1382 ῥυόμενος,
3509 1318 3608 1370 καὶ
3660 1319 3814 1372 dae.

529 1397 699 1468 838
757 1406 957 1452 evertet
1003 1399 1300 1461 impietates
1329 1417 1363 1454 a
1416 1400 1606 1457 Jacob.
1657 1402 1847 1458 Etlioc
1879 1406 1987 1460 illis
2045 1417 2102 1461 le-

2226 1405 2478 1473 στρέψει
2507 1405 2786 1471 ἀσεϐείας
2809 1404 2929 1459 ἀπό
2964 1403 3192 1471 Ἰακὼ6,
3225 1407 3325 1460 καί
3345 1408 3499 1475 αὕτη
3528 1409 3737 1475 αὐτοῖς
3767 1411 3805 1476 ἡ

529 1500 839 1544 tutamentum
863 1505 896 1542 a
918 1505 1022 1552 me,
1045 1490 1173 1543 dicit
1209 1490 1485 1550 Dominus.
1527 1492 1759 1561 Spiritus
1793 1511 1936 1550 meus
1962 1507 2036 1552 est
2063 1498 2102 1551 ir

2222 1498 2358 1566 παρ’
2392 1495 2540 1564 ἐμοῦ
2578 1496 2834 1565 διαθήκη
2875 1494 3036 1565 λέγει
3073 1497 3306 1562 Κύριος.
3342 1496 3410 1550 Τὸ
3451 1497 3696 1567 Πνεῦμα
3738 1500 3805 1552 τὸ

529 1591 598 1649 te,
624 1591 670 1634 et
706 1581 858 1634 verba
908 1595 1046 1646 mea,
1078 1597 1196 1650 qum
1220 1598 1314 1652 ego
1349 1585 1503 1652 posui
1536 1585 1708 1640 inore
1739 1595 1854 1651 tuo,
1887 1604 1990 1642 non
2024 1591 2118 1645 de-

2220 1589 2368 1658 ἐμόν
2391 1591 2560 1644 ἐστιν
2579 1590 2677 1643 ἐπὶ
2711 1589 2810 1642 σοι
2832 1630 2846 1654 ,
2876 1588 2978 1642 καὶ
3025 1589 3098 1642 τὰ
3122 1588 3382 1657 ῥήματα,
3413 1589 3454 1643 d
3489 1589 3689 1644 ἔδωκα
3717 1594 3805 1656 εις

528 1669 697 1739 ﬁcient
727 1671 790 1724 de
819 1686 907 1724 ore
941 1680 1055 1736 tuo,
1091 1681 1137 1724 et
1169 1687 1235 1726 ea:
1276 1688 1366 1726 ore
1389 1675 1598 1729 seminis
1624 1677 1724 1731 tui.
1772 1677 1920 1732 Dixit
1975 1681 2102 1735 enim

2219 1678 2286 1733 τὸ
2325 1683 2519 1749 στόμα
2539 1697 2680 1750 μου,
2729 1681 2801 1733 οὐ
2836 1678 2923 1748 μὴ
2946 1678 3198 1746 ἐκλείπῃ
3250 1679 3320 1757 ἐκ
3356 1679 3463 1732 τοῦ
3500 1682 3802 1748 στόματος

531 1760 783 1816 Dominus
817 1761 1054 1826 deinceps
1085 1772 1132 1815 et
1158 1762 1213 1816 in
1248 1765 1524 1822 sarculum.

595 1936 666 1994 Ut
697 1938 750 1993 in
781 1920 1027 2010 proxime
1069 1939 1437 2011 superioribus
1505 1942 1599 1999 irae
1641 1944 1839 2002 Judaeis
1871 1947 2120 2018 irrogata:

541 2030 746 2085 diserte
773 2029 1037 2095 meminit,
1068 2040 1127 2085 ut
1182 2031 1274 2100 qui
1308 2031 1497 2087 ducem
1529 2034 1652 2089 vitae
1710 2036 2116 2107 interfecerunt,

524 2124 664 2177 etin
716 2122 1098 2178 universorum
1171 2123 1519 2181 Servatorem
1570 2142 1636 2192 ac
1691 2127 2113 2201 Redemptorem

525 2215 690 2284 impie
739 2214 985 2270 bacchati
1032 2225 1189 2270 sunt:
1250 2215 1445 2272 deinde
1485 2219 1650 2274 etiam
1686 2220 1812 2288 illis,
1850 2223 2116 2292 posterio-

525 2300 675 2354 ribus
737 2299 1068 2371 temporibus
1140 2302 1565 2360 misericordiam
1616 2317 1673 2363 et
1725 2309 2113 2368 humanitatem

524 2389 708 2445 datum
762 2390 828 2443 iri
889 2392 1140 2461 praedixit
1179 2392 1363 2449 :dixit
1429 2397 1572 2451 enim
1630 2418 1643 2452 :
1696 2399 1763 2454 Et
1823 2402 2114 2457 vindicavit

523 2494 619 2534 eos
649 2479 876 2534 brachio
923 2495 1042 2547 suo,
1101 2494 1157 2536 et
1217 2485 1587 2554 misericordia
1639 2492 1984 2558 sustentavit,
2033 2495 2114 2551 sic

525 2569 628 2626 hoc
667 2584 884 2639 quoque
927 2568 1047 2624 loco
1082 2571 1235 2640 dicit,
1293 2573 1534 2630 furorem
1577 2577 1793 2634 Domini
1859 2590 2112 2652 tanquam

527 2669 825 2715 torrentem
852 2659 1143 2730 quemdam
1171 2663 1566 2721 intolerabilem
1605 2676 1661 2721 et
1713 2669 2112 2740 rapidissimum

527 2752 582 2806 in
609 2767 707 2809 eos
730 2753 1118 2810 descensurum
1148 2773 1161 2809 :
1194 2765 1251 2812 et
1296 2757 1364 2812 de
1419 2758 1800 2817 benedictione
1851 2765 2112 2822 extremis

527 2844 708 2900 saeculi
736 2847 1066 2916 temporibus
1111 2847 1194 2902 eis
1249 2847 1424 2905 danda
1489 2852 1654 2907 verba
1702 2851 1854 2909 facit.
1914 2855 2113 2915 Veniet

527 2935 672 2991 enim
703 2946 931 3009 propter
954 2937 1084 2992 Sion
1127 2937 1400 2995 liberator.
1437 2939 1512 2996 De
1546 2943 1685 2997 caelo
1710 2945 1855 3000 enim
1881 2947 2107 3005 descen-

2221 1771 2328 1826 τοῦ
2355 1770 2701 1840 σπέρματός
2724 1785 2841 1825 σου
2868 1770 2966 1842 (1).
2988 1765 3136 1824 Eius
3169 1769 3279 1839 γὰρ
3302 1771 3523 1838 Κύριος
3543 1772 3663 1826 ἀπὸ
3694 1772 3802 1826 τοῦ

2220 1861 2357 1926 νῦν,
2389 1862 2491 1916 καί
2515 1864 2602 1927 εὶς
2627 1861 2733 1914 τὸν
2753 1859 2960 1914 αἰῶνα.

2292 1953 2502 2023 ’Ὠσπερ
2541 1953 2600 2004 ὲν
2629 1953 2744 2014 τοῖς
2771 1951 2961 2005 ἀνόπιν
2995 1950 3170 2023 βραχὺ
3215 1951 3310 2005 καὶ
3355 1951 3456 2022 τῆς
3503 1950 3795 2021 ἐπενεχθη-

2221 2043 2454 2114 σομένης
2497 2046 2612 2107 τοῖς
2669 2042 2942 2106 Ἰουδαίοις
2993 2043 3162 2114 ὀργῆς
3211 2043 3541 2113 διεμέμνητο
3584 2041 3792 2110 σαφῶς,

2218 2137 2552 2191 ἀπεκτόνασι
2574 2136 2683 2206 γὰρ
2716 2134 2806 2188 τὸν
2834 2133 3074 2204 ἀρχηγὸν
3101 2135 3201 2203 τῆς
3229 2133 3396 2203 ζωῆς,
3424 2132 3516 2186 καὶ
3536 2148 3792 2200 πεπαρῳ-

2218 2229 2445 2299 νὴκασιν
2475 2227 2704 2290 ἀνοσίως
2734 2227 2815 2289 είς
2841 2225 2932 2278 τὸν
2959 2224 3071 2279 τῶν
3100 2224 3238 2278 ὅλων
3283 2225 3532 2294 Σωτῆρα,
3562 2224 3657 2276 καὶ
3684 2225 3788 2275 Au-

2216 2321 2433 2392 τρωτήν
2458 2334 2472 2350 °
2524 2315 2641 2373 εἷτα
2675 2319 2774 2390 τῆς
2814 2317 3180 2389 δοθησομένης
3223 2319 3407 2381 αὐτοῖς
3451 2320 3508 2369 ἐν
3550 2317 3790 2387 ὑστέροις

2217 2417 2428 2484 καιροῖς
2475 2411 2846 2483 ὲλεημοσύνης
2875 2452 2892 2478 ,
2935 2411 3030 2464 καὶ
3089 2409 3498 2480 φιλανθρωπίας
3555 2411 3786 2461 ἐποιεῖτο

2217 2503 2318 2574 τὴν
2347 2501 2766 2572 προαγόρευσιν·
2807 2500 2912 2570 ἔφη
2944 2499 3052 2570 γάρ
3070 2500 3174 2566 ὅτι,
3204 2501 3311 2553 Καὶ
3335 2499 3802 2569 ἡμύνατοαύτοὺς,

2213 2592 2292 2663 τῷ
2325 2591 2569 2664 βραχίονι
2618 2590 2808 2656 αὑτοῦ,
2840 2589 2936 2643 καὶ
2963 2592 3029 2659 τῇ
3062 2588 3388 2660 ἐλεημοσύνη
3432 2587 3780 2658 ἐστηρίσατο·

2213 2681 2357 2738 οὓτω
2401 2683 2655 2748 κάνθάδε,
2691 2682 2944 2752 καθάπερ
2980 2682 3102 2735 τινὰ
3137 2683 3468 2753 χειμάρρουν
3513 2683 3786 2754 ἀφόρητόν

2211 2792 2270 2829 τε
2295 2775 2392 2829 καὶ
2419 2774 2722 2846 βιαιότατον
2773 2774 3176 2845 καταΰήσεσθαι
3205 2776 3326 2826 κατ’
3357 2772 3535 2826 αὐτῶν
3573 2772 3667 2825 τὸν
3691 2771 3786 2826 τοῦ

2212 2867 2425 2938 Κυρίου
2474 2866 2667 2938 θυμόν.
2714 2865 2898 2920 Εἰπὼν
2926 2866 3006 2930 δὲ,
3043 2867 3135 2919 καὶ
3159 2865 3250 2919 ιιδν
3279 2865 3409 2937 περὶ
3439 2865 3540 2936 τῆς
3568 2863 3784 2935 δοθησο-

2213 2959 2381 3031 μένης
2408 2959 2590 3022 αὑτοίς
2634 2959 2883 3028 εὐλογίας
2913 2961 2970 3012 ὲν
3012 2959 3262 3028 ἐσχάτοις
3298 2957 3396 3011 τοῦ
3431 2957 3629 3020 αἰῶνος
3663 2975 3784 3010 και-

529 3030 606 3086 dit
630 3030 966 3099 unigenitum
994 3030 1088 3084 Dei
1119 3031 1380 3098 Verbum,
1414 3027 1470 3088 et
1504 3034 1721 3091 demisit
1753 3037 1868 3107 ipse
1927 3055 1986 3097 se
2038 3043 2102 3097 ad

2214 3027 2586 3122 potestatem:
2611 3027 2789 3119 λόγον,
2835 3050 2993 3117 Ἥξει
3018 3027 3127 3122 γάρ
3153 3050 3340 3104 ἕνεκεν
3377 3049 3514 3103 Σιὼν
3541 3051 3568 3102 ό
3592 3049 3785 3120 ῥυόμε-

525 3120 901 3188 inanitionem,
921 3121 1094 3176 factus
1113 3122 1298 3190 homo,
1323 3133 1381 3177 ut
1411 3124 1579 3179 etiam
1609 3141 1719 3195 prae
1747 3129 1868 3183 aliis
1889 3142 2102 3188 vocaret

2209 3120 2320 3204 νος.
2343 3142 2800 3213 Καταπεφοίτηκε
2825 3143 2935 3215 γὰρ
2951 3142 3012 3210 ἐξ
3030 3120 3275 3213 οὐρανῶν
3307 3143 3336 3194 ό
3357 3142 3647 3212 μονογενὴς
3689 3140 3782 3194 τοῦ

525 3211 801 3276 lsraelem,
829 3222 885 3267 et
912 3224 1158 3267 servaret
1174 3228 1391 3282 quoque
1409 3215 1648 3280 gentium
1680 3218 2103 3278 multitudinem.

523 3301 701 3357 Testis
735 3303 840 3356 erit
868 3302 1305 3370 sapientissimus
1327 3302 1524 3359 Paulus
1582 3306 1833 3376 inquiens
1865 3327 1880 3366 :
1925 3331 1946 3364 ι
1973 3314 2106 3371 Dico

521 3395 798 3451 Christum
833 3394 1139 3450 ministrum
1168 3394 1339 3452 fuisse
1361 3396 1818 3470 circumcisionis,
1880 3416 2100 3477 propter

521 3485 804 3539 veritatem
830 3484 1016 3550 Dei,ad
1042 3485 1441 3542 coulirmaudas
1454 3490 1846 3556 promissioues
1867 3507 2100 3565 patrum,

520 3584 710 3646 gentes
731 3585 910 3630 autem
951 3592 1114 3646 super
1130 3578 1505 3634 misericordia
1529 3583 1796 3640 honorare
1815 3587 1980 3644 Deum
1998 3590 2097 3645 ⁸⁷.»

519 3667 864 3724 Meminimus
879 3667 1040 3723 etiam
1063 3669 1192 3724 alibi
1216 3671 1398 3728 dicere
1413 3671 1690 3730 Christum
1709 3694 1754 3730 :t
1767 3677 1883 3735 Non
1904 3681 2104 3740 missus

518 3774 638 3813 sum
665 3760 767 3814 nisi
796 3761 862 3814 ad
888 3774 1016 3815 oves
1048 3761 1290 3832 perditas
1339 3765 1533 3820 domus
1557 3751 1718 3822 Israel
1749 3768 1816 3823 ⁸⁸.
1855 3789 1875 3822 ι
1915 3769 2106 3829 Veniet

520 3848 686 3916 igitur
709 3848 985 3915 liberator,
1003 3864 1032 3903 a
1055 3851 1294 3920 peccatis
1317 3851 1543 3921 scilicet,
1562 3868 1594 3908 a
1618 3866 1790 3914 morte
1805 3868 1858 3915 et
1873 3876 2102 3934 corrup-

520 3940 687 4004 tione,
702 3953 731 3993 a
760 3939 1084 3995 crudelitate
1099 3941 1388 4011 diabolica,
1414 3959 1442 3998 a
1462 3946 1760 4004 daemonum
1777 3964 1983 4022 errore,
2005 3957 2100 4011 de-

517 4031 764 4101 ceptione
801 4043 856 4086 et
902 4033 1206 4102 tyrannide.
1244 4032 1310 4088 Et
1350 4035 1454 4091 hoc
1483 4037 1589 4094 illis
1634 4055 1661 4092 a
1693 4055 1778 4096 me
1806 4049 2101 4101 testamen-

2206 3232 2338 3286 Θεοῦ
2382 3233 2573 3301 Λόγος,
2608 3235 2704 3287 καὶ
2737 3234 2976 3306 καθῆκεν
3013 3236 3202 3290 ἑαυτὸν
3255 3236 3336 3299 είς
3367 3234 3616 3301 κένωσιν,
3638 3233 3787 3303 γενό-

2209 3338 2370 3392 μενος
2405 3323 2714 3393 ἄνθρωπος,
2756 3324 2844 3377 ἵνα
2888 3324 2983 3378 καὶ
3013 3324 3119 3396 πρό
3139 3342 3201 3393 γε
3228 3324 3337 3378 τῶν
3365 3324 3536 3378 ἄλλων
3578 3324 3786 3396 καλέσῃ

2205 3411 2296 3465 τὸν
2334 3412 2570 3484 Ἰσραὴλ,
2601 3412 2840 3484 διασώσῃ
2876 3413 2933 3467 δὲ
2963 3415 3058 3468 καὶ⁸
3088 3415 3194 3468 τῶν
3224 3414 3396 3468 ἐθνῶν
3421 3415 3520 3483 τὴν
3551 3414 3784 3483 πληθύν·

2208 3501 2302 3555 καὶ
2340 3504 2682 3574 μαρτυρήσει
2710 3503 2937 3575 γράφων
2965 3507 2994 3557 ό
3021 3505 3296 3574 πάνσοφος
3320 3504 3557 3568 Παῦλος·
3583 3523 3602 3556 ι
3630 3505 3788 3571 Λέγω

2203 3594 2312 3664 γὰρ
2337 3595 2568 3664 Χριστὸν
2605 3595 2848 3649 διάκονον
2896 3596 3224 3666 γεγενῆσθαι
3261 3596 3586 3668 περιτομῆς,
3621 3596 3763 3666 ὑπὲρ

2203 3687 2459 3759 ἀληθείας
2489 3686 2652 3754 Θεοῦ,
2681 3688 2761 3750 είς
2788 3688 2849 3740 τὸ
2876 3687 3288 3758 βεϐαιῶσαιτάς
3315 3687 3646 3757 ἐπαγγελίας
3676 3686 3786 3740 τῶν

2202 3780 2475 3852 πατέρων,
2497 3777 2567 3833 τὰ
2596 3778 2652 3834 δὲ
2673 3777 2799 3849 ἔθνη
2833 3779 2973 3850 ὑπὲρ
3003 3780 3186 3844 ἐλέους
3213 3780 3436 3846 δοξάσαι
3465 3779 3556 3832 τὸν
3591 3778 3780 3832 Θεόν.»

2201 3871 2546 3944 Μεμνήμεθα
2588 3872 2646 3926 δὲ
2705 3869 2801 3927 καὶ
2848 3870 3014 3924 αὐτοῦ
3073 3871 3321 3940 λέγοντος
3369 3869 3461 3925 τοῦ
3519 3867 3782 3940 Χριστοῦ,
3839 3871 3858 3886 ⁴

2206 3981 2224 4013 ι
2260 3963 2373 4016 Οὐκ
2404 3963 2736 4036 ἀπεστάλην,
2767 3965 2816 4018 εί
2856 3963 2934 4035 μὴ
2964 3963 3044 4026 είς
3072 3963 3140 4016 τά
3170 3961 3419 4032 πρόϐατα
3456 3962 3526 4015 τά
3567 3961 3783 4015 ἀπολῶ-ι

2197 4054 2327 4108 λότα
2368 4055 2518 4109 οἴκου
2562 4057 2798 4128 Ἰσραήλ.
2831 4075 2852 4110 r
2882 4054 3040 4122 ’Ἥξει
3083 4053 3148 4125 δὴ
3195 4050 3289 4108 οῦν
3333 4054 3363 4106 ὁ
3415 4054 3696 4123 ῥυόμενος.
3719 4053 3783 4117 ἒξ

517 4130 653 4187 ιυιιι,
672 4121 803 4178 dicit
824 4123 1105 4178 Dominus.
1122 4122 1273 4191 Quod
1305 4136 1486 4182 autem
1518 4130 1792 4186 voluntate
1808 4133 1903 4189 Dei
1930 4138 2097 4194 semel

2207 4149 2480 4218 ἂμαρτιῶν
2504 4121 2765 4218 δηλονότι,
2794 4150 2859 4202 ὲκ
2891 4121 3118 4203 θανάτου
3136 4121 3237 4202 ⁷καὶ
3269 4121 3499 4216 φθοράς,
3519 4121 3589 4209 se
3626 4141 3780 4213 ὠμό-

515 4217 786 4271 decretum
799 4217 1532 4288 estetpromissum,prorsus
1547 4223 1870 4294 penitusque
1883 4225 2096 4283 ﬁrmum

2207 4255 2354 4309 τητος
2385 4217 2716 4311 διαϐολικῆς,
2744 4243 2808 4294 ἐκ
2833 4241 2932 4312 τῆς
2958 4241 3066 4294 τῶν
3097 4241 3390 4311 δαιμονίων
3439 4236 3655 4308 ἀπάτης
3681 4240 3776 4291 καί

513 4309 639 4373 erit,
667 4318 720 4364 et
746 4323 850 4364 non
883 4309 1186 4379 negabitur.
1206 4309 1359 4376 Quod
1387 4311 1554 4381 igitur
1574 4315 1700 4380 erit,
1741 4315 1986 4385 iuquit,a
2010 4335 2094 4374 me

2207 4329 2526 4396 πλεονεξίας.
2577 4309 2690 4386 Keil
2729 4309 3085 4405 urbemad-toi;
3117 4335 3150 4404 ἡ
3190 4309 3320 4403 παρ’
3353 4332 3487 4401 ἐμοῦ
3515 4333 3773 4402 διαθήκη,

512 4400 930 4454 testamentum?
975 4399 1209 4470 Spiritus
1242 4414 1395 4457 meus
1424 4414 1479 4458 et
1511 4405 1672 4460 verba
1705 4422 1823 4476 qua:
1854 4410 2005 4478 posui
2037 4413 2087 4465 iu

2207 4417 2318 4475 εῖπε
2363 4421 2583 4494 Κύριος.
2625 4424 2698 4477 Τδ
2739 4424 2794 4477 δὲ
2849 4399 2997 4489 eme
3047 4399 3283 4496 δράσων
3310 4399 3398 4476 διὰ
3439 4423 3636 4493 βουλῆς
3661 4399 3774 4475 es:

512 4507 610 4546 ore
665 4501 789 4559 tuo,
850 4507 956 4547 non
1002 4491 1254 4547 deﬁcient
1314 4494 1568 4566 deinceps
1604 4505 1658 4551 et
1715 4498 1768 4552 in
1827 4509 2085 4556 aeternum

2207 4512 2325 4566 θεοῦ
2353 4491 2837 4584 καὶνὲπαγγελθὲν,
2866 4517 3040 4588 πάντη
3066 4491 3126 4569 τε
3163 4517 3257 4569 καὶ
3298 4491 3534 4577 πάντως,
3565 4491 3777 4586 ἀραρὸς

512 4595 739 4653 tempus.
775 4583 1212 4640 Manifestissima
1252 4585 1395 4640 enim
1427 4587 1817 4646 demonstratio
1851 4603 1958 4657 est,
1997 4608 2084 4648 re-

2207 4604 2362 4669 ἔσται,
2387 4607 2484 4659 καὶ
2513 4583 2613 4659 οὐκ
2638 4583 3040 4678 γάρνηθήσεταιξ
3090 4606 3226 4659 Ποία
3255 4606 3432 4660 τοίνυν
3467 4583 3638 4667 ἔσται,
3673 4583 3776 4675 ᾠη-

509 4677 786 4742 demptum
813 4689 936 4730 esse
970 4691 1141 4746 genus
1169 4677 1486 4746 humanum,
1507 4689 1561 4734 et
1581 4679 1798 4750 quidem
1827 4698 1937 4746 pra:
1965 4684 2085 4741 aliis

2207 4696 2366 4765 τίν,οή
2393 4697 2525 4766 παρ“
2555 4695 2690 4765 ἐμοῦ
2723 4677 2989 4768 διαθήκη;
3041 4697 3113 4750 Τὸ
3141 4696 3362 4768 Πνεῦμα
3393 4696 3454 4749 τὸ
3487 4695 3639 4766 ἐμὸν,
3673 4697 3775 4750 καὶ

511 4765 786 4821 lsraelitas
815 4766 906 4836 qui
937 4766 1284 4820 crediderunt
1305 4767 1481 4824 factos
1497 4785 1618 4825 esse
1645 4771 1884 4841 Spiritus
1908 4777 2079 4830 sancti

2207 4788 2256 4839 τὰ
2282 4765 2522 4857 ῥήματα,
2546 4788 2581 4842 δι
2607 4789 2783 4844 ἔδωκα
2822 4765 2882 4845 ἐν
2915 4765 2991 4860 τῶ
3036 4790 3262 4860 στόματί
3287 4765 3412 4851 σου,
3447 4765 3529 4840 ob,
3563 4787 3638 4857 μὴ
3677 4789 3774 4840 ὲκ-

2188 4875 2347 4947 λείπῃ
2370 4877 2478 4930 ἀπὸ
2503 4876 2596 4931 τοῦ
2629 4879 2744 4946 νῦν,
2764 4879 2859 4933 καὶ⁹
2888 4881 2968 4944 εἰς
2995 4880 3086 4932 τὸν
3115 4879 3286 4932 αἰῶνα
3311 4880 3524 4950 χρόνον.
3583 4879 3770 4945 Σαφε-

2192 4969 2361 5039 στάτη
2407 4969 2517 5040 γὰρ
2549 4971 2822 5036 ἀπόδειξις
2868 4972 2970 5031 τοῦΔ
2997 4971 3365 5043 λελυτρῶσθαι
3414 4970 3476 5023 τὸ
3507 4970 3664 5038 γένος
3707 4970 3772 5022 τὸ

2187 5059 2546 5132 ἀνθρώπινον,
2601 5063 2765 5134 ἤγουν
2809 5065 2902 5116 καὶ
2952 5065 3057 5136 πρό
3093 5081 3156 5132 γε
3187 5064 3297 5116 τῶν
3337 5063 3512 5116 ἄλλων
3542 5061 3673 5124 τοὺς
3711 5061 3772 5127 se

2203 5149 2459 5221 Ἰσραὴλ,
2523 5152 2918 5215 πιστεύσαντας
2975 5153 3035 5205 τὸ
3103 5154 3163 5204 ἐν
3234 5149 3444 5222 μεθέξει
3515 5149 3768 5217 γενέσθαι

2190 5242 2504 5313 Πνεῦματος
2533 5245 2710 5312 ἁγίου,
2747 5245 2811 5298 δι’
2861 5238 2922 5297 οῦ
2957 5244 3052 5298 καὶ
3092 5245 3152 5297 τὸ
3191 5242 3288 5313 τῆς
3335 5240 3607 5304 υἱοθεσίας
3654 5240 3767 5293 sio-

511 4857 801 4929 purticipes
831 4874 845 4910 :
878 4870 973 4925 per
1004 4871 1162 4926 quem
1198 4857 1503 4927 adoptionis
1525 4864 1687 4918 decus
1713 4864 1932 4919 allatum
1977 4876 2081 4933 est,

510 4958 564 5002 et
592 4946 843 5018 loquendi
872 4946 1052 5015 lingua
1091 4947 1314 5002 verbum
1352 4947 1495 5012 ﬁdei,
1544 4952 1700 5008 sicuti
1726 4955 1949 5026 scripsit
1989 4973 2081 5014 sa-

510 5040 876 5109 pientissimus
911 5038 1110 5094 Paulus
1140 5057 1154 5093 :
1191 5057 1210 5089 ι
1245 5039 1322 5094 Ne
1350 5041 1497 5095 dicas
1551 5044 1717 5112 enim,
1781 5047 1975 5118 inquit,
2026 5051 2080 5107 in

507 5132 668 5187 corde
696 5139 787 5187 tuo
819 5150 833 5187 :
865 5131 999 5198 Quis
1027 5132 1280 5186 ascendet
1309 5131 1360 5185 in
1401 5134 1598 5188 caelum
1625 5135 1648 5188 ?
1679 5137 1779 5193 hoc
1813 5150 1896 5194 est
1926 5141 2082 5197 Cbri-

505 5233 646 5279 stum
676 5226 962 5288 deducere,
1018 5233 1108 5278 aut
1148 5208 1270 5294 quiis
1319 5224 1604 5280 descendet
1663 5227 1715 5281 in
1770 5231 2073 5302 abyssum?

578 5404 625 5435 “
653 5405 794 5462 Psul.
829 5423 994 5474 uxv,
1029 5408 1086 5465 8.
1160 5409 1204 5442 ⁸⁷
1246 5410 1399 5466 Rom.
1434 5426 1523 5474 xv,
1555 5412 1612 5477 8,
1651 5411 1702 5464 9.
1780 5411 1826 5442 ⁸³
1860 5410 2051 5468 Matth.
2097 5431 2186 5480 xv,
2219 5418 2312 5473 ἓξ.

548 5581 652 5668 '(i)
681 5580 840 5650 LXX,
875 5583 954 5648 είς
1018 5585 1076 5639 τὸ
1101 5585 1273 5658 στόμα
1342 5604 1463 5658 μου,
1505 5586 1564 5639 οῦ
1598 5587 1670 5658 μὴ
1711 5589 1935 5664 ἐκλείπῃ
1977 5591 2040 5644 ἐκ
2079 5589 2172 5644 τοῦ
2215 5594 2476 5665 στόματός
2511 5612 2622 5666 σου,
2659 5597 2749 5650 καὶ
2811 5599 2873 5652 ὲκ
2913 5598 3008 5652 τοῦ
3042 5599 3307 5671 στόματος
3356 5579 3447 5653 τοῦ
3505 5606 3757 5672 σπέρμα-

548 5671 593 5707 ιτ
633 5670 746 5707 σου.
3621 5673 3633 5682 ’

503 5671 593 5719 τις
633 5671 746 5707 σου.
3618 5671 3633 5682 ι
