4042 6218
325 311 458 368 ιῖειι

1411 292 1479 349 IN
1519 289 1752 348 ISAIAM
1794 293 1921 350 LIB.
1966 293 2028 352 γ.
2071 291 2306 350 TOMUS
2346 290 2430 352 ιι.

3439 294 3574 354 1522

323 434 552 505 φέρεται
576 423 854 493 καύχημα,
874 416 965 470 καὶ
993 415 1175 471 λαλεῖν
1205 416 1262 470 ὲν
1291 415 1506 486 γλώττῃ
1531 415 1592 468 τὸ
1622 417 1772 486 ῥῆμα
1794 413 1893 484 τῆς

2002 413 2096 468 hoc
2131 425 2212 468 est
2234 413 2507 468 Christum
2536 406 2700 483 839
2723 426 2752 464 a
2791 411 3017 467 mortuis
3043 411 3322 468 reducere.
3352 411 3419 468 At
3447 413 3574 482 quid

323 526 584 582 πίστεως,
616 513 758 569 καθά
801 510 1076 580 γέγραφεν
1106 510 1134 562 6
1164 507 1438 576 πάνσοφος
1475 505 1685 570 Παῦλος
1704 526 1715 536 ·
1756 525 1774 556 ι
1806 507 1898 575 Μὴ

322 615 431 686 γὰρ
468 611 648 679 εἴπῃς,
683 603 867 673 φησὶν,
893 603 950 654 ὲν
982 602 1048 672 τῇ
1074 598 1274 671 καρδίᾳ
1293 614 1413 651 σου·
1446 595 1541 661 Τίς
1569 597 1899 666 ἀναϐήσεται

322 684 408 767 είς
438 702 530 754 τδν
566 692 823 764 ούρανόν;
863 691 1110 744 τουτέστι
1157 688 1389 762 Χριστὸν
1441 684 1790 757 καταγαγεῖν,
1840 687 1896 755 ἢ,

322 793 419 858 Τίς
449 785 818 856 καταϐήσεται
844 785 924 847 είς
953 783 1052 854 τὴν
1089 782 1358 845 Musaei);
1392 779 1638 833 τουτέστι
1666 777 1899 850 Χριστὸν

320 883 384 934 ἐκ
417 875 624 948 νεκρῶν
657 873 971 943 ἀναγαγεῖν.
1009 871 1168 926 Ἀλλά
1195 872 1246 924 τί
1266 870 1412 938 λέγει
1432 869 1466 941 ή
1488 870 1676 941 Γραφή
1697 887 1711 936 ;
1731 867 1898 936 ἐγγύς

319 985 411 1023 σου
449 968 511 1020 τὸ
544 963 701 1038 ῥῆμα
732 967 789 1019 ὲν
823 963 902 1035 τῷ
942 963 1170 1034 στόματί
1210 979 1326 1026 σου,
1374 962 1469 1015 καὶ
1499 962 1556 1014 ὲν
1598 963 1665 1031 τῇ
1701 960 1897 1031 καρδία

317 1075 435 1122 σου,
480 1059 564 1112 ὅτι
611 1055 712 1109 ὲάν
761 1057 940 1127 εἴπῃς,
977 1055 1181 1126 Κύριος
1221 1051 1448 1121 Ἰησοῦς,
1478 1052 1572 1107 καὶ
1601 1052 1896 1123 πιστεύσῃς

313 1153 372 1205 ἐν
401 1151 467 1220 τῇ
498 1147 704 1219 καρδίᾳ
747 1164 862 1214 σου,
891 1148 972 1201 ὅτι
1015 1149 1044 1199 ὁ
1084 1145 1218 1209 Θεὸς
1249 1144 1412 1198 αὑτὸν
1459 1143 1682 1216 ἤγειρεν
1719 1145 1782 1197 ὲκ
1809 1161 1895 1196 νε-

306 1239 477 1310 κρῶν,
524 1237 774 1309 σωθήσῃ.
824 1235 1035 1307 Καρδίᾳ
1072 1234 1181 1306 γὰρ
1224 1234 1537 1288 πιστεύεται
1581 1235 1662 1298 είς
1693 1234 1894 1288 δικαιο-

304 1328 493 1398 σύνην,
526 1328 770 1398 στόματι
799 1327 855 1381 δὲ
885 1326 1226 1398 ὁμολογεῖται
1259 1328 1338 1390 είς
1363 1326 1657 1398 σωτηρίαν.
1693 1346 1710 1380 ι
1741 1325 1894 1381 Ἐλά-

305 1421 472 1491 6ομεν
502 1419 692 1473 τοίνυν
723 1418 873 1490 παρὰ
911 1417 1047 1472 Θεοῦ
1073 1418 1134 1471 τὸ
1167 1416 1318 1490 ῥῆμα
1349 1417 1448 1488 τῆς
1486 1416 1745 1482 πίστεως,
1770 1418 1890 1488 ήτοι

305 1510 405 1580 τήν
444 1509 771 1580 ὁμολογίαν·
803 1509 1069 1580 σωτήριον
1095 1508 1151 1560 δὲ
1177 1508 1386 1578 χρῆμα,
1418 1508 1514 1561 καὶ
1542 1508 1892 1575 δικαιοσύνης

2003 506 2133 560 dicit
2160 505 2492 574 Scriptura?
2542 505 2714 574 Prope
2737 514 2820 557 est
2849 505 3072 558 verbum
3125 506 3176 559 in
3207 520 3303 560 ore
3361 514 3474 571 tuo,
3519 517 3576 561 et

2005 595 2056 649 in
2091 595 2256 650 corde
2283 605 2395 659 tuo.
2421 596 2547 665 quia
2569 595 2612 648 si
2663 595 2867 651 dixeris
2896 635 2912 662 ,
2971 594 3232 650 Dominus
3276 591 3458 662 Jesns;
3519 605 3576 651 et

2002 686 2300 742 credideris
2346 687 2399 741 in
2446 687 2609 741 corde
2664 695 2756 742 tuo
2837 685 3005 741 Deum
3053 688 3319 741 excitasse
3372 687 3574 742 illuma

2002 780 2250 845 mortuis,
2285 779 2466 834 salvus
2505 779 2636 836 eris.
2676 778 2853 834 Corde
2873 776 3017 834 enim
3056 775 3296 834 creditur
3325 778 3390 832 ad
3419 777 3576 850 justi-

2001 873 2153 933 tiam,
2191 886 2288 927 ore
2319 878 2499 925 autem
2531 871 2590 925 lit
2619 870 2889 926 confessio
2928 872 2994 925 ad
3043 868 3269 930 salutem
3290 871 3357 926 ".
3388 890 3409 925 ι
3471 871 3579 927 Ac-

1999 963 2242 1032 cepimus
2259 963 2438 1032 itaque
2463 977 2491 1016 a
2509 963 2618 1018 Deo
2633 963 2854 1017 verbum
2881 961 3003 1018 ﬁdei
3025 961 3141 1018 sive
3153 962 3573 1030 confessionem;

1997 1055 2140 1125 quod
2206 1054 2422 1126 quidem
2473 1053 2710 1110 salutare
2741 1063 2847 1119 est,
2896 1065 2951 1110 et
2990 1051 3256 1123 justitiam
3301 1054 3575 1111 conciliat.

1996 1141 2264 1199 lustiﬂcat
2286 1143 2431 1198 enim
2462 1144 2542 1198 sic
2581 1144 2807 1214 impium
2845 1143 3123 1210 Christus,
3152 1145 3242 1214 qui
3301 1153 3356 1200 et
3400 1141 3577 1214 palam

1997 1235 2271 1290 clamitat:
2299 1253 2318 1286 ι
2349 1233 2488 1291 Ecce
2511 1234 2682 1290 delevi
2713 1245 2772 1289 ut
2801 1237 2997 1292 nubem
3021 1237 3336 1307 iniquitates
3354 1248 3494 1302 tuas,
3523 1245 3579 1290 et

1997 1335 2054 1380 ut
2079 1326 2368 1396 caliginem
2407 1340 2628 1397 peccata
2670 1340 2783 1384 tua.
2811 1347 2830 1381 ι
2903 1324 3016 1384 Hoc
3077 1329 3300 1384 verbum
3355 1327 3477 1382 iidei
3521 1329 3576 1381 in

1995 1416 2146 1472 nobis
2164 1415 2270 1471 erit
2295 1426 2576 1488 perpetuo,
2593 1428 2646 1474 et
2672 1419 2738 1475 de
2749 1435 2844 1475 ore
2865 1427 3052 1475 nostro
3079 1432 3183 1474 non
3207 1417 3461 1482 cessabit,
3481 1417 3579 1474 sed

1994 1505 2121 1560 illud
2142 1507 2209 1562 ad
2231 1509 2606 1577 posteritatem
2636 1523 2807 1580 usque
2840 1509 3291 1565 transmittemus.
3321 1505 3412 1561 Sic
3432 1505 3576 1561 enim

307 1604 598 1675 πρόξενον·
652 1603 850 1657 δικαιοῖ
903 1602 1008 1673 γὰρ
1053 1599 1196 1655 οὕτω
1227 1600 1320 1653 τὸν
1357 1599 1532 1670 ἀσεϐῆ
1569 1600 1824 1670 Χριστὸς,
1863 1602 1892 1653 ὁ

2002 1597 2429 1659 iustificabuntur
2444 1608 2497 1654 et
2513 1601 2734 1668 posteri.
2754 1599 2810 1656 Si
2841 1603 2987 1657 enim
3008 1615 3222 1671 semper
3242 1599 3488 1655 Christus
3509 1598 3581 1653 sit

309 1697 407 1747 καὶ
454 1693 629 1748 πάλαι
674 1693 832 1766 βοῶν,
883 1712 903 1745 ι
942 1693 1074 1746 Ἰδοὺ
1103 1691 1381 1764 ἀπήλειψα
1427 1692 1502 1756 ὡς
1531 1692 1762 1764 νεφέλην
1791 1693 1889 1756 τὰς

1991 1694 2045 1740 et
2062 1687 2202 1744 Deus
2219 1699 2272 1744 et
2302 1690 2590 1756 Dominus,
2623 1707 2896 1762 nunquam
2925 1694 3129 1748 desinet
3161 1691 3284 1747 ﬁdei
3311 1691 3426 1756 ejus
3447 1706 3579 1746 con-

309 1783 544 1855 ἀνομίας
575 1753 692 1848 σου,
741 1753 838 1836 καλ
887 1782 963 1846 ὡς
1007 1753 1216 1851 γνόφον,
1246 1782 1346 1844 τὰς
1391 1753 1667 1852 ἁμαρτίας
1715 1753 1828 1836 σου.

2002 1779 2158 1837 fessio
2203 1781 2343 1851 apud
2382 1797 2477 1837 eos
2527 1783 2616 1853 qui
2637 1782 2779 1839 illius
2805 1783 3198 1854 apparitionem
3221 1792 3574 1852 agnoverunt.

309 1877 484 1933 Τοῦτο
544 1878 608 1932 τὸ
651 1878 804 1949 ρἧα
853 1877 950 1947 τῆς
1001 1875 1237 1938 πίστεως
1289 1877 1347 1929 ὲν
1407 1877 1541 1946 ἡμῖν
1592 1874 1731 1928 ἔστω
1794 1875 1887 1945 (1)
1960 1873 2245 1946 διηνεκῶς,
2294 1876 2388 1930 καὶ
2443 1877 2506 1930 ὲκ
2571 1874 2666 1929 τοῦ
2709 1877 2974 1948 στόματος

3055 1875 3211 1949 ήμῶν
3257 1874 3320 1930 οὐ
3371 1894 3436 1929 πε
3446 1873 3581 1928 παύ-

312 1984 487 2023 σεται.
565 1969 1017 2042 Παραπέμψομεν
1085 1968 1140 2021 δὲ
1192 1967 1322 2020 αὐτὸ
1385 1969 1467 2031 είς
1529 1967 1721 2037 γενεὰς
1789 1967 2014 2036 γενεῶν,
2077 1967 2529 2040 δικαιωθήσονται
2569 1969 2680 2042 γὰρ
2751 1969 2893 2023 οὕτω
2962 1969 3054 2024 καὶ
3123 1970 3172 2023 oi
3241 1967 3360 2040 μεθ’
3408 1971 3575 2041 ἡμᾶς.

309 2066 375 2120 El
420 2066 532 2137 γάρ
560 2066 649 2120 ἀεὶ
673 2065 907 2137 Χριστὸς
975 2063 1067 2118 καὶ
1097 2062 1213 2116 ἐστι
1241 2063 1373 2126 Θεὸς
1419 2062 1516 2116 καὶ
1560 2061 1787 2132 Κύριος,
1828 2063 1890 2115 οὐ

309 2161 429 2230 γία,
460 2157 614 2228 παρὰ
644 2159 756 2220 τοῖς
789 2154 1123 2224 ἐπεγνωκόσι
1154 2153 1251 2224 τήν
1278 2153 1601 2223 ἐπιφάνειαν
1633 2152 1825 2207 αὐτοῦ.

381 2248 661 2314 Φωτίζου,
689 2244 966 2316 φωτίζου,
1005 2241 1442 2314 Ἰερουσαλὴμ,
1474 2242 1610 2311 ἣκει
1644 2241 1754 2312 γάρ
1775 2254 1892 2296 σου

307 2342 376 2395 τὸ
414 2339 562 2409 φῶς,
589 2337 688 2391 καὶ
719 2336 758 2404 -ή
793 2334 943 2399 δόξα
970 2333 1192 2401 Κυρίου
1229 2333 1327 2386 ἐπὶ
1357 2331 1433 2384 σὲ
1467 2330 1891 2385 ἀνατέταλκεν.

321 2433 472 2489 Ἰδοὺ
507 2432 619 2503 γὰρ
657 2435 881 2492 σκότος
919 2427 1017 2481 καὶ
1075 2411 1300 2496 γνόφος
1331 2423 1592 2491 καλύψει
1631 2419 1752 2490 γῆν
1801 2417 1896 2474 ἐπ’

307 2526 460 2593 ἔθνη
485 2541 499 2554 ο
526 2523 629 2578 ἐπὶ
666 2521 737 2575 δέ
758 2537 835 2575 σε
868 2519 1206 2590 φανήσεται
1255 2519 1490 2586 Κύριος,
1521 2516 1619 2570 καὶ
1649 2517 1690 2584 ἡ
1745 2513 1895 2577 δόξα

309 2614 498 2669 αὐτοῦ
543 2612 640 2668 ἐπὶ
663 2611 738 2666 σὲ
763 2608 1111 2680 ὀφθήσεται.
1142 2609 1252 2665 Καὶ
1283 2607 1685 2676 πορεύσονται
1711 2605 1893 2668 ,βασι-

308 2706 443 2772 λεῖς
468 2704 550 2771 τῷ
569 2705 717 2774 φωτί
740 2720 880 2767 σου,
905 2701 1002 2756 καί
1025 2700 1170 2768 ἔθνη
1201 2696 1276 2768 τῇ
1311 2696 1689 2767 λαμπρότητί
1717 2709 1854 2750 σου.

398 2796 487 2858 Ὠς
518 2794 766 2862 δοθείσης
796 2793 898 2862 τῆς
949 2788 1282 2858 ἐπαγγελίας
1312 2786 1408 2842 τοῦ
1451 2789 1555 2861 ὅτι*
1589 2786 1894 2858 σωθήσεται

314 2887 460 2941 κατά
488 2885 711 2956 καιροὺς
731 2885 760 2937 6
797 2881 1031 2952 Ἰσραὴλ,
1058 2881 1363 2952 ἀνασκιρτᾷ
1391 2879 1592 2950 τρόπον
1610 2876 1734 2931 τινὰ
1757 2876 1895 2948 πρὸς

313 2977 582 3048 εὐθυμίαν
630 2977 660 3029 ό
715 2975 870 3041 λόγος
929 2975 987 3026 ὲν
1032 2971 1241 3036 τούτοις
1282 2971 1416 3042 ἡμῖν
1453 2972 1482 3024 ό
1537 2967 1896 3040 προφητικὸς,

1969 2063 2262 2136 καταλήξει
2295 2062 2514 2118 πώποτε
2556 2065 2657 2136 τῆς
2703 2066 2784 2130 είς
2850 2065 3013 2120 αὐτὸν
3050 2066 3286 2130 πίστεως
3327 2066 3580 2137 ήόμολο-

2071 2239 2201 2295 CAP.
2227 2233 2341 2294 LX.
2380 2237 2544 2294 Vens.
2568 2237 2684 2294 1-3.
2707 2238 3040 2310 Illuminare,
3075 2242 3394 2312 illuminare,
3416 2247 3575 2302 Jeru~

2000 2332 2162 2387 salem
2190 2344 2211 2384 :
2247 2332 2381 2385 venit
2409 2333 2546 2385 enim
2578 2343 2670 2386 tua
2700 2333 2826 2398 lux,
2859 2346 2905 2388 et
2941 2335 3111 2404 gloria
3143 2335 3357 2392 Domini
3423 2356 3581 2406 super

2015 2432 2065 2478 te
2099 2432 2218 2478 orta
2243 2432 2340 2478 est.
2369 2421 2505 2479 Ecce
2533 2425 2671 2478 enim
2692 2428 2914 2480 tenebrae
2949 2437 2994 2479 et
3023 2426 3190 2498 caligo
3216 2429 3407 2498 aperiet
3471 2439 3579 2484 ler-

2002 2531 2116 2568 ram
2145 2531 2302 2582 super
2333 2525 2527 2585 gentes.
2561 2513 2729 2583 Super
2758 2526 2806 2568 le
2856 2527 3030 2570 autem
3068 2520 3335 2587 apparebit
3392 2519 3579 2576 Domio

2004 2615 2190 2673 nus,el
2223 2605 2391 2674 gloria
2420 2606 2534 2674 ejus
2565 2607 2619 2659 in
2651 2614 2700 2658 te
2727 2605 3010 2661 videbitur.
3041 2607 3108 2661 Et
3132 2606 3471 2668 ambulabunt
3497 2630 3579 2668 re-

2005 2712 2093 2768 ges
2128 2697 2181 2750 in
2215 2695 2329 2752 luce
2351 2705 2465 2762 tua,
2500 2707 2550 2751 et
2578 2708 2753 2768 gentes
2777 2700 2831 2752 in
2870 2696 3145 2768 splendore
3170 2711 3279 2757 tuo.

2076 2785 2309 2843 Perinde
2323 2801 2388 2842 ac
2409 2787 2454 2842 si
2484 2789 2792 2858 promissio,
2827 2789 2896 2845 de
2911 2791 3178 2846 servando
3199 2791 3325 2847 olim
3347 2786 3570 2863 lsraele,

2016 2879 2142 2933 data
2177 2887 2343 2945 esset,
2369 2880 2606 2935 exsultat
2634 2879 3032 2950 quodammodo
3064 2883 3148 2938 hic
3179 2883 3333 2941 nobis
3359 2891 3582 2956 prophe-

2012 2968 2116 3024 tica
2154 2971 2352 3026 oratio.
2387 2968 2523 3026 Nam
2549 2981 2758 3027 tantum
2801 2986 2908 3028 non
2976 2989 3170 3044 magno
3227 2977 3463 3033 clamore
3524 2979 3578 3034 in

316 3070 599 3140 μονονουχὶ
631 3069 738 3139 γὰρ
763 3065 1007 3138 μεγάλην
1035 3065 1206 3137 αἴρων
1233 3065 1313 3127 είς
1339 3061 1471 3134 ὕψος
1491 3065 1590 3134 τὴν
1617 3062 1746 3134 βοὴν
1772 3063 1892 3114 ἑπι-

2002 3060 2169 3117 altum
2228 3063 2461 3132 sublato,
2533 3075 2784 3121 resonat:
2821 3083 2840 3117 ι
2908 3064 3239 3134 llluminare,
3304 3069 3580 3140 inquiens,

313 3159 650 3230 φθέγγεται·
710 3175 729 3210 ι
766 3155 1027 3221 Φωτίζου,
1089 3153 1348 3221 φωτίζου,
1390 3154 1584 3223 λέγων,
1629 3153 1751 3223 ἥκει
1789 3151 1897 3224 γάρ

314 3271 409 3308 σου
435 3252 498 3307 τδ
523 3251 660 3322 φῶς.
700 3269 719 3303 ι
747 3248 938 3318 Ἀθρει
971 3247 1028 3302 δὲ
1052 3248 1200 3311 ὅπως
1228 3246 1334 3318 πρό
1354 3263 1417 3316 γε
1437 3245 1548 3300 τῶν
1571 3244 1748 3299 ἀλλων
1784 3246 1897 3308 τοῖς

310 3343 374 3410 ἐξ
412 3342 630 3415 Ἰσραὴλ
659 3338 1053 3410 ἐπινεμηθέντος
1075 3337 1226 3409 παρά
1241 3336 1376 3390 Θεοῦ
1405 3336 1501 3390 τοῦ
1530 3335 1674 3389 θείου
1695 3335 1893 3404 annos.

309 3435 466 3507 δῆλον
495 3435 552 3489 δὲ
580 3435 662 3488 ὅτι
696 3431 792 3486 τοῦ
823 3430 912 3484 διὰ
937 3428 1200 3500 Χριστοῦ,
1224 3428 1306 3492 τὺ,
1327 3428 1451 3498 ἥκει
1485 3443 1578 3480 σου
1595 3426 1658 3479 τὸ
1691 3425 1828 3494 φῶς,
1869 3428 1897 3478 ό

309 3528 601 3598 προφήτης
663 3522 826 3594 φησὶ,
870 3519 1152 3592 μονονουχὶ
1211 3517 1454 3589 παρόντα
1497 3515 1896 3570 καταδεικνύων

305 3619 496 3682 αὐτοῖς
552 3617 643 3669 τὸν
696 3613 868 3668 πάλαι
940 3613 1038 3682 μὲν
1084 3609 1174 3664 διά
1224 3609 1409 3680 νόμου,
1467 3609 1560 3662 καὶ
1601 3606 1896 3678 προφητῶν

305 3707 485 3778 ἁγίων
537 3703 1064 3778 προαπηγγελμένον
1093 3741 1108 3764 ,
1148 3698 1534 3769 ὲπιλάμψαντα
1565 3697 1621 3751 δὲ
1661 3699 1774 3760 τοῖς
1802 3695 1897 3750 ἐπὶ

308 3801 417 3874 γῆς
464 3801 522 3852 ἐν
567 3796 818 3868 ἐσχάτοις
847 3790 941 3846 τοῦ
988 3792 1184 3854 αἰῶνος
1221 3791 1430 3862 καιροῖς
1485 3787 1622 3858 μετά
1673 3785 1889 3858 σαρκός.

310 3894 481 3959 Δόξαν
508 3891 566 3946 δὲ
596 3891 802 3962 Κυρίου
828 3887 919 3940 τὸν
944 3883 1275 3954 ἐπιφανέντα
1292 3882 1478 3952 φησιν,
1502 3877 1742 3933 ἀνέτειλε
1763 3877 1872 3948 γὰρ

312 3977 402 4038 οἷά
442 4000 524 4046 τις
546 3980 697 4052 ἥλιος
724 3979 753 4031 ὁ
781 3976 1014 4047 Χριστὸς
1041 3973 1179 4044 φωτὶ
1206 3971 1283 4042 τῷ
1318 3971 1446 4041 θείῳ
1480 3970 1574 4024 καὶ
1599 3969 1775 4040 νοητῷ
1800 3985 1897 4020 πε·-

320 4073 705 4148 ριαστράπτων
734 4069 805 4123 τὰ
837 4067 1151 4139 σύμπαντα,
1177 4063 1394 4133 καὶτῆς
1419 4058 1654 4132 ἀληθοῦς
1675 4060 1898 4128 θεογνω-

317 4167 438 4230 σίας
469 4165 678 4229 καθιεὶς
700 4163 800 4235 τὴν
826 4159 1020 4230 αἴγλην
1050 4160 1162 4220 τοῖς
1185 4153 1550 4225 ἑτοιμοτέροις
1580 4153 1662 4214 είς
1690 4151 1891 4205 πίστιν.

322 4257 477 4312 Ἐστι
497 4256 552 4311 δὲ
578 4256 672 4310 καὶ
686 4253 812 4320 δόξα
831 4251 926 4305 τοῦ
945 4246 1102 4313 Θεοῦ,
1119 4247 1214 4300 καὶ
1239 4244 1468 4317 Πατρός.
1489 4245 1576 4297 Ἐν
1599 4242 1748 4314 αύτῷ
1767 4242 1893 4312 γάρ,

317 4348 416 4399 καὶ
447 4346 514 4398 δι’
548 4342 736 4408 αὑτοῦ,
761 4343 854 4396 καὶ
893 4340 989 4394 σὺν
1017 4337 1167 4408 αὐτῷ
1193 4335 1495 4400 δοξάζεται.
1528 4335 1818 4402 Ζωγραφεί
1841 4332 1897 4384 δὲ

309 4437 511 4504 ὥσπερ
533 4436 590 4486 ὲν
617 4433 723 4503 ἰδίᾳ
752 4432 910 4500 φύσει
942 4430 1034 4482 τὸν
1063 4426 1290 4482 τεκόντα
1310 4424 1494 4479 αὐτόν.
1529 4423 1640 4477 Καὶ
1672 4424 1901 4492 ἐπείπερ
1930 4420 1976 4474 D

321 4525 643 4596 ἐγνώκαμεν
672 4523 760 4575 τὸν
796 4521 942 4584 Υίὺν,
974 4520 1279 4590 τεθεάμεθα
1310 4516 1366 4571 δὲ
1414 4516 1483 4571 δι’
1518 4515 1684 4570 αὑτοῦ
1719 4531 1777 4568 τε
1805 4514 1899 4567 καὶ

321 4623 380 4674 ὲν
406 4617 554 4688 αὐτῷ
585 4616 684 4689 τήν
718 4613 1110 4684 μεγαλειότητα
1138 4610 1232 4686 τοῦ
1254 4610 1488 4682 Πατρός,
1523 4609 1615 4663 καὶ
1638 4608 1734 4679 τὴν
1758 4609 1901 4662 ἁπα-

324 4709 591 4783 ράὁλητον
612 4705 790 4769 δόξαν,
827 4705 922 4758 καὶ
949 4703 1056 4756 τῶν
1085 4701 1406 4773 θεοπρεπῶν
1445 4702 1772 4772 ἀξιωμάτων
1802 4701 1901 4772 τὴν

322 4798 620 4870 ὑπεροχήν.
662 4794 772 4848 Καὶ
831 4793 960 4862 γοῦν
1004 4793 1107 4864 ἔφη
1161 4809 1264 4844 που
1319 4791 1583 4863 Χριστός
1633 4811 1652 4843 ι
1692 4792 1894 4864 Πάτερ,

319 4890 542 4955 δόξασόν
566 4905 658 4941 σου
691 4886 782 4940 τὸν
809 4886 954 4949 rem,
984 4884 1070 4937 ἵνα
1101 4884 1192 4937 καὶ
1213 4885 1241 4935 ὁ
1270 4882 1393 4946 Υἱός
1424 4899 1516 4936 σου
1542 4883 1742 4955 δοξάσῃ
1780 4901 1892 4936 σε.»

327 4981 502 5054 Ὠφθη
537 4979 716 5034 τοίνυν
746 4979 953 5049 ὲνήμίν
991 4979 1025 5048 ἢ
1060 4975 1186 5041 δόξα
1213 4975 1308 5029 τοῦ
1345 4973 1482 5028 Θεοῦ
1528 4976 1622 5030 καὶ
1664 4977 1900 5049 Πατρός,

324 5069 441 5127 εἶτα
467 5072 577 5125 τῶν
605 5069 784 5125 ἄλλων
810 5068 1066 5120 ἁπάντων
1115 5064 1283 5120 ἐθνῶν
1313 5065 1616 5136 ἀποκρίνας
1653 5066 1746 5119 τὸν
1797 5067 1900 5120 Ἰσ-

326 5165 486 5238 ραὴλ,
535 5164 608 5229 ὡς
657 5164 948 5235 ἐξαιρέτως
1002 5162 1364 5235 τετιμημένον
1410 5162 1562 5232 παρὰ
1613 5159 1770 5222 Θεοῦ,
1807 5161 1903 5214 καὶ⁵

325 5258 522 5329 κλῆρον
548 5257 677 5311 όντα
705 5253 890 5320 αὑτοῦ,
930 5255 1283 5326 προσεπάγει,
1324 5256 1420 5309 καὶ
1463 5253 1662 5322 φησίν·
1705 5271 1724 5305 ι
1767 5250 1898 5305 Ἰδοὺ

329 5349 518 5413 σκότος
569 5350 662 5404 καὶ
695 5348 890 5418 γνόφος
929 5347 1154 5417 καλύψει
1186 5347 1289 5418 γῆν
1327 5345 1414 5400 ἐπ’
1442 5345 1590 5415 ἔθνη,
1625 5345 1719 5400 ἐπὶ
1748 5344 1804 5398 δέ
1837 5360 1895 5396 σε

397 5523 440 5557 ι’
472 5522 627 5578 Rom.
667 5540 721 5588 x,
753 5520 906 5578 6.10.
983 5521 1028 5551 ”
1066 5521 1221 5574 Joan.
1261 5531 1392 5583 st'n,
1428 5519 1479 5572 l.

398 5700 476 5770 (1)
512 5699 718 5754 llutnl'r.
750 5698 922 5750 ἔσται.

682 5795 953 5854 Ριτιιοι.
1003 5789 1119 5854 (in.
1168 5791 1368 5854 LXX.

2004 3152 2351 3210 illuminare:
2379 3155 2527 3210 venit
2577 3157 2721 3212 enim
2774 3165 2864 3211 tua
2899 3155 3011 3211 lttx.
3046 3175 3066 3211 ι
3098 3156 3334 3214 Observa
3397 3172 3580 3217 autem

2002 3259 2114 3313 prae
2143 3243 2286 3310 aliis,
2318 3244 2444 3299 data
2472 3244 2734 3301 lsraelitis
2783 3259 2812 3299 a
2866 3243 2980 3304 Deo
3031 3247 3212 3303 divina
3284 3249 3424 3315 luce,
3485 3265 3584 3320 per

2005 3335 2283 3390 Christum
2317 3335 2595 3402 videlicet,
2631 3336 2952 3407 prophetam
3012 3340 3226 3396 dicere:
3286 3336 3446 3398 Venit
3494 3354 3585 3398 tua

2001 3425 2364 3489 lux,.tantum
2398 3442 2504 3483 non
2535 3440 2855 3498 praesentem
2902 3443 3024 3485 esse
3080 3433 3374 3489 ostendens
3430 3449 3581 3498 ειιιιι,

2003 3519 2093 3584 qui
2127 3515 2256 3571 olim
2286 3516 2338 3571 in
2364 3518 2483 3588 lege
2514 3529 2568 3574 et
2602 3534 2631 3572 ιι
2661 3521 2868 3574 sanctis
2893 3522 3172 3590 praphetis
3191 3527 3584 3591 prmnuntiatus

2002 3617 2111 3671 est,
2153 3607 2356 3676 quique
2392 3607 2444 3661 in
2472 3623 2639 3663 carne
2661 3611 2952 3678 postremis
3008 3611 3193 3666 saeculi
3251 3616 3584 3682 temporibus

2003 3697 2175 3752 illuxit
2204 3697 2541 3753 mortalibus.
2566 3699 2841 3770 Vocatque
2871 3715 2991 3756 eum
3046 3703 3137 3771 qui
3165 3706 3436 3774 apparuit,
3479 3708 3584 3778 glo-

2004 3790 2136 3844 riam
2184 3789 2419 3846 Domini.
2445 3790 2610 3848 Ortus
2635 3792 2780 3847 enim
2810 3803 2891 3848 est
2915 3793 3164 3851 Christus
3194 3806 3452 3867 tanquam
3503 3802 3583 3855 sul

2002 3879 2368 3950 quidam,luce
2385 3881 2562 3938 divina
2578 3877 2648 3940 ac
2668 3884 3034 3955 intelligentia
3046 3885 3365 3945 collustrans
3378 3893 3556 3946 omnia
3569 3935 3582 3956 ,

2002 3983 2057 4027 et
2081 3988 2224 4031 verae
2261 3974 2355 4031 Dei
2386 3976 2719 4048 cognitionis
2771 3977 3112 4049 splendorem
3153 3983 3582 4052 promptioribus

2000 4065 2067 4119 ad
2105 4064 2266 4122 (idem
2328 4067 2757 4138 amplectendam
2809 4071 3128 4129 itnmittens.
3164 4073 3362 4144 Estque
3414 4076 3584 4145 gloria

2004 4157 2099 4214 Dei
2128 4169 2185 4214 et
2213 4158 2411 4217 Patris.
2442 4161 2499 4215 In
2531 4161 2648 4232 ipso
2669 4162 2807 4218 enim
2843 4175 2898 4218 et
2927 4179 3022 4234 per
3050 4166 3224 4234 ipsum
3244 4177 3296 4221 et
3326 4168 3585 4237 eumipsa

2001 4250 2353 4322 gloriﬁcatur.
2397 4253 2772 4326 Repraesentat
2807 4259 2951 4311 enim
2996 4267 3250 4328 tanquam
3292 4259 3346 4312 in
3367 4259 3585 4332 propria

2004 4353 2195 4397 natura
2244 4357 2364 4398 eum
2401 4346 2492 4414 qui
2530 4345 2704 4415 ipsum
2751 4349 2982 4418 peperit.
3017 4348 3081 4402 Et
3121 4359 3388 4419 quatenus
3433 4351 3587 4406 novi-

2009 4450 2126 4489 mus
2145 4433 2364 4502 Filium,
2378 4437 2982 4507 contemplamuretiam
3017 4440 3298 4510 peripsum
3318 4450 3372 4496 et
3399 4442 3452 4496 in
3467 4443 3584 4512 ipso

2007 4525 2184 4581 Patris
2205 4527 2661 4596 magniﬁcentiam
2691 4539 2748 4584 et
2771 4529 3246 4600 incomparabilem
3279 4533 3449 4606 840
3469 4534 3584 4604 glo-

2010 4616 2179 4682 riam,
2217 4627 2270 4672 et
2296 4617 2493 4672 divina:
2526 4619 2866 4676 auctoritatis
2898 4621 3284 4693 dignitatisque
3316 4635 3582 4694 prastan-

2007 4710 2159 4764 tiam.
2176 4707 2454 4780 Siquidem
2474 4707 2722 4766 Christus
2737 4711 2930 4768 alicubi
2949 4715 3081 4770 dixit
3108 4734 3123 4770 :
3156 4734 3174 4763 σ
3210 4715 3389 4781 Pater,
3414 4717 3584 4789 glori-

2007 4798 2106 4853 ﬁca
2134 4808 2282 4853 tuttm
2303 4796 2519 4865 Filium,
2549 4810 2607 4855 ut
2629 4798 2796 4867 Filius
2815 4812 2936 4858 tuus
2958 4804 3222 4874 glorilicet
3251 4817 3303 4861 te
3326 4808 3426 4861 ὀ.»
3456 4807 3580 4861 Visa

2007 4897 2095 4946 est
2116 4891 2298 4961 itaque
2321 4893 2374 4946 in
2400 4892 2733 4964 nobisgloria
2751 4895 2912 4952 Deiet
2934 4895 3133 4952 Patris.
3159 4897 3361 4953 Deinde
3389 4913 3578 4970 segre-

2009 4993 2136 5055 gato
2165 4985 2232 5039 ab
2264 4984 2384 5040 aliis
2410 4988 2663 5055 gentibus
2688 4988 2939 5044 omnibus
2969 4989 3188 5052 lsraele,
3218 4999 3276 5042 ut
3309 4990 3512 5045 eximie
3537 5005 3567 5043 a

2012 5076 2121 5130 Deo
2151 5076 2204 5130 in
2241 5076 2446 5132 honore
2490 5093 2552 5134 ac
2594 5081 2771 5151 pretio
2803 5081 3010 5146 habito,
3058 5092 3222 5151 utque
3253 5082 3370 5152 ejus
3428 5092 3580 5138 sorte

2005 5181 2069 5220 ac
2091 5165 2426 5233 haereditate,
2443 5183 2604 5240 porro
2635 5173 2872 5238 addit,et
2912 5169 3103 5243 inqtﬂt:
3145 5172 3316 5227 «Ecce
3345 5172 3582 5231 tenebrat

2001 5263 2056 5310 et
2112 5256 2286 5326 caligo
2348 5259 2597 5330 operient
2657 5272 2854 5317 terram
2895 5279 3057 5334 super
3074 5274 3302 5333 gentes;
3335 5279 3498 5335 super
3530 5275 3583 5320 te

2003 5355 2180 5403 autem
2206 5349 2489 5419 apparebit
2515 5351 2794 5409 Dominus.
2809 5355 3069 5414 iNechmc
3081 5357 3234 5422 dicit,
3253 5357 3405 5427 quasi
3419 5356 3578 5412 Cbri~

3112 5797 3188 5860 42
