4042 6218
555 256 654 276 αις-ν

555 262 581 271 ’-
607 262 654 276 ἠ

524 262 542 313 ί
568 278 658 311 ἀὖ

1544 247 1602 304 S.
1643 242 1928 303 CYBILLI
1965 242 2430 301 ALEXAI‘SDRINI
2470 239 2783 299 ARCIIIEP.

3662 235 3699 290 i
3711 233 3851 288 324

521 379 605 426 sto
647 365 844 423 mundo
878 364 1243 441 illucescente,
1285 361 1523 421 tenebras
1558 375 1656 432 per
1732 368 1921 433 gentes
1987 358 2095 415 dis-

2211 358 2500 428 ρανήσεται
2525 354 2748 425 Κύριος.
2792 372 2810 405 ι
2843 352 2952 407 Καὶ
2975 351 3076 424 οὐχ
3110 352 3186 414 ὼς
3222 350 3442 413 σκότους
3486 348 3861 421 μέλλοντος

521 459 759 534 sipandaa
785 465 996 515 essent:
1056 465 1183 512 sunt
1248 454 1391 510 enim
1460 452 1740 513 illustrata:
1794 453 1990 525 potius,
2041 459 2096 505 et

520 550 734 624 pristini
782 548 988 607 erroris
1040 546 1295 603 tenebras
1320 544 1656 616 abiecerunt.
1693 546 1762 601 At
1811 544 1905 616 qui
1962 542 2096 598 divi-

531 658 654 697 nam
710 640 1051 711 Scriptu'ram
1096 637 1432 713 interpretati
1466 647 1614 703 sunt,
1650 635 1955 705 promiscue
1984 634 2099 691 red-

523 736 657 790 dunt
703 747 845 801 saepe
876 742 1141 800 tempora.
1186 727 1372 800 Itaque
1407 744 1504 801 pro
1560 746 1578 779 ι
1615 726 1790 801 quil,
1824 744 1845 780 s
1903 740 2097 797 posue-

524 834 652 883 runt
695 843 714 876 ‹
745 823 933 894 Teget.
970 840 991 880 ι
1028 821 1233 877 Verum
1294 831 1376 877 est
1395 818 1542 874 enim
1566 818 1785 873 Christo
1823 833 1933 890 pra:
1982 816 2101 871 aliis

532 918 788 972 illucente
837 911 1123 977 Israelitis,
1157 912 1429 967 detentam
1463 908 1629 965 fuisse
1665 908 1912 964 tenebris
1965 922 2098 980 geu-

529 1011 659 1064 tium
720 1004 1157 1068 multitudinem,
1221 1004 1455 1057 nondum
1529 1001 1788 1057 translata
1840 1001 1893 1055 iu
1953 1000 2100 1069 ipsas

527 1099 721 1172 gratia.
760 1096 903 1154 Ecce
931 1096 1118 1167 igitur,
1152 1094 1347 1164 inquit,
1389 1095 1603 1149 obtecta
1635 1102 1720 1147 est
1761 1088 2002 1151 tenebris
2046 1096 2100 1143 et

527 1192 776 1263 ealigine,
810 1187 1163 1260 iguorationis
1234 1185 1442 1240 scilicet
1493 1192 1546 1240 et
1594 1181 1819 1242 erroris.
1853 1180 2100 1237 universa

532 1291 673 1335 terra
702 1278 961 1351 gentium.
991 1274 1165 1345 Super
1196 1282 1247 1328 te
1274 1283 1453 1328 autem
1487 1270 1764 1343 apparebit
1794 1269 2096 1333 Dominus;

528 1373 705 1445 illuxit
734 1370 899 1435 enim,
931 1375 992 1422 ut
1020 1366 1154 1432 dixi,
1201 1364 1306 1420 illis
1340 1372 1395 1419 et
1464 1362 1680 1435 quidem
1732 1362 1987 1435 primum,
2049 1367 2105 1413 et

528 1464 697 1536 gloria
767 1464 883 1529 ejus
950 1460 1061 1513 visa
1111 1466 1214 1522 est,
1280 1455 1475 1509 eximia
1532 1453 1901 1524 magnitudine
1976 1464 2105 1523 ope-

530 1571 672 1619 rum,
723 1553 999 1624 signorum
1093 1557 1150 1603 et
1204 1544 1454 1619 prodigii.
1521 1544 1673 1617 Apud
1723 1560 1817 1599 eos
1850 1543 2108 1613 'namque

530 1642 786 1701 miracula
820 1639 1008 1707 edidit,
1063 1649 1121 1696 ut
1149 1640 1314 1708 Deus,
1352 1637 1545 1710 partim
1584 1647 1823 1695 mortuos
1856 1651 1886 1691 a
1916 1651 2106 1693 monu-

2197 444 2656 503 κατασκίδνασθαι
2685 443 2795 498 τῶν
2820 442 2989 497 ὲθνῶν
3036 440 3443 513 ἐπιλάμψαντος
3474 440 3549 511 τῷ
3594 436 3861 507 κόσμῳ

2197 537 2457 611 Χριστοῦ,
2484 539 2553 590 τὰ
2579 534 2756 590 τοιάδε
2814 533 2950 606 φησὶ
2973 572 2989 598 ,
3020 532 3403 604 κατεφωτίσθη
3434 530 3492 585 δὲ
3549 528 3858 603 μᾶλλον,

2197 631 2290 689 καὶ
2333 631 2424 684 τὸν
2479 628 2581 700 τῆς
2632 625 2868 700 ἀρχαίας
2919 626 3133 697 ἀπάτης
3179 624 3526 696 ἀποϐέϐληκε
3565 623 3855 678 σκότον.

2211 719 2590 794 Ἀδιαφοροῦσι
2648 719 2706 773 δὲ
2741 718 3058 783 πλειστάκις
3109 715 3236 790 περὶ
3272 716 3370 789 τὴν
3410 716 3521 771 τῶν
3574 714 3858 787 χρόνων

2197 814 2450 869 ἀπόδοσιν
2480 814 2529 867 οί
2561 812 2660 884 τὴν
2692 812 2842 866 θείαν
2879 808 3367 883 διερμηνεύσαντες
3395 808 3683 880 Γραφήν.
3733 806 3855 860 Τε-

2200 904 2410 960 θείκασι
2438 903 2639 971 τοίνυν,
2659 902 2779 959 ἀντὶ
2805 901 2901 956 τοῦ
2928 921 2948 955 s
2975 900 3260 968 καλύπτει,
3296 919 3316 952 s
3335 899 3396 962 τὸ
3439 919 3459 952 s
3489 899 3848 969 καλύψει.»

2214 997 2439 1069 Ἀληθὲς
2467 997 2576 1068 γὰρ
2606 997 2687 1051 ὅτι
2721 995 2816 1055 καὶ
2848 993 3254 1065 ἐπιλάμψαντος
3279 989 3374 1046 τοῦ
3404 989 3703 1064 Χριστοῦ,
3735 989 3848 1043 καὶ

2201 1088 2309 1164 πρό
2345 1106 2409 1160 γε
2450 1088 2560 1144 τῶν
2597 1086 2771 1143 ἄλλων
2801 1088 2913 1151 τοῖς
2962 1085 3021 1154 ἐξ
3076 1083 3312 1157 Ἰσραὴλ,
3363 1083 3443 1136 ἔτι
3471 1081 3852 1153 κεκράτητο

2202 1181 2380 1253 σκότῳ
2415 1179 2523 1234 τῶν
2576 1177 2744 1237 ἐθνῶν
2781 1179 2817 1251 η
2868 1175 3101 1251 πληθὺς,
3156 1174 3309 1230 οὔπω
3350 1171 3841 1246 μετατιθεμένης

2201 1274 2288 1326 ἐπ’
2317 1272 2459 1326 αὐτὰ
2492 1271 2588 1343 τῆς
2618 1271 2858 1344 χάριτας.
2875 1268 3007 1327 Ἰδοὺ
3034 1268 3237 1333 τοίνυν,
3257 1265 3409 1339 φησὶ,
3439 1264 3842 1319 κεκάλυπται

2205 1363 2381 1433 σκότῳ
2412 1362 2507 1419 καὶ
2530 1363 2714 1433 γνόφῳ
2733 1406 2748 1430 ,
2773 1363 2872 1433 τῆς
2905 1358 3143 1431 ἀμαθίας
3161 1359 3424 1431 δηλονότι,
3457 1356 3558 1412 καὶ
3582 1355 3688 1427 τῷ
3722 1355 3840 1426 τῆς

2203 1456 2434 1529 πλάνης,
2462 1457 2498 1530 ἠ
2522 1457 2594 1528 γῆ
2632 1458 2783 1527 πᾶσα
2813 1455 2921 1509 τῶν
2953 1454 3144 1520 ἐθνῶν,
3184 1452 3279 1508 ἐπὶ
3303 1452 3361 1507 δὲ
3388 1450 3447 1505 σὲ
3477 1450 3836 1521 φανήσεται

2203 1547 2431 1621 Κύριος,
2468 1546 2749 1619 ἐπέλαμψε
2779 1545 2909 1619 γὰρ,
2929 1546 3006 1609 ὡς
3037 1543 3405 1615 ἕφην,αὐτοῖς,
3428 1543 3525 1596 καὶ
3552 1538 3839 1611 πρώτως

2205 1640 2362 1711 ὤφθη
2390 1656 2451 1693 τε
2478 1639 2661 1705 αὐτοῖς
2690 1640 2723 1709 ἡ
2755 1637 2881 1704 δόξα
2910 1635 3099 1699 αὐτοῦ,
3131 1635 3220 1691 διὰ
3243 1634 3344 1706 τῆς
3372 1632 3681 1705 ὲξαιρέτου
3714 1648 3829 1701 με-

532 1737 727 1793 mentis
761 1735 1066 1791 suscitans:
1113 1731 1310 1805 partim
1386 1744 1652 1785 caecorum
1709 1726 1881 1784 oculis
1928 1726 2106 1782 lumen

2211 1730 2559 1803 γαλουργίας,
2589 1730 2682 1784 καὶ
2712 1728 2991 1801 σημείων,
3032 1726 3127 1782 καὶ
3176 1727 3442 1797 τεράτων.
3491 1723 3829 1794 Τεθαυμα-

531 1827 846 1891 immittens,
888 1823 1130 1894 leprosos
1158 1819 1457 1883 emundans
1492 1828 1654 1888 nutu,
1698 1819 1970 1875 daemones
2023 1818 2106 1873 in-

531 1934 758 1990 crepans
783 1931 904 1972 cum
951 1913 1365 1977 auctoritate,et
1400 1910 1606 1966 nullum
1634 1909 1855 1967 omnino
1889 1908 2107 1963 modum

534 2010 974 2083 praetermittens,
1024 2006 1091 2061 ad
1149 2004 1305 2060 ﬁdem
1376 2002 1702 2067 faciendam,
1781 2000 2110 2072 persuaden-

533 2109 767 2174 dumque
792 2116 850 2155 se
868 2114 995 2155 vere
1014 2097 1176 2153 Deum
1194 2111 1338 2161 esse,
1365 2104 1418 2150 et
1438 2095 1531 2150 Dei
1561 2093 1859 2150 naturalem
1887 2092 2105 2147 Filium.

539 2217 557 2248 ι
589 2197 650 2251 Et
686 2191 1055 2256 ambulabunt,
1093 2189 1284 2260 inquit,
1319 2202 1473 2259 reges
1506 2188 1559 2243 in
1589 2186 1706 2241 luce
1749 2194 1861 2252 tua,
1892 2194 1947 2240 et
1985 2198 2114 2254 gen-

537 2299 617 2342 tes
650 2288 703 2340 iu
739 2283 1024 2356 splendore
1079 2293 1187 2336 tuo.
1228 2299 1248 2334 ι
1310 2277 1563 2337 Adnectit
1610 2277 1807 2334 iterum
1851 2274 2111 2350 propheta

534 2377 826 2433 visitationi
883 2373 1249 2430 lsraelitarum
1341 2372 1578 2443 gentium
1645 2372 2018 2449 vocationem,
2054 2379 2114 2425 ut

533 2468 772 2530 videant,
825 2464 868 2518 si
899 2470 1248 2517 contemnant
1276 2461 1374 2532 ipsi
1432 2476 1529 2519 sua
1590 2460 1950 2516 inobedientia
2009 2459 2114 2514 Rc-

535 2563 891 2627 detnptorem,
948 2562 1002 2606 et
1037 2550 1284 2605 resiliunt
1349 2551 1417 2604 ab
1463 2549 1582 2620 ejus
1632 2549 1940 2619 dilectione,
1989 2565 2110 2603 cum

532 2651 729 2721 capitis
777 2647 857 2703 sui
886 2645 1105 2701 interitu
1154 2658 1213 2699 se
1249 2657 1353 2696 non
1401 2641 1517 2696 fore
1567 2640 1881 2696 destitutum
1942 2641 2115 2696 culto-

538 2743 709 2807 ribus,
740 2739 834 2801 sed
860 2746 1051 2808 gentes
1084 2734 1261 2806 potius
1290 2741 1346 2788 et
1370 2747 1524 2804 reges
1572 2746 1669 2805 per
1730 2731 1888 2787 Iidem
1943 2732 2113 2787 addu-

536 2848 771 2891 cturum.
812 2830 870 2886 In
903 2828 1185 2899 splendore
1235 2826 1378 2880 enim
1436 2826 1562 2879 dato
1624 2823 1741 2890 tibi,
1795 2823 1994 2893 inquit,
2061 2823 2113 2879 id

538 2932 644 2990 est,
666 2922 720 2975 in
745 2918 1103 2975 illustratiuue
1129 2930 1225 2987 per
1252 2913 1551 2978 Christum,
1587 2912 1939 2989 ambulabunt
1963 2927 2115 2987 reges

540 3025 596 3072 et
637 3022 843 3087 gentes.
889 3012 1088 3080 Atquo
1118 3004 1520 3063 ambulabunt?
1572 3005 1639 3060 ad
1680 3006 1906 3060 salutent
1968 3005 2114 3062 vide-

2205 1822 2477 1898 τούργηκε
2506 1823 2613 1895 γὰρ
2630 1821 2705 1887 ὡς
2732 1821 2863 1886 Θεὸς
2883 1823 3010 1893 παρ’
3037 1821 3239 1884 αὐτοῖς,
3254 1817 3412 1873 τοῦτο
3432 1817 3531 1888 μὲν
3557 1816 3824 1890 νεκροὺς

2206 1915 2429 1980 ἀνιστὰς
2457 1915 2523 1969 ὲκ
2558 1913 2876 1987 μνημάτων,
2906 1911 3064 1965 τοῦτο
3084 1910 3142 1965 δὲ
3162 1909 3378 1981 τυφλῶν
3406 1909 3736 1978 ὀφθαλμοῖς
3756 1907 3826 1961 τὸ

2209 2007 2325 2080 φῶς
2355 2007 2552 2072 ἐνιεὶς,
2605 2006 2840 2078 λεπροὺς
2867 2003 3211 2077 ἐκκαθαίρων
3252 2002 3495 2071 νεύματι,
3529 2001 3819 2071 δαίμοσιν

2207 2098 2552 2171 ἐπιπλήττων
2598 2097 2715 2169 μετ’
2763 2096 3030 2162 ἐξουσίας,
3086 2096 3180 2151 καὶ
3215 2093 3543 2161 ἁπαξαπλῶς
3589 2092 3816 2146 οὐδένα

2207 2190 2409 2262 τρόπον
2436 2189 2616 2259 ἀφεὶς,
2639 2188 2698 2253 ὃς
2716 2184 2784 2260 ἦν
2814 2187 2996 2252 ἱκανὸς
3023 2190 3102 2252 είς
3132 2185 3519 2259 πληροφορίαν,
3540 2184 3634 2238 ὅτι
3663 2183 3812 2246 Θεός

2211 2281 2329 2335 ἔστι
2365 2279 2507 2335 κατὰ
2534 2278 2813 2351 ἀλήθειαν,
2866 2277 2962 2333 καὶ
2990 2275 3126 2331 Θεοῦ
3160 2275 3254 2330 τοῦ
3280 2273 3419 2329 κατὰ
3447 2272 3614 2343 φύσιν
3642 2272 3803 2333 Υἱός.

2217 2389 2237 2424 s
2274 2370 2638 2441 Πορεύσονται
2676 2368 2752 2435 δὲ,
2785 2368 2941 2440 φησὶ,
2973 2367 3211 2439 βασιλεῖς
3246 2366 3323 2438 τῷ
3362 2363 3503 2436 φωτί
3542 2381 3669 2426 σου,
3701 2361 3799 2414 καὶ

2210 2462 2337 2533 ἔθνη
2366 2464 2432 2534 τῇ
2465 2459 2810 2533 λαμπρότητί
2845 2476 2960 2512 σου.
2998 2478 3018 2510 ι
3059 2458 3332 2512 Συνάπτει
3380 2455 3544 2523 πάλιν
3583 2457 3612 2508 ό
3650 2470 3793 2534 προ-

2212 2526 2494 2627 φήτηςῖτῇ
2524 2526 2807 2622 έπισκέᾦει
2861 2550 2968 2605 τῶν
3021 2549 3080 2617 ἐξ
3140 2548 3377 2620 Ἰσραὴλ,
3432 2547 3527 2603 καὶ
3550 2548 3647 2620 τὴν
3674 2526 3793 2602 τιῖἶν

2212 2644 2383 2701 ἐθνῶν
2405 2643 2619 2714 κλῆσιν,
2652 2642 2718 2699 ἵν’
2746 2642 2952 2707 είδοίεν,
2977 2642 3059 2697 ὅτι
3083 2641 3184 2695 κᾶν
3207 2644 3328 2711 ταῖς
3345 2640 3654 2706 άπειθείαις
3676 2644 3796 2694 ἀτι-

2216 2722 2459 2807 μάσωσιν
2482 2732 2637 2788 αὐτοὶ⁸
2667 2732 2759 2787 τὸν
2785 2732 3099 2804 Λυτρωτὴν,
3125 2732 3225 2793 καὶ,
3249 2730 3663 2803 ἀποπηδήσειαν
3694 2729 3800 2796 τῆς

2214 2828 2293 2893 είς
2327 2825 2487 2880 αὐτὸν
2515 2824 2758 2895 ἀγάπης,
2794 2826 2880 2879 ἐπ’
2924 2824 3132 2897 ὀλέθρῳ
3174 2823 3276 2894 τῆς
3310 2823 3491 2878 αὐτῶν
3523 2823 3794 2893 κεφαλῆς,

2214 2918 2419 2992 ἔρημος
2438 2917 2539 2971 οὐκ
2568 2917 2720 2971 ἔσται
2750 2915 3166 2987 προσκυνητῶν,
3205 2913 3530 2984 σαγηνεύσει
3555 2914 3613 2967 δὲ
3654 2913 3793 2987 μᾶλ-

2213 3008 2305 3066 λον
2330 3008 2419 3064 διὰ
2444 3008 2544 3079 τῆς
2562 3009 2815 3073 πίστεως,
2830 3007 2955 3080 ἔθνη
2980 3024 3042 3061 τε
3057 3008 3151 3061 καὶ
3175 3005 3431 3077 βασιλεῖς·
3448 3010 3513 3078 τῇ
3529 3005 3639 3078 γὰρ
3654 3010 3797 3076 λαμ-

539 3108 666 3163 licet
707 3119 803 3176 per
839 3102 1019 3165 ﬁdem,
1050 3099 1117 3154 ad
1149 3089 1440 3169 gloriosam
1473 3104 1527 3150 et
1597 3095 1972 3166 inculpabiiem
2030 3095 2110 3150 vi-

2211 3102 2441 3175 πρότητι
2458 3103 2523 3172 τῇ
2535 3098 2749 3173 δοθείσῃ
2768 3116 2870 3165 σοι,
2886 3099 3041 3171 φησὶ,
3057 3098 3303 3153 τουτέστι
3325 3099 3399 3170 τῷ
3421 3098 3689 3169 φωτισμῷ
3714 3095 3796 3166 τῷ

543 3208 671 3257 tam,
727 3192 793 3247 ad
846 3190 1123 3247 sciendum
1144 3198 1199 3242 et
1231 3185 1614 3250 confitendum,
1646 3187 1767 3254 quis
1794 3196 1985 3245 natura
2040 3185 2110 3240 sit

538 3302 602 3341 ac
641 3298 768 3338 vere
830 3282 1206 3335 universorum
1244 3276 1473 3333 Crealor
1512 3286 1565 3332 et
1624 3275 1839 3346 Opil’ex.
1901 3277 2108 3334 Adora-

541 3385 665 3432 runt
696 3385 930 3443 namque
980 3378 1285 3425 creaturam
1322 3382 1433 3437 prae
1487 3367 1767 3433 Creatore,
1840 3378 1897 3425 et
1951 3371 2109 3442 lignis

539 3481 602 3520 ac
623 3461 885 3533 lapidibus
914 3459 1115 3516 cultum
1144 3456 1519 3513 exlnibuerunt.
1553 3455 1658 3513 Sed
1697 3468 2000 3532 postquam,
2029 3462 2111 3516 in-

540 3558 677 3625 quit,
711 3553 828 3609 luce
851 3552 944 3607 tibi
983 3549 1150 3625 841
1184 3552 1309 3605 data
1351 3550 1600 3606 illustrati
1635 3560 1782 3615 sunt,
1816 3553 1981 3608 etiam
2007 3552 2108 3623 ipsi

544 3644 903 3703 ambulabunt
942 3654 1089 3699 recta
1130 3652 1185 3699 et
1211 3644 1358 3713 regia
1379 3643 1486 3711 via,
1515 3642 1581 3701 ad
1631 3644 1838 3701 nullum
1904 3645 2114 3702 obicem

542 3740 596 3794 in
627 3736 804 3793 medio
843 3733 1115 3804 iacentem
1171 3733 1554 3805 impingeutes,
1584 3734 1677 3790 sed
1712 3743 1770 3789 ut
1838 3734 1893 3790 in
1966 3734 2114 3791 clara

543 3829 661 3884 luce
692 3837 745 3883 et
772 3826 881 3891 die,
916 3824 1258 3894 quantumvis
1288 3826 1464 3881 noctis
1492 3839 1557 3883 ac
1588 3826 1934 3883 tenebrarum
1994 3825 2113 3896 ﬁlii,

543 3916 722 3971 omnia
769 3913 1083 3970 oﬂ‘endicula
1116 3922 1619 3983 praztercurrentes.

2215 3192 2366 3265 παρὰ
2393 3190 2653 3263 Χριστοῦ,
2684 3191 3037 3263 πορεύσονται
3063 3176 3297 3263 βασιλεῖς
3346 3192 3438 3269 καὶ
3465 3190 3613 3262 ἔθνη.
3643 3192 3795 3263 Πορ-

2214 3286 2457 3340 εύσονται
2481 3284 2537 3338 δὲ
2561 3285 2705 3351 ὅποι,
2730 3283 2823 3349 Ei;
2844 3285 2942 3356 τὴν
2966 3285 3052 3343 διὰ
3074 3285 3303 3349 πίστεως
3319 3283 3586 3356 σωτηρίαν
3606 3282 3797 3353 δηλον-

2213 3366 2329 3440 ότιξ
2357 3377 2438 3443 είς
2476 3372 2674 3430 εὐκλεᾶ
2700 3376 2795 3451 καὶ
2827 3375 3125 3448 ἀμώμητον
3160 3376 3324 3447 ζωὴν,
3371 3376 3450 3439 εἰς
3486 3374 3548 3429 τὸ
3588 3374 3794 3428 εἰδέναι

2216 3469 2313 3521 καὶ
2348 3467 2647 3541 ὁμολογεῖν,
2666 3467 2747 3532 τίς
2769 3468 2797 3522 ὁ
2832 3466 2991 3537 φύσει
3011 3468 3104 3523 καὶ
3132 3468 3348 3540 ἀληθῶς
3377 3469 3491 3522 ἐστι
3517 3465 3626 3521 τῶν
3652 3465 3796 3519 ὅλων

2214 3560 2602 3632 Γενεσιουργὸς
2637 3559 2733 3614 καὶ
2757 3561 3029 3634 τεχνίτης.
3064 3559 3440 3633 Προσεκύνουν
3466 3560 3562 3630 μὲν
3586 3558 3697 3629 γὰρ
3724 3558 3789 3626 τῇ

2214 3652 2388 3706 κτίσει
2412 3653 2562 3724 παρὰ
2585 3652 2676 3706 τὸν
2700 3651 2984 3716 κτίσαντα,
3011 3653 3107 3706 καὶ
3135 3651 3332 3717 ξύλοις,
3365 3652 3460 3707 καὶ
3482 3650 3651 3719 λίθοις
3698 3651 3792 3704 άν-

2213 3741 2391 3813 ἦπτον
2425 3742 2486 3797 τὸ
2510 3743 2694 3807 σέϐας.
2729 3743 2949 3814 Ἐπειδὴ
2969 3744 3027 3800 δὲ
3056 3743 3135 3815 τῷ
3152 3743 3355 3798 δοθέντι
3378 3761 3461 3796 σοι
3486 3744 3625 3814 φωτὶ
3662 3759 3790 3796 κατ-

2210 3833 2694 3906 ελαμπρύνθησαν,
2742 3835 2837 3891 καὶ
2888 3835 3062 3901 αὐτοὶ,
3095 3834 3252 3907 φησὶ,
3304 3833 3660 3905 πορεύσονται
3698 3832 3790 3903 τὴν

2210 3922 2430 3978 εὐθεῖαν
2452 3925 2544 3978 καὶ
2570 3924 2852 3997 βασιλικὴν
2872 3926 3013 3993 όδὸν,
3038 3926 3213 3981 οὐδενὶ
3233 3926 3671 3999 προσπταίοντες,
3686 3922 3787 3978 τῶν

541 4009 629 4063 διὰ
660 4006 825 4079 μέσου
873 4006 1161 4075 κειμένων,
1217 4004 1330 4059 ἀλλ’
1361 4005 1437 4070 ὡς
1474 4007 1533 4059 ὲν
1598 4007 1763 4079 αὐτῇ,
1809 4008 1903 4063 καὶ
1949 4010 2157 4085 ἡμέρᾳ,
2229 4014 2407 4075 καίτοι
2451 4017 2645 4080 νυκτὸς
2670 4058 2684 4085 ,
2718 4019 2813 4074 καὶ
2845 4017 3069 4083 σκότους
3107 4017 3260 4083 ὄντες
3310 4019 3416 4073 υἱοὶ
3442 4058 3457 4085 ,
3491 4020 3665 4074 πάντα
3718 4016 3784 4071 τά

545 4099 816 4160 σκάνδαλα
842 4097 1299 4171 παρατρέχοντες.

615 4195 779 4248 Vens.
802 4190 923 4247 4-7.
973 4189 1111 4246 Leva
1140 4192 1196 4245 in
1230 4192 1455 4247 circuitu
1491 4197 1671 4250 oculos
1716 4205 1855 4263 tuos,
1889 4204 1939 4252 et
2002 4198 2110 4253 vide

2286 4193 2465 4265 Ἆρον
2486 4196 2691 4263 κύκλῳ
2712 4194 2853 4263 τοὺς
2887 4197 3236 4266 ὀφθαλμούς
3255 4212 3397 4265 σου,
3418 4199 3513 4255 καί
3532 4199 3618 4254 Ida
3644 4216 3785 4255 συν·

546 4293 884 4357 congregatos
931 4284 1120 4339 liberos
1160 4294 1298 4337 tuos.
1339 4282 1474 4340 Ecce
1506 4298 1751 4342 venerunt
1777 4287 1880 4357 filii
1936 4290 2015 4344 tui
2058 4290 2125 4345 de

546 4374 717 4441 longe,
753 4382 801 4427 et
836 4373 964 4439 lilia:
992 4380 1098 4427 ture
1135 4388 1288 4438 super
1320 4372 1564 4429 humeros
1588 4378 1957 4445 portabuntur.
1977 4378 2123 4435 Tum:

547 4464 765 4525 videbis,
795 4475 839 4516 et
871 4461 1096 4527 timebis,
1136 4462 1438 4529 elstupebis
1486 4464 1661 4532 corde,
1718 4467 1841 4536 quia
1898 4466 2123 4538 transfe-

547 4562 729 4606 rentur
757 4553 826 4605 ad
851 4562 900 4605 te
926 4552 1126 4607 divitiis
1163 4553 1328 4606 maris
1371 4561 1418 4607 et
1440 4559 1694 4625 gentium,
1715 4567 1765 4612 et
1787 4557 2118 4626 populorum,

547 4654 592 4697 et
630 4644 832 4697 venient
864 4647 932 4696 ad
971 4654 1023 4697 te
1053 4660 1231 4714 greges
1262 4645 1601 4711 camelorum,
1623 4656 1672 4700 et
1704 4648 1933 4715 operient
1967 4659 2017 4704 te
2034 4665 2124 4703 ca-

548 4734 670 4788 meli
711 4732 948 4788 Modiam
982 4744 1029 4787 et
1058 4732 1282 4802 Gepltar.
1331 4734 1520 4792 Omnes
1568 4741 1631 4792 de
1676 4736 2124 4810 Sabba'venient,

550 4817 769 4886 ferentes
787 4832 976 4870 aurum
1005 4826 1054 4870 et
1089 4818 1227 4884 thus,
1256 4819 1421 4883 ferent
1459 4830 1508 4875 et
1542 4822 1770 4890 lapidem
1808 4826 2122 4892 pretiosum,

550 4918 598 4961 et
629 4908 862 4961 salutare
880 4905 1095 4963 Domini
1117 4912 1525 4965 annuutiabaut.
1560 4912 1625 4965 Et
1653 4930 1826 4968 omnes
1852 4931 1965 4969 oves
2017 4914 2119 4970 Ce-

550 4997 650 5050 dar
672 4998 1124 5067 congregabantur
1155 5002 1223 5052 ad
1255 5011 1324 5064 te,
1356 5011 1403 5055 et
1435 5002 1620 5056 arietes
1653 5001 1894 5059 Nabeoth
1923 5004 2121 5059 venient

553 5089 622 5141 ad
656 5100 726 5155 te,
755 5099 802 5143 et
832 5090 1114 5159 aﬂ'erentur
1141 5094 1482 5161 acceptabilia
1510 5111 1667 5163 super
1735 5112 1883 5149 aram
1931 5112 2118 5163 meam,

552 5190 601 5234 et
625 5179 814 5236 domus
850 5167 1103 5236 orationi!
1131 5198 1260 5239 metu
1292 5185 1694 5253 gloriﬁcabitur.

628 5460 917 5527 Aptissime
951 5472 1006 5518 et
1036 5466 1433 5534 sapientissime
1462 5465 1765 5536 disponitur
1812 5467 1927 5523 haec
1995 5481 2119 5524 ora-

2218 4286 2449 4358 ηγμένα
2503 4287 2576 4343 τὰ
2612 4287 2798 4343 τέκνα
2839 4303 2982 4344 σου.
3054 4287 3199 4344 Ἰδοὺ
3246 4289 3434 4359 ἥκασι
3478 4290 3694 4359 ,πάντες
3731 4292 3783 4349 at

2218 4380 2340 4434 υἱοί
2387 4394 2503 4435 σου
2554 4381 2874 4449 μακρόθεν,
2927 4380 3028 4434 και
3079 4383 3140 4435 αι
3175 4382 3493 4453 θυγατέρες
3534 4399 3651 4438 σου
3695 4381 3782 4437 ἐπ’

2218 4469 2390 4539 ὤμων
2448 4469 2847 4538 ἁρθήσονταιο
2904 4470 3039 4523 τότε
3095 4469 3251 4539 ὄψει,
3303 4472 3401 4525 καί
3447 4472 3781 4542 φοϐηθήση,

2220 4560 2497 4629 ἐκστήσῃ
2529 4560 2602 4630 τῇ
2628 4561 2882 4628 διανοίᾳ,
2908 4561 2998 4615 ὅτι
3024 4561 3352 4632 μεταϐαλεῖ
3376 4564 3464 4629 εἰς
3502 4562 3581 4616 σὲ
3609 4561 3784 4617 πλοῦ-

2224 4670 2325 4718 τος
2349 4653 2682 4720 θαλάσσης,
2709 4652 2805 4706 καὶ
2839 4651 3049 4721 ἐθνῶν,
3084 4653 3179 4708 καί
3218 4652 3404 4718 λαῶν,
3438 4654 3537 4708 καὶ
3573 4650 3784 4722 ἥξουσί

2223 4759 2321 4796 σοι
2352 4742 2559 4813 ἀγέλαι
2591 4742 2899 4812 καμήλων,
2930 4744 3029 4798 καί
3059 4745 3412 4813 καλύψουσί
3432 4762 3507 4799 σε
3540 4744 3786 4814 κάμηλοι

2223 4831 2456 4902 Μαδιὰμ
2499 4833 2596 4888 καὶ
2636 4834 2859 4905 Γεφάρ.
2908 4837 3137 4904 Πάντες
3183 4837 3254 4890 ἐκ
3297 4833 3494 4892 Σαϐὄᾶ
3550 4835 3780 4904 ἥξουσι,

2225 4922 2496 4993 φέροντες
2526 4926 2786 4996 χρυσίον
2814 4927 2914 4983 καὶ
2938 4928 3208 4991 λίϐανον,
3238 4928 3481 4982 οῑσουσι
3507 4928 3605 4982 καὶ
3623 4914 3785 4982 λίθον

2226 5014 2424 5084 τίμιον
2454 5016 2553 5087 (i),
2588 5015 2773 5071 καὶτὸ
2800 5018 3099 5087 σωτήριον
3129 5020 3350 5087 Κυρίου
3376 5017 3783 5089 εὔαηιελιοῦνο

2227 5123 2322 5159 ται
2342 5123 2357 5138 θ
2392 5107 2491 5161 καὶ
2529 5108 2725 5162 πάντα
2753 5109 2824 5162 τὰ
2847 5111 3114 5178 πρόϐατα
3143 5106 3345 5178 Κηδὰρ
3368 5107 3783 5178 συναχθήσον-

2227 5198 2325 5252 tat
2353 5213 2473 5263 σοι,
2496 5198 2590 5253 καὶ
2616 5202 2669 5252 οι
2698 5199 2847 5267 κριοὶ
2882 5198 3151 5257 Ναϐαιὼθ
3178 5198 3400 5268 ἥξουσί
3428 5214 3549 5264 σοι,
3568 5197 3665 5252 καὶ
3691 5197 3782 5251 ἀν·

2227 5287 2649 5357 ενεχθήσονται
2669 5288 2845 5344 δεκτὰ
2867 5290 2963 5344 ἐπὶ
2992 5289 3059 5347 τὸ
3077 5289 3510 5358 θυσιαστήριὼλ
3526 5306 3668 5360 μου,
3694 5283 3778 5343 καὶ

2230 5381 2263 5432 ὀ
2294 5375 2456 5444 οἶκος
2494 5378 2602 5447 τῆς
2624 5381 2971 5451 προσευχῆς
2983 5399 3103 5451 μου
3119 5369 3582 5451 δοξασθήσεται.

2300 5472 2620 5541 θίκονομίαν
2648 5472 2759 5543 ἔχει
2792 5473 3052 5545 πλείστην
3082 5491 3140 5528 τε
3168 5475 3300 5546 ὅσην
3342 5474 3435 5527 καὶ
3460 5473 3629 5543 σοφὴν
3655 5474 3683 5524 ὁ
3702 5468 3777 5523 λό-

628 5633 705 5706 (1)
739 5634 989 5690 Οἴσουσι
1022 5638 1117 5693 καί
1155 5641 1328 5696 λίθον
1365 5644 1575 5705 τίμιον.
1611 5644 1811 5702 Desunt
1843 5644 1957 5702 licec
1982 5645 2110 5701 verb

2215 5663 2226 5700 t
2260 5645 2426 5700 LXX.
2507 5702 2515 5710 ,
