4090 6216
401 268 419 319 l
433 264 538 320 3’25

1498 265 1576 322 IN
1617 267 1849 324 ISAIAM
1893 266 2020 323 LIB.
2071 269 2129 323 V.
2173 267 2410 324 TOMUS
2448 269 2538 323 IV.

3523 274 3545 326 I
3555 274 3658 329 59.6

397 398 516 449 γος.
557 374 978 446 Εὑαγγελίξεται
1009 380 1113 446 γὰρ
1145 378 1238 430 καὶ
1273 375 1370 448 τὴν
1413 376 1520 430 τῶν
1555 380 1721 432 ἐθνῶν
1763 380 1969 450 κλῆσιν,

2086 382 2173 433 tio.
2216 379 2573 448 Evangelizat
2613 378 2757 431 enim
2790 378 3027 446 gentium
3056 379 3418 445 vocationem,
3449 391 3504 436 et
3531 384 3662 438 diio-

399 475 494 525 καὶ
522 470 632 522 τῶν
660 469 752 521 δύο
777 467 920 521 λαῶν
948 465 1045 537 τὴν
1065 467 1258 520 ἕνωσιν
1280 468 1337 521 ἐν
1363 469 1602 540 Χριστῷ,
1633 470 1726 522 καὶ
1760 472 1857 540 τῆς
1882 469 1976 523 τοῦ

395 563 562 632 νόμου
599 561 756 623 σκιᾶς
783 559 880 629 τὴν
919 559 1221 630 μεταϐολὴν
1262 562 1340 622 εἰς
1385 561 1642 631 λατρείαν
1688 579 1979 632 πνευματι-

397 655 520 723 κήν.
555 653 738 706 Πάντα
769 651 878 721 γὰρ
937 652 994 703 ἐν
1023 649 1240 721 Χριστῷ
1295 652 1477 712 καινὰ,
1515 653 1606 704 καὶ
1662 653 1732 704 τὰ
1780 653 1980 723 ἀρχαῖα

397 739 690 809 παρῆλθεν,
728 737 910 791 ἔκτισε
944 738 998 792 δὲ
1047 739 1210 801 αὐτὸς
1259 741 1383 803 τοὺς
1409 739 1502 794 δύο
1545 741 1707 804 λαοὺς
1757 743 1836 804 εἰς
1883 743 1982 794 ἕνα

395 831 576 883 καινὸν
608 830 918 901 ἄνθρωπον,
952 830 1120 882 ποιῶν
1146 832 1368 901 εἰρήνην
1393 873 1406 896 ,
1441 835 1536 885 καί
1563 833 1978 887 ἁποκαταλλάσ-

397 940 501 976 σων
531 924 657 985 τοὺς
679 921 1020 992 ἀμφοτέρους
1040 923 1096 974 ἐν
1119 923 1198 975 ἐν)⁸
1223 922 1436 993 σώματι
1461 925 1594 994 πρὸς
1615 925 1705 977 τὸν
1738 925 1975 998 Πατέρα.

393 1016 612 1069 Τούτων
639 1016 896 1069 ἁπάντων
927 1018 1160 1068 ποιεῖται
1193 1015 1291 1086 τὴν
1327 1018 1749 1087 προαγόρευσιν,
1794 1020 1887 1070 καὶ
1913 1019 1974 1090 δή

395 1123 527 1175 φησι
583 1106 721 1177 πρὸς
757 1106 855 1177 τὴν
891 1107 1088 1178 νοητὴν
1127 1109 1482 1180 Ἰερουσαλὴμ
1509 1153 1522 1175 ,
1576 1113 1822 1164 τουτέστι
1881 1114 1979 1184 τὴν

408 1197 750 1266 Ἐκκλησίαν,
784 1198 883 1268 τὴν
921 1197 1016 1252 ἀπ’
1040 1200 1214 1270 ἀρχῆς
1262 1203 1536 1256 συστᾶσαν
1577 1203 1634 1270 ἐξ
1688 1205 1974 1276 Ἰουδαίωνῖ

398 1289 603 1358 πρῶτοι
631 1290 737 1360 γὰρ
767 1291 918 1344 αὐτοὶ
945 1293 1394 1348 πεπιστεύκασιψ
1426 1315 1444 1346 ‹
1468 1291 1640 1366 ’Ἆρον
1655 1295 1840 1367 κύκλῳ
1855 1298 1978 1361 τοὺς

397 1381 704 1450 ὀφθαλμούς
747 1399 862 1444 σου,
921 1385 1006 1435 καί
1068 1384 1143 1436 ἴδε
1181 1385 1497 1454 συνηγμένα
1543 1384 1612 1438 τὰ
1651 1385 1818 1438 τέκνα
1859 1405 1975 1440 σου.

409 1475 537 1526 Ἰδοὺ
586 1474 693 1544 γὰρ
723 1476 888 1545 ἦκασι
937 1476 1134 1539 πάντες
1170 1477 1273 1529 υἱοί
1320 1494 1414 1529 σου
1457 1477 1750 1547 μακρόθεν,
1801 1479 1893 1531 καὶ
1922 1479 1978 1531 αἰ

397 1564 694 1636 Θυγατέρες
745 1584 836 1620 σου
867 1569 952 1618 ἐπ’
982 1566 1144 1637 ῶμων
1173 1568 1523 1640 ἁρθήσονται.
1574 1590 1590 1620 ι
1652 1570 1739 1632 Ὠς
1777 1569 1884 1640 γὰρ
1916 1571 1978 1622 ἐκ

2083 487 2198 524 rum
2233 471 2548 539 populorum
2583 470 2632 523 in
2669 469 2888 522 Christo
2919 470 3196 534 unionem,
3230 482 3280 526 et
3309 470 3497 541 legalis
3543 491 3661 530 nm-

2082 565 2192 618 brze
2232 563 2284 616 in
2310 562 2642 632 spiritualem
2665 560 2869 616 cultum
2899 562 3272 616 nmtationem.
3306 562 3495 619 Omnia
3516 567 3659 621 enim

2082 653 2132 706 in
2156 651 2376 708 Christo
2396 666 2556 718 nova,
2585 661 2641 704 et
2706 661 2888 708 vetera
2931 652 3339 720 praeterierunt;
3396 656 3662 711 condidit—

2079 759 2184 812 que
2213 745 2349 798 duos
2379 743 2496 799 illos
2532 743 2757 813 populos
2784 743 2836 795 in
2871 758 3034 797 unum
3099 756 3296 799 novum
3360 745 3658 809 hominem,

2081 850 2273 890 creans
2308 849 2512 904 pacem,
2545 843 2599 889 et
2625 833 2983 888 reconcilians
3015 835 3205 890 ambos
3267 835 3320 890 in
3376 850 3483 891 uno
3540 853 3661 893 cor-

2080 941 2231 995 pore,
2269 926 2410 996 apud
2440 925 2676 980 Patrem.
2720 923 2920 978 Ilorum
2949 924 3193 980 omnium
3260 926 3658 994 praedictionem

2080 1019 2226 1082 Iacil,
2255 1027 2310 1071 et
2350 1017 2737 1087 iutelligibilem
2769 1013 3092 1082 Jerusalem,
3119 1017 3170 1071 id
3219 1026 3305 1073 est
3340 1018 3656 1086 Ecclesiam,

2078 1111 2146 1163 ah
2177 1112 2329 1163 initio
2370 1125 2432 1163 ex
2469 1108 2672 1164 Iudaeis
2699 1108 3046 1163 constitutam
3104 1109 3436 1178 alloquitur:
3498 1113 3656 1182 primi

2077 1203 2220 1256 enim
2258 1202 2332 1255 illi
2363 1201 2742 1256 crediderunt:
2793 1219 2812 1251 ι
2871 1195 3012 1255 Leva
3077 1201 3129 1256 in
3179 1202 3406 1257 circuitu
3472 1204 3659 1259 oculos

2081 1307 2220 1358 tuos,
2245 1304 2300 1349 et
2324 1296 2445 1350 vide
2479 1306 2833 1366 congregatos
2881 1296 3082 1352 liberos
3127 1305 3272 1351 tuos.
3317 1297 3462 1352 Ecce
3511 1297 3656 1352 enim

2078 1384 2304 1438 veniunt
2335 1399 2525 1439 omnes
2553 1384 2644 1439 ﬁlii
2693 1385 2766 1438 tui
2805 1401 2835 1439 e
2893 1386 3205 1457 longinquo,
3255 1395 3310 1442 et
3371 1388 3492 1443 lilia)
3550 1397 3659 1444 me

2080 1476 2132 1529 in
2163 1475 2404 1528 humeris
2444 1475 2716 1529 tollentur.
2754 1494 2773 1528 ι
2824 1476 3036 1531 All‘atur
3066 1479 3208 1532 enim
3245 1479 3327 1533 his
3361 1479 3540 1534 verbis
3562 1493 3660 1536 eos

2078 1568 2166 1638 qui
2200 1582 2263 1622 ex
2294 1569 2438 1622 omni
2479 1577 2637 1638 gente
2695 1578 2749 1623 et
2779 1569 2995 1639 regione
3024 1568 3231 1625 collecti
3288 1569 3656 1634 crediderunt.

397 1659 598 1721 παντὸς
629 1659 813 1722 ἔθνους
827 1677 886 1713 τε
919 1663 1009 1714 καὶ
1028 1659 1211 1731 χώρας
1243 1661 1592 1730 συλλέγοντος
1613 1665 1738 1726 τοὺς
1759 1661 1969 1714 πιστεῦ-

2081 1660 2396 1726 Ecclesiam,
2438 1662 2682 1732 inquam,
2731 1660 2910 1714 divina
2943 1660 3328 1732 etevangelica
3390 1662 3654 1731 praedica-

399 1765 596 1813 σαντας
653 1749 746 1802 τοῦ
779 1749 924 1803 θείου
971 1753 1063 1804 καὶ
1099 1750 1456 1820 εὐαγγελικοῦ
1497 1751 1850 1823 κηρύγματος
1883 1768 1969 1805 σα-

2081 1752 2225 1806 tioue
2279 1754 2466 1806 orbem
2523 1763 2792 1807 terrarum
2827 1753 3132 1816 irretienle.
3165 1761 3220 1808 et
3269 1760 3525 1823 tanquam
3586 1754 3654 1809 ad

397 1841 715 1912 γηνεύοντος
763 1842 865 1914 τὴν
910 1843 1000 1894 ὑπ’
1032 1842 1280 1915 οὐρανὸν,
1314 1843 1408 1896 καί¹
1455 1845 1531 1907 ὡς
1561 1842 1641 1905 εἰς
1667 1861 1790 1897 τινα
1825 1843 1978 1897 πόλιν

397 1933 805 2005 εὐπυργοτάτην
849 1935 1152 2004 ἀποφοιτᾷν
1203 1934 1592 1998 ἀναπείθοντος
1645 1936 1724 1998 εἰς
1766 1935 1864 2005 τὴν
1889 1935 1976 1989 διὰ

398 2027 630 2088 πίστεως
680 2026 838 2096 χάριν
867 2067 878 2084 ,
936 2026 1104 2096 ἤγουν
1133 2027 1212 2089 εἰς
1254 2026 1355 2096 τὴν
1387 2025 1496 2080 τῶν
1550 2026 1718 2095 ἁγίων
1749 2027 1974 2098 τροφὴν,

399 2121 539 2189 φημὶ
575 2120 638 2191 δὴ
673 2119 769 2190 τὴν
815 2119 1164 2191 Ἐκκλησίαν,
1198 2119 1266 2172 τὰ
1303 2119 1478 2174 τοιάδε
1520 2119 1674 2188 φησί,
1722 2119 1974 2191 καθάπερ

396 2212 605 2282 ἀμέλει,
623 2214 713 2266 καὶ
731 2213 956 2284 ἑτέρωθί
975 2229 1097 2265 που·
1131 2231 1150 2262 ι
1165 2212 1358 2264 Ἔσται
1380 2211 1507 2280 γὰρ,
1527 2211 1710 2280 φησὶν,
1730 2212 1788 2262 ἐν
1811 2211 1974 2280 ἐσχά-

395 2322 515 2368 ταις
546 2304 785 2375 ἡμέραις
814 2305 1051 2373 ἐμιρανὲς
1073 2303 1135 2355 τι
1165 2303 1288 2374 ὅρος
1319 2302 1526 2374 Κυρίου
1549 2341 1564 2364 ,
1611 2301 1830 2370 ἕτοιμον
1885 2302 1976 2354 ἐπὶ

394 2397 492 2459 τὰς
527 2395 772 2466 κορυφὰς
799 2395 906 2448 τῶν
929 2396 1120 2464 ὀρέων,
1161 2395 1254 2447 καὶ
1281 2393 1774 2466 μετεωρισθήσεται
1809 2393 1976 2463 ὑπερο

395 2489 505 2543 ἀνω
535 2487 643 2541 τῶν
671 2487 894 2558 βουνῶν,
933 2488 1026 2540 καὶ
1075 2485 1298 2556 ἥξουσιν
1329 2489 1408 2550 εἰς
1441 2487 1574 2539 αὐτὸ
1607 2486 1733 2556 ἔθνη
1782 2485 1970 2548 πολλὰ,

395 2581 487 2635 καὶ
509 2579 717 2652 ἐροῦσι·
754 2579 940 2644 Δεῦτε,
971 2580 1264 2648 ἀναδῶμεν
1291 2580 1370 2640 εἰς
1396 2578 1458 2630 τὸ
1487 2579 1610 2648 ὄρος
1631 2577 1856 2647 Κυρίου,
1881 2577 1974 2635 καὶ

394 2677 474 2738 είς
501 2674 590 2727 τὸν
621 2669 768 2726 οἷκον
797 2671 890 2725 τοῦ
929 2671 1065 2725 Θεοῦ
1111 2670 1328 2734 Ἰακὼϐ,
1373 2672 1468 2722 καὶ
1513 2669 1806 2736 ἀναγγελεῖ
1843 2670 1972 2739 ἡμῖν

391 2767 490 2836 τὴν
521 2767 637 2820 ὁδὸν
666 2764 850 2817 αὑτοῦ.
895 2765 1003 2816 Καὶ
1036 2761 1414 2834 πορευσόμεθα
1444 2763 1502 2814 ἐν
1541 2760 1702 2830 αὐτῇ.
1745 2779 1762 2810 ι
1797 2760 1974 2814 Τέκνα

392 2861 456 2930 δὴ
489 2860 586 2929 τῆς
625 2856 979 2927 Ἰερουσαλὴμ
1009 2855 1129 2924 οὐχὶ
1163 2854 1312 2924 μόνοι
1340 2853 1582 2920 λέγοιντο
1618 2853 1684 2905 ἂν
1706 2853 1756 2904 οἰ
1795 2852 1852 2918 ἐξ
1890 2853 1974 2904 αἵ-

397 2968 564 3018 ματος
615 2949 848 3018 Ἰσραὴλ,
885 2947 1019 3000 ἀλλὰ
1043 2946 1152 3016 γὰρ
1184 2945 1277 2998 καὶ
1313 2945 1550 3006 ἅπαντες
1596 2943 1646 2994 οἰ
1681 2945 1743 2995 ἐκ
1775 2942 1975 3007 παντὸς

2077 1845 2348 1899 civitatem
2380 1847 2669 1915 quamdam
2696 1844 3135 1918 munitissimam,
3161 1844 3228 1900 ad
3256 1845 3378 1900 ﬁdei
3401 1845 3652 1916 gratiam,

2077 1937 2144 1989 ad
2211 1947 2522 1991 sanctorum
2587 1936 2768 1992 cibum
2823 1935 3128 2002 invitante,
3201 1937 3653 2004 quemadmodum

2076 2025 2328 2081 videlicet
2382 2035 2436 2080 et
2486 2026 2610 2079 alibi
2657 2042 2672 2079 :
2724 2044 2744 2077 ι
2782 2025 2898 2080 Erit
2923 2025 3090 2091 enim,
3158 2025 3378 2095 inquit,
3450 2023 3503 2079 in
3560 2039 3654 2094 po-

2076 2120 2294 2174 stremis
2322 2119 2513 2172 diehns
2568 2117 2876 2188 spectabilis
2907 2133 3059 2173 mons
3119 2117 3352 2182 Domini,
3405 2118 3654 2188 proposio

2082 2223 2166 2268 tus
2202 2215 2255 2268 in
2288 2214 2584 2269 verticibus
2611 2211 2898 2276 montium,
2933 2220 2988 2266 et
3026 2212 3326 2269 elevabilur
3356 2227 3518 2282 supra
3539 2212 3653 2268 col-

2078 2306 2179 2367 les,
2211 2307 2535 2375 venientque
2567 2307 2634 2358 ad
2662 2305 2807 2358 illum
2845 2313 3032 2374 gentes
3080 2304 3281 2369 multte,
3338 2319 3404 2360 ac
3437 2305 3648 2360 dicent:

2080 2399 2293 2461 Adeste,
2343 2399 2700 2452 ascendamns
2740 2397 2807 2450 ad
2841 2406 3076 2450 montem
3112 2396 3344 2462 Domini,
3382 2405 3438 2450 et
3461 2397 3528 2450 ad
3556 2396 3652 2450 do-

2078 2507 2220 2545 mum
2251 2489 2415 2562 852
2482 2489 2572 2543 Dei
2600 2489 2783 2545 Jacoh.
2822 2490 2889 2544 Et
2923 2487 3263 2543 annuntiabil
3304 2490 3459 2546 nobis
3506 2489 3650 2546 viam

2074 2583 2213 2652 ejus.
2243 2582 2308 2635 Et
2339 2581 2734 2635 ambulabimus
2783 2583 2836 2634 in
2864 2595 2926 2636 ea
2962 2582 3028 2634 ".
3057 2599 3075 2632 ι
3107 2581 3287 2636 Liberi
3321 2592 3504 2638 autem
3559 2583 3650 2640 ιε.

2073 2672 2332 2738 rnsalem,
2369 2688 2474 2725 non
2513 2673 2565 2725 hi
2596 2672 2691 2725 soli
2717 2671 2929 2726 dicendi
2958 2683 3103 2740 sunt,
3135 2675 3228 2744 qui
3259 2687 3327 2729 ex
3384 2675 3652 2746 sanguine

2075 2765 2239 2819 Israel
2268 2765 2482 2819 oriundi
2534 2773 2682 2828 sunt,
2717 2766 2808 2819 sed
2845 2774 3109 2834 quotquot
3136 2780 3202 2820 ex
3261 2767 3410 2821 omni
3491 2775 3652 2839 gente

2077 2870 2139 2908 ac
2170 2854 2386 2923 regione
2410 2853 2586 2908 vocati
2619 2865 2747 2907 sunt
2766 2867 2861 2921 per
2889 2854 3051 2909 ﬁdem
3084 2858 3150 2908 ad
3179 2854 3425 2910 veritatis
3451 2854 3646 2922 lucem;

2075 2954 2134 3000 ut
2157 2945 2298 3001 enim
2321 2943 2753 3014 sapientissimus
2777 2943 2972 2998 Paulus
2996 2944 3187 3000 scribit
3216 2963 3286 3006 τι
3313 2944 3431 3000 Non
3457 2959 3649 3000 omnes

395 3043 580 3105 ἔθνους
626 3042 718 3096 καὶ
742 3039 922 3111 χώρας
960 3038 1283 3109 κεκλημένοι
1306 3036 1395 3090 διὰ
1431 3037 1667 3098 πίστεως
1685 3037 1764 3097 είς
1787 3034 1847 3087 τὸ
1877 3035 1969 3102 τῆς

2077 3033 2167 3106 qui
2203 3050 2267 3091 ex
2291 3032 2456 3088 Israel
2479 3075 2494 3099 ,
2529 3034 2580 3087 hi
2608 3032 2811 3100 Israel;
2845 3049 2940 3090 nec
2970 3034 3094 3104 quia
3141 3050 3325 3092 semen
3376 3036 3647 3094 Abraham

394 3136 648 3204 ἀληθείας
673 3134 808 3202 φῶς.
851 3133 938 3196 Ὠς
968 3131 1075 3201 γὰρ
1100 3133 1129 3184 ὁ
1168 3130 1439 3198 πάνσοφος
1487 3128 1686 3197 γράφει
1716 3126 1926 3188 Παῦλος
1954 3166 1967 3191 ,

400 3246 417 3275 ι
453 3226 526 3277 Οὐ
575 3224 774 3285 πάντες
819 3222 867 3274 οἰ
917 3221 977 3286 ἐξ
1017 3217 1252 3291 Ἰσραὴλ,
1287 3212 1432 3272 οὗτοι
1487 3217 1722 3289 Ἰσραὴλ,
1746 3217 1853 3270 οὐδ’
1885 3219 1966 3271 ὄτι

394 3315 499 3367 είσί
531 3313 749 3382 σπέρμα
779 3310 1050 3381 Ἀϐραὰμ,
1106 3308 1304 3371 πάντες
1339 3309 1524 3373 τέκνα,
1549 3307 1684 3360 ἀλλὰ
1708 3307 1776 3360 τὰ
1803 3307 1968 3362 τέκνα

393 3407 491 3476 τῆς
521 3403 853 3472 ἐπαγγελίας
897 3399 1169 3470 λογίζεται
1196 3401 1275 3462 εἰς
1304 3400 1548 3470 σπέρμα.
1595 3417 1614 3450 ι
1652 3399 1880 3470 Εἴρηται
1910 3401 1966 3453 δὲ

398 3495 546 3566 παρὰ
565 3494 696 3546 Θεοῦ
719 3493 852 3563 πρὸς
879 3490 968 3544 τὸν
988 3489 1269 3542 θεσπέσιον
1304 3487 1574 3557 Ἀϐραὰμ,
1593 3487 1673 3539 ὄτι
1699 3505 1717 3536 ι
1749 3487 1968 3556 Πατέρα

395 3586 601 3640 π)λλῶν
629 3583 794 3637 ἐθνῶν
818 3581 1037 3635 τέθεικά
1069 3596 1148 3630 σε.
1179 3597 1198 3631 ι
1233 3576 1445 3630 Οὐκοῦν
1478 3576 1552 3638 ὡς
1585 3577 1687 3647 ἤδη
1729 3575 1966 3645 πληθύος

395 3674 875 3745 σιναγηγερμένης
909 3672 969 3735 ἐξ
1010 3671 1200 3734 ἐθνῶν,
1247 3669 1339 3723 καὶ
1393 3666 1805 3738 προσκυνούσης
1834 3668 1967 3739 Χρι-

394 3770 524 3838 στῷο
565 3765 752 3838 Ἀρον,
777 3765 928 3836 φησὶ,
957 3763 1141 3834 κύκλῳ
1170 3763 1299 3825 τοὺς
1329 3760 1639 3832 ὀφθαλμούς
1671 3778 1785 3825 σου,
1808 3777 1965 3814 τουτ-

394 3864 558 3925 έστιν,
592 3861 811 3914 ἃπασαν
832 3856 1117 3927 περιαθρει
1138 3855 1234 3926 τὴν
1256 3853 1600 3925 οἰκουμένην,
1632 3853 1724 3906 καὶ
1754 3855 1817 3906 ἐκ
1841 3868 1966 3906 παν-

391 3952 715 4022 τὸςομέρους
743 3949 912 4018 αὐτῆς
933 3948 1054 4018 ὕψει
1079 3947 1342 4019 τρέχοντα
1355 3946 1492 4018 πρὸς
1523 3945 1582 3999 σὲ
1608 3945 1677 3999 τὰ
1699 3945 1963 4011 σὰτέκνα,

389 4045 578 4117 ἥξουσι
608 4043 664 4095 δὲ
696 4042 868 4094 καίτοι
911 4037 1126 4110 μακρὰν
1157 4037 1306 4100 ὄντες
1356 4036 1518 4100 ποτὲ,
1555 4036 1770 4107 μακρὰν
1817 4035 1873 4087 δὲ.
1901 4035 1963 4090 οῦ

388 4135 650 4197 τοπικῶ;,
676 4132 809 4186 ἀλλὰ
839 4130 979 4185 κατὰ
1020 4128 1244 4198 γνώμην
1265 4169 1278 4190 ,
1318 4127 1411 4179 καὶ
1443 4126 1682 4182 διάθεσιν
1709 4124 1820 4179 νοῦ.
1855 4126 1965 4180 Καὶ

388 4229 518 4298 γοῦν
552 4229 657 4296 ἱφη
683 4243 766 4288 τις
793 4223 902 4278 τῶν
940 4221 1108 4290 ἁγίων
1133 4218 1427 4291 προφητῶν
1452 4221 1564 4280 τοῖς
1588 4215 1963 4286 ἁποδραμοῦσι

389 4320 485 4373 τοῦ
502 4320 696 4374 εἰδέναι
712 4317 801 4372 τὸν
821 4315 980 4387 φύσει
1009 4330 1067 4366 τε
1098 4311 1191 4367 καί¹
1208 4309 1425 4380 ἀληθῶς
1452 4308 1580 4364 ὄντα
1597 4307 1750 4362 Θεόν·
1779 4327 1796 4358 ι
1817 4308 1966 4377 Μνή-

2077 3131 2224 3187 sunt,
2253 3137 2446 3177 omnes
2466 3121 2647 3186 liberi,
2678 3124 2770 3177 sed
2802 3121 2959 3178 liberi
2989 3124 3366 3193 promissionis
3394 3133 3651 3196 reputan-

2075 3219 2164 3265 tur
2201 3211 2251 3265 in
2274 3226 2458 3266 semen
2493 3212 2559 3266 ".
2602 3230 2622 3263 ι
2668 3212 2877 3267 Dictum
2937 3216 3082 3268 enim
3107 3223 3190 3270 est
3221 3231 3248 3270 a
3279 3216 3388 3271 Deo
3444 3217 3511 3271 ad
3571 3217 3652 3272 di-

2074 3304 2261 3358 vinum
2293 3304 2617 3359 Abraham:
2675 3321 2695 3356 ι
2759 3303 2975 3362 Patrem
3051 3306 3345 3361 multarum
3410 3308 3648 3378 gentium

2076 3393 2332 3448 constitui
2359 3403 2410 3447 te
2431 3393 2498 3446 “.
2527 3411 2545 3445 ι
2585 3393 2774 3462 Itaque
2801 3395 2949 3448 velut
2995 3395 3471 3463 tnultitudiuejatn
3515 3412 3650 3453 con-

2074 3491 2292 3554 gregata
2324 3499 2390 3539 ex
2423 3485 2675 3554 gentibus
2695 3494 2750 3538 et
2778 3485 3042 3540 adorante
3087 3485 3368 3541 Christum
3415 3501 3430 3540 :
3473 3486 3645 3554 Tolle,

2076 3577 2270 3646 inquit,
2301 3577 2655 3630 circumcirca
2677 3576 2864 3630 oculos
2907 3587 3048 3642 tuos,
3083 3577 3136 3630 id
3179 3588 3284 3642 est,
3333 3579 3648 3635 universum

2074 3664 2260 3720 orbem
2308 3665 2606 3733 perlustra,
2657 3673 2710 3717 cl.
2747 3678 2810 3717 ex
2857 3665 3003 3718 omni
3063 3675 3214 3734 parte
3271 3665 3388 3736 ejus
3442 3667 3650 3724 videbis

2075 3755 2272 3810 liberos
2293 3763 2409 3808 tnos
2431 3755 2497 3808 ad
2529 3762 2582 3808 te
2601 3763 2968 3821 accurrentes,
2994 3757 3314 3825 venientque
3339 3757 3439 3811 etsi
3461 3759 3648 3825 procul

2073 3846 2346 3902 abfuerint
2375 3844 2684 3914 aliquando.
2719 3844 2936 3910 Procul,
2984 3860 3087 3900 non
3120 3846 3331 3901 ratione
3364 3846 3468 3902 loci
3511 3849 3647 3903 dici-

2075 3947 2181 4002 tur,
2223 3940 2316 3994 sed
2335 3939 2401 3992 ad
2431 3939 2670 3992 animum
2695 3938 2998 4006 mentisque
3024 3923 3363 3994 affectionem
3390 3941 3644 4010 pertinet.

2073 4033 2216 4087 Dixit
2244 4031 2498 4086 nimirum
2522 4031 2798 4100 quidame
2850 4029 3051 4084 sanctis
3102 4030 3381 4099 prophetis
3437 4031 3502 4086 de
3560 4033 3644 4087 his

2071 4127 2160 4194 qui
2198 4125 2513 4194 refugerunt
2550 4138 2581 4176 a
2615 4122 2807 4178 notitia
2862 4121 2979 4190 ejus
3004 4125 3093 4192 qui
3164 4132 3354 4177 natura
3417 4131 3471 4178 et
3517 4139 3644 4180 vere

2075 4219 2214 4271 Deus
2240 4225 2367 4271 est:
2405 4234 2424 4267 ι
2467 4216 2576 4271 Vos
2604 4217 2695 4285 qui
2722 4215 2908 4284 procul
2959 4214 3184 4277 abestis,
3235 4229 3504 4270 memores
3555 4229 3643 4270 os-

2074 4316 2180 4361 tote
2221 4305 2454 4370 Domini,
2507 4314 2562 4360 et
2615 4303 2910 4360 Jerusalem
2937 4304 3117 4358 veniat
3171 4305 3324 4359 vobis
3375 4306 3428 4358 in
3491 4319 3644 4358 men-

377 4409 639 4481 ’σθητε,οἰ
659 4409 874 4479 μακρὰν
889 4403 980 4459 τοῦ
995 4403 1217 4474 Κυρίου,
1237 4401 1330 4456 καὶ
1345 4399 1698 4472 Ἰερουσαλὴμ
1712 4399 1964 4470 ἁναὸήτω

2075 4406 2178 4452 tem
2226 4397 2292 4452 ³³.
2332 4416 2350 4449 ι
2415 4396 2757 4466 Scripsitque
2807 4397 2872 4450 de
2941 4394 3157 4449 Christo
3214 4395 3642 4464 sapientissimus

395 4503 487 4556 ἐπὶ
512 4501 611 4570 τὴν
644 4499 866 4569 καρδίαν
894 4498 1067 4567 ὑμῶν.
1094 4516 1114 4550 ο
1150 4496 1400 4568 Γέγραφε
1433 4493 1489 4548 δὲ
1523 4493 1616 4546 καί
1643 4492 1672 4543 ὁ
1693 4490 1966 4560 πάνσοφος

398 4592 606 4654 Παῦλος
641 4591 766 4659 περὶ
811 4585 1076 4658 Χριστοῦ,
1123 4588 1204 4641 ὅτι
1253 4605 1273 4638 ι
1335 4584 1534 4640 Ἐλθὼν
1577 4583 1966 4656 εὐηγγελίσατο

392 4684 616 4754 εἰρήνην
631 4684 739 4742 τοῖς
775 4677 1010 4748 μακρὰν,
1042 4677 1136 4730 καί
1166 4680 1272 4740 τοῖς
1292 4677 1474 4746 ἐγγύς.
1500 4698 1518 4730 ι
1557 4677 1888 4732 Ἐπιστέλλει
1909 4676 1964 4731 δὲ

393 4777 611 4838 καὶτοῖς
628 4772 687 4838 ἐξ
705 4770 891 4825 ἐθνῶνο
927 4790 944 4821 ι
969 4772 1175 4838 Διαμνη
1186 4767 1433 4838 μονεύιτε
1461 4771 1620 4841 ὑμεῖς
1643 4770 1711 4824 τὰ
1734 4769 1882 4840 ἔθνη,
1911 4769 1962 4822 oi

391 4865 672 4934 λεγόμενοι
729 4859 1062 4931 ἁκροόυστία
1109 4858 1334 4926 ὑπὸτῆς
1379 4859 1675 4931 λεγομένης
1701 4862 1758 4914 ἐν
1799 4861 1963 4931 σαρκὶ

393 4957 694 5029 περιτομῆς
720 4953 1117 5025 χειροποιήτου,
1148 4951 1227 5004 ὅτι
1254 4946 1347 5020 ἦτε
1377 4952 1433 5004 ἐν
1452 4951 1532 5022 τῷ
1567 4953 1742 5022 καιρῷ
1769 4954 1962 5022 ἐκείνῳ

393 5049 558 5118 χωρὶς
587 5043 820 5116 Χριστοῦ
853 5039 1350 5111 ἀπηλλοτριωμένοι
1374 5039 1471 5109 τῆς
1503 5039 1712 5101 ἐλπίδος
1739 5040 1831 5092 τοῦ
1859 5042 1960 5093 Ἰσ-

396 5138 551 5208 ραὴλ,
573 5137 666 5191 καὶ
694 5136 831 5200 ξένοι
860 5135 964 5187 τῶν
985 5131 1254 5202 διαθηκῶν
1275 5130 1370 5198 τῆς
1398 5130 1746 5198 ἐπαγγελίας,
1771 5133 1959 5184 ἐλπίδα

396 5229 470 5300 μὴ
496 5229 729 5299 ἔχοντες,
763 5227 855 5281 καὶ
889 5225 1034 5281 ἄθεοι
1072 5226 1128 5276 ἐν
1152 5221 1229 5292 τῷ
1255 5223 1463 5292 κόσμῳ,
1503 5221 1598 5274 νῦν
1627 5221 1682 5274 δὲ
1733 5223 1883 5292 ὑμεῖς
1911 5224 1960 5274 oi

393 5322 520 5374 ποτὲ
541 5321 696 5382 ὄντες
711 5317 944 5390 μακρὰν,
972 5317 1136 5385 ἐγγυς
1166 5315 1456 5384 ἐγενήθητε
1483 5314 1540 5366 ἐν
1555 5313 1632 5384 τῷ
1658 5313 1848 5383 αἵματι
1865 5313 1959 5366 τοῦ

391 5411 646 5483 Χριστοῦ.
690 5431 708 5463 ι
742 5412 805 5464 υἰ
838 5410 944 5480 γὰρ
975 5410 1110 5472 ὅλως
1140 5407 1270 5462 Θεὸν
1302 5408 1400 5460 οὐκ
1441 5406 1639 5470 εἰδότες
1680 5407 1769 5459 τὸν
1802 5405 1960 5475 φύσει

401 5521 450 5560 rs
479 5504 574 5558 καὶ
594 5501 1046 5575 ἀληθῶς,μακράν
1071 5496 1207 5554 εἶναι
1235 5499 1500 5569 λέγονται,
1535 5499 1627 5552 καί
1663 5498 1788 5563 εἰσὶ,
1818 5496 1960 5551 κατὰ

463 5676 505 5709 ⁹⁸
548 5674 654 5731 lsa.
700 5693 760 5740 ιτ,
799 5677 852 5742 9,
885 5674 937 5731 5.
1012 5676 1058 5706 ⁹²
1102 5671 1258 5728 Rom.
1305 5687 1381 5736 tv,
1415 5671 1465 5728 7.

1546 5671 1592 5703 ’³
1621 5669 1779 5724 Ilotu.
1819 5685 1887 5732 tv,
1925 5667 2009 5722 l7.

2069 4490 2305 4544 Paulus:
2355 4508 2372 4538 ι
2408 4487 2568 4544 Venit
2597 4497 2651 4541 et
2695 4486 3087 4556 evangelizavit
3139 4501 3324 4556 pacem
3404 4485 3490 4541 his
3545 4487 3642 4554 qui

2069 4581 2283 4652 procul,
2314 4591 2366 4634 et
2393 4581 2495 4633 illis
2527 4580 2618 4648 qui
2651 4593 2817 4647 prope
2846 4588 2972 4632 sunt
3001 4578 3066 4632 ’⁸.
3097 4595 3116 4628 ι
3151 4576 3402 4647 Misitque
3419 4579 3482 4631 ad
3516 4593 3639 4650 geu-

2070 4685 2149 4730 tes
2191 4672 2470 4742 epistolam
2527 4687 2539 4722 :
2581 4690 2598 4723 ι
2647 4671 3000 4738 Mementote,
3046 4671 3318 4741 inquiens,
3359 4685 3454 4723 vos
3509 4685 3639 4738 gen-

2069 4775 2172 4829 tes,
2201 4765 2291 4834 qni
2337 4766 2654 4833 pra'putium
2685 4761 3031 4826 dicebamiui,
3066 4763 3134 4818 ab
3153 4779 3215 4819 ea
3243 4777 3364 4832 qua!
3403 4764 3634 4816 circulu-

2068 4860 2201 4914 cisio
2244 4859 2294 4912 in
2333 4870 2496 4910 carne
2546 4858 2688 4910 dicta
2741 4865 2822 4911 est
2885 4855 3213 4919 manufacta,
3261 4859 3402 4922 quod
3469 4854 3637 4905 eratis

2065 4952 2154 5004 illo
2184 4952 2236 5004 in
2263 4959 2500 5016 tempore
2529 4949 2644 5001 sine
2668 4945 2904 5008 Christo,
2943 4945 3161 4999 alienati
3216 4959 3244 4994 a
3299 4957 3395 5012 spe
3445 4943 3632 5003 Israel,

2062 5053 2114 5100 et
2139 5043 2378 5112 hospites
2408 5046 2855 5094 testamentorum
2907 5033 3305 5104 promissionis,
3353 5047 3504 5104 spem
3528 5047 3631 5086 non

2063 5132 2342 5191 habentes,
2379 5137 2433 5184 et
2457 5128 2576 5182 sine
2604 5127 2711 5180 [leo
2751 5125 2802 5178 in
2837 5125 3055 5179 mundo.
3087 5123 3239 5178 Nunc
3274 5136 3476 5185 autem,
3512 5137 3630 5186 vos,

2057 5223 2147 5292 qni
2205 5225 2472 5290 quondam
2523 5218 2690 5273 eratis
2741 5216 2946 5286 procul,
2987 5215 3112 5270 facti
3161 5215 3292 5270 estis
3343 5212 3630 5284 propinqui

2060 5313 2112 5366 in
2137 5312 2398 5382 sanguine
2426 5311 2628 5366 Christi
2668 5309 2738 5366 “.
2776 5326 2794 5359 ι
2832 5306 2930 5372 Qui
2966 5307 3108 5362 enim
3166 5307 3388 5360 omnino
3439 5312 3626 5359 natura

2057 5414 2111 5458 et
2149 5420 2276 5460 vere
2311 5403 2476 5458 Deum
2508 5404 2782 5472 ignorant,
2831 5399 3019 5469 procul
3081 5413 3203 5454 esse
3247 5399 3520 5461 dicuntur,
3572 5407 3629 5449 et

2058 5497 2362 5563 aII'ectione,
2403 5505 2459 5548 ut
2485 5494 2616 5559 dixi,
2649 5501 2704 5548 et
2726 5492 2927 5546 animo.
2962 5490 3068 5546 Sed
3100 5503 3250 5553 ecce,
3298 5487 3505 5566 inquit,
3535 5503 3626 5541 ve-

2086 5662 2265 5719 “.Ier.
2308 5679 2380 5730 ιι,
2417 5664 2505 5718 50.
2581 5664 2628 5696 ’³
2671 5662 2860 5733 Ephcs.
2894 5662 3062 5728 tt,l7.
3135 5663 3338 5724 "lhid.
3375 5665 3426 5719 ll
3470 5661 3555 5715 l5.
