4090 6216
489 297 623 355 ιδετ

1512 276 1567 332 S.
1606 269 1883 330 CYBILLI
1924 264 2399 326 ALEXANDRINI
2436 262 2750 319 ARCIIIEP.

3600 264 3742 320 15Ξὸ

491 426 707 482 nerunt,
731 414 784 471 id
811 421 932 479 est,
972 423 1081 465 non
1118 408 1275 476 longe
1312 412 1432 476 post
1456 402 1634 457 futura
1690 408 1776 456 est
1820 411 1918 452 nec
1955 393 2057 450 dif-

2170 391 2401 447 διάθεσίν
2425 407 2484 444 τε
2507 391 2602 444 καὶ
2627 387 2874 458 γνώμην,
2905 385 2980 447 ώς
3028 383 3186 453 ἔφην.
3243 381 3381 434 Ἀλλ’
3415 380 3522 436 ίδοὺ
3553 381 3746 452 ﬁxam,

488 511 694 570 feretur
747 517 937 561 eorum
966 499 1202 565 vocalia,
1227 497 1321 554 sed
1366 495 1553 551 statim
1607 497 1745 548 hanc
1798 489 2058 558 praedica-

485 605 688 660 tionem
766 593 1132 668 evangelicam
1193 599 1510 661 sequemur,
1566 585 1933 653 accedentque
1991 580 2058 633 ad

491 696 653 750 Deum
692 707 787 760 per
824 691 1008 755 ﬁdem,
1034 689 1152 744 sine
1200 684 1344 739 omni
1378 680 1586 744 labore,
1629 686 1686 733 et
1726 675 1875 732 omni
1922 671 2059 729 ditii-

485 787 688 840 cultate
739 795 794 840 et
842 783 1062 839 sudore.
1112 781 1168 834 In
1242 773 1484 831 humeris
1564 770 1709 827 enim
1781 767 2056 823 tollentur.

491 879 621 934 Nam
658 879 921 947 ﬁguratus
949 885 1034 932 est
1063 872 1280 930 habitus
1311 866 1595 928 orationis,
1670 861 1820 918 velut
1871 874 2058 915 eretu-

484 967 572 1034 plo
608 981 636 1020 a
671 965 832 1020 rebus
864 963 1064 1020 nostris
1094 960 1280 1032 petito.
1328 955 1513 1011 Solent
1546 952 1690 1006 enim
1725 950 1937 1018 parvuli
1974 949 2058 1002 in-

482 1055 668 1112 fantes
727 1055 943 1124 nutriri,
972 1063 1028 1110 et
1073 1054 1126 1107 in
1167 1059 1412 1104 materno
1463 1045 1667 1116 gretnio
1695 1059 1758 1098 ae
1825 1042 2062 1098 brachiis

483 1149 674 1203 volunt
717 1155 1079 1217 requiescere.
1135 1142 1266 1196 Tale
1308 1141 1434 1210 quid
1469 1139 1526 1192 ﬁt
1561 1137 1737 1192 dehis
1763 1135 1851 1205 qui
1891 1133 2058 1187 vocati

479 1248 608 1293 sunt
635 1239 702 1294 ab
733 1239 928 1294 errore
957 1235 1165 1290 Graeco.
1195 1231 1534 1286 Deliniuntur
1567 1227 1712 1283 enim
1773 1243 1802 1280 a
1864 1232 2062 1295 mysta-

481 1332 661 1406 gogis,
706 1344 810 1386 non
840 1328 1047 1386 duriter
1089 1330 1416 1387 tractantur,
1457 1333 1557 1375 nec
1595 1317 1740 1373 illico
1769 1329 1866 1386 per
1915 1329 2063 1386 aspe-

493 1431 602 1480 ram
629 1425 769 1478 viam
808 1419 1096 1484 incedunt;
1148 1416 1239 1473 sed
1305 1413 1447 1469 velut
1520 1422 1706 1466 tenera
1745 1408 2065 1465 educatione

492 1514 650 1588 843
705 1515 993 1573 Iactantur,
1037 1521 1088 1566 et
1135 1510 1388 1581 paulatim
1433 1509 1485 1562 in
1537 1509 1712 1562 virum
1767 1503 2063 1574 perfectum

485 1610 818 1674 adolescunt,
862 1608 914 1664 in
947 1619 1254 1662 mensuram
1279 1602 1456 1659 aetatis
1485 1598 1839 1672 plenitudinis
1904 1595 2065 1652 Citri-

481 1702 575 1755 sti.
611 1699 890 1770 Siquidem
914 1697 1171 1769 praecepit
1201 1695 1403 1749 sanctis
1437 1690 1722 1762 apostolis,
1777 1699 1832 1744 ut
1886 1687 2066 1758 bapti-

493 1801 675 1848 sarent
706 1806 896 1846 omnes
922 1800 1128 1859 gentes,
1191 1789 1242 1841 in
1282 1800 1474 1842 nomen
1498 1783 1698 1850 Patris,
1747 1792 1802 1838 et
1829 1781 1976 1846 Filii,
2013 1789 2068 1835 et

493 1884 724 1954 Spiritus
753 1884 948 1949 sancti,
978 1883 1340 1950 docerentque
1397 1892 1492 1933 eas
1529 1890 1750 1932 servare
1806 1888 2066 1944 quaecun-

493 1993 594 2048 qne
647 1976 753 2032 illis
783 1983 1134 2044 praeceperat.
1168 1969 1233 2024 lli
1267 1981 1445 2025 autem
1472 1968 1573 2024 hoc
1599 1966 1846 2021 factitare
1894 1965 2070 2020 volen-

499 2079 606 2133 tes,
659 2067 914 2123 methodo
950 2069 1006 2120 et
1065 2072 1187 2116 arte
1247 2059 1475 2116 docendi
1545 2057 1652 2122 usi,
1708 2056 1882 2126 primo
1935 2053 2070 2110 nihil

493 2175 779 2216 onerosum
848 2159 1222 2228 imposuerunt
1291 2151 1656 2208 credentibus.
1723 2148 2072 2219 Seiipserunt

492 2254 642 2310 enim
691 2253 939 2322 gentibus
969 2263 984 2304 :
1021 2268 1038 2300 ι
1079 2248 1261 2303 Visum
1301 2256 1386 2301 est
1419 2243 1642 2313 Spiritui
1677 2249 1867 2298 saneto
1897 2248 1951 2296 et
1976 2255 2073 2294 no-

495 2345 580 2400 bis
633 2343 837 2398 nullum
863 2342 1012 2397 onusi
1033 2337 1185 2394 vobis
1215 2337 1512 2407 imponere,
1549 2333 1652 2390 nisi
1680 2341 1740 2388 ut
1759 2328 2072 2387 abstineatis

491 2446 588 2487 vos
613 2447 642 2486 a
668 2430 1016 2493 seortatione,
1040 2435 1095 2481 et
1115 2424 1399 2490 suffocato,
1427 2433 1480 2478 et
1505 2419 1848 2492 sanguine”.
1881 2436 1900 2470 ι
1923 2413 2070 2472 Scri-

487 2523 677 2592 bitque
705 2519 1026 2591 quibusdam
1057 2519 1294 2587 optimus
1315 2514 1514 2570 Paulus
1549 2531 1562 2567 :
1634 2529 1653 2564 ι
1716 2510 1896 2566 Laetis
1942 2516 2074 2580 potu

499 2629 596 2670 vos
625 2612 756 2679 alui,
791 2626 895 2666 non
930 2623 1075 2665 esca.
1113 2607 1359 2662 Nondum
1385 2607 1530 2660 enim
1569 2603 1850 2674 poteratis,
1879 2602 1974 2657 sed
2006 2616 2074 2656 ne

493 2715 637 2756 nunc
674 2700 890 2770 quidem
923 2696 1147 2767 petestis
1179 2695 1246 2748 ”.
1288 2713 1307 2746 ι
1351 2691 1718 2748 Perlectorum
1760 2701 1939 2746 autem
1989 2699 2076 2746 est

494 2791 649 2846 cibus
671 2789 900 2854 solidus,
925 2801 1138 2852 eorum,
1175 2787 1416 2854 inquam,
1445 2783 1534 2853 qui
1566 2793 1787 2854 propter
1829 2791 2075 2838 assuetu-

501 2883 682 2937 dinem
718 2896 909 2936 sensus
940 2879 1123 2936 cordis
1144 2879 1346 2933 habent
1372 2876 1716 2942 exercitatos,
1767 2875 1832 2929 ad
1883 2872 2076 2943 dijudi-

497 2973 766 3029 eationem
793 2973 916 3028 boni
953 2979 1006 3026 et
1030 2969 1179 3029 mali.
1209 2968 1396 3039 Itaque
1447 2967 1500 3023 in
1557 2967 1818 3032 humeris,
1876 2965 2072 3035 inquit,

2163 481 2318 553 φησὶ,
2343 479 2642 543 τουτέστιν,
2683 477 2783 530 οὐκ
2809 477 2889 538 εἱς
2922 472 3161 545 μακρὰν,
3191 472 3312 526 οὐδὲ
3339 473 3419 535 είς
3451 471 3750 542 ἀνάϐλησιν

2161 577 2195 644 ὴ
2217 574 2408 644 κλῆσις
2441 570 2621 627 αὐτῶν
2645 569 2831 624 ἔσται’
2856 564 3186 639 δραμοῦνται
3237 563 3343 636 γὰρ
3373 562 3565 634 ὥσπερ
3607 565 3754 617 κατά

2161 664 2297 718 πόδα
2325 664 2433 716 τῶν
2475 658 2846 730 εὐαγγελικῶν
2887 656 3257 729 κηρυγμάτων
3280 690 3301 720 ,
3340 655 3661 725 ποιήσονται
3694 654 3756 708 δέ

2161 757 2260 827 τὴν
2282 755 2466 825 ἄφιξιν
2487 753 2587 824 τὴν
2616 752 2754 824 πρὸς
2770 750 2904 805 Θεὸν
2922 750 3013 803 διὰ
3039 749 3274 812 πίστεως
3291 748 3412 818 δίχα
3429 747 3596 801 πόνου
3614 763 3756 800 παν-

2161 848 2249 912 τὸς
2283 845 2608 918 δυσχερείας
2634 861 2696 898 τε
2722 843 2940 912 ἀπάσης
2989 842 3084 894 καὶ
3119 839 3338 910 ἱδρῶτος
3368 837 3751 910 ἐξῃρημένων.

2163 938 2281 991 Ἐπ’
2313 937 2479 1008 ὤμων
2507 936 2614 1009 γὰρ
2648 934 3009 1006 ἀρθήσονταιο
3035 929 3467 1000 πέπλαπαιγάρ
3484 930 3544 983 τὸ
3561 929 3757 1000 σχῆμα

2161 1028 2436 1096 τοῦλόγου
2473 1026 2548 1090 ώς
2576 1028 2638 1079 ἐκ
2661 1023 3098 1096 παραδείγματος
3114 1021 3208 1075 τοῦ
3227 1020 3349 1075 καθ’
3363 1022 3532 1092 ἡμᾶς’
3556 1021 3626 1074 τὰ
3644 1023 3756 1089 γάρ

2165 1137 2243 1173 τοι
2271 1119 2461 1188 νεογνά
2486 1118 2593 1171 τῶν
2617 1116 2830 1188 βρεφῶν
2849 1114 3184 1186 τιθηνεῖσθαι
3209 1113 3374 1182 φιλεῖ,
3397 1113 3618 1176 καὶτοῖς
3641 1115 3756 1166 τῶν

2169 1213 2418 1283 μητέρων
2457 1209 2678 1274 κόλποις
2707 1211 2803 1263 καὶ
2840 1207 3124 1280 βραχίοσιν
3153 1204 3601 1260 ἐπαειαπαὺεσθαι
3654 1203 3757 1276 ζηο

2164 1305 2264 1357 τεῖ.
2314 1301 2531 1358 Γίνεταί
2559 1318 2613 1354 τι
2637 1298 2878 1354 τοιοῦτον
2900 1299 3125 1352 ἐπὶτῶν
3148 1297 3496 1369 καλουμένων
3529 1299 3594 1351 ἐκ
3622 1297 3757 1350 πλάο

2165 1413 2263 1466 νης
2301 1393 2644 1465 Ἑλληνικῆς,
2663 1391 3051 1464 θεραπεύονται
3077 1390 3186 1462 γάρ
3220 1389 3372 1461 παρὰ
3402 1389 3512 1442 τῶν
3547 1406 3757 1460 μυστα-

2165 1487 2383 1556 γωγῶν,
2404 1483 2796 1556 σκληραγωγού
2804 1501 2954 1553 μενοι
2982 1481 3204 1554 μᾶλλον,
3223 1481 3345 1535 οὺδέ
3367 1481 3466 1552 τὴν
3491 1483 3755 1554 τραχεῖαν

2167 1576 2328 1642 εὐθὺς
2365 1576 2538 1640 ίόντες
2566 1575 2770 1647 τρίϐον,
2811 1575 2924 1629 ἀλλ’
2956 1570 3069 1628 οἷον
3101 1574 3188 1628 διὰ
3209 1575 3486 1644 τρυφερᾶς
3529 1574 3760 1642 ἀγωγῆς

2168 1669 2773 1742 γαλακτοτροφούμενοί
2853 1685 2914 1721 τε
2997 1669 3092 1722 καὶ
3156 1667 3540 1730 ἀναϐαίνοντες
3612 1666 3759 1719 κατά

2100 1739 2140 1793 Β
2175 1739 2348 1837 βραχὺ
2395 1739 2531 1836 πρὸς
2578 1739 2747 1834 ἄνδρα
2777 1761 3004 1826 τέλειον,
3039 1762 3120 1824 είς
3167 1761 3367 1831 μέτρον
3411 1759 3626 1830 ἡλικίας
3659 1758 3756 1811 τοῦ

2172 1857 2536 1929 πληρώματος
2570 1853 2667 1909 τοῦ
2710 1853 2971 1924 Χριστοῦ.
3009 1853 3120 1907 Καὶ
3151 1852 3281 1920 γοῦν
3315 1850 3623 1905 ἐνετέλλετο
3653 1851 3757 1922 μὲν

2170 1952 2284 2013 τοῖς
2323 1949 2501 2018 ἁγίοις
2542 1946 2863 2010 ἀποστόλοις
2895 1945 3175 2017 βαπτίζειν
3207 1945 3387 2000 πάντα
3413 1944 3482 1998 τά
3511 1943 3639 2014 ἔθνη
3673 1945 3755 2005 εἰς

2172 2042 2232 2095 τὸ
2261 2041 2432 2110 ὄνομα
2463 2038 2557 2094 τοῦ
2603 2037 2836 2110 Πατρὺς,
2867 2033 2962 2091 καὶ
3005 2036 3100 2090 τοῦ
3146 2035 3296 2101 Υἱοῦ,
3346 2037 3440 2089 καὶ
3469 2035 3565 2088 τοῦ
3597 2035 3752 2106 ᾁγίου

2174 2134 2514 2204 Πνεύματος,
2545 2132 2816 2187 διδάσκειν
2845 2146 2904 2182 τε
2931 2128 3071 2183 αὐτὰ
3116 2129 3303 2199 τηρεῖν
3335 2127 3514 2182 πάντα
3541 2128 3754 2197 ὅσαπερ

2173 2229 2357 2290 αὐτοῖς
2407 2225 2732 2280 ἐνετείλατο.
2778 2225 2843 2278 Οἱ
2887 2221 3070 2278 δὲκαὶ
3115 2221 3272 2274 τοῦτο
3316 2220 3448 2291 δρᾷν
3481 2218 3750 2281 ἐθέλοντες

2176 2319 2434 2390 φορτικὸν
2462 2318 2614 2373 οὐδὲν
2651 2315 2970 2371 ἐπετίθεσαν
3010 2316 3070 2368 ἐν
3097 2315 3294 2384 ἀρχαῖς
3323 2315 3436 2377 τοῖς
3465 2312 3748 2366 πιστεύου-

2177 2431 2264 2468 σιν
2292 2411 2541 2484 εὑτεχνίᾳ
2569 2411 2843 2482 χρώμενοι
2886 2409 3260 2479 διδασκαλικῇ.
3294 2406 3611 2477 Γεγράφασι
3648 2406 3749 2474 γάρ

2174 2510 2287 2572 τοῖς
2316 2505 2376 2573 ἐξ
2406 2506 2598 2573 ἐθνῶν,
2646 2505 2728 2559 ὃτι
2767 2501 2990 2567 «Ἔδοξε
3034 2501 3112 2572 τῷ
3153 2500 3292 2570 ἁγίῳ
3336 2498 3612 2568 Πνεὺματι
3652 2495 3746 2550 καὶ

2173 2603 2330 2674 ἡμῖν,
2383 2599 2549 2672 μηδὲν
2600 2597 2763 2652 πλέον
2810 2594 3150 2650 ἐπιτίθεσθαι
3200 2594 3324 2663 ὑμῖν
3372 2592 3554 2663 βάρος,
3599 2590 3742 2657 πλὴν

2175 2691 2478 2763 ἀπέχεσθαι
2513 2692 2658 2762 ὑμᾶς
2691 2686 2970 2760 πορνείας,
3012 2687 3107 2742 καὶ
3137 2683 3377 2749 πνικτοῦ,
3430 2683 3530 2737 καὶ
3574 2683 3746 2752 αἷμα-

2175 2803 2290 2850 τος.
2329 2804 2347 2836 ι
2392 2783 2598 2855 Γράφει
2627 2783 2684 2836 δέ
2716 2800 2824 2836 τισι
2856 2782 2951 2836 καὶ
2979 2783 3008 2835 ό
3038 2779 3364 2848 πανάριστος
3389 2776 3636 2839 Παῦλος,
3672 2776 3752 2828 ὅτι

2182 2898 2199 2930 ι
2236 2875 2384 2931 Γάλα
2411 2875 2638 2929 ἐπότισα
2669 2875 2836 2946 ὑμᾶς,
2880 2875 2942 2927 οὑ
3004 2872 3235 2944 βρῶμα.
3278 2869 3432 2923 οΰπω
3474 2871 3586 2940 γάρ
3629 2869 3754 2938 res.

2178 2969 2360 3032 νασθε,
2387 2966 2504 3022 ἀλλ’
2523 2967 2645 3022 οὐδὲ
2675 2967 2756 3020 ἐτι
2785 2967 2877 3021 νῦν
2906 2964 3435 3020 δύνασθε.›Τελείων
3457 2963 3514 3017 δέ
3545 2965 3690 3017 ἐστιν
3718 2965 3751 3034 ἡ

497 3066 751 3121 tollentur
775 3063 868 3118 ﬁlii
901 3063 1042 3119 tuiet
1071 3061 1192 3117 ﬁlim
1211 3070 1335 3117 tuae.
1356 3060 1507 3115 Tune
1535 3059 1740 3115 videbis
1754 3067 1807 3114 et
1836 3057 2069 3121 timebis,

2183 3060 2381 3134 στερεὰ
2420 3059 2596 3132 τροφὴ
2623 3059 2732 3113 τῶν
2765 3059 2854 3113 διά
2893 3060 2992 3130 τὴν
3035 3057 3147 3125 ἕξιν
3178 3057 3250 3110 τά
3289 3055 3621 3128 αἰσθητήρια
3657 3056 3755 3125 τῆς

488 3173 557 3214 ae
609 3155 873 3228 stupebis,
895 3171 1019 3225 pro,
1047 3153 1424 3210 admiraberis.
1473 3151 1562 3208 Sic
1592 3151 1735 3206 enim
1761 3160 1816 3205 et
1861 3149 2073 3204 divinus

495 3250 766 3304 Abbaeum
809 3266 823 3300 :
861 3265 879 3297 ι
919 3245 1167 3310 Domine,
1227 3242 1418 3311 inquit,
1457 3241 1637 3295 audivi
1681 3255 1872 3296 vocem
1926 3249 2073 3295 tuam

497 3349 550 3394 et
579 3336 754 3402 timui,
795 3335 1132 3390 eonsideravi
1189 3346 1354 3401 opera
1414 3339 1526 3397 tua,
1571 3340 1627 3385 et
1670 3329 1922 3400 obstupui
1945 3330 2012 3384 ⁸⁸.
2048 3349 2066 3383 ι

497 3427 748 3484 Solemus
793 3425 956 3481 etiam
987 3438 1084 3478 nos
1132 3423 1233 3494 ipsi
1263 3421 1531 3477 interdum
1576 3421 1807 3478 dicere:
1854 3421 2069 3494 Stupui,

497 3535 614 3576 cum
641 3515 842 3588 aliquid
874 3523 1066 3586 praeter
1093 3515 1399 3586 Opinionem
1430 3529 1460 3568 a
1486 3514 1740 3584 quopiam
1779 3513 1896 3569 ﬁeri
1943 3529 2071 3570 eon-

493 3613 696 3684 tigerit.
750 3608 1124 3663 Admiraberis
1159 3608 1340 3678 igitur,
1397 3606 1608 3677 inquit:
1660 3613 1880 3675 etzquze
1955 3614 2072 3660 tan-

488 3706 612 3760 dem
651 3703 812 3774 hujus
845 3701 921 3756 rei
951 3700 1158 3756 causa?
1215 3699 1638 3755 Transferentur
1691 3698 1837 3752 enim
1894 3698 1962 3751 ad
2021 3707 2074 3754 te

499 3793 702 3847 divitia:
746 3791 935 3856 maris,
970 3800 1022 3844 et
1055 3791 1293 3859 gentium
1355 3799 1409 3842 et
1463 3789 1799 3859 populorum.
1861 3788 2072 3843 Clarius

499 3884 582 3937 aie
613 3882 856 3950 praedicit
921 3881 1212 3934 voeandant
1265 3894 1386 3934 esse
1446 3896 1545 3934 suo
1575 3891 1817 3949 tempore
1853 3879 1918 3933 ad
1979 3895 2070 3935 ve-

499 3974 673 4028 ritatis
743 3960 1095 4042 agnitionem,
1158 3972 1394 4042 gentium
1463 3971 1880 4028 multitudinem.
1952 3972 2070 4030 Sita

499 4067 633 4122 enim
676 4065 780 4121 fuit
809 4063 1121 4121 Iudaeorum
1156 4065 1302 4136 regio
1334 4067 1400 4119 ad
1449 4064 1658 4134 plagam
1708 4081 1828 4135 quae
1847 4067 1915 4122 ad
1941 4082 2070 4137 par-

493 4169 596 4214 tem
626 4157 917 4213 australem
949 4158 1139 4228 vergit.
1197 4155 1326 4222 Quae
1352 4171 1478 4212 vero
1553 4166 1802 4226 spectant
1871 4158 1939 4214 ad
1991 4173 2073 4215 se-

492 4251 875 4324 ptentrionem,
903 4259 960 4306 et
1009 4264 1177 4315 mare,
1206 4258 1260 4303 et
1291 4249 1556 4315 civitates,
1585 4266 1650 4306 ac
1683 4251 1932 4322 regiones
1966 4252 2070 4309 ibi-

490 4350 611 4402 dem
648 4346 873 4418 positas,
906 4345 1146 4416 gentium
1183 4359 1315 4414 grex
1362 4344 1586 4399 sortitus
1653 4353 1756 4400 est.
1804 4343 2068 4412 Quoniam

490 4447 670 4494 autem
702 4439 794 4508 qui
848 4452 878 4492 a
911 4437 1143 4506 pristino
1183 4411 1368 4492 errore
1393 4437 1778 4503 discesserant,
1809 4411 2068 4493 mutatio-
2099 4411 2146 4469 θ

477 4545 612 4584 quem
645 4529 698 4583 in
727 4529 918 4585 melius
945 4527 1212 4594 fecerunt,
1268 4529 1442 4584 vocati
1471 4528 1536 4582 ad
1581 4529 1911 4600 agnitionem
1970 4544 2069 4586 na-

457 4612 460 4616 ’
490 4621 680 4675 turalia
713 4621 830 4687 Dei,
865 4636 962 4691 per
1017 4635 1111 4676 eos
1133 4621 1223 4691 qui
1252 4622 1638 4678 administrant
1715 4621 2066 4695 Evangelium

480 4711 691 4767 .Ghristi
721 4729 735 4765 ι
769 4711 898 4765 hinc
917 4711 1050 4765 dicit
1081 4712 1484 4769 transferendos
1522 4714 1590 4770 ad
1620 4713 1918 4771 Ecelesiam
1951 4729 2070 4771 ma-

489 4807 566 4859 ris
595 4802 834 4858 divitias.
883 4800 1095 4856 Divitiae
1127 4813 1310 4858 autem
1349 4815 1498 4872 sunt,
1529 4815 1588 4861 ut
1634 4808 1764 4874 dixi,
1852 4809 2066 4864 urbium

487 4907 543 4953 et
562 4898 848 4968 regionum
895 4895 964 4949 ad
991 4909 1140 4950 mare
1169 4895 1420 4962 sitarum,
1471 4897 1524 4952 hi
1561 4900 1652 4968 qui
1703 4900 1755 4955 in
1803 4899 1908 4956 illis
1973 4903 2068 4956 ha—

491 4988 683 5044 bitant.
747 5005 765 5038 ι
800 4987 1170 5058 Ὗεηὶοηιιιυε,
1231 4987 1438 5058 inquit,
1496 4989 1562 5044 ad
1627 5000 1677 5046 te
1735 4993 1899 5046 etiam
1943 5007 2068 5064 gre-

491 5097 584 5152 ges
635 5085 988 5146 camelorum,
1023 5092 1078 5137 et
1131 5092 1312 5154 tegent
1367 5093 1420 5140 te
1471 5084 1664 5140 cameli
1731 5083 1956 5139 Madiam
2011 5094 2066 5139 et

491 5172 723 5244 Gephar.
764 5192 782 5226 ι
860 5174 998 5230 Sunt
1064 5175 1210 5229 enim
1278 5173 1586 5231 Madianitte
1643 5185 1698 5232 et
1781 5175 2063 5245 Gepharazi

491 5279 680 5336 gentes
709 5267 949 5322 ﬁnitimae
981 5263 1304 5335 Jerusalem,
1374 5268 1639 5323 habentes
1700 5269 2067 5324 conterminas

494 5359 756 5426 regiones.
808 5357 977 5432 844
1021 5357 1155 5414 Nam
1205 5359 1593 5414 abominabiles
1647 5369 1822 5425 erant,
1872 5371 1928 5416 et
1983 5362 2069 5416 in-

492 5447 821 5512 circumcisi,
847 5459 903 5505 et
928 5449 1244 5506 idololatm.
1282 5448 1388 5504 Sed
1426 5458 1480 5504 et
1502 5463 1598 5504 eos
1633 5464 1850 5520 quoque
1881 5465 2070 5506 vocan~

491 5540 590 5594 dos
617 5551 758 5602 esse,
791 5547 846 5594 et
876 5538 1109 5594 fructum
1143 5540 1251 5596 Deo
1273 5541 1534 5608 edituros,
1579 5541 1729 5597 hisce
1760 5544 1938 5597 verbis
1980 5559 2066 5599 os-

561 5725 608 5759 "
639 5724 758 5782 Act.
789 5739 876 5793 xv,
909 5722 1000 5778 28.
1073 5724 1120 5755 "
1150 5724 1169 5780 ι
1194 5724 1318 5781 Cor.
1347 5741 1430 5794 ut,
1469 5725 1525 5781 2.
1603 5727 1647 5760 ”
1685 5725 1888 5784 llabac.
1923 5742 1961 5795 t,
1996 5726 2048 5783 5.

2182 3151 2407 3222 καρδίας
2436 3151 2864 3221 γεγυμνασμένα
2904 3151 3134 3219 ἑχόντων
3178 3148 3314 3219 πρὸς
3358 3147 3629 3219 διάκρισιν
3661 3165 3754 3200 κα-

2176 3243 2268 3297 λοῦ
2310 3260 2368 3296 τε
2419 3243 2514 3296 καὶ
2559 3241 2755 3298 κακοῦ.
2810 3242 3018 3296 Οὐκοῦν
3051 3241 3140 3293 ἐπ’
3186 3239 3353 3310 ῶμων
3398 3239 3751 3310 ἀρθήσονται,

2176 3336 2362 3406 φησιν,
2409 3335 2458 3388 οί
2503 3334 2608 3389 υίοί
2638 3351 2758 3396 σου,
2793 3334 2887 3388 καὶ
2927 3335 2982 3387 αί
3028 3331 3329 3403 θυγατέρες
3375 3349 3490 3395 σου,
3535 3332 3653 3385 τότε
3697 3332 3754 3384 δὲ

2173 3427 2316 3498 ὄψει,
2347 3427 2440 3481 καὶ
2471 3425 2780 3500 φοϐηθήσῃ,
2815 3427 2910 3480 καὶ
2957 3428 3217 3498 ἐκστήσῃ,
3244 3425 3366 3479 ἀντὶ
3396 3424 3509 3487 τοῦ⁹
3542 3424 3756 3494 θαυμά-

2177 3535 2324 3582 σεις·
2357 3517 2501 3572 οὔτω
2549 3518 2659 3589 γάρ
2699 3536 2804 3572 που
2863 3519 2957 3572 καὶ
3003 3521 3031 3572 ό
3074 3518 3361 3581 θεσπέσιος
3409 3516 3753 3586 ’Δϐϐακοὺμ⁶

2181 3631 2198 3664 ι
2234 3612 2449 3684 Κύριε,
2499 3612 2699 3682 φησὶν,
2749 3611 3052 3681 εἰσακήκοα
3109 3612 3208 3680 τὴν
3255 3610 3426 3680 άκοήν
3495 3625 3616 3671 σου,
3661 3608 3756 3662 καὶ

2174 3703 2468 3776 ἐφοϐήθην.
2511 3703 2830 3772 Κατενόησα
2873 3703 2945 3756 τά
2977 3702 3112 3773 ἔργα
3143 3719 3237 3755 σου
3263 3745 3278 3768 ,
3321 3703 3415 3756 καὶ
3449 3701 3696 3771 ἐξέστην.
3731 3721 3749 3752 ι

2174 3795 2583 3866 Κατειθίσμεθα
2620 3795 2679 3850 δέ
2723 3812 2841 3858 πως
2875 3795 2969 3848 καὶ
2999 3796 3160 3866 ἡμεῖς
3189 3795 3372 3859 αὐτοὶ,
3407 3794 3488 3859 τὸ,
3528 3792 3778 3858 ἐξέστην,

2175 3888 2288 3943 ἐσθ’
2318 3890 2406 3943 ὅτε
2437 3889 2636 3958 λέγειν,
2671 3890 2800 3945 ὅταν
2829 3907 2881 3943 τι
2908 3889 3016 3943 τῶν
3041 3889 3362 3961 παραδόξων
3395 3888 3499 3941 ὑπό
3531 3905 3628 3941 του
3662 3905 3754 3956 γε·

2173 3983 2360 4038 νέσθαι
2388 3983 2592 4055 συμϐῇ.
2615 3983 2930 4054 Θαυμάσεις
2955 3982 3157 4051 τοίνυν,
3186 3983 3342 4054 φησὶ,
3370 3983 3465 4037 καὶ⁵
3485 3981 3613 4034 ποία
3627 3981 3754 4033 τού-

2172 4093 2268 4130 του
2321 4077 2616 4148 γενήσεται
2669 4075 2982 4147 πρόφασις;
3037 4075 3350 4130 Μεταϐαλεῖ
3403 4073 3512 4144 γάρ
3561 4075 3637 4136 εἰς
3692 4073 3750 4125 σέ

2174 4166 2404 4231 πλοῦτος
2432 4167 2729 4238 θαλάσσης,
2749 4168 2845 4222 καὶ
2877 4167 3067 4232 ἐθνῶν,
3086 4167 3186 4221 καὶ
3212 4167 3375 4220 λαῶν.
3404 4164 3753 4236 Σαφεστέραν

2174 4260 2232 4313 ἐν
2273 4259 2484 4322 τούτοις
2533 4260 2768 4313 ποιεῖται
2804 4261 2904 4332 τὴν
2940 4260 3364 4330 προαγόρευσιν,
3410 4257 3506 4311 τοῦ
3548 4257 3631 4310 δτι
3662 4273 3754 4310 κε-

2174 4351 2436 4423 κλήσεται
2467 4351 2607 4405 κατά
2657 4351 2885 4423 καιροὺς
2920 4353 3000 4415 είς
3031 4350 3327 4418 ἐπίγνωσιν
3356 4347 3618 4420 ἀληθείας
3649 4348 3756 4402 τῶν

2175 4443 2346 4498 ἐθνῶν
2377 4445 2410 4514 ἠ
2447 4441 2678 4515 πληθύς.
2717 4439 2828 4498 Ἦν
2879 4443 2977 4514 μὲν
3010 4442 3120 4514 γὰρ
3165 4443 3225 4494 ἐν
3271 4444 3384 4504 τοῖς
3413 4441 3758 4511 νοτιωτέροις

2175 4536 2403 4606 κλίμασι
2422 4535 2530 4590 τῶν
2546 4534 2815 4589 Ἰουδαίων
2835 4536 2868 4606 ὴ
2889 4533 3062 4606 χώρα,
3081 4534 3152 4587 τά
3166 4550 3231 4602 γε
3255 4534 3362 4604 μὴν
3379 4534 3514 4606 πρὸς
3530 4534 3756 4605 ἄρκτον,

2176 4629 2273 4684 καὶ
2296 4629 2596 4694 θάλασσαν,
2616 4627 2711 4681 καὶ
2737 4626 2940 4694 πόλεις,
2965 4626 3060 4682 καὶ
3088 4626 3186 4690 τὰς
3207 4627 3293 4680 ἐπ’
3319 4627 3456 4697 αὐτῇ
3494 4626 3758 4696 κειμένας

2174 4722 2358 4796 χώρας
2385 4721 2442 4774 αί
2467 4719 2576 4773 τῶν
2605 4718 2776 4774 ἐθνῶν
2801 4717 2997 4788 ἀγέλαι
3043 4718 3491 4790 διεμοιρώσαντο.
3535 4717 3757 4788 Ἐπειδὴ

2174 4815 2232 4869 δέ
2261 4815 2361 4886 τῆς
2406 4813 2640 4885 ἀρχαίας
2670 4812 2890 4885 ἀπάτης
2920 4812 3393 4884 ἀπονοστήσαντες
3435 4809 3535 4882 τὴν
3562 4810 3648 4873 είς
3688 4810 3759 4862 τὰ

2175 4906 2387 4976 ἀμείνω
2437 4903 2742 4976 μεταϐολὴν
2782 4906 3050 4977 ἐσχήκασι
3094 4904 3411 4975 κεκλημένα
3455 4900 3592 4974 πρὸς
3638 4902 3759 4956 ἐπί-

2177 5012 2379 5066 γνωσιν
2407 4995 2504 5048 τοῦ
2547 4995 2690 5050 κατὰ
2733 4995 2896 5066 φύσιν
2928 4994 3079 5059 ὄντος
3109 4993 3242 5048 Θεοῦ
3271 4993 3360 5047 διὰ
3397 4992 3508 5045 τῶν
3541 4993 3758 5063 ἱερουρο

2175 5090 2416 5161 γούντων
2437 5087 2500 5142 τὺ
2530 5087 2860 5158 Εὑαγγέλιον
2885 5086 2980 5141 τοῦ
3025 5085 3286 5160 Χριστοῦ·
3325 5084 3585 5155 ταύτῃτοί
3623 5101 3758 5154 φησι

2169 5181 2492 5253 μεταϐαλεῖν
2531 5183 2611 5244 είς
2650 5179 2748 5252 τὴν
2817 5180 3150 5252 Ἐκκλησίαν
3195 5179 3294 5249 τῆς
3335 5177 3616 5246 θαλάσσης
3666 5176 3760 5228 τὸν

2169 5272 2417 5327 πλοῦτον·
2453 5270 2683 5336 πλοῦτος
2712 5272 2790 5338 δὲ,
2843 5272 2919 5336 ώς
2953 5272 3112 5342 ἔφην,
3141 5271 3252 5324 τῶν
3300 5268 3439 5341 πρὸς
3476 5267 3760 5337 θαλάσσης

2170 5365 2437 5436 κειμένων
2490 5364 2700 5419 πόλεων
2749 5365 2842 5420 καὶ
2892 5365 3108 5436 χωρῶν,
3151 5366 3203 5418 οἰ
3257 5359 3644 5423 κατοικοῦντες
3699 5359 3760 5409 ἐν

2170 5459 2385 5522 αὑταῖς.
2440 5457 2718 5525 «Ἥξουσι
2765 5458 2822 5512 δέ
2883 5475 2988 5524 σοι,
3035 5457 3207 5528 φησὶ,
3271 5454 3366 5510 καὶ
3402 5452 3596 5514 ἀγέλαι
3659 5467 3750 5503 κάη

2175 5549 2381 5622 μήλων,
2415 5550 2507 5604 καὶ
2533 5551 2834 5622 καλύψουσί
2875 5568 2932 5605 σε
2964 5551 3204 5623 κάμηλοι
3249 5549 3478 5620 Μαδιάμ
3518 5545 3614 5602 καὶ
3655 5544 3758 5599 Γε-
