4090 6216
397 343 538 401 1339

1518 346 1582 400 ΙΝ
1622 347 1851 404 ΙΞΑΙΑΜ
1891 350 2018 406 LIB.
2059 353 2120 408 V.
2161 352 2397 409 TOMUS
2436 353 2522 410 IV.

3513 349 3644 408 13.30

401 457 535 528 φάρ.
577 475 594 507 ι
629 457 793 527 Ἕθνη
840 455 941 527 μὲν
973 456 1080 528 γὰρ
1141 457 1395 527 περίοικα
1438 458 1540 526 τῆς
1595 457 1967 532 Ἰερουσαλὴμ,

2073 463 2260 518 tendit.
2317 463 2486 518 Erant
2513 464 2656 519 enim
2688 477 2926 518 sessorcs
2969 462 3316 526 camelorum,
3353 468 3406 516 et
3433 462 3630 515 vietum

401 549 630 612 καὶτὰς
673 547 904 620 ὁμόρους
949 547 1160 619 ἔχοντα.
1211 550 1531 619 Μαδιηναῖοί
1578 568 1637 604 τε
1683 554 1776 606 καὶ
1823 555 1872 606 οἱ
1905 557 1971 608 ὲκ

402 638 604 713 Γεφάρ.
634 637 814 695 Ἦσαν
861 639 970 712 γὰρ
1017 641 1284 714 βδελυροὶ,
1339 643 1430 696 καὶ
1476 644 1827 714 άκρόϐυστοι,
1876 647 1971 700 καὶ

308 778 312 782 .
401 733 802 804 εἰδωλολάτραι,
847 733 966 787 ἀλλ’
1005 735 1086 786 ὅτι
1139 734 1495 806 κεκλήσονται
1535 737 1630 790 καὶ
1668 738 1838 803 αὐτοὶ,
1877 739 1972 793 καὶ

403 823 886 894 καρποφορήσουσι
932 822 1011 894 τῷ
1057 823 1197 894 Θεῷ,
1220 824 1584 879 διαδείκνυσιν
1632 829 1692 880 ὲν
1739 827 1970 892 τούτοις.

335 911 341 917 ”
400 908 579 967 Ἦσαν
611 914 711 985 μὲν
744 913 852 985 γὰρ
877 913 1110 984 ἐμϐάται
1153 917 1436 987 καμήλων,
1465 917 1560 972 καὶ
1590 918 1687 982 τὰς
1729 919 1824 972 τοῦ
1871 919 1970 990 ζῇν

399 1003 652 1074 ἀφορμὰς
708 1004 816 1057 ἀπό
857 1020 922 1073 γε
970 1005 1062 1058 τοῦ
1111 1005 1402 1077 μάχεσθαι,
1450 1009 1545 1064 καὶ
1589 1014 1971 1082 κτηνοτροφεῖν

400 1093 744 1165 ἐπορίζοντο·
797 1090 940 1166 ἦσαν
981 1095 1039 1150 δὲ
1074 1097 1156 1150 ὅτι
1197 1096 1434 1168 μάλιστα
1483 1103 1597 1164 τοῖς
1639 1100 1698 1168 ἐξ
1735 1101 1968 1174 Ἰσραὴλ,

403 1185 518 1236 ἀλλ’
545 1186 594 1237 οἱ
624 1186 756 1238 ποτὲ
791 1185 1134 1258 πλανώμενοι
1158 1186 1376 1259 βέϐηλοι
1397 1207 1455 1243 τε
1494 1191 1588 1243 καὶ
1616 1192 1836 1262 ἄμικτοι
1861 1195 1972 1256 τοῖς

400 1276 750 1346 ἡγιασμένοις
775 1273 982 1348 ἥξουσι,
1013 1281 1198 1350 φησὶν,
1226 1281 1288 1333 οὐ
1319 1281 1436 1334 καθ’
1464 1283 1560 1336 ’ένα
1595 1284 1815 1354 μᾶλλον,
1841 1287 1970 1353 ἀγει-

400 1369 555 1439 ληδὸν
582 1368 638 1422 δὲ
666 1368 875 1441 ῶσπερ,
913 1372 1006 1424 καὶ
1045 1371 1188 1425 κατὰ
1233 1372 1462 1444 πληθὺν,
1495 1374 1526 1445 ἢ
1555 1376 1820 1447 καμήλοις
1865 1378 1966 1430 ὲπ-

400 1458 706 1530 οχοῦμενοι,
751 1462 916 1531 ἤγουν
951 1462 1098 1534 ἅπερ
1151 1462 1334 1534 ἔχουσι
1365 1466 1847 1537 προσκομίζοντες,
1873 1469 1967 1521 καὶ

399 1551 511 1614 τοῖς
536 1551 676 1605 κατὰ
702 1555 860 1623 χεῖρα
882 1553 1149 1623 τιμῶντες
1184 1554 1338 1609 Θεόν.
1375 1573 1393 1606 t
1429 1554 1658 1621 ’Ἢξουσι
1683 1559 1741 1612 δὲ
1770 1559 1966 1623 πάντες

398 1641 463 1694 ἐκ
499 1640 686 1695 Σαϐϐᾶ
714 1642 968 1715 φέροντες
996 1644 1220 1715 χρυσίον
1259 1645 1356 1698 καὶ
1386 1644 1623 1711 λίϐανον,
1646 1647 1854 1701 οἴσουσι
1876 1648 1968 1702 καὶ

397 1730 544 1786 λίθον
568 1731 770 1802 τίμιον,
812 1733 906 1786 καὶ
943 1733 1005 1786 τὸ
1057 1735 1323 1805 σωτήριον
1353 1735 1558 1806 Κυρίου
1598 1737 1970 1805 εὐαγγελιοῦν-

2073 564 2139 608 ex
2169 551 2322 608 bellis
2347 563 2402 608 et
2423 553 2704 625 pecoribus
2751 553 3030 622 pascendis
3068 553 3404 621 quaerebant;
3441 559 3621 607 erant-

2075 659 2179 713 que
2206 644 2460 699 lsraelitis
2490 643 2871 699 inimicissimi.
2931 643 3034 698 Sed
3099 643 3188 711 qui
3253 641 3400 707 olim,
3440 642 3638 712 inquit,

2074 736 2330 790 errabam
2395 747 2449 792 et
2506 735 2713 808 profani
2758 744 2932 800 erant,
2997 734 3305 803 nullumque
3384 732 3649 788 habebant

2076 839 2197 880 cum
2260 826 2611 882 sanetiiicatis
2675 824 3084 889 commercium,
3165 822 3404 885 venient,
3452 821 3646 890 inquit,

2075 932 2179 972 non
2213 917 2436 981 viritim,
2483 918 2576 972 sed
2627 917 2888 987 gregatim
2921 925 2976 970 et
3009 912 3306 977 turmatim,
3348 911 3430 966 vel
3465 925 3646 966 came-

2075 1007 2139 1062 lis
2161 1008 2324 1070 vecti,
2381 1006 2462 1062 vel
2488 1021 2608 1076 quae
2641 1008 2839 1062 habent
2861 1005 3210 1068 adducentes,
3250 1002 3317 1057 iis
3376 1016 3494 1072 quae
3539 1016 3648 1070 prae

2074 1098 2320 1154 manibus
2358 1105 2485 1151 sunt
2514 1097 2752 1152 colentes
2796 1097 2983 1152 Deum.
3021 1113 3041 1147 ι
3080 1095 3416 1162 Venientque
3447 1107 3640 1147 omnes

2073 1204 2136 1243 ex
2171 1187 2369 1258 Sabba,
2431 1189 2666 1245 ferentes
2694 1205 2885 1245 aurum
2917 1198 2971 1245 et
3010 1188 3157 1255 thus,
3199 1197 3252 1241 et
3279 1185 3457 1240 ferent
3506 1184 3646 1252 lapi-

2076 1282 2195 1336 dem
2225 1282 2541 1350 pretiosum,
2562 1295 2624 1336 ac
2643 1280 2867 1336 salutem
2905 1280 3115 1335 Domini
3145 1276 3640 1348 evangeliaabunt.»

2075 1371 2254 1426 Sabha
2285 1373 2432 1443 regio
2451 1381 2535 1431 est
2551 1371 2688 1428 ultra
2721 1381 2917 1427 terram
2939 1371 3197 1433 Arabum,
3227 1378 3281 1424 et
3303 1383 3472 1438 prope
3495 1383 3648 1423 mare

2076 1461 2335 1518 Rubrum:
2361 1479 2428 1518 ex
2445 1480 2546 1535 qna
2565 1463 2738 1519 Sabba
2752 1461 3064 1532 Aithiopum
3086 1460 3290 1531 regina,
3316 1460 3645 1529 temporibus

2076 1551 2396 1618 Salomonis,
2450 1555 2671 1610 accessit
2707 1552 3398 1610 Jerusalem.Fertilissirna
3436 1559 3520 1607 est
3549 1565 3636 1605 re-

2073 1645 2160 1712 gio
2194 1646 2370 1711 thure,
2410 1661 2542 1700 auro
2564 1655 2617 1700 et
2644 1644 2904 1714 lapidibus
2943 1643 3158 1699 Indicis.
3184 1641 3412 1699 Venient
3455 1641 3638 1714 igitur,

2073 1735 2265 1804 inquit,
2309 1736 2538 1790 fructum
2599 1735 2870 1804 parientes
2936 1735 2988 1788 in
3037 1734 3299 1804 gloriam,
3362 1741 3418 1786 et
3477 1732 3643 1786 addu-

398 1838 508 1875 ται.
547 1841 566 1874 ι
603 1819 774 1893 Χώρα
799 1821 961 1877 πάλιν
997 1823 1146 1876 ἐστὶν
1177 1824 1209 1893 ἠ
1245 1823 1433 1876 Σαϐϐὰ
1461 1825 1563 1894 τῆς
1601 1827 1846 1900 Ἀράϐων
1873 1830 1969 1882 ἐπ-

2071 1835 2252 1883 centes
2287 1827 2409 1883 thus
2435 1837 2489 1882 et
2545 1843 2734 1881 aurutn
2784 1842 2849 1881 ac
2915 1827 3137 1896 lapides,
3215 1827 3328 1880 sive
3380 1826 3641 1881 bonorum

396 1913 602 1977 ἐκεινα,
616 1912 710 1966 καὶ
728 1911 900 1984 ἀγχοῦ
931 1914 1130 1984 μᾶλλον
1150 1913 1428 1986 Θαλάσσης
1449 1917 1740 1988 Ἐρυθρᾶς,
1759 1919 1818 1984 ἐξ
1838 1915 1905 1991 ἦς
1932 1919 1966 1990 ἡ

397 2000 582 2056 Σαϐϐὰ
610 2002 645 2074 ἡ
673 2001 782 2056 τῶν
807 2001 1078 2056 Αἰθιόπων
1120 2003 1410 2074 βασίλισσα
1443 2006 1503 2059 ὲν
1535 2008 1651 2069 τοῖς
1686 2006 1970 2079 Σολομῶν-

395 2111 485 2156 τος
512 2097 722 2164 καιροῖς
750 2093 1076 2166 ὲπεφοίτησε
1109 2099 1176 2166 τῇ
1204 2096 1587 2168 Ἰερουσαλήμ.
1613 2099 1964 2171 Γονιμωτάτη

393 2184 450 2239 δὲ
497 2185 529 2255 ἡ
579 2184 732 2258 χώρα
773 2185 1093 2251 λιϐανωτοῦ,
1139 2188 1342 2258 χρυσοῦ
1404 2207 1463 2242 τε
1517 2190 1610 2243 καὶ
1655 2190 1816 2244 λίθων
1858 2192 1968 2246 τῶν

409 2273 664 2327 Ἰνδικῶν.
698 2275 923 2342 ’Ήξουσι
951 2277 1149 2343 τοίνυν,
1199 2277 1354 2348 φησὶ,
1387 2281 1865 2352 καρποφοροῦντες
1889 2284 1969 2345 είς

393 2365 550 2429 δόξαν
583 2365 740 2430 Θεοῦ,
793 2367 887 2420 καὶ
935 2369 1303 2438 προσάγοντες
1334 2368 1571 2435 λίϐανον,
1621 2371 1714 2424 καὶ
1746 2371 1966 2442 χρυσὸν,

394 2455 492 2508 καὶ
523 2455 723 2520 λίθους,
754 2457 920 2527 ἥγουν
957 2457 1056 2528 τὴν
1095 2459 1151 2524 ἐξ
1190 2459 1367 2530 ἔργων
1411 2461 1636 2530 ἀγαθῶν
1682 2462 1962 2532 εὐοσμίαν,

395 2545 866 2616 καὶ¹φαιδρότητα
903 2549 1120 2618 νοητὴν,
1167 2552 1259 2603 καὶ
1295 2551 1524 2606 πλοῦτον
1572 2553 1963 2622 πνευματικόν.

399 2660 416 2688 ι
450 2624 904 2707 Εὑαγγελιοῦνται
937 2641 995 2694 δὲ
1035 2643 1130 2696 καὶ
1172 2644 1234 2696 τὸ
1287 2648 1555 2718 σωτήριον
1603 2647 1697 2700 τοῦ
1748 2648 1903 2704 Θεοῦ.
1939 2668 1959 2700 ι

394 2729 640 2782 Πλεῖστοι
674 2730 772 2799 μὲν
801 2730 909 2801 γὰρ
939 2731 1052 2784 ὅσοι
1106 2733 1400 2805 κέκληνται
1434 2737 1533 2807 μὲν
1567 2736 1626 2803 ἐξ
1654 2737 1841 2804 ἐθνῶν,
1873 2756 1964 2792 σε-

395 2821 696 2890 σοφωμένοι
733 2821 791 2874 δὲ
832 2822 931 2892 τὴν
960 2823 1210 2892 καρδίαν,
1240 2827 1334 2879 καὶ
1357 2827 1466 2882 τῶν
1493 2829 1653 2900 ίερῶν
1679 2829 1966 2900 δογμάτων

393 2911 519 2964 νοῦν
555 2911 812 2976 λαϐόντες
839 2915 1181 2984 ἐπιστήμονα
1207 2915 1584 2972 διδασκαλικὸν
1612 2920 1878 2990 ἐσχήκασι
1906 2920 1968 2973 τὸ

393 3003 632 3075 ἀξίωμα,
671 3006 768 3058 καὶ
811 3005 911 3078 τὴν
942 3009 1092 3080 παρὰ
1131 3008 1224 3061 τοῦ
1273 3010 1490 3064 πάντων
1526 3011 1687 3081 ἡμῶν
1716 3011 1969 3083 Σωτῆρος

393 3095 631 3167 Χριστοῦ
665 3099 936 3169 σωτηρίαν
966 3117 1026 3154 τε
1061 3101 1155 3153 καὶ
1199 3100 1358 3171 χάριν
1417 3101 1624 3171 ἑτέροις
1667 3101 1964 3174 διακηρύτο

393 3204 597 3252 τοντες,
620 3193 710 3243 τὸν
760 3190 861 3260 τῆς
904 3191 1259 3262 γνησιότητος
1304 3192 1636 3262 άνεδήσαντο
1676 3172 1964 3262 στέφανον.
1992 3172 2039 3234 c

399 3297 419 3335 ι
458 3279 682 3344 Ἥξουσι
740 3281 796 3335 δέ
855 3300 959 3345 σοι,
1020 3284 1176 3355 φησὶ,
1229 3283 1324 3335 καὶ
1373 3282 1442 3335 τὰ
1476 3283 1721 3354 πρόϐατα
1752 3283 1964 3357 Κηδὰρ,

395 3373 490 3426 καὶ
515 3374 564 3425 οἱ
593 3375 736 3444 κριοὶ
764 3374 1048 3442 Ναϐαιὼθ,
1078 3374 1172 3429 καὶ
1210 3373 1658 3444 ἁνενεχθήσονται
1684 3376 1848 3430 δεκτὰ
1876 3376 1967 3429 ἐπὶ

394 3465 456 3518 τὸ
498 3463 881 3537 θυσιαστήριόν
911 3483 1033 3536 μου.
1073 3485 1092 3520 ι
1143 3466 1333 3538 Κηδὰρ
1359 3467 1438 3531 δὲ,
1478 3467 1571 3519 καὶ
1600 3465 1829 3520 Ναϐεὼθ
1861 3468 1970 3537 χῶ-

399 3571 488 3625 ραι
522 3555 684 3613 πάλιν
733 3556 920 3629 ἕτεραι
949 3556 1178 3629 λιπαραί
1207 3574 1269 3610 τε
1305 3557 1399 3610 καὶ
1428 3556 1656 3622 εὖϐοτοι,
1688 3557 1782 3611 καὶ
1823 3558 1970 3612 πλεί-

399 3662 554 3710 στους
599 3648 698 3717 μὲν
738 3648 961 3718 ἔχουσαι
1006 3649 1132 3712 τοὺς
1177 3647 1518 3712 ἐνοικοῦντας
1566 3648 1784 3711 αὑταῖς,
1831 3648 1968 3719 πλὴν

396 3736 803 3808 είδωλολάτρας,
839 3738 932 3790 καὶ
964 3737 1439 3809 πεπλανημένους.
1479 3735 1640 3791 Ἀλλὰ
1677 3739 1767 3790 καὶ
1799 3729 1965 3804 οὗτοι,

396 3830 548 3901 φησι,
589 3832 796 3900 κριοὺς,
838 3830 932 3882 καὶ⁹
971 3829 1222 3900 πρόϐατα
1261 3829 1631 3900 προσοίσουσι,
1659 3829 1753 3882 καὶ
1791 3829 1971 3884 πάντα

396 3922 550 3976 ἔσται
577 3921 745 3975 δεκτὰ
791 3921 885 3974 ἐπὶ
928 3921 990 3974 τδ
1039 3920 1425 3993 θυσιαστήριόν
1455 3936 1582 3990 μου’
1619 3920 1797 3972 καίτοι
1827 3920 1971 3974 κατά

394 4029 460 4082 γε
493 4013 584 4066 τὸν
629 4013 871 4078 Μωσέως
910 4013 1074 4084 νόμον
1113 4013 1214 4066 οὐκ
1258 4011 1390 4082 ὲξῆν
1443 4011 1755 4079 ἀλλογενέσι
1801 4027 1969 4082 προσο

396 4105 547 4172 ἁγειν
587 4103 777 4167 θυσίας
818 4102 896 4174 τῷ
938 4103 1078 4174 Θεῷ.
1116 4104 1236 4157 Οὐδ’
1271 4102 1338 4158 ἂν
1369 4104 1418 4156 εί
1449 4101 1729 4174 προσῆγον
1774 4101 1970 4166 δεκτάς

395 4193 682 4264 ἐποιήσατό
725 4210 808 4258 τις
860 4192 1046 4256 αὑτάς.
1106 4191 1245 4244 Ἀλλ’
1301 4191 1408 4245 ἰδοὺ
1461 4190 1791 4262 προστάττει
1839 4190 1973 4256 Θεὸς

394 4286 587 4348 δεκτὰς
629 4281 770 4340 εἶναι
815 4285 907 4339 καὶ
935 4283 1138 4347 ταύτας
1168 4285 1282 4348 τοῖς
1312 4282 1487 4352 ἁγίοις
1537 4284 1965 4356 θυσιαστηρίοις.

409 4377 497 4429 Ἐν
522 4377 628 4446 γὰρ
656 4377 878 4448 Χριστῷ
915 4377 1090 4448 Ἰησοῦ
1118 4377 1219 4430 οὐκ
1247 4375 1327 4430 ἔνι
1356 4374 1562 4443 δοῦλος,
1597 4375 1719 4429 οὐδὲ
1748 4375 1968 4430 ἐλεύθε-

401 4485 521 4538 ρος,
567 4469 871 4540 βάρϐαρος,
920 4469 1166 4542 Σκύθης,
1208 4469 1410 4541 Ἕλλην
1447 4485 1508 4522 τε
1547 4470 1641 4524 καὶ
1699 4468 1968 4535 Ἰουδαῖος,
1997 4506 2049 4566 D

397 4559 535 4612 ἀλλὰ
563 4558 760 4624 πάντα,
787 4560 882 4611 καὶ
902 4561 958 4612 ὲν
987 4563 1118 4615 πᾶσι
1148 4561 1402 4633 Χριστός.
1424 4561 1520 4614 Ἓν
1543 4559 1652 4630 γὰρ
1677 4560 1965 4629 γεγόνασιν

399 4651 448 4702 οἱ
473 4648 566 4702 δύο
590 4649 744 4716 λαοὶ,
785 4650 1204 4725 κατενεγκόντος
1232 4651 1396 4704 αὐτοῦ
1431 4650 1492 4704 τὸ
1524 4651 1840 4722 μεσότοιχον
1871 4648 1966 4702 τοῦ

401 4739 677 4812 φραγμοῦ,
729 4740 826 4794 καὶ
865 4739 958 4794 τὸν
1005 4739 1168 4810 νόμον
1204 4741 1315 4794 τῶν
1358 4741 1588 4796 ἐντολῶν
1631 4743 1690 4795 ὲν
1731 4741 1968 4813 δόγμασι

401 4833 866 4905 καταργήσαντος.
926 4832 1122 4885 Δεκταὶ
1170 4831 1348 4883 τοίνυν
1394 4834 1448 4884 αἱ
1492 4834 1712 4889 πάντων
1763 4833 1967 4900 θυσίαι,

399 4927 732 4998 προσιόντων
758 4923 878 4995 Θεῷ
901 4925 989 4978 διὰ
1010 4923 1109 4993 τῆς
1134 4922 1368 4986 πίστεως
1403 4925 1460 4976 ἐν
1489 4925 1728 4997 Χριστῷ.
1746 4927 1966 4993 Ἐδοξά-

402 5019 503 5091 σθη
535 5019 593 5073 δὲ
633 5021 662 5073 ό
708 5012 856 5080 οἶκος
881 5017 980 5086 τῆς
1016 5016 1326 5086 προσευχῆς
1367 5014 1462 5067 τοῦ
1505 5015 1661 5070 Θεοῦ.
1712 5018 1820 5071 Καί
1873 5036 1964 5087 μοι

401 5113 563 5166 πάλιν
587 5111 740 5182 ἄθρει
768 5107 861 5163 τοῦ
887 5107 1048 5176 λόγου
1080 5106 1141 5160 τὺ
1173 5105 1354 5176 βάθοςο
1387 5105 1448 5158 οὐ
1482 5105 1589 5177 γὰρ
1619 5106 1840 5170 θυσιῶν,
1875 5109 1966 5162 καὶ

397 5203 622 5260 καπνῶν
671 5199 817 5257 οἶκον
858 5199 940 5254 ἔτι
985 5198 1232 5270 βούλεται
1282 5197 1563 5252 καλεῖσθαι
1588 5198 1688 5270 τὴν
1734 5198 1965 5269 Ἐκκληο

405 5296 541 5363 σίαν,
574 5295 826 5367 καθάπερ
855 5291 1048 5363 ἀμέλει
1084 5291 1178 5345 καὶ
1205 5289 1294 5344 τὸν
1332 5290 1392 5368 ἐν
1419 5291 1535 5354 τοῖς
1572 5286 1964 5361 Ἰεροσολύμοις

394 5385 546 5449 ναὸν,
588 5385 752 5454 εὐχῆς
789 5383 847 5436 δὲ
881 5383 1100 5453 μᾶλλον,
1131 5380 1399 5445 τουτέστι,
1442 5379 1698 5450 λατρείας
1725 5395 1967 5449 πνευμα-

2067 1933 2289 1987 operum
2319 1933 2536 1974 suavem
2571 1918 2917 1988 fragrantiam
2951 1925 3006 1972 et
3051 1916 3392 1987 splendorem
3439 1917 3541 1970 sub
3566 1915 3644 1968 in-

2070 2008 2418 2080 telligentiam
2488 2010 2793 2074 cadentem,
2886 2007 3210 2077 divitiasque
3300 2005 3630 2075 spirituales.

2073 2119 2091 2152 ‹
2129 2100 2194 2154 Ει
2227 2098 2676 2169 evangelizahunt
2709 2098 2936 2153 salutem
2964 2097 3197 2152 Domini.
3241 2115 3261 2148 ι
3321 2094 3643 2163 Complures

2066 2191 2210 2244 enim
2244 2191 2420 2246 vocati
2455 2199 2579 2246 sunt
2609 2206 2676 2247 ex
2703 2191 2974 2261 gentibus,
3019 2197 3074 2243 et
3132 2188 3296 2245 corde
3345 2189 3640 2256 sapientes,

2065 2293 2303 2340 etsacra
2341 2283 2589 2352 dogmata
2641 2292 2818 2338 mente
2875 2287 3140 2348 tenentes,
3195 2280 3422 2337 docendi
3465 2288 3642 2334 aucto-

2066 2377 2229 2430 ritate
2307 2373 2545 2444 prtediti:
2574 2382 2631 2428 et
2663 2373 2889 2429 salutem
2913 2387 2977 2428 ac
3007 2373 3258 2443 gratiam,
3290 2371 3358 2426 ab
3399 2369 3642 2425 omnium

2067 2475 2308 2520 nostrum
2346 2465 2633 2521 Senatore
2678 2463 2914 2529 Christo,
2979 2462 3099 2517 aliis
3130 2461 3503 2533 praedicantes,
3567 2459 3644 2512 in-

2065 2556 2353 2626 genuitatis
2386 2569 2582 2612 corona
2634 2554 2865 2610 redimiti
2895 2564 3038 2609 sunt.
3084 2571 3102 2605 ι
3161 2551 3392 2607 Vcnient
3451 2551 3642 2614 etiam,

2066 2649 2261 2720 inquit,
2303 2663 2432 2702 oves
2456 2647 2632 2703 Cedar
2674 2654 2728 2699 et
2771 2646 2970 2703 arietes
3001 2644 3266 2712 Nabeoth,
3306 2654 3362 2700 et
3410 2644 3636 2700 oll‘eren-

2066 2749 2152 2794 tur
2205 2738 2559 2808 aeceptabilia
2607 2753 2768 2808 super
2841 2751 2992 2792 aram
3066 2751 3264 2792 meam.
3301 2754 3322 2788 »
3371 2735 3544 2791 Cedar
3588 2745 3644 2790 et

2064 2829 2330 2895 Nabcoth,
2373 2829 2619 2898 regiones
2646 2841 2835 2884 rursus
2877 2835 3003 2882 sunt
3032 2826 3169 2892 alia,
3205 2827 3399 2898 opima
3441 2837 3496 2882 et
3545 2842 3641 2895 pa-

2065 2920 2264 2974 bulosze
2307 2934 2371 2974 ac
2404 2918 2668 2989 plurimos
2695 2919 2898 2974 habent
2925 2917 3149 2983 incolas,
3178 2933 3364 2973 verum
3416 2917 3640 2972 idolola-

2068 3019 2182 3066 tras
2216 3019 2270 3065 et
2297 3021 2560 3067 errantes.
2594 3009 2702 3066 Sed
2736 3020 2790 3066 et
2824 3011 2902 3076 hi,
2926 3010 3120 3082 inquit,
3147 3010 3347 3066 arietes
3418 3020 3475 3064 et
3512 3024 3642 3064 oves

2068 3103 2354 3170 adducent,
2379 3111 2434 3158 ct
2450 3101 2631 3159 omnia
2653 3113 2810 3158 erunt
2834 3111 3052 3172 accepta
3082 3117 3245 3172 super
3265 3116 3415 3157 aram
3442 3117 3638 3170 meam,

2068 3195 2280 3251 etiamsi
2311 3197 2428 3266 lege
2467 3193 2701 3251 Mosaica
2739 3194 2944 3250 licitum
2991 3209 3096 3248 non
3149 3194 3314 3250 fuerit
3387 3194 3643 3264 alienige-

2069 3285 2174 3351 nis,
2217 3285 2328 3341 Deo
2362 3286 2571 3343 hostias
2607 3285 2837 3342 oﬂ'erre:
2874 3295 2930 3341 et
2987 3287 3030 3341 si
3094 3288 3439 3353 obtulissent,
3486 3302 3642 3343 acce-

2068 3382 2191 3444 ptas
2213 3373 2332 3429 illas
2364 3390 2471 3429 non
2510 3374 2763 3431 habebat.
2801 3373 2908 3431 Sed
2958 3390 3084 3431 ecce
3119 3375 3273 3446 jubet
3329 3379 3466 3433 Deus
3524 3377 3643 3432 illas

2070 3473 2321 3533 acceptas
2347 3479 2492 3528 esse.
2519 3465 2572 3518 in
2599 3465 2807 3520 sanctis
2843 3466 2976 3522 aris.
3006 3467 3063 3522 ln
3097 3469 3317 3524 Christo
3343 3471 3486 3525 enim
3516 3469 3643 3526 Jcsu

2070 3568 2174 3607 non
2218 3563 2301 3608 est
2346 3567 2570 3620 servus,
2637 3571 2812 3626 neque
2865 3557 3020 3619 liber,
3077 3556 3356 3622 barbarus,
3423 3559 3641 3629 Scytha,

2069 3643 2288 3699 Graecus
2325 3655 2380 3700 et
2401 3643 2639 3712 Judaeus,
2683 3648 2778 3702 sed
2805 3648 2985 3702 omnia
3009 3656 3064 3702 et
3117 3648 3170 3702 in
3195 3649 3446 3704 omnibus
3494 3651 3644 3706 Chri-

2068 3743 2204 3790 stus.
2247 3734 2418 3791 Unum
2456 3737 2601 3791 enim
2632 3737 2760 3794 iacti
2791 3748 2920 3794 sunt
2956 3740 3061 3795 duo
3098 3741 3302 3810 populi,
3360 3756 3481 3796 cum
3548 3742 3639 3798 ille

2071 3828 2420 3883 interstitium
2478 3830 2730 3885 maceriae
2773 3830 3051 3900 deiecerit,
3109 3841 3163 3886 et
3209 3832 3380 3904 legem
3422 3837 3645 3890 mandau-

2072 3926 2246 3971 torum
2292 3917 2344 3971 in
2378 3917 2642 3988 dogmatis
2665 3919 2830 4001 8&5
2867 3919 3182 3978 aboleverit.
3223 3923 3470 3994 Accepta:
3507 3937 3633 3980 sunt

2070 4007 2236 4078 igitur
2281 4008 2473 4063 hostiae
2520 4024 2732 4076 eorum,
2782 4012 2873 4081 qui
2937 4026 3036 4084 per
3083 4014 3242 4070 ﬁdem
3306 4017 3358 4070 in
3426 4017 3645 4073 Christo

2073 4098 2339 4153 accedunt
2365 4099 2434 4154 ad
2472 4099 2661 4154 Deum.
2703 4119 2723 4154 ι
2751 4100 2819 4155 Ει
2851 4101 3086 4172 gloriosa
3124 4105 3315 4162 enecta
3345 4117 3429 4163 est
3451 4107 3645 4165 domus

2070 4189 2333 4245 orationis
2394 4190 2510 4244 Dei.
2565 4190 2772 4247 Rursus
2822 4192 2953 4248 mihi
3001 4193 3301 4252 {considera
3371 4197 3637 4255 orationis

2072 4279 2512 4347 profunditatem.
2549 4281 2664 4337 Non
2724 4284 2869 4338 enim
2919 4285 3220 4341 hostiarum
3264 4296 3321 4342 et
3370 4288 3640 4346 {umorum

2072 4371 2286 4426 domum
2310 4371 2423 4442 jam
2451 4375 2634 4431 vocari
2671 4375 2785 4430 vult
2814 4376 3141 4444 Ecclesiam,
3167 4364 3336 4436 sicuti
3379 4383 3640 4439 nimirum

2083 4461 2340 4531 templum
2407 4461 2953 4536 Jerosolymitanum,
3007 4468 3099 4521 sed
3149 4469 3477 4536 precationis
3550 4489 3644 4540 po-

2078 4554 2204 4616 tius,
2255 4554 2306 4608 id
2339 4564 2423 4609 est
2461 4555 2641 4609 cultus
2697 4555 3020 4624 spiritualis.
3089 4556 3273 4612 Psallit
3308 4570 3491 4617 autem
3542 4565 3643 4618 ιιΙί-

2069 4644 2216 4708 cubi,
2272 4653 2326 4699 et
2355 4644 2431 4698 ait
2481 4643 2696 4700 divinus
2777 4646 2982 4702 David:
3041 4667 3060 4701 ι
3127 4649 3405 4721 Dirigatur
3463 4656 3641 4710 oratio

2073 4751 2210 4801 mea,
2237 4735 2380 4791 sicut
2423 4737 2706 4793 incensum
2762 4739 2815 4792 in
2872 4752 3165 4812 conspectu
3231 4753 3345 4810 tuo,
3409 4746 3644 4802 elevatiu

2073 4842 2326 4882 manuum
2354 4843 2596 4885 mearum
2654 4831 2978 4887 sacriﬁcium
3005 4837 3370 4905 vespertinum
3403 4839 3442 4891 ί.
3481 4856 3498 4888 ο
3533 4838 3641 4894 Νο-

2076 4918 2295 4973 tandum
2337 4919 2502 4975 etiam
2566 4921 2724 4992 hujus
2761 4923 3020 4978 versiculi
3069 4926 3396 4982 mentionem
3447 4927 3644 4986 fecisse
3693 4983 3696 4987 ,

2073 5010 2246 5081 ipsum
2279 5010 2650 5078 Servatorem,
2683 5028 2805 5069 eum
2872 5013 3182 5072 Judaeorum
3241 5019 3642 5088 negotiationes

2073 5102 2440 5170 reprehendit,
2475 5112 2532 5159 et
2561 5103 2726 5160 dicit:
2762 5123 2782 5157 ι
2827 5103 3098 5176 Scriptum
3127 5117 3238 5164 est:
3275 5111 3474 5167 Domus
3496 5127 3638 5180 mea,

2071 5194 2264 5251 domus
2306 5196 2572 5252 orationis
2600 5196 2903 5254 vocabitur.
2953 5196 3061 5256 Vos
3084 5208 3267 5255 autem
3323 5202 3492 5272 ipsam
3548 5205 3642 5258 ra-

2073 5286 2194 5341 citis
2221 5287 2528 5355 speluncam
2582 5287 2855 5344 latronum
2889 5292 2934 5346 '.
2970 5309 2990 5344 ι
3049 5291 3181 5346 Cum
3229 5294 3391 5364 igitur
3450 5298 3641 5355 domus

2072 5377 2338 5435 orationis
2372 5379 2512 5435 facta
2532 5388 2638 5448 est,
2673 5389 2800 5436 tunc
2843 5396 3060 5454 quoque
3087 5382 3384 5454 gloriﬁcata
3426 5399 3530 5445 est.

395 5479 574 5550 τικῆς.
603 5479 810 5535 Ψάλλει
840 5478 897 5531 δέ
924 5494 1028 5531 που
1062 5478 1156 5532 καὶ
1192 5475 1354 5547 φησὶν
1380 5478 1408 5528 ὁ
1436 5475 1720 5538 θεσπέσιος
1757 5474 1919 5528 Δαϐίδ
1938 5492 1950 5506 ·
1978 5491 1998 5526 t
2030 5474 2465 5545 Κατευθυνθήτω
2503 5478 2536 5547 ἡ
2570 5478 2845 5548 προσευχὴ
2875 5494 3000 5548 μου,
3019 5477 3094 5542 ὼς
3133 5478 3384 5551 θυμίαμα
3410 5481 3640 5537 ἐνώπιόν

399 5590 518 5638 σου,
569 5574 796 5646 ἔπαρσις
857 5573 966 5627 τῶν
1011 5572 1209 5644 χειρῶν
1256 5589 1356 5642 μου
1414 5570 1574 5626 θυσία
1616 5571 1898 5641 ἐσπερινή.
1942 5591 1958 5623 ι
2003 5569 2345 5641 Σημειωτέον
2391 5571 2446 5623 δὲ
2506 5573 2588 5624 ὅτι
2639 5569 2822 5626 τοῦτον
2867 5571 2958 5626 τὸν
3032 5575 3239 5644 στοῖχον
3285 5575 3377 5630 καί⁵
3421 5576 3580 5638 αὐτὸς
3618 5583 3645 5630 ό

471 5749 487 5779 ¹
513 5746 656 5802 Psal.
683 5762 804 5814 cst,
839 5747 893 5800 2.
973 5749 990 5779 ¹
1029 5747 1215 5803 Matth.
1246 5763 1358 5814 χχι,
1394 5747 1495 5813 l3;
1529 5746 1688 5805 Marc.
1734 5765 1795 5814 tt,
1831 5751 1893 5805 l7
1919 5768 1934 5820 ;
1963 5750 2093 5808 Luc.
2131 5768 2240 5816 xu,
2282 5753 2370 5808 46.
