4090 6216
480 312 615 370 1351

1475 309 1531 363 S.
1570 305 1842 363 CYRILLI
1882 305 2352 362 ALEXANDRlNl
2390 306 2706 364 ARCHIEP.

3613 315 3750 368 1559.

475 426 666 498 Σωτὴρ
693 425 1117 496 διεμνημόνευσέ
1188 443 1286 478 που
1327 428 1444 488 ταῖς
1488 425 1758 478 Ἰουδαίων
1829 424 2122 496 ἐμπορίαις
2163 425 2454 497 ἐπιτιμῶν,
2506 426 2599 480 καὶ
2636 425 2808 496 λέγων
2833 442 2846 456 ⁸
2881 445 2900 479 ι
2932 427 3280 499 Γέγραπταιο
3321 431 3382 485 '0
3425 425 3571 496 οἶκός
3625 450 3753 502 μου,

474 521 620 588 οἶκος
651 522 961 594 προσευχῆς
990 521 1340 594 κληθήσεται,
1379 523 1536 592 ὑμεῖς
1563 523 1618 576 δὲ
1660 524 1825 578 αὐτὸν
1861 525 2061 577 ποιεῖτε
2102 524 2364 595 σπήλαιον
2433 523 2666 597 λῃστῶν.
2709 544 2728 576 ι
2767 523 2897 578 "Ore
2943 525 3122 579 τοίνυν
3160 521 3311 591 οἶκος
3355 527 3547 596 γέγονε
3583 545 3756 598 προσο

475 618 664 690 ευχῆς,
691 615 812 671 τότε
843 614 936 669 καὶ
960 613 1294 679 δεδόξασται.

547 712 709 768 Vsus.
739 712 792 774 8,
823 711 876 766 9.
911 709 1014 776 Qui
1059 721 1179 764 sunt
1228 712 1314 764 isti
1352 713 1442 781 qni
1483 723 1536 765 ut
1568 711 1726 766 nubes
1764 715 1957 776 volant,
2003 726 2043 765 et

2225 707 2396 772 Τίνες
2436 704 2562 758 οἵδε
2588 705 2667 771 ὠς
2714 704 2965 774 νεφέλαι
3005 705 3313 770 πέτανται,
3350 707 3450 761 καὶ
3483 710 3566 776 ὠς
3591 728 3758 781 περι.

471 819 526 862 ιιι
552 804 806 860 columba:
829 820 944 858 cum
971 802 1180 871 pullis?
1227 801 1314 857 Me
1358 804 1547 859 insula:
1581 806 1967 869 sustinuerunt,
2005 817 2051 860 el

470 916 626 954 naves
664 897 880 952 Tltarsls
911 897 966 950 in
989 897 1199 965 primis,
1253 907 1310 949 ut
1337 897 1606 950 adducant
1651 898 1837 951 liberos
1878 909 1995 951 tuos
2025 915 2052 951 e

2155 797 2362 866 στεραὶ
2385 797 2508 851 σὺν
2537 796 2859 862 νεοσσοῖς;
2897 796 3029 866 Ἐμὲ
3052 797 3235 866 νῆσοι
3265 799 3617 869 ὑπέμειναν,
3654 805 3757 858 καὶ

2157 889 2343 944 πλοῖα
2376 888 2631 958 Θαρσεῖς
2657 889 2729 942 ἐν
2749 887 3024 957 πρώτοις,
3053 890 3302 960 ἀγαγεῖν
3325 892 3397 946 τὰ
3422 893 3602 947 τέκνα
3631 913 3756 951 σου

470 990 773 1060 longinquo,
816 996 864 1042 et
909 997 1179 1056 argentum
1219 998 1267 1042 et
1304 1003 1498 1042 aurum
1527 1003 1648 1040 cum
1679 989 1807 1051 illis,
1840 998 2043 1056 promet

2149 983 2477 1051 μακρόθεν,
2510 981 2611 1035 καὶ
2638 982 2746 1034 τὸν
2775 982 3055 1051 ἄργυρον,
3096 984 3194 1036 καὶ
3225 984 3335 1036 τὸν
3363 986 3601 1053 χρυσὸν
3621 989 3754 1055 μετ’
3809 1029 3816 1034 .

469 1097 655 1135 nomen
680 1079 898 1134 Domini
935 1090 1202 1146 sanctum,
1233 1089 1281 1134 et
1315 1089 1525 1149 propter
1551 1078 1806 1136 Sanctum
1855 1079 2049 1145 Israel,

471 1183 528 1226 ut
550 1175 618 1226 sit
646 1171 926 1242 gloriosus.

538 1263 691 1319 Licet
722 1263 914 1318 iturum
943 1263 1031 1317 hic
1055 1261 1237 1318 videre
1265 1261 1518 1318 Ecclesiae
1571 1277 1668 1318 seu
1697 1263 2051 1331 intelligibilis

465 1356 765 1412 Jerusalem
788 1369 1074 1425 personam
1116 1355 1501 1420 introductam,
1525 1354 1792 1410 levantem
1822 1355 1968 1410 velut
1994 1354 2048 1409 in

466 1449 694 1504 circuitu
720 1447 930 1514 oculos,
949 1456 1009 1501 ut
1029 1446 1237 1515 jussum
1260 1457 1346 1502 est
1365 1463 1393 1501 a
1413 1445 1525 1502 Deo
1549 1465 1562 1500 :
1591 1447 1786 1503 deinde
1811 1447 2050 1501 admira-

469 1539 659 1609 tur’l)
705 1539 1042 1595 currentium
1084 1553 1150 1593 eo
1198 1539 1624 1606 multitudinem,
1677 1549 1734 1596 et
1790 1539 2047 1610 populum

465 1646 564 1703 per
624 1631 784 1688 tidem
845 1641 1279 1702 congregatum,
1347 1631 1819 1688 innumerabilem.
1895 1631 2046 1699 (Qui

465 1733 594 1778 sunt
631 1723 798 1789 enim,
846 1723 1042 1794 inquit,
1078 1724 1168 1792 qui
1211 1733 1266 1778 ut
1304 1725 1472 1780 nubes
1515 1723 1718 1790 volant,
1760 1735 1816 1780 et
1861 1734 1923 1780 ut
1951 1740 2044 1780 co-

465 1814 666 1872 lumbae
710 1831 836 1872 cum
885 1816 1044 1887 pullis
1073 1817 1096 1870 ?
1127 1836 1146 1869 ι
1180 1817 1506 1872 lrretiuntur
1551 1818 1699 1873 enim
1745 1833 1844 1887 per
1884 1817 2044 1874 ﬁdem

465 1923 572 1963 non
596 1908 758 1962 modo
784 1922 964 1974 senes,
989 1923 1176 1964 verum
1208 1910 1370 1965 etiam
1400 1925 1524 1965 cum
1557 1910 1665 1965 illis
1685 1909 1940 1978 juvenes,
1990 1918 2046 1966 et

465 2016 590 2056 cum
639 2000 766 2056 liliis
806 2009 1013 2072 patres,
1057 2011 1114 2057 et
1150 2018 1274 2058 cum
1321 2002 1535 2060 ﬁliabus
1585 2015 1806 2060 matres.
1857 2004 2044 2073 Itaque

465 2101 656 2149 contra
708 2107 924 2150 omnem
983 2103 1198 2149 etatem
1248 2094 1585 2165 Evangelicae
1643 2097 2044 2166 praedicationis

465 2192 586 2238 rete
620 2184 969 2254 expanditur.
1022 2183 1089 2239 Et
1132 2185 1257 2250 hoc,
1289 2187 1501 2255 opinor,
1541 2195 1623 2242 est
1650 2190 1794 2258 quod
1826 2186 1882 2241 iu
1909 2186 2045 2242 libro

465 2273 810 2332 Psalmorum
854 2278 1119 2349 scriptum
1165 2289 1290 2336 est:
1336 2299 1354 2332 ι
1385 2279 1625 2336 Juvenes
1673 2291 1728 2336 ct
1784 2280 2042 2350 virgines,

463 2382 624 2426 senes
651 2382 772 2422 cum
820 2368 1127 2438 junioribus
1161 2372 1384 2427 laudent
1441 2388 1634 2428 nomen
1671 2371 1881 2429 Domini
1914 2373 1955 2426 ⁸.
2018 2391 2038 2425 ι

465 2459 661 2515 Volare
689 2475 782 2516 eos
812 2462 965 2528 dicit,
994 2472 1089 2518 aut
1111 2465 1236 2532 quia
1259 2465 1462 2521 vadunt
1483 2481 1549 2522 eo
1579 2482 1685 2522 non
1711 2466 2046 2537 negligenter

462 2560 518 2604 et
559 2551 807 2617 remisse,
838 2553 933 2608 sed
978 2562 1233 2622 tanquam
1265 2557 1517 2611 volucres
1540 2565 1595 2611 et
1628 2573 1914 2625 cursores;
1952 2568 2045 2612 aut

466 2640 637 2709 quod,
671 2649 891 2695 terreno
925 2649 982 2697 et
1013 2640 1202 2696 humili
1219 2641 1413 2698 all‘ectu
1440 2643 1706 2713 deposito,
1736 2644 1790 2697 in
1815 2644 2043 2698 sublime

467 2729 696 2786 tendunt
749 2732 1188 2801 quodammodo,
1243 2742 1298 2788 et
1347 2747 1446 2788 ceu
1491 2749 1523 2790 ο
1572 2734 1708 2789 mari
1755 2735 1963 2800 nubes,
2011 2751 2042 2789 a

462 2822 883 2879 tumultuatioue
907 2833 961 2880 et
985 2823 1196 2881 deliciis
1237 2827 1546 2891 mundanis,
1580 2826 1632 2881 In
1679 2826 1848 2882 altum
1907 2827 2045 2882 assi-

457 2905 602 2970 liunt
627 2924 684 2971 et
703 2927 1012 2988 emergunt,
1036 2919 1104 2974 ad
1137 2932 1444 2989 supremam
1494 2918 1817 2976 festinantes
1853 2920 2044 2975 civita-

460 3017 592 3064 tem.
619 3007 938 3066 Admiraute
965 3009 1131 3080 igitur
1162 3009 1402 3066 Ecclesia
1428 3026 1494 3066 ex
1520 3013 1669 3067 omni
1703 3013 1923 3084 regione
1949 3027 2045 3083 per

461 3101 624 3158 (idem
660 3116 1012 3167 concursum,
1065 3116 1290 3158 causam
1337 3103 1414 3157 rei
1468 3105 1666 3173 aperit,
1719 3117 1910 3160 rursus
1949 3117 2044 3160 eos

461 3202 688 3261 captans
734 3191 906 3267 846
944 3202 999 3248 et
1034 3194 1312 3259 irretiens,
1348 3204 1405 3249 et
1434 3195 1650 3264 inquit:
1690 3215 1708 3248 ι
1733 3195 1816 3250 Me
1855 3197 2043 3251 insulae

459 3285 861 3348 sustinuerunt,
885 3292 940 3338 et
965 3299 1131 3338 naves
1161 3285 1409 3348 Tbarsis,
1445 3295 1507 3340 ut
1540 3287 1814 3343 adducant
1840 3286 2042 3344 liberos

2153 1074 2354 1130 αὐτῶν
2386 1074 2485 1129 διὰ
2521 1076 2588 1129 τὸ
2611 1075 2802 1145 ὄνομα
2833 1075 3057 1142 Κυρίου
3097 1075 3163 1129 τὸ
3197 1075 3389 1144 ἅγιον,
3421 1077 3520 1131 καὶ
3557 1079 3655 1133 διὰ
3684 1080 3753 1132 τὸ

2153 1167 2260 1221 τὸν
2287 1169 2490 1237 Ἀγιον
2513 1166 2621 1221 τοῦ
2649 1165 2887 1235 Ἰσραὴλ
2932 1163 3189 1230 ἔνδοξον
3220 1163 3396 1223 εἶναι.

2226 1261 2443 1313 Ἔνεστι
2479 1259 2642 1314 πάλιν
2683 1260 2742 1314 ὲν
2787 1259 2998 1323 τούτοις
3025 1259 3154 1312 ίδεῖν
3194 1259 3258 1312 τὸ
3283 1258 3383 1328 τῆς
3422 1261 3751 1330 Ἐκκλησὶας

2155 1352 2445 1421 πρόσωπον
2476 1349 2986 1421 είσκεκομισμένον,
3020 1351 3138 1421 ἦτοι
3171 1350 3272 1419 τῆς
3312 1351 3512 1420 νοητῆς
3545 1353 3746 1420 Ἰερου-

2153 1442 2356 1514 σαλὴμ,
2385 1440 2518 1514 ἆρον
2551 1441 2741 1514 ῶσπερ
2765 1444 2824 1495 ὲν
2860 1441 3045 1513 κύκλῳ
3081 1444 3208 1506 τοὺς
3233 1441 3570 1515 ὀφθαλμοὺς,
3603 1446 3746 1498 καθά

2151 1533 2556 1606 προστέτακται
2573 1533 2724 1604 παρὰ
2739 1533 2896 1598 Θεοῦ,
2911 1529 3032 1590 εἶτα
3049 1535 3440 1607 καταπεπλανη
3451 1537 3618 1608 μένης
3638 1541 3748 1592 τῶν

2151 1627 2236 1677 ἐπ’
2269 1625 2412 1697 αὐτῇ
2445 1625 2748 1697 τρεχόντων
2773 1625 2835 1679 τὸ
2871 1625 3097 1697 πλῆθος,
3125 1629 3351 1684 καὶτῶν
3385 1629 3475 1684 διά
3507 1632 3748 1696 πίστεως

2151 1716 2651 1789 συναγηγερμένων
2671 1716 2762 1771 τὸν
2784 1717 3022 1789 ἀριθμοῦ
3049 1719 3250 1783 παντὸς
3275 1721 3532 1775 ἐπέκεινα
3551 1723 3612 1794 δῆ
3623 1742 3741 1794 μον.

2154 1829 2172 1861 ι
2199 1809 2358 1873 Τίνες
2386 1807 2496 1880 γὰρ
2528 1808 2635 1863 οἵδε
2669 1810 2953 1873 πέτανται,
2977 1811 3160 1881 φησιν,
3187 1810 3262 1875 ὡς
3283 1813 3524 1882 νεφέλαι,
3544 1816 3637 1866 καὶ
3668 1816 3745 1880 ὡς

2149 1900 2602 1972 περιστεραὶ-σὺν
2633 1904 2869 1964 νεοττοῖς
2896 1918 2910 1967 ;
2937 1919 2956 1952 ι
2995 1902 3398 1970 Σαγηνεὺονται
3427 1903 3536 1975 γὰρ
3550 1905 3636 1958 διὰ
3653 1906 3742 1958 sti-

2148 2009 2339 2058 στεως,
2364 1991 2425 2045 οὐ
2461 1991 2763 2061 πρεσϐῦται
2799 1993 2983 2062 μόνον,
3009 1991 3147 2046 ἀλλὰ
3174 1995 3284 2064 γὰρ
3308 1995 3405 2048 σὺν
3437 1997 3621 2059 αὺτοῖς
3652 1997 3744 2049 καὶ

2077 2061 2117 2115 Β
2147 2084 2280 2150 νέοι,
2308 2084 2403 2137 καὶ⁵
2443 2083 2582 2154 ὁμοῦ
2623 2084 2781 2138 παισὶ
2803 2061 3074 2155 πατέρες,
3116 2085 3211 2138 καὶ
3247 2061 3546 2158 θυγατράσι
3577 2087 3742 2158 μητέο

2151 2198 2263 2250 ρες.
2284 2177 2495 2232 υύκοῦν
2521 2177 2662 2231 κατα
2689 2177 2870 2248 πάσης
2895 2177 3133 2248 ἡλικίας,
3156 2178 3220 2231 τὸ
3239 2177 3350 2231 τῶν
3373 2177 3741 2247 εὐαγγελικῶν

2147 2272 2518 2346 κηρυγμάτων
2536 2270 2975 2336 άπλοῦταιλῖνον,
2996 2271 3092 2325 καὶ
3120 2270 3300 2335 τοῦτο,
3332 2265 3511 2340 οἶμαι,
3540 2269 3658 2321 ἐστὶ
3681 2269 3740 2323 τὸ

2145 2367 2204 2420 ὲν
2231 2369 2298 2438 τῇ
2329 2365 2498 2438 βίϐλῳ
2529 2361 2776 2436 Ψαλμῶν
2813 2361 3223 2434 γεγραμμένον·
3259 2380 3277 2412 ι
3303 2361 3593 2414 Νεανίσκοι
3649 2361 3739 2413 καὶ

2147 2457 2424 2528 παρθένοι,
2450 2456 2752 2528 πρεσϐῦται
2779 2454 2920 2525 μετὰ
2942 2454 3222 2523 νεωτέρων
3273 2453 3644 2506 αἰνεσάτωσαν
3678 2451 3736 2503 τὸ

2145 2549 2316 2620 ὄνομα
2365 2550 2591 2621 Κυρίου.
2631 2569 2649 2601 ι
2686 2547 2964 2603 Πετᾶσθαι
2996 2546 3054 2600 δέ
3102 2563 3264 2616 φησιν
3306 2546 3518 2606 αὐτοὺς,
3564 2543 3595 2613 ἦ
3651 2543 3730 2596 ὃτι

2148 2641 2423 2714 βαδιοῦσιν
2476 2642 2563 2695 ἐπ’
2597 2640 2793 2712 αὐτὴν,
2824 2639 2927 2693 οὐκ
2977 2637 3259 2708 ἀτημελῶς
3288 2654 3340 2689 τε
3388 2637 3483 2689 καὶ
3535 2653 3733 2707 παρει-

2148 2733 2358 2805 μένως,
2397 2732 2511 2788 ἀλλ’
2554 2731 2668 2787 οἷον
2721 2733 2942 2803 πτηνοὶ,
2991 2731 3086 2784 καὶ
3131 2731 3375 2801 δρομαῖοι
3396 2770 3411 2795 ,
3451 2730 3626 2799 ἢγουν
3677 2728 3738 2781 τὸ

2143 2825 2343 2895 γεῶδες
2393 2825 2489 2879 καὶ
2526 2825 2804 2897 χθαμαλὸν
2834 2825 3068 2895 ἀφέντες
3097 2825 3349 2894 φρόνημα
3386 2839 3734 2894 μετεωροπο-

2144 2919 2298 2974 λοῦσι
2329 2919 2530 2990 τρόπον
2574 2919 2719 2985 τινὰ,
2754 2921 2850 2973 καὶ
2877 2920 3068 2990 ῶσπερ
3091 2921 3157 2972 ἐκ
3191 2917 3467 2987 Θαλάττης
3499 2917 3736 2984 νεφέλαι,

2146 3016 2209 3069 ὲκ
2231 3012 2464 3086 θορύόου
2491 3029 2551 3068 τε
2571 3013 2663 3065 καὶ
2694 3014 2906 3084 τρυφῆς
2937 3010 3228 3081 κοσμικῆς,
3252 3008 3473 3062 ἄττουσί
3498 3025 3558 3061 τε
3583 3008 3734 3078 ὑψοῦ,

2146 3105 2242 3159 καὶ
2287 3106 2647 3176 άνανήχονται
2699 3103 2836 3174 πρὸς
2875 3103 2972 3174 τὴν
3015 3102 3132 3156 ἄνω
3179 3101 3508 3164 σπεύδοντες
3565 3102 3730 3156 πόλιν.

2143 3196 2542 3268 Θαυμαζούσης
2581 3196 2760 3249 τοίνυν
2792 3195 2894 3266 τῆς
2951 3194 3277 3266 Ἐκκλησίας
3303 3195 3402 3266 τὴν
3429 3195 3486 3260 ἐξ
3526 3196 3737 3266 ἀπάσης

2146 3289 2331 3362 χώρας
2356 3290 2456 3362 τὴν
2483 3289 2572 3343 διὰ
2605 3290 2844 3353 πίστεως
2872 3289 3200 3360 συνδρομὴν,
3229 3287 3331 3360 τὴν
3356 3288 3451 3342 τοῦ
3485 3289 3737 3360 πράγμα-

461 3383 584 3426 tuos
625 3385 657 3426 e
713 3369 1030 3442 longinquo,
1083 3383 1140 3429 et
1208 3390 1403 3430 aurum
1466 3385 1524 3433 et
1573 3386 1858 3448 argentum
1914 3393 2036 3434 cum

2145 3399 2234 3446 τος
2255 3383 2438 3437 αἰτίαν
2457 3382 2767 3453 άπογυμνοϊ
2785 3381 2947 3435 πάλιν
2975 3381 3005 3434 ό
3034 3380 3356 3452 σαγηνεύων
3387 3381 3602 3443 αὐτοὺς.
3635 3388 3733 3440 καί

459 3462 587 3520 illis.
620 3482 639 3517 ι
685 3463 898 3521 Insulas
937 3465 1030 3522 hic
1065 3467 1357 3540 intelliges,
1396 3483 1504 3525 non
1552 3470 1801 3528 absolute
1835 3472 2041 3528 insula-

461 3571 581 3610 rum
607 3557 808 3624 solutn,
839 3556 1045 3630 quippe
1079 3559 1322 3629 ineptum
1366 3562 1489 3630 hoc,
1532 3578 1634 3619 nec
1678 3565 1827 3633 ipsas
1877 3581 2042 3621 naves

460 3648 704 3716 Tharsis,
737 3652 832 3707 sed
860 3653 1038 3723 potius
1090 3655 1400 3710 habitantes
1447 3656 1500 3710 in
1546 3657 1671 3722 illis,
1708 3669 1799 3711 aut
1830 3657 1922 3727 qui
1957 3657 2041 3712 in-

459 3742 604 3799 sulas
645 3745 1040 3801 conscendunt.
1085 3747 1311 3803 Tharsis
1352 3761 1481 3802 vero
1525 3749 1705 3804 divina
1758 3747 2040 3820 Scriptura

459 3853 606 3908 sape
648 3849 810 3894 vocat
853 3839 1101 3908 Indicas;
1131 3851 1467 3910 nurrantque
1513 3845 1565 3895 In
1597 3844 1773 3913 Cypro
1819 3842 2043 3898 Tharsis

460 3931 736 3986 civitatem
760 3945 885 3987 esse
913 3930 1208 3989 celebrem.
1259 3932 1603 4002 Quapropter
1647 3934 1772 4001 quin
1829 3934 2040 3998 insulae,

460 4023 656 4094 iuquil,
702 4032 757 4079 et
797 4025 889 4095 qui
934 4040 1000 4080 ex
1056 4024 1312 4080 Indorum
1375 4027 1596 4096 regione
1650 4027 1896 4096 veniunt,
1957 4041 2042 4079 me

460 4115 855 4182 sustinuerunt,
908 4116 960 4170 id
999 4125 1103 4182 est,
1150 4117 1457 4188 impositum
1503 4117 1606 4173 sibi
1654 4136 1681 4170 ει
1725 4135 1810 4172 me
1851 4118 2039 4185 iugum

460 4210 786 4276 subierunt,
831 4209 1035 4264 idcirco
1079 4210 1439 4279 undecunque
1487 4209 1712 4268 conﬂuit
1755 4209 2042 4265 multitudo

459 4299 822 4356 credentium.
857 4297 1099 4356 Veniunt
1120 4301 1264 4354 enim
1289 4309 1345 4357 et
1367 4315 1434 4355 ex
1455 4301 1568 4370 ipsa
1604 4301 1832 4356 barbara
1873 4312 2038 4367 terra,

459 4395 563 4449 viri
598 4409 705 4450 non
735 4394 915 4465 pauci,
944 4393 1144 4449 Christi
1186 4408 1382 4448 nomen
1413 4404 1686 4465 gerentes,
1723 4404 1778 4448 et
1808 4394 2040 4450 fructiﬁ-

461 4495 649 4542 cantes
677 4486 730 4541 in
755 4485 873 4554 ejus
913 4485 1141 4557 gloriam
1211 4499 1550 4555 quaecunque
1589 4486 1736 4556 regio
1771 4486 1914 4542 l'erre
1946 4502 2043 4557 po-

462 4583 569 4628 test
597 4574 831 4631 illorum.
869 4576 1001 4631 Auri
1049 4586 1230 4632 autem
1259 4586 1313 4632 et
1339 4578 1548 4649 argenti
1601 4578 1832 4636 fertilem
1868 4582 2040 4652 ipsam

461 4677 583 4721 esse
609 4664 818 4720 dicunt.
847 4666 1094 4725 Oll‘erunt
1145 4683 1275 4724 vero
1323 4685 1428 4726 nun
1486 4687 1636 4727 more
1689 4675 2044 4745 institutoque

2147 3491 2329 3546 φησιν’
2343 3493 2363 3526 ι
2386 3473 2515 3544 Ἐμὲ
2536 3475 2686 3545 νῆσοι
2710 3475 3011 3546 ὑπέμειναν
3029 3515 3045 3541 ,
3064 3473 3159 3527 καὶ
3179 3473 3340 3526 πλοῖα
3355 3473 3583 3544 Θαρσεῖς
3601 3471 3738 3539 ἀγα’

2145 3569 2262 3633 γεῖν
2292 3566 2360 3618 τά
2387 3566 2552 3619 τέκνα
2584 3581 2678 3618 σου
2703 3566 2976 3638 μακρόθεν
2995 3610 3010 3634 ,
3050 3565 3146 3620 καὶ
3185 3565 3278 3618 τὸν
3300 3564 3501 3636 χρυσὸν
3521 3563 3618 3616 καὶ
3639 3561 3742 3616 τὸν

2145 3657 2386 3728 ἄργυρον
2422 3657 2540 3728 μετ’
2563 3657 2762 3712 αὐτῶν.
2794 3677 2812 3709 ι
2863 3659 2973 3712 Καὶ
3011 3659 3209 3729 νήσους
3233 3655 3420 3710 ἐνθάδε
3461 3656 3733 3725 συνήσεις,

2145 3750 2266 3820 οὐχὶ
2279 3751 2344 3820 δὴ
2362 3752 2578 3814 πάντως
2599 3751 2740 3805 αὐτὰ
2758 3750 2825 3804 τὰ
2849 3749 2959 3804 τῶν
2975 3751 3154 3821 νήσων
3183 3749 3374 3819 ἐδάφη,
3391 3745 3586 3815 εὔηθες
3605 3743 3734 3814 γὰρ,

2143 3841 2266 3897 οὔτε
2287 3843 2394 3914 μὴν
2419 3842 2558 3896 αὐτὰ
2588 3844 2656 3896 τά
2680 3842 2778 3914 τῆς
2797 3841 3032 3912 Θαρσεῖς
3053 3842 3230 3905 πλοῖα,
3247 3841 3376 3903 τοὺς
3396 3837 3738 3900 ἐνοικοῦντας

2143 3935 2200 3989 δὲ
2231 3935 2430 4006 μᾶλλον
2451 3935 2664 3999 αὐταῖς,
2696 3936 2817 4006 ἦτοι
2836 3935 2947 3989 τῶν
2961 3936 3140 4006 νήσων
3157 3935 3282 3997 τοὺς
3313 3930 3739 4002 ὲμόάτας.Θαρ-

2146 4031 2260 4094 σείς
2289 4029 2347 4083 δὲ
2380 4031 2412 4101 ἠ
2444 4027 2562 4082 Θεία
2588 4028 2779 4100 Γραφὴ
2810 4027 2908 4091 τὰς
2938 4026 3164 4089 Ἰνδικάς
3199 4025 3457 4095 ὀνομάζει
3485 4024 3736 4076 ﬂaretu-

2144 4118 2263 4190 χοῦ⁶
2299 4119 2433 4189 φασὶ
2457 4117 2513 4170 δὲ
2554 4113 2692 4170 εἶναι
2740 4118 2834 4168 καὶ
2880 4117 2940 4168 ὲν
2969 4117 3036 4187 τῇ
3067 4113 3281 4185 Κύπρῳ
3313 4115 3548 4184 θαρσεῑς
3584 4112 3736 4164 πόλιν

2143 4209 2559 4282 ὠνομασμένην.
2605 4207 2814 4264 Οὐκοῦν
2849 4208 3145 4279 ἐπειδήπερ
3178 4208 3239 4260 αἴ
3277 4225 3334 4260 τε
3367 4205 3543 4276 νῆσοι,
3579 4205 3731 4275 φησὶ,

2145 4304 2239 4358 καὶ
2268 4303 2318 4356 οί
2358 4305 2423 4356 ὲκ
2459 4302 2552 4373 τῆς
2598 4300 2778 4355 Ἰνδῶν
2805 4301 3035 4371 ἥκοντες
3064 4299 3246 4371 χώρας
3274 4300 3373 4370 ἐμὲ
3411 4298 3732 4368 ὑπέμειναν,

2143 4395 2446 4458 τουτέστιν,
2481 4393 2798 4463 ὑπέστησαν
2843 4392 2937 4446 τὸν
2983 4391 3346 4461 ἐπενεχθέντα
3381 4391 3565 4455 αὐτοῖς
3607 4389 3736 4459 παρ’

2144 4486 2280 4558 ἐμοῦ
2306 4487 2492 4555 ζυγὸν,
2530 4487 2618 4540 διὰ
2659 4483 2816 4539 τοῦτο
2854 4486 3046 4556 συρρεῖ
3074 4482 3414 4554 πανταχόθεν
3441 4485 3475 4552 ἡ
3508 4480 3620 4535 τῶν
3656 4497 3741 4533 πι-

2146 4580 2445 4634 στευόντων
2471 4578 2702 4650 πληθύς.
2739 4577 2971 4631 ’Ἧκουσι
3009 4576 3118 4652 γὰρ
3140 4619 3153 4640 ,
3192 4579 3284 4631 καὶ
3329 4576 3389 4641 ἐξ
3435 4572 3606 4644 αὐτῆς
3638 4573 3741 4639 τῆς

2146 4671 2433 4744 Βαρϐάρου
2467 4672 2570 4743 γῆς
2597 4671 2788 4742 ἄνδρες
2808 4670 2909 4724 οὐκ
2933 4653 3104 4738 ὀλίγοι
3145 4670 3206 4723 τὸ
3234 4667 3474 4740 Χριστοῦ
3509 4666 3738 4738 φοροῦν-

459 4755 634 4810 veteri
679 4755 934 4812 inanimis
973 4759 1296 4827 quibusdam
1349 4761 1528 4826 idolis,
1559 4774 1614 4817 et
1650 4764 2041 4820 daemoniorum

2148 4781 2237 4828 τες
2261 4764 2451 4836 ὄνομα,
2479 4763 2574 4816 καὶ
2619 4763 3102 4836 καρποφοροῦντες
3141 4763 3221 4826 εἰς
3261 4759 3418 4826 δόξαν
3462 4758 3632 4813 αὐτοῦ
3671 4760 3740 4812 τά

459 4847 735 4922 gregibus,
801 4849 898 4904 sed
958 4849 1086 4920 quia
1135 4861 1384 4908 sanctum
1438 4853 1709 4911 habebant
1757 4858 1899 4926 apud
1953 4873 2047 4912 eos

458 4957 655 4998 nomen
687 4942 918 5010 Domini,
949 4953 1005 5000 et
1033 4943 1302 5011 gloriosus
1328 4957 1548 5004 sanctus
1581 4949 1770 5006 Israel.
1801 4951 1906 5006 Sed
1939 4966 2043 5006 non

459 5041 543 5087 est
574 5033 714 5088 alius
739 5032 1022 5102 Dominus,
1056 5035 1193 5091 alius
1220 5053 1437 5092 rursum
1468 5038 1701 5095 Sanctus
1731 5041 1913 5106 Israel,
1949 5041 2045 5095 sed

460 5138 602 5179 Unus
641 5133 698 5180 et
727 5124 870 5179 idem
898 5123 1113 5180 exsistit
1146 5126 1424 5195 Dominus,
1455 5140 1509 5183 et
1531 5141 1772 5197 sanctus,
1792 5139 1842 5185 et
1873 5129 2042 5201 glori-

460 5214 676 5275 ticatus.
725 5215 1018 5272 Seiondum
1048 5226 1131 5274 est
1176 5229 1354 5274 autem
1427 5221 1630 5276 insulas
1664 5223 1845 5277 vocari
1877 5225 2039 5280 etiam

462 5304 712 5361 civitates
751 5321 872 5377 qua;
918 5323 1014 5380 per
1059 5309 1350 5367 circuitum
1393 5324 1540 5380 sunt,
1583 5324 1749 5370 vasta:
1798 5325 1852 5371 et
1897 5332 2044 5387 vaga:

461 5411 658 5467 magna
688 5415 752 5456 ex
784 5410 938 5471 parte
968 5411 1023 5464 et,
1055 5417 1164 5468 nou
1198 5405 1476 5462 habitam.
1511 5405 1665 5478 Quod
1702 5409 1748 5463 si
1790 5409 2043 5467 dicantur

425 5642 432 5656 ι
537 5574 556 5604 ³
582 5571 727 5629 Psal.
758 5593 982 5646 csum,
1021 5581 1103 5634 l2.

2144 4856 2353 4926 ὅσαπερ
2401 4855 2467 4910 ἂν
2501 4855 2684 4918 αὐτοῖς
2715 4856 2749 4926 ὴ
2798 4854 2952 4926 χώρα
2990 4853 3215 4925 δύνηται
3251 4853 3457 4923 φέρειν.
3491 4851 3739 4921 Εὔφορον

2140 4949 2199 5004 δὲ
2232 4943 2370 5002 εἶναι
2405 4945 2628 5018 χρυσοῦ,
2665 4947 2758 5000 καὶ
2790 4945 3032 5017 ἀργύρου,
3074 4945 3238 5017 φασιν
3273 4945 3463 5017 αὐτήν.
3495 4944 3740 5014 Προσκο-

2146 5039 2363 5112 μίζουσι
2403 5041 2460 5094 δὲ
2488 5041 2549 5094 οὑ
2582 5038 2723 5094 κατά
2766 5056 2830 5108 γε
2858 5037 2922 5092 τὺ
2977 5037 3310 5110 παρῳχηκδς
3353 5037 3471 5099 ἔθος
3507 5034 3742 5105 ἀψύχοις

2140 5133 2282 5188 τισὶν
2332 5132 2608 5199 εἰδώλοις,
2653 5133 2748 5186 καὶ
2789 5131 3082 5203 δαιμονίων
3125 5130 3379 5199 ἀγέλαις,
3420 5127 3538 5181 ἀλλ’
3587 5129 3738 5180 ἐπει-

2141 5227 2316 5298 δήπερ
2359 5227 2514 5296 ἅγιον
2548 5227 2738 5296 γέγονε
2793 5227 2925 5297 παρ’
2966 5225 3150 5288 αὐτοῖς
3196 5223 3258 5276 τὸ
3291 5223 3461 5292 ὄνομα
3504 5219 3733 5290 Κυρίου,

2142 5318 2349 5384 ἔνδοξος
2371 5319 2426 5371 δὲ
2449 5321 2477 5372 ό
2511 5319 2699 5387 ’Ἄγιος
2725 5317 2818 5371 τοῦ
2858 5317 3096 5388 Ἰσραήλ·
3122 5316 3215 5371 καὶ
3231 5316 3328 5386 οὐχ
3356 5315 3544 5386 ἕτερος
3576 5313 3676 5383 μὲν
3710 5312 3738 5361 ό

2143 5411 2367 5483 Κύριος,
2386 5411 2572 5494 ἕτερος
2592 5410 2648 5464 δὲ
2673 5410 2830 5464 πάλιν
2857 5411 2884 5462 ό
2905 5410 3097 5481 ’Ἄγιος
3127 5407 3220 5462 τοῦ
3251 5406 3489 5480 Ἰσραὴλ,
3516 5403 3633 5460 ἀλλ’
3657 5397 3735 5465 εἷς

534 5756 611 5828 (ιλ
653 5755 861 5814 Βυιιιῐικ
932 5759 1112 5827 vertit,
1164 5763 1482 5831 admiratur,
1533 5775 1785 5838 patetque
1835 5768 1920 5822 hic
1991 5783 2109 5824 esse
2152 5768 2427 5823 mendum.
