4090 6216
421 343 528 400 5'53

1519 353 1584 408 IN
1626 354 1854 409 lSAIAM
1895 353 2020 409 LIB.
2058 355 2119 410 V.
2157 355 2391 412 TOilUS
2429 355 2515 412 IV.

3509 361 3640 418 1334

393 463 484 513 καλ⁸
512 461 539 515 ὁ
570 461 731 525 αὐτὸς
755 461 1011 534 ὑπάρχων
1037 465 1238 538 Κύριός
1271 485 1330 522 τε
1359 472 1452 524 καὶ
1483 471 1655 541 ἅγιος,
1688 473 1780 526 καὶ
1823 472 1948 524 δεδο

2073 473 2174 528 illae
2209 488 2424 543 quoque
2459 473 2730 530 sustinere
2774 473 3080 539 Dominum,
3106 475 3156 529 id
3182 480 3284 538 est,
3323 471 3372 526 ei
3404 471 3640 538 servire;

388 549 670 622 ξασμένος.
690 553 882 606 ’ἰστέον
919 554 976 607 δὲ
1017 555 1098 610 ὃτι
1131 557 1282 630 νῆσοι
1316 559 1626 626 καλοῦνται,
1660 561 1752 614 καὶ
1783 562 1966 625 πόλεις

385 644 441 696 αἱ
468 642 671 713 κύκλῳ,
701 642 900 717 πολλὴν
933 646 1153 717 ἔχουσαι
1185 651 1278 703 καὶ
1313 651 1569 722 ἀοίκητον
1617 654 1872 725 ἐρημίαν.
1902 649 1965 708 El

293 727 296 730 ’
385 732 443 786 δὲ
489 733 728 802 λέγοιντο
761 736 858 788 καὶ
906 737 1068 792 αὑταὶ
1099 741 1387 811 ὑπομεῖναι
1419 744 1509 796 τὸν
1547 745 1771 816 Κύριον,
1801 764 1962 800 τουτ-

309 899 315 904 _
383 823 547 890 ἐστιν,
572 823 720 895 αὐτῷ
749 825 1053 896 δουλεῦσαι,
1085 832 1354 902 συνήσεις,
1386 834 1467 887 ὅτι
1492 835 1585 889 καὶ
1617 835 1667 889 οἱ
1700 835 1798 901 τὰς
1821 837 1959 893 ἀϐά-

383 930 526 976 τους,
553 914 648 967 καὶ
674 915 989 986 ἐξωσμένας
1016 921 1222 994 ἐρημίᾳ
1251 924 1420 997 πολλῇ
1447 926 1826 993 κατοικοῦντες
1854 929 1961 1000 χώ-

385 1018 503 1072 ρας,
539 1002 572 1074 ἥ
609 1003 793 1067 πόλεις
819 1006 1010 1078 ἥξουσι
1034 1011 1121 1066 διὰ
1160 1013 1414 1081 πίστεως,
1463 1017 1558 1070 καὶ
1601 1021 1957 1093 καρποφορή-

382 1110 533 1147 σουσι
562 1094 641 1164 τῷ
672 1097 894 1169 Χριστῷ
931 1101 1150 1173 χρυσὸν,
1193 1104 1289 1156 καὶ
1319 1105 1579 1178 ἄργυρον,
1612 1110 1705 1164 καὶ
1745 1111 1865 1182 οὐχὶ
1895 1111 1958 1184 δή

380 1201 483 1236 που
524 1185 741 1250 πάντως
778 1189 877 1258 τήν
915 1189 1067 1262 ὓλην,
1109 1192 1223 1246 ἀλλ’
1246 1189 1359 1249 οἷον
1394 1196 1462 1249 τὰ
1502 1198 1561 1252 ἐν
1593 1200 1725 1270 ήμῖν
1765 1201 1953 1272 τίμια,

381 1277 471 1330 καὶ
503 1278 568 1330 λα
577 1278 752 1348 μπρὰ,
773 1280 866 1332 καί⁸
888 1280 982 1334 τοῦ
1013 1283 1211 1348 παντὸς
1223 1285 1348 1350 ἄξια
1369 1287 1550 1357 λόγου,
1574 1290 1754 1344 πίστιν
1769 1293 1957 1362 δηλον-

377 1368 482 1430 ότι,
518 1369 616 1422 καὶ
671 1371 769 1442 τήν
804 1371 862 1439 ἐξ
893 1374 1109 1445 ἀπάσης
1148 1377 1350 1448 ἀρετῆς
1396 1379 1727 1452 φαιδρότητα
1753 1400 1766 1413 ·
1807 1383 1956 1449 ξένια

377 1459 485 1530 γὰρ
510 1459 684 1515 ταῦτα
714 1461 851 1534 Θεῷ,
893 1465 988 1518 καὶ
1036 1470 1410 1540 πνευματικῆς
1446 1471 1704 1544 λατρείας
1750 1474 1958 1530 ἀναθέ-

379 1566 525 1618 ματα
556 1550 802 1624 λαμπρὰ,
842 1555 937 1610 καὶ
960 1555 1403 1630 τεθαυμασμένα.
1431 1555 1744 1634 Γέγραπται
1774 1564 1831 1619 δὲ
1863 1568 1955 1620 καὶ

375 1641 433 1693 ἑν
473 1641 638 1715 βίϐλῳ
671 1644 918 1717 Ψαλμῶν
961 1651 1090 1719 περὶ
1133 1649 1224 1704 τοῦ
1256 1651 1473 1706 πάντων
1513 1653 1670 1725 ήμῶν
1705 1656 1956 1729 Σωτῆρος

373 1737 646 1811 Χριστοῦ,
691 1742 771 1796 ὅτι
825 1761 844 1796 ι
885 1743 1134 1810 Βασιλεῖς
1197 1745 1429 1819 Θαρσεῖς
1479 1751 1572 1803 καὶ
1629 1751 1784 1824 νῆσοι
1831 1754 1981 1826 δῶρα

2076 566 2340 635 intelliges
2387 581 2481 620 eos
2527 567 2619 635 qui
2679 566 2989 622 inaccessas
3019 574 3073 620 et
3105 579 3299 634 magna
3354 562 3644 618 solitudine

2074 655 2320 710 horridas
2376 655 2727 726 regiones‘et
2775 655 2936 710 urbes
2997 653 3326 718 inhabitant,
3384 662 3642 708 venturos

2072 759 2167 814 per
2189 745 2348 802 ﬁdem
2381 755 2435 800 et
2465 745 2891 801 fructiﬁcaturos
2939 745 3159 800 Christo
3215 758 3410 798 aurum
3454 751 3510 797 et
3557 759 3640 796 ar-

2068 845 2311 907 gentum,
2357 845 2413 892 et
2467 852 2572 891 non
2623 835 2944 906 simpliciter
2995 833 3143 888 illam
3195 831 3499 894 materiam,
3548 833 3640 886 sed

2069 927 2231 984 veluti
2257 943 2378 998 quae
2431 931 2484 982 in
2525 927 2681 984 nobis
2719 937 2844 982 sunt
2904 927 3138 998 pretiosa
3183 934 3238 980 et
3289 925 3549 990 illustria,
3588 935 3643 980 et

2065 1020 2245 1090 magni
2303 1020 2569 1086 facienda,
2593 1019 2753 1076 ﬁdem
2777 1020 2983 1076 scilicet
3003 1021 3353 1088 omniumque
3384 1017 3636 1071 virtutum

2059 1107 2427 1180 splendorem.
2471 1109 2598 1164 llaec
2651 1110 2797 1165 enim
2841 1119 2968 1164 sunt
3011 1109 3119 1163 Deo
3159 1109 3340 1172 xenia,
3381 1109 3496 1161 haec
3531 1105 3640 1175 spi-

2060 1201 2272 1257 ritualis
2309 1200 2488 1257 cultus
2535 1201 2910 1266 anathemata,
2968 1208 3023 1255 et
3065 1200 3291 1254 donaria
3328 1196 3556 1252 illustria
3586 1205 3638 1249 et

2057 1292 2395 1350 admiranda.
2425 1293 2698 1364 Scriptum
2729 1302 2811 1348 est
2843 1293 3004 1347 etiam
3038 1292 3090 1346 in
3121 1289 3258 1344 libro
3299 1287 3636 1344 Psalmorum

2058 1386 2124 1441 de
2179 1386 2418 1442 omnium
2462 1396 2706 1442 nostrum
2745 1383 3036 1440 Servatore
3087 1380 3356 1437 Christo:
3406 1398 3424 1430 ι
3469 1379 3639 1448 Reges

2061 1477 2290 1535 Tharsis
2339 1488 2394 1535 et
2443 1477 2631 1535 insulae
2670 1477 2812 1532 dona
2842 1475 3108 1530 adducent
3141 1491 3154 1528 :
3192 1487 3349 1544 reges
3396 1469 3635 1524 Arabum

2057 1582 2110 1625 et
2138 1569 2316 1626 Sabba
2367 1571 2510 1627 dona
2555 1567 2820 1634 aﬁ'erent;
2850 1575 2904 1624 et
2929 1565 3235 1622 adorabunt
3283 1578 3403 1619 eum
3447 1574 3634 1616 omnes

2059 1676 2212 1733 reges
2234 1672 2411 1728 terrae,
2445 1676 2637 1718 omnes
2658 1669 2849 1732 gentes
2879 1657 3117 1714 servient
3141 1656 3190 1712 ei
3218 1655 3260 1712 ⁸.
3289 1675 3310 1709 ι

2059 1757 2428 1830 προσάξουσι,
2480 1756 2721 1830 βασιλεῖς
2789 1754 3034 1827 Ἀράϐων
3107 1754 3200 1808 καὶ
3246 1751 3430 1805 Σαϐϐᾶ
3489 1749 3633 1819 δῶρα

377 1835 742 1906 προσοίσουσι.
793 1841 904 1895 Καὶ
953 1845 1420 1915 προσκυνήσουσιν
1461 1846 1611 1917 αὐτῷ
1658 1849 1864 1914 πάντες
1915 1852 1964 1904 οξ
2043 1853 2282 1924 βασιλεῖς
2351 1854 2453 1925 τῆς
2511 1857 2637 1926 γῆς,
2693 1855 2873 1911 πάντα
2937 1853 3006 1909 τὰ
3068 1849 3197 1920 ἐθνη
3259 1843 3635 1900 δουλεύσουσιν

373 1927 541 1998 αὐτῷ.
581 1948 599 1980 r

440 2019 550 2073 Ιιαὶ
573 2020 1079 2092 οἰκοδομήσουσιν
1113 2028 1460 2100 ἀλλογενεῖς
1495 2032 1568 2088 τὰ
1606 2037 1774 2105 τείχη
1806 2049 1944 2101 σου,

2117 2029 2281 2087 Vens.
2306 2030 2393 2086 10.
2431 2030 2500 2085 Et
2540 2030 2876 2100 wdi/icabunt
2922 2026 3227 2095 alienigena:
3274 2038 3454 2077 muros
3493 2032 3629 2089 tum,

371 2108 468 2163 καὶ
496 2113 550 2164 οἱ
570 2110 856 2178 βασιλεῖς
875 2115 1074 2170 αὐτῶν
1095 2119 1593 2188 παραστήσονται
1616 2138 1737 2178 σοι.

454 2202 720 2268 Ἐξαίσιον
770 2207 864 2260 καὶ
908 2207 1098 2276 τοῦτο,
1145 2213 1240 2266 καὶ
1290 2214 1630 2287 θεοπρεποῦς
1667 2217 1952 2288 δυνάμεως

370 2296 738 2366 ἀποτέλεσμα.
765 2296 944 2370 Τεύχη
985 2299 1083 2370 μὲν
1112 2301 1220 2374 γὰρ
1253 2305 1347 2357 καὶ
1379 2305 1654 2375 περίϐολοι
1685 2305 1954 2372 σώζοντες

369 2387 470 2456 τῆς
501 2390 827 2460 Ἐκκλησίας
857 2391 926 2444 τὰ
971 2391 1161 2457 τέκνα,
1196 2395 1437 2465 νοηθεῖεν
1474 2397 1541 2451 ἂν
1577 2398 1760 2462 πίστις
1794 2399 1949 2471 ὀρθή,

368 2479 460 2530 καὶ
495 2479 819 2550 ἀμώμητος,
851 2481 1030 2552 ἔργων
1058 2501 1116 2536 τε
1154 2485 1447 2558 φαιδρότης
1477 2487 1537 2553 ἐξ
1573 2489 1793 2560 ἁπάσης
1819 2491 1949 2560 ἀρε-

366 2570 464 2639 τῆς
489 2568 822 2638 συλλέγουσα
858 2572 1072 2635 κάλλος,
1105 2576 1360 2642 γνώσεως
1387 2576 1442 2630 δέ
1471 2577 1826 2650 δογματικῆς,
1857 2580 1951 2634 καὶ

368 2657 551 2726 μέντοι
575 2657 670 2711 καὶ
693 2655 900 2728 ἠθικῶς
924 2659 1035 2732 [ἵσ.
1051 2661 1271 2736 ἠθικῆς]
1297 2659 1407 2719 εἷεν
1433 2666 1500 2720 ἂν
1525 2669 1835 2739 εἰσηγηταὶ,
1854 2669 1950 2723 καὶ⁵

363 2748 675 2804 διδάσκαλοι
706 2749 816 2804 τῶν
854 2751 1014 2805 θείων
1048 2756 1418 2826 κηρυγμάτων
1451 2759 1724 2832 ἱερουργοὶ
1750 2763 1950 2828 πάντες

363 2841 480 2894 ὅσοι
504 2841 672 2912 ψήφῳ
703 2841 824 2914 θείᾳ
861 2843 1149 2898 καλοῦνται
1196 2848 1331 2918 πρὸς
1369 2849 1548 2905 τοῦτο.
1587 2853 1698 2906 Καὶ
1727 2855 1948 2926 ἀπαρχὴ

367 2931 466 3001 μὲν
497 2931 702 2986 τούτων
731 2931 839 2985 τῶν
882 2935 1046 3004 ἱερῶν
1077 2939 1447 3008 κηρυγμάτων
1485 2944 1775 3012 γεγόνασιν
1816 2947 1948 3017 ἡμῖν

363 3025 412 3076 οἱ
440 3021 720 3076 θεσπέσιοι
763 3023 1040 3095 μαθηταὶ,
1071 3026 1315 3084 πλεῖστοι
1355 3030 1412 3084 δὲ
1445 3033 1564 3102 μετ’
1594 3035 1859 3103 ἐκείνους,
1899 3038 1947 3090 οί

365 3116 455 3169 τὸν
484 3116 614 3187 παρ’
644 3115 826 3169 αὐτῶν
873 3118 1284 3188 ίχνηλατοῦντες
1314 3122 1492 3192 λόγον,
1531 3126 1632 3179 οὐκ
1661 3129 1725 3180 ἐκ
1769 3127 1948 3198 μόνων

376 3207 663 3270 Ἰουδαίων,
693 3207 827 3261 ἀλλὰ
868 3209 980 3280 γὰρ
1021 3212 1116 3265 καὶ
1157 3211 1221 3266 ἐκ
1261 3215 1555 3284 ταγμάτων
1594 3216 1942 3290 Ἑλληνικῶν,

363 3300 414 3352 οἳ
447 3301 539 3354 καὶ
571 3303 670 3371 τῆς
705 3301 764 3355 ἐν
791 3300 982 3373 κόσμῳ
1010 3303 1202 3374 σοφίας
1227 3306 1285 3359 ἐν
1326 3295 1480 3378 καλῷ
1503 3309 1812 3377 γεγονότες,
1849 3312 1944 3366 καὶ

2053 2136 2102 2181 et
2143 2140 2286 2194 reges
2329 2141 2510 2179 eorum
2541 2125 2787 2180 assistent
2831 2120 2948 2177 tibi.

2125 2217 2398 2272 Eximium
2424 2215 2675 2286 quodque
2697 2217 2822 2279 hoc,
2851 2222 2907 2269 et
2930 2209 3127 2267 divinae
3151 2207 3408 2276 potentiae
3438 2215 3521 2260 est
3546 2203 3628 2260 fa—

2052 2308 2231 2364 cinus.
2265 2306 2400 2361 Muri
2429 2305 2575 2361 enim
2600 2315 2656 2360 et
2682 2303 3018 2359 munimenta
3044 2314 3166 2370 quae
3199 2297 3462 2353 Ecclesiae
3493 2296 3629 2350 libe-

2053 2414 2145 2453 ros
2189 2404 2435 2463 servant,
2489 2394 2710 2465 intelligi
2746 2386 2911 2465 847
2965 2397 3211 2460 poSsunt,
3239 2388 3372 2443 ﬁdes
3397 2400 3541 2442 recta
3577 2396 3632 2441 ct

2052 2487 2573 2560 irreprehensibilis,
2618 2495 2674 2540 et
2707 2496 2934 2555 operum
2984 2480 3240 2551 splendor
3269 2481 3418 2534 omni
3460 2480 3630 2533 virtu-

2051 2586 2165 2632 tum
2205 2577 2609 2648 pulchritudine
2673 2576 2984 2631 decoratus.
3033 2571 3401 2642 Praeceptores
3449 2580 3626 2624 autem

2050 2669 2373 2739 cognitionis
2419 2667 2736 2740 dogmaticze
2803 2674 2859 2721 et
2888 2662 3132 2730 moralis,
3171 2663 3414 2734 adeoque
3447 2662 3630 2718 docto-

2049 2775 2138 2816 res
2185 2758 2493 2814 divinorum
2541 2756 2938 2829 praeconiorum
2961 2769 3083 2811 esse
3107 2766 3356 2824 possunt,
3391 2753 3632 2809 ministri

2049 2867 2239 2906 omnes
2281 2852 2592 2922 quicunque
2645 2849 2828 2904 divino
2859 2848 3070 2904 calculo
3101 2847 3168 2902 ad
3203 2846 3306 2902 hoc
3342 2856 3624 2902 vocantur.

2052 2943 2118 2997 Et
2151 2941 2405 3013 primitia:
2431 2942 2650 3011 quidem
2686 2941 2848 3010 hujus
2879 2954 3050 2996 sacra:
3077 2937 3490 3008 pradicationis
3527 2951 3626 2991 ex-

2051 3035 2305 3090 Slilerllnl
2347 3034 2500 3088 nobis
2537 3031 2705 3088 divini
2741 3031 3011 3098 discipuli,
3055 3039 3112 3088 et
3155 3028 3464 3098 complures
3507 3037 3628 3098 post

2051 3125 2190 3189 illos,
2213 3124 2304 3194 qui
2342 3125 2394 3178 in
2432 3121 3059 3193 sermone.pracdicando
3083 3120 3257 3176 secuti
3285 3128 3410 3174 sunt
3438 3131 3623 3172 eorum

2051 3216 2297 3284 vestigia,
2328 3230 2432 3270 non
2469 3214 2641 3270 solum
2667 3229 2734 3269 ex
2771 3211 2995 3276 Judaeis,
3025 3214 3119 3266 sed
3148 3220 3202 3266 et
3224 3225 3290 3265 ex
3314 3209 3624 3265 Graecorum

2047 3305 2349 3370 ordinibus,
2395 3303 2786 3375 qui,seculari
2834 3303 3085 3358 instructi
3126 3303 3415 3371 sapientia,
3459 3310 3512 3356 et
3546 3301 3628 3355 di-

363 3369 684 3460 εὐγλωττεῖν
729 3369 928 3456 είδότες
953 3369 1189 3464 ⁷ἄριστοι
1220 3369 1477 3464 γεγόνασί
1514 3369 1816 3455 ’παιδευταί
1855 3401 1944 3456 τὸν

2050 3396 2203 3450 ceudi
2237 3369 2506 3460 facultate
2543 3395 2776 3466 praediti,
2823 3395 3011 3466 Optimi
3064 3369 3400 3450 institutores
3433 3406 3625 3448 evase-

365 3483 462 3552 μὲν
485 3482 677 3554 ἀκλινῆ
703 3484 798 3554 τῆς
829 3482 1066 3548 πίστεως
1091 3485 1246 3553 λόγον
1279 3485 1685 3558 οἰκοδομοῦντες
1716 3491 1945 3554 ἀστείως

362 3574 420 3626 ἐν
465 3576 585 3637 ταῖς
629 3572 739 3628 τῶν
791 3574 1296 3646 μυσταγωγούντων
1340 3576 1560 3648 ψυχαῖς,
1613 3580 1847 3644 ἐνιέντες
1887 3580 1942 3633 δὲ

360 3662 546 3725 αὐτοῖς
577 3662 854 3728 πολιτείας
885 3663 983 3735 τὴν
1014 3665 1340 3732 άξιάγαστον
1376 3668 1694 3739 συνείδησιν.
1733 3669 1942 3724 Οὐκοῦν

358 3751 668 3821 ἀλλογενεῖς
717 3753 838 3825 μὲν,
890 3756 971 3808 ὅτι
1026 3755 1100 3826 μὴ
1153 3757 1211 3822 ἐξ
1255 3758 1486 3828 αἵματος
1541 3760 1755 3833 Ἰσραὴλ
1802 3765 1943 3817 κατὰ

362 3843 562 3914 σάρκα,
582 3843 720 3915 πλὴν
751 3844 1134 3915 ἀρχιτέκτονες
1165 3848 1338 3917 σοφοὶ,
1376 3850 1517 3904 κατὰ
1543 3851 1633 3905 τὸν
1657 3852 1941 3910 θεσπέσιον

362 3933 590 4000 Παῦλον,
621 3936 715 3988 καὶ
734 3930 792 3988 εὖ
822 3935 1020 4000 εἰδότες
1041 3937 1323 4008 θεμελιοῦν
1343 3941 1399 3994 ἐν
1423 3942 1553 4012 ήμῖν
1574 3943 1665 3997 τὸν
1684 3941 1728 3996 Χ
1737 3933 1938 4016 ριστὸν,

357 4021 446 4078 διὰ
474 4025 709 4090 πίστεως
749 4025 808 4080 δὲ
851 4027 1126 4092 δηλονότι,
1173 4029 1268 4083 καὶ
1316 4031 1653 4103 εἰσηγήσεως
1698 4035 1936 4103 ἀγαθῶν.

359 4116 550 4183 Τοῦτο,
594 4113 770 4190 οἶμαι,
818 4118 936 4172 ἐστὶ
977 4118 1059 4182 τὸ,
1086 4139 1104 4171 ι
1131 4121 1587 4193 υίκοδομήσουσιν
1633 4125 1940 4196 άλλογενεῖς

357 4209 426 4262 τὰ
461 4211 616 4282 τείχη
651 4227 764 4274 σου,
791 4209 886 4263 xal
925 4212 973 4264 οί
1004 4210 1245 4281 βασιλεῖς
1280 4213 1457 4267 αὐτῶν
1499 4220 1938 4288 παραστήσονταί

359 4317 461 4353 σοι.
489 4321 509 4352 ι
533 4302 707 4355 Τίνων
734 4301 791 4355 δὲ
820 4303 867 4354 oi
902 4301 1141 4373 βασιλεῖς
1163 4320 1180 4371 ;
1200 4299 1276 4357 Ἦ
1309 4303 1550 4375 δηλονότι
1584 4307 1692 4361 τῶν
1717 4308 1938 4378 ἀλλογε-

360 4389 487 4444 νῶν.
519 4391 766 4457 Βασιλεῖς
806 4392 864 4447 δέ
910 4411 1076 4465 φησιν
1109 4395 1167 4448 ἐν
1193 4395 1424 4459 τούτοις,
1455 4396 1488 4468 ἢ
1525 4399 1650 4459 τοὺς
1674 4399 1940 4470 ἄρχοντας

361 4481 455 4534 καί
488 4484 822 4553 ἡγουμένους
851 4485 1018 4551 λαῶν,
1045 4487 1095 4540 οἳ
1132 4491 1507 4560 παρεστήκασι
1537 4492 1602 4561 τῇ
1644 4491 1939 4564 Ἐκκλησία

361 4571 620 4642 Χριστοῦ,
650 4573 1072 4647 δορυφοροῦντες
1101 4579 1292 4650 ὥσπερ
1330 4580 1520 4652 αὐτὴν,
1563 4583 1658 4637 καὶ
1681 4585 1938 4637 συνασπί-

361 4663 546 4771 favis;
576 4667 690 4771 τοῖς
723 4665 893 4738 αὐτῆς
925 4668 1154 4734 τέκνοις,
1197 4672 1290 4725 καὶ
1328 4663 1723 4738 ἀποσοϐοῦντες
1753 4676 1935 4731 πᾶσαν
1966 4715 2011 4771 D

359 4753 546 4825 ἔφοδον
575 4755 786 4828 ἐχθρῶν
812 4759 1024 4830 ὁραττῶν
1058 4777 1118 4812 τε
1154 4763 1246 4814 καὶ
1277 4765 1597 4841 (hepatia/ﬁ}
1632 4769 1773 4823 κατὰ
1803 4769 1934 4842 ἀλή-

359 4846 510 4902 θειαν
533 4851 661 4913 τοὺς
685 4851 806 4914 ταῖς
825 4843 1087 4905 άνωτάτω
1109 4855 1297 4922 τιμαῖς
1317 4855 1814 4931 ἐστεφανωμένους,
1843 4863 1937 4917 καὶ

357 4936 418 4992 τὸ
441 4939 539 5011 τῆς
571 4939 847 5011 βασιλείας
884 4940 1104 5012 ἔχοντας
1137 4944 1433 5016 σκῆπτρον,
1466 4949 1514 5001 οἳ
1543 4951 1633 5003 καὶ
1658 4953 1938 5024 παρέστη-

358 5049 459 5085 σαν
491 5036 557 5105 τῇ
600 5033 915 5106 Ἐκκλησία.
953 5035 1017 5088 Ἠ
1045 5034 1101 5088 δὲ
1124 5035 1468 5105 παράστασις
1499 5041 1554 5092 ὲν
1599 5041 1808 5107 τούτοις
1847 5061 1941 5116 ση-

361 5123 541 5192 μαίνει
569 5122 668 5196 τὴν
719 5125 986 5195 ὑπακοήν.
1031 5125 1256 5180 Εῖκουσι
1301 5127 1410 5198 γὰρ
1454 5131 1564 5194 τοῖς
1609 5129 1793 5198 θείοις,
1843 5135 1937 5188 καὶ

360 5216 525 5285 ἱεροῖς
557 5215 910 5287 θεσπίσμασι,
959 5219 1052 5271 καὶ
1081 5217 1142 5272 τὸ
1171 5218 1270 5288 τῆς
1306 5219 1630 5291 Ἐκκλησίας
1671 5225 1934 5296 κήρυγμα

361 5305 558 5368 παντὸς
580 5305 788 5370 ἀξιοῦσι
816 5301 996 5376 λόγου.

426 5397 529 5450 Διὰ
554 5395 664 5466 γὰρ
699 5395 886 5466 ὀργὴν
909 5397 1178 5463 ἐπάταξὰ
1200 5413 1296 5465 σε,
1333 5401 1432 5454 καὶ
1463 5400 1538 5454 δι’
1569 5401 1748 5458 ἔλεον
1782 5403 1928 5476 ἡγιά-

2050 3497 2196 3551 runt,
2229 3487 2442 3539 ﬁrmum
2484 3499 2790 3540 sermonem
2836 3485 2956 3539 ﬁdei
2991 3484 3323 3539 aediﬁcantes
3350 3483 3626 3553 eleganter

2047 3576 2100 3630 in
2152 3573 2350 3630 animis
2393 3574 2756 3640 initiatorum,
2801 3582 2856 3629 et
2899 3574 3201 3630 inserentes
3239 3576 3291 3630 in
3340 3575 3445 3628 illis
3488 3576 3626 3629 bene

2045 3667 2258 3721 vivendi
2287 3665 2656 3721 admirabilem
2691 3665 3104 3722 conscientiam.
3142 3666 3481 3737 Alienigena:
3521 3668 3623 3736 igi-

2046 3766 2134 3812 tur
2161 3746 2401 3826 fuerunt,
2425 3758 2551 3827 qnia
2583 3773 2690 3814 non
2717 3766 2873 3813 erant
2894 3773 2960 3813 ex
2986 3757 3250 3829 sanguine
3273 3758 3456 3823 Israel,
3482 3763 3621 3828 quod

2045 3848 2112 3903 ad
2144 3863 2364 3903 carnem
2395 3847 2618 3914 attinet;
2664 3846 2949 3903 architecti
2999 3856 3179 3904 tamen
3226 3849 3525 3920 sapientes,
3568 3858 3624 3902 ut

2043 3939 2257 3995 divinus
2302 3937 2503 3994 Paulus
2555 3939 2820 4009 loquitur,
2877 3939 3081 4009 quique
3129 3951 3278 3995 recte
3325 3950 3520 3995 norant
3567 3941 3620 3994 in
3673 3957 3677 3960 '

2041 4030 2198 4085 nobis
2243 4029 2518 4085 Christum
2562 4030 2791 4085 fundare
2813 4031 2857 4098 ',
2904 4044 3004 4101 per
3059 4029 3217 4084 ﬁdem
3259 4029 3529 4095 videlicet,
3571 4040 3622 4084 et

2044 4134 2223 4173 rerum
2284 4118 2548 4174 bonarum
2605 4118 3026 4175 institutionem.
3092 4117 3225 4186 Hoc,
3253 4119 3464 4189 Opinor,
3498 4129 3618 4173 est:

2048 4200 2448 4265 iIEdiiicabunt
2470 4208 2786 4281 alienigenas
2810 4225 2994 4264 muros
3017 4221 3158 4278 tuos,
3179 4219 3233 4265 et
3262 4224 3412 4280 reges
3435 4224 3619 4264 eorum

2040 4301 2301 4356 assistent
2326 4299 2444 4354 tibi.
2477 4317 2497 4350 ι
2533 4299 2773 4367 Quorum
2817 4299 3012 4370 reges?
3045 4299 3312 4355 Nimirum
3355 4299 3620 4369 alienige-

2040 4408 2254 4448 narum.
2299 4392 2366 4448 Et
2407 4407 2565 4463 reges
2618 4393 2708 4449 hic
2747 4392 2899 4456 dicit,
2943 4391 3028 4448 vel
3069 4391 3341 4461 principes
3374 4401 3430 4446 et
3455 4390 3621 4445 duces

2041 4484 2387 4554 populorum,
2419 4485 2507 4554 qui
2535 4485 2804 4539 assistunt
2848 4483 3104 4540 Ecclesiae
3143 4483 3370 4548 Christi,
3411 4481 3618 4536 saleni-

2044 4575 2118 4630 tio
2156 4575 2464 4631 munientes
2511 4575 2656 4631 velut
2690 4591 2832 4643 eam;
2876 4584 2932 4630 et
2979 4575 3183 4630 liberos
3212 4572 3330 4643 ejus
3360 4583 3617 4644 tanquam

2041 4675 2195 4722 scuto
2245 4675 2611 4736 protegentes,
2673 4682 2736 4722 ac
2785 4682 3000 4722 omnem
3060 4666 3300 4722 hostium
3362 4666 3618 4738 impetum

2040 4756 2420 4827 propellentes,
2473 4768 2584 4812 tam
2638 4757 2729 4827 qui
2777 4757 3135 4828 aspectabiles
3181 4768 3497 4827 suntquam
3527 4756 3618 4826 qui

2042 4849 2495 4920 inaspectahiles;
2553 4859 2648 4904 aut
2685 4859 2856 4914 certe,
2885 4853 3111 4906 summis
3140 4863 3364 4908 ornatos
3393 4851 3615 4905 honori-

2041 4941 2166 5006 bus,
2197 4951 2252 4997 et
2275 4943 2481 5012 regium
2509 4952 2780 5011 sceptrum
2809 4941 3091 5005 habentes,
3119 4941 3212 5010 qui
3241 4941 3403 4995 etiam
3439 4939 3620 4995 Eccle-

2047 5031 2141 5086 siae
2201 5033 2484 5088 assistunt.
2541 5033 2867 5090 Assistentia
2923 5032 3025 5085 hoc
3071 5030 3125 5084 in
3177 5032 3298 5086 loco
3350 5030 3618 5102 signiﬁcat

2041 5123 2429 5178 obedientiam.
2479 5123 2692 5180 Cedunt
2731 5125 2874 5180 enim
2910 5124 3111 5180 divinis
3161 5130 3216 5178 et
3255 5122 3619 5178 sacrosanctis

2040 5213 2334 5280 vaticiniis,
2372 5223 2536 5286 atque
2571 5215 3011 5286 pradicationem
3044 5213 3300 5270 Ecclesia:
3327 5227 3541 5267 summo
3562 5212 3614 5266 in

2038 5310 2209 5379 pretio
2244 5313 2463 5372 habent.

2109 5399 2273 5460 Vens.
2335 5406 2423 5473 ll,
2455 5407 2542 5462 12.
2581 5407 2789 5462 Etenim
2835 5416 3050 5477 propter
3095 5407 3232 5460 iram
3280 5405 3512 5474 percussi
3542 5415 3614 5468 te,

369 5485 525 5552 mod
571 5501 663 5540 σε.
693 5487 803 5541 Καὶ
845 5486 1312 5556 ἀνοιχθήσονται
1346 5492 1408 5544 al
1450 5490 1636 5545 πύλαι
1674 5507 1790 5546 σου
1837 5491 1933 5547 διὰ

2050 5499 2084 5543 ιι
2137 5503 2350 5562 prapter
2401 5497 2821 5552 misericordiam
2875 5495 3038 5550 dilexi
3077 5505 3146 5550 te.
3199 5494 3268 5548 Et
3315 5495 3615 5564 aperientur

354 5574 609 5640 παντὸς,
665 5576 891 5644 ἡμέρας
937 5575 1036 5628 καὶ
1085 5575 1338 5643 νυκτὸς,
1386 5578 1482 5631 καὶ
1527 5580 1601 5632 οὐ
1647 5584 1926 5651 curiatu-

432 5751 449 5779 ⁸
484 5750 622 5807 l‘sal.
655 5765 800 5817 Lm,
835 5748 1010 5823 10,“.
1087 5753 1108 5783 ⁸
1143 5750 1350 5807 Coloss.
1391 5767 1426 5818 ι,
1457 5752 1546 5808 25.

2033 5594 2197 5651 porta:
2220 5595 2323 5641 tua:
2344 5604 2564 5658 semper,
2607 5589 2690 5644 die
2712 5599 2758 5643 et
2793 5597 2958 5654 nocte,
2986 5598 3032 5643 et
3068 5604 3168 5643 nou
3201 5585 3528 5648 claudentur,
3556 5594 3610 5636 ut
