4090 6216
532 295 670 358 1655

1515 293 1568 349 S.
1617 292 1890 351 CYRILLI
1937 291 2408 349 ALISXANDlil-Nl
2451 288 2774 348 ARCHlEP.

2619 197 2656 233 0

3639 278 3773 338 1536

529 410 864 464 introducunt
888 410 956 462 ad
980 419 1030 465 lc
1063 413 1344 477 potentiam
1369 415 1622 482 gentium,
1658 422 1706 465 et
1737 429 1876 482 rcges
1923 412 2085 464 addu-

2196 410 2531 478 σθήσονται
2549 404 2890 477 εἰσαγαγεῖν
2909 402 3059 472 πρὸς
3079 400 3154 456 σὲ
3171 400 3423 469 δύναμιν
3441 399 3652 466 ἐθνῶν,
3676 401 3777 454 καί

528 507 727 552 rentur.
762 495 944 552 Gentes
975 499 1111 552 enim
1144 511 1190 554 et
1235 517 1376 570 reges
1419 502 1506 572 qui
1561 517 1662 556 non
1714 502 1929 556 servient
1978 501 2095 567 tibi,

525 588 790 654 peribunt,
821 599 870 646 et
901 600 1074 659 gentes
1114 591 1481 648 vastabantur.

601 767 863 834 Quoniam
915 770 1092 836 enim,
1139 771 1344 843 inquit,
1397 773 1732 843 deprehensa
1760 788 1852 837 es,
1908 788 2098 842 quam-

531 858 777 932 plurimis
816 870 870 916 et
923 861 1353 918 intolerabilibus
1402 863 1675 933 implicata
1710 864 1877 930 vitiis,
1909 879 2094 932 parem

532 962 746 1016 poenam
777 950 1098 1008 sustinuisti.
1127 949 1254 1005 Erat
1287 954 1429 1007 enim
1461 967 1682 1011 necesse
1707 961 1784 1020 ut,
1820 969 1941 1007 cum
1972 953 2098 1008 talis

530 1037 624 1101 sis,
663 1037 798 1091 iram
847 1038 986 1095 hanc
1019 1052 1073 1095 et
1111 1041 1430 1111 supplicium
1479 1045 1796 1100 sustineres.
1829 1043 2094 1114 Quoniam

529 1137 707 1179 autem
749 1127 844 1182 tibi
893 1145 1077 1185 rursus
1129 1131 1502 1186 misericordia
1554 1131 1912 1200 impartienda
1949 1143 2088 1199 erat,

531 1227 715 1287 utpote
741 1233 770 1272 a
803 1220 944 1275 bono
967 1233 1022 1276 et
1055 1223 1405 1280 misericorde
1446 1223 1670 1280 Domino
1714 1239 1777 1280 ac
1816 1224 1950 1290 Deo,
1991 1224 2096 1278 im-

528 1311 720 1376 partita
760 1322 862 1377 est,
894 1321 948 1367 et
972 1313 1232 1383 expellam
1272 1331 1490 1372 omnem
1526 1318 1685 1371 iram.
1728 1316 1867 1384 Quid
1921 1316 2090 1386 igitur

528 1401 769 1456 futurum
823 1402 992 1482 848
1034 1407 1156 1460 est?
1197 1407 1328 1477 quid
1377 1408 1612 1475 dabitur,
1658 1417 1943 1479 postquam
2009 1420 2097 1460 res

525 1505 733 1568 asperae
789 1497 1158 1554 cessaverint?
1222 1515 1243 1548 ι
1281 1500 1622 1568 Aperientur,
1690 1499 1886 1569 inquit,
1927 1505 2096 1567 portae

526 1597 630 1640 tuze
671 1601 904 1656 semper,
941 1588 1173 1645 interdiu
1204 1601 1258 1645 et
1285 1600 1468 1655 noctu,
1499 1606 1671 1662 neque
1697 1593 2036 1645 claudentur.
2071 1608 2089 1640 ι

524 1675 752 1734 Videtur
789 1679 874 1733 his
917 1679 1099 1735 verbis
1151 1694 1338 1750 pacem
1387 1680 1624 1749 polliceri
1670 1679 1795 1745 illis,
1845 1688 1900 1734 et
1948 1688 2095 1733 tran-

2194 504 2475 571 ,βασιλεῖς
2498 502 2847 572 ἀγομένους.
2867 495 2943 550 Τὰ
2958 494 3067 566 γὰρ
3095 493 3259 560 ἔθνη.
3288 492 3386 546 καί
3413 493 3468 546 oi
3495 491 3778 558 ,ϐασιλεῖς

2198 596 2415 662 οἵτινες
2445 595 2517 649 οὐ
2545 587 2957 647 δουλεύσουσι
2991 600 3111 650 σοι,
3141 583 3534 647 ἀπολοῦνται,
3571 584 3669 636 καὶ
3707 583 3776 636 τὰ

2199 683 2342 751 ἕθνη
2369 682 2874 752 ἑρημωθήσονται.

2284 773 2498 844 Ἐπειδὴ
2533 773 2662 843 γὰρ,
2699 771 2853 841 φησί,
2887 767 3158 831 πλείστοις
3179 782 3237 818 τε
3267 767 3413 829 ὅσοις
3444 766 3536 818 καὶ
3569 766 3775 836 ἀφορήο

2198 883 2306 929 τοις
2350 863 2816 936 πλημμελήμασιν
2857 857 3089 931 εὑρέθης
3126 857 3309 927 ἔνοχος
3341 855 3441 928 τὴν
3485 856 3774 928 ίσόρῤοπον

2201 957 2623 1027 ὑπομεμένηκας
2655 954 2829 1024 δίκην.
2852 947 2962 1006 Ἦν
3005 951 3114 1022 γάρ
3144 950 3356 1020 ἀνάγκη
3391 948 3650 1018 τοιαύτην
3687 945 3773 1002 οὗ·

2203 1067 2300 1102 σαν
2349 1049 2638 1118 ὑπομεῖναι
2684 1047 2751 1100 τὰ
2789 1043 2849 1110 ἐξ
2888 1045 3077 1117 ὀργῆς.
3115 1041 3332 1114 Ἐπειδὴ
3372 1040 3432 1094 δέ
3479 1058 3562 1094 σοι
3612 1041 3773 1094 πάλιν

2199 1142 2365 1215 ἐχρῆν
2398 1141 2473 1203 ὠς
2514 1140 2574 1204 ἐξ
2613 1137 2817 1207 ἀγαθοῦ
2846 1155 2906 1191 τε
2945 1137 3040 1190 καὶ
3083 1134 3518 1206 φιλοικτίρμονος
3565 1133 3770 1204 Κυρίου

2199 1235 2291 1291 καὶ
2312 1233 2448 1287 Θεοῦ
2475 1231 2693 1301 δοθῆναι
2724 1229 2815 1283 τὸν
2835 1228 3002 1291 ἔλεον,
3030 1225 3259 1289 δέδοται,
3291 1223 3388 1277 xal.
3413 1222 3588 1288 διώξω
3616 1224 3685 1278 τά
3714 1224 3771 1287 ἐξ

2197 1324 2387 1394 ὀργῆς.
2420 1322 2484 1376 Τί
2514 1317 2607 1375 οὑν
2638 1318 2890 1389 ὑπάρξει,
2925 1318 2977 1372 τί
3005 1317 3062 1370 δὲ
3089 1315 3373 1386 δοθήσεται
3406 1313 3770 1367 πεπαυμένων

2196 1415 2304 1468 τῶν
2373 1410 2748 1485 σκυθρωπῶν;
2819 1429 2838 1462 ι
2901 1407 3391 1479 ’Δνεωχθήσονται,
3464 1405 3630 1475 φησὶν
3656 1447 3670 1470 ,
3715 1407 3768 1457 ui

2200 1504 2363 1558 πύλαι
2401 1521 2494 1558 σου
2533 1501 2624 1557 διὰ
2667 1501 2898 1564 παντὸς,
2930 1500 3142 1572 ἡμέρας
3178 1499 3272 1552 καὶ
3307 1496 3518 1560 νυκτὸς,
3571 1495 3667 1549 καὶ
3707 1496 3766 1548 οὑ

2199 1593 2732 1664 συγκλεισθήσονται.
2758 1610 2777 1643 ι
2815 1592 3033 1645 Ἔοικεν
3067 1591 3125 1641 tv
3154 1587 3364 1650 τούτοις
3405 1587 3632 1657 εἰρήνην
3673 1587 3768 1638 αὑο

2159 1704 2161 1706 ·
2195 1688 2306 1749 τοῖς
2342 1684 2742 1755 ὑπισχνεῖσθαι,
2775 1683 2870 1736 καὶ
2907 1681 3008 1752 τὴν
3054 1679 3301 1735 ἐντεῦθεν
3335 1677 3537 1731 εὐδίαν.
3569 1677 3636 1729 Δί
3673 1676 3768 1746 μὲν

522 1767 841 1834 quillitatem
881 1784 1000 1839 quae
1038 1771 1159 1826 inde
1191 1771 1462 1841 provenit.
1513 1771 1649 1826 Nam
1682 1772 1932 1828 civitates
1969 1786 2085 1842 quae

2195 1776 2304 1849 γὰρ
2333 1779 2391 1830 tv
2421 1775 2630 1847 ὑποψίᾳ
2662 1773 2936 1844 πολεμίων
2968 1771 3204 1844 ἐμϐολῆς
3241 1766 3397 1824 οὖσαι
3430 1769 3638 1832 πόλεις.
3670 1769 3768 1822 οὑκ

524 1859 757 1936 hostium
813 1861 1226 1931 impressionem
1283 1863 1516 1934 aliquam
1561 1863 1678 1920 fore
1707 1865 2086 1934 suspicantur,

521 1966 628 2006 non
654 1966 872 2025 semper
899 1965 1114 2023 apertas
1141 1955 1338 2012 habent
1363 1965 1569 2028 portas,
1599 1959 1700 2013 nisi
1729 1973 1850 2013 cum
1879 1967 2090 2028 tempus

518 2042 592 2093 ita
631 2039 737 2095 fert
763 2050 819 2096 et
845 2043 1158 2109 necessitas,
1194 2043 1356 2113 idque
1382 2045 1468 2099 vix
1501 2045 1730 2099 interdiu
1763 2047 1883 2102 sine
1912 2057 2080 2101 metu.

515 2132 585 2185 At
613 2147 734 2203 qua:
765 2147 831 2189 eo
862 2135 1058 2190 timore
1108 2134 1348 2191 liberatae
1395 2146 1544 2202 sunt,
1590 2151 1689 2192 nec
1735 2152 1992 2206 passuras
2029 2152 2089 2191 se

522 2223 626 2277 tale
655 2225 948 2298 quidquam
981 2235 1319 2297 exspectant,
1355 2227 1477 2284 illas
1507 2228 1756 2299 aperiunt
1789 2229 2090 2297 ingredien-

519 2315 682 2380 tibus,
719 2317 882 2386 idque
913 2318 1076 2374 etiam
1107 2320 1324 2391 quidam
1357 2330 1519 2377 noctu
1568 2319 1791 2377 faciunt.
1842 2322 1900 2376 Si
1924 2321 2089 2392 igitur

516 2422 704 2474 pacem
737 2409 843 2465 illis
871 2411 1138 2480 promittit
1173 2412 1314 2469 Deus
1335 2423 1390 2469 et
1418 2413 1805 2483 amplissimam
1850 2414 2085 2470 felicita-

517 2511 649 2566 tem,
678 2510 827 2554 certe
859 2503 1148 2559 continuus
1177 2505 1286 2560 erit
1317 2505 1725 2561 adventantium
1761 2520 2082 2572 concursus,

513 2601 568 2643 et
600 2591 761 2645 veluti
792 2601 1083 2661 perpetuus
1119 2594 1396 2664 ingressus
1426 2608 1639 2660 eorum,
1678 2597 1768 2662 qui
1802 2598 2088 2651 trahuntur

515 2681 910 2756 quodammodo
949 2696 1046 2751 per
1093 2683 1250 2739 iidem
1279 2683 1346 2739 ad
1379 2683 1708 2754 agnitionem
1744 2685 1969 2752 Christi,
2013 2688 2083 2741 ita

515 2782 574 2824 ut
606 2772 886 2847 patefacta:
908 2782 1076 2844 porta:
1100 2787 1224 2829 esse
1253 2773 1558 2840 videantur,
1579 2783 1633 2828 et
1653 2773 1855 2828 nullum
1874 2783 2084 2845 tempus

513 2878 651 2930 esse,
674 2879 781 2934 quo
806 2878 900 2920 eas
929 2864 1102 2919 claudi
1132 2875 1401 2936 oporteat,
1431 2882 1536 2922 non
1565 2866 1650 2922 bis
1681 2867 1851 2922 solum
1867 2868 2081 2937 quidem

511 2953 756 3008 demissa:
773 2962 825 3008 et
843 2953 1062 3010 humilis
1077 2954 1305 3010 fortuna
1322 2965 1469 3022 sunt,
1488 2965 1541 3011 et
1557 2957 1685 3031 jugo
1703 2958 1848 3026 regni
1869 2968 2079 3028 parent,

512 3047 606 3098 scd
639 3045 742 3100 illis
765 3046 860 3124 qui
892 3047 944 3102 in
967 3062 1156 3104 omnes
1183 3047 1703 3118 babentimperium.
1742 3048 1890 3103 Licet
1905 3059 2082 3105 autem

512 3151 577 3200 ex
608 3137 769 3193 rebus
811 3140 942 3212 ipsis
973 3139 1269 3210 prophetia
1306 3139 1464 3208 hujus
1492 3141 1748 3196 virtutem
1784 3141 2081 3195 etiamnum

511 3229 714 3284 videre.
767 3229 982 3298 Accipit
1035 3232 1180 3284 enim
1227 3231 1470 3286 Ecclesia
1518 3233 1666 3284 omni
1710 3243 1951 3301 tempore
1986 3247 2082 3286 vo-

514 3319 685 3370 lentes
719 3318 965 3383 credere,
1007 3319 1206 3373 nemini
1261 3333 1485 3387 prorsus
1514 3321 1752 3375 occludit
1791 3321 1897 3377 huc
1926 3321 2080 3377 festi-

513 3407 689 3472 nanti,
721 3408 816 3462 sed
849 3407 1078 3464 liberum
1111 3425 1175 3465 ac
1213 3411 1417 3465 licitum
1454 3420 1538 3466 est
1562 3411 1869 3468 volentibus
1902 3414 2080 3483 quoli-

511 3499 601 3552 bet
627 3509 888 3569 tempore,
932 3500 1080 3556 nullo
1129 3503 1476 3574 impediente,
1519 3504 1586 3559 ad
1623 3503 1798 3560 lucem
1837 3505 2082 3562 veritatis

511 3590 728 3647 adduci.
766 3592 1000 3647 Adduclt
1039 3605 1216 3650 autem
1266 3610 1456 3651 omnes
1499 3595 1644 3652 Deus
1687 3606 1740 3651 et
1786 3596 1971 3664 Pater,
2011 3599 2080 3655 ad

509 3684 836 3752 agnitionem
886 3683 1029 3752 Filii,
1073 3702 1168 3756 per
1190 3702 1372 3758 quem,
1399 3688 1526 3744 etin
1557 3703 1686 3760 quo,
1723 3698 1778 3746 et
1815 3707 1938 3747 cum
1973 3708 2080 3762 quo

508 3775 862 3850 gloriﬁcatur.
903 3777 1080 3848 Atque
1125 3779 1227 3834 hoc
1271 3778 1382 3850 ipse
1415 3781 1572 3835 nobis
1605 3781 1956 3851 significavit,
1997 3783 2079 3837 di-

509 3882 682 3922 cens:
720 3868 932 3924 «Nemo
1011 3881 1191 3940 potest
1256 3873 1442 3926 venire
1501 3873 1567 3927 ad
1597 3890 1704 3943 me,
1758 3875 1859 3928 nisi
1917 3875 2079 3930 Pater

511 3974 661 4020 meus
683 3961 774 4031 qui
807 3961 952 4017 misit
995 3977 1081 4023 me
1130 3965 1359 4024 traxerit
1391 3981 1516 4020 cum
1549 3965 1590 4020 ⁸.
1621 3985 1640 4020 ι
1681 3967 1936 4022 Gentium
1977 3983 2075 4036 po-

509 4053 728 4107 tentiam
779 4053 1140 4110 inducendam
1177 4056 1330 4123 dicit,
1377 4066 1435 4112 ut
1473 4071 1540 4112 ne
1570 4058 1714 4114 solos
1750 4073 1845 4114 eos
1876 4058 2078 4114 iutelli«

505 4158 620 4218 gas,
651 4154 708 4197 ut
739 4143 878 4210 dixi,
912 4145 1004 4214 qui
1039 4147 1186 4200 tenui
1235 4157 1290 4201 et
1338 4147 1544 4219 abjecta
1579 4149 1890 4206 conditione
1921 4162 2072 4218 sunt,

505 4237 597 4288 sed
629 4248 723 4290 eos
749 4235 936 4301 etiam,
958 4235 1049 4304 qui
1093 4253 1214 4293 cum
1252 4247 1516 4306 potestate
1553 4249 1701 4308 sunt,
1739 4252 1794 4298 et
1819 4242 1988 4314 gloria
2019 4244 2072 4298 in

2191 1869 2279 1923 ἀεὶ
2311 1867 2412 1932 τὰς
2456 1865 2628 1930 πύλας
2657 1863 3112 1935 ἀναπετασμένας
3157 1861 3405 1933 ἔχουσιν,
3437 1861 3554 1915 ἀλλ’
3589 1860 3668 1924 ὡς
3710 1862 3766 1914 tv

2191 1959 2368 2031 καιρῷ
2389 1959 2483 2014 καὶ
2503 1957 2680 2029 χρεία,
2710 1957 2802 2010 καὶ
2821 1958 2879 2010 tv
2897 1955 3081 2027 ἡμέρᾳ
3102 1954 3275 2022 μόλις,
3303 1953 3398 2006 καὶ
3423 1954 3485 2006 ού
3514 1953 3640 2023 δίχα
3662 1952 3766 2006 δει-

2194 2053 2379 2124 μάτων
2398 2067 2413 2082 ο
2455 2051 2513 2102 al
2536 2049 2593 2102 δὲ
2623 2048 2854 2102 είσάπαν
2881 2045 3298 2116 ἀπηλλαγμέναι
3330 2043 3429 2098 τοῦ
3461 2042 3769 2113 προσδοκᾷν

2189 2159 2240 2194 τι
2273 2139 2482 2195 τοιοῦτο
2523 2140 2810 2210 ὑπομεῖναι
2847 2136 3234 2207 ἀνευρύνουσιν
3280 2134 3452 2198 αὑτάς
3511 2135 3624 2196 τοῖς
3652 2133 3765 2186 εἰσ-

2190 2232 2464 2295 6άλλουσι,
2492 2231 2596 2286 κᾶν
2629 2232 2677 2284 εί
2704 2231 2764 2284 tv
2799 2229 2956 2284 νυκτὶ
2985 2225 3144 2281 τοῦτο
3173 2225 3342 2298 δρῶσί
3367 2242 3533 2289 τινες.
3565 2225 3627 2278 Ei
3655 2224 3764 2277 τοίο

2188 2343 2283 2378 νυν
2327 2325 2554 2397 είρήνην
2586 2324 2768 2387 αὑτοῖς
2794 2320 3189 2391 ἐπαγγέλλεται
3230 2317 3385 2382 Θεὸς,
3432 2319 3527 2371 καὶ
3563 2317 3764 2380 πλάτος

2188 2413 2508 2486 εὐημερίας,
2533 2411 2703 2483 ἤγουν
2729 2409 3088 2472 ἀδιαλείπτως
3114 2406 3270 2460 ἔσται
3295 2405 3408 2459 τῶν
3432 2404 3567 2475 πρὸς
3593 2401 3762 2472 αὐτὴν

2192 2509 2376 2562 ίόντων
2413 2508 2448 2578 ἡ
2489 2503 2794 2575 συνδρομὴ,
2843 2501 2938 2556 καὶ
2987 2495 3098 2554 οἷον
3142 2497 3400 2570 διηνεκὴς.
3440 2497 3472 2565 ή
3532 2493 3752 2556 εἴσοδος,

2189 2598 2494 2670 ἑλκομένων
2524 2595 2726 2668 τρόπον
2757 2593 2882 2648 τινά
2912 2591 3003 2647 διὰ
3029 2592 3126 2662 τῆς
3152 2591 3382 2650 πίστεως
3407 2587 3486 2649 είς
3517 2583 3754 2652 ἐπίγνωο

2188 2707 2272 2744 σιν
2303 2689 2397 2744 τοῦ
2420 2686 2681 2760 Χριστοῦ,
2706 2685 2849 2740 ὥστε
2869 2684 3045 2738 δοκεῖν
3066 2679 3394 2750 άνανεῶχθαι
3421 2676 3522 2739 τάς
3551 2673 3757 2739 πύλας,

2186 2780 2280 2836 καὶ
2307 2779 2500 2850 καιρὸν
2532 2779 2633 2831 οὐκ
2663 2773 2806 2831 εἷναί
2850 2792 2993 2842 τινα,
3024 2773 3142 2830 καθ’
3171 2772 3228 2826 ὃν
3267 2769 3436 2833 αὑτὰς
3477 2766 3760 2822 κλείεσθαι

2186 2871 2408 2942 πρέπει,
2433 2869 2528 2924 καὶ
2556 2869 2676 2938 οὑχὶ
2707 2866 2888 2938 μόνοις
2921 2867 3032 2930 τοῖς
3060 2866 3118 2919 tv
3148 2863 3339 2930 ὑφέσει
3369 2861 3512 2931 βίου,
3533 2859 3630 2912 καὶ
3658 2858 3761 2911 ὑπὸ

2186 2961 2329 3031 ζυγά
2367 2960 2663 3032 βασιλείας,
2694 2959 2831 3014 ἀλλά
2866 2957 2976 3030 γὰρ
3001 2957 3097 3012 καὶ
3141 2957 3325 3020 αὑτοῖς
3357 2955 3470 3017 τοῖς
3511 2951 3572 3005 τὸ
3619 2951 3758 3005 κατά

2187 3055 2406 3109 πάντων
2451 3052 2636 3125 ἔχουσι
2677 3051 2899 3122 κράτος.
2935 3048 3158 3114 Ἔξεστι
3201 3046 3257 3100 δὲ
3292 3045 3383 3100 διὰ
3420 3045 3757 3116 πραγμάτων

2201 3146 2336 3200 ἰδεῖν
2377 3145 2477 3216 τῆς
2525 3141 2863 3216 προφητείας
2894 3139 2995 3211 τὴν
3043 3138 3272 3208 δύναμιν
3328 3134 3635 3208 κρατοῦσαν
3679 3134 3756 3194 εἰς

2183 3237 2362 3309 δεῦρο.
2388 3235 2614 3306 Δέχεται
2637 3233 2748 3304 γὰρ
2773 3234 2808 3304 ἡ
2836 3230 3131 3302 Ἐκκλησία
3169 3230 3314 3284 κατά
3347 3228 3526 3282 πάντα
3567 3226 3756 3298 καιρὸν

2181 3325 2308 3390 τοὺς
2335 3325 2611 3380 πιστεύειν
2650 3323 2953 3385 ἐθέλοντας,
2979 3320 3209 3375 έκκλείει
3225 3321 3282 3374 δὲ
3305 3319 3440 3382 ὅλως
3467 3316 3640 3372 οὑδενὶ
3660 3317 3756 3387 τὴν

2183 3418 2264 3482 είς
2299 3415 2458 3470 τοῦτο
2509 3415 2784 3486 σπουδήν
2819 3413 2996 3478 ἔξεστι
3045 3411 3102 3465 δὲ
3133 3413 3244 3475 τοῖς
3290 3409 3530 3462 ἐθέλουσι
3580 3423 3756 3477 παρα-

2183 3505 2489 3571 ποδίζοντος
2518 3504 2767 3570 οὐδενὸς,
2817 3501 2940 3555 καθ’
2975 3500 3036 3554 ὃν
3073 3499 3141 3554 ἂν
3186 3497 3484 3569 βούλωνται
3529 3495 3752 3566 καιρὸν,

2183 3597 2319 3670 πρὸς
2352 3597 2412 3650 τὸ
2440 3597 2542 3668 τῆς
2576 3593 2818 3666 ἀληθοῦς
2856 3591 3181 3661 θεογνωσίας
3203 3588 3433 3659 ἀγεσθαι
3457 3587 3574 3656 φῶς
3593 3606 3608 3619 ·
3630 3589 3753 3654 ἀγει

2179 3691 2236 3744 δὲ
2266 3691 2511 3753 ἅπαντας
2535 3687 2667 3750 Θεὸς
2688 3685 2782 3740 καὶ
2806 3684 2996 3756 Πατὴρ
3033 3685 3111 3747 είς
3146 3681 3438 3751 ἐπίγνωσιν
3468 3677 3564 3762 τοῦ
3595 3677 3748 3741 Υίοὺ,

2178 3781 2244 3834 δι’
2273 3776 2356 3848 οὑ,
2394 3779 2488 3834 καὶ
2534 3780 2592 3832 tv
2634 3771 2699 3846 ᾧ,
2736 3777 2831 3831 καὶ
2865 3775 2986 3846 μεθ’
3012 3769 3074 3830 οὗ
3111 3773 3408 3839 δοξάζεται.
3444 3771 3557 3825 Καὶ
3597 3768 3753 3821 τοῦτο

2179 3872 2340 3935 αὑτὸς
2383 3873 2513 3942 ἡμῖν
2561 3869 3010 3940 καταμεμήνυκε,
3041 3865 3235 3934 λέγων’
3264 3883 3284 3916 t
3315 3861 3502 3925 Οὐδεὶς
3529 3859 3751 3914 δύναται

2177 3964 2352 4018 ἐλθεῖν
2381 3963 2518 4033 πρός
2551 3979 2640 4033 με,
2676 3961 2773 4014 ἐὰν
2804 3959 2881 4029 μὴ
2916 3961 2944 4012 ὁ
2977 3957 3168 4027 Πατήρ
3203 3973 3306 4027 μου
3345 3955 3374 4007 ό
3412 3952 3640 4024 πέμψας
3683 3966 3750 4020 με

2175 4054 2378 4127 ἑλκύσῃ
2415 4051 2596 4107 αὑτόν.
2622 4069 2642 4103 ι
2699 4047 2898 4104 Ἐθνῶν
2953 4047 3012 4101 δὲ
3052 4047 3284 4118 δύναμιν
3329 4040 3747 4114 είσαχθήσεσοαί

2176 4162 2361 4218 φησιν,
2401 4144 2489 4196 ίνα
2519 4141 2594 4214 μὴ
2623 4141 2816 4212 μόνους
2857 4140 3066 4209 ὲννοῇς,
3087 4137 3162 4201 ὡς
3191 4137 3347 4207 ἔφην,
3373 4135 3500 4197 τοὺς
3532 4134 3588 4186 tv
3617 4149 3742 4202 σμι-

2174 4235 2397 4308 κρότητί
2425 4252 2484 4287 τε
2530 4235 2625 4287 καὶ
2652 4234 2710 4286 tv
2735 4231 2945 4302 ὑφέσει,
2973 4229 3107 4284 ἀλλά
3129 4229 3240 4300 γάρ
3269 4228 3366 4283 καὶ
3394 4226 3591 4290 αὑτοὺς
3621 4225 3744 4288 τοὺς

505 4327 606 4390 bac
665 4329 772 4381 vita
833 4327 1173 4397 spectabiles.
1225 4329 1486 4402 Adjungit
1542 4347 1760 4402 porro:
1819 4334 2072 4392 «Gentes

2188 4331 2233 4380 ἐν
2260 4328 2507 4398 δυνάμει,
2531 4326 2624 4379 καὶ
2657 4325 2784 4396 δόξῃ
2812 4326 2877 4395 τῇ
2917 4322 3059 4377 κοιτά
3094 4322 3245 4376 τόνδε
3274 4320 3366 4375 τὸν
3403 4320 3533 4391 βίον.
3574 4319 3744 4390 Προσ-

501 4428 556 4476 et
583 4434 735 4490 reges
775 4421 866 4490 qui
914 4437 1020 4476 non
1060 4423 1298 4479 servient
1336 4424 1454 4491 tibi,
1489 4426 1760 4494 peribunt,
1793 4437 1847 4486 et
1887 4438 2071 4485 vasta-

2188 4420 2370 4488 επάγει
2422 4419 2480 4471 δὲ
2507 4421 2610 4482 ὅτι,
2652 4436 2670 4468 ι
2703 4415 2810 4468 Καὶ
2841 4414 2991 4484 ἔθνη,
3026 4413 3120 4468 καὶ
3163 4414 3213 4465 οἱ
3254 4410 3511 4481 βασιλεῖς,
3551 4408 3744 4471 οῐτινες

504 4515 768 4575 buntur.)
817 4513 1064 4570 infideles
1109 4514 1253 4572 enim
1301 4525 1355 4571 et
1393 4531 1422 4570 a
1471 4519 1744 4591 mysteriis
1792 4519 1974 4586 alieni,
2016 4530 2073 4576 et

2188 4513 2233 4564 ›ὑ
2261 4509 2602 4564 δουλεύσουσί
2620 4526 2722 4571 σοι,
2746 4505 3089 4569 ἀπολοῦνται,
3116 4505 3211 4557 καὶ
3231 4501 3740 4591 ὲρημωθήσονται.

502 4604 689 4658 salutis
722 4619 844 4673 quae
882 4621 978 4674 per
1023 4604 1299 4662 Christum
1343 4619 1426 4664 est
1454 4589 1560 4664 non
1599 4611 1908 4687 participes,
1955 4613 2072 4670 sive

2188 4607 2236 4658 )l
2266 4604 2374 4675 γὰρ
2427 4603 2676 4665 ἄπιστοι,
2723 4601 2817 4654 καὶ
2861 4594 3350 4669 ἀμυσταγώγητοι,
3389 4594 3480 4646 καὶ
3523 4592 3626 4687 τῆς
3659 4589 3744 4687 διὰ

503 4693 574 4750 illi
604 4693 712 4746 sint
735 4693 994 4761 illustres,
1029 4697 1144 4752 sive
1169 4699 1404 4764 obscuri,
1432 4699 1486 4754 in
1521 4679 1841 4769 profundum
1872 4702 2068 4760 inferni

2188 4693 2414 4766 Χριστοῦ
2449 4693 2722 4763 σωτηρίας
2750 4693 3030 4764 ἀμέτοχοι,
3052 4691 3156 4746 κᾶν
3190 4689 3300 4742 εῐτε
3324 4687 3470 4750 τινὲς
3505 4679 3618 4738 εἶεν
3639 4683 3744 4736 τῶν

500 4785 634 4839 etin
682 4785 873 4840 mortis
899 4785 1149 4856 laqueum
1197 4789 1453 4850 incident.
1503 4793 1884 4854 lmmorientur
1924 4797 2068 4851 enim

2188 4784 2512 4857 περιφανῶν,
2532 4785 2644 4837 εἴτε
2669 4783 2779 4838 τῶν
2806 4783 3182 4856 ἀσημοτέρων,
3203 4781 3284 4844 είς
3305 4778 3575 4848 πέταυρον
3594 4774 3741 4846 ᾅδου,

501 4877 738 4958 peccatis
783 4878 923 4946 suis,
963 4887 1020 4935 et
1062 4893 1277 4952 postiam
1322 4883 1562 4938 uuinium
1595 4894 1893 4940 extremam
1941 4886 2070 4942 sub-

2188 4877 2270 4930 ιιαὶ
2291 4875 2372 4938 είς
2399 4875 2599 4945 παγίδα
2620 4874 2853 4929 θανάτου
2877 4873 3185 4927 πεσοῦνται·
3212 4865 3744 4958 ὲντεθνηξονταιῃγάρ

505 4953 681 5032 illum.
815 4998 840 5017 ο
2174 4965 2294 5028 ταῖς
2342 4963 2550 5018 ἑαυτῶν
2599 4963 2917 5036 ἁμαρτίαις,
2963 4962 3057 5016 καὶ
3100 4959 3201 5030 τὴν
3243 4956 3465 5012 ἁπασῶν
3507 4953 3746 5024 ἐσχάτην

2175 5055 2508 5128 ὑπομενοῦσι
2537 5056 2716 5128 δίκην.

572 5138 738 5196 Vsus.
777 5137 865 5196 l3.
908 5138 975 5194 Et
1007 5142 1175 5211 gloria
1214 5141 1402 5198 Libani
1442 5145 1513 5198 ad
1549 5154 1600 5200 te
1639 5147 1845 5212 ueniet;
1875 5146 1931 5200 in
1980 5162 2069 5220 cy-

2243 5147 2356 5202 Kal
2377 5146 2417 5216 ἠ
2440 5146 2593 5213 δόξα
2613 5147 2722 5202 τοῦ
2739 5145 2998 5202 Λιϐάνου
3020 5144 3171 5214 πρὸς
3201 5141 3278 5196 σὲ
3295 5139 3428 5210 ἣξει
3452 5139 3524 5193 ἐν
3551 5154 3746 5195 κυπα-

498 5233 704 5298 parisso
729 5243 777 5287 et
799 5233 928 5303 pinu
952 5244 1001 5288 et
1025 5233 1202 5301 cedro,
1243 5246 1298 5289 ut
1333 5235 1658 5307 gloriﬁcatur
1680 5238 1827 5293 locus
1857 5247 2070 5295 sanctus

2188 5238 2390 5305 alo'a'cp,
2419 5239 2520 5294 καί
2561 5239 2773 5308 πεύκη,
2804 5237 2904 5292 καί
2942 5235 3150 5306 κέδρῳ,
3194 5233 3315 5305 ἅμα
3349 5230 3608 5298 δοξάσαι
3637 5228 3748 5282 τὸν

499 5335 665 5379 meus.
2173 5327 2361 5382 τόπον
2377 5327 2486 5382 τὸν
2507 5327 2678 5397 ἅγιόν
2703 5343 2843 5396 μου.

570 5410 723 5468 Mnus
747 5425 827 5469 est
851 5415 1140 5476 Pbceniciaa
1165 5419 1427 5488 Libanus,
1457 5421 1658 5490 cedris,
1693 5423 1988 5495 cyparissis
2011 5433 2067 5479 et

2248 5422 2413 5493 Ὄρος
2436 5419 2554 5473 ἐστὶ
2575 5419 2672 5491 τῆς
2697 5417 2950 5489 Φοινίκης
2973 5417 3003 5470 ὀ
3027 5415 3276 5484 Λίϐανος,
3308 5413 3522 5485 κέδροις
3539 5428 3603 5464 τε
3653 5410 3748 5498 καὶ

499 5499 626 5580 pinu
673 5505 908 5572 densus,
961 5517 1013 5563 et
1053 5510 1183 5578 ipsis
1233 5513 1406 5571 thuris
1455 5512 1761 5572 arboribus.
1818 5512 2062 5570 Admira-

2188 5512 2554 5588 ιυπαρίσσοις,
2603 5509 2696 5572 καὶ
2732 5509 2909 5580 πεύκῃ
2947 5507 3293 5578 κατάκομον,
3328 5504 3423 5560 καὶ
3475 5502 3658 5565 αὐτοις
3689 5497 3746 5552 δί

569 5681 588 5718 ⁸
619 5679 775 5744 iuun.
803 5698 873 5745 vn.
918 5683 1004 5744 ιι.
