4042 6218
335 337 466 392 1537

1423 328 1507 397 {IN
1539 328 1768 384 ISAIAM
1812 328 1919 384 LIB
1977 327 2038 383 ν.
2065 317 2301 385 TOMUS
2341 319 2426 382 tv.

3435 329 3457 383 1
3467 329 3571 385 338

331 453 444 513 τοῖς
502 447 596 502 τοῦ
647 445 874 500 Λιϐάνου
931 445 1136 512 φυτοῖς.
1181 443 1527 514 Θαυμάζεται
1572 445 1630 498 δὲ
1687 444 1893 516 ταύτης

2010 446 2128 502 ιῑοιιὶ
2160 454 2340 500 autem
2374 444 2603 498 habetur
2639 441 2806 514 849
2834 442 2933 496 hac
2978 442 3044 496 dc
3083 457 3247 497 causa
3290 443 3378 498 hic
3416 459 3573 499 mons

333 544 497 596 ἓνεκα
532 541 630 611 τῆς
661 538 836 598 αἰτίας
864 537 925 590 τὸ
961 538 1330 608 μνημονευθέν
1361 539 1506 610 ὅρος,
1540 539 1616 602 ὡς
1657 539 1902 608 ἀφθονω-

335 632 503 701 τὰτην
533 629 652 698 ἔχον
679 627 776 696 τὴν
815 625 968 696 ὕλην,
1007 628 1102 680 καὶ
1128 627 1366 699 δένδρεσι
1399 630 1509 692 τοῖς
1559 628 1902 698 εὐμηκεστά-

335 738 468 784 τοις,
499 719 592 772 καὶ
623 716 1005 787 εύοσμοτάτοις
1037 717 1462 772 καταπλουτοῦν.
1488 718 1637 789 Αὕτη
1663 721 1840 774 τοίνυν
1866 720 1901 789 ὴ

333 811 458 874 δόξα
477 808 756 876 δοθήσεται
794 825 898 873 σοι,
923 809 1077 878 φησὶ,
1105 809 1310 880 νοητῶς
1329 809 1591 880 δηλονότι,
1616 810 1710 864 καὶ
1734 826 1899 863 πνευο

337 897 597 969 ματικῶς.
620 896 823 967 Τρέφει
854 897 961 969 γὰρ
983 899 1016 967 ἡ
1065 898 1361 968 Ἐκκλησία
1381 897 1616 968 Χριστοῦ
1645 898 1903 963 πλείστας

331 1007 388 1042 τε
436 989 566 1050 ὅσας
588 1027 603 1050 ,
647 988 746 1040 καὶ
797 987 1114 1059 εὐδοκίμους
1158 988 1329 1056 ἁγίων
1384 986 1625 1056 κεφαλὰς
1677 986 1812 1057 ὑψοῦ
1842 1003 1903 1040 τε

329 1077 572 1148 ὴρμένας
611 1077 673 1142 ἐξ
701 1079 933 1150 ἀρετῶν,
973 1080 1061 1132 ναὶ
1088 1079 1197 1151 μὴν
1229 1079 1322 1134 καὶ
1355 1079 1743 1150 εὐοσμοτάτας.
1771 1080 1904 1150 Χρι-

329 1169 452 1223 στὸν
474 1168 582 1239 γὰρ
609 1169 976 1234 εύοδιάζουσιν
996 1185 1011 1200 °
1049 1170 1223 1225 ἔνεστι
1259 1171 1316 1225 δὲ
1342 1171 1524 1236 αὐτοῖς
1553 1171 1648 1223 καὶ
1679 1170 1739 1224 τὸ
1759 1170 1904 1240 πέρα

320 1256 534 1310 κεῖσθαι
567 1256 783 1330 φθορᾶς
817 1260 916 1328 τῆς
947 1260 1013 1311 ἐκ
1047 1261 1392 1331 φρονήματος
1421 1259 1707 1332 σαρκικοῦ,
1734 1259 1904 1313 καθά·

318 1365 422 1414 περ
465 1347 674 1418 ἀμέλει
706 1348 802 1403 καὶ
859 1349 923 1403 τὸ
974 1349 1049 1420 μὴ
1099 1350 1414 1424 φθείρεσθαι
1466 1351 1646 1425 πεύκη
1694 1367 1755 1404 τε
1811 1350 1904 1404 καὶ

321 1439 517 1509 κέδρῳ.
555 1438 728 1505 Έθος
760 1440 817 1494 δέ
841 1444 906 1513 τῇ
941 1441 1283 1514 θεοπνεύστῳ
1311 1443 1501 1514 Γραφῇ
1539 1445 1654 1506 τοῖς
1679 1441 1903 1496 τοιοῖσδε

319 1529 430 1581 τῶν
461 1529 650 1596 φυτῶν
675 1531 972 1601 ἀφομοιοῦν
1003 1531 1114 1585 ἔσθ’
1149 1532 1238 1585 ὅτε
1274 1533 1374 1604 τὴν
1411 1533 1523 1587 τῶν
1559 1532 1731 1600 ἁγίων
1764 1532 1902 1603 πλη-

323 1620 440 1683 θὺν,
463 1619 557 1673 καὶ
575 1621 716 1688 γοῦν
739 1622 841 1693 ἐφη
871 1640 974 1676 που
998 1623 1158 1677 πάλιν
1183 1623 1315 1687 Θεὸς
1335 1623 1425 1678 διὰ
1451 1626 1634 1695 φωνῆς
1655 1623 1901 1677 Ἠσαῒουο

331 1728 348 1760 ι
374 1710 484 1762 Καὶ
521 1711 742 1781 ποιήσω
771 1709 915 1783 ὕδωρ
949 1712 1007 1764 ἐν
1032 1715 1100 1783 τῇ
1130 1713 1340 1784 ἐρήμῳ,
1369 1710 1466 1766 καὶ
1507 1715 1566 1767 ἐν
1594 1715 1660 1784 τῇ
1690 1712 1903 1784 ἀνύδρῳ

325 1799 632 1870 ποταμούς.
673 1801 835 1872 Θήσω
876 1803 957 1866 είς
988 1802 1089 1872 τὴν
1133 1801 1359 1874 ἄνυδρον
1406 1804 1510 1875 γῆν
1546 1803 1764 1875 κέδρον,
1812 1805 1908 1858 καὶ
1938 1788 1980 1842 Β

328 1891 517 1956 πύξον,
541 1892 638 1945 καὶ
675 1892 965 1963 μυρσίνην,
994 1895 1091 1948 καὶ
1124 1893 1483 1965 κυπάρισσον,
1508 1894 1602 1948 καὶ
1637 1893 1861 1964 λεύκην.
1882 1911 1901 1944 ι

328 1982 402 2052 Γῇ
433 1982 532 2053 μὲν
551 1984 663 2055 γὰρ
689 1982 830 2055 ξηρᾷ.
847 2000 908 2037 τι
940 1984 1034 2037 καὶ
1052 1983 1262 2056 ἀνύδρῳ
1291 1983 1617 2054 παρεικάζει
1645 1983 1715 2036 τά
1743 1982 1870 2054 ἔθνη
1889 2000 1902 2014 °

329 2075 390 2126 οὐ
420 2074 528 2146 γὰρ
556 2071 627 2146 ἦν
665 2077 796 2147 παρ’
821 2077 1005 2139 αὐτοῖς
1030 2075 1172 2139 θεῖος
1195 2075 1352 2144 λόγος
1385 2079 1414 2130 ό
1439 2076 1721 2140 ζωοποιεῖν
1747 2074 1907 2129 δυνά-

331 2184 513 2236 μενος,
545 2168 640 2221 καὶ
661 2169 740 2232 είς
769 2165 996 2238 αῦξησιν
1019 2167 1312 2237 ἀναφέρειν
1344 2165 1443 2239 τὴν
1475 2169 1534 2220 ἐν
1562 2166 1812 2236 εὐσεϐείᾳ
1848 2182 1908 2218 τε

331 2260 425 2312 καὶ
447 2257 648 2327 γνώσει
673 2259 830 2326 Θεοῦ,
861 2260 997 2314 ἀλλά
1029 2261 1286 2328 γεγόνασι
1321 2259 1451 2329 παρ’
1479 2260 1663 2323 αὐτοῖς
1695 2259 1906 2331 κέδρος,

328 2352 425 2404 καὶ
447 2350 618 2415 πύξος
649 2352 746 2404 καὶ
781 2353 1036 2425 μυρσίνη,
1079 2352 1172 2406 καὶ
1205 2354 1567 2424 κυπάρισσος,
1597 2352 1690 2406 καὶ
1715 2351 1904 2422 λεύκη,

330 2441 630 2508 τουτέστιν,
659 2442 877 2515 εὐμήκη
904 2461 964 2496 τε
994 2445 1088 2498 καὶ
1123 2443 1432 2512 άξιάγαστα
1461 2442 1627 2513 φυτὰ,
1649 2435 1725 2498 ῶν
1757 2441 1852 2496 καὶ
1879 2441 1908 2493 ὁ

332 2533 618 2598 θεσπέσιος
659 2535 911 2606 Μελῳδὸς
949 2535 1369 2607 διαμνημονεύει
1428 2535 1620 2605 λέγων·
1658 2553 1676 2585 ι
1712 2536 1909 2604 ’Δρτος

333 2625 560 2697 καρδίαν
583 2627 872 2698 ἀνθρώπου
900 2627 1166 2698 στηρίξει,
1190 2627 1653 2698 χορτασθήσονται
1685 2625 1754 2678 τὰ
1778 2623 1911 2691 ξύλα

331 2719 428 2772 τοῦ
465 2719 670 2786 πεδίου,
703 2719 798 2773 καὶ
833 2722 891 2774 al
922 2720 1105 2792 κέδροι
1140 2718 1236 2773 τοῦ
1286 2720 1546 2782 Λιϐάνου,
1581 2717 1648 2781 ἃς
1680 2716 1908 2786 ἐφύτευ-

335 2823 458 2871 σας.
490 2826 509 2859 ι
557 2807 646 2870 Ὠς
682 2811 792 2879 γὰρ
825 2809 854 2860 δ
891 2809 1166 2878 πάνσοφος
1199 2810 1405 2880 γράφει
1448 2809 1682 2875 Παῦλος,
1721 2826 1740 2859 ι
1770 2805 1907 2860 Θεοῦ

333 2897 602 2969 γεώργιόν
630 2901 816 2970 ἐσμεν.
840 2920 858 2952 ι
890 2899 1037 2971 Αὕτη
1067 2901 1244 2955 τοίνυν
1283 2904 1316 2972 ή
1355 2901 1482 2965 δόξα
1509 2899 1607 2954 τοῦ
1650 2899 1906 2961 Λιϐάνου,

334 2990 490 3061 φησὶ,
543 2990 830 3061 δοθήσεται
873 3009 975 3059 σοι,
1011 2993 1313 3056 τουτέστιν,
1349 2993 1561 3063 όφθήσῃ
1596 2991 1908 3060 κατάνομος

333 3084 558 3148 πολλαῖς
603 3083 698 3138 καὶ
724 3084 1198 3156 τεθαυμασμέναις
1227 3085 1397 3154 ἁγίων
1422 3084 1909 3153 κεφαλαῖς.¹Ἐσται

2003 556 2162 612 quem
2213 537 2792 601 commemoravimus,
2845 544 2904 589 ut
2952 535 3042 603 qui
3097 537 3385 590 maximam
3437 537 3571 608 ligni

2001 635 2109 686 vim
2140 631 2355 695 habeat,
2392 629 2738 698 abnndetque
2783 627 3068 682 arboribus
3095 629 3493 695 procerissimis
3519 638 3576 684 et

2005 721 2465 794 ﬂagrantissimis.
2518 719 2641 774 Haec
2690 718 2856 787 igitur
2885 717 3077 788 gloria,
3121 717 3318 786 inquit,
3359 719 3575 774 dabitur

2005 815 2137 880 tibi,
2191 811 2597 882 intelligibiliter
2635 809 2842 864 scilicet
2894 815 2948 862 et
2991 797 3363 876 Spiritualiter.
3398 807 3577 862 Nntrit

2004 907 2148 962 cnim
2178 903 2418 960 Ecclesia
2446 900 2648 957 Christi
2680 900 2907 970 plurima
2935 909 2988 953 et
3020 899 3247 954 illustria
3263 907 3572 954 sanctorum

2003 999 2215 1067 capita,
2267 1004 2380 1050 tum
2422 991 2670 1049 sublimia
2721 991 2955 1055 virtute,
3006 997 3116 1042 tum
3164 988 3570 1042 odoratissima.

2005 1087 2227 1158 Spirant
2261 1087 2406 1142 enim
2434 1085 2674 1138 suaviter
2700 1081 2998 1137 Christum.
3032 1079 3202 1134 Adest
3229 1078 3335 1134 illis
3361 1093 3577 1148 quoque
3683 1097 3688 1102 ’

2005 1175 2130 1237 hoc,
2165 1183 2220 1228 ut
2254 1172 2382 1227 nulli
2419 1171 2530 1226 sint
2567 1169 2803 1225 carnalis
2843 1167 3071 1222 allectus
3121 1167 3454 1236 corruptioni
3478 1168 3577 1221 ob-

2006 1267 2172 1333 noxii,
2227 1266 2299 1321 ita
2349 1275 2407 1319 nt
2452 1265 2613 1334 pinus
2662 1272 2718 1316 et
2759 1262 2951 1316 cedrus
2995 1276 3100 1315 non
3138 1267 3576 1329 corrumpuntur.

2005 1358 2156 1414 Solet
2178 1366 2355 1412 autem
2379 1357 2660 1427 Scriptura
2682 1354 2943 1408 divinitus
2960 1353 3245 1423 inspirata,
3269 1351 3575 1421 huiusmodi

2005 1448 2291 1503 arboribus
2337 1461 2725 1514 nonnunquam
2783 1444 3085 1499 assimilare
3111 1451 3420 1498 sanctorum
3449 1441 3582 1496 mul-

2005 1539 2312 1594 titudinem.
2371 1534 2648 1606 Siquidem
2678 1549 2864 1590 rursus
2887 1534 3021 1588 dixit
3056 1547 3183 1590 voce
3219 1529 3373 1588 Isaia:
3392 1530 3536 1587 Deus
3563 1549 3576 1585 :

2011 1650 2030 1682 ι
2060 1631 2125 1684 Ει
2157 1631 2450 1700 producam
2470 1641 2665 1696 aquam
2691 1628 2743 1681 in
2775 1626 3087 1692 solitudine,
3119 1633 3172 1680 et
3197 1625 3249 1678 in
3286 1623 3404 1678 loco
3428 1622 3583 1691 aquis

2005 1730 2228 1779 carente
2278 1719 2520 1774 ﬂumina.
2572 1717 2775 1772 Ponam
2828 1717 2880 1772 in
2931 1726 3075 1772 terra
3127 1717 3284 1786 aquis
3337 1723 3581 1777 carentc,

2008 1811 2254 1878 cedrum,
2272 1811 2496 1875 buxum,
2514 1817 2770 1880 myrtum,
2785 1809 3117 1879 cyparissum
3146 1817 3202 1864 et
3225 1806 3479 1876 populum
3500 1805 3578 1860 ’.ι

2007 1902 2140 1957 Cum
2166 1910 2310 1957 terra
2343 1901 2487 1956 enim
2514 1901 2664 1954 arida
2697 1910 2755 1954 et
2782 1899 2938 1969 aquis
2959 1909 3180 1954 carente
3208 1908 3396 1969 gentes
3427 1911 3581 1953 com-

2009 2000 2180 2062 parat.
2209 1990 2326 2046 Non
2357 1989 2502 2044 enim
2535 1989 2636 2044 fuit
2661 1990 2801 2060 apud
2852 2005 2948 2047 eas
2990 2005 3172 2046 sermo
3217 1988 3454 2051 divinus,
3490 1991 3582 2058 qui

2009 2084 2281 2138 viviticare
2330 2091 2526 2151 potest,
2573 2091 2629 2136 et
2675 2082 2741 2135 ad
2792 2083 3010 2152 pietatis
3052 2089 3247 2137 auctus
3287 2096 3349 2135 ac
3406 2081 3586 2136 incre-

2009 2184 2248 2230 mentum
2290 2175 2342 2228 in
2387 2173 2698 2243 cognitione
2749 2173 2844 2228 Dei
2899 2175 3188 2229 adducere.
3229 2172 3334 2228 Sed
3369 2171 3586 2227 fuerunt

2011 2269 2154 2337 apud
2191 2266 2310 2321 illas
2343 2267 2538 2320 cedrus
2566 2274 2622 2320 et
2651 2266 2825 2319 buxus
2860 2275 2914 2320 et
2946 2273 3156 2335 myrtus
3183 2271 3241 2318 et
3273 2262 3587 2334 cyparissus

2010 2370 2074 2409 ac
2101 2353 2350 2424 populus,
2375 2353 2424 2407 id
2459 2361 2561 2417 est,
2591 2354 2816 2408 arbores
2862 2353 2999 2408 bene
3045 2366 3283 2422 proceris
3319 2361 3374 2404 et
3419 2350 3586 2403 mira-

2010 2445 2166 2500 biles.
2222 2445 2460 2510 Quarum
2521 2444 2685 2498 etiam
2757 2445 3005 2499 meminit
3063 2443 3279 2498 divinus
3339 2441 3582 2506 Psaltes,

2009 2537 2194 2592 dicens
2227 2554 2240 2590 :
2281 2554 2298 2586 ι
2325 2534 2488 2591 Panis
2510 2551 2602 2590 cor
2631 2537 2869 2590 hominis
2900 2538 3120 2590 roborat
3149 2551 3163 2600 ;
3197 2535 3586 2589 saturahnntur

2011 2629 2152 2699 ligna
2180 2628 2380 2695 campi,
2412 2635 2468 2680 et
2489 2626 2635 2681 cedri
2662 2625 2853 2682 Libani
2884 2642 3019 2696 quas
3049 2626 3354 2695 plantasti”.
3382 2644 3400 2677 ι
3428 2624 3583 2691 Nam,

2011 2728 2068 2774 nt
2113 2717 2550 2788 sapientissimus
2597 2715 2794 2771 Paulus
2817 2717 3054 2772 scribit:
3086 2736 3104 2766 ι
3131 2717 3222 2772 Dei
3258 2715 3584 2785 agricultura
3639 2771 3641 2773 ,

2009 2825 2196 2866 sumus
2215 2809 2259 2863 ’.
2289 2827 2308 2860 ι
2347 2808 2469 2864 [hec
2489 2809 2671 2876 igitur,
2720 2809 2910 2878 inquit,
2943 2808 3111 2876 gloria
3143 2808 3332 2862 Libani
3367 2807 3586 2860 dabitur

2011 2903 2130 2964 tibi,
2150 2901 2201 2954 id
2226 2911 2330 2967 est,
2363 2899 2580 2954 ﬂorebis
2610 2898 2794 2952 multis
2824 2909 2878 2952 et
2910 2899 3240 2952 admirandis
3272 2905 3583 2950 sanctorum

2010 2992 2278 3062 capitibus
2327 2990 2587 3046 refertus.
2637 2991 2755 3045 Erit
2793 2999 2974 3044 autem
3026 2990 3150 3052 hoc,
3198 2998 3254 3042 ut
3297 2989 3585 3042 decoretur

2012 3085 2162 3137 locus
2193 3093 2414 3137 sanctus
2460 3096 2630 3137 meus.
2679 3081 2850 3137 Decus
2883 3082 3030 3136 enim
3068 3081 3428 3136 Ecclesiarum
3460 3090 3585 3135 sunt

329 3174 388 3228 δὲ
414 3174 594 3240 τοῦτο,
622 3173 762 3228 ὥστε
800 3154 1118 3245 δοξασθῆναι
1159 3175 1250 3228 τὸν
1278 3177 1443 3229 τόπον
1477 3175 1568 3228 τὸν
1596 3174 1751 3243 ἆγιόν
1778 3190 1901 3245 μου.

2012 3173 2062 3227 hi
2116 3174 2206 3242 qui
2236 3174 2301 3226 ad
2335 3174 2590 3226 virtutum
2642 3172 2944 3226 celsitatem
2987 3171 3366 3232 ascenderunt.
3406 3179 3458 3224 et
3493 3170 3584 3238 qtti

331 3263 610 3335 Καύχημα
644 3264 745 3334 μὲν
785 3263 894 3335 γὰρ
944 3264 1280 3336 Ἐκκλησιῶν
1305 3265 1355 3317 οἱ
1385 3267 1498 3329 τοῖς
1538 3265 1648 3318 τῶν
1695 3263 1906 3334 ἀρετῶν

328 3353 624 3426 scopam
656 3354 1048 3426 ἐμϐεϐηκότες,
1095 3357 1190 3409 καὶ
1221 3357 1500 3426 χθαμαλὸν
1531 3357 1706 3419 οὐδὲν,
1737 3357 1907 3425 ήγουν

329 3447 542 3516 Υήῖνονν
589 3446 686 3500 καὶ
735 3448 1101 3519 χαμαιρῤιφὲς
1147 3446 1361 3518 ἔχοντες
1403 3449 1483 3510 είς
1521 3447 1645 3500 νοῦν
1672 3447 1760 3500 διὰ
1813 3446 1906 3499 τοῦ

328 3541 550 3609 φρονεῖν
573 3538 643 3594 τὰ
677 3538 900 3610 σαρκὸς,
929 3538 1180 3601 ἄττοντες
1207 3538 1263 3592 δέ
1304 3537 1507 3608 μᾶλλον
1529 3536 1689 3607 ὑψοῦ,
1712 3537 1807 3590 καὶ
1839 3536 1908 3590 τὰ

323 3629 446 3683 ἀνω
466 3629 808 3702 φρονοῦντες,
834 3629 925 3682 καὶ
953 3623 1064 3683 οἷον
1083 3629 1483 3698 ἀποφοιτῶντες
1521 3629 1618 3700 τῆς
1647 3627 1774 3698 γῆς,
1814 3627 1908 3681 καὶ

325 3720 762 3792 περιπατοῦντες
793 3721 892 3792 μὲν
929 3721 1018 3776 ἐπ’
1048 3722 1238 3793 αὑτῆς,
1275 3722 1386 3774 ἀνω
1419 3720 1478 3774 δὲ
1517 3721 1612 3774 καὶ
1647 3723 1704 3774 ἐν
1740 3721 1906 3791 ούρα-

326 3816 444 3878 νοῖς
471 3812 688 3884 ἔχοντες
725 3813 786 3867 τὸ
813 3813 1134 3884 πολίτευμα.

406 3907 513 3960 Καὶ
537 3905 933 3975 πορεύσονται
957 3906 1105 3974 πρὸς
1125 3905 1200 3958 σὲ
1221 3903 1556 3973 δεδοικότες
1574 3909 1626 3960 οἱ
1649 3909 1762 3962 υἱοὶ
1792 3905 1911 3959 τῶν

332 3999 832 4055 (adstructis-rw
866 4013 961 4062 σε,
999 3997 1098 4051 καὶ
1150 3997 1621 4066 παροξυνάντων
1662 4014 1757 4061 σε,
1811 3999 1909 4053 καὶ

334 4091 616 4160 κληθήσῃ
635 4092 812 4158 πόλις
831 4091 1053 4158 Κυρίου
1075 4090 1230 4145 Σιὼν
1257 4091 1432 4161 ἁγίου
1465 4090 1733 4159 Ἰσραήλ.

404 4185 545 4239 Δύτδ
571 4184 678 4240 τῶν
709 4186 1049 4254 πραγμάτων
1079 4182 1142 4236 τὸ
1167 4183 1340 4253 πέρας
1367 4183 1728 4237 διαδείκνυσιν
1753 4184 1910 4253 ἀκρι-

335 4277 444 4340 ϐῶς
470 4278 566 4347 τῆς
595 4277 932 4348 προφητείας
952 4275 1052 4346 τὴν
1075 4274 1326 4343 δύναμιν,
1361 4274 1462 4326 οὐκ
1491 4273 1594 4340 ἔξω
1624 4273 1911 4344 βαίνουσαν

332 4365 384 4419 τ’
412 4365 664 4436 ἀληθοῦς*
699 4364 1216 4437 ἐμπαροινησαμένη
1236 4363 1344 4437 γὰρ
1367 4364 1442 4434 τῷ
1459 4364 1677 4417 πάντων
1702 4364 1911 4436 Σωτῆρι

2010 3263 2143 3318 nihil
2168 3264 2364 3317 habent
2393 3261 2445 3316 in
2472 3270 2649 3316 mente
2679 3270 2954 3316 terrenum
2979 3270 3033 3315 et
3059 3259 3288 3325 humile,
3331 3273 3428 3312 nec
3466 3272 3585 3326 qua-

2009 3355 2192 3410 carnis
2221 3365 2347 3410 sunt
2372 3354 2622 3422 sapiunt;
2672 3353 2766 3407 sed
2795 3353 2884 3422 qui
2923 3350 3088 3404 altutn
3124 3361 3331 3419 petunt,
3377 3360 3430 3404 et
3468 3363 3584 3412 qua’

2009 3461 2170 3515 supra
2197 3455 2321 3499 sunt
2349 3446 2587 3512 sapiunt,
2613 3453 2664 3496 et
2694 3443 2843 3494 velut
2863 3458 2892 3495 e
2921 3452 3063 3496 terra
3095 3444 3378 3507 secedunt,
3421 3458 3485 3493 ac
3535 3441 3585 3493 in

2010 3536 2260 3603 supernis
2289 3535 2565 3590 ambulant
2591 3533 2659 3596 ‘°,
2696 3533 2747 3586 iu
2791 3532 2946 3586 caelis
2991 3534 3250 3586 habentes
3297 3548 3582 3586 conversu-

2012 3622 2210 3676 tionem
2239 3620 2298 3672 “.

2087 3908 2248 3963 Vsus.
2291 3907 2375 3961 14.
2420 3906 2486 3960 Et
2521 3906 2665 3961 ibunt
2696 3907 2766 3960 ad
2793 3917 2843 3961 te
2877 3908 3114 3962 linteum
3141 3907 3245 3975 ﬁlii
3281 3922 3460 3960 eorum
3494 3906 3582 3974 qui

2013 4002 2262 4054 humilem
2296 4012 2344 4055 te
2369 4001 2732 4068 reddiderunt,
2761 4011 2806 4054 et
2833 4001 3260 4062 concitaverunt;
3293 3998 3582 4053 vocaberis-

2011 4109 2109 4160 que
2135 4093 2320 4147 civitas
2347 4093 2564 4147 Domini
2599 4094 2732 4149 Sion
2761 4093 2931 4147 sancti
2958 4091 3150 4150 Israel.

2087 4185 2286 4239 lterum
2314 4185 2498 4240 exitus
2539 4185 2671 4241 satis
2695 4185 2916 4251 indicat,
2947 4185 3245 4256 prophetia!
3269 4185 3372 4238 vim
3397 4198 3424 4235 a
3453 4196 3582 4236 vero

2016 4291 2121 4329 non
2171 4275 2410 4330 deviare.
2456 4275 2726 4331 Bacchata
2772 4279 2919 4332 enim
2978 4275 3179 4330 furiose
3235 4275 3286 4328 in
3340 4273 3580 4328 omnium

2016 4369 2358 4423 Servatorem
2386 4367 2662 4423 Christum
2688 4366 2985 4424 Jerusalem
3007 4366 3174 4438 850
3195 4365 3415 4420 humilis
3442 4364 3580 4418 facta

337 4452 494 4524 ἡμῶν
534 4453 709 4523 Ἰησοῦ
737 4455 956 4525 Χριστῷ
983 4451 1212 4525 ταπεινὴ
1241 4452 1459 4522 γέγονεν
1493 4453 1526 4523 ή
1559 4450 1907 4522 Ἰερουσαλὴμ

2015 4468 2118 4524 est,
2157 4472 2186 4512 a
2221 4458 2604 4527 conjunctione
2653 4456 2770 4525 ejus
2820 4457 3014 4524 ejecta,
3049 4466 3103 4510 et
3131 4472 3158 4508 a
3195 4469 3290 4524 spe
3335 4454 3388 4507 in
3431 4454 3578 4507 illum

334 4547 438 4616 τῆς
489 4545 624 4616 πρὸς
659 4545 790 4598 Θεὸν
833 4545 1163 4615 οἰκειότητος
1199 4543 1638 4617 ἀποϐεϐλημένη,
1677 4543 1772 4598 κα)⁵
1811 4544 1910 4613 τῆς

231 4620 246 4634 ’
341 4637 420 4698 είς
446 4634 607 4689 αὑτὸν
635 4633 846 4695 ἐλπίδος
885 4634 1316 4706 ἀπολισθήσασα,
1351 4635 1446 4689 καὶ
1483 4633 1698 4706 φειδοῦς
1725 4635 1905 4704 ἐρήμη

338 4729 436 4797 τῆς
492 4723 697 4779 ἄνωθεν
751 4724 1039 4794 γενομένη,
1090 4724 1332 4778 πεσοῦσα
1380 4727 1436 4779 δὲ
1482 4727 1578 4780 καὶ
1608 4728 1686 4788 είς
1719 4727 1909 4796 χεῖρας

333 4816 568 4889 ἐχθρῶν,
623 4815 672 4868 οἳ
699 4814 764 4884 δὴ
814 4815 906 4868 καὶ
940 4815 1122 4868 πᾶσαν
1165 4813 1266 4886 τὴν
1324 4816 1580 4869 Ἰουδαίαν
1624 4816 1906 4886 καταδῃὼ-

338 4924 552 4972 σαντες,
585 4907 680 4960 καὶ
723 4906 885 4960 αὑτὸν
917 4906 1221 4979 ἐνέπρησαν
1257 4907 1348 4961 τὸν
1387 4907 1528 4963 θεῖόν
1558 4926 1616 4962 τε
1660 4909 1753 4962 καὶ
1789 4910 1906 4962 δια-

337 5001 529 5070 ϐόητον
563 5000 708 5054 ναόν.
771 4999 986 5070 Ἐπειδὴ
1037 4999 1096 5052 δέ
1127 5001 1395 5054 σέσωσται
1448 5001 1510 5056 τὸ
1561 5003 1907 5074 κατάλειμμα

337 5091 473 5148 Θεοῦ
514 5092 1002 5162 κατοικτείραντος,
1050 5091 1446 5146 πεπιστεύκασι
1495 5093 1605 5165 γὰρ
1649 5097 1729 5157 εἰς
1772 5095 1908 5165 Χρι-

341 5185 463 5239 στὸν
490 5186 590 5240 οὐκ
612 5184 970 5256 εὐαρίθμητοι
1001 5183 1109 5238 τῶν
1139 5183 1200 5249 ἐξ
1234 5184 1470 5257 Ἰσραὴλ,
1501 5185 1908 5256 κεχρημάτικεν

349 5275 647 5348 Ἐκκλησία
675 5275 931 5346 Χριστοῦ.
959 5275 1053 5329 καὶ⁷
1079 5275 1266 5344 γέγονε
1293 5277 1474 5348 μήτηρ
1502 5275 1690 5349 ῶσπερ
1716 5277 1904 5330 ἐθνῶν.

338 5369 404 5420 nt
433 5368 541 5438 γὰρ
575 5368 680 5421 υίοὶ
709 5368 814 5422 τῶν
858 5385 987 5421 ποτε
1032 5369 1484 5423 ταπεινωσάντων
1528 5369 1720 5440 αὐτὴν,
1750 5385 1907 5424 τουτ-

341 5460 508 5524 ἐστιν,
539 5461 588 5512 οί
622 5459 728 5512 τῶν
763 5459 1018 5526 ἐπιγείων
1042 5459 1370 5529 κρατοῦντες
1415 5461 1785 5531 πραγμάτων,
1816 5462 1907 5514 καὶ

337 5552 457 5614 ταῖς
485 5551 594 5606 τῶν
654 5554 942 5624 σκήπτρων
972 5551 1238 5623 διαδοχαῖς
1289 5553 1363 5614 ὡς
1408 5551 1465 5617 ἐξ
1499 5552 1719 5607 ἐκείνων
1749 5555 1906 5625 ἐρχό-

411 5729 432 5757 ’
465 5729 564 5786 lsn.
596 5743 701 5795 nl,
741 5728 935 5791 18,19.
1013 5728 1032 5758 ⁸
1065 5727 1204 5784 Pani.
1239 5744 1350 5787 Clll,
1394 5729 1473 5792 Ib,
1523 5729 1600 5785 lli.

1680 5731 1698 5760 θ
1730 5731 1743 5784 Ι
1778 5731 1901 5786 Cor.
1938 5748 2014 5796 ill,
2051 5732 2102 5784 9.
2192 5732 2234 5762 "
2274 5729 2429 5785 Rom.
2464 5745 2580 5798 vnt,

2017 4551 2256 4620 delapsa,
2303 4561 2360 4606 et
2404 4566 2434 4604 a
2479 4550 2850 4605 misericordia
2900 4564 3133 4618 superna
3171 4547 3446 4612 derelicta,
3486 4561 3581 4603 ca-

2017 4643 2252 4710 densque
2295 4642 2348 4696 in
2399 4657 2594 4696 manus
2637 4642 2903 4704 hostium,
2947 4641 3061 4709 qui,
3120 4649 3228 4694 tota
3283 4637 3466 4692 Judzra
3527 4637 3579 4690 in

2015 4734 2319 4788 vastitatem
2368 4735 2609 4798 redacta,
2662 4733 2838 4802 ipsum
2873 4731 3038 4786 etiam
3073 4731 3313 4785 divinum
3358 4741 3412 4784 et
3442 4729 3581 4783 relc-

2016 4827 2384 4884 bratissimum
2423 4824 2679 4894 templum
2709 4825 3082 4879 incenderunt.
3133 4824 3422 4892 Postquam
3453 4836 3582 4874 vero

2014 4925 2244 4974 servata:
2289 4914 2509 4971 fuerunt
2551 4915 2817 4984 reliquiae,
2854 4916 2964 4969 Deo
2989 4915 3411 4968 commiscrante
3437 4912 3580 4972 tere»

2013 5011 2267 5066 diderunt
2315 5009 2460 5064 enim
2519 5007 2572 5060 in
2615 5007 2889 5060 Christum
2944 5005 3214 5059 innumeri
3278 5002 3577 5071 lsraelitm),

2016 5111 2322 5171 nuncupata
2365 5110 2450 5156 est
2498 5099 2736 5154 Ecclesia
2778 5097 3003 5161 Christi,
3034 5108 3089 5152 et
3137 5098 3275 5152 facta
3321 5106 3406 5151 est
3436 5097 3579 5151 velut

2018 5202 2188 5246 mater
2211 5191 2474 5262 gentium.
2521 5188 2654 5244 Nam
2687 5188 2780 5243 lilii
2813 5202 3000 5242 eorum
3036 5187 3125 5256 qui
3163 5187 3577 5242 humiliaverunt

2013 5295 2154 5345 eam,
2205 5283 2258 5336 id
2309 5291 2424 5347 est,
2457 5281 2549 5351 qni
2593 5281 2754 5336 rebus
2805 5279 3036 5335 terrenis
3082 5279 3373 5349 imperant,
3421 5287 3474 5331 et
3523 5277 3575 5330 in

2013 5379 2350 5440 sceptrorum
2403 5371 2780 5428 successiones
2825 5370 3020 5425 exinde
3068 5369 3308 5433 veniunt,
3355 5383 3567 5423 venera-
3636 5355 3642 5362 ’

2015 5465 2147 5521 tioni
2185 5465 2385 5521 habent
2419 5463 2736 5526 Ecclesiam,
2762 5472 2818 5518 et
2841 5463 3118 5525 timentes,
3152 5461 3324 5522 idest,
3350 5457 3576 5514 sollicite

2012 5567 2215 5613 etcum
2261 5557 2354 5611 Dei
2399 5564 2561 5619 metu,
2608 5556 2675 5610 ad
2718 5569 2836 5609 eam
2867 5554 3150 5610 accedunt.
3197 5568 3215 5603 ι
3253 5551 3448 5607 Vocata
3491 5555 3574 5604 est

2749 5731 2788 5762 ²¹
2820 5729 3056 5803 Philipp.
3092 5746 3172 5797 Ill,
3204 5730 3295 5787 20.
