4090 6216
540 340 564 394 l
575 337 678 397 559

1527 326 1582 379 S.
1626 323 1900 379 CYRILLI
1939 321 2404 379 ALEXANDRINI
2446 319 2759 377 ARCHIEP.

3637 325 3778 382 1340

533 450 677 506 enim
746 445 938 502 civitas
983 442 1188 497 Domini
1243 440 1370 496 Sion
1430 439 1602 495 sancti
1659 439 1847 494 Israel.
1910 457 1929 492 ι
2006 438 2098 493 Dei

2210 455 2355 508 μενοι
2381 435 2585 506 σεπτὴν
2621 435 2880 507 ἡγοῦνται
2926 433 3026 504 τὴν
3067 405 3412 504 Ἐκκλησίαν,
3473 437 3568 490 καὶ
3613 437 3784 492 δεδοι-

536 551 768 606 namque
805 536 992 591 civitas
1029 543 1112 588 cst
1163 533 1421 588 Ecclesia.
1468 531 1633 600 quue
1670 530 1828 585 docet
1882 522 2097 583 divinus

535 627 728 691 David,
761 624 905 679 velut
936 624 1077 676 illam
1108 622 1424 688 alloquens:
1453 638 1471 671 ι
1509 618 1757 676 Gloriosa
1797 619 1939 672 dicta
1971 625 2097 671 sunt

536 723 603 775 de
633 729 705 781 te,
731 717 924 773 civitas
948 715 1043 769 Dei
1069 715 1134 768 η.
1163 731 1182 765 ι
1207 713 1272 767 Ει
1295 713 1409 781 ipse
1434 712 1807 767 universorum
1837 710 2097 766 Dominus

539 811 617 863 ait
669 809 784 879 lyra
813 805 1096 863 Psallentis
1129 824 1142 860 :
1167 824 1187 857 ‹
1219 805 1317 860 llic
1339 803 1614 870 habitabo,
1639 803 1762 872 quia
1790 801 1923 871 elegi
1955 813 2095 856 eam.

537 900 717 954 Porta:
771 899 890 970 ejus
932 898 1254 953 benedicens
1297 896 1640 958 benedicam.
1686 909 1951 966 pauperes
1983 896 2100 965 ejus

539 987 795 1043 saturabo
819 986 1069 1058 panibus,
1088 985 1394 1040 sacerdotes
1415 981 1534 1058 ejus
1558 983 1773 1038 induam
1804 984 1976 1039 salute
1996 984 2092 1042 η.»

538 1080 632 1135 Sin
657 1079 785 1133 velit
833 1078 1094 1148 quispiam
1125 1087 1373 1146 posteros
1404 1090 1591 1130 eorum
1617 1089 1826 1146 regum,
1854 1076 1944 1144 qui
1974 1090 2098 1146 per—

536 1169 706 1226 secuti
738 1179 863 1224 sunt
889 1168 1206 1233 Ecclesiam,
1258 1166 1435 1220 dicere
1456 1166 1544 1236 qui
1577 1181 1720 1220 nunc
1748 1180 1867 1220 cum
1891 1166 2101 1222 honore

537 1272 594 1316 et
633 1264 826 1315 timore
869 1261 935 1315 ad
973 1275 1090 1316 eam
1126 1259 1367 1322 veniunt,
1403 1268 1460 1312 et
1502 1258 1738 1312 divinam
1769 1257 1921 1327 quasi
1962 1258 2099 1313 civi-

539 1362 701 1408 tatem
757 1353 1082 1422 suscipiunt,
1124 1369 1230 1408 non
1277 1351 1504 1407 discedit
1545 1365 1574 1404 a
1621 1365 1804 1420 scopo.
1850 1350 2103 1406 Videmus

537 1446 682 1500 enim
722 1445 984 1513 exemplis
1015 1459 1126 1497 rem
1151 1442 1220 1496 ad
1253 1457 1376 1495 eum
1405 1451 1655 1496 eventum
1688 1440 1995 1495 deductam.

2203 529 2377 591 κότες,
2426 527 2690 591 τουτέστι,
2729 525 2847 595 μετ’
2881 525 3180 591 εὐλαϐείας,
3229 527 3324 580 xui.
3376 526 3468 581 τὸν
3511 526 3657 582 θεῖον
3702 531 3785 596 είς

2200 619 2325 675 νοῦν
2351 620 2562 690 ἔχοντες
2594 618 2757 686 φόϐον
2785 617 3072 689 προσίασιν
3104 619 3240 690 αὐτῇ
3265 637 3279 651 ·
3319 639 3339 671 ‹
3367 619 3646 689 Κέκληται
3673 621 3786 692 γὰρ

2207 710 2361 774 πόλις
2388 710 2589 779 Κυρίου
2623 709 2760 763 Σιὼν
2783 709 2938 778 ἁγίου
2965 710 3231 780 Ἰσραήλ.»
3257 709 3394 764 Θεοῦ
3425 710 3534 783 γὰρ
3562 712 3720 775 πόλις
3747 715 3782 782 ή

2211 800 2523 871 Ἐκκλησία,
2556 799 2828 854 καὶτοῦτο
2857 801 3097 854 διδάσκει
3127 803 3156 855 δ
3187 801 3476 865 θεσπέσιος
3514 802 3686 856 Δαόὶδ
3710 802 3788 866 ὥς

2198 892 2335 962 πρὸς
2363 891 2553 962 αὐτὴν,
2582 909 2600 942 ι
2620 889 2989 961 Δεδοξασμένα
3011 891 3245 962 ἐλαλήθη
3271 895 3399 964 περὶ
3431 893 3546 956 σοῦ,
3564 895 3598 964 ἡ
3629 895 3790 958 πόλις

2197 982 2290 1037 τοῦ
2313 983 2470 1036 Θεοῦ.
2495 1001 2515 1034 s
2544 983 2655 1036 Καὶ
2684 983 2848 1045 αὐτὸς
2873 983 2930 1036 δέ
2962 997 3066 1035 που
3092 984 3256 1053 φησὶν
3302 987 3330 1038 ὁ
3351 984 3460 1037 τῶν
3505 985 3646 1039 ὅλων
3674 987 3789 1039 K23-

2205 1092 2320 1145 ριος
2342 1075 2428 1128 διὰ
2447 1075 2548 1146 τῆς
2571 1075 2668 1129 τοῦ
2699 1075 3003 1140 Ψάλλοντος
3021 1077 3210 1148 λύρας·
3254 1096 3272 1129 ι
3301 1073 3427 1131 ὀδε
3451 1081 3786 1149 κατοικήσω,

2204 1167 2287 1220 ὅτι
2313 1166 2651 1238 ᾑρετισάμην
2680 1167 2871 1238 αὐτὴν,
2918 1169 3018 1238 τὴν
3056 1168 3228 1240 θύραν
3270 1171 3443 1242 αὐτῆς
3484 1173 3788 1245 εὐλογήσω,

2206 1257 2334 1321 τοὺς
2379 1259 2628 1327 πτωχοὺς
2680 1259 2854 1329 αὐτῆς
2905 1260 3158 1330 χορτάσω
3198 1263 3386 1331 ἄρτον,
3441 1265 3571 1327 τοὺς
3623 1265 3791 1332 ίερεῐς

2208 1350 2381 1420 αὐτῆς
2408 1349 2610 1403 ἐνδύσω
2639 1351 2929 1422 σωτηρίαν.
2957 1370 2977 1404 s
3017 1354 3080 1406 Ei
3119 1354 3176 1406 δὲ
3211 1355 3276 1425 δὴ
3311 1355 3552 1424 βούλοιτὸ
3580 1373 3667 1419 τις
3699 1356 3790 1408 καὶ

2208 1440 2316 1493 τῶν
2346 1457 2476 1493 ποτε
2507 1439 2812 1507 διωξάντων
2847 1443 2946 1512 τὴν
2992 1442 3316 1513 Ἐκκλησίαν
3347 1445 3612 1516 βασιλέων
3641 1447 3788 1509 υἱοὺς

535 1538 661 1600 τοὺς
707 1535 943 1604 καθεξῆς
993 1533 1296 1605 ὀνομάζειν,
1333 1533 1382 1586 οἳ
1433 1532 1568 1602 μετὰ
1613 1532 1778 1602 τιμῆς
1814 1533 1907 1586 καὶ⁵
1948 1531 2100 1594 δέους
2170 1532 2565 1602 προσέρχονται
2631 1532 2726 1586 νῦν
2758 1535 2917 1604 αὐτῇ,
2956 1537 3051 1588 καὶ
3076 1535 3153 1599 ὠς
3190 1537 3340 1591 θείαν
3369 1539 3569 1610 τιμῶσι
3611 1539 3789 1598 πόλιν,

531 1629 636 1681 οὐκ
669 1626 772 1692 ἔξω
802 1628 1027 1698 φέρεται
1057 1626 1147 1679 τοῦ
1171 1625 1391 1680 σκοποῦ.
1437 1625 1682 1696 ὐρῶμεν
1706 1625 1814 1693 γάρ
1835 1627 1916 1687 εἰς
1939 1624 2096 1678 τοῦτο
2134 1623 2432 1696 ἐκϐεϐηκὸς
2453 1625 2514 1679 τὸ
2535 1625 2643 1680 τῶν
2668 1627 3006 1697 πραγμάτων
3031 1628 3219 1699 πέρας.

608 1716 772 1771 Vens.
805 1717 892 1779 15,
921 1715 1008 1770 l6.
1046 1713 1152 1768 Pro
1173 1731 1230 1769 eo
1263 1715 1405 1783 quod
1432 1714 1578 1780 {uisli
1602 1714 1873 1778 derelicta,
1897 1721 1947 1767 et
1973 1713 2094 1766 odio

2270 1714 2369 1766 Διὰ
2417 1713 2485 1766 τὸ
2535 1713 2809 1782 γενέσθαι
2866 1727 2942 1768 σε
2997 1715 3641 1788 ἐγκαταλελειμμένην,
3693 1711 3789 1773 καὶ

538 1811 752 1872 habita,
800 1819 847 1862 et
893 1824 994 1862 non
1035 1818 1146 1861 erat
1188 1807 1277 1875 qui
1328 1814 1674 1860 succurreret.
1713 1805 1779 1858 Et
1825 1821 2014 1873 ponam
2055 1812 2103 1856 te

2210 1801 2632 1872 μεμισημένην,
2675 1802 2773 1857 καὶ
2824 1805 2934 1857 οὐκ
2974 1800 3052 1874 ἦν
3085 1808 3118 1858 ὁ
3153 1806 3420 1874 βοηθῶν.
3465 1809 3576 1862 Καὶ
3622 1809 3789 1877 θήσω

539 1901 940 1955 exsultationem
973 1907 1249 1962 (sternam,
1285 1898 1541 1966 gaudium
1584 1897 1978 1966 generationum
2012 1912 2103 1964 ge-

539 1991 915 2046 nerationibus.
955 1989 1022 2042 Et
1054 2005 1204 2057 auges
1237 1987 1321 2042 lac
1345 1989 1596 2056 gentium,
1620 1995 1669 2042 et
1693 1987 1904 2040 divitias
1926 2002 2104 2055 regum

539 2085 796 2138 comedes.
845 2081 912 2136 Et
943 2082 1072 2136 seies
1106 2081 1232 2150 quia
1273 2095 1366 2150 ego
1413 2078 1672 2135 Dominus
1725 2080 1816 2151 qui
1856 2081 2000 2133 salvo
2035 2089 2100 2144 te,

537 2187 584 2231 st
615 2178 704 2246 qui
722 2191 846 2230 eruo
875 2183 924 2229 te
949 2174 1087 2228 Deus
1114 2171 1286 2227 Israel

615 2371 634 2403 ι
680 2352 813 2406 Eras
857 2351 1022 2416 enim,
1055 2349 1250 2419 inquit,
1301 2347 1555 2403 derelicta
1609 2355 1662 2400 et
1722 2345 1848 2401 odio
1904 2345 2105 2410 habita,

539 2453 595 2496 et
624 2458 730 2496 non
772 2451 890 2497 erat
931 2443 1020 2509 qui
1058 2449 1424 2495 succurreret.
1457 2459 1476 2492 ι
1524 2438 1651 2495 llaec
1688 2453 1852 2494 causa
1887 2438 2106 2493 humili-

537 2534 666 2588 tatis
710 2542 814 2586 tum
856 2532 1080 2586 exstitit.
1124 2529 1257 2585 Nam
1298 2531 1626 2585 debacchata
1659 2545 1720 2586 es
1759 2531 1812 2584 in
1862 2545 1984 2585 eum
2017 2529 2108 2598 qui

539 2627 769 2680 evehere
815 2637 871 2677 et
902 2622 1212 2677 felicitatem
1249 2621 1344 2675 tibi
1384 2621 1708 2674 incolumem
1760 2634 1978 2675 servare
2017 2635 2111 2689 po-

541 2725 679 2783 test;
715 2715 809 2770 sed
841 2728 998 2768 nemo
1026 2712 1127 2766 luit
1153 2713 1246 2782 qui
1275 2725 1493 2765 manum
1539 2711 1842 2780 porrigeret
1881 2711 2109 2764 auxilia-

542 2809 755 2872 tricem,
794 2821 860 2861 eo
901 2804 1045 2875 quod
1087 2805 1198 2859 Deo
1246 2803 1417 2859 invisa
1471 2817 1614 2857 eras.
1668 2803 2004 2856 Debacchata
2053 2817 2110 2856 es

543 2899 690 2954 enim
735 2912 842 2952 non
887 2897 940 2952 in
986 2911 1150 2951 unum
1195 2895 1424 2964 aliquem
1469 2894 1524 2949 in
1563 2895 1747 2949 servili
1804 2894 2112 2948 conditione

543 2993 809 3057 locatum,
857 2997 953 3045 aut
1009 2987 1241 3042 ministri
1293 3001 1487 3041 munus
1537 2986 1862 3050 obeuntem,
1906 2986 2000 3040 sed
2056 2987 2108 3038 in

2201 1907 2278 1947 σε
2343 1893 2688 1963 ἁγαλιιίαμα
2753 1894 3021 1959 αἰώνιον,
3099 1897 3486 1965 εὐφροσύνην
3557 1901 3789 1968 γενεαῖς

2201 1983 2443 2053 γενεῶν.
2484 1983 2595 2039 Καὶ
2647 1983 2938 2052 θηλάσεις
2965 1987 3121 2055 τάλα
3146 1988 3358 2053 ἐθνῶν,
3393 1991 3490 2044 καὶ
3513 1992 3790 2046 πλοῦτον·

2199 2073 2510 2139 ,ϐασιλέων
2563 2073 2836 2144 φάγεσαι.
2884 2077 2993 2130 Καὶ
3035 2077 3238 2147 γνώσῃ
3277 2077 3368 2132 ὅτι
3419 2081 3532 2150 ἐγὼ
3572 2085 3787 2148 Κύριος

2208 2167 2241 2216 ό
2285 2160 2487 2222 σώζων
2549 2177 2655 2229 σε,
2719 2165 2817 2218 καὶ
2873 2168 2908 2220 ὀ
2958 2165 3384 2237 ἐξαιρούμενός
3431 2187 3504 2224 σε
3560 2175 3593 2226 ό
3646 2172 3787 2236 Θεὸς

2221 2254 2490 2322 Ἰσραήλ.

2285 2365 2302 2398 t
2327 2347 2562 2416 Γέγονας
2615 2347 2715 2418 μὲν
2770 2347 2916 2417 γὰρ,
2965 2349 3166 2418 φησὶν,
3231 2352 3783 2422 ἐγκαταλελειμμένη,

2209 2439 2304 2492 καὶ
2349 2439 2723 2509 μεμισημένη,
2759 2439 2857 2492 καὶ
2887 2439 2986 2492 οῦκ
3016 2436 3086 2511 ἦν
3115 2443 3144 2494 δ
3179 2441 3405 2511 βοηθῶν.
3453 2462 3472 2494 ι
3519 2443 3665 2512 Αὕτη
3700 2459 3782 2494 σοι

2210 2529 2486 2599 πρόφασις
2507 2529 2609 2598 τῆς
2635 2527 3014 2592 ταπεινώσεως
3035 2525 3124 2602 ἢν,
3145 2533 3542 2603 πεπαρῴνηκας
3559 2535 3668 2600 γὰρ
3701 2534 3784 2596 εἰς

2209 2619 2301 2672 τὸν
2320 2619 2489 2689 ὑψοῦν
2509 2620 2828 2690 δυνάμενον,
2851 2622 2961 2675 καὶ
2993 2622 3316 2690 άκράδαντόν
3347 2639 3426 2675 σοι
3453 2623 3688 2690 φυλάξαι
3722 2625 3786 2676 τὸ

2211 2710 2521 2781 εὐημερεῖν.
2553 2712 2668 2765 ἀλλ’
2707 2713 2881 2776 οὐδεὶς
2902 2708 2970 2785 ἦν
3001 2717 3028 2768 δ
3054 2717 3204 2783 χεῖρα
3245 2714 3423 2784 νέμων
3467 2715 3782 2786 ἐπίκουρον,

2211 2801 2441 2873 ἐπείπερ
2470 2798 2614 2874 ἦσθα
2642 2804 2905 2875 θεομισής
2930 2821 2945 2836 ο
2995 2804 3401 2875 πεπαρῴνηκας
3430 2807 3538 2874 γὰρ
3569 2808 3671 2859 οῦκ
3710 2809 3788 2870 εἰς

2210 2892 2306 2945 ἕνα
2329 2893 2454 2947 τινὰ
2478 2892 2585 2946 τῶν
2611 2895 2670 2948 ἐν
2698 2893 2849 2959 τάξει
2883 2896 3150 2966 κειμένων
3182 2897 3445 2967 οἱκετικῇ,
3488 2898 3582 2950 καὶ
3609 2898 3785 2950 διακο-

2213 2986 2369 3056 νικὴν
2411 2987 2645 3056 ἐχόντων
2695 2986 2794 3058 τὴν
2826 2987 3190 3058 λειτουργίαν,
3233 2988 3346 3042 ἀλλ’
3391 2990 3469 3051 εἰς
3505 2989 3665 3042 αὐτὸν
3700 2989 3788 3042 τδν

546 3092 722 3154 ipsum
768 3083 1144 3138 universorum
1189 3078 1389 3148 Regem
1425 3093 1488 3132 ac
1518 3078 1824 3132 Dominum.
1873 3078 1942 3131 At
1975 3093 2107 3145 quo-

2210 3078 2313 3132 τῶν
2369 3079 2504 3132 ὅλων
2554 3078 2779 3149 βασιλέα
2833 3081 2930 3134 καὶ
2988 3078 3213 3151 Κύριον.
3269 3079 3487 3150 Ἐπειδὴ
3539 3079 3595 3132 δὲ
3646 3078 3789 3142 ἅπαξ

546 3175 688 3228 niam
734 3171 898 3226 semel
944 3168 1106 3239 851
1158 3167 1588 3223 humiliationem
1629 3167 1769 3222 hanc
1813 3181 1969 3235 passa
2027 3180 2108 3228 es,

545 3263 661 3317 haec
697 3261 918 3314 molesta
952 3260 1323 3326 praeteribunt,
1353 3265 1406 3310 et
1445 3257 1731 3324 posteriori
1766 3255 2030 3310 beneficio
2062 3263 2113 3310 te

545 3355 598 3405 in
633 3349 916 3420 pristinum
946 3356 1144 3402 statum
1175 3348 1443 3401 restituet.
1475 3345 1938 3412 Quemadmodum
1967 3346 2111 3401 enim

548 3457 643 3510 par
693 3450 833 3503 erat,
877 3439 1058 3493 divina
1113 3438 1202 3493 Dei
1254 3437 1559 3502 sententia,
1613 3446 1665 3492 te
1716 3437 2112 3492 inobedieutem

546 3531 762 3600 puniri;
806 3529 886 3586 sic
933 3542 1252 3584 conversam
1299 3536 1350 3582 te
1394 3526 1821 3582 misericordiam
1869 3525 2114 3581 invenire

543 3623 814 3680 convenit.
857 3641 875 3674 ι
912 3623 1110 3678 Ponam
1170 3631 1222 3677 te
1277 3621 1458 3692 igitur,
1521 3621 1734 3690 inquit,
1801 3621 2115 3677 exsultatio-

545 3731 668 3771 nem
700 3725 976 3770 zeternam.
1009 3733 1026 3766 ι
1077 3713 1221 3769 Nihil
1266 3723 1349 3768 est
1388 3713 1531 3768 enim
1566 3713 1718 3768 triste
1771 3713 1825 3767 in
1870 3713 2111 3768 Ecclesia

544 3807 772 3862 Christi.
816 3806 914 3862 Ubi
955 3807 1098 3861 enim
1133 3807 1353 3861 omnino
1396 3819 1518 3874 spes
1549 3815 1631 3860 est
1666 3805 2110 3874 incorruptionis,

543 3907 600 3954 et
644 3908 857 3954 aeternae
888 3900 1030 3962 vitae,
1084 3908 1139 3953 et
1193 3897 1536 3966 sempiterna:
1582 3897 1790 3967 glorize,
1841 3912 1906 3953 ac
1961 3899 2113 3966 regni

549 3989 844 4054 calorum,
891 3987 1161 4058 quomodo
1209 3987 1480 4042 mmstitia:
1531 3986 1680 4039 locus
1728 4000 1850 4041 esse
1902 3988 2115 4056 potest?

550 4095 570 4130 ι
596 4079 662 4133 Ει
690 4093 848 4150 suges
874 4078 956 4132 lac
978 4078 1240 4148 gentium,
1261 4085 1316 4132 et
1340 4076 1554 4131 divitias
1589 4091 1774 4146 regum
1805 4080 2104 4133 comedes.»

549 4168 772 4226 Videtur
819 4169 1090 4224 nonnullis
1155 4184 1346 4223 sensus
1399 4169 1756 4239 propheticus
1816 4168 1920 4222 tale
1984 4169 2114 4238 quid

548 4263 745 4316 docere
791 4280 804 4316 :
847 4260 1042 4315 multos
1083 4275 1150 4316 ex
1193 4274 1354 4330 grege
1394 4275 1458 4315 ac
1503 4275 1730 4315 numero
1775 4259 2110 4326 Graecorum,

547 4352 843 4421 Scripturis
874 4352 1131 4406 divinitus
1180 4350 1459 4418 inspiratis
1518 4350 1762 4404 eruditos
1791 4359 1840 4406 et
1875 4359 2112 4406 tractan-

2213 3169 2486 3234 πέπονθας
2538 3170 2636 3241 τὴν
2682 3171 3009 3225 ταπείνωσιν
3047 3171 3346 3242 παρελάσει
3396 3171 3465 3224 τὰ
3521 3169 3786 3241 μοχθηρὰ,

2211 3261 2438 3324 καὶτοῖς
2467 3260 2744 3332 δευτέροις
2775 3261 3138 3332 ἀνακτήσεταί
3160 3278 3238 3315 σε.
3268 3264 3476 3326 ’Ὠσπερ
3504 3260 3611 3330 γὰρ
3636 3260 3787 3312 ἀπει-

2212 3351 2457 3421 θήσασαν
2495 3352 2602 3406 ἔδει
2646 3351 2971 3417 κολάζεσθαι
2999 3351 3168 3422 ψήφῳ
3209 3351 3394 3421 δικαίᾳ
3431 3350 3588 3412 Θεοῦ,
3621 3347 3786 3413 οὕτως

2211 3441 2619 3515 ἐπιστρέψασαν
2663 3443 2932 3497 ἐλεεῖσθαι
2980 3443 3200 3513 πρέπει.
3239 3461 3258 3495 ι
3294 3444 3459 3514 Θήσω
3490 3459 3547 3495 σε
3590 3443 3787 3501 τοίνυν,

2212 3533 2400 3603 φησὶν,
2452 3533 2798 3604 εὐφροσύνην
2841 3535 3054 3602 γενεαῖς
3101 3533 3328 3602 γενεῶν⁸
3363 3551 3384 3584 ι
3434 3532 3657 3600 στυγνὸν
3687 3530 3790 3600 γὰρ

2211 3622 2364 3676 οὐδὲν
2397 3625 2454 3678 ἐν
2499 3622 2797 3694 Ἐκκλησία
2841 3621 3101 3694 Χριστοῦ,
3157 3622 3290 3676 ὅπου
3330 3621 3387 3675 δέ
3442 3620 3585 3683 ὅλως
3641 3620 3788 3682 ἐλπὶς

2214 3713 2546 3783 ἀφθαρσίας,
2605 3714 2699 3767 καὶ
2745 3713 3106 3786 ἀτελευτήτου
3158 3714 3325 3783 ζωῆς,
3372 3712 3468 3766 καὶ
3513 3712 3788 3783 άμηρύτου

2214 3805 2393 3876 δόξης,
2425 3806 2516 3858 καὶ
2541 3804 2817 3875 βασιλείας
2847 3806 3112 3878 οὐρανῶν,
3143 3807 3296 3862 ποῖον
3318 3805 3384 3860 ἂν
3411 3804 3525 3876 ἔχοι
3546 3804 3608 3858 τὸ
3629 3821 3791 3872 κατη-

2213 3895 2345 3964 φές;
2377 3895 2758 3967 Καὶθηλάσεις
2779 3897 2919 3966 γάλα
2944 3897 3133 3963 ἐθνῶν,
3163 3897 3258 3952 καὶ
3285 3896 3512 3952 πλοῦτον
3539 3895 3792 3966 βασιλέων

2215 3987 2469 4056 φάγεσαι.
2494 3989 2604 4042 Καὶ
2627 3989 2776 4042 δοκεῖ
2805 3989 2904 4060 μέν
2929 4006 3038 4043 τισι
3063 3989 3301 4042 τοιοῦτόν
3331 3989 3671 4042 τιδιδάσκειν
3697 3987 3794 4055 τῆς

2213 4078 2549 4150 προφητείας
2575 4080 2606 4131 ὁ
2625 4080 2771 4147 νοῦς,
2804 4081 2887 4134 ὅτι
2915 4079 3099 4134 πολλοὶ
3135 4078 3243 4132 τῶν
3279 4079 3339 4145 ἐξ
3363 4079 3562 4148 ἀγέλης
3599 4077 3786 4145 Ἑλλη-

2213 4170 2372 4240 νικῆς
2401 4171 2772 4241 σεσοφωμένοι
2799 4170 2889 4225 τὸν
2921 4170 3046 4225 νοῦν
3091 4173 3212 4234 ταῖς
3243 4170 3619 4232 θεοπνεύστοις
3651 4167 3794 4238 Γρα-

2215 4263 2364 4328 φαῐς,
2385 4261 2478 4314 καὶ
2505 4260 2840 4332 δογματικῆς
2872 4262 3153 4331 εὐτεχνίας
3179 4264 3259 4325 είς
3285 4261 3485 4329 γνῶσιν
3516 4259 3793 4330 ἀναπηδή-

2215 4369 2426 4416 σαντες,
2459 4352 2670 4407 ἐσονται
2688 4353 2997 4408 διδάσκαλοι
3019 4354 3115 4424 τῆς
3145 4354 3204 4420 ἐξ
3247 4353 3516 4406 Ἰουδαίων
3545 4353 3798 4419 Συναγω-

545 4444 735 4498 dorum
773 4443 1080 4511 dogmatutn
1120 4440 1468 4509 intelligentia
1497 4441 1782 4510 przeditos,
1835 4441 1952 4499 fore
1987 4445 2112 4499 doc-

2218 4442 2340 4513 γῆς.
2371 4445 2530 4495 Δοκεῖ
2554 4441 2612 4495 δέ
2639 4459 2755 4506 πως
2783 4445 2864 4506 είς
2890 4442 2951 4495 τὸ
2976 4441 3148 4513 παρὸν
3179 4442 3208 4493 δ
3237 4441 3414 4509 λόγος,
3444 4440 3566 4509 οὐχὶ
3597 4438 3803 4507 ταύτην

550 4544 694 4590 tores
723 4533 959 4589 Judaicae
988 4535 1302 4604 Synagogze.
1334 4531 1440 4588 Sed
1463 4533 1718 4588 aliorsum
1759 4535 1969 4589 videtur
1998 4535 2114 4591 haec

547 4627 722 4681 oratio
766 4627 1008 4692 tendere,
1041 4641 1139 4682 nec
1184 4628 1322 4680 hanc
1354 4626 1495 4680 viam
1525 4641 1644 4682 esse
1679 4636 1732 4683 et
1765 4642 2111 4698 progressum

550 4716 711 4785 hujus
758 4719 1074 4780 sententiae,
1122 4717 1360 4785 illudque
1410 4726 1588 4786 potius
1635 4717 1772 4773 velle
1821 4718 2109 4784 denotare;

548 4804 900 4862 cumulandos
937 4818 1058 4859 esse
1088 4818 1180 4859 eos
1214 4807 1484 4860 fructuum
1516 4805 1882 4861 oblationibus
1932 4815 1986 4860 et
2025 4822 2114 4861 re-

549 4899 652 4969 giis
687 4897 928 4953 donariis
957 4897 1222 4967 gentium.
1271 4895 1439 4966 quue
1487 4912 1670 4952 verum
1717 4912 1836 4953 esse
1879 4897 2118 4952 ostendit

553 5007 666 5062 ipsa
705 5005 880 5046 rerum
911 4989 1268 5058 experientia.
1317 4987 1413 5044 liis
1453 4989 1527 5043 ita
1583 4989 1890 5045 absolutis:
1923 5006 1942 5040 ι
1987 4988 2122 5059 Ego,

2213 4531 2348 4587 ἰέναι
2387 4533 2587 4604 μᾶλλον
2623 4533 2735 4586 τῶν
2776 4533 2997 4588 ἐννοιῶν
3038 4533 3137 4603 τὴν
3173 4533 3312 4598 ὁδὸν,
3362 4531 3540 4584 ἐκεῖνο
3583 4530 3644 4584 δὲ
3677 4529 3803 4592 ἴσως

2212 4624 2496 4696 βούλεσθαι
2533 4626 2893 4697 καταδηλοῦν,
2939 4627 3021 4680 ὅτι
3057 4628 3178 4690 ταῖς
3214 4624 3273 4690 ἐξ
3317 4623 3485 4678 ἐθνῶν
3517 4637 3804 4695 καρποφο-

2214 4717 2376 4790 ρίαις,
2439 4719 2533 4771 καὶ
2581 4717 2881 4788 βασιλικοῖς
2935 4717 3278 4788 ἀναθήμασιν
3324 4713 3804 4786 ἐμπλησθήσεται.

2219 4808 2556 4862 Διαδείκνυσι
2577 4808 2687 4880 γὰρ
2712 4808 2912 4880 ἀληθὲς
2937 4807 2995 4862 ὃν
3024 4807 3294 4862 καὶτοῦτο
3323 4805 3430 4858 τῶν
3460 4803 3809 4874 πραγμάτων

2223 4903 2257 4972 ή
2283 4904 2462 4972 πεῖρα.
2512 4901 2730 4955 Τούτων
2774 4901 2830 4954 δὲ
2858 4900 2998 4955 οὕτω
3031 4898 3430 4969 τετελεσμένων
3477 4897 3668 4965 φησὶν,
3726 4895 3810 4948 ὅτι

2240 5012 2260 5046 s
2299 4992 2441 5061 Ἐγὼ
2476 4994 2679 5065 Κύριος
2710 4996 2738 5046 ὁ
2765 4991 2953 5056 σώζων
2997 5008 3076 5046 σε.
3103 5011 3120 5042 ι
3181 4991 3266 5053 Ὡς
3303 4989 3412 5059 γὰρ
3449 4991 3480 5041 ὁ
3519 4989 3812 5058 προφήτης

551 5080 746 5151 inquit,
809 5079 1066 5135 Dominus
1095 5080 1186 5148 qui
1215 5091 1374 5132 servo
1413 5087 1482 5133 te.
1523 5095 1543 5130 ι
1570 5074 1730 5140 Nam,
1769 5083 1827 5128 ut
1864 5074 2112 5145 prepheta

2234 5088 2396 5157 φησὶν
2433 5088 2657 5151 Ἡσαΐας
2680 5105 2692 5118 ·
2727 5107 2746 5139 ι
2774 5088 2838 5142 Ei
2863 5086 2936 5157 μὴ
2970 5085 3177 5157 Κύριος
3193 5082 3421 5137 Σαϐαὼθ
3443 5081 3810 5150 ἐγκατέλιπεν

551 5171 720 5228 Isaias
770 5171 847 5226 ait
897 5189 912 5226 :
955 5187 975 5221 ι
1031 5167 1142 5223 Nisi
1198 5169 1454 5223 Dominus
1521 5165 1761 5222 SabaOth
1818 5164 2112 5235 reliquisse!

2228 5180 2359 5250 ἡμῖν
2392 5178 2634 5250 σπέρμα,
2672 5179 2746 5241 ὼς
2781 5177 2989 5246 Σόδομα
3017 5176 3083 5230 ἂν
3105 5175 3462 5244 ἐγενήθημεν.
3481 5174 3576 5225 καὶ
3603 5171 3682 5233 ὡς
3711 5172 3752 5223 Γ
3752 5171 3809 5223 ὁ-

552 5265 709 5320 nobis
762 5277 976 5330 semen,
1027 5260 1180 5328 quasi
1229 5256 1461 5313 Sodoma
1512 5256 1800 5312 fuissemus
1855 5265 1913 5312 et
1961 5257 2112 5325 quasi

2229 5271 2405 5341 μοῤῥα
2436 5269 2502 5322 ἂν
2535 5267 2922 5339 ὡμοιώθημεν.
2945 5284 2964 5316 ι
3017 5265 3214 5333 Χάριτι
3247 5263 3356 5333 γὰρ
3384 5261 3479 5315 καὶ
3506 5260 3811 5330 φιλανθρω-

551 5355 864 5410 Gomorrhtc
895 5353 1095 5410 similes
1129 5353 1192 5406 “.
1225 5370 1244 5404 ι
1278 5350 1460 5406 Gratia
1500 5349 1644 5404 enim
1686 5357 1742 5404 et
1777 5349 2112 5405 humanitate

2227 5361 2328 5430 sti;
2351 5359 2486 5412 Θεοῦ
2517 5360 2782 5412 σέσωσται
2808 5357 2869 5411 τὸ
2897 5357 3248 5427 κατάλειμμα
3269 5352 3361 5406 τοῦ
3396 5349 3632 5421 Ἰσραὴλ,
3667 5348 3810 5401 ὥστε

558 5445 652 5498 Dei
681 5457 906 5503 servatas
940 5457 1067 5504 sunt
1097 5446 1335 5517 reliquiae
1366 5443 1604 5510 lsraelis,
1635 5459 1702 5499 ne
1728 5443 1784 5499 in
1825 5451 1992 5502 totum
2022 5443 2111 5500 illa

2230 5451 2305 5521 μὴ
2327 5451 2557 5505 εἰσάπαν
2586 5451 2876 5506 ἀπολέσθαι
2907 5451 2966 5504 τὸ
3000 5448 3060 5513 ἐξ
3085 5448 3254 5517 ἁγίων
3286 5443 3533 5514 πατέρων
3560 5441 3739 5500 ἔθνος.

556 5549 686 5614 gens
714 5552 781 5593 ex
809 5539 1014 5594 sanctis
1039 5548 1160 5595 orta
1189 5537 1434 5608 patribus
1463 5535 1772 5606 disperiret.

627 5711 668 5743 ”
695 5709 834 5767 l‘sal.
878 5726 1094 5767 Lxxxw.
1127 5712 1178 5765 5.
1258 5713 1297 5743 ¹³
1330 5710 1471 5766 Psal.
1505 5727 1688 5772 cum.
1733 5712 1908 5769 l4-l6.
1986 5714 2025 5745 ”
2056 5714 2160 5767 lsn.
2196 5727 2236 5768 ι.
2269 5712 2318 5766 9.
