4042 6218
308 329 434 386 1361

1427 334 1495 389 ΙΝ
1532 336 1762 390 lSAlAM
1801 338 1932 396 LIB.
1981 340 2040 397 V.
2084 343 2322 402 TOMUS
2357 345 2444 402 IV.

3394 349 3532 402 lli-£2

374 441 484 495 Καὶ
529 441 660 496 ἀντὶ
703 444 934 510 χαλκοῦ
987 445 1134 498 οἴσω
1177 464 1273 500 σοι
1315 449 1591 515 χρυσίον,
1635 451 1768 504 ἀντὶ
1807 452 1878 506 δὲ

2053 459 2213 519 Vens.
2260 461 2346 515 l7.
2395 461 2456 514 Et
2501 479 2592 531 pro
2631 481 2732 517 rere
2778 463 2997 532 olerum
3045 463 3139 515 tibi
3193 477 3405 526 aurum,
3447 479 3543 524 pro

303 533 558 602 σιδήρου
589 535 734 588 οισω
760 548 856 587 σοι
884 536 1185 605 ἀργύριον,
1213 539 1345 592 ἀντὶ
1373 539 1441 592 δὲ
1475 541 1696 607 ξύλων,
1732 543 1880 596 οἴσω

313 637 406 676 σοι
432 623 681 690 χαλκὸν,
725 625 858 677 ἀντὶ
887 625 958 678 δὲ
983 628 1190 688 λίθων,
1227 628 1500 696 σίδηρον.
1552 633 1664 684 Καὶ
1710 631 1881 686 δώσω

305 713 450 777 τοὺς
485 711 778 781 ἄρχοντάς
813 732 933 770 σου
959 717 1029 771 ἐν
1064 718 1294 787 εἰρήνῃ,
1330 721 1427 775 καί
1460 721 1603 787 τοὺς
1630 722 1880 778 ἐπισκό-

310 819 461 868 πους
487 817 601 855 σου
637 803 708 855 ἐν
733 804 1110 876 δικαιοσύνῃ.

374 893 592 961 Δέχεται
623 894 722 963 μὲν
750 897 851 960 τὰς
873 898 1004 964 ὔλας
1029 901 1103 965 ὼς
1127 903 1185 955 ὲν
1215 903 1364 967 τάξει
1391 905 1876 976 παραδειγμάτων,

307 981 560 1051 πλείστην
585 985 719 1055 ὅσην
753 989 982 1057 ἐχούσας
1023 992 1120 1062 τὴν
1149 993 1285 1062 πρὸς
1321 993 1556 1065 ἀλλήλας
1594 997 1876 1069 διαφοράν.

305 1072 561 1142 Σημαίνει
587 1075 644 1128 δέ
675 1095 727 1130 τι
752 1078 997 1148 πλαγίως
1024 1086 1390 1157 πνευματικὸν
1431 1088 1524 1140 καὶ
1553 1087 1710 1157 βαθύ.
1744 1089 1880 1141 Βού-

303 1161 449 1214 λεται
473 1162 582 1235 γὰρ
614 1167 789 1222 είπεῖν
806 1147 887 1223 ὅτι
914 1171 1093 1225 πάντα
1119 1147 1252 1245 Eia;
1278 1176 1347 1228 τὰ
1377 1147 1582 1246 ἀμείνω
1610 1147 1882 1250 μεταστή-

303 1269 480 1317 σεται,
511 1258 736 1312 καὶτῶν
765 1261 996 1332 πρώτων
1032 1263 1217 1319 διοίσει
1245 1266 1311 1319 τὰ
1347 1268 1595 1340 δεύτερα.
1617 1270 1882 1340 Παραχω-

304 1345 462 1414 ρήσει
495 1346 604 1416 γὰρ
630 1350 846 1415 πάντως
875 1355 908 1423 ή
932 1355 990 1406 ὲν
1017 1354 1166 1424 νόμῳ
1206 1357 1488 1420 παίδευσις
1530 1361 1597 1430 τῇ
1635 1359 1722 1412 διὰ
1746 1361 1883 1429 Χρι·

299 1433 450 1496 στοῦ,
495 1438 747 1494 τουτέστι
823 1445 937 1506 τοῖς
983 1446 1358 1514 εὐαγγελικοῖς
1395 1446 1750 1518 θεσπίσμασι,
1786 1449 1882 1502 καὶ

297 1525 547 1582 τοσοῦτον
573 1527 735 1584 ἔσται
761 1532 821 1584 τὸ
850 1533 1076 1602 μεταξὺ,
1103 1538 1334 1608 ὅσονπερ
1370 1537 1435 1590 ἂν
1467 1538 1557 1592 καὶ
1603 1541 1651 1591 εί
1697 1539 1757 1592 τὸ
1793 1539 1884 1593 διὰ

301 1615 465 1686 μέσου
508 1619 721 1688 χαλκοῦ
762 1624 856 1676 καὶ
897 1626 1123 1697 χρυσοῦ.
1178 1629 1535 1700 Χρυσοφανὴς
1571 1630 1669 1699 μὲν
1706 1630 1814 1701 γὰρ
1854 1632 1884 1684 ὁ

301 1705 518 1774 χαλκὸς,
555 1710 700 1781 πλὴν
732 1713 833 1766 οὐκ
868 1714 982 1768 ἔστι
1024 1717 1242 1787 χρυσὸς,
1283 1718 1666 1788 ἀργυροφανὴς
1701 1719 1756 1771 δὲ
1791 1720 1882 1772 καὶ⁹

1981 547 2120 616 {erro
2147 551 2312 620 feram
2355 553 2449 606 tibi
2487 565 2781 624 argentum,
2814 572 2908 624 pro
2933 554 3089 624 lignis
3115 552 3281 621 feram
3319 553 3414 606 tibi
3448 569 3542 621 ws,

1978 655 2072 707 pro
2093 641 2354 706 lapidibus
2379 644 2597 714 ferrum.
2630 644 2694 697 Et
2722 645 2857 698 dabo
2883 646 3140 715 principes
3166 655 3282 698 tuos
3314 645 3364 697 in
3394 661 3543 713 pace,

1979 737 2028 781 et
2061 729 2322 800 episcopos
2374 743 2489 786 tuos
2529 735 2583 786 in
2618 733 2850 804 justitia.

2051 905 2305 982 Materias
2343 908 2508 962 sumit
2534 908 2766 977 exempli
2804 907 2942 970 loco,
2971 921 3088 974 qua:
3131 907 3356 959 multum
3401 905 3544 959 inter

1980 1010 2039 1050 se
2089 997 2361 1054 diﬂ‘erunt.
2431 997 2712 1066 Signiﬁcat
2766 1008 2946 1050 autem
3015 996 3233 1064 oblique
3288 995 3540 1064 quiddam

1979 1088 2258 1157 spirituale
2286 1097 2339 1141 et
2379 1087 2723 1158 profundum.
2765 1087 2890 1141 Vult
2927 1087 3069 1141 enim
3111 1087 3295 1140 dicere
3359 1086 3539 1139 omnia

1979 1179 2032 1231 in
2061 1179 2251 1233 melius
2281 1192 2406 1234 esse
2439 1179 2830 1241 convertenda,
2863 1187 2916 1230 et
2951 1177 3141 1246 primis
3169 1175 3544 1245 prmstantiora

1982 1267 2094 1322 fore
2126 1270 2390 1324 secunda.
2421 1268 2589 1324 Cedet
2620 1269 2762 1322 enim
2793 1269 3015 1321 omnino
3064 1267 3249 1336 legalis
3282 1265 3546 1318 institutio

1977 1358 2324 1424 Christianae,
2357 1359 2409 1412 id
2441 1367 2546 1424 est,
2578 1358 2907 1427 evangelicis
2947 1357 3215 1424 oraculis;
3247 1365 3301 1411 et
3337 1365 3544 1409 tantum

1977 1448 2084 1501 erit
2108 1448 2743 1517 intervallum,quantum
2780 1449 2922 1502 inter
2949 1463 3024 1502 aes
3058 1459 3112 1502 et
3145 1463 3335 1501 aurum
3378 1449 3547 1500 inter-

1979 1546 2085 1592 est.
2120 1537 2220 1593 Es
2258 1539 2400 1592 enim
2443 1539 2676 1607 speciem
2713 1539 2829 1592 auri
2902 1540 3078 1603 habet,
3112 1554 3295 1594 verum
3329 1554 3434 1592 non
3465 1548 3547 1593 est

1981 1645 2195 1684 aurum.
2229 1629 2474 1698 Argento
2523 1629 2698 1683 simile
2732 1637 2816 1683 est
2861 1631 3086 1692 ferrum,
3131 1629 3271 1682 inest
3313 1630 3454 1682 enim
3497 1630 3544 1681 ei

1982 1721 2235 1787 quiddam
2290 1720 2557 1786 lucidum,
2597 1737 2782 1774 verum
2830 1738 2935 1774 non
2970 1731 3054 1774 est
3103 1731 3404 1791 argentum,
3455 1722 3547 1772 sed

301 1799 330 1849 ὁ
366 1799 612 1870 σίδηρος,
649 1802 829 1857 ἔνεστι
855 1805 964 1878 γὰρ
1000 1807 1062 1860 τὸ
1109 1808 1358 1880 λαμπρὸν
1395 1812 1562 1882 αὐτῷ,
1606 1811 1747 1880 πλὴν
1784 1811 1882 1864 οὐκ

1984 1811 2341 1879 ριἐιξειειηιίοιί
2376 1812 2600 1865 inultum
2631 1813 2793 1866 cedit.
2827 1811 3078 1881 Legalcm
3114 1811 3298 1880 itaque
3328 1811 3546 1864 inStitu-

302 1887 718 1961 ἄργυροςιξάλλ⁹
736 1897 965 1966 ἡττᾶται
993 1899 1128 1954 πολὺ
1160 1901 1254 1954 τοῦ
1293 1901 1640 1974 προῦχοντος.
1677 1903 1884 1956 Οὐκοῦν

303 1981 403 2051 τὴν
456 1985 516 2036 ὲν
554 1986 706 2058 νόμῳ
749 1990 1029 2047 παίδευσιν
1069 1995 1404 2064 παρεικάσαι
1439 2012 1522 2061 τις
1569 1996 1768 2049 δύναιτ’
1819 1996 1886 2049 ἂν

305 2073 510 2144 Χαλκῷ,
540 2079 731 2149 χρυσῷ
764 2099 828 2150 γε
875 2082 982 2155 μὴν
1022 2085 1124 2158 τὴν
1162 2084 1251 2140 διὰ
1290 2086 1544 2157 Χριστόν·
1591 2088 1684 2141 καὶ
1724 2086 1887 2140 πάλιν

300 2165 403 2237 τῆς
433 2167 491 2219 ἐν
534 2169 683 2242 νόμῳ
734 2173 1010 2240 πολιτείας
1051 2176 1150 2249 τὴν
1189 2177 1422 2248 δύναμιν
1447 2179 1888 2254 παρεικάσαιτις

303 2255 373 2308 ἂν
403 2257 628 2330 σιδήρῳ.
668 2268 1084 2337 μεμετρημένον
1112 2269 1286 2339 ἔχοντι
1320 2272 1384 2325 τὸ
1427 2271 1671 2343 φαιδρὸν,
1700 2273 1799 2341 τήν
1823 2289 1887 2340 τε

306 2345 413 2417 μὴν
452 2349 512 2402 ὲν
546 2351 768 2423 Χριστῷ
800 2356 895 2408 καὶ
946 2359 1330 2432 εύαγγελικὴν,
1368 2363 1596 2434 ἀργύρῳ
1645 2363 1844 2433 μᾶλλον
1869 2380 1882 2394 ·

301 2437 642 2512 τελεωτάτην
668 2443 777 2515 γὰρ
809 2447 923 2516 ἔχει
955 2449 1307 2521 φαιδρότητα,
1331 2454 1558 2523 νοητῶς.
1592 2455 1882 2524 Ταύτῃτοιο

305 2530 398 2584 καὶ
427 2533 456 2584 ό
491 2532 763 2604 πάνσοφος
805 2538 1036 2604 Παῦλος,
1078 2543 1258 2596 καίτοι
1286 2544 1534 2598 πλεῖστον
1565 2547 1688 2600 ὅσον
1719 2548 1884 2616 ἐσχη-

305 2618 456 2673 κέναι
508 2621 678 2692 λέγων
735 2627 823 2680 διὰ
858 2628 959 2698 τῆς
1005 2631 1064 2683 ἐν
1107 2632 1255 2702 νόμῳ
1308 2634 1454 2704 ζωῆς
1501 2636 1562 2688 τὸ
1604 2637 1882 2707 καύχημα,

305 2710 554 2777 γνώσεώς
595 2731 652 2768 τε
683 2718 782 2788 τῆς
819 2720 911 2772 ὑπ’
939 2721 1129 2783 αὑτοῦ.
1179 2724 1419 2779 σκύϐαλα
1454 2727 1553 2796 μὲν
1586 2729 1772 2796 ἡγεῖτο
1816 2729 1885 2782 τὰ

306 2802 506 2870 πάντα,
548 2807 781 2877 Χριστὸν
806 2811 862 2863 δὲ
903 2813 1207 2883 κερδαίνειν
1244 2815 1431 2886 ἤθελε,
1475 2819 1569 2871 καὶ
1605 2818 1664 2870 τὸ
1688 2819 1885 2889 ὑπερέ-

305 2908 399 2961 χον
430 2893 530 2962 τῆς
561 2893 816 2963 γνώσεως
850 2900 1039 2955 αὐτοῦ.
1084 2900 1229 2957 Ξύλα
1253 2904 1309 2958 δὲ
1349 2907 1444 2959 καὶ
1469 2906 1606 2960 λίθοι
1639 2909 1884 2979 χρήσιμα

305 2983 443 3054 πρὸς
464 2987 753 3059 οἰκοδομήν
773 3005 787 3019 ·
812 2992 1118 3064 εὑρήσομεν
1152 2995 1206 3048 δὲ
1235 2997 1326 3050 τὸν
1358 2998 1632 3068 πάνσοφον
1673 3000 1882 3053 Παῦλον

1987 1904 2185 1957 tionem
2222 1916 2540 1970 comparare
2569 1905 2693 1972 quis
2724 1903 2919 1972 poterit
2947 1901 3113 1974 852
3148 1903 3262 1972 aeri,
3285 1903 3547 1957 Christia-

1986 2009 2109 2047 nam
2139 2009 2292 2050 auro.
2325 1992 2536 2048 Rursus
2569 1993 2789 2062 legalem
2819 1993 3065 2063 politiam
3092 2008 3407 2063 comparare
3427 1993 3548 2062 quis

1987 2087 2183 2152 poterit
2240 2083 2424 2147 ferro,
2475 2087 2618 2154 quod
2675 2087 3000 2140 mediocrem
3049 2084 3335 2154 quemdam
3390 2086 3546 2139 habet

1984 2177 2350 2244 splendorem,
2393 2191 2457 2231 ac
2499 2176 2863 2231 Christianam
2910 2187 2966 2230 et
3003 2174 3409 2244 evangelicam,
3458 2191 3546 2228 ar-

1985 2272 2146 2332 gento
2187 2265 2396 2332 potius;
2428 2265 2883 2332 perfectissimum
2917 2265 3062 2319 enim
3094 2265 3254 2319 habet
3298 2265 3548 2334 splendo-

1989 2372 2100 2411 rem
2168 2357 2598 2427 intelligibiliter.
2653 2357 2789 2413 Hinc
2845 2358 3279 2427 sapientissimus
3332 2357 3549 2418 Paulus,

1984 2450 2086 2503 etsi
2120 2449 2264 2502 dicat
2308 2464 2366 2502 se
2416 2451 2617 2504 habere
2665 2449 2804 2503 unde
2848 2448 3066 2519 gloriari
3115 2449 3286 2516 possit
3332 2458 3549 2517 propter

1986 2540 2150 2592 vitam
2204 2539 2256 2593 iu
2308 2538 2422 2607 lege
2478 2549 2832 2604 transactam,
2887 2542 3112 2610 ejusque
3158 2541 3549 2610 cognitionem,

1985 2645 2084 2698 pro
2108 2631 2436 2682 stercoribus
2461 2635 2638 2683 tamen
2664 2630 2811 2684 ducit
2833 2632 3045 2696 omnia;
3073 2629 3345 2685 Christum
3372 2640 3550 2681 autc-m

1985 2720 2186 2774 lucrari
2223 2721 2454 2785 volebat,
2491 2731 2548 2776 et
2586 2721 2909 2790 cognitionis
2944 2712 3063 2790 ejus
3093 2722 3459 2792 pratstantiam
3483 2721 3549 2772 ".

1988 2809 2160 2880 Ligna
2190 2819 2246 2865 et
2282 2810 2486 2879 lapides
2544 2812 2610 2864 ad
2641 2811 3050 2865 mdiﬁcatiouem
3100 2811 3316 2881 quidem
3362 2809 3549 2864 coul‘e-

1983 2910 2143 2967 runt;
2177 2899 2511 2955 inveniemus
2557 2910 2736 2954 tamen
2801 2901 3261 2968 sapientissimum
3326 2899 3546 2952 Paulum

1979 2992 2334 3061 quorumdam
2412 2993 2759 3062 mystagogiaa
2822 2993 2928 3045 vim
2983 3006 3104 3046 cum
3170 2993 3254 3046 his
3314 2989 3551 3046 materiis

303 3077 404 3146 τῆς
445 3079 597 3148 παρά
632 3097 794 3135 τινων
826 3087 1218 3155 μυσταγωγίας
1255 3087 1353 3159 τὴν
1395 3089 1624 3160 δύναμιν
1655 3090 1882 3155 ταύταις

303 3167 701 3195 --Α-...λ.>“,..,..
758 3176 875 3195 -..ῼΑ
927 3175 976 3195 κη
1073 3194 1076 3195 ,
1231 3179 1290 3195 ns
1398 3179 1440 3195 1,
1808 3183 1818 3195 ι

1986 3097 2317 3152 comparare.
2369 3098 2390 3134 ι
2443 3084 2499 3137 Si
2549 3086 2672 3152 quis
2715 3083 2902 3149 enim,
2951 3085 3159 3154 inquit,
3215 3093 3548 3151 superstruat

1992 3175 2078 3195 1⁵η-.
2096 3175 2206 3195 Δ---
2222 3185 2337 3195 A‘..-
2393 3173 2527 3195 I:___-
2606 3175 2781 3195 0---”---
2873 3175 2976 3195 I-_‘_
3004 3179 3074 3195 ι--
3161 3175 3400 3195 _.!_s.l,.__.
3431 3173 3474 3195 ιιι
3532 3193 3541 3195 -

303 3167 705 3237 παρεικάζοντα
756 3176 875 3236 ταῖς
926 3175 1098 3239 ὕλαις.
1168 3197 1186 3229 ι
1229 3179 1292 3231 Ei
1346 3179 1455 3251 γάρ
1513 3198 1630 3248 τις,
1697 3183 1880 3253 φησιν,

303 3258 648 3328 ἐποικοδομεί
682 3261 774 3314 ἐπὶ
813 3261 906 3316 τὸν
951 3263 1219 3336 Θεμέλιον,
1259 3267 1412 3336 ξύλα,
1443 3271 1655 3342 χόρτον,
1681 3271 1882 3336 λίθους,

304 3345 576 3420 καλάμην.
607 3369 624 3401 ι
665 3351 868 3406 Τούτου
903 3354 960 3408 δὲ
996 3355 1172 3420 οὕτως
1196 3357 1432 3429 ἔχοντος,
1472 3363 1650 3414 ἐκεῖνό
1677 3379 1880 3432 φαμεν,

303 3439 384 3492 ὅτι
419 3439 528 3494 τῶν
561 3441 960 3514 Γραμματὲων,
996 3448 1090 3500 καὶ
1131 3449 1441 3519 Φαρισαίων
1475 3454 1509 3522 ὴ
1547 3453 1882 3518 διδασκαλία,

304 3530 478 3600 ἤγουν
504 3533 758 3598 καθάπαξ
801 3535 909 3588 τῶν
942 3537 1188 3591 ἀπίστων
1226 3539 1494 3594 Ἰουδαίων
1524 3545 1557 3612 ἡ
1591 3544 1883 3615 ὑφήγησις,

300 3622 358 3675 ού
407 3627 698 3679 συνιέντων
720 3625 858 3690 ὅλως
885 3629 947 3682 τὸ
985 3629 1221 3701 Χριστοῦ
1265 3633 1583 3705 μυστήριον,
1627 3636 1708 3687 ὅτι
1751 3636 1884 3705 μηδὲ

301 3717 736 3771 πεπιστεύκασιν
785 3721 866 3784 είς
916 3721 1098 3787 αὐτὸν,
1153 3723 1542 3792 παρεικάζοιτο
1587 3725 1653 3778 ἂν
1708 3725 1886 3792 ξύλοις

302 3806 488 3876 τυχὸν,
520 3809 614 3862 καὶ
645 3809 895 3882 λίθοις,ἡ
937 3811 993 3865 δὲ
1024 3814 1082 3865 ὲν
1125 3814 1366 3886 Χριστῷ,
1402 3816 1496 3868 καὶ
1533 3816 1882 3890 εύαγγελικὴ,

304 3901 564 3954 τοσοῦτον
602 3901 718 3971 ἔχει
761 3902 824 3956 τὸ
865 3904 1109 3974 ἄμεινον,
1154 3906 1277 3959 ὅσον
1326 3905 1525 3975 χαλκὸς
1575 3909 1668 3961 καὶ
1708 3907 1884 3973 ξύλον,

309 3994 527 4065 σιδηρός
555 4011 614 4048 τε
640 3995 778 4065 πρὸς
804 3994 969 4049 λίθον.
1001 3997 1383 4067 Εὐδιάθρυπτα
1407 3999 1508 4068 μὲν
1533 4001 1641 4072 γὰρ
1665 4002 1734 4054 τα
1756 4004 1884 4073 παρ’

309 4087 538 4151 δκείνοις
567 4083 638 4159 ἦν
687 4087 993 4158 διδάγματα
1028 4106 1087 4142 τε
1131 4092 1222 4142 καὶ
1257 4089 1637 4161 ἐνθυμήματα,
1691 4093 1886 4161 στερεὰ

314 4177 372 4232 δὲ
403 4217 418 4240 ,
477 4180 574 4232 καὶ
626 4175 740 4233 οἷον
795 4179 1079 4246 ἄθραυστα
1141 4183 1278 4248 μετὰ
1322 4181 1416 4234 τοῦ
1467 4181 1738 4253 λαμπροῦ,
1793 4186 1886 4238 καὶ

317 4271 518 4339 τιμίου,
549 4271 621 4324 τὰ
662 4272 770 4326 τῶν
822 4276 879 4326 ἐν
913 4271 1152 4344 Χριστῷ.
1201 4271 1440 4327 Ἰουδαῖοι
1470 4275 1570 4344 μὲν
1597 4275 1707 4346 γὰρ
1733 4277 1886 4329 ἐκπί-

320 4375 540 4415 πτουσιν
564 4364 642 4426 εἰς
668 4364 1036 4434 γενεαλογίας,
1057 4367 1152 4419 καὶ
1183 4364 1382 4435 μύθους
1406 4365 1745 4436 ἀπεράντους
1773 4369 1885 4430 τοῖς

1991 3175 2342 3228 fundamento
2391 3173 2565 3241 ligna,
2603 3175 2821 3240 fenum,
2873 3175 3110 3244 lapides,
3156 3173 3495 3243 stipulam“.
3531 3193 3548 3224 ι

1989 3267 2141 3334 Quod
2171 3283 2293 3322 cum
2330 3268 2402 3321 ita
2440 3283 2499 3322 se
2535 3267 2751 3332 habent,
2791 3267 2920 3322 illud
2951 3269 3204 3330 dicimus,
3239 3267 3552 3321 Scribarqu

1988 3369 2042 3414 et
2079 3358 2476 3414 Pharisreorum
2520 3359 2846 3420 doctrinam,
2883 3358 2965 3412 vel
3003 3359 3055 3412 in
3093 3359 3404 3413 uniVersum
3435 3357 3551 3410 inli-

1988 3450 2193 3502 delium
2225 3448 2534 3503 Juda'orum
2571 3449 2996 3512 enarrationem,
3028 3450 3117 3517 qui
3150 3453 3370 3502 omnino
3399 3449 3548 3502 Chri-

1989 3539 2058 3592 sti
2097 3540 2412 3608 mysterium
2450 3557 2551 3593 nou
2585 3539 2909 3608 intelligunt,
2943 3549 2999 3590 ut
3032 3541 3120 3607 qui
3160 3541 3208 3591 in
3250 3541 3418 3606 ipsum
3451 3555 3554 3589 non

1990 3629 2356 3690 crediderunt,
2396 3630 2703 3697 comparari
2751 3643 2913 3697 posse
2962 3629 3124 3696 lignis
3158 3636 3212 3680 et
3255 3629 3552 3695 lapidibus;

1989 3722 2189 3777 Christi
2218 3731 2396 3774 autem
2433 3729 2486 3773 et
2515 3719 2883 3790 erangelicam
2923 3728 3068 3772 tanto
3097 3733 3217 3772 esse
3257 3717 3553 3780 meliorem,

1983 3825 2196 3885 quanto
2227 3814 2372 3883 ligno
2411 3826 2508 3876 res,
2541 3812 2740 3866 ferrum
2787 3810 2950 3879 lapidi
3003 3810 3292 3864 antecellit.
3340 3808 3554 3861 Illorum

1987 3908 2132 3960 enim
2163 3907 2486 3962 documenta
2526 3915 2580 3960 et
2623 3906 2836 3959 inventa
2889 3901 3097 3973 fragilia
3130 3913 3284 3956 erant
3312 3919 3324 3955 :
3356 3912 3408 3954 at
3437 3916 3554 3970 qua:

1990 4001 2041 4054 iu
2075 4000 2292 4055 Christo
2329 4008 2478 4064 sntit,
2515 3996 2686 4053 solida
2724 3996 2994 4051 exsistunt
3031 4005 3085 4049 et
3125 3994 3382 4056 infracta,
3430 3993 3554 4046 illu-

1988 4093 2121 4146 stria
2151 4105 2366 4160 quoque
2405 4100 2459 4144 et
2491 4090 2802 4160 magniﬁca.
2836 4087 3006 4142 ,Ιούωί
3049 4088 3192 4142 enim
3237 4086 3553 4140 delabuntur

1988 4185 2041 4237 in
2067 4182 2429 4254 genealogias,
2460 4187 2516 4236 et
2552 4181 2762 4236 fabulas
2799 4179 3040 4233 inﬁnitas
3073 4178 3270 4247 popqu
3318 4191 3416 4231 suo
3457 4189 3553 4229 ex—

1985 4283 2212 4341 ponunt,
2238 4287 2406 4340 nugas
2433 4273 2598 4326 etiam
2623 4271 2885 4341 quasdam
2924 4270 3276 4334 intertexunt,
3299 4277 3352 4322 et
3383 4267 3552 4320 aniles

1984 4365 2288 4420 cantilenas
2318 4365 2383 4422 ".
2442 4367 2509 4418 At
2545 4365 2638 4432 qui
2683 4362 2960 4417 Christum
3010 4370 3205 4429 gerunt
3255 4358 3308 4412 in
3352 4357 3552 4420 animo,

315 4453 420 4505 ὑπὸ
444 4454 599 4523 χεῖρα
623 4453 769 4518 λαοῖς
792 4456 1166 4526 ἐξηγούμενοι.
1197 4457 1394 4528 λήρους
1422 4473 1482 4509 τε
1507 4457 1661 4519 τινὰς
1687 4457 1882 4526 ἐμπλέ-

1985 4468 2203 4508 omnem
2238 4454 2384 4506 viam
2415 4454 2586 4508 sancti
2613 4451 2828 4506 artilicii
2859 4463 2988 4505 suos
3023 4451 3235 4513 docent,
3268 4458 3320 4502 et
3350 4457 3551 4501 exactae

316 4560 524 4606 κοντες.
563 4545 656 4598 καὶ
684 4545 903 4615 γραώδη
935 4548 1325 4618 τερετίσματα·
1363 4549 1410 4600 oi
1437 4547 1494 4600 δὲ
1531 4547 1623 4600 τὸν
1648 4547 1882 4618 Χριστὸν

315 4633 604 4707 φοροῦντες
637 4634 714 4695 είς
744 4633 886 4697 νοῦν,
929 4635 1109 4686 πᾶσαν
1146 4635 1263 4689 ὁδὸν
1302 4636 1577 4706 εὐτεχνίας
1620 4636 1880 4707 ἁγιοπρε-

313 4723 450 4788 ποῦς
497 4725 624 4787 τοὺς
681 4721 786 4775 ὑπὸ
827 4724 984 4793 χεῖρα
1031 4723 1363 4790 διδάσκουσι,
1405 4728 1499 4780 καὶ
1547 4729 1882 4798 δογματικῆς

313 4815 594 4887 ἀκριϐείας
623 4815 988 4885 ἀποφέρουσιν
1014 4815 1269 4886 ἐραστὰς,
1306 4819 1400 4872 καὶ
1429 4819 1647 4890 ἀπάσης
1683 4821 1884 4890 ἀρετῆς

313 4906 550 4976 ιργάτας
580 4903 706 4967 τοὺς
734 4904 1054 4976 προσιόντας
1081 4906 1263 4970 αὐτοῖς
1282 4922 1296 4937 ·
1325 4899 1652 4964 διαδείκνυσι
1683 4909 1741 4963 δέ
1767 4927 1884 4973 πως

314 4998 470 5061 εὐθὺς
499 4996 560 5051 τὸ
591 4997 1039 5068 ὲπενηνεγμένον,
1077 4998 1160 5052 ὅτι
1191 4997 1378 5053 τοῦτον
1422 5000 1533 5072 ἔχει
1563 5002 1653 5055 τὸν
1683 5003 1882 5056 σκοπὸν

320 5090 409 5160 τῆς
467 5088 803 5160 προφητείας
853 5090 883 5142 ὁ
936 5089 1079 5152 νοῦς.
1133 5111 1150 5142 ι
1179 5091 1346 5145 Δώσω
1382 5094 1510 5164 γὰρ,
1564 5094 1716 5163 φησὶ,
1755 5096 1879 5159 τοὺς

313 5182 574 5252 ἄρχοντάς
601 5197 696 5234 σου
725 5184 785 5235 ἐν
827 5184 1038 5255 είρήνῃ,
1059 5184 1153 5237 καὶ
1182 5186 1306 5247 τοὺς
1338 5187 1667 5247 ἐπισκόπους
1689 5203 1784 5238 σου
1818 5187 1877 5238 ὲν

307 5270 644 5344 δικαιοσύνῃ.
674 5291 692 5324 ι
735 5273 821 5338 ’ος
864 5275 973 5345 γὰρ
1002 5274 1108 5328 τῶν
1139 5278 1388 5342 πρώτων,
1421 5276 1605 5345 φησιν,
1647 5275 1884 5344 ἐξωσμέ-

306 5382 437 5428 νων,
470 5364 687 5435 ἑτέρους
718 5365 996 5436 ἀνίστησιν
1027 5367 1291 5437 ἄρχοντάς
1329 5385 1386 5419 τε
1433 5368 1523 5419 καὶ
1553 5368 1881 5431 ἐπισκόπους

310 5456 457 5510 λαῶν
495 5460 524 5511 ὁ
561 5457 670 5511 τῶν
717 5458 852 5512 ὅλων
922 5459 1110 5528 Σωτὴρ
1145 5459 1544 5528 διαπρέποντας
1590 5461 1646 5511 ὲν
1687 5459 1878 5529 εἰρήνῃ

314 5549 407 5603 καὶ
447 5548 778 5620 δικαιοσύνῃ.
820 5549 1167 5618 Εἰρηνεύουσι
1210 5549 1316 5618 γὰρ
1355 5549 1490 5619 πρὸς
1524 5549 1674 5612 Θεὸν,
1722 5551 1767 5600 οἱ
1809 5548 1880 5600 τὰ

389 5731 430 5763 ⁸⁸
471 5727 696 5796 Philipp.
741 5741 822 5790 ιιι,
857 5724 908 5777 8.
986 5724 1024 5753 ¹⁸
1059 5723 1223 5776 lCur.
1264 5739 1348 5788 ιιι,
1383 5724 1457 5777 l2,

1983 4546 2300 4614 dogmatum
2330 4543 2542 4611 peritiae
2573 4542 2842 4596 studiosos
2871 4540 3122 4604 reddunt,
3157 4547 3210 4592 ct
3243 4539 3418 4591 omnis
3444 4538 3550 4589 vir-

1983 4634 2113 4690 tutis
2140 4633 2444 4702 operarios,
2481 4631 2794 4699 quicunque
2824 4627 2968 4696 ipsos
2993 4627 3214 4680 adeunt.
3249 4623 3403 4676 Hunc
3431 4637 3550 4676 esse

1984 4742 2208 4797 scopum
2242 4724 2575 4794 prophetica:
2604 4720 2909 4786 sementim,
2931 4719 3173 4774 declarat
3201 4716 3382 4771 statim
3410 4713 3550 4784 quod

1987 4819 2237 4872 infertur.
2274 4833 2294 4867 ι
2329 4815 2472 4870 Dabo
2520 4815 2687 4879 enim,
2748 4812 2943 4881 inquit,
2991 4810 3264 4880 principes
3319 4815 3439 4860 tuos
3497 4805 3548 4856 iu

1986 4925 2198 4979 pacem,
2234 4919 2289 4962 et
2333 4909 2619 4976 episcopos
2666 4915 2790 4960 tuos
2835 4907 2888 4959 in
2930 4903 3216 4974 justitiam.
3254 4918 3270 4949 ι
3324 4896 3546 4951 Perinde

1987 5002 2156 5067 enim,
2187 4999 2379 5067 inquit,
2412 5013 2475 5052 ac
2509 4999 2668 5068 primi
2698 4997 2906 5067 eXpulsi
2939 5003 3140 5058 essent,
3177 4991 3310 5045 alios
3346 4988 3548 5059 princi-

1985 5109 2080 5163 pes
2132 5102 2185 5146 et
2233 5091 2518 5160 episcopos
2564 5087 2882 5159 populorum
2929 5086 3131 5141 excitat
3175 5083 3555 5136 universorum.

1987 5185 2267 5248 Servator,
2297 5196 2349 5239 et
2394 5196 2524 5252 pace
2570 5190 2625 5235 et
2667 5180 2874 5249 iustitia
2921 5175 3307 5247 praecellentes.
3351 5171 3551 5226 Pacem

1983 5278 2127 5331 enim
2175 5275 2380 5330 habent
2411 5273 2552 5342 apud
2601 5271 2803 5334 Deum,
2850 5269 2939 5336 qui
2989 5268 3211 5322 student
3255 5280 3316 5319 ea
3358 5276 3544 5332 sapere

1981 5385 2100 5440 quae.
2131 5369 2204 5424 illi
2233 5368 2467 5437 placent,
2501 5377 2554 5420 et
2589 5365 2679 5434 qui
2724 5363 2952 5432 iustitiae
3000 5361 3334 5417 ornamentis
3385 5372 3542 5412 coro-

1984 5463 2093 5514 uati
2125 5469 2272 5516 sunt.
2318 5459 2447 5513 Tale
2486 5459 2613 5526 quid
2663 5455 2788 5510 alibi
2833 5467 3049 5524 quoque
3095 5453 3227 5508 dixit
3281 5450 3545 5526 propheta

1982 5550 2164 5613 lsaias,
2200 5549 2306 5603 imo
2357 5563 2450 5616 per
2493 5547 2807 5616 prophetam
2856 5546 3014 5609 Deus,
3053 5543 3118 5597 ad
3170 5551 3396 5596 matrem
3444 5520 3539 5594 lit-

1561 5726 1599 5757 ¹⁷
1638 5727 1649 5778 1
1695 5725 1830 5780 Ἰἰιιι.
1872 5743 1908 5784 ι,
1937 5726 1987 5780 4.
