4090 6216
585 339 716 394 ista
759 295 764 300 ’

1558 330 1616 386 S.
1659 326 1937 388 CYRILLI
1973 325 2443 383 ALEXANDRINI
2487 323 2801 381 ARCHIEP.

3684 325 3828 382 15όῦ

575 453 848 513 datorum,
890 447 1014 502 dico
1056 429 1354 502 Ierusalem
1389 462 1402 497 :
1442 461 1461 495 ι
1503 442 1570 499 Ει
1613 441 1862 498 inducam
1916 456 2134 496 manum

2247 439 2388 510 αὐτῷ
2427 436 2685 492 δοκοῦντα
2730 437 2943 506 φρονεῖν
2979 434 3390 500 σπουδάζοντες,
3429 437 3522 490 καὶ
3563 442 3678 503 τοῖς
3725 444 3827 512 τῆς

573 551 749 593 meam
795 551 959 606 super
998 523 1072 601 te,
1115 543 1171 590 et
1212 549 1513 603 excoquam
1543 535 1611 589 ad
1637 548 1863 604 purum;
1895 531 2140 587 inﬁdeles

574 635 756 683 autem
781 627 1026 697 perdam,
1050 624 1358 681 etauferam
1375 623 1540 696 853
1560 639 1750 680 omnes
1771 624 1984 692 iniquos
2014 632 2137 687 ate,

571 729 626 774 et
648 733 836 772 omnes
875 717 1137 787 superbos
1167 717 1466 787 deprimam
1488 758 1503 782 ,
1536 726 1590 772 et
1618 713 2141 787 praeﬁciam‘judices

575 819 696 864 tuos
727 817 784 863 ut
813 808 985 878 prius,
1024 818 1080 864 et
1111 809 1452 864 consiliarios
1481 817 1599 864 tuos
1641 817 1698 863 ut
1739 809 1807 863 ab
1851 807 2026 861 initio.
2073 805 2142 861 Et

571 900 824 968 deinceps
853 900 1132 955 vocaberis
1156 901 1348 956 civitas
1364 899 1610 969 justitiae,
1629 899 1944 979 metropolis
1968 897 2143 953 ﬁdelis

572 980 700 1045 Sion
737 991 806 1044 ¹⁸.
847 1009 866 1044 ι
908 992 1048 1057 Quin
1099 1001 1154 1048 et
1186 991 1449 1048 Servator
1499 991 1617 1060 ipse
1657 990 2002 1060 reprehendit
2047 988 2142 1043 Ju-

571 1082 811 1136 daeorum
857 1083 1176 1151 praefectos,
1229 1084 1458 1138 dicens:
1498 1101 1516 1134 ι
1563 1082 1772 1144 Amen,
1812 1096 1970 1135 amen
2018 1079 2142 1136 dico

572 1173 746 1235 vobis,
781 1173 998 1228 tolletur
1033 1191 1062 1227 a
1101 1174 1260 1228 vobis
1288 1190 1508 1244 regnum
1537 1174 1819 1238 cmlorum,
1845 1181 1900 1228 et
1925 1173 2141 1228 dabitur

571 1265 715 1332 genti
751 1265 905 1318 alteri
947 1264 1140 1320 ferenti
1178 1265 1386 1320 fructus
1416 1265 1534 1332 ejus
1561 1265 1623 1318 ".
1657 1285 1676 1317 ι

2235 529 2576 600 δικαιοσύνης
2601 529 2884 598 αὐχήμασι
2917 527 3358 599 στεφανούμενοι.
3398 529 3544 600 Ἔφη
3570 546 3620 582 τι
3647 533 3826 586 τοιοῦ-

2235 641 2326 677 τον
2355 622 2581 694 ἑτέρωθί
2607 639 2712 674 που
2751 620 2911 674 πάλιν
2944 623 2974 674 ό
3001 620 3290 692 προφήτης
3333 619 3584 687 Ἡσαΐας,
3622 622 3827 693 μᾶλλον

2236 716 2293 770 δὲ
2314 715 2405 769 διὰ
2432 712 2526 768 τοῦ
2561 714 2842 784 προφήτου
2886 710 3017 774 Θεὸς
3069 711 3206 783 πρὸς
3252 711 3353 782 τὴν
3393 711 3507 765 τῶν
3554 713 3827 770 Ἰουδαίων

2241 806 2475 876 μητέρα,
2507 823 2579 875 φη
2591 805 2650 874 μὶ
2672 803 2736 874 δὴ
2761 804 2861 874 τὴν
2908 802 3286 874 Ἰερουσαλήμ·
3325 820 3344 854 ι
3371 804 3478 857 Καὶ
3507 805 3698 869 ἐπάξω
3729 808 3827 879 τήν

2241 899 2400 970 χεῖρά
2427 916 2528 968 μου
2558 898 2650 950 ἐπὶ
2682 898 2762 963 σὲ,
2795 898 2889 950 καὶ
2917 900 3158 967 πυρώσω
3185 899 3268 960 είς
3299 898 3556 969 καθαρὸν,
3601 901 3731 964 τοὺς
3770 901 3826 955 δὲ

2241 989 2598 1054 ἀπειθοῦντας
2637 989 2907 1053 ἀπολέσω,
2959 989 3052 1042 καὶ
3101 989 3286 1058 ἀφελῶ
3333 991 3540 1056 πάντας
3589 992 3825 1064 ἀνόμους

2240 1083 2352 1136 ἀπὸ
2394 1082 2509 1145 σοῦ,
2547 1083 2640 1136 καὶ
2686 1082 2894 1144 πάντας
2949 1081 3334 1152 ὑπερηφάνους
3371 1084 3697 1137 ταπεινώσω
3735 1084 3826 1136 καὶ

2238 1175 2520 1244 ἐπιστήσω
2565 1176 2690 1238 τοὺς
2721 1175 2911 1245 κριτάς
2957 1191 3054 1226 σου
3085 1173 3160 1237 ὡς
3191 1174 3248 1227 τὸ
3279 1175 3544 1246 πρότερον
3573 1177 3671 1230 καὶ
3702 1178 3826 1239 τοὺς

2241 1265 2574 1335 συμϐούλους
2611 1282 2701 1318 σου
2737 1266 2811 1328 ὡς
2853 1265 2915 1318 τὸ
2953 1265 3047 1317 ἀπ’
3090 1264 3284 1335 ἀρχῆς,
3325 1267 3418 1318 καὶ
3466 1266 3606 1336 μετὰ
3652 1265 3826 1320 ταῦτα

571 1355 817 1428 κληθήσῃ
897 1357 1051 1420 πόλις
1121 1357 1486 1426 δικαιοσύνης,
1569 1357 1896 1430 μητρόπολις
1953 1357 2118 1428 πιστὴ
2195 1356 2353 1410 Σιών.
2406 1376 2422 1407 ι
2474 1357 2582 1410 Ναὶ
2628 1357 2734 1427 μὴν
2779 1359 2873 1409 καὶ
2906 1357 3068 1419 αὐτὸς
3106 1358 3135 1409 ό
3171 1355 3361 1426 Σωτὴρ
3406 1360 3518 1419 τοῖς
3562 1358 3826 1412 Ἰουδαίων

571 1443 909 1514 καθηγηταῖς
960 1444 1194 1515 ἐπετίμα
1243 1445 1446 1513 λέγων’
1503 1465 1522 1497 ι
1557 1446 1748 1517 Ἀμὴν,
1811 1446 1960 1516 ἀμὴν
2005 1445 2147 1515 λέγω
2219 1447 2370 1518 ὑμῖν,
2411 1446 2710 1519 ἀρθήσεται
2777 1448 2868 1516 ἀφ’
2893 1447 3110 1517 ῦμῶνὴ
3147 1446 3392 1517 βασιλεία
3421 1448 3532 1502 τῶν
3560 1449 3823 1521 οὐρανῶν,

571 1539 664 1592 καὶ
700 1537 985 1609 δοθήσεται
1023 1536 1166 1590 ἔθνει
1209 1537 1399 1609 ἑτέρῳ,
1462 1538 1701 1592 ποιοῦντι
1735 1539 1859 1602 τοῦς
1893 1540 2141 1611 καρποὺς
2178 1539 2368 1609 αὐτῆς.
2393 1559 2410 1590 ι

1141 1676 1379 1733 TOMUS
1441 1677 1504 1734 ν.

644 1788 807 1844 Vsus.
844 1789 929 1844 i8.
993 1789 1057 1843 Et
1113 1807 1218 1846 non
1286 1792 1531 1846 audietur
1583 1792 1725 1845 ultra
1771 1792 2033 1860 iniustitia
2091 1794 2146 1847 iu

569 1890 713 1934 terra
758 1891 875 1945 tua,
925 1896 1086 1951 neque
1134 1883 1406 1948 contritio,
1456 1898 1618 1951 neque
1665 1883 1876 1937 miseria
1931 1885 1987 1937 in
2031 1885 2148 1953 fini-

573 1969 668 2025 bus
707 1972 850 2037 tuis;
884 1972 974 2026 sed
1003 1973 1326 2026 vocabuntur
1372 1973 1516 2028 salus
1571 1976 1710 2028 muri
1753 1975 1851 2040 tui,
1879 1985 1926 2030 et
1979 1984 2147 2045 porta:

572 2073 678 2118 tua:
713 2065 1002 2133 sculptura.

644 2172 890 2244 Magnam
933 2176 1099 2233 habet
1169 2175 1607 2246 probabilitatem
1653 2177 1852 2234 oratio.
1882 2175 1941 2232 Si
1998 2176 2146 2232 enim

571 2265 846 2335 principes
877 2265 997 2335 ejus
1026 2267 1077 2321 in
1130 2282 1266 2336 pace
1324 2277 1379 2324 et
1417 2268 1656 2339 episc0pi
1693 2268 1942 2323 laudibus
1980 2268 2147 2338 justi-

575 2357 664 2410 tiat
709 2357 1012 2423 excellant,
1078 2359 1282 2415 valebit
1355 2361 1519 2416 etiam
1585 2374 1799 2431 semper
1857 2362 1962 2416 hoc
2009 2361 2149 2428 apud

573 2447 839 2516 subditos,
871 2458 930 2504 ut
958 2451 1012 2505 in
1041 2452 1190 2506 omni
1234 2451 1444 2520 justitia
1468 2459 1523 2507 et
1582 2455 1784 2524 pietate
1840 2453 2148 2509 Christiana

575 2537 741 2591 vitam
778 2541 1148 2597 transmittere
1176 2542 1523 2598 contendant.
1572 2563 1592 2596 ι
1635 2542 1752 2598 Non
1779 2545 1902 2610 erit,
1955 2545 2149 2615 inquit,

575 2627 842 2683 contritio
896 2629 948 2683 in
1004 2629 1202 2687 ﬁnibus
1253 2634 1381 2689 tuis.
1404 2652 1424 2686 ι
1451 2633 1846 2690 Contritionem
1881 2635 1969 2692 hic
1997 2644 2152 2693 vocat

572 2720 682 2775 vim
722 2730 914 2778 contra
967 2722 1268 2780 submissos
1319 2732 1374 2779 et
1399 2723 1665 2780 inﬁrmos.
1690 2725 1968 2793 Ejusmodi
2003 2729 2147 2784 enim

577 2813 824 2868 homines
877 2812 1034 2868 facile
1066 2823 1254 2883 patent
1301 2815 1728 2884 incursionibus,
1789 2827 1843 2874 et
1900 2825 2152 2888 prostant

576 2903 813 2973 diripere
839 2903 1169 2973 volentibus,
1199 2913 1453 2977 tanquam
1485 2909 1688 2977 praeda,
1720 2909 2143 2978 promptissime.

2854 1679 3088 1732 ΤΟΜΟΣ
3138 1678 3215 1731 Ε’.

2315 1791 2426 1845 Καὶ
2447 1791 2565 1844 οὐκ
2583 1789 3028 1858 ἀκουσθήσεται
3050 1792 3140 1844 ἔτι
3159 1789 3359 1844 ἀδικία
3388 1789 3458 1844 ἐν
3487 1790 3559 1858 τῇ
3583 1791 3662 1860 γῇ
3685 1810 3822 1857 σου,

2247 1883 2390 1939 οὐδὲ
2415 1885 2776 1952 σύντριμμα,
2813 1881 2913 1935 καί
2967 1882 3332 1950 ταλαιπωρία
3374 1882 3444 1934 ἐν
3479 1882 3605 1949 τοῖς
3646 1885 3818 1951 ὁρίοις

2247 1989 2384 2036 σου,
2423 1971 2587 2027 ἀλλὰ
2623 1971 2987 2040 κληθήσεται
3035 1973 3332 2042 σωτήριον
3365 1973 3437 2028 τὰ
3474 1975 3645 2042 τείχη
3687 1992 3823 2039 σου,

2248 2063 2348 2119 καί
2380 2069 2446 2118 αἱ
2477 2065 2664 2118 πύλαι
2699 2080 2817 2118 σου
2851 2065 3114 2135 γλύμμα.

2317 2179 2430 2230 Καὶ
2467 2175 2601 2230 πολύ
2640 2193 2704 2245 γε
2733 2176 2793 2230 τὺ
2822 2175 2968 2240 εἰκὸς
2997 2178 3026 2229 ό
3052 2176 3212 2245 λόγος
3243 2175 3376 2247 ἔχει.
3421 2175 3484 2230 Et
3521 2177 3628 2248 γάρ
3655 2178 3703 2229 οἱ
3727 2177 3825 2246 ἀρ-

2248 2283 2430 2339 χοντες
2463 2267 2634 2338 αὐτῆς
2661 2267 2719 2320 ὲν
2752 2266 2966 2338 εἰρήνῃ,
3001 2267 3095 2319 καὶ
3143 2267 3536 2338 διαπρέποντες
3574 2269 3632 2320 ὲν
3663 2267 3823 2336 αύχή-

2253 2377 2386 2433 μασι
2427 2360 2772 2430 δικαιοσύνης
2817 2360 2866 2413 οἱ
2914 2359 3226 2426 ἐπίσκοποι,
3277 2362 3537 2432 κρατήσει
3589 2361 3804 2422 πάντως

2250 2468 2375 2516 που,
2408 2452 2503 2505 καὶ
2553 2450 2705 2520 παρά
2746 2451 2861 2512 τοῖς
2894 2449 3404 2519 ὐπεζευγμένοις,τὸ
3443 2451 3502 2503 έν
3526 2450 3711 2519 ἁπάσῃ
3742 2449 3826 2501 δι-

2250 2541 2530 2612 καιοσύνῃ,
2569 2541 2662 2595 καὶ
2693 2540 2948 2612 εὐσεϐείᾳ
2986 2544 3052 2613 τῇ
3085 2542 3222 2595 κατά
3249 2540 3473 2611 Χριστὸν
3502 2539 3824 2606 ἐπείγεσθαι

2249 2633 2509 2689 διαϐιοῦν.
2531 2655 2550 2686 ι
2571 2634 2685 2688 Οὐκ
2707 2634 2822 2688 ἔστι
2847 2634 2923 2697 δὲ,
2948 2635 3125 2705 φησὶν,
3154 2634 3270 2687 οὐδὲ
3291 2632 3603 2702 σύντριμμα
3624 2634 3686 2686 ὲν
3710 2637 3824 2695 τοῖς

2249 2727 2418 2797 όρίοις
2452 2742 2565 2779 σου.
2597 2745 2616 2777 ι
2653 2724 2973 2796 Σύντριμμα
2993 2726 3049 2779 δέ
3077 2742 3204 2794 φησι
3242 2724 3338 2796 τὴν
3361 2724 3696 2790 πλεονεξίαν,
3727 2724 3824 2795 τὴν

2252 2815 2395 2870 κατά
2418 2833 2482 2885 γε
2511 2816 2621 2870 τῶν
2649 2817 2707 2868 ὲν
2738 2817 2948 2885 ὑφέσει,
2978 2818 3069 2871 καὶ
3107 2815 3381 2887 ἀσθενείᾳ.
3421 2814 3691 2886 Εῦδρομοι
3719 2814 3825 2884 γάρ

2251 2910 2302 2963 oi
2328 2909 2543 2973 τοιοίδε,
2585 2909 2680 2962 καὶ
2709 2910 2822 2971 τοῖς
2851 2907 3175 2980 διαρπάζειν
3197 2907 3474 2961 ἐθέλουσιν
3502 2907 3820 2977 ἑτοιμοτάτη

575 2992 765 3064 lnjusti
809 3005 987 3051 autem
1061 2996 1189 3052 olim
1220 3007 1276 3054 et
1349 2998 1566 3055 violenti
1608 2977 1825 3055 fuerunt
1882 2977 2128 3057 Iudaica.-

2254 2999 2572 3070 πρόκεινται
2601 2997 2764 3069 θήρα.
2798 2977 3006 3051 Ἀδικοι
3029 2996 3086 3049 δὲ
3111 2995 3206 3049 καὶ
3231 2993 3546 3048 πλεονέκται
3576 2993 3824 3061 γεγόνασι

577 3083 872 3158 εγιιοεοεε
915 3088 1078 3144 duces
1117 3106 1132 3142 :
1188 3104 1251 3144 ac
1282 3088 1491 3160 legibus
1547 3090 1746 3144 divinis
1793 3090 2144 3156 obnitentes,

575 3191 832 3244 perversa
863 3177 1109 3232 ferebant
1153 3179 1206 3232 in
1239 3193 1297 3233 re
1352 3193 1566 3247 quaque
1597 3179 1818 3248 judicia.
1846 3178 2002 3251 Saepe
2049 3181 2149 3250 igi-

577 3276 667 3318 tur
712 3279 808 3320 eos
853 3265 1076 3320 Litterae
1128 3281 1298 3320 sacra:
1351 3267 1621 3332 incusant,
1672 3277 1731 3322 ut
1775 3270 1866 3338 qui
1934 3284 2148 3325 summa

579 3354 857 3424 impietate
902 3357 969 3409 ad
1018 3355 1162 3412 hunc
1237 3356 1466 3424 lapidein
1531 3359 1926 3429 irnpingerent,
1963 3363 2034 3416 ita
2091 3371 2148 3416 ut

578 3443 937 3501 intolerandis
991 3447 1311 3504 criminibus
1381 3451 1824 3520 conspicerentur
1879 3454 2145 3522 impediti.

574 3534 788 3592 Alicubi
824 3537 970 3592 enim
1025 3539 1192 3596 dicit:
1240 3538 1487 3597 Praefecti
1542 3541 1662 3609 ejus
1709 3545 1780 3597 ob
1825 3544 1966 3599 dona
1992 3543 2144 3614 judi-

575 3627 794 3695 cabant,
825 3637 881 3683 et
913 3630 1186 3699 propheta:
1216 3631 1332 3700 ejus
1362 3641 1582 3704 propter
1633 3645 1914 3705 argentum
1953 3636 2148 3692 vatici-

577 3719 846 3773 nabantur
874 3719 943 3773 “.
973 3719 1164 3775 Psallit
1221 3723 1382 3778 etiam
1436 3724 1652 3779 divinus
1713 3723 1910 3782 David:
1958 3744 1977 3778 ι
2009 3726 2148 3783 Con-

579 3809 727 3864 tritio
775 3818 832 3865 et
870 3811 1089 3866 miseria
1125 3813 1175 3866 in
1207 3814 1311 3868 viis
1352 3828 1562 3881 eorum,
1602 3825 1658 3870 et
1689 3816 1828 3872 viam
1865 3818 2014 3888 pacis
2040 3834 2146 3874 non

577 3912 968 3970 cognoverunt,
1037 3918 1141 3958 non
1201 3916 1284 3960 est
1343 3908 1505 3961 timor
1561 3907 1651 3962 Dei
1688 3915 1816 3964 ante
1841 3910 2030 3967 oculos
2054 3927 2149 3967 eo-

575 4005 697 4046 rum
727 3992 792 4047 ⁸¹.
820 4011 838 4045 ι
874 3992 1326 4064 Reprehendebat
1376 4007 1432 4050 et
1467 4011 1560 4053 eos
1620 3999 1710 4068 qni
1761 4000 2149 4070 jejunaverunt

578 4082 952 4139 universorum
1011 4086 1171 4152 Deus,
1220 4087 1301 4142 sic
1349 4087 1573 4144 dicens:
1611 4107 1631 4141 s
1663 4090 1719 4143 In
1776 4091 1964 4146 diebus
2001 4093 2146 4147 enim

569 4168 900 4240 jejuniornm
918 4181 1248 4241 vestrorum,
1277 4176 1533 4232 invenitis
1560 4177 1865 4234 voluntates
1913 4191 2142 4248 vestras,

576 4269 644 4362 et.
673 4277 862 4366 omnes
936 4263 1182 4370 subditos
1232 4262 1466 4370 alﬂigitis
1539 4265 1748 4370 judicio
1799 4280 1854 4326 et
1917 4273 2140 4344 pugnis,
2176 4311 2224 4370 Β

567 4351 832 4421 jejunatis
855 4362 910 4408 et
944 4353 1116 4426 855I
1169 4357 1454 4425 percutitis
1499 4360 1691 4430 pugnis
1732 4363 1991 4419 humilem
2018 4367 2084 4419 ".
2120 4386 2140 4419 ι

574 4441 842 4500 Praeterea
889 4461 1020 4500 voce
1073 4447 1223 4502 Isaia:
1254 4465 1267 4500 :
1301 4467 1321 4500 ι
1353 4448 1788 4520 Concupiverunt
1858 4471 2040 4528 agros,
2091 4469 2148 4514 et

574 4535 915 4603 diripuerunt
965 4537 1270 4607 orphanos,
1306 4551 1364 4595 et
1415 4541 1602 4598 domos
1666 4559 2023 4614 occuparunt,
2093 4561 2149 4605 et

572 4623 914 4693 diripuerunt
961 4627 1134 4682 virum
1171 4630 1485 4686 et'domutn
1533 4633 1671 4703 ejus,
1699 4637 1873 4694 virum
1929 4648 1982 4694 et
2041 4642 2150 4696 hae-

575 4714 861 4770 reditatem
912 4716 1032 4786 ejus
1054 4718 1101 4750 ³³
1129 4755 1146 4774 .
1171 4735 1194 4772 s
1228 4719 1518 4793 Postquam
1549 4738 1675 4780 vero
1699 4727 1752 4782 hi
1800 4742 1922 4785 esse
1974 4733 2151 4788 desie-

574 4811 722 4872 runt,
753 4813 809 4860 et
839 4820 1028 4864 eorum
1066 4809 1187 4866 loco
1235 4812 1502 4870 excitatus
1528 4827 1614 4874 est
1660 4828 1968 4876 sanctorum
2015 4837 2148 4892 apo-

573 4896 836 4953 stolorum
885 4901 1086 4958 chorus
1113 4921 1128 4970 ;
1159 4913 1214 4959 et
1242 4904 1336 4974 qui
1379 4909 1647 4976 pastillos
1675 4927 1863 4968 eorum
1915 4915 2144 4984 vestigia

579 4987 734 5054 sequi
765 4990 1069 5056 studentes,
1103 5000 1252 5049 recte
1275 5004 1465 5050 secant
1494 4999 1735 5056 veritatis
1758 5015 2062 5058 sermonem
2075 5004 2144 5071 ³⁸,

572 5079 870 5150 optimique
901 5080 1038 5135 ﬁunt
1064 5083 1322 5153 subjecta
1362 5086 1533 5157 plebis
1566 5091 1841 5162 paedagogi
1864 5110 1879 5147 :
1901 5092 2026 5149 hinc
2049 5109 2151 5150 nec

573 5171 692 5226 sine
737 5187 906 5229 causa
947 5174 1080 5230 dicit
1111 5192 1217 5232 non
1252 5177 1390 5234 ultra
1425 5179 1480 5235 in
1525 5190 1667 5238 terra
1697 5199 1881 5239 eorum
1906 5189 2146 5244 auditum

575 5263 639 5315 iri
680 5263 1027 5335 injustitiatn,
1061 5268 1154 5323 sed
1186 5285 1285 5324 nec
1307 5273 1688 5329 contritionem
1715 5291 1813 5331 nec
1847 5279 2146 5345 iniseriam;

575 5357 666 5408 sed
701 5358 971 5415 vocandos
997 5375 1118 5415 esse
1171 5376 1351 5417 muros
1387 5361 1504 5430 ejus
1565 5365 1822 5431 salutare,
1862 5380 1916 5424 ct
1971 5380 2150 5438 portas

579 5448 938 5515 scnlptnram.
971 5450 1174 5519 Muros,
1205 5461 1266 5507 ut
1310 5469 1412 5524 ego
1471 5456 1726 5523 arbitror,
1755 5459 1882 5514 dicit
1933 5471 2149 5522 sanctos

651 5645 822 5717 ιειδῃ,
853 5647 1124 5717 1.35.26.
1205 5652 1245 5682 ’τ’
1289 5652 1472 5707 Matth.
1509 5670 1619 5717 XXI,
1657 5656 1739 5716 ὧδ-

581 5730 638 5780 ι,
665 5716 716 5768 2.
789 5715 832 5747 "
871 5714 910 5770 ιι
937 5719 1078 5773 Tim.
1121 5735 1179 5782 tt,
1215 5721 1276 5774 IS
1311 5721 1397 5774 27$.

1861 5661 1903 5691 ²⁰
1942 5656 2100 5714 Micb.
2155 5673 2247 5724 ttl,
2308 5658 2385 5714 ll.

2253 3090 2394 3145 κατὰ
2423 3091 2648 3160 καιροὺς
2690 3089 2741 3141 οι
2775 3090 2872 3159 τῆς
2917 3087 3185 3141 Ἰουδαίων
3233 3086 3567 3156 Συναγωγῆς
3592 3083 3822 3155 ἡγούμε-

2250 3199 2352 3246 νοι,
2392 3184 2486 3234 καὶ
2514 3183 2628 3242 τοῖς
2657 3178 2824 3242 θείοις
2855 3179 3043 3249 νόμοις
3084 3178 3551 3248 ἀντανιστάμενοι,
3577 3174 3821 3242 διαστρόο

2251 3289 2383 3341 φους
2428 3270 2710 3325 ἐποιοῦντο
2753 3271 2849 3334 τὰς
2894 3271 2982 3338 ἐφ’
3013 3270 3231 3340 ἑκάστῳ
3275 3269 3559 3339 πράγματι
3601 3265 3819 3337 κρίσεις.

2249 3365 2500 3418 Αἱτιᾶται
2516 3363 2647 3433 γοῦν
2669 3363 2866 3426 αὐτοὺς
2884 3359 3210 3430 πλεισταχοῦ
3236 3359 3297 3412 τὺ
3319 3360 3553 3430 Γράμμα
3575 3357 3633 3410 τὸ
3664 3356 3820 3426 ίερὸν,

2247 3458 2326 3521 ὼς
2357 3456 2704 3525 ἀνοσιότητος
2733 3457 2814 3518 είς
2848 3452 3007 3507 τοῦτο
3051 3451 3405 3514 διελάσαντας
3439 3451 3649 3521 μέτρον,
3681 3448 3818 3502 ὥστε

2250 3549 2345 3602 καὶ
2393 3549 2688 3619 ἀφορήτοις
2725 3546 3063 3616 ἐγκλήμασιν
3102 3543 3320 3612 ἐνόχους
3365 3541 3521 3604 ὄντας
3566 3539 3822 3610 ὁρᾶσθαι·
3917 3605 3924 3609 _

2250 3638 2380 3692 ποτὲ
2421 3638 2521 3710 μὲν
2574 3637 2682 3706 γάρ
2712 3652 2898 3706 φησιν,
2930 3636 3012 3689 ὅτι
3043 3635 3095 3689 oi
3144 3633 3436 3704 ἡγούμενοι
3486 3632 3657 3703 αὐτῆς
3699 3630 3829 3700 μετὰ

2248 3726 2436 3798 δώρων
2465 3725 2708 3798 ἔκριναν,
2743 3725 2838 3779 καὶ
2879 3724 2928 3778 οἱ
2965 3723 3241 3796 προφῆται
3278 3722 3447 3792 αὐτῆς
3481 3721 3621 3791 μετά
3654 3722 3821 3790 ἀργυ-

2252 3820 2370 3890 ρίου
2397 3817 2777 3890 ὲμαντεύοντο.
2805 3817 3018 3872 Ψάλλει
3043 3816 3099 3870 δὲ
3121 3815 3216 3870 καὶ
3238 3815 3267 3866 ό
3310 3813 3620 3878 θεσπέσιος,
3649 3830 3668 3863 ι
3702 3811 3828 3864 Σύν-

2248 3928 2464 3981 τριμμα
2521 3910 2618 3963 καὶ
2654 3908 3000 3980 ταλαιπωρία
3049 3908 3109 3960 ὲν
3164 3908 3284 3968 ταῖς
3315 3903 3452 3966 ὁδοῖς
3491 3901 3692 3967 αὐτῶν,
3741 3901 3832 3955 καὶ

2249 4003 2366 4057 όδὸν
2395 4003 2617 4073 εἰρήνης
2641 4001 2743 4055 οῦκ
2766 3999 3136 4070 ἐγνωσαν,ούκ
3157 3998 3272 4051 ἔστι
3293 3995 3457 4066 φόὸος
3485 3993 3622 4048 Θεοῦ
3658 3993 3827 4046 ἀπέν-

2247 4109 2368 4145 αντι
2402 4090 2510 4144 τῶν
2543 4090 2840 4160 ὀφθαλμῶν
2895 4088 3095 4142 αὐτῶν.
3132 4106 3151 4138 ι
3200 4085 3544 4156 Ἐπετίμαδὲ
3568 4085 3657 4136 καὶ
3679 4099 3835 4151 νενη-

2251 4182 2532 4236 στευκόσιν
2554 4185 2583 4236 ό
2617 4181 2724 4235 τῶν
2755 4181 2892 4235 ὅλων
2917 4179 3071 4243 Θεὸς,
3104 4177 3248 4232 οὕτω
3290 4177 3493 4244 λέγων’
3534 4194 3552 4226 ι
3604 4176 3694 4228 Ἑν
3723 4176 3836 4245 γάρ

2248 4276 2368 4337 ταῖς
2399 4273 2635 4345 ἡμέραις
2665 4272 2771 4325 τῶν
2808 4270 3073 4343 νηστειῶν
3103 4269 3280 4341 ὑμῶν,
3323 4269 3603 4340 εὑρίσκετε
3635 4264 3707 4318 τὰ
3745 4265 3836 4318 θε-

2247 4365 2468 4435 λήματα
2505 4363 2681 4433 ὑμῶν,
2711 4362 2806 4417 καὶ
2841 4361 3050 4426 πάντας
3075 4363 3200 4424 τοὺς
3232 4359 3578 4431 ὑποχειρίους
3600 4355 3838 4410 ὕπονύσ-

2246 4473 2368 4509 σετε
2396 4457 2476 4519 είς
2501 4455 2734 4526 κρίσεις,
2763 4453 2857 4508 καὶ
2885 4453 3085 4524 μάχας,
3113 4453 3426 4524 νηστεύετε,
3477 4453 3574 4506 ml.
3601 4451 3840 4506 τύπτετε

2247 4550 2494 4616 πυγμαῖς
2536 4546 2817 4600 ταπεινόν·
2855 4563 2874 4596 ι
2910 4545 3006 4624 καὶ
3058 4543 3281 4615 προσέτι
3329 4543 3540 4605 τούτοις
3598 4541 3691 4595 διὰ
3740 4541 3840 4612 τῆς

2261 4640 2480 4694 Ἡσαΐου
2515 4638 2698 4707 φωνῆς
2717 4654 2730 4668 ’
2771 4655 2789 4689 ι
2826 4636 2937 4690 Καὶ
2963 4635 3272 4706 ἐπεθύμουν
3302 4634 3529 4702 ἀγροὺς,
3566 4634 3660 4687 καὶ
3687 4633 3844 4703 διήρ-

2251 4731 2422 4796 παζον
2466 4730 2758 4801 ὀρφανοὺς,
2809 4731 2907 4783 καὶ
2959 4727 3142 4790 οἴκους
3197 4726 3660 4780 κατεδυνάστευον
3682 4766 3698 4789 ,
3751 4725 3845 4779 καὶ

2253 4821 2551 4894 διήρπαζον
2587 4821 2757 4892 ἄνδρα
2797 4821 2890 4873 καὶ
2919 4820 3009 4874 τὸν
3031 4813 3179 4872 οἷκον
3208 4814 3396 4877 αὐτοῦ.
3421 4815 3592 4886 ἄνδρα
3617 4818 3721 4868 καὶ
3744 4815 3845 4886 τὴν

2253 4914 2616 4986 κληρονομίαν
2643 4913 2827 4968 αὐτοῦ.
2865 4932 2883 4964 ι
2928 4912 3145 4984 Ἐπειδὴ
3172 4913 3446 4965 πέπαυται
3471 4910 3570 4981 μιν
3592 4910 3670 4964 τὰ
3700 4909 3846 4963 ἑκεί-

2251 5022 2380 5068 νων,
2407 5005 2808 5074 ἀντεγήγερται
2829 5003 2887 5056 δὲ
2909 5003 3020 5055 τῶν
3050 5001 3221 5069 ἁγίων
3245 4999 3566 5052 ἀποστόλων
3586 5000 3620 5051 ό
3655 5000 3846 5070 χορὸς,

2251 5098 2346 5150 καὶ
2367 5097 2415 5149 oi
2447 5097 2564 5166 μετ’
2587 5094 2826 5157 ἐκείνους
2846 5093 2928 5146 ἔτι
2954 5095 3068 5156 τοῖς
3093 5091 3272 5145 αὐτῶν
3307 5089 3478 5162 ἴχνεσι
3500 5091 3847 5144 κατακολου-

2249 5187 2360 5241 θεῖν
2391 5186 2783 5250 σπουδάζοντες
2809 5183 3170 5255 ὀρθοτομοῦσι
3201 5182 3300 5254 μὲν
3323 5181 3426 5253 τῆς
3454 5181 3726 5250 ἀληθείας
3755 5183 3847 5235 τὸν

2247 5279 2424 5346 λόγον,
2454 5276 2668 5347 ἄριστοι
2689 5275 2748 5329 δὲ
2779 5275 2886 5328 τῶν
2921 5273 3024 5327 ὑπὸ
3053 5275 3213 5345 χεῖρα
3251 5273 3508 5342 γεγόνασι
3555 5273 3847 5341 παιδαγω-

2247 5369 2355 5436 γοί.
2389 5367 2679 5438 Ταύτῃτοι,
2705 5365 2800 5417 καὶ
2830 5362 2975 5434 μάλα
3006 5361 3355 5424 εἰκότω;,οὐκ
3385 5361 3466 5414 ἔτι
3496 5360 3596 5430 μὲν
3616 5362 3848 5415 ἀδικίαν

2250 5463 2310 5515 ἐν
2345 5463 2411 5530 τῇ
2465 5461 2536 5528 γῇ
2571 5457 2754 5511 αὐτῶν
2805 5451 3242 5525 ἀκουσθήσεσθαί
3292 5470 3478 5523 φησιν,
3540 5451 3662 5506 ἀλλ’
3717 5453 3846 5507 οὐδὲ

3653 5655 3701 5686 ’³
3735 5654 3842 5709 lsa.

2513 5661 2554 5691 “
2580 5658 2719 5714 Paul.
2761 5673 2878 5723 xm,
2913 5657 2964 5712 5.
3041 5655 3084 5685 ³³
3115 5654 3219 5708 lsa.
3253 5669 3399 5718 Lvttt,
3433 5654 3484 5718 5,
3519 5651 3568 5706 ὅ.
