4090 6216
305 275 438 333 1545

1412 279 1478 333 IN
1519 279 1750 335 ISAIAM
1789 278 1920 335 LIB.
1964 279 2024 334 V.
2075 279 2311 336 TOMUS
2352 283 2413 337 V.

300 391 632 462 σύντριμμα,
657 390 749 443 καὶ
767 388 1140 458 ταλαιπωρίαν
1156 407 1168 419 ·
1197 391 1563 462 κληθήσεσθαι
1589 393 1645 446 δὲ
1669 393 1869 464 μᾶλλον

1976 396 2307 467 paedagogos,
2349 395 2442 466 qui
2478 395 2788 466 dogmatum
2829 403 2882 448 et
2912 394 3192 449 moralium
3238 411 3538 466 pracepto—

298 484 564 553 σωτήριον
594 481 661 534 τὰ
683 481 833 551 τείχη
863 480 1054 550 αὐτῆς,
1080 480 1308 552 γλύμμα
1334 483 1390 536 δὲ
1417 486 1513 537 καὶ
1544 483 1642 549 τὰς
1675 485 1868 547 πύλας.

298 571 449 641 τείχη
476 570 553 637 δὲ,
581 569 658 633 ὥς
685 585 747 636 γε
765 566 938 638 οἶμαι,
963 568 1096 639 φησὶ
1123 571 1250 632 τοὺς
1265 570 1453 639 ἁγίους
1470 571 1870 641 παιδαγωγοὺς,

297 660 650 730 δογματικαῖς
683 676 742 712 τε
788 659 882 713 καὶ
927 659 1145 728 ἠθικαῖς
1205 661 1551 734 εἰσηγήσεσιν
1588 663 1874 732 ἀσφαλιζο-

301 753 492 823 μένους
544 752 644 820 τὴν
685 749 1030 821 Ἐκκλησίαν,
1077 749 1218 804 ὥστε
1269 753 1364 805 καὶ
1413 753 1684 807 ἀνάλωτον
1733 750 1873 808 εἶναι

297 846 408 905 τοῖς
441 840 674 912 ἐχθροῖς,
710 840 816 893 κᾶν
842 840 952 892 εἴτε
991 839 1138 904 τινὲς
1165 837 1275 894 εἶεν
1301 843 1506 914 ὁρατοὶ,
1535 845 1631 897 εἶτ’
1657 841 1750 898 οὖν
1779 848 1874 899 καὶ

295 932 535 1004 ἀόρατοι.
578 933 640 984 Οἱ
690 929 848 984 αὐτοὶ
879 929 924 982 δ’
954 927 1020 984 ἂν
1053 925 1164 984 εἶεν
1194 932 1290 986 καὶ
1336 931 1522 1000 πύλαι,
1549 934 1643 986 ἅτε
1681 935 1746 1006 δὴ
1781 935 1875 988 καὶ

298 1025 643 1092 είσαγωγικῷ
719 1023 991 1094 χρώμενοι
1043 1023 1205 1094 λόγῳ,
1262 1024 1357 1078 καὶ
1399 1025 1743 1096 εἰσφέροντες
1789 1027 1875 1080 διὰ

299 1117 528 1179 πίστεως
555 1117 634 1177 είς
663 1115 958 1182 ἐπίγνωσιν
983 1113 1241 1186 ἀληθείας
1270 1116 1395 1180 τοὺς
1431 1115 1538 1180 ἔξω
1558 1117 1694 1181 τέως
1716 1118 1874 1182 ὄντας

297 1207 486 1278 αὐτῆς.
518 1205 748 1275 Γλύμμα
793 1205 850 1258 δὲ
890 1207 972 1258 ὅτι
1007 1206 1338 1278 περικαλλὴς
1367 1202 1436 1278 ἦν
1482 1209 1623 1278 ἄγαν
1659 1213 1688 1264 6
1719 1210 1874 1279 λόγος

297 1299 499 1364 αὐτοῖς,
516 1299 611 1352 καὶ
628 1291 740 1351 οἷον
768 1300 848 1362 είς
871 1298 1126 1368 ἀλήθειαν
1147 1300 1627 1372 ὲκτετορνευμένος
1642 1317 1654 1331 ο
1675 1301 1873 1372 εὐπρε-

298 1389 396 1452 τὲς
427 1389 536 1459 γὰρ
561 1389 706 1442 ἅπαν
732 1389 794 1441 τὸ
823 1387 1206 1457 γεγλυμμένον
1223 1403 1240 1420 ο
1267 1388 1360 1442 κει)⁸
1385 1390 1436 1442 οἱ
1465 1389 1565 1460 μὲν
1613 1391 1876 1462 Ἐϐδομή-

297 1495 460 1533 κοντα
491 1477 694 1548 ταύτην
724 1478 990 1534 δεδώκασι
1022 1480 1122 1550 τὴν
1175 1480 1493 1551 ἑρμηνείαν,
1525 1482 1574 1534 oi
1604 1481 1660 1535 δὲ
1700 1482 1875 1552 ἕτεροι

296 1569 402 1622 τῶν
445 1569 816 1639 ἑρμηνευτῶν,
872 1569 992 1623 ἀντὶ
1037 1569 1130 1622 τοῦ
1178 1569 1406 1639 γλύμμα
1460 1569 1736 1624 τεθείκασι
1783 1572 1876 1624 τὸν

309 1658 536 1730 Ἰησοῦν.
576 1660 735 1713 Ἐστι
789 1659 845 1712 δὲ
892 1660 987 1714 καὶ
1031 1658 1192 1713 τοῦτο
1239 1659 1453 1730 ἀληθές.
1507 1661 1720 1732 Ὠραῖος
1767 1661 1875 1730 γὰρ

1975 502 2094 541 rum
2144 487 2410 542 doctrinis
2479 485 2779 541 Ecclesiam
2828 488 3112 551 muniunt,
3157 498 3214 540 ut
3266 487 3387 556 capi
3431 503 3534 543 non

1971 579 2142 648 possit
2188 578 2257 632 ab
2296 577 2566 641 hostibus,
2593 579 2709 633 sive
2747 578 2826 632 illi
2861 578 2971 632 sint
3000 579 3373 647 aspectabilcs,
3424 581 3538 634 sive

1973 670 2404 740 inaspectahiles.
2448 669 2615 724 lidcm
2650 679 2874 740 possunt
2915 671 3076 724 etiam
3118 685 3236 726 esse
3273 681 3438 740 portae
3482 681 3538 726 ut

1971 761 2060 829 qui
2112 759 2396 830 isagogicis
2436 768 2655 814 utantur
2731 759 3071 815 sermonibus
3116 774 3208 814 seu
3251 760 3541 815 institutio-

1974 852 2153 915 nibus,
2187 861 2238 905 et
2265 867 2361 918 per
2392 851 2553 905 llilem
2581 851 2850 906 adducant
2878 850 2945 904 ad
2984 851 3311 920 agnitionem
3344 853 3542 905 verita-

1975 942 2045 996 tis
2081 957 2175 995 cos
2227 941 2318 1010 qui
2357 951 2466 994 tum
2497 941 2566 994 ab
2589 955 2650 994 ea
2685 940 2905 994 fuerunt
2933 941 3169 995 alienati.
3199 940 3540 1008 Sculpturam

1975 1042 2154 1086 autem
2185 1033 2326 1100 quod
2356 1029 2577 1099 pulchra
2612 1041 2665 1084 et
2700 1030 2918 1099 elegans
2959 1030 3029 1083 sit
3059 1045 3246 1085 eorum
3282 1033 3474 1094 oratio,
3490 1039 3545 1084 et

1976 1123 2041 1176 ad
2093 1121 2380 1176 veritatem
2429 1121 2584 1192 quasi
2637 1131 2869 1176 tornata.
2911 1120 3224 1190 Speciosum
3269 1129 3353 1174 est
3397 1123 3540 1175 enim

1975 1211 2279 1272 admodum,
2307 1211 2449 1282 quod
2480 1221 2561 1266 est
2611 1211 2858 1267 caelatum
2897 1220 2951 1265 et
3006 1211 3253 1280 politum.
3295 1210 3360 1265 Et
3408 1211 3544 1264 hanc

1973 1301 2192 1372 quidem
2245 1303 2744 1372 interpretationem
2811 1305 3072 1358 dederunt
3164 1305 3538 1374 Septuaginta.

1972 1393 2076 1447 Alii
2115 1395 2440 1463 interpretes
2487 1409 2585 1463 pro
2614 1392 2840 1466 γλύμμα
2868 1403 3175 1463 posuerunt
3219 1395 3422 1463 Jesunt.
3449 1395 3543 1448 Est

1977 1486 2160 1541 autem
2210 1486 2338 1539 illud
2367 1501 2583 1555 qttoque
2621 1501 2831 1540 verum.
2866 1487 3154 1556 Speciosus
3190 1487 3332 1541 enim
3370 1486 3541 1540 forma

1973 1593 2084 1646 prae
2129 1577 2254 1632 filiis
2285 1577 2562 1631 hominum
2593 1577 2639 1609 "
2663 1585 2718 1632 et
2761 1588 3103 1648 nuncupatur
3128 1587 3182 1633 et
3219 1587 3322 1642 est,
3367 1577 3545 1630 illum-

1974 1683 2080 1739 que
2116 1678 2376 1738 tanquam
2410 1683 2600 1724 muros
2650 1678 2705 1725 et
2757 1679 2940 1739 portas
2973 1670 3328 1738 possedimus.
3376 1667 3544 1723 Munit

298 1750 480 1804 κάλλει
511 1751 661 1821 παρὰ
695 1751 820 1812 τοὺς
847 1751 998 1812 υἱοὺς
1027 1749 1134 1802 τῶν
1172 1749 1475 1821 ἀνθρώπων
1498 1750 1872 1822 κεχρημάτικέ

1976 1759 2115 1812 enim
2146 1773 2244 1813 nos
2294 1756 2550 1812 ineffabili
2588 1759 2848 1828 potentia,
2891 1766 2944 1814 et
2980 1769 3290 1813 sanctorum
3322 1758 3543 1830 angelo-

296 1859 353 1894 τε
393 1841 488 1896 καὶ
524 1841 662 1904 ἐστι,
696 1841 846 1911 τείχη
892 1841 950 1894 δὲ
987 1843 1171 1904 αὐτὸν,
1205 1842 1301 1895 κα)⁸
1359 1840 1532 1906 πύλας
1573 1841 1873 1912 πεπλουτή-

297 1947 491 2002 καμεν.
536 1930 918 2001 Ἀσφαλίξεται
949 1932 1058 2004 γὰρ
1083 1934 1230 2004 ἡμᾶς
1255 1934 1487 2004 ἀρρήτῳ
1509 1933 1757 2003 δυνάμει,
1779 1934 1876 1987 καὶ

294 2027 416 2087 ταῖς
449 2023 556 2077 τῶν
592 2023 760 2093 ἁγίων
789 2024 1036 2092 ἀγγέλων
1079 2025 1424 2094 ἐπικουρίαις
1444 2038 1458 2053 ·
1489 2043 1508 2077 ι
1550 2023 1875 2078 Ἐντελεῖται

297 2114 436 2185 γὰρ,
494 2117 666 2186 φησι,
716 2119 829 2180 τοῖς
895 2115 1148 2184 ἀγγέλοις
1194 2113 1360 2169 αὑτοῦ
1411 2116 1542 2186 περὶ
1595 2113 1690 2168 σοῦ
1717 2157 1732 2182 ,
1778 2115 1873 2168 τοῦ

294 2205 616 2273 διαφυλάξαι
645 2222 704 2258 σε
733 2206 792 2259 ἐν
813 2205 1014 2270 πάσαις
1034 2208 1156 2268 ταῖς
1183 2207 1323 2268 ὁδοῖς
1350 2216 1502 2258 σουοι
1532 2205 1627 2259 καὶ
1662 2223 1680 2257 ι
1714 2206 1868 2277 Παρ-

296 2299 525 2369 εμὸαλεῖ
574 2301 804 2370 ἄγγελος
872 2301 1076 2373 Κυρίου
1131 2300 1316 2370 κύκλῳ
1361 2299 1470 2353 τῶν
1523 2298 1872 2371 φοϐουμένων

294 2391 474 2458 αὐτὸν,
504 2393 599 2445 καὶ
639 2392 826 2461 ῥύεται
862 2391 1078 2454 αὐτούς.
1118 2410 1137 2442 ι
1184 2390 1489 2462 Ἐρχόμεθα
1519 2391 1576 2445 δὲ
1609 2391 1676 2446 δι’
1705 2392 1870 2446 αὐτοῦ

295 2483 373 2545 είς
416 2482 712 2549 ἐπίγνωσιν
757 2481 850 2535 τοῦ
892 2482 1126 2553 Πατρὺς,
1163 2483 1258 2536 καὶ
1302 2481 1494 2551 γέγονε
1540 2483 1678 2554 πρὸς
1713 2484 1872 2537 τοῦτο

295 2573 388 2625 καὶ
409 2571 569 2643 θύρα,
601 2574 697 2627 καὶ
722 2572 885 2644 πύλη,
917 2574 1014 2626 καὶ
1043 2573 1184 2637 ὁδός.
1221 2574 1366 2644 Ἔφη
1397 2573 1528 2642 γοῦν
1545 2575 1625 2627 ὅτι
1663 2593 1682 2626 ι
1727 2573 1871 2642 Ἐγὼ

295 2665 407 2733 ειμι
437 2666 472 2734 ἡ
492 2664 652 2736 θύρα,
675 2665 770 2718 καὶ
797 2664 831 2735 ἡ
865 2663 1002 2730 ὁδὸς,
1033 2664 1130 2718 καὶ
1157 2663 1331 2727 οὐδεὶς
1363 2664 1578 2736 ἔρχεται
1614 2666 1750 2736 πρὸς
1775 2666 1869 2718 τὸν

1974 1862 2092 1903 rum
2145 1848 2430 1917 praesidiis.
2458 1853 2498 1919 ξι
2539 1847 2817 1903 Mandabit
2888 1863 3140 1918 namque,
3199 1849 3394 1919 inquit,
3442 1866 3542 1902 an-

1974 1939 2108 2010 gelis
2148 1941 2264 1995 suis
2302 1941 2370 1997 de
2403 1952 2475 2003 te,
2510 1953 2568 1995 ut
2595 1941 2902 1996 custodiant
2941 1951 2993 1996 te
3027 1942 3076 1995 in
3136 1942 3390 1997 omnibus
3438 1943 3544 1994 viis

1974 2031 2082 2086 tuis
2105 2031 2174 2084 “.
2200 2049 2218 2082 ι
2255 2032 2351 2087 Et:
2400 2051 2418 2084 ι
2446 2029 2633 2086 Castra
2665 2042 2827 2101 ponet
2878 2031 3102 2101 angelus
3146 2031 3354 2084 Domini
3383 2030 3529 2086 circa

1977 2121 2227 2176 timentes
2261 2137 2339 2186 se,
2380 2129 2434 2175 et
2469 2130 2624 2176 eruet
2659 2135 2753 2175 eos
2773 2120 2841 2174 ".
2880 2138 2899 2172 ι
2933 2120 3011 2175 Ac
3035 2136 3129 2187 per
3169 2119 3318 2174 illum
3351 2120 3532 2188 ingre-

1979 2213 2158 2267 dimur
2189 2215 2255 2267 ad
2292 2212 2619 2282 agnitionem
2648 2211 2850 2277 Patris,
2881 2221 2936 2268 et
2969 2212 3179 2266 exstitit
3211 2213 3278 2266 ad
3316 2211 3430 2266 lucc
3450 2225 3544 2266 os-

1983 2302 2137 2368 tium,
2173 2312 2225 2357 et
2261 2309 2440 2373 porta,
2471 2301 2647 2357 etvia.
2687 2301 2830 2356 Dixit
2857 2302 3161 2372 siquidem:
3209 2321 3227 2354 ι
3257 2301 3368 2372 Ego
3423 2315 3545 2356 sum

1979 2392 2201 2459 ostium,
2246 2402 2300 2446 et
2325 2394 2433 2459 via,
2466 2401 2521 2448 et
2567 2408 2725 2448 nemo
2755 2393 2904 2447 venit
2946 2395 3011 2446 ad
3049 2391 3287 2451 Patrem.
3318 2392 3418 2446 nisi
3450 2406 3549 2462 per

1981 2497 2065 2537 me
2089 2484 2159 2537 ’⁸.
2197 2503 2215 2536 ι
2254 2484 2345 2538 Est
2394 2485 2559 2539 etiam
2600 2484 2878 2554 sculptura
2906 2499 3000 2538 seu
3033 2482 3205 2537 forma
3237 2491 3291 2536 et
3340 2484 3549 2553 species

1977 2575 2094 2645 ejus
2122 2577 2211 2644 qui
2249 2575 2454 2646 genuit,
2499 2584 2553 2628 et
2581 2575 2868 2629 character
2934 2573 3251 2628 substantia:
3315 2574 3454 2646 ejus,
3494 2584 3551 2630 et

1977 2665 2187 2738 imago,
2227 2677 2387 2736 atque
2421 2667 2676 2735 splendor
2704 2665 2888 2736 gloria:
2911 2663 3048 2734 ejus.

297 2755 533 2828 Πατέρα,
563 2758 611 2809 εξ
666 2755 741 2826 μὴ
765 2755 832 2808 δι’
862 2754 1019 2827 ἐμοῦ.
1055 2775 1075 2809 ι
1116 2755 1272 2812 Ἔστι
1326 2758 1384 2811 δὲ
1421 2759 1514 2811 καὶ
1557 2751 1806 2829 γλύμμα,
1875 2759 2151 2812 τουτέστιν
2189 2762 2222 2830 ἡ
2267 2759 2469 2830 μορφὴ.
2511 2758 2698 2812 καὶτὸ
2749 2752 2889 2821 εἶδος
2933 2756 3027 2810 τοῦ
3070 2757 3319 2824 τεκόντος
3362 2759 3548 2824 αὐτὸν,

296 2847 389 2901 καὶ
416 2845 700 2918 χαρακτὴρ
724 2847 824 2917 τῆς
845 2847 1195 2911 ὑποστάσεως
1215 2848 1405 2913 αὑτοῦ,
1435 2849 1530 2901 καὶ
1555 2848 1741 2912 εἰκὼν,
1774 2850 1870 2903 καὶ
1905 2850 2250 2920 ἀπαύγασμα
2276 2853 2376 2920 τῆς
2407 2849 2565 2919 δόξης
2603 2848 2789 2903 αὐτοῦ.

365 2938 477 2994 Καὶ
519 2940 631 2992 οὐκ
680 2936 854 2990 ἔσται
906 2953 1005 2991 σοι
1037 2940 1070 2991 ό
1109 2938 1281 3006 ἣλιος
1327 2941 1413 3004 είς
1459 2939 1586 3008 φῶς
1626 2939 1873 3008 ἡμέρας,

2051 2942 2214 2996 Vsus.
2245 2941 2333 3005 19,
2357 2941 2446 2995 20.
2486 2941 2550 2994 Et
2587 2957 2692 2994 non
2735 2942 2834 2994 erit
2864 2940 2958 2993 tibi
2985 2942 3066 2996 sol
3107 2941 3164 2996 in
3202 2941 3368 2996 lucem
3417 2943 3543 3008 diei,

295 3029 438 3086 οὐδὲ
487 3027 752 3096 ἀνατολὴ
793 3027 1062 3096 σελήνης
1107 3027 1313 3097 gamus?
1354 3042 1451 3082 σοι
1495 3029 1612 3096 τὴν
1658 3029 1870 3095 νύκτα,

291 3122 431 3178 ἀλλ’
475 3120 648 3174 ἔσται
690 3133 790 3172 σοι
830 3118 1047 3186 Κύριος
1067 3117 1196 3187 φῶς
1231 3118 1490 3178 αἰώνιον.
1532 3117 1629 3172 καὶ
1665 3121 1698 3172 ὁ
1730 3117 1872 3182 Θεὸς

297 3211 444 3276 δόξα
474 3227 612 3265 σου.
640 3211 724 3263 Οὐ
755 3210 864 3279 γὰρ
895 3210 1141 3263 δύσεται
1171 3212 1204 3263 ό
1233 3209 1406 3276 ἥλιός
1431 3223 1552 3272 σοι,
1581 3209 1681 3262 καὶ
1703 3211 1742 3277 ἠ
1771 3223 1870 3262 σε·

295 3305 452 3371 λήνη
483 3305 593 3358 οὐκ
627 3301 916 3370 ἐκλείψει.
957 3302 1170 3355 Ἔσται
1202 3299 1313 3370 γάρ
1361 3316 1460 3355 σοι
1491 3301 1706 3369 Κύριος
1743 3299 1868 3369 φῶς

296 3394 556 3449 αἰώνιον.

369 3484 656 3539 Βούλονταί
683 3501 828 3547 τινες
864 3483 954 3537 διὰ
981 3483 1080 3554 τῆς
1108 3483 1216 3536 τῶν
1261 3482 1637 3554 προκειμένων
1663 3481 1869 3547 ἑννοίας

296 3578 592 3647 ἀποφέρειν
631 3578 780 3648 ἡμᾶς
813 3577 892 3638 εἷς
935 3592 997 3644 γε
1030 3575 1092 3627 τὸ
1137 3573 1337 3644 χρῆναί
1367 3591 1418 3626 τι
1470 3573 1711 3626 τοιοῦτον
1741 3574 1871 3626 ὐπο-

295 3672 454 3724 νοείν.
505 3670 595 3724 Ἐν
625 3669 874 3738 ἐσχάτοις
899 3669 1008 3738 γὰρ
1036 3666 1130 3720 τοῦ
1175 3665 1368 3728 αἰῶνος
1401 3666 1611 3734 καιροῖς
1636 3665 1868 3734 ὲγηγερ·

299 3759 474 3831 μένων
501 3760 613 3813 τῶν
639 3762 696 3812 ὲν
729 3761 799 3829 γῇ
839 3757 1130 3828 κειμένων,
1159 3758 1254 3810 καὶ
1295 3755 1791 3824 καταφοιτήσαντος
1812 3754 1872 3820 ἐξ

294 3851 526 3924 ούρανοῦ
572 3849 667 3904 τοῦ
718 3851 935 3904 πάντων
976 3848 1132 3919 ἡμῶν
1160 3849 1412 3918 Σωτῆρος
1450 3847 1688 3917 Χριστοῦ
1733 3845 1870 3917 μετά

295 3945 406 3999 τῶν
425 3945 598 4012 ἁγίων
621 3942 869 4011 ἀγγέλων
907 3942 965 3994 ὲν
987 3943 1053 4010 τῇ
1079 3939 1206 4012 δόξῃ
1224 3939 1320 3992 τοῦ
1341 3939 1574 4010 Πατρὸς,
1595 3939 1874 4009 ἀπρακτή-

298 4056 381 4092 σει
413 4037 516 4108 μὲν
545 4039 578 4106 ἡ
620 4035 729 4088 τῶν
774 4031 1053 4103 στοιχείων
1079 4030 1418 4101 λαμπρότης,
1453 4029 1672 4094 καινοὺς
1703 4028 1758 4082 δὲ
1783 4030 1872 4082 οὐ-

297 4131 511 4201 ρανοὺς,
537 4128 634 4182 καὶ
662 4125 854 4196 καινὴν
891 4123 1018 4194 γῆν,
1053 4123 1147 4175 καὶ
1173 4122 1238 4175 τὰ
1277 4122 1668 4192 ἐπαγγέλματα
1707 4119 1872 4174 αύτοῦ

295 4220 705 4294 προσδοκῶμεν,
728 4216 868 4272 κατὰ
887 4217 950 4270 τὸ
967 4213 1368 4286 γεγραμμένον.
1394 4213 1536 4284 Ἔφη
1557 4212 1615 4265 δέ
1637 4231 1688 4266 τι
1709 4212 1875 4266 τοιοῦ-

1977 3049 2140 3103 neque
2200 3033 2340 3086 lum:
2381 3042 2528 3085 ortus
2582 3030 2915 3085 collustrnbit
2970 3040 3018 3085 te
3064 3042 3256 3087 noctu:
3304 3033 3394 3087 sed
3449 3035 3546 3086 erit

1975 3125 2070 3178 tibi
2116 3124 2368 3177 Dominus
2401 3123 2494 3176 lita:
2533 3133 2748 3188 caterua,
2796 3134 2842 3176 et
2878 3122 3013 3176 Deus
3047 3123 3214 3194 gloria
3262 3134 3371 3178 tua.
3425 3123 3549 3178 Non

1975 3214 2114 3268 enim
2158 3215 2356 3267 occidet
2381 3212 2462 3267 sol
2514 3211 2633 3276 tibi,
2661 3223 2710 3266 et
2749 3212 2873 3266 luna
2904 3222 2954 3268 te
2982 3229 3081 3268 non
3132 3214 3352 3283 deﬁciet.
3402 3214 3547 3268 Nam

1975 3303 2073 3357 erit
2109 3302 2205 3356 tibi
2239 3301 2492 3356 Dominus
2540 3301 2633 3356 lux
2657 3310 2874 3356 (eterna.

2043 3476 2211 3549 855
2234 3475 2435 3530 Volunt
2455 3475 2673 3545 quidam
2690 3489 2755 3531 ex
2770 3477 3037 3531 sententia
3051 3476 3242 3531 horum
3257 3478 3544 3531 verborum

1979 3587 2076 3627 nos
2105 3571 2391 3632 adducere,
2425 3576 2483 3621 ut
2514 3567 2619 3622 tale
2642 3568 2899 3638 quiddam
2941 3569 3324 3638 intelligamus.
3355 3568 3547 3622 Extre-

1979 3661 2082 3716 mis
2134 3659 2278 3714 enim
2311 3657 2493 3713 saeculi
2533 3659 2892 3729 temporibus,
2919 3660 3170 3714 excitatis
3225 3659 3313 3715 bis
3356 3659 3448 3729 qui
3492 3660 3543 3712 iu

1981 3762 2122 3807 terra
2143 3751 2348 3820 iacent,
2380 3757 2434 3804 et
2476 3750 2844 3805 descendente
2877 3750 2942 3805 de
2976 3749 3117 3804 caelo
3170 3749 3414 3804 omnium
3452 3767 3550 3804 no-

1980 3853 2153 3898 strum
2191 3843 2483 3901 Servatore
2513 3844 2767 3908 Christo,
2828 3857 2948 3896 cum
2997 3841 3199 3895 sanctis
3232 3839 3436 3909 angelis
3495 3841 3548 3894 in

1978 3936 2148 4006 gloria
2201 3934 2398 4001 Patris,
2446 3935 2632 3988 irritus
2681 3933 2778 3986 [iet
2831 3929 3222 3984 elementorum
3274 3929 3546 4001 splendor,

1980 4043 2256 4098 novosque
2285 4029 2473 4092 caelos,
2511 4041 2574 4082 ac
2611 4039 2806 4080 novam
2842 4032 3040 4079 terram
3068 4032 3122 4077 et
3159 4021 3549 4091 promissiones

1979 4122 2096 4189 eius
2128 4130 2536 4190 exspectamus,
2563 4119 2854 4174 secundum
2891 4117 2943 4172 id
2974 4117 3115 4186 quod
3149 4115 3412 4185 scriptum
3439 4124 3540 4170 est.

1980 4212 2112 4267 Tale
2141 4212 2268 4281 quid
2301 4211 2436 4265 dixit
2465 4212 2628 4266 etiam
2677 4209 2934 4266 Servator
2986 4215 3171 4262 noster
3199 4221 3213 4258 :
3243 4224 3262 4257 ι
3325 4202 3382 4259 In
3435 4203 3548 4258 die-

293 4293 389 4364 τον
419 4311 515 4363 καὶ
545 4309 706 4372 αὐτὸς
732 4310 760 4361 6
790 4306 1001 4378 Σωτὴρ,
1025 4306 1109 4359 ὅτι
1145 4323 1163 4356 ι
1210 4304 1298 4356 Ἐν
1320 4306 1437 4366 ταῖς
1469 4303 1702 4373 ἡμέραις
1729 4302 1873 4356 ὲκεί-

1977 4303 2077 4358 bus
2111 4300 2218 4355 illis
2246 4299 2324 4354 sol
2359 4299 2824 4378 obtenebrabitur,
2851 4307 2905 4354 et
2935 4297 3058 4351 luna
3107 4311 3211 4350 non
3256 4294 3403 4351 dabit
3459 4293 3542 4348 lu-

295 4415 416 4461 ναις
446 4401 475 4450 6
515 4398 666 4468 ἥλιος
711 4396 1143 4467 σκοτισθήσεται,
1175 4394 1268 4448 καὶ
1314 4395 1348 4464 ἡ
1385 4392 1582 4463 σελήνη
1616 4391 1678 4445 ού
1721 4392 1879 4445 δώσει

298 4487 362 4540 τδ
393 4486 596 4555 φέγγος
624 4485 812 4556 αὐτῆς.
846 4505 864 4536 ι
905 4487 1155 4556 Ἀρκέσει
1184 4483 1295 4556 γὰρ
1315 4485 1430 4546 τοῖς
1459 4481 1638 4550 ἁγίοις
1667 4483 1747 4545 είς
1769 4498 1880 4550 φω-

299 4578 496 4649 τισμὸν
547 4577 686 4647 αὑτὴ
731 4577 826 4630 τοῦ
876 4578 1126 4649 Σωτῆρος
1170 4579 1204 4648 ὴ
1254 4576 1402 4642 δόξα.
1441 4575 1582 4629 Ἀλλ’
1616 4574 1705 4627 ἵνα
1748 4573 1880 4644 δοκῇ

307 4683 421 4728 πως
447 4664 676 4719 ἔπεσθαι
719 4667 786 4735 τῇ
831 4663 937 4718 τῶν
977 4665 1167 4718 ἀνόπιν
1209 4667 1387 4737 ἐννοίᾳ
1415 4667 1484 4720 τὰ
1525 4663 1884 4737 προκείμενα,

300 4756 401 4828 τὴν
435 4756 733 4829 ἑρμηνείαν
780 4755 1168 4818 ἐπαινέσαντες
1196 4759 1442 4828 ταυτηνὶ,
1475 4759 1571 4812 καὶ
1611 4756 1800 4828 ἕτερόν
1832 4773 1885 4808 τι

300 4849 591 4922 δηλοῦσθαί
631 4866 810 4921 φαμεν
832 4847 919 4901 διὰ
947 4847 1056 4902 τῶν
1093 4849 1468 4920 προκειμένων
1491 4851 1709 4921 στίχων.
1755 4847 1876 4912 Φῶς

305 4942 405 5011 μὲν
457 4941 568 5012 γὰρ
621 4940 682 4994 τὺ
733 4940 980 5011 ἡλιακὸν,
1034 4940 1129 4994 καὶ
1179 4939 1404 5010 προσέτι
1441 4943 1504 4994 τὸ
1549 4941 1872 5011 σεληνιαῖον,

302 5029 562 5100 χρειῶδές
611 5047 670 5082 τε
715 5032 810 5084 καὶ
845 5017 1140 5096 ἀναγκαῖόν
1187 5030 1302 5082 ἐστι
1341 5031 1456 5092 τοῖς
1493 5029 1588 5082 τοῦ
1624 5031 1873 5099 σώματος

303 5117 621 5189 ὀφθαλμοῖς.
660 5119 798 5171 Ἀλλ’
820 5120 878 5170 ὲν
914 5117 1070 5172 νυκτὶ
1103 5117 1202 5186 μὲν
1238 5117 1301 5170 τὸ
1338 5117 1561 5188 ἡλιακὸν
1592 5117 1876 5170 συστιέλλε⁴

302 5228 395 5264 ται
432 5211 569 5280 φῶς,
611 5213 668 5264 ὲν
715 5210 898 5281 ἡμέρα
951 5209 1006 5262 δὲ
1049 5209 1112 5263 τὸ
1159 5209 1402 5281 σελήνης.
1433 5207 1725 5280 Παραλλάξ
1770 5208 1878 5279 γὰρ

304 5303 556 5375 ἀλλήλοις
583 5301 974 5374 παραχωροῦσι
1003 5303 1064 5356 τὸ
1093 5303 1326 5372 φαίνειν.
1351 5302 1425 5356 T6
1444 5302 1501 5355 δέ
1532 5318 1594 5369 γε
1621 5300 1764 5354 θεῖον
1786 5301 1880 5352 καὶ

305 5395 517 5464 νοητὸν,
553 5395 582 5447 ὃ
626 5397 747 5457 ταῖς
793 5393 899 5446 τῶν
937 5394 1340 5447 πιστευσάντων
1388 5392 1635 5463 καρδίαις
1682 5389 1878 5458 ἐνίησι,

307 5485 492 5557 φησὶν,
521 5487 550 5538 6
592 5484 699 5539 τῶν
725 5485 860 5537 ὅλων
891 5483 1079 5554 Σωτὴρ
1110 5483 1197 5537 διὰ
1223 5481 1315 5535 τοῦ
1346 5482 1500 5551 ἁγίου
1545 5479 1877 5552 Πνεύματος,

1971 4406 2102 4449 men
2135 4405 2291 4446 suum
2324 4391 2391 4444 ὀ.
2434 4409 2452 4442 ι
2477 4373 2631 4445 Satis.
2660 4390 2806 4444 enim
2849 4389 2954 4444 erit
2995 4388 3201 4443 sanctis
3237 4387 3304 4442 ad
3346 4387 3546 4442 illumi-

1979 4480 2257 4535 nationem
2323 4479 2436 4550 ipsa
2471 4477 2774 4532 Servatoris
2823 4476 3016 4546 gloria.
3065 4475 3171 4530 Sed
3209 4489 3316 4545 quo
3371 4474 3546 4545 posita

1978 4571 2143 4626 verba
2177 4585 2298 4624 cum
2333 4569 2673 4638 superiorum
2714 4569 2982 4622 sententia
3046 4568 3415 4621 cohaerescere
3469 4567 3550 4621 vi-

1931 4701 1945 4712 .
1981 4662 2238 4727 deantur,
2269 4661 2773 4731 interpretationem
2816 4661 2956 4714 hanc
2992 4659 3272 4713 laudamus
3303 4659 3546 4729 quidem,

1984 4755 2077 4810 sed
2129 4753 2273 4808 aliud
2303 4753 2554 4822 quiddam
2584 4753 2668 4808 his
2699 4753 2942 4808 versibus
2967 4752 3263 4823 signiﬁcari
3294 4752 3543 4807 dicimus.

1983 4843 2097 4898 Lux
2126 4843 2272 4897 enim
2305 4841 2497 4896 solaris
2519 4852 2573 4896 et
2599 4849 2858 4912 praeterea
2889 4841 3113 4902 lunaris,
3140 4840 3367 4909 perutile
3394 4840 3546 4906 quid-

1981 4939 2104 4991 dam
2151 4945 2234 4991 est
2290 4943 2345 4990 et
2389 4935 2754 4989 necessarium
2791 4933 3065 5003 corporeis
3103 4931 3297 4995 oculis;
3330 4929 3424 4984 sed
3452 4945 3546 4983 no-

1981 5039 2070 5083 ctu
2111 5026 2198 5082 lux
2249 5026 2380 5082 solis
2431 5026 2792 5090 contrahitur,
2824 5023 3053 5078 interdiu
3115 5022 3273 5074 lunte.
3308 5021 3549 5075 Alternis

1980 5119 2123 5173 enim
2170 5119 2380 5174 vicibus
2415 5119 2614 5172 lucent.
2655 5115 2816 5185 Atqui
2871 5114 2960 5168 lux
3019 5113 3201 5167 divina
3235 5123 3289 5166 et
3352 5110 3546 5166 intelli-

1976 5212 2153 5281 gentia
2200 5223 2474 5282 percepta,
2526 5225 2687 5280 quam
2738 5208 3070 5264 credentium
3125 5207 3379 5261 cordibus
3445 5205 3548 5259 itu-

1977 5301 2140 5355 tnittit
2170 5302 2540 5355 universorum
2570 5299 2847 5363 Servatur,
2887 5311 2982 5368 per
3013 5297 3270 5365 Spiritum
3305 5301 3546 5348 sanctum

1977 5401 2032 5444 et
2069 5407 2163 5460 per
2193 5405 2287 5446 eos
2333 5393 2424 5462 qui
2472 5392 2726 5462 mysteria
2775 5399 2973 5444 norunt
3009 5386 3240 5448 tradere,
3292 5385 3550 5439 inexslin-

1981 5492 2065 5536 cla
2093 5484 2217 5549 erit,
2244 5493 2291 5538 et
2325 5482 2472 5554 jugis
2499 5494 2555 5538 et
2607 5497 2821 5552 semper
2867 5481 3078 5546 lucida;
3111 5479 3246 5533 adeo
3295 5489 3350 5531 ut
3376 5477 3550 5547 cujus-

382 5662 428 5693 "
463 5661 603 5718 Psal.
643 5676 786 5729 thv,
820 5661 874 5718 5.
951 5661 996 5693 "
1036 5659 1177 5717 Psal.
1219 5677 1301 5726 xc,
1337 5663 1422 5718 ll.
1501 5663 1545 5694 ³⁷
1586 5658 1730 5717 Psal.
1762 5674 1873 5713 xxx,

2009 5659 2064 5714 8.
2135 5660 2185 5746 f'
2218 5659 2376 5716 Joan.
2407 5677 2460 5728 tt,
2490 5661 2552 5728 9;
2589 5675 2696 5720 tttv,
2727 5653 2782 5715 δ’.
2858 5659 2902 5692 ¹⁹
2938 5658 3129 5718 Matth.
3166 5674 3314 5727 utv,
3341 5657 3433 5714 29.

3397 283 3533 337 ιδιε
3625 341 3632 352 ς
