4090 6216
345 265 479 318 1549

1465 270 1534 326 ΙΝ
1572 271 1801 328 ιδΑιΑΜ
1843 275 1970 329 LIB.
2014 278 2074 330 ν.
2119 280 2354 336 ΤυΜυὸ
2399 286 2458 337 ν.

3452 306 3585 360 1350

338 381 607 453 Χριστοῦ⁹
641 385 702 438 οὐ
734 384 841 454 γὰρ
883 385 1146 455 πρέσϐυς,
1181 388 1282 444 οὐκ
1311 390 1560 458 ἄγγελος,
1593 392 1706 446 ἀλλ’
1757 393 1876 447 αὐτὶ

1979 409 2278 469 loperante
2302 401 2352 454 in
2388 403 2544 459 nobis
2583 405 2816 462 Christo.
2850 409 2964 466 Non
3015 414 3159 468 cnim
3206 415 3436 485 legatus,
3479 435 3582 473 non

331 473 366 540 6
388 471 592 543 Κύριος
616 472 817 563 έσωσεν
849 476 1013 544 ἡμᾶς.
1051 477 1195 550 Ἔφη
1223 477 1355 546 γοῦν
1397 481 1576 544 αὐτός’
1613 501 1632 533 s
1670 485 1726 536 '0
1743 483 1876 538 λαλᾶ

2027 489 2275 558 angelus,
2309 493 2401 545 scd
2439 494 2550 563 ipse
2586 495 2840 552 Dominus
2869 506 3105 558 servavit
3134 522 3252 560 nos.
3293 507 3434 562 Dixit
3478 509 3580 562 ita-

336 562 586 633 πάρειμι.
604 555 724 616 {—4
739 564 932 619 Ἔσται
943 565 1019 631 δὲ,
1034 569 1191 637 φησι,
1209 569 1302 623 καὶ
1316 571 1344 623 ὁ
1357 570 1630 639 ὀλιγοστὸς
1652 575 1729 635 είς
1740 575 1914 644 χιλιά-

335 653 450 721 δας,
490 657 581 709 καὶ
605 657 634 708 6
676 656 956 726 ἐλάχιστος
994 660 1073 722 είς
1095 660 1250 727 ἔθνος
1271 663 1432 733 μέγα.
1463 683 1481 716 ι
1515 663 1630 718 Νῦν
1659 667 1756 736 μὲν
1784 669 1911 740 γὰρ,

331 747 628 810 τουτέστιν,
660 748 718 801 ἐν
741 747 816 818 τῷ
848 749 1005 803 αίῶνι
1023 751 1200 822 τούτῳ
1227 753 1532 824 κέκρυπται
1556 757 1662 810 τῶν
1685 758 1855 826 ἁγίων
1877 761 1908 830 ἡ

329 836 476 904 δόξα,
511 841 606 896 καὶ
641 839 701 892 τό
733 856 796 908 γε
824 836 960 912 ἧκον
998 845 1077 907 είς
1105 845 1426 912 ἀλαζονείας
1474 851 1745 920 κοσμικὰς
1789 852 1912 906 ἐλάφ

329 928 502 995 χιστοί
529 945 676 993 τινες
730 927 870 986 εἶναι
918 932 1165 989 δοκοῦσιν
1212 937 1312 990 οὐκ
1353 937 1565 1009 ἔχοντες
1608 941 1766 1007 δόξαν
1812 943 1910 1014 ἐμ-

329 1023 493 1090 φανῆ-
536 1021 976 1093 Ἐπιλάμψοιντος
1001 1025 1058 1080 δὲ
1089 1027 1252 1082 πάλιν
1277 1029 1338 1094 ἐξ
1377 1030 1622 1103 οὐρανῶν
1651 1033 1745 1086 τοῦ
1772 1035 1904 1106 Χρι-

329 1112 452 1166 στοῦ
483 1114 542 1166 τὸ
589 1115 864 1185 τηνικάδε,
895 1117 992 1172 καὶ
1018 1119 1048 1172 6
1091 1120 1367 1190 νομισθεὶς
1417 1123 1697 1193 ἐλάχιστος
1741 1119 1880 1179 εἶναι

327 1207 420 1258 καὶ
466 1206 743 1274 ὀλιγοστὸς
791 1206 944 1263 ἔσται
991 1211 1070 1273 είς
1109 1211 1259 1275 ἔθνος
1305 1212 1468 1283 μέγα.
1519 1213 1904 1286 Καθηγήσεται

325 1295 433 1365 γὰρ
464 1295 630 1360 λαῶν,
660 1297 755 1350 καὶ
793 1299 1150 1369 ἡγεμονεύσει
1192 1301 1426 1366 πολλῶν,
1457 1303 1552 1356 ἆτε
1589 1303 1655 1375 δὴ
1683 1304 1772 1357 τὸν
1809 1306 1899 1360 εὐ-

2018 593 2122 646 que
2145 582 2258 649 ipse
2289 597 2302 633 :
2334 601 2352 632 ι
2379 583 2478 649 Qui
2513 584 2724 656 loquor,
2752 589 2938 644 adsum
2974 592 3038 649 ³⁵.
3079 613 3097 646 ι
3128 627 3192 634 -
3220 616 3238 648 ι
3273 597 3372 664 Qui
3402 611 3580 652 autem

2016 680 2221 733 pauens
2249 680 2350 736 est,
2397 673 2587 742 inquit,
2619 678 2803 732 erit'in
2841 682 3030 750 millia,
3083 694 3137 738 et
3181 687 3270 754 qui
3311 689 3578 756 mittimus,

2016 757 2068 812 in
2101 769 2310 827 gentem
2349 778 2618 834 magnam.
2646 790 2665 819 ι
2697 768 2849 825 Nunc
2903 774 3068 838 enim,
3109 775 3159 828 id
3214 786 3314 840 est,
3364 779 3414 830 in
3468 781 3579 834 hoc

2011 852 2228 916 saeculo,
2262 856 2528 911 occultata
2561 869 2643 914 est
2673 862 2841 932 gloria
2861 874 3197 931 sanctorum,
3221 878 3273 921 ct
3304 868 3347 921 si
3383 868 3578 923 fastum

2011 943 2194 996 mundi
2230 945 2506 1014 respicias,
2567 950 2775 1006 minimi
2815 967 2935 1008 esse
2996 955 3262 1021 videntur,
3293 958 3382 1026 qui
3457 959 3580 1013 illu-

2010 1040 2176 1086 strem
2218 1049 2323 1088 non
2353 1037 2551 1093 habent
2585 1041 2954 1110 gloriam;sed
2978 1061 3164 1100 rursus
3209 1049 3296 1101 ubi
3345 1048 3578 1105 illuxerit

2008 1122 2072 1176 de
2107 1123 2247 1178 coelo
2275 1125 2541 1195 Christus,
2573 1142 2701 1187 tunc
2737 1135 2898 1188 etiam
2941 1137 3031 1204 qui
3083 1138 3295 1191 habitus
3325 1148 3405 1193 est
3473 1141 3574 1193 mi-

2006 1210 2186 1267 nimus
2208 1222 2262 1268 et
2288 1231 2513 1286 paucos,
2541 1220 2644 1276 erit
2671 1222 2724 1276 in
2759 1239 3004 1294 magnam
3035 1236 3268 1295 gentem.
3313 1229 3576 1282 Prienen--

2005 1307 2094 1354 tur
2123 1303 2268 1357 enim
2302 1306 2514 1374 populis
2545 1317 2598 1363 et
2647 1309 2975 1378 imperitabit
3017 1315 3221 1380 multis,
3275 1326 3459 1387 utpote
3520 1321 3571 1372 in

322 1385 547 1456 δόκιμον
581 1389 642 1442 ἐν
672 1388 808 1460 τῷδε
847 1390 924 1461 τῷ
954 1391 1055 1462 βίῳ
1081 1391 1337 1456 διανύσας
1368 1393 1566 1465 δρόμον
1585 1411 1600 1428 ’
1631 1395 1728 1449 καὶ
1745 1397 1876 1451 τοῦτ

2001 1388 2104 1444 hac
2130 1392 2237 1446 vita
2270 1396 2517 1452 confecto
2542 1413 2702 1455 cursu
2746 1401 3021 1462 laudabili.
3063 1405 3215 1471 Quod
3251 1385 3435 1463 videre
3461 1422 3565 1474 est,

322 1476 467 1531 ἔστιν
492 1478 618 1539 ἰδεῖν
659 1480 718 1548 ἐξ
756 1476 831 1537 ὧν
859 1481 962 1552 ἔφη
1006 1483 1273 1553 Χριστόςο
1297 1487 1410 1549 τοῖς
1435 1486 1544 1558 γὰρ
1584 1487 1876 1542 ἀποστόλοις

2000 1494 2067 1536 ex
2110 1482 2194 1539 his
2225 1501 2346 1556 qua
2369 1488 2792 1550 dixitChristus.
2829 1494 2962 1552 Nam
3022 1497 3219 1551 atratus
3280 1501 3566 1568 apostolos,

321 1569 656 1637 προσλαλῶν·
693 1590 713 1623 ι
753 1573 919 1628 Ὅταν
948 1577 976 1626 ὁ
1025 1574 1154 1638 re;
1195 1575 1288 1630 τοῦ
1338 1576 1631 1648 ἀνθρώπου
1671 1579 1872 1651 καθίσῃ

2001 1571 2222 1643 inquit:
2250 1597 2268 1629 ‹
2303 1579 2439 1634 Cum
2461 1581 2632 1638 Filius
2649 1584 2881 1640 hominis
2912 1587 3117 1641 sedebit
3145 1588 3309 1659 857
3341 1591 3390 1642 in
3420 1590 3564 1644 thro.

321 1662 484 1730 φησὶν
503 1703 516 1727 ,
576 1664 672 1716 ἐπὶ
697 1663 886 1734 θρόνου
922 1665 1080 1738 δόξης
1109 1666 1294 1733 αὐτοῦ,
1335 1668 1456 1721 τότε
1483 1669 1576 1722 καὶ
1615 1669 1770 1740 ὑμεῖς
1799 1687 1876 1724 κα·

1996 1677 2067 1718 no
2092 1665 2274 1735 gloria:
2295 1685 2426 1735 sum,
2454 1681 2579 1728 tunc
2605 1675 2768 1729 etiam
2799 1678 3053 1732 sedebitis
3087 1681 3250 1734 vosin
3284 1682 3563 1735 duodecim

319 1751 535 1807 θίσεσθε
590 1755 684 1808 ἐπὶ
723 1755 930 1809 δώδεκα
973 1757 1198 1829 θρόνων,
1247 1758 1524 1830 κρίνοντες
1563 1760 1660 1823 τὰς
1689 1760 1876 1815 δώδεκα

1999 1757 2206 1812 thronis
2241 1761 2544 1829 iudicantes
2581 1764 2864 1820 duodecim
2895 1767 3066 1822 tribus
3098 1769 3258 1824 Israel
3285 1769 3350 1822 ³³.
3382 1789 3402 1823 ι
3425 1772 3563 1837 Quin

317 1844 487 1911 φυλὰς
524 1845 617 1899 τοῦ
654 1847 887 1918 Ἰσραήλ.
920 1867 938 1900 ι
981 1848 1141 1903 Ἀλλὰ
1188 1849 1297 1921 γὰρ
1341 1850 1436 1904 καὶ
1481 1853 1537 1904 ἐν
1567 1853 1632 1923 τῇ
1662 1851 1770 1906 τῶν
1800 1870 1896 1907 τα-

315 1934 523 1990 λάντων
565 1937 880 2009 διανεμήσει
915 1939 1246 2010 εὑρίσκεται·
1259 1941 1452 2011 λέγων,
1485 1963 1503 1993 1
1542 1943 1672 1998 "Eoo
1711 1942 1896 1998 ἐπάνω

314 2025 444 2079 δέκα
492 2028 692 2097 φυλῶν·
733 2048 753 2082 ›
789 2030 998 2102 ἑτέροις
1045 2031 1101 2084 δὲ
1141 2031 1240 2103 τὴν
1286 2033 1424 2102 μείω
1449 2032 1630 2090 δίδωσι
1675 2036 1890 2106 μοῖραν

321 2139 336 2166 ι
377 2119 507 2170 Ἔσο
544 2117 686 2190 γὰρ,
727 2120 913 2189 φησὶν,
975 2121 1159 2176 ἐπάνω
1222 2122 1383 2181 πέντε
1432 2123 1654 2179 πόλεων.
1690 2143 1710 2179 s
1759 2127 1892 2180 Ἰσοο

314 2205 612 2261 στατοῦσάν
644 2226 746 2261 που
794 2211 1012 2276 πάντως
1050 2214 1171 2275 ταῖς
1201 2212 1524 2277 ἐπιεικείαις
1571 2214 1750 2268 αὐτῶν
1792 2215 1892 2287 τὴν

309 2299 654 2369 ἀντιμισθίαν
682 2302 908 2372 ὀρέγων,
948 2305 1043 2356 καὶ
1067 2303 1164 2374 τὴν
1195 2292 1412 2376 ἑκάστῳ
1455 2304 1770 2376 πρέπουσαν
1795 2323 1891 2364 τοι·

308 2387 577 2444 λαντεύων
596 2393 786 2462 τιμήν.
833 2394 950 2447 Ἐπ’
997 2395 1146 2466 αὐτῷ
1181 2394 1247 2467 δὴ
1277 2391 1370 2450 οῦν
1413 2397 1588 2468 τούτῳ
1610 2397 1888 2468 χαίροντες

305 2479 354 2530 oi
392 2478 538 2546 ἆγιοί
561 2499 745 2550 φασιν·
780 2502 799 2546 s
844 2485 1110 2550 Ὺπέταξε
1139 2487 1302 2550 λαοὺς
1331 2489 1485 2558 ἡμῖν,
1511 2491 1604 2542 καὶ
1631 2488 1755 2561 ἔθνη
1783 2488 1892 2544 ὑπὸ

305 2569 429 2632 τοὺς
459 2571 625 2634 πόδας
662 2574 841 2644 ἡμῶν.
884 2595 900 2625 ι
946 2576 1086 2640 Τούς
1121 2594 1185 2645 γε
1222 2576 1328 2649 μὴν
1369 2578 1688 2650 ἐλαχίστους
1729 2595 1886 2649 νομι-

305 2659 530 2725 σθέντας
555 2658 694 2716 εῖναι
741 2664 884 2729 κατὰ
923 2666 1014 2720 τὸν
1051 2666 1186 2737 βίον,
1217 2663 1336 2721 εἶτα
1367 2670 1656 2738 γεγονότας
1694 2670 1772 2731 είς
1801 2687 1884 2740 χι-

302 2749 509 2816 λιάδας,
564 2753 661 2806 κει)⁸
707 2755 787 2818 εἰς
814 2754 966 2820 ἔθνος
996 2756 1158 2827 μέγα.
1195 2776 1214 2809 ι
1269 2757 1430 2827 Ἐγὼ,
1473 2759 1654 2830 φησὶν,
1696 2761 1724 2813 6
1749 2760 1884 2813 πάν-

299 2859 408 2895 των
456 2843 685 2914 Κύριος,
741 2847 954 2914 συνάξω
1001 2848 1144 2902 κατὰ
1175 2851 1462 2921 καιροὺς.»
1497 2852 1624 2914 τοὺς
1674 2852 1772 2922 τῆς
1820 2851 1884 2918 ἐξ

299 2934 546 3006 οὐρανῶν
599 2937 894 3008 ἐπιδημίας
938 2939 1197 3010 δηλονότι,
1251 2942 1384 2995 Τότε
1417 2941 1524 3012 γὰρ
1575 2942 1727 3001 ἔσται
1769 2944 1879 3006 τοῖς

300 3027 476 3094 ἁγίοις
509 3030 542 3100 ἡ
575 3030 776 3091 παντὸς
801 3031 1099 3096 ἀπόλαυσις
1133 3033 1365 3102 ἀγαθοῦ’
1388 3035 1438 3088 οἳ
1462 3035 1554 3088 καὶ
1591 3033 1877 3105 ἁρπασθή-

1995 1855 2051 1902 et
2089 1847 2144 1902 in
2187 1849 2564 1907 distributione
2603 1853 2921 1910 talentorum
2968 1859 3270 1913 invenimus
3309 1875 3433 1914 eum
3477 1863 3563 1914 ἀίω

1995 1955 2118 1995 cere
2145 1956 2158 1992 :
2190 1960 2209 1992 ι
2232 1941 2361 1997 Esto
2383 1959 2543 2014 super
2561 1946 2747 2000 decem
2769 1947 2969 2014 tribus;
2996 1967 3014 2000 ι
3039 1949 3156 2002 aliis
3181 1963 3360 2004 autem
3395 1952 3575 2006 mino-

1993 2044 2104 2085 rem
2136 2031 2364 2102 largitur
2405 2034 2727 2102 portionem.
2761 2053 2782 2088 ι
2825 2036 2953 2092 Esto
2979 2039 3146 2102 enim,
3180 2039 3372 2108 inquit,
3399 2056 3562 2108 super

1991 2121 2227 2191 quinque
2255 2123 2498 2179 civitates
2524 2124 2590 2188 ³⁸,
2635 2144 2655 2177 s
2684 2125 2936 2194 probitati
2962 2127 3198 2197 ipsorum
3225 2143 3410 2197 parem
3446 2133 3556 2184 nti-

1991 2226 2096 2280 que
2118 2213 2423 2268 mercedem
2444 2215 2705 2280 tribuens,
2739 2226 2794 2270 et
2815 2218 3011 2286 cuique
3031 2219 3440 2274 convenientem
3470 2231 3554 2274 ta-

1990 2300 2257 2360 lentorum
2296 2303 2578 2360 honorem.
2629 2307 2856 2376 Ideoque
2902 2309 3198 2377 gaudentes
3230 2312 3426 2378 sancti,
3474 2315 3557 2366 di-

1987 2402 2190 2450 cuntu
2215 2393 2456 2462 Subjecit
2481 2397 2704 2466 populos
2734 2401 2889 2454 nobis
2907 2410 3162 2471 etgentes
3195 2404 3295 2458 sub
3329 2405 3557 2472 pedibus

1987 2485 2189 2540 nostris
2205 2485 2269 2540 ³⁷.
2293 2505 2311 2538 ι
2333 2487 2582 2544 Minimus
2618 2497 2794 2544 autem
2831 2491 2883 2544 in
2907 2492 3017 2545 vita
3043 2503 3342 2558 reputatae,
3361 2495 3556 2548 deinde

1986 2575 2041 2637 in
2064 2577 2230 2633 millia
2261 2587 2316 2634 et
2347 2578 2400 2632 in
2423 2587 2636 2648 gentem
2665 2596 2914 2651 magnam
2946 2583 3320 2650 amplitlcatos.
3359 2603 3380 2636 ι
3417 2586 3551 2655 Ego,

1984 2668 2175 2736 inquit,
2191 2669 2429 2724 etnuium
2453 2670 2714 2725 Dominus
2744 2676 3080 2744 congregabo
3114 2691 3212 2730 suo
3239 2683 3502 2745 tempore,
3528 2695 3548 2728 ι

1981 2759 2242 2818 adventus
2273 2759 2480 2816 scilicet
2518 2760 2585 2814 de
2617 2761 2774 2816 melo.
2809 2762 2961 2816 Tunc
3006 2763 3150 2816 enim
3193 2765 3366 2818 sancti
3402 2763 3552 2818 omni

1981 2849 2122 2904 bono
2151 2848 2398 2903 fruentur
2415 2850 2505 2916 qui
2531 2851 2918 2917 rapientur,'ut
2949 2852 3377 2920 sapientissimus
3409 2853 3548 2908 Pau-

1977 2937 2064 2992 lus
2095 2939 2288 3007 inquit,
2333 2940 2386 2993 in
2411 2941 2646 2997 nubibus
2695 2942 2748 2996 in
2787 2957 3068 2998 occursum
3123 2946 3332 3000 Domini
3375 2947 3425 3000 in
3456 2963 3547 3002 se-

1979 3046 2126 3100 rem;
2181 3033 2363 3103 itaque
2417 3049 2635 3104 semper
2685 3050 2807 3090 cum
2852 3037 3081 3094 Domino
3114 3039 3321 3095 erimus
3361 3039 3427 3104 ³⁸,
3461 3042 3549 3094 vel

301 3138 500 3185 σονται,
531 3121 676 3176 καθά
702 3140 866 3194 φησιν
889 3126 919 3178 6
949 3125 1222 3195 πάνσοφος
1260 3125 1492 3190 Παῦλος,
1527 3128 1585 3182 ἐν
1625 3125 1874 3198 νεφέλαις

1979 3133 2159 3187 erunt,
2188 3126 2406 3180 aeternis
2428 3126 2865 3182 circumﬂuentes
2896 3129 3214 3185 honoribus.

298 3216 376 3276 εἱς
402 3214 704 3284 ἀπάντησιν
736 3215 828 3268 τοῦ
856 3217 1061 3286 Κυρίου
1095 3217 1174 3280 είς
1200 3216 1358 3287 ἀέρα,
1385 3216 1526 3272 οὕτω
1552 3233 1612 3268 τε
1664 3216 1894 3274 πάντοτε
1929 3212 2029 3269 σὺν
2095 3213 2284 3284 Κυρίῳ
2319 3213 2556 3285 ἐσόμεθα
2587 3218 2709 3279 ταῖς
2757 3217 3135 3288 ἀτελευτήτοις
3175 3221 3544 3294 ἐντρυφῶντες

296 3311 480 3376 τιμαῖς

365 3399 607 3472 Πνεῦμα
633 3400 856 3468 Κυρίου
883 3401 976 3456 ἐπ’
997 3401 1121 3471 ἐμὲ,
1158 3398 1230 3458 οὗ
1269 3404 1500 3457 εἵνεκεν
1523 3400 1730 3470 ἔχρισέ
1753 3415 1830 3468 με
1847 3437 1862 3463 ,

295 3494 797 3562 εὐαγγελίσασθαι
811 3496 1073 3564 πτωχοῖς
1096 3495 1441 3551 ἀπέσταλκέ
1467 3509 1564 3562 με,
1583 3492 1866 3549 ιάσασθοιι

295 3583 437 3650 τοὺς
489 3586 1035 3656 συντετριμμένους
1101 3585 1217 3654 τὴν
1279 3585 1568 3654 καρδίαν,
1617 3581 1864 3652 κηρύξαι

293 3677 688 3745 αἰχμαλώτοις
732 3678 985 3748 ἄφεσιν,
1040 3679 1138 3733 καὶ
1187 3677 1439 3747 τυφλοῖς
1499 3675 1860 3743 ἀνάϐλεψιν,

292 3768 545 3822 καλέσαι
577 3771 857 3826 ἐνιαυτὸν·
902 3774 1125 3841 Κυρίου
1181 3770 1398 3826 δεκτόν
1423 3810 1438 3834 ,
1487 3767 1587 3824 καὶ
1638 3767 1864 3837 ἡμέραν

289 3861 774 3929 ἀνταποδόσεως,
825 3863 1242 3931 παρακαλέσαι
1280 3862 1510 3926 πάντας
1555 3861 1696 3927 τοὺς
1718 3875 1863 3919 πεν-

291 3952 568 4020 θοῦντας,
603 3953 854 4022 δοθῆναι
882 3954 1007 4020 τοῖς
1026 3953 1319 4010 πενθοῦσι
1345 3952 1498 4008 Σιὼν
1515 3951 1703 4017 δόξαν
1726 3949 1874 4009 ἀντὶ

288 4045 560 4108 σποδοῦ,
615 4045 877 4114 ἄλειμμα
929 4045 1312 4114 εὐφροσύνης
1369 4044 1494 4109 τοῖς
1536 4042 1860 4102 πενθοῦσιν

287 4134 387 4186 καί
433 4134 822 4202 καταστολὴν
882 4133 1070 4204 δόξης
1127 4134 1266 4190 ἀντὶ
1326 4135 1664 4204 πνεύματος
1719 4135 1863 4203 ἀκη-

287 4219 437 4288 δίας.

368 4311 426 4363 '0
463 4313 520 4366 ἐν
543 4315 654 4376 τοῖς
684 4313 876 4367 ἁνόπιν
908 4311 1080 4367 εἰπὼν
1118 4313 1246 4385 περὶ
1274 4311 1381 4366 τῶν
1409 4313 1469 4366 ἐν
1500 4312 1682 4368 πίστει
1726 4313 1862 4385 κλη-

2045 3389 2175 3446 Csr.
2206 3389 2340 3445 LXI.
2373 3389 2540 3446 Vsus.
2573 3393 2690 3447 ιρδ.
2723 3392 2958 3462 Spiritus
2988 3396 3199 3452 Domini
3235 3415 3391 3469 super
3437 3419 3540 3464 sne.

1971 3491 2180 3550 propter
2197 3484 2334 3551 quod
2367 3485 2516 3538 unxit
2543 3500 2623 3537 me
2635 3501 2653 3549 ;
2687 3486 3044 3554 evougelisare
3064 3492 3381 3557 pauperibus
3397 3497 3538 3548 misit

1971 3587 2075 3636 me,
2117 3587 2308 3630 sanare
2349 3575 2600 3630 contritas
2649 3578 2826 3638 corde,
2867 3578 3158 3645 prwdicare
3201 3583 3416 3650 captivis
3459 3600 3537 3638 νο-

1971 3661 2288 3726 missionem,
2329 3671 2375 3726 et
2409 3666 2562 3722 meis
2608 3665 2795 3730 visum,
2844 3682 3026 3722 uocare
3075 3685 3271 3724 annum
3322 3671 3546 3728 Domini

1969 3752 2358 3817 acceptabilem,
2387 3763 2438 3808 et
2471 3755 2610 3812 diem
2639 3757 3016 3822 retributionis,
3053 3760 3316 3816 consolari
3356 3779 3535 3819 omnes

1961 3841 2214 3912 lugentes,
2249 3854 2303 3896 ut
2331 3845 2483 3899 detur
2515 3845 2814 3914 lugentibus
2841 3847 2972 3902 Sion
3002 3849 3172 3920 gloria
3197 3868 3292 3920 pro
3338 3854 3532 3921 sinere,

1963 3931 2139 3987 unctio
2169 3934 2364 3986 la'titia:
2391 3933 2706 4003 lugentibus,
2740 3946 2786 3988 et
2814 3937 3035 3994 amictus
3067 3940 3255 4009 gloria
3287 3959 3384 4013 pro
3424 3948 3534 4016 spi-

1930 4093 1934 4098 _
1961 4023 2071 4078 ritu
2099 4025 2351 4078 mwroris.

2028 4329 2131 4397 Qui
2172 4333 2224 4386 in
2251 4331 2622 4402 superioribus
2650 4333 2784 4388 dixit
2816 4335 2884 4392 de
2910 4337 3163 4394 vocandis
3188 4353 3286 4408 per
3308 4341 3466 4396 ﬁdem
3510 4363 3524 4400 :

285 4400 630 4470 θησομένωνο
698 4423 718 4453 s
755 4404 895 4474 Ἐγὼ
937 4404 1142 4477 Κύριος
1199 4404 1342 4459 κατὰ
1391 4403 1619 4474 καιροὺς
1647 4403 1857 4468 συνάξω

1979 4439 1984 4473 ι
2018 4422 2129 4492 Ego
2169 4400 2443 4484 Dominus.
2476 4423 2530 4478 in
2577 4433 2822 4496 tempore
2870 4400 3208 4499 congregabo
3241 4444 3334 4486 eos
3375 4432 3441 4498 ³⁸,
3502 4453 3520 4484 ›

284 4490 500 4554 αὐτοὺς,
536 4509 554 4540 ι
581 4489 656 4554 ὡς
703 4493 1056 4565 ἐνεστηκότος
1105 4496 1207 4567 ἤδη
1258 4494 1356 4548 τοῦ
1388 4493 1603 4566 καιροῦ,
1632 4494 1752 4548 καθ’
1795 4494 1856 4548 ὂν

283 4580 622 4648 ἐπήγγελται
649 4585 993 4654 συναγείρειν
1025 4587 1242 4653 αὐτοὺς,
1267 4587 1360 4641 καὶ
1391 4586 1466 4651 ὡς
1495 4586 1597 4657 ἤδη
1629 4586 1856 4657 γενόμε-

283 4688 371 4736 νος
398 4671 494 4725 ἄνθ
505 4689 708 4743 ρωπος,
728 4675 824 4727 καὶ
849 4675 948 4745 τὴν
976 4677 1111 4746 πρὸς
1130 4679 1278 4748 ἡμᾶς
1306 4679 1564 4749 ὁμοίωσιν
1584 4677 1852 4744 ὑπελθὼν,

283 4763 369 4814 καὶ
406 4761 592 4825 καθεὶς
627 4763 818 4816 ἑαυτὸν
872 4763 954 4828 είς
998 4764 1259 4832 κένωσιν,
1296 4786 1316 4818 ι
1345 4768 1570 4840 Πνεῦμα
1620 4769 1852 4841 Κυρίου,

282 4853 468 4923 φησὶν,
492 4855 578 4905 ἐπ’
616 4853 737 4924 ἐμὲ,
767 4872 786 4905 ι
817 4855 991 4908 καίτοι
1032 4854 1189 4924 φύσει
1215 4857 1345 4921 Θεὸς
1365 4859 1667 4931 ὑπάρχωνό
1686 4865 1854 4918 Μονο-

278 4947 443 5014 γενὴς
464 4945 652 5014 ’Ἄγιος
680 4947 851 5016 ἁγίων
899 4949 1037 5012 ἐστὶ,
1085 4949 1178 5002 καὶ
1225 4951 1405 5004 πᾶσαν
1431 4953 1593 5017 αὐτὸς
1631 4955 1848 5024 ἁγιάζει

278 5034 376 5104 τὴν
407 5036 608 5103 κτίσιν,
645 5037 740 5092 ἆτε
778 5038 842 5110 δὴ
885 5039 979 5092 καὶ
1013 5039 1072 5105 ἐξ
1102 5039 1259 5108 ἁγίου
1313 5042 1526 5113 Πατρὸς
1551 5044 1843 5112 πεφυκὼς,

1955 4515 2121 4570 veluti
2145 4515 2256 4585 jam
2307 4516 2544 4572 instante
2581 4527 2841 4587 tempore,
2874 4533 2981 4588 quo
3027 4521 3276 4590 promisit
3319 4537 3411 4578 eos
3468 4541 3528 4577 se

1957 4616 2295 4670 coacturum,
2331 4615 2384 4662 et
2418 4608 2571 4676 quasi
2602 4607 2774 4662 factus
2799 4608 2911 4678 jam
2947 4611 3129 4676 homo,
3169 4621 3223 4667 et
3270 4614 3525 4668 similitu-

1957 4698 2136 4752 dinem
2187 4706 2426 4753 nostram
2478 4699 2798 4767 suscipiens,
2847 4710 2902 4754 et
2950 4715 3009 4757 se
3060 4703 3124 4757 ad
3170 4703 3519 4762 inanitionem

1955 4788 2314 4853 submittens,
2384 4806 2405 4840 ι
2463 4788 2698 4858 Spiritus
2742 4789 2978 4858 Domini,
3069 4795 3261 4865 inquit,
3363 4814 3526 4868 super

1958 4892 2072 4945 me;
2112 4897 2132 4931 ›
2164 4879 2417 4949 quoniam
2449 4881 2638 4934 natura
2680 4881 2825 4938 Deus
2874 4886 3145 4942 exsistens
3204 4887 3522 4955 Unigenitus

1953 4965 2184 5023 Sanctus
2239 4967 2308 5022 sit
2351 4976 2684 5036 sanctorum,
2727 4978 2782 5025 et
2827 4985 3045 5027 omnem
3099 4973 3216 5042 ipse
3272 4986 3517 5030 naturam

1948 5059 2271 5126 sanetiticet,
2313 5067 2497 5130 utpote
2540 5074 2606 5115 ex
2641 5071 2830 5118 sancto
2862 5062 3023 5119 Patre
3067 5073 3242 5129 natus,
3291 5081 3521 5137 cumque

277 5125 370 5177 καὶ
399 5124 459 5178 τὸ
483 5125 543 5190 ἐξ
593 5125 758 5180 αὐτοῦ
787 5128 1150 5200 προχεόμενον
1184 5127 1430 5199 Πνεῦμα,
1464 5131 1559 5184 καὶ
1589 5135 1707 5197 ταῖς
1735 5135 1848 5190 ἄνω

1981 5167 2009 5204 x
2039 5165 2098 5206 se
2126 5124 2505 5220 procedentem
2548 5153 2808 5222 Spiritum
2851 5158 3104 5212 immittat
3151 5161 3364 5227 superis
3425 5178 3510 5231 pu-

274 5215 570 5287 δυνάμεσιν
623 5219 827 5284 ἐνιεὶς,
882 5220 959 5285 ὡς
1008 5221 1226 5286 ἑαυτοῦ,
1290 5224 1385 5277 καὶ
1450 5226 1676 5295 προσέτι
1733 5230 1848 5292 τοῖς

275 5307 610 5376 ἐπεγνωκόσι
627 5311 726 5380 τὴν
746 5311 1072 5382 ἐπιφάνειαν
1097 5313 1282 5368 αὑτοῦ.
1308 5315 1432 5379 Πῶς
1453 5312 1546 5370 οὖν
1568 5315 1844 5387 inuitato;

273 5398 404 5463 Θεὸς
441 5399 548 5472 γὰρ
574 5402 832 5473 ὑπάρχων
863 5404 999 5474 ὁμοῦ
1049 5406 1143 5459 καὶ
1176 5406 1460 5477 ἄνθρωπος
1487 5409 1517 5461 6
1559 5409 1741 5475 αὐτὸς,
1769 5412 1843 5464 δί-

269 5488 398 5543 δωσι
429 5491 526 5562 μὲν
557 5491 752 5557 θεῖκῶς
780 5494 841 5548 τὸ
871 5495 1084 5568 πνεῦμα
1113 5488 1178 5570 τῇ
1203 5500 1627 5572 κτίσει,δέχεται
1656 5503 1712 5556 δὲ
1750 5504 1848 5557 αὐ-

341 5606 403 5636 ³³⁴
427 5606 531 5661 Isa.
559 5625 713 5676 Lxm,
744 5610 796 5664 9.
877 5613 920 5644 ³³

274 5668 358 5728 16.
433 5677 481 5709 ³’
499 5677 600 5733 lsa.
632 5668 722 5748 ω’,
755 5681 843 5736 22.

956 5614 1059 5670 lsa.
1095 5631 1193 5686 LII,
1227 5615 1280 5672 6.
1358 5619 1404 5651 "
1434 5619 1621 5680 Matth.
1659 5639 1770 5691 xix,
1805 5622 1894 5680 28.

1947 5242 2226 5298 testatibus
2251 5244 2386 5311 suis,
2418 5255 2471 5300 et
2499 5260 2660 5314 porro
2715 5249 3108 5316 apparitionem
3140 5250 3308 5319 ipsius
3347 5267 3513 5318 agno-

1946 5332 2245 5398 scentibus,
2277 5337 2544 5404 quomodo
2585 5337 2745 5407 igitur
2793 5342 3161 5395 sanctiIiCatus
3212 5343 3330 5398 est?
3373 5343 3513 5400 Dens

1947 5436 2136 5494 nempe
2167 5438 2293 5479 cum
2344 5426 2416 5482 sit
2457 5428 2707 5498 idemque
2741 5429 2927 5497 homo,
2959 5432 3050 5488 dat
3079 5433 3328 5504 spiritum
3360 5449 3513 5490 crea~

1947 5521 2081 5568 tura:
2115 5514 2340 5571 Deitatis
2373 5519 2601 5584 ratione,
2637 5522 2831 5591 accipit
2863 5533 3042 5579 autem
3083 5526 3228 5580 illum
3255 5541 3282 5579 a
3309 5527 3419 5583 Deo
3456 5538 3510 5581 et

1973 5629 2016 5661 ³⁸
2056 5628 2187 5688 Luc.
2225 5649 2336 5700 xix,
2362 5634 2448 5688 l7.
2527 5636 2567 5668 ³⁷
2599 5635 2738 5694 Psal.
2766 5656 2907 5709 sui,
2936 5645 2986 5696 4.
3067 5641 3153 5696 ³³1
3195 5644 3386 5700 Thess.
3431 5659 3506 5712 tv,
