4090 6216
1293 100 1315 134 \

521 234 650 290 1351

1503 228 1560 283 S.
1601 226 1874 282 CYlllLlJ
1917 223 2379 280 ALEXANDRINI
2419 221 2736 278 ARCHIEP.

3633 223 3775 277 1339

520 353 702 413 Patre.
738 350 945 405 ratione
980 349 1346 404 humanitatis.
1382 347 1530 402 llanc
1557 347 1788 402 dicimus
1827 360 1949 401 esse
1994 361 2093 399 un-

2197 344 2258 396 τὸ
2280 341 2431 414 παρὰ
2466 341 2562 396 τοῦ
2591 340 2724 394 Θεοῦ
2768 340 2859 393 καὶ
2894 338 3128 410 Πατρδς,
3157 339 3296 395 κατὰ
3317 338 3379 394 τδ
3405 337 3770 410 ἀνθρώπινον.

519 444 777 498 ctionem.
821 439 992 512 858
1044 439 1384 509 Causamque
1431 437 1785 492 humanitatis
1831 435 2090 490 declarat.

519 531 653 584 Cum
683 530 828 584 enim
854 529 1101 590 dixisset,
1144 543 1172 580 a
1218 525 1398 593 Patre,
1435 525 1680 595 adjnnxit
1727 523 2032 578 necessario
2077 541 2091 575 :

526 642 544 673 ι
581 621 657 676 Eo
685 622 826 690 quod
849 619 1006 674 unxit
1038 633 1143 685 me,
1173 617 1548 686 cvangelizare
1575 617 1901 686 pauperibus
1950 614 2096 668 misit

521 726 630 773 me,
661 723 857 764 sanare
886 709 1149 765 contritos
1177 709 1362 772 corde,
1391 724 1456 762 ac
1486 708 1781 778 praedicare
1823 707 2096 761 remissio-

519 816 640 856 nem
674 799 926 869 captivis,
958 808 1014 853 et
1044 799 1201 854 caecis
1227 799 1402 854 visum
1452 799 1698 863 reddere,
1737 811 1799 851 ac
1835 805 2093 867 praeterea

521 909 722 948 vocare
753 893 892 947 diem
922 892 1313 947 retributionis.
1351 911 1369 942 ι
1401 891 1567 946 Multa
1595 889 1864 960 siquidem
1891 889 1944 943 in
1977 889 2096 943 illos

519 984 849 1039 exstiterunt
864 981 1223 1037 humanitatis
1245 981 1510 1052 Unigeniti
1527 981 1754 1037 illustria
1776 981 2092 1050 speeimina.

521 1074 592 1131 Ut
613 1074 758 1132 enim
787 1073 1036 1128 reficeret
1070 1073 1279 1140 orbem,
1311 1084 1365 1130 et
1398 1073 1665 1128 universa:
1707 1081 1864 1127 terra:
1891 1071 2095 1127 incolas

521 1169 629 1221 Deo
655 1174 710 1220 et
732 1163 875 1219 Patri
901 1166 1212 1230 adduceret,
1240 1163 1494 1219 omnibus
1523 1165 1576 1218 in
1607 1164 1796 1218 melius
1820 1171 2092 1217 transmu-

521 1261 666 1325 tatis,
693 1265 749 1311 et
777 1257 916 1312 facie
943 1267 1100 1312 terra:
1129 1257 1280 1327 quasi
1301 1266 1582 1320 renovata,
1631 1255 1838 1326 accepit
1865 1253 2093 1309 formam

517 1349 659 1403 servi
691 1347 760 1412 ⁸⁸,
799 1347 1168 1418 quamtumvis
1206 1356 1354 1402 esset
1397 1347 1660 1401 Dominus
1694 1346 2091 1408 universorum,

517 1451 572 1496 et
613 1441 786 1497 fausta
835 1439 1106 1495 nuntiavit
1142 1440 1492 1509 pauperibus,
1542 1447 1825 1508 propterea
1870 1437 2093 1492 missum

2197 435 2413 506 Ταύτην
2451 430 2590 488 εἷναί
2624 449 2805 504 φαμεν
2830 433 2930 502 τὴν
2950 430 3147 502 χρῆσιν
3167 429 3239 503 [ι.
3267 429 3503 518 χρίσιν1.
3534 430 3778 501 Ἐναργῆ

2195 526 2249 579 δὲ
2285 524 2574 594 καθίστησι
2610 525 2710 594 τῆς
2739 522 3206 594 ἑνανθρωπήσεως
3236 523 3336 594 τὴν
3359 521 3560 576 αἰτίαν.
3589 521 3779 574 Εἰπὼν

2196 617 2303 688 γάρ
2323 618 2404 670 ὅτι
2435 615 2587 688 παρὰ
2613 615 2697 669 τοῦ
2721 615 2952 686 Πατρδς.
2969 616 3419 687 προσεπήνεγκεν
3435 613 3776 682 ἀναγκαίως,

2203 728 2221 758 ι
2248 701 2324 761 οὗ
2381 708 2589 760 εἵνεκεν
2645 705 2831 777 ἔχρισε
2889 723 2979 776 με,
3039 704 3494 774 εὐαγγελίσασθαι
3539 707 3780 774 πτωχοῖς

2195 799 2510 854 ἀπέσταλκέ
2542 815 2633 868 με,
2673 797 2929 852 ἰάσασθαι
2956 797 3084 860 τοὺς
3143 796 3642 868 συντετριμμένους
3675 797 3777 867 τὴν

2197 888 2444 960 καρδίαν,
2473 888 2668 958 ἄφεσίν
2708 905 2768 941 τε
2825 887 3060 958 κηρύξαι
3106 890 3220 951 τοῖς
3279 888 3338 941 ἐν
3384 887 3773 958 αἰχμαλωσίᾳ,

2196 978 2526 1050 χαρίσασθαι
2557 979 2616 1032 δὲ
2672 979 2765 1032 καὶ
2820 978 3039 1047 τυφλοῖς
3077 977 3391 1048 ἀνάϐλεψιν,
3443 977 3670 1033 καλέσαι
3716 997 3775 1031 τε

2197 1072 2336 1142 πρὸς
2369 1069 2580 1134 τούτοις
2627 1072 2724 1125 καὶ
2770 1071 2988 1142 ἡμέραν
3042 1070 3489 1135 άνταποδόσεως⁶
3532 1091 3551 1124 ι
3601 1071 3777 1124 πολλὰ

2199 1161 2340 1215 κατὰ
2369 1162 2563 1216 ταύτὸν
2593 1163 2692 1233 τῆς
2721 1162 3182 1234 ἐνανθρωπήσεως
3209 1161 3306 1217 τοῦ
3337 1164 3678 1232 Μονογενοῦς
3707 1167 3773 1217 τὰ

2199 1251 2473 1322 περιφανῆ
2497 1250 2917 1324 κατορθώματα.
2959 1253 3075 1306 ’Ἱνα
3095 1253 3205 1324 γὰρ
3231 1255 3647 1325 κατακτήσηται
3678 1254 3773 1326 τὴν

2197 1343 2288 1396 ὑπ’
2314 1341 2563 1414 οὐρανὸν,
2597 1345 2692 1396 καὶ⁸
2718 1343 2843 1406 τοὺς
2873 1342 2978 1396 άνὰ
3027 1344 3208 1397 πᾶσαν
3238 1344 3398 1408 δντας
3437 1347 3538 1415 τὴν
3589 1348 3776 1400 οἰκου-

2201 1434 2371 1505 μένην
2397 1434 2745 1506 προσκομίσῃ
2778 1433 2855 1504 τῷ
2887 1433 3006 1505 Θεῷ
3038 1435 3132 1488 καὶ
3174 1435 3347 1506 Πατρὶ
3399 1453 3774 1507 μεταστοιχει-

518 1546 578 1586 se
601 1531 754 1587 dicit.
777 1529 1052 1600 Pauperes
1088 1545 1213 1585 esse
1241 1539 1297 1585 et
1327 1529 1546 1600 intelligi
1587 1535 1831 1598 possunt,
1854 1527 1944 1597 qui
1974 1541 2093 1582 om-

2197 1523 2346 1590 ὡσας
2373 1526 2444 1579 τὰ
2475 1526 2652 1580 πάντα
2703 1527 2840 1598 πρὸς
2871 1526 2933 1580 τὸ
2978 1529 3279 1598 ἀμεινόνως
3330 1529 3495 1600 ἔχειν,
3536 1532 3633 1584 καὶ
3661 1526 3775 1584 οἷον

520 1619 606 1673 nis
632 1619 756 1674 boni
787 1618 1036 1674 laborant
1058 1619 1370 1687 indigentia,
1407 1634 1506 1674 nec
1539 1619 1831 1689 quidquam
1852 1619 1966 1689 spei
1996 1619 2093 1672 ha-

2197 1619 2554 1682 ἀνακαινίσας
2586 1619 2648 1672 τὸ
2678 1619 2970 1690 πρόσωπον
2997 1620 3097 1691 τῆς
3129 1621 3254 1692 γῆς,
3305 1621 3464 1676 ἔλαϐε
3496 1623 3552 1677 δὲ
3583 1623 3772 1677 δούλου

519 1710 670 1774 bent,
704 1719 759 1764 et
783 1711 901 1765 sine
944 1709 1053 1765 Deo
1094 1721 1221 1766 sunt
1261 1711 1314 1765 in
1363 1687 1581 1775 mundo,
1633 1687 1792 1766 sicuti
1831 1687 2092 1779 scriptun:

2199 1708 2434 1780 μορφὴν,
2467 1709 2643 1762 καίτοι
2676 1687 2882 1780 Κύριος
2915 1687 3201 1780 ὑπάρχω-ν⁷
3233 1711 3342 1764 τῶν
3386 1712 3543 1766 ὅλων.
3586 1713 3769 1782 Εύηγ-

520 1799 696 1855 estW.
740 1797 804 1854 lli
833 1807 1010 1854 autem
1037 1809 1163 1854 sunt
1193 1815 1259 1855 ex
1285 1801 1554 1871 gentibus,
1580 1801 1672 1870 qui
1704 1801 1809 1855 fide
1842 1801 1894 1854 in
1922 1801 2093 1868 ipsum

2197 1801 2451 1870 γελίσατο
2478 1803 2612 1870 γοῦν
2643 1805 2897 1872 πτωχοῖς,
2931 1803 3268 1858 ἀπεστάλθαι
3310 1805 3400 1858 διὰ
3428 1805 3584 1860 τοῦτό
3614 1823 3768 1876 φησι.

518 1891 854 1962 locupletati,
884 1892 1124 1946 divinum
1155 1903 1212 1947 et
1238 1893 1518 1949 etelestem
1545 1895 1856 1949 thesaurum
1901 1891 2093 1946 luerati

2200 1895 2412 1966 Πτωχοὶ
2436 1897 2482 1949 δ’
2511 1895 2576 1948 ἂν
2607 1890 2734 1958 εἷεν,
2772 1896 2939 1967 ῆγουν
2965 1895 3226 1967 νοηθεῖεν,
3253 1899 3302 1951 oi
3330 1899 3533 1963 παντὸς
3567 1900 3772 1970 ἀγαθοῦ

523 1992 673 2050 sunt,
709 1983 1073 2053 evangelicam
1111 1984 1362 2040 videlicet
1403 1995 1460 2040 et
1495 1983 1788 2040 salutarem
1835 1983 2093 2052 praedica-

2198 1987 2552 2058 νενοσηκότες
2578 1987 2712 2041 ποτὲ
2741 1988 2841 2059 τὴν
2869 1987 3097 2050 ἔνδειαν,
3118 1989 3312 2043 ἐλπίδα
3330 2007 3390 2044 τε
3423 1991 3498 2062 μὴ
3527 1991 3772 2062 ἔχοντες,

523 2075 744 2140 tionem,
781 2090 877 2144 per
905 2091 1064 2147 quam
1097 2075 1224 2131 facti
1264 2076 1650 2132 suntcrelestis
1697 2076 1846 2146 regni
1877 2074 2093 2146 partici-

2199 2079 2292 2134 καὶ
2325 2079 2473 2134 ἄθεοι
2497 2081 2554 2132 ὲν
2584 2079 2664 2150 τῷ
2683 2079 2895 2150 κόσμῳ,
2925 2081 3066 2134 κατὰ
3092 2081 3154 2134 τδ
3189 2083 3590 2154 γεγραμμένον.
3611 2079 3771 2139 Οὗτοι

520 2181 638 2236 pes,
665 2177 720 2222 et
749 2177 1032 2224 consortes
1061 2178 1393 2236 sanctorum,
1419 2177 1583 2238 atque
1613 2167 1859 2223 haeredes
1909 2183 2093 2224 eorum

2199 2171 2243 2226 δ’
2260 2170 2327 2225 ἂν
2346 2168 2456 2224 εἷεν
2479 2171 2528 2224 οι
2547 2168 2608 2235 ἐξ
2627 2168 2818 2235 ὲθνῶν,
2845 2171 2894 2222 oi
2918 2170 3016 2240 τὴν
3036 2172 3114 2236 είς
3143 2171 3304 2226 αὑτὸν
3332 2173 3514 2226 πίστιν
3540 2174 3772 2244 πλουτη-

523 2273 642 2328 qua:
670 2274 774 2315 nec
809 2273 963 2315 mens
1015 2275 1113 2314 nec
1143 2260 1320 2314 oratio
1345 2259 1627 2330 complecti
1662 2267 1858 2328 potest.
1903 2276 1922 2310 ι
1957 2258 2093 2313 Ocu-

2203 2279 2418 2328 σαντες,
2445 2262 2536 2315 τὸν
2567 2261 2712 2316 θεῖόν
2739 2277 2798 2314 τε
2845 2263 2940 2316 καὶ
2969 2262 3219 2334 οὐράνιον
3262 2265 3658 2336 κεκερδηκότες
3679 2267 3770 2336 θη-

524 2351 606 2406 Ius
662 2351 828 2415 enim,
888 2351 1104 2420 inquit,
1161 2366 1269 2406 non
1298 2351 1451 2415 vidit,
1505 2363 1561 2406 et
1593 2351 1742 2407 auris
1790 2365 1898 2406 non
1942 2349 2093 2404 audi-

2204 2353 2404 2425 σαυρδν
2423 2394 2438 2418 ,
2508 2353 2570 2406 τὸ
2620 2352 2979 2422 εύαγγελικδν
3038 2353 3282 2425 δηλονότι
3365 2357 3460 2409 καὶ
3511 2358 3770 2426 σωτήριον

525 2441 621 2506 vit,
658 2453 757 2494 nec
783 2441 836 2494 in
866 2455 960 2497 eor
998 2441 1233 2496 hominis
1275 2443 1540 2509 ascendit,
1565 2457 1687 2512 quae
1719 2442 1930 2512 paravit
1961 2442 2093 2498 Deus

2203 2445 2486 2515 κήρυγμα,
2515 2442 2581 2496 δι’
2607 2436 2667 2496 οὗ
2696 2443 2952 2513 γεγόνασι
2976 2446 3071 2498 καὶ
3096 2445 3196 2516 τῆς
3215 2445 3320 2500 τῶν
3344 2447 3584 2518 οὐρανῶν
3609 2446 3762 2516 βασι-

525 2531 877 2601 diligentibus
904 2545 963 2585 se
991 2532 1060 2588 δ’.
1106 2549 1126 2584 ι
1166 2530 1265 2585 Vel
1298 2532 1546 2589 fortassis
1593 2535 1768 2588 oratio
1815 2533 1904 2588 hic
1947 2533 2093 2598 dicit,

2203 2535 2353 2600 λείας
2401 2537 2641 2608 μέτοχοι,
2673 2537 2768 2590 καίΙ
2811 2538 3178 2609 συμμερισταὶ
3210 2537 3316 2590 τῶν
3347 2537 3533 2606 ἁγίων,
3566 2537 3770 2609 κληρο·

528 2624 860 2694 pauperibus
884 2624 1076 2694 spiritu
1100 2622 1355 2677 donatum
1384 2635 1504 2679 esse
1531 2623 1768 2692 locuples
1799 2625 2093 2680 charisma‘

2204 2630 2358 2700 νόμοι
2386 2628 2494 2682 τῶν
2543 2628 2685 2699 ὑπὲρ
2724 2628 2849 2682 νοῦν
2905 2631 2998 2682 καὶ
3045 2628 3212 2696 λόγον.
3250 2648 3268 2680 ι
3312 2627 3618 2699 Ὀφθαλμὺς
3662 2627 3770 2699 γάρ

529 2723 641 2770 tum
699 2730 794 2782 per
837 2715 1112 2770 Christum
1170 2714 1555 2773 ministerium.
1606 2714 1885 2773 Contritos
1938 2717 2093 2773 corde

2203 2723 2304 2776 οὐκ
2335 2718 2463 2785 εἶδε,
2495 2721 2648 2791 φησι,
2685 2722 2780 2774 καὶ
2810 2715 2904 2785 οὖς
2926 2722 3026 2776 οὐκ
3053 2721 3272 2792 ἢκουσε,
3295 2721 3386 2774 καὶ
3416 2721 3512 2773 ἐπὶ
3543 2720 3771 2791 καρδίαν

530 2817 696 2864 vocat
746 2809 965 2862 inlirmo
989 2817 1048 2863 et
1081 2807 1254 2864 fracto
1283 2805 1466 2864 animo
1504 2809 1773 2880 praeditos,
1799 2819 1855 2865 et
1887 2819 2093 2879 pertur-

2207 2809 2498 2882 ἀνθρώπου
2520 2809 2618 2862 οὐκ
2655 2809 2846 2882 ἀνέϐη,
2886 2809 2924 2864 ἃ
2955 2812 3253 2881 ἡτοίμασεν
3271 2810 3300 2862 ὁ
3321 2810 3454 2874 Θεὸς
3481 2812 3599 2873 τοῖς
3635 2813 3769 2880 ἀγα-

531 2899 810 2955 bationum
875 2899 1281 2956 incursionibus
1338 2915 1446 2957 non
1505 2900 1746 2958 valentes
1799 2901 2093 2968 obsistere,

2207 2903 2383 2958 πῶσιν
2415 2903 2598 2958 αὐτόν.
2643 2923 2661 2953 ι
2705 2903 2774 2955 Ἢ
2803 2901 2944 2973 τάχα
2979 2919 3082 2956 που
3123 2903 3221 2957 καὶ
3277 2906 3385 2966 τοῖς
3437 2907 3670 2974 πτωχοῖς
3695 2903 3770 2974 τῷ

532 2993 712 3063 itaque
737 2992 846 3048 illis
874 2993 1172 3062 subjectos,
1203 3002 1262 3048 ut
1282 2993 1483 3064 captivi
1517 3007 1638 3049 esse
1668 2991 1971 3048 videantur.
2009 2991 2093 3048 His

2207 2993 2478 3066 πνεύματι
2504 2993 2838 3066 δεδωρῆσθαι
2883 3011 3052 3066 φησιν
3081 2997 3109 3048 ὁ
3139 2995 3298 3064 λόγος
3347 2996 3406 3049 ἐν
3435 2993 3643 3058 τούτοις
3669 2995 3774 3048 τῶν

532 3086 868 3141 sanationem
907 3100 973 3140 ae
1000 3087 1324 3141 medicinam
1376 3083 1662 3155 promittit,
1705 3100 1769 3138 ac
1806 3085 1964 3140 caecis
2016 3085 2093 3139 dal

2205 3083 2297 3140 διά
2343 3084 2579 3157 Χριστοῦ
2640 3086 2991 3156 χαρισμάτων
3042 3085 3142 3157 τὴν
3203 3085 3436 3156 ἄφθονον
3494 3087 3770 3158 χορηγίαν.

529 3177 729 3232 visum.
763 3175 896 3228 Nam
927 3176 1022 3244 qui
1053 3185 1360 3230 creaturam
1397 3175 1603 3238 colunt,
1635 3184 1688 3228 et
1717 3173 1859 3242 ligno
1887 3175 2093 3228 dicunt:

2207 3178 2707 3249 Συντετριμμένους
2732 3178 2789 3232 δέ
2817 3195 2951 3251 φησι
3007 3179 3105 3251 τὴν
3137 3180 3387 3252 καρδίαν,
3422 3181 3547 3243 τοὺς
3575 3179 3773 3247 ἀσθενῆ

536 3283 554 3316 ι
597 3264 755 3319 Pater
786 3277 940 3316 meus
969 3277 1029 3316 es
1055 3271 1141 3328 tu;
1173 3271 1228 3317 et
1262 3263 1422 3331 lapidi
1459 3281 1472 3316 :
1511 3261 1590 3316 Tu
1618 3263 1850 3334 genuisti
1897 3279 1982 3320 me
1999 3263 2093 3327 “;i

2206 3269 2302 3322 καὶ
2329 3267 2719 3338 εύδιάθρυπτον
2745 3267 2965 3338 ἔχοντας
2986 3269 3132 3334 νοῦν,
3164 3271 3258 3324 καὶ
3284 3273 3406 3332 ταῖς
3445 3271 3554 3324 τῶν
3591 3268 3774 3324 παθῶν

533 3353 732 3409 deinde
790 3362 982 3406 natura
1030 3361 1084 3408 et
1128 3366 1268 3422 .vere
1333 3352 1498 3408 Deum
1553 3368 1660 3408 non
1703 3364 2035 3426 agnoverunt
2089 3376 2093 3410 :

2207 3361 2534 3430 προσϐολαῖς
2559 3361 2945 3434 ἀντιφέρεσθαι
2973 3363 3052 3433 μὴ
3082 3363 3444 3434 δυναμένους,
3478 3365 3772 3433 ὑπενηνεγ-

533 3443 723 3514 quidni
755 3443 882 3498 caci
907 3443 1040 3508 sint,
1071 3453 1126 3498 et
1163 3453 1350 3513 pectus
1393 3444 1630 3500 habeant
1668 3445 1790 3500 luce
1830 3446 2010 3501 divina
2053 3459 2093 3502 el

2211 3455 2404 3526 μένους
2421 3455 2480 3508 δὲ
2502 3453 2674 3518 οὕτως
2694 3455 2902 3521 αὐταῖς,
2918 3456 2993 3518 ὡς
3021 3454 3401 3527 αἰχμαλώτους
3429 3451 3564 3509 εἶναι
3578 3457 3772 3510 δοκεῖν.

535 3534 859 3606 intelligibili
892 3535 1134 3590 nudum?
1185 3534 1280 3590 His
1333 3535 1574 3592 immittit
1606 3535 1766 3592 Pater
1819 3553 1960 3594 vera:
2013 3538 2088 3595 De

2207 3545 2428 3609 Τούτοις
2459 3544 2602 3598 ῐασίν
2632 3562 2692 3598 τε
2726 3547 2820 3600 καὶ
2860 3546 3054 3616 ἄφεσιν
3099 3547 3516 3616 ἐπαγγέλλεται,
3561 3549 3776 3618 τυφλοῖς

533 3627 859 3697 cognitionis
881 3627 1077 3682 lucem.
1116 3628 1304 3682 Vocati
1337 3636 1467 3682 sunt
1495 3627 1642 3683 enim
1679 3644 1777 3699 per
1824 3629 2005 3694 fidem,
2053 3643 2093 3686 e1

2206 3637 2262 3690 δὲ
2287 3632 2438 3690 οὖσιν
2462 3636 2644 3701 αὐτοῖς
2661 3636 2841 3690 δίδωσι
2863 3639 2954 3692 καὶ
2982 3638 3294 3708 ἀνάϐλεψιν.
3319 3641 3383 3692 Oi
3402 3640 3511 3710 γάρ
3526 3643 3594 3709 τῇ
3610 3641 3774 3693 κτίσει

537 3718 685 3772 illum
714 3727 1100 3788 cognoverunt,
1127 3717 1237 3771 imo
1261 3717 1328 3770 ab
1351 3717 1468 3786 ipso
1490 3718 1688 3790 cogniti
1717 3730 1872 3785 sunt;
1907 3719 2093 3790 filiiqut

2207 3729 2592 3801 λατρεύοντες,
2622 3731 2716 3784 καὶ
2743 3730 2822 3802 τῷ
2849 3731 2991 3801 ξύλῳ
3018 3731 3286 3800 λέγοντες·
3321 3750 3340 3782 ι
3376 3733 3566 3802 Πατήρ
3600 3750 3701 3802 μου
3732 3727 3778 3784 εί

540 3809 713 3864 noctis
741 3823 862 3862 cum
900 3818 1082 3861 essent
1135 3820 1198 3860 ac
1228 3805 1598 3872 tenebrarum,
1637 3807 1732 3861 filii
1769 3808 1902 3864 lucis
1942 3811 2093 3866 exsti-

2213 3827 2301 3888 σὺ,
2320 3826 2415 3878 καὶ
2443 3823 2521 3894 τῷ
2552 3822 2708 3894 λίθῳ,
2731 3825 2803 3878 Σὺ
2841 3824 3140 3896 ἐγέννησας
3165 3842 3254 3896 με,
3285 3845 3304 3876 ι
3334 3820 3453 3879 εἶτα
3479 3825 3570 3880 τὸν
3601 3825 3777 3895 φύσει,

537 3907 736 3953 terunt.
763 3897 932 3968 859
955 3896 1296 3952 Collustravit
1326 3899 1525 3954 etenim
1561 3899 1680 3954 illos
1711 3899 1846 3964 dies,
1874 3912 1928 3957 et
1955 3913 2093 3959 ortus

2209 3915 2304 3968 καὶ
2331 3913 2547 3985 ἀληθῶς
2574 3913 2703 3969 ὄντα
2730 3913 2863 3967 Θεὸν
2891 3914 2990 3968 οὐκ
3013 3915 3406 3981 ἐπεγνωκότες,
3437 3914 3559 3978 πῶς
3588 3915 3688 3967 οὐκ
3717 3914 3780 3967 ἂν

534 3999 622 4046 est
649 3988 737 4044 Sol
763 3989 1006 4057 iustitiae,
1037 3997 1092 4044 et
1130 3989 1357 4044 illustris
1395 3993 1642 4059 apparuit
1684 3989 1916 4048 Lucifer.
1959 3995 2083 4050 Nihi

2209 4003 2318 4060 εἷεν
2344 4006 2556 4076 τυφλοὶ,
2594 4007 2688 4060 καὶ
2721 4005 2900 4076 φωτὸς
2931 4005 3026 4059 τοῦ
3052 4005 3199 4059 θείου
3227 4005 3324 4059 καὶ
3355 4005 3546 4076 νοητοῦ
3569 4003 3779 4074 γυμνὴν

541 4080 864 4136 incommodi
896 4081 1022 4143 erit,
1048 4079 1092 4134 si
1127 4094 1190 4134 ex
1220 4080 1480 4150 sanguine
1519 4081 1814 4138 Israelitico
1866 4085 2093 4141 oriundi:

2209 4098 2425 4168 ἔχοντες
2471 4097 2572 4168 τὴν
2619 4097 2879 4167 καρδίανς
2907 4096 3116 4154 τούτοις
3155 4096 3364 4167 ἐνίησιν
3406 4097 3434 4148 ὁ
3475 4093 3655 4164 Πατὴρ
3679 4094 3780 4164 τῆς

537 4171 717 4227 omnia
746 4171 891 4226 dicta
917 4171 1410 4226 accommodemus.
1449 4169 1582 4224 Nam
1627 4184 1786 4229 erant
1819 4191 2093 4247 pauperes1

2209 4189 2443 4260 ἀληθοῦς
2477 4190 2805 4258 θεογνωσίας
2840 4189 2901 4242 τὸ
2927 4189 3062 4258 φῶς.
3102 4188 3412 4260 Κέκληνται
3439 4187 3543 4260 γὰρ
3565 4187 3654 4240 διά
3682 4188 3778 4240 πί-

537 4273 592 4320 et
623 4263 841 4318 contriti
873 4262 1058 4326 corde,
1093 4277 1157 4316 ac
1187 4261 1334 4316 velut
1385 4265 1605 4332 captivi,
1649 4275 1702 4320 et
1743 4268 2093 4324 obtenebrati.

2211 4300 2401 4347 στεως,
2429 4284 2522 4336 καὶ
2554 4282 2800 4351 ἔγνωσαν
2854 4282 3038 4345 αὐτὸν,
3079 4282 3278 4352 μᾶλλον
3327 4281 3384 4335 δὲ
3431 4279 3784 4351 ἐγνώσθησαν

543 4372 563 4406 ι
602 4355 717 4410 Non
743 4355 889 4409 enim
933 4355 986 4409 in
1027 4364 1168 4408 terra
1196 4364 1313 4410 erat
1346 4355 1634 4426 quisquam
1663 4359 1751 4427 qui
1785 4359 1986 4416 faceret
2011 4365 2093 4416 bo-

2210 4375 2302 4427 ὑπ’
2334 4375 2520 4438 αὐτοῦ,
2547 4374 2642 4428 καὶ
2665 4374 2770 4427 υίοὶ
2792 4373 2982 4437 νυκτὸς
3008 4374 3180 4440 ὄντες,
3207 4375 3302 4428 καὶ
3332 4375 3578 4440 σκότους,
3607 4365 3788 4443 φωτὸς

538 4461 690 4509 num,
725 4459 833 4501 non
864 4453 983 4498 erat
1011 4459 1179 4514 usque
1211 4444 1279 4498 ad
1316 4459 1502 4502 unum.
1534 4443 1736 4502 Omnes
1778 4453 1982 4519 pariter
2011 4453 2093 4509 de-

2211 4469 2466 4537 γεγόνασι
2514 4469 2696 4521 τέκναο
2732 4467 2992 4538 διηύγασε
3023 4469 3131 4538 γὰρ
3161 4469 3356 4530 αὐτοὺς
3388 4467 3420 4536 ἡ
3457 4467 3664 4539 ἡμέρα,
3696 4466 3790 4518 καὶ

539 4537 899 4600 clinaverunt,
925 4535 1084 4590 simul
1119 4535 1336 4590 inutiles
1362 4537 1488 4591 faeli
1519 4549 1644 4593 sunt
1675 4539 1739 4596 “.
1784 4562 1803 4596 ι
1839 4541 1997 4600 Venit
2017 4562 2093 4600 aut

2210 4535 2240 4612 δ
2283 4535 2384 4629 τῆς
2423 4558 2770 4629 δικαιοσύνης
2806 4535 3050 4630 τάνέσχεν
3100 4535 3331 4624 Ἤλιος,
3389 4535 3510 4611 καί
3535 4535 3793 4626 λαμπρὸς

541 4633 647 4678 tem
676 4624 945 4688 Christus,
979 4634 1032 4679 et
1061 4624 1317 4681 lsraelitis
1339 4636 1464 4683 ante
1496 4629 1630 4687 alios
1675 4635 1941 4690 nuntiavit
1991 4635 2093 4692 fau-

2211 4624 2484 4704 ἀνέτειλεν
2521 4624 2849 4718 Ἐωσφδρος.
2873 4624 3051 4704 Auster
3083 4650 3140 4704 δὲ
3172 4650 3324 4703 οὐδὲν
3343 4649 3438 4703 καὶ
3465 4651 3579 4711 τοῖς
3610 4624 3673 4713 ἐξ
3705 4624 3791 4700 αῖ-

541 4727 624 4771 sta
647 4731 710 4770 ac
741 4715 995 4784 praelara
1021 4719 1318 4784 praesentia
1342 4735 1455 4775 suae
1481 4722 1719 4779 facinora
1757 4742 1773 4779 :
1821 4739 2093 4796 prreterea.

2217 4757 2382 4812 ματος
2425 4738 2641 4810 Ἰσραὴλ
2667 4715 2976 4810 ζἐφαρμόσαι
3005 4740 3180 4793 πάντα
3226 4738 3296 4791 τά
3345 4738 3632 4808 εἰρημένα.
3689 4739 3798 4790 Καὶ

543 4819 602 4866 ιιι
631 4821 831 4861 annum
866 4820 1081 4876 quoque
1108 4807 1316 4862 Domini
1362 4811 1722 4880 proclamaret
1749 4829 2026 4889 acceptum
2056 4836 2093 4875 e1

2214 4807 2322 4900 χάρ
2341 4823 2483 4898 ἦσαν
2506 4807 2740 4898 ’πτωχοᾯ
2771 4807 2868 4882 καὶ
2911 4827 3363 4899 συντετριμμένοι
3391 4807 3490 4899 την
3525 4828 3797 4899 καρδίαν,

548 4897 688 4953 diem
721 4895 1111 4953 retributionis.
1151 4896 1418 4968 Acceptus
1457 4916 1632 4960 annus
1678 4917 1819 4974 erat,
1857 4925 1966 4980 quo
2013 4927 2093 4982 prt

2215 4895 2311 4985 agni.
2337 4895 2446 4973 οἶον
2483 4895 2836 4992 αίχμάλωτοι,
2865 4922 2958 4975 καὶ
2986 4895 3377 4992 ἐσκοτισμένοι.
3411 4895 3533 4972 «⁷ού
3567 4895 3684 4990 γάρ
3731 4912 3801 4988 ἦν

543 4989 701 5046 nobis
743 4987 1036 5045 crucifixus
1080 4998 1166 5044 est
1199 4989 1462 5048 Christus.
1519 4994 1654 5052 Tum
1704 4999 1847 5054 enim
1903 5015 2091 5074 accept

2218 5013 2310 5066 ἐπὶ
2329 5013 2431 5083 γῆς
2452 5015 2480 5066 ὁ
2507 4987 2676 5067 «Bia.»
2699 5015 3068 5085 χρηστότητα,
3097 4987 3308 5086 ούκτῆν
3345 5015 3452 5077 ἕως
3490 5013 3636 5076 ἑνὸς,
3655 4987 3801 5069 ’ἀλλά

545 5081 674 5136 facti
703 5093 888 5134 sumus
915 5079 1024 5134 Deo
1050 5089 1102 5134 et
1130 5078 1298 5146 Patri,
1335 5091 1391 5137 et
1416 5097 1512 5153 per
1542 5085 1716 5155 ipsum
1767 5086 1971 5145 fructus
1998 5093 2093 5147 edi

2219 5078 2418 5169 πάντες
2446 5078 2748 5171 ἐξέκλιναν,
2769 5078 2888 5178 άμα
2941 5078 3339 5178 ηοχρειὼθησαν.
3378 5125 3396 5158 ι
3444 5105 3720 5176 Ἀφῆκται
3745 5105 3801 5156 δὲ

543 5173 746 5226 dimus.
800 5169 966 5242 quue
1005 5185 1105 5225 nos
1152 5168 1334 5226 docuit
1375 5173 1512 5243 ipse,
1562 5175 1751 5234 dicens
1792 5196 1806 5233 :
1853 5199 1873 5233 ι
1918 5188 2091 5239 Amen

2212 5196 2242 5247 ὁ
2273 5168 2506 5264 Χριστὸς
2555 5195 2647 5247 καὶ
2692 5168 2903 5264 πράγε
3109 5168 3283 5250 ἄλλων
3308 5168 3804 5263 εὐαγγελιζόμενος

547 5277 704 5315 einen
733 5263 854 5317 dico
883 5262 1040 5318 vobis
1070 5280 1084 5315 :
1119 5260 1236 5318 Nisi
1272 5280 1498 5335 granum
1542 5267 1796 5324 frumenti
1831 5273 2031 5330 cadens
2063 5278 2093 5332 in

2215 5260 2408 5348 coisse
2454 5282 2667 5354 Ἰσραὴλ
2707 5260 2804 5354 της
2850 5260 3047 5339 ἑαυτοῦ
3081 5260 3479 5357 παρουσίας
3510 5260 3801 5353 κατορθώ-

549 5359 752 5405 terram
785 5364 1054 5409 mortuum
1088 5355 1274 5424 fuerit,
1302 5358 1474 5427 ipsum
1505 5371 1686 5415 manet
1719 5362 1928 5433 solum;
1973 5381 2093 5436 qum

2218 5391 2381 5444 ματα.
2414 5376 2523 5428 Καὶ
2551 5377 2688 5446 πρός
2717 5392 2778 5445 γε
2801 5377 2867 5448 δὴ
2897 5377 3128 5441 τούτοις,
3166 5355 3256 5430 ἶνα
3287 5378 3380 5431 καὶ
3409 5374 3660 5429 ἐνιαυτὸν
3691 5377 3806 5428 Κυ-

546 5443 590 5496 si
622 5455 890 5498 mortuum
925 5445 1108 5512 fue'rit,
1146 5448 1382 5506 fructum
1420 5450 1722 5508 uberiorem
1754 5456 1955 5524 profert
1987 5460 2054 5517 “.

2217 5443 2334 5535 ρίου
2365 5465 2566 5538 καλέσῃ
2596 5443 2804 5530 δεκτδν,
2832 5443 2927 5522 καὶ
2968 5468 3186 5539 ἡμέραν
3227 5467 3658 5530 ἀνταποδόσεως.
3690 5463 3808 5518 Καὶ

617 5621 663 5656 ⁸ο
686 5620 916 5694 Philipp.
949 5641 1007 5692 ιι,
1043 5623 1097 5680 7.
1155 5625 1223 5660 δ”
1252 5629 1631 5700 Εριιοε.ιι,12.
1663 5634 1702 5667 ⁸⁸
1735 5635 1906 5695 lCor.
1942 5642 2072 5710 ",9.

2211 5643 2320 5702 Jcr.
2352 5661 2410 5713 ιι,
2443 5647 2536 5704 27.
2615 5650 2658 5683 “
2701 5650 2841 5708 Paal.
2883 5668 3000 5715 ςιιι,
3030 5653 3085 5707 3.
3165 5654 3210 5686 “
3249 5651 3406 5708 Joan.
3437 5665 3538 5714 ιιι,
3568 5647 3667 5715 τι,
3701 5646 3801 5703 9.5.
