4090 6216
335 316 475 372 1553

1459 312 1525 367 ΙΝ
1559 300 1785 366 ISAIAM
1823 309 1948 364 LIB.
1990 309 2050 365 γ.
2095 310 2332 368 Τοιιυε
2368 311 2434 368 ν.

3455 313 3591 369 1558

336 428 527 493 δεκτὸς
566 427 664 499 μὲν
695 425 955 489 ἐνιαυτὸς,
987 425 1108 478 καθ’
1140 424 1198 477 ὃν
1226 423 1544 495 ἐσταυρώθη
1580 424 1719 495 ὐπέρ
1752 421 1910 494 ἡμῶν

2037 421 2286 478 ῧιίιει-ιιηι
2321 443 2333 479 :
2370 442 2389 474 ι
2427 423 2651 491 Quando
2679 425 2745 480 de
2781 435 2923 479 terra
2953 427 3219 480 exaltatus
3250 424 3422 488 fuero,
3472 443 3586 479 om-

323 522 596 593 ’Χριστός
647 520 833 573 Δεκτοὶ
862 518 970 589 γὰρ
1006 518 1127 570 τότε
1174 517 1475 588 γεγόναμεν
1524 515 1601 586 τῷ
1650 515 1770 585 Θεῴ
1822 515 1914 567 καὶ

343 614 541 684 Πατρὶ,
595 612 690 665 καὶ
741 607 1252 679 καρποφορηθέντες
1281 606 1347 660 δι’
1381 606 1567 673 αὐτοῦ,
1611 608 1706 661 καὶ
1756 604 1915 660 τοῦτο

341 702 503 765 αὐτὸς
555 701 703 772 ἡμᾶς
731 698 990 764 ἐδίδαξεν,
1021 696 1222 763 εἰπὼν,
1282 716 1299 750 ι
1352 696 1546 768 Ἀμὴν,
1597 695 1744 767 ἀμὴν
1769 693 1915 763 λέγω

344 793 491 863 ύμῖν,
517 792 610 845 ἐὰν
651 791 728 863 μὴ
754 794 783 845 ὁ
810 791 1006 853 κόκκος
1036 790 1128 843 τοῦ
1166 789 1315 843 σίτου
1368 788 1549 842 πεσὼν
1587 790 1667 851 είς
1696 789 1792 855 τὴν
1813 789 1916 858 γῆν

341 886 607 959 ἀποθάνῃ,
632 884 795 947 αὐτὸς
824 882 982 953 μόνος
1007 881 1177 951 μένει·
1217 880 1312 934 ἐὰν
1334 880 1391 934 δὲ
1421 879 1688 951 ἀποθάνῃ,
1707 880 1915 949 καρπὸν

346 977 561 1031 πλείονα
595 975 773 1047 φέρει.
809 992 828 1025 ι
876 972 986 1025 Καὶ
1010 970 1192 1037 πάλιν,
1234 989 1252 1022 ι
1285 973 1450 1025 ’Ὀταν
1481 970 1681 1040 ὑψωθῶ
1708 971 1773 1023 ἐκ
1818 970 1916 1040 τῆς

343 1072 465 1141 γῆς.
524 1070 732 1132 πάντας
797 1065 1008 1120 ἑλκύσω
1064 1065 1201 1137 πρὸς
1267 1065 1529 1136 ἐμαυτόν.
1568 1082 1591 1119 ι
1650 1063 1761 1117 Καὶ
1786 1062 1917 1133 γοῦν

344 1162 544 1218 ἀνεϐίω
594 1161 890 1231 τριήμερος
943 1159 1186 1229 πατήσας
1204 1157 1299 1210 τοῦ
1338 1155 1569 1210 θανάτου
1599 1155 1660 1208 τὸ
1694 1155 1914 1225 κράτος.

346 1252 479 1310 Εἶτα
538 1255 653 1316 τοῖς
721 1251 899 1320 ἁγίοις
971 1249 1241 1321 μαθηταῖς
1304 1246 1675 1320 προσεφώνει,
1721 1246 1914 1316 λέγων·

353 1367 370 1398 ι
412 1345 597 1415 Ἐδόθη
630 1361 719 1415 μοι
765 1344 917 1396 πᾶσα
973 1342 1189 1407 ἐξουσία
1214 1343 1271 1395 ἐν
1297 1341 1511 1412 οὐρανῷ
1550 1341 1645 1394 καὶ
1672 1341 1765 1395 ἐπὶ
1791 1340 1914 1411 γῆς·

348 1436 704 1509 πορευθέντες
734 1434 1106 1506 μαθητεύσατε
1124 1435 1303 1488 πάντα
1318 1434 1385 1488 τὰ
1403 1433 1550 1504 ἔθνη,
1571 1433 1920 1503 βαπτίζοντες

348 1526 542 1589 αὐτοὺς
571 1527 650 1589 εἰς
681 1525 742 1578 τὸ
769 1525 938 1595 όνομα
963 1523 1058 1578 τοῦ
1085 1525 1318 1594 Πατρὸς,
1350 1524 1445 1578 καὶ
1498 1523 1591 1577 τοῦ
1617 1523 1769 1590 Υίοῦ,
1825 1523 1920 1577 καὶ

346 1617 441 1672 τοῦ
475 1618 631 1686 ἁγίου
659 1615 998 1686 Πνεύματος.
1037 1635 1055 1668 ι
1086 1616 1284 1678 Δεκτὸς
1305 1611 1398 1669 οὖν
1449 1614 1688 1678 ἐνιαυτὸς
1712 1614 1917 1679 ἐκεῖνός

348 1727 451 1762 που
483 1710 719 1774 πάντως,
750 1708 872 1762 καθ’
901 1709 962 1762 ὃν
1009 1708 1394 1779 εἰσεδέχθημεν
1446 1706 1545 1778 τὴν
1597 1707 1732 1778 πρὸς
1759 1706 1919 1760 αὐτὸν

2022 528 2119 568 nes
2139 514 2347 568 traham
2375 514 2440 569 ad
2463 514 2729 585 meipsum
2754 515 2856 568 ⁸⁸.»
2890 515 3167 585 Siquidem
3202 515 3399 570 revixit
3430 518 3592 574 tertio

2023 604 2129 671 die,
2165 604 2372 660 calcato
2419 605 2609 661 mortis
2654 605 2900 675 imperio.
2957 603 3159 659 Deinde
3212 614 3429 661 sanctos
3483 606 3589 660 dis-

2023 695 2232 768 cipulos
2264 695 2528 752 allocutus
2574 696 2650 750 ait
2692 714 2705 750 :
2748 713 2767 746 ι
2810 695 2939 768 Data
2974 705 3057 751 est
3107 695 3236 750 mihi
3279 697 3455 750 omnis
3505 713 3594 766 pu-

2024 798 2192 844 testas
2224 789 2276 843 in
2305 788 2442 844 coelo
2471 797 2526 844 et
2555 789 2605 843 in
2643 797 2809 843 terra.
2843 765 2941 853 Ite‘,
2975 790 3162 844 docete
3182 802 3368 843 omnes
3383 799 3591 858 gentes,

2022 879 2358 949 baptizantes
2386 895 2478 936 eos
2502 880 2555 935 in
2594 895 2787 935 nomen
2828 879 3023 943 Patris.
3060 891 3112 935 ct
3146 879 3292 945 Filii,
3327 889 3382 935 et
3423 879 3596 949 Spiri-

2025 979 2112 1025 tus
2151 972 2324 1027 sancti
2368 970 2433 1023 ⁸⁸.
2472 990 2490 1024 ι
2532 972 2800 1042 Acceptus
2834 984 2915 1026 est
2952 972 3112 1042 igitur
3158 972 3379 1025 omnino
3424 985 3597 1026 annus

2027 1063 2135 1129 ille,
2162 1079 2271 1134 quo
2320 1064 2544 1119 admissi
2604 1080 2812 1132 sumus,
2867 1065 3043 1135 adepti
3103 1064 3416 1119 societatem
3471 1079 3594 1118 eum

2025 1154 2163 1224 ipso,
2192 1153 2375 1209 abluto
2399 1161 2747 1225 peccato-per
2780 1164 3025 1209 sanctum
3056 1153 3344 1223 baptisma,
3372 1160 3427 1206 et
3460 1153 3598 1207 divi-

2026 1261 2107 1300 nzn
2135 1245 2280 1300 illius
2326 1256 2535 1300 natura:
2582 1238 2715 1301 facti.
2763 1245 3059 1317 participes
3108 1244 3597 1300 communicatione

2025 1337 2195 1391 sancti
2226 1334 2480 1407 Spiritus.
2512 1337 2603 1393 Vel
2630 1353 2803 1393 annus
2833 1347 3088 1408 acceptus
3131 1346 3236 1401 est,
3280 1352 3386 1407 quo
3432 1331 3599 1390 mani—

2027 1429 2241 1484 festavit
2272 1429 2497 1499 gloriam
2532 1444 2682 1484 suam
2735 1429 2994 1485 miraculo
3042 1429 3317 1485 ineffabili.
3346 1428 3601 1484 Libenter

2027 1521 2168 1575 enim
2217 1519 2546 1589 arripuimus
2598 1520 2789 1576 salutis
2827 1536 2923 1592 per
2957 1521 3130 1590 ipsum
3181 1530 3416 1592 tempus,
3457 1520 3599 1589 quod

2027 1612 2458 1682 sapientissimus
2514 1612 2840 1683 signiﬁcavit
2870 1612 3091 1678 Paulus,
3135 1614 3320 1669 dicens
3353 1629 3369 1668 :
3413 1632 3431 1665 ι
3462 1614 3599 1666 Ecce

2028 1718 2169 1760 nunc
2200 1714 2410 1774 tempus
2435 1705 2782 1774 acceptabile,
2802 1719 2928 1760 ecce
2950 1720 3093 1760 nunc
3120 1705 3236 1760 dies
3261 1704 3450 1760 salutis
3476 1703 3540 1757 ⁸⁷.
3577 1722 3596 1754 ι

349 1800 604 1870 λαχόντες
624 1799 919 1865 οίκείωσιν,
956 1774 1349 1871 ἀπονιψάμενοι
1386 1798 1484 1871 τὴν
1502 1774 1513 1778 ὴ
1542 1774 1815 1871 ἁμαρτίαν
1838 1798 1928 1852 διὰ

2037 1774 2427 1852 lletributionis
2477 1796 2621 1851 diem
2678 1810 2799 1851 esse
2853 1794 3019 1849 nihilo
3080 1797 3256 1850 serius
3333 1795 3598 1858 dirimus.

350 1892 444 1945 τοῦ
472 1893 626 1961 ἁγίου
658 1891 1051 1963 βαπτίσματος,
1081 1892 1176 1945 καὶ
1200 1892 1300 1961 τῆς
1337 1890 1484 1955 θείας
1518 1889 1682 1956 αὐτοῦ
1713 1891 1927 1959 φύσεως

352 1983 632 2053 γενόμενοι
657 1981 902 2036 κοινωνοὶ
931 1982 1019 2035 διὰ
1044 1984 1274 2054 μετοχῆς
1293 1982 1385 2036 τοῦ
1409 1984 1563 2052 ἁγίου
1591 1982 1925 2053 ῐῙνεύματος.

357 2075 563 2142 Ἤγουν
594 2072 783 2135 δεκτὸς
826 2073 1091 2136 ἐνιαυτὸς,
1146 2074 1267 2127 καθ’
1318 2073 1377 2126 ὃν
1437 2073 1791 2144 πεφανέρωκε
1830 2073 1929 2143 τὴν

352 2166 510 2232 δόξαν
544 2166 710 2220 αὐτοῦ
740 2166 826 2221 διὰ
850 2166 950 2237 τῆς
1004 2167 1145 2238 ὑπὲρ
1177 2167 1333 2236 λόγον
1363 2166 1707 2237 θεοσημείας·
1749 2166 1932 2230 eaeae-

359 2257 498 2327 μεθα
524 2256 631 2327 γὰρ
687 2256 941 2326 ἀσμένως
985 2256 1077 2336 τόν
1115 2257 1214 2328 τῆς
1262 2258 1390 2327 παρ’
1443 2255 1607 2311 αὐτοῦ
1659 2256 1930 2328 σωτηρίας

356 2349 561 2421 καιρὸν,
593 2349 651 2403 ὃν
683 2348 748 2419 δὴ
779 2350 874 2404 καὶ
902 2352 930 2403 ὁ
958 2348 1236 2419 πάνσοφος
1262 2350 1476 2414 Παῦλος
1504 2344 1930 2421 καταμεμήνυκε

356 2438 551 2507 λέγων·
606 2457 626 2491 ι
666 2439 798 2492 Ἰδοὺ
845 2439 939 2492 νῦν
988 2439 1177 2509 καιρὸς
1229 2440 1644 2510 εὐπρόσδεκτος,
1698 2440 1804 2493 ἰδοὺ
1838 2437 1934 2492 νῦν

355 2527 537 2597 ἡμέρα
586 2528 882 2599 σωτηρίας·
916 2547 935 2580 ι
982 2528 1195 2599 ἡμέραν
1249 2546 1313 2597 γε
1369 2528 1474 2601 μὴν
1530 2529 1935 2593 ἀνταποδόσεως

357 2613 496 2671 εἷναί
527 2634 706 2688 φαμεν
740 2618 894 2671 οὐδὲν
943 2613 1106 2689 ἦττον
1149 2618 1309 2672 αὐτὸν
1340 2618 1433 2671 τὸν
1482 2621 1583 2688 τῆς
1639 2617 1934 2690 ἐπιδημίας

357 2710 569 2783 καιρὸν,
621 2709 743 2763 καθ’
793 2709 851 2762 ὃν
891 2712 922 2780 ἡ
962 2710 1318 2774 ἁνταπόδοσις
1364 2710 1571 2764 δέδοται
1618 2711 1934 2782 παράύτοῢ

356 2803 469 2863 τοῖς
495 2800 850 2853 πιστεύσασιν
884 2802 965 2864 εἰς
996 2800 1160 2855 αὐτὸν
1192 2800 1283 2854 διὰ
1307 2801 1406 2871 τῆς
1436 2803 1492 2855 ἐν
1526 2802 1738 2856 ἐλπίσιν
1762 2803 1935 2873 ἐπαγ-

358 2888 567 2957 γελίας·
592 2882 701 2941 οἷον
733 2888 790 2940 δὲ
811 2888 873 2960 δή
904 2906 958 2940 τι
993 2890 1155 2960 φημί·
1196 2891 1260 2942 Ἡ
1291 2890 1433 2943 κατὰ
1458 2890 1550 2946 τὸν
1578 2893 1822 2956 Μωσέως
1852 2892 1937 2944 νόν

363 2996 464 3050 μον
486 2979 723 3033 πολιτεία
748 2980 1112 3051 ἐπαινουμένη
1131 2980 1383 3053 πρόξενος
1405 2977 1471 3052 ἦν
1486 2984 1596 3045 τοῖς
1620 2983 1939 3053 ἀμωμήτως

2035 1891 2210 1958 ipsum
2242 1891 2507 1944 adventus
2539 1897 2767 1958 tempus,
2796 1902 2902 1956 quo
2946 1888 3230 1941 retributio
3269 1887 3388 1943 data
3421 1899 3500 1941 est
3535 1888 3601 1941 ab

2035 1981 2150 2051 ipso
2178 1980 2522 2035 credentibus
2572 1981 2622 2033 in
2671 1980 2870 2049 ipsum,
2911 1994 2976 2032 ex
3034 1978 3390 2048 promissione
3441 1993 3602 2047 quam

2031 2087 2155 2142 spes
2180 2070 2541 2142 amplectitur.
2587 2070 2738 2139 Quod
2780 2054 3039 2134 dicofitn
3090 2087 3149 2125 se
3214 2071 3374 2125 habet
3403 2089 3416 2123 :
3446 2067 3604 2139 Legis

2034 2164 2281 2219 MoSaica:
2309 2164 2493 2233 politia
2529 2163 2766 2229 laudata,
2816 2172 2962 2218 recte
3005 2172 3058 2215 et
3107 2160 3378 2228 inculpata
3426 2158 3606 2214 facere

2034 2254 2361 2320 volentibus,
2413 2254 2686 2310 felicitatis
2738 2252 3019 2324 praesentis
3067 2249 3402 2307 conciliatrix
3451 2259 3604 2315 erat;

2035 2344 2477 2415 pollicitationem
2508 2360 2640 2400 vero
2671 2345 2936 2399 bonorum
2967 2342 3275 2397 futurorum
3301 2340 3604 2410 adiunctam

2036 2452 2143 2491 non
2178 2436 2431 2502 habebat,
2465 2439 2559 2493 sed
2604 2436 2941 2492 solummodo
2994 2432 3402 2506 prosperitatem
3448 2430 3608 2500 hujus

2035 2527 2158 2583 vita:
2197 2528 2364 2600 860
2405 2528 2758 2598 praedicabat;
2800 2527 3023 2597 jubebat
3069 2527 3213 2581 enim
3255 2524 3528 2581 abstinere
3576 2542 3605 2577 a

2036 2619 2270 2683 delictis,
2300 2618 2607 2674 acclamans
2644 2632 2660 2672 :
2698 2635 2716 2668 ι
2751 2617 2826 2672 Ne
2857 2616 3111 2672 moriaris
3142 2617 3193 2671 in
3222 2625 3461 2685 tempore
3502 2630 3607 2668 non

2038 2721 2129 2767 tuo
2169 2710 2234 2765 ⁸⁸.
2293 2729 2312 2760 ι
2368 2707 2577 2763 Liberis
2620 2719 2799 2763 autem
2834 2708 3053 2762 aiebat:
3092 2724 3111 2757 ι
3148 2704 3368 2761 llonora
3398 2712 3607 2775 patrem

2037 2809 2185 2854 tuum
2213 2810 2268 2854 et
2299 2809 2525 2852 matrem
2551 2808 2717 2864 tuam,
2752 2807 2810 2852 ut
2838 2796 2973 2852 bene
3004 2796 3097 2850 tibi
3127 2796 3217 2864 sit,
3248 2805 3303 2851 et
3336 2796 3609 2864 longmvus

2038 2890 2113 2945 sis
2136 2889 2190 2943 in
2227 2899 2370 2943 terra
2395 2889 2461 2943 δ’.
2507 2908 2524 2942 ι
2581 2888 2852 2943 Interdum
2894 2887 3057 2943 etiam
3102 2887 3455 2957 promittebat
3493 2885 3609 2940 [ιιι-

2039 2993 2220 3039 ctuum
2247 2983 2567 3047 ubertatem,
2596 2992 2651 3036 et
2680 2980 2916 3050 quietem
2947 2995 2978 3034 a
3014 2978 3177 3048 bello,
3205 2994 3267 3055 ac
3301 2980 3454 3049 pacis
3496 2993 3613 3032 am-

360 3072 535 3143 αὐτὴν
565 3071 806 3124 ἐθέλουσι
833 3070 1131 3142 κατορθοῦν
1181 3073 1279 3142 τῆς
1308 3072 1543 3127 ἐνταῦθα
1587 3074 1894 3145 εὐπραγίας
1916 3116 1930 3139 ,

370 3162 383 3178 .
452 3162 463 3175 .
693 3161 734 3178 ..
904 3160 925 3172 ε
1047 3161 1072 3171 ..
1196 3164 1207 3178 .
1331 3161 1345 3178 .
1686 3163 1699 3178 .
1824 3160 1845 3178 ρ

2044 3074 2384 3145 plitudinem,
2416 3083 2469 3128 et
2504 3075 2627 3128 inde
2659 3072 2824 3128 animi
2858 3072 3323 3142 tranquillitatem.
3359 3070 3502 3125 Dixit
3547 3071 3613 3125 si-

362 3162 655 3231 ὑπόσχεσιν
689 3161 744 3215 δέ
790 3160 968 3232 γερῶν
1006 3161 1114 3214 τῶν
1161 3164 1241 3223 είς
1296 3161 1356 3213 τὸ
1415 3162 1607 3231 μέλλον
1648 3163 1749 3216 οὐκ
1796 3160 1929 3233 εἶχε.

361 3249 545 3320 Μόνης
571 3249 626 3302 δέ
647 3251 785 3320 τάχα
811 3267 912 3303 που
938 3251 1036 3319 τῆς
1058 3250 1199 3304 κατὰ
1218 3251 1367 3304 τόνδε
1389 3252 1480 3307 τὸν
1503 3250 1615 3323 βίον
1634 3253 1936 3326 εὐημερίας

364 3339 599 3391 ἐποιεῖτο
637 3343 875 3410 μνήμην·
908 3340 1128 3394 ἐκέλευε
1154 3340 1252 3412 μὲν
1282 3342 1391 3414 γὰρ
1423 3343 1723 3413 ἀπέχεσθαι
1752 3345 1936 3416 πλημ-

370 3429 717 3500 μελημάτων,
776 3431 1086 3500 ἐπιφωνῶν,
1129 3455 1147 3487 ι
1174 3437 1291 3488 Ἵνα
1340 3433 1416 3505 μὴ
1441 3433 1718 3507 ἀποθάνῃς
1777 3437 1834 3488 ὲν
1875 3439 1936 3489 οὐ

367 3522 542 3593 καιρῷ
573 3540 685 3578 σου.
722 3543 739 3574 ι
762 3523 1058 3594 Ἐπεςρῶνει
1091 3524 1145 3578 δὲ
1200 3526 1295 3578 καὶ
1338 3526 1548 3589 τέκνοις
1568 3543 1581 3557 ·
1630 3545 1652 3580 ι
1676 3528 1822 3597 Τίμα
1849 3528 1939 3581 τὸν

371 3613 579 3683 πατέρα
611 3631 701 3666 σου
736 3615 828 3666 καὶ
874 3614 973 3686 τὴν
1032 3614 1267 3687 μητέρα,
1324 3616 1411 3669 ἵνα
1459 3613 1519 3670 εὖ
1575 3635 1657 3671 σοι
1690 3618 1939 3690 γένηται,

368 3706 465 3757 καὶ
491 3703 591 3777 ἔσῃ
620 3705 1014 3776 μακροχρόνιος
1048 3707 1142 3759 ἐπὶ
1189 3709 1286 3778 τῆς
1326 3709 1450 3779 γῆς.
1482 3728 1500 3761 ι
1546 3709 1943 3780 Ἐπηγγέλλετο

368 3796 422 3849 δὲ
464 3799 558 3850 καὶ
606 3798 834 3871 καρπῶν
885 3799 1167 3868 ἀφθονίαν,
1231 3798 1341 3853 ἔσθ’
1396 3802 1506 3866 ὅτε,
1561 3803 1655 3858 καὶ
1704 3802 1941 3874 πολέμου

372 3888 604 3954 παῦλαν,
653 3890 746 3943 καὶ
803 3893 1028 3962 εἰρήνης
1074 3890 1296 3958 πλάτος,
1355 3893 1449 3946 καὶ
1498 3893 1596 3965 τὴν
1639 3896 1729 3948 ἐπ’
1774 3894 1945 3966 αὐτῆς

372 3981 657 4053 εὐθυμίαν.
694 3983 840 4052 Ἔφη
868 3983 999 4046 γοῦν
1035 3984 1125 4037 διὰ
1160 3985 1341 4056 φωνῆς
1373 3986 1673 4057 Ζαχαρίου·
1719 4006 1737 4039 ι
1760 3989 1944 4044 Κατα-

372 4072 600 4143 κάρπως
636 4072 1093 4143 κατοικηθήσεται
1142 4073 1493 4145 Ἰερουσαλὴμ
1547 4075 1656 4129 ἀπὸ
1706 4076 1945 4148 πλήθους

373 4161 675 4234 ἀνθρώπων
729 4163 824 4215 καὶ
856 4161 1072 4233 κτηνῶν
1103 4161 1210 4215 τῶν
1240 4164 1297 4215 ἐν
1325 4162 1484 4234 αὐτῇ,
1513 4164 1606 4217 καὶ
1622 4164 1732 4234 ἐγὼ
1751 4164 1943 4238 ἔσομαι

374 4255 531 4326 αὐτῇ,
563 4254 711 4323 λέγει
742 4254 967 4326 Κύριος,
999 4255 1176 4324 τεῖχος
1206 4252 1375 4325 πυρὸς
1413 4253 1696 4321 κυκλόθεν,
1744 4259 1838 4311 καὶ
1866 4261 1947 4323 είς

372 4344 526 4408 δόξαν
575 4343 767 4416 ἔσομαι
808 4346 866 4397 ἐν
911 4345 1064 4416 μέσῳ
1113 4344 1303 4416 αὐτῆς.
1363 4364 1382 4397 ι
1412 4345 1520 4398 Καὶ
1554 4346 1730 4403 πάλιν·
1768 4367 1785 4400 ‹
1824 4350 1947 4405 Ἔτι

2038 3167 2255 3235 quidem
2282 3181 2414 3222 voce
2459 3165 2733 3222 Zachariae
2768 3185 2783 3220 :
2823 3183 2842 3217 ι
2881 3165 3183 3221 Fructuose
3223 3163 3612 3219 inhabilahitur

2036 3254 2337 3311 Jerusalem
2371 3272 2400 3310 a
2438 3257 2780 3311 multitudine
2813 3256 3090 3311 hominum
3123 3266 3178 3310 et
3218 3255 3609 3324 iumentorum,

2038 3365 2158 3419 qua:
2183 3360 2311 3404 sunt
2345 3349 2396 3404 in
2425 3363 2509 3405 ea.
2538 3348 2605 3403 Et
2626 3364 2725 3419 ego
2750 3364 2846 3404 ero
2874 3347 2970 3412 illi,
3005 3347 3138 3403 dicit
3170 3346 3448 3412 Dominus,
3491 3364 3612 3401 nm-

2039 3455 2131 3493 rus
2179 3439 2318 3509 ignis
2388 3440 2786 3505 circumcirca,
2852 3448 2906 3493 et
2953 3438 3122 3508 gloria
3187 3452 3281 3491 ero
3328 3438 3379 3491 in
3439 3437 3614 3492 medio

2040 3531 2156 3599 ejus
2182 3530 2249 3583 '°.
2285 3549 2304 3582 ι
2340 3530 2406 3585 Ει
2440 3530 2632 3585 lterum
2663 3548 2676 3584 :
2711 3548 2731 3582 ι
2781 3529 2972 3585 Adhuc
3004 3528 3267 3584 sedebant
3296 3530 3537 3584 seniores
3561 3530 3612 3581 in

2040 3622 2231 3691 plateis
2255 3619 2579 3683 Jerusalem.
2624 3622 2854 3691 quisque
2899 3621 3104 3691 virgam
3135 3636 3288 3675 suam
3321 3621 3527 3677 habens
3558 3622 3612 3675 in

2042 3729 2225 3779 manu,
2263 3728 2293 3767 a
2336 3713 2678 3768 multitudine
2733 3713 2962 3769 dierum.
3013 3711 3085 3767 Et
3135 3711 3326 3782 platea:
3377 3711 3615 3766 civitatis

2043 3806 2407 3876 implebuntur
2433 3806 2672 3877 puerulis
2693 3814 2747 3860 et
2780 3804 2973 3874 puellis
3004 3802 3312 3859 ludentibus
3341 3804 3393 3859 in
3421 3802 3615 3874 plateis

2042 3898 2245 3967 eius“.
2288 3917 2306 3949 ι
2352 3897 2754 3969 Temporariam
2787 3897 2969 3965 itaque
2997 3897 3340 3967 praemiorum
3386 3896 3617 3967 perfrui-

2042 3990 2243 4046 tionem
2273 3988 2504 4044 Mosaica
2543 3989 2625 4044 lex
2660 3988 3004 4059 promittebat
3038 3989 3344 4053 veteribus;
3396 4000 3451 4043 at
3474 3990 3613 4043 divi-

2043 4098 2111 4136 na
2136 4090 2190 4135 et
2221 4079 2482 4136 salutaris
2527 4079 2856 4149 prmdicatio,
2909 4077 3292 4134 retributiones
3330 4078 3383 4132 in
3435 4078 3615 4133 futuro

2047 4183 2307 4244 tempore.
2344 4191 2363 4224 ι
2397 4172 2548 4227 Beati
2601 4172 2770 4237 enim,
2846 4171 3042 4240 inquit,
3089 4186 3351 4241 pauperes
3399 4170 3614 4240 spiritu,

2044 4264 2170 4334 quia
2198 4264 2435 4332 ipsorum
2471 4270 2554 4317 est
2584 4276 2806 4333 regnum
2841 4262 3105 4318 caelorum
3135 4262 3201 4315 ".
3241 4279 3259 4313 ι
3294 4261 3383 4328 Ει,
3415 4262 3458 4315 si
3487 4275 3619 4316 con-

2046 4363 2333 4424 sequentes
2367 4352 2735 4408 beatitudines
2773 4354 2892 4423 quis
2920 4354 3174 4424 indagare
3222 4352 3347 4407 velit
3392 4352 3618 4424 diligen—

374 4432 687 4486 καθίσονται
712 4436 1068 4509 πρεσϐύτεροι
1097 4439 1155 4490 ἐν
1196 4440 1315 4500 ταῖς
1357 4437 1638 4502 πλατείαις
1680 4439 1933 4509 Ἰερουσα

2052 4454 2155 4510 ter,
2210 4443 2595 4499 retributiones
2632 4458 2754 4513 quae
2790 4444 3069 4514 promissae
3107 4452 3253 4509 sunt,
3300 4442 3535 4497 inveniet
3586 4458 3617 4496 a

374 4522 509 4593 λήμ.
546 4522 813 4588 ’Ἕκαστος
840 4525 938 4596 τὴν
982 4527 1173 4596 ῥάϐδον
1212 4526 1379 4583 αὐτοῦ
1419 4531 1476 4583 ὲν
1502 4533 1569 4601 τῇ
1628 4532 1771 4603 χειρὶ
1810 4530 1948 4603 ἔχων

376 4612 486 4665 ἀπὸ
519 4611 755 4681 πλήθους
791 4614 1034 4684 ἡμερῶν,
1084 4618 1179 4671 καὶ
1210 4620 1267 4672 αἱ
1293 4620 1541 4675 πλατεῖαι
1595 4623 1693 4695 τῆς
1741 4623 1949 4686 πόλεως

379 4702 780 4774 πλησθήσονται
809 4704 1108 4775 παιδαρίων
1142 4710 1238 4761 καὶ
1270 4714 1538 4783 κορασίων
1561 4712 1863 4779 παιζόντων
1891 4716 1948 4768 ἐν

378 4794 496 4855 ταῖς
521 4792 803 4856 πλατείαις
839 4793 1031 4863 αὐτῆς.
1064 4813 1083 4847 ι
1118 4797 1473 4870 Προσκαίρων
1503 4800 1597 4856 οὖν
1621 4804 1731 4878 ἄρα
1771 4805 1950 4876 γερῶν

378 4883 675 4937 ἀπόλαυσιν
703 4885 731 4937 ὁ
760 4884 846 4939 διὰ
894 4886 1135 4951 Μωσέως
1164 4886 1325 4957 νόμος
1368 4890 1673 4963 ὑπισχνεῖτο
1701 4898 1812 4960 τοῖς
1842 4896 1946 4951 πά-

381 4979 491 5032 λαι·
530 4979 593 5031 τὺ
623 4980 678 5033 δέ
713 4978 855 5033 θεῖον
903 4982 997 5035 καὶ
1058 4970 1323 5053 σωτήριον
1352 4985 1613 5056 κήρυγμα
1640 4987 1739 5051 τὰς
1779 4992 1858 5053 εἰς
1885 4992 1945 5044 τὸ

381 5070 571 5142 μέλλον
624 5072 1025 5136 ἀνταποδόσεις·
1067 5092 1085 5125 ι
1114 5074 1387 5146 Μακάριοι
1449 5076 1577 5149 γὰρ,
1637 5082 1830 5149 φησὶν,
1902 5088 1951 5138 οί

379 5165 583 5233 πτωχοὶ
642 5164 720 5235 τῷ
767 5165 1060 5236 πνεύματι,
1100 5167 1183 5220 ὃτι
1221 5167 1399 5219 αὐτῶν
1431 5167 1578 5221 ἐστιν
1615 5171 1649 5240 ὴ
1701 5169 1946 5240 βασιλεία

376 5252 486 5306 τῶν
518 5253 783 5323 οὐρανῶν·
821 5275 840 5307 ι
892 5257 987 5310 καὶ
1035 5258 1161 5320 τοὺς
1211 5255 1407 5328 ἐφεξῆς
1445 5258 1729 5328 κειμένους
1775 5279 1951 5334 μακα-

380 5346 609 5416 ρισμοὺς
662 5345 717 5399 εί
758 5363 843 5411 τις
869 5348 1043 5402 ’ἐλοιτο
1080 5348 1551 5419 πολυπραγμονεῖν
1600 5352 1949 5409 ἀνταποδόσει

382 5434 818 5506 ἐπηγγελμένας,
848 5436 1104 5511 λαμπρὰς
1139 5439 1232 5491 κσίλ¹
1268 5439 1508 5508 μεγάλας
1554 5440 1776 5512 εὑρήσει
1799 5445 1949 5516 παρὰ

455 5633 498 5663 ⁸³
536 5634 692 5689 Joan.
735 5649 833 5698 xu,
870 5634 958 5686 52.

1062 5634 1107 5705 5°
1148 5634 1336 5690 Matth.
1385 5652 1574 5698 ιιι-ιιι,
1604 5637 1690 5698 18,
1728 5636 1813 5690 49,
1890 5637 1930 5668 ιτ

2037 5636 2161 5691 Cor.
2210 5650 2285 5700 vr,
2343 5637 2397 5691 2.
2475 5637 2520 5668 “
2550 5638 2725 5694 Eccle.
2778 5652 2873 5705 vn,
2910 5636 2993 5693 l8.

2050 4530 2179 4594 Deo,
2206 4539 2260 4585 et
2288 4529 2532 4585 illustres
2558 4540 2611 4586 et
2636 4547 2881 4604 magnas.
2908 4531 3002 4585 Sin
3033 4532 3138 4587 alio
3164 4533 3320 4587 modo
3344 4533 3515 4587 visum
3547 4531 3619 4587 sit

2048 4618 2226 4683 alicui,
2262 4618 2673 4675 retributionem
2706 4635 2736 4673 a
2782 4618 2999 4675 Christo
3029 4619 3224 4674 factam
3262 4620 3328 4676 de
3357 4621 3618 4676 adventus

2052 4719 2290 4778 tempore
2318 4708 2694 4779 interpretari,
2726 4722 2831 4763 non
2878 4710 3152 4764 aberrabit
3185 4724 3215 4763 a
3260 4724 3441 4781 scopo.
3478 4711 3617 4766 Olim

2048 4802 2191 4855 enim
2233 4800 2524 4857 insolenter
2549 4800 2713 4871 gessit
2740 4815 2799 4857 se
2830 4810 3014 4856 contra
3046 4801 3302 4857 mortales
3350 4799 3620 4871 profanis-

2054 4895 2223 4948 simus
2252 4892 2440 4957 Satan,
2466 4900 2520 4947 et
2546 4893 2731 4947 orbem
2759 4893 3059 4963 occupavit,
3078 4907 3110 4946 a
3143 4906 3268 4946 vera
3291 4891 3619 4960 cognitione,

2038 4986 2172 5050 vDei,
2213 4985 2450 5054 inquam,
2507 4983 2764 5038 naturalis
2820 4996 3157 5054 segregatum
3206 4996 3270 5037 ac
3327 4981 3617 5049 divulsum,

2054 5087 2107 5132 et
2129 5079 2182 5133 in
2218 5085 2433 5147 puteum
2459 5074 2612 5145 quasi
2640 5074 2840 5143 peccati
2865 5074 3278 5144 pracipitatum,
3314 5085 3376 5125 ac
3401 5073 3482 5126 sui
3511 5086 3622 5125 ma-

2052 5169 2334 5239 larumque
2361 5182 2541 5224 secum
2572 5174 2895 5236 potestatum
2934 5164 3167 5220 reddidit
3193 5165 3481 5219 cultorem.
3511 5162 3618 5217 lta-

2050 5274 2156 5329 que
2184 5258 2321 5313 dixit
2369 5276 2382 5312 :
2425 5277 2443 5309 ι
2480 5257 2672 5312 Totum
2721 5256 2905 5312 orbem
2951 5255 3401 5326 comprehendam
3459 5271 3617 5310 manu

2050 5363 2109 5403 ιιι
2134 5350 2339 5417 nidum,
2371 5358 2426 5406 et
2453 5361 2512 5406 ut
2558 5350 2813 5406 derelicta
2852 5363 2953 5405 ova
2984 5348 3166 5403 tollam
3200 5362 3216 5401 :
3250 5362 3348 5403 nec
3391 5356 3479 5402 est
3526 5347 3617 5417 qui

2048 5443 2216 5513 possit
2243 5458 2329 5498 me
2357 5442 2613 5515 eﬂ'ugere,
2661 5443 2742 5497 vel
2782 5442 2873 5512 qui
2914 5440 3247 5497 contradicat
3285 5439 3412 5495 mihi
3462 5437 3530 5493 ⁸³.
3593 5458 3612 5490 ι

3110 5635 3156 5667 ⁸⁸
3186 5632 3354 5689 Exod.
3394 5647 3486 5697 λι,
3523 5628 3616 5688 12.

381 5710 427 5745 ³ο
460 5704 624 5760 iit-li.
660 5720 721 5768 ιι,
762 5704 815 5759 4.
890 5704 933 5733 ³¹
965 5702 1128 5758 Zach.
1160 5720 1273 5773 νιιι,
1300 5706 1355 5761 4.
1428 5707 1476 5739 ⁸⁸
1506 5706 1693 5763 Matth.
1728 5722 1777 5772 v,
1816 5707 1871 5763 3.

2037 5722 2124 5763 asa.
2163 5722 2218 5773 κ,
2261 5706 2346 5761 14.

592 5793 866 5855 Ριτιιοιι.
918 5800 1006 5857 Gn
1080 5801 1248 5858 LXX.

3040 5802 3175 5865 ‘43
