4090 6216
510 327 638 389 1355

1491 316 1547 370 S.
1591 310 1859 370 CYRlLlJ
1902 310 2370 368 ALEXANDRINI
2407 310 2726 366 ARCHIEP.

3636 323 3659 375 f
3670 318 3772 377 356

498 443 605 501 Sed
630 439 1003 511 deprehensus
1033 445 1114 492 est
1148 451 1314 491 vanas
1353 450 1476 504 spes
1511 435 1614 488 hac
1665 434 1731 488 de
1789 449 1848 489 re
1891 446 2082 486 conre-

2188 432 2347 489 Θεοῦ.
2385 433 2447 486 El
2470 432 2527 486 δὲ
2558 433 2621 504 δή
2663 450 2747 497 τις
2792 432 3033 502 βούλοιτο
3079 432 3175 487 καὶ
3214 399 3552 509 καθ’ίὲτερον
3582 438 3778 509 τρόπιν

497 536 663 609 pisse.
698 530 976 589 Excitatus
1001 528 1146 585 enim
1172 536 1256 585 est
1284 536 1471 583 contra
1513 525 1778 592 Christus,
1824 532 1880 580 et
1926 525 2081 580 oblu-

496 637 676 685 ctatus
705 636 788 682 est
821 640 918 696 pro
970 622 1148 688 nobis,
1199 631 1251 675 et
1302 634 1495 691 poenas
1539 617 1835 688 impietatis
1882 617 1935 671 in
1985 633 2083 670 nos

499 721 567 775 ab
590 734 655 774 eo
683 716 883 787 exegit.
914 714 1143 769 Omnem
1180 710 1323 766 enim
1351 709 1492 763 illius
1524 707 1815 764 demolitus
1845 714 1930 761 est.
1972 704 2079 761 for-

501 807 804 869 titudinem,
849 814 903 859 et
940 800 1224 875 tyrannide
1254 799 1308 854 in
1342 814 1438 853 nos
1475 797 1807 863 exturbavit,
1848 813 1866 846 ι
1909 804 1963 853 ct
1990 812 2082 850 ru-

497 895 750 951 dentibus
786 891 981 948 inferni
1019 892 1293 947 detractos
1328 890 1379 943 in
1422 889 1737 954 Tartarum,
1779 905 1799 939 »
1846 895 1904 940 ιιι
1946 888 2081 943 scri-

498 997 646 1056 ptum
674 993 774 1049 est,
810 1003 828 1036 ι
862 982 1080 1039 tradidit
1119 981 1445 1037 cruciandos
1485 981 1539 1035 in
1585 979 1851 1048 judicium
1903 980 2080 1051 magni

501 1079 603 1134 diei
636 1078 901 1132 reservari
936 1075 1004 1143 ",
1046 1095 1064 1128 ι
1118 1083 1224 1129 tam
1273 1075 1447 1144 ipsum
1489 1087 1652 1143 quam
1693 1082 1941 1135 caeteros,
1989 1072 2081 1139 qui

500 1186 623 1225 cum
688 1171 806 1241 ipso
851 1178 1111 1237 apostatae
1162 1167 1507 1221 exstiterunt.
1564 1164 1750 1218 Psallit
1819 1162 2082 1233 siquidem

498 1262 712 1317 divinus
758 1260 949 1326 David,
993 1259 1136 1313 velut
1175 1258 1273 1313 sub
1307 1270 1539 1328 persona
1574 1257 1997 1326 redemptorum,
2031 1263 2085 1307 et

495 1354 657 1425 861
691 1352 863 1423 inquit
905 1370 918 1407 :
958 1369 975 1403 ι
1029 1350 1344 1406 Conlitebor
1384 1348 1501 1412 tibi,
1548 1346 1796 1409 Domine,
1848 1346 1901 1399 in
1971 1355 2084 1401 toto

498 1445 661 1501 corde
706 1456 851 1507 meo,
884 1440 1122 1495 narrabo
1156 1438 1336 1493 omnia
1380 1434 1649 1489 mirabilia
1691 1444 1801 1488 tua.
1835 1434 2085 1489 Lmtabor

497 1547 552 1593 et
585 1535 869 1592 exsultabo
900 1533 951 1588 in
993 1542 1062 1599 te,
1093 1531 1315 1602 psallam
1364 1529 1566 1585 nomini
1611 1537 1724 1593 tuo,
1768 1526 2079 1591 Altissime,

498 1628 624 1699 quia
660 1626 833 1682 fecisti
865 1624 1128 1694 judicium
1164 1637 1341 1677 meum
1368 1631 1421 1677 et
1467 1635 1682 1675 causam
1734 1634 1929 1674 meam.
1983 1619 2080 1674 Se-

498 1719 621 1773 disti
646 1732 808 1787 super
845 1716 1121 1778 thronum,
1164 1714 1253 1783 qui
1288 1709 1804 1781 judicasjustitiam,
1839 1710 2084 1779 increpa-

2185 526 2284 597 τὴν
2334 523 2694 580 ἀνταπόδοσιν
2741 525 2840 595 τὴν
2908 526 3282 598 γεγενημένην
3334 527 3491 600 παρά
3542 531 3776 602 Χριστοῦ

2185 616 2325 671 κατὰ
2352 616 2442 670 τὸν
2480 615 2580 687 τῆς
2617 613 2912 685 ἐπιδημίας
2964 621 3175 687 καιρὸν,
3229 617 3330 671 οὐκ
3392 618 3461 672 ἂν
3496 617 3605 684 ἔξω
3632 619 3776 690 βάλοι

2188 708 2415 766 σκοποῦ.
2451 708 2629 765 Πάλαι
2661 705 2887 780 μὲνγὰρ
2917 708 3379 780 κατηλαζονεύετο
3408 710 3522 765 τῶν
3558 712 3653 765 ἐπὶ
3684 714 3777 783 τῆς

2185 801 2286 872 γῆς
2306 802 2335 853 6
2363 800 2717 872 παμὸέϐηλος
2758 801 3021 865 Σατανᾶς·
3068 802 3509 876 πεπλεονέκτηκε
3547 802 3659 875 γὰρ
3685 804 3776 875 τὴν

2185 893 2278 946 ὑπ’
2323 893 2554 965 οὐρανὸν
2634 891 3082 963 ἀποϐουκολήσας
3138 893 3308 964 αὐτὴν
3375 894 3482 965 τῆς
3549 894 3776 966 ἀληθοῦς

2185 982 2440 1050 γνώσεως
2469 982 2566 1051 τῆς
2597 981 2687 1034 ἐπί
2721 981 2784 1050 γέ
2816 998 2960 1053 φημι
2992 981 3068 1052 τῷ
3102 984 3245 1036 κατὰ
3284 984 3449 1053 φύσιν
3486 983 3630 1055 Θεῷ,
3662 985 3775 1038 τὲλι

2190 1093 2325 1146 μασι
2374 1075 2429 1127 δὲ
2462 1074 2651 1145 ὥσπερ
2678 1076 2791 1139 τοῖς
2820 1074 2920 1145 τῆς
2970 1075 3241 1146 ἁμαρτίας
3270 1075 3557 1146 ἒμϐαλὼν,
3591 1078 3773 1132 ἑαυτοῦ

2191 1168 2250 1220 τε
2281 1168 2376 1220 καὶ
2432 1166 2539 1221 τῶν
2595 1168 2691 1222 σὺν
2728 1166 2875 1237 αὐτῷ
2899 1167 3181 1239 δυνάμεων
3230 1169 3488 1239 πονηρῶν
3537 1170 3772 1240 ἀπέφηνε

2187 1259 2595 1330 προσκυνητάς.
2637 1259 2885 1331 Ἔφασκε
2919 1259 3083 1329 γοῦν,
3129 1260 3210 1314 ὅτι
3251 1279 3269 1311 ι
3293 1260 3405 1330 Τὴν
3456 1262 3773 1333 οἰκουμένην

2184 1348 2314 1419 ὃλην
2376 1348 2766 1420 καταλήψομαι
2826 1352 2890 1419 τῇ
2945 1349 3107 1419 χειρὶ,
3164 1350 3240 1413 ὡς
3278 1350 3529 1416 νοσσιὰν,
3584 1352 3674 1405 καὶ
3708 1353 3772 1415 ὼς

2186 1441 2661 1514 καταλελειμμένα
2695 1443 2778 1496 ὠά
2809 1442 2948 1514 ἀρῶ,
2983 1442 3074 1495 καί
3108 1442 3207 1496 οὐκ
3237 1441 3384 1496 ἔστιν
3416 1444 3479 1507 ὃς
3503 1444 3770 1512 διαφεύξε-

2184 1531 2274 1584 ταί
2308 1547 2396 1602 με,
2425 1528 2461 1599 ἢ
2522 1532 2751 1602 ἀντείπῃ
2784 1548 2896 1603 μοι’
2934 1549 2952 1582 ι
2993 1530 3107 1584 ἀλλ’
3138 1530 3256 1601 ἥλω
3298 1532 3466 1595 κενὰς
3527 1535 3662 1602 ἔχων
3695 1533 3771 1584 ἐπ’

2188 1623 2338 1696 αὐτῷ
2367 1624 2432 1697 δὴ
2462 1623 2635 1695 τούτῳ
2660 1625 2753 1679 καὶ
2776 1624 2877 1688 τὰς
2902 1624 3140 1686 ἐλπίδας.
3184 1624 3615 1696 ’Λντεγήγερται
3651 1628 3768 1697 γὰρ,

2187 1718 2282 1772 καὶ
2314 1718 2638 1791 ἀντείρηκεν
2672 1720 2813 1789 ὑπὲρ
2843 1717 3000 1789 ἡμῶν
3040 1718 3069 1770 6
3113 1717 3369 1788 Χριστὸς,
3420 1717 3773 1787 εἰσεπράξατο

498 1810 565 1865 sti
591 1784 804 1881 gentes,
835 1814 890 1861 et
921 1805 1084 1876 periit
1108 1805 1329 1873 impius.
1358 1803 1564 1859 Nomen
1592 1804 1708 1872 ejus
1757 1801 1998 1858 delevisd
2032 1802 2082 1857 iu

2188 1810 2245 1863 δὲ
2276 1812 2371 1865 καὶ
2400 1784 2555 1875 δίκας
2581 1810 2743 1864 αὐτὸν
2764 1784 3013 1880 τῆς-καθ’
3045 1784 3205 1880 ἡμῶν
3246 1808 3528 1874 ἀσεϐείας,
3570 1784 3772 1864 καθεῖλε

500 1899 752 1956 sacculum
809 1896 992 1953 saeculi
1045 1895 1113 1950 ⁸⁸.
1182 1913 1200 1946 ι
1268 1894 1408 1949 Alibi
1459 1909 1649 1949 rursus
1704 1893 1782 1948 sic
1837 1894 1903 1948 de
1949 1908 2013 1948 co
2066 1910 2080 1947 :

506 2011 524 2046 ι
562 1993 866 2060 Οιιωιειιιιι,
925 1988 1119 2057 inquit,
1181 1996 1462 2057 peccatum
1510 1984 1652 2053 ejus,
1697 1995 1749 2039 et
1816 2001 1919 2040 non
2000 1986 2084 2039 iu-

501 2088 747 2142 veuictur
789 2082 857 2136 ⁸⁸.
891 2101 909 2134 ι
949 2080 1093 2135 Dixit
1124 2092 1339 2150 quoque
1370 2079 1484 2149 ipse
1511 2077 1772 2133 Servalor
1805 2096 1820 2133 :
1865 2097 1883 2129 ι
1933 2077 2084 2132 Nune

496 2180 755 2249 judicium
786 2186 870 2233 est
902 2173 1085 2229 mundi
1107 2171 1305 2244 hujus;
1334 2186 1474 2226 lillliC
1501 2170 1752 2242 princeps
1777 2171 1958 2224 mumli
1987 2172 2085 2224 hu-

496 2272 585 2338 jus
619 2269 871 2341 ejiciatur
906 2266 1050 2321 foras
1092 2266 1161 2320 ⁸⁷.
1207 2283 1224 2317 ι
1256 2261 1489 2335 Tempus
1518 2263 1683 2335 igitur
1716 2261 2085 2316 retributionis

500 2366 663 2419 etiam
690 2362 792 2417 hoc
829 2361 987 2415 modo
1029 2368 1113 2413 cst
1161 2373 1266 2428 quo
1318 2355 1496 2411 illuxit
1555 2355 1753 2410 mundo
1811 2354 2079 2411 Christus.

507 2456 727 2511 Venisse
755 2461 933 2507 autem
973 2468 1092 2505 eum
1125 2451 1273 2515 dicit,
1322 2460 1378 2504 ut
1424 2447 1734 2503 consoletur
1770 2461 1960 2502 omnes
2003 2445 2083 2499 lu-

502 2556 690 2615 gentes
721 2543 873 2609 Sion,
905 2553 962 2595 ιιι
994 2542 1082 2596 det
1111 2540 1217 2595 illis
1251 2540 1473 2609 gloriam
1505 2553 1601 2608 pro
1645 2538 1848 2603 cinere,
1896 2547 1950 2590 et
1979 2552 2082 2589 un-

504 2639 740 2693 ctionem
797 2634 1015 2699 la‘titia‘,
1079 2644 1133 2687 et
1177 2632 1459 2686 amictum
1514 2629 1701 2700 gloria:
1746 2644 1842 2699 pro
1890 2628 2081 2698 spiritu

504 2730 776 2789 maeroris.
812 2728 1147 2785 Exstiterunt
1178 2724 1320 2781 enim
1375 2719 1649 2795 quondam
1691 2722 1830 2792 apud
1871 2719 2083 2775 Juda'os

502 2815 678 2882 sancti
708 2822 811 2877 viri
845 2831 895 2877 et
929 2822 980 2875 in
1017 2820 1132 2888 lege
1173 2817 1338 2882 docti,
1370 2831 1433 2872 ac
1462 2816 1899 2887 propheticorum
1948 2827 2083 2883 prac-

502 2917 783 2974 coniorum
820 2921 1155 2969 scrutatores
1199 2921 1253 2968 et
1304 2909 1480 2980 gnari.
1538 2907 1601 2962 lli
1661 2922 1781 2962 cum
1840 2906 2084 2959 viderent

501 3008 765 3080 sanguine
820 3005 1119 3062 Israelitico
1169 3002 1449 3066 oriundos,
1516 2999 1748 3055 Mosaica
1815 3008 2080 3069 praecepta

502 3102 653 3173 parvi
684 3099 926 3163 duxisse,
954 3110 1007 3152 et
1047 3099 1109 3150 ad
1140 3112 1233 3151 sua
1263 3096 1456 3164 placita
1500 3106 1817 3155 conversos,
1861 3090 2083 3144 docere-

502 3209 609 3265 que
642 3190 918 3246 doctrinas
968 3196 1232 3256 praecepta
1292 3186 1590 3247 hominum,
1653 3197 1716 3236 ac
1768 3183 1931 3234 vitam
1976 3180 2077 3249 legi
2109 3152 2150 3211 Ο

504 3283 740 3337 maxime
791 3279 1119 3333 contrariam
1148 3288 1199 3331 et
1228 3275 1548 3345 ﬂagitiosum
1605 3273 1803 3337 vivere,
1858 3270 2077 3326 tristitia

503 3387 623 3444 quae
652 3378 875 3425 sanctos
922 3367 1079 3422 decet
1122 3363 1298 3419 affecti
1341 3371 1486 3427 sunt,
1541 3377 1606 3418 ac
1658 3361 2079 3433 redemptionem

505 3479 600 3534 per
631 3461 907 3516 Christum
931 3456 1338 3527 exspectabant.
1368 3453 1485 3510 Non
1510 3455 1709 3510 ctenim
1743 3456 2082 3526 ignorarunt,

502 3571 625 3611 cum
655 3552 859 3622 Spiritu
898 3549 1057 3606 amati
1099 3558 1303 3617 essent,
1352 3562 1499 3618 eum,
1551 3549 1639 3619 qui
1685 3549 1787 3604 fide
1821 3548 2083 3619 justilicat

503 3647 758 3719 impium,
792 3655 846 3701 et
876 3644 966 3717 qui
1002 3643 1177 3714 gratia
1209 3640 1530 3713 injuriarum
1582 3641 1908 3707 immemori,
1955 3658 2085 3699 con-

505 3740 796 3796 taminatos
822 3735 1102 3807 abstergit.
1140 3734 1273 3789 Nam
1300 3734 1519 3790 Simeon
1554 3732 1645 3788 ille
1673 3732 1873 3803 justus,
1921 3733 2084 3791 Chri-

504 3840 588 3884 sto
616 3827 824 3882 infante
877 3824 1017 3881 ulnis
1072 3832 1316 3894 excepto,
1375 3831 1622 3894 precatus
1672 3834 1777 3893 est,
1830 3823 2018 3880 dicens
2067 3842 2081 3880 :

509 3937 529 3971 ι
564 3918 718 3974 Nunc
744 3917 972 3973 dimittis
1003 3931 1218 3971 servum
1268 3923 1439 3981 tuum,
1488 3914 1736 3981 Domine,
1788 3915 2082 3972 secundum

503 4011 728 4067 verbum
758 4020 904 4065 tuum
945 4010 996 4063 in
1043 4023 1193 4079 pace.
1223 4006 1359 4073 Quia
1399 4006 1652 4062 viderunt
1678 4006 1818 4061 oculi
1854 4007 1956 4062 mei
1998 4023 2085 4063 sa-

503 4104 678 4160 lutare
711 4112 883 4169 tuum,
921 4100 1061 4170 quod
1091 4099 1294 4170 parasti
1343 4107 1467 4153 ante
1496 4098 1690 4155 faciem
1721 4100 1962 4157 omnium
1991 4118 2086 4171 po-

502 4195 773 4267 pulorum.
806 4179 1011 4249 Lumen
1042 4191 1108 4245 ad
1146 4189 1526 4245 revelationem
1575 4191 1815 4262 gentium
1858 4198 1914 4247 et
1963 4192 2081 4264 glo-

501 4290 639 4344 riam
668 4286 847 4358 populi
885 4286 958 4342 tui
989 4283 1156 4341 Israel
1185 4282 1252 4339 ⁵⁸.
1292 4302 1310 4336 ι
1353 4282 1691 4340 Inveniemus
1738 4284 1900 4341 etiam
1945 4287 2081 4340 divi-

502 4395 633 4435 num
676 4377 1017 4443 Zachariam,
1049 4374 1277 4431 Joannis
1302 4383 1535 4445 patrem,
1567 4374 1751 4432 dicere
1788 4395 1802 4432 :
1839 4395 1859 4429 ι
1911 4375 2082 4434 Bene-

2189 1903 2297 1976 γὰρ
2336 1903 2500 1958 αὐτοῦ
2531 1906 2711 1958 πᾶσαν
2763 1902 2938 1973 ἰσχὺν,
2984 1902 3310 1973 ἐκϐέϐληται
3349 1901 3451 1972 τῆς
3479 1901 3602 1957 καθ’
3626 1902 3770 1973 ἡμῶν

2188 1995 2520 2067 τυραννίδος,
2565 2014 2581 2047 ι
2618 1995 2729 2049 Καὶ
2790 1995 2998 2067 σειραῖς
3073 1993 3238 2063 ζόφου
3304 1993 3665 2067 ταρταρώσας
3697 2035 3710 2058 ,
3746 2010 3762 2042 ι

2188 2089 2326 2141 κατὰ
2356 2087 2413 2141 τὸ
2442 2086 2847 2159 γεγραμμένον,
2906 2104 2924 2138 ι
2964 2086 3278 2158 παρέδωκεν
3334 2089 3414 2150 είς
3462 2087 3639 2159 κρίσιν
3678 2104 3765 2156 μεο

2187 2178 2358 2250 γάλης
2405 2179 2619 2249 ἡμέρας
2669 2176 3170 2249 κολασθησομένους
3224 2179 3412 2249 τηρεῖν
3448 2196 3465 2229 ι
3516 2178 3675 2231 αὐτόν
3710 2192 3765 2230 τι

2186 2269 2279 2327 καὶ
2310 2270 2435 2333 τοὺς
2464 2270 2704 2340 ἐτέρους,
2740 2268 2789 2322 οἳ
2838 2269 3239 2323 συναποστάται
3288 2269 3573 2340 γεγόνασιν
3602 2269 3760 2340 αὐτῷ.

2186 2362 2395 2416 rem;
2429 2362 2560 2432 γοῦν
2587 2362 2682 2415 καὶ
2726 2363 2754 2414 6
2778 2360 3064 2426 θεσπέσιος
3093 2362 3255 2415 Δαϐιδ
3281 2361 3356 2425 ὡς
3390 2363 3451 2415 ὲκ
3485 2361 3764 2433 προσώπου

2185 2454 2293 2508 τῶν
2329 2453 2775 2526 λελυτρωμένων,
2794 2453 3087 2523 καίφησιν·
3112 2474 3127 2503 ι
3154 2453 3638 2525 Ἐξομολογήσομαί
3660 2469 3755 2516 σοι,

2189 2547 2385 2619 Κύριε,
2441 2548 2500 2600 ἐν
2552 2546 2651 2620 ὅλῃ
2683 2546 2880 2619 καρδίᾳ
2942 2554 3063 2617 μου,
3111 2546 3432 2617 διηγήσομαι
3490 2545 3658 2597 πάντα
3689 2542 3761 2596 τὰ

2190 2639 2475 2710 Θαυμάσιά
2502 2656 2616 2692 σου.
2654 2637 3135 2710 Εὑφρανθήσομαι,
3162 2637 3248 2690 καὶ
3279 2635 3673 2706 ἁγαλλιάσομαι
3704 2635 3762 2687 ὲν

2191 2726 2293 2783 οοί.
2326 2729 2498 2783 Ψαλῶ
2564 2727 2643 2800 τῷ
2694 2728 2919 2800 ὀνόματί
2954 2746 3048 2781 σου
3068 2771 3082 2795 ,
3114 2727 3361 2797 Ὕψιστε,
3395 2728 3477 2781 ὅτι
3508 2726 3765 2798 ἐποίησας

2187 2819 2286 2892 τὴν
2316 2821 2497 2892 κρίσιν
2530 2838 2654 2893 μου,
2707 2821 2802 2875 καὶ
2849 2822 2949 2893 τὴν
2998 2820 3151 2892 δίκην
3198 2838 3316 2891 μου.
3353 2818 3645 2883 Ἐκάθισας
3679 2818 3767 2872 ἐπὶ

2189 2912 2405 2986 θρόνου,
2433 2916 2461 2968 ὁ
2482 2914 2682 2986 κρίνων
2706 2913 3070 2985 δικαιοσύνηνο
3094 2913 3429 2985 ἐπετίμησας
3460 2912 3656 2979 ἔθνεσι,
3680 2913 3766 2965 καὶ

2189 3004 2440 3059 ἀπώλετο
2465 3005 2493 3058 6
2516 3003 2742 3073 ἀσεϐήςο
2774 3004 2834 3057 τὸ
2868 3004 3039 3074 ὄνομα
3056 3002 3221 3056 αὐτοῦ
3255 3001 3541 3073 ἐξήλειφας
3576 3002 3654 3065 εἰς
3681 3000 3764 3052 τὸν

2185 3096 2379 3164 αίῶνα,
2404 3096 2498 3151 καὶ
2530 3098 2607 3161 είς
2627 3093 2718 3148 τὸν
2739 3094 2913 3149 αἰῶνα
2959 3094 3052 3148 τοῦ
3086 3094 3306 3159 αἰῶνος·
3342 3114 3359 3147 ι
3397 3093 3504 3148 Ναὶ
3547 3094 3653 3164 μὴν
3678 3091 3763 3145 καὶ

2184 3188 2413 3262 ἑτέρωθί
2437 3204 2538 3242 που
2569 3186 2731 3242 πάλιν
2748 3186 2881 3258 φησι
2912 3186 3041 3255 περὶ
3079 3184 3245 3239 αὑτοῦ
3281 3179 3404 3239 ὦδε.
3428 3204 3447 3236 ι
3469 3184 3763 3256 Ζητηθήσε-

2184 3298 2272 3335 ται
2301 3282 2334 3352 ἠ
2370 3276 2612 3351 ἁμαρτία
2660 3276 2848 3347 αὐτοῦ,
2877 3277 2969 3331 καὶ
2997 3276 3057 3329 ού
3093 3276 3167 3348 μὴ
3195 3276 3391 3347 εὑρεθῇ
3443 3276 3511 3329 δι’
3533 3275 3717 3347 αὐτήν.
3742 3293 3758 3327 ι

2188 3373 2332 3445 Ἔφη
2379 3371 2436 3425 δὲ
2469 3371 2563 3426 καὶ
2593 3370 2755 3434 αὐτὸς
2776 3371 2805 3424 6
2837 3369 3049 3441 Σωτήρ·
3080 3387 3098 3420 ι
3129 3367 3244 3422 Νῦν
3291 3367 3468 3439 κρίσις
3512 3366 3627 3419 ἐστὶ
3674 3363 3761 3419 τοῦ

2186 3466 2394 3537 κόσμου
2436 3463 2652 3528 τούτου,
2715 3463 2810 3518 νῦν
2860 3463 3042 3536 ἄρχων
3092 3459 3186 3516 τοῦ
3226 3460 3435 3531 κόσμου
3469 3459 3653 3513 τούτου
3680 3460 3762 3511 ὲκ-

2187 3557 2524 3629 6ληθήσεται
2572 3555 2697 3623 ἔξω.
2726 3575 2745 3607 ι
2804 3552 3005 3625 Καιρὺς
3036 3545 3129 3604 οὖν
3197 3550 3627 3615 ἀνταποδόσεως,
3676 3549 3762 3602 καὶ

2186 3650 2326 3703 κατὰ
2347 3646 2535 3701 τοῦτον
2569 3640 2661 3699 τὸν
2696 3644 2918 3717 τρόπον,
2958 3640 3079 3696 καθ’
3095 3640 3154 3695 ὃν
3180 3638 3457 3710 ἐπέλαμψε
3481 3637 3562 3709 τῷ
3585 3638 3763 3708 κόσμῳ

2186 3739 2442 3813 Χριστός·
2482 3735 2797 3809 ἐληλυθέναι
2853 3735 2910 3789 δέ
2963 3751 3150 3807 φησιν,
3202 3730 3343 3785 ὥστε
3389 3729 3763 3801 παρακαλέσαι

2186 3834 2394 3896 πάντας
2427 3831 2554 3895 τοὺς
2602 3827 2930 3893 πενθοῦντας
2962 3828 3126 3893 Σιὼν,
3163 3824 3346 3902 δοῦναι
3398 3824 3585 3886 αὐτοῖς
3617 3821 3764 3886 δόξαν

2187 3925 2309 3981 ἀντὶ
2340 3921 2561 3991 σποδοῦ,
2616 3920 2710 3977 καὶ
2761 3920 3005 3992 ἄλειμμα
3052 3917 3408 3989 εὐφροσύνης,
3446 3914 3543 3967 καὶ
3604 3930 3764 3966 κατα-

2189 4017 2380 4089 στολὴν
2406 4014 2566 4087 δόξης
2604 4014 2725 4069 ἀντὶ
2755 4011 3069 4084 πνεύματος
3097 4008 3345 4080 ἀκηδίας.
3382 4007 3643 4076 Γεγόνασι
3672 4005 3763 4075 μὲν

2186 4107 2296 4183 γὰρ
2326 4107 2472 4163 κατὰ
2495 4106 2723 4179 καιροὺς
2745 4102 2897 4177 παρὰ
2918 4105 3029 4166 τοῖς
3068 4100 3347 4164 Ἰουδαίοις
3376 4097 3566 4170 ἄνδρες
3597 4096 3760 4164 ἅγιοι,

2186 4201 2280 4255 καὶ
2302 4198 2652 4272 νομομαθεῖς,
2671 4197 2764 4252 καὶ
2787 4192 3140 4267 προφητικῶν
3158 4190 3527 4264 κηρυγμάτων
3555 4191 3764 4259 ἐρευνη-

2184 4292 2298 4361 ταὶ,
2349 4291 2443 4345 καὶ
2492 4289 2877 4361 ἐπιστήμονες.
2936 4280 3093 4341 Οὗτοι
3155 4280 3489 4355 θεωροῦντες
3543 4278 3670 4343 τοὺς
3706 4274 3764 4341 ἐξ

2186 4382 2416 4454 αἵματος
2475 4378 2691 4451 Ἰσραὴλ
2741 4372 2841 4449 τῆς
2888 4373 2978 4430 διὰ
3023 4373 3274 4438 Μωσέως
3335 4369 3557 4442 ἐντολῆς
3609 4367 3764 4436 ὀλίγα

502 4472 680 4527 dictus
715 4471 973 4526 Dominus
999 4468 1144 4525 Deus
1169 4466 1358 4534 Israel,
1396 4467 1523 4538 quia
1566 4466 1824 4538 visitavit,
1859 4477 1913 4525 et
1952 4468 2081 4526 fecit

2187 4473 2638 4547 πεφροντικότας,
2666 4468 3043 4542 τραπομένους
3075 4466 3134 4521 δὲ
3164 4465 3365 4538 μᾶλλον
3401 4463 3480 4526 εἰς
3506 4461 3567 4516 τὸ
3586 4460 3765 4522 αὐτοῖς

502 4561 926 4631 redemptionem
960 4558 1102 4630 plebi
1136 4574 1267 4615 suae.
1319 4557 1388 4613 Et
1441 4559 1615 4615 erexit
1663 4575 1828 4616 cornu
1893 4560 2082 4618 salutis

2186 4565 2397 4634 δοκοῦν,
2420 4566 2516 4621 καὶ
2535 4564 2884 4628 διδάσκοντας
2925 4559 3025 4631 μὲν
3070 4557 3419 4612 διδασκαλίαν
3455 4552 3769 4624 ἐντάλματα

503 4652 662 4708 nobis
705 4652 776 4707 ⁵⁸.
823 4671 842 4705 ι
899 4651 1307 4721 Evangelizavit
1363 4652 1493 4706 item
1545 4648 1824 4722 Philippus
1877 4650 2082 4708 Natba-

2186 4658 2483 4730 ἀνθρώπων
2508 4698 2524 4724 ,
2572 4653 2962 4726 ὲκνομωτάτην
3027 4649 3083 4705 δὲ
3146 4651 3241 4704 καὶ
3309 4647 3770 4719 φιλαμαρτήμονα

504 4742 669 4810 nacti,
706 4741 788 4797 sic
816 4742 1005 4797 dicens
1043 4759 1056 4796 :
1098 4758 1119 4793 ι
1172 4744 1342 4808 Quem
1375 4741 1595 4814 scripsit
1628 4740 1801 4798 Moses
1840 4743 1893 4798 in
1942 4743 2079 4815 lege,

2186 4746 2519 4811 διαϐιοῦντας
2541 4745 2708 4818 ζωὴν,
2753 4745 2855 4817 τὴν
2900 4743 3079 4814 ἁγίοις
3112 4740 3429 4812 πρέπουσαν
3462 4738 3552 4792 ἐπ’
3585 4738 3770 4801 αὐτοῖς

501 4844 557 4890 et
585 4831 882 4904 prophetze,
936 4829 1241 4887 invenimus
1296 4829 1479 4885 Jesum
1538 4831 1704 4887 tilium
1756 4829 1999 4904 Iosephi,
2049 4848 2078 4888 a

2186 4840 2429 4912 ὲδὲγοντυ
2482 4839 2682 4913 λύπην.
2729 4838 3107 4912 Προσεδόκουν
3157 4835 3217 4890 δὲ
3266 4835 3366 4907 τὴν
3411 4832 3502 4888 διὰ
3529 4831 3769 4905 Χριστοῦ

503 4920 770 4976 Nazareth
799 4919 865 4974 ⁸ο.
897 4938 916 4973 ι
953 4916 1162 4974 Scribit
1194 4919 1357 4974 etiam
1382 4919 1812 4991 sapientissimus
1836 4920 2033 4978 Paulus
2062 4912 2075 4977 Ξ

506 5031 527 5066 ι
559 5009 798 5069 Tristitia
833 5011 965 5067 mihi
1000 5025 1191 5083 magna
1227 5019 1330 5077 est,
1358 5020 1411 5065 et
1457 5014 1747 5069 continuus
1777 5013 1930 5069 dolor
1957 5030 2078 5071 cor-

501 5103 579 5175 di,
614 5118 712 5174 pro
733 5102 992 5160 fratribus
1027 5103 1184 5172 meis,
1210 5092 1303 5173 qui
1333 5114 1459 5159 sunt
1486 5106 1698 5176 cognati
1737 5107 1841 5160 mei
1886 5120 2079 5162 secuno

503 5195 631 5251 dum
664 5210 883 5252 carnem
913 5195 980 5251 “.
1021 5213 1041 5247 ι
1071 5223 1145 5237 —
1164 5211 1184 5247 ι
1212 5193 1343 5249 Data
1373 5205 1458 5251 est
1483 5195 1645 5267 igitur
1662 5196 1828 5268 862
1849 5197 2077 5271 lugenti-

501 5286 602 5342 bus
618 5285 782 5369 Sion,
803 5285 1118 5352 consolatio,
1143 5303 1163 5340 ι
1195 5299 1293 5358 per
1322 5284 1618 5353 Christum,
1642 5303 1662 5337 ι
1689 5297 1859 5357 etpro
1896 5290 2078 5346 cinere

503 5374 692 5450 gloria.
734 5396 753 5430 ι
792 5376 1074 5434 Desierunt
1094 5377 1240 5433 enim
1268 5374 1414 5432 illam
1448 5376 1633 5447 lugere
1657 5385 1710 5433 et
1743 5377 1960 5448 deﬂere,
1983 5397 2074 5437 ce-

2182 4928 2470 5005 λύτρωσιν.
2505 4932 2579 4986 Ού
2607 4932 2716 5002 γὰρ
2736 4931 3014 5004 ἠγνόησαν
3039 4929 3191 4993 ὄντες
3218 4924 3657 4998 πνευματοφόροι
3681 4924 3774 4978 τδν

2183 5019 2496 5076 δικαιοῦντα
2523 5022 2707 5076 πίστει
2734 5021 2828 5075 τὸν
2856 5020 3053 5090 ἀσεϐῆ,
3077 5018 3169 5075 καὶ
3187 5016 3557 5090 ἁμνησικάκῳ
3590 5017 3774 5088 χάριτι

2185 5113 2552 5187 διασμήχοντα
2583 5115 2709 5179 τοὺς
2759 5111 3225 5188 μεμολυσμένους.
3277 5109 3389 5165 Καί⁵
3442 5108 3587 5179 γοῦν·
3610 5112 3640 5163 6
3674 5107 3776 5180 μὲν

2181 5204 2390 5269 δίκαιος
2454 5204 2680 5278 Συμεὼν
2732 5203 2934 5277 βρέφος
2966 5203 3096 5257 ὅντα
3133 5199 3369 5273 Χριστὸν
3416 5200 3476 5254 ὲν
3503 5198 3774 5268 ἀγκάλαις

2180 5294 2362 5349 λαϐὼν
2387 5295 2732 5368 προσηύχετο
2758 5295 2954 5364 λέγων·
2991 5312 3009 5345 ι
3028 5291 3144 5347 Νῦν
3173 5289 3432 5354 ἀπολύεις
3456 5288 3552 5343 τὸν
3587 5286 3774 5344 δοῦλόν

2182 5403 2299 5452 σου,
2333 5387 2598 5452 Δέσποτα,
2633 5386 2773 5442 κατὰ
2795 5386 2856 5440 τὸ
2882 5384 3038 5457 ῥῆμά
3056 5401 3172 5453 σου,
3196 5383 3255 5436 ὲν
3280 5383 3494 5456 εἰρήνῃ,
3518 5381 3603 5436 ὅτι
3636 5375 3775 5434 εἶδον

503 5475 802 5537 peruntque
836 5482 933 5538 per
978 5467 1254 5524 Christum
1296 5466 1575 5540 gaudium,
1617 5467 1977 5539 praedicantes
2022 5483 2074 5528 et

2186 5479 2229 5531 οἱ
2253 5477 2522 5549 ὀφθαλμοί
2553 5495 2658 5550 μου
2679 5476 2741 5533 τδ
2773 5476 3039 5547 σωτήριόν
3067 5491 3184 5541 σου,
3227 5473 3257 5527 δ
3289 5471 3600 5546 ἡτοίμασας
3633 5469 3773 5527 κατὰ

569 5692 615 5769 '_‘
647 5690 688 5745 ll
710 5688 939 5769 Petr._t_t,
964 5690 1048 5769 6.__
1085 5691 1145 5769 ζ·
1169 5690 1311 5747 Psal.
1342 5705 1418 5769 IX:
1441 5690 1558 5749 2-6.
1635 5693 1681 5727 ⁸⁸
1706 5692 1852 5753 Psal.
1888 5711 1944 5765 ι,
1980 5696 2066 5753 15.

2216 5697 2374 5757 Joan.
2406 5714 2506 5769 xu,
2535 5701 2624 5757 3!.
2701 5698 2896 5758 "Luc.
2915 5712 2976 5767 ιι,
3000 5693 3193 5754 29-53.
3269 5691 3315 5725 η
3344 5689 3478 5748 Luc.
3498 5705 3540 5759 t,
3565 5688 3658 5759 68,
3678 5688 3770 5753 ω.

488 5758 549 5831 ,⁸⁸
570 5758 729 5817 Juan.
769 5775 808 5829 ι,
839 5759 930 5817 45.
982 5760 1051 5835 fl
1082 5756 1243 5817 Rom.
1269 5775 1362 5833 ιι,
1385 5759 1441 5818 2.
