4042 6218
392 314 533 369 {5‘57

1523 315 1587 369 IN
1631 314 1862 371 ISAIAM
1904 318 2030 373 LIB.
2079 319 2142 376 V.
2190 320 2427 380 TOMUS
2462 325 2526 382 V.

3521 328 3654 387 1358

392 431 684 501 πρόσωπον
723 433 942 487 πάντων
981 432 1089 486 τῶν
1138 432 1307 496 λαῶν,
1348 432 1463 501 φῶς
1510 434 1589 497 είς
1631 433 1968 504 ἀποκάλυψιν

2079 440 2467 496 annnntiantes
2490 441 2863 513 Evangelium.
2915 462 2935 496 ι
2989 443 3121 499 Data
3154 452 3239 501 est
3254 442 3364 500 illis
3391 458 3487 512 pro
3509 444 3652 501 luctu

393 520 586 584 ἐθνῶν,
613 523 706 577 καὶ
733 521 891 586 δόξαν
942 522 1075 578 λαοῦ
1120 540 1212 578 σου
1252 523 1491 595 Ἰσραήλ.
1521 541 1539 576 ι
1574 525 1893 596 Εὐρήσομεν
1918 525 1973 578 δὲ

392 613 486 666 καὶ
512 612 600 666 τὸν
626 612 911 666 Θεσπέσιον
944 614 1217 686 Ζαχαρίαν
1248 614 1341 668 τὸν
1384 614 1628 669 Ἰωάννου
1653 617 1867 687 πατέρα
1885 616 1975 669 λέ·
2005 659 2029 673 ι

391 722 576 773 γοντα·
620 724 636 756 ι
658 704 965 777 Εὐλογητὸς
996 706 1203 778 Κύριος
1250 709 1280 762 6
1311 705 1445 771 Θεὸς
1499 706 1593 761 τοῦ
1631 708 1867 781 Ἰσραὴλ,
1893 709 1976 762 ὅτι

381 796 745 865 δπεσκέψατο,
788 797 883 849 καὶ
916 797 1141 869 ἐποίησε
1189 798 1460 871 λύτρωσιν
1513 799 1593 870 τῷ
1624 798 1739 870 λαῷ
1776 800 1974 865 αὑτοῦ,

392 888 482 942 καὶ
508 887 695 957 ἤγειρε
726 887 895 959 κέρας
927 889 1201 961 σωτηρίας
1240 891 1391 961 ἡμῖν.
1423 908 1442 943 ι
1488 890 1888 959 Εύηγγελίζετο
1919 891 1976 946 δὲ

388 979 756 1043 καὶΦίλιππος
773 980 850 1051 τῷ
867 980 1158 1051 Ναθαναὴλ
1176 980 1320 1034 οὓτω
1337 980 1533 1050 λέγων’
1577 999 1596 1033 ι
1627 983 1724 1035 *ον
1768 981 1974 1054 ἔγραψε

386 1071 594 1140 Μωσῆς
629 1071 687 1123 ὲν
719 1070 798 1142 τῷ
832 1071 1004 1144 νόμῳ,
1029 1075 1122 1127 καὶ
1146 1074 1196 1126 οἱ
1220 1074 1524 1145 προφῆται,
1573 1073 1822 1145 ηῦραμεν
1872 1074 1976 1146 ’1η-

387 1162 517 1217 σοῦν
546 1165 637 1218 τὸν
658 1164 773 1219 υἱὸν
808 1165 1009 1236 Ἰωσὴφ
1044 1166 1135 1219 τὸν
1182 1166 1291 1220 ἀπὸ
1318 1164 1594 1237 Ναζάρετ.
1636 1185 1655 1218 ι
1680 1166 1888 1236 Γράφει
1918 1167 1975 1221 δέ

342 1326 343 1329 η
385 1272 488 1308 που
508 1256 600 1308 καὶ
623 1259 651 1310 6
669 1255 942 1326 πάνσοφος
964 1256 1197 1323 Παῦλος,
1235 1258 1317 1312 ὃτι
1342 1276 1363 1309 ι
1400 1257 1559 1329 Λύπη
1594 1259 1685 1328 μοί
1713 1260 1827 1324 ἐστι
1882 1262 1977 1314 καὶ

382 1347 727 1412 ἀδιάλειπτος
759 1349 918 1420 ὀδύνη
945 1351 1009 1421 τῇ
1040 1350 1259 1421 καρδίᾳ,
1291 1350 1432 1421 ὑπὲρ
1460 1349 1567 1403 τῶν
1598 1350 1842 1419 ἀδελφῶν
1872 1367 1973 1422 μου

380 1438 494 1492 τῶν
525 1440 801 1508 συγγενῶν
836 1457 937 1512 μου
962 1441 1103 1495 κατά
1124 1441 1325 1514 σάρκα.
1361 1460 1380 1494 ι
1402 1469 1473 1482 --
1500 1460 1517 1491 ι
1547 1441 1767 1497 Δέδοται
1793 1442 1973 1496 τοίνυν

379 1530 499 1592 τοῖς
536 1530 790 1584 πενθοῦσι
804 1531 940 1585 Σιὼν
962 1531 1363 1604 παράκλησις,ι
1386 1532 1524 1601 item
1555 1532 1814 1603 Χριστοῦ,
1840 1552 1856 1585 ι
1880 1532 1974 1587 καὶ

382 1621 507 1675 ἀντὶ
531 1621 729 1675 σποδοῦ
758 1622 904 1687 δόξα.
941 1641 958 1673 ι
997 1622 1314 1694 Κατέληξαν
1344 1623 1443 1692 μὲν
1467 1622 1574 1694 γὰρ
1590 1621 1688 1676 τοῦ
1720 1623 1938 1679 πενθεῖν
1957 1666 1971 1690 ,

382 1714 480 1766 καὶ
508 1714 716 1768 κλαίειν
751 1714 942 1786 αὐτὴν,
977 1714 1222 1785 ἐδέχοντο
1247 1714 1304 1767 δὲ
1347 1712 1446 1785 τὴν
1491 1714 1579 1768 διὰ
1611 1715 1845 1787 Χριστοῦ
1876 1716 1970 1786 χᾱι⁹

2082 530 2266 585 unctio
2293 530 2513 600 laetitiae,
2547 542 2602 587 et
2645 535 2876 590 amictus
2915 533 3102 605 gloria:
3147 548 3243 604 pro
3287 534 3478 602 spiritu
3524 549 3657 591 mte-

2081 621 2243 676 roris.
2287 640 2307 674 ι
2349 622 2665 680 Unctionem
2701 635 2880 681 autem
2925 626 3014 681 hic
3056 636 3232 690 vocat,
3288 626 3430 694 quod
3488 624 3659 681 hilare

2081 721 2187 777 est,
2227 726 2321 767 seu
2346 712 2673 769 hilaritatem
2709 724 2765 773 et
2793 716 3033 771 laetitiam
3073 732 3170 788 pro
3202 716 3347 773 luctu
3390 726 3445 772 et
3479 715 3605 772 ﬂetu
3638 734 3653 771 :
3770 728 3785 735 ‘

2079 812 2134 857 ct
2158 804 2514 876 καταστολην,
2546 808 2597 861 id
2630 817 2733 874 est,
2760 809 3039 875 amictum,
3074 809 3187 864 sive
3213 809 3427 876 stolam,
3469 819 3524 863 ct
3565 825 3657 863 ve-

2079 895 2392 951 stimentum
2426 913 2526 968 pro
2568 899 2762 969 spiritu
2799 900 3049 973 ἀκηδίας,
3096 902 3149 956 id
3197 910 3301 965 est,
3350 915 3449 971 pro
3488 902 3654 953 veteri

2081 986 2170 1042 illa
2193 988 2359 1044 animi
2387 989 2688 1059 dejectione
2721 1000 2775 1047 ct
2804 995 3193 1048 contractione.
3224 991 3357 1047 Nam
3388 991 3657 1064 glorifica-

2080 1077 2118 1131 ti
2145 1086 2293 1144 sunt,
2323 1081 2415 1147 qui
2455 1079 2583 1135 olim
2622 1081 2975 1151 deplorabant
3007 1097 3149 1148 eam,
3191 1090 3247 1137 et
3284 1082 3379 1153 qui
3420 1095 3658 1137 maerore

2078 1182 2178 1239 pro
2207 1184 2271 1225 ea
2294 1169 2999 1229 alliciebantur.'Glorilicati
3022 1188 3151 1229 vero
3172 1181 3319 1241 sunt,
3351 1172 3656 1243 quomodo?

2081 1261 2214 1315 Nam
2251 1261 2530 1317 constituti
2569 1272 2696 1317 sunt
2727 1262 2842 1332 ejus
2869 1273 3231 1333 praeceptores
3281 1272 3336 1320 et
3384 1265 3651 1321 doctores.

2079 1352 2255 1418 Atque
2282 1351 2385 1407 hoc
2414 1360 2499 1405 est
2528 1353 2672 1421 quod
2711 1352 2764 1408 ei
2795 1352 2999 1408 dictum
3036 1364 3116 1409 est
3150 1353 3261 1426 lyra
3297 1352 3587 1409 Psallentis
3636 1371 3650 1406 :

2083 1457 2101 1488 ι
2142 1437 2246 1491 Pro
2276 1439 2520 1508 patribus
2548 1441 2653 1496 tuis
2686 1441 2799 1496 nati
2828 1451 2953 1497 sunt
2979 1444 3071 1498 tibi
3124 1444 3219 1499 lilii
3266 1444 3333 1500 “.
3391 1462 3412 1496 ι
3472 1443 3654 1499 Liberi

2077 1529 2220 1583 enim
2260 1527 2499 1584 Judaieac
2538 1527 2835 1601 Synagogzc
2866 1547 2988 1587 cum
3034 1541 3219 1588 essent
3269 1530 3655 1604 sapientissimi

2077 1620 2347 1690 discipuli,
2390 1621 2516 1677 facti
2559 1631 2685 1676 sunt
2732 1633 2934 1693 patres.
2971 1623 3168 1680 Scribit
3194 1625 3406 1681 scilicet
3435 1624 3654 1693 sapien-

2080 1712 2325 1771 tissimus
2357 1713 2554 1768 Paulus
2582 1733 2595 1769 :
2628 1733 2647 1766 ι
2682 1713 2737 1770 ln
2778 1713 2996 1770 Christo
3026 1717 3168 1770 enim
3194 1715 3319 1772 Jesu
3350 1731 3447 1786 per
3472 1714 3621 1770 Evan
3644 1745 3656 1756 ι

384 1822 493 1876 ριν,
524 1807 1001 1881 εὐαγγελιζόμενοί
1025 1828 1083 1864 τε
1106 1813 1201 1865 καὶ
1248 1812 1698 1882 ἐπαγγέλλοντες.
1731 1832 1750 1865 ι
1782 1811 1966 1884 Ἐδόθη

2075 1808 2271 1878 gelium
2301 1823 2404 1878 ego
2434 1823 2527 1862 vos
2561 1807 2721 1875 genui
2754 1808 2818 1862 ⁸³.
2876 1826 2893 1859 ι
2953 1808 3243 1864 Constituti
3289 1809 3485 1878 quippe
3527 1817 3656 1864 sunt

381 1897 439 1951 δὲ
490 1899 672 1964 αὐτοῖς
720 1900 965 1973 ἄλειμμα
1012 1902 1351 1974 εὐφροσύνης
1387 1904 1507 1958 ἀντὶ
1559 1904 1822 1967 πένθους,
1875 1904 1970 1958 καὶ

384 1989 690 2061 καταστολὴ
723 1990 902 2060 δόξης,
934 1990 1055 2045 ἀντὶ
1084 1990 1394 2063 πνεύματος
1423 1991 1677 2061 ἀκηδίας.
1708 2011 1727 2043 ι
1752 1993 1979 2062 Ἀλειμυ

386 2094 464 2146 μα
492 2076 550 2131 δέ
572 2095 742 2149 φησιν
763 2080 822 2133 ἐν
842 2079 1051 2145 τούτοις
1082 2081 1143 2133 τὸ
1167 2081 1369 2153 ἱλαρὸν,
1395 2083 1510 2154 ἦτοι
1532 2083 1632 2155 τὴν
1664 2082 1973 2153 ἱλαρότητα,

383 2170 482 2223 καὶ
509 2169 608 2241 τὴν
636 2170 1001 2244 εὐφροσύνην,
1036 2173 1161 2227 ἀντὶ
1202 2173 1295 2227 τοῦ
1328 2173 1569 2238 πενθεῖν,
1596 2176 1691 2229 καὶ
1726 2173 1934 2228 κλαίειν
1954 2213 1970 2237 ,

382 2261 477 2314 καὶ
506 2260 667 2333 δόξης
692 2263 1052 2335 καταστολὴν,
1098 2265 1365 2332 τουτέστι,
1423 2265 1739 2337 περίὸλημα
1760 2306 1773 2330 ,
1802 2266 1973 2336 ἤγουν

2076 1909 2292 1970 patrum
2321 1898 2459 1964 loco,
2492 1899 2582 1967 qui
2618 1898 2835 1953 fuerunt
2868 1898 2987 1969 ejus
3020 1899 3135 1957 lilii.
3175 1898 3442 1956 Hahuisse
3470 1910 3652 1956 autem

2076 1990 2287 2055 divinos
2319 1989 2614 2059 discipulos
2645 1989 2904 2044 amictum
2951 1988 3134 2059 gloriae
3178 2006 3207 2043 a
3258 1988 3389 2056 Deo,
3445 1990 3651 2045 clarum

2073 2095 2196 2137 esse
2234 2088 2434 2151 potest,
2470 2081 2682 2136 dicente
2728 2081 2946 2136 Christo
2997 2081 3099 2136 illis
3152 2080 3397 2137 alicubi:
3430 2099 3449 2133 ι
3492 2080 3652 2135 lulir-

2077 2188 2193 2229 mos
2222 2182 2432 2239 curate,
2464 2172 2726 2229 daemonia
2752 2172 2948 2243 ejicite,
2987 2183 3229 2229 mortuos
3255 2174 3489 2229 excitate
3518 2172 3593 2237 “;
3629 2192 3647 2223 ι

2075 2279 2263 2319 rursus
2297 2264 2463 2318 alibi:
2506 2284 2523 2315 ι
2555 2262 2665 2318 Vos
2695 2264 2829 2319 estis
2858 2264 2946 2318 lux
2982 2264 3165 2317 mundi
3210 2264 3277 2319 ".
3304 2283 3324 2317 ι

382 2350 597 2422 στολὴν,
630 2354 724 2406 καὶ⁵
748 2354 951 2425 ἄμφιον
975 2356 1097 2410 ἀντὶ
1163 2356 1477 2427 πνεύματος
1521 2358 1776 2427 ἀκηδίας,
1815 2357 2114 2419 τουτέστιν,
2142 2356 2266 2411 ἀντὶ
2326 2357 2427 2428 τῆς
2451 2356 2619 2412 πάλαι
2683 2356 3068 2429 μικροψυχίας.
3106 2356 3512 2429 Ἐδοξάσθησαν
3540 2353 3651 2426 γὰρ

377 2446 428 2498 ot
471 2447 641 2501 πάλαι
673 2448 1000 2521 θρηνοῦντες
1029 2450 1225 2523 αὐτὴν,
1256 2453 1351 2507 καὶ
1389 2452 1722 2518 ἀκηδιῶντες
1758 2453 1899 2524 ὑπὲρ
1957 2454 2151 2525 αὑτῆς·
2183 2451 2548 2522 ἐδοξάσοησαν
2575 2452 2633 2506 δὲ
2668 2453 2816 2518 πῶς;
2838 2453 3105 2506 τέθεινται
3136 2452 3244 2523 γὰρ
3291 2451 3463 2521 αὐτῆς
3511 2451 3650 2506 καθ-

376 2538 583 2609 ηγηταὶ
624 2541 720 2594 καὶ
766 2541 1105 2607 διδάσκαλοι,
1141 2544 1235 2596 καὶ
1279 2544 1437 2599 τοῦτο
1486 2541 1554 2616 ἦν
1580 2546 1690 2618 ἄρα
1726 2546 1788 2600 τὸ
1814 2546 1949 2619 πρὸς
1987 2546 2159 2616 αὐτὴν
2216 2545 2506 2618 εἰρημένον
2533 2545 2621 2600 διὰ
2649 2547 2747 2617 τῆς
2766 2545 2859 2600 τοῦ
2885 2545 3189 2607 ιϊόιλλοντος
3230 2543 3418 2615 λύρας⁸
3453 2562 3471 2594 ι
3506 2544 3652 2597 Ἀντὶ

375 2633 485 2689 τῶν
517 2634 769 2708 πατέρων
809 2653 925 2702 σου,
957 2638 1293 2711 ἐγενήθησάν
1320 2658 1401 2694 σοι
1437 2641 1560 2695 υἱοί.
1590 2660 1608 2693 ι
1642 2642 1820 2697 Τέκνα
1848 2642 1956 2713 γὰρ
1991 2642 2144 2704 ὄντες
2206 2644 2304 2710 τῆς
2362 2640 2468 2692 τῶν
2505 2640 2773 2693 Ἰουδαίων
2805 2639 3131 2710 Συναγωγῆς
3155 2639 3205 2691 οἱ
3254 2639 3517 2708 πάνσοφοι
3545 2655 3650 2708 μα-

377 2723 559 2795 θηταὶ,
629 2726 889 2797 γεγόνασι
963 2730 1211 2800 πατέρες.
1264 2731 1467 2802 Γράφει
1528 2732 1659 2798 γοῦν
1692 2734 1887 2786 τισινό
1957 2733 2234 2802 πάνσοφος
2286 2731 2532 2797 Παῦλος,
2592 2751 2611 2784 ι
2656 2731 2746 2785 Ἐν
2789 2733 2898 2806 γὰρ
2945 2731 3166 2804 Χριστῷ
3208 2730 3383 2801 Ἰησοῦ
3423 2730 3510 2784 διὰ
3555 2728 3647 2783 τοῦ

378 2820 713 2890 Εὐαγγελίου
758 2822 870 2891 ἐγὼ
913 2824 1057 2894 ὑμᾶς
1109 2826 1719 2897 ἐγέννησαδΤέθεινται
1755 2823 1848 2882 οὖν
1907 2827 1967 2881 ὲν
2038 2827 2471 2899 τάξειπατέρων
2506 2830 2554 2880 οἱ
2602 2829 2883 2897 γεγονότες
2945 2827 3112 2898 αὐτῆς
3149 2826 3281 2881 υίοί⁰
3313 2827 3395 2880 ὅτι
3446 2825 3504 2880 δὲ
3547 2828 3647 2896 τῆς

379 2914 532 2986 παρὰ
587 2914 726 2969 Θεοῦ
787 2915 948 2987 δόξης
1002 2919 1302 2990 ἐσχήκασιν
1360 2922 1461 2992 τὴν
1527 2922 1855 2993 περιστολὴν
1906 2924 1956 2977 οἱ
1996 2923 2277 2978 θεσπέσιοι
2338 2924 2595 2995 μαθηταὶ,
2622 2923 2791 2992 σαφὲς
2811 2924 2877 2976 ἂν
2905 2922 3135 2992 γένοιτο,
3203 2921 3440 2994 Χριστοῦ
3464 2921 3647 2990 λέγον-

377 3025 471 3072 τος
541 3008 759 3075 αύτοῖς,
803 3012 937 3065 ποτὲ
1040 3012 1176 3083 μὲν,
1234 3013 1317 3067 ὅτι
1381 3033 1400 3066 ι
1448 3015 1831 3079 ’Δσθενοῦντας
1878 3016 2246 3088 θεραπεύετε,

376 3102 509 3155 ποτὲ
540 3100 597 3155 δὲ
625 3100 809 3156 πάλιν·
842 3123 861 3156 ι
905 3103 1094 3174 Ὑμεῖς
1119 3105 1243 3158 ὲστε
1294 3105 1356 3159 τὸ
1395 3105 1509 3175 φῶς
1542 3107 1637 3162 τοῦ
1680 3108 1906 3181 κόσμου.
1936 3128 1956 3163 ο

2334 3018 2587 3089 δαιμόνια
2650 3016 2979 3083 ἐκϐάλλετε,
3027 3016 3255 3088 νεκροὺς
3313 3016 3587 3087 ἐγείρετε*
3621 3034 3639 3065 ι

449 3194 561 3250 Καὶ
626 3195 1036 3263 κληθήσονται
1104 3198 1302 3266 γενεαὶ
1362 3198 1787 3269 δικαιοσύνης,
1849 3203 1964 3271 φύ-

2141 3201 2303 3257 Vens.
2329 3201 2381 3255 4.
2420 3201 2486 3254 Et
2518 3203 2842 3256 vocabuntur
2864 3202 3134 3271 progenies
3158 3201 3409 3271 justitic,
3433 3201 3648 3272 planta-

376 3302 564 3358 τευμα
623 3288 844 3357 Κυρίου
912 3290 999 3354 είς
1048 3288 1257 3354 δόξαν.
1324 3290 1434 3345 Kal
1490 3291 1962 3363 οἰκοδομήσουσι

377 3380 588 3444 πόλεις
640 3377 904 3446 ἐρήμους
941 3378 1206 3443 alariae,
1255 3377 1707 3448 ἐξερημωμένας
1751 3382 1962 3448 πρότε-

370 3486 484 3539 ρον
497 3465 905 3533 ἐξαναστήσω
913 3480 1013 3533 νσι,
1037 3466 1138 3521 καὶ
1156 3467 1458 3521 καινιοῦσι
1477 3469 1687 3534 πόλεις
1703 3469 1965 3539 ἐρήμους

372 3558 827 3631 ἐξερημωμένας
846 3562 933 3626 είς
960 3557 1191 3628 γενεάς.

448 3649 866 3725 Χρηματίζουσι
894 3649 1004 3721 γάρ
1036 3644 1091 3703 οἷ
1109 3650 1171 3703 ὲν
1190 3649 1414 3721 Χριστῷ
1444 3668 1463 3703 ι
1485 3650 1647 3709 Γὲνος
1684 3651 1961 3715 ἐκλεκτὸν,

377 3744 532 3807 ἔθνος
555 3741 732 3809 ἅγιον,
760 3739 885 3805 λαὸς
911 3740 992 3805 είς
1016 3739 1388 3812 περιποίησιν,
1416 3758 1436 3792 ι
1462 3739 1553 3795 διά
1571 3757 1650 3794 τοι
1679 3741 1742 3795 τὸ
1767 3741 1963 3807 κάλλος

377 3836 474 3906 τῆς
506 3832 942 3905 ὲνούσηςαύτοῖς
971 3832 1341 3904 δικαιοσύνης,
1378 3831 1474 3886 καὶ
1520 3830 1636 3887 οῦτι
1681 3833 1786 3887 πού
1818 3851 1962 3905 φημι

376 3926 475 3997 τῆς
504 3924 646 3979 κατὰ
666 3925 854 3995 νόμον,
887 3924 1104 3996 ἐκείνης
1132 3922 1191 3978 δὲ
1236 3922 1459 3996 μᾶλλον,
1493 3923 1562 3996 ἢν
1598 3923 1688 3978 διὰ
1724 3925 1833 3980 τῶν
1867 3925 1962 3981 τοῦ

378 4018 628 4088 Σωτῆρος
655 4017 921 4087 ἐσχήκασι
942 4015 1351 4087 θεσπισμάτωνο
1378 4016 1616 4086 ἀμείνων
1639 4016 1965 4090 δ’άσυγκρί-

377 4110 541 4179 τωςη
580 4104 671 4160 διὰ
695 4104 935 4177 Χριστοῦ
962 4106 1063 4177 τῆς
1091 4107 1152 4160 ὲν
1195 4105 1365 4177 νόμιμ’
1410 4108 1504 4160 καὶ
1532 4105 1662 4173 γοῦν
1712 4106 1815 4177 εφη
1851 4110 1962 4171 τοῖς

377 4198 552 4268 ἁγίοις
614 4197 955 4262 ἀποστόλοιςο
1013 4215 1034 4250 ι
1105 4197 1279 4269 Ἀμὴν
1329 4197 1472 4267 λέγω
1525 4199 1654 4269 ὑμῖν
1678 4239 1693 4265 ,
1750 4198 1845 4252 ἐὰν
1886 4202 1961 4271 μὴ

379 4291 778 4366 περισσεύσῃκή
827 4290 1147 4362 δικαιοσύνη
1197 4290 1350 4361 ὑμῶν
1402 4290 1586 4345 πλεῖον
1637 4290 1749 4345 τῶν
1775 4292 1962 4364 Γραμ-

383 4382 595 4453 ματὲων
638 4384 735 4437 καὶ⁵
768 4383 1100 4456 ⁴Ιιαρισαίων,
1130 4383 1193 4437 ού
1225 4383 1299 4454 μὴ
1332 4383 1610 4455 εἰσέλθητε
1632 4385 1711 4447 εἰς
1738 4383 1838 4455 τὴν
1861 4384 1959 4455 βα·-

381 4472 584 4527 σιλείαν
611 4473 719 4527 τῶν
735 4474 999 4546 οὐρανῶν.
1014 4495 1114 4529 s—
1138 4496 1156 4529 ι
1178 4475 1549 4548 Κεκλήσονται
1572 4476 1773 4542 τοίνυν,
1801 4476 1956 4549 φησὶ,

2068 3294 2140 3347 tio
2182 3291 2472 3348 Dominiin
2520 3291 2770 3362 gloriam.
2832 3288 2900 3344 Et
2949 3290 3287 3361 a‘diﬁcabunt
3336 3290 3647 3347 solitudines

2066 3396 2311 3449 arternas,
2331 3393 2562 3438 vastatas
2587 3383 2735 3451 prius
2761 3382 3152 3447 excitabant,“
3169 3382 3489 3437 innoenbnnt
3516 3382 3644 3437 ciri-

2065 3483 2197 3527 tates
2224 3473 2485 3537 desertas,
2511 3481 2744 3526 vastatas
2773 3472 2829 3525 in
2851 3474 3231 3541 generationes.

2138 3649 2532 3718 Nuucupantur
2568 3647 2715 3704 enim
2762 3646 2853 3717 qui
2892 3649 2949 3702 in
2972 3646 3194 3703 Christo
3238 3658 3366 3703 sunt
3402 3667 3420 3700 ι
3473 3666 3644 3719 genus

2065 3739 2323 3803 electum,
2354 3752 2487 3808 gens
2538 3744 2746 3801 sancta,
2776 3734 3003 3806 populus
3033 3734 3330 3805 acquisitus
3369 3736 3467 3804 ⁸⁸,ι
3517 3752 3643 3806 pro-

2064 3843 2184 3903 pter
2202 3831 2430 3902 justitie
2445 3844 2566 3900 qua
2583 3826 2687 3882 illis
2707 3825 2850 3883 inest
2869 3825 3347 3898 pulchritudinem.
3366 3826 3639 3883 Justitiam

2065 3924 2188 3980 dico
2218 3938 2323 3979 non
2355 3920 2604 3989 legalem,
2640 3918 2734 3977 sed
2769 3919 2945 3989 potius
2988 3933 3133 3985 eam,
3162 3933 3326 3988 quam
3351 3933 3415 3975 es
3445 3919 3640 3975 Serva-

2068 4015 2202 4071 toris
2230 4013 2471 4069 oraculis
2501 4014 2830 4069 habuerunt.
2859 4009 2993 4077 Quae
3026 4010 3080 4065 in
3111 4010 3330 4065 Christo
3351 4022 3454 4076 est,
3485 4010 3641 4082 legali

2059 4103 2274 4173 justitia
2306 4102 2499 4157 melior
2520 4111 2604 4156 est
2644 4099 3163 4170 incomparabiliter.
3198 4096 3479 4168 Siquidem
3514 4114 3639 4156 san-

2063 4203 2179 4250 ctos
2197 4193 2473 4261 apostolos
2491 4192 2755 4247 allocutus
2782 4199 2865 4247 est
2888 4209 2902 4246 :
2942 4209 2961 4244 ι
2985 4192 3159 4248 Amen
3182 4191 3305 4249 dico
3325 4190 3502 4258 vobis,
3536 4192 3639 4248 nisi

2063 4286 2419 4341 abundaverit
2445 4285 2657 4353 justitia
2690 4295 2867 4340 vestra
2913 4284 3198 4355 plusquam
3246 4283 3560 4341 Scribarum
3586 4295 3641 4340 et

2062 4376 2478 4439 Pharisaeorum.
2501 4392 2608 4432 non
2672 4376 3049 4447 ingrediemini
3094 4378 3146 4431 in
3205 4390 3428 4448 regnum
3474 4380 3639 4435 ρωπο-

2065 4485 2182 4524 rum
2213 4470 2282 4525 ⁸⁷.
2307 4487 2326 4522 ι
2349 4499 2422 4511 -—
2453 4487 2472 4522 ι
2497 4468 2848 4526 Vocabuntur
2881 4468 3071 4537 igitur,
3107 4468 3302 4538 inquit,
3346 4468 3636 4540 pragenies

380 4562 728 4633 δικαιοσύνης
777 4566 981 4632 γενεαὶ,
1033 4568 1127 4620 καὶ
1160 4565 1384 4637 προσέτι
1419 4565 1669 4638 φύτευμα
1690 4566 1951 4639 Κυρίου.»

2070 4559 2300 4629 iustitiae,
2337 4568 2389 4616 et
2419 4568 2679 4629 praeterea
2706 4557 2968 4628 plautatio
2996 4555 3232 4613 Domini.
3267 4574 3286 4609 ι
3314 4555 3524 4612 Etenim
3546 4571 3638 4612 su-

384 4655 493 4709 Καὶ
525 4654 636 4726 γάρ
688 4656 855 4725 ἔσμεν
911 4655 1127 4725 άληθῶς
1189 4654 1326 4709 Θεοῦ
1378 4656 1667 4728 γεώργιον,
1693 4658 1785 4711 καὶ
1835 4657 1963 4729 περὶ

382 4747 542 4818 ἡμῶν
562 4748 592 4800 6
609 4747 894 4810 θεσπέσιος
921 4747 1086 4801 Δαὸίδ
1114 4765 1266 4819 φησι·
1303 4766 1324 4799 ι
1362 4748 1767 4822 Πεφυτευμένοι
1804 4749 1864 4804 ἐν
1886 4748 1965 4820 τῷ

380 4839 515 4911 οἴκῳ
541 4841 770 4912 Κυρίου,
801 4840 860 4895 ὲν
881 4842 1003 4904 ταῖς
1031 4839 1220 4905 αὐλαῖς
1247 4840 1342 4895 τοῦ
1374 4841 1510 4896 Θεοῦ
1560 4843 1716 4915 ἡμῶν
1736 4841 1964 4914 ἐξανθή-

387 4949 557 4987 σουσι.
593 4950 612 4983 ι
647 4932 756 4987 Καὶ
776 4930 909 5001 γοῦν
941 4933 971 4986 6
996 4930 1272 5002 πάνσοφος
1306 4932 1517 5000 Παῦλος
1534 4934 1669 4989 Θεοῦ
1699 4934 1966 5007 γεώργιον

382 5022 640 5094 ὀνομάζει
660 5024 785 5088 τοὺς
809 5021 1180 5095 κεκλημένους
1206 5023 1296 5079 διὰ
1322 5026 1557 5091 πίστεως
1591 5027 1690 5098 τῆς
1736 5028 1795 5081 ὲν
1822 5027 1959 5098 Χρι-

381 5112 515 5187 στῷ.
542 5114 689 5185 Ἔφη
726 5113 783 5168 δὲ
814 5114 995 5182 πάλιν,
1024 5116 1106 5170 ὅτι
1140 5134 1158 5167 ι
1202 5114 1342 5186 Ἐγὼ
1370 5114 1659 5185 ἐφύτευσα,
1686 5115 1958 5179 Ἀπολλὼς

382 5206 651 5270 ἐπότισεν,
682 5207 711 5259 6
745 5204 802 5260 δὲ
838 5204 972 5270 Θεὸς
994 5204 1215 5278 ηῦξανε.
1263 5224 1283 5259 ι
1340 5205 1582 5277 Γεωργεῖ
1623 5206 1734 5276 γὰρ
1758 5206 1909 5276 ἡμᾶς
1931 5207 1960 5259 6

383 5297 577 5369 Σωτὴρ
621 5296 710 5352 διὰ
764 5295 872 5352 τῶν
925 5298 1107 5368 ἁγίων*
1148 5298 1540 5369 μυσταγωγῶν·
1573 5297 1829 5370 ταύτῃτοι
1863 5297 1959 5350 καὶ

386 5389 531 5461 μάλα
569 5392 790 5457 εἰκότως
840 5392 1002 5463 φασιν
1067 5393 1291 5456 ἑαυτοὺς
1352 5392 1649 5463 συνεργοὺς
1705 5387 1958 5458 γενέσθαι

383 5479 795 5563 Θεοῦζνξνάλλει
843 5484 901 5538 δὲ
957 5484 1052 5538 καὶ
1086 5486 1117 5539 6
1158 5483 1431 5554 πάνσοφος
1463 5480 1653 5538 Δαϐίδ⁶
1683 5500 1701 5533 t
1740 5480 1957 5544 Δίκαιος

455 5667 500 5700 ⁸³
524 5667 666 5725 Psal.
697 5685 842 5732 xuv,
875 5671 958 5726 Π.

384 5736 436 5772 ⁸⁸
463 5737 608 5796 Psal.
633 5754 741 5808 scr,
764 5738 849 5795 14.
924 5740 969 5821 f’
999 5739 1172 5795 lCor.
1204 5755 1283 5808 ιιι,
1315 5740 1370 5796 9.
1442 5741 1511 5826 δ’.
1545 5739 1677 5797 ibid.
1710 5742 1764 5795 6.

2063 4665 2185 4705 mus
2216 4665 2345 4705 vere
2374 4648 2469 4705 Del
2496 4649 2848 4720 agricultura,
2863 4659 2917 4704 et
2947 4649 3016 4705 de
3046 4649 3199 4703 nobis
3229 4646 3447 4704 divinus
3474 4649 3641 4703 David

2061 4744 2170 4798 ait:
2211 4740 2490 4797 «Plantati
2547 4741 2601 4797 in
2657 4739 2818 4798 domo
2877 4741 3112 4807 Domini,
3164 4740 3218 4795 in
3279 4738 3640 4796 tabernaculis

2062 4835 2155 4892 Dei
2191 4834 2362 4891 nostri
2406 4832 2673 4891 ﬂorebunt
2698 4833 2769 4889 “.
2801 4852 2822 4888 ι
2853 4833 3133 4906 Siquidem
3179 4830 3376 4887 Paulus
3418 4830 3636 4901 sapien-

2065 4927 2306 4983 tissimus
2361 4926 2456 4981 Dei
2505 4925 2890 4995 agriculturam
2950 4925 3197 4981 nominat
3222 4922 3288 4988 ",
3335 4919 3501 4994 363
3545 4920 3637 4990 qui

2065 5032 2158 5090 per
2199 5016 2359 5072 tidem
2422 5016 2479 5072 in
2526 5014 2744 5072 Christo
2782 5016 2954 5072 vocati
2987 5023 3133 5071 sunt.
3191 5012 3399 5068 Rursus
3458 5010 3635 5066 dixit;

2070 5127 2087 5162 ι
2116 5110 2227 5179 Ego
2254 5106 2515 5178 plantavi,
2550 5105 2741 5176 Apollo
2770 5106 2986 5176 rigavit,
3014 5105 3107 5161 sed
3147 5105 3289 5160 Deus
3330 5106 3637 5158 incremen-

2068 5212 2180 5256 tum
2209 5200 2355 5257 dedit
2378 5200 2448 5254 ".
2478 5216 2499 5252 ι
2520 5197 2663 5254 Colit
2690 5198 2833 5254 enim
2863 5212 2963 5254 nos
2988 5196 3144 5267 quasi
3167 5195 3422 5268 agricola'
3451 5196 3637 5249 Serva-

2064 5299 2173 5357 tor,
2221 5307 2319 5363 per
2359 5301 2578 5348 sanctos
2614 5298 2977 5360 mystagogqs.
3016 5286 3170 5342 Unde
3202 5295 3256 5341 et
3290 5286 3505 5355 quidem
3551 5283 3637 5354 ju-

2065 5382 2304 5439 stissime
2322 5382 2512 5438 dicunt
2535 5394 2594 5437 se
2620 5379 2715 5435 Dei
2747 5393 2866 5435 esse
2889 5378 3254 5448 cooperarios.
3290 5375 3478 5430 Psallit
3505 5391 3637 5444 quo—

2065 5490 2170 5546 que
2196 5473 2366 5530 David
2387 5471 2849 5545 sapientissimus:
2876 5490 2894 5523 ι
2914 5469 3102 5526 Justus
3125 5478 3181 5523 ut
3207 5469 3377 5539 palma
3401 5467 3631 5530 llorebit,

1033 5672 1079 5702 ⁸³
1103 5673 1128 5724 \
1151 5674 1279 5729 dor.
1313 5686 1388 5735 ιν,
1413 5670 1501 5726 15.
1579 5672 1626 5703 ⁸⁸
1652 5671 1842 5727 Matth.
1871 5686 1923 5734 Χ,
1957 5673 1968 5722 ἓ

2090 5672 2134 5704 ⁶⁸
2171 5672 2361 5726 Matth.
2398 5688 2448 5738 ν,
2480 5672 2567 5730 14.
2644 5672 2689 5705 ⁸⁸
2725 5670 2903 5726 lPetr.
2943 5687 3003 5735 Il,
3041 5671 3094 5726 9.
3169 5670 3212 5702 ⁸⁷
3246 5668 3429 5723 Matth.
3458 5682 3503 5727 ν,
3535 5664 3631 5721 20.
