4042 6218
486 311 623 368 1339

1464 296 1519 353 5.
1562 292 1835 352 CYRILLI
1876 284 2352 346 ALEXANDRIM
2395 290 2712 348 ARClllEP.

3610 288 3760 344 1360

478 429 632 501 quasi
667 427 858 481 cedrus
897 424 948 477 in
985 420 1190 476 Libano
1236 416 1754 487 tnultiplicabitur”.
1796 437 1814 468 ι
1854 417 2042 470 Sumus

2150 414 2225 477 ὡς
2243 415 2415 484 φοῖνιξ
2442 415 2685 483 ἀνθήσει,
2705 412 2833 465 ὡσεὶ
2856 411 3040 485 κέδρος
3062 414 3165 485 ἡέν
3188 415 3264 485 τῷ
3282 414 3498 485 Λιϐάνῳ
3514 412 3768 483 πληθυν-

478 526 655 588 itaque
676 514 935 587 plantatio
955 508 1194 574 Domini,
1223 516 1277 561 et
1304 507 1356 561 in
1384 505 1609 577 gloriam
1638 519 1772 574 ejus.
1813 524 1831 556 ι
1861 502 2050 559 [Edid-

479 608 675 663 cabunt
715 614 921 667 autem,
972 598 1166 668 inquit,
1212 595 1462 652 civitates
1502 593 1745 649 desertas
1793 600 2047 657 aeternas,

473 712 529 756 et
591 695 922 753 innovabunt
972 691 1223 746 civitates
1280 686 1540 742 desertas.
1572 702 1591 737 ι
1646 682 1870 740 Videtur
1927 682 2051 736 inde

474 793 614 848 velle
641 784 1069 860 signiﬁcare,ch
1101 780 1498 839 multitudinem
1524 778 1888 834 vocandorum
1928 786 2049 832 tan-

477 895 583 935 lant
616 879 822 943 l‘nrc,nt
852 886 905 930 et
931 874 1066 929 alias
1090 872 1365 937 civitates,
1394 877 1594 939 praeter
1623 882 1718 923 eas
1750 882 1868 937 qua:
1901 876 2048 932 sunt,

475 977 741 1042 quaerant,
774 976 828 1022 et
863 982 981 1037 quze
1012 973 1235 1020 vastatas
1273 969 1399 1017 sunt
1433 958 1722 1030 aliquando
1761 957 2046 1023 reﬁciant;

478 1065 560 1121 vel
588 1063 716 1118 illud
745 1058 1023 1116 fortassis:
1045 1058 1100 1112 ln
1124 1054 1406 1126 angustias
1432 1052 1578 1107 enim
1612 1051 1836 1116 redacti,
1854 1049 2049 1121 inquit,

477 1164 694 1227 propter
734 1151 1155 1217 multitudinem,
1193 1146 1453 1204 ecclesias
1501 1143 1672 1199 nudas
1709 1143 1836 1197 licet
1866 1150 1919 1197 et
1958 1140 2053 1195 de-

475 1262 648 1304 sertas
671 1248 821 1312 olim,
854 1244 958 1299 tale
983 1243 1237 1313 quiddam
1266 1238 1524 1302 efﬁcient,
1553 1235 1713 1307 quale
1755 1235 1931 1291 solent
1968 1232 2050 1287 fa-

474 1354 620 1400 cure,
654 1337 743 1405 qui
793 1334 1042 1390 civitates
1080 1314 1319 1386 vastatas
1353 1326 1644 1390 aediﬁcant,
1679 1333 1734 1379 et
1758 1324 1848 1395 qui
1901 1322 2049 1376 humi

468 1430 710 1495 jacentes
758 1423 1157 1498 quodammodo
1211 1422 1451 1477 excitare
1496 1426 1769 1487 satagunt.
1840 1415 2050 1471 Dictum

474 1526 555 1569 est
597 1515 742 1568 enim
790 1513 1044 1569 Ecclesia:
1078 1531 1092 1567 :
1138 1530 1157 1564 ι
1186 1510 1361 1567 Dilata
1411 1512 1585 1566 locum
1626 1503 1843 1561 tentorii
1878 1503 1957 1558 tui
2000 1512 2053 1557 et

471 1606 777 1659 aulatoruin
822 1613 1069 1667 tuorum,
1121 1601 1242 1673 ﬁge,
1290 1614 1359 1657 ne
1418 1612 1612 1671 parcas
1645 1595 1713 1646 ⁷³.
1752 1593 1942 1647 Adhuc
1998 1594 2050 1646 in

2154 508 2397 579 θήσεται.
2428 527 2446 559 ι
2480 507 2673 577 Ἐσμέν
2700 504 2764 577 δὴ
2812 501 2905 559 οὖν
2948 506 3057 577 ἄρα
3110 506 3360 578 φύτευμα
3394 507 3626 577 Κυρίου,
3661 506 3765 560 καὶ

2152 602 2231 664 εἰς
2283 600 2439 667 δόξαν
2473 598 2660 656 αὑτοῦ,
2710 616 2728 649 ι
2770 595 3193 667 υίκοδομήσουσι
3241 597 3317 664 δέ,
3366 596 3523 668 φησι,
3567 596 3769 658 πόλεις

2150 693 2391 764 ἐρήμους
2430 691 2678 755 αίωνίας,
2736 689 2832 742 καὶ
2881 687 3150 741 καινιοῦσι
3198 689 3378 751 πόλεις
3432 689 3699 759 ἐρήμους,
3735 706 3756 737 s

2155 786 2337 839 Ἔοικε
2368 782 2652 855 βούλεσθαι
2680 782 2770 836 διὰ
2794 782 2985 836 τούτου
3006 781 3219 854 δηλοῦν,
3245 780 3278 851 ἢ
3306 780 3367 833 τὸ
3395 780 3599 850 πλῆθος
3642 781 3765 833 τῶν

2151 875 2327 947 κληθη
2336 893 2395 930 σο
2402 876 2602 945 μένων,
2618 874 2694 938 ὡς
2707 871 2860 927 ἔσται
2882 872 3301 937 τοσοῦτον,ῶστε
3324 871 3418 923 καὶ
3434 870 3618 932 πόλεις
3634 870 3764 921 ὲτὲο

2157 985 2259 1039 ρας
2286 967 2437 1037 παρὰ
2465 966 2563 1030 τὰς
2609 967 2776 1025 οὔσας
2814 964 3117 1038 ἐπιζητεῖν,
3143 965 3239 1018 καὶ
3281 960 3539 1018 ἀνανεοῦν
3574 961 3762 1023 αὑτὰς

2152 1058 2518 1130 ἐρημωμένας
2555 1057 2894 1126 ποτέ·ἥγουν
2936 1056 3113 1110 ἐκεῖνό
3162 1073 3265 1109 που
3294 1055 3761 1126 τάχα’Στενοχω-›

2157 1147 2384 1219 ροῦντες
2413 1146 2543 1219 γὰρ,
2569 1147 2724 1219 φησι,
2754 1146 2833 1218 τῷ
2859 1144 3056 1219 πλήθει
3081 1146 3182 1209 τὰς
3216 1145 3530 1217 ἐκκλησίας,
3567 1145 3758 1197 καίτοι

2152 1240 2367 1312 γυμνὰς
2399 1239 2566 1303 οὔσας
2604 1240 2697 1294 καὶ
2724 1239 2967 1311 ἐρήμους
2996 1239 3148 1306 ποτὲ,
3202 1238 3460 1309 δράσουσί
3492 1255 3545 1291 τι
3574 1236 3760 1290 τοιοῦ-

2153 1346 2266 1392 τον,
2322 1332 2507 1383 ὁποῖον
2565 1329 2821 1384 εἰώθασιν
2865 1330 2999 1402 δρᾷν
3036 1331 3087 1383 οἱ
3144 1329 3328 1393 πόλεις
3371 1329 3760 1399 ἠρημωμένας

2152 1420 2463 1492 οἰκοδομεῖν
2487 1420 2785 1484 ἐθέλοντες,
2807 1421 2902 1475 καὶ
2916 1415 3027 1475 οἷον
3045 1420 3220 1493 χαμαὶ
3233 1419 3492 1490 κειμένας
3512 1420 3760 1491 ἐγείρειν

2157 1509 2571 1573 σπουδάζοντες.
2601 1511 2829 1582 Εἴρηται
2871 1510 3003 1579 γοῦν
3052 1496 3189 1583 πρὸς
3234 1510 3332 1583 τὴν
3385 1511 3755 1578 Ἐκκλησίαν⁸

2165 1622 2183 1654 ι
2216 1601 2495 1655 Πλὰτυνον
2523 1602 2615 1655 τὸν
2644 1602 2809 1656 τόπον
2835 1603 2934 1674 τῆς
2965 1603 3171 1674 σκηνῆς
3216 1619 3333 1664 σου,
3384 1603 3479 1656 καὶ
3505 1603 3759 1656 αὐλαιῶν

470 1697 675 1750 dextris
713 1704 766 1749 et
800 1695 852 1749 in
884 1694 1117 1748 sinistris
1139 1692 1401 1763 expande.
1440 1710 1459 1742 ι
1489 1689 1685 1744 Veram
1715 1700 1837 1741 esse
1869 1685 2042 1738 debat

2158 1690 2470 1763 σουοπῆξον,
2522 1691 2596 1762 μὴ
2642 1691 2827 1763 φείσῃ·
2874 1691 2954 1745 ἔτι
3015 1694 3094 1756 εἰς
3147 1691 3216 1743 τὰ
3250 1690 3401 1755 δεξιὰ
3447 1693 3541 1745 καὶ
3571 1693 3657 1754 είς
3682 1692 3762 1746 τὰ

472 1803 529 1842 re
561 1786 987 1857 praedictionem,
1020 1785 1134 1854 ipse
1163 1800 1340 1839 rerum
1367 1791 1592 1839 eventus
1622 1779 1860 1836 ostendit
1890 1776 2041 1831 facil~

2146 1782 2407 1854 ἀριστερᾶ
2437 1783 2760 1837 ἐκπέτασον.
2786 1802 2805 1836 ι
2831 1782 3032 1855 Ἄληθῆ
3056 1782 3114 1836 δέ
3155 1778 3320 1836 οὖσαν
3347 1783 3446 1854 τὴν
3479 1783 3610 1853 περὶ
3630 1785 3759 1837 τούς

470 1885 617 1938 limo.

546 2066 705 2117 \'r.n<.
746 2062 862 2118 5-7.
900 2060 968 2115 Et
1022 2062 1217 2115 renient
1267 2057 1572 2127 alienigena:
1619 2061 1885 2122 pascentes
1932 2065 2045 2103 oves

470 2169 612 2219 tuas,
645 2163 690 2207 et
734 2151 922 2206 aliena:
952 2151 1119 2221 gentis
1152 2157 1387 2202 aratores
1416 2156 1463 2199 et
1511 2144 1783 2199 vinitores.
1817 2137 1919 2193 Vos
1950 2153 2047 2191 an-

469 2257 571 2300 tem
594 2244 888 2300 sacerdotes
919 2240 1129 2296 Domini
1156 2238 1487 2303 vocubimini,
1511 2236 1742 2291 ministri
1768 2234 1880 2287 Dei.
1909 2229 2049 2285 For-

469 2337 748 2392 titudinem
772 2335 1002 2406 gentium
1029 2332 1328 2398 comedetis,
1356 2340 1405 2385 et
1431 2332 1485 2385 in
1516 2329 1711 2384 diuitiis
1733 2320 1913 2382 eorum
1941 2323 2048 2379 eri-

469 2430 534 2480 tis
570 2426 930 2480 admirabiles.
968 2423 1074 2478 Pro
1104 2423 1411 2490 confusione
1435 2430 1605 2476 uestra
1629 2418 1848 2487 duplici,
1880 2427 1926 2471 et
1953 2432 2046 2485 pro

470 2514 955 2581 rnborelwtabitur
998 2528 1122 2580 pars
1153 2527 1352 2575 eorum,
1403 2520 1450 2565 et
1473 2509 1551 2563 sic
1579 2518 1773 2562 terram
1817 2507 2045 2562 secundo

467 2603 934 2678 possidebuntaEt
968 2604 1217 2675 gaudium
1240 2602 1610 2671 sempiternum
1640 2601 1737 2655 erit
1768 2615 1923 2669 super
1955 2614 2046 2651 ca-

467 2712 559 2767 put
590 2715 792 2755 eorum.

539 2875 750 2931 Diserte
788 2873 882 2930 hic
927 2872 1062 2943 legis
1099 2880 1155 2927 et
1207 2871 1496 2928 sacerdotii
1561 2870 1613 2924 in
1667 2884 1729 2925 ea
1787 2865 2048 2936 descripti
2118 2870 2121 2873 '

468 2968 877 3024 translationem
906 2966 1021 3021 fore
1041 2965 1192 3021 dicit.
1214 2963 1331 3021 Non
1364 2963 1507 3019 enim
1532 2961 1644 3033 jam
1675 2958 1933 3016 Leviticis
1960 2974 2048 3013 sa-

466 3060 880 3123 erillcium,non
913 3056 1197 3113 ministerii
1223 3070 1417 3111 nomen
1446 3064 1540 3109 aut
1561 3068 1650 3109 res
1676 3051 2043 3123 quadraverit;

468 3152 561 3205 sed
595 3151 801 3205 exclusi
823 3158 949 3204 sunt
986 3149 1177 3215 isti,ac
1210 3149 1332 3202 data
1356 3157 1440 3201 est
1474 3148 1589 3201 hac
1617 3144 1785 3214 gloria
1814 3142 1920 3197 illis
1951 3141 2043 3211 qui

464 3257 528 3295 ex
562 3240 813 3310 gentibus
845 3254 940 3308 per
973 3238 1130 3291 ﬁdem
1160 3236 1334 3289 vocati
1362 3244 1506 3287 sunt.
1538 3234 1632 3287 Dei
1657 3233 1799 3288 enim
1837 3230 2043 3285 calculo

464 3331 708 3388 coronati
745 3338 893 3387 sunt.
923 3337 979 3382 et
1001 3328 1101 3395 ipsi
1132 3326 1408 3380 constituti
1442 3335 1570 3381 sunt
1596 3324 1830 3380 ministri
1864 3338 1925 3378 ac
1957 3339 2043 3376 sa-

463 3426 729 3481 cerdotes.
764 3442 784 3476 s
821 3421 1051 3477 Venieut
1107 3419 1273 3485 enim,
1323 3418 1521 3487 inquit,
1574 3416 1891 3488 alienigenae
1951 3431 2044 3487 pa-

463 3532 676 3578 scentes
702 3532 830 3573 oves
857 3525 1033 3571 tuas.»
1060 3511 1301 3566 [labetur
1334 3520 1519 3565 autem
1557 3509 1674 3563 haec
1697 3508 1871 3563 oratio
1899 3507 2044 3562 velut

463 3617 530 3669 ad
561 3611 890 3673 Ecclesiam,
920 3608 1077 3678 cujus
1116 3618 1244 3659 oves
1269 3602 1490 3673 intelligi
1516 3610 1760 3671 possunt,
1794 3611 2041 3656 servato-

464 3720 580 3761 rum
612 3718 707 3776 per
733 3703 889 3758 iidem
927 3707 1114 3756 sancta
1145 3696 1447 3751 multitudo.
1467 3693 1593 3750 Haec
1631 3694 1697 3749 ah
1723 3693 2040 3764 alienigenis

461 3793 879 3867 pascitur.0|im
903 3792 1046 3847 enim
1086 3788 1290 3845 Scriba:
1315 3796 1371 3841 et
1397 3785 1680 3850 Pharisaei,
1699 3784 1786 3854 qui
1814 3784 2038 3839 docendi

458 3887 627 3960 864,
652 3901 847 3940 munus
880 3882 1020 3953 apud
1040 3879 1321 3936 lsraelitas
1341 3877 1517 3933 sortiti
1544 3886 1693 3942 sunt,
1708 3875 1964 3932 socordes
1984 3882 2039 3929 et

462 3980 668 4037 resides
696 3994 759 4034 ac
786 3973 1178 4047 imperitissimi
1206 3980 1458 4041 pastores
1486 3969 1835 4024 exstiterunt.
1872 3966 2037 4023 Periit

461 4071 797 4143 igituripsis
844 4066 1087 4135 subjecta
1133 4062 1440 4125 multitudo,
1473 4059 1906 4131 quandoquidem
1949 4076 2036 4112 ar-

460 4173 677 4236 gentmn
718 4160 1004 4230 reprobum
1050 4156 1339 4218 habebant,
1371 4163 1427 4209 et
1456 4153 1720 4208 docebant
1759 4151 2035 4207 doctrinas

460 4257 710 4312 mandata
746 4253 1047 4314 hominum,
1078 4257 1133 4305 et
1160 4263 1190 4302 a
1217 4247 1420 4303 Christi
1457 4245 1765 4315 cognitione
1788 4245 2033 4300 subditos

2146 1891 2245 1927 του
2272 1874 2672 1945 προαγόρευσιν
2693 1916 2708 1941 ,
2742 1873 2878 1946 αὐτὴ
2905 1873 3014 1928 τῶν
3053 1875 3393 1947 πραγμάτων
3445 1876 3480 1946 η
3522 1875 3758 1938 ἔκϐασις

2148 1964 2440 2030 ἐκδείξειεν
2471 1963 2558 2031 ἂν,
2592 1966 2687 2018 καὶ
2719 1965 2865 2035 μάλα
2899 1964 3118 2036 ῥᾳδίως.

2220 2058 2327 2110 Καὶ
2367 2054 2630 2124 ἥξουσιν
2665 2055 3019 2127 ἀλλογενεῖς
3052 2058 3474 2125 ποιμαίνοντες
3507 2056 3578 2111 τὰ
3600 2061 3759 2126 πρό-

2147 2149 2294 2205 ϐατὰ
2339 2165 2493 2216 σου,
2522 2149 2619 2204 καὶ
2661 2150 3004 2219 ἀλλόφυλοι
3047 2149 3375 2217 ἀροτῆρες,
3418 2148 3518 2202 καὶ
3560 2149 3756 2219 ἀμπε-

2145 2244 2428 2314 λουργοί·
2491 2241 2660 2313 ὑμεῖς
2707 2242 2777 2296 δὲ
2825 2242 3001 2311 ἱερεῖς
3047 2242 3269 2310 Κυρίου
3314 2241 3750 2309 κληθήσεσθε.

2145 2335 2477 2405 λειτουργοὶ
2503 2336 2675 2390 Θεοῦ.
2720 2335 2927 2407 Ἰσχὺν
2966 2333 3159 2390 ἐθνῶν
3184 2333 3527 2401 κατέδεσθε,
3552 2336 3653 2389 καὶ
3680 2337 3756 2389 ἐν

2146 2425 2226 2493 τῷ
2257 2427 2499 2492 πλούτῳ
2543 2426 2741 2481 αὐτῶν
2781 2422 3596 2495 θαυμασθήσεσθε.[(Ι)Ἀντὶ
3636 2422 3751 2491 τῆς

2146 2518 2451 2587 αἰσχύνης
2465 2515 2630 2586 ὑμῶν
2650 2514 2759 2581 τῆς
2776 2512 3015 2580 διπλῆς,
3044 2512 3144 2567 καὶ
3161 2513 3295 2566 ἀντὶ
3319 2512 3425 2578 τῆς
3442 2511 3745 2580 ἐντροπῆς

2144 2606 2577 2676 ἁγαλλιάσεται
2610 2607 2648 2674 ἠ
2666 2604 2835 2673 μερὶς
2887 2602 3105 2667 αὐτῶν,
3139 2603 3235 2657 καὶ
3260 2601 3459 2674 οὕτως]
3482 2604 3552 2655 ἐκ
3589 2602 3745 2657 68v-

2146 2698 2318 2767 τέρας
2360 2697 2893 2767 κληρονομήσουσι
2933 2696 3049 2765 τὴν
3080 2695 3216 2766 γῆν.
3247 2695 3347 2749 Kal
3378 2696 3743 2765 εὐφροσύνη
3796 2690 3799 2695 λ

2146 2790 2382 2856 αίώνιος
2410 2788 2563 2858 ὑπὲρ
2594 2788 2868 2858 κεφαλῆς
2896 2787 3119 2843 αὐτῶν.

2232 2880 2496 2935 Ἐνταῦθα
2545 2880 2733 2950 σαφῶς
2782 2879 2878 2934 τοῦ
2925 2880 3091 2951 νόμον
3147 2879 3437 2951 μετάθεσιν
3497 2878 3595 2933 καὶ
3640 2878 3747 2950 τῆς

2150 2973 2269 3025 κατ’
2304 2971 2466 3025 αὑτὸν
2499 2971 2797 3041 ἱερωσύνης
2829 2969 3046 3024 ἔσεσθαί
3076 2988 3262 3041 φησιν.
3296 2971 3371 3024 Οὔ
3394 2970 3501 3042 γὰρ
3521 2969 3603 3023 ἔτι
3632 2974 3745 3033 τοῖς

2096 3118 2114 3139 τ
2150 3067 2380 3136 αἵματος
2420 3063 2515 3119 τοῦ
2549 3063 2679 3119 Λευῒ
2707 3064 2768 3118 τὸ
2799 3066 3098 3136 ἱερουργεῖν
3131 3066 3385 3137 ἁρμόσει,
3420 3065 3515 3120 καὶ
3543 3065 3605 3118 τὸ
3640 3065 3747 3136 τῆς

2151 3157 2491 3228 λειτουργίας
2512 3156 2683 3227 ὄνομα
2714 3173 2773 3209 τε
2802 3156 2897 3209 καὶ
2917 3156 3129 3227 χρῆμα,
3157 3157 3270 3211 ἀλλ’
3296 3155 3604 3227 ἐξώσθησαν
3627 3157 3737 3225 μὲν

2149 3250 2367 3309 ἐκεῖνοι,
2403 3246 2613 3300 δέδοται
2632 3245 2688 3299 δέ
2717 3249 2831 3310 τοῖς
2862 3245 2922 3312 ἐξ
2946 3246 3115 3301 ἐθνῶν
3137 3247 3483 3317 κεκλημένοις
3508 3246 3601 3300 διὰ
3631 3248 3741 3317 τῆς

2148 3340 2382 3404 πίστεως
2423 3341 2456 3410 ἡ
2502 3339 2597 3392 ἐπὶ
2643 3337 2783 3409 τῷδε
2813 3337 2963 3403 δόξα.
2994 3339 3181 3410 Ψήφῳ
3206 3338 3311 3411 γὰρ
3343 3337 3745 3407 στεφανοῦνται

2143 3431 2302 3497 Θεοῦ,
2329 3431 2422 3484 καὶ
2458 3430 2613 3484 αὐτοὶ
2640 3430 2930 3500 τετάχαται
2960 3428 3264 3501 λειτουργοί
3307 3446 3367 3482 τε
3410 3430 3505 3482 καὶ
3540 3430 3737 3500 ἱερεῖς’

2149 3543 2169 3576 ι
2211 3523 2435 3589 Ἥξουσι
2476 3524 2602 3596 γὰρ,
2640 3523 2824 3593 φησὶν,
2866 3522 3171 3592 ἀλλογενεῖς
3240 3523 3611 3593 ποιμαίνοντες
3668 3524 3741 3576 τὰ

2144 3616 2394 3687 πρόϐατά
2447 3632 2563 3669 σου.
2598 3616 2786 3669 »Ἔστι
2833 3614 2892 3668 δὲ
2939 3617 2969 3669 ό
3009 3614 3184 3684 λόγος,
3218 3613 3295 3678 ὡς
3348 3615 3484 3685 πρός
3530 3630 3596 3682 γε
3641 3613 3744 3683 τὴν

2154 3705 2498 3779 Ἐκκλησίαν,
2528 3702 2594 3779 ἦς
2623 3706 2687 3761 ἂν
2716 3706 2958 3778 νοηθείεν
2987 3706 3234 3778 πρόϐατα
3256 3705 3364 3759 τῶν
3386 3704 3476 3758 διὰ
3498 3704 3739 3767 πίστεως

2143 3798 2503 3869 σεσωσμένων
2547 3803 2580 3868 ἡ
2632 3798 2761 3869 ἁγία
2813 3799 3044 3871 πληθύς⁹
3084 3797 3223 3871 αὕτη
3277 3796 3626 3867 ποιμαίνεται
3671 3796 3737 3848 δι’

2139 3890 2461 3960 ἀλλογενῶν.
2494 3891 2557 3943 Οί
2607 3890 2704 3961 μὲν
2753 3891 2865 3962 γὰρ
2916 3890 3084 3944 πάλαι
3130 3891 3490 3962 Γραμματεῖς
3528 3906 3588 3943 τε
3640 3889 3735 3943 καὶ

2136 3983 2440 4055 Φαρισαῖοι,
2468 3984 2515 4035 οἱ
2538 3983 2600 4036 τδ
2626 3982 2982 4054 καθηγεῖσθαι
3008 3983 3264 4054 λαχόντες
3288 3983 3397 4035 τῶν
3421 3981 3481 4046 ἐξ
3499 3982 3735 4052 αἵματος

2159 4074 2399 4147 Ἰσραὴλ,
2428 4074 2661 4147 ῥᾴθυμοί
2689 4092 2746 4128 τε
2777 4076 2872 4128 καὶ
2895 4075 3373 4138 ἀναπεπτωκότες,
3404 4073 3497 4126 καὶ
3522 4072 3736 4142 ἀτεχνό-

2139 4179 2320 4216 στατοι
2345 4164 2601 4233 γεγόνασι
2626 4164 2905 4235 ποιμένες.
2923 4165 3193 4219 ’Λπόλωλε
3225 4163 3408 4235 γοῦνή
3437 4164 3527 4218 ὑπ’
3552 4164 3737 4226 αὐτοῖς

2135 4256 2440 4325 τεταγμένη
2470 4254 2700 4326 πληθὺς,
2736 4256 3034 4328 ἐπειδήπερ
3075 4252 3142 4328 ἦν
3173 4257 3359 4320 αὐτοῖς
3390 4254 3647 4324 ἀδόκιμον
3674 4254 3736 4305 τὸ

457 4344 997 4411 abducebant,modo
1030 4342 1307 4397 dicentes:
1346 4356 1363 4390 ι
1395 4336 1503 4391 Nos
1532 4335 1736 4392 scimus
1769 4335 1933 4407 Moysi
1963 4335 2035 4390 lo-

2146 4342 2750 4416 ἅργύριον.Ἐδίδασκον
2791 4345 2848 4398 δέ
2899 4347 2994 4399 καὶ
3040 4346 3392 4400 διδασκαλίαν
3421 4344 3737 4415 ἐντάλματα

457 4449 640 4495 cntum
670 4452 792 4493 esse
822 4435 1160 4502 Deum,hunc
1196 4440 1376 4487 autem
1408 4431 1676 4484 nescimus
1707 4426 2032 4493 nndesit";s

456 4530 617 4584 modo
667 4530 900 4584 iterum:
930 4546 949 4580 ι
980 4524 1312 4581 ῡεεωοηίυιη
1361 4521 1525 4578 habet
1566 4528 1623 4576 et
1658 4520 1881 4583 insanit,
1908 4519 2034 4588 quid

455 4620 606 4675 illum
629 4619 828 4673 auditis
852 4618 939 4672 "‘2
964 4637 982 4669 ι
1002 4616 1255 4672 Testatus
1276 4624 1360 4670 est
1381 4613 1563 4682 itaque
1585 4625 1716 4666 voce
1740 4612 2032 4680 propheta-

455 4726 573 4768 rum
628 4709 1001 4765 universorum
1055 4705 1333 4768 Dominus,
1373 4703 1453 4759 sic
1481 4702 1702 4759 dicens:
1735 4719 1754 4752 ι
1782 4699 2035 4755 Pastores

453 4803 603 4861 stulti
634 4801 760 4857 facti
784 4806 929 4865 sunt,
957 4806 1010 4852 et
1045 4796 1329 4851 Dominum
1362 4810 1466 4848 non
1513 4792 1860 4862 quaesierunt.
1881 4789 2035 4850 ..Ρω-

455 4906 637 4965 pterea
665 4910 769 4949 non
792 4889 1058 4947 intellexit
1086 4903 1239 4960 grex,
1267 4896 1320 4942 et
1344 4880 1571 4957 dispersi
1597 4895 1727 4941 sunt
1746 4884 1815 4938 ".
1847 4902 1867 4935 ι
1901 4883 2030 4938 Item

453 5000 584 5042 voce
609 4983 943 5041 Ezechielis:
983 5000 1002 5034 s
1030 4980 1075 5037 0
1098 4988 1339 5050 pastores
1367 4977 1548 5043 Israel,
1583 4992 1709 5033 ecce
1737 4977 1819 5031 lac
1844 4989 2020 5030 come-

452 5080 601 5146 ditis,
644 5087 698 5134 et
728 5091 858 5131 oves
894 5089 1044 5131 meas
1083 5088 1187 5129 non
1233 5071 1452 5142 pascitis
1486 5069 1566 5136 7‘;
1593 5088 1612 5121 ι
1645 5078 1699 5122 et
1743 5066 1810 5121 ad
1862 5067 1976 5121 haec
2007 5087 2021 5122 :

457 5190 475 5222 ι
504 5169 733 5227 Pulchra
770 5183 966 5239 pascua
994 5166 1317 5227 devorastis,
1347 5171 1402 5217 et
1451 5161 1706 5229 reliquias
1748 5159 2027 5214 conculca-

451 5261 550 5315 stis
572 5261 796 5330 pedibus
812 5258 1025 5314 vestris.
1059 5255 1123 5310 Et
1151 5253 1438 5311 collectam
1470 5264 1668 5319 aquam
1709 5248 1942 5317 bibistis,
1970 5259 2026 5305 et

455 5350 709 5421 reliquias
741 5349 998 5406 turbastis
1024 5347 1249 5418 pedibus
1281 5344 1495 5400 vestris.
1514 5342 1656 5398 Oves
1684 5350 1863 5397 autem
1890 5357 2023 5398 mea:

2139 4433 2464 4506 ἀνθρώπων,
2501 4436 2596 4489 καὶ
2623 4435 2721 4490 τοῦ
2750 4436 2945 4490 εἰδέναι
2976 4439 3213 4510 Χριστὸν
3243 4437 3581 4507 ἀπεκόμιζον
3603 4437 3738 4497 τοὺς

2138 4523 2599 4597 ὑπεζευγμένους,
2627 4528 2757 4581 ποτέ
2804 4529 2902 4600 μὲν
2931 4529 3202 4598 λέγοντες
3248 4548 3266 4581 ι
3289 4525 3477 4598 Ἡμεῖς
3503 4528 3738 4597 οἴδαμεν

2135 4616 2217 4669 ὅτι
2250 4616 2475 4670 Μωϋσεῖ
2514 4615 2808 4689 λελάληκεν
2837 4620 2865 4672 ὁ
2895 4619 3050 4684 Θεὸς,
3076 4618 3264 4672 τοῦτον
3292 4617 3349 4671 δέ
3372 4617 3474 4670 οὐκ
3503 4616 3740 4687 οἴδαμεν

2137 4705 2301 4760 πόθεν
2340 4706 2476 4791 ἐστι·
2513 4725 2531 4758 ι
2574 4708 2703 4761 ποτέ
2752 4708 2811 4763 δὲ
2862 4709 3045 4765 πάλιν
3088 4727 3108 4762 ι
3135 4708 3422 4781 Δαιμόνιον
3464 4707 3600 4779 ἔχει,
3635 4708 3739 4760 καὶ

2139 4794 2409 4867 μαίνεται,
2461 4796 2515 4849 τί
2570 4797 2739 4852 αὐτοῦ
2790 4799 3062 4866 ἀκούετες
3097 4820 3115 4853 ι
3146 4798 3564 4872 Διεμαρτύρατο
3595 4799 3740 4866 γοῦν

2139 4886 2225 4940 διὰ
2270 4887 2454 4957 φωνῆς
2502 4890 2795 4962 προφητῶν
2823 4893 2851 4945 ό
2878 4891 2987 4945 τῶν
3027 4891 3165 4946 ὅλων
3205 4890 3361 4955 Θεὸς,
3386 4890 3483 4943 om
3528 4889 3737 4957 λέγων,

2128 4978 2209 5031 ὅτι
2264 4994 2282 5028 ι
2318 4978 2381 5030 Οί
2413 4979 2668 5049 ποιμένες
2692 4981 3115 5053 ἡφρονεύσαντο,
3156 4980 3365 5035 καὶτὸν
3399 4979 3607 5051 Κύριον
3630 4982 3743 5033 οὐκ

2134 5069 2489 5142 ἐξεζήτησαν.
2525 5071 2623 5126 Διὰ
2660 5073 2816 5127 τοῦτο
2840 5075 2940 5128 οὐκ
2968 5076 3155 5145 ἐνόησε
3185 5074 3337 5127 πᾶσα
3371 5072 3405 5143 ἡ
3435 5070 3599 5142 νομὴ,
3636 5074 3743 5125 καὶ

2133 5161 2626 5245 διεσκορπίσθησαν
2644 5180 2658 5195 θ
2686 5183 2705 5216 ι
2735 5166 2828 5218 καὶ
2855 5166 2962 5237 μὴν
2989 5166 3077 5220 διὰ
3098 5166 3283 5236 φωνῆς
3305 5162 3401 5218 τοῦ
3436 5161 3735 5233 ἰεζεχιήλο

2138 5246 2238 5305 «Ὦ
2273 5253 2529 5323 ποιμένες
2569 5253 2662 5306 τοῦ
2699 5254 2933 5327 Ἰσραὴλ,
2967 5255 3042 5328 μὴ
3073 5256 3358 5328 βόσκουσιν
3388 5254 3438 5308 ol
3469 5253 3738 5323 ποιμένες

2132 5345 2396 5412 ἑαυτοὺς,
2430 5346 2551 5417 οὐχὶ
2600 5347 2666 5400 τὰ
2716 5346 2962 5417 πρόϐατα
3005 5349 3290 5420 βόσκουσιν
3332 5349 3381 5401 οί
3434 5331 3738 5416 ποιμένεςξ

529 5524 569 5560 τ’
594 5523 734 5581 Psal.
768 5541 873 5589 xei,
906 5526 991 5579 l5.
1065 5526 1109 5556 "
1136 5522 1236 5579 lsa.
1267 5536 1378 5587 LW,
1402 5520 1457 5574 2.
1531 5520 1576 5551 "
1605 5518 1762 5575 Joan.
1785 5534 1861 5585 ix,
1885 5518 1977 5576 29.
2054 5520 2102 5552 “
2128 5520 2285 5579 Joan.
2320 5524 2484 5593 x,90.
2561 5527 2607 5559 ⁷³
2642 5527 2754 5582 Jcr.
2789 5544 2842 5593 ι,
2870 5528 2962 5583 El.
3036 5528 3084 5563 "
3114 5528 3311 5583 Ezech.
3348 5540 3540 5590 xxxiv,
3582 5523 3643 5587 2,
3676 5525 3735 5577 3.

519 5688 595 5750 (l)
632 5685 760 5752 Qua:
794 5680 946 5737 uncis
994 5682 1380 5749 comprehensa
1416 5684 1559 5742 sunt,
1590 5683 1748 5746 negat
1784 5675 1840 5733 S.
1892 5674 2255 5748 Hieronymus
2296 5679 2347 5734 in
2384 5678 2524 5733 LXX
2562 5680 2771 5738 haberi.
2813 5680 2920 5739 Sed
2942 5690 2996 5738 et
3019 5682 3073 5738 in
3145 5678 3425 5739 ilnml'redi
3469 5677 3737 5733 versione

445 5754 656 5813 desunt.
