4090 6216
384 344 521 402 {36!
926 337 952 383 '

1519 345 1584 400 IN
1618 346 1850 402 ISAIAM
1884 344 2012 402 LIB.
2056 347 2119 403 ν.
2163 346 2398 405 TOMUS
2438 350 2508 404 γ.

3521 349 3657 405 1569

396 467 531 522 Ἰδοὺ
564 467 623 522 τδ
654 466 797 537 γάλα
836 466 1318 547 κατεσθίετε,.καὶ
1359 466 1430 521 τά
1479 467 1728 539 πρό6ατά
1779 486 1879 540 μου
1914 467 1974 522 ού

2080 439 2575 527 conculcationibus
2619 474 2814 540 pedum
2856 476 3154 523 vestrorum
3200 467 3580 537 pascebantur,
3604 478 3657 523 et

388 557 611 627 βόσκετε
632 572 645 586 ’
683 578 702 611 ι
747 556 827 611 ἔτι
864 574 924 610 τε
966 558 1105 628 πρὸς
1134 556 1367 622 τούτοις⁸
1413 576 1430 609 ι
1460 559 1573 631 Τὴν
1602 559 1774 631 καλὴν
1804 558 1977 630 νομὴν

386 650 671 720 ἐνέμεσθε,
714 650 810 704 καὶ
854 649 923 704 τὰ
975 649 1243 704 ὑπόλοιπα
1277 655 1632 706 κατεπατεῖτε
1675 655 1787 717 τοῖς
1819 652 1977 707 ποσὶν

387 743 564 813 ὑμῶν,
600 742 692 796 καὶ
734 741 795 796 τὸ
823 742 1159 814 καθεστηκὸς
1193 742 1339 815 ὕδωρ
1373 744 1605 809 ἑπίνετε,
1636 745 1731 799 καὶ
1767 746 1828 799 τὸ
1856 745 1978 799 ἐπί-

384 834 572 889 λοιπον
603 834 939 905 έταράσσετε
972 837 1086 898 τοῖς
1115 836 1270 890 ποσὶν
1301 835 1478 906 ὑμῶν,
1507 837 1601 891 καὶ
1623 836 1692 891 τὰ
1729 836 1980 908 πρόϐατά

389 942 490 995 μου
515 925 584 980 τά
616 926 920 997 πατήματα
948 925 1057 979 τῶν
1087 926 1263 980 ποδῶν
1292 926 1446 997 ὑμῶν
1478 928 1753 999 ἐνέμοντο,
1789 929 1884 983 καὶ
1914 928 1977 982 τὸ

385 1015 795 1087 τεταραγμένον
831 1015 974 1090 ὕδωρ
1009 1017 1114 1070 ὑπὸ
1145 1017 1251 1071 τῶν
1281 1018 1459 1073 ποδῶν
1508 1018 1664 1090 ὑμῶν
1712 1020 1918 1074 ἔπινον.
1951 1040 1969 1073 ›

389 1110 571 1182 ’Υδωρ
612 1110 711 1182 μὲν
743 1109 853 1182 γὰρ
884 1110 1223 1182 καθεστηκὸς
1248 1113 1345 1183 τὴν
1377 1112 1465 1168 διὰ
1492 1112 1659 1184 νόμου
1695 1114 1975 1168 παίδευσιν

385 1203 665 1275 ὀνομάζει,
700 1204 794 1257 καὶ
820 1203 1048 1275 ἀρίστην
1076 1208 1246 1275 νομήν
1270 1223 1282 1237 ·
1318 1208 1366 1259 οἱ
1398 1206 1454 1260 δὲ
1480 1207 1658 1261 πάντα
1688 1206 1973 1279 φύροντες,

387 1297 482 1351 καὶ
511 1294 939 1361 καταθολοῦντες
968 1297 1137 1369 αὐτὴν
1160 1297 1249 1352 διὰ
1278 1299 1374 1353 τοῦ
1400 1300 1476 1371 μὴ
1504 1299 1776 1354 διδάσκειν
1798 1299 1975 1371 ὀρθῶς

385 1388 514 1451 τοὺς
557 1385 662 1440 ὑπὸ
717 1389 874 1458 χεῖρα
919 1386 1099 1452 λαοὺς,
1130 1388 1544 1461 παρεσκεύαζον
1596 1390 1741 1462 ὕδωρ
1786 1391 1976 1462 ῶσπερ

388 1479 633 1533 ἐκπίνειν
661 1478 721 1531 ού
751 1477 1011 1550 καθαρὸν,
1044 1478 1165 1533 οὔτε
1206 1480 1310 1552 μὴν
1354 1482 1550 1553 ἐνανθῆ
1579 1481 1844 1553 νέμεσθαι
1884 1499 1977 1537 νο-

391 1573 516 1643 μήν.
536 1568 881 1642 Ἐξώσθησαν
922 1571 1233 1643 τοιγαροῦν,
1261 1574 1354 1626 καὶ
1404 1574 1549 1642 μάλα
1600 1573 1846 1641 εἰκότως,
1880 1574 1974 1629 τοῦ

388 1661 697 1732 ποιμαίνειν
723 1660 802 1715 ἔτι
835 1660 926 1715 τὸν
969 1661 1064 1715 τοῦ
1098 1662 1303 1735 Κυρίου
1336 1663 1483 1720 λαόν.
1520 1664 1834 1735 Κὲκληνται
1865 1666 1974 1740 γὰρ

388 1753 525 1826 πρὸς
556 1752 716 1807 τοῦτο
761 1753 1089 1822 ἀλλογενεῖς.
1139 1754 1459 1810 Διδάσκαλοι
1497 1755 1608 1829 γάρ
1638 1758 1974 1830 Ἐκκλησιῶν

388 1844 819 1916 χειροτονοῦνται
842 1846 993 1916 παρά
1029 1845 1266 1915 Χριστοῦ
1299 1849 1471 1916 σοφοὶ,
1495 1848 1589 1901 καὶ
1619 1849 1852 1919 ἀγχίνοι,
1880 1850 1976 1904 καὶ

387 1934 730 2004 δογματικῆς
758 1935 1036 2005 εὐτεχνίας
1059 1936 1350 2007 ὲπίμεστον
1374 1936 1590 2008 ἔχοντες
1613 1939 1760 2004 νοῦν,
1785 1940 1977 2011 ἄνδρες

388 2023 446 2091 ἐξ
474 2025 677 2094 ἀγέλης
695 2025 1039 2095 Ἑλληνικῆς,
1064 2026 1158 2079 καὶ⁸
1183 2028 1284 2080 οὐκ
1329 2027 1388 2094 ἐξ
1418 2029 1646 2100 αἵματος
1673 2030 1829 2095 ὀντες
1876 2034 1977 2086 Ίσ-

390 2114 547 2186 ραὴλ,
573 2111 718 2169 οὗτοι
746 2117 1003 2185 γεγόνασι
1027 2118 1120 2171 καὶ
1146 2117 1436 2191 ἀροτῆρες,
1455 2119 1551 2173 καὶ
1578 2121 1971 2195 ἀμπελουργοῆ

400 2203 619 2277 Ἐπειδὴ
654 2206 762 2278 γὰρ
796 2206 1025 2276 ὲκλεκτὴ
1058 2208 1128 2279 γῆ
1164 2208 1459 2280 κέκληνται
1511 2211 1839 2284 πλεισταχοῦ
1874 2214 1976 2285 τῆς

388 2295 742 2351 θεοπνεύστου
771 2298 994 2369 Γραφῆς
1034 2301 1081 2352 οἱ
1114 2300 1524 2369 πιστεύσαντες,
1564 2304 1660 2356 καὶ
1687 2302 1973 2374 ἀμπελὼν,

386 2387 485 2442 καὶ
539 2390 736 2460 κῆπος
774 2389 1034 2462 ταύτῃτοί
1085 2407 1251 2463 φησιν
1292 2395 1321 2446 ὀ
1368 2392 1546 2462 λόγος,
1574 2394 1649 2458 ὡς
1699 2396 1975 2468 ἀροτῆρας

387 2473 627 2540 ἔσεσθαι,
661 2477 755 2529 καὶ
788 2476 1228 2549 ἀμπελουργοὺς,
1261 2482 1388 2545 τοὺς
1432 2481 1593 2555 οἵπερ
1631 2483 1698 2537 ἂν
1734 2484 1976 2553 γένοιντο

388 2564 530 2618 κατά
556 2567 782 2635 καιροὺς
813 2569 978 2639 ίερεῒς
1004 2570 1208 2641 Κυρίου
1238 2572 1332 2625 καὶ
1357 2573 1661 2645 λειτουργοὶ
1687 2575 1849 2642 Θεοῦ,
1880 2578 1973 2631 τὶν

384 2650 486 2722 τῆς
511 2651 771 2723 ἀληθείας
798 2656 1220 2728 ὀρθοτομοῦντες
1242 2659 1419 2728 λόγον,
1444 2664 1538 2715 καὶ
1564 2664 1974 2737 ἱερουργοῦντες

386 2740 448 2794 τδ
477 2742 811 2811 Εὑαγγέλιον
825 2744 918 2799 τοῦ
946 2748 1208 2820 Χριστοῦ,
1235 2750 1381 2805 καθὰ
1408 2753 1718 2824 γέγραπται
1740 2772 1753 2786 ’
1777 2755 1973 2810 οὐκοῦν

386 2833 485 2904 οὐχ
515 2836 729 2899 ἑαυτοῖς
765 2837 1072 2909 ἁρπάζουσι
1096 2839 1194 2910 τὴν
1212 2841 1396 2914 τιμὴν,
1433 2845 1728 2916 κέκληνται
1755 2846 1811 2899 δὲ
1845 2848 1975 2917 μω.-

386 2925 480 2978 ).ον
507 2925 656 2996 παρὰ
684 2926 841 2994 Θεοῦ,
876 2928 1058 2993 καθὼς
1082 2932 1177 2984 καὶ
1201 2933 1229 2985 ὀ
1254 2933 1530 3003 πάνσοφός
1573 2953 1709 3007 φησι
1738 2936 1969 2998 Παῦλος.

388 3017 581 3071 Καίτοι
610 3017 717 3089 γὰρ
748 3019 921 3091 φυλῆς
959 3021 1218 3094 ὑπάρχων
1255 3024 1532 3095 Βενιαμὶν,
1568 3028 1848 3100 ἱερουργὸν
1879 3030 1975 3082 αὐ⁸

2079 578 2273 633 aquam
2316 560 2585 619 turbatam
2628 577 2656 616 a
2706 561 2936 632 pedibus
2977 561 3177 617 vestris
3236 560 3492 617 bibebant
3537 560 3605 614 ν’,
3631 579 3651 610 ι

2077 657 2289 724 Aquam
2337 656 2482 710 enim
2532 652 2815 711 collectam
2861 663 3019 708 vocat
3068 652 3371 709 doctrinam
3423 651 3553 721 legis
3604 663 3661 705 et

2078 758 2336 814 pascuum
2389 744 2679 814 optimum.
2732 742 2835 811 Qui
2885 753 3065 798 autem
3133 740 3551 811 corrumpebant
3604 751 3661 797 et

2078 840 2521 896 contaminahant
2557 854 2700 905 eam,
2752 853 2818 895 eo
2858 839 3004 910 quod
3045 854 3203 895 suum
3244 838 3496 908 populum
3551 854 3655 892 non

2079 939 2227 986 recte
2275 930 2566 996 docerent,
2620 943 2814 998 aquam
2859 943 2965 984 non
3015 942 3205 997 puram
3244 927 3309 981 ad
3364 926 3655 982 bibendum

2076 1018 2457 1089 propinabant,
2485 1032 2585 1075 nec
2629 1015 2821 1072 ﬂorida
2850 1029 3049 1085 pascua
3107 1015 3425 1083 pascebant.
3454 1012 3659 1078 Delecti

2078 1119 2204 1166 sunt
2227 1111 2408 1181 itaque
2436 1109 2503 1164 ab
2526 1107 2703 1165 oliicio
2732 1110 2986 1179 pascendi
3020 1109 3278 1175 deinceps
3315 1103 3527 1160 Domini
3561 1120 3657 1173 po.

2078 1203 2284 1273 pulum,
2315 1202 2477 1272 idque
2502 1200 2626 1268 jure
2650 1201 2867 1257 merito.
2901 1199 3090 1254 Vocati
3121 1207 3247 1253 sunt
3273 1195 3417 1253 enim
3461 1194 3527 1249 ad
3556 1196 3658 1250 hoc

2078 1293 2414 1363 alienigenae,
2428 1293 2727 1363 quippequi
2740 1292 2989 1347 doctores
3012 1288 3375 1346 Ecclesiarum
3391 1300 3419 1341 a
3438 1284 3657 1341 Christo

2078 1386 2341 1458 designati
2368 1385 2799 1462 sunt,sapientes
2830 1391 2885 1440 et
2912 1383 3140 1447 cordati,
3183 1390 3246 1437 et
3267 1394 3399 1437 sana
3432 1379 3656 1449 dogma—

2079 1487 2189 1533 tum
2217 1474 2912 1548 intelligentiacumulatiet
2934 1469 3451 1538 instructi,etviriex
3468 1468 3657 1524 Graeco

2077 1584 2258 1642 grege,
2284 1585 2390 1625 non
2437 1585 2505 1623 es
2550 1567 2813 1638 sanguine
2859 1563 3291 1630 lsraeluriundi,
3323 1561 3378 1617 lii
3431 1560 3657 1616 exstite—

2078 1673 2202 1718 runt
2232 1664 2393 1718 etiam
2421 1671 2666 1717 aratores
2690 1669 2745 1715 et
2772 1659 3063 1714 vinitores.
3086 1658 3221 1713 Cum
3254 1655 3401 1711 enim
3432 1654 3660 1709 creden-

2080 1765 2162 1812 tes
2186 1753 2408 1826 smpeein
2433 1752 3000 1826 scripturisdivinitus
3030 1744 3517 1818 iuspiratis,vocati
3548 1744 3657 1798 sint

2077 1846 2253 1903 electa
2284 1856 2450 1914 terra,
2479 1858 2535 1901 et
2572 1847 2749 1911 vinea,
2778 1853 2834 1900 et
2862 1844 3074 1908 hortus,
3106 1840 3308 1896 idcirco
3334 1836 3531 1893 dicitur
3554 1836 3657 1889 hac

2076 1938 2346 1999 oratione.
2415 1935 2532 1991 fore
2576 1949 2670 1991 eos
2717 1942 2963 1987 aratores
3009 1940 3064 1985 ct
3108 1929 3368 1984 vinitores
3392 1923 3483 1996 qui
3527 1923 3654 1978 olim

2077 2029 2438 2086 constituendi
2465 2028 2579 2083 sint
2606 2025 2918 2083 sacerdotes
2944 2021 3156 2078 Domini
3192 2028 3244 2075 et
3268 2016 3504 2074 ministri
3536 2015 3653 2081 Dei,

2076 2123 2298 2179 verbum
2350 2120 2598 2178 veritatis
2631 2127 2778 2174 recte
2812 2123 3084 2173 sectantes
3110 2113 3177 2178 ⁷⁸,
3206 2120 3259 2168 et
3306 2108 3655 2182 Evangelium

2076 2212 2275 2269 Christi
2319 2212 2713 2275 ministrantes,
2751 2208 3207 2278 quemadmodum
3257 2202 3518 2273 scriptum
3548 2206 3653 2253 est.

2077 2302 2261 2373 itaque
2286 2316 2391 2357 non
2418 2300 2521 2356 sibi
2558 2309 2821 2368 usurpant
2851 2298 3136 2362 honorem,
3157 2294 3252 2350 sed
3282 2288 3458 2348 vocati
3480 2298 3605 2345 sunt
3625 2302 3654 2340 ι

2077 2395 2189 2450 Deo
2222 2393 2401 2465 potius
2431 2392 2498 2458 ",
2526 2391 2686 2447 sicuti
2733 2389 2932 2445 Paulus
2974 2385 3431 2458 sapientissimus,
3459 2380 3560 2438 etsi
3590 2394 3653 2435 ex

2078 2483 2220 2538 tribu
2254 2481 2534 2549 Benjamin
2573 2480 2863 2545 exstiterit,
2897 2494 2956 2532 se
2988 2489 3165 2533 tamen
3205 2476 3318 2544 ipse
3347 2473 3653 2529 ministrum

2075 2583 2131 2630 et
2158 2583 2408 2628 vocatum
2459 2570 2760 2642 apostolum
2791 2568 2956 2640 865
2985 2567 3114 2623 Jesu
3152 2565 3354 2623 Christi
3386 2564 3652 2619 nominat.

2080 2685 2098 2717 ι
2129 2663 2233 2719 Vos
2261 2663 2426 2734 igitur
2452 2662 2769 2732 omnes,qui
2809 2659 3097 2716 ministerii
3126 2659 3440 2730 dignitatem
3475 2656 3655 2713 sortiti

2072 2755 2228 2823 estis,
2265 2755 2637 2810 fortitudinem
2672 2750 2910 2823 gentium
2944 2750 3261 2816 comedetis,
3280 2757 3335 2804 et
3364 2748 3417 2803 in
3452 2744 3655 2801 divitiis

2074 2863 2263 2903 eorum
2313 2845 2662 2901 admirabiles
2709 2844 2883 2900 eritis.
2916 2862 2935 2896 ι
2973 2841 3370 2898 Fortitudinem
3413 2839 3652 2911 gentium

2075 2938 2227 3002 dicit,
2244 2938 2327 2992 vel
2357 2937 2587 2993 honores
2617 2934 3118 3008 potentissimorum
3153 2930 3560 3000 hominum,qui
3588 2944 3652 2984 ex

2075 3030 2325 3101 gentibus
2340 3030 2519 3085 vocati
2546 3038 2697 3095 sunt,
2724 3026 2803 3084 vel
2830 3027 2938 3083 alio
2965 3026 3123 3083 modo
3151 3023 3436 3093 intelliges.
3458 3021 3655 3077 «Nemo

386 3107 479 3204 τὸν
504 3107 1112 3204 ὀνομάζει-πανταχοῦζ
1124 3114 1217 3167 καὶ
1242 3116 1442 3187 κλητὸν
1466 3119 1765 3175 ἀπόστολον
1796 3121 1969 3190 Ἰησοῦ

2076 3123 2217 3178 enim
2263 3134 2521 3188 vestrum,
2568 3120 2764 3191 inquit,
2808 3116 3026 3189 elIugiet
3068 3131 3152 3182 os,
3215 3133 3234 3168 ι
3272 3113 3337 3169 id
3373 3120 3478 3181 est,
3534 3124 3653 3166 ser—

388 3196 648 3268 Χριστοῦ.
686 3217 704 3250 ι
728 3200 917 3270 Ὑμεῖς
953 3202 1016 3274 δὴ
1054 3199 1146 3257 οῦν
1184 3202 1424 3271 ἅπαντες
1457 3210 1505 3261 οί
1544 3209 1604 3262 τὺ
1634 3212 1734 3281 τῆς
1761 3211 1972 3281 ἱερουρ-

388 3288 514 3356 γίας
540 3288 792 3360 λαχόντες
813 3292 1054 3365 ἀξίωμα,
1089 3297 1241 3366 ίσχὺν
1271 3297 1438 3351 ἐθνῶν
1455 3300 1766 3367 κατέδεσθε,
1789 3302 1882 3355 καὶ
1914 3304 1970 3356 ὲν

388 3378 467 3451 τῷ
494 3379 709 3452 πλούτῳ
741 3382 920 3437 αὐτῶν
952 3385 1434 3459 θαυμασθήσεσθε.
1470 3409 1487 3441 ι
1510 3393 1687 3461 Ίσχὺν
1717 3392 1776 3446 δέ
1806 3410 1973 3464 φησιν

390 3469 576 3532 ἐθνῶν.
612 3473 645 3545 ἢ
678 3473 776 3539 τὰς
810 3475 974 3545 τιμάς
1008 3477 1107 3541 τὰς
1137 3480 1200 3532 ὲκ
1237 3478 1345 3532 τῶν
1372 3480 1782 3549 δυνατωτάτων,
1814 3485 1974 3557 οἵπερ

391 3561 457 3615 ἂν
489 3559 597 3617 εἷεν
622 3564 679 3632 ἐξ
705 3565 874 3620 ἐθνῶν
906 3568 1256 3642 κεκλημένοι,
1288 3571 1323 3644 ἢ
1361 3571 1483 3625 καθ’
1506 3573 1691 3645 ἕτερον
1722 3576 1974 3647 συνήσεις

388 3654 608 3725 τρόπον.
666 3674 684 3707 r
714 3657 901 3723 Οὐδεὶς
925 3660 1035 3731 γὰρ
1089 3661 1262 3733 ὑμῶν,
1312 3663 1465 3734 φησὶ,
1505 3664 1852 3734 διαφεύξεται
1913 3669 1974 3723 τὺ

392 3746 587 3817 στόμα,
617 3766 635 3799 ι
676 3749 924 3804 τουτέστι
956 3751 1047 3805 τὸν
1080 3752 1260 3821 λόγον,
1292 3755 1414 3808 ἀντὶ
1444 3753 1553 3825 γάρ
1584 3756 1679 3810 τοῦ
1724 3757 1883 3829 λόγου
1912 3761 1974 3815 τὸ

391 3835 563 3906 στόμα
605 3835 784 3909 τίθησι
829 3841 1104 3912 πανταχοῦ
1134 3843 1209 3911 ,τὸ
1243 3843 1483 3915 Γράμμα
1520 3845 1582 3900 τὸ
1630 3847 1795 3919 ἱερὸν,
1839 3843 1971 3915 οἷον,

395 3920 524 3979 «Ὧν
570 3927 632 3980 τὸ
685 3929 857 3999 στόμα
885 3932 1024 4002 ἀρᾶς
1057 3934 1151 3987 καὶ
1179 3935 1405 4006 πικρίας
1429 3935 1608 4007 γέμει.
1643 3955 1764 3991 ι--ι
1791 3941 1976 3996 Κατα-

390 4017 760 4091 νεμηθήσεσοε
821 4024 1143 4093 τοιγαροῦν,
1210 4028 1384 4097 φησι,
1471 4031 1571 4101 τὴν
1650 4031 1801 4103 ἰσχὺν
1865 4034 1974 4089 τῶν

391 4109 581 4165 ἐθνῶν.
612 4130 631 4164 ι
653 4112 848 4167 Ἐθνῶν
869 4114 924 4167 δὲ
948 4114 1197 4189 δύναμιν,
1226 4118 1258 4191 ἢ
1286 4122 1409 4185 τοὺς
1437 4127 1566 4194 παρ’
1591 4124 1823 4191 ἐκείνοις
1842 4128 1976 4200 λαμ·

390 4204 581 4272 προὺς,
632 4204 800 4274 ἤγουν
842 4204 1323 4278 ἐλλογιμωτάτους,
1373 4214 1467 4266 καὶ
1513 4216 1706 4285 σοφίαν
1753 4217 1975 4290 ἔχοντας

388 4294 661 4365 κοσμικὴν
710 4296 992 4367 ὀνομάζειν
1024 4301 1053 4353 ὁ
1082 4300 1237 4369 λόγος
1274 4301 1450 4358 ἔοικεν
1503 4306 1561 4359 ἐν
1609 4306 1837 4372 τούτοις.
1870 4311 1973 4363 Εὑ-

395 4385 634 4453 ρήσομεν
662 4385 719 4437 δὲ
751 4390 844 4441 καὶ
886 4392 1048 4445 αὐτὸν
1094 4393 1185 4448 τὸν
1231 4395 1339 4450 τῶν
1393 4396 1563 4466 ἁγίων
1597 4402 1970 4472 μυσταγωγῶν

2078 3228 2314 3267 monem.
2351 3212 2456 3267 Pro
2485 3226 2737 3267 sermone
2758 3209 2904 3265 enim
2946 3220 3319 3277 saepenumero
3350 3218 3413 3260 os
3448 3209 3656 3273 ponunt

2075 3320 2245 3361 sacra:
2275 3304 2514 3369 Litterae,
2532 3300 2764 3372 exempli
2789 3314 2951 3357 causa
2973 3316 2988 3353 :
3013 3317 3032 3351 ι
3062 3297 3303 3364 Quorum
3337 3310 3400 3350 os
3434 3292 3657 3347 maledi-

2075 3394 2254 3449 ctioue
2268 3402 2322 3455 et
2347 3392 2698 3447 amarulentia
2717 3390 2933 3459 plenum
2952 3389 3111 3443 est”.
3143 3405 3160 3438 ι
3177 3416 3249 3429 --
3275 3401 3295 3437 ι
3321 3379 3658 3438 Devorabitis

2075 3483 2241 3548 enim,
2272 3482 2466 3552 inquit,
2507 3481 2879 3537 fortitudinem
2922 3479 3184 3549 gentium,
3209 3497 3227 3531 ι
3265 3478 3317 3532 id
3340 3484 3443 3543 est,
3467 3477 3657 3531 Oratio

2077 3584 2256 3630 vestra
2301 3574 2479 3629 vincet
2504 3574 2741 3644 gentium
2777 3571 3092 3643 potentiam.
3128 3569 3432 3626 Potentiam
3476 3579 3654 3622 autem

2077 3665 2317 3738 gentium
2351 3664 2437 3720 vel
2472 3664 2713 3720 illustres
2739 3663 2886 3720 viros
2917 3660 3058 3732 apud
3089 3676 3202 3725 eas,
3242 3660 3327 3715 vel
3365 3657 3655 3715 disertissi-

2078 3772 2194 3813 mos
2222 3765 2277 3813 et
2320 3754 2506 3811 mundi
2544 3752 2829 3823 prudentia
2864 3750 3107 3807 valentes
3136 3749 3420 3805 nominare
3440 3747 3655 3802 videtur

2078 3852 2166 3907 hic
2191 3848 2388 3905 oratio.
2405 3846 2746 3903 Inveniemus
2770 3852 2948 3900 autem
2978 3849 3287 3898 sanctorum
3314 3848 3655 3911 mystagogo—

2076 3955 2195 3995 rum
2227 3934 2921 4007 orationem-praevaluisse,
2949 3942 3005 3989 et
3043 3931 3133 4001 qui
3158 3944 3344 3986 eorum
3371 3930 3654 3985 vocatione

2076 4033 2232 4088 dilati
2265 4039 2414 4097 sunt,
2438 4029 2609 4101 gloria
2637 4035 2765 4083 sunt
2797 4024 2999 4082 aiiecti.
3029 4024 3172 4079 Laus
3212 4036 3445 4092 namque
3470 4023 3657 4076 docto-

2079 4140 2197 4180 rum
2229 4135 2285 4180 et
2308 4138 2506 4179 corona
2548 4130 2602 4176 et
2637 4120 2807 4191 gloria
2841 4127 2969 4174 sunt
3011 4117 3102 4187 qui
3134 4115 3347 4173 illorum
3376 4111 3658 4169 illumina-

2076 4220 2221 4275 tione
2254 4215 2454 4273 servati
2485 4221 2630 4270 sunt.
2660 4212 2951 4282 Propterea
2976 4208 3050 4265 ait
3077 4226 3089 4263 :
3114 4227 3132 4261 ι
3157 4208 3212 4263 In
3234 4207 3436 4262 divitiis
3464 4221 3651 4261 earum

2076 4310 2423 4367 admirabiles
2462 4307 2635 4363 eritis.
2667 4325 2686 4361 ι
2722 4304 2877 4373 Quod
2908 4310 3086 4357 autem
3119 4299 3299 4356 divina
3342 4296 3654 4370 praedicatio

2076 4403 2143 4458 ad
2176 4402 2423 4474 regiones
2447 4399 2716 4470 pertinget
2742 4405 2798 4454 et
2823 4399 2891 4452 ad
2914 4410 3128 4451 omnem
3165 4401 3477 4465 gentem,ct
3510 4390 3653 4459 quod

393 4472 798 4543 κατισχύσαντα
827 4478 1004 4548 λόγον,
1034 4485 1129 4535 καὶ
1155 4485 1254 4556 τὴν
1301 4485 1481 4541 αὐτῶν
1512 4488 1704 4559 κλῆσιν
1733 4491 1968 4565 πλουτή-

2078 4472 2321 4550 haeredes
2352 4491 2500 4547 orbis
2532 4500 2797 4545 terrarum
2822 4487 2989 4543 futuri
3015 4495 3144 4542 sunt
3178 4485 3307 4540 olim
3336 4492 3648 4540 sanctarum

396 4579 587 4627 σαντες
612 4565 990 4640 ὲδοξάσθησαν.
1022 4575 1299 4648 Καύχημα
1334 4578 1441 4652 γὰρ
1466 4579 1820 4651 διδασκάλων,
1859 4588 1980 4641 στέ-

395 4655 563 4723 φανός
584 4672 641 4709 τε
671 4659 764 4710 καὶ
794 4658 938 4725 δόξα,
962 4662 1011 4713 οἱ
1036 4661 1125 4716 διὰ
1143 4666 1240 4734 τῆς
1260 4667 1439 4724 αὐτῶν
1470 4673 1803 4744 σεσωσμένοι
1835 4692 1981 4744 φωτ-

394 4747 659 4816 αγωγίας.
705 4748 804 4803 Διὰ
832 4750 990 4806 τοῦτό
1021 4771 1204 4824 φησιν,
1242 4756 1322 4808 ὅτι
1366 4775 1385 4808 ι
1422 4761 1508 4812 Ἐν
1533 4762 1611 4833 τῷ
1644 4765 1859 4837 πλούτῳ
1892 4768 1983 4822 αύο

394 4838 501 4891 τῶν
533 4838 1004 4914 θαυμασθήσεσοε.
1036 4845 1186 4899 »Ὅτι
1223 4845 1280 4899 δὲ
1316 4847 1377 4900 τὸ
1404 4848 1688 4909 θεσπέσιον
1719 4859 1980 4930 κήρυγμα

395 4929 790 5000 καταδράξεται
840 4934 947 4987 τῶν
996 4935 1209 5006 χωρῶν,
1245 4938 1338 4990 καὶ
1388 4939 1586 5005 παντὸς
1611 4942 1838 5012 ίέθνους,
1882 4929 1975 5003 καὶ

396 5024 680 5094 μονονουχὶ
707 5023 1030 5097 κληρονόμοι
1072 5029 1172 5099 τῆς
1202 5028 1299 5082 ὑπ’
1322 5028 1551 5100 οὐρανὸν
1596 5032 1805 5088 ἔσονται
1835 5039 1974 5093 κατὰ

394 5115 620 5183 καιροὺς
641 5116 689 5169 οἱ
713 5116 820 5170 τῶν
847 5117 1016 5186 ἁγίων
1053 5118 1387 5191 Ἐκκλησιῶν
1417 5121 1733 5193 ἡγούμενοι,
1756 5127 1974 5198 Χριστῷ

393 5203 492 5274 τὴν
540 5204 699 5272 δόξαν
747 5207 1100 5273 ἀνάπτοντες,
1127 5212 1477 5281 ύπεμφαίνει,
1514 5214 1701 5283 λέγων’
1734 5235 1751 5267 ι
1786 5216 1971 5281 Οῦτως

395 5293 458 5347 ἐκ
498 5294 756 5369 δευτέρας
791 5299 1259 5374 κληρονομήσουσι
1306 5303 1403 5371 τὴν
1453 5304 1577 5372 γῆν.
1610 5324 1627 5355 ι
1664 5306 1835 5360 Πάλαι
1878 5309 1974 5379 μὲν

395 5384 502 5455 γὰρ
547 5388 1042 5462 κατεκληροδότησε
1094 5394 1207 5455 τοῖς
1254 5393 1313 5457 ἐξ
1346 5394 1559 5465 Ἰσραὴλ
1595 5394 1800 5467 Ἰησοῦς
1832 5400 1859 5451 ὁ
1882 5398 1973 5451 τοῦ

396 5477 553 5547 Ναυῆ
597 5478 695 5544 τὰς
744 5483 857 5535 τῶν
908 5484 1076 5537 ἐθνῶν
1113 5484 1325 5556 χώρας·
1357 5486 1548 5540 ἔλαϐον
1578 5487 1685 5559 γάρ
1725 5489 1823 5560 τὴν
1874 5490 1974 5560 γῆν

392 5570 502 5625 τῶν
541 5574 900 5646 Ἀμορραίων,
949 5579 1040 5632 καὶ
1074 5578 1404 5649 Ἰδουμαίων,
1460 5582 1552 5634 καὶ
1599 5581 1839 5647 Εὐαίων,
1882 5584 1974 5636 καὶ

2077 4585 2439 4642 Ecclesiarum
2473 4582 2734 4655 prmfecti,
2757 4581 2849 4652 qui
2876 4580 3095 4637 Christo
3123 4579 3353 4652 gloriam
3386 4579 3650 4640 tribuunt.

2075 4674 2403 4738 subindicat,
2439 4673 2622 4727 dicens
2664 4689 2724 4726 ε(
2753 4669 2846 4726 Sic
2893 4678 3090 4725 terram
3135 4668 3372 4725 secundo
3408 4667 3650 4738 posside-

2078 4768 2264 4823 bunt.)
2291 4764 2431 4821 Olim
2458 4764 2661 4834 quippe
2682 4762 2875 4819 sortito
2903 4761 3085 4818 divisit
3115 4760 3372 4818 lsraelitis
3399 4758 3655 4819 Jesus,ti-

2078 4860 2182 4916 lius
2214 4857 2383 4919 Nave,
2414 4856 2664 4927 regiones
2693 4855 2933 4927 gentium
2960 4872 2977 4922 ;
3008 4862 3338 4925 acceperunt
3368 4851 3513 4906 enim
3544 4858 3654 4904 ter-

2079 4964 2193 5004 ram
2219 4946 2675 5011 Amorrhmorum,
2708 4944 3087 5009 ldumzeorum,
3120 4942 3401 4998 Evreorum
3446 4950 3497 4996 et
3520 4938 3652 4994 alio—

2080 5054 2216 5092 rum.
2247 5036 2380 5091 Cnm
2431 5045 2609 5090 autem
2645 5034 2845 5090 mundo
2892 5032 3155 5089 illuxisset
3193 5031 3464 5094 Christus,
3496 5031 3651 5097 cujus

2079 5127 2246 5198 ﬁgura
2276 5136 2397 5183 erat
2436 5125 2594 5183 Jesus
2629 5125 2718 5179 ille
2745 5123 3025 5193 antiquus,
3062 5138 3169 5178 non
3206 5122 3376 5179 solam
3411 5119 3648 5176 Judaeum

2074 5216 2187 5272 suis
2221 5216 2481 5273 ministris
2515 5215 2807 5281 distribuit,
2838 5217 2932 5269 sed
2984 5223 3040 5269 et
3079 5222 3279 5268 terram
3317 5214 3646 5266 universam.

2073 5309 2139 5364 Et
2168 5312 2281 5364 haec
2312 5310 2548 5366 secunda
2587 5308 2686 5363 fuit
2716 5313 2836 5377 post
2878 5306 3108 5376 primam
3139 5305 3330 5362 divisio
3364 5306 3648 5362 haeredita-

2074 5400 2164 5455 tis.
2200 5399 2478 5471 Dispartiti
2520 5411 2646 5456 sunt
2696 5400 2842 5456 enim
2881 5397 3085 5455 calculo
3124 5409 3179 5455 et
3229 5398 3434 5470 judicio
3480 5398 3647 5465 ipsius

2075 5490 2320 5559 regiones
2346 5507 2409 5548 ac
2442 5494 2691 5548 civitates
2728 5493 3025 5566 mystagogi
3052 5503 3105 5549 et
3143 5494 3391 5547 doctores
3416 5506 3429 5542 :
3456 5490 3646 5545 etiam-

2076 5600 2200 5636 nnm
2228 5584 2466 5654 gaudent
2491 5586 2540 5639 in
2567 5586 2810 5653 Christo,
2841 5597 2893 5643 et
2922 5588 3114 5659 gaudio
3146 5585 3378 5658 quodam
3414 5582 3645 5654 spiritali

466 5751 511 5784 ⁷⁷
545 5754 739 5811 Ezech.
773 5772 955 5824 xxxiv,
994 5759 1190 5827 18,19.
1268 5762 1312 5792 ⁷⁸
1348 5761 1387 5815 ll
1419 5762 1556 5817 Tim.
1595 5780 1654 5831 Il,
1696 5764 1777 5820 ιδ.
1854 5766 1898 5797 ⁷’
1929 5766 2083 5820 ίίυιη.
2116 5781 2152 5827 ι,
2192 5765 2241 5818 6.
2321 5765 2365 5796 ⁸⁸
2400 5765 2538 5819 Psal.
2571 5768 2761 5834 xttt,5.
