4090 6216
531 353 677 411 1565
1523 353 1580 408 S.
1622 351 1896 409 CYRILLI
1933 345 2400 404 ALEXANDRINI
2442 345 2760 401 ARCHIEP.
3660 334 3795 390 136's

530 469 690 541 quasi
733 482 933 525 corona
959 475 1086 523 sunt
1130 467 1388 523 redimiti.
1415 467 1618 538 Estque
1651 466 1904 537 gaudium
1948 473 2108 519 teter-

2213 465 2311 528 τὰς
2340 461 2446 516 τῶν
2481 457 3066 532 ὲτέρων.Ἐπιλάμψας
3100 455 3157 509 δὲ
3191 455 3268 528 τῷ
3312 455 3500 525 κόσμῳ
3540 451 3802 524 Χριστὸς,

532 576 685 616 num.
727 559 861 615 Nam
908 560 962 615 in
1011 560 1352 631 temporariis
1391 560 1555 616 rebus
1594 574 1701 615 non
1733 567 2110 628 exspectamus

2215 547 2277 607 οὗ
2307 553 2400 606 καὶ
2425 553 2505 616 είς
2528 553 2699 604 τύπον
2718 545 2785 622 ἦν
2822 545 3026 618 Ἰησοῦς
3050 548 3078 600 ό
3101 545 3267 600 πάλαι
3297 543 3805 613 κατεκληροδότησε

531 651 650 706 fore
684 651 1196 720 remunerationem,
1219 652 1312 709 sed
1339 653 1390 708 in
1421 667 1515 722 spe
1541 651 1698 722 longa
1737 659 1794 706 et
1821 651 1929 707 vita
1962 663 2108 705 sem-

2214 645 2326 707 τοῖς
2376 643 2526 706 ἰδίοις
2570 640 2898 712 ίερουργοῖς,
2931 636 3053 707 οὐχὶ
3082 636 3144 708 δή
3180 653 3282 690 που
3331 634 3491 706 μόνον
3535 635 3634 703 τὴν
3674 635 3807 688 Ἰου-

531 739 767 808 piterna,
796 748 853 795 et
891 740 945 796 in
978 740 1132 796 bonis
1164 741 1547 812 cogitationem
1579 751 1634 796 et
1669 740 1973 797 orationem
2013 753 2109 794 ex-

2213 732 2388 794 δαίαν,
2418 731 2554 785 ἀλλά
2583 729 2692 802 γὰρ
2724 729 2944 783 ἃπασαν
2976 726 3076 798 τὴν
3099 726 3226 797 γῆν.
3259 725 3371 778 Καὶ
3401 723 3634 796 δευτέρα
3667 723 3808 794 μετά

532 829 868 885 cedentibus.
2211 823 2310 892 τὴν
2331 821 2553 892 πρώτην
2581 817 2938 890 κληροδοσίαν
2963 816 3176 887 γέγονε.
3201 814 3551 885 Διενείμαντο
3574 812 3643 879 γά
3653 829 3686 884 ρ
3708 812 3806 876 τὰς

473 955 477 959 -
529 939 592 975 τε
621 921 806 994 χώρας
852 924 947 977 καὶ
978 924 1161 988 πόλεις
1215 924 1379 996 ψήφῳ
1401 928 1468 996 τῇ
1497 928 1627 996 παρ’
1690 923 1854 980 αὐτοῦ
1922 902 2273 993 μυσταγωγοὶ
2313 915 2406 969 καὶ
2441 913 2770 978 διδάσκαλοι,
2805 913 2900 966 καὶ
2923 910 3097 980 ῗείσὶν
3129 910 3210 974 είς
3241 909 3402 980 δεῦρο
3432 907 3727 978 χαίροντες
3754 908 3806 958 ὲν

417 1083 426 1090 ι
529 1016 771 1088 Χριστῷ,
810 1018 904 1072 καί⁸
931 1019 1127 1090 νοητὴν
1161 1018 1520 1090 εὐφροσύνην,
1553 1018 1740 1090 ὥσπερ
1769 1017 1889 1072 τινὰ
1945 1015 2209 1084 στέφανον
2241 1009 2459 1081 ἔχοντες
2527 1006 2620 1060 ἐπὶ
2680 1004 2941 1075 κεφαλῆς.
2974 1002 3202 1066 Altinio;
3238 1001 3353 1071 δὲή
3385 999 3721 1070 εὐφροσύνη·
3748 1000 3805 1051 οὐ

533 1111 642 1182 γὰρ
675 1113 734 1164 ὲν
764 1111 1118 1182 προσκαίροις
1153 1111 1441 1182 πράγμασι
1503 1111 1893 1182 προσδοκῶμεν
1918 1107 2136 1162 ἔσεσθαι
2176 1103 2273 1174 τὴν
2310 1099 2678 1170 ἀντιμισθίαν,
2742 1097 2857 1151 ἀλλ’
2886 1097 2943 1150 ἐν
2973 1094 3149 1148 ἐλπίδι
3187 1095 3397 1163 μακρᾷ,
3434 1094 3531 1145 καὶ
3577 1090 3804 1144 ἀτελευ-

531 1207 675 1280 τήτῳ
713 1206 834 1277 βίῳ,
865 1207 960 1261 καὶ
1010 1208 1069 1260 ὲν
1119 1210 1229 1270 τοῖς
1282 1207 1423 1281 ὑπὲρ
1455 1207 1580 1263 νοῦν
1619 1208 1712 1261 καὶ⁹
1757 1208 1915 1275 λόγον
1956 1203 2204 1273 ἀγαθοῖς.

602 1297 765 1354 Vens.
797 1299 849 1363 8,
879 1300 932 1358 9.
955 1297 1066 1370 Ego
1090 1301 1227 1356 enim
1251 1318 1365 1356 sum
1400 1301 1678 1364 Dominus,
1699 1300 1920 1369 diligens
1937 1299 2105 1369 justi-

534 1389 662 1443 tiam
689 1399 740 1444 et
779 1392 901 1444 odio
933 1392 1126 1446 habens
1155 1393 1369 1462 rapinas
1403 1409 1468 1448 ea:
1511 1391 1800 1462 injustitia.
1855 1389 1921 1443 Et
1969 1389 2107 1442 dabo

534 1480 764 1536 laborem
798 1485 1133 1552 eorumaliis,
1169 1497 1215 1540 et
1254 1495 1617 1542 testamentum
1667 1493 1920 1540 internum
1941 1483 2112 1550 dispo-

533 1585 655 1628 nam
687 1577 782 1631 eis.
813 1577 881 1630 Et
907 1587 1244 1649 cognascetur
1274 1580 1330 1633 in
1381 1579 1618 1649 gentibus
1658 1593 1833 1633 semen
1893 1591 2108 1639 eorum,

531 1668 698 1739 866
725 1679 773 1724 e:
791 1681 995 1740 nepotes
1019 1673 1218 1726 ’eorum
1259 1673 1312 1726 in
1331 1672 1499 1726 medio
1541 1671 1878 1741 populorum.
1928 1667 2109 1723 Omnis

2297 1287 2444 1361 Ἐγὼ
2473 1287 2583 1358 γάρ
2621 1288 2738 1357 ειμι
2780 1286 2996 1354 Κύριος
3040 1285 3073 1337 ό
3097 1280 3358 1352 ’ἀγαπῶν
3381 1280 3804 1350 δικαιοσύνην,

2215 1382 2312 1436 καὶ
2339 1378 2537 1450 μισῶιτ
2567 1377 2919 1447 ἁρπάγματα
2946 1373 3015 1440 ἐξ
3055 1374 3291 1438 ἀδικίας
3311 1389 3323 1401 ·
3357 1369 3455 1425 καί
3489 1369 3664 1424 δώσω
3705 1371 3806 1425 τόν

2209 1473 2442 1542 μόχθον
2487 1469 2685 1525 αὐτῶν
2732 1467 3016 1532 δικαίοις.
3068 1465 3165 1518 καί
3226 1462 3522 1531 διαθήκην
3562 1461 3808 1516 αἰώνιον

2215 1563 2571 1632 διαθήσομαι
2606 1562 2708 1615 air.
2720 1559 2829 1626 οἷς.
2855 1558 2964 1613 Καὶ
2997 1555 3332 1627 γνώσονται
3355 1555 3425 1607 ἐν
3453 1553 3577 1620 τοῖς
3596 1553 3801 1608 ἔθνεσι

2218 1655 2282 1710 τὸ
2305 1654 2543 1723 σπέρμα
2564 1650 2783 1708 αὐτῶν.
2816 1649 2926 1704 Καὶ
2960 1648 3030 1702 τὰ
3057 1648 3276 1718 ἔκγονα
3312 1644 3513 1701 αὐτῶν
3538 1646 3609 1698 ἐν
3637 1645 3804 1716 μέσῳ

533 1737 636 1826 qui
652 1737 834 1814 uiderit
852 1737 1220 1832 eos,agnoscet
1243 1779 1356 1828 eos,
1391 1764 1514 1834 quia
1542 1737 1623 1816 illi
1676 1771 1794 1816 sunt
1841 1776 2013 1815 semen
2045 1759 2111 1812 be.

2226 1747 2345 1801 τῶν
2375 1744 2562 1800 λαῶν.
2597 1743 2722 1808 Πᾶς
2766 1746 2798 1798 ό
2843 1741 2999 1812 ὀρῶν
3029 1739 3251 1806 αὐτοὺς
3272 1737 3668 1808 ἐπιγνώσεται
3699 1740 3801 1792 αὑ-

533 1849 850 1905 nedictuma
877 1850 1002 1915 Deo,
1033 1852 1271 1907 lartitiam
1323 1854 1642 1909 (celabantur
1713 1868 1869 1921 super
1933 1850 2114 1904 Domi-

533 1957 680 1997 nam.

602 2034 736 2090 Cum
777 2035 975 2092 dixerit
1007 2054 1020 2090 :
1051 2056 1071 2089 ι
1105 2037 1435 2109 Alienigena:
1481 2037 1695 2093 venturi
1753 2044 1880 2092 sunt
1903 2035 1994 2106 qui
2023 2049 2116 2104 pa-

532 2137 687 2183 scant
708 2143 839 2184 oves
870 2139 1006 2193 tuas,
1036 2139 1090 2186 et
1123 2129 1311 2186 aliena:
1325 2131 1499 2199 gentis
1535 2137 1781 2184 aratores
1813 2137 1866 2182 et
1921 2127 2116 2182 vinito-

528 2234 641 2285 res,
671 2239 692 2273 ι
720 2221 908 2290 ejectis
941 2221 1193 2278 videlicet
1223 2223 1440 2292 primis,
1480 2231 1534 2277 et
1579 2219 1880 2278 deturbatis
1940 2219 2115 2275 domi-

531 2326 662 2367 natu
697 2329 858 2383 quem
899 2315 950 2369 in
986 2315 1240 2385 populum
1274 2317 1664 2379 obtinuerunt,
1720 2329 1818 2370 cur
1840 2314 1943 2369 hoc
1969 2311 2114 2382 passi

533 2405 644 2456 sint
673 2413 862 2460 sancto
888 2405 1094 2462 calculo
1126 2422 1189 2463 ac
1205 2407 1414 2478 judicio
1445 2409 1562 2473 eius
1596 2405 1686 2474 qui
1713 2404 2114 2475 justejudicalo

537 2508 729 2550 causas
788 2497 1040 2550 ostendit.
1110 2497 1246 2563 Quia
1316 2499 1496 2564 enim,
1582 2497 1795 2566 inquit,
1850 2511 1974 2551 amo
2026 2496 2115 2566 ju-

535 2584 759 2650 stitiam,
804 2585 1130 2655 rapinasque
1169 2600 1233 2640 ex
1265 2585 1528 2655 injustitia
1577 2585 1837 2641 conﬂatas
1891 2585 2001 2650 odi,
2059 2592 2114 2638 et

533 2675 1027 2744 quiaistiJudaica:
1077 2677 1378 2749 Synagoga:
1410 2676 1650 2748 praefecti
1706 2677 1840 2732 tales
1872 2676 2110 2740 luerunt,

534 2768 714 2823 dimisi
746 2784 842 2825 eos
875 2779 930 2824 et
958 2769 1159 2840 expuli.
1211 2767 1556 2838 Rapientium
1587 2769 1732 2824 enim
1769 2767 1996 2835 injustas
2021 2783 2112 2821 ra-

535 2864 691 2928 pinas
719 2867 772 2915 et
799 2859 1040 2916 laborem
1072 2861 1210 2916 dabo
1236 2860 1375 2915 aliis.
1411 2859 1512 2927 Qui
1540 2859 1682 2915 enim
1735 2858 1932 2928 injuste
1971 2858 2112 2912 dite-

535 2958 715 3016 scunt,
747 2961 824 3016 et,
859 2958 918 3004 ut
942 2951 1200 3020 propheta
1228 2951 1325 3017 ait,
1377 2949 1639 3019 colligunt
1667 2957 1722 3005 et
1769 2949 2113 3005 accumulant

535 3041 635 3096 sibi
658 3041 788 3109 ipsis
818 3042 1149 3112 impietatem
1181 3055 1244 3096 ac
1263 3041 1559 3106 miseriam,
1585 3043 1650 3096 ad
1681 3040 1816 3096 alios
1834 3054 1898 3096 ea
1929 3049 2112 3095 trans-

2229 1840 2400 1906 τοὺς,
2437 1839 2527 1892 ὅτι
2575 1834 2742 1894 οὗτοί
2785 1837 2902 1890 εἱσι
2949 1833 3186 1902 σπέρμα
3230 1831 3641 1902 εὐλογημένοι·
3688 1829 3802 1886 ὑπὸ

2219 1930 2389 1996 Θεοῦ,
2423 1930 2774 2000 εὐφροσύνη
2805 1925 3332 1996 εὐφρανθήσονται
3364 1924 3463 1977 ἐπὶ
3489 1925 3728 1992 Κύριον.

2289 2022 2493 2084 Εἰπὼν,
2521 2022 2606 2075 ὅτι
2639 2019 2932 2086 ι’Ήξουσιν
2965 2016 3268 2085 ἀλλογενεῖς
3318 2015 3693 2086 ποιμαίνοντες
3735 2015 3800 2067 τὰ

2217 2113 2466 2186 πρόϐατά
2491 2127 2606 2176 σου,
2633 2109 2727 2164 καὶ
2752 2106 3040 2176 ἀλλόφυλοι
3068 2104 3358 2176 ἀροτῆρες,
3380 2104 3475 2157 καὶ
3498 2103 3800 2174 ἀμπελουρ-

2215 2205 2323 2276 γοὶ,
2357 2223 2376 2258 ι
2411 2204 2487 2268 ὡς
2511 2200 2854 2269 ὲξωσθέντων
2889 2197 3133 2270 δηλονότι
3165 2197 3273 2252 τῶν
3318 2195 3571 2268 πρώτων,
3599 2195 3798 2250 καὶτοῦ

2216 2294 2576 2369 καθηγεῖσθαι
2601 2292 2744 2346 λαῶν
2761 2289 3022 2360 ὲκσεσοῦη
3031 2289 3208 2360 μένων
3227 2329 3241 2354 ,
3260 2288 3588 2343 διαδείκνυσι
3605 2288 3696 2351 τὰς
3717 2288 3798 2340 al-

2215 2389 2358 2454 τίας,
2409 2388 2496 2457 ἐφ’
2549 2380 2638 2450 αἷς
2682 2384 2842 2438 τοῦτο
2902 2381 3256 2448 πεπόνθασιν,
3307 2381 3432 2454 ὁσία
3481 2380 3645 2451 ψήφῳ
3703 2378 3794 2432 τοῦ

2213 2480 2283 2534 τά
2339 2478 2524 2532 δίκαια
2576 2476 2876 2548 κρίνοντος.
2905 2472 3156 2542 ζἘπειδὴ
3200 2470 3307 2542 γάρ
3366 2471 3580 2539 ἀγαπῶ,
3627 2469 3788 2539 φησι,

2214 2571 2313 2642 τὴν
2379 2568 2770 2639 δικαιοσύνην,
2839 2565 3180 2638 ἁρπάγματα
3229 2565 3286 2618 δὲ
3345 2562 3410 2616 τὰ
3463 2562 3522 2626 ἐξ
3580 2558 3789 2623 ἀδικίας

2219 2663 2383 2734 μισῶ,
2417 2662 2674 2731 γεγόνασι
2704 2659 2760 2713 δὲ
2793 2657 3026 2714 τοιοῦτοι
3053 2656 3146 2727 τῆς
3177 2655 3430 2709 Ἰουδαίων
3461 2654 3791 2720 Συναγωγῆς

2215 2754 2264 2805 οἱ
2318 2751 2678 2824 προεστῶτες,
2716 2751 2966 2822 παρῆκα,
3021 2749 3170 2819 φησι,
3206 2746 3297 2800 καὶ
3344 2744 3665 2814 ὲξεωσάμην
3691 2744 3793 2795 αὒ-

2215 2843 2358 2908 τούς.
2392 2843 2514 2896 Τῶν
2546 2842 2654 2915 γὰρ
2703 2841 3058 2913 ἁρπαζόντων
3097 2839 3436 2911 ἁρπάγματα
3479 2835 3542 2901 ἐξ
3588 2836 3793 2899 ἀδικίας

2214 2935 2304 2988 τὸν
2333 2934 2532 3006 μόχθον
2576 2934 2783 3006 ἑτέροις
2809 2933 3019 3002 δίδωμι.
3047 2933 3112 2984 Οἱ
3137 2931 3245 3002 γάρ
3275 2929 3472 2991 ἀδίκως
3518 2926 3796 2982 πλουτοῦν.

2214 3045 2325 3091 τες,
2350 3026 2466 3089 καὶ,
2485 3025 2630 3080 καθά
2657 3041 2819 3096 φησιν
2841 3027 2869 3078 ό
2891 3025 3195 3095 προφήτης,
3228 3020 3644 3093 θησαυρίζοντες
3670 3021 3791 3072 ἑαυ·

536 3134 773 3187 mittunt.
812 3111 946 3187 Hinc
1001 3133 1256 3187 Solomon
1291 3149 1306 3186 :
1345 3151 1364 3184 ι
1405 3133 1632 3196 Divitiae,
1684 3133 1883 3202 inquit,
1971 3130 2111 3200 inju-

2217 3123 2331 3183 τοῖς
2384 3119 2640 3173 ἀσέϐειαν
2689 3119 2782 3171 καὶ
2833 3116 3230 3188 θαλαιπωρίαν,
3275 3115 3364 3177 είς
3402 3112 3616 3183 ἑτέρους
3659 3111 3793 3164 αὐτά

537 3236 618 3279 ste
654 3234 923 3292 congestae
956 3233 1301 3287 evomentur,
1337 3240 1368 3279 e
1398 3227 1557 3278 domo
1585 3224 1704 3285 eius
1758 3223 1936 3276 trahet
1991 3223 2112 3277 illas

537 3316 777 3382 angelus.
818 3333 838 3365 ι
873 3313 937 3368 Et
968 3313 1163 3368 iterum
1195 3333 1208 3369 :
1249 3332 1268 3365 s
1310 3313 1409 3379 Qui
1433 3313 1677 3382 congerit
1709 3313 1925 3368 divitias
1983 3328 2112 3368 suas

539 3419 632 3470 per
667 3417 858 3458 usuras
885 3403 1336 3470 etavaritiam,et
1367 3405 1457 3472 qui
1485 3403 1773 3458 miseretur
1793 3417 2110 3472 pauperum,

538 3495 801 3564 relinquet
827 3509 948 3557 eas;
984 3508 1082 3549 nec
1114 3494 1300 3562 utique
1330 3493 1486 3549 bonis
1520 3494 1653 3548 viris
1690 3501 1744 3548 et
1801 3493 2111 3549 misericor-

535 3585 710 3649 alibus,
749 3583 842 3637 sed
885 3582 1062 3651 potius
1118 3582 1497 3638 decoctoribus
1534 3581 1601 3636 θι.
1636 3600 1654 3634 ι
1706 3580 1904 3651 Lepide
1966 3582 2111 3636 enim

535 3675 666 3729 dixit
691 3689 784 3730 eos
806 3675 1048 3729 misereri
1077 3689 1392 3744 pauperum.
1427 3671 1560 3728 Nam
1621 3673 1712 3744 qui
1753 3672 1972 3743 profuse
2028 3673 2112 3728 vi-

534 3775 685 3830 vunt,
719 3766 804 3820 his
830 3765 1134 3836 complures
1161 3766 1581 3836 agglttliuantur,
1606 3775 1660 3820 et
1708 3779 1812 3819 una
1838 3780 1960 3819 cum
2006 3764 2112 3819 illis

536 3864 860 3910 consumunt
888 3871 1008 3925 quae
1053 3855 1241 3910 multis
1270 3855 1560 3911 sudoribus
1589 3869 1687 3923 per
1710 3853 1968 3924 nefasque
1987 3861 2112 3908 sunt

533 3957 871 4003 coacervata.
910 3948 984 4002 De
1012 3947 1301 4003 illiusmodi
1329 3947 1638 4002 hominibus
1686 3946 1867 4016 psalllt
1898 3947 2111 4001 divinus

537 4031 730 4094 David.
781 4044 836 4090 et
869 4035 1094 4104 inquit:
1128 4053 1148 4088 ι
1187 4035 1258 4090 At
1301 4036 1500 4091 frustra
1550 4037 1939 4102 tumultuatur;
1995 4037 2114 4092 the-

534 4126 796 4193 saurizat,
829 4136 883 4181 et
921 4128 1097 4182 nescit
1129 4127 1214 4183 cui
1267 4136 1561 4199 congreget
1586 4143 1648 4183 ea
1679 4129 1746 4181 ⁸⁸.
1784 4146 1804 4179 s
1843 4127 2110 4183 Praeterea

533 4215 640 4271 alio
673 4217 835 4273 modo
863 4232 877 4270 :
904 4216 1081 4272 Labor
1101 4232 1194 4273 seu
1221 4233 1351 4272 cura
1387 4218 1702 4274 Scribarum
1725 4226 1780 4274 et
1805 4217 2111 4272 Pharisao-

535 4309 652 4362 rum
683 4307 804 4363 aliis
843 4309 966 4362 data
1023 4317 1141 4375 est,
1177 4308 1428 4363 videlicet
1473 4308 1713 4379 gentium
1772 4307 2106 4364 doctoribus.

2217 3213 2852 3283 παραπέμπουσιν.Ἔφη
2883 3210 3016 3280 γοῦν
3048 3211 3076 3263 ό
3110 3207 3384 3278 Σολομὼν,
3414 3207 3492 3261 ὃτι
3521 3225 3538 3257 ι
3568 3203 3792 3267 Πλοῦτος

2214 3305 2416 3368 ἀδίκως
2458 3305 2825 3374 συναγόμενος
2872 3301 3284 3374 ἐξεμεθὴσεται,
3317 3299 3375 3368 ἐξ
3416 3299 3590 3363 οίκίας
3637 3295 3790 3350 αὐτοῦ

2215 3393 2429 3448 ὲλκύσει
2455 3396 2614 3449 αὑτὸν
2642 3395 2888 3464 ἄγγελος.
2921 3413 2938 3446 ι
2971 3396 3080 3448 Καὶ
3110 3393 3332 3448 πάλινί
3355 3392 3412 3443 '0
3446 3389 3687 3458 συνάγων
3710 3388 3790 3441 τὸν

2216 3487 2445 3542 πλοῦτον
2477 3488 2641 3542 αὑτοῦ
2674 3487 2811 3558 μετά
2834 3486 3018 3548 τόκου,
3066 3487 3160 3539 καὶ
3204 3482 3573 3552 πλεονασμῶν,
3600 3480 3678 3552 τῷ
3714 3479 3789 3532 ὲλο

2215 3579 2392 3634 εοῦντι
2429 3580 2674 3650 πτωχοὺς
2688 3578 3004 3648 καταλείψει
3033 3577 3221 3642 αὐτὸν,
3244 3576 3339 3630 καὶ
3359 3576 3421 3628 οὐ
3448 3574 3510 3644 δή
3543 3589 3641 3625 που
3665 3571 3789 3624 πάν-

2213 3689 2321 3735 τως
2355 3671 2579 3740 ἀγαθοῖς
2618 3671 2866 3741 ἀνδράσι,
2896 3671 2989 3724 καὶ
3021 3668 3476 3739 φιλοικτίρμοσιν,
3498 3665 3635 3718 ἀλλά
3654 3663 3788 3718 ἀσώ-

2212 3780 2324 3827 τοις
2359 3763 2578 3834 μᾶλλον.
2612 3780 2629 3812 ι
2663 3761 2938 3832 Εὐφήμως
2985 3760 3094 3830 γὰρ
3143 3761 3267 3822 τοὺς
3312 3756 3584 3819 τοιούτους
3628 3755 3786 3807 ὲλεείν

2213 3855 2314 3928 ἔφη
2355 3855 2625 3926 πτωχούς.
2649 3855 2773 3917 Τοῖς
2817 3853 2924 3924 γὰρ
2977 3851 3145 3916 ζῶσιν
3195 3851 3254 3903 ὲν
3301 3847 3511 3918 ἀσωτία
3559 3846 3785 3899 πλεῖστοι

2211 3947 2332 4002 λίαν
2373 3949 2422 4002 οί
2464 3946 2828 4016 κολλώμενοι,
2866 3944 2956 3998 καὶ
3006 3942 3451 4003 συνδαπανῶντες
3503 3939 3686 4001 αὐτοῖς
3726 3937 3788 3988 τὰ

2213 4039 2427 4103 πολλοῖς
2456 4038 2676 4110 ἱδρῶσιν
2708 4037 2908 4098 ἀδίκως
2941 4031 3345 4105 σεσωρευμένα.
3383 4029 3586 4084 Ψάλλει
3615 4029 3672 4082 δὲ
3701 4028 3790 4081 καὶ

2210 4131 2239 4182 ό
2287 4130 2570 4192 θεσπέσιος
2621 4127 2784 4180 Δαϐῖδ
2829 4126 2956 4196 περὶ
3012 4124 3123 4178 τῶν
3165 4121 3441 4186 τοιούτων,
3491 4119 3582 4173 καί
3635 4135 3786 4188 φησι*

2216 4243 2234 4275 ι
2266 4223 2408 4286 Πλὴν
2438 4222 2612 4293 μάτην
2641 4221 2988 4292 ταράσσεται·
3023 4217 3359 4289 θησαυρίζει,
3394 4215 3485 4268 καὶ
3525 4214 3583 4266 οὐ
3623 4213 3789 4282 γινώ-

2213 4330 2332 4366 σκει
2367 4312 2471 4365 τίνι
2503 4311 2720 4378 συνάξει
2757 4311 2921 4364 αὐτά.
2979 4328 2999 4362 s
3026 4310 3135 4362 Καὶ
3165 4307 3284 4362 καθ’
3307 4309 3488 4377 ἕτερον
3510 4306 3563 4359 δὲ
3591 4305 3790 4375 τρόπον

534 4400 780 4458 Christus
817 4401 1001 4469 itaque
1032 4401 1148 4454 ait:
1185 4418 1204 4452 ι
1265 4399 1432 4454 Amen
1486 4399 1608 4455 dico
1662 4399 1837 4468 vobis,
1892 4399 2110 4456 tolletur

2212 4407 2253 4462 Ο
2288 4402 2502 4474 μόχθος,
2553 4402 2718 4473 ἤγουν
2766 4403 2799 4472 ή
2837 4399 3056 4472 φροντὶς
3104 4399 3211 4452 τῶν
3253 4395 3634 4469 Γραμματέων
3698 4396 3790 4448 καὶ

533 4506 754 4561 regnum
779 4491 877 4545 Dei
908 4505 938 4544 a
966 4489 1198 4554 vobis,et
1225 4489 1444 4545 dabitur
1472 4490 1620 4560 genti
1644 4489 1862 4544 facienti
1895 4489 2106 4546 fructus

2212 4494 2516 4566 Φαρισαίων
2545 4493 2751 4565 ἑτέροις
2782 4493 2958 4562 ἐδόθη,
2990 4491 3147 4562 δῆλον
3175 4491 3232 4545 δὲ
3260 4491 3340 4543 ὅτι
3372 4489 3448 4562 (l)
3491 4507 3511 4540 ι
3533 4487 3788 4559 ’Δρθήσε-

533 4584 651 4650 ejus
683 4583 749 4636 ⁸³.
785 4600 804 4633 ι
836 4582 976 4652 Ergo
1010 4583 1106 4650 illi,
1136 4583 1334 4654 inquit,
1373 4581 1580 4652 expulsi
1625 4591 1769 4638 sunt.
1807 4581 1874 4637 At
1922 4583 2104 4647 vobis,

533 4674 623 4743 qui
647 4688 713 4728 ex
737 4674 985 4742 gentibus
1012 4675 1188 4730 vocati
1228 4675 1360 4731 estis
1390 4674 1457 4728 ad
1483 4689 1696 4730 sacrum
1722 4673 2104 4740 ministerium,

535 4768 914 4818 testamentum
938 4770 1194 4817 arternum
1225 4764 1504 4832 disponam
1535 4779 1548 4815 :
1593 4763 1717 4818 inde
1747 4764 1828 4818 vel
1850 4765 2108 4832 pra-dica—

537 4855 737 4908 tionem
768 4852 1156 4922 evangelicam,
1191 4853 1275 4909 vel
1305 4867 1457 4923 spem
1500 4855 1885 4924 sempiternam
1918 4855 2107 4909 intelli-

530 4961 660 5017 gens
693 4963 707 4999 :
752 4964 772 4997 ι
813 4943 868 4999 In
894 4945 1218 5016 gentibusﬁ»
1258 4946 1451 5015 inquit,
1488 4966 1506 5000 ι
1543 4955 1898 5018 cognoscetur
1920 4959 2101 5002 semen

529 5051 740 5099 eorum,
783 5044 837 5089 et
867 5037 1150 5107 progenies
1174 5052 1384 5092 eorum.
1406 5036 1552 5103 Quos
1585 5037 1676 5106 qui
1709 5035 1900 5091 viderit
1935 5053 2102 5107 agno-

529 5140 644 5182 scet
677 5127 802 5196 quia
832 5127 886 5181 hi
919 5139 1042 5183 sunt
1066 5143 1247 5184 semen
1297 5129 1636 5184 benedictum
1663 5142 1692 5180 a
1731 5127 1858 5182 Deo.
1893 5148 1912 5180 ι
1970 5129 2100 5182 Nam

529 5219 620 5286 qui
668 5217 1003 5273 institutione
1031 5227 1083 5272 et
1117 5219 1363 5273 doctrina
1393 5219 1494 5272 lilii
1547 5226 1858 5272 sanctorum
1898 5229 2102 5289 mysta-

529 5325 786 5378 gogorum
834 5313 1162 5366 exstiterunt
1191 5320 1411 5380 propter
1471 5311 1740 5378 insignem
1777 5311 2099 5378 probitatem

531 5407 590 5453 et
609 5401 728 5455 vitae
768 5402 1040 5468 pietatem,
1069 5402 1319 5457 omnibus
1340 5409 1467 5455 sunt
1497 5401 1786 5464 notissimi,
1821 5402 1944 5471 quia
1976 5417 2101 5470 pro-

599 5573 643 5608 “
675 5575 831 5629 Prov.
865 5592 1058 5645 xxvm,
1085 5581 1136 5637 8.
1213 5583 1258 5615 ⁸⁸
1287 5580 1425 5640 Psal.
1455 5596 1682 5646 xxxi/nt,
1708 5581 1758 5632 7.

2207 4606 2294 4642 ται
2347 4587 2438 4655 ἀφ’
2468 4584 2622 4655 ὑμῶν
2674 4587 2707 4654 ή
2755 4584 3002 4654 βασιλεία
3045 4582 3139 4636 τοῦ
3191 4581 3346 4645 Θεοῦ,
3381 4581 3474 4634 καὶ
3506 4579 3789 4650 δοθήσεται

2207 4676 2348 4729 ἔθνει
2375 4675 2615 4727 ποιοῦντι
2649 4675 2774 4737 τοὺς
2802 4674 3049 4739 καρποὺς
3077 4671 3264 4741 αὐτῆς.
3297 4690 3316 4722 s
3349 4669 3559 4723 Οὐκοῦν
3589 4669 3788 4721 ἐκεῖνοι

2210 4769 2308 4838 μὲν
2337 4765 2670 4836 ἐξώσθησαν,
2699 4765 2887 4835 φησὶν,
2917 4765 3046 4835 ὑμῖν
3091 4763 3147 4817 δὲ
3189 4765 3301 4826 τοῖς
3343 4761 3707 4833 κεκλημένοις
3735 4760 3790 4825 ἐξ

2207 4857 2374 4910 ἐθνῶν
2407 4857 2486 4919 είς
2521 4856 2830 4927 ἱερουργίαν
2876 4855 3139 4926 διαθήκην
3183 4853 3399 4908 αἰώνιον
3433 4853 3789 4924 διαθήσομαι,

2210 4948 2242 5018 ἦ
2273 4947 2333 5000 τὸ
2365 4949 2626 5019 κήρυγμα
2648 4947 2708 5000 τὸ
2735 4945 3086 5014 εὐαγγελικὸν
3112 4945 3198 4998 διὰ
3223 4945 3377 4998 τοῦτο
3401 4945 3602 5014 δηλῶν,
3627 4947 3790 5016 ἤγουν

2211 5037 2400 5092 ἐλπίδα
2433 5038 2528 5092 τὴν
2550 5035 2925 5108 ἀτελεύτητον.
2963 5055 2981 5086 ι
3005 5037 3091 5089 Ἐν
3121 5036 3178 5088 δὲ
3199 5039 3310 5098 τοῖς
3335 5035 3510 5088 ἔθνεσι
3539 5037 3790 5105 γνωσθή-

2203 5146 2373 5194 σεται,
2408 5149 2424 5181 t
2467 5128 2620 5200 φησὶ,
2670 5144 2689 5178 ι
2721 5127 2781 5180 τὸ
2830 5126 3051 5197 σπέρμα
3103 5126 3303 5191 αὐτῶν,
3335 5127 3428 5180 καὶ
3471 5126 3543 5180 τά
3591 5127 3792 5195 ἔκγονα

2200 5220 2408 5274 αὐτῶνθ
2435 5222 2540 5284 πᾶς
2586 5221 2614 5272 ὀ
2663 5219 2804 5290 όρῶν
2839 5219 3034 5282 αὐτοὺς
3061 5218 3425 5288 ἐπιγνώσεται
3459 5219 3689 5283 αὐτοὺς,
3716 5221 3791 5272 ὃτι

2197 5307 2342 5368 οὗτοί
2370 5313 2475 5364 εἰσι
2510 5311 2729 5380 σπέρμα
2774 5309 3136 5380 εὐλογημένον
3185 5310 3290 5364 ὑπὸ
3339 5309 3493 5364 Θεοῦ.
3525 5329 3542 5361 ι
3576 5312 3645 5364 OE
3687 5312 3792 5381 γὰρ

2199 5403 2338 5456 κατὰ
2373 5403 2668 5474 μαθητείαν
2696 5401 2802 5455 υίοὶ
2829 5401 2937 5454 τῶν
2965 5402 3132 5470 ἁγίων
3165 5403 3542 5472 μυσταγωγῶν
3564 5403 3633 5458 ἐκ
3662 5403 3792 5457 πολ-

1836 5582 1880 5611 ⁸³
1916 5580 2105 5633 Matth.
2142 5595 2256 5644 και,
2288 5580 2355 5632 45

597 5751 768 5824 (1)1“
822 5755 1113 5821 exemplari
1159 5753 1344 5808 Graeco
1395 5757 1750 5825 praetermissa
1810 5765 1932 5810 sunt
1994 5758 2094 5808 duo
2137 5757 2302 5808 triave
2333 5755 2606 5808 vocabula.
