4090 6216
390 252 531 309 1365

1528 257 1591 313 ΙΝ
1632 257 1862 314 ISAIAM
1902 259 2034 314 ΜΒ.
2075 259 2140 314 ν.
2183 255 2423 318 TOMUS
2463 257 2527 314 ν.

3512 259 3650 315 i366

387 367 486 441 λῆς
517 370 657 440 ἄγαν
688 372 1071 444 ἀγαθουργίας,
1103 376 1198 428 καὶ
1222 379 1320 448 τῆς
1347 379 1466 430 κατ’
1494 378 1772 432 εὐσέϐειαν
1803 377 1968 450 ζωῆς,

2080 381 2260 452 genies
2291 388 2603 438 sanctorum
2635 379 2759 435 facti
2812 388 2936 434 sunt
2984 378 3320 435 institutione
3379 389 3432 434 et
3487 380 3650 434 disci-

387 464 802 536 γνωριμὼτατοι
834 466 995 520 πᾶσίν
1027 467 1186 532 εἰσιν,
1209 469 1290 522 δτι
1327 470 1421 524 καὶ
1454 471 1624 538 ἁγίων
1658 470 1854 540 ἔκγονα
1878 489 1971 541 γε-

392 554 581 622 γόνασι
617 557 756 610 κατά
793 555 1112 627 μαθητείαν,
1145 557 1220 621 ὡς
1251 556 1406 630 ἔφην,
1442 579 1459 611 ι
1490 562 1598 614 Καὶ
1630 562 1710 614 δτι
1753 562 1974 633 σπέρμα

391 648 528 702 εἰσιν
568 649 924 718 εὐλογημένον
974 650 1078 702 ὑπὸ
1127 650 1282 713 θεοῦ,
1315 671 1334 702 ι
1372 647 1484 706 οἷον
1532 653 1599 706 τὰ
1655 654 1762 708 τῶν
1801 654 1974 721 ἁγίων

392 742 670 809 μοναστῶν
702 743 1042 811 συστήματα,
1078 744 1204 813 περὶ
1232 737 1306 798 ὧν
1331 763 1495 816 φησιν
1529 747 1557 798 6
1588 748 1830 812 Παῦλος·
1864 768 1880 800 ι
1911 750 1971 802 Οί

385 830 440 882 δὲ
482 829 572 882 τοῦ
607 829 843 900 Χριστοῦ
877 828 1051 899 Ἰησοῦ
1108 830 1207 901 τὴν
1259 832 1436 903 σάρκα
1480 835 1830 906 ἐσταύρωσαν
1877 837 1973 890 σὺν

383 923 493 983 τοῖς
525 918 812 991 παθήμασι
843 920 937 973 καὶ
988 922 1108 984 ταῖς
1133 922 1470 994 ἐπιθυμίαις,
1503 945 1522 979 ι
1560 927 1608 979 οἱ
1635 927 1724 980 τὸν
1756 929 1971 1000 ἐπιεικῆ

386 1010 477 1063 καὶ
514 1010 800 1080 φιλόπονον
846 1010 1137 1076 διαζῶντες
1184 1012 1317 1083 βίον·
1344 1015 1450 1068 τῶν
1495 1017 1554 1068 ἐν
1600 1017 1866 1091 παρθενίᾳ
1905 1021 1972 1073 τὰ

387 1101 572 1173 στίφη,
591 1103 683 1155 καὶ
703 1103 853 1173 χοροὶ
871 1101 1132 1172 γέμοντες
1152 1104 1398 1174 εὐλογίας
1413 1107 1569 1173 Θεοῦ,
1590 1101 1734 1162 οῦτοι
1753 1110 1974 1182 σπέρμα

387 1193 524 1246 εἰσιν
553 1192 914 1263 εὐλογημένον
939 1192 1042 1251 ὑπὸ
1077 1193 1244 1260 Θεοῦ,⁴
1269 1188 1415 1250 οῦτοι
1457 1197 1728 1269 χαίρουσι,
1759 1203 1852 1255 καὶ
1886 1201 1973 1254 εὐ-

386 1281 704 1353 φραίνονται
734 1281 828 1336 ἐπὶ
854 1283 1058 1355 Κύριον
1079 1299 1091 1312 ο
1123 1284 1184 1337 οὐ
1216 1285 1324 1356 γὰρ
1357 1287 1642 1356 ὲφήδονται
1684 1290 1972 1362 πράγμασι

388 1376 690 1444 κοσμικοῖς,
713 1374 1062 1445 ἐμπίμπλασι
1087 1375 1143 1429 δὲ
1169 1377 1369 1448 μᾶλλον
1393 1379 1491 1442 τὰς
1513 1381 1723 1435 ἑαυτῶν
1747 1384 1973 1454 καρδίας

387 1465 608 1536 ἀγάπης
632 1467 729 1538 τῆς
758 1468 838 1532 είς
863 1467 1123 1539 Χριστὸν,
1157 1471 1426 1542 σωτήριον
1447 1471 1502 1525 δὲ
1529 1473 1590 1526 τὸ
1618 1474 1808 1546 χρῆμά
1831 1475 1968 1539 ἐστι,

388 1558 482 1612 καὶ
515 1558 783 1630 θυμηδίας
815 1557 1034 1628 ἀπάσης
1061 1562 1439 1634 ἐμποιητικόν.

469 1651 868 1722 Ἁγαλλιιὶσθω
900 1652 937 1720 ἠ
967 1653 1136 1722 ψυχή
1162 1672 1283 1725 μου
1314 1655 1411 1709 ἐπὶ
1457 1655 1538 1722 τῷ
1576 1659 1770 1726 Κυρίῳ
1801 1677 1812 1689 ·
1883 1661 1976 1713 ἐν-

2076 474 2239 543 plina,
2277 481 2334 528 ut
2361 471 2496 539 dixi,
2527 489 2546 524 ι
2586 480 2637 527 et
2665 471 2793 542 quia
2819 485 3001 527 semen
3025 471 3369 527 benedictum
3403 470 3586 526 aDeo:
3627 489 3644 521 ι

2072 571 2236 641 867
2263 581 2410 641 puta,
2442 579 2751 626 sanctorum
2788 569 3173 624 monachorum
3229 578 3422 637 coetus,
3449 569 3513 625 de
3539 569 3654 640 qui-

2076 663 2174 715 bus
2213 660 2411 716 Paulus
2450 679 2464 715 :
2503 679 2521 712 ι
2564 660 2664 728 Qui
2698 668 2874 715 autent
2909 659 3113 715 Christi
3167 658 3293 715 Jesu
3354 670 3500 727 sunt,
3535 677 3652 716 car-

2077 765 2198 804 nem
2256 750 2644 805 cruciﬂxerunt
2712 765 2832 806 cum
2886 749 3166 805 affectibus
3237 759 3293 804 et
3341 750 3652 820 cupiditati-

2076 842 2172 895 bns
2199 839 2266 906 ",
2300 860 2318 893 t
2345 843 2435 911 qui
2469 841 2689 912 probam
2715 851 2769 897 et
2794 841 3119 897 laboriosam
3157 841 3440 897 traducunt
3464 842 3648 898 vitam:

2074 941 2126 985 et
2177 932 2229 986 in
2259 931 2568 1003 virginitate
2600 932 2912 1001 degentium’
2937 933 3192 988 cohortes
3237 942 3289 988 et
3345 934 3498 990 cltori
3560 936 3649 1004 qni

2078 1021 2168 1076 Dei
2187 1023 2560 1080 benedictione
2593 1022 2918 1077 abundant:
2965 1022 3018 1077 lti
3075 1033 3201 1078 sunt
3251 1038 3438 1077 semen
3491 1021 3653 1078 bene-

2074 1111 2276 1166 dictum
2311 1126 2340 1166 a
2378 1109 2510 1178 Deo,
2547 1111 2598 1164 lti
2628 1110 2863 1182 gaudent
2902 1120 2951 1166 et
2996 1111 3249 1166 laetantur
3290 1111 3341 1164 in
3403 1109 3650 1168 Domino.

2075 1202 2190 1258 Non
2226 1204 2370 1258 enim
2403 1204 2690 1259 mundanis
2712 1204 3022 1259 afﬁciuntur
3057 1204 3305 1274 negotiis,
3352 1203 3446 1258 sed
3493 1204 3653 1259 corda

2075 1311 2169 1352 sua
2199 1297 2380 1368 potius
2408 1295 2674 1352 charitate
2704 1296 2906 1352 Christi
2941 1296 3230 1366 complent.
3281 1295 3403 1351 Hac
3443 1309 3532 1352 res
3563 1309 3655 1352 sa-

2077 1387 2263 1443 lutaris
2295 1395 2395 1453 est,
2427 1397 2479 1442 et
2510 1387 2686 1442 omnis
2716 1387 3006 1457 voluptatis
3035 1387 3298 1443 effectrix.

2147 1652 2308 1704 Vens.
2356 1650 2440 1716 10,
2481 1652 2564 1705 ll.
2635 1649 2876 1704 Exsultat
2915 1651 3092 1703 anima
3137 1665 3250 1704 mea
3307 1651 3362 1703 in
3391 1649 3655 1716 Domino;

386 1741 569 1796 ἐδυσε
601 1741 712 1811 γάρ
734 1758 812 1811 με
849 1741 1085 1811 ιμάτιον
1123 1745 1442 1813 σωτηρίου,
1497 1747 1596 1800 καὶ
1637 1748 1856 1815 χιτῶνα
1881 1753 1976 1805 86-

2080 1744 2248 1796 iuduit
2275 1743 2409 1797 enim
2438 1758 2516 1796 me
2547 1751 2678 1795 veste
2721 1741 2908 1796 salutis
2952 1751 2998 1794 et
3048 1741 3226 1795 tunica
3257 1741 3474 1806 lwtitiw,
3527 1750 3654 1796 tun--

387 1836 716 1905 φροσύνης,
743 1835 822 1900 ὠς
855 1838 1092 1906 νυμφίῳ
1122 1837 1437 1906 περιέθηκέ
1466 1857 1568 1908 μοι
1593 1841 1833 1910 μίτραν,
1878 1841 1976 1897 καὶ

386 1930 466 1995 ὡς
495 1930 736 1998 νύμφην
785 1930 1208 1999 κατεκόσμησέ
1249 1947 1323 2001 με
1353 1932 1582 2001 κόσμῳ,
1619 1933 1714 1986 καὶ
1751 1934 1832 2000 ὡς
1860 1934 1978 2004 γῆν

387 2017 702 2082 αὔξουσαν
742 2015 808 2069 τὸ
867 2016 1049 2084 ἄνθος
1095 2018 1304 2088 αὐτῆς,
1375 2021 1472 2074 καὶ
1533 2022 1614 2089 ὡς
1660 2022 1862 2094 κῆπον
1906 2023 1978 2079 τὰ

387 2111 696 2179 σπέρματα
743 2109 951 2177 αὐτοῦ,
981 2110 1169 2178 οὕτως
1202 2111 1488 2167 ἁνατελεῒ
1504 2113 1722 2184 Κύριος
1754 2115 1977 2172 δικαιο-

386 2202 758 2270 σύνην-,καὶ
818 2202 1166 2274 ἀγαλλίαμα
1229 2205 1509 2259 ἐναντίον
1574 2207 1816 2263 πάντων
1861 2208 1980 2264 τῶν

385 2289 595 2346 ἐθνῶν.

457 2383 742 2454 Φιλότιμον
775 2384 858 2438 ἐπ’
893 2385 1077 2447 αὐτοῖς
1125 2385 1384 2452 ἁπλὼσας
1433 2389 1532 2460 τὴν
1595 2392 1770 2461 χεῖρα,
1829 2391 1980 2444 πλεί-

389 2490 531 2538 στοις
575 2492 633 2528 τε
678 2476 823 2540 ὅσοις
855 2476 947 2530 καὶ
979 2475 1322 2549 ἀξιοκτήτοις
1363 2481 1660 2553 χαρίσμασι
1712 2483 1981 2551 στεφανῶ⁹

389 2582 500 2620 σειν
563 2564 768 2619 εἰπών·
832 2586 851 2619 ι
892 2567 1010 2630 Πᾶς
1064 2569 1173 2640 γὰρ
1219 2572 1248 2624 6
1298 2571 1478 2642 ὀρῶν,
1526 2573 1690 2644 φησιν
1719 2619 1732 2640 ,
1783 2575 1980 2639 αὐτοὺς

387 2656 768 2724 ἐπιγνώσεται,
803 2657 885 2710 ὅτι
907 2649 1062 2712 οῦτοι
1098 2661 1206 2712 είσι
1230 2662 1451 2732 σπέρμα
1488 2663 1852 2735 εὐλογημένον
1875 2666 1978 2719 ὑπὸ

386 2745 542 2812 Θεοῦ,
591 2766 609 2798 ι
659 2742 780 2802 εἶτα
821 2751 1281 2820 προσεπενεγκὼν
1333 2753 1414 2807 ὅτι
1453 2773 1470 2805 ι
1516 2755 1625 2808 Κα)⁸
1675 2755 1980 2828 εὐφρανθή-

387 2857 569 2894 σονται
607 2839 700 2892 ἐπὶ
742 2839 973 2912 Κύριον,
1009 2861 1028 2896 ι
1065 2843 1280 2897 δίδωσιν
1325 2845 1484 2909 εὐθὺς
1511 2846 1609 2916 τὴν
1641 2848 1979 2918 εὐφροσύνην

386 2933 586 2995 αὐτοῖς.
611 2931 878 3003 Ταύτῃτοι
901 2932 995 2986 καὶ
1034 2934 1182 3003 μάλα
1207 2935 1512 2998 εἰκότωςτὸ
1533 2937 1633 3001 τῆς
1655 2938 1979 3008 Ἐκκλησίας

387 3021 736 3092 εἰσεκομίσθη
750 3023 1037 3093 πρόσωπον
1051 3024 1116 3076 ἐκ
1131 3025 1483 3096 περιχαρείας
1498 3026 1596 3095 τῆς
1614 3027 1749 3095 ἄγαν
1764 3029 1980 3097 ἀναφω-

387 3115 532 3180 νοῦν,
557 3133 574 3165 ι
596 3113 969 3182 Ἀγαλλιάσθω
985 3116 1017 3183 ἠ
1034 3113 1176 3185 ψυχή
1198 3133 1299 3186 μου
1319 3117 1410 3168 ἐπὶ
1434 3116 1509 3187 τῷ
1531 3117 1740 3188 Κυρίῳ,
1761 3119 1977 3172 ἐνέδυσε

387 3207 492 3276 γάρ
512 3223 575 3276 με
593 3205 806 3276 ἱμάτιον
825 3205 1113 3275 σωτηρίου,
1134 3206 1227 3259 καὶ
1247 3206 1447 3276 χιτῶνα
1469 3207 1829 3278 εὐφροσύνης.
1860 3210 1979 3261 tXt-

387 3297 532 3350 τῶνα
569 3296 901 3367 εὐφροσύνης
938 3297 1028 3350 τὸν
1056 3297 1262 3368 Κύριον
1301 3298 1456 3369 ἡμῶν
1498 3301 1708 3370 Ἰησοῦν
1741 3301 1976 3372 Χριστόν

389 3404 538 3458 φησι.
561 3386 766 3458 Γράφει
790 3386 918 3455 γοῦν
932 3387 1064 3439 καὶὸ
1081 3388 1355 3455 πάνσοφος
1369 3387 1583 3452 Παῦλος
1598 3393 1710 3452 τοῖς
1723 3392 1802 3452 εἰς
1815 3389 1976 3443 αὐτὸν

390 3475 740 3529 πιστεύσασιν
764 3490 778 3505 ο
815 3495 832 3527 ι
857 3475 1177 3529 Ἐνδύσασθε
1215 3476 1306 3528 τὸν
1329 3477 1531 3547 Κύριον
1569 3481 1726 3550 ἡμῶν
1766 3479 1976 3549 Ἰησοῦν

387 3567 476 3622 τὸν
509 3568 763 3639 Χριστὸν,
799 3568 893 3621 καὶ
926 3567 1026 3637 τῆς
1059 3569 1260 3638 σαρκὸς
1297 3570 1553 3637 πρόνοιαν
1605 3569 1679 3639 μὴ
1736 3571 1976 3624 ποιεῖσθε

388 3661 466 3722 είς
494 3659 804 3729 ἐπιθυμίαν.
842 3679 861 3712 ι
902 3660 969 3712 Οἱ
1003 3676 1065 3728 γε
1115 3658 1219 3730 μὴν
1252 3661 1458 3730 ἀμφίου
1495 3661 1651 3732 δίκην
1680 3663 1978 3734 ἐσχηκότες

388 3751 548 3804 αὐτὸν
577 3750 713 3822 πρὸς
751 3753 816 3822 τῇ
851 3751 1098 3820 σωτηρίᾳ
1137 3749 1482 3820 κερδαίνουσι
1546 3751 1608 3804 τὸ
1660 3753 1973 3826 εὐημερεῖν,

391 3844 480 3896 καὶ
512 3843 572 3895 τὸ
610 3845 666 3896 ἐν
697 3841 1058 3913 εὐφροσύναις
1090 3837 1228 3895 εἶναι
1251 3845 1512 3912 μακραῖς.
1551 3843 1692 3914 Ἔφη
1720 3845 1850 3912 γοῦν
1878 3847 1974 3898 αὐ-

387 3934 477 3997 τδς
506 3935 534 3987 6
563 3932 778 4005 Σωτήρ·
809 3953 826 3985 ι
875 3932 934 3986 '0
986 3933 1226 4004 κλέπτης
1267 3935 1364 3988 οὐκ
1412 3933 1649 4005 ἔρχεται,
1703 3937 1749 3988 εί
1786 3935 1859 4005 μὴ
1891 3936 1980 3990 ἵνα

387 4024 562 4099 κλέψῃ
596 4026 687 4078 καὶ
719 4024 878 4096 θύσῃ,
908 4025 1003 4078 καὶ
1033 4025 1296 4096 ἀπολέσῃ.
1351 4026 1492 4092 Ἐγὼ
1515 4021 1681 4094 ἦλθον
1719 4026 1808 4078 ἵνα
1833 4027 1976 4098 ζωὴν

388 4117 577 4187 ἔχωσι,
607 4117 701 4169 καὶ
729 4116 989 4186 περισσὸν
1027 4115 1242 4185 ἔχωσιν.
1283 4135 1300 4167 ι
1342 4117 1414 4169 Οὐ
1447 4118 1555 4188 γὰρ
1605 4115 1765 4179 σώζει
1793 4117 1973 4186 μόνον,

387 4209 462 4272 ὡς
515 4209 672 4280 ἔφην,
724 4207 861 4261 ἀλλά
897 4209 1006 4277 γὰρ
1059 4207 1152 4260 καὶ
1189 4205 1528 4278 ἀτελευτήτῳ
1589 4207 1976 4278 κατευφραίνει

387 4303 562 4372 χαρᾷ·
604 4301 698 4354 καὶ
744 4300 903 4354 τοῦτό
936 4303 1056 4353 ἐστι
1085 4299 1148 4354 τὸ
1185 4300 1437 4372 περιττὸν
1467 4299 1999 4370 προστεθησόμενον,

388 4397 422 4464 η
454 4395 567 4457 τοῖς
596 4393 772 4464 ἁγίοις
795 4393 930 4465 ζωή.
964 4393 1205 4465 Χριστὸς
1243 4388 1337 4448 οὖν
1384 4395 1491 4466 ἄρα
1530 4393 1590 4446 τὺ
1622 4394 1680 4460 ἐξ
1721 4393 1972 4464 οὐρανοῦ,
2007 4415 2052 4473 D

389 4482 483 4534 καὶ
514 4480 717 4534 ἄνωθεν
739 4481 940 4552 ἄμφιον
969 4485 997 4535 6
1031 4484 1128 4552 τῆς
1157 4483 1468 4556 ἀφθαρσίας
1503 4481 1690 4554 χιτὼν,
1728 4483 1787 4535 ὃν
1814 4482 1867 4534 εί
1891 4499 1974 4545 τις

389 4573 542 4626 λάϐοι
569 4574 1044 4644 στεφανωθήσεται
1078 4576 1268 4647 κόσμῳ
1295 4577 1478 4641 παντὶ,
1504 4575 1680 4647 νοητῷ
1711 4574 1976 4646 δηλονότι,

389 4666 616 4728 καὶτοῖς
643 4663 702 4729 ἐξ
730 4663 1102 4734 ἀγαθουργίας
1142 4668 1474 4738 αὐχήμασιν.
1509 4668 1706 4722 Ἔσται
1753 4667 1864 4738 γάρ
1903 4667 1979 4730 ὼς

388 4758 640 4828 νυμφίος,
672 4745 969 4829 ὠς⁴μίτραν
1002 4757 1382 4828 διεζωσμένος,
1427 4763 1518 4814 καὶ
1560 4761 1636 4825 ὡς
1665 4761 1852 4832 νύμφη
1890 4760 1982 4814 κόο

390 4866 512 4921 σμῳ
544 4850 705 4904 παντὶ
737 4848 1132 4920 διαπρέπουσα.
1171 4849 1290 4901 Εἰσὶ
1333 4849 1464 4921 γὰρ,
1499 4852 1635 4905 εἰσὶν
1663 4854 1710 4906 0i
1743 4854 1802 4905 ἐν
1848 4853 1982 4922 Χρι-

390 4941 500 5014 στῷ
553 4943 714 4996 δεινοὶ
773 4943 893 5015 μὲν,
931 4941 1024 4996 καὶ
1055 4940 1445 5011 ἀλκιμώτατοι,
1491 4943 1626 5013 πρός
1666 4961 1729 5012 γε
1771 4946 1830 4997 τὸ
1871 4945 1980 4997 δεῖν

387 5031 732 5103 ἀνδρίζεσθαι
776 5030 1000 5102 νοητῶς,
1053 5029 1492 5086 καταπλουτοῦσι
1546 5031 1602 5084 δὲ
1645 5032 1766 5087 λίαν
1798 5035 1890 5088 καὶ
1920 5034 1979 5086 τὸ

389 5124 662 5194 εὐπρεπὲς
714 5123 792 5186 είς
843 5124 990 5176 ἅπαν
1017 5117 1157 5183 εἶδος
1196 5121 1416 5193 ἀρετῆς.
1482 5123 1727 5176 Ἐοίκασι
1777 5124 1833 5176 δὲ
1885 5125 1978 5176 καὶ

390 5215 628 5286 νύμφαις
675 5215 762 5268 διὰ
788 5215 846 5268 τὸ
880 5215 1216 5284 καρπογόνον
1258 5213 1396 5284 μετά
1439 5214 1532 5267 τοῦ
1563 5214 1804 5269 ποικίλον
1833 5215 1976 5284 ἔχειν

390 5306 464 5370 ὡς
511 5306 573 5359 ἐν
611 5305 823 5378 ἀρετῶν
877 5306 1191 5376 φαιδρότητι
1243 5304 1456 5368 κάλλος.
1519 5306 1661 5376 Ἔφη
1716 5305 1846 5374 γοῦν
1893 5322 1976 5369 τις

390 5396 497 5450 τῶν
539 5397 709 5466 ἁγίων
750 5396 1061 5468 προφητῶν,
1099 5397 1411 5468 ὲγκάρπους
1445 5396 1604 5460 ὄντας
1656 5397 1976 5460 ἀποδεικνὺς

390 5489 515 5552 τοὺς
543 5489 632 5542 τὸν
671 5489 841 5558 εὐαγῆ
876 5487 1273 5559 κατορθοῦντας
1308 5487 1442 5557 βίον·
1487 5508 1503 5538 ι
1554 5488 1644 5540 Διὸ
1675 5487 1763 5540 τὸν
1815 5487 1976 5556 φόϐον

462 5663 510 5697 ⁸⁸
546 5663 722 5718 Galat.
753 5679 804 5730 v,
835 5664 923 5717 24.
1003 5665 1047 5695 ⁸⁵
1079 5662 1232 5722 Rotn.
1267 5681 1385 5730 χιιι,
1423 5666 1500 5718 li.

1584 5667 1627 5698 ⁸⁸
1658 5665 1811 5720 Joatt.
1849 5679 1904 5732 ιι,
1938 5662 2022 5717 10.

2078 1850 2234 1904 quam
2266 1849 2506 1899 sponsum
2533 1833 2877 1887 circumdedit
2904 1848 2983 1887 me
3015 1834 3194 1897 mitra,
3222 1840 3270 1886 et
3295 1831 3446 1902 quasi
3499 1847 3658 1902 spon-

2079 1943 2194 1980 sam
2217 1926 2418 1980 ornavit
2443 1941 2521 1978 me
2542 1927 2735 1978 mutulo
2767 1924 3044 1988 muliebri;
3071 1934 3118 1978 et
3141 1924 3274 1978 sicut
3299 1931 3438 1976 terra
3454 1923 3653 1991 profert

2079 2019 2259 2087 ﬂorem
2293 2033 2466 2081 suunt,
2489 2025 2536 2070 et
2572 2024 2628 2070 ut
2654 2015 2839 2070 hortus
2889 2016 3090 2070 semina
3115 2031 3234 2079 sua,
3263 2015 3339 2069 sic
3363 2013 3655 2084 germinare

2081 2109 2238 2178 faciet
2258 2108 2513 2162 Dominus
2528 2107 2793 2178 justitiam
2824 2117 2870 2162 et
2900 2105 3305 2162 exsultationem
3340 2121 3516 2160 coram
3548 2120 3658 2160 om-

2080 2201 2234 2255 nibus
2261 2200 2524 2272 gentibus.

2154 2375 2460 2432 Muniiicant
2491 2376 2546 2430 in
2593 2373 2710 2429 illos
2744 2387 2960 2430 manum
2984 2375 3250 2442 extendit,
3301 2382 3356 2429 et
3414 2372 3659 2444 plurimis

2082 2478 2137 2526 et
2154 2469 2452 2540 insignibus
2475 2467 2628 2524 donis
2649 2475 3035 2522 coronaturum
3061 2481 3122 2522 se
3151 2466 3274 2524 illos
3289 2465 3452 2521 dixit:
3485 2482 3504 2517 ι
3524 2463 3656 2521 Om-

2085 2563 2168 2617 nis
2222 2561 2387 2626 enim,
2447 2559 2642 2629 inquit,
2682 2559 2772 2628 qui
2817 2559 2967 2614 videt
3015 2573 3128 2624 eos,
3182 2566 3477 2628 cognoscet
3535 2572 3660 2613 esse

2083 2652 2204 2707 illos
2229 2665 2413 2706 semen
2455 2651 2796 2705 benedictum
2835 2663 2864 2702 a
2898 2649 3028 2705 Deo.
3069 2667 3088 2702 ι
3123 2649 3412 2716 Subiunxit
3435 2648 3654 2705 deinde:

2088 2765 2104 2798 ι
2137 2746 2194 2800 Ει
2229 2744 2554 2800 laetabuntur
2599 2745 2652 2798 in
2707 2742 2952 2799 Domino.
2993 2762 3011 2796 ι
3054 2743 3246 2798 Statim
3283 2743 3392 2798 illis
3409 2741 3657 2798 datlteti-

2083 2840 2232 2894 tiam.
2275 2835 2410 2890 llinc
2432 2850 2538 2890 non
2592 2836 2861 2892 immerito
2897 2835 3153 2891 Ecclesia:
3195 2849 3428 2905 persona
3484 2834 3657 2890 intro-

2083 2929 2241 2982 ducta
2265 2938 2368 2991 est,
2396 2942 2507 2996 prae
2535 2928 2732 2998 insigni
2769 2927 2964 2998 gaudio
3017 2927 3069 2980 in
3124 2929 3220 2982 has
3271 2943 3431 2983 voces
3479 2942 3659 2982 erttm‘

2084 3035 2248 3088 pens:
2287 3036 2305 3070 ι
2336 3018 2576 3075 Exsultet
2604 3021 2782 3073 anima
2807 3034 2923 3074 mea
2951 3019 3004 3074 in
3032 3019 3293 3085 Domino;
3323 3018 3658 3074 induitenim

2083 3125 2169 3164 nte
2203 3118 2350 3166 veste
2371 3110 2564 3166 salutis
2581 3119 2634 3166 et
2671 3112 2855 3167 tunica
2881 3111 3099 3166 laztitizr.
3140 3131 3158 3163 ι
3195 3111 3455 3166 Tunicam
3505 3119 3661 3166 vocat

2083 3199 2366 3254 Dominum
2399 3209 2643 3258 nostrum
2668 3201 2850 3258 Jesum
2874 3203 3174 3258 Christum.
3213 3203 3418 3258 Scribit
3477 3205 3661 3272 itaque

2081 3293 2519 3360 sapientissimus
2538 3293 2735 3349 Paulus
2768 3295 2852 3349 his
2880 3295 2972 3364 qui
2997 3296 3051 3350 in
3075 3297 3250 3365 ipsum
3276 3297 3654 3352 crediderunt:

2085 3403 2100 3432 ι
2141 3384 2350 3441 Induite
2371 3384 2664 3441 Dominum
2718 3394 2961 3442 nostrunt
3013 3385 3196 3442 Jesum
3255 3389 3552 3456 Christum,
3605 3399 3660 3442 et

2078 3478 2260 3531 carnis
2320 3492 2502 3530 curant
2546 3493 2611 3530 ne
2643 3479 2814 3546 get-ite
2869 3477 2922 3530 in
2972 3478 3356 3546 cupiditatibus
3396 3481 3464 3534 ⁸⁸.
3506 3499 3524 3530 ι
3556 3480 3656 3547 Qui

2079 3581 2258 3621 autem
2315 3567 2464 3620 illum
2519 3576 2774 3636 tanquam
2833 3575 3036 3622 vestem
3080 3569 3405 3635 habuerunt,
3464 3581 3660 3640 praeter

2080 3660 2308 3712 salutem
2333 3659 2613 3712 lucrautur
2638 3658 2970 3724 felicitatem;
2993 3659 3444 3728 itaqnediuturuo
3472 3662 3658 3716 fruun-

2083 3758 2170 3801 tnr
2198 3747 2411 3818 gaudio.
2445 3747 2535 3801 Ait
2580 3747 2764 3814 itaque
2818 3745 2936 3816 ipse
2993 3746 3290 3802 Servator:
3328 3766 3346 3800 ι
3389 3748 3498 3803 Fur
3550 3765 3654 3805 non

2081 3839 2227 3893 venit
2255 3839 2354 3894 nisi
2385 3849 2440 3894 ut
2461 3839 2692 3903 luretur,
2717 3847 2770 3893 et
2799 3847 2998 3893 mactet
3017 3848 3072 3894 et
3092 3840 3310 3908 perdat;
3337 3854 3437 3909 ego
3461 3841 3578 3896 veni
3601 3853 3658 3895 ut

2083 3931 2243 3984 vitam
2277 3931 2530 3998 habeant,
2587 3939 2642 3986 et
2701 3931 3063 3985 abundantem
3108 3930 3345 3986 habeant
3381 3933 3448 3988 ⁸⁸,
3483 3951 3501 3984 ι
3541 3931 3654 3988 Non

2079 4023 2280 4076 etenim
2308 4033 2488 4078 servat
2514 4025 2694 4090 modo,
2717 4033 2777 4078 ut
2805 4023 2938 4091 dixi,
2972 4023 3065 4078 sed
3081 4023 3244 4078 etiam
3281 4025 3502 4093 perenni
3533 4041 3658 4094 gan-

2080 4118 2166 4171 dio
2205 4117 2386 4171 allicit.
2418 4117 2481 4171 Et
2524 4120 2626 4173 hoc
2649 4127 2731 4172 est
2760 4117 2890 4172 illud
2931 4117 3216 4172 abundans
3263 4131 3356 4172 seu
3397 4118 3654 4172 eximium

2081 4205 2222 4272 quod
2244 4204 2528 4271 adjicietttr
2551 4206 2760 4260 sanctis
2785 4205 2916 4260 vita.
2951 4206 3201 4261 Christus
3236 4207 3399 4276 igitur
3452 4217 3534 4261 est
3568 4207 3657 4262 illa

2085 4295 2324 4352 caelestis
2352 4306 2406 4351 et
2435 4313 2667 4367 superna
2694 4297 2974 4361 vestis,illa
3000 4297 3421 4368 incorruptionis
3455 4299 3654 4363 tunica,

2080 4404 2239 4458 quam
2272 4392 2316 4443 si
2353 4390 2474 4460 quis
2509 4389 2823 4460 sumpserit,
2857 4390 3003 4446 omni
3031 4398 3228 4444 ornatu
3289 4391 3656 4452 coronahitnr,

2083 4480 2330 4535 videlicet
2355 4482 2444 4550 qni
2484 4483 2582 4536 sub
2623 4480 3032 4552 intelligentiam
3061 4479 3206 4536 cadit
3237 4488 3290 4534 et
3318 4481 3532 4536 virtutis
3571 4496 3660 4536 or-

2080 4572 2295 4625 nabitur
2323 4572 2770 4643 insignibusﬁrit
2797 4573 2940 4628 enim
2961 4582 3214 4643 tanquam
3238 4587 3468 4643 sponsus
3499 4574 3660 4628 mitra

2079 4663 2305 4730 cinctus,
2337 4672 2391 4718 et
2423 4672 2676 4734 tanquam
2707 4679 2904 4734 sponsa
2932 4665 3079 4720 omni
3129 4672 3326 4722 ornatu
3363 4664 3654 4721 excellens.

2079 4755 2248 4828 868
2296 4757 2435 4812 Sunt
2467 4759 2633 4824 enint,
2663 4769 2790 4814 sunt
2816 4758 3114 4814 Christiani
3132 4768 3378 4829 potentes
3406 4768 3459 4814 et
3481 4757 3661 4814 fortis-

2081 4849 2224 4915 simi,
2251 4859 2308 4904 et
2339 4849 2661 4920 intelligibili
2682 4851 2874 4907 robore
2897 4851 3129 4922 praediti,
3151 4851 3408 4920 omnique
3463 4864 3661 4920 genere

2081 4939 2294 4997 decoris
2323 4957 2384 4997 ac
2419 4942 2634 4997 virtutis
2667 4952 2793 4998 sunt
2841 4943 3175 5012 locupletati.
3213 4940 3433 4996 Similes
3479 4948 3661 4996 autem

2082 5042 2204 5088 sunt
2227 5033 2392 5089 etiam
2431 5034 2645 5103 sponsis
2702 5043 2924 5104 pr0pter
2973 5031 3471 5099 fecunditatem,eo
3518 5033 3660 5102 quod

2083 5125 2232 5180 vario
2271 5125 2557 5195 splendore
2612 5125 2872 5180 virtutum
2907 5124 3146 5180 decorati
3193 5123 3322 5179 sint.
3367 5123 3408 5178 Ε
3457 5124 3660 5179 sanctis

2083 5217 2246 5285 igitur
2271 5217 2549 5286 prophetis
2573 5216 2790 5285 quidam
2815 5217 2969 5282 dixit,
3001 5231 3121 5270 cunt
3154 5215 3275 5270 illos
3296 5215 3385 5284 qui
3418 5223 3658 5270 sanctam

2086 5308 2252 5360 vitam
2286 5309 2577 5364 instituunt
2605 5309 2869 5364 fecundos
2899 5323 2962 5363 ac
2983 5307 3290 5364 fructuosos
3324 5321 3443 5376 esse
3473 5308 3662 5364 innueo

2084 5404 2203 5452 ret:
2261 5417 2278 5450 ι
2318 5399 2607 5468 Propterea
2659 5401 2902 5454 timorem
2949 5399 3045 5461 ttti,
3105 5398 3348 5462 Domine,
3410 5398 3460 5452 in
3509 5407 3662 5452 utero

2087 5491 2456 5560 concepimus,
2487 5502 2538 5546 et
2563 5490 2966 5561 parturivintus,
3003 5497 3055 5546 et
3080 5491 3385 5560 peperimus
3413 5491 3661 5559 spiritum
