4042 6218
520 291 661 353 4367

1525 300 1585 351 ε.
1627 290 1903 349 CYRlLlJ
1942 250 2412 349 ALesasantNt
2448 290 2763 348 ARCIIIEP.

3656 295 3808 353 1568

522 409 733 473 salutis,
754 423 913 480 quem
931 396 1124 465 dedisti
1156 425 1319 481 super
1344 417 1542 467 terram
1567 412 1634 464 ⁸⁷.
1664 432 1681 464 ι
1707 411 1894 483 itaque
1925 413 2092 467 sancti

2202 428 2315 478 σου,
2339 412 2532 483 Κύριε,
2568 412 2624 464 ὲν
2652 410 2848 482 γαστρὶ
2866 408 3154 480 ἐλάϐομεν,
3177 410 3272 463 καὶ
3300 409 3668 481 ὡδινήσαμεν,
3705 411 3807 465 καὶ

521 502 868 571 comparandi
895 510 1023 556 sunt
1049 516 1246 572 sponso
1274 513 1329 558 et
1361 518 1594 574 sponsae,
1630 514 1849 574 propter
1888 504 2102 560 fortitu-

520 591 724 661 dinem,
750 601 805 647 et
836 601 1094 663 przeterea
1125 595 1196 650 oh
1228 594 1635 651 fecunditatem.
1717 594 1913 652 Verum
1973 597 2102 651 illud

518 684 746 739 observa
769 698 984 753 semper
1010 685 1113 741 hoc
1141 686 1246 742 illis
1289 688 1490 755 inesse,
1533 698 1595 743 ut
1626 698 1909 744 venustate
1931 699 1986 745 et
2006 690 2102 744 de-

519 791 645 830 core
669 775 904 845 quodam
932 777 1262 834 enitescant.
1300 779 1670 850 Servaturque
1707 781 1809 836 hoc
1850 781 1919 835 ab
1968 780 2098 845 illis,

524 872 636 921 tum
665 867 718 921 in
752 866 977 923 edendis
995 869 1268 937 przeclaris
1307 870 1659 936 facinoribus,
1693 882 1804 927 tum
1832 873 1995 927 ctiam
2046 871 2100 927 in

522 959 741 1015 fortiter
772 958 1107 1017 debellandis
1128 960 1431 1018 all‘ectibus.
1465 962 1619 1030 Quod
1654 972 1835 1018 autem
1851 964 2103 1034 gentibus

516 1052 1016 1125 Christojustitiam
1035 1062 1091 1109 et
1114 1055 1533 1110 exsultationem
1559 1056 1979 1121 elucente,Velut
2001 1055 2101 1112 llo-

518 1143 629 1197 rida
646 1145 886 1215 qmedam
902 1145 1065 1201 herba
1082 1156 1302 1202 coronat
1318 1146 1523 1213 orbem,
1540 1150 1797 1217 ostendit,
1817 1151 2097 1221 inquiens:

520 1250 538 1283 ι
579 1233 640 1287 Et
687 1243 745 1288 ut
795 1245 936 1292 terra
976 1235 1182 1306 profert
1230 1235 1416 1292 ﬂorem
1463 1252 1643 1305 suum,
1686 1248 1742 1295 et
1788 1248 1847 1294 ut
1911 1241 2102 1297 hortus

515 1326 722 1380 semina
754 1342 874 1391 sua,
899 1328 978 1382 sic
999 1329 1306 1399 germinare
1332 1327 1499 1385 faciet
1536 1328 1797 1385 Dominus
1831 1330 2099 1401 justitiam

516 1423 571 1468 et
591 1414 1009 1473 exsultationem
1040 1417 1092 1472 in
1144 1427 1438 1489 conspectu
1485 1419 1728 1476 omnium
1765 1421 2029 1491 gentium.
2076 1441 2095 1475 ι

522 1509 744 1565 Videtur
794 1519 974 1566 autem
1010 1511 1100 1568 hic
1124 1512 1436 1582 germinans
1461 1513 1546 1568 vel
1597 1513 1852 1571 exoriens
1911 1529 2100 1572 semen

516 1617 582 1657 ac
604 1599 792 1657 ﬂorem
840 1617 1025 1658 coram
1055 1602 1309 1673 gentibus
1359 1602 1542 1659 dicere
1587 1603 1761 1675 ipsum
1813 1605 2098 1661 Dominum

518 1710 761 1755 nostrum
784 1698 971 1757 Jesum
992 1700 1291 1757 Christum.
1325 1699 1472 1755 Dixit
1495 1699 1752 1755 nimirum
1786 1698 1840 1755 in
1872 1698 2097 1755 Cantica

515 1789 899 1845 canticorum:
963 1809 984 1844 ι
1040 1789 1154 1861 Ego
1227 1790 1329 1846 llos
1397 1789 1594 1860 campi,
1662 1788 1834 1844 lilium
1874 1786 2097 1844 conval-

515 1882 738 1949 lium“;
774 1901 795 1935 ι
816 1882 899 1938 vel
936 1882 1302 1954 evangelicam
1330 1890 1387 1937 et
1419 1880 1713 1936 salutarem
1752 1880 2098 1951 praedicatio-

516 1971 906 2044 uem,ejusque
954 1972 1397 2042 justiticationem
1448 1970 1605 2044 legali
1634 1972 2091 2042 prtestantiorem,

515 2079 677 2135 quam
702 2079 915 2136 semper
941 2064 1234 2121 comitatur
1262 2064 1539 2136 gaudium,
1562 2062 1613 2119 id
1635 2072 1740 2131 est,
1772 2063 2094 2120 exsultatio.

516 2155 618 2223 Qui
647 2156 790 2211 enim
820 2163 967 2211 recte
993 2168 1112 2209 eam
1142 2155 1547 2221 administrant,
1575 2154 1660 2210 his
1686 2170 1717 2208 a
1750 2153 1860 2211 Deo
1893 2155 2096 2212 tribue-

517 2256 606 2301 tur
664 2256 724 2299 nt
776 2247 1028 2301 diuturna
1070 2244 1348 2316 voluptate
1402 2247 1821 2318 perfundantur.
1861 2247 2098 2303 Audieut

515 2338 660 2395 enim
690 2338 931 2393 omnium
960 2347 1204 2395 nostrum
1236 2337 1580 2394 Servatorem
1610 2337 1886 2394 Christum
1913 2338 2097 2395 dicen-

516 2437 623 2484 tem
658 2445 674 2483 :
704 2446 726 2481 s
756 2429 924 2500 Euge,
950 2446 1108 2487 serve
1124 2432 1261 2487 boue
1293 2441 1348 2486 et
1376 2431 1570 2500 ﬁdelis,
1600 2432 1653 2487 in
1718 2446 1888 2502 pauca
1945 2430 2094 2485 fuisti

514 2519 707 2589 ﬁdelis,
733 2538 894 2593 supra
923 2524 1092 2578 multa
1109 2535 1159 2580 te
1191 2525 1543 2581 constituam.
1582 2525 1723 2580 Intra
1756 2526 1807 2579 in
1839 2524 2094 2597 gaudium

513 2614 726 2669 Domini
767 2615 840 2670 tui
869 2614 935 2670 °’.
968 2634 989 2668 ι
1025 2616 1330 2672 Exsultatio
1376 2626 1580 2681 autem,
1605 2617 1867 2673 salutaris
1899 2618 2095 2686 prtedio

510 2708 656 2764 catio
678 2707 785 2765 alio
816 2709 975 2765 modo
999 2718 1178 2779 potest
1227 2708 1475 2781 intelligi.
1544 2708 1651 2764 Lex
1702 2710 1847 2764 enim
1898 2709 2093 2763 vindex

509 2806 631 2854 erat
657 2807 711 2853 et
737 2798 895 2855 valde
918 2814 1133 2855 severa.
1184 2798 1242 2855 Si
1274 2799 1396 2870 quis
1418 2798 1562 2855 enim
1603 2798 1776 2869 legem
1804 2796 2094 2853 Mosaicam

509 2890 784 2957 violasset,
816 2891 936 2948 sine
968 2874 1340 2949 misericordia
1369 2893 1468 2948 sub
1513 2892 1721 2948 duobus
1784 2899 1878 2944 aut
1922 2889 2096 2945 tribus

511 2984 740 3041 testibus
775 2986 1004 3042 moritur
1024 2985 1113 3042 ⁸⁹⁶.
1143 2986 1212 3042 At
1236 2986 1608 3055 evangelicum
1634 2982 1911 3041 oraculum
1942 2983 2096 3039 nobis

2207 504 2465 573 ἐτέκομεν
2521 501 2742 573 πνεῦμα
2788 499 3084 572 σωτηρίας,
3123 500 3152 553 ὃ
3191 501 3532 573 ἐποιήσαμεν
3569 501 3668 554 ἐπὶ
3700 500 3808 573 τῆς

2204 597 2323 667 γῆς.
2366 617 2383 647 ι
2414 595 2622 648 Οὐκοῦν
2651 593 2871 664 νυμφίῳ
2922 593 3017 647 καὶ
3041 592 3227 665 νύμφη
3249 596 3376 658 τοὺς
3396 595 3588 661 ἁγίους
3610 611 3808 664 παρειο

2204 685 2451 749 καστέον,
2489 685 2661 739 διάτοι
2709 684 2769 737 τὸ
2802 683 3076 748 εὐσθενὲς,
3115 684 3210 737 καὶ
3251 685 3389 757 πρός
3418 703 3483 754 γε
3514 687 3696 757 τούτῳ
3739 686 3805 739 τὸ

2205 778 2576 849 καρπογόνονο
2622 776 2761 847 πλὴν
2796 778 2971 829 ἐκεῖνο
3002 776 3182 845 ἄθρει,
3224 777 3501 848 πανταχοῦ
3541 776 3654 849 γὰρ
3697 779 3800 831 αὒ-

2202 871 2316 932 τοῖς
2343 868 2519 923 ἔνεστι
2560 868 2630 921 τὰ
2657 869 2733 931 ὡς
2761 868 2820 919 ὲν
2861 866 3049 921 κάλλει
3090 865 3432 937 διαπρέπειν.
3462 864 3707 930 Σώζεται
3741 866 3799 919 δὲ

2203 959 2361 1013 τοῦτο
2383 961 2514 1032 παρ’
2545 961 2748 1024 αὐτοῖς,
2778 960 2874 1013 καὶ
2905 960 2963 1012 ὲν
2991 958 3071 1029 τῷ
3096 960 3459 1030 καρπογονείν
3480 957 3549 1011 τὰ
3581 957 3797 1029 ἐξαίρε-

2203 1070 2273 1105 τα
2294 1051 2400 1106 τῶν
2431 1050 2958 1122 ἀνδραγαθημάτων,
3005 1051 3101 1104 καὶ
3139 1050 3198 1102 ὲν
3228 1050 3305 1121 τῷ
3331 1049 3796 1122 κατανδρίζεσθαι

2205 1143 2413 1197 παθῶν.
2448 1144 2570 1197 Ὀτι
2615 1143 2671 1196 δὲ
2699 1145 2809 1206 τοῖς
2844 1141 3052 1195 ἔθνεσιν
3096 1140 3506 1211 ἐπιλάμψαντος
3530 1140 3624 1194 τοῦ
3654 1142 3791 1213 Χρι-

2205 1236 2332 1291 στοῦ
2356 1235 2724 1306 δικαιοσύνην,
2751 1236 2846 1289 καὶ
2873 1234 3203 1305 ἀγαλλίαμα,
3239 1233 3491 1303 καθάπερ
3528 1249 3613 1296 τις
3636 1234 3788 1286 εὐαν-

2203 1328 2301 1401 θὴς
2325 1328 2430 1383 πόα
2460 1330 2716 1399 στεφανοῖ
2751 1328 2850 1400 τὴν
2899 1327 2992 1381 ὑπ’
3021 1326 3271 1399 οὐρανὸν,
3309 1323 3565 1390 διέδειξεν
3596 1324 3789 1379 εἰπών’

2210 1439 2230 1473 ι
2287 1421 2375 1484 Ὠς
2397 1420 2499 1492 γῆν
2526 1419 2863 1485 αὖξάνουσαν
2889 1418 2952 1473 τὸ
2989 1418 3148 1483 ἄνθος
3176 1418 3370 1488 αὐτῆς,
3394 1417 3489 1472 καὶ
3513 1419 3590 1481 ὡς
3615 1418 3794 1488 κῆπον

2200 1512 2269 1567 τὰ
2301 1512 2595 1585 σπέρματα
2622 1511 2810 1576 αὑτοῦ,
2841 1510 3015 1576 οὕτως
3056 1509 3308 1565 ἀνατελεῖ
3343 1509 3553 1584 Κύριος
3582 1510 3793 1563 δικαιοο

2203 1604 2389 1676 σύνην,
2420 1603 2514 1657 καὶ
2551 1602 2864 1673 ἀγαλλίαμα
2876 1602 3119 1656 ἐναντίον
3143 1603 3359 1658 πάντων
3396 1601 3507 1655 τῶν
3542 1601 3737 1656 ἐθνῶν.
3768 1623 3786 1654 ο

2205 1694 2390 1747 Ἔοικε
2421 1692 2479 1745 δὲ
2523 1692 2612 1747 διὰ
2656 1689 2862 1745 τούτων
2893 1690 2956 1744 τὸ
2987 1689 3228 1761 ἀνίσχον,
3271 1691 3438 1761 ἤγουν
3478 1690 3791 1756 ἀνατέλλων,

2200 1785 2422 1857 σπέρμα
2456 1801 2515 1838 τε
2539 1785 2634 1838 καὶ
2658 1782 2819 1846 ἄνθος
2858 1783 3101 1837 ἐναντίον
3135 1782 3245 1837 τῶν
3281 1782 3477 1847 ἐθνῶν,
3498 1783 3661 1836 αὐτὸν
3702 1783 3794 1835 τὸν

2198 1878 2403 1951 Κύριον
2435 1877 2591 1949 ἡμῶν
2652 1875 2859 1948 ἰησοῦν
2896 1875 2988 1929 τὸν
3020 1873 3256 1948 Χριστὸν
3303 1875 3620 1946 ὀνομάζειν.
3647 1876 3792 1946 Ἔφη

2197 1971 2307 2044 γὰρ
2330 1970 2479 2042 ἐντῷ
2501 1968 2742 2042 ’ᾼσματι
2771 1969 2879 2023 τῶν
2919 1963 3203 2041 ᾀσμάτωνθ
3250 1987 3270 2021 ι
3330 1967 3476 2037 Ἐγὼ
3500 1967 3662 2030 ἄνθος
3696 1966 3791 2020 τοῦ

2199 2062 2406 2125 πεδίου,
2440 2060 2625 2133 κρίνον
2660 2060 2769 2115 τῶν
2801 2060 3064 2116 κοιλάδων
3085 2077 3098 2090 ·
3151 2078 3171 2112 s
3225 2059 3395 2130 ἤγουν
3422 2058 3484 2112 τὸ
3505 2057 3793 2127 εὐαγγελιο

2197 2156 2292 2210 κὸν
2332 2157 2423 2210 καὶ
2482 2155 2749 2225 σωτήριον
2794 2153 3077 2224 κήρυγμα,
3113 2152 3209 2206 καὶ
3245 2151 3344 2223 τὴν
3377 2151 3541 2205 αὑτοῦ
3570 2150 3795 2204 δικαίω-

2199 2265 2286 2303 σιν
2325 2247 2778 2320 προιρερεστέραν
2828 2240 2995 2299 οὖσαν
3055 2244 3154 2315 τῆς
3214 2242 3358 2297 κατὰ
3403 2243 3496 2296 τὸν
3532 2243 3719 2312 νόμον,
3757 2242 3791 2313 ἧ

2198 2338 2373 2410 πάντη
2400 2354 2460 2391 τε
2491 2337 2585 2397 καὶ
2628 2337 2847 2399 πάντως
2887 2334 2949 2388 τὸ
2986 2334 3199 2405 χαίρειν
3229 2331 3536 2397 ἀκολουθεῖ,
3578 2333 3608 2385 ὅ
3640 2333 3790 2384 ἐστιν

2198 2430 2534 2502 ἀγαλλίαμα.
2567 2428 2693 2492 Τοῖς
2720 2426 2830 2499 γὰρ
2865 2426 3004 2490 ὅλως
3057 2425 3479 2498 κατωρθωκόσιν
3522 2424 3696 2496 αὐτὴν
3732 2422 3794 2477 re

2199 2526 2257 2577 ὲν
2279 2522 2569 2595 θυμηδίαις
2587 2515 2725 2574 εἶναι
2761 2521 2999 2591 μακραῖς
3032 2519 3401 2591 νεμηθήσεται
3433 2518 3580 2587 παρὰ
3619 2516 3787 2570 Θεοῦ.

2211 2617 2567 2672 Ἀκουσονται
2604 2613 2713 2685 γὰρ
2748 2613 3003 2681 λέγοντος
3038 2612 3133 2668 τοῦ
3164 2613 3370 2666 πάντων
3405 2610 3560 2682 ἡμῶν
3593 2610 3792 2681 Σωτῆ-

2200 2726 2293 2781 ρος
2335 2706 2595 2779 Χριστοῦ*
2623 2725 2641 2757 ι
2672 2701 2768 2771 Εὖ,
2793 2704 2947 2759 δοῦλε
2974 2704 3147 2775 ἀγαθὲ
3181 2705 3269 2758 καὶ
3297 2703 3474 2766 «me,
3512 2702 3610 2756 ἐπὶ
3626 2702 3790 2772 ὀλίγα

2194 2796 2263 2871 ἧς
2295 2796 2505 2862 πιστὸς,
2544 2797 2635 2849 ἐπὶ
2679 2795 2891 2850 πολλῶν
2936 2812 2999 2848 σε
3032 2794 3375 2867 καταστήσω.
3426 2791 3661 2847 Εἵσελθε
3712 2796 3789 2857 εἰς

2197 2892 2295 2963 τὴν
2334 2888 2508 2962 χαρὰν
2536 2887 2629 2942 τοῦ
2668 2886 2871 2959 Κυρίου
2905 2904 3021 2941 σου’
3070 2905 3089 2938 ι
3143 2885 3460 2962 ἁγαλλίαμα
3496 2884 3555 2939 δὲ
3587 2885 3653 2938 τὸ
3685 2901 3788 2938 σω-

2198 2986 2386 3055 τήριον
2418 2982 2700 3053 κήρυγμα,
2737 2980 2833 3034 καὶ
2860 2979 2983 3033 καθ’
3021 2979 3209 3048 ἕτερον
3232 2977 3433 3050 τρόπον
3460 2977 3681 3049 νοηθείη
3703 2979 3784 3031 ἄν.

510 3076 668 3132 οσοιι
695 3078 945 3145 vitam,et
968 3078 1312 3148 praemiorum
1335 3078 1800 3149 pollicitationem,
1836 3084 1890 3132 et
1910 3089 2092 3130 veram

2211 3078 2268 3131 Ὀ
2306 3075 2407 3148 μὲν
2440 3074 2548 3147 γὰρ
2593 3074 2756 3145 νόμος
2784 3068 2853 3145 ἦν
2893 3072 3183 3143 κολαστὴς,
3221 3072 3317 3125 καὶ
3361 3070 3497 3124 πολὺ
3527 3070 3589 3123 τὸ
3622 3069 3790 3138 κατη-

508 3185 659 3239 spctn
689 3171 953 3226 bonorum
983 3184 1103 3240 quae
1134 3180 1391 3240 superant
1429 3170 1623 3225 mentis
1648 3180 1864 3238 captum
1919 3177 1971 3222 et
2001 3167 2087 3221 in-

511 3258 868 3329 telligcntiam
898 3259 965 3312 ’°.

2200 3165 2297 3234 ερὲς
2337 3164 2475 3236 ἔχων
2499 3180 2511 3192 ·
2545 3162 2819 3234 ἀθετήσας
2853 3163 2960 3234 γάρ
2998 3180 3084 3227 τις
3132 3161 3297 3233 νόμον
3334 3161 3575 3223 Μωσέως
3612 3160 3787 3229 χωρὶς

2197 3254 2519 3327 οἰκτιρμῶν,
2562 3255 2658 3307 ἐπὶ
2683 3254 2833 3308 δυσὶν
2864 3253 2897 3325 ἢ
2941 3254 3088 3325 ’τρισί⁵
3133 3254 3392 3325 μάρτυσιν
3414 3250 3784 3321 ἀποθνήσκει,

507 3351 651 3423 ζωὴν
680 3351 736 3405 δὲ
771 3353 866 3406 καὶ
912 3351 1092 3423 γερῶν
1131 3352 1445 3424 ὑπόσχεσιν,
1469 3355 1564 3409 καὶ
1597 3352 1856 3427 ἀληθινὴν
1898 3353 2090 3409 ἐλπίδα
2129 3353 2239 3409 τῶν
2265 3354 2404 3426 ὑπὲρ
2466 3354 2591 3408 νοῦν
2628 3351 2849 3427 ἀγαθῶν
2876 3351 2935 3405 τὸ
2963 3351 3315 3422 εὐαγγελικδν
3342 3354 3469 3425 ἡμῖν
3537 3348 3785 3420 εἰσκομί-

509 3447 593 3511 ζει
626 3446 929 3519 θέσπισμα.

576 3542 706 3597 Csr.
738 3540 901 3597 LXII.
931 3540 1097 3599 Vsus.
1138 3545 1193 3600 3.
1234 3545 1454 3616 Fronter
1511 3547 1645 3602 Sion
1695 3563 1796 3602 non
1817 3548 2019 3612 tacebo,
2044 3557 2092 3600 et

506 3641 718 3701 propter
743 3631 1043 3688 Jerusalem
1093 3652 1198 3691 non
1240 3636 1555 3707 relinquam,
1593 3638 1759 3693 donec
1793 3639 2096 3709 egrediatur

506 3725 639 3779 sicut
665 3723 982 3795 luxjustitia
1008 3736 1215 3794 mea,et
1235 3727 1469 3784 salutare
1507 3746 1679 3786 meum
1711 3733 1847 3785 sicut
1889 3731 2095 3801 lampas

504 3814 731 3871 ardebit.
757 3813 824 3867 Et
854 3817 1094 3873 videbunt
1128 3827 1304 3889 gentes
1337 3820 1605 3889 justitiam
1633 3831 1803 3885 luant,
1847 3831 1894 3875 et
1951 3838 2094 3892 reges

504 3906 732 3975 gloriam
756 3906 925 3979 869
950 3919 1094 3962 tuam
1120 3926 1139 3964 :
1163 3921 1211 3964 et
1248 3909 1449 3964 vocabit
1476 3922 1523 3964 te
1547 3926 1731 3965 nomen
1752 3926 1938 3965 novum
1955 3912 2094 3981 quod

504 3996 763 4052 Dominus
796 3998 1086 4054 nominabit
1113 4000 1279 4066 illud;
1301 4001 1506 4071 erisque
1530 4017 1721 4056 corona
1741 4002 2096 4070 pulchritudi-

506 4090 587 4144 nis
616 4090 674 4144 in
698 4106 856 4144 manu
884 4090 1118 4159 Domini,
1147 4100 1197 4147 et
1231 4092 1480 4151 diadema
1511 4092 1656 4163 regni
1701 4096 1755 4147 in
1783 4110 1946 4148 manu
2001 4094 2093 4149 Dei

504 4183 604 4236 tui.

584 4274 714 4331 Sion
739 4286 897 4332 vocat
924 4275 1246 4342 Ecclesiam,
1273 4278 1424 4347 cujus
1457 4278 1713 4348 primitias
1763 4279 2091 4335 exstiterunt

2263 3543 2364 3598 Διά
2388 3544 2543 3601 Σιὼν
2565 3545 2637 3598 οὐ
2673 3544 3078 3615 σιωπήσομαι,
3116 3542 3217 3598 καί
3253 3543 3353 3597 διὰ
3401 3538 3786 3610 Ἰερουσαλὴμ

2192 3636 2302 3689 οὐκ
2334 3633 2562 3701 ἀνήσω,
2593 3635 2704 3701 ἕως
2730 3636 2806 3690 ἂν
2845 3635 3064 3706 ἐξέλθῃ
3093 3636 3174 3702 ὡς
3205 3634 3332 3705 φῶς
3352 3636 3402 3704 ,ἡ
3429 3634 3783 3702 δικαιοσύνη

2186 3745 2328 3796 μου,
2362 3727 2426 3781 τό
2455 3726 2524 3780 δὲ
2544 3727 2842 3798 σωτήριόν
2867 3747 2988 3799 μου
3014 3730 3094 3795 ὡς
3117 3730 3365 3799 λαμπὰς
3395 3727 3783 3797 καυθήσεται,

2193 3817 2291 3872 καὶ
2327 3818 2580 3888 ὄψονται
2608 3818 2755 3887 eam
2790 3819 2906 3890 τὴν
2924 3819 3334 3888 δικαιοσύνην
3361 3836 3503 3886 σου,
3537 3821 3638 3873 καὶ
3670 3820 3786 3886 ,ϐα-

2193 3910 2388 3977 σιλεῖς
2421 3909 2536 3978 τὴν
2566 3911 2757 3977 δόξαν
2785 3927 2923 3975 σου,
2959 3913 3057 3967 καὶ
3092 3913 3343 3968 καλέσει
3378 3929 3455 3968 σε
3502 3914 3568 3968 τὸ
3598 3912 3783 3984 ὄνομά

2193 4021 2310 4057 σου
2354 4002 2424 4056 τὸ
2486 4003 2719 4069 καινόν,
2757 4003 2789 4057 ὃ
2814 4006 2847 4058 ό
2877 4006 3093 4073 Κύριος
3143 4005 3432 4075 ὀνομάσει
3468 4006 3641 4068 αὐτὸ,
3686 4006 3779 4060 καί

2190 4090 2306 4159 ἔσῃ
2341 4088 2644 4159 στέφανος
2665 4091 2936 4160 κάλλους
2967 4095 3038 4148 ἐν
3059 4096 3211 4165 χειρί
3238 4097 3488 4165 Κυρίου,
3521 4096 3615 4150 καὶ
3653 4095 3779 4150 διά·

2189 4181 2348 4250 δημα
2360 4182 2685 4251 ,ϐασιλείας
2703 4184 2773 4237 ἐν
2795 4186 2943 4257 χειρὶ
2965 4187 3114 4241 Θεοῦ
3144 4203 3283 4242 σου.

2260 4279 2402 4336 Σιὼν
2465 4283 2523 4335 ὲν
2568 4283 2779 4348 τούτοις
2840 4282 2938 4354 τὴν
3006 4284 3335 4355 Ἐκκλησίαν
3388 4285 3654 4340 ἀποκαλεί
3711 4281 3779 4358 ἧς

503 4376 558 4421 ct
581 4366 674 4423 lilii
711 4369 1056 4441 primOgeniti
1086 4370 1252 4425 divini
1284 4371 1556 4442 discipuli,
1608 4381 1663 4426 ct
1690 4372 1781 4442 qui
1817 4387 1911 4442 per
1945 4373 2089 4442 ipsos

2199 4373 2481 4441 γεγόνασιν
2531 4374 2623 4428 ἀπ’
2663 4374 2837 4445 ἀρχῆς
2881 4374 2976 4429 καὶ
3013 4376 3179 4431 τέκνα
3247 4377 3566 4449 πρωτόγονα
3609 4380 3663 4431 οἱ
3690 4379 3784 4433 θε-

503 4458 915 4529 adagnitionem
943 4460 1149 4518 Cltristi
1175 4463 1350 4518 vocati
1377 4473 1526 4530 sunt,
1549 4472 1602 4518 et
1629 4474 1756 4518 ante
1811 4464 1946 4519 alios
1998 4465 2090 4534 qui

501 4548 861 4606 oriundisunt
886 4565 954 4605 ex
987 4552 1251 4623 sanguine
1280 4552 1459 4609 Israel.
1500 4553 1745 4610 Servata:
1783 4565 1911 4611 sunt
1946 4556 2089 4611 enim

504 4640 767 4708 reliquiae,
790 4650 846 4695 et
875 4643 1182 4713 complures
1205 4661 1269 4701 ex
1301 4645 1407 4702 illis
1432 4646 1522 4718 qui
1575 4647 1947 4705 crediderunt.
1985 4650 2087 4704 Ita-

501 4745 607 4799 que
634 4746 739 4787 non
769 4732 1095 4802 relinquam,
1123 4734 1314 4806 inquit,
1337 4737 1392 4792 id
1417 4747 1523 4804 est,
1546 4753 1650 4794 non
1680 4740 1962 4806 desistam,
1989 4741 2089 4807 do-

502 4834 602 4877 nec
626 4821 694 4876 ad
716 4812 887 4875 linem
922 4822 1226 4892 perduxero
1278 4840 1399 4894 qua:
1444 4826 1597 4884 Sioni
1646 4829 1919 4901 pollicitus
1947 4846 2089 4887 sum.

504 4914 757 4970 Promisit
785 4922 966 4971 autem
996 4915 1134 4973 Deus
1161 4926 1217 4973 et
1246 4916 1407 4975 Pater
1433 4921 1663 4979 salutem
1694 4938 1789 4994 per
1808 4922 2085 4979 Christum

499 5006 698 5062 Judteis
720 5017 776 5064 et
802 5005 1024 5064 Graecis.
1041 5007 1321 5081 Siquidem
1350 5030 1370 5064 ι
1400 5029 1541 5069 unus
1576 5015 1718 5070 Deus
1745 5022 1850 5082 est,
1872 5033 1895 5068 ι
1925 5016 2083 5070 siculi

499 5100 701 5158 Paulus
735 5101 1173 5171 sapientissimus
1217 5105 1369 5173 dicit,
1402 5124 1422 5158 ‹
1474 5106 1565 5177 qui
1601 5107 1923 5177 justiﬁcabit
1969 5107 2082 5163 cir-

502 5192 891 5247 cumcisionem
949 5205 1012 5245 ex
1063 5192 1202 5255 ﬁde,
1244 5202 1300 5249 et
1346 5196 1661 5265 prteputium
1700 5211 1799 5265 per
1846 5195 2028 5252 ﬁdem.

499 5282 709 5337 Etenim
735 5298 840 5339 non
877 5284 1038 5340 modo
1069 5282 1377 5339 Judaeorntn
1410 5285 1552 5341 Deus
1576 5295 1679 5352 est,
1716 5285 1812 5342 sed
1861 5296 1917 5343 et
1952 5304 2084 5360 gen-

487 5372 923 5444 tium".sltaque
948 5391 1054 5431 non
1076 5374 1400 5446 relinquam,
1425 5374 1620 5445 inquit,
1644 5376 1819 5432 donec
1834 5377 2085 5447 egredia-

501 5464 587 5514 tur
609 5458 750 5512 sicut
781 5460 1095 5530 luxjustitia
1120 5478 1263 5529 mea,
1311 5473 1366 5520 et
1419 5464 1657 5519 salutare.
1696 5480 1873 5521 meum
1946 5468 2085 5523 sicut

497 5547 701 5618 lampas
737 5553 968 5609 ardebit.
1002 5555 1215 5611 Justitia
1254 5567 1307 5612 et
1361 5557 1509 5612 salus
1573 5559 1825 5627 apparuit
1878 5569 1933 5613 et
1985 5558 2084 5614 fuit

564 5661 925 5741 "lia-jx“.
969 5669 1052 5722 l8.
1161 5673 1207 5703 ⁸⁸
1241 5672 1397 5727 Cant.
1432 5689 1493 5741 tt,
1528 5675 1577 5730 l.

500 5748 581 5798 tu,
612 5734 703 5801 εἰς),
740 5733 827 5789 50.

1690 5677 1732 5707 ⁸⁸
1771 5675 1959 5731 Matth.
2004 5692 2129 5745 xxv,
2156 5677 2245 5733 2|.

2191 4460 2403 4516 σπέσιοι
2456 4462 2719 4533 μαθηταὶ,
2765 4462 2859 4518 καὶ
2890 4464 2939 4516 oi
2968 4463 3044 4517 δι’.
3062 4464 3244 4519 αὐτῶν
3277 4465 3606 4537 κεκλημένοι
3645 4470 3785 4540 πρὸς

2189 4552 2484 4621 ἐπίγνωσιν
2524 4552 2618 4607 τοῦ
2644 4555 2903 4625 Χριστοῦ,
2935 4555 3032 4608 καὶ
3078 4555 3186 4626 πρό
3212 4573 3277 4626 γε
3301 4556 3410 4610 τῶν
3436 4557 3615 4611 ἄλλων
3643 4560 3693 4612 ol
3724 4561 3787 4627 EF,

2188 4645 2421 4716 αἵματος
2466 4645 2705 4716 Ἰσραήλ.
2741 4646 3017 4702 Σέσωσται
3046 4648 3158 4719 γὰρ
3185 4649 3248 4701 τὸ
3281 4650 3657 4721 κατάλειμμα,
3689 4653 3790 4706 καὶ

2188 4735 2430 4789 πλεῖστοι
2450 4736 2567 4790 λίαν
2587 4738 2638 4788 oi
2673 4736 2767 4789 ἀπ’
2801 4736 2981 4792 αὐτῶν
3002 4739 3413 4804 πιστεύσαντεςτ
3440 4742 3654 4799 Οὐκοῦν
3682 4744 3792 4799 οὐκ

2187 4827 2394 4898 ἀνήσω,
2450 4827 2605 4896 φησὶ,
2650 4829 2950 4898 τουτέστιν,
2985 4829 3085 4884 οὐκ
3131 4831 3198 4885 ἂν
3242 4834 3792 4905 καταπαύσαιμιτοῦ

2193 4917 2407 4993 χρῆναι,
2428 4918 2563 4989 πρὸς
2609 4921 2787 4993 πέρας
2815 4920 3120 4992 ἐξενεγκεῖν
3173 4922 3316 4996 ἅπερ
3342 4926 3691 4998 ἐπήγγελμαι
3716 4930 3795 5000 τῇ

2193 5006 2353 5063 Σιών.
2395 5007 2692 5081 ’Υπέσχετο
2720 5011 2776 5065 δὲ
2814 5014 2843 5067 ὁ
2870 5012 3005 5077 Θεὸς
3062 5014 3155 5068 καὶ
3188 5015 3377 5087 Πατὴρ
3402 5018 3504 5087 τὴν
3536 5016 3627 5072 διὰ
3656 5019 3797 5088 Xpt-

2194 5101 2320 5155 οτοῦ
2374 5102 2648 5174 σωτηρίαν
2710 5104 2981 5170 Ἰουδαίοις
3029 5123 3089 5160 τε
3140 5107 3232 5161 καὶ
3277 5107 3560 5180 Ἕλλησιν,
3625 5112 3796 5181 εἰπερ

2197 5211 2216 5245 s
2257 5189 2352 5257 Εἷς
2398 5197 2426 5249 ὁ
2478 5194 2631 5259 Θεὸς.
2672 5215 2691 5248 ι
2721 5195 2864 5252 καθὰ
2912 5214 3079 5269 φησιν
3129 5200 3159 5254 ὁ
3210 5201 3487 5271 πάνσοφος
3544 5202 3791 5268 Παῦλος,

2196 5304 2216 5337 s
2246 5284 2305 5349 ὃς
2330 5284 2610 5341 δικαιώσει
2648 5288 2950 5361 περιτομὴν
2988 5293 3052 5346 ὲκ
3107 5292 3366 5357 πίστεως,
3399 5293 3497 5347 καὶ
3536 5293 3792 5366 ἀκροόυ-

2194 5375 2350 5429 στίαν
2382 5375 2473 5429 διὰ
2528 5377 2628 5448 τῆς
2662 5380 2920 5446 πίστεως.
2973 5383 3049 5437 Οὐ
3101 5385 3211 5455 γὰρ
3258 5383 3527 5439 Ἰουδαίων
3559 5386 3717 5457 μόνον
3760 5390 3795 5441 ὁ

2189 5467 2492 5532 Θεὸς,ἀλλὰ
2517 5468 2614 5523 καὶ
2636 5468 2853 5528 ὲθνῶν.ι
2885 5474 3093 5530 Οὐκοῦν
3115 5477 3217 5531 οὐκ
3234 5476 3440 5547 ἀνήσω,
3464 5477 3654 5549 φησὶν,
3676 5478 3793 5543 ἕως

2188 5556 2252 5612 ἂν
2283 5555 2472 5630 ἐξέλθῃ
2497 5558 2573 5622 ὡς
2602 5560 2716 5630 φῶς
2746 5563 2778 5633 ἡ
2808 5563 3122 5639 δικαιοσύνη
3165 5585 3286 5637 μου.
3319 5568 3393 5621 Τὸ
3417 5569 3474 5622 δὲ
3511 5570 3792 5642 σωτήριόν

2352 5674 2421 5709 σοι
2454 5677 2615 5733 llehr.
2655 5698 2711 5743 Χ,
2749 5682 2835 5737 es.
2949 5687 2993 5717 νο
3028 5684 3257 5755 Ριιίιίριιο
3301 5700 3372 5751 W-
3406 5687 3459 5740 ⁷ο
3537 5688 3582 5718 ’³
3624 5688 3789 5744 κου’·
