4042 6218
343 316 487 378 {369

1482 313 1549 373 tu
1584 296 1816 376 Issum
1855 321 1984 378 Lm.
2012 321 2078 379 v.
2120 320 2356 377 TOMCS
2395 316 2458 375 ν.

3456 294 3623 379 ιστο’

353 447 452 501 μου
494 428 569 494 ὡς
605 429 829 502 λαμπάς
865 426 1216 500 καυθήσεται.
1258 429 1582 503 Δικαιοσύνη
1615 450 1675 486 τε
1701 436 1794 488 καὶ
1827 451 1924 487 σω·

2033 435 2348 491 mortalibus
2371 432 2640 490 Christus.
2665 428 3089 487 Justitlcatenim
3113 442 3379 500 etscrvat,
3398 434 3592 503 quippe

348 523 537 593 τήριον
561 524 672 586 τοῖς
694 522 907 592 ἐπὶ-τῆς
930 521 1032 592 γῆς
1056 519 1209 592 ὤφθη
1232 537 1291 573 τε
1320 520 1414 574 καὶ
1441 522 1631 591 γέγονε
1663 525 1919 595 Χριστὸς,

350 612 550 665 δικαιοῖ
578 612 705 682 γὰρ,
745 610 839 665 καὶ
868 609 1050 677 σώζει,
1087 610 1202 681 φῶς
1230 611 1490 683 ὑπάρχων
1520 613 1681 677 αὐτὸς
1703 613 1766 667 τὸ
1794 615 1926 685 ἀλη-

353 701 518 764 θινὸν,
539 702 630 754 καὶ
655 693 741 754 οἷά
769 717 853 763 τις
882 701 941 754 ὲν
977 700 1152 772 σκότῳ
1187 700 1427 772 λαμπάς.
1477 703 1620 774 Ἔφη
1654 703 1786 773 γοῦν
1808 706 1955 788 ἑὼ,

353 792 459 858 τὸς,
499 792 579 845 ὅτι
606 808 625 842 t
664 791 830 845 Ὅταν
861 785 907 845 ὦ
931 792 989 845 ὲν
1015 790 1091 862 τῷ
1133 791 1343 863 κόσμῳ,
1372 792 1486 863 φῶς
1523 796 1639 866 είμι
1682 794 1779 848 τοῦ
1816 785 1924 849 3:6-

356 900 511 954 σμου.
581 900 600 934 ι
659 881 844 952 ’Δχλύῖ
899 883 999 953 μὲν
1059 882 1168 955 γάρ
1231 883 1327 936 καὶ
1403 885 1578 955 σκότῳ
1624 885 1693 938 τὰ
1746 885 1926 940 πάντα

2028 528 2115 583 lux
2142 543 2264 583 vera
2302 541 2427 581 cum
2463 526 2533 580 sit
2555 524 2689 593 ipse,
2721 532 2773 578 et
2802 538 2900 577 ceu
2923 522 3126 592 lampas
3152 523 3413 593 qua'piatn
3441 525 3493 576 in
3516 536 3594 578 tc-

2027 619 2229 674 nebris.
2275 617 2550 686 Siquidem
2597 616 2713 685 ipse
2769 614 2955 669 dixit:
3003 633 3021 667 ι
3062 614 3362 680 Quandoin
3395 614 3594 669 mundo

2025 727 2166 776 sum,
2197 711 2282 765 lux
2307 724 2425 764 sum
2457 706 2725 763 mundi”.
2769 724 2788 757 ›
2823 705 3066 776 Caligine
3105 721 3336 776 namque
3364 716 3417 761 et
3447 715 3597 761 tene-

2025 802 2138 857 bris
2163 800 2343 857 omnia
2365 799 2756 869 comprehensa
2788 807 2964 863 erant,
3022 796 3236 851 diabolo
3283 802 3447 851 corda
3480 813 3594 852 om-

2027 896 2174 949 nium
2204 892 2520 949 oﬂ‘uscante.
2544 889 2713 945 Nemo
2737 900 2854 945 erat
2920 889 3010 958 qui
3057 888 3259 943 faceret
3292 888 3515 954 bonum,
3545 900 3599 946 et

354 972 700 1043 κατείληπτο,
760 973 861 1037 τὰς
905 974 1159 1027 ἁπάντων
1231 975 1460 1045 καρδίας
1522 976 1616 1029 τοῦ
1679 976 1925 1030 διαϐόλου

2033 984 2283 1054 iustitiam
2309 990 2507 1048 nosset,
2540 988 2633 1036 aut
2655 981 2798 1034 viam
2826 995 2944 1049 quae
2964 979 3111 1034 ducit
3131 978 3197 1032 ad
3222 978 3470 1045 salutem;
3500 980 3596 1035 sed

352 1063 858 1133 καταμελαίνοντος,
886 1064 981 1118 καὶ
1016 1065 1190 1128 οὐδεὶς
1208 1061 1277 1137 ἦν
1304 1067 1333 1119 6
1363 1065 1533 1119 ποιῶν
1559 1067 1924 1138 χρηστότητα,

353 1151 448 1205 καὶ
504 1151 853 1225 δικαιοσύνην
905 1152 1079 1218 εἰδὼς,
1129 1155 1298 1226 ἤγουν
1339 1155 1438 1226 τὴν
1471 1157 1789 1225 ἀπάγουσαν
1826 1155 1925 1228 lat.
1972 1152 1975 1155 ’

351 1239 687 1312 ἐπάγουσαν]
716 1242 810 1295 ἐπὶ
846 1241 910 1295 τὸ
953 1241 1219 1306 σώζεσθαι
1259 1244 1460 1315 τρίϐον.
1513 1245 1651 1301 Ἀλλ’
1703 1245 1826 1298 οὐδὲ
1858 1241 1928 1316 ἦν

352 1332 381 1383 6
410 1331 524 1399 φῶς
558 1330 698 1401 ἔχων
734 1331 797 1384 τὸ
824 1331 965 1385 θετον
997 1334 1076 1396 είς
1106 1333 1251 1401 νοῦν,
1284 1335 1379 1388 καὶ
1405 1337 1517 1398 τοῖς
1561 1335 1660 1406 τῆς
1690 1335 1930 1401 διανοίας

353 1423 565 1495 ὄμμασι
592 1423 935 1496 καταθρῆσαι
959 1425 1275 1495 δυνάμενος,
1312 1426 1399 1490 τίς
1431 1428 1460 1480 6
1486 1426 1647 1497 φύσει
1682 1429 1775 1482 καὶ
1799 1428 1931 1500 ἀλη-

356 1514 466 1578 θῶς
494 1517 608 1569 ἐστι
646 1514 799 1580 Θεὸς,
827 1514 1055 1570 καὶτῶν
1079 1516 1214 1571 ὅλων
1241 1517 1642 1588 γενεσιουργὺς,
1681 1518 1778 1573 καὶ
1817 1520 1932 1573 Κύ-

357 1622 492 1676 ριος·
520 1608 643 1661 ἐπεὶ
665 1607 721 1661 δὲ
743 1608 820 1671 ὡς
846 1607 961 1677 φῶς
975 1607 1188 1680 ἀνέσχε,
1224 1609 1318 1663 καὶ
1348 1609 1424 1673 ὡς
1452 1609 1672 1681 λαμπὰς
1693 1610 1930 1683 ἀνέλαμ-

2028 1090 2129 1130 nec
2160 1073 2441 1143 quisquam
2480 1082 2596 1127 erat
2622 1076 2713 1142 qui
2741 1072 2980 1126 divinam
3006 1071 3179 1126 lucem
3208 1073 3262 1126 in
3296 1081 3471 1125 tuente
3497 1072 3598 1125 ha-

2029 1166 2201 1229 beret,
2228 1174 2284 1218 et
2323 1164 2414 1233 qui
2447 1172 2627 1232 posset
2675 1162 2841 1217 animi
2872 1161 3043 1218 oculis
3097 1162 3302 1227 videre,
3353 1161 3599 1229 quisnam

2027 1256 2203 1311 sitille
2232 1266 2420 1309 natura
2450 1262 2646 1309 ett-vere
2667 1254 2828 1317 Deus,
2858 1263 2910 1308 et
2930 1254 3302 1308 universorum
3345 1250 3603 1307 Conditor

2028 1355 2082 1399 et
2100 1344 2375 1400 Dominus.
2402 1343 2692 1413 Postquam
2728 1359 2856 1397 vero
2894 1343 3153 1397 Servator
3176 1356 3273 1396 ceu
3323 1341 3409 1395 lux
3441 1356 3602 1395 exor-

2028 1448 2114 1491 tus
2133 1445 2237 1503 est,
2268 1445 2324 1491 et
2346 1451 2445 1491 ceu
2475 1435 2685 1504 lampas
2714 1433 3175 1502 illuxit,deinceps
3203 1431 3603 1486 illustratus’eSt

2029 1529 2179 1587 orbis
2211 1538 2499 1593 terrarum,
2520 1535 2575 1581 ct
2603 1527 2795 1581 salutis
2823 1525 2964 1579 viam
2986 1540 3082 1591 per
3110 1524 3284 1595 ipsum
3308 1524 3483 1578 intuiti
3512 1536 3605 1577 su-

2032 1636 2170 1678 mus.
2224 1620 2424 1675 Deinde
2492 1618 2781 1688 alloquitur
2835 1616 3131 1673 Ecclesiam
3176 1631 3243 1671 ex
3298 1615 3603 1670 .ludaeorutn

352 1697 452 1768 ψεν
475 1700 505 1753 6
532 1699 744 1773 Σωτὴρ,
771 1699 1148 1771 κατεφωτίσθη
1181 1700 1422 1772 λοιπὸνιή
1446 1702 1536 1755 ὑπ’
1555 1703 1805 1775 οὐρανὸν,
1837 1706 1933 1757 καὶ

2033 1727 2213 1785 grege,
2238 1710 2626 1781 perindequasi
2685 1709 2922 1765 nondum
2966 1709 3177 1762 irretita
3224 1714 3368 1763 esset
3416 1705 3601 1759 multi-

354 1790 451 1862 τὴν
478 1790 580 1861 τῆς
616 1792 682 1846 δι’
708 1791 874 1847 αὐτοῦ
906 1793 1184 1865 σωτηρίας
1213 1792 1520 1864 τεθεάμεθα
1561 1795 1767 1866 τρίϐον.
1800 1790 1933 1848 Εἶτα

2035 1783 2161 1860 tudo
2183 1804 2458 1875 gentium,
2482 1821 2502 1855 ι
2539 1802 2802 1857 Videbunt
2837 1810 3027 1870 gentes
3064 1798 3328 1868 justitiam
3354 1805 3523 1859 tuam,
3551 1805 3608 1850 et

354 1883 492 1954 πρὸς
522 1883 621 1955 τὴν
644 1883 970 1957 Ἐκκλησίαν
1002 1887 1136 1957 φησὶ
1173 1886 1274 1958 τὴν
1301 1887 1409 1941 ἀπό
1438 1904 1502 1955 γε
1527 1888 1626 1957 τῆς
1660 1885 1932 1941 Ἰουδαίων

353 1972 574 2046 ἀγέλης,
623 1976 713 2029 καὶ
735 1976 807 2039 ὡς
831 1975 983 2030 οὔπω
1015 1980 1114 2049 τῆς
1142 1977 1252 2032 τῶν
1278 1977 1450 2032 ἐθνῶν
1482 1978 1723 2049 πληθύος
1767 1995 1930 2032 σεσα-

352 2068 713 2138 γηνευμένης,
746 2069 829 2122 ὅτι
850 2087 868 2121 ι
901 2070 1161 2139 Ὄψονται
1178 2069 1306 2141 ἔθνη
1321 2070 1420 2141 τὴν
1448 2068 1791 2141 δικαιοσύνην
1811 2086 1928 2134 σου,

354 2162 447 2215 καὶ
478 2161 715 2232 βασιλεῖς
733 2164 833 2236 τὴν
849 2164 1008 2231 δόξαν
1036 2182 1151 2219 σου.
1180 2183 1199 2217 ι
1228 2164 1585 2236 Δικαιοσύνην
1616 2165 1673 2218 δὲ
1691 2164 1854 2219 πάλιν
1875 2167 1943 2218 ὲν·

353 2254 583 2319 τούτοις,
636 2257 732 2310 καὶ
771 2256 874 2327 μέν
903 2273 987 2311 τοι
1031 2257 1127 2312 καὶ
1163 2257 1341 2324 δόξαν,
1386 2257 1538 2312 οὐδὲν
1570 2258 1758 2329 ἕτερον
1792 2252 1934 2311 εἷναί

357 2361 491 2415 φησι
544 2345 681 2417 πλὴν
707 2347 788 2401 δτι
807 2348 898 2402 τὸν
917 2348 1122 2419 Κύριον
1144 2350 1302 2420 ἡμῶν
1335 2349 1542 2421 Ἰησοῦν
1563 2350 1657 2404 τὸν
1675 2351 1928 2422 Χριστόν.

353 2435 758 2507 Δεδικαιώμεθα
783 2437 894 2510 γὰρ
926 2440 984 2493 ὲν
1013 2438 1184 2509 αὐτῷ,
1216 2442 1312 2494 καὶ⁵
1347 2441 1449 2513 τὴν
1478 2442 1606 2512 παρ’
1641 2440 1806 2495 αὐτοῦ
1836 2457 1936 2494 πε-

354 2527 633 2598 πλουτήκα
641 2546 740 2598 μεν
785 2529 963 2594 δόξαν.
988 2530 1163 2584 Αὐτοῦ
1186 2530 1296 2601 γάρ
1324 2530 1651 2603 γεγόναμεν,
1683 2532 1779 2585 καὶ
1801 2530 1936 2600 κλῆ-

355 2634 449 2689 ρος
501 2618 664 2673 αὑτοῦ
711 2620 1142 2691 χρηματίζομεν.
1188 2620 1515 2691 Τετάγμεθα
1557 2621 1615 2674 δὲ
1686 2621 1780 2674 καὶ
1830 2621 1936 2675 ὑπὸ

355 2708 497 2777 ζυγά
531 2710 626 2763 καὶ
654 2709 927 2782 σκῆπτρα,
961 2706 1059 2781 τὴν
1081 2708 1177 2764 τοῦ
1204 2709 1325 2763 καθ’
1356 2710 1517 2781 ἡμῶν
1565 2712 1935 2782 τυραννήσαν-

354 2816 446 2863 τος
471 2799 783 2866 πλεονεξίαν
810 2799 1201 2871 ἀπονιψάμενοι
1224 2818 1238 2833 ·
1268 2800 1351 2855 δτι
1382 2800 1440 2854 δὲ
1464 2800 1567 2871 τῆς
1596 2800 1742 2854 κατὰ
1768 2801 1935 2872 νόμον

355 2890 609 2962 λατρείας
638 2892 1073 2962 άποφοιτήσασα,
1097 2892 1193 2945 καὶ
1237 2885 1350 2945 οἷον
1379 2890 1761 2963 μεταϐαλοῦσα
1800 2893 1936 2964 πρὸς

355 2982 648 3053 καινότητα
681 2984 827 3054 ζωῆς
868 2982 1249 3053 εὐαγγελικῆς,
1276 2984 1370 3036 καὶ
1398 2982 1495 3054 τὴν
1536 2983 1773 3055 ἀρχαίαν
1802 2983 1938 3053 κλῆ-

2035 1908 2191 1964 reges
2222 1893 2447 1964 gloriam
2473 1902 2640 1946 tuam.
2682 1909 2702 1942 ι
2729 1890 3000 1944 Justitiam
3028 1902 3216 1943 rursus
3275 1896 3331 1942 et
3380 1887 3608 1957 gloriam

2033 1985 2121 2041 hic
2150 1985 2293 2039 aliud
2324 1984 2454 2038 nihil
2478 1998 2597 2038 esse
2649 1982 2801 2049 dicit,
2878 1989 3233 2053 prmterquam
3319 1979 3604 2033 Dominum

2034 2084 2277 2131 nostrum
2303 2072 2483 2129 Iesum
2506 2072 2796 2128 Christum.
2857 2070 2915 2126 In
2973 2073 3089 2141 ipso
3139 2070 3282 2125 enim
3325 2068 3606 2139 iustiﬁcati

2033 2179 2243 2231 sumus,
2271 2171 2326 2219 et
2347 2164 2516 2233 gloria
2546 2165 2614 2218 ab
2644 2164 2760 2234 ipso
2786 2162 2939 2218 ditati
2959 2176 3167 2217 sumus.
3188 2160 3361 2231 Ipsius
3380 2174 3612 2229 namque

2035 2271 2243 2322 sumus,
2269 2265 2323 2311 et
2359 2269 2478 2310 sors
2501 2254 2618 2323 ejus
2647 2253 3228 2324 nuncupamur.lpsius
3256 2252 3383 2323 jugo
3411 2260 3465 2305 et
3488 2264 3603 2305 sce-

2035 2358 2155 2419 ptro
2183 2348 2485 2418 paruimus,
2543 2347 2793 2402 abdicato
2825 2345 3057 2401 violento
3082 2344 3199 2414 ejus
3259 2342 3484 2413 imperio
3520 2340 3609 2410 qui

2036 2440 2089 2495 in
2121 2456 2220 2495 uos
2247 2440 2581 2512 tyrannidem
2632 2439 2894 2494 exercuit.
2951 2438 3102 2504 Quod
3161 2445 3340 2490 autem
3395 2450 3423 2486 a
3476 2432 3612 2504 legis

2035 2532 2180 2587 cultu
2205 2532 2482 2597 recedens,
2509 2539 2564 2585 et
2610 2529 2757 2585 velut
2806 2528 2873 2582 ad
2929 2528 3223 2583 novitatem
3283 2524 3452 2595 87o
3481 2524 3604 2577 vitae

2036 2623 2356 2695 evangelica:
2385 2628 2768 2683 transmutata,
2792 2628 3031 2672 veterem
3061 2616 3220 2672 simul
3270 2616 3488 2685 abjiciet
3517 2629 3612 2669 vo-

2036 2717 2330 2780 cationem,
2352 2723 2406 2767 et
2428 2726 2566 2768 novo
2595 2709 2850 2780 deinceps
2891 2707 3333 2764 denominabitur
3375 2707 3611 2768 nomine.

2036 2807 2302 2863 arbitratu
2335 2814 2390 2861 et
2418 2804 2699 2859 voluntate
2731 2801 2824 2856 Dei
2860 2801 3104 2856 omnium
3130 2798 3389 2867 supremi,
3430 2805 3615 2852 osten-

2037 2899 2134 2961 dit,
2167 2898 2390 2951 dicens:
2429 2914 2448 2947 t
2482 2893 2776 2950 Vocabitur
2819 2893 2914 2947 tibi
2966 2906 3156 2948 nomen
3194 2904 3411 2956 novom,
3470 2886 3614 2958 quod

2039 2990 2297 3045 Dominus
2325 2974 2637 3043 nominabit.
2700 3004 2718 3037 ι
2771 2984 2885 3041 Non
2938 2984 3083 3040 enim
3129 2982 3269 3037 ultra
3333 2981 3475 3036 dicta
3523 2988 3612 3035 est

355 3085 443 3124 σιν
481 3070 865 3138 συναποϐαλεϊ,
920 3071 1446 3143 μετονομασθήσεται
1493 3072 1551 3126 δὲ
1595 3073 1783 3128 λοιπὸν
1817 3073 1934 3127 ὀνό-

2040 3083 2346 3153 Synagoga,
2371 3078 2465 3133 sed
2496 3076 2736 3132 Ecclesia
2766 3074 2862 3129 Dei
2901 3073 3155 3139 viventis,
3206 3070 3397 3127 civitas
3425 3085 3487 3123 ac
3512 3069 3613 3123 do-

358 3176 488 3228 ματι
519 3160 711 3231 καινῷ,
756 3160 897 3215 κατά
923 3160 984 3215 τὸ
1030 3162 1222 3216 δοκοῦν
1274 3164 1353 3234 τῷ
1393 3164 1489 3217 ἐπὶ
1541 3165 1752 3229 πάντας
1794 3165 1934 3237 Θεῷ,

353 3251 676 3305 διαδείκνυσι
710 3252 883 3321 λέγων
903 3265 918 3282 ⁸
962 3271 981 3304 ι
1012 3254 1249 3307 Καλέσει
1278 3254 1339 3307 τὸ
1374 3254 1546 3325 ὄνομά
1575 3273 1669 3310 σου
1702 3257 1764 3310 τὸ
1809 3274 1935 3311 και-

355 3345 463 3407 νὸν,
484 3343 512 3397 ὃ
542 3345 572 3397 6
599 3342 803 3414 Κύριος
830 3343 1086 3427 ὁνομάσει
1106 3344 1255 3397 αὑτό·
1279 3363 1299 3397 ι
1328 3345 1588 3416 κέκληται
1615 3347 1725 3419 γάρ
1750 3348 1936 3402 οὐκέτι

357 3434 645 3504 συναγωγὴ
670 3434 890 3505 μᾶλλον,
929 3434 1045 3488 ἀλλ’
1080 3434 1377 3504 Ἐκκλησία
1418 3435 1554 3489 Θεοῦ
1591 3435 1815 3502 ζῶντος,
1849 3438 1939 3491 πό-

358 3525 440 3590 λις
465 3543 525 3579 τε
556 3526 653 3579 καὶ
691 3521 840 3590 οἶκος
862 3525 1052 3583 αὑτοῦ.
1081 3526 1459 3598 Διαμέμνηται
1485 3527 1796 3600 γάράὐτῆς
1843 3532 1937 3583 καὶ

353 3619 383 3672 6
409 3618 695 3682 θεσπέσιος
719 3617 901 3685 Δαϐὶδ,
920 3616 1062 3671 οὕτω
1090 3617 1265 3685 λέγων
1286 3635 1300 3649 ·
1339 3635 1360 3669 t
1406 3618 1780 3689 Δεδοξασμένα
1815 3620 1938 3673 ὲλα·

353 3708 490 3781 λήθη
520 3709 651 3782 περὶ
678 3707 773 3763 σοῦ
806 3709 839 3779 ἡ
870 3707 1023 3772 πόλις
1055 3707 1151 3760 τοῦ
1172 3707 1329 3762 Θεοῦ.
1369 3727 1388 3761 ι
1419 3709 1612 3762 Ἔσται
1642 3708 1698 3763 δὲ
1731 3710 1816 3763 ὅτι
1844 3711 1938 3765 καὶ

354 3800 634 3873 εὐπρεπὴς
672 3802 832 3869 ἄγαν,
865 3800 960 3854 καὶ
995 3799 1373 3871 ἀπαραϐλήτῳ
1411 3800 1597 3856 κάλλει
1644 3817 1937 3874 κατεστεμ-

358 3891 498 3963 μένη
524 3931 539 3958 ,
562 3892 803 3947 διδάσκει
828 3891 1003 3961 λέγων
1022 3907 1047 3942 ·.
1078 3909 1097 3943 ι
1130 3892 1269 3966 Ἔσῃ
1299 3892 1563 3964 στέφανος
1601 3893 1830 3959 κάλλους
1878 3896 1937 3948 ὲν

354 3983 499 4056 χειρί⁸
528 3983 754 4055 Κυρίου,
785 3982 880 4036 καὶ
924 3981 1162 4053 διάδημα
1196 3981 1476 4053 βασιλείας
1530 3985 1591 4038 ὲν
1627 3984 1771 4056 χειρὶ
1800 3982 1936 4038 Θεοῦ

354 4090 469 4129 σου.
503 4092 523 4126 ι
564 4073 832 4145 Ἐκάστην
851 4072 959 4147 γάρ
981 4072 1144 4141 ἁγίαν
1165 4072 1364 4145 ψυχὴν,
1393 4073 1487 4127 καὶ
1509 4074 1813 4146 συλλήϐδην
1839 4073 1937 4146 τὴν

366 4164 710 4237 Ἐκκλησίαν,
774 4164 1037 4231 τουτέστι,
1096 4164 1166 4217 τὰ
1220 4166 1330 4219 τῶν
1371 4165 1542 4234 ἁγίων
1577 4166 1935 4237 συστήματα,

355 4258 604 4329 στεφάνῳ
634 4256 1030 4327 παρεικαστέον
1051 4257 1127 4324 ,ὲκ
1162 4255 1371 4310 πολλῶν
1404 4255 1612 4311 ἀνθέων
1662 4258 1937 4312 συντεθει-

358 4348 522 4419 μένῳ,
573 4350 740 4419 ἦγουν
793 4347 1083 4418 διαδήματι
1132 4345 1417 4419 βασιλικῷ,
1474 4346 1640 4412 λίθοις
1696 4349 1938 4414 Ἰνδικοῖς

2009 3160 2159 3228 imus
2185 3173 2324 3241 ejus.
2373 3167 2539 3238 Cujus
2582 3167 2827 3223 meminit
2869 3166 3032 3221 etiam
3092 3164 3306 3220 divinus
3340 3160 3508 3217 David
3560 3161 3615 3215 in

2038 3266 2177 3323 hanc
2200 3260 2526 3318 sententiam
2568 3276 2581 3313 :
2609 3277 2628 3311 ι
2663 3258 2906 3314 Gloriosa
2936 3258 3079 3313 dicta
3115 3264 3241 3312 sunt
3271 3256 3337 3309 de
3370 3265 3443 3319 te,
3483 3253 3619 3308 civi-

2039 3364 2121 3409 tas
2146 3354 2236 3408 Dei
2275 3353 2343 3407 ".
2382 3369 2402 3403 ι
2430 3350 2569 3405 Fore
2600 3364 2813 3420 quoque
2850 3348 2991 3403 illam
3033 3348 3192 3403 valde
3218 3346 3521 3419 speciosam
3565 3352 3622 3398 ct

2038 3443 2447 3513 incomparabili
2507 3441 2680 3511 gloria
2736 3452 3051 3497 coronatam
3109 3440 3290 3504 docet,
3316 3439 3615 3508 inquiens:

2046 3550 2065 3584 ι
2099 3524 2220 3586 Elis
2251 3548 2453 3588 corona
2511 3530 2931 3603 pulchritudinis
2982 3530 3033 3583 in
3096 3545 3257 3582 manu
3306 3528 3621 3592 Domini,et

2037 3623 2283 3678 diadema
2298 3622 2445 3691 regni
2463 3621 2517 3676 in
2539 3636 2696 3674 manu
2719 3619 2813 3674 Dei
2841 3619 2972 3673 tui.»
3003 3618 3447 3687 Unamquamque
3474 3618 3617 3671 cnim

2038 3714 2274 3770 animam
2303 3720 2568 3779 sanctam,
2596 3720 2651 3766 et
2681 3710 2987 3765 universam
3047 3709 3271 3764 omnino
3300 3708 3613 3770 Ecclesiam,

2038 3804 2090 3859 id
2112 3812 2213 3868 est,
2240 3804 2547 3857 sanctoruin
2571 3810 2793 3863 coetum.
2840 3814 3052 3855 coronre
3076 3814 3328 3867 compara
3342 3814 3396 3853 re
3468 3797 3615 3863 licet,

2037 3907 2104 3949 ex
2137 3890 2321 3946 multis
2339 3888 2591 3955 ﬂosculis,
2631 3888 2963 3958 composita},
2992 3887 3078 3941 vel
3128 3888 3275 3959 regio
3321 3887 3617 3943 diademati

2037 3981 2305 4053 lapidibus
2362 3980 2561 4037 iudicis
2639 3980 2902 4051 fulgenti,
2965 3988 3021 4036 et
3082 3980 3225 4050 quod
3271 3979 3617 4048 multiplicem

2038 4073 2200 4131 habet
2227 4071 2515 4133 et,variam
2571 4069 2919 4139 elegantiam.
2978 4068 3229 4125 Plurima:
3283 4080 3411 4125 sunt
3453 4071 3617 4126 etiam

2038 4172 2350 4220 sanctorum
2385 4162 2616 4233 egregiae
2640 4161 2893 4227 virtutes,
2922 4168 2978 4216 et
3004 4177 3109 4217 non
3148 4176 3311 4215 unum
3339 4168 3423 4215 est
3454 4175 3619 4214 orna-

2039 4264 2341 4311 mentorum
2379 4252 2687 4325 genus,sed
2720 4252 2999 4323 multiplex
3029 4262 3084 4308 et
3111 4252 3405 4307 diversum.
3436 4250 3618 4320 Siqui-

2037 4348 2159 4403 dem
2196 4355 2251 4401 et
2279 4347 2495 4402 divinus
2543 4343 2712 4400 David
2737 4343 3035 4399 Ecclesiam
3064 4343 3265 4399 Christi
3333 4344 3389 4397 in
3418 4343 3618 4397 vestitu

355 4438 711 4508 ἑκλάμποντι,
762 4438 859 4491 καὶ
906 4436 1199 4501 πολυειδῶς
1250 4437 1426 4508 ἔχοντι
1484 4438 1546 4492 τὸ
1598 4438 1919 4511 διαπρεπές

2033 4437 2287 4494 deaurato
2312 4437 2699 4492 circumdatam
2729 4450 2795 4491 ac
2820 4436 3146 4505 variegatam
3177 4434 3381 4489 inducit
3403 4432 3470 4486 “.
3501 4451 3520 4485 ι
3551 4433 3610 4488 lu

356 4528 580 4581 πλείστα
601 4529 657 4582 δὲ
682 4528 784 4599 ὅσα
831 4529 927 4581 καὶ
976 4528 1045 4582 τὰ
1072 4527 1181 4581 τῶν
1225 4527 1397 4596 ἁγίων
1443 4527 1931 4599 ἀνδραγαθήματα,

2041 4545 2204 4584 manu
2230 4527 2464 4595 Domini,
2498 4528 2538 4579 ι’
2566 4527 2757 4598 inquit,
2795 4528 2845 4582 id
2889 4536 2992 4593 est,
3046 4525 3381 4596 protectione
3426 4539 3619 4579 manus

354 4618 457 4676 καὶ
474 4620 573 4691 οὐχ
599 4614 680 4683 εἷς
718 4618 918 4690 μᾶλλον
954 4618 1063 4671 τῶν
1083 4618 1418 4689 αὐχημάτων
1455 4618 1485 4672 6
1515 4618 1738 4689 τρόπος,
1767 4619 1934 4683 πολὺς

2042 4636 2173 4676 mea:
2202 4630 2479 4690 protegam
2506 4629 2578 4676 te.
2606 4620 2672 4675 Et
2702 4621 2815 4690 ipse
2838 4633 3053 4689 quoque
3102 4616 3352 4673 Christus
3380 4616 3449 4673 de
3503 4616 3618 4672 suis

353 4714 410 4767 δὲ
449 4712 545 4766 καὶ
584 4710 859 4781 διάφορος.
913 4708 1026 4761 Καὶ
1064 4708 1197 4777 γοῦν
1225 4711 1257 4764 6
1287 4709 1575 4773 θεσπέσιος
1618 4708 1782 4763 Δαϐὶδ
1836 4708 1933 4780 τὴν

2039 4715 2229 4769 ovibus
2278 4713 2361 4768 vel
2383 4713 2451 4768 de
2504 4727 2666 4783 grege
2706 4711 3044 4768 credentium
3098 4711 3152 4766 in
3208 4711 3381 4779 ipsum
3445 4708 3614 4763 dicit:

368 4803 696 4875 Ἐκκλησίαν
714 4799 808 4856 τοῦ
832 4797 1068 4872 Χριστοῦ
1096 4800 1154 4854 ὲν
1175 4799 1451 4871 ἱματισμῷ
1470 4800 1746 4872 διαχρύσῳ
1775 4818 1932 4872 περιη-

2046 4819 2064 4853 ι
2094 4799 2264 4856 Nemo
2289 4801 2481 4871 eripiet
2500 4816 2594 4857 eas
2621 4801 2684 4857 de
2709 4815 2869 4855 manu
2912 4801 3086 4856 Patris
3114 4800 3218 4855 mei
3242 4801 3311 4853 ’⁸.
3352 4818 3369 4850 ι

355 4900 694 4972 ϐεϐλημένην
758 4894 1183 4966 πεποικιλμένην
1249 4894 1507 4966 εἰσφέρει,
1560 4896 1621 4950 τὸ
1670 4895 1727 4949 δὲ
1759 4914 1777 4948 ι
1832 4897 1919 4949 Ἐν
1992 4896 2136 4968 χειρὶ
2184 4896 2412 4966 Κυρίου,
2473 4916 2492 4949 ι
2531 4897 2686 4968 φησι,
2753 4896 3050 4962 τουτέστιν,
3122 4896 3227 4950 ὑπὸ
3276 4895 3485 4964 σκέπην
3521 4894 3616 4964 τῆς

354 4994 531 5068 χειρός
574 5007 676 5063 μου
726 4988 984 5043 σκεπάσω
1013 5000 1095 5040 σε’
1135 4987 1229 5041 καὶ
1253 4987 1414 5051 αὑτὸς
1440 4987 1499 5041 δέ
1545 5005 1649 5041 που
1693 4988 1925 5060 Χριστὸς
1964 4990 2094 5060 περὶ
2150 4989 2259 5044 τῶν
2300 4988 2442 5043 ἰδίων
2469 4989 2822 5063 θρεμμάτων,
2880 4990 2973 5044 καὶ
2991 4990 3109 5059 ἦτοι
3136 4988 3236 5058 τῆς
3269 4985 3380 5039 τῶν
3404 4999 3613 5040 πιστευ.

356 5085 563 5138 σάντων
586 5083 666 5145 εἰς
694 5078 855 5134 αὐτὸν
885 5076 1087 5148 ἀγέλης
1118 5079 1304 5149 φησὶν,
1351 5077 1432 5131 ὅτι
1471 5095 1491 5130 ι
1529 5077 1718 5142 Οὐδεὶς
1747 5079 1983 5151 ἁρπάσει
2005 5078 2146 5133 αύτά
2176 5081 2240 5133 ἐκ
2270 5080 2371 5150 τῆς
2404 5080 2588 5152 χειρὸς
2625 5079 2720 5133 τοῦ
2754 5080 2963 5150 Πατρός
2991 5094 3113 5150 μου,
3139 5096 3158 5128 ι

424 5172 531 5227 Καὶ
557 5168 755 5226 οὐκέτι
784 5167 1067 5238 κληθήσῃ
1096 5168 1631 5236 καταλελειμμένῃ,
1658 5167 1759 5221 καὶ
1793 5169 1832 5235 ἠ
1856 5167 1931 5238 γῆ

2115 5168 2276 5225 Vt-ztts.
2300 5170 2355 5225 4.
2400 5170 2469 5225 Et
2508 5186 2837 5242 nequaquam
2882 5168 3021 5224 ultra
3044 5168 3312 5223 vocaberis
3340 5166 3613 5231 derelicta,

351 5281 468 5318 σου
515 5264 587 5317 οὐ
624 5258 990 5329 κληθήσεται
1016 5258 1257 5328 ἕρημος*
1290 5258 1389 5313 σοὶ
1423 5258 1532 5327 γὰρ
1561 5258 1931 5327 κληθήσεται

2040 5276 2132 5314 nec
2162 5271 2303 5316 terra
2339 5274 2429 5316 tua
2484 5266 2749 5318 vocabitur
2774 5264 2995 5318 deserta.
3031 5258 3144 5315 Tibi
3179 5260 3315 5315 enim
3350 5260 3615 5315 vocabitur

353 5354 579 5422 θέλημα
614 5351 783 5421 ἐμὸν,
815 5351 914 5405 καί
942 5348 1017 5418 τῇ
1044 5347 1121 5419 τῇ
1156 5365 1274 5404 σου
1312 5345 1634 5417 οἰκουμένη
1666 5348 1767 5417 (l).

2037 5350 2281 5406 voluntas
2307 5370 2441 5419 mea,
2468 5362 2517 5409 et
2550 5362 2703 5408 terra:
2724 5363 2831 5409 tua:
2867 5354 3127 5409 habitata.

421 5512 465 5543 "
503 5509 658 5567 Joan.
691 5525 764 5576 Ix,
796 5509 848 5563 5.
922 5509 968 5542 ”
991 5506 1131 5563 Psal.
1159 5522 1377 5573 unm,
1408 5507 1461 5564 5.
1537 5503 1584 5537 ”
1616 5502 1759 5558 Psal.
1839 5519 1985 5570 XLIV,
2020 5503 2104 5559 ιο.
2182 5507 2227 5537 ’⁸
2263 5506 2416 5563 Joan.
2456 5525 2507 5571 κ,
2544 5507 2633 5562 29.

424 5648 499 5718 (Ι)
532 5646 786 5714 Sequitur
813 5644 865 5697 itt
889 5642 1018 5696 edit.
1268 5644 1350 5723 δτι
1376 5641 1635 5723 εὐδόκησε
1698 5639 1898 5710 Κύριος
1924 5641 1934 5692 i

2033 5643 2126 5708 τοὶ,
2169 5645 2261 5696 καὶ
2318 5647 2349 5715 ἠ
2382 5645 2453 5716 γῆ
2485 5661 2576 5697 σου
2646 5643 3133 5718 συνοικισθησεται,
3197 5657 3315 5713 quae
3346 5651 3519 5696 tamen
3544 5637 3602 5693 S.

355 5711 709 5786 llteronytuus
741 5723 898 5783 negat
927 5713 1066 5781 apud
1099 5711 1240 5765 LXX
1268 5712 1472 5765 haberi.
