4042 6218
460 222 590 280 1371

1449 228 1506 286 S.
1545 229 1824 286 CYRILLI
1861 229 2335 288 ALEXANDRINI
2374 230 2694 288 ARCBIEP.

3590 227 3728 284 1372

525 337 736 395 Rursus
762 338 918 396 docet
951 339 1320 409 depositurum
1376 357 1434 399 se
1468 353 1620 403 vetus
1668 347 1876 417 odium,
1927 363 2032 417 quo

2207 348 2549 404 Διαδιδάσκει
2579 347 2758 414 πάλιν,
2803 345 2881 401 ὅτι
2915 345 3014 417 τῆς
3069 343 3305 416 ἀρχαίας
3345 342 3728 414 ἀποστροφῆς,

455 445 595 502 saepe
641 440 957 502 prosecutus
983 431 1366 490 estJndaicam
1424 437 1786 512 Synagogam.
1845 443 1915 496 ab
1951 445 2028 497 ira

455 522 777 578 destiturum
804 564 819 590 ,
854 523 1123 579 facturum
1158 541 1276 581 eam
1308 529 1664 588 voluntariam
1699 545 1753 589 et
1781 536 2031 592 fructuo-

453 627 592 683 sam,
641 633 705 672 ac
763 616 1102 673 multitudine
1149 623 1479 676 credentium
1525 634 1863 682 ornaturum.
1901 628 2030 683 Sion

451 706 616 772 enim,
647 709 926 775 repudiato
970 709 1194 767 Domino
1224 722 1409 769 nostro
1450 714 1576 772 Jesu
1633 717 1873 785 Christo,
1940 734 2029 774 re-

449 798 604 851 dacta
637 807 720 851 est
742 797 794 852 in
825 800 1151 866 vastitatem,
1183 813 1237 857 et
1269 804 1554 862 multitudo
1592 810 1883 863 inﬁdelium
1910 827 2031 879 per-

452 887 529 941 iit.
587 886 944 959 Posteaquam
971 907 1098 947 vero
1127 895 1369 965 reliquie:
1391 897 1545 951 tidem
1605 914 1942 968 receperunt,
1976 911 2031 956 et

449 992 610 1043 porro
646 990 832 1035 vocata
865 991 946 1036 est
997 983 1284 1042 multitudo
1323 989 1588 1058 gentium,
1626 1005 1689 1045 ac
1744 992 1797 1045 in
1862 1009 2026 1046 unum

449 1071 701 1140 populum
744 1073 794 1126 hi
825 1076 930 1128 duo
960 1077 1161 1132 conditi
1186 1089 1335 1147 sunt,
1361 1091 1416 1134 et
1441 1097 1543 1135 una
1571 1082 1784 1138 demum
1813 1099 1878 1140 ex
1911 1101 2027 1139 am-

448 1161 777 1218 Iiobusdicta
802 1175 884 1220 est
918 1166 1178 1237 Ecclesia,
1229 1170 1454 1240 largitur
1491 1171 1537 1226 ei
1569 1173 1751 1239 .Deus,
1789 1186 1848 1231 ut
1884 1176 2028 1232 nullo

449 1252 605 1308 nmdo
630 1255 872 1322 pristinis
897 1258 1050 1313 malis
1081 1260 1407 1330 implicetur,
1436 1279 1535 1318 nec
1583 1264 1840 1321 derelicta
1871 1282 2026 1322 voce-

450 1353 536 1396 tur
568 1345 652 1400 vel
680 1348 916 1412 deserta,
957 1354 1049 1406 sed
1075 1361 1131 1406 ut
1160 1354 1335 1423 potius
1366 1354 1415 1409 ei
1441 1357 1706 1427 morigera
1743 1367 1798 1412 et
1836 1360 2027 1415 volun-

449 1437 582 1490 taria
611 1437 702 1492 fiat
729 1455 744 1493 :
770 1441 934 1511 871
963 1452 1016 1497 et
1045 1459 1150 1499 non
1185 1447 1420 1515 amplius
1456 1449 1690 1516 deserta,
1727 1453 1822 1506 sed
1868 1452 2024 1508 habi-

449 1536 560 1582 tata
582 1531 884 1588 vocabitur.
939 1534 1052 1589 lloc
1099 1548 1277 1594 autem
1332 1556 1394 1595 ex
1423 1542 1582 1597 rebus
1615 1543 1746 1611 ipsis
1777 1543 2025 1603 videmus

447 1621 782 1689 usuvenisse,
813 1635 868 1678 et
903 1625 1172 1684 Ecclesias
1197 1631 1398 1701 ubique
1443 1632 1493 1686 in
1558 1636 1952 1704 tranquillitate
1973 1647 2026 1692 et

2133 433 2200 511 ἦς
2238 440 2530 511 πεποίηται
2587 438 2846 502 πολλάκις
2891 438 2982 490 ἐπὶ
3019 439 3085 507 τῇ
3135 435 3242 488 τῶν
3287 435 3559 489 Ἰουδαίων
3594 435 3729 488 Συνσ

2133 536 2344 604 αγωγῇ,
2364 531 2656 602 καταλήξει
2679 531 2888 596 λοιπδνυ
2911 528 3006 582 καὶ
3027 528 3368 582 πεπαύσεται
3390 526 3491 596 τῆς
3528 525 3728 598 ὁργῆς⁸

2133 625 2361 697 θελητὴν
2391 625 2448 679 δὲ
2471 625 2777 695 ποιήσεται,
2807 621 2902 676 καὶ
2935 620 3160 692 προσέτι
3193 620 3368 690 τούτῳ
3395 619 3491 671 καὶ¹
3519 618 3725 690 ἐγκαρ-

2134 735 2253 781 πον.
2289 715 2491 787 καὶτῷ
2537 715 2733 786 πλήθει
2784 713 2892 768 τῶν
2927 713 3370 766 πεπιστευκότων
3419 727 3729 778 στεφανου-

2135 810 2301 880 μένην
2341 810 2628 877 ἀποφανεῖ.
2695 805 3034 876 Ἀθετήσασα
3077 804 3175 874 μὲν
3216 803 3323 873 γὰρ
3366 805 3400 875 ἡ
3458 801 3596 866 Σιὼν
3630 802 3728 855 τὸν

2132 901 2337 970 Κύριον
2367 899 2522 970 ἡμῶν
2566 896 2772 968 Ἰησοῦν
2799 898 3056 969 Χριστὸν,
3088 895 3299 950 δέδοται
3324 895 3458 965 πρὸς
3494 896 3724 965 ἐρήμω-

2133 1005 2237 1050 σιν,
2260 989 2353 1040 καὶ
2378 988 2410 1057 ὴ
2436 986 2542 1039 τῶν
2567 985 2984 1057 ἀπιστησάντων
3007 984 3226 1037 διόλωλε
3258 981 3487 1054 πληθύς.
3536 985 3723 1036 Ἐπει·

2128 1079 2194 1150 δὴ
2226 1080 2281 1132 δὲ
2313 1078 2642 1150 παρεδέξατο
2663 1079 2760 1149 τὴν
2791 1077 2972 1132 πίστιν
2993 1077 3054 1130 τδ
3077 1077 3450 1148 κατάλειμμα,
3477 1069 3596 1129 εἶτα
3631 1075 3719 1128 κέ-

2131 1173 2325 1243 κληται
2355 1173 2493 1243 πρὸς
2521 1171 2669 1242 αὐτῷ
2700 1171 2806 1224 τῶν
2837 1169 3008 1223 ἐθνῶν
3037 1171 3071 1240 ἡ
3106 1168 3336 1239 πληθὺς,
3379 1167 3475 1220 καὶ
3501 1168 3581 1230 εἰς
3617 1167 3722 1220 ἕνα

2128 1264 2258 1318 λαὸν
2273 1263 2600 1334 ἐκτίσθησαν
2623 1264 2673 1316 οί
2701 1262 2813 1327 δύο,
2845 1261 2945 1332 μία
2979 1278 3038 1312 τε
3063 1259 3250 1313 λοιπὸν
3282 1257 3342 1324 ἐξ
3373 1258 3579 1328 ἀμφοῖν
3617 1273 3719 1308 κε-

2139 1355 2482 1428 χρημάτικεν
2506 1354 2826 1425 Ἐκκλησία,
2857 1353 3139 1424 χαρίζεται
3159 1351 3290 1414 Θεὸς
3321 1351 3458 1420 αὐτῇ
3482 1350 3546 1402 τὸ
3577 1347 3728 1402 κατὰ

2132 1449 2334 1520 μηδένα
2350 1447 2547 1520 τρόπον
2567 1449 2680 1510 τοῖς
2701 1445 2946 1517 ἀρχαίοις
2967 1444 3170 1499 ἁλῶναι
3201 1444 3412 1505 κακοῖς,
3439 1443 3579 1512 μήτε
3609 1439 3722 1510 μὴν

2131 1538 2468 1610 κληθήσεσθε
2494 1535 2653 1609 [ί.αι]
2679 1533 3206 1607 καταλελειμμένην,
3243 1532 3278 1605 ἢ
3331 1530 3560 1603 ἔρημον,
3602 1530 3724 1586 ἀλλ’

2131 1631 2211 1684 ὅτι
2261 1631 2462 1699 μᾶλλον
2507 1628 2705 1700 θελητὴ
2729 1629 3018 1699 γενήσεται
3047 1624 3218 1697 αὐτῷ,
3251 1624 3348 1678 καὶ
3377 1624 3587 1695 ἔρημος
3618 1623 3723 1693 μὲν

447 1711 740 1767 serenitate
763 1716 1080 1785 collocatas,
1104 1730 1159 1776 et
1199 1722 1384 1779 ﬁdeles
1421 1725 1488 1778 ad
1525 1728 1843 1783 immensam
1891 1730 2027 1782 mul-

2137 1723 2334 1788 οὐκέτι,
2358 1720 2758 1791 κατοικουμένη
2779 1719 2836 1772 δὲ
2861 1718 3060 1790 μᾶλλον
3085 1717 3437 1789 κληθήσεται.
3471 1715 3727 1788 Ὀρῶμεν

448 1799 731 1857 titudinem
756 1819 1094 1879 prOpagatos,
1125 1823 1182 1868 et
1210 1813 1374 1869 Deum
1423 1827 1645 1885 propter
1711 1819 1830 1875 illos
1883 1821 2024 1876 cele-

448 1888 616 1944 brari.
644 1889 1058 1954 Persecutiones
1080 1901 1222 1956 enim
1257 1913 1412 1959 mota:
1445 1914 1571 1960 sunt
1602 1907 1764 1974 Olim,
1802 1911 1895 1964 sed
1921 1927 2024 1966 non

447 1977 538 2032 diu
571 1997 588 2036 :
643 1992 697 2035 et
728 1983 918 2042 breves
943 1999 1120 2055 erant,
1156 2001 1211 2046 et
1246 1997 1573 2052 exercebant
1616 2000 1786 2068 magis
1811 2011 2030 2057 sanctos

445 2083 609 2160 quam
637 2073 1036 2142 opprimebant.
1096 2079 1312 2139 Probati
1365 2101 1598 2157 namque
1637 2097 1762 2144 sunt
1813 2101 2030 2160 propter

448 2157 785 2228 patientiam,
819 2175 872 2220 et
893 2178 1115 2238 prOpter
1137 2171 1476 2229 tolerantiam
1509 2192 1778 2247 germana:
1801 2157 1850 2234 in
1871 2157 2030 2236 Chri-

431 2255 574 2301 stum
592 2247 712 2306 ﬁdei
758 2268 1016 2312 coronam
1051 2272 1349 2330 reportant,
1399 2275 1455 2320 et
1523 2270 1767 2340 martyrii
1804 2270 2028 2341 gloriam

451 2335 780 2396 uberrimam
817 2349 1114 2414 possident.

2131 1813 2189 1866 δὲ
2214 1811 2371 1866 τοῦτο
2400 1811 2488 1865 διὰ
2522 1810 2864 1881 πραγμάτων
2887 1807 3068 1862 αὐτῶν
3097 1809 3176 1874 είς
3196 1808 3369 1879 πέρας
3393 1805 3719 1876 ὲκὸεδηκός.

2145 1907 2232 1960 Ἐν
2263 1905 2412 1976 εὑδίᾳ
2445 1903 2554 1974 γάρ
2602 1906 2696 1957 καὶ
2734 1902 2943 1975 γαλήνῃ
2971 1901 3068 1966 τὰς
3101 1899 3419 1971 ἁπανταχοῦ
3455 1900 3726 1970 κειμένας

2139 1997 2467 2068 Ἐκκλησίας
2489 1996 2729 2067 ὁρῶμεν,
2759 1996 2854 2050 καὶ
2878 1997 2957 2059 είς
2982 1993 3193 2067 πληθὺν
3222 1993 3310 2046 ἀεὶ
3328 1992 3429 2064 τὴν
3461 1991 3729 2046 ἐπέκεινα

2131 2088 2331 2160 μέτρου
2377 2089 2502 2151 τοὺς
2550 2087 2907 2152 πιστεύοντας
2952 2085 3385 2156 ὲκτεινομένους,
3432 2084 3526 2139 καὶ
3565 2083 3722 2136 εὐδο-

2129 2181 2330 2234 κοῦντα
2351 2181 2482 2234 Θεὸν
2505 2181 2591 2232 ἐπ’
2630 2180 2834 2244 αὐτοῖς.
2868 2179 3113 2250 Διωγμολ⁵
3153 2177 3252 2251 μὲν
3276 2176 3385 2248 γάρ
3407 2175 3726 2246 κεκίνηνται

2127 2273 2270 2326 κατὰ
2307 2271 2554 2342 καιροὺς,
2605 2270 2718 2325 ἀλλ’
2747 2271 2849 2324 οὐκ
2869 2271 2927 2323 ὲν
2955 2269 3134 2342 χρόνῳ
3165 2268 3385 2339 μακρῷ,
3428 2265 3726 2321 συνεσταλ-

2130 2363 2282 2434 μένοι
2310 2361 2388 2426 δὲ,
2420 2363 2514 2416 καὶ
2553 2361 2934 2432 γυμνάσαντες
2981 2359 3182 2431 μᾶλλον
3228 2360 3439 2429 ἁγίους,
3471 2358 3502 2428 ἢ
3530 2357 3724 2425 ἀδική-

450 2449 672 2498 σαντες·
712 2440 989 2511 εὐδὸκιμοι
1024 2445 1130 2517 γὰρ
1168 2451 1425 2518 γεγόνασι
1453 2454 1542 2508 διὰ
1577 2458 1892 2529 καρτερίας,
1937 2461 2034 2513 καὶ
2070 2460 2368 2531 ὑπομονῆς,
2397 2459 2486 2511 τὸν
2540 2458 2637 2528 τῆς
2658 2461 2736 2521 είς
2767 2458 3002 2529 Χριστὸν
3068 2456 3416 2528 γνησιότητος
3452 2453 3714 2524 ἀράμενοι

451 2522 730 2593 στέφανον,
761 2531 854 2584 καὶ
874 2532 970 2602 τὴν
996 2535 1090 2588 τοῦ
1123 2542 1422 2611 μαρτυρίου
1455 2545 1612 2610 δόξαν
1647 2549 2214 2623 καταπλουτήσαντες.

524 2618 685 2675 Vsus.
727 2622 780 2679 5.
831 2623 899 2679 Et
929 2640 982 2680 ut
1025 2631 1228 2686 habitat
1273 2635 1482 2703 juvenis
1537 2656 1655 2692 cum
1705 2645 1921 2711 virgine,
1953 2618 2029 2699 sic

449 2710 759 2767 habitabant
796 2716 896 2784 ﬁlii
929 2721 1006 2773 tui
1036 2731 1205 2777 tecum
1227 2741 1244 2777 :
1271 2736 1316 2780 et
1341 2729 1436 2779 erit
1462 2732 1723 2798 quomodo
1757 2710 2029 2790 Irvtabitur

449 2817 670 2869 sponsus
707 2824 864 2876 super
899 2827 1091 2880 sponsa
1117 2856 1132 2880 ,
1175 2818 1250 2872 sic
1307 2820 1576 2876 lwtabitur
1613 2841 1768 2894 super
1829 2836 1877 2882 te
1924 2829 2028 2882 Ι)οο

449 2914 644 2954 minus.

524 2989 788 3063 Deinceps
817 2996 883 3050 ad
924 3000 1221 3058 Ecclesium
1267 3007 1572 3064 orationem
1625 3012 1808 3078 habet,
1845 3023 2030 3084 utp0te

453 3103 519 3142 ex
558 3087 802 3148 Judaicis
855 3093 1105 3150 tribubus
1159 3099 1396 3165 primum
1444 3104 1824 3167 constitutam,
1878 3104 2064 3174 cujus’

451 3178 544 3233 tilii
575 3181 797 3250 quidem
835 3183 1057 3239 fuerunt
1089 3192 1272 3244 carnis
1299 3193 1510 3245 ratione
1535 3194 1703 3246 divini
1735 3195 1982 3265 discipuli
2015 3215 2030 3252 :

450 3269 543 3323 sed
573 3278 751 3325 tamen
793 3273 845 3325 in
880 3273 964 3326 illa
1001 3277 1377 3342 praestiterunt
1427 3289 1478 3334 et
1516 3280 1850 3349 praafuerunt
1903 3287 2030 3340 reli-

450 3360 594 3427 quis,
628 3369 813 3429 utpote
844 3366 1142 3432 apostolica
1179 3372 1515 3428 auctoritate
1553 3375 1785 3442 praediti.
1832 3377 2030 3433 Verum

451 3465 723 3506 sumntum
776 3468 1017 3510 amorem
1061 3472 1189 3530 erga
1233 3461 1379 3516 illam
1423 3473 1477 3519 et
1530 3465 1786 3522 all'ectum
1826 3471 2033 3526 retine-

452 3541 606 3609 bant,
639 3545 775 3600 adeo
803 3555 861 3600 ut
888 3563 949 3602 ea
981 3549 1257 3606 videretur
1276 3569 1400 3609 esse
1431 3558 1561 3611 talis
1592 3559 1646 3612 in
1681 3575 1801 3615 eam
1836 3562 2030 3631 pietas,

452 3635 631 3702 qualis
665 3636 920 3706 juvenem
963 3641 1120 3698 decet
1185 3645 1519 3704 habitantem
1553 3665 1674 3706 cum
1720 3653 1950 3724 virgine,
1982 3657 2034 3711 id

453 3736 556 3790 est,
587 3744 707 3798 qua
737 3745 859 3785 cum
893 3746 959 3787 eo
983 3749 1014 3787 a
1041 3736 1355 3807 virginitate
1395 3742 1642 3810 copulata
1681 3754 1787 3799 est.
1839 3747 2034 3804 Dicunt

453 3828 637 3873 autem
668 3835 764 3876 eos
802 3823 869 3878 ad
899 3839 1172 3882 summum
1215 3829 1432 3900 pietatis
1469 3834 1694 3903 gradum
1727 3838 2030 3906 pervenire,

453 3910 544 3978 qui
579 3925 659 3966 ~eo
708 3915 923 3972 vinculo
963 3927 1170 3974 tantum
1225 3939 1330 3978 non
1362 3926 1640 3982 constricti
1679 3940 1828 3984 sunt.
1861 3930 2027 3987 Nimi-

455 4018 574 4057 rum
620 4015 675 4059 et
734 4010 1174 4078 sapientissimus
1229 4015 1465 4072 Paulus:
1535 4038 1554 4071 ι
1598 4019 1844 4078 Tristitia
1901 4026 2032 4080 mihi

453 4107 558 4160 est,
601 4117 619 4150 ι
662 4099 858 4171 inquit,
895 4123 914 4154 ‹
955 4114 1009 4160 et
1042 4106 1196 4162 dolor
1243 4109 1581 4179 irremissus,
1625 4114 1676 4168 in
1717 4117 1901 4180 corde,
1934 4133 2034 4187 pro

453 4189 714 4248 fratribus
762 4196 898 4250 meis
957 4201 1205 4267 cognatis
1253 4202 1465 4258 ratione
1520 4208 1723 4274 carnis,
1775 4209 1865 4277 qui
1908 4218 2036 4264 sunt

2202 2645 2313 2700 Kal
2354 2647 2433 2712 ὡς
2477 2643 2780 2700 συνοικῶν
2827 2645 3152 2709 νεανίσκος
3185 2641 3468 2710 παρθένῳ,
3517 2636 3718 2700 οὕτως

2133 2735 2606 2802 κατοικήσουσιν
2643 2737 2697 2788 οί
2743 2735 2864 2790 υἱοί
2903 2750 3020 2788 σου
3051 2733 3206 2802 μετὰ
3240 2731 3377 2794 σοῦ,
3417 2728 3514 2782 καὶ
3548 2727 3725 2780 ἔσται

2135 2829 2206 2883 ὃν
2252 2828 2476 2896 τρόπον
2523 2825 3005 2897 εὐφρανθήσεται
3053 2825 3315 2894 νυμφίος
3350 2820 3450 2875 ἐπὶ
3496 2820 3725 2888 νύμφῃ.

2134 2920 2323 2985 οὔτως
2354 2918 2829 2988 εὐφρανθήσεται
2867 2916 2966 2970 ἐπὶ
2997 2915 3097 2969 σοὶ
3130 2916 3365 2982 Κύριος.

2208 3005 2338 3061 Εἶτα
2363 3008 2501 3077 πρὸς
2533 3004 2974 3076 τὴνἘκκλησίαν
3008 3005 3244 3056 ποιεῖται
3273 3001 3399 3063 τοὺς
3429 3001 3619 3068 λόγους
3650 2997 3729 3061 ὡς

2133 3099 2241 3152 ἀπό
2273 3117 2334 3166 γε
2378 3098 2486 3152 τῶν
2519 3096 2828 3152 Ἰουδαϊκῶν
2871 3095 3165 3166 ταγμάτων
3215 3094 3484 3147 συστᾶσαν
3532 3093 3590 3144 ἐν
3619 3092 3719 3160 ἀρε

2134 3192 2274 3259 χαῖς.
2301 3189 2519 3259 Ταύτης
2545 3190 2837 3258 γεγόνασιν
2865 3188 2970 3240 υἱοὶ
2999 3187 3140 3241 κατὰ
3171 3187 3342 3258 σάρκα
3366 3188 3413 3238 oi
3441 3182 3723 3238 θεσπέσιοι

2137 3279 2398 3350 μαθηταὶ,
2425 3280 2540 3334 ἀλλ’
2573 3275 2715 3350 ἦσαν
2744 3283 2802 3334 ὲν
2825 3281 2964 3352 αὐτῇ
3001 3278 3324 3351 προῦχοντες
3355 3278 3449 3348 μὲν
3475 3275 3588 3330 τῶν
3629 3274 3728 3328 άλ-

2133 3370 2263 3435 λων,
2293 3371 2385 3425 καὶ
2413 3372 2856 3443 ἡγεμονεύοντες,
2880 3372 2955 3437 ὼς
2989 3375 3046 3424 ἐν
3080 3371 3384 3442 ἀξιώμασιν
3415 3371 3568 3433 ὅντες
3595 3369 3728 3421 ἁπο-

2138 3465 2401 3530 στολικοῖς
2424 3506 2438 3528 ,
2482 3466 2622 3535 πλὴν
2661 3465 2760 3536 τὴν
2795 3467 2873 3529 είς
2908 3465 3076 3536 ἄκρον
3117 3465 3253 3535 αὐτῇ
3288 3462 3551 3528 σώζοντες
3588 3461 3725 3528 ἀγά-

2135 3575 2245 3628 πην
2310 3559 2404 3612 καὶ
2440 3558 2700 3623 διάθεσιν,
2752 3557 2894 3612 ὥστε
2941 3558 3038 3611 καὶ
3085 3557 3264 3611 δοκεῖν
3297 3556 3553 3626 τοιαύτην
3589 3551 3729 3607 εἶναι

2135 3648 2232 3720 τὴν
2277 3651 2363 3702 ἐπ’
2411 3651 2550 3722 αὐτῇ
2587 3651 2888 3722 γενομένην
2941 3651 3348 3723 φιλοστοργίαν,
3394 3644 3484 3703 οἷά
3522 3665 3629 3718 περ
3663 3650 3731 3701 ἂν

2137 3741 2338 3813 πρέποι
2367 3742 2635 3814 νεανίσκῳ
2665 3743 3004 3816 συνῳκηκότι
3036 3743 3315 3814 παρθένῳ,
3347 3743 3596 3796 τουτέστι
3660 3745 3728 3810 τῇ

2135 3833 2200 3885 ὲκ
2233 3831 2528 3904 παρθενίας
2577 3833 2729 3904 αὐτῷ
2778 3833 3132 3908 συνημμένη·
3180 3834 3315 3903 φασὶ
3345 3834 3405 3887 δὲ
3435 3835 3514 3897 εἰς
3564 3833 3723 3903 λῆξιν

2134 3922 2354 3994 ἁπάσης
2401 3923 2591 3979 ἐλάσαι
2631 3924 3011 3996 φιλοστοργίας
3077 3925 3202 3988 τοὺς
3256 3926 3349 3978 ἐπὶ
3398 3924 3473 3995 τῷ
3537 3925 3727 3994 τοιῷδε

2134 4016 2320 4087 δεσμῷ
2356 4018 2634 4087 μονονουχὶ
2676 4019 3165 4089 κατεσφιγμένους.
3213 4019 3323 4072 Καὶ
3354 4017 3484 4086 γοῦν
3516 4020 3544 4071 ὁ
3585 4016 3726 4071 πάν-

2137 4126 2297 4178 σοφος
2328 4109 2570 4174 Παῦλοςο
2602 4128 2620 4163 ι
2644 4110 2801 4182 Δύπη
2832 4129 2943 4182 μοι,
2979 4131 2996 4162 ι
3033 4111 3219 4182 φησὶν,
3254 4132 3271 4162 ι
3306 4110 3537 4165 ἐστικαὶ
3561 4111 3724 4181 ὀδύνη

2135 4199 2478 4266 ἀδιάλειπτος
2506 4204 2563 4255 ὲν
2589 4205 2655 4273 τῇ
2684 4201 2880 4272 καρδίᾳ
2909 4219 3012 4272 μου
3043 4201 3145 4256 ύπὲ
3155 4219 3184 4272 ρ
3210 4201 3320 4255 τῶν
3343 4201 3586 4272 ἀδελφῶν
3621 4219 3722 4271 μου

455 4281 710 4339 Israelita:
743 4287 868 4346 η’.»
913 4288 1238 4361 Optavitque
1274 4300 1561 4352 anathema
1599 4299 1711 4353 lieri
1747 4317 1844 4370 pro
1875 4301 2028 4370 ipsis.

2137 4293 2244 4346 τῶν
2279 4294 2556 4363 συγγενῶν
2598 4294 2738 4348 κατὰ
2780 4293 2992 4366 σάρκα,
3035 4294 3230 4358 οἵτινές
3278 4295 3417 4348 εἰσιν
3455 4294 3726 4363 Ἰσραηλί-

461 4371 657 4428 Verum
690 4391 883 4449 magna
919 4396 1100 4436 rerum
1129 4386 1369 4449 novatio,
1398 4397 1451 4442 et
1481 4388 1617 4443 mira
1648 4391 1894 4457 mutatio,
1933 4392 2034 4448 hac

451 4469 737 4536 prophetia
803 4473 961 4529 nobis
1012 4477 1288 4547 proposita
1351 4481 1717 4552 significatur.
1796 4483 2032 4554 Antiqua

451 4557 595 4610 enim
629 4561 911 4635 Synagoga
941 4579 996 4622 et
1027 4575 1236 4624 tantum
1275 4586 1382 4626 non
1431 4574 1726 4630 inveterata
1788 4585 2033 4649 tempore

447 4646 751 4715 juvenculze
794 4670 1165 4724 comparatur.
1221 4680 1241 4716 ι
1299 4663 1631 4722 Habitabunt
1690 4669 1858 4724 veluti
1904 4646 2029 4726 cum

451 4738 682 4809 virgine,
725 4760 742 4793 ι
781 4743 974 4815 inquit,
1007 4765 1026 4799 ι
1061 4749 1155 4803 ﬁlii
1188 4752 1282 4806 tui.
1322 4773 1340 4804 ι
1374 4755 1487 4811 Hoc
1517 4767 1620 4823 est,
1646 4760 1860 4829 opinor,
1888 4761 2029 4830 quod

451 4830 507 4885 iu
561 4831 788 4892 Psalmis
863 4838 1210 4897 decantatum
1265 4856 1386 4900 est:
1456 4867 1474 4898 ι
1548 4847 1918 4906 liettovabitur
1973 4863 2030 4907 ut

453 4926 649 4993 aquila:
671 4929 930 4997 juventus
960 4941 1050 4988 tua
1077 4935 1144 4988 9".
1187 4956 1205 4988 ›
1243 4936 1571 4996 Habitarunt
1599 4957 1720 4997 cum
1751 4944 1885 5013 ipsa,
1914 4960 2030 4998 ma-

454 5019 791 5080 nuducentes
811 5041 952 5095 eam,
981 5038 1236 5098 tanquam
1269 5035 1535 5090 nutricem
1572 5038 1941 5104 consolantes,
1977 5050 2031 5094 et

451 5119 512 5161 ut
547 5122 774 5168 matrem
813 5132 993 5172 rerum
1038 5122 1466 5179 mnbraticarum
1503 5137 1560 5181 et
1593 5128 1896 5198 typicarum
1939 5144 2026 5185 sa-

453 5203 664 5268 pienter
697 5211 1049 5279 adducentes,
1079 5225 1135 5267 ut
1179 5230 1277 5284 pro
1311 5215 1485 5272 inutili
1526 5221 1716 5274 umbra
1747 5221 2026 5276 veritatem

455 5293 736 5363 eligerent.
778 5301 1092 5372 Cujusmodi
1123 5318 1203 5361 est
1239 5309 1380 5378 quod
1413 5310 1460 5363 ei
1515 5310 1652 5365 dixit
1686 5310 1848 5365 etiam
1893 5312 2030 5366 divi-

457 5400 558 5439 nus
579 5387 745 5444 David
774 5411 786 5445 :
819 5414 836 5445 ι
865 5395 970 5453 Pro
996 5401 1242 5467 patribus
1272 5402 1379 5457 tuis
1395 5403 1506 5457 nati
1532 5412 1662 5457 sunt
1687 5404 1782 5458 tibi
1815 5403 2021 5459 ﬁlii".i

454 5473 587 5530 Nam
621 5478 672 5531 lti
703 5494 821 5534 cum
863 5486 976 5552 ejus
1008 5491 1332 5546 exsisterent
1372 5491 1486 5558 ﬁlii,
1523 5495 1663 5562 quod
1698 5495 1765 5550 ad
1805 5509 2022 5551 carnem

2140 4403 2250 4440 ται.
2281 4405 2299 4439 ο
2337 4386 2544 4457 Ιίύχετο
2573 4387 2629 4440 δὲ
2664 4387 2754 4441 καὶ
2781 4387 3031 4457 ἀνάθεμα
3058 4386 3312 4450 γενέσθαι
3349 4387 3489 4457 ὑπὲρ
3523 4385 3726 4446 αὐτῶν,

2143 4478 2282 4550 πλὴν
2310 4479 2391 4532 ὅτι
2423 4479 2588 4543 πολὺς
2632 4479 2740 4532 τῶν
2770 4478 3110 4550 πραγμάτων
3138 4480 3167 4532 ὁ
3209 4478 3494 4549 καινιτμὸς
3519 4477 3608 4532 διὰ
3628 4477 3726 4546 τῆς

2142 4572 2510 4642 προκειμένης
2535 4572 2665 4642 ἡμῖν
2701 4571 3034 4642 προφητείας
3074 4571 3419 4640 σημαίνεται,
3455 4570 3548 4624 καὶ
3575 4569 3727 4634 ἀξιο-

2143 4663 2456 4734 θαύμαστος
2477 4666 2509 4732 ὴ
2539 4664 2807 4736 μεταϐολή
2829 4681 2841 4694 ο
2868 4667 2899 4734 ἡ
2929 4664 3035 4737 γὰρ
3060 4663 3264 4735 ἀρχαία
3288 4661 3607 4732 Συναγωγή,
3633 4664 3726 4716 καὶ

2133 4755 2330 4827 τρόπον
2370 4754 2490 4809 τινὰ
2525 4755 2910 4827 πεπολιωμένη
2961 4754 3070 4827 [aL
3124 4753 3616 4826 πεπαλαιωμένη],
3641 4755 3730 4808 διὰ

2133 4847 2222 4900 τὸν
2247 4848 2436 4918 χρόνον
2459 4847 2658 4900 νεάνιδι
2688 4847 3099 4919 παρεικάζεταιο
3135 4864 3152 4899 t
3179 4848 3584 4917 Κατοικὴσουσι
3617 4847 3728 4918 γὰρ

2133 4937 2207 5001 ὡς
2258 4937 2399 5008 μετά
2440 4938 2742 5010 παρθένου,
2783 4959 2802 4993 ι
2849 4939 3036 5010 φησὶν,
3095 4959 3113 4991 ι
3149 4941 3198 4992 οἱ
3247 4940 3353 4994 υίοί
3395 4957 3560 4993 σου.»
3615 4941 3730 4993 Καὶ

2133 5031 2311 5095 τοῦτο,
2327 5027 2500 5102 οἶμαι,
2537 5031 2651 5084 ἔστι
2689 5031 2750 5084 τὸ
2775 5033 2832 5085 ἐν
2853 5033 3104 5104 Ψαλμοῖς
3134 5033 3470 5105 ὑμνούμενον
3490 5050 3503 5062 ·
3533 5050 3551 5083 t
3575 5033 3732 5087 Ἀνα-

2134 5124 2581 5198 καινισθήσεται,
2629 5125 2705 5190 ὡς
2743 5125 2901 5178 ἀετοῦ
2939 5128 2972 5198 ἡ
3021 5130 3210 5198 νεότης
3263 5145 3421 5191 con,»
3467 5141 3730 5196 κατῳκη-

2134 5218 2263 5270 κασί
2307 5235 2370 5286 γε
2422 5218 2529 5289 μὴν
2573 5221 2629 5272 έν
2671 5219 2805 5290 αὐτῇ
2859 5220 3331 5290 χειραγωγοῦντες
3373 5220 3449 5284 ὡς
3499 5221 3724 5290 τροφὸν,

2134 5309 2576 5380 παρακαλοῦντες
2607 5309 2682 5374 ὡς
2719 5311 2948 5381 μητέρα,
2996 5314 3105 5366 τῶν
3169 5314 3228 5366 ὲν
3269 5315 3447 5375 σκιαῖς
3495 5315 3592 5365 καὶ¹
3630 5314 3729 5366 τύο

2135 5419 2257 5466 ποις
2303 5403 2762 5474 ἀποκομίξοντες,
2810 5404 3232 5470 ἀναϐιϐάζοντές
3264 5423 3323 5457 τε
3365 5405 3548 5474 σοφῶς
3590 5407 3729 5478 πρός

2135 5512 2196 5564 γε
2230 5494 2288 5548 τὸ
2318 5495 2430 5549 δεῖν
2458 5495 2556 5565 τῆς
2589 5497 2846 5566 ἀνονήτου
2894 5500 3050 5562 σκιᾶς
3084 5497 3406 5552 ἀνθελέσθαι
3450 5497 3552 5568 τὴν
3598 5499 3733 5568 ἀλή-

525 5653 587 5686 ⁹³’
619 5654 774 5710 Rom.
807 5674 878 5722 ix,
914 5663 964 5722 5,
995 5663 1046 5716 4.
1125 5665 1336 5721 "Psal.
1375 5685 1465 5734 (λιι,
1501 5671 1552 5723 5.
1631 5673 1674 5705 ’⁷
1709 5672 1850 5729 Psal.
1879 5689 2022 5742 XLIV,
2065 5675 2147 5728 l7.
