4090 6216
371 299 517 365 1373

1513 289 1581 346 IN
1621 291 1856 365 1'5.“le
1894 293 2023 350 LIB.
2063 295 2128 351 V.
2172 294 2511 363 TOMUSIV.

3498 304 3638 363 13%

366 413 542 470 θιιαν·
581 410 688 481 ἔφη
717 427 771 463 τι
813 406 1050 462 τοιοῦτον
1084 405 1180 459 καὶ
1227 404 1255 457 ὁ
1299 404 1587 468 θεσπέσιος
1629 405 1792 458 Δαόὶδ
1823 407 1959 477 πρὸς

2065 408 2280 474 attinet,
2333 407 2458 462 lacti
2506 416 2630 464 sunt
2669 408 2716 464 ei
2760 420 2968 479 patres,
3018 410 3340 483 initiumque
3374 429 3636 474 novorum

368 506 561 579 αὑτήν·
615 521 637 555 ι
677 501 825 556 Ἀντὶ
875 499 982 554 τῶν
1042 497 1295 569 πατέρων
1347 512 1441 548 σου
1488 496 1827 567 ἐγενήθησάν
1875 514 1959 550 σοι

367 599 494 655 υἱοί.
528 617 547 650 t
581 598 643 651 Ol
690 593 799 665 γὰρ
830 592 1000 663 αὐτῆς
1046 591 1197 655 ὄντες
1246 589 1353 642 uici.
1386 588 1531 642 κατὰ
1576 588 1756 660 σάρκα
1801 590 1959 658 γεγό-

366 706 524 744 νασιν
564 685 734 756 αὐτῆς
778 681 1045 752 πατέρες,
1082 677 1227 751 ἀρχὴ
1273 678 1382 731 τῶν
1413 677 1549 731 νέων
1590 679 1761 749 αὐτῆς
1805 678 1959 743 ὄντες

364 781 595 846 τέκνων,
627 778 735 832 τῶν
784 773 876 830 διά
904 774 1141 841 πίστεως
1186 770 1425 842 δηλονότι
1480 770 1833 842 κεκλημένων
1879 771 1958 834 είς

366 874 664 942 ἐπίγνωσιν
710 868 809 921 τοῦ
868 867 1089 922 πάντων
1144 863 1303 935 ἡμῶν
1367 863 1622 933 Σωτῆρος
1679 862 1917 933 Χριστοῦ
1940 880 1953 893 ο

364 965 567 1021 τούτων
604 963 661 1017 δὲ
696 959 872 1024 οὕτως
915 959 1168 1029 ἐχόντων,
1211 956 1399 1028 φησίν
1436 974 1454 1006 ι
1486 955 1674 1018 Οὖτως
1718 955 1955 1025 εὐφρανο

369 1058 594 1129 θήσεται
654 1051 861 1124 Κύριος
894 1051 989 1104 ἐπὶ
1028 1049 1131 1117 σοὶ,
1164 1048 1417 1118 καθάπερ
1449 1046 1641 1117 ἀμέλει
1681 1047 1774 1100 καὶ
1830 1062 1959 1117 νυμ-

368 1149 487 1217 φίος
515 1146 609 1202 ἐπὶ
650 1143 858 1217 νύμφῃ.
888 1162 907 1195 ι
942 1141 1215 1197 Καθίκετο
1239 1138 1349 1210 γὰρ
1374 1137 1434 1203 ἐξ
1464 1136 1712 1210 οὐρανῶν
1736 1137 1765 1189 ό
1801 1153 1959 1207 μονο-

367 1240 531 1311 γενὴς
571 1236 667 1291 τοῦ
697 1234 833 1291 Θεοῦ
868 1234 1071 1302 Λόγος,
1107 1232 1196 1285 ἴνα
1239 1231 1518 1301 ἔγκαρπον
1562 1229 1815 1300 ἀποφήνῃ
1858 1228 1957 1298 τὴν

381 1329 724 1401 Ἐκκλησίαν,
773 1328 839 1399 ἢν
890 1325 1054 1386 αὐτὸς
1091 1321 1271 1393 ἐαυτῷ
1326 1320 1640 1394 παρέστησε
1685 1317 1957 1389 παρθένον

366 1421 562 1493 ἁγνὴν,
597 1417 675 1491 μὴ
701 1418 932 1490 ἔχουσαν
969 1414 1158 1469 σπῖλον
1186 1412 1219 1483 ἢ
1249 1411 1458 1484 ῥυτίδα,
1484 1410 1721 1480 ἀγίανδὲ
1756 1408 1956 1480 μᾶλλον

370 1512 463 1567 καὶ
495 1510 747 1581 ἄμωμον.
779 1506 1060 1578 Δεξαμένη
1097 1505 1277 1560 τοίνυν
1316 1505 1447 1576 παρ’
1471 1502 1637 1556 αὑτοῦ
1673 1501 1957 1572 εὐαγγελι-

368 1603 471 1673 xi};
512 1600 792 1666 πολιτείας
837 1598 911 1654 τά
959 1598 1286 1670 σπέρματα,
1337 1593 1717 1666 κεκυοφόρηκὲ
1754 1610 1816 1647 τε
1865 1594 1957 1647 καὶ

368 1695 611 1758 τέτοκεν,
659 1694 762 1748 οὐκ
800 1692 881 1747 ἔτι
918 1689 1018 1763 τὴν
1064 1690 1129 1744 δι’
1156 1689 1403 1760 αἱμάτων
1445 1679 1541 1741 καὶ
1598 1686 1823 1740 καπνῶν
1859 1686 1954 1742 λα-

2064 499 2229 570 872
2261 497 2377 568 ejus
2414 499 2731 567 liberorum,
2784 501 2875 571 qui
2934 515 3032 570 per
3090 502 3250 557 ﬁdem
3311 504 3523 562 scilicet
3569 512 3637 564 ad

2064 590 2395 659 agnitionem
2455 591 2697 646 omnium
2760 601 3012 647 nostrum
3074 592 3382 652 Servatoris
3437 597 3638 655 Christi

2064 684 2238 737 vocati
2283 691 2432 739 sunt.
2477 682 2574 738 llis
2607 684 2680 738 ita
2716 699 2778 740 se
2830 684 3174 749 habentibus,
3218 686 3437 756 inquit:
3476 708 3496 742 ι
3550 690 3641 747 Sic

2061 771 2334 826 lcetabitur
2372 771 2629 827 Dominus
2679 781 2902 843 propter
2952 783 3026 838 te,
3071 778 3522 844 quemadmodum
3564 782 3643 835 vi-

2061 864 2256 920 delicct
2285 879 2519 934 sponsus
2553 875 2773 935 prepter
2799 881 3078 935 sponsam.
3120 886 3140 920 ι
3181 867 3466 925 Descendit
3495 874 3637 927 enim

2061 956 2397 1024 unigenitum
2463 957 2555 1012 Dei
2607 956 2880 1024 Verbum,
2935 970 2994 1014 ut
3043 960 3331 1015 fecundam
3393 963 3644 1021 redderet

2061 1044 2385 1112 Eeclesiam,
2426 1061 2586 1116 quam
2638 1046 2756 1116 ipse
2800 1047 2905 1102 sibi
2952 1048 3202 1104 exhibuit
3245 1050 3508 1119 virginem
3543 1066 3641 1121 pu-

2060 1122 2198 1202 ram,
2230 1151 2337 1191 non
2378 1138 2665 1193 habentem
2699 1138 2967 1194 maculam
3006 1148 3100 1194 aut
3148 1154 3359 1209 rugam,
3398 1140 3492 1195 sed
3519 1156 3642 1211 qua:

2059 1240 2247 1284 sancta
2290 1228 2469 1299 potius
2499 1227 2643 1284 (oret
2680 1240 2734 1284 et
2766 1230 3115 1285 immaculata
3130 1230 3220 1285 "'.
3255 1232 3514 1301 Acceptis
3541 1232 3643 1302 igi-

2062 1329 2148 1374 tur
2165 1320 2233 1375 ab
2252 1320 2370 1390 ipso
2391 1320 2711 1391 evangelicae
2731 1321 3162 1377 conversationis
3182 1322 3496 1387 seminibus,
3515 1338 3641 1393 gra--

2060 1408 2183 1462 vida
2218 1405 2360 1463 facta
2395 1419 2500 1472 est,
2530 1418 2585 1464 et
2617 1424 2723 1463 nou
2748 1408 2861 1476 jam
2899 1410 3106 1464 cultmn
3140 1413 3350 1482 peperit
3384 1428 3484 1481 per
3512 1428 3642 1467 san-

2057 1498 2252 1569 guines
2299 1508 2354 1554 et
2402 1498 2602 1567 fumos,
2653 1500 2747 1556 sed
2805 1500 2953 1556 illurn
3016 1501 3189 1572 magis
3252 1518 3358 1570 quo
3407 1504 3644 1557 maxime

2059 1591 2306 1647 veritatis
2354 1591 2702 1661 pulchritudo
2752 1600 3073 1647 exornatur.
3128 1591 3266 1648 llinc
3316 1594 3550 1660 laetatur,
3590 1602 3644 1646 ct

2058 1682 2276 1753 quidem
2313 1685 2529 1745 merito.
2553 1698 2679 1738 cum
2713 1684 2892 1740 videat
2925 1684 3058 1754 legis
3089 1694 3244 1756 typos
3279 1684 3332 1739 in
3359 1686 3642 1739 veritate-vt

368 1788 575 1859 τρείαν,
619 1786 836 1856 εκείνην
881 1783 939 1837 δὲ
979 1782 1199 1855 μᾶλλον,
1249 1778 1284 1856 ᾖ
1332 1780 1397 1852 δὴ
1451 1779 1689 1851 μάλιστα
1739 1779 1802 1832 τὸ
1853 1779 1954 1850 τῆς

2065 1773 2428 1844 evangelicam
2466 1785 2722 1840 mutatos,
2754 1786 2812 1830 et
2845 1790 3102 1845 sponsam
3135 1775 3516 1844 spiritualibus
3545 1790 3638 1829 sa-

368 1877 629 1950 ἀληθείας
666 1876 1074 1947 ὲντετόρνευται
1112 1872 1327 1937 κάλλος.
1365 1871 1636 1943 Ταύτητοι
1682 1870 1777 1925 καὶ
1812 1870 1958 1941 μάλα

2065 1866 2287 1923 critieiis
2313 1876 2369 1921 et
2400 1883 2527 1923 vere
2576 1868 2786 1923 sanctis
2819 1867 3114 1923 virtutibus
3151 1868 3565 1924 enitescentem.

369 1969 594 2033 εἰκότως
640 1967 999 2039 εὐφραίνεται
1041 1965 1501 2037 μετατιθεμένους
1538 1963 1679 2033 ὀρῶν
1726 1964 1852 2027 τοὺς
1900 1961 1991 2017 τοῦ
2033 1961 2201 2032 νόμου
2240 1961 2445 2024 τύπους
2508 1961 2589 2024 είς
2635 1959 2894 2031 ἀλήθειαν
2940 1959 3325 2031 εὐαγγελικὴν,
3357 1960 3452 2014 καὶ
3485 1976 3646 2015 πνευ-

372 2060 627 2131 ματικαῖς
656 2058 890 2123 θυσίαις,
918 2058 1016 2113 καὶ
1045 2058 1437 2129 ἀγιοπρεπέσιν
1480 2056 1697 2128 ἀληθῶς
1742 2054 2169 2129 κατορθώμασιν
2195 2053 2292 2125 τὴν
2325 2053 2548 2125 νύμφην
2576 2053 2991 2125 ὲκλάμπουσαν.

441 2192 545 2247 Kal
600 2191 846 2246 ἐπὶτῶν
889 2192 1134 2261 τειχέων
1178 2205 1318 2255 σου,
1357 2188 1772 2258 Ἰερουσαλὴμ,
1807 2204 1949 2243 κατ-

2123 2187 2285 2243 Vens.
2316 2188 2368 2242 6.
2399 2188 2464 2242 Et
2497 2204 2654 2258 super
2679 2204 2857 2243 muros
2891 2199 3029 2254 tuos,
3052 2187 3373 2253 Jerusalem,
3393 2187 3644 2242 constitui

369 2282 603 2351 ἐστησα
632 2285 911 2352 φύλακας
955 2281 1114 2350 ὅλην
1161 2281 1275 2348 τὴν
1307 2280 1561 2350 ἡμέραν,
1632 2280 1733 2333 καὶ
1798 2278 1953 2348 ὅλην

2065 2280 2319 2346 custodes,
2353 2289 2463 2334 tota
2514 2281 2600 2336 die
2629 2292 2677 2335 et
2705 2291 2816 2335 tota
2847 2289 3019 2346 nocte,
3052 2280 3142 2350 qui
3191 2295 3459 2350 nunquam
3504 2288 3646 2332 tace-

370 2375 486 2443 τὴν
530 2376 758 2439 νύκτα,
799 2376 859 2430 οἳ
904 2374 1002 2429 διὰ
1040 2373 1255 2441 τέλους
1288 2375 1360 2428 οὺ
1399 2372 1818 2436 σιωπήσονται
1856 2391 1953 2443 μι-

366 2468 780 2536 μνησκόμενοι
800 2467 1052 2537 Κυρίου.
1090 2468 1212 2521 Οὐκ
1256 2467 1387 2521 ἐστι
1419 2463 1531 2537 γὰρ
1555 2465 1700 2535 ὑμῖν
1730 2464 1949 2534 ὅμοιος.

455 2598 544 2663 Ὠς
576 2597 712 2671 πρὸς
749 2600 901 2653 πόλιν
945 2601 1252 2671 διαλέγεται
1285 2599 1565 2671 λαμπρὰν,
1598 2599 1691 2653 καὶ
1722 2616 1955 2670 συνῳκι-

378 2690 585 2762 σμένην
605 2708 618 2721 ο
650 2692 737 2745 ἀεὶ
760 2691 818 2745 δέ
847 2710 966 2756 πως
1002 2692 1103 2757 τὰς
1145 2693 1253 2745 τῶν
1291 2692 1499 2746 πόλεων
1531 2692 1959 2764 διαφανεστέρας

378 2780 619 2833 πλεῖστοί
661 2796 721 2833 τε
753 2781 867 2835 ὅσοι
916 2781 1011 2834 καὶ
1056 2780 1304 2851 νηφάλιοι
1334 2782 1655 2853 περιέπουσι
1684 2781 1960 2852 φύλακες,

383 2868 459 2940 μὴ
500 2868 610 2940 ἄρα
649 2886 733 2933 τις
765 2869 1043 2941 ἀδοκήτως
1078 2869 1188 2922 τῶν
1222 2869 1497 2940 πολεμίων
1542 2869 1756 2942 ἐμϐάλῃ
1776 2887 1790 2901 ·
1820 2869 1963 2923 οὓτω

2051 2374 2175 2427 bunt
2210 2373 2545 2428 recordantes
2592 2372 2824 2429 Domini.
2881 2372 3004 2427 Non
3054 2373 3195 2428 enim
3249 2383 3324 2427 est
3384 2371 3536 2426 vestri
3581 2369 3651 2423 si-

2056 2466 2222 2521 milia.

2134 2598 2446 2669 Alloquitur
2467 2598 2618 2653 velut
2644 2598 2921 2653 civitatem
2953 2597 3218 2654 illustrem
3249 2608 3305 2654 et
3327 2596 3649 2655 babitatam.

2067 2687 2296 2757 Semper
2326 2688 2472 2743 enim
2508 2688 2760 2744 civitates
2810 2688 3140 2760 insigniores
3168 2690 3382 2760 plurimi
3417 2700 3472 2745 et
3519 2690 3653 2760 vigi-

2066 2780 2145 2836 les
2187 2780 2443 2835 custodes
2498 2786 2712 2844 curant,
2769 2793 2838 2833 ne
2876 2779 3000 2847 quis
3031 2779 3205 2834 hostis
3256 2779 3326 2834 de
3354 2778 3653 2850 improviso

2073 2872 2353 2927 adoriatur
2382 2889 2396 2925 :
2429 2871 2508 2925 sic
2541 2879 2598 2925 et
2639 2870 3023 2925 universorum
3071 2868 3334 2925 Servatur
3360 2879 3417 2925 et
3470 2868 3653 2925 Domi.

381 2961 529 3015 καὶὸ
558 2960 669 3015 τῶν
713 2961 850 3015 ὅλων
880 2960 1069 3032 Σωτὴρ
1110 2962 1204 3015 καὶ
1256 2961 1463 3033 Κύριος
1504 2963 1771 3033 ἀφράστῳ
1808 2960 1961 3014 δυνά-

2075 2977 2199 3025 nus,
2244 2956 2506 3016 ineﬂabili
2543 2960 2784 3030 potentia
2814 2968 2870 3015 et
2895 2959 3212 3026 angelorum
3244 2960 3509 3030 praesidiis
3535 2975 3654 3013 mu-

384 3070 473 3124 μει
532 3053 627 3107 καὶ
676 3048 801 3116 ταῖς
844 3052 957 3107 τῶν
994 3052 1239 3121 ἀγγέλων
1288 3053 1628 3123 ἐπικουρίαις
1664 3050 1964 3122 πυργώσας

375 3146 477 3215 την
514 3142 847 3214 Ἐκκλησίαν
896 3143 1342 3213 κεχειροτόνηκεν
1386 3145 1522 3215 αὐτῇ
1575 3143 1824 3213 φύλακας
1876 3160 1963 3196 σο-

384 3234 519 3303 φοὺς
559 3234 653 3287 καὶ
704 3233 1109 3305 ἐγρηγορότας,
1160 3234 1252 3287 καὶ
1285 3232 1690 3287 ἀκατεύναστον
1739 3233 1962 3304 ἔχοντας

380 3324 622 3396 ὲπάὐτῇ
661 3324 758 3397 τὴν
791 3326 1070 3395 φροντίδα,
1125 3326 1249 3389 τοὺς
1288 3326 1476 3393 ἁγίους
1511 3325 1754 3397 δηλονότι
1794 3343 1962 3396 μυστ-

379 3416 651 3487 αγωγοὺς,
680 3417 730 3471 οἳ
759 3417 877 3470 κατ’
906 3417 1095 3471 οὐδένα
1111 3417 1310 3489 τρόπον
1335 3417 1704 3487 καταλήγουσι
1724 3416 1820 3469 τοῦ
1850 3416 1963 3469 δια-

384 3508 690 3581 μεμνῆσθαι
712 3510 811 3581 τῆς
836 3508 995 3580 δόξης
1029 3508 1216 3571 αὐτοῦ,
1244 3508 1340 3562 καὶ
1368 3508 1476 3561 τῶν
1513 3507 1833 3578 θαυμασίων
1866 3506 1962 3558 αὑ-

377 3598 495 3665 τοῦ,
523 3599 666 3654 καθά
698 3600 1024 3671 γέγραπται.
1058 3596 1464 3668 Κατειθίσμεθα
1508 3596 1617 3668 γὰρ
1665 3597 1722 3650 ἐν
1765 3595 1961 3666 ἐκκλη-

381 3689 525 3754 σίαις
566 3691 681 3753 τοῖς
710 3688 815 3743 ὑπὸ
842 3693 1000 3760 χεῖρα
1039 3686 1190 3750 λαοῖς
1218 3684 1599 3758 διακηρύττειν
1628 3686 1715 3739 ἀεὶ
1742 3684 1841 3748 τάς
1865 3684 1960 3738 τοῦ

380 3783 630 3855 Σωτῆρος
679 3778 1113 3853 μεγαλουργίας,
1144 3779 1238 3833 καὶ
1282 3778 1377 3849 τῆς
1414 3776 1752 3849 θεοπρεποῦς
1792 3777 1963 3850 ὑπερ-

378 3873 512 3945 οχῆς
549 3872 649 3945 τὴν
679 3870 921 3938 ἔνδειξιν,
948 3872 1035 3924 ἵνα
1062 3868 1354 3923 κάντεῦθεν
1382 3868 1598 3939 ἀσφαλῆ
1660 3869 1755 3924 καὶ
1792 3868 1963 3940 ἀκρά-

376 3964 565 4018 δαντον
598 3961 768 4032 ἔχωσι
820 3960 949 4032 περὶ
1000 3959 1168 4013 αὐτοῦ
1198 3958 1298 4029 τὴν
1329 3959 1534 4012 πίστιν.
1568 3958 1640 4011 Ἦ
1676 3957 1820 4028 τάχα
1857 3975 1960 4011 που

380 4049 789 4123 μνησθήσεσθαί
830 4066 963 4120 φησι
1005 4046 1099 4102 τοῦ
1145 4048 1355 4119 Κυρίου
1384 4049 1511 4112 τοὺς
1545 4048 1792 4117 φύλακας
1838 4050 1960 4101 ὲπι-

378 4142 690 4213 φωνοῦντάς
746 4160 805 4197 τε
852 4142 946 4196 καὶ
1000 4141 1260 4211 λέγοντας
1284 4180 1299 4206 ,
1338 4142 1421 4196 ὅτι
1453 4162 1471 4195 ‹
1511 4142 1625 4196 Οὐκ
1652 4141 1800 4196 ἔστιν
1833 4143 1961 4213 ὑμῖν

378 4236 579 4306 ὅμοιος.
612 4256 631 4289 ι
673 4235 747 4289 Οὐ
790 4234 899 4308 γάρ
924 4236 1040 4287 ἐστι
1076 4233 1199 4288 καθ’
1221 4235 1391 4305 ἡμᾶς,
1431 4233 1548 4287 ἀλλ’
1577 4234 1700 4288 ὅσον
1725 4234 1959 4306 ὑπερνήι-

380 4344 537 4398 χεται
576 4328 645 4382 τὰ,
677 4328 995 4400 ἀνθρώπινα
1028 4330 1097 4399 τῇ
1125 4327 1224 4399 τῆς
1264 4325 1517 4392 εὐκλείας
1556 4328 1834 4400 ὑπεροχῇ,
1869 4325 1964 4381 καὶ
1993 4313 2040 4368 ἶ)

382 4421 449 4493 τῇ
486 4420 585 4491 τῆς
617 4419 868 4492 θεότητος
896 4421 1044 4493 δόξῃ,
1076 4418 1301 4476 τοσοῦτο
1336 4421 1463 4490 νικᾷ
1489 4420 1585 4473 καὶ
1628 4420 1770 4475 κατά
1801 4438 1865 4490 γε
1902 4420 1963 4473 τὸ

383 4506 522 4565 εἶναι
549 4511 783 4583 χρηστὸς
831 4512 923 4565 καὶ
974 4512 1374 4587 φιλάνθρωπος.
1420 4511 1507 4576 Ὠς
1534 4512 1643 4583 γὰρ
1667 4513 1695 4565 ό
1730 4511 1963 4567 Ψάλλων

385 4603 549 4674 φησίν
569 4620 583 4633 ·
615 4621 634 4654 ι
664 4604 738 4658 Οὐ
775 4603 918 4657 κατά
944 4604 1045 4667 τὰς
1072 4605 1302 4676 ἀνομίας
1327 4603 1485 4676 ἡμῶν
1518 4603 1776 4674 ἐποίησεν
1805 4604 1958 4674 ἡμῖν,

384 4690 504 4745 οὐδὲ
534 4690 676 4745 κατά
719 4691 818 4755 τάς
863 4691 1137 4763 ἁμαρτίας
1166 4693 1324 4764 ἡμῶν
1352 4693 1733 4749 ἀνταπέδωκεν
1762 4695 1912 4765 ἡμῖν.
1933 4711 1952 4746 ι

386 4781 601 4835 Σέσωκε
634 4779 745 4852 γὰρ
786 4780 947 4844 ὄντας
990 4781 1382 4852 ἁμαρτωλοὺς,
1434 4783 1527 4836 καὶ
1575 4783 1962 4855 προσηγάγετο

387 4870 783 4944 φιλανθρώπως
809 4870 911 4925 οὐκ
945 4869 1102 4934 ὄντας
1140 4870 1321 4936 ἀξίους
1356 4870 1451 4924 τοῦ
1489 4871 1778 4932 σώζεσθαι.
1814 4874 1959 4945 Ἔφη

387 4979 441 5017 τι
469 4962 709 5017 τοιοῦτον
739 4963 832 5017 καὶ
861 4962 926 5016 δι’
948 4960 1139 5033 ἑτέρου
1160 4962 1462 5033 προφήτου’
1494 4982 1511 5015 ι
1535 4962 1600 5015 Τί
1631 4982 1711 5018 σοι
1730 4965 1959 5037 ποιήσω,

402 5056 673 5128 Ἐφραῗμ;
728 5057 795 5110 Τί
822 5072 902 5109 σοι
933 5056 1168 5127 ποιήσω,
1204 5052 1406 5121 Ἰούδα;
1447 5056 1523 5120 ώς
1564 5055 1846 5127 ἀδάμαντα
1886 5056 1962 5128 (Ι)

390 5147 627 5220 θήσομαι
672 5165 753 5214 σε,
804 5148 898 5203 καὶ
936 5147 1014 5211 ὡς
1053 5145 1273 5217 Σεόωῖμ
1303 5147 1652 5219 μετεστράφη
1696 5150 1729 5218 ἠ
1770 5149 1965 5219 καρδία

393 5257 496 5311 μου
534 5242 592 5294 ὲν
618 5238 697 5311 τῷ
735 5239 883 5311 αὑτῷ
909 5240 1008 5311 (2),
1037 5239 1097 5294 οὐ
1135 5237 1210 5311 μὴ
1241 5238 1451 5309 ποιήσω
1489 5238 1630 5292 κατά
1669 5238 1769 5307 τὴν
1797 5239 1967 5311 ὀργὴν

391 5331 485 5385 τοῦ
513 5331 687 5403 θυμοῦ
721 5349 820 5404 μου
840 5349 852 5363 ·
886 5333 945 5385 οὐ
984 5331 1059 5403 μὴ
1098 5329 1479 5400 ὲγκαταλείπω
1517 5329 1612 5384 τοῦ
1645 5329 1968 5401 ἐξαλειφθῆ-

463 5518 529 5550 ⁹⁷⁴
557 5517 754 5588 Ephes.
787 5534 837 5583 v,
870 5518 964 5573 27.
1042 5519 1088 5552 "
1117 5519 1258 5575 [\sal.
1288 5536 1381 5584 cu,
1419 5520 1501 5573 l0.

464 5671 829 5749 (ημωιλτξ
873 5690 930 5749 σε
972 5673 1264 5749 διαθῷμαι,
1310 5675 1576 5749 ᾜφραῒμ.;
1636 5676 1958 5749 ὑπερασπιώ

395 5757 512 5799 σου,
557 5743 801 5815 Ἱσραὴλ;
837 5745 886 5797 τί
915 5760 970 5795 τε
1001 5743 1165 5797 διαθῶ
1189 5762 1202 5811 ;
1231 5744 1303 5808 ώς
1326 5743 1524 5815 ἁδᾶμαζ

1578 5522 1622 5552 ’³
1654 5518 1784 5575 Osc.
1815 5537 1890 5584 XI,
1919 5520 1974 5588 8,
2002 5519 2053 5577 9.

2070 3054 2182 3109 uita
2219 3051 2489 3119 Ecclesia,
2519 3052 2722 3123 delegit
2767 3053 2816 3107 ei
2847 3052 3104 3107 custodes
3134 3051 3412 3119 sapientes
3439 3059 3495 3106 et
3527 3065 3654 3121 per-

2065 3144 2280 3214 vigiles,
2310 3152 2364 3198 et
2391 3146 2510 3212 ejus
2532 3158 2722 3198 curam
2757 3142 3059 3198 insomnem
3104 3142 3381 3207 habentes,
3424 3152 3646 3197 sanctos

2070 3234 2318 3289 videlicet
2348 3243 2718 3304 mystagogos,
2744 3233 2834 3301 qui
2871 3233 3019 3287 nullo
3052 3233 3214 3288 modo
3243 3233 3507 3288 desinunt
3539 3232 3654 3303 glo.

2066 3326 2201 3380 riam
2260 3324 2379 3395 ejus
2417 3336 2473 3379 et
2513 3324 2781 3380 mirabilia
2819 3326 2937 3395 ejus
2989 3338 3450 3392 commemorare,
3488 3324 3652 3380 sicuti

2063 3417 2328 3485 scriptum
2353 3426 2460 3473 est.
2486 3415 2882 3473 Consuevimus
2923 3418 3070 3472 enim
3114 3419 3165 3472 in
3199 3417 3428 3473 ecclesia
3482 3430 3650 3486 popu~

2065 3509 2133 3564 lis
2180 3508 2415 3565 subditis
2454 3522 2674 3577 semper
2731 3507 3194 3580 magniﬁcentiam
3249 3508 3558 3563 Servatoris
3598 3517 3656 3562 et

2064 3600 2262 3656 divinae
2311 3601 2640 3668 praestantia
2680 3599 3005 3654 documenta
3060 3599 3383 3667 praedicare,
3420 3608 3481 3652 ut
3524 3599 3651 3655 inde

2065 3691 2346 3747 immotam
2380 3699 2434 3747 et
2483 3690 2863 3746 inconcussam
2901 3691 2969 3745 de
2994 3705 3061 3746 eo
3099 3689 3260 3745 tidem
3311 3689 3648 3758 concipiant.

2067 3781 2164 3837 Vel
2196 3781 2582 3837 recordaturos
2627 3779 2761 3835 dicit
2805 3780 3061 3837 custodes
3091 3779 3304 3835 Domini
3350 3777 3652 3836 clamantes

2065 3889 2129 3929 ac
2170 3872 2456 3930 dicentes:
2512 3890 2532 3926 ι
2570 3871 2690 3928 Non
2742 3878 2829 3928 est
2871 3871 3039 3927 vestri
3088 3870 3307 3927 similis.
3347 3887 3366 3922 ι
3407 3868 3525 3925 Non
3557 3879 3643 3926 est

2066 3966 2210 4020 enim
2250 3964 2408 4021 nobis
2432 3963 2647 4029 similis,
2684 3966 2780 4019 sed
2818 3972 3080 4034 quantum
3102 3963 3409 4018 .humanam
3441 3970 3650 4019 sortem

2064 4069 2118 4114 et
2157 4056 2458 4113 nobilitatis
2498 4057 2812 4127 przestantia
2855 4065 2911 4112 et
2953 4055 3256 4111 divinitatis
3324 4054 3496 4126 gloria
3558 4070 3650 4111 su-

2066 4158 2239 4220 perat,
2289 4157 2499 4203 tantum
2558 4147 2800 4205 bonitate
2861 4147 3027 4204 vincit
3073 4158 3128 4203 et
3161 4148 3518 4203 humanitate.
3583 4146 3653 4204 Ut

2065 4228 2236 4307 enim,
2273 4239 2481 4295 Psaltes
2541 4238 2617 4296 ait
2664 4254 2681 4294 :
2754 4259 2773 4292 ι
2837 4239 2955 4296 Non
2997 4240 3293 4296 secundum
3334 4239 3651 4309 iniquitates

2072 4340 2289 4385 nostras
2317 4329 2447 4385 fecit
2474 4332 2656 4399 nobis,
2686 4347 2863 4402 neque
2885 4330 3187 4387 secundum
3213 4340 3436 4403 peccata
3461 4339 3648 4387 nostra

2072 4424 2326 4479 retribuit
2366 4425 2524 4480 nobis
2559 4425 2629 4478 ’⁸.
2684 4443 2704 4478 ι
2754 4425 3007 4481 Servavit
3056 4426 3202 4481 enim
3237 4440 3361 4482 cum
3407 4438 3651 4480 essemus

2070 4515 2613 4586 peccatorese-873
2640 4518 2716 4572 'et
2771 4517 3085 4572 humaniter
3124 4530 3187 4571 ac
3225 4515 3524 4585 clementer
3569 4513 3653 4567 in-

2072 4604 2267 4673 dignos
2315 4605 2488 4659 salute
2534 4607 2773 4662 admisit.
2819 4606 3011 4661 Simile
3042 4615 3129 4661 est
3172 4605 3317 4676 quod
3368 4604 3527 4669 dixit?
3552 4617 3652 4672 per

2068 4695 2233 4751 alium
2258 4699 2573 4767 prophetam
2594 4716 2607 4753 :
2631 4716 2650 4749 ι
2676 4698 2813 4767 Quid
2831 4699 2925 4754 tibi
2951 4698 3168 4763 faciam,
3196 4695 3485 4768 prraim?
3508 4693 3649 4762 Quid

2069 4789 2164 4845 tibi
2207 4791 2398 4846 faciam
2424 4833 2439 4856 ,
2478 4791 2659 4847 Juda?
2706 4792 2861 4848 Sicut
2881 4793 3072 4848 adama
3105 4808 3301 4862 ponam
3333 4801 3405 4857 te,
3434 4798 3489 4844 et
3508 4789 3652 4843 sicut

2070 4881 2286 4937 Seboim
2313 4897 2629 4937 conversum
2654 4892 2733 4937 est
2756 4898 2853 4938 cor
2876 4899 3053 4939 meum
3088 4882 3142 4936 in
3161 4882 3298 4951 ipso,
3329 4893 3433 4932 non
3456 4876 3649 4933 iaciam

2071 4991 2173 5045 pro
2203 4975 2283 5029 ira
2320 4973 2518 5029 furoris
2574 4976 2702 5030 mei.
2735 4974 2851 5028 Non
2914 4975 3211 5042 relinquam
3276 4979 3336 5025 ut
3408 4968 3650 5023 deleatur

2070 5065 2354 5136 Epltraim.
2383 5064 2651 5131 Quoniam
2703 5065 2848 5121 Deus
2887 5079 2990 5131 ego
3030 5080 3173 5128 sum,
3221 5074 3274 5118 et
3319 5075 3424 5116 non
3463 5060 3649 5121 homo,

2070 5157 2122 5209 in
2164 5165 2213 5211 te
2258 5165 2479 5212 sanctus
2500 5156 2569 5211 ".
2612 5174 2631 5209 ι
2678 5155 2813 5223 Quia
2878 5155 3048 5220 enim,
3111 5154 3305 5224 inquit,
3366 5165 3473 5206 non
3529 5163 3650 5205 sunt

2072 5246 2255 5311 homo,
2316 5249 2410 5304 sed
2469 5248 2647 5318 potius
2684 5255 2904 5302 sanctus
2940 5247 2995 5301 in
3044 5255 3095 5300 te
3148 5245 3309 5311 Deus,
3364 5249 3649 5313 propterea

2075 5350 2180 5391 non
2223 5337 2526 5409 relinquam
2569 5348 2628 5392 ut
2676 5337 2918 5394 deleatur
2957 5336 3238 5408 prraim.

2140 5677 2214 5750 (ἓ)
2250 5677 2387 5733 LXX
2417 5679 2641 5744 addunt,
2675 5678 3046 5750 συνεταράχθη
3086 5680 3116 5749 ἡ
3151 5672 3488 5748 μεταμέλειά
3513 5687 3637 5747 μου.
