4042 6218
340 295 473 351 ίΞιΠ

1457 306 1523 361 IN
1566 306 1796 361 ISAIAM
1839 307 1968 364 LIII.
2014 308 2079 364 ν.
2121 307 2360 365 'I‘OSIUS
2404 309 2466 366 ν.

3462 323 3599 378 I378

333 415 693 486 πταισμάτων
763 417 1054 489 ἐλευθέραν
1103 421 1213 484 τοῖς
1269 422 1570 477 είσϐάλλειν
1647 424 1894 479 ἐθέλουσι

2029 428 2126 481 bus
2175 442 2430 493 vacuum,
2481 429 2564 485 his
2604 430 2695 500 qui
2741 431 2925 487 volunt
2973 434 3221 505 ingredi;
3261 449 3355 505 per
3394 436 3597 505 lapides

333 505 611 577 ἀποφῆναι
644 507 741 578 τὴν
771 507 1091 579 εἰσδρομήνο
1118 508 1205 563 διὰ
1230 511 1337 582 γάρ
1366 530 1447 566 τοι
1464 513 1570 567 τῶν
1599 514 1761 569 λίθων
1788 518 1918 569 ὑπο-

334 597 584 670 δηλοῖτά
630 598 919 652 σκάνδαλα.
968 600 1032 653 El
1086 602 1186 672 μὲν
1234 604 1344 675 γάρ
1388 622 1473 670 τις
1517 607 1600 678 εῐη
1647 607 1807 678 τυχὸν
1853 609 1918 660 ἐκ

334 691 432 761 τῆς
464 690 729 745 Ἰουδαίων
772 691 974 762 ἀγέλης
1014 693 1376 765 κεκλημένος.
1418 700 1745 769 προσπταίει
1786 700 1916 753 πολ-

333 780 490 845 λάκις
512 784 621 845 τοῖς
647 786 889 852 νομικοῖς
912 784 1260 857 ἐντάλμασιν,
1284 790 1308 841 ἐ
1317 790 1654 861 μιριλοχωρεῖ
1680 792 1788 863 γὰρ
1806 794 1918 855 τοῖς

332 874 543 940 τύποις,
582 874 677 928 καὶ
703 872 814 930 οἷον
854 877 1112 950 ἐνιζήσας
1148 885 1269 947 ταῖς
1316 886 1496 944 σκιαῖς
1542 885 1915 957 ἀπαράδεκτον

335 971 566 1022 ποιεῖται
605 969 706 1041 τὴν
741 971 1017 1042 ἀλήθειαν.
1063 975 1126 1026 El
1165 974 1221 1029 δὲ
1253 976 1316 1047 δή
1352 994 1435 1040 τις
1540 978 1649 1032 τῶν
1686 981 1748 1033 ἐκ
1776 978 1915 1050 πλη-

332 1060 457 1125 θύος
477 1060 842 1135 Ἑλληνικῆς,
919 1067 1249 1136 προσπταίει
1311 1069 1405 1123 καὶ
1447 1064 1601 1134 οὗτος
1659 1071 1736 1142 τῷ
1779 1072 1914 1144 ξένῳ

330 1153 429 1223 τῆς
473 1154 840 1221 διδασκαλίας,
885 1156 1107 1229 θορυϐεῖ
1145 1177 1203 1212 τε
1242 1160 1360 1214 λίαν
1393 1162 1552 1216 αὐτὸν
1568 1164 1632 1217 τὸ
1647 1164 1914 1234 ἀίύνηθες

328 1244 431 1315 τῆς
470 1245 742 1319 λατρείας,
782 1248 816 1320 ἦ
850 1250 991 1320 τάχα
1020 1269 1124 1305 που
1153 1254 1248 1307 καὶ
1282 1254 1557 1324 μέμνηται
1587 1255 1782 1323 λόγων,
1820 1255 1914 1321 οὓς

328 1338 424 1390 ἐπί
452 1355 513 1405 γε
551 1342 662 1402 τοῖς
689 1339 839 1408 σφῶν
871 1342 1051 1396 αὐτῶν
1080 1344 1359 1398 ποιοῦνται
1397 1345 1536 1409 Θεοῖς
1565 1349 1613 1400 οί
1651 1347 1783 1418 παρ⁹
1818 1348 1914 1402 αύ-

331 1432 443 1492 τοῖς
479 1429 720 1499 λογάδες.
759 1432 1033 1498 Παλαιοὺς
1077 1434 1187 1507 γὰρ
1234 1437 1328 1489 καὶ
1362 1437 1743 1507 γεγηρακότας
1780 1455 1911 1507 συγ-

331 1521 642 1590 γεγράφασι
680 1522 883 1592 μύθους
913 1524 1244 1593 πλανῶντες,
1275 1529 1368 1582 καὶ
1410 1528 1779 1600 πλανώμενοι,
1820 1530 1912 1583 καὶ

328 1611 638 1684 διαϐολικῆς
676 1615 874 1685 ἀχλύος
905 1617 1354 1689 ἀναπιμπλάντες
1392 1622 1491 1694 τὴν
1525 1623 1648 1692 γῆν.
1692 1623 1831 1676 Ἀλλ’
1860 1625 1910 1677 οἱ

328 1704 577 1775 νηφάλιοι
606 1706 864 1776 φύλακες,
898 1712 991 1764 καὶ
1029 1714 1379 1782 μυσταγωγοὶ
1409 1714 1508 1778 τὰς
1540 1716 1648 1769 τῶν
1683 1715 1911 1770 σκανδά-

2020 520 2168 573 euim
2219 519 2504 575 subinnuit
2535 521 2815 577 scandala.
2876 523 2935 577 Si
2996 526 3120 594 quis
3168 527 3312 581 enim
3363 529 3598 598 eretnpli

2017 627 2205 678 causa,
2233 627 2298 667 ex
2341 611 2764 684 congregatione
2798 614 3105 671 Iudaeorum
3135 627 3358 674 vocatus
3385 621 3478 687 sit,
3514 619 3600 675 of-

2018 703 2188 759 fendit
2234 705 2461 760 subinde
2517 707 2584 760 ad
2640 705 2774 777 legis
2818 716 3125 778 prmcepta,
3172 717 3228 764 et
3280 711 3599 780 inmoratur

2019 796 2225 867 ﬁguris,
2258 811 2323 851 ac
2361 796 2509 852 velut
2533 797 2744 853 umbris
2770 800 3041 865 assidens,
3082 815 3197 856 non
3233 804 3471 857 admittit
3503 819 3595 860 \‘c-

2018 888 2266 943 ritatem.
2293 885 2387 940 Sin
2419 886 2582 941 fuerit
2610 888 2879 958 quispiam
2906 905 2974 945 ex
3009 889 3353 946 multitudine
3379 890 3598 948 Graeco-

2018 993 2159 1042 rum,
2206 978 2459 1049 impingit
2501 979 2665 1034 etiam
2699 979 2789 1034 hic
2819 981 2886 1035 ad
2933 982 3194 1037 doctrina:
3234 983 3595 1053 peregrinita-

2018 1078 2122 1125 tem
2154 1079 2210 1125 et
2241 1071 2419 1126 cultus
2469 1073 2816 1130 inconsuetus
2848 1075 2996 1130 illum
3046 1075 3202 1130 valde
3247 1077 3448 1142 turbat,
3485 1074 3598 1131 mei-

2017 1174 2243 1230 morque
2294 1170 2378 1215 est
2421 1164 2714 1216 verborum
2781 1179 2902 1233 qua:
2951 1165 3190 1234 ipsorum
3234 1180 3491 1233 proceres
3530 1167 3597 1220 de

2013 1251 2127 1305 suis
2153 1253 2256 1306 diis
2285 1252 2511 1307 faciunt.
2550 1253 2685 1307 Nam
2716 1254 2843 1309 olim
2874 1256 3131 1311 fallentes
3152 1266 3207 1310 et
3239 1255 3385 1322 falsi,
3411 1272 3475 1312 ac
3502 1273 3596 1311 ca-

2013 1343 2178 1413 ligine
2206 1343 2471 1399 diabolica
2511 1346 2782 1416 replentes
2808 1357 3033 1411 terram,
3068 1348 3281 1404 fabulas
3307 1349 3507 1405 seniles
3538 1358 3597 1403 et

2015 1435 2187 1490 aniles
2227 1437 2695 1505 conscripserunt.
2757 1437 3026 1493 Caeterum
3066 1440 3257 1510 vigiles
3307 1450 3363 1496 et
3424 1441 3595 1496 sobrii

2014 1526 2268 1581 custodes
2316 1529 2641 1603 mystagogi,
2688 1527 3048 1584 oll'ensionum
3102 1541 3159 1585 et
3208 1531 3590 1587 scandalorum

2012 1602 2660 1687 occasiones'amputant,
2694 1621 2907 1685 singula
2952 1622 3250 1679 artiﬁciose
3288 1625 3593 1679 dissolven-

2015 1715 2116 1771 tes,
2136 1723 2257 1777 quae
2279 1710 2551 1765 traditioni
2578 1712 2701 1767 ﬁdei
2734 1713 2786 1768 in
2818 1711 3106 1769 Dominum
3136 1724 3383 1769 nostrum
3408 1713 3591 1770 Iesum

327 1795 434 1850 λων
460 1800 886 1869 περικόπτουσιν
912 1803 1189 1874 ἀφορμὰς,
1226 1805 1435 1860 ἕκαστα
1466 1806 1684 1871 λύοντες
1732 1808 1891 1880 εύτέχ

2022 1799 2296 1855 Christum
2346 1804 2599 1858 videntur
2646 1807 2943 1864 adversari.
2996 1805 3109 1863 Hoc
3171 1807 3399 1876 faciunt,
3445 1816 3593 1863 recte

328 1907 435 1955 νως
466 1891 534 1944 τά
563 1890 890 1967 ἀνθεστᾶναι
935 1894 1197 1950 δοκοῦντα
1231 1899 1297 1968 τῇ
1338 1898 1634 1970 παραδόσει
1677 1901 1775 1970 τῆς
1816 1902 1907 1954 πί-

330 1998 519 2049 στεως,
546 1983 645 2055 τῆς
666 1985 746 2049 είς
769 1985 860 2039 τὸν
887 1984 1093 2057 Κύριον
1118 1986 1274 2058 ἡμῶν
1304 1988 1511 2059 Ἰησοῦν
1531 1988 1622 2042 τὸν
1644 1991 1687 2042 X
1697 1991 1876 2061 ριστὸν
1891 2009 1905 2024 ’

325 2070 484 2125 τοῦτο
527 2072 726 2144 δρῶσιν
766 2074 973 2146 ὀρθῶς,
1019 2076 1313 2145 λογισμοὺς
1364 2076 1781 2149 καθαιροῦντες,
1815 2080 1909 2134 καὶ

327 2163 434 2217 πᾶν
488 2163 690 2236 ὕψωμα
744 2166 1108 2238 ἐπαιρόμενον
1166 2168 1307 2223 κατὰ
1368 2169 1467 2239 τῆς
1514 2169 1768 2238 γνώσεως
1813 2171 1906 2224 τοῦ

323 2254 479 2320 Θεοῦ,
523 2258 617 2310 καὶ
647 2259 1140 2329 αἰχμαλωτίζοντες
1173 2262 1281 2313 πᾶν
1325 2261 1503 2331 νόημα
1546 2264 1625 2324 είς
1654 2263 1753 2332 τὴν
1800 2263 1905 2315 ὑπ-

322 2347 492 2416 ακοὴν
538 2348 728 2402 αὐτοῦ.
755 2349 1095 2432 ,Εὑρήσομεν
1126 2350 1185 2403 δὲ
1223 2350 1313 2404 τὸν
1348 2351 1634 2422 ἱερώτατον
1672 2351 1902 2416 Παῦλον,

335 2437 624 2502 Ἰουδαίους
686 2440 783 2509 μὲν
854 2440 1343 2506 σκανδαλισθέντας
1404 2442 1901 2515 ἐπανορθούμενον,

320 2529 719 2600 ἐπιπλήττοντα
764 2531 819 2583 δὲ
863 2534 974 2595 τοῖς
1012 2532 1072 2596 ἐξ
1109 2532 1281 2586 ἐθνῶν
1319 2533 1560 2587 τοιοῦτόν
1607 2551 1663 2587 τι
1703 2550 1903 2587 πεπον-

320 2618 484 2674 θόσιν.
512 2620 658 2690 Ἔφη
692 2620 793 2691 μὲν
829 2621 938 2692 γὰρ
970 2624 1083 2685 τοῖς
1118 2621 1179 2687 ἐξ
1216 2624 1447 2692 αἵματος
1491 2624 1739 2695 Ἰσραήλ·
1777 2643 1795 2674 ι
1838 2624 1901 2677 Ἡ

320 2710 593 2781 περιτομὴ
622 2710 781 2764 οὐδέν
811 2712 949 2777 ἐστι,
981 2712 1075 2765 καὶ
1105 2714 1138 2783 ἡ
1172 2714 1504 2784 ἀκροϐυστία
1543 2714 1695 2766 οὐδέν
1729 2717 1898 2778 ἐστιν,

318 2796 455 2851 ἀλλά
484 2800 715 2871 τήρησις
737 2801 966 2854 ἐντολῶν
999 2801 1187 2856 Θεοῦ.»
1216 2804 1327 2857 Καὶ
1353 2804 1535 2857 πάλινο
1565 2822 1584 2855 t
1608 2804 1766 2873 Aé;w
1792 2806 1900 2874 γὰρ

318 2889 468 2961 ύμῖν,
521 2891 601 2943 ὅτι
645 2891 741 2943 ἐὰν
793 2892 1230 2963 περιτέμνησθε,
1279 2895 1512 2964 Χριστὸς
1557 2896 1703 2964 ὑμᾶς
1747 2896 1900 2949 οὐδὲν

318 2981 616 3053 ὠφελήσει.
670 2982 1173 3055 Ἀπηλλοτριώθητε
1218 2985 1326 3038 ἀπὸ
1372 2985 1611 3057 Χριστοῦ
1638 3025 1653 3051 ,
1703 2988 1899 3050 οἵτινες

315 3074 375 3127 ἐν
398 3072 545 3144 νόμῳ
574 3072 906 3138 δικαιοῦσθε.
933 3076 1043 3147 τῆς
1061 3077 1283 3148 χάριτος
1315 3079 1661 3145 ἐξεπέσατε.»
1708 3079 1897 3150 Ἡμεῖς

2014 1892 2250 1949 tollendo
2291 1897 2604 1964 ratiocinia,
2637 1908 2692 1952 et
2739 1914 2955 1955 onmem
3004 1901 3379 1955 celsitudinem
3421 1900 3594 1956 cxtol-

2011 1984 2208 2041 lentem
2256 2000 2316 2041 se
2363 1999 2553 2042 contra
2618 1990 2985 2059 cognitionem
3031 1991 3125 2046 Dei
3187 1994 3504 2056 evertendo,
3535 2001 3593 2049 et

2008 2094 2221 2133 onmem
2250 2079 2581 2136 intellectum
2606 2088 2675 2138 ad
2703 2085 3065 2140 obedientiam
3096 2085 3216 2155 ejus
3237 2088 3587 2158 captivando.

2008 2168 2351 2227 Inveniemus
2405 2185 2585 2228 autem
2650 2178 3056 2232 sanctissimum
3099 2179 3322 2234 Paulum
3373 2179 3591 2235 Iudaeos

2007 2263 2245 2319 oﬂ'cnsos
2273 2267 2658 2336 corrigentem,
2687 2280 2741 2324 et
2772 2281 2961 2340 gentes
2991 2274 3187 2342 quibus
3221 2274 3396 2329 simile
3426 2275 3588 2344 quid-

2008 2358 2129 2413 dam
2163 2359 2360 2413 accidit
2397 2360 2906 2430 reprehendentem.
2936 2365 3082 2419 Dixit
3108 2367 3254 2420 enim
3287 2366 3587 2421 Israelitico

2005 2451 2269 2520 sanguine
2303 2452 2582 2507 oriundis:
2614 2472 2633 2505 ι
2672 2454 3031 2511 Circumcisio
3063 2458 3198 2512 nihil
3222 2470 3328 2525 est,
3360 2472 3413 2514 et
3445 2475 3586 2529 prte-

2006 2541 2212 2609 putinm
2244 2541 2374 2595 nihil
2400 2552 2502 2608 est,
2535 2544 2701 2615 875
2733 2547 2825 2599 sed
2862 2546 3170 2602 observatio
3191 2561 3586 2620 praeceptorum

2008 2632 2097 2684 Dei
2131 2630 2174 2683 δ.
2212 2649 2230 2682 ι
2276 2631 2343 2685 Ει
2376 2649 2563 2687 rursus
2592 2651 2607 2687 :
2643 2653 2662 2687 ι
2708 2635 2839 2690 Dico
2872 2638 3016 2693 enim
3057 2642 3230 2707 vobis,
3279 2642 3324 2696 si
3354 2644 3587 2697 circum-

2006 2721 2283 2788 cidamini,
2350 2724 2600 2780 Christus
2657 2726 2810 2783 vobis
2855 2730 2991 2784 nihil
3044 2733 3304 2801 proderit.
3352 2734 3584 2788 Alienati

2002 2813 2133 2867 estis
2160 2829 2190 2867 a
2220 2813 2474 2884 Christo;
2501 2817 2810 2889 quicunque
2841 2822 2892 2874 in
2943 2821 3062 2892 lege
3092 2823 3376 2891 justiﬁcati
3426 2827 3579 2892 estis,

2001 2920 2029 2958 a
2063 2904 2234 2972 gratia
2266 2908 2551 2963 excidistis
2573 2910 2657 2962 ⁵.»
2702 2910 2813 2967 Nos
2846 2913 2989 2967 enim
3018 2929 3115 2983 per
3146 2916 3304 2970 ﬁdem
3328 2932 3478 2985 spem
3495 2919 3583 2986 ju-

1999 2996 2161 3050 stitia:
2227 2998 2542 3067 accipimus.
2601 2999 2915 3058 Graecorum
2993 3014 3175 3060 autem
3226 3007 3580 3073 multitudini,

2004 3104 2022 3139 ι
2059 3088 2205 3153 Dies,
2246 3109 2265 3142 ι
2299 3091 2499 3161 inquit,
2533 3112 2554 3145 ‹
2598 3095 2899 3151 observatis
2954 3107 3008 3154 et
3051 3114 3285 3167 menses,
3335 3112 3581 3173 tempora

317 3165 426 3236 γὰρ
474 3165 565 3218 διὰ
608 3165 709 3235 τῆς
756 3165 992 3231 πίστεως
1046 3168 1237 3223 ἐλπίδα
1283 3169 1631 3240 δικαιοσύνης
1683 3171 1894 3241 ἐκδεχό-

2002 3188 2057 3232 et.
2101 3195 2292 3236 annos.
2334 3181 2514 3238 Metuo
2550 3186 2724 3252 vobis,
2766 3204 2833 3243 ne
2877 3187 3079 3245 frustra
3129 3165 3484 3250 laboraverim
3527 3197 3580 3250 in

318 3256 473 3327 μεθα’
498 3257 597 3327 τῆς
618 3254 727 3327 [Ζσ.
753 3256 891 3329 τοῖς]
921 3275 984 3326 γε
1015 3260 1121 3331 μὴν
1138 3262 1201 3313 ἐκ
1220 3260 1321 3331 τῆς
1348 3261 1614 3334 Ἑλλήνων
1636 3262 1893 3334 πληθύος*

319 3369 338 3402 ι
362 3349 635 3424 ιἨμέρας-
664 3351 1089 3420 παρατηρεῖσθε,
1138 3353 1231 3404 καὶ
1278 3353 1471 3421 μῆνας,
1503 3354 1599 3405 καὶ
1636 3355 1893 3424 καιροὺς,

313 3416 405 3495 κέλ
432 3440 731 3503 ἐνιαυτοὺς,
763 3440 1035 3510 φοϐοῦμαι
1070 3441 1248 3511 ὑμᾶς,
1305 3444 1516 3513 μήποτε
1550 3443 1674 3514 είκῆ
1731 3461 1894 3499 κεκο-

311 3532 484 3587 πίακα
522 3533 601 3595 εἰς
639 3532 808 3603 ὑμᾶς.
837 3549 856 3582 ι
894 3531 1058 3603 Ὁρᾷς
1107 3534 1385 3603 πανταχοῦ
1438 3535 1894 3606 διαρριπτοῦντας

308 3627 431 3685 τοὺς
462 3624 662 3688 λίθους,
690 3625 786 3680 καὶ
817 3626 882 3678 ἐκ
920 3626 1087 3695 μέσου
1116 3626 1361 3691 τιθέντας
1389 3627 1458 3681 τὰ
1495 3629 1696 3698 ἀμφοῖν
1726 3629 1891 3683 σκάν-

310 3718 462 3771 δαλα.
490 3717 687 3781 Λίθους
722 3716 780 3769 δὲ
810 3712 949 3771 εἷναί
980 3734 1160 3789 φαμεν
1202 3719 1295 3771 καὶ
1328 3718 1551 3790 ἑτέρως,
1578 3714 1663 3783 οἷς
1691 3720 1758 3774 ἂν
1777 3719 1890 3775 ἔσθ’

306 3811 394 3863 ὅτε
431 3807 862 3881 προσπταίσειάν
900 3825 1063 3873 τινες,
1098 3809 1166 3863 τά
1196 3809 1305 3863 τῶν
1336 3810 1564 3864 ἀνοσίων
1597 3812 1890 3880 αίρετικῶν

309 3901 512 3973 βέϐηλά
556 3919 615 3955 τε
678 3901 773 3955 καὶ
809 3901 1027 3974 μυσαρά
1072 3903 1459 3974 τερετίσματα.
1506 3905 1886 3974 Κενοφωνοῦσι

305 3995 413 4066 γὰρ
445 3995 495 4048 οἱ
540 3993 764 4049 δείλαιοι
817 3996 928 4058 τοῖς
972 3993 1356 4065 ὀρθοποδοῦσιν
1406 3997 1882 4066 ἐπιϐουλεύοντες,

304 4086 398 4141 καὶ
429 4085 538 4140 τῶν
564 4086 664 4156 τῆς
693 4084 952 4156 ἀληθείας
984 4085 1269 4157 δογμάτων
1295 4088 1742 4160 ἀποκομίζοντες,
1775 4091 1883 4144 τῶν

303 4177 764 4250 εύσυναρπάστων
786 4179 939 4242 τινάς
958 4195 971 4209 ο
999 4178 1136 4232 ἀλλά
1160 4179 1253 4232 καὶ
1276 4179 1447 4233 ταῦτα
1471 4180 1881 4252 διαρῤίπτουσιν

302 4273 366 4324 ἐκ
417 4271 582 4341 μέσου
631 4270 744 4323 τῶν
782 4270 881 4341 τῆς
918 4271 1242 4341 Ἐκκλησίας
1287 4272 1480 4343 τειχῶν
1521 4277 1571 4329 oi
1617 4277 1875 4347 φύλακες.

302 4361 344 4412 Τ
348 4361 465 4431 είχη
503 4360 561 4414 δὲ
608 4363 777 4432 αὐτῆς
807 4358 945 4417 εἶναί
990 4380 1173 4434 φαμεν
1218 4365 1314 4418 καὶ
1347 4365 1454 4419 τῶν
1487 4368 1586 4439 τῆς
1621 4369 1876 4442 ἀληθείας

2002 3270 2154 3327 vobis
2188 3274 2232 3328 ⁸.
2265 3293 2284 3325 ι
2323 3275 2486 3332 Vides
2532 3293 2750 3350 semper
2791 3281 2912 3337 illos
2950 3298 3205 3341 amovere
3251 3286 3479 3358 lapides,
3528 3301 3584 3343 et

1997 3363 2281 3419 amborum
2316 3369 2573 3422 scandala
2606 3371 2675 3427 de
2714 3375 2891 3429 medio
2927 3376 3135 3432 tollere.
3166 3377 3399 3450 Lapides
3426 3383 3582 3438 aliter

1950 3526 1955 3529 ⁷
1996 3466 2212 3522 quoque
2242 3456 2494 3525 dicimus,
2528 3460 2595 3514 ad
2629 3477 2764 3530 quos
2804 3466 3072 3520 interdum
3105 3483 3327 3538 possent
3357 3472 3577 3542 quidam

1993 3544 2290 3611 oﬂ'eudere,
2325 3549 2613 3618 impiorum
2646 3553 3032 3612 haereticorum
3069 3576 3225 3628 nugas
3261 3573 3310 3616 et
3332 3559 3579 3633 profanat

1992 3644 2049 3692 et
2099 3640 2488 3697 exsecrabiles.
2548 3643 2792 3700 lnaniter
2843 3650 2987 3701 enim
3044 3653 3292 3719 garriunt
3346 3657 3572 3720 miseri.

1993 3737 2141 3784 recto
2171 3732 2306 3799 pede
2367 3733 2744 3791 incedentibus
2780 3750 3163 3807 comparantes
3215 3743 3443 3801 insidias
3466 3786 3482 3813 ,
3514 3759 3573 3803 et

1989 3822 2253 3892 quosdam
2294 3824 2383 3893 qui
2424 3824 2584 3880 facile
2635 3829 2806 3883 averti
2861 3842 3090 3899 possunt
3132 3849 3161 3888 a
3192 3837 3438 3894 veritatis
3475 3840 3572 3894 do-

1989 3912 2258 3984 gmatibus
2306 3915 2602 3973 abducunt.
2666 3915 2772 3973 Sed
2805 3930 2859 3974 et
2900 3922 3015 3979 haec
3054 3925 3246 3982 tollunt
3286 3931 3352 3985 de
3391 3934 3571 3991 medio

1988 4019 2264 4059 murorum
2325 4006 2585 4062 Ecclesiae
2634 4012 2909 4067 custodes.
2978 4014 3162 4072 Muros
3219 4030 3399 4076 autem
3450 4024 3569 4092 ejus

1986 4093 2239 4162 dicimus,
2302 4100 2548 4155 veritatis
2598 4100 2908 4173 dogmatum
2956 4108 3334 4178 stabilitatem,
3370 4124 3560 4170 contra

1984 4200 2103 4250 qua:
2149 4203 2249 4243 nec
2294 4189 2595 4247 inferorum
2643 4204 2815 4264 portae
2865 4198 3047 4255 valere
3094 4215 3339 4271 possunt.
3377 4225 3397 4260 ι
3436 4208 3566 4263 Tol-

1981 4275 2075 4351 lite
2132 4279 2297 4344 enim,
2356 4282 2552 4352 inquit,
2601 4284 2817 4357 signum
2848 4290 2914 4344 ad
2946 4302 3157 4362 gentes.
3225 4296 3365 4354 Ecce
3418 4303 3560 4356 enim

1981 4365 2245 4425 Dominus
2269 4369 2397 4427 fecit
2436 4381 2495 4428 ut
2530 4376 2787 4433 audiatur
2813 4395 2984 4450 usque
3013 4386 3078 4437 ad
3108 4393 3385 4444 extremos
3426 4390 3563 4447 ﬁnes

298 4451 586 4522 δογμάτων
626 4451 724 4524 τὴν
760 4454 1111 4527 ἑδραιότητα,
1157 4450 1231 4511 ὧν
1263 4458 1363 4511 οὐκ
1389 4457 1455 4512 ἂν
1492 4462 1875 4533 κατισχύσαιεν

2004 4472 2162 4515 eme.
2185 4479 2204 4513 ι
2226 4462 2289 4517 Ει
2314 4465 2574 4534 quidnam
2600 4469 2702 4525 hoc
2718 4471 2835 4526 est?
2851 4471 2917 4528 Ut
2938 4476 3190 4532 audiatur
3207 4479 3307 4536 hoc
3324 4482 3556 4552 signum,

298 4543 355 4597 αί
390 4541 517 4614 ᾅδου
573 4542 759 4597 πύλαι.
789 4560 807 4594 ι
835 4545 1035 4616 ’Δρατε
1074 4547 1184 4619 γὰρ
1233 4548 1532 4621 σύσσημον,
1565 4554 1750 4624 φησὶν,
1793 4556 1873 4620 εις

294 4632 366 4687 τά
393 4633 541 4705 ἔθνη.
589 4633 721 4688 Ἰδοὺ
754 4632 865 4705 γὰρ
913 4635 1119 4705 Κύριος
1156 4640 1421 4694 ἀκουστὸν
1463 4642 1719 4713 ἐποίησεν
1767 4645 1872 4710 ἕως

294 4722 525 4794 ἐσχάτου
589 4721 689 4792 τῆς
742 4721 864 4793 γῆς.
894 4740 912 4773 ι
957 4722 1066 4776 Καὶ
1111 4726 1261 4777 ποῖον
1306 4726 1415 4796 ἄρα
1455 4727 1599 4782 τοῦτ’
1645 4729 1759 4783 ἐστι
1808 4731 1871 4785 τὸ

293 4814 556 4867 ἀκουστὸν
595 4813 896 4884 σύσσημον,
921 4814 950 4867 ὂ
979 4813 1209 4880 καὶτοῖς
1236 4815 1436 4883 ἔθνεσι,
1466 4821 1561 4875 καὶ
1581 4822 1688 4887 ἕως
1714 4824 1872 4896 ἐσχά-

293 4921 387 4959 του
415 4905 515 4976 τῆς
546 4905 649 4976 γῆς
679 4905 913 4977 ἀρθῆναι
943 4904 1053 4959 δεῖν
1076 4906 1202 4976 ἔφη,
1234 4908 1534 4978 τουτέστιν,
1563 4913 1870 4987 ἐπαρθῆναί

291 5013 350 5049 τε
374 4996 469 5050 καὶ
492 4995 747 5065 γενέσθαι
772 4995 1199 5068 γνωριμώτατον
1219 4999 1279 5052 τὺ
1308 5000 1464 5073 ῥῆμα
1484 5004 1584 5074 τῆς
1610 5006 1867 5074 πίστεως,

288 5085 317 5137 δ
347 5083 718 5156 κηρύσσομεν,
749 5084 782 5157 ἢ
819 5086 963 5157 τάχα
992 5103 1094 5141 που
1117 5091 1212 5143 καὶ
1241 5090 1335 5144 τοῦ
1369 5094 1636 5165 σωτηρίου
1662 5097 1869 5162 πάθους

286 5176 348 5231 τὸ
383 5176 672 5248 σύμϐολον.
701 5177 856 5231 Ἐστι
881 5179 936 5232 δὲ
966 5180 1062 5233 καὶ
1095 5180 1252 5236 τοῦτο
1275 5184 1374 5255 τῆς
1409 5187 1647 5251 πίστεως
1671 5189 1863 5259 ὁμολο-

288 5266 399 5337 γία.
444 5270 537 5321 Δεῖ
567 5268 677 5339 γὰρ
710 5270 904 5335 εἰπεῖν,
938 5271 1021 5324 ὅτι
1054 5271 1256 5345 Κύριος
1296 5275 1534 5347 Ἰησοῦς,
1583 5280 1873 5335 πιστεῦσαί

284 5376 367 5425 τε,
411 5360 493 5413 ὅτι
532 5361 562 5413 ό
597 5360 732 5425 Θεὸς
775 5361 935 5415 αὑτὸν
975 5363 1196 5434 ἤγειρεν
1240 5366 1305 5418 ἐκ
1350 5368 1581 5438 νεκρῶν.
1613 5370 1783 5437 Σώζει
1816 5373 1872 5427 δὲ

280 5451 440 5505 τοῦτο
468 5453 562 5506 καὶ
585 5453 649 5505 ἐκ
672 5451 925 5519 θανάτου,
954 5456 1047 5507 καὶ
1077 5452 1369 5527 ἁμαρτίας.
1400 5458 1609 5512 Οὐκοῦν
1642 5462 1704 5514 οὐ
1738 5464 1871 5517 ἰου-

282 5536 446 5590 δαίων
481 5537 661 5608 μόνον,
693 5537 826 5591 ἀλλά
870 5539 963 5594 καὶ
995 5539 1184 5596 ἐθνῶν.
1226 5544 1455 5614 Αἷρεται
1489 5547 1598 5619 γὰρ
1630 5548 1690 5603 τὸ
1736 5551 1868 5605 σύσ-
1903 5566 1912 5576 ·

351 5716 377 5749 ι
408 5714 582 5771 Calat.
618 5730 665 5783 ν,
702 5698 792 5771 tt‘;
865 5718 887 5750 ι
922 5717 1075 5787 ibid.,
1102 5720 1136 5773 ε
1164 5722 1215 5777 ι.
1275 5724 1317 5802 ,ι
1351 5722 1527 5781 Galat.
1563 5741 1634 5797 ιν,
1666 5728 1754 5797 to,
1792 5733 1877 5792 tt.

1982 4551 2123 4618 quod
2153 4554 2218 4607 ad
2250 4565 2437 4626 gentes
2476 4568 2531 4614 et
2559 4561 2626 4616 ad
2654 4574 2899 4619 extrema
2939 4575 3096 4624 terra:
3125 4551 3419 4629 tollendum
3456 4578 3554 4641 ait,

1983 4642 2034 4697 id
2086 4653 2174 4698 est
2231 4648 2622 4718 extollendum,
2676 4662 2731 4708 et
2778 4659 2980 4726 passim
3027 4660 3412 4732 divulgandum
3454 4668 3557 4725 hoc

1982 4735 2207 4791 verbum
2241 4737 2388 4807 ﬁdei,
2413 4742 2558 4811 quod
2591 4748 2975 4819 praedicamus,
3007 4767 3101 4809 seu
3128 4754 3267 4812 forte
3291 4759 3558 4827 passionis

1956 4825 2232 4886 'salntaris
2278 4836 2605 4903 symbolum,
2651 4853 2816 4912 atque
2878 4845 2931 4900 id
2977 4854 3061 4903 est
3096 4847 3219 4903 ﬁdei
3262 4825 3551 4906 confessio.

1980 4919 2208 4991 Oportet
2260 4926 2404 4981 enim
2473 4929 2654 4987 dicere
2715 4935 3004 4991 Dominum
3054 4953 3175 4995 esse
3226 4940 3446 5007 Iesum,
3488 4960 3554 4998 ac

1972 5016 2200 5070 credere
2238 5016 2405 5072 Deum
2444 5023 2715 5080 excitasse
2759 5028 2933 5099 ipsum
2967 5043 2999 5084 e
3042 5032 3292 5087 mortuis.
3357 5034 3552 5091 Serrat

1971 5115 2151 5160 autem
2181 5108 2284 5163 hoc
2308 5125 2336 5163 a
2366 5123 2541 5169 morte
2568 5124 2622 5171 et
2647 5130 2889 5186 peccato.
2914 5120 3079 5191 Igitur
3112 5139 3216 5179 non
3241 5123 3548 5184 Iudaeorum

1972 5199 2154 5264 modo,
2182 5202 2278 5257 sed
2308 5212 2362 5258 et
2384 5208 2645 5276 gentium.
2667 5208 2902 5266 Tollitur
2924 5214 3066 5269 enim
3088 5217 3322 5287 signum,
3354 5235 3459 5274 non
3481 5223 3547 5276 ad

1971 5287 2146 5343 solum
2180 5294 2463 5352 credentes
2492 5312 2560 5352 ex
2601 5302 2864 5371 sanguine
2888 5301 3078 5371 Israel,
3103 5307 3199 5363 sed
3242 5311 3311 5364 ad
3356 5327 3546 5367 omnes

1971 5379 2171 5447 ubique
2204 5386 2468 5453 gentium.
2495 5387 2657 5445 Orbis
2688 5407 2923 5465 namque
2951 5404 3093 5453 totus
3123 5398 3223 5455 sub
3242 5402 3366 5457 caeli
3389 5418 3543 5459 com-

1956 5468 2124 5537 plexu
2150 5479 2458 5548 evangelica
2479 5484 2883 5553 praedicatione,
2912 5496 3169 5559 tanquam
3198 5495 3319 5561 reti,
3348 5503 3541 5566 captus

1964 5571 2064 5615 CSI.
