4090 6216
537 321 674 379 1579

1517 307 1573 358 S.
1616 299 1891 358 (lYlllLLl
1932 297 2404 354 ALEXAtVDlllNl
2443 293 2762 353 ARCHIEP.

3649 291 3773 348 1380

539 459 714 515 σημον
751 437 871 507 ούχὶ
914 436 1092 506 μόνοις
1122 434 1231 493 τοῖς
1297 427 1650 481 πιστεύσασιν
1691 425 1747 490 ἐξ
1785 423 2016 494 αἵματος
2063 422 2298 493 Ἰσραὴλ,
2343 419 2479 474 ἀλλὰ
2545 419 2654 490 γὰρ
2698 415 2934 477 καὶτοῖς
2975 411 3315 480 ἁπανταχόσε
3384 397 3486 479 γῆς
3510 427 3521 440 ·
3558 411 3778 481 σεσαγη-

540 513 724 590 νενυται
757 530 864 600 γὰρ
894 527 981 581 διά
1016 526 1126 578 τῶν
1156 517 1528 589 εύαγγελικῶν
1557 517 1930 586 κηρυγμάτων
1963 515 1997 582 ἡ
2021 513 2114 566 ὑπ’
2153 514 2398 584 οὐρανόν.

615 589 780 676 Vens:
826 589 909 680 ll,
946 615 1028 669 l2.
1066 613 1236 666 Dicite
1275 609 1404 679 filia'
1439 608 1566 662 Sion
1595 624 1612 661 :
1637 605 1770 660 Ecce
1798 605 1889 657 tibi
1922 602 2111 658 Serva-

2276 605 2498 656 Εἵπατε
2547 599 2622 668 τῇ
2670 597 2912 667 θυγατρὶ
2968 594 3137 648 Σιών
3179 593 3322 646 Ἰδού
3373 608 3473 646 σοι
3521 595 3552 644 ό
3593 589 3779 660 Σωτὴρ

544 729 626 772 tor
678 712 845 774 venit,
895 708 1087 760 habens
1133 717 1285 757 suam
1337 702 1658 761 mercedem,
1728 707 1775 750 et
1837 711 1964 764 opus
1996 709 2118 749 ante

548 807 732 876 faciem
781 815 951 854 suain.
1010 795 1077 849 Et
1111 793 1310 848 vocabit
1362 807 1480 845 eum
1531 790 1780 858 papulum
1825 795 2064 840 sanctum
2099 826 2115 850 ,

548 898 864 962 redemptum
895 908 925 943 (ι
960 887 1206 941 Domino.
1265 883 1343 938 Tu
1383 893 1555 936 autem
1575 880 1836 935 vocaberis
1872 879 2117 942 requisita

548 991 732 1044 civitas
759 1027 774 1052 ,
803 995 849 1038 et
878 999 978 1037 non
1013 980 1285 1034 derelicta.

624 1158 956 1214 Prwnuntiat
1002 1142 1294 1206 adventum
1327 1147 1656 1210 Servatoris,
1693 1157 1748 1199 et
1781 1158 2124 1214 quazeunque

551 1255 676 1306 inde
730 1248 921 1302 luerati
965 1260 1190 1310 sumus,
1228 1258 1292 1296 ac
1337 1240 1557 1294 divitias
1605 1237 1810 1292 dandas
1851 1237 1902 1289 in
1939 1235 2113 1303 ipsum

551 1341 916 1396 credentibus.
957 1338 1146 1391 Filiam
1183 1334 1427 1388 nominat
1465 1331 1618 1385 Sion.
1665 1329 1794 1382 Sive
1825 1337 2002 1380 autem
2035 1341 2125 1379 vc-

554 1436 612 1488 lit
641 1434 762 1502 quis
796 1432 1073 1498 antiquam
1102 1428 1246 1480 illam
1277 1422 1593 1493 utpotejam
1626 1421 1876 1488 adeptam
1905 1419 2124 1472 miseri-

555 1526 826 1586 cordiam,
880 1529 933 1575 et
961 1520 1060 1572 ﬁde
1093 1516 1466 1588 justiﬁcatam,
1499 1513 1613 1567 sive
1667 1525 1888 1576 novam,
1938 1511 1990 1563 id
2041 1519 2124 1563 est

555 1617 856 1671 Ecclesium
886 1654 899 1678 ,
944 1611 1244 1679 intelligere
1279 1627 1291 1662 :
1328 1623 1432 1662 non
1471 1604 1704 1659 absurde
1737 1602 1956 1665 dixerit,
1983 1602 2125 1670 quod

559 1711 673 1762 lnec
715 1707 785 1761 sit
837 1706 984 1758 illius
1013 1701 1196 1756 Sionis
1257 1698 1386 1752 lilia.
1443 1697 1610 1766 876
1669 1694 1833 1748 l’rimi
1869 1692 2014 1745 enim
2060 1705 2126 1743 ex

556 1799 818 1868 sanguine
852 1793 1068 1848 lsraelis
1099 1789 1314 1847 oriundi
1347 1789 1694 1841 crediderunt
1739 1800 1752 1836 :
1792 1793 1846 1837 et
1885 1782 2124 1851 gentium

560 1889 799 1944 Ecclesia
836 1887 983 1941 velut
1041 1883 1148 1938 ﬁlia
1180 1882 1426 1952 quaadam
1453 1880 1596 1934 dicta
1624 1888 1709 1932 est
1741 1874 1860 1943 ejus
1896 1889 2012 1942 qua:
2061 1873 2127 1925 ab

559 1981 714 2036 initio
744 1978 811 2033 ab
837 1977 941 2031 illis
968 1975 1261 2030 constituta
1290 1980 1394 2026 est.
1433 1971 1501 2023 At
1549 1968 1745 2039 quibus
1778 1965 2032 2029 mandat,
2074 1974 2126 2017 ut

561 2071 910 2141 Evangelium
939 2066 1261 2121 aununtient
1283 2063 1436 2118 Sinni
1462 2063 1484 2115 ?
1538 2061 1728 2115 Annon
1755 2059 1974 2114 omnino
2001 2071 2129 2110 san-

561 2164 664 2218 ctis
687 2161 1015 2232 mystagogis
1035 2158 1126 2228 qui
1152 2155 1482 2226 praefuerunt
1507 2151 1789 2216 Eeclesiis,
1812 2164 1947 2219 quos
1967 2151 2128 2203 etiam

558 2253 719 2323 jussit
753 2253 966 2321 aperire
995 2260 1201 2320 portas,
1237 2259 1291 2303 et
1317 2247 1524 2318 lapides
1559 2245 1846 2315 diligenter
1871 2258 1902 2298 e
1956 2243 2131 2296 medio

566 2344 799 2400 tollere?
825 2342 962 2408 Quid
985 2350 1067 2396 est
1095 2341 1257 2408 igitur
1301 2340 1444 2407 quod
1481 2335 1853 2407 prmdicatur?
1916 2353 1934 2384 ι
1994 2333 2133 2386 Ecce

568 2433 662 2487 tibi
698 2433 956 2488 Servator
989 2428 1212 2482 advenit
1275 2426 1483 2480 habens
1519 2424 1819 2478 mercedem
1871 2436 2044 2481 suam,
2083 2429 2133 2468 et

565 2539 699 2595 opus
735 2529 863 2576 ante
893 2521 1086 2574 faciem
1117 2534 1292 2572 suam.
1332 2536 1351 2569 ι
1394 2516 1508 2570 Duo
1536 2514 1697 2570 simul
1737 2513 1910 2580 ponit,
1955 2511 2132 2564 divina

568 2625 621 2669 et
663 2611 888 2675 eximia,
921 2609 1066 2663 unde
1115 2604 1402 2660 manifesta
1457 2603 1549 2656 ﬁat
1592 2602 1898 2656 Servatoris
1941 2599 2132 2671 gloria.

570 2705 744 2762 Divini
773 2703 918 2758 enim
966 2698 1244 2770 prophetat:
1276 2694 1714 2750 exhortabantur
1743 2708 1860 2745 eam
1899 2693 1967 2745 ad
2011 2689 2136 2744 vita:

571 2796 915 2867 probitatem,
943 2801 998 2845 et
1029 2791 1096 2844 ad
1117 2785 1585 2843 conversationem
1620 2783 1721 2853 legi
1748 2789 2134 2852 congruentem

570 2898 622 2944 et
679 2889 983 2942 honestam.
1064 2879 1269 2936 Deinde
1348 2877 1713 2932 meminerant
1793 2873 2136 2942 prtctniorum

570 2995 690 3050 quae
713 2975 984 3047 accepturi
1021 2980 1176 3028 erant
1205 2971 1335 3026 olim
1367 2984 1397 3022 a
1432 2968 1563 3033 Deo,
1616 2965 1816 3036 quibus
1851 2979 1996 3018 cura:
2020 2971 2140 3016 erat

572 3081 718 3128 recte
753 3069 1019 3124 factorum
1043 3063 1250 3134 gloria;
1306 3060 1401 3116 sed
1432 3075 1539 3115 non
1588 3066 1745 3114 erant
1791 3056 1892 3125 ipsi
1926 3056 2140 3110 datores

571 3161 932 3234 spiritualium
951 3157 1366 3218 charismatum,
1398 3151 1491 3206 sed
1511 3149 1900 3220 praedicebant,
1924 3147 2138 3214 ut'dixi,

573 3253 965 3326 promissioues
1015 3248 1131 3303 Dei.
1196 3245 1585 3302 Uuiversorum
1625 3252 1805 3296 autem
1861 3239 2137 3303 Servator,

2217 691 2625 762 παραγέγονεν
2668 688 2824 756 ἔχων
2878 685 2986 738 τὸν
3039 683 3252 737 ἑαυτοῦ
3297 680 3544 750 μισθὸν,
3583 681 3675 734 καί
3722 681 3778 735 τὸ

2218 784 2394 852 ἔργον
2434 781 2548 849 πρὸ
2587 777 2915 849 προσώπου
2952 772 3158 829 αὐτοῦ’
3198 774 3291 826 καὶ
3329 772 3578 826 καλέω-ει
3614 772 3781 826 αὑτὸν

2219 873 2371 927 ,λαὸν
2423 871 2617 940 ἅγιον,
2661 865 3120 935 λελυτρωμένον
3157 865 3276 918 ὑπὸ
3328 864 3570 932 Κυρίουο
3608 864 3686 918 σὺ
3723 864 3778 916 δέ

2221 964 2504 1032 κληθήσῃ
2533 961 2956 1030 ἐπιξιιτουμένη
2985 960 3180 1023 πόλις,
3217 956 3318 1008 καὶ
3349 957 3461 1010 οὐκ
3486 956 3778 1024 ἐγκαταλε-

2222 1056 2529 1126 λειμμένη.

2296 1145 2736 1218 Προῦπαγορεύει
2759 1143 2814 1196 δὲ
2849 1142 2941 1195 τοῦ
2973 1141 3220 1210 Σωτῆρος
3246 1139 3347 1210 τὴν
3378 1139 3577 1207 ἄφιξιν,
3607 1141 3697 1192 ὅσα
3731 1157 3779 1192 τε

2224 1243 2290 1294 δι’
2320 1241 2486 1310 αὐτῆς
2518 1237 2952 1309 κεκερδήκαμεν,
2976 1233 3179 1288 καὶτὸν
3207 1232 3570 1303 δοθησόμενον
3595 1235 3696 1296 τοῖς
3715 1235 3778 1295 εἰς

2225 1333 2387 1386 αὑτὸν
2410 1329 2723 1384 πιστεύουσι
2754 1327 3002 1380 πλοῦτον.
3030 1324 3315 1395 θυγατέρα
3339 1341 3406 1392 ’τε
3434 1323 3534 1394 μὴν
3555 1324 3778 1393 ὀνομάζει

2225 1421 2323 1488 τὴν
2346 1418 2502 1472 Σιών.
2521 1419 2629 1470 Καὶ
2656 1419 2702 1470 εί
2742 1417 2836 1487 μὲν
2869 1415 3108 1486 βούλοιτό
3139 1431 3220 1477 τις
3240 1412 3338 1484 τὴν
3371 1413 3595 1484 ἀρχαίαν
3618 1412 3779 1465 νοείτω

2225 1511 2300 1574 ὡς
2349 1510 2656 1582 ἠλεημένην
2706 1509 2840 1578 ἤδη,
2878 1508 2974 1560 καὶ
3023 1505 3454 1574 δεδικαιωμένην
3502 1505 3556 1556 ἐν
3603 1503 3775 1556 πίστει.

2231 1601 2290 1654 ΕΞ
2322 1602 2378 1654 δὲ
2405 1602 2468 1670 δὴ
2505 1601 2605 1671 τὴν
2644 1601 2789 1664 νέαν,
2814 1598 3058 1652 τουτέστι
3087 1597 3182 1667 τὴν
3215 1595 3566 1665 Ἐκκλησίαν,
3597 1592 3780 1661 λέγοιτο

2229 1695 2294 1747 ἂν
2318 1695 2415 1748 οὐκ
2441 1693 2746 1756 ἀπεικότως
2767 1692 2863 1745 καὶ
2896 1691 3036 1761 αῦτη
3069 1688 3315 1759 θυγάτηρ
3349 1682 3495 1741 εἶναι
3517 1687 3614 1756 τῆς
3641 1685 3775 1738 Σιών.

2228 1785 2444 1858 Πρῶτοι
2465 1783 2573 1854 γὰρ
2597 1784 2647 1835 οἱ
2677 1783 2736 1849 ἐξ
2766 1783 2996 1853 αἵματος
3029 1778 3245 1851 Ἰσραὴλ
3269 1777 3678 1840 πεπιστεύκασι,
3701 1777 3779 1829 καὶ

2229 1874 2345 1933 οἷον
2380 1894 2462 1940 τις
2485 1874 2727 1946 θυγάτηρ
2761 1874 2858 1943 τῆς
2888 1873 2981 1926 ἀπ’
3006 1872 3184 1926 αύτῶν
3217 1868 3492 1938 συστάσης
3517 1869 3569 1920 ἐν
3606 1869 3777 1937 ἀρχαῖς

2242 1971 2565 2042 Ἐκκλησίας
2599 1970 2633 2040 ὴ
2677 1967 2735 2034 ἐξ
2763 1965 2931 2018 ἐθνῶν
2974 1963 3320 2033 ὀνομάζεται.
3357 1962 3482 2013 Τίσι
3515 1960 3565 2012 δὲ
3593 1959 3776 2012 κελεύει

2230 2065 2290 2117 τὸ
2311 2059 2770 2131 εὐαγγελίσασθαι
2793 2059 2859 2128 τῇ
2882 2055 3050 2120 Σιών;
3079 2055 3111 2126 ἢ
3139 2054 3355 2116 πάντως
3380 2069 3480 2106 που
3505 2055 3607 2114 τοῖς
3626 2051 3778 2120 ἁγίοις

2237 2155 2615 2226 μυσταγωγοῖς
2648 2153 2761 2213 τοῖς
2787 2145 3147 2217 καθηγεῖσθαι
3174 2143 3426 2215 λαχοῦσιν
3453 2142 3774 2213 Ἑκκλησιῶν,

2233 2240 2312 2309 οἷς·
2338 2245 2432 2298 καὶ
2459 2242 2767 2312 ἀνοιγνύναι
2795 2239 2893 2304 τὰς
2922 2238 3112 2301 πύλας,
3137 2237 3233 2290 καὶ
3259 2238 3383 2300 τοὺς
3409 2235 3579 2300 λίθους
3604 2235 3660 2287 ἐγ
3694 2233 3776 2303 μέο

2237 2356 2330 2390 σου
2363 2335 2704 2407 διαρρίπτειν
2725 2327 2782 2385 εῦ
2815 2331 2958 2402 μάλα
2987 2327 3381 2399 παρεκελεύετο
3406 2345 3419 2393 ;
3444 2328 3506 2380 Τί
3531 2326 3580 2380 δὲ
3601 2327 3659 2394 δὴ
3683 2327 3778 2395 ἄρα

2235 2433 2296 2485 τὸ
2331 2429 2768 2500 κηρυττόμενον;
2797 2443 2815 2478 ι
2853 2423 2982 2478 Ἰδού
3021 2439 3100 2476 σοι
3135 2424 3164 2475 ὁ
3209 2422 3397 2493 Σωτὴρ
3429 2421 3776 2492 παραγέγονεν

2237 2521 2374 2592 ἔχων
2405 2521 2495 2572 τὸν
2527 2517 2722 2572 ἑαυτοῦ
2752 2515 2964 2587 μισθδν.
2992 2515 3086 2567 καὶ
3104 2514 3164 2566 τὸ
3191 2513 3347 2584 ἔργον
3383 2511 3478 2583 πρὸ
3507 2509 3771 2580 προσώπου

2239 2611 2426 2665 αὑτοῦ.
2453 2629 2469 2659 ι
2492 2609 2594 2662 Δύο
2629 2608 2839 2676 τίθησιν
2868 2604 3003 2676 ὁμοῦ
3032 2604 3300 2674 θεοπρεπῆ
3330 2619 3382 2653 τε
3407 2602 3492 2653 καὶ
3515 2599 3773 2671 ἐξαίρετα,

2238 2705 2302 2756 δι’
2331 2697 2404 2755 ὧν
2438 2701 2503 2754 ἂν
2537 2700 2745 2768 γένοιτο
2779 2697 3090 2768 καταφανὴς
3118 2695 3204 2746 τοῦ
3233 2694 3523 2762 Σωτῆροςή
3555 2689 3695 2754 δόξα.
3719 2691 3778 2742 Ol

2243 2795 2339 2865 μὲν
2363 2792 2470 2863 γὰρ
2497 2791 2774 2846 θεσπέσιοι
2801 2789 3078 2860 προφῆται
3103 2784 3434 2857 παρεκάλουν
3463 2783 3537 2846 είς
3567 2781 3780 2844 εύζωῖαν

2241 2884 2428 2955 αὐτὴν,
2460 2885 2554 2937 καὶ
2584 2884 2661 2947 είς
2691 2882 2912 2952 ἔννομον
2947 2898 3006 2934 τε
3040 2880 3134 2933 καὶ
3174 2877 3481 2948 εὐσχήμονα
3511 2874 3776 2928 πολιτείαν.

2244 2972 2376 3030 Εἶτα
2410 2975 2768 3046 διεμέμνηντο
2791 2973 2898 3026 τῶν
2928 2970 3127 3043 γερῶν,
3155 2971 3190 3025 ἃ
3221 2970 3372 3040 παρὰ⁴
3401 2966 3526 3022 Θεοῦ
3551 2966 3780 3038 λήψονται

2244 3068 2388 3123 κατὰ
2419 3067 2665 3140 καιροὺς,
2697 3059 2778 3128 οἷς
2815 3064 2880 3118 ἂν
2908 3063 3120 3132 γένοιτο
3153 3062 3213 3115 τὸ
3240 3062 3538 3130 εὐδοκιμεῖν
3562 3059 3613 3111 ὲν
3636 3057 3778 3125 λόγῳ,

2244 3160 2358 3215 ἀλλ’
2384 3161 2484 3213 οὐκ
2512 3159 2666 3211 αὐτοὶ
2705 3155 3065 3228 χαρισμάτων
3089 3154 3313 3225 δοτῆρες
3345 3147 3480 3224 ἦσαν
3504 3151 3600 3204 τῶν
3636 3163 3780 3201 πνευ-

2249 3249 2512 3322 ματικῶν.
2568 3249 2945 3320 Προηγόρευον
2998 3246 3092 3310 δὲ,
3144 3246 3220 3310 ὡς
3265 3245 3436 3316 ἔφην,
3493 3240 3783 3310 ὑποσχέσεις

574 3355 764 3416 utpote
798 3345 959 3407 Deus,
987 3341 1156 3395 habet
1185 3345 1506 3408 potestatem
1547 3335 1706 3389 dandi
1743 3331 2068 3397 mercedem,
2091 3339 2138 3385 el

2249 3343 2404 3397 Θεοῦ.
2449 3343 2507 3396 Ὀ
2543 3343 2600 3396 δέ
2633 3359 2695 3412 γε
2737 3343 2846 3395 τῶν
2891 3342 3026 3396 ὅλων
3056 3340 3267 3413 Σωτὴρ,
3306 3341 3400 3394 ac:
3439 3339 3499 3410 δὴ
3539 3336 3661 3399 Θεὸς
3696 3336 3783 3389 ύπ-

574 3445 838 3508 prazterea
888 3429 1206 3502 dispiciendi
1237 3468 1252 3494 ,
1299 3428 1392 3496 qui
1439 3425 1630 3481 modus
1659 3425 1856 3494 cuique
1911 3431 1966 3478 et
2002 3422 2143 3490 quod

573 3544 708 3600 opus
749 3525 1088 3581 tribuendum
1122 3522 1212 3576 sit.
1246 3520 1340 3575 Est
1366 3519 1508 3574 enim
1537 3519 1638 3573 hoc
1675 3518 1915 3570 divinum
1945 3553 1958 3568 .
1993 3513 2142 3569 Scri-

571 3629 724 3692 ptum
751 3630 982 3685 namque
1001 3623 1084 3669 est
1117 3629 1130 3665 :
1161 3631 1179 3664 ι
1204 3611 1398 3667 Coram
1423 3609 1594 3664 oculis
1623 3609 1712 3663 Dei
1748 3617 1871 3663 sunt
1899 3607 1999 3660 vias
2021 3605 2142 3668 viri,

572 3723 872 3779 omnesque
915 3707 1138 3763 semitas
1175 3704 1292 3773 ejus
1324 3703 1637 3762 considerat
1663 3702 1707 3756 '.
1749 3720 1769 3753 ι
1795 3731 1864 3741 --
1897 3717 1914 3751 ι
1960 3698 2146 3754 Veniet

575 3803 760 3874 igitur,
801 3818 820 3852 ι
863 3797 1075 3869 inquit,
1105 3815 1124 3849 ι
1158 3795 1364 3851 habens
1382 3808 1536 3848 suam
1571 3793 1896 3856 mercedem,
1928 3810 1946 3842 ι
1972 3791 2022 3845 id
2041 3802 2141 3857 est,

574 3891 797 3962 praemia
834 3890 968 3944 dans
1003 3889 1088 3943 his
1143 3900 1280 3958 quos
1314 3900 1411 3953 par
1440 3895 1524 3939 est
1561 3882 1827 3954 accipere.
1866 3882 2143 3952 Siquidem

573 3981 759 4036 divino
788 3980 947 4035 Petro
994 3987 1141 4034 recte
1188 3975 1347 4032 ﬁdem
1397 3973 1704 4040 confitenti,
1737 3992 1753 4024 ι
1801 3974 1966 4038 Dabo,
2003 3991 2022 4026 ι
2063 3974 2146 4026 ἰη-

581 4073 726 4140 quit,
768 4091 786 4124 ι
829 4071 921 4126 tibi
969 4069 1150 4124 claves
1173 4067 1323 4138 regni
1367 4067 1650 4122 cmlorum.
1702 4063 1765 4118 Et
1815 4081 2148 4134 quaecunque

574 4164 832 4236 ligaveris
860 4175 1024 4230 super
1077 4169 1277 4214 terram
1311 4197 1326 4222 ,
1377 4167 1537 4212 erunt
1582 4156 1744 4226 ligata
1789 4157 1843 4210 in
1879 4156 2051 4211 cretis.
2085 4157 2148 4211 Et

575 4267 912 4328 qua-cunque
947 4249 1174 4307 solveris
1227 4264 1389 4317 super
1423 4257 1646 4314 terram,
1695 4259 1856 4302 erunt
1880 4247 2055 4303 soluta
2093 4249 2144 4302 in

575 4348 732 4406 ctelis
761 4347 806 4402 ⁸.
842 4364 859 4397 ι
900 4344 1056 4398 Dedit
1085 4350 1264 4396 autem
1294 4341 1347 4394 in
1389 4340 1702 4394 universum
1734 4340 1984 4394 omnibus
2019 4356 2147 4395 san-

576 4441 683 4496 ctis
716 4437 972 4510 apostolis
1010 4441 1332 4504 potestatem
1383 4442 1572 4486 contra
1620 4431 1928 4486 immundos
1981 4431 2146 4500 Spiri-

579 4541 686 4595 tus,
723 4539 776 4584 et
805 4538 862 4583 ut
889 4533 1107 4598 possent
1131 4539 1322 4580 curare
1339 4539 1557 4580 omnem
1573 4523 1820 4578 morbum
1847 4533 1899 4579 et
1929 4540 2145 4580 onmem

581 4621 950 4674 infirmitatem
987 4621 1038 4674 in
1073 4619 1271 4690 populo
1296 4620 1340 4672 ⁹.
1374 4599 1536 4673 certe
1567 4625 1620 4671 et
1651 4617 1846 4671 latroni
1895 4615 2146 4685 pendenti

2247 3435 2455 3504 άρχων,
2487 3433 2599 3504 ἔχει
2629 3434 2691 3486 τὸ
2717 3434 2979 3488 δύνασθαι
3017 3432 3214 3487 διδόναι
3246 3431 3504 3503 μισθοὺς,
3534 3428 3619 3482 καὶ
3637 3443 3787 3498 προσ·

2247 3526 2514 3597 επιτούτῳ
2553 3525 2613 3578 τὸ
2661 3527 2863 3597 ὲφορᾷν
2903 3525 3116 3595 ἑκάστῳ
3166 3523 3257 3576 τὸν
3306 3523 3536 3594 τρόπον,
3579 3520 3688 3590 ἢτοι
3735 3517 3788 3570 τὸ

2246 3618 2406 3689 ἔργον
2429 3634 2439 3645 ⁸
2466 3617 2765 3691 θεοπρεπὲς
2788 3618 2898 3690 γὰρ
2919 3619 3014 3670 καὶ
3042 3615 3216 3669 τοῦτο.
3239 3615 3557 3686 Γέγραπται
3582 3611 3699 3682 γὰρ,
3721 3611 3788 3662 ὅτι

2252 3727 2270 3760 ι
2311 3708 2570 3763 Ἐνὼπιόν
2601 3711 2708 3762 είσι
2730 3708 2838 3763 τῶν
2863 3708 2956 3762 τοῦ
2979 3707 3114 3762 Θεοῦ
3138 3705 3437 3777 ὀφθαλμῶν
3471 3705 3574 3760 ὁδοὶ
3605 3702 3785 3772 ἀνδρὸς.

2247 3802 2326 3866 είς
2349 3802 2408 3855 δὲ
2435 3801 2613 3867 πάσας
2647 3802 2746 3866 τὰς
2769 3801 2992 3874 τροχιὰς
3020 3801 3186 3854 αὐτοῦ
3207 3801 3489 3854 σκοπεύει.
3520 3815 3636 3852 ι-ι
3657 3793 3789 3857 Ἥξει

2244 3893 2445 3958 τοίνυν,
2477 3913 2496 3947 ι
2541 3895 2725 3966 φησιν,
2772 3914 2789 3946 ι
2827 3894 2965 3964 ἔχων
3007 3892 3098 3946 τὸν
3127 3891 3320 3945 ἑαυτοῦ
3363 3891 3622 3962 μισθὸν,ι
3661 3901 3790 3940 τουτο

2249 3981 2418 4047 ἐστιν,
2449 3983 2612 4046 αὐτὸς
2641 3982 2708 4035 τὰ
2735 3981 2874 4053 γέρα
2901 3981 3094 4045 διδους,
3113 3975 3192 4045 οἷς
3223 3980 3288 4035 ἂν
3307 3981 3510 4051 πρέποι
3537 3979 3594 4032 τὸ
3616 3976 3788 4032 λαὸεῖν.

2247 4075 2356 4129 Καὶ
2394 4073 2526 4144 γοῦν
2567 4074 2962 4146 ὁμολογήσαντι
3015 4073 3115 4145 μὲν
3155 4073 3253 4143 τὴν
3294 4073 3478 4126 πίστιν
3530 4069 3687 4141 ὀρθῶς
3729 4065 3793 4135 τῷ

2248 4166 2517 4238 θεσπεσίῳ
2562 4166 2770 4239 Πέτρῳ,
2811 4184 2829 4218 ι
2853 4164 3020 4219 Δώσω
3059 4183 3162 4230 σοι,
3187 4184 3206 4218 ι
3241 4165 3394 4236 φησι,
3437 4184 3457 4216 ι
3481 4164 3579 4228 τὰς
3612 4159 3794 4220 κλεῖδας

2247 4259 2346 4326 τῆς
2365 4256 2640 4326 βασιλείας
2655 4256 2761 4310 τῶν
2776 4255 3043 4328 ούρανῶν,
3075 4255 3169 4309 καὶ
3183 4257 3284 4309 ὅσα
3300 4255 3394 4308 ἐὰν
3415 4255 3585 4328 δήσῃς
3612 4251 3692 4306 ἔπι
3713 4249 3794 4318 τῆς

2247 4348 2372 4418 γῆς,
2405 4347 2558 4402 ἔσται
2594 4348 2856 4418 δεδεμένα
2903 4350 2960 4402 ὲν
2987 4350 3097 4412 τοῖς
3141 4348 3408 4420 οὐρανοῖς,
3455 4350 3550 4401 καὶ
3590 4347 3685 4399 ὅσα
3721 4343 3798 4394 ἐὰν

2248 4440 2416 4511 λύσῃς
2443 4440 2535 4493 ἐπὶ
2563 4441 2662 4510 τῆς
2690 4440 2985 4511 γῆς,ἐσται
3007 4441 3275 4512 λελυμένα
3296 4443 3354 4494 ὲν
3380 4443 3494 4503 τοῖς
3522 4439 3795 4511 ούρανοξλ

2261 4529 2580 4601 Ἐχαρίζετο
2606 4529 2662 4582 δὲ
2697 4530 2792 4583 καὶ
2824 4531 3122 4603 συλλήϐδην
3145 4531 3317 4587 ἅπασι
3346 4533 3456 4594 τοῖς
3491 4530 3662 4599 ἁγίοις
3686 4528 3801 4582 ἀπο-

2253 4620 2458 4685 στόλοις
2493 4620 2632 4673 κατὰ
2681 4622 3008 4692 πνευμάτων
3053 4622 3379 4693 ἀκαθάρτων
3413 4621 3686 4686 ἐξουσίαν,
3725 4616 3804 4669 καὶ

581 4727 685 4767 una
722 4726 843 4764 cum
877 4710 993 4777 ipso
1026 4709 1164 4763 dixit
1189 4710 1347 4764 [idem
1392 4726 1498 4763 non
1540 4711 1833 4764 carituram
1863 4723 1961 4763 suo
2008 4722 2138 4776 pra:-

2250 4711 2312 4764 τὸ
2337 4711 2659 4783 θεραπεύειν
2690 4711 2950 4767 δύνασθαι
2979 4715 3159 4767 πᾶσαν
3185 4713 3359 4778 νόσον,
3393 4714 3489 4768 καὶ
3517 4714 3690 4767 πᾶσαν
3716 4726 3806 4779 μα’

582 4803 732 4859 mio:
776 4817 795 4851 ι
835 4799 1006 4852 Amen
1050 4797 1170 4852 dico
1198 4800 1312 4863 tibi,
1368 4799 1526 4854 hodie
1561 4815 1770 4855 mecum
1811 4800 1920 4855 eris
1955 4801 2006 4853 in
2052 4816 2146 4869 pa-

582 4893 761 4949 radiso
793 4891 858 4944 ‘°.
898 4907 916 4941 ι
945 4887 1079 4943 Cum
1114 4902 1244 4959 ergo
1267 4889 1517 4956 venerit,
1605 4889 1817 4959 inquit,
1919 4904 2014 4944 eos
2053 4891 2143 4958 qui

579 4985 810 5039 credunt
871 4981 924 5035 in
959 4981 1154 5048 ipsum,
1189 4997 1206 5031 ι
1241 4978 1452 5034 vocabit
1507 4979 1758 5050 populum
1799 4989 2044 5034 sanctum
2093 4989 2148 5034 et

582 5075 913 5143 redemptum
941 5087 971 5126 a
1008 5069 1256 5126 Domine.
1295 5091 1314 5123 ι
1347 5068 1460 5126 Νοιι
1489 5071 1632 5126 enim
1651 5070 1878 5141 legatus,
1911 5085 2015 5122 non
2053 5088 2150 5123 an-

579 5167 749 5235 gelus,
786 5165 878 5220 sed
911 5165 1024 5233 ipse
1058 5161 1320 5218 Dominus
1363 5162 1603 5217 servavit
1651 5177 1768 5228 nos,
1816 5160 1975 5216 sicuti
2010 5164 2145 5217 seri-

579 5265 727 5322 ptmn
752 5253 929 5308 est‘°'.
953 5271 971 5304 ι
1001 5251 1296 5321 Tuautem,
1318 5267 1350 5307 ο
1375 5252 1524 5316 Sion,
1551 5272 1570 5304 ι
1594 5254 1706 5308 sive
1729 5251 1988 5314 Ecclesia,
2010 5271 2028 5304 ι
2057 5269 2147 5306 vo-

581 5342 795 5397 caberis
837 5343 1096 5412 requisita
1127 5343 1321 5398 civitas
1349 5353 1404 5398 et
1439 5358 1544 5397 non
1573 5341 1851 5397 derelicta.
1900 5360 1918 5393 ι
1947 5341 2151 5412 Requi-

583 5433 741 5486 sitam
799 5434 958 5502 dicit,
1011 5444 1065 5490 et
1102 5435 1362 5490 memoria
1409 5435 1642 5505 dignam.
1713 5433 1947 5490 Tenetur
2005 5436 2149 5490 enim

586 5525 845 5578 memoria
867 5527 1011 5593 quod
1059 5528 1334 5594 qureritur.
1390 5525 1455 5579 Et
1500 5541 1604 5579 non
1631 5525 1905 5590 derelicta,
1949 5535 2007 5580 ut
2041 5527 2150 5594 pri-

662 5693 681 5726 ⁷
715 5691 877 5749 Prov.
906 5708 956 5762 ν,
992 5693 1082 5749 El.
1156 5698 1177 5728 ⁸
1217 5697 1409 5753 Matth.
1441 5715 1548 5767 xvi,
1583 5701 1665 5756 l9.
1743 5705 1762 5732 ⁹
1801 5700 1993 5757 Matth.
2026 5717 2102 5769 tv,
2137 5702 2227 5759 23.

2253 4800 2446 4854 λακίαν
2479 4799 2537 4852 ὲν
2567 4799 2643 4872 τῷ
2684 4800 2818 4872 λαῷ.
2858 4802 2969 4858 Ναὶ
3013 4803 3117 4875 μὴν
3154 4803 3248 4857 καὶ
3276 4802 3354 4872 τῷ
3387 4800 3806 4874 συγκρεμαμένῳ

2253 4890 2422 4962 λῃστῇ
2471 4888 2569 4961 τὴν
2631 4890 2812 4945 πίστιν
2861 4893 2961 4946 ούκ
3019 4891 3250 4963 ἄμισθον
3283 4893 3454 4947 εἰπὼν
3504 4893 3803 4962 ἀπέφηνεν·

2260 4999 2278 5031 ι
2316 4979 2487 5051 Ἀμὴν
2531 4981 2674 5050 λέγω
2722 4998 2822 5047 σοι,
2877 4984 3117 5054 σήμερον
3151 4983 3270 5056 μετ’
3308 4983 3444 5054 ἐμοῦ
3480 4983 3578 5054 ἔσῃ
3637 4985 3691 5035 ἐν
3740 4978 3808 5049 τῷ

2258 5072 2588 5144 παραδείσῳ.
2613 5093 2632 5126 ι
2665 5073 2986 5145 Ἀφιγμένος
3015 5076 3080 5147 δὴ
3114 5071 3226 5143 οῦν,
3265 5077 3418 5146 φησι,
3449 5078 3574 5140 τοὺς
3617 5074 3713 5145 μὲν
3742 5073 3808 5134 είς

2261 5163 2422 5218 αὐτὸν
2463 5164 2814 5230 πιστεύοντας
2853 5183 2872 5217 ι
2901 5167 3119 5220 καλέσει
3167 5167 3293 5221 λαὸν
3321 5167 3498 5236 ἅγιον,
3543 5168 3638 5222 καὶ
3673 5166 3808 5219 λελυ-

2250 5255 2530 5325 τρωμένον
2557 5256 2666 5310 ἀπὸ
2699 5256 2924 5327 Κυρίου.
2956 5276 2974 5308 ι
3001 5258 3074 5311 Ού
3105 5258 3211 5329 γὰρ
3243 5258 3506 5330 πρέσϐυς,
3533 5259 3634 5312 οὐκ
3661 5249 3808 5324 ἄγγε·

2251 5343 2363 5408 λος,
2397 5342 2509 5396 ἀλλ’
2544 5343 2705 5408 αὐτὸς
2732 5346 2761 5397 ὁ
2786 5344 2988 5416 Κύριος
3019 5345 3223 5402 ἔσωσεν
3252 5350 3420 5419 ἡμᾶς,
3447 5348 3588 5403 καθὰ
3621 5348 3810 5418 γέγρα-

2253 5449 2415 5490 πται·
2444 5455 2460 5487 ι
2491 5436 2564 5488 Συ
2596 5437 2673 5502 δὲ,
2711 5435 2871 5505 Σιὼν,
2907 5457 2925 5490 ι
2960 5439 3128 5510 ἦγουν
3165 5441 3482 5510 Ἐκκλησία,
3517 5461 3536 5494 ι
3578 5440 3808 5512 κληθήσῃ

2252 5524 2649 5597 ὲπιζητουμένη
2698 5527 2886 5594 πόλις,
2919 5530 3013 5583 καὶ
3055 5531 3156 5584 ούκ
3203 5533 3762 5606 ἑγκαταλελειμμένηο
3789 5548 3805 5581 ι

2305 5705 2347 5736 ¹⁰
2379 5704 2510 5760 Luc.
2546 5723 2697 5777 xxnt,
2733 5709 2821 5766 43.
2919 5711 3107 5784 '°'_lsa.
3147 5727 3302 5783 um,
3336 5714 3371 5769 9
