4090 6216
373 331 506 386 1581

1503 327 1569 383 IN
1611 325 1843 383 lSAlAM
1882 325 2008 382 LIB.
2051 326 2115 381 ν.
2158 326 2396 384 TOMUS
2434 326 2500 382 ν.
2604 366 2609 369 »

3490 324 3629 382 13$!

371 445 433 501 τδ
464 444 543 511 δὲ,
579 442 998 515 ἐπιξητουμένη,
1022 444 1204 513 φησιν,
1222 443 1343 497 ἀντὶ
1372 444 1486 512 τοῦ,
1510 446 1731 517 μνήμης
1764 443 1946 509 ἀξιου-

2062 459 2137 499 ma
2177 445 2287 512 illa,
2315 445 2364 501 id
2398 454 2481 501 est
2516 442 2808 498 inlidelium
2839 440 3144 496 multitudo.
3179 438 3389 494 Dictum
3418 446 3501 492 est
3528 439 3630 510 igi-

377 537 534 607 μένη.
562 533 974 605 Μνημονεὺεται
1009 535 1118 606 γὰρ
1149 535 1209 589 τδ
1237 535 1598 607 ζητούμενονο
1628 536 1722 589 καὶ
1747 536 1806 588 οὐ
1846 552 1946 589 κα-

2049 546 2137 593 ιιιι·
2168 550 2196 590 a
2240 537 2519 603 Deo,voce
2539 533 2786 591 Ieremia:
2812 550 2824 585 :
2857 533 3020 604 877
3069 552 3087 585 ι
3117 531 3385 601 Dereliqui
3415 530 3631 585 domum

372 627 787 699 ταλελειμμένη,
822 625 965 681 καθὰ
1016 626 1109 681 καὶ
1145 629 1176 697 ἡ
1218 627 1431 699 πρώτη,
1472 627 1750 681 τουτέστιν
1778 628 1811 696 ἡ
1843 627 1950 680 τῶν

2062 644 2248 695 meam,
2285 628 2465 684 dimisi
2505 627 2874 683 haereditatem
2905 640 3101 681 meam.
3145 642 3166 677 ι
3201 624 3523 690 Dictumque
3546 631 3632 677 est

373 719 789 799 ἀπιστησάντων
820 717 1051 788 πληθύς.
1090 717 1320 789 Εἴρηται
1349 719 1448 789 μὲν
1490 714 1583 773 οὖν
1628 718 1779 789 παρὰ
1812 718 1948 787 Χρι-

2052 735 2146 789 per
2176 722 2349 790 ipsum
2377 721 2616 777 omnium
2649 730 2892 776 nostrum
2926 717 3274 773 Servatorem
3307 714 3580 770 Christum
3610 729 3628 770 :

375 810 500 863 στοῢ
525 808 610 863 διὰ
651 809 750 880 μὲν
778 808 879 878 τῆς
914 807 1176 879 Ἰερεμίου
1210 812 1411 880 φωνῆς,
1437 828 1454 860 ι
1481 808 1948 878 Ἐγκαταλέλοιπα

2062 828 2071 861 π
2103 811 2239 867 Ecce
2276 812 2599 884 relinquitur
2619 814 2775 868 vobis
2820 811 3011 867 dooms
3043 808 3292 864 vestra“.
3334 826 3354 859 ι

371 900 462 954 τὸν
496 895 642 954 οἶκόν
689 917 809 971 μου,
846 900 1031 968 ἀφῆκα
1065 900 1162 971 τὴν
1215 901 1577 973 κληρονομίαν
1620 920 1741 972 μου.
1793 919 1811 952 ›
1851 902 1936 955 διὰ
1967 902 2021 956 δὲ
2059 904 2160 975 τῆς
2211 905 2377 960 αὐτοῦ
2435 905 2528 960 τοῦ
2587 906 2801 960 πάντων
2852 903 3008 975 ἡμῶν
3057 901 3310 971 Σωτῆρος
3358 893 3594 968 Χριστοῦ
3623 903 3639 917 ⁸

378 1011 396 1046 ι
432 992 560 1046 Ἰδοὺ
585 990 803 1060 ἀφίεται
828 992 855 1042 ὁ
882 986 1029 1053 οἶκος
1063 989 1217 1059 ὑμῶν
1248 992 1393 1060 ὑμῖν.
1423 1009 1442 1042 ι

446 1089 540 1153 Τίς
571 1080 749 1151 οὗτος
782 1087 815 1138 ὀ
843 1086 1322 1154 παραγενόμενος
1346 1085 1416 1149 ἐξ
1447 1085 1662 1155 Ἐδώμ;
1691 1086 1952 1155 ἐρύθημα

372 1181 614 1251 ίματίων
632 1175 820 1231 αὑτοῦ
838 1176 907 1230 ἐκ
935 1177 1129 1245 Βοσόρ
1143 1192 1162 1240 ;
1197 1172 1385 1243 Οὗτος
1408 1177 1617 1245 ὡραῖος
1636 1177 1706 1230 ἐν
1734 1177 1948 1247 στολῇ,

365 1269 488 1335 ,Βοᾷ
528 1269 679 1339 μετὰ
718 1268 930 1335 ἰσχύος
948 1283 962 1297 ’
988 1265 1138 1336 Ἐγὼ
1161 1266 1505 1337 διαλέγομαι
1532 1268 1946 1339 δικαιοσύνην,

372 1367 467 1420 καὶ
521 1355 723 1435 κρίσιν
754 1365 1071 1434 σωτηρίου.
1108 1365 1273 1419 Atat!
1308 1380 1425 1420 σου
1457 1366 1675 1435 ἐρυθρὰ
1710 1366 1783 1421 τὰ
1822 1365 1946 1436 lyd-

374 1475 487 1519 τια.
506 1457 603 1511 καὶ
637 1457 708 1511 τὰ
735 1454 1035 1525 ἐνδύματὰ
1066 1472 1203 1519 σου,
1232 1456 1312 1521 ὡς
1335 1457 1452 1511 ἀπὸ
1476 1457 1741 1525 πατητοῦ
1760 1458 1951 1526 ,1ηνοῦ

372 1550 644 1619 πλήρους
685 1546 1288 1617 καταπεπατημέυνηω
1323 1547 1431 1603 Καὶ
1476 1549 1594 1602 τῶν
1621 1548 1810 1603 ἐθνῶν
1842 1551 1950 1603 οὐκ

371 1642 543 1698 ἔστιν
566 1639 722 1709 ἀνὴρ
737 1639 865 1710 μετ’
892 1638 1058 1709 ἐμοῦ.
1089 1638 1196 1693 Kal
1225 1638 1615 1707 κατεπάτησα
1638 1641 1858 1706 αὐτοὺς
1882 1640 1952 1694 ἐν

2134 1086 2265 1140 CAP.
2315 1080 2494 1136 LXIII.
2532 1082 2696 1136 Vens.
2733 1081 2847 1135 1-7.
2886 1080 3016 1145 Quis
3056 1090 3129 1133 est
3164 1082 3260 1134 iste
3289 1080 3381 1149 qui
3405 1082 3536 1134 venit
3569 1098 3634 1135 ex

2062 1173 2253 1239 Edam,
2283 1175 2446 1227 rubor
2496 1172 2714 1227 vestium
2766 1186 2832 1224 ea:
2873 1170 3045 1224 Bosor
3072 1170 3096 1222 2’
3128 1169 3228 1222 llic
3276 1169 3540 1239 formosus
3580 1173 3635 1223 in

2058 1266 2215 1331 stola,
2252 1265 2502 1319 violenter
2536 1264 2731 1318 clamat
2767 1278 2883 1316 cum
2915 1240 3269 1330 fortitudine:
3306 1258 3419 1331 Ego
3448 1261 3635 1329 loquor

2054 1356 2321 1425 justitiam
2352 1367 2400 1408 et
2446 1355 2712 1424 judicium
2757 1354 3030 1409 salutaris.
3088 1352 3268 1418 Quare
3308 1354 3467 1406 rubra
3513 1363 3634 1406 sunt

2066 1457 2158 1501 tua
2200 1448 2506 1501 vestimenta
2535 1447 2605 1515 fet
2644 1447 2955 1499 indumenta
3001 1455 3114 1510 tua,
3166 1446 3297 1499 sicut
3332 1445 3394 1497 dc
3429 1444 3635 1498 calcato

2061 1540 2315 1594 torculari
2344 1538 2495 1607 pleno
2520 1540 2817 1604 percalcato
2847 1538 2871 1590 ?
2919 1534 2985 1590 Et
3045 1552 3109 1589 ea:
3140 1536 3374 1606 gentibus
3421 1552 3524 1589 non
3558 1546 3636 1589 est

2060 1632 2139 1686 vir
2171 1646 2396 1684 mecum.
2430 1628 2499 1683 Et
2536 1629 2837 1683 conculcari
2861 1644 2945 1681 eos
2980 1628 3031 1680 in
3060 1628 3239 1696 furore
3268 1644 3402 1690 ineo,
3435 1637 3481 1680 et
3514 1642 3639 1680 con-

373 1730 557 1803 θυμῷ,
581 1730 677 1785 καὶ
700 1728 1044 1784 κατέθλασα
1069 1727 1291 1795 αὐτοὺς
1308 1730 1389 1795 ὡς
1415 1728 1550 1798 γῆν,
1578 1728 1685 1783 Kal
1705 1729 1956 1799 κατήγα-

2064 1724 2202 1794 fregi
2254 1740 2342 1778 eos
2389 1724 2545 1794 quasi
2577 1733 2792 1777 terram.
2836 1720 2903 1774 Et
2954 1720 3150 1774 deduxi
3204 1719 3510 1788 sanguinem
3551 1733 3637 1772 eo-

372 1842 481 1895 γον
514 1820 578 1876 τὸ
611 1817 752 1891 uiua
786 1819 985 1875 αὐτῶν
1012 1820 1099 1886 είς
1132 1819 1248 1889 γῆν
1274 1819 1373 1892 (1),
1411 1820 1508 1875 καὶ
1539 1819 1735 1875 πάντα
1764 1821 1834 1876 τὰ
1855 1820 1952 1874 ἐν-

322 1958 329 1961 .
372 1913 602 1982 δύσματά
616 1930 735 1983 μου
766 1912 1051 1981 ἐμόλυνα.
1098 1910 1315 1982 Ἡμέρα
1353 1914 1463 1981 γὰρ
1497 1912 1957 1979 ἀνταποδόσεως

373 1998 641 2067 ἐπῆιίθεν
688 1999 927 2066 αὐτοῖς,
968 2000 1066 2054 καὶ
1108 2000 1385 2068 ἐνιαυτὸς
1423 2000 1777 2070 ,λυτρώσεως
1811 2002 1959 2072 πάρ-

372 2104 522 2144 εστι.
552 2088 657 2145 Kal
689 2088 1017 2159 ἐπέὅλεψα,
1036 2089 1136 2145 καί
1160 2090 1363 2156 οὐδεὶς
1381 2092 1627 2159 βοηθός.
1649 2092 1753 2147 Kal
1780 2108 1958 2162 προσο

371 2184 634 2253 ενόησα,
677 2183 775 2238 καὶ
817 2184 1018 2251 οὐδεὶς
1067 2182 1466 2250 ἀντελάϐετο,
1520 2185 1619 2238 καί
1661 2186 1957 2253 ἐρρύσατο

372 2275 594 2343 αὐτοὺς
627 2279 660 2331 ό
680 2276 954 2345 βραχίων
979 2292 1127 2344 μου,
1155 2274 1255 2329 καί
1286 2276 1318 2329 ό
1347 2276 1534 2344 θυμός
1558 2294 1680 2346 μου
1704 2276 1954 2345 ἐπέστη.

372 2369 481 2424 Kal
507 2366 898 2436 κιιτεπάτησα
941 2368 1164 2434 αὐτοὺς
1205 2366 1283 2437 τῇ
1328 2365 1475 2438 ὀργῇ
1504 2385 1646 2438 μου,
1694 2367 1794 2421 καὶ
1820 2367 1956 2437 ἐμέ-

372 2463 529 2514 θυσα
558 2459 780 2526 αὐτοὺς
802 2460 871 2513 ἐν
896 2457 977 2524 τῷ
1017 2458 1183 2529 θυμῷ
1207 2476 1327 2529 μου
1358 2460 1457 2530 (‘2),
1488 2458 1590 2512 καὶ
1616 2459 1959 2529 κατήγαγον

372 2550 437 2604 τὸ
463 2545 608 2619 αἷμα
633 2549 834 2604 αὐτῶν
855 2552 944 2615 εἰς
967 2549 1105 2617 γῆν.

442 2641 630 2713 Σοφῶς
671 2640 766 2695 καὶ
797 2639 1062 2710 ἐντέχνως
1097 2639 1199 2710 τῆς
1231 2642 1570 2713 προφητείας
1599 2644 1628 2696 ὁ
1670 2643 1827 2712 λόγος
1864 2660 1957 2712 μο-

371 2734 582 2804 νονουχὶ
610 2733 892 2804 ζωγραφεῖ
917 2732 1017 2803 τὴν
1056 2731 1137 2796 είς
1175 2734 1441 2804 οὐρανοὺς
1469 2734 1824 2806 ἀναφοίτησιν
1860 2734 1956 2788 τοῦ

374 2826 593 2879 πάντων
627 2824 785 2895 ἡμῶν
825 2825 1076 2895 Σωτῆρος
1100 2824 1341 2895 Χριστοῦ
1366 2842 1379 2856 ·
1404 2825 1693 2895 ἐξαγαγεῖν
1729 2825 1838 2895 γὰρ
1878 2827 1956 2889 είς

374 2920 547 2991 πέρας
588 2920 688 2989 τῆς
740 2916 879 2988 μετὰ
941 2916 1144 2987 σαρκὸς
1186 2917 1498 2989 οἰκονομίας
1543 2917 1643 2989 τὴν
1694 2917 1956 2987 δύναμιν,

374 3010 543 3081 ἀνέϐη
575 3009 713 3083 πρὸς
746 3008 836 3063 τὸν
885 3010 942 3061 ἐν
968 3010 1082 3072 τοῖς
1120 3008 1371 3080 οὐρανοῖς
1399 3008 1639 3080 Πατέρα,
1679 3008 1771 3061 καὶ
1802 3006 1954 3063 Θεόν.

379 3102 554 3173 Ὠφθη
588 3118 648 3172 γε
677 3100 784 3172 μὴν
813 3102 931 3163 ταῖς
956 3100 1065 3154 ἄνω
1094 3098 1388 3171 δυνάμεσιν
1420 3101 1521 3153 οὐκ
1556 3101 1612 3153 ἐν
1632 3099 1763 3153 είδει
1798 3099 1960 3171 μόνον

372 3195 451 3266 τῷ
482 3196 603 3249 καθ’
638 3194 806 3265 ἡμᾶς,
854 3191 1132 3245 τουτέστιν
1153 3232 1168 3257 ,
1201 3191 1275 3253 ὡς
1319 3191 1637 3263 ἄνθρωπος,
1674 3190 1809 3244 ἀλλὰ
1849 3191 1959 3262 γὰρ

376 3285 471 3340 uel.
502 3283 572 3337 τὰ
615 3281 710 3336 τοῦ
757 3279 965 3345 πάθους
1006 3282 1207 3352 σημεῖα
1250 3278 1500 3345 δεικνύς·
1550 3279 1644 3334 καὶ
1688 3277 1805 3333 οὔτι
1854 3279 1956 3332 πού

379 3389 560 3444 φαμεν
596 3372 671 3437 ὡς
707 3369 847 3442 μετὰ
877 3370 977 3439 τὴν
1005 3370 1069 3422 ἐκ
1102 3367 1311 3440 νεκρῶν
1341 3367 1637 3423 ἀναϐίωσιν
1661 3371 1715 3422 αί
1741 3369 1961 3441 διατρή-

380 3482 492 3529 σεις
511 3462 620 3518 τῶν
645 3462 814 3535 ἥλων,
842 3462 938 3514 καὶ⁸
962 3460 1030 3515 τὰ
1062 3458 1226 3529 ἔτερα
1252 3457 1360 3513 τῶν
1382 3459 1701 3530 στιγμάτων
1730 3460 1964 3532 ἐνυπῆρ·

379 3574 472 3627 χον
492 3556 574 3609 ἔτι
599 3557 666 3626 τῇ
697 3553 829 3623 ἁγίᾳ.
864 3551 1048 3622 σαρκὶ,
1080 3551 1259 3604 ἐκεῖνο
1291 3549 1346 3603 δὲ
1380 3549 1581 3621 μᾶλλον
1600 3566 1612 3578 ·
1637 3549 1824 3622 ὥσπερ
1852 3551 1960 3622 γὰρ

378 3649 740 3719 ἀπιστήσαντι
782 3643 862 3715 τῷ
894 3643 1068 3713 amna
1096 3643 1208 3705 τοῖς
1266 3642 1442 3710 ἁγίοις
1491 3636 1807 3705 ἀποστόλοις
1855 3642 1960 3710 φά-

382 3757 623 3805 σκουσιν,
656 3740 739 3793 ὅτι
766 3736 1052 3792 τεθέανται
1084 3734 1175 3788 τὸν
1223 3734 1431 3807 Κύριον
1475 3734 1846 3807 ἐγηγερμένον
1897 3738 1962 3789 ἐκ

379 3832 613 3905 νεκρῶν,
636 3827 876 3895 ἐπέδειξε
930 3826 1056 3891 τοὺς
1102 3825 1307 3891 τύπους
1342 3825 1453 3879 τῶν
1498 3825 1679 3897 ἦλων,
1720 3828 1813 3881 καὶ
1862 3827 1962 3899 τὴν

381 3923 640 3995 πλευρὰν,
663 3921 807 3975 οὕτω
844 3920 1098 3990 συνίεμεν
1134 3918 1217 3973 ὄτι
1244 3918 1331 3973 ἵνα
1372 3918 1650 3990 γνωρισθῇ
1692 3918 1788 3974 νῦν
1842 3924 1963 3985 ταῖς

379 4016 597 4088 ἀρχαῖς,
632 4013 727 4067 καὶ
757 4013 878 4076 ταῖς
919 4009 1191 4074 ἐξουσίαις
1232 4011 1290 4064 ἐν
1333 4011 1445 4072 τοίς
1483 4009 1829 4081 ἐπουρανίοις
1874 4011 1964 4066 διὰ

378 4107 477 4179 τῆς
507 4094 835 4173 Ἐκκλησίας
877 4102 911 4172 ὴ
947 4098 1328 4164 πολυποίκιλος
1372 4098 1534 4170 σοφία
1561 4099 1666 4154 τοῦ
1705 4100 1861 4167 Θεοῦ,
1896 4102 1964 4174 ῆν

379 4200 633 4271 ἐποίησεν
657 4198 717 4251 ἐν
737 4195 815 4267 τῷ
837 4192 1060 4266 Χριστῷ
1089 4192 1227 4262 μετὰ
1246 4191 1355 4246 τῶν
1378 4190 1472 4246 τοῦ
1500 4191 1704 4258 πάθους
1724 4195 1965 4266 σημείων

379 4288 707 4360 ἀναφοιτῶν,
742 4286 896 4355 ξένον
935 4285 1029 4338 καὶ
1078 4282 1347 4355 ἀσύνηθες
1380 4284 1662 4350 παντελῶς
1702 4287 1821 4351 ταῖς
1855 4287 1967 4342 ἄνω

380 4379 674 4451 δυνάμεσιν
706 4379 942 4433 ἐποιεῖτο
968 4375 1169 4447 θέαμα.
1187 4374 1615 4448 Κατατεθήπασι
1636 4375 1767 4447 γοῦν
1788 4378 1967 4433 ἀνιόν-

2065 1830 2182 1869 rum
2232 1816 2287 1868 in
2345 1828 2578 1877 terram,
2632 1823 2676 1865 et
2729 1811 2903 1865 omnia
2955 1812 3254 1863 restimenta
3298 1826 3410 1863 mea
3461 1808 3637 1877 inqui-

2060 1907 2201 1959 nari.
2251 1904 2374 1959 Dies
2415 1906 2550 1959 enim
2605 1903 2962 1956 retributionis
3010 1902 3141 1954 venit
3188 1901 3299 1964 eis,
3356 1910 3405 1953 et
3463 1914 3635 1951 minus

2060 1992 2433 2061 redemptionis
2469 1992 2636 2045 adest.
2663 1988 2731 2043 Et
2757 1989 2981 2057 respexi,
3034 1998 3082 2042 et
3111 2004 3213 2041 non
3252 1996 3364 2041 erat
3394 1986 3635 2055 adjutm;

2059 2081 2387 2136 considerari
2412 2119 2427 2145 ,
2460 2088 2508 2133 et
2550 2078 2728 2133 nullus
2753 2088 2863 2131 erat
2898 2078 2988 2148 qui
3034 2075 3288 2145 praberet
3350 2073 3635 2126 auxilium.

2061 2171 2128 2226 Et
2165 2173 2406 2227 liberarit
2434 2188 2520 2225 eos
2577 2168 2848 2224 brachium
2888 2183 3060 2222 meum
3095 2176 3141 2219 et
3176 2165 3327 2235 furor
3357 2180 3499 2218 meus
3540 2163 3639 2216 ad-

2060 2265 2237 2328 venit;
2278 2275 2325 2318 et
2377 2261 2679 2317 conculcavi
2725 2278 2812 2317 eos
2863 2260 2946 2314 ira
2988 2275 3133 2325 mea,
3178 2268 3227 2313 et
3270 2256 3521 2312 inebriari
3550 2272 3636 2311 eos

2060 2355 2239 2421 furore
2297 2370 2436 2418 meo,
2480 2352 2780 2425 deduxique
2837 2349 3143 2419 sanguinem
3188 2362 3368 2401 eorum
3423 2347 3475 2401 in
3530 2356 3638 2398 ter-

2061 2461 2172 2497 ram
2191 2484 2202 2497 .

2132 2646 2423 2717 Sapienter
2463 2653 2517 2699 et
2570 2642 2870 2699 artiﬁciose
2901 2639 3217 2711 prophetica
3249 2638 3426 2694 oratio
3494 2638 3637 2691 redi-

2060 2738 2251 2795 tttmin
2292 2734 2461 2791 caelos
2502 2734 2743 2790 omnium
2807 2740 3053 2786 nostrum
3091 2727 3403 2785 Servatoris
3437 2717 3663 2781 Christi'

2061 2839 2267 2882 tantum
2292 2841 2399 2880 non
2454 2823 2715 2896 depingit.
2751 2820 2966 2878 Virtute
3021 2821 3166 2876 enim
3213 2817 3637 2889 dispensationis

2062 2923 2114 2975 in
2136 2934 2303 2975 carne
2326 2919 2392 2973 ad
2418 2918 2580 2973 tinem
2612 2918 2893 2989 perducta,
2926 2913 2993 2970 ad
3017 2914 3291 2969 caelestem
3332 2911 3545 2965 Patrem
3578 2925 3643 2963 ac

2065 3014 2233 3069 Deum
2262 3012 2526 3077 ascendit,
2568 3010 2925 3081 apparuitque
2954 3006 3227 3078 supremis
3258 3002 3639 3074 potestatibus,

2064 3119 2170 3158 non
2200 3101 2374 3160 solum
2413 3103 2466 3157 in
2501 3100 2684 3171 specie
2726 3110 2934 3165 nosua,
2966 3097 3016 3152 id
3051 3103 3156 3161 est,
3198 3104 3255 3148 ut
3290 3094 3453 3149 homo
3476 3131 3491 3159 ,
3542 3092 3639 3147 sed

2062 3193 2225 3249 etiam
2258 3193 2530 3263 passionis
2560 3192 2720 3263 signa
2762 3196 3091 3245 monstrans.
3146 3184 3339 3256 Neque
3389 3198 3520 3237 vero
3560 3182 3641 3237 di-

2060 3286 2255 3351 cimus,
2289 3293 2413 3355 post
2443 3283 2902 3340 resurrectionem
2932 3295 2963 3334 e
2991 3278 3222 3333 mortuis
3237 3274 3641 3347 penetrationes

2061 3374 2336 3430 clavorum
2366 3383 2418 3428 et
2450 3382 2644 3428 caetera
2679 3371 2930 3441 stigmata
2961 3369 3016 3422 in
3047 3375 3237 3421 sancta
3272 3379 3436 3420 carne
3466 3364 3641 3418 adhuc

2063 3461 2263 3527 fuisse,
2302 3462 2395 3517 sed
2448 3461 2582 3517 illud
2621 3461 2804 3531 potius
2843 3475 2858 3513 :
2904 3455 3355 3528 quemadmodum
3398 3453 3639 3519 Thomtr,

2064 3568 2254 3621 parum
2287 3551 2527 3607 credenti
2580 3550 2785 3606 sanctis
2819 3549 3077 3619 aposmlis
3118 3547 3423 3602 dicentibus
3466 3559 3525 3600 se
3565 3547 3645 3600 vi-

2064 3645 2209 3700 disse
2239 3642 2525 3698 Dominum
2559 3656 2629 3698 ex
2663 3641 2919 3707 mortuis,
2950 3641 3335 3711 impressiones
3367 3639 3642 3693 clavorum

2063 3745 2118 3792 et
2150 3735 2295 3791 latus
2322 3734 2563 3791 ostendit
2588 3734 2633 3765 “
2666 3751 2680 3789 :
2718 3734 2793 3789 ita
2820 3732 3171 3801 intelligimus
3190 3747 3299 3801 quo
3322 3746 3463 3785 nunc
3491 3730 3642 3801 prin-

2066 3808 2333 3894 cipatibus
2380 3830 2433 3877 et
2470 3822 2888 3879 auctoritatibus
2916 3863 2934 3891 ,
2996 3822 3050 3877 in
3093 3821 3429 3885 cretestibus,
3493 3820 3642 3875 varia

2064 3926 2119 3975 et
2151 3917 2437 3987 multiplex
2493 3916 2588 3972 Dei
2615 3916 2904 3987 sapientia,
2933 3930 3099 3987 quam
3139 3916 3192 3969 in
3249 3914 3468 3970 Christo
3518 3928 3645 3984 pro-

2067 4019 2185 4083 pter
2222 4009 2521 4067 Ecclesiam
2555 4009 2871 4076 declaravit,
2902 4008 3293 4072 innotesceret,
3324 4022 3447 4063 cum
3474 4007 3643 4077 signis

2067 4102 2338 4174 passionis
2371 4102 2619 4168 rediisse,
2650 4101 2969 4158 inusitatum
3015 4109 3072 4156 et
3105 4098 3383 4155 insolitum
3416 4100 3643 4157 omnino

2069 4194 2342 4265 supremis
2398 4192 2764 4265 potestatibus
2838 4188 3158 4249 exhibuisse
3241 4190 3632 4262 spectaculum.

2069 4286 2370 4356 Stupebant
2409 4286 2555 4341 enim
2588 4299 2710 4342 cum
2750 4284 3007 4341 viderent
3054 4297 3177 4338 eum
3235 4282 3553 4350 adventare,
3589 4292 3644 4337 et

2070 4377 2319 4433 dicebant
2333 4392 2347 4430 :
2360 4394 2379 4430 ι
2402 4375 2534 4445 Quis
2550 4376 2641 4433 hic
2652 4385 2756 4443 est,
2774 4376 2864 4448 qui
2877 4375 3099 4431 advenit
3118 4390 3180 4430 ex
3201 4374 3368 4430 Edom
3383 4373 3437 4428 τ»
3454 4371 3642 4430 Gmcn

381 4489 449 4527 τα
471 4472 785 4543 βλέπουσαι,
807 4473 902 4525 καὶ
920 4471 984 4541 δὴ
1012 4471 1104 4525 καὶ
1134 4469 1391 4541 ἔφασκον·
1415 4468 1543 4533 «Τίς
1571 4462 1725 4535 οὗτος
1744 4472 1771 4525 ὁ
1796 4487 1956 4541 παρα·

2072 4480 2251 4524 autent
2271 4469 2448 4540 lingua
2462 4472 2507 4526 si
2523 4470 2642 4540 quis
2661 4470 2827 4526 Edoni
2842 4470 3247 4538 interpretetur,
3268 4486 3289 4520 ι
3314 4467 3491 4538 ignem
3514 4485 3533 4520 ι
3558 4467 3642 4521 vel

381 4565 670 4636 γενόμενος
708 4562 767 4629 ἐξ
808 4562 1013 4631 manu;
1060 4583 1078 4616 ι
1125 4562 1548 4637 Διερμηνεύεται
1591 4561 1648 4617 δὲ
1679 4562 1740 4616 τὸ
1781 4562 1956 4634 Ἐδὼμ

2072 4579 2090 4612 ι
2123 4569 2383 4617 terrestre
2408 4578 2427 4614 ι
2460 4561 2753 4631 signiﬁcat.
2774 4561 2966 4628 Bosor,
3000 4581 3020 4614 ι
3047 4560 3231 4617 carnis
3260 4578 3279 4613 ι
3299 4559 3387 4616 vel
3408 4579 3428 4614 ι
3454 4574 3645 4616 carna-

383 4656 562 4711 ἐλλάδι
584 4656 734 4725 φωνῇ
767 4672 784 4705 ι
818 4654 1067 4725 πύρινον,
1102 4672 1121 4706 ι
1147 4656 1180 4725 ἢ
1211 4675 1227 4707 ι
1266 4657 1470 4728 γήϊνον·
1509 4674 1527 4707 ι
1548 4654 1608 4709 τὺ
1629 4654 1685 4708 δέ
1711 4655 1955 4729 Βοσὸρ,ἢ

2068 4653 2150 4708 lis.
2165 4672 2184 4706 ι
2205 4652 2339 4720 Quis
2354 4663 2439 4709 est
2457 4653 2745 4725 igiturhic,
2762 4653 2959 4724 inquit,
2978 4668 3045 4710 ex
3061 4663 3202 4708 terra
3221 4653 3305 4709 vel
3326 4652 3600 4709 terrestris
3616 4651 3644 4707 ?

390 4767 408 4801 ι
435 4746 657 4820 σαρκὸς,
680 4763 698 4799 ι
726 4745 759 4817 ἢ
786 4762 805 4796 ι
830 4743 1105 4815 σάρκινος.
1132 4760 1153 4795 ι
1186 4744 1281 4809 Τίς
1308 4741 1402 4799 οὖν
1430 4745 1558 4819 ἄρα,
1587 4747 1772 4819 φησὶν,
1807 4742 1956 4812 οὗτός

2068 4765 2090 4799 ι
2134 4745 2321 4802 Rubor
2357 4745 2589 4801 vestium
2619 4760 2684 4802 ex
2719 4746 2931 4803 Bosor?
2967 4765 2987 4800 ι
3018 4746 3073 4802 id
3096 4756 3201 4813 est,
3229 4745 3429 4802 tinctus
3462 4758 3641 4810 veste,

382 4842 529 4893 ἐστιν
556 4840 584 4892 ὁ
603 4838 666 4891 ἐκ
692 4836 817 4907 γῆς,
847 4836 970 4907 ἦτοι
991 4834 1196 4905 γήϊνος,
1225 4852 1242 4886 ι
1266 4834 1518 4907 ἐρύθημά
1544 4855 1602 4891 τε
1638 4837 1866 4910 ἱματίων
1895 4838 1956 4890 ἐκ

2064 4837 2235 4909 878
2266 4838 2421 4909 quasi
2476 4852 2540 4892 ex
2584 4852 2751 4894 carne
2787 4847 2882 4894 aut
2912 4838 3200 4910 sanguine.
3253 4857 3272 4890 ι
3310 4836 3409 4894 Hic
3437 4839 3644 4892 formo-

381 4932 577 5002 Βοσδρ,
615 4950 632 4983 ι
673 4929 940 4994 τουτέστι,
973 4926 1391 4997 πεφοινιγμένος
1420 4927 1482 4981 τὸ
1508 4928 1707 5001 ἄμφιον
1739 4930 1816 4996 ὡς
1856 4930 1956 4985 ἀπὸ

2069 4947 2160 4987 sus
2194 4930 2249 4985 in
2280 4929 2440 4986 stola.
2475 4948 2494 4982 ι
2526 4929 2659 4985 Nam
2705 4939 3031 5002 potestates,
3092 4939 3278 5000 utpote
3327 4929 3556 4985 subtiles
3590 4939 3644 4983 et

383 5022 605 5095 σαρκὸς,
636 5021 804 5093 ἧγουν
839 5018 1105 5090 uitiatae;
1141 5035 1160 5069 ι
1190 5011 1357 5080 οὗτος
1399 5015 1600 5090 ὡραῖος
1630 5020 1687 5073 ἐν
1733 5020 1912 5093 στολῇ.
1937 5040 1955 5074 ι

2070 5024 2375 5092 sapientes,
2412 5036 2477 5078 ac
2518 5022 2698 5077 divina
2740 5023 2910 5094 gloria
2950 5021 3141 5092 plenae,
3194 5021 3447 5077 viderunt
3480 5021 3642 5077 Chri-

391 5113 479 5178 'og
506 5114 614 5186 γὰρ
654 5111 830 5184 ἰσχναὶ
865 5111 961 5166 καὶ
995 5110 1157 5180 σοφαὶ
1188 5107 1465 5180 δυνάμεις,
1507 5110 1600 5164 καὶ
1628 5109 1956 5184 θεοπρεποῦς

2076 5123 2239 5180 stum,
2271 5113 2621 5185 quantumuis
2650 5123 2794 5170 esset
2828 5112 2881 5169 in
2917 5128 3105 5178 carne,
3138 5112 3334 5169 robore
3375 5122 3522 5167 certe
3560 5114 3643 5167 iu-

460 5291 502 5324 ”
524 5289 713 5346 Matth.
755 5303 913 5353 xxut,
947 5286 1035 5343 38.
1115 5290 1156 5323 ι’
1186 5287 1341 5345 Joan.
1372 5303 1463 5356 xx,
1489 5287 1582 5344 25.

456 5464 532 5534 (1)
566 5462 760 5535 Verbis
794 5462 855 5517 τὸ
892 5458 1031 5534 αἷμα
1084 5463 1265 5518 αὐτῶν
1288 5465 1378 5535 είς
1416 5464 1519 5535 γῆν
1568 5464 1620 5535 in
1666 5463 1957 5535 exemplari

382 5532 646 5617 Vaticano
681 5534 889 5617 adnexa
919 5532 1114 5617 erant}
1146 5536 1249 5617 ,Ἐν
1280 5532 1486 5617 ἄλλοις,
1518 5534 1613 5588 καὶ
1633 5533 1850 5605 sepem
1877 5533 1959 5617 τῷ

381 5605 786 5727 κατακινηματι
828 5603 993 5657 αὐτοῦ
1037 5603 1106 5657 τὰ
1146 5603 1337 5674 ἱμάτιά
1384 5621 1507 5673 μου,
1558 5603 1676 5673 qunti
1703 5603 1746 5656 ‘a
1804 5603 1958 5661 nubis

382 5677 506 5732 ideo
532 5676 633 5731 sub
658 5682 742 5727 ata
775 5683 899 5729 sunt
927 5673 1056 5742 quia
1087 5674 1138 5728 in
1169 5684 1371 5727 textum
1400 5676 1684 5741 irrepsisse
1721 5688 1824 5729 non
1856 5673 1956 5726 im-

382 5744 580 5803 merito
606 5744 865 5813 suspicati
892 5758 1099 5800 sumus.
1136 5744 1265 5812 Quae
1294 5756 1474 5799 autem
1508 5752 1828 5814 sequuntur,
1860 5744 1951 5797 καὶ

2066 5468 2241 5555 adven
2268 5470 2338 5525 τὰ
2372 5471 2648 5555 avsonia:
2698 5486 2806 5555 ιιου
2824 5469 3098 5555 ἐμόλυνῇ
3126 5468 3286 5525 etiam
3315 5470 3459 5555 apud
3514 5469 3650 5555 Pro?

2066 5541 2279 5624 copium
2302 5540 2521 5624 nomine
2544 5540 2938 5624 Theodotionis
2965 5550 3021 5596 et
3057 5540 3370 5610 Symmachi
3413 5541 3641 5611 margini

2065 5620 2192 5679 sunt
2223 5619 2466 5679 apposita
2502 5626 2626 5665 eum
2662 5619 2947 5666 asterisco.

2135 5677 2211 5751 (2)
2245 5677 2352 5735 και
2376 5680 2579 5751 ἐμέθ...
2618 5697 2718 5752 μου
2752 5680 2944 5738 desunt
2974 5680 3027 5737 in
3055 5678 3216 5735 LXX.
