4090 6216
510 295 652 356 ’1385

1495 290 1553 344 S.
1588 288 1867 345 CYRILLI
1904 286 2376 345 ALEXANDNM
2416 288 2734 345 ARCHIEP.

3637 291 3771 347 εδει

519 408 664 463 victo
706 405 1011 476 praeditum.
1081 402 1193 457 Hoc
1257 416 1491 471 namque
1540 403 1705 459 credo
1749 402 2072 458 subindicar:

2194 402 2350 472 δόξης
2391 400 2617 472 ἔμπλεοι
2666 404 3000 458 κατεθεῶντο
3052 403 3323 476 Χριστὸν,
3376 406 3421 456 εἰ
3468 405 3564 458 καί
3600 400 3670 474 ἦν
3718 410 3773 458 ὲν

515 499 906 568 spectaculum.
961 494 1425 563 lntcrrogautibus
1483 494 1664 563 itaque
1717 494 1942 564 angelis,
2002 492 2085 547 vel

513 595 653 648 inter
684 605 805 645 sese
843 585 1241 655 qua-rentibus:
1276 603 1294 637 ‹
1333 584 1465 651 Quis
1499 597 1582 640 est
1610 586 1741 640 hic?
1784 605 1801 638 ι
1841 599 2071 655 respon-

511 684 601 740 det
633 690 687 738 et
722 678 899 749 inquit
938 696 951 731 :
1004 695 1023 729 ι
1058 674 1171 747 Ego
1194 676 1387 746 loquor
1411 677 1676 747 justitiam
1716 686 1771 731 et
1816 676 2083 746 judicium

512 777 719 832 salutis.
764 792 783 825 ι
821 771 1096 827 Justitiam
1130 780 1308 835 vocat,
1340 770 1422 825 vel
1462 771 1831 837 evangelicum
1864 779 1919 824 et
1948 770 2083 824 divi-

511 882 636 921 nam
697 862 1167 935 praedicationem,
1225 862 1304 918 vel
1361 863 1502 932 quod
1555 865 1731 917 omnis
1777 865 1869 918 Dei
1909 864 2086 919 oratio

504 956 647 1025 justa
682 955 769 1007 sit.
807 953 1007 1007 Salutis
1034 953 1298 1022 judicium
1344 954 1600 1024 appellat,
1638 957 1779 1025 quod
1816 956 1885 1011 de
1929 957 2086 1012 nobis

508 1056 594 1102 est
638 1045 925 1116 judicium.
961 1044 1223 1099 ludicavit
1281 1046 1426 1099 enim
1477 1046 1665 1100 orbem
1720 1055 1773 1101 ct
1823 1048 2082 1102 Satanam

507 1138 597 1208 qui
629 1153 752 1192 eum
791 1136 983 1204 injuria
1011 1146 1376 1207 oppresserat,
1412 1139 1758 1208 servavitque
1818 1140 2083 1196 intolera-

506 1228 599 1282 bili
634 1228 915 1299 tyrannide
939 1237 1220 1295 gravatos,
1257 1235 1313 1283 et
1340 1228 1568 1296 imperio
1599 1228 1652 1282 in
1688 1229 1805 1284 illos
1857 1245 1956 1285 suo
1989 1232 2084 1284 de-

500 1318 634 1390 jecit
666 1328 966 1388 apostatam
1005 1329 1060 1373 et
1090 1318 1354 1374 alienum.
1406 1318 1595 1389 itaque
1633 1322 1768 1375 dixit
1803 1338 1817 1377 :
1860 1341 1878 1373 ι
1922 1320 2080 1377 Judi-

506 1411 647 1468 cium
690 1426 833 1466 nunc
863 1419 946 1465 est
972 1409 1131 1477 hujus
1164 1412 1375 1465 mundi.
1417 1409 1570 1466 Nunc
1611 1413 1864 1483 princeps
1896 1414 2081 1466 mundi

507 1502 665 1573 hujus
697 1499 1138 1570 ejicieturl‘oras.
1191 1501 1256 1555 Et
1293 1516 1391 1570 ego
1428 1501 1473 1556 si
1505 1502 1784 1557 exaltatus
1830 1502 1986 1557 fuero
2013 1502 2083 1557 de

508 1601 674 1659 terra,
710 1607 899 1648 omnes
934 1593 1147 1646 traham
1172 1593 1238 1647 ad
1268 1593 1531 1663 meipsum
1566 1594 1642 1647 ¹³..
1677 1613 1695 1645 ι
1748 1594 1873 1650 llaec
1901 1595 2083 1665 itaque

503 1683 721 1755 tlhriSto
771 1683 1006 1749 dicente,
1049 1699 1238 1739 rursus
1277 1695 1726 1753 percunctantur,
1777 1695 1830 1741 et
1871 1687 2023 1741 aiunt
2061 1701 2075 1738 :

2191 492 2375 563 σαρκὶ,
2405 494 2493 546 ναὶ
2536 495 2642 565 μὴν
2678 495 2773 548 καὶ
2806 496 2988 566 ἰσχύος
3018 496 3148 549 ὄντα
3179 497 3376 566 μεστὸν
3402 495 3501 564 τῆς
3534 496 3772 566 ἀμάχου.

2185 581 2344 636 τοῦτο
2372 585 2501 654 γὰρ,
2528 579 2702 654 οἶμαι,
2731 586 2830 656 τήν
2863 585 3012 639 θείαν
3039 586 3113 657 (Ι)
3145 586 3429 658 ὑπεδήλου.
3466 587 3775 657 Ἑρομένων

2185 675 2249 744 δὴ
2274 669 2368 729 οῦν
2401 675 2508 728 τῶν
2539 676 2809 745 ἀγγέλων,
2841 677 2873 748 ἦ
2904 678 3046 747 τάχα
3076 695 3177 730 που
3212 678 3306 731 καὶ
3344 677 3480 747 πρὸς
3510 676 3776 749 ἀλλήλους

2186 763 2246 817 τὸ
2272 782 2290 815 ι
2310 764 2405 828 Τίς
2433 759 2587 830 οὗτος
2610 784 2626 834 ;
2649 784 2668 818 ι
2695 766 3125 838 διηγορευκότων
3147 767 3526 839 ἀποκρίνεται,
3548 768 3643 820 καί
3676 784 3774 838 φη-

2189 873 2273 909 σιν
2299 872 2312 886 '
2351 874 2369 907 ί
2407 855 2551 925 Ἐγὼ
2584 857 2904 929 διαλέγομαι
2936 857 3302 927 δικαιοσύνην,
3333 858 3428 911 καὶ
3460 857 3648 927 κρίσιν
3675 874 3776 912 uto-

2184 947 2409 1018 τηρίου’
2448 967 2466 998 ι
2514 947 2858 1020 δικαιοσύνην
2904 948 2961 1001 δέ
2994 965 3182 1018 φησιν,
3233 948 3265 1017 ἦ
3310 947 3372 1000 τὸ
3414 948 3773 1018 εὑαγγελικὸν

2186 1040 2282 1092 καλ⁵
2315 1038 2603 1094 θεσπέσιον
2638 1042 2921 1112 κήρυγμα,
2964 1040 3132 1110 ἤγουν
3174 1039 3255 1092 ὅτι
3287 1038 3422 1092 Θεοῦ
3469 1041 3586 1103 πᾶς
3623 1040 3773 1108 λόγω

2182 1130 2426 1194 δίκαιος·
2462 1130 2730 1203 σωτηρίου
2775 1131 2833 1184 δὲ
2863 1132 3045 1202 κρίσιν
3087 1131 3229 1202 τάχα
3269 1148 3372 1183 που
3419 1130 3480 1183 τὸ
3527 1130 3612 1199 ἐφ’
3645 1132 3771 1201 ἡμῖν

2183 1222 2443 1294 ὀνομάζει
2474 1227 2669 1295 κρῖμα,
2712 1223 2961 1278 δεδίκακε
2989 1223 3097 1294 γὰρ
3128 1225 3228 1294 τὴν
3257 1223 3350 1276 ὑπ’
3380 1222 3642 1295 οὐρανὸν,
3681 1223 3771 1276 καὶ

2181 1312 2260 1384 τῷ
2287 1314 2491 1385 ταύτην
2525 1313 2841 1384 ἀδικήσαντι
2875 1315 3109 1385 Σατανᾷ,
3134 1313 3228 1367 καὶ
3259 1314 3386 1377 τοῦς
3417 1316 3545 1377 ταῖς
3572 1314 3769 1385 ἀφορή-

2182 1421 2295 1467 τοις
2315 1403 2650 1470 πλεονεξίαις
2675 1403 3143 1476 κατηχθισμένους
3174 1404 3436 1457 σέσωκενο
3465 1403 3768 1472 ἐκϐέϐληκε

2180 1493 2237 1547 δὲ
2274 1494 2373 1563 τῆς
2405 1496 2524 1547 κατ’
2557 1493 2732 1547 αὑτῶν
2780 1493 2954 1563 ἀρχῆς
2992 1493 3083 1545 τὸν
3120 1493 3452 1562 ἀποστάτην,
3488 1494 3594 1547 καὶ
3621 1492 3769 1545 ἁλλό-

2181 1601 2361 1656 τριον’
2396 1585 2499 1655 ἔφη
2530 1583 2661 1653 γοῦν
2692 1583 2785 1638 νῦν
2836 1584 2918 1637 ὅτι
2958 1602 2976 1635 ι
3019 1583 3220 1654 Κρίσις
3266 1582 3384 1635 ἐστὶ
3426 1580 3523 1635 τοῦ
3568 1582 3767 1652 κόσμου

2181 1677 2392 1730 τούτου.
2438 1676 2554 1732 Νῦν
2588 1677 2617 1728 6
2659 1675 2843 1747 ἄρχων
2877 1674 2972 1729 τοῦ
3013 1674 3219 1745 κόσμου
3260 1673 3450 1727 τούτου
3490 1671 3766 1744 ἐκϐληθή-

508 1754 751 1847 ιδριιιινθ
779 1777 940 1829 rubra
980 1781 1108 1829 sunt
1145 1777 1471 1831 vestimenta
1514 1787 1601 1831 tua
1653 1789 1708 1832 et
1760 1778 2072 1832 indumenta

2183 1785 2335 1821 σεται
2388 1766 2511 1835 ἔξω,
2548 1766 2705 1837 κάγὼ
2749 1767 2843 1821 ἐὰν
2881 1766 3081 1838 ὑψωθῶ
3112 1769 3175 1821 ὲκ
3228 1767 3326 1838 τῆς
3381 1767 3516 1837 γῆς,
3562 1768 3767 1829 πάντας

504 1874 633 1933 tua,
668 1866 813 1921 velut
858 1881 923 1920 ex
978 1864 1232 1920 torculari
1272 1866 1430 1935 pleno
1461 1867 1719 1923 calcato?
1759 1887 1777 1920 ι
1815 1868 1911 1924 Hic
1947 1868 2076 1922 mihi

503 1964 689 2025 repete
757 1957 1016 2010 memoria
1066 1956 1208 2024 quod
1262 1957 1567 2025 patriarcha
1615 1955 1851 2012 Jacobus
1898 1957 2075 2012 dixit:

508 2064 527 2099 ι
562 2046 790 2102 Lavabit
821 2047 875 2102 in
912 2048 1039 2102 vino
1069 2048 1268 2103 stolam
1305 2063 1484 2112 suam,
1507 2058 1561 2102 et
1593 2048 1646 2102 in
1674 2048 1933 2118 sanguine
1964 2063 2078 2102 uvae

502 2136 758 2192 amictum
807 2152 964 2192 suum
993 2138 1059 2193 “.
1118 2157 1137 2190 ι
1185 2139 1377 2194 Tincta
1407 2139 1553 2194 enim
1608 2140 1871 2208 sanguine
1923 2138 2079 2194 indu-

503 2238 686 2284 menta
715 2229 1078 2300 apparebant,
1110 2238 1166 2285 et
1204 2240 1455 2300 tanquam
1487 2238 1664 2286 musto
1713 2229 1955 2285 colorata
1986 2246 2078 2285 ru-

502 2320 655 2373 bore.
691 2320 900 2376 Deinde
951 2321 1146 2375 iterum
1182 2322 1448 2377 Servatur
1486 2341 1500 2375 :
1560 2339 1578 2373 ι
1610 2320 1678 2377 Et
1722 2337 1789 2376 ex
1825 2322 2076 2392 gentibus

503 2427 660 2466 nemo
688 2411 788 2466 fuit
816 2427 1049 2468 mecum.
1101 2432 1120 2466 ι
1153 2413 1444 2470 Columrent
1491 2430 1614 2470 cum
1664 2414 1911 2470 oratione
1939 2414 2075 2481 haec,

500 2515 556 2558 et
582 2513 975 2559 connectuntur
1021 2519 1143 2558 eum
1200 2505 1596 2574 superioribus.
1671 2524 1689 2557 ι
1754 2506 1864 2578 Ego
1901 2506 2075 2570 enim,

502 2594 697 2664 inquit,
730 2593 924 2663 loquor
954 2594 1223 2662 justitiam
1248 2595 1583 2662 etjudicium
1620 2596 1896 2665 salutaris,
1929 2606 1985 2653 et
2008 2612 2076 2653 ex

501 2687 758 2757 gentibus
797 2700 907 2741 non
942 2692 1026 2741 est
1056 2685 1141 2740 vir
1175 2700 1409 2741 mecum.
1458 2703 1476 2737 ι
1519 2684 1708 2754 Nemo,
1738 2687 1938 2758 inquit,
1976 2702 2073 2757 pa-

503 2777 656 2832 tienti
703 2777 834 2831 mihi
878 2775 1074 2832 adluit.
1118 2775 1290 2833 Nemo
1329 2792 1394 2831 ex
1433 2776 1539 2831 ulla
1586 2788 1745 2849 gente
1776 2778 2074 2833 condoluit.

498 2865 567 2923 Et
595 2876 854 2938 quantum
882 2869 947 2923 ad
979 2869 1226 2924 homines
1253 2869 1469 2935 attinet,
1491 2871 1637 2925 omni
1667 2886 1890 2941 prorsus
1915 2872 2074 2927 auxi-

500 2961 574 3016 lio
602 2961 895 3019 destitutus
927 2960 1052 3026 fuit,
1086 2961 1310 3017 cohorte
1343 2961 1574 3017 militum
1626 2972 1683 3019 et
1730 2964 2074 3021 immanitate

2180 1859 2393 1913 ἑλκύσω
2420 1859 2557 1931 πρὸς
2595 1859 2851 1930 ἐμαυτόν.
2886 1877 2906 1912 ι
2945 1857 3130 1913 Ταῦτα
3156 1858 3213 1912 δὲ
3244 1859 3484 1922 εἰπόντος
3511 1858 3608 1911 τοῦ
3634 1860 3764 1929 Χρι-

2182 1952 2337 2017 στοῦ,
2375 1951 2537 2005 πάλιν
2570 1950 3054 2016 άναπδνθάνονται,
3088 1950 3185 2004 καί
3226 1966 3379 2021 φασι·
3412 1970 3431 2002 ι
3474 1952 3631 2005 Διατί
3670 1967 3759 2003 σου

2179 2044 2386 2116 ἐρυθρὰ
2416 2044 2486 2098 τὰ
2520 2044 2733 2116 ἱμάτια,
2758 2045 2853 2100 καὶ
2879 2045 2947 2099 τὰ
2984 2043 3257 2115 ὲνδύματά
3302 2062 3392 2099 σου
3425 2046 3500 2109 ὡς
3522 2045 3632 2099 ἀπὸ
3660 2062 3759 2097 πα-

2178 2134 2341 2205 τητοῦ
2365 2134 2526 2206 ληνοῦ
2560 2134 2804 2207 πλήρους
2835 2136 3405 2207 καταπεπατημένης;
3437 2154 3456 2187 ι
3497 2134 3758 2190 Ἐνταῦθα

2181 2244 2273 2296 μοι
2322 2227 2574 2299 μέμνησο
2620 2227 2715 2281 τοῦ
2762 2228 3102 2300 πατριάρχου
3142 2226 3393 2295 λέγοντος
3433 2226 3625 2281 Ἰακὼϐ
3662 2227 3753 2279 τό·

2183 2339 2203 2372 ι
2228 2320 2424 2375 Πλυνεῖ
2448 2321 2505 2373 ἐν
2518 2320 2644 2391 οἴνῳ
2664 2319 2764 2392 τὴν
2792 2319 2983 2391 στολὴν
3015 2317 3203 2383 αὑτοῦ,
3224 2319 3319 2371 καὶ
3345 2322 3400 2372 ὲν
3430 2319 3755 2390 αἴματιστα-

2179 2411 2352 2484 φυλῆς
2383 2412 2482 2483 τὴν
2511 2410 2801 2484 περιὸολὴν
2829 2409 3013 2465 αὑτοῦ.
3058 2429 3077 2462 ι
3107 2410 3504 2481 Πεφοινιγμένα
3534 2410 3637 2481 γάρ
3675 2407 3752 2479 τῷ

2177 2502 2370 2574 αἵματι
2413 2505 2481 2557 τὰ
2512 2502 2784 2573 ἐνδύματα
2813 2501 3188 2571 κατεφαίνετο,
3245 2504 3337 2554 καὶ
3369 2496 3483 2555 οἷον
3510 2502 3567 2566 ἐξ
3586 2501 3742 2553 ὀἴνου

2178 2594 2640 2667 κατακεχωσμένα
2671 2595 2808 2666 πρὸς
2834 2594 2896 2648 τὸ
2925 2594 3168 2665 ἐρυθρόν.
3194 2590 3319 2646 Εἶτα
3342 2592 3500 2646 πάλιν
3529 2591 3687 2655 εὐθὺς
3711 2593 3743 2644 6

2176 2686 2390 2757 Σωτήρ⁶
2426 2705 2444 2737 ι
2470 2686 2580 2739 Καὶ
2608 2685 2715 2739 τῶν
2746 2685 2916 2739 ἐθνῶν
2947 2686 3044 2738 οὑκ
3064 2684 3200 2738 ἔστιν
3226 2684 3364 2755 ἀνὴρ
3401 2684 3516 2753 μετ’
3553 2683 3741 2754 ἐμοῦ-ι

2177 2776 2358 2847 ἔχεται
2396 2775 2488 2829 τοῦ
2536 2775 2718 2844 λόγου,
2766 2778 2858 2830 καὶ
2894 2776 3147 2830 συνάπτει
3177 2775 3405 2829 κατόπιν
3433 2776 3530 2828 καὶ
3554 2774 3746 2828 ταῦτα’

2186 2886 2203 2918 ι
2238 2866 2377 2936 Ἐγὼ
2416 2866 2548 2939 γὰρ,
2577 2866 2705 2937 ἔφη,
2745 2866 3066 2937 διαλέγομαι
3115 2864 3479 2937 δικαιοσύνην,
3520 2866 3610 2920 καὶ
3633 2867 3750 2936 κρί-

2184 2975 2268 3011 σιν
2300 2958 2592 3029 σωτηρίου,
2634 2958 2729 3012 καὶ
2772 2958 2881 3011 τῶν
2923 2956 3094 3010 ἐθνῶν
3123 2958 3224 3011 οὑκ
3266 2956 3413 3011 ἐστιν
3450 2957 3589 3028 ἀνὴρ
3633 2959 3746 3028 μετ’

499 3050 870 3106 ministrorum
916 3051 1264 3107 insultante:
1323 3052 1414 3123 qui
1467 3053 1669 3120 etiam,
1728 3062 1788 3110 ut
1841 3069 2072 3126 evange-

2180 3048 2336 3119 ἐμοῦ.
2370 3068 2387 3100 ι
2414 3048 2604 3138 ρὺδεὶς
2635 3049 2745 3120 γάρ
2770 3066 2858 3120 μοι
2900 3049 3162 3119 πάσχοντι
3197 3050 3456 3121 παρίστη,
3479 3050 3659 3121 φησὶν,
3691 3051 3748 3116 ἐξ

499 3138 625 3193 lista
654 3149 860 3204 narrat,
890 3140 1036 3194 illum
1075 3140 1142 3194 ad
1181 3139 1440 3211 Caipbam
1478 3142 1837 3197 adduxerunt.
1876 3161 1895 3194 ι
1939 3141 2075 3197 Tum

499 3243 692 3284 omnes
749 3230 1020 3298 di5cipuli,
1057 3229 1252 3297 inquit,
1286 3244 1352 3283 eo
1403 3229 1612 3295 relicto,
1652 3230 1906 3301 fugerunt
1945 3233 2007 3287 ⁸⁸.
2051 3251 2072 3286 ι

499 3315 698 3372 Verum
728 3316 857 3370 illud
895 3318 1058 3369 etiam
1088 3316 1338 3385 praedixit
1365 3314 1649 3373 Christus:
1675 3336 1694 3370 ι
1724 3319 1863 3375 Ecce
1907 3325 2074 3388 enim,

500 3406 719 3476 inquit,
794 3405 937 3461 venit
991 3406 1121 3462 hora
1164 3417 1220 3461 et
1267 3409 1440 3473 adest,
1494 3418 1549 3462 ut
1611 3410 1841 3480 quisque
1874 3411 2077 3481 disper-

498 3497 702 3568 gamini
733 3498 801 3551 ad
847 3512 943 3552 sua
971 3535 986 3563 ,
1036 3506 1090 3553 et
1128 3513 1214 3553 me
1253 3498 1430 3553 solum
1467 3499 1809 3569 relinquatis.
1857 3502 1923 3557 Et
1971 3519 2073 3559 non

498 3606 615 3647 sum
652 3590 821 3656 solus,
853 3590 978 3660 quia
1011 3590 1177 3648 Pater
1210 3607 1421 3648 mecum
1446 3603 1529 3649 est
1551 3593 1618 3648 ¹⁶.
1655 3612 1675 3648 ι
1726 3595 1875 3650 Dixit
1905 3596 2070 3652 etiam

497 3682 610 3754 lyra
640 3682 924 3738 Psallentis
965 3699 979 3735 :
1032 3701 1050 3735 ι
1093 3683 1489 3755 Improperium
1529 3686 1865 3756 exspectavit
1894 3688 2070 3742 anima

497 3791 637 3840 inea,
692 3784 747 3828 et
785 3774 1097 3841 miseriam;
1134 3785 1189 3831 et
1225 3777 1537 3847 ex3pectavi
1591 3778 1684 3849 qui
1734 3778 1897 3834 simul
1940 3794 2072 3834 con-

500 3865 829 3932 tristaretur,
865 3874 1046 3921 etnon
1072 3866 1193 3932 fuit,
1224 3878 1280 3923 et
1309 3870 1399 3939 qui
1426 3870 1823 3937 consolaretur,
1883 3881 1940 3927 et
1960 3887 2068 3929 non

497 3956 700 4011 inveni.
737 3957 1008 4013 Dederunt
1047 3958 1099 4012 in
1126 3973 1310 4015 escam
1338 3975 1511 4017 meam
1545 3962 1640 4029 fel,
1669 3972 1724 4018 et
1752 3963 1803 4017 in
1834 3962 1923 4018 siti
1952 3978 2068 4019 mea

495 4055 818 4117 putaverunt
855 4063 942 4103 me
979 4047 1148 4119 879
1200 4061 1353 4106 aceto
1385 4052 1447 4107 ιτ.
1488 4069 1505 4104 ι
1560 4050 1745 4122 Itaque
1792 4069 1812 4104 ι
1862 4053 2067 4119 Nemo,

498 4136 692 4207 inquit,
725 4153 932 4193 mecum
962 4148 1082 4194 erat
1113 4154 1179 4195 ex
1228 4140 1479 4197 omnibus
1496 4142 1763 4213 gentibus.
1804 4162 1822 4196 ι
1854 4143 1937 4198 An
1970 4144 2068 4214 igi-

495 4242 605 4293 tur,
638 4244 759 4284 cum
790 4228 941 4285 solus
970 4245 1118 4286 esses
1171 4242 1225 4286 et
1279 4231 1621 4302 ailjutoribus
1669 4235 2066 4301 deStituereris,

496 4335 654 4374 manu
687 4321 866 4376 hostili
891 4321 1065 4377 victus
1087 4323 1179 4378 es?
1206 4323 1342 4378 Num
1369 4335 1716 4395 superarunt,
1737 4334 1792 4381 et
1823 4327 1928 4383 tuis
1958 4328 2068 4383 vir-

2177 3133 2390 3201 οὑδενδς
2424 3131 2494 3208 ἦν
2535 3136 2770 3201 ἕθνονςὸ
2816 3138 3119 3208 συναλγῶν,
3164 3141 3259 3193 καὶ
3285 3141 3347 3193 τό
3392 3157 3453 3209 γε
3504 3136 3633 3213 ἧκον
3666 3143 3742 3205 είς

2178 3229 2517 3302 ἀνθρώπους,
2540 3233 2972 3307 ἀνεπικούρητος
2987 3231 3057 3306 ἦν
3077 3236 3377 3301 παντελῶς,
3402 3235 3745 3307 ὲπιπηδώσης

2176 3321 2323 3394 αὑτῷ
2349 3325 2449 3395 τῆς
2485 3341 2545 3377 τε
2579 3326 2809 3397 σπείρας
2839 3326 2949 3380 τῶν
2986 3328 3355 3398 στρατιωτῶν,
3392 3329 3484 3381 καὶ
3513 3328 3609 3397 τῆς
3635 3328 3747 3381 τῶν

2175 3412 2463 3483 ὑπηρετῶν
2489 3414 2832 3487 ἀγριότητος,
2866 3436 2885 3469 ι
2911 3419 2959 3471 οἳ
2991 3417 3086 3471 καὶ
3114 3418 3404 3489 ἀπήγαγον
3435 3419 3590 3473 αὑτὸν
3612 3419 3747 3490 πρὸς

2175 3502 2448 3572 Καϊάφαν,
2484 3504 2628 3558 καθά
2656 3524 2819 3578 φησιν
2866 3508 2895 3560 6
2934 3509 3347 3581 εὑαγγελιστὴς,
3390 3510 3513 3563 τότε
3551 3510 3743 3573 πάντες

2173 3592 2403 3662 ἀφέντες
2431 3596 2595 3650 αὑτὸν
2618 3598 2668 3651 οί
2712 3597 2956 3670 μαθηταὶ¹
2983 3599 3204 3670 ἔφυγον,
3239 3619 3257 3652 ι
3304 3600 3443 3674 πλὴν
3469 3603 3563 3656 καὶ
3591 3602 3747 3655 τοῦτο

2174 3685 2578 3758 προηγόρευσεν
2621 3690 2650 3743 6
2681 3690 2944 3761 Χριστός·
2977 3691 3082 3762 ἔφη
3121 3692 3231 3766 γάρ
3253 3708 3267 3723 ·
3302 3711 3322 3745 ι
3354 3692 3487 3748 Ἰδοὺ
3529 3693 3745 3766 ἔρχεται

2173 3772 2312 3845 ὥρα,
2348 3777 2439 3830 καλ⁸
2469 3775 2745 3848 ἐλήλυθεν,
2784 3779 2871 3834 ἴνα
2902 3780 3132 3846 ἕκαστος
3164 3782 3531 3855 σκορπισθῆτε
3566 3787 3649 3848 εἰς
3679 3784 3746 3838 τὰ

2171 3865 2302 3932 ἴδια,
2342 3867 2487 3938 κάμὲ
2527 3869 2688 3939 μόνον
2726 3870 2923 3941 ἀφῆτε,
2953 3873 3045 3926 καὶ
3094 3874 3194 3927 οὑκ
3229 3874 3346 3944 εἰμὶ
3391 3875 3569 3945 μόνος,
3597 3877 3681 3929 ὅτι
3719 3878 3746 3928 6

2170 3954 2360 4026 Πατὴρ
2407 3957 2523 4026 μετ’
2566 3955 2700 4027 ἐμοῦ
2732 3959 2898 4012 ἐστιν.
2934 3977 2954 4011 ι
2989 3960 3133 4030 Ἔφη
3172 3959 3229 4014 δὲ
3263 3961 3355 4014 καὶ
3387 3959 3473 4013 διὰ
3507 3961 3607 4031 τῆς
3652 3959 3744 4014 τοῦ

2169 4048 2477 4111 Ψάλλοντος
2506 4047 2696 4120 λύρας
2724 4069 2742 4101 ι
2767 4052 3097 4124 Ὀνειδισμὸν
3120 4052 3517 4123 προσεδόκησεν
3541 4055 3573 4123 ἡ
3598 4052 3741 4123 ψυχή

2172 4155 2296 4209 μου,
2317 4139 2413 4192 καὶ
2441 4138 2837 4213 ταλαιπωρίαν,
2858 4141 2951 4195 καὶ
2985 4142 3252 4208 ὑπέμεινα
3282 4142 3738 4212 συλλυπούμενον,

2169 4228 2262 4281 καὶ¹
2293 4229 2389 4300 οὑχ
2434 4230 2668 4302 ὑπῆρξε,
2698 4231 2792 4285 καὶ
2822 4232 3243 4304 παρακαλοῦντα
3290 4224 3405 4288 και
3433 4235 3531 4305 οὐχ
3563 4230 3739 4308 εὖρον,

2168 4318 2261 4371 καὶ
2307 4318 2515 4375 ἔδωκαν
2553 4323 2633 4385 εἰς
2666 4323 2726 4376 τὸ
2779 4321 2975 4394 βρῶμά
3025 4341 3129 4395 μου
3168 4325 3350 4395 χολὴν,
3386 4326 3481 4379 καὶ
3527 4327 3607 4389 είς
3644 4327 3744 4395 τὴν

499 4413 706 4467 tutibus
766 4414 1093 4482 expugnatis
1143 4420 1400 4485 tanquam
1448 4416 1674 4470 victoria
1723 4418 1878 4486 potiti
1935 4433 2065 4488 gau-

2175 4407 2326 4478 δίψαν
2358 4426 2460 4480 μου
2493 4409 2749 4464 ὲπότισάν
2800 4429 2866 4482 με
2912 4406 3052 4477 ὄξος.
3081 4431 3100 4464 ι
3144 4411 3352 4466 Οὐκοῦν
3393 4430 3412 4463 ι
3442 4411 3633 4475 Οὐδεὶς
3674 4406 3744 4485 ἦν

492 4501 670 4556 dent?
710 4500 1086 4581 Nequaquam,
1150 4504 1348 4574 inquit.
1426 4499 1540 4560 Etsi
1595 4508 1741 4561 enim
1785 4508 2054 4565 neminem

492 4592 748 4646 haberem
811 4608 1145 4650 assessorem
1198 4605 1252 4651 et
1285 4596 1700 4666 opitulatorem,
1744 4601 2055 4656 coneulcavi

494 4691 671 4734 tamen
703 4680 841 4744 illos,
875 4682 937 4737 ac
970 4694 1028 4737 ut
1071 4693 1272 4739 terram
1299 4687 1564 4758 confregi,
1591 4690 1895 4761 deduxique
1927 4706 2054 4747 san-

490 4769 708 4836 guinem
737 4783 925 4823 eorum
953 4770 1003 4825 in
1024 4780 1245 4827 terram.
1280 4774 1406 4828 Post
1438 4776 1665 4831 reditum
1690 4779 1832 4833 enim
1855 4779 2057 4834 Christi

490 4860 543 4913 in
579 4859 781 4926 caelos,
831 4876 990 4916 omne
1035 4876 1204 4932 genus
1236 4863 1585 4921 intolerandae
1629 4869 1954 4924 calamitatis
1990 4885 2053 4924 ex

2167 4500 2283 4571 μετ’
2309 4500 2465 4570 ἐμοῦ,
2499 4503 2685 4572 φησιν,
2720 4504 2783 4556 ἐκ
2816 4504 3033 4557 πάντων
3057 4503 3164 4557 τῶν
3195 4503 3385 4556 ὲθνῶν.
3418 4523 3437 4554 ι
3457 4498 3581 4574 Ἀρ*
3622 4498 3740 4566 οὖν,

2164 4589 2287 4644 ἐπεὶ
2330 4589 2492 4660 μόνος
2534 4586 2715 4661 ἦσθα,
2764 4593 3000 4646 καὶτῶν
3045 4593 3444 4647 συναθλοῦντων
3494 4592 3743 4663 591190;,

2162 4682 2338 4752 ἥττων
2366 4682 2596 4752 γέγονας
2638 4684 2737 4755 τῆς
2781 4685 2891 4738 τῶν
2920 4685 3300 4756 πολεμούντων
3336 4685 3552 4759 χειρός;
3588 4679 3743 4757 Ἀρα

2165 4771 2558 4841 κεκρατήκασι,
2577 4771 2671 4824 καὶ
2694 4772 2793 4843 τῆς
2818 4774 2917 4843 σῆς
2937 4775 3116 4847 ἰσχύος
3142 4776 3740 4848 κατευμεγεθήσαντες,

2164 4859 2415 4932 χαίρουσι
2438 4877 2498 4914 τε
2524 4862 2731 4929 λοιπὸν,
2765 4863 2840 4928 ὡς
2865 4867 3244 4937 νενικηκότες;
3271 4867 3552 4939 Οὑδαμῶς,
3580 4869 3739 4938 φησί.

489 4949 670 5003 divina
701 4951 779 5005 ira
802 4948 1031 5008 Judaico
1056 4952 1253 5023 populo
1277 4953 1539 5012 inllictum
1570 4967 1671 5014 est.
1703 4979 1721 5013 ι
1764 4960 1888 5016 Dies
1913 4961 2059 5017 enim

2175 4952 2348 5007 {ai-rm.
2381 4952 2491 5025 γὰρ
2532 4954 2672 5026 ἔχων
2704 4956 2892 5010 οὑδένα
2946 4956 3039 5010 τὸν
3084 4958 3462 5030 παραστάτην,
3496 4961 3742 5013 κατεπά-

489 5042 899 5110 retributionis,
978 5045 1199 5114 inquit,
1248 5048 1466 5104 advenit
1522 5050 1647 5106 illis.
1687 5069 1706 5102 ι
1744 5050 1874 5104 Nam
1931 5051 2056 5120 qui-

489 5134 587 5188 bus
621 5134 770 5190 licuit
823 5135 980 5191 lidem
1013 5138 1273 5208 arripere,
1301 5148 1356 5194 et
1395 5154 1493 5210 per
1540 5156 1661 5197 eam
1740 5141 2056 5211 locupletari

486 5226 681 5291 gratia,
715 5240 835 5280 cum
878 5236 1056 5282 tamen
1082 5227 1208 5284 lacti
1241 5239 1423 5286 essent
1459 5230 1619 5301 pigri,
1648 5232 1757 5286 imo
1794 5247 2054 5302 arrogan-

488 5323 566 5368 tes
597 5326 647 5370 et
681 5317 1000 5386 insolentes,
1057 5328 1113 5375 et
1140 5334 1306 5391 prope
1338 5314 1446 5375 Deo
1471 5321 1670 5377 bellum
1703 5321 2004 5379 indicerent
2036 5341 2048 5375 :

550 5488 771 5546 “Joan.
804 5510 899 5561 xu,
925 5498 1012 5564 3i,
1045 5498 1135 5555 52.
1213 5500 1255 5531 “
1288 5498 1422 5554 Gen.
1454 5512 1602 5562 nix,
1640 5497 1727 5557 ll.

2153 5059 2297 5114 τησα
2353 5046 2549 5109 αὐτοὺς
2583 5050 2640 5100 ὲν
2697 5046 2854 5118 θυμῷ
2877 5087 2905 5113 ,,
2929 5049 3025 5102 καὶ
3063 5049 3376 5104 κατέθλασα
3407 5050 3605 5114 αὑτοὺς
3663 5050 3741 5113 ῶς

2153 5140 2279 5210 γῆν,
2309 5141 2623 5211 κατήγαγον
2645 5141 2707 5195 τὸ
2730 5136 2868 5212 αἷμα
2897 5141 3078 5198 αὑτῶν
3105 5144 3186 5207 είς
3206 5144 3338 5214 γῆν·
3362 5145 3500 5216 μετά
3529 5145 3639 5214 γάρ
3654 5162 3739 5198 τοι

2151 5231 2249 5301 τὴν
2275 5233 2354 5295 είς
2389 5231 2652 5304 οὐρανοὺς
2677 5233 3030 5303 ἀναφοίτησιν
3051 5232 3145 5287 τοῦ
3166 5235 3427 5307 Χριστοῦ,
3458 5235 3568 5288 πᾶν
3596 5230 3737 5296 εἶδος

2151 5322 2425 5394 ἀφορήτου
2475 5326 2759 5395 συμφορᾶς
2786 5328 2896 5390 τοῖς
2951 5325 3226 5380 Ἰουδαίων
3253 5324 3447 5397 δήμοις
3476 5327 3541 5378 ὲκ
3587 5324 3739 5387 θείας

1804 5499 1847 5529 ¹⁸
1876 5497 2061 5553 Μιιιιη.

2175 5516 2242 5566 Vl,
2271 5501 2359 5565 56,
2387 5501 2477 5555 57.
2554 5503 2598 5534 ¹⁶
2617 5502 2771 5558 Joan.
2801 5520 2912 5573 xvi,
2937 5505 3027 5562 '52.
3062 5507 3124 5560 ".
3157 5506 3297 5562 Psal.
3324 5504 3608 5568 uvmﬁl,
3640 5501 3730 5559 εἰ.

549 5665 915 5738 (ίὶιιυιιιιιεθ.
950 5670 1143 5739 legisse
1168 5674 1379 5729 videtur
1404 5675 1552 5744 θέαν,
1580 5684 1633 5732 et
1662 5676 1800 5732 inira
1827 5678 1919 5735 lin.
1940 5678 2042 5745 Ali,

2175 5677 2322 5751 θριον
2355 5692 2452 5749 pro
2484 5678 2785 5751 ἀλλότριον.
