  <div class='ocr_page' id='page_1' title='image "/cluster/home/n/w/nwhite01/storage/ocr_20150623/70/hvd.32044073501991/698.png"; bbox 0 0 4090 6216; ppageno 0'>
   <div class='ocr_carea' id='block_1_1' title="bbox 299 335 443 415">
    <p class='ocr_par' dir='ltr' id='par_1_1' title="bbox 299 335 443 415">
     <span class='ocr_line' id='line_1_1' title="bbox 299 335 443 415; baseline 0.007 -1"><span class='ocrx_word' id='word_1_1' title='bbox 299 335 443 415; x_wconf 64' lang='lat' dir='ltr'><strong>uss</strong></span> 
     </span>
    </p>
   </div>
   <div class='ocr_carea' id='block_1_2' title="bbox 1416 328 2434 418">
    <p class='ocr_par' dir='ltr' id='par_1_2' title="bbox 1416 328 2434 418">
     <span class='ocr_line' id='line_1_2' title="bbox 1416 328 2434 418; baseline -0.004 -6"><span class='ocrx_word' id='word_1_2' title='bbox 1416 328 1480 412; x_wconf 69' lang='lat' dir='ltr'><strong>tu</strong></span> <span class='ocrx_word' id='word_1_3' title='bbox 1523 356 1760 414; x_wconf 78' lang='lat' dir='ltr'><strong>ISAIAM</strong></span> <span class='ocrx_word' id='word_1_4' title='bbox 1805 357 1933 414; x_wconf 89' lang='lat' dir='ltr'><strong>LIB.</strong></span> <span class='ocrx_word' id='word_1_5' title='bbox 1976 359 2042 418; x_wconf 77' lang='grc' dir='ltr'><strong>ν.</strong></span> <span class='ocrx_word' id='word_1_6' title='bbox 2087 355 2342 414; x_wconf 37' lang='lat' dir='ltr'><strong>renus,</strong></span> <span class='ocrx_word' id='word_1_7' title='bbox 2370 353 2434 408; x_wconf 87' lang='lat' dir='ltr'><strong>v.</strong></span> 
     </span>
    </p>
   </div>
   <div class='ocr_carea' id='block_1_3' title="bbox 3431 355 3572 415">
    <p class='ocr_par' dir='ltr' id='par_1_3' title="bbox 3431 355 3572 415">
     <span class='ocr_line' id='line_1_3' title="bbox 3431 355 3572 415; baseline 0.028 -4"><span class='ocrx_word' id='word_1_8' title='bbox 3431 355 3572 415; x_wconf 74' lang='grc'><strong>1586</strong></span> 
     </span>
    </p>
   </div>
   <div class='ocr_carea' id='block_1_4' title="bbox 296 449 1884 548">
    <p class='ocr_par' dir='ltr' id='par_1_4' title="bbox 296 449 1884 548">
     <span class='ocr_line' id='line_1_4' title="bbox 296 449 1884 548; baseline 0.003 -22"><span class='ocrx_word' id='word_1_9' title='bbox 296 473 473 548; x_wconf 74' lang='grc' dir='ltr'><strong>ὀργῆς</strong></span> <span class='ocrx_word' id='word_1_10' title='bbox 517 449 871 548; x_wconf 77' lang='grc' dir='ltr'><strong>ἐπενήνεκται</strong></span> <span class='ocrx_word' id='word_1_11' title='bbox 896 513 911 528; x_wconf 95' lang='grc'><strong>.</strong></span> <span class='ocrx_word' id='word_1_12' title='bbox 940 492 958 526; x_wconf 78' lang='grc' dir='ltr'><strong>ι</strong></span> <span class='ocrx_word' id='word_1_13' title='bbox 981 472 1193 546; x_wconf 83' lang='grc' dir='ltr'><strong>Ἦμέρα</strong></span> <span class='ocrx_word' id='word_1_14' title='bbox 1243 476 1354 547; x_wconf 82' lang='grc' dir='ltr'><strong>γάρ</strong></span> <span class='ocrx_word' id='word_1_15' title='bbox 1398 475 1831 541; x_wconf 78' lang='grc' dir='ltr'><strong>ἁνταποδόσεως,</strong></span> <span class='ocrx_word' id='word_1_16' title='bbox 1870 495 1884 530; x_wconf 84' lang='grc' dir='ltr'><strong>ι</strong></span> 
     </span>
    </p>
   </div>
   <div class='ocr_carea' id='block_1_5' title="bbox 1988 449 3569 548">
    <p class='ocr_par' dir='ltr' id='par_1_5' title="bbox 2001 456 3569 546">
     <span class='ocr_line' id='line_1_5' title="bbox 2001 456 3569 546; baseline 0 -16"><span class='ocrx_word' id='word_1_17' title='bbox 2001 476 2187 546; x_wconf 86' lang='lat' dir='ltr'><strong>quidni</strong></span> <span class='ocrx_word' id='word_1_18' title='bbox 2219 475 2272 530; x_wconf 92' lang='lat' dir='ltr'><strong>in</strong></span> <span class='ocrx_word' id='word_1_19' title='bbox 2309 486 2471 529; x_wconf 90' lang='lat' dir='ltr'><strong>omne</strong></span> <span class='ocrx_word' id='word_1_20' title='bbox 2491 485 2664 543; x_wconf 77' lang='lat' dir='ltr'><strong>genus</strong></span> <span class='ocrx_word' id='word_1_21' title='bbox 2689 456 3297 528; x_wconf 36' lang='lat' dir='ltr'><strong>malorum&#39;devenirent</strong></span> <span class='ocrx_word' id='word_1_22' title='bbox 3319 471 3345 527; x_wconf 79' lang='lat' dir='ltr'><strong>‘I</strong></span> <span class='ocrx_word' id='word_1_23' title='bbox 3369 472 3569 530; x_wconf 71' lang='lat' dir='ltr'><strong>Verum</strong></span> 
     </span>
    </p>
   </div>
   <div class='ocr_carea' id='block_1_6' title="bbox 296 559 1890 640">
    <p class='ocr_par' dir='ltr' id='par_1_6' title="bbox 296 559 1890 640">
     <span class='ocr_line' id='line_1_6' title="bbox 296 559 1890 640; baseline 0 -20"><span class='ocrx_word' id='word_1_24' title='bbox 296 566 490 636; x_wconf 67' lang='grc' dir='ltr'><strong>φησιν,</strong></span> <span class='ocrx_word' id='word_1_25' title='bbox 514 584 533 616; x_wconf 78' lang='grc' dir='ltr'><strong>ι</strong></span> <span class='ocrx_word' id='word_1_26' title='bbox 552 565 786 635; x_wconf 76' lang='grc' dir='ltr'><strong>ἐπῆλθεν</strong></span> <span class='ocrx_word' id='word_1_27' title='bbox 813 565 1017 630; x_wconf 78' lang='grc' dir='ltr'><strong>αὐτοῖς.</strong></span> <span class='ocrx_word' id='word_1_28' title='bbox 1047 586 1066 617; x_wconf 64' lang='grc' dir='ltr'><strong>ι</strong></span> <span class='ocrx_word' id='word_1_29' title='bbox 1094 559 1190 629; x_wconf 76' lang='grc' dir='ltr'><strong>Οἷς</strong></span> <span class='ocrx_word' id='word_1_30' title='bbox 1217 565 1326 638; x_wconf 80' lang='grc' dir='ltr'><strong>γὰρ</strong></span> <span class='ocrx_word' id='word_1_31' title='bbox 1355 566 1477 634; x_wconf 76' lang='grc' dir='ltr'><strong>ἐξὸν</strong></span> <span class='ocrx_word' id='word_1_32' title='bbox 1513 569 1759 640; x_wconf 78' lang='grc' dir='ltr'>ἁρπάσαι</span> <span class='ocrx_word' id='word_1_33' title='bbox 1789 567 1890 638; x_wconf 79' lang='grc' dir='ltr'><strong>τὴν</strong></span> 
     </span>
    </p>
   </div>
   <div class='ocr_carea' id='block_1_7' title="bbox 299 645 1890 732">
    <p class='ocr_par' dir='ltr' id='par_1_7' title="bbox 299 645 1890 732">
     <span class='ocr_line' id='line_1_7' title="bbox 299 645 1890 732; baseline 0.003 -24"><span class='ocrx_word' id='word_1_34' title='bbox 299 656 508 720; x_wconf 85' lang='grc' dir='ltr'><strong>πίστιν,</strong></span> <span class='ocrx_word' id='word_1_35' title='bbox 543 656 638 708; x_wconf 71' lang='grc' dir='ltr'><strong>καὶ</strong></span> <span class='ocrx_word' id='word_1_36' title='bbox 657 655 756 728; x_wconf 79' lang='grc' dir='ltr'><strong>τὴν</strong></span> <span class='ocrx_word' id='word_1_37' title='bbox 777 645 846 709; x_wconf 51' lang='grc' dir='ltr'><strong>διδ</strong></span> <span class='ocrx_word' id='word_1_38' title='bbox 876 656 1050 727; x_wconf 82' lang='grc' dir='ltr'><strong>αὐτῆς</strong></span> <span class='ocrx_word' id='word_1_39' title='bbox 1077 657 1525 729; x_wconf 79' lang='grc' dir='ltr'><strong>καταπλουτῆσαι</strong></span> <span class='ocrx_word' id='word_1_40' title='bbox 1554 661 1736 732; x_wconf 86' lang='grc' dir='ltr'><strong>χάριν,</strong></span> <span class='ocrx_word' id='word_1_41' title='bbox 1770 655 1890 712; x_wconf 82' lang='grc' dir='ltr'><strong>εἶτα</strong></span> 
     </span>
    </p>
   </div>
   <div class='ocr_carea' id='block_1_8' title="bbox 302 747 1890 824">
    <p class='ocr_par' dir='ltr' id='par_1_8' title="bbox 302 747 1890 824">
     <span class='ocr_line' id='line_1_8' title="bbox 302 747 1890 824; baseline 0.001 -22"><span class='ocrx_word' id='word_1_42' title='bbox 302 749 538 821; x_wconf 82' lang='grc' dir='ltr'><strong>ρᾴθυμοι</strong></span> <span class='ocrx_word' id='word_1_43' title='bbox 569 747 887 816; x_wconf 83' lang='grc' dir='ltr'><strong>γεγονότες,</strong></span> <span class='ocrx_word' id='word_1_44' title='bbox 933 747 1134 819; x_wconf 80' lang='grc' dir='ltr'><strong>μᾶλλον</strong></span> <span class='ocrx_word' id='word_1_45' title='bbox 1167 748 1222 802; x_wconf 82' lang='grc' dir='ltr'><strong>δὲ</strong></span> <span class='ocrx_word' id='word_1_46' title='bbox 1273 749 1533 814; x_wconf 79' lang='grc' dir='ltr'><strong>ἀλαζόνες</strong></span> <span class='ocrx_word' id='word_1_47' title='bbox 1553 790 1566 813; x_wconf 92' lang='grc'><strong>,</strong></span> <span class='ocrx_word' id='word_1_48' title='bbox 1610 751 1703 805; x_wconf 69' lang='grc' dir='ltr'><strong>καὶ</strong></span> <span class='ocrx_word' id='word_1_49' title='bbox 1737 751 1890 824; x_wconf 80' lang='grc' dir='ltr'><strong>ὓϐρι-</strong></span> 
     </span>
    </p>
   </div>
   <div class='ocr_carea' id='block_1_9' title="bbox 302 838 1891 912">
    <p class='ocr_par' dir='ltr' id='par_1_9' title="bbox 302 838 1891 912">
     <span class='ocr_line' id='line_1_9' title="bbox 302 838 1891 912; baseline 0.001 -18"><span class='ocrx_word' id='word_1_50' title='bbox 302 841 448 902; x_wconf 80' lang='grc' dir='ltr'><strong>σταὶ,</strong></span> <span class='ocrx_word' id='word_1_51' title='bbox 480 839 576 892; x_wconf 73' lang='grc' dir='ltr'><strong>καὶ</strong></span> <span class='ocrx_word' id='word_1_52' title='bbox 615 839 780 910; x_wconf 83' lang='grc' dir='ltr'><strong>μέχρι</strong></span> <span class='ocrx_word' id='word_1_53' title='bbox 831 839 1035 902; x_wconf 82' lang='grc' dir='ltr'><strong>παντὸς</strong></span> <span class='ocrx_word' id='word_1_54' title='bbox 1071 838 1367 909; x_wconf 83' lang='grc' dir='ltr'><strong>θεομάχοι,</strong></span> <span class='ocrx_word' id='word_1_55' title='bbox 1403 839 1522 904; x_wconf 85' lang='grc' dir='ltr'><strong>πῶς</strong></span> <span class='ocrx_word' id='word_1_56' title='bbox 1570 841 1632 894; x_wconf 81' lang='grc' dir='ltr'><strong>οὐ</strong></span> <span class='ocrx_word' id='word_1_57' title='bbox 1685 842 1891 912; x_wconf 72' lang='grc' dir='ltr'><strong>σφόδρα</strong></span> 
     </span>
    </p>
   </div>
   <div class='ocr_carea' id='block_1_10' title="bbox 301 928 1890 1003">
    <p class='ocr_par' dir='ltr' id='par_1_10' title="bbox 301 928 1890 1003">
     <span class='ocr_line' id='line_1_10' title="bbox 301 928 1890 1003; baseline 0.002 -20"><span class='ocrx_word' id='word_1_58' title='bbox 301 929 528 992; x_wconf 84' lang='grc' dir='ltr'><strong>είκότως</strong></span> <span class='ocrx_word' id='word_1_59' title='bbox 560 929 763 992; x_wconf 80' lang='grc' dir='ltr'><strong>παντὸς</strong></span> <span class='ocrx_word' id='word_1_60' title='bbox 809 928 941 982; x_wconf 85' lang='grc' dir='ltr'><strong>εῐσω</strong></span> <span class='ocrx_word' id='word_1_61' title='bbox 982 930 1242 998; x_wconf 87' lang='grc' dir='ltr'><strong>γεγόνασι</strong></span> <span class='ocrx_word' id='word_1_62' title='bbox 1290 930 1500 996; x_wconf 85' lang='grc' dir='ltr'><strong>κακοῦ;</strong></span> <span class='ocrx_word' id='word_1_63' title='bbox 1539 931 1687 1003; x_wconf 78' lang='grc' dir='ltr'><strong>Πλὴν</strong></span> <span class='ocrx_word' id='word_1_64' title='bbox 1735 934 1764 986; x_wconf 93' lang='lat'><strong>6</strong></span> <span class='ocrx_word' id='word_1_65' title='bbox 1789 933 1890 1003; x_wconf 73' lang='grc' dir='ltr'><strong>τῆς</strong></span> 
     </span>
    </p>
   </div>
   <div class='ocr_carea' id='block_1_11' title="bbox 299 1018 1892 1094">
    <p class='ocr_par' dir='ltr' id='par_1_11' title="bbox 299 1018 1892 1094">
     <span class='ocr_line' id='line_1_11' title="bbox 299 1018 1892 1094; baseline 0.001 -20"><span class='ocrx_word' id='word_1_66' title='bbox 299 1021 507 1075; x_wconf 79' lang='grc' dir='ltr'><strong>ἐκείνου</strong></span> <span class='ocrx_word' id='word_1_67' title='bbox 556 1018 968 1084; x_wconf 87' lang='grc' dir='ltr'><strong>ἀνταποδόσεως</strong></span> <span class='ocrx_word' id='word_1_68' title='bbox 1019 1021 1250 1091; x_wconf 84' lang='grc' dir='ltr'><strong>καιρὸς,</strong></span> <span class='ocrx_word' id='word_1_69' title='bbox 1298 1021 1623 1094; x_wconf 86' lang='grc' dir='ltr'><strong>λυτρώσεως</strong></span> <span class='ocrx_word' id='word_1_70' title='bbox 1671 1019 1741 1094; x_wconf 81' lang='grc' dir='ltr'><strong>ἦν</strong></span> <span class='ocrx_word' id='word_1_71' title='bbox 1777 1026 1892 1087; x_wconf 84' lang='grc' dir='ltr'><strong>τοῖς</strong></span> 
     </span>
    </p>
   </div>
   <div class='ocr_carea' id='block_1_12' title="bbox 299 1111 1892 1189">
    <p class='ocr_par' dir='ltr' id='par_1_12' title="bbox 299 1111 1892 1189">
     <span class='ocr_line' id='line_1_12' title="bbox 299 1111 1892 1189; baseline 0.004 -25"><span class='ocrx_word' id='word_1_72' title='bbox 299 1111 641 1181; x_wconf 81' lang='grc' dir='ltr'><strong>ἐπεγνωκόσι</strong></span> <span class='ocrx_word' id='word_1_73' title='bbox 672 1111 772 1182; x_wconf 77' lang='grc' dir='ltr'><strong>τήν</strong></span> <span class='ocrx_word' id='word_1_74' title='bbox 805 1111 1130 1180; x_wconf 82' lang='grc' dir='ltr'><strong>ἐπιφάνειαν</strong></span> <span class='ocrx_word' id='word_1_75' title='bbox 1165 1113 1350 1168; x_wconf 84' lang='grc' dir='ltr'><strong>αὐτοῦ.</strong></span> <span class='ocrx_word' id='word_1_76' title='bbox 1391 1115 1479 1168; x_wconf 82' lang='grc' dir='ltr'><strong>Ἑν</strong></span> <span class='ocrx_word' id='word_1_77' title='bbox 1503 1115 1688 1188; x_wconf 85' lang='grc' dir='ltr'><strong>ταυτῷ</strong></span> <span class='ocrx_word' id='word_1_78' title='bbox 1725 1117 1833 1189; x_wconf 78' lang='grc' dir='ltr'><strong>γὰρ</strong></span> <span class='ocrx_word' id='word_1_79' title='bbox 1862 1119 1892 1171; x_wconf 98' lang='lat'><strong>6</strong></span> 
     </span>
    </p>
   </div>
   <div class='ocr_carea' id='block_1_13' title="bbox 303 1203 1892 1278">
    <p class='ocr_par' dir='ltr' id='par_1_13' title="bbox 303 1203 1892 1278">
     <span class='ocr_line' id='line_1_13' title="bbox 303 1203 1892 1278; baseline 0.003 -21"><span class='ocrx_word' id='word_1_80' title='bbox 303 1203 402 1275; x_wconf 83' lang='grc' dir='ltr'><strong>μὲν</strong></span> <span class='ocrx_word' id='word_1_81' title='bbox 431 1205 642 1275; x_wconf 83' lang='grc' dir='ltr'><strong>ἐξήνιος</strong></span> <span class='ocrx_word' id='word_1_82' title='bbox 667 1203 980 1269; x_wconf 78' lang='grc' dir='ltr'><strong>ἐκολάζετο,</strong></span> <span class='ocrx_word' id='word_1_83' title='bbox 1007 1205 1036 1258; x_wconf 92' lang='lat'><strong>6</strong></span> <span class='ocrx_word' id='word_1_84' title='bbox 1069 1204 1126 1258; x_wconf 88' lang='grc' dir='ltr'><strong>δέ</strong></span> <span class='ocrx_word' id='word_1_85' title='bbox 1163 1205 1422 1278; x_wconf 80' lang='grc' dir='ltr'><strong>εὐπειθὴς</strong></span> <span class='ocrx_word' id='word_1_86' title='bbox 1469 1209 1563 1261; x_wconf 78' lang='grc' dir='ltr'><strong>καὶ</strong></span> <span class='ocrx_word' id='word_1_87' title='bbox 1597 1209 1892 1278; x_wconf 78' lang='grc' dir='ltr'><strong>ὑφειμένος</strong></span> 
     </span>
    </p>
   </div>
   <div class='ocr_carea' id='block_1_14' title="bbox 299 1294 1889 1372">
    <p class='ocr_par' dir='ltr' id='par_1_14' title="bbox 299 1294 1889 1372">
     <span class='ocr_line' id='line_1_14' title="bbox 299 1294 1889 1372; baseline 0.003 -23"><span class='ocrx_word' id='word_1_88' title='bbox 299 1294 579 1366; x_wconf 83' lang='grc' dir='ltr'><strong>ἐλυτρὼθη</strong></span> <span class='ocrx_word' id='word_1_89' title='bbox 625 1296 776 1368; x_wconf 82' lang='grc' dir='ltr'><strong>παρὰ</strong></span> <span class='ocrx_word' id='word_1_90' title='bbox 823 1295 1088 1367; x_wconf 80' lang='grc' dir='ltr'><strong>Χριστοῦ.</strong></span> <span class='ocrx_word' id='word_1_91' title='bbox 1119 1315 1138 1348; x_wconf 76' lang='grc' dir='ltr'><strong>ι</strong></span> <span class='ocrx_word' id='word_1_92' title='bbox 1176 1296 1482 1367; x_wconf 75' lang='grc' dir='ltr'><strong>Ἐπέὸλεψα</strong></span> <span class='ocrx_word' id='word_1_93' title='bbox 1509 1298 1642 1372; x_wconf 84' lang='grc' dir='ltr'><strong>γὰρ,</strong></span> <span class='ocrx_word' id='word_1_94' title='bbox 1681 1319 1698 1351; x_wconf 75' lang='grc' dir='ltr'><strong>ι</strong></span> <span class='ocrx_word' id='word_1_95' title='bbox 1735 1300 1889 1370; x_wconf 64' lang='grc' dir='ltr'><strong>φησι,</strong></span> 
     </span>
    </p>
   </div>
   <div class='ocr_carea' id='block_1_15' title="bbox 306 1383 1892 1461">
    <p class='ocr_par' dir='ltr' id='par_1_15' title="bbox 306 1383 1892 1461">
     <span class='ocr_line' id='line_1_15' title="bbox 306 1383 1892 1461; baseline 0.003 -21"><span class='ocrx_word' id='word_1_96' title='bbox 306 1407 325 1440; x_wconf 74' lang='grc' dir='ltr'><strong>ι</strong></span> <span class='ocrx_word' id='word_1_97' title='bbox 358 1390 452 1442; x_wconf 82' lang='grc' dir='ltr'><strong>καὶ</strong></span> <span class='ocrx_word' id='word_1_98' title='bbox 481 1389 582 1441; x_wconf 78' lang='grc' dir='ltr'><strong>οῦκ</strong></span> <span class='ocrx_word' id='word_1_99' title='bbox 609 1383 677 1460; x_wconf 80' lang='grc' dir='ltr'><strong>ἦν</strong></span> <span class='ocrx_word' id='word_1_100' title='bbox 713 1391 742 1442; x_wconf 94' lang='lat'><strong>6</strong></span> <span class='ocrx_word' id='word_1_101' title='bbox 773 1388 970 1460; x_wconf 86' lang='grc' dir='ltr'><strong>βοηθός</strong></span> <span class='ocrx_word' id='word_1_102' title='bbox 990 1405 1004 1419; x_wconf 89' lang='grc'><strong>·</strong></span> <span class='ocrx_word' id='word_1_103' title='bbox 1037 1390 1405 1461; x_wconf 89' lang='grc' dir='ltr'><strong>προσενόησα,</strong></span> <span class='ocrx_word' id='word_1_104' title='bbox 1438 1393 1533 1445; x_wconf 83' lang='grc' dir='ltr'><strong>καὶ</strong></span> <span class='ocrx_word' id='word_1_105' title='bbox 1561 1391 1736 1454; x_wconf 76' lang='grc' dir='ltr'><strong>οὐδεὶς</strong></span> <span class='ocrx_word' id='word_1_106' title='bbox 1766 1393 1892 1446; x_wconf 57' lang='grc' dir='ltr'><strong>ἀντέ</strong></span> 
     </span>
    </p>
   </div>
   <div class='ocr_carea' id='block_1_16' title="bbox 302 1481 1892 1555">
    <p class='ocr_par' dir='ltr' id='par_1_16' title="bbox 302 1481 1892 1555">
     <span class='ocr_line' id='line_1_16' title="bbox 302 1481 1892 1555; baseline 0.003 -21"><span class='ocrx_word' id='word_1_107' title='bbox 302 1481 524 1536; x_wconf 80' lang='grc' dir='ltr'><strong>ελάὸετο</strong></span> <span class='ocrx_word' id='word_1_108' title='bbox 545 1498 560 1512; x_wconf 88' lang='grc'><strong>·</strong></span> <span class='ocrx_word' id='word_1_109' title='bbox 592 1501 610 1533; x_wconf 72' lang='grc' dir='ltr'><strong>ι</strong></span> <span class='ocrx_word' id='word_1_110' title='bbox 647 1482 740 1535; x_wconf 70' lang='grc' dir='ltr'><strong>καὶ</strong></span> <span class='ocrx_word' id='word_1_111' title='bbox 768 1481 1040 1554; x_wconf 76' lang='grc' dir='ltr'><strong>ἐρρύσατο</strong></span> <span class='ocrx_word' id='word_1_112' title='bbox 1067 1483 1268 1548; x_wconf 77' lang='grc' dir='ltr'><strong>αὐτοὺς</strong></span> <span class='ocrx_word' id='word_1_113' title='bbox 1297 1486 1325 1537; x_wconf 94' lang='lat'><strong>6</strong></span> <span class='ocrx_word' id='word_1_114' title='bbox 1356 1482 1596 1555; x_wconf 82' lang='grc' dir='ltr'><strong>βραχίων</strong></span> <span class='ocrx_word' id='word_1_115' title='bbox 1641 1502 1764 1554; x_wconf 86' lang='grc' dir='ltr'><strong>μου,</strong></span> <span class='ocrx_word' id='word_1_116' title='bbox 1799 1485 1892 1539; x_wconf 79' lang='grc' dir='ltr'><strong>καὶ</strong></span> 
     </span>
    </p>
   </div>
   <div class='ocr_carea' id='block_1_17' title="bbox 299 1569 1889 1647">
    <p class='ocr_par' dir='ltr' id='par_1_17' title="bbox 299 1569 1889 1647">
     <span class='ocr_line' id='line_1_17' title="bbox 299 1569 1889 1647; baseline 0.004 -26"><span class='ocrx_word' id='word_1_117' title='bbox 299 1569 329 1620; x_wconf 89' lang='lat'><strong>6</strong></span> <span class='ocrx_word' id='word_1_118' title='bbox 360 1569 528 1641; x_wconf 89' lang='grc' dir='ltr'><strong>θυμός</strong></span> <span class='ocrx_word' id='word_1_119' title='bbox 569 1587 673 1641; x_wconf 89' lang='grc' dir='ltr'><strong>μου</strong></span> <span class='ocrx_word' id='word_1_120' title='bbox 710 1570 937 1642; x_wconf 82' lang='grc' dir='ltr'><strong>ἐπέστη.</strong></span> <span class='ocrx_word' id='word_1_121' title='bbox 977 1589 996 1623; x_wconf 77' lang='grc' dir='ltr'><strong>ι</strong></span> <span class='ocrx_word' id='word_1_122' title='bbox 1030 1572 1140 1625; x_wconf 77' lang='grc' dir='ltr'><strong>Καὶ</strong></span> <span class='ocrx_word' id='word_1_123' title='bbox 1169 1573 1532 1644; x_wconf 88' lang='grc' dir='ltr'><strong>κατεπάτησα</strong></span> <span class='ocrx_word' id='word_1_124' title='bbox 1575 1575 1775 1639; x_wconf 77' lang='grc' dir='ltr'><strong>αὐτοὺς</strong></span> <span class='ocrx_word' id='word_1_125' title='bbox 1821 1578 1889 1647; x_wconf 82' lang='grc' dir='ltr'><strong>τῇ</strong></span> 
     </span>
    </p>
   </div>
   <div class='ocr_carea' id='block_1_18' title="bbox 299 1660 1892 1736">
    <p class='ocr_par' dir='ltr' id='par_1_18' title="bbox 299 1660 1892 1736">
     <span class='ocr_line' id='line_1_18' title="bbox 299 1660 1892 1736; baseline 0.004 -22"><span class='ocrx_word' id='word_1_126' title='bbox 299 1662 436 1733; x_wconf 72' lang='grc' dir='ltr'><strong>ὀργῇ</strong></span> <span class='ocrx_word' id='word_1_127' title='bbox 472 1680 596 1732; x_wconf 86' lang='grc' dir='ltr'><strong>μου.</strong></span> <span class='ocrx_word' id='word_1_128' title='bbox 625 1681 642 1713; x_wconf 76' lang='grc' dir='ltr'><strong>ι</strong></span> <span class='ocrx_word' id='word_1_129' title='bbox 669 1662 888 1717; x_wconf 83' lang='grc' dir='ltr'><strong>Ἔοικεν</strong></span> <span class='ocrx_word' id='word_1_130' title='bbox 912 1663 970 1716; x_wconf 80' lang='grc' dir='ltr'><strong>ἑν</strong></span> <span class='ocrx_word' id='word_1_131' title='bbox 995 1660 1206 1725; x_wconf 76' lang='grc' dir='ltr'><strong>τούτοις</strong></span> <span class='ocrx_word' id='word_1_132' title='bbox 1231 1663 1333 1735; x_wconf 81' lang='grc' dir='ltr'><strong>τῆς</strong></span> <span class='ocrx_word' id='word_1_133' title='bbox 1365 1662 1476 1717; x_wconf 85' lang='grc' dir='ltr'><strong>τῶν</strong></span> <span class='ocrx_word' id='word_1_134' title='bbox 1511 1665 1892 1736; x_wconf 86' lang='grc' dir='ltr'><strong>Γραμματέων</strong></span> 
     </span>
    </p>
   </div>
   <div class='ocr_carea' id='block_1_19' title="bbox 301 1753 1895 1829">
    <p class='ocr_par' dir='ltr' id='par_1_19' title="bbox 301 1753 1895 1829">
     <span class='ocr_line' id='line_1_19' title="bbox 301 1753 1895 1829; baseline 0.003 -23"><span class='ocrx_word' id='word_1_135' title='bbox 301 1754 396 1806; x_wconf 76' lang='grc' dir='ltr'><strong>καὶ</strong></span> <span class='ocrx_word' id='word_1_136' title='bbox 425 1753 739 1825; x_wconf 72' lang='grc' dir='ltr'><strong>Φαρισαίων</strong></span> <span class='ocrx_word' id='word_1_137' title='bbox 779 1753 1058 1826; x_wconf 75' lang='grc' dir='ltr'><strong>ῥᾳθυμίας</strong></span> <span class='ocrx_word' id='word_1_138' title='bbox 1089 1756 1359 1810; x_wconf 83' lang='grc' dir='ltr'><strong>ποιεῖσθαι</strong></span> <span class='ocrx_word' id='word_1_139' title='bbox 1393 1757 1690 1829; x_wconf 77' lang='grc' dir='ltr'><strong>καταϐοὴν,</strong></span> <span class='ocrx_word' id='word_1_140' title='bbox 1729 1758 1779 1811; x_wconf 80' lang='grc' dir='ltr'><strong>οἳ</strong></span> <span class='ocrx_word' id='word_1_141' title='bbox 1811 1775 1895 1811; x_wconf 82' lang='grc' dir='ltr'><strong>τε·</strong></span> 
     </span>
    </p>
   </div>
   <div class='ocr_carea' id='block_1_20' title="bbox 1996 563 3576 635">
    <p class='ocr_par' dir='ltr' id='par_1_20' title="bbox 1996 563 3576 635">
     <span class='ocr_line' id='line_1_20' title="bbox 1996 563 3576 635; baseline 0.001 -15"><span class='ocrx_word' id='word_1_142' title='bbox 1996 566 2368 621; x_wconf 88' lang='lat' dir='ltr'><strong>retributionis</strong></span> <span class='ocrx_word' id='word_1_143' title='bbox 2421 573 2637 635; x_wconf 89' lang='lat' dir='ltr'><strong>tempus</strong></span> <span class='ocrx_word' id='word_1_144' title='bbox 2693 563 2823 630; x_wconf 86' lang='lat' dir='ltr'><strong>illis,</strong></span> <span class='ocrx_word' id='word_1_145' title='bbox 2863 563 2992 618; x_wconf 76' lang='lat' dir='ltr'><strong>erat</strong></span> <span class='ocrx_word' id='word_1_146' title='bbox 3033 564 3423 634; x_wconf 73' lang='lat' dir='ltr'><strong>redemptionis</strong></span> <span class='ocrx_word' id='word_1_147' title='bbox 3457 565 3576 621; x_wconf 91' lang='lat' dir='ltr'><strong>dies</strong></span> 
     </span>
    </p>
   </div>
   <div class='ocr_carea' id='block_1_21' title="bbox 1995 655 3574 728">
    <p class='ocr_par' dir='ltr' id='par_1_21' title="bbox 1995 655 3574 728">
     <span class='ocr_line' id='line_1_21' title="bbox 1995 655 3574 728; baseline 0 -15"><span class='ocrx_word' id='word_1_148' title='bbox 1995 660 2080 714; x_wconf 87' lang='lat' dir='ltr'><strong>his</strong></span> <span class='ocrx_word' id='word_1_149' title='bbox 2144 658 2235 726; x_wconf 98' lang='lat' dir='ltr'><strong>qui</strong></span> <span class='ocrx_word' id='word_1_150' title='bbox 2271 657 2390 726; x_wconf 80' lang='lat' dir='ltr'><strong>ejus</strong></span> <span class='ocrx_word' id='word_1_151' title='bbox 2420 656 2815 728; x_wconf 84' lang='lat' dir='ltr'><strong>apparitionem</strong></span> <span class='ocrx_word' id='word_1_152' title='bbox 2849 664 3208 724; x_wconf 78' lang='lat' dir='ltr'><strong>agnoverunt.</strong></span> <span class='ocrx_word' id='word_1_153' title='bbox 3235 655 3407 712; x_wconf 84' lang='lat' dir='ltr'><strong>Simul</strong></span> <span class='ocrx_word' id='word_1_154' title='bbox 3428 659 3574 713; x_wconf 89' lang='lat' dir='ltr'><strong>enim</strong></span> 
     </span>
    </p>
   </div>
   <div class='ocr_carea' id='block_1_22' title="bbox 1991 747 3576 818">
    <p class='ocr_par' dir='ltr' id='par_1_22' title="bbox 1991 747 3576 818">
     <span class='ocr_line' id='line_1_22' title="bbox 1991 747 3576 818; baseline -0.001 -13"><span class='ocrx_word' id='word_1_155' title='bbox 1991 759 2048 805; x_wconf 92' lang='lat' dir='ltr'><strong>et</strong></span> <span class='ocrx_word' id='word_1_156' title='bbox 2082 751 2170 805; x_wconf 93' lang='lat' dir='ltr'><strong>hic</strong></span> <span class='ocrx_word' id='word_1_157' title='bbox 2196 748 2416 804; x_wconf 83' lang='lat' dir='ltr'><strong>ell‘reuis</strong></span> <span class='ocrx_word' id='word_1_158' title='bbox 2447 750 2671 818; x_wconf 89' lang='lat' dir='ltr'><strong>punitus</strong></span> <span class='ocrx_word' id='word_1_159' title='bbox 2703 757 2788 804; x_wconf 90' lang='lat' dir='ltr'><strong>est</strong></span> <span class='ocrx_word' id='word_1_160' title='bbox 2809 789 2826 814; x_wconf 91' lang='lat'><strong>,</strong></span> <span class='ocrx_word' id='word_1_161' title='bbox 2869 756 2926 803; x_wconf 92' lang='lat' dir='ltr'><strong>et</strong></span> <span class='ocrx_word' id='word_1_162' title='bbox 2953 747 3041 802; x_wconf 90' lang='lat' dir='ltr'><strong>ille</strong></span> <span class='ocrx_word' id='word_1_163' title='bbox 3069 747 3329 802; x_wconf 88' lang='lat' dir='ltr'><strong>obediens</strong></span> <span class='ocrx_word' id='word_1_164' title='bbox 3352 764 3415 804; x_wconf 91' lang='lat' dir='ltr'><strong>ac</strong></span> <span class='ocrx_word' id='word_1_165' title='bbox 3445 750 3576 804; x_wconf 87' lang='lat' dir='ltr'><strong>sub-</strong></span> 
     </span>
    </p>
   </div>
   <div class='ocr_carea' id='block_1_23' title="bbox 1995 837 3572 910">
    <p class='ocr_par' dir='ltr' id='par_1_23' title="bbox 1995 837 3572 910">
     <span class='ocr_line' id='line_1_23' title="bbox 1995 837 3572 910; baseline -0.003 -12"><span class='ocrx_word' id='word_1_166' title='bbox 1995 844 2192 899; x_wconf 87' lang='lat' dir='ltr'><strong>missus</strong></span> <span class='ocrx_word' id='word_1_167' title='bbox 2214 837 2245 897; x_wconf 82' lang='lat' dir='ltr'><strong>a</strong></span> <span class='ocrx_word' id='word_1_168' title='bbox 2267 843 2486 899; x_wconf 89' lang='lat' dir='ltr'><strong>Christo</strong></span> <span class='ocrx_word' id='word_1_169' title='bbox 2522 841 2833 910; x_wconf 77' lang='lat' dir='ltr'><strong>redemptus</strong></span> <span class='ocrx_word' id='word_1_170' title='bbox 2860 849 2966 895; x_wconf 87' lang='lat' dir='ltr'><strong>est.</strong></span> <span class='ocrx_word' id='word_1_171' title='bbox 3006 858 3026 892; x_wconf 76' lang='grc' dir='ltr'><strong>ι</strong></span> <span class='ocrx_word' id='word_1_172' title='bbox 3060 839 3296 909; x_wconf 79' lang='lat' dir='ltr'><strong>Respexi</strong></span> <span class='ocrx_word' id='word_1_173' title='bbox 3342 841 3510 904; x_wconf 87' lang='lat' dir='ltr'><strong>enim,</strong></span> <span class='ocrx_word' id='word_1_174' title='bbox 3550 859 3572 894; x_wconf 73' lang='grc' dir='ltr'><strong>ι</strong></span> 
     </span>
    </p>
   </div>
   <div class='ocr_carea' id='block_1_24' title="bbox 1993 929 3576 1004">
    <p class='ocr_par' dir='ltr' id='par_1_24' title="bbox 1993 929 3576 1004">
     <span class='ocr_line' id='line_1_24' title="bbox 1993 929 3576 1004; baseline -0.004 -16"><span class='ocrx_word' id='word_1_175' title='bbox 1993 935 2186 1004; x_wconf 89' lang='lat' dir='ltr'><strong>inquit,</strong></span> <span class='ocrx_word' id='word_1_176' title='bbox 2217 952 2236 985; x_wconf 76' lang='grc' dir='ltr'><strong>ι</strong></span> <span class='ocrx_word' id='word_1_177' title='bbox 2265 943 2319 989; x_wconf 91' lang='lat' dir='ltr'><strong>et</strong></span> <span class='ocrx_word' id='word_1_178' title='bbox 2356 948 2461 988; x_wconf 90' lang='lat' dir='ltr'><strong>non</strong></span> <span class='ocrx_word' id='word_1_179' title='bbox 2496 941 2616 987; x_wconf 83' lang='lat' dir='ltr'><strong>erat</strong></span> <span class='ocrx_word' id='word_1_180' title='bbox 2637 929 2888 997; x_wconf 66' lang='lat' dir='ltr'><strong>adiutor;</strong></span> <span class='ocrx_word' id='word_1_181' title='bbox 2917 931 3282 994; x_wconf 71' lang='lat' dir='ltr'><strong>considerari,</strong></span> <span class='ocrx_word' id='word_1_182' title='bbox 3315 939 3371 986; x_wconf 88' lang='lat' dir='ltr'><strong>et</strong></span> <span class='ocrx_word' id='word_1_183' title='bbox 3415 945 3576 986; x_wconf 86' lang='lat' dir='ltr'><strong>nemo</strong></span> 
     </span>
    </p>
   </div>
   <div class='ocr_carea' id='block_1_25' title="bbox 1993 1020 3578 1096">
    <p class='ocr_par' dir='ltr' id='par_1_25' title="bbox 1993 1020 3578 1096">
     <span class='ocr_line' id='line_1_25' title="bbox 1993 1020 3578 1096; baseline -0.005 -14"><span class='ocrx_word' id='word_1_184' title='bbox 1993 1036 2118 1083; x_wconf 90' lang='lat' dir='ltr'><strong>erat</strong></span> <span class='ocrx_word' id='word_1_185' title='bbox 2151 1026 2243 1096; x_wconf 86' lang='lat' dir='ltr'><strong>qui</strong></span> <span class='ocrx_word' id='word_1_186' title='bbox 2277 1025 2549 1095; x_wconf 80' lang='lat' dir='ltr'><strong>praeberet</strong></span> <span class='ocrx_word' id='word_1_187' title='bbox 2577 1022 2858 1077; x_wconf 80' lang='lat' dir='ltr'><strong>auxilium.</strong></span> <span class='ocrx_word' id='word_1_188' title='bbox 2896 1039 2916 1074; x_wconf 74' lang='grc' dir='ltr'><strong>ο</strong></span> <span class='ocrx_word' id='word_1_189' title='bbox 2966 1021 3032 1076; x_wconf 83' lang='lat' dir='ltr'><strong>Et</strong></span> <span class='ocrx_word' id='word_1_190' title='bbox 3059 1020 3312 1076; x_wconf 74' lang='lat' dir='ltr'><strong>liberavit</strong></span> <span class='ocrx_word' id='word_1_191' title='bbox 3330 1035 3426 1074; x_wconf 82' lang='lat' dir='ltr'><strong>eos</strong></span> <span class='ocrx_word' id='word_1_192' title='bbox 3451 1021 3578 1076; x_wconf 77' lang='lat' dir='ltr'><strong>bra-</strong></span> 
     </span>
    </p>
   </div>
   <div class='ocr_carea' id='block_1_26' title="bbox 1994 1113 3578 1181">
    <p class='ocr_par' dir='ltr' id='par_1_26' title="bbox 1994 1113 3578 1181">
     <span class='ocr_line' id='line_1_26' title="bbox 1994 1113 3578 1181; baseline -0.004 -8"><span class='ocrx_word' id='word_1_193' title='bbox 1994 1117 2175 1173; x_wconf 89' lang='lat' dir='ltr'><strong>chium</strong></span> <span class='ocrx_word' id='word_1_194' title='bbox 2233 1132 2432 1181; x_wconf 91' lang='lat' dir='ltr'><strong>meum,</strong></span> <span class='ocrx_word' id='word_1_195' title='bbox 2470 1123 2526 1169; x_wconf 89' lang='lat' dir='ltr'><strong>et</strong></span> <span class='ocrx_word' id='word_1_196' title='bbox 2551 1115 2704 1170; x_wconf 80' lang='lat' dir='ltr'><strong>furor</strong></span> <span class='ocrx_word' id='word_1_197' title='bbox 2731 1129 2884 1170; x_wconf 90' lang='lat' dir='ltr'><strong>meus</strong></span> <span class='ocrx_word' id='word_1_198' title='bbox 2910 1113 3112 1168; x_wconf 79' lang='lat' dir='ltr'><strong>invasit</strong></span> <span class='ocrx_word' id='word_1_199' title='bbox 3139 1113 3258 1169; x_wconf 74' lang='lat' dir='ltr'><strong>eos.</strong></span> <span class='ocrx_word' id='word_1_200' title='bbox 3292 1131 3312 1164; x_wconf 73' lang='grc' dir='ltr'><strong>ι</strong></span> <span class='ocrx_word' id='word_1_201' title='bbox 3350 1113 3421 1167; x_wconf 80' lang='lat' dir='ltr'><strong>At</strong></span> <span class='ocrx_word' id='word_1_202' title='bbox 3445 1129 3578 1168; x_wconf 84' lang='lat' dir='ltr'><strong>eou-</strong></span> 
     </span>
    </p>
   </div>
   <div class='ocr_carea' id='block_1_27' title="bbox 1993 1205 3576 1265">
    <p class='ocr_par' dir='ltr' id='par_1_27' title="bbox 1993 1205 3576 1265">
     <span class='ocr_line' id='line_1_27' title="bbox 1993 1205 3576 1265; baseline -0.004 -1"><span class='ocrx_word' id='word_1_203' title='bbox 1993 1209 2201 1265; x_wconf 83' lang='lat' dir='ltr'><strong>culeavi</strong></span> <span class='ocrx_word' id='word_1_204' title='bbox 2226 1209 2350 1264; x_wconf 90' lang='lat' dir='ltr'><strong>illos</strong></span> <span class='ocrx_word' id='word_1_205' title='bbox 2389 1211 2468 1263; x_wconf 87' lang='lat' dir='ltr'><strong>ira</strong></span> <span class='ocrx_word' id='word_1_206' title='bbox 2525 1213 2662 1264; x_wconf 77' lang='lat' dir='ltr'><strong>mea.</strong></span> <span class='ocrx_word' id='word_1_207' title='bbox 2702 1225 2722 1260; x_wconf 70' lang='grc' dir='ltr'><strong>ι</strong></span> <span class='ocrx_word' id='word_1_208' title='bbox 2779 1206 3004 1262; x_wconf 83' lang='lat' dir='ltr'><strong>Videtur</strong></span> <span class='ocrx_word' id='word_1_209' title='bbox 3039 1205 3126 1262; x_wconf 87' lang='lat' dir='ltr'><strong>his</strong></span> <span class='ocrx_word' id='word_1_210' title='bbox 3163 1205 3346 1260; x_wconf 80' lang='lat' dir='ltr'><strong>verbis</strong></span> <span class='ocrx_word' id='word_1_211' title='bbox 3385 1214 3576 1260; x_wconf 81' lang='lat' dir='ltr'><strong>contra</strong></span> 
     </span>
    </p>
   </div>
   <div class='ocr_carea' id='block_1_28' title="bbox 1993 1298 3578 1366">
    <p class='ocr_par' dir='ltr' id='par_1_28' title="bbox 1993 1298 3578 1366">
     <span class='ocr_line' id='line_1_28' title="bbox 1993 1298 3578 1366; baseline -0.005 -8"><span class='ocrx_word' id='word_1_212' title='bbox 1993 1303 2298 1360; x_wconf 78' lang='lat' dir='ltr'><strong>socordiam</strong></span> <span class='ocrx_word' id='word_1_213' title='bbox 2317 1301 2633 1359; x_wconf 80' lang='lat' dir='ltr'><strong>Scribarum</strong></span> <span class='ocrx_word' id='word_1_214' title='bbox 2651 1311 2707 1357; x_wconf 92' lang='lat' dir='ltr'><strong>ct</strong></span> <span class='ocrx_word' id='word_1_215' title='bbox 2726 1301 3122 1357; x_wconf 66' lang='lat' dir='ltr'><strong>Pharisaeorum</strong></span> <span class='ocrx_word' id='word_1_216' title='bbox 3145 1299 3460 1362; x_wconf 80' lang='lat' dir='ltr'><strong>vociferari,</strong></span> <span class='ocrx_word' id='word_1_217' title='bbox 3486 1298 3578 1366; x_wconf 89' lang='lat' dir='ltr'><strong>qui</strong></span> 
     </span>
    </p>
   </div>
   <div class='ocr_carea' id='block_1_29' title="bbox 1993 1388 3570 1465">
    <p class='ocr_par' dir='ltr' id='par_1_29' title="bbox 1993 1388 3570 1465">
     <span class='ocr_line' id='line_1_29' title="bbox 1993 1388 3570 1465; baseline -0.008 -12"><span class='ocrx_word' id='word_1_218' title='bbox 1993 1396 2274 1453; x_wconf 90' lang='lat' dir='ltr'><strong>constituti</strong></span> <span class='ocrx_word' id='word_1_219' title='bbox 2302 1404 2430 1452; x_wconf 88' lang='lat' dir='ltr'><strong>sunt</strong></span> <span class='ocrx_word' id='word_1_220' title='bbox 2464 1405 2523 1450; x_wconf 93' lang='lat' dir='ltr'><strong>ut</strong></span> <span class='ocrx_word' id='word_1_221' title='bbox 2552 1402 2852 1465; x_wconf 68' lang='lat' dir='ltr'><strong>praeessent</strong></span> <span class='ocrx_word' id='word_1_222' title='bbox 2878 1393 3100 1465; x_wconf 84' lang='lat' dir='ltr'><strong>populo,</strong></span> <span class='ocrx_word' id='word_1_223' title='bbox 3126 1402 3182 1447; x_wconf 88' lang='lat' dir='ltr'><strong>et</strong></span> <span class='ocrx_word' id='word_1_224' title='bbox 3213 1393 3279 1446; x_wconf 83' lang='lat' dir='ltr'><strong>ad</strong></span> <span class='ocrx_word' id='word_1_225' title='bbox 3297 1388 3570 1458; x_wconf 82' lang='lat' dir='ltr'><strong>justitiam</strong></span> 
     </span>
    </p>
   </div>
   <div class='ocr_carea' id='block_1_30' title="bbox 1994 1481 3578 1558">
    <p class='ocr_par' dir='ltr' id='par_1_30' title="bbox 1994 1481 3578 1558">
     <span class='ocr_line' id='line_1_30' title="bbox 1994 1481 3578 1558; baseline -0.006 -16"><span class='ocrx_word' id='word_1_226' title='bbox 1994 1486 2316 1558; x_wconf 81' lang='lat' dir='ltr'><strong>dirigerent,</strong></span> <span class='ocrx_word' id='word_1_227' title='bbox 2347 1495 2402 1542; x_wconf 91' lang='lat' dir='ltr'><strong>et</strong></span> <span class='ocrx_word' id='word_1_228' title='bbox 2433 1486 2500 1540; x_wconf 88' lang='lat' dir='ltr'><strong>ad</strong></span> <span class='ocrx_word' id='word_1_229' title='bbox 2532 1485 2628 1540; x_wconf 81' lang='lat' dir='ltr'><strong>Dei</strong></span> <span class='ocrx_word' id='word_1_230' title='bbox 2664 1485 2922 1555; x_wconf 85' lang='lat' dir='ltr'><strong>placitum</strong></span> <span class='ocrx_word' id='word_1_231' title='bbox 2991 1483 3164 1555; x_wconf 89' lang='lat' dir='ltr'><strong>probe</strong></span> <span class='ocrx_word' id='word_1_232' title='bbox 3206 1481 3578 1537; x_wconf 80' lang='lat' dir='ltr'><strong>instiurereut.</strong></span> 
     </span>
    </p>
   </div>
   <div class='ocr_carea' id='block_1_31' title="bbox 1996 1568 3581 1640">
    <p class='ocr_par' dir='ltr' id='par_1_31' title="bbox 1996 1568 3581 1640">
     <span class='ocr_line' id='line_1_31' title="bbox 1996 1568 3581 1640; baseline -0.008 -6"><span class='ocrx_word' id='word_1_233' title='bbox 1996 1578 2105 1634; x_wconf 88' lang='lat' dir='ltr'><strong>Sed</strong></span> <span class='ocrx_word' id='word_1_234' title='bbox 2127 1577 2264 1633; x_wconf 87' lang='lat' dir='ltr'><strong>adeo</strong></span> <span class='ocrx_word' id='word_1_235' title='bbox 2293 1576 2553 1633; x_wconf 86' lang='lat' dir='ltr'><strong>socordes</strong></span> <span class='ocrx_word' id='word_1_236' title='bbox 2580 1586 2735 1631; x_wconf 85' lang='lat' dir='ltr'><strong>erant</strong></span> <span class='ocrx_word' id='word_1_237' title='bbox 2754 1590 2819 1631; x_wconf 88' lang='lat' dir='ltr'><strong>ac</strong></span> <span class='ocrx_word' id='word_1_238' title='bbox 2849 1575 3086 1638; x_wconf 87' lang='lat' dir='ltr'><strong>desides,</strong></span> <span class='ocrx_word' id='word_1_239' title='bbox 3137 1581 3196 1627; x_wconf 90' lang='lat' dir='ltr'><strong>ut</strong></span> <span class='ocrx_word' id='word_1_240' title='bbox 3223 1573 3308 1627; x_wconf 89' lang='lat' dir='ltr'><strong>his</strong></span> <span class='ocrx_word' id='word_1_241' title='bbox 3330 1571 3420 1640; x_wconf 90' lang='lat' dir='ltr'><strong>qui</strong></span> <span class='ocrx_word' id='word_1_242' title='bbox 3447 1568 3581 1623; x_wconf 63' lang='lat' dir='ltr'><strong>sub»</strong></span> 
     </span>
    </p>
   </div>
   <div class='ocr_carea' id='block_1_32' title="bbox 1995 1663 3582 1739">
    <p class='ocr_par' dir='ltr' id='par_1_32' title="bbox 1995 1663 3582 1739">
     <span class='ocr_line' id='line_1_32' title="bbox 1995 1663 3582 1739; baseline -0.006 -15"><span class='ocrx_word' id='word_1_243' title='bbox 1995 1669 2091 1724; x_wconf 90' lang='lat' dir='ltr'><strong>diti</strong></span> <span class='ocrx_word' id='word_1_244' title='bbox 2113 1669 2244 1739; x_wconf 76' lang='lat' dir='ltr'><strong>jugo</strong></span> <span class='ocrx_word' id='word_1_245' title='bbox 2269 1668 2488 1724; x_wconf 77' lang='lat' dir='ltr'><strong>fuerunt</strong></span> <span class='ocrx_word' id='word_1_246' title='bbox 2519 1667 2720 1722; x_wconf 90' lang='lat' dir='ltr'><strong>nullam</strong></span> <span class='ocrx_word' id='word_1_247' title='bbox 2746 1681 2906 1738; x_wconf 89' lang='lat' dir='ltr'><strong>opem</strong></span> <span class='ocrx_word' id='word_1_248' title='bbox 2935 1665 3218 1729; x_wconf 79' lang='lat' dir='ltr'><strong>aﬂerrent,</strong></span> <span class='ocrx_word' id='word_1_249' title='bbox 3266 1663 3430 1720; x_wconf 81' lang='lat' dir='ltr'><strong>nullis</strong></span> <span class='ocrx_word' id='word_1_250' title='bbox 3462 1672 3582 1714; x_wconf 72' lang='lat' dir='ltr'><strong>uto-</strong></span> 
     </span>
    </p>
   </div>
   <div class='ocr_carea' id='block_1_33' title="bbox 1995 1751 3606 1828">
    <p class='ocr_par' dir='ltr' id='par_1_33' title="bbox 1995 1751 3606 1828">
     <span class='ocr_line' id='line_1_33' title="bbox 1995 1751 3606 1828; baseline -0.004 -16"><span class='ocrx_word' id='word_1_251' title='bbox 1995 1759 2125 1813; x_wconf 85' lang='lat' dir='ltr'><strong>nitis</strong></span> <span class='ocrx_word' id='word_1_252' title='bbox 2149 1759 2488 1828; x_wconf 77' lang='lat' dir='ltr'><strong>corrigerent</strong></span> <span class='ocrx_word' id='word_1_253' title='bbox 2516 1775 2531 1811; x_wconf 92' lang='lat'><strong>:</strong></span> <span class='ocrx_word' id='word_1_254' title='bbox 2559 1758 2654 1812; x_wconf 90' lang='lat' dir='ltr'><strong>sed</strong></span> <span class='ocrx_word' id='word_1_255' title='bbox 2686 1771 2717 1813; x_wconf 89' lang='lat' dir='ltr'><strong>e</strong></span> <span class='ocrx_word' id='word_1_256' title='bbox 2739 1756 3037 1824; x_wconf 85' lang='lat' dir='ltr'><strong>contrario,</strong></span> <span class='ocrx_word' id='word_1_257' title='bbox 3062 1757 3227 1811; x_wconf 89' lang='lat' dir='ltr'><strong>etiam</strong></span> <span class='ocrx_word' id='word_1_258' title='bbox 3249 1755 3317 1808; x_wconf 89' lang='lat' dir='ltr'><strong>ad</strong></span> <span class='ocrx_word' id='word_1_259' title='bbox 3343 1751 3606 1806; x_wconf 50' lang='lat' dir='ltr'><strong>iutideliv</strong></span> 
     </span>
    </p>
   </div>
   <div class='ocr_carea' id='block_1_34' title="bbox 299 1834 1884 1918">
    <p class='ocr_par' dir='ltr' id='par_1_34' title="bbox 299 1845 1884 1918">
     <span class='ocr_line' id='line_1_34' title="bbox 299 1845 1884 1918; baseline 0.001 -18"><span class='ocrx_word' id='word_1_260' title='bbox 299 1847 535 1917; x_wconf 83' lang='grc' dir='ltr'><strong>τάχαντο</strong></span> <span class='ocrx_word' id='word_1_261' title='bbox 561 1847 661 1918; x_wconf 83' lang='grc' dir='ltr'><strong>μὲν</strong></span> <span class='ocrx_word' id='word_1_262' title='bbox 684 1847 764 1910; x_wconf 84' lang='grc' dir='ltr'><strong>είς</strong></span> <span class='ocrx_word' id='word_1_263' title='bbox 787 1845 848 1899; x_wconf 77' lang='grc' dir='ltr'><strong>τὸ</strong></span> <span class='ocrx_word' id='word_1_264' title='bbox 872 1845 1230 1918; x_wconf 76' lang='grc' dir='ltr'><strong>καθηγεῖσθαι</strong></span> <span class='ocrx_word' id='word_1_265' title='bbox 1254 1847 1420 1913; x_wconf 84' lang='grc' dir='ltr'><strong>λαῶν,</strong></span> <span class='ocrx_word' id='word_1_266' title='bbox 1445 1848 1540 1901; x_wconf 72' lang='grc' dir='ltr'><strong>καὶ</strong></span> <span class='ocrx_word' id='word_1_267' title='bbox 1565 1848 1884 1902; x_wconf 72' lang='grc' dir='ltr'><strong>ἀπευθύνειν</strong></span> 
     </span>
    </p>
   </div>
   <div class='ocr_carea' id='block_1_35' title="bbox 1988 1834 3578 1918">
    <p class='ocr_par' dir='ltr' id='par_1_35' title="bbox 1995 1835 3578 1906">
     <span class='ocr_line' id='line_1_35' title="bbox 1995 1835 3578 1906; baseline -0.006 -1"><span class='ocrx_word' id='word_1_268' title='bbox 1995 1858 2159 1905; x_wconf 87' lang='lat' dir='ltr'><strong>tatem</strong></span> <span class='ocrx_word' id='word_1_269' title='bbox 2187 1849 2541 1906; x_wconf 86' lang='lat' dir='ltr'><strong>abducerent.</strong></span> <span class='ocrx_word' id='word_1_270' title='bbox 2561 1848 2692 1904; x_wconf 81' lang='lat' dir='ltr'><strong>Ausi</strong></span> <span class='ocrx_word' id='word_1_271' title='bbox 2717 1847 3006 1904; x_wconf 88' lang='lat' dir='ltr'><strong>suntenim</strong></span> <span class='ocrx_word' id='word_1_272' title='bbox 3037 1838 3220 1902; x_wconf 82' lang='lat' dir='ltr'><strong>dicere</strong></span> <span class='ocrx_word' id='word_1_273' title='bbox 3251 1845 3318 1900; x_wconf 86' lang='lat' dir='ltr'><strong>de</strong></span> <span class='ocrx_word' id='word_1_274' title='bbox 3335 1835 3578 1900; x_wconf 85' lang='lat' dir='ltr'><strong>omnium</strong></span> 
     </span>
    </p>
   </div>
   <div class='ocr_carea' id='block_1_36' title="bbox 301 1934 1884 2011">
    <p class='ocr_par' dir='ltr' id='par_1_36' title="bbox 301 1934 1884 2011">
     <span class='ocr_line' id='line_1_36' title="bbox 301 1934 1884 2011; baseline 0.002 -21"><span class='ocrx_word' id='word_1_275' title='bbox 301 1937 501 2002; x_wconf 76' lang='grc' dir='ltr'><strong>αὐτοὺς</strong></span> <span class='ocrx_word' id='word_1_276' title='bbox 540 1939 621 2001; x_wconf 88' lang='grc' dir='ltr'><strong>είς</strong></span> <span class='ocrx_word' id='word_1_277' title='bbox 667 1936 1050 2008; x_wconf 82' lang='grc' dir='ltr'><strong>δικαιοσύνην,</strong></span> <span class='ocrx_word' id='word_1_278' title='bbox 1085 1937 1179 1990; x_wconf 71' lang='grc' dir='ltr'><strong>καὶ</strong></span> <span class='ocrx_word' id='word_1_279' title='bbox 1227 1937 1597 2007; x_wconf 85' lang='grc' dir='ltr'><strong>παιδαγωγεῖν</strong></span> <span class='ocrx_word' id='word_1_280' title='bbox 1641 1934 1702 1993; x_wconf 82' lang='grc' dir='ltr'><strong>εὖ</strong></span> <span class='ocrx_word' id='word_1_281' title='bbox 1740 1939 1884 2011; x_wconf 85' lang='grc' dir='ltr'><strong>μάλα</strong></span> 
     </span>
    </p>
   </div>
   <div class='ocr_carea' id='block_1_37' title="bbox 1988 1934 3575 2011">
    <p class='ocr_par' dir='ltr' id='par_1_37' title="bbox 1996 1936 3575 2010">
     <span class='ocr_line' id='line_1_37' title="bbox 1996 1936 3575 2010; baseline -0.007 -14"><span class='ocrx_word' id='word_1_282' title='bbox 1996 1951 2240 1996; x_wconf 90' lang='lat' dir='ltr'><strong>nostrum</strong></span> <span class='ocrx_word' id='word_1_283' title='bbox 2261 1941 2553 1998; x_wconf 81' lang='lat' dir='ltr'><strong>Servatore</strong></span> <span class='ocrx_word' id='word_1_284' title='bbox 2583 1939 2805 1996; x_wconf 89' lang='lat' dir='ltr'><strong>Christo</strong></span> <span class='ocrx_word' id='word_1_285' title='bbox 2829 1955 2844 1993; x_wconf 89' lang='lat'><strong>:</strong></span> <span class='ocrx_word' id='word_1_286' title='bbox 2877 1958 2895 1990; x_wconf 73' lang='grc' dir='ltr'><strong>ι</strong></span> <span class='ocrx_word' id='word_1_287' title='bbox 2924 1936 3036 1994; x_wconf 83' lang='lat' dir='ltr'><strong>Nos</strong></span> <span class='ocrx_word' id='word_1_288' title='bbox 3079 1938 3296 2010; x_wconf 88' lang='lat' dir='ltr'><strong>quidem</strong></span> <span class='ocrx_word' id='word_1_289' title='bbox 3323 1936 3575 1993; x_wconf 80' lang='lat' dir='ltr'><strong>novimus</strong></span> 
     </span>
    </p>
   </div>
   <div class='ocr_carea' id='block_1_38' title="bbox 301 2025 1884 2104">
    <p class='ocr_par' dir='ltr' id='par_1_38' title="bbox 301 2026 1884 2101">
     <span class='ocr_line' id='line_1_38' title="bbox 301 2026 1884 2101; baseline 0.002 -20"><span class='ocrx_word' id='word_1_290' title='bbox 301 2027 440 2099; x_wconf 76' lang='grc' dir='ltr'><strong>πρὸς</strong></span> <span class='ocrx_word' id='word_1_291' title='bbox 484 2028 546 2082; x_wconf 78' lang='grc' dir='ltr'><strong>τὸ</strong></span> <span class='ocrx_word' id='word_1_292' title='bbox 592 2028 712 2100; x_wconf 87' lang='grc' dir='ltr'><strong>Θεῷ</strong></span> <span class='ocrx_word' id='word_1_293' title='bbox 735 2027 947 2082; x_wconf 81' lang='grc' dir='ltr'><strong>δοκοῦν.</strong></span> <span class='ocrx_word' id='word_1_294' title='bbox 995 2029 1264 2100; x_wconf 80' lang='grc' dir='ltr'><strong>Ῥᾴθυμοι</strong></span> <span class='ocrx_word' id='word_1_295' title='bbox 1302 2029 1360 2082; x_wconf 88' lang='grc' dir='ltr'><strong>δέ</strong></span> <span class='ocrx_word' id='word_1_296' title='bbox 1401 2026 1542 2101; x_wconf 80' lang='grc' dir='ltr'><strong>ἦσαν</strong></span> <span class='ocrx_word' id='word_1_297' title='bbox 1582 2029 1746 2095; x_wconf 76' lang='grc' dir='ltr'><strong>οὕτω,</strong></span> <span class='ocrx_word' id='word_1_298' title='bbox 1791 2033 1884 2086; x_wconf 72' lang='grc' dir='ltr'><strong>καὶ</strong></span> 
     </span>
    </p>
   </div>
   <div class='ocr_carea' id='block_1_39' title="bbox 1988 2025 3584 2104">
    <p class='ocr_par' dir='ltr' id='par_1_39' title="bbox 1994 2025 3584 2104">
     <span class='ocr_line' id='line_1_39' title="bbox 1994 2025 3584 2104; baseline -0.007 -17"><span class='ocrx_word' id='word_1_299' title='bbox 1994 2031 2161 2104; x_wconf 75' lang='lat' dir='ltr'><strong>Moysi</strong></span> <span class='ocrx_word' id='word_1_300' title='bbox 2185 2032 2421 2088; x_wconf 85' lang='lat' dir='ltr'><strong>locutum</strong></span> <span class='ocrx_word' id='word_1_301' title='bbox 2446 2045 2568 2087; x_wconf 89' lang='lat' dir='ltr'><strong>esse</strong></span> <span class='ocrx_word' id='word_1_302' title='bbox 2590 2031 2788 2100; x_wconf 86' lang='lat' dir='ltr'><strong>Deum;</strong></span> <span class='ocrx_word' id='word_1_303' title='bbox 2807 2031 2951 2086; x_wconf 90' lang='lat' dir='ltr'><strong>hunc</strong></span> <span class='ocrx_word' id='word_1_304' title='bbox 2963 2039 3145 2085; x_wconf 87' lang='lat' dir='ltr'><strong>autem</strong></span> <span class='ocrx_word' id='word_1_305' title='bbox 3163 2027 3304 2083; x_wconf 86' lang='lat' dir='ltr'><strong>haud</strong></span> <span class='ocrx_word' id='word_1_306' title='bbox 3333 2025 3584 2080; x_wconf 77' lang='lat' dir='ltr'><strong>novimus</strong></span> 
     </span>
    </p>
   </div>
   <div class='ocr_carea' id='block_1_40' title="bbox 300 2116 1884 2190">
    <p class='ocr_par' dir='ltr' id='par_1_40' title="bbox 300 2118 1884 2190">
     <span class='ocr_line' id='line_1_40' title="bbox 300 2118 1884 2190; baseline 0.001 -18"><span class='ocrx_word' id='word_1_307' title='bbox 300 2119 775 2184; x_wconf 63' lang='lat' dir='ltr'><strong>avammmxdreg,</strong></span> <span class='ocrx_word' id='word_1_308' title='bbox 815 2118 888 2183; x_wconf 85' lang='grc' dir='ltr'><strong>ὡς</strong></span> <span class='ocrx_word' id='word_1_309' title='bbox 918 2119 1236 2190; x_wconf 77' lang='grc' dir='ltr'><strong>ἐπικουρεῖν</strong></span> <span class='ocrx_word' id='word_1_310' title='bbox 1282 2119 1382 2190; x_wconf 84' lang='grc' dir='ltr'><strong>μὲν</strong></span> <span class='ocrx_word' id='word_1_311' title='bbox 1415 2119 1590 2175; x_wconf 73' lang='grc' dir='ltr'><strong>οὐδενὶ</strong></span> <span class='ocrx_word' id='word_1_312' title='bbox 1631 2122 1740 2174; x_wconf 84' lang='grc' dir='ltr'><strong>τῶν</strong></span> <span class='ocrx_word' id='word_1_313' title='bbox 1777 2121 1884 2174; x_wconf 80' lang='grc' dir='ltr'><strong>ῦπ-</strong></span> 
     </span>
    </p>
   </div>
   <div class='ocr_carea' id='block_1_41' title="bbox 1988 2116 3584 2190">
    <p class='ocr_par' dir='ltr' id='par_1_41' title="bbox 1996 2116 3584 2179">
     <span class='ocr_line' id='line_1_41' title="bbox 1996 2116 3584 2179; baseline -0.006 -1"><span class='ocrx_word' id='word_1_314' title='bbox 1996 2125 2138 2179; x_wconf 88' lang='lat' dir='ltr'><strong>uude</strong></span> <span class='ocrx_word' id='word_1_315' title='bbox 2160 2124 2231 2179; x_wconf 89' lang='lat' dir='ltr'><strong>sit</strong></span> <span class='ocrx_word' id='word_1_316' title='bbox 2257 2124 2322 2178; x_wconf 83' lang='lat'><strong>“&#39;.</strong></span> <span class='ocrx_word' id='word_1_317' title='bbox 2367 2142 2386 2175; x_wconf 75' lang='grc' dir='ltr'><strong>ι</strong></span> <span class='ocrx_word' id='word_1_318' title='bbox 2423 2123 2489 2178; x_wconf 86' lang='grc' dir='ltr'><strong>Ει</strong></span> <span class='ocrx_word' id='word_1_319' title='bbox 2529 2123 2766 2177; x_wconf 88' lang='lat' dir='ltr'><strong>iterum:</strong></span> <span class='ocrx_word' id='word_1_320' title='bbox 2799 2140 2819 2173; x_wconf 75' lang='grc' dir='ltr'><strong>ι</strong></span> <span class='ocrx_word' id='word_1_321' title='bbox 2859 2121 3196 2176; x_wconf 65' lang='grc' dir='ltr'><strong>υιιιηιοηίιιιιι</strong></span> <span class='ocrx_word' id='word_1_322' title='bbox 3232 2118 3396 2172; x_wconf 86' lang='lat' dir='ltr'><strong>habet</strong></span> <span class='ocrx_word' id='word_1_323' title='bbox 3413 2125 3470 2172; x_wconf 92' lang='lat' dir='ltr'><strong>et</strong></span> <span class='ocrx_word' id='word_1_324' title='bbox 3499 2116 3584 2169; x_wconf 86' lang='lat' dir='ltr'><strong>in-</strong></span> 
     </span>
    </p>
   </div>
   <div class='ocr_carea' id='block_1_42' title="bbox 300 2209 1884 2285">
    <p class='ocr_par' dir='ltr' id='par_1_42' title="bbox 300 2211 1884 2285">
     <span class='ocr_line' id='line_1_42' title="bbox 300 2211 1884 2285; baseline 0.003 -21"><span class='ocrx_word' id='word_1_325' title='bbox 300 2211 664 2280; x_wconf 79' lang='grc' dir='ltr'><strong>εζευγμένων,</strong></span> <span class='ocrx_word' id='word_1_326' title='bbox 697 2212 793 2266; x_wconf 71' lang='grc' dir='ltr'><strong>καὶ</strong></span> <span class='ocrx_word' id='word_1_327' title='bbox 819 2213 941 2275; x_wconf 90' lang='grc' dir='ltr'><strong>ταῖς</strong></span> <span class='ocrx_word' id='word_1_328' title='bbox 983 2211 1292 2276; x_wconf 80' lang='grc' dir='ltr'><strong>νουθεσίαις</strong></span> <span class='ocrx_word' id='word_1_329' title='bbox 1333 2212 1689 2285; x_wconf 73' lang='grc' dir='ltr'><strong>ἐπανορθοῦν,</strong></span> <span class='ocrx_word' id='word_1_330' title='bbox 1731 2215 1796 2269; x_wconf 83' lang='grc' dir='ltr'><strong>ἐκ</strong></span> <span class='ocrx_word' id='word_1_331' title='bbox 1829 2215 1884 2269; x_wconf 79' lang='grc' dir='ltr'><strong>δέ</strong></span> 
     </span>
    </p>
   </div>
   <div class='ocr_carea' id='block_1_43' title="bbox 1988 2209 3580 2285">
    <p class='ocr_par' dir='ltr' id='par_1_43' title="bbox 1997 2209 3580 2284">
     <span class='ocr_line' id='line_1_43' title="bbox 1997 2209 3580 2284; baseline -0.004 -15"><span class='ocrx_word' id='word_1_332' title='bbox 1997 2211 2162 2278; x_wconf 82' lang='lat' dir='ltr'><strong>sanit,</strong></span> <span class='ocrx_word' id='word_1_333' title='bbox 2193 2213 2318 2284; x_wconf 78' lang='lat' dir='ltr'><strong>quid</strong></span> <span class='ocrx_word' id='word_1_334' title='bbox 2354 2211 2503 2269; x_wconf 87' lang='lat' dir='ltr'><strong>illum</strong></span> <span class='ocrx_word' id='word_1_335' title='bbox 2545 2214 2744 2269; x_wconf 85' lang='lat' dir='ltr'><strong>auditis</strong></span> <span class='ocrx_word' id='word_1_336' title='bbox 2772 2213 2815 2245; x_wconf 81' lang='grc'><strong>¹⁹</strong></span> <span class='ocrx_word' id='word_1_337' title='bbox 2848 2214 2874 2268; x_wconf 77' lang='grc' dir='ltr'><strong>ῖ</strong></span> <span class='ocrx_word' id='word_1_338' title='bbox 2912 2232 2932 2266; x_wconf 73' lang='grc' dir='ltr'><strong>ι</strong></span> <span class='ocrx_word' id='word_1_339' title='bbox 2993 2211 3181 2281; x_wconf 87' lang='lat' dir='ltr'><strong>Itaque</strong></span> <span class='ocrx_word' id='word_1_340' title='bbox 3215 2209 3340 2281; x_wconf 88' lang='lat' dir='ltr'><strong>quia</strong></span> <span class='ocrx_word' id='word_1_341' title='bbox 3394 2221 3580 2271; x_wconf 89' lang='lat' dir='ltr'><strong>nemo,</strong></span> 
     </span>
    </p>
   </div>
   <div class='ocr_carea' id='block_1_44' title="bbox 297 2301 1884 2378">
    <p class='ocr_par' dir='ltr' id='par_1_44' title="bbox 297 2303 1884 2376">
     <span class='ocr_line' id='line_1_44' title="bbox 297 2303 1884 2376; baseline 0.004 -22"><span class='ocrx_word' id='word_1_342' title='bbox 297 2303 406 2355; x_wconf 85' lang='grc' dir='ltr'><strong>τῶν</strong></span> <span class='ocrx_word' id='word_1_343' title='bbox 440 2303 700 2358; x_wconf 79' lang='grc' dir='ltr'><strong>ἐναντίων</strong></span> <span class='ocrx_word' id='word_1_344' title='bbox 734 2305 825 2358; x_wconf 62' lang='grc' dir='ltr'><strong>καὶ⁷</strong></span> <span class='ocrx_word' id='word_1_345' title='bbox 865 2303 1228 2376; x_wconf 78' lang='grc' dir='ltr'><strong>ἀποκομίζειν</strong></span> <span class='ocrx_word' id='word_1_346' title='bbox 1260 2305 1340 2369; x_wconf 85' lang='grc' dir='ltr'><strong>είς</strong></span> <span class='ocrx_word' id='word_1_347' title='bbox 1376 2305 1654 2360; x_wconf 78' lang='grc' dir='ltr'><strong>ἀπιστίαν.</strong></span> <span class='ocrx_word' id='word_1_348' title='bbox 1687 2305 1884 2361; x_wconf 85' lang='grc' dir='ltr'><strong>Τετολ-</strong></span> 
     </span>
    </p>
   </div>
   <div class='ocr_carea' id='block_1_45' title="bbox 1988 2301 3567 2378">
    <p class='ocr_par' dir='ltr' id='par_1_45' title="bbox 1995 2301 3567 2378">
     <span class='ocr_line' id='line_1_45' title="bbox 1995 2301 3567 2378; baseline -0.006 -17"><span class='ocrx_word' id='word_1_349' title='bbox 1995 2307 2192 2378; x_wconf 88' lang='lat' dir='ltr'><strong>inquit,</strong></span> <span class='ocrx_word' id='word_1_350' title='bbox 2216 2316 2334 2362; x_wconf 74' lang='lat' dir='ltr'><strong>erat</strong></span> <span class='ocrx_word' id='word_1_351' title='bbox 2355 2307 2445 2377; x_wconf 89' lang='lat' dir='ltr'><strong>qui</strong></span> <span class='ocrx_word' id='word_1_352' title='bbox 2476 2315 2844 2370; x_wconf 82' lang='lat' dir='ltr'><strong>succurreret,</strong></span> <span class='ocrx_word' id='word_1_353' title='bbox 2871 2304 2952 2360; x_wconf 86' lang='lat' dir='ltr'><strong>vel</strong></span> <span class='ocrx_word' id='word_1_354' title='bbox 2976 2303 3240 2358; x_wconf 78' lang='lat' dir='ltr'><strong>auxilium</strong></span> <span class='ocrx_word' id='word_1_355' title='bbox 3275 2301 3567 2372; x_wconf 67' lang='lat' dir='ltr'><strong>praeberet.</strong></span> 
     </span>
    </p>
   </div>
   <div class='ocr_carea' id='block_1_46' title="bbox 300 2391 1884 2474">
    <p class='ocr_par' dir='ltr' id='par_1_46' title="bbox 300 2395 1884 2474">
     <span class='ocr_line' id='line_1_46' title="bbox 300 2395 1884 2474; baseline 0.007 -27"><span class='ocrx_word' id='word_1_356' title='bbox 300 2395 510 2466; x_wconf 83' lang='grc' dir='ltr'><strong>μήκασι</strong></span> <span class='ocrx_word' id='word_1_357' title='bbox 541 2397 654 2468; x_wconf 82' lang='grc' dir='ltr'><strong>γάρ</strong></span> <span class='ocrx_word' id='word_1_358' title='bbox 685 2398 861 2452; x_wconf 85' lang='grc' dir='ltr'><strong>εἰπεῖν</strong></span> <span class='ocrx_word' id='word_1_359' title='bbox 897 2399 1026 2470; x_wconf 72' lang='grc' dir='ltr'><strong>περὶ</strong></span> <span class='ocrx_word' id='word_1_360' title='bbox 1059 2399 1157 2453; x_wconf 90' lang='grc' dir='ltr'><strong>τοῦ</strong></span> <span class='ocrx_word' id='word_1_361' title='bbox 1198 2402 1418 2454; x_wconf 89' lang='grc' dir='ltr'><strong>πάντων</strong></span> <span class='ocrx_word' id='word_1_362' title='bbox 1448 2402 1607 2472; x_wconf 84' lang='grc' dir='ltr'><strong>ήμῶν</strong></span> <span class='ocrx_word' id='word_1_363' title='bbox 1638 2403 1884 2474; x_wconf 80' lang='grc' dir='ltr'><strong>Σωτῆρος</strong></span> 
     </span>
    </p>
   </div>
   <div class='ocr_carea' id='block_1_47' title="bbox 1988 2391 3582 2474">
    <p class='ocr_par' dir='ltr' id='par_1_47' title="bbox 1988 2391 3582 2465">
     <span class='ocr_line' id='line_1_47' title="bbox 1988 2391 3582 2465; baseline -0.007 -10"><span class='ocrx_word' id='word_1_364' title='bbox 1988 2402 2236 2456; x_wconf 76' lang='lat' dir='ltr'><strong>servavit</strong></span> <span class='ocrx_word' id='word_1_365' title='bbox 2260 2415 2355 2456; x_wconf 85' lang='lat' dir='ltr'><strong>eos</strong></span> <span class='ocrx_word' id='word_1_366' title='bbox 2371 2401 2654 2455; x_wconf 84' lang='lat' dir='ltr'><strong>brachium</strong></span> <span class='ocrx_word' id='word_1_367' title='bbox 2682 2414 2887 2463; x_wconf 91' lang='lat' dir='ltr'><strong>meum,</strong></span> <span class='ocrx_word' id='word_1_368' title='bbox 2911 2399 2963 2452; x_wconf 92' lang='lat' dir='ltr'><strong>id</strong></span> <span class='ocrx_word' id='word_1_369' title='bbox 3001 2404 3107 2463; x_wconf 85' lang='lat' dir='ltr'><strong>est,</strong></span> <span class='ocrx_word' id='word_1_370' title='bbox 3127 2393 3394 2465; x_wconf 74' lang='lat' dir='ltr'><strong>potentia.</strong></span> <span class='ocrx_word' id='word_1_371' title='bbox 3417 2391 3550 2446; x_wconf 89' lang='lat' dir='ltr'><strong>Com</strong></span> <span class='ocrx_word' id='word_1_372' title='bbox 3567 2419 3582 2430; x_wconf 87' lang='lat'><strong>-</strong></span> 
     </span>
    </p>
   </div>
   <div class='ocr_carea' id='block_1_48' title="bbox 297 2482 1884 2563">
    <p class='ocr_par' dir='ltr' id='par_1_48' title="bbox 297 2485 1884 2562">
     <span class='ocr_line' id='line_1_48' title="bbox 297 2485 1884 2562; baseline 0.006 -23"><span class='ocrx_word' id='word_1_373' title='bbox 297 2485 536 2557; x_wconf 81' lang='grc' dir='ltr'><strong>Χριστοῦ</strong></span> <span class='ocrx_word' id='word_1_374' title='bbox 560 2505 573 2518; x_wconf 88' lang='grc'><strong>·</strong></span> <span class='ocrx_word' id='word_1_375' title='bbox 611 2505 630 2538; x_wconf 76' lang='grc' dir='ltr'><strong>ι</strong></span> <span class='ocrx_word' id='word_1_376' title='bbox 666 2488 860 2552; x_wconf 80' lang='grc' dir='ltr'><strong>Ἡμεῖς</strong></span> <span class='ocrx_word' id='word_1_377' title='bbox 908 2490 1136 2561; x_wconf 73' lang='grc' dir='ltr'><strong>οἴδαμεν</strong></span> <span class='ocrx_word' id='word_1_378' title='bbox 1180 2490 1263 2544; x_wconf 82' lang='grc' dir='ltr'><strong>ὅτι</strong></span> <span class='ocrx_word' id='word_1_379' title='bbox 1295 2493 1487 2545; x_wconf 85' lang='grc' dir='ltr'><strong>Μωσεῖ</strong></span> <span class='ocrx_word' id='word_1_380' title='bbox 1529 2492 1828 2562; x_wconf 82' lang='grc' dir='ltr'><strong>λελάληκεν</strong></span> <span class='ocrx_word' id='word_1_381' title='bbox 1865 2496 1884 2549; x_wconf 73' lang='lat'><strong>6</strong></span> 
     </span>
    </p>
   </div>
   <div class='ocr_carea' id='block_1_49' title="bbox 1988 2482 3581 2563">
    <p class='ocr_par' dir='ltr' id='par_1_49' title="bbox 1988 2482 3581 2563">
     <span class='ocr_line' id='line_1_49' title="bbox 1988 2482 3581 2563; baseline -0.008 -15"><span class='ocrx_word' id='word_1_382' title='bbox 1988 2495 2175 2563; x_wconf 88' lang='lat' dir='ltr'><strong>plures</strong></span> <span class='ocrx_word' id='word_1_383' title='bbox 2225 2495 2396 2558; x_wconf 88' lang='lat' dir='ltr'><strong>enim,</strong></span> <span class='ocrx_word' id='word_1_384' title='bbox 2423 2503 2482 2548; x_wconf 90' lang='lat' dir='ltr'><strong>ut</strong></span> <span class='ocrx_word' id='word_1_385' title='bbox 2530 2492 2666 2557; x_wconf 81' lang='lat' dir='ltr'><strong>dixi,</strong></span> <span class='ocrx_word' id='word_1_386' title='bbox 2701 2507 2769 2547; x_wconf 81' lang='lat' dir='ltr'><strong>ex</strong></span> <span class='ocrx_word' id='word_1_387' title='bbox 2809 2490 3012 2546; x_wconf 68' lang='lat' dir='ltr'><strong>Judazis</strong></span> <span class='ocrx_word' id='word_1_388' title='bbox 3069 2486 3442 2542; x_wconf 86' lang='lat' dir='ltr'><strong>crediderunt.</strong></span> <span class='ocrx_word' id='word_1_389' title='bbox 3476 2482 3581 2548; x_wconf 82' lang='lat' dir='ltr'><strong>Qui</strong></span> 
     </span>
    </p>
   </div>
   <div class='ocr_carea' id='block_1_50' title="bbox 295 2573 1884 2650">
    <p class='ocr_par' dir='ltr' id='par_1_50' title="bbox 295 2573 1884 2650">
     <span class='ocr_line' id='line_1_50' title="bbox 295 2573 1884 2650; baseline 0.008 -25"><span class='ocrx_word' id='word_1_390' title='bbox 295 2573 447 2637; x_wconf 79' lang='grc' dir='ltr'><strong>Θεὸς,</strong></span> <span class='ocrx_word' id='word_1_391' title='bbox 462 2573 653 2628; x_wconf 89' lang='grc' dir='ltr'><strong>τοῦτον</strong></span> <span class='ocrx_word' id='word_1_392' title='bbox 673 2577 730 2630; x_wconf 86' lang='grc' dir='ltr'><strong>δὲ</strong></span> <span class='ocrx_word' id='word_1_393' title='bbox 766 2579 868 2631; x_wconf 85' lang='grc' dir='ltr'><strong>οὐκ</strong></span> <span class='ocrx_word' id='word_1_394' title='bbox 900 2579 1125 2650; x_wconf 78' lang='grc' dir='ltr'><strong>οἴδαμεν</strong></span> <span class='ocrx_word' id='word_1_395' title='bbox 1147 2579 1313 2636; x_wconf 87' lang='grc' dir='ltr'><strong>πόθεν</strong></span> <span class='ocrx_word' id='word_1_396' title='bbox 1339 2582 1509 2634; x_wconf 78' lang='grc' dir='ltr'><strong>ἐστί.»</strong></span> <span class='ocrx_word' id='word_1_397' title='bbox 1545 2582 1656 2635; x_wconf 82' lang='grc' dir='ltr'><strong>Καὶ</strong></span> <span class='ocrx_word' id='word_1_398' title='bbox 1689 2584 1884 2638; x_wconf 88' lang='grc' dir='ltr'><strong>πάλιν·</strong></span> 
     </span>
    </p>
   </div>
   <div class='ocr_carea' id='block_1_51' title="bbox 1988 2573 3580 2650">
    <p class='ocr_par' dir='ltr' id='par_1_51' title="bbox 1990 2574 3580 2648">
     <span class='ocr_line' id='line_1_51' title="bbox 1990 2574 3580 2648; baseline -0.009 -7"><span class='ocrx_word' id='word_1_399' title='bbox 1990 2601 2121 2641; x_wconf 81' lang='lat' dir='ltr'><strong>vero</strong></span> <span class='ocrx_word' id='word_1_400' title='bbox 2151 2585 2408 2640; x_wconf 86' lang='lat' dir='ltr'><strong>nolebant</strong></span> <span class='ocrx_word' id='word_1_401' title='bbox 2437 2597 2761 2640; x_wconf 87' lang='lat' dir='ltr'><strong>succurrere</strong></span> <span class='ocrx_word' id='word_1_402' title='bbox 2790 2597 2909 2648; x_wconf 90' lang='lat' dir='ltr'><strong>eos,</strong></span> <span class='ocrx_word' id='word_1_403' title='bbox 2970 2580 3124 2634; x_wconf 79' lang='lat' dir='ltr'><strong>furor</strong></span> <span class='ocrx_word' id='word_1_404' title='bbox 3153 2591 3309 2632; x_wconf 89' lang='lat' dir='ltr'><strong>meus</strong></span> <span class='ocrx_word' id='word_1_405' title='bbox 3360 2574 3580 2636; x_wconf 83' lang='lat' dir='ltr'><strong>invasit,</strong></span> 
     </span>
    </p>
   </div>
   <div class='ocr_carea' id='block_1_52' title="bbox 253 2665 1884 2748">
    <p class='ocr_par' dir='ltr' id='par_1_52' title="bbox 253 2665 1884 2748">
     <span class='ocr_line' id='line_1_52' title="bbox 253 2665 1884 2748; baseline 0.008 -32"><span class='ocrx_word' id='word_1_406' title='bbox 253 2693 261 2700; x_wconf 94' lang='lat'><strong>-</strong></span> <span class='ocrx_word' id='word_1_407' title='bbox 303 2682 321 2715; x_wconf 78' lang='grc' dir='ltr'><strong>ι</strong></span> <span class='ocrx_word' id='word_1_408' title='bbox 345 2666 631 2736; x_wconf 84' lang='grc' dir='ltr'><strong>Δαιμόνιον</strong></span> <span class='ocrx_word' id='word_1_409' title='bbox 675 2666 791 2738; x_wconf 75' lang='grc' dir='ltr'><strong>ἔχει</strong></span> <span class='ocrx_word' id='word_1_410' title='bbox 834 2665 927 2722; x_wconf 76' lang='grc' dir='ltr'><strong>καὶ</strong></span> <span class='ocrx_word' id='word_1_411' title='bbox 963 2670 1242 2738; x_wconf 86' lang='grc' dir='ltr'><strong>μαίνεται,</strong></span> <span class='ocrx_word' id='word_1_412' title='bbox 1272 2673 1329 2748; x_wconf 72' lang='grc' dir='ltr'><strong>τί</strong></span> <span class='ocrx_word' id='word_1_413' title='bbox 1374 2672 1542 2727; x_wconf 81' lang='grc' dir='ltr'><strong>αὑτοῦ</strong></span> <span class='ocrx_word' id='word_1_414' title='bbox 1574 2675 1802 2728; x_wconf 81' lang='grc' dir='ltr'><strong>ἀκούετε</strong></span> <span class='ocrx_word' id='word_1_415' title='bbox 1826 2695 1839 2742; x_wconf 90' lang='grc'><strong>;</strong></span> <span class='ocrx_word' id='word_1_416' title='bbox 1865 2695 1884 2729; x_wconf 75' lang='grc' dir='ltr'><strong>ι</strong></span> 
     </span>
    </p>
   </div>
   <div class='ocr_carea' id='block_1_53' title="bbox 1988 2665 3582 2748">
    <p class='ocr_par' dir='ltr' id='par_1_53' title="bbox 1991 2669 3582 2748">
     <span class='ocr_line' id='line_1_53' title="bbox 1991 2669 3582 2748; baseline -0.006 -18"><span class='ocrx_word' id='word_1_417' title='bbox 1991 2675 2228 2746; x_wconf 81' lang='lat' dir='ltr'><strong>factique</strong></span> <span class='ocrx_word' id='word_1_418' title='bbox 2258 2683 2386 2748; x_wconf 85' lang='lat' dir='ltr'><strong>sunt</strong></span> <span class='ocrx_word' id='word_1_419' title='bbox 2409 2675 2752 2732; x_wconf 89' lang='lat' dir='ltr'><strong>conculcatio</strong></span> <span class='ocrx_word' id='word_1_420' title='bbox 2781 2675 2900 2730; x_wconf 69' lang='lat' dir='ltr'><strong>iraa.</strong></span> <span class='ocrx_word' id='word_1_421' title='bbox 2947 2672 3072 2726; x_wconf 81' lang='lat' dir='ltr'><strong>Mali</strong></span> <span class='ocrx_word' id='word_1_422' title='bbox 3102 2672 3247 2725; x_wconf 90' lang='lat' dir='ltr'><strong>enim</strong></span> <span class='ocrx_word' id='word_1_423' title='bbox 3273 2669 3415 2722; x_wconf 88' lang='lat' dir='ltr'><strong>male</strong></span> <span class='ocrx_word' id='word_1_424' title='bbox 3449 2681 3582 2736; x_wconf 80' lang='lat' dir='ltr'><strong>per-</strong></span> 
     </span>
    </p>
   </div>
   <div class='ocr_carea' id='block_1_54' title="bbox 294 2746 1884 2839">
    <p class='ocr_par' dir='ltr' id='par_1_54' title="bbox 294 2746 1884 2839">
     <span class='ocr_line' id='line_1_54' title="bbox 294 2746 1884 2839; baseline 0.008 -30"><span class='ocrx_word' id='word_1_425' title='bbox 294 2756 508 2810; x_wconf 77' lang='grc' dir='ltr'><strong>οὐκοῦν</strong></span> <span class='ocrx_word' id='word_1_426' title='bbox 557 2758 854 2831; x_wconf 77' lang='grc' dir='ltr'><strong>ἐπειδήπερ</strong></span> <span class='ocrx_word' id='word_1_427' title='bbox 888 2761 1065 2825; x_wconf 77' lang='grc' dir='ltr'><strong>οὐδεὶς</strong></span> <span class='ocrx_word' id='word_1_428' title='bbox 1103 2757 1207 2834; x_wconf 80' lang='grc' dir='ltr'><strong>ἦν,</strong></span> <span class='ocrx_word' id='word_1_429' title='bbox 1246 2746 1448 2835; x_wconf 69' lang='grc' dir='ltr'><strong>φησιν,</strong></span> <span class='ocrx_word' id='word_1_430' title='bbox 1501 2767 1530 2819; x_wconf 89' lang='lat'><strong>6</strong></span> <span class='ocrx_word' id='word_1_431' title='bbox 1577 2765 1824 2837; x_wconf 79' lang='grc' dir='ltr'><strong>βοηθῶν,</strong></span> <span class='ocrx_word' id='word_1_432' title='bbox 1855 2767 1884 2839; x_wconf 75' lang='grc' dir='ltr'>ἢ</span> 
     </span>
    </p>
   </div>
   <div class='ocr_carea' id='block_1_55' title="bbox 1988 2746 3367 2839">
    <p class='ocr_par' dir='ltr' id='par_1_55' title="bbox 1989 2746 3367 2838">
     <span class='ocr_line' id='line_1_55' title="bbox 1989 2746 3367 2838; baseline -0.006 -15"><span class='ocrx_word' id='word_1_433' title='bbox 1989 2769 2190 2830; x_wconf 87' lang='lat' dir='ltr'><strong>ierunt,</strong></span> <span class='ocrx_word' id='word_1_434' title='bbox 2223 2778 2279 2822; x_wconf 91' lang='lat' dir='ltr'><strong>et</strong></span> <span class='ocrx_word' id='word_1_435' title='bbox 2305 2746 2498 2838; x_wconf 75' lang='lat' dir='ltr'><strong>dignas</strong></span> <span class='ocrx_word' id='word_1_436' title='bbox 2519 2765 2819 2822; x_wconf 87' lang='lat' dir='ltr'><strong>sceleribus</strong></span> <span class='ocrx_word' id='word_1_437' title='bbox 2851 2778 3044 2833; x_wconf 65' lang='lat' dir='ltr'><strong>poenas</strong></span> <span class='ocrx_word' id='word_1_438' title='bbox 3076 2763 3367 2818; x_wconf 89' lang='lat' dir='ltr'><strong>dederunt.</strong></span> 
     </span>
    </p>
   </div>
   <div class='ocr_carea' id='block_1_56' title="bbox 295 2846 3584 2928">
    <p class='ocr_par' dir='ltr' id='par_1_56' title="bbox 295 2846 3584 2928">
     <span class='ocr_line' id='line_1_56' title="bbox 295 2846 3584 2928; baseline 0.005 -28"><span class='ocrx_word' id='word_1_439' title='bbox 295 2846 853 2920; x_wconf 81' lang='grc' dir='ltr'><strong>ἀντιλαμϐανόμενος,</strong></span> <span class='ocrx_word' id='word_1_440' title='bbox 890 2851 1096 2906; x_wconf 85' lang='grc' dir='ltr'><strong>σέσωκε</strong></span> <span class='ocrx_word' id='word_1_441' title='bbox 1136 2853 1234 2923; x_wconf 80' lang='grc' dir='ltr'><strong>μὲν</strong></span> <span class='ocrx_word' id='word_1_442' title='bbox 1263 2854 1508 2919; x_wconf 76' lang='grc' dir='ltr'><strong>ἐκείνους</strong></span> <span class='ocrx_word' id='word_1_443' title='bbox 1535 2858 1566 2910; x_wconf 92' lang='lat'><strong>6</strong></span> <span class='ocrx_word' id='word_1_444' title='bbox 1592 2857 1724 2927; x_wconf 76' lang='grc' dir='ltr'><strong>ἐμὸς</strong></span> <span class='ocrx_word' id='word_1_445' title='bbox 1751 2857 2028 2928; x_wconf 80' lang='grc' dir='ltr'><strong>βραχίων,</strong></span> <span class='ocrx_word' id='word_1_446' title='bbox 2065 2856 2340 2921; x_wconf 81' lang='grc' dir='ltr'><strong>τουτέστι,</strong></span> <span class='ocrx_word' id='word_1_447' title='bbox 2396 2856 2648 2926; x_wconf 82' lang='grc' dir='ltr'><strong>δύναμις,</strong></span> <span class='ocrx_word' id='word_1_448' title='bbox 2723 2855 2969 2908; x_wconf 84' lang='grc' dir='ltr'><strong>πλεῖστοι</strong></span> <span class='ocrx_word' id='word_1_449' title='bbox 3034 2851 3168 2924; x_wconf 81' lang='grc' dir='ltr'><strong>γὰρ,</strong></span> <span class='ocrx_word' id='word_1_450' title='bbox 3211 2850 3288 2914; x_wconf 80' lang='grc' dir='ltr'><strong>ὡς</strong></span> <span class='ocrx_word' id='word_1_451' title='bbox 3323 2849 3484 2921; x_wconf 66' lang='grc' dir='ltr'><strong>ἔφην,</strong></span> <span class='ocrx_word' id='word_1_452' title='bbox 3522 2850 3584 2919; x_wconf 60' lang='grc' dir='ltr'><strong>ἐξ</strong></span> 
     </span>
    </p>
   </div>
   <div class='ocr_carea' id='block_1_57' title="bbox 307 2939 3579 3022">
    <p class='ocr_par' dir='ltr' id='par_1_57' title="bbox 307 2939 3579 3022">
     <span class='ocr_line' id='line_1_57' title="bbox 307 2939 3579 3022; baseline 0.001 -30"><span class='ocrx_word' id='word_1_453' title='bbox 307 2939 578 2994; x_wconf 79' lang='grc' dir='ltr'><strong>Ἰουδαίων</strong></span> <span class='ocrx_word' id='word_1_454' title='bbox 607 2941 1032 2999; x_wconf 76' lang='grc' dir='ltr'><strong>πεπιστεύκασι.</strong></span> <span class='ocrx_word' id='word_1_455' title='bbox 1060 2945 1186 3010; x_wconf 85' lang='grc' dir='ltr'><strong>Τοῖς</strong></span> <span class='ocrx_word' id='word_1_456' title='bbox 1219 2963 1284 3013; x_wconf 90' lang='grc' dir='ltr'><strong>γε</strong></span> <span class='ocrx_word' id='word_1_457' title='bbox 1327 2946 1433 3018; x_wconf 82' lang='grc' dir='ltr'><strong>μὴν</strong></span> <span class='ocrx_word' id='word_1_458' title='bbox 1465 2949 1566 3002; x_wconf 82' lang='grc' dir='ltr'><strong>οῦκ</strong></span> <span class='ocrx_word' id='word_1_459' title='bbox 1594 2949 1886 3021; x_wconf 80' lang='grc' dir='ltr'><strong>ἐθελήσασι</strong></span> <span class='ocrx_word' id='word_1_460' title='bbox 1926 2951 2143 3022; x_wconf 77' lang='grc' dir='ltr'><strong>βοηθεῖν</strong></span> <span class='ocrx_word' id='word_1_461' title='bbox 2172 2952 2201 3003; x_wconf 97' lang='lat'><strong>6</strong></span> <span class='ocrx_word' id='word_1_462' title='bbox 2231 2949 2403 3020; x_wconf 88' lang='grc' dir='ltr'><strong>θυμός</strong></span> <span class='ocrx_word' id='word_1_463' title='bbox 2448 2963 2550 3020; x_wconf 89' lang='grc' dir='ltr'><strong>μου</strong></span> <span class='ocrx_word' id='word_1_464' title='bbox 2597 2949 2826 3020; x_wconf 87' lang='grc' dir='ltr'><strong>ἐπέστη,</strong></span> <span class='ocrx_word' id='word_1_465' title='bbox 2889 2946 3155 3016; x_wconf 88' lang='grc' dir='ltr'><strong>γεγόνασι</strong></span> <span class='ocrx_word' id='word_1_466' title='bbox 3192 2942 3579 3015; x_wconf 85' lang='grc' dir='ltr'><strong>καταπάτημα</strong></span> 
     </span>
    </p>
   </div>
   <div class='ocr_carea' id='block_1_58' title="bbox 292 3027 3026 3114">
    <p class='ocr_par' dir='ltr' id='par_1_58' title="bbox 292 3027 3026 3114">
     <span class='ocr_line' id='line_1_58' title="bbox 292 3027 3026 3114; baseline 0.003 -29"><span class='ocrx_word' id='word_1_467' title='bbox 292 3027 392 3101; x_wconf 65' lang='grc' dir='ltr'><strong>τῆς</strong></span> <span class='ocrx_word' id='word_1_468' title='bbox 427 3032 614 3105; x_wconf 81' lang='grc' dir='ltr'><strong>ὀργῆς.</strong></span> <span class='ocrx_word' id='word_1_469' title='bbox 640 3034 820 3087; x_wconf 76' lang='lat' dir='ltr'><strong>Kain</strong></span> <span class='ocrx_word' id='word_1_470' title='bbox 845 3035 955 3107; x_wconf 87' lang='grc' dir='ltr'><strong>γὰρ</strong></span> <span class='ocrx_word' id='word_1_471' title='bbox 982 3035 1172 3100; x_wconf 84' lang='grc' dir='ltr'><strong>κακῶς</strong></span> <span class='ocrx_word' id='word_1_472' title='bbox 1212 3035 1522 3102; x_wconf 84' lang='grc' dir='ltr'><strong>διολώλασι,</strong></span> <span class='ocrx_word' id='word_1_473' title='bbox 1551 3041 1644 3093; x_wconf 71' lang='grc' dir='ltr'><strong>καὶ</strong></span> <span class='ocrx_word' id='word_1_474' title='bbox 1673 3041 1998 3114; x_wconf 78' lang='grc' dir='ltr'><strong>ἰσορρόπους</strong></span> <span class='ocrx_word' id='word_1_475' title='bbox 2031 3044 2148 3106; x_wconf 89' lang='grc' dir='ltr'><strong>τοῖς</strong></span> <span class='ocrx_word' id='word_1_476' title='bbox 2180 3040 2502 3111; x_wconf 76' lang='grc' dir='ltr'><strong>αἰτιάμασιν</strong></span> <span class='ocrx_word' id='word_1_477' title='bbox 2529 3039 2820 3111; x_wconf 74' lang='grc' dir='ltr'><strong>ἐξῄτηνται</strong></span> <span class='ocrx_word' id='word_1_478' title='bbox 2849 3038 3026 3103; x_wconf 86' lang='grc' dir='ltr'><strong>δίκας.</strong></span> 
     </span>
    </p>
   </div>
   <div class='ocr_carea' id='block_1_59' title="bbox 370 3124 1884 3200">
    <p class='ocr_par' dir='ltr' id='par_1_59' title="bbox 370 3124 1879 3198">
     <span class='ocr_line' id='line_1_59' title="bbox 370 3124 1879 3198; baseline 0.006 -20"><span class='ocrx_word' id='word_1_479' title='bbox 370 3124 485 3178; x_wconf 78' lang='grc' dir='ltr'><em>Τὸν</em></span> <span class='ocrx_word' id='word_1_480' title='bbox 525 3125 704 3180; x_wconf 67' lang='grc' dir='ltr'><strong>ἔλεον</strong></span> <span class='ocrx_word' id='word_1_481' title='bbox 734 3128 957 3194; x_wconf 78' lang='grc' dir='ltr'><strong>Κυρίου</strong></span> <span class='ocrx_word' id='word_1_482' title='bbox 996 3126 1331 3196; x_wconf 78' lang='grc' dir='ltr'><strong>ἐμνήσθην,</strong></span> <span class='ocrx_word' id='word_1_483' title='bbox 1374 3129 1480 3195; x_wconf 84' lang='grc' dir='ltr'><strong>τὰς</strong></span> <span class='ocrx_word' id='word_1_484' title='bbox 1511 3131 1726 3198; x_wconf 78' lang='grc' dir='ltr'><strong>ἀρετὰς</strong></span> <span class='ocrx_word' id='word_1_485' title='bbox 1766 3136 1879 3186; x_wconf 81' lang='lat' dir='ltr'><strong>Kv-</strong></span> 
     </span>
    </p>
   </div>
   <div class='ocr_carea' id='block_1_60' title="bbox 1988 3124 3579 3200">
    <p class='ocr_par' dir='ltr' id='par_1_60' title="bbox 2059 3126 3579 3188">
     <span class='ocr_line' id='line_1_60' title="bbox 2059 3126 3579 3188; baseline -0.005 -2"><span class='ocrx_word' id='word_1_486' title='bbox 2059 3131 2222 3186; x_wconf 71' lang='lat' dir='ltr'><strong>Vnus.</strong></span> <span class='ocrx_word' id='word_1_487' title='bbox 2259 3131 2314 3184; x_wconf 91' lang='lat'><strong>7.</strong></span> <span class='ocrx_word' id='word_1_488' title='bbox 2380 3129 2764 3184; x_wconf 70' lang='lat' dir='ltr'><strong>Misericordia:</strong></span> <span class='ocrx_word' id='word_1_489' title='bbox 2817 3129 3034 3183; x_wconf 84' lang='lat' dir='ltr'><strong>Domini</strong></span> <span class='ocrx_word' id='word_1_490' title='bbox 3086 3126 3394 3182; x_wconf 75' lang='lat' dir='ltr'><strong>recordatus</strong></span> <span class='ocrx_word' id='word_1_491' title='bbox 3438 3141 3579 3188; x_wconf 76' lang='lat' dir='ltr'><strong>sunt,</strong></span> 
     </span>
    </p>
   </div>
   <div class='ocr_carea' id='block_1_61' title="bbox 291 3209 1881 3290">
    <p class='ocr_par' dir='ltr' id='par_1_61' title="bbox 291 3209 1881 3290">
     <span class='ocr_line' id='line_1_61' title="bbox 291 3209 1881 3290; baseline 0.005 -21"><span class='ocrx_word' id='word_1_492' title='bbox 291 3232 424 3284; x_wconf 84' lang='grc' dir='ltr'><strong>ριου</strong></span> <span class='ocrx_word' id='word_1_493' title='bbox 452 3216 523 3269; x_wconf 84' lang='grc' dir='ltr'><strong>ἐν</strong></span> <span class='ocrx_word' id='word_1_494' title='bbox 555 3215 766 3282; x_wconf 78' lang='grc' dir='ltr'><strong>πᾶσιν,</strong></span> <span class='ocrx_word' id='word_1_495' title='bbox 800 3212 892 3282; x_wconf 76' lang='grc' dir='ltr'><strong>οῖς</strong></span> <span class='ocrx_word' id='word_1_496' title='bbox 929 3219 964 3270; x_wconf 83' lang='grc' dir='ltr'><em>ὀ</em></span> <span class='ocrx_word' id='word_1_497' title='bbox 994 3209 1208 3286; x_wconf 70' lang='grc' dir='ltr'><strong>Κύριος</strong></span> <span class='ocrx_word' id='word_1_498' title='bbox 1238 3219 1384 3290; x_wconf 73' lang='grc' dir='ltr'><strong>ἡμῖν</strong></span> <span class='ocrx_word' id='word_1_499' title='bbox 1413 3222 1881 3278; x_wconf 77' lang='grc' dir='ltr'><strong>ἀνταποδίδωσι.</strong></span> 
     </span>
    </p>
   </div>
   <div class='ocr_carea' id='block_1_62' title="bbox 296 3306 1882 3384">
    <p class='ocr_par' dir='ltr' id='par_1_62' title="bbox 296 3306 1882 3384">
     <span class='ocr_line' id='line_1_62' title="bbox 296 3306 1882 3384; baseline 0.006 -26"><span class='ocrx_word' id='word_1_500' title='bbox 296 3307 512 3374; x_wconf 80' lang='grc' dir='ltr'><strong>Κύριος</strong></span> <span class='ocrx_word' id='word_1_501' title='bbox 554 3306 762 3375; x_wconf 77' lang='grc' dir='ltr'><strong>κριτὴς</strong></span> <span class='ocrx_word' id='word_1_502' title='bbox 802 3307 1026 3376; x_wconf 74' lang='grc' dir='ltr'><strong>ἀγαθὸς</strong></span> <span class='ocrx_word' id='word_1_503' title='bbox 1065 3306 1146 3374; x_wconf 81' lang='grc' dir='ltr'><strong>τῷ</strong></span> <span class='ocrx_word' id='word_1_504' title='bbox 1187 3311 1332 3375; x_wconf 78' lang='grc' dir='ltr'><strong>οἴκῳ</strong></span> <span class='ocrx_word' id='word_1_505' title='bbox 1373 3312 1639 3381; x_wconf 80' lang='grc' dir='ltr'><strong>Ἰσραὴλ,</strong></span> <span class='ocrx_word' id='word_1_506' title='bbox 1674 3313 1882 3384; x_wconf 78' lang='grc' dir='ltr'><strong>ἐπάγει</strong></span> 
     </span>
    </p>
   </div>
   <div class='ocr_carea' id='block_1_63' title="bbox 294 3396 1883 3473">
    <p class='ocr_par' dir='ltr' id='par_1_63' title="bbox 294 3396 1883 3473">
     <span class='ocr_line' id='line_1_63' title="bbox 294 3396 1883 3473; baseline 0.006 -23"><span class='ocrx_word' id='word_1_507' title='bbox 294 3397 441 3466; x_wconf 74' lang='grc' dir='ltr'><strong>ἡμῖν</strong></span> <span class='ocrx_word' id='word_1_508' title='bbox 470 3396 570 3451; x_wconf 77' lang='grc' dir='ltr'><strong>καὶ</strong></span> <span class='ocrx_word' id='word_1_509' title='bbox 591 3399 741 3451; x_wconf 84' lang='grc' dir='ltr'><strong>κατὰ</strong></span> <span class='ocrx_word' id='word_1_510' title='bbox 762 3397 1031 3465; x_wconf 79' lang='grc' dir='ltr'><strong>τὸ’ἕλεος</strong></span> <span class='ocrx_word' id='word_1_511' title='bbox 1059 3400 1268 3464; x_wconf 80' lang='grc' dir='ltr'><strong>αὐτοῦ,</strong></span> <span class='ocrx_word' id='word_1_512' title='bbox 1300 3401 1398 3455; x_wconf 75' lang='grc' dir='ltr'><strong>καὶ</strong></span> <span class='ocrx_word' id='word_1_513' title='bbox 1439 3403 1590 3458; x_wconf 82' lang='grc' dir='ltr'><strong>κατὰ</strong></span> <span class='ocrx_word' id='word_1_514' title='bbox 1621 3404 1686 3457; x_wconf 86' lang='grc' dir='ltr'><strong>τὸ</strong></span> <span class='ocrx_word' id='word_1_515' title='bbox 1726 3404 1883 3473; x_wconf 79' lang='grc' dir='ltr'><strong>π.ιῆ-</strong></span> 
     </span>
    </p>
   </div>
   <div class='ocr_carea' id='block_1_64' title="bbox 293 3490 1178 3559">
    <p class='ocr_par' dir='ltr' id='par_1_64' title="bbox 293 3490 1178 3559">
     <span class='ocr_line' id='line_1_64' title="bbox 293 3490 1178 3559; baseline 0.001 -14"><span class='ocrx_word' id='word_1_516' title='bbox 293 3495 397 3558; x_wconf 79' lang='grc' dir='ltr'><strong>οος</strong></span> <span class='ocrx_word' id='word_1_517' title='bbox 422 3490 531 3559; x_wconf 79' lang='grc' dir='ltr'><strong>τῆς</strong></span> <span class='ocrx_word' id='word_1_518' title='bbox 560 3490 951 3557; x_wconf 80' lang='grc' dir='ltr'><strong>δικαιοσύνης</strong></span> <span class='ocrx_word' id='word_1_519' title='bbox 971 3490 1178 3546; x_wconf 82' lang='grc' dir='ltr'><strong>αὑτοῦ.</strong></span> 
     </span>
    </p>
   </div>
   <div class='ocr_carea' id='block_1_65' title="bbox 363 3579 1884 3655">
    <p class='ocr_par' dir='ltr' id='par_1_65' title="bbox 363 3579 1884 3655">
     <span class='ocr_line' id='line_1_65' title="bbox 363 3579 1884 3655; baseline 0.002 -21"><span class='ocrx_word' id='word_1_520' title='bbox 363 3580 500 3634; x_wconf 84' lang='grc' dir='ltr'><strong>Θεοῦ</strong></span> <span class='ocrx_word' id='word_1_521' title='bbox 542 3580 796 3648; x_wconf 78' lang='grc' dir='ltr'><strong>λέγοντος</strong></span> <span class='ocrx_word' id='word_1_522' title='bbox 834 3580 912 3643; x_wconf 86' lang='grc' dir='ltr'><strong>ὼς</strong></span> <span class='ocrx_word' id='word_1_523' title='bbox 943 3579 1145 3650; x_wconf 87' lang='grc' dir='ltr'><strong>ἐπέστη</strong></span> <span class='ocrx_word' id='word_1_524' title='bbox 1191 3581 1292 3652; x_wconf 79' lang='grc' dir='ltr'><strong>μὲν</strong></span> <span class='ocrx_word' id='word_1_525' title='bbox 1322 3585 1434 3646; x_wconf 80' lang='grc' dir='ltr'><strong>τοῖς</strong></span> <span class='ocrx_word' id='word_1_526' title='bbox 1463 3583 1825 3655; x_wconf 75' lang='grc' dir='ltr'><strong>ἀπειθήσασιν</strong></span> <span class='ocrx_word' id='word_1_527' title='bbox 1854 3585 1884 3636; x_wconf 90' lang='lat'><strong>6</strong></span> 
     </span>
    </p>
   </div>
   <div class='ocr_carea' id='block_1_66' title="bbox 294 3672 1882 3746">
    <p class='ocr_par' dir='ltr' id='par_1_66' title="bbox 294 3672 1882 3746">
     <span class='ocr_line' id='line_1_66' title="bbox 294 3672 1882 3746; baseline 0.003 -21"><span class='ocrx_word' id='word_1_528' title='bbox 294 3674 487 3745; x_wconf 73' lang='grc' dir='ltr'><strong>θυμδς,</strong></span> <span class='ocrx_word' id='word_1_529' title='bbox 531 3673 878 3743; x_wconf 83' lang='grc' dir='ltr'><strong>κατεπάτησε</strong></span> <span class='ocrx_word' id='word_1_530' title='bbox 921 3672 980 3726; x_wconf 83' lang='grc' dir='ltr'><strong>δέ</strong></span> <span class='ocrx_word' id='word_1_531' title='bbox 1032 3673 1232 3738; x_wconf 76' lang='grc' dir='ltr'><strong>αὐτοὺς</strong></span> <span class='ocrx_word' id='word_1_532' title='bbox 1261 3676 1294 3745; x_wconf 86' lang='grc' dir='ltr'><strong>ἡ</strong></span> <span class='ocrx_word' id='word_1_533' title='bbox 1319 3675 1478 3746; x_wconf 81' lang='grc' dir='ltr'><strong>ὀργὴ,</strong></span> <span class='ocrx_word' id='word_1_534' title='bbox 1511 3677 1605 3730; x_wconf 70' lang='grc' dir='ltr'><strong>καὶ</strong></span> <span class='ocrx_word' id='word_1_535' title='bbox 1631 3677 1713 3730; x_wconf 81' lang='grc' dir='ltr'><strong>ὅτι</strong></span> <span class='ocrx_word' id='word_1_536' title='bbox 1747 3692 1882 3730; x_wconf 87' lang='grc' dir='ltr'><strong>κατ-</strong></span> 
     </span>
    </p>
   </div>
   <div class='ocr_carea' id='block_1_67' title="bbox 293 3760 1880 3840">
    <p class='ocr_par' dir='ltr' id='par_1_67' title="bbox 293 3760 1880 3840">
     <span class='ocr_line' id='line_1_67' title="bbox 293 3760 1880 3840; baseline 0.003 -22"><span class='ocrx_word' id='word_1_537' title='bbox 293 3765 560 3836; x_wconf 84' lang='grc' dir='ltr'><strong>εκομίσθη</strong></span> <span class='ocrx_word' id='word_1_538' title='bbox 591 3765 653 3819; x_wconf 83' lang='grc' dir='ltr'><strong>τὺ</strong></span> <span class='ocrx_word' id='word_1_539' title='bbox 679 3760 816 3836; x_wconf 72' lang='grc' dir='ltr'><strong>αἷμα</strong></span> <span class='ocrx_word' id='word_1_540' title='bbox 848 3765 1026 3819; x_wconf 81' lang='grc' dir='ltr'><strong>αὐτῶν</strong></span> <span class='ocrx_word' id='word_1_541' title='bbox 1053 3767 1134 3829; x_wconf 88' lang='grc' dir='ltr'><strong>είς</strong></span> <span class='ocrx_word' id='word_1_542' title='bbox 1161 3766 1282 3837; x_wconf 83' lang='grc' dir='ltr'><strong>γῆν,</strong></span> <span class='ocrx_word' id='word_1_543' title='bbox 1312 3767 1399 3820; x_wconf 86' lang='grc' dir='ltr'><strong>διά</strong></span> <span class='ocrx_word' id='word_1_544' title='bbox 1437 3768 1602 3839; x_wconf 82' lang='grc' dir='ltr'><strong>μέσου</strong></span> <span class='ocrx_word' id='word_1_545' title='bbox 1632 3768 1880 3840; x_wconf 81' lang='grc' dir='ltr'><strong>κεχώρη-</strong></span> 
     </span>
    </p>
   </div>
   <div class='ocr_carea' id='block_1_68' title="bbox 293 3857 1881 3932">
    <p class='ocr_par' dir='ltr' id='par_1_68' title="bbox 293 3857 1881 3932">
     <span class='ocr_line' id='line_1_68' title="bbox 293 3857 1881 3932; baseline 0.002 -19"><span class='ocrx_word' id='word_1_546' title='bbox 293 3877 392 3913; x_wconf 86' lang='grc' dir='ltr'><strong>κεν</strong></span> <span class='ocrx_word' id='word_1_547' title='bbox 423 3861 451 3914; x_wconf 90' lang='grc' dir='ltr'><strong>ό</strong></span> <span class='ocrx_word' id='word_1_548' title='bbox 479 3861 791 3931; x_wconf 83' lang='grc' dir='ltr'><strong>προφήτης,</strong></span> <span class='ocrx_word' id='word_1_549' title='bbox 815 3860 910 3913; x_wconf 72' lang='grc' dir='ltr'><strong>καὶ</strong></span> <span class='ocrx_word' id='word_1_550' title='bbox 939 3857 1344 3927; x_wconf 83' lang='grc' dir='ltr'><strong>ἀπογινώσκειν</strong></span> <span class='ocrx_word' id='word_1_551' title='bbox 1370 3861 1470 3914; x_wconf 82' lang='grc' dir='ltr'><strong>οὒκ</strong></span> <span class='ocrx_word' id='word_1_552' title='bbox 1504 3863 1568 3932; x_wconf 78' lang='grc' dir='ltr'><strong>ἐᾷ</strong></span> <span class='ocrx_word' id='word_1_553' title='bbox 1597 3863 1724 3925; x_wconf 77' lang='grc' dir='ltr'><strong>τοὺς</strong></span> <span class='ocrx_word' id='word_1_554' title='bbox 1757 3861 1881 3916; x_wconf 83' lang='grc' dir='ltr'><strong>καθ’</strong></span> 
     </span>
    </p>
   </div>
   <div class='ocr_carea' id='block_1_69' title="bbox 292 3947 1877 4025">
    <p class='ocr_par' dir='ltr' id='par_1_69' title="bbox 292 3947 1877 4025">
     <span class='ocr_line' id='line_1_69' title="bbox 292 3947 1877 4025; baseline 0.001 -18"><span class='ocrx_word' id='word_1_555' title='bbox 292 3947 368 4007; x_wconf 79' lang='grc' dir='ltr'><strong>ὧν</strong></span> <span class='ocrx_word' id='word_1_556' title='bbox 397 3953 446 4006; x_wconf 79' lang='grc' dir='ltr'><strong>οἱ</strong></span> <span class='ocrx_word' id='word_1_557' title='bbox 477 3951 645 4020; x_wconf 85' lang='grc' dir='ltr'><strong>λόγοι,</strong></span> <span class='ocrx_word' id='word_1_558' title='bbox 682 3951 894 4021; x_wconf 81' lang='grc' dir='ltr'><strong>μέτεισι</strong></span> <span class='ocrx_word' id='word_1_559' title='bbox 918 3951 976 4005; x_wconf 83' lang='grc' dir='ltr'><strong>δέ</strong></span> <span class='ocrx_word' id='word_1_560' title='bbox 1003 3951 1064 4005; x_wconf 83' lang='grc' dir='ltr'><strong>τὸ</strong></span> <span class='ocrx_word' id='word_1_561' title='bbox 1087 3952 1297 4024; x_wconf 79' lang='grc' dir='ltr'><strong>χρῆμα,</strong></span> <span class='ocrx_word' id='word_1_562' title='bbox 1323 3953 1417 4006; x_wconf 77' lang='grc' dir='ltr'><strong>καὶ</strong></span> <span class='ocrx_word' id='word_1_563' title='bbox 1449 3953 1570 4006; x_wconf 88' lang='grc' dir='ltr'><strong>λίαν</strong></span> <span class='ocrx_word' id='word_1_564' title='bbox 1589 3953 1877 4025; x_wconf 81' lang='grc' dir='ltr'><strong>εὐτέχνως.</strong></span> 
     </span>
    </p>
   </div>
   <div class='ocr_carea' id='block_1_70' title="bbox 304 4042 1881 4115">
    <p class='ocr_par' dir='ltr' id='par_1_70' title="bbox 304 4042 1881 4115">
     <span class='ocr_line' id='line_1_70' title="bbox 304 4042 1881 4115; baseline 0.001 -18"><span class='ocrx_word' id='word_1_565' title='bbox 304 4043 616 4115; x_wconf 83' lang='grc' dir='ltr'><strong>Ἐμνήσθην</strong></span> <span class='ocrx_word' id='word_1_566' title='bbox 668 4042 798 4112; x_wconf 84' lang='grc' dir='ltr'><strong>γὰρ,</strong></span> <span class='ocrx_word' id='word_1_567' title='bbox 829 4043 984 4113; x_wconf 81' lang='grc' dir='ltr'><strong>φησί,</strong></span> <span class='ocrx_word' id='word_1_568' title='bbox 1013 4045 1134 4096; x_wconf 86' lang='grc' dir='ltr'><strong>κατ’</strong></span> <span class='ocrx_word' id='word_1_569' title='bbox 1188 4044 1444 4114; x_wconf 76' lang='grc' dir='ltr'><strong>ἐμαυτὸν,</strong></span> <span class='ocrx_word' id='word_1_570' title='bbox 1495 4044 1568 4107; x_wconf 82' lang='grc' dir='ltr'><strong>ὡς</strong></span> <span class='ocrx_word' id='word_1_571' title='bbox 1602 4044 1749 4098; x_wconf 80' lang='grc' dir='ltr'><strong>ἐστιν</strong></span> <span class='ocrx_word' id='word_1_572' title='bbox 1782 4046 1881 4099; x_wconf 86' lang='grc' dir='ltr'><strong>οῦκ</strong></span> 
     </span>
    </p>
   </div>
   <div class='ocr_carea' id='block_1_71' title="bbox 291 4129 1882 4206">
    <p class='ocr_par' dir='ltr' id='par_1_71' title="bbox 291 4129 1882 4206">
     <span class='ocr_line' id='line_1_71' title="bbox 291 4129 1882 4206; baseline -0.001 -16"><span class='ocrx_word' id='word_1_573' title='bbox 291 4135 505 4206; x_wconf 78' lang='grc' dir='ltr'><strong>ἀπηνὴς</strong></span> <span class='ocrx_word' id='word_1_574' title='bbox 529 4133 686 4188; x_wconf 84' lang='grc' dir='ltr'><strong>ὁτῶν</strong></span> <span class='ocrx_word' id='word_1_575' title='bbox 717 4135 854 4187; x_wconf 82' lang='grc' dir='ltr'><strong>ὃλων</strong></span> <span class='ocrx_word' id='word_1_576' title='bbox 903 4133 1118 4204; x_wconf 87' lang='grc' dir='ltr'><strong>κριτής.</strong></span> <span class='ocrx_word' id='word_1_577' title='bbox 1155 4129 1286 4187; x_wconf 79' lang='grc' dir='ltr'><strong>Οἶδα</strong></span> <span class='ocrx_word' id='word_1_578' title='bbox 1330 4133 1437 4205; x_wconf 83' lang='grc' dir='ltr'><strong>γάρ</strong></span> <span class='ocrx_word' id='word_1_579' title='bbox 1470 4134 1562 4188; x_wconf 83' lang='grc' dir='ltr'><strong>τὸν</strong></span> <span class='ocrx_word' id='word_1_580' title='bbox 1601 4134 1750 4189; x_wconf 78' lang='grc' dir='ltr'><strong>ἔλεον</strong></span> <span class='ocrx_word' id='word_1_581' title='bbox 1790 4137 1882 4189; x_wconf 73' lang='grc' dir='ltr'><strong>καὶ</strong></span> 
     </span>
    </p>
   </div>
   <div class='ocr_carea' id='block_1_72' title="bbox 291 4225 1877 4299">
    <p class='ocr_par' dir='ltr' id='par_1_72' title="bbox 291 4225 1877 4299">
     <span class='ocr_line' id='line_1_72' title="bbox 291 4225 1877 4299; baseline -0.001 -17"><span class='ocrx_word' id='word_1_582' title='bbox 291 4226 389 4292; x_wconf 84' lang='grc' dir='ltr'><strong>τὰς</strong></span> <span class='ocrx_word' id='word_1_583' title='bbox 413 4227 613 4299; x_wconf 84' lang='grc' dir='ltr'><strong>ἀρετάς</strong></span> <span class='ocrx_word' id='word_1_584' title='bbox 629 4226 819 4292; x_wconf 73' lang='grc' dir='ltr'><strong>αὐτοῦ,</strong></span> <span class='ocrx_word' id='word_1_585' title='bbox 843 4225 1115 4289; x_wconf 84' lang='grc' dir='ltr'><strong>τουτέστι,</strong></span> <span class='ocrx_word' id='word_1_586' title='bbox 1143 4225 1243 4290; x_wconf 86' lang='grc' dir='ltr'><strong>τάς</strong></span> <span class='ocrx_word' id='word_1_587' title='bbox 1265 4227 1584 4291; x_wconf 85' lang='grc' dir='ltr'><strong>δυναστείας</strong></span> <span class='ocrx_word' id='word_1_588' title='bbox 1609 4229 1666 4281; x_wconf 90' lang='grc' dir='ltr'><strong>ἐν</strong></span> <span class='ocrx_word' id='word_1_589' title='bbox 1695 4230 1877 4294; x_wconf 83' lang='grc' dir='ltr'><strong>πᾶσιν,</strong></span> 
     </span>
    </p>
   </div>
   <div class='ocr_carea' id='block_1_73' title="bbox 290 4315 1876 4393">
    <p class='ocr_par' dir='ltr' id='par_1_73' title="bbox 290 4315 1876 4393">
     <span class='ocr_line' id='line_1_73' title="bbox 290 4315 1876 4393; baseline 0.003 -21"><span class='ocrx_word' id='word_1_590' title='bbox 290 4315 372 4382; x_wconf 71' lang='grc' dir='ltr'><strong>οἷς</strong></span> <span class='ocrx_word' id='word_1_591' title='bbox 420 4319 844 4373; x_wconf 83' lang='grc' dir='ltr'><strong>ἀνταποδίδωσιν</strong></span> <span class='ocrx_word' id='word_1_592' title='bbox 883 4321 1034 4391; x_wconf 78' lang='grc' dir='ltr'><strong>ἡμῖν.</strong></span> <span class='ocrx_word' id='word_1_593' title='bbox 1082 4321 1144 4372; x_wconf 81' lang='lat' dir='ltr'><strong>Ei</strong></span> <span class='ocrx_word' id='word_1_594' title='bbox 1184 4320 1292 4392; x_wconf 87' lang='grc' dir='ltr'><strong>γάρ</strong></span> <span class='ocrx_word' id='word_1_595' title='bbox 1341 4321 1434 4375; x_wconf 79' lang='grc' dir='ltr'><strong>καὶ</strong></span> <span class='ocrx_word' id='word_1_596' title='bbox 1472 4321 1876 4393; x_wconf 83' lang='grc' dir='ltr'><strong>ἀπέστραπται,</strong></span> 
     </span>
    </p>
   </div>
   <div class='ocr_carea' id='block_1_74' title="bbox 291 4409 1880 4485">
    <p class='ocr_par' dir='ltr' id='par_1_74' title="bbox 291 4409 1880 4485">
     <span class='ocr_line' id='line_1_74' title="bbox 291 4409 1880 4485; baseline 0.004 -24"><span class='ocrx_word' id='word_1_597' title='bbox 291 4409 449 4481; x_wconf 68' lang='grc' dir='ltr'><strong>φησι,</strong></span> <span class='ocrx_word' id='word_1_598' title='bbox 490 4411 928 4481; x_wconf 80' lang='grc' dir='ltr'><strong>πεπαρῳνηκότα</strong></span> <span class='ocrx_word' id='word_1_599' title='bbox 950 4411 1039 4466; x_wconf 76' lang='grc' dir='ltr'><strong>τὸν</strong></span> <span class='ocrx_word' id='word_1_600' title='bbox 1079 4410 1318 4483; x_wconf 79' lang='grc' dir='ltr'><strong>Ἰσραὴλ,</strong></span> <span class='ocrx_word' id='word_1_601' title='bbox 1359 4411 1452 4466; x_wconf 76' lang='grc' dir='ltr'><strong>καὶ</strong></span> <span class='ocrx_word' id='word_1_602' title='bbox 1478 4411 1722 4466; x_wconf 88' lang='grc' dir='ltr'><strong>ἀπειθεῖν</strong></span> <span class='ocrx_word' id='word_1_603' title='bbox 1750 4415 1880 4485; x_wconf 72' lang='grc' dir='ltr'><strong>ᾑρη-</strong></span> 
     </span>
    </p>
   </div>
   <div class='ocr_carea' id='block_1_75' title="bbox 1989 3217 3580 3289">
    <p class='ocr_par' dir='ltr' id='par_1_75' title="bbox 1989 3217 3580 3289">
     <span class='ocr_line' id='line_1_75' title="bbox 1989 3217 3580 3289; baseline -0.003 -13"><span class='ocrx_word' id='word_1_604' title='bbox 1989 3223 2238 3276; x_wconf 80' lang='lat' dir='ltr'><strong>virtutum</strong></span> <span class='ocrx_word' id='word_1_605' title='bbox 2280 3220 2525 3283; x_wconf 82' lang='lat' dir='ltr'><strong>Domini,</strong></span> <span class='ocrx_word' id='word_1_606' title='bbox 2569 3221 2625 3274; x_wconf 90' lang='lat' dir='ltr'><strong>in</strong></span> <span class='ocrx_word' id='word_1_607' title='bbox 2668 3220 2908 3274; x_wconf 79' lang='lat' dir='ltr'><strong>omnibus</strong></span> <span class='ocrx_word' id='word_1_608' title='bbox 2955 3234 3074 3289; x_wconf 75' lang='lat' dir='ltr'><strong>qua:</strong></span> <span class='ocrx_word' id='word_1_609' title='bbox 3125 3218 3273 3272; x_wconf 80' lang='lat' dir='ltr'><strong>nobis</strong></span> <span class='ocrx_word' id='word_1_610' title='bbox 3315 3217 3580 3272; x_wconf 83' lang='lat' dir='ltr'><strong>retribuit.</strong></span> 
     </span>
    </p>
   </div>
   <div class='ocr_carea' id='block_1_76' title="bbox 1993 3308 3580 3380">
    <p class='ocr_par' dir='ltr' id='par_1_76' title="bbox 1993 3308 3580 3380">
     <span class='ocr_line' id='line_1_76' title="bbox 1993 3308 3580 3380; baseline -0.001 -14"><span class='ocrx_word' id='word_1_611' title='bbox 1993 3311 2247 3366; x_wconf 73' lang='lat' dir='ltr'><strong>Dominus</strong></span> <span class='ocrx_word' id='word_1_612' title='bbox 2307 3311 2478 3380; x_wconf 80' lang='lat' dir='ltr'><strong>judea:</strong></span> <span class='ocrx_word' id='word_1_613' title='bbox 2532 3309 2696 3365; x_wconf 83' lang='lat' dir='ltr'><strong>bonus</strong></span> <span class='ocrx_word' id='word_1_614' title='bbox 2729 3311 2912 3363; x_wconf 75' lang='lat' dir='ltr'><strong>domui</strong></span> <span class='ocrx_word' id='word_1_615' title='bbox 2955 3308 3130 3364; x_wconf 80' lang='lat' dir='ltr'><strong>Israel</strong></span> <span class='ocrx_word' id='word_1_616' title='bbox 3187 3311 3404 3364; x_wconf 72' lang='lat' dir='ltr'><strong>adducit</strong></span> <span class='ocrx_word' id='word_1_617' title='bbox 3432 3309 3580 3365; x_wconf 76' lang='lat' dir='ltr'><strong>nobis</strong></span> 
     </span>
    </p>
   </div>
   <div class='ocr_carea' id='block_1_77' title="bbox 1984 3397 3579 3472">
    <p class='ocr_par' dir='ltr' id='par_1_77' title="bbox 1984 3397 3579 3472">
     <span class='ocr_line' id='line_1_77' title="bbox 1984 3397 3579 3472; baseline -0.003 -13"><span class='ocrx_word' id='word_1_618' title='bbox 1984 3406 2274 3459; x_wconf 73' lang='lat' dir='ltr'><strong>secundum</strong></span> <span class='ocrx_word' id='word_1_619' title='bbox 2330 3397 2748 3457; x_wconf 80' lang='lat' dir='ltr'><strong>misericordiam</strong></span> <span class='ocrx_word' id='word_1_620' title='bbox 2817 3402 2989 3472; x_wconf 74' lang='lat'><strong>880</strong></span> <span class='ocrx_word' id='word_1_621' title='bbox 3014 3417 3188 3469; x_wconf 79' lang='lat' dir='ltr'><strong>suam,</strong></span> <span class='ocrx_word' id='word_1_622' title='bbox 3215 3413 3264 3456; x_wconf 89' lang='lat' dir='ltr'><strong>et</strong></span> <span class='ocrx_word' id='word_1_623' title='bbox 3291 3402 3579 3457; x_wconf 80' lang='lat' dir='ltr'><strong>secundum</strong></span> 
     </span>
    </p>
   </div>
   <div class='ocr_carea' id='block_1_78' title="bbox 1986 3491 3559 3559">
    <p class='ocr_par' dir='ltr' id='par_1_78' title="bbox 1986 3491 3559 3559">
     <span class='ocr_line' id='line_1_78' title="bbox 1986 3491 3559 3559; baseline -0.01 -15"><span class='ocrx_word' id='word_1_624' title='bbox 1986 3493 2374 3544; x_wconf 73' lang='lat' dir='ltr'><strong>multitudine»:</strong></span> <span class='ocrx_word' id='word_1_625' title='bbox 2402 3491 2630 3559; x_wconf 80' lang='lat' dir='ltr'><strong>justitiw</strong></span> <span class='ocrx_word' id='word_1_626' title='bbox 2660 3504 2791 3543; x_wconf 71' lang='lat' dir='ltr'><strong>sum.</strong></span> <span class='ocrx_word' id='word_1_627' title='bbox 3227 3526 3234 3532; x_wconf 87' lang='lat'><strong>.</strong></span> <span class='ocrx_word' id='word_1_628' title='bbox 3300 3511 3302 3513; x_wconf 62' lang='grc'><strong>›</strong></span> <span class='ocrx_word' id='word_1_629' title='bbox 3555 3494 3559 3498; x_wconf 57' lang='grc'><strong><em>⁷</em></strong></span> 
     </span>
    </p>
   </div>
   <div class='ocr_carea' id='block_1_79' title="bbox 2061 3577 3579 3643">
    <p class='ocr_par' dir='ltr' id='par_1_79' title="bbox 2061 3577 3579 3643">
     <span class='ocr_line' id='line_1_79' title="bbox 2061 3577 3579 3643; baseline -0.001 -7"><span class='ocrx_word' id='word_1_630' title='bbox 2061 3583 2170 3636; x_wconf 84' lang='lat' dir='ltr'><strong>Deo</strong></span> <span class='ocrx_word' id='word_1_631' title='bbox 2217 3582 2432 3636; x_wconf 85' lang='lat' dir='ltr'><strong>dicente</strong></span> <span class='ocrx_word' id='word_1_632' title='bbox 2486 3580 2773 3634; x_wconf 88' lang='lat' dir='ltr'><strong>advenisse</strong></span> <span class='ocrx_word' id='word_1_633' title='bbox 2851 3579 3149 3632; x_wconf 86' lang='lat' dir='ltr'><strong>incredulis</strong></span> <span class='ocrx_word' id='word_1_634' title='bbox 3199 3577 3473 3643; x_wconf 81' lang='lat' dir='ltr'><strong>furorem,</strong></span> <span class='ocrx_word' id='word_1_635' title='bbox 3523 3591 3579 3635; x_wconf 87' lang='lat' dir='ltr'><strong>et</strong></span> 
     </span>
    </p>
   </div>
   <div class='ocr_carea' id='block_1_80' title="bbox 1986 3657 3581 3740">
    <p class='ocr_par' dir='ltr' id='par_1_80' title="bbox 1986 3657 3581 3740">
     <span class='ocr_line' id='line_1_80' title="bbox 1986 3657 3581 3740; baseline -0.001 -13"><span class='ocrx_word' id='word_1_636' title='bbox 1986 3673 2109 3729; x_wconf 90' lang='lat' dir='ltr'><strong>illos</strong></span> <span class='ocrx_word' id='word_1_637' title='bbox 2147 3673 2228 3728; x_wconf 87' lang='lat' dir='ltr'><strong>ira</strong></span> <span class='ocrx_word' id='word_1_638' title='bbox 2275 3671 2653 3730; x_wconf 87' lang='lat' dir='ltr'><strong>couculcatos.</strong></span> <span class='ocrx_word' id='word_1_639' title='bbox 2695 3671 3127 3740; x_wconf 80' lang='lat' dir='ltr'><strong>sanguinemque</strong></span> <span class='ocrx_word' id='word_1_640' title='bbox 3168 3681 3356 3724; x_wconf 90' lang='lat' dir='ltr'><strong>eorum</strong></span> <span class='ocrx_word' id='word_1_641' title='bbox 3401 3657 3581 3725; x_wconf 71' lang='lat' dir='ltr'><strong>dedu-</strong></span> 
     </span>
    </p>
   </div>
   <div class='ocr_carea' id='block_1_81' title="bbox 1986 3761 3581 3831">
    <p class='ocr_par' dir='ltr' id='par_1_81' title="bbox 1986 3761 3581 3831">
     <span class='ocr_line' id='line_1_81' title="bbox 1986 3761 3581 3831; baseline -0.004 -11"><span class='ocrx_word' id='word_1_642' title='bbox 1986 3776 2132 3820; x_wconf 89' lang='lat' dir='ltr'><strong>ctum</strong></span> <span class='ocrx_word' id='word_1_643' title='bbox 2168 3765 2221 3820; x_wconf 93' lang='lat' dir='ltr'><strong>iu</strong></span> <span class='ocrx_word' id='word_1_644' title='bbox 2257 3772 2489 3826; x_wconf 88' lang='lat' dir='ltr'><strong>terram,</strong></span> <span class='ocrx_word' id='word_1_645' title='bbox 2526 3762 2816 3816; x_wconf 79' lang='lat' dir='ltr'><strong>intervenit</strong></span> <span class='ocrx_word' id='word_1_646' title='bbox 2852 3761 3110 3831; x_wconf 87' lang='lat' dir='ltr'><strong>pr0pheta</strong></span> <span class='ocrx_word' id='word_1_647' title='bbox 3132 3799 3150 3825; x_wconf 88' lang='lat'><strong>,</strong></span> <span class='ocrx_word' id='word_1_648' title='bbox 3184 3775 3283 3816; x_wconf 90' lang='lat' dir='ltr'><strong>nec</strong></span> <span class='ocrx_word' id='word_1_649' title='bbox 3316 3761 3450 3816; x_wconf 88' lang='lat' dir='ltr'><strong>sinit</strong></span> <span class='ocrx_word' id='word_1_650' title='bbox 3481 3775 3581 3815; x_wconf 85' lang='lat' dir='ltr'><strong>eos</strong></span> 
     </span>
    </p>
   </div>
   <div class='ocr_carea' id='block_1_82' title="bbox 1986 3852 3570 3922">
    <p class='ocr_par' dir='ltr' id='par_1_82' title="bbox 1986 3852 3570 3922">
     <span class='ocr_line' id='line_1_82' title="bbox 1986 3852 3570 3922; baseline -0.001 -14"><span class='ocrx_word' id='word_1_651' title='bbox 1986 3856 2224 3909; x_wconf 85' lang='lat' dir='ltr'><strong>animum</strong></span> <span class='ocrx_word' id='word_1_652' title='bbox 2265 3855 2619 3922; x_wconf 84' lang='lat' dir='ltr'><strong>despondere,</strong></span> <span class='ocrx_word' id='word_1_653' title='bbox 2657 3860 2844 3907; x_wconf 87' lang='lat' dir='ltr'><strong>contra</strong></span> <span class='ocrx_word' id='word_1_654' title='bbox 2887 3867 3024 3922; x_wconf 91' lang='lat' dir='ltr'><strong>quos</strong></span> <span class='ocrx_word' id='word_1_655' title='bbox 3066 3852 3182 3907; x_wconf 64' lang='lat' dir='ltr'><strong>haec</strong></span> <span class='ocrx_word' id='word_1_656' title='bbox 3221 3853 3384 3909; x_wconf 87' lang='lat' dir='ltr'><strong>verba</strong></span> <span class='ocrx_word' id='word_1_657' title='bbox 3429 3853 3570 3909; x_wconf 84' lang='lat' dir='ltr'><strong>dicta</strong></span> 
     </span>
    </p>
   </div>
   <div class='ocr_carea' id='block_1_83' title="bbox 1987 3944 3574 4018">
    <p class='ocr_par' dir='ltr' id='par_1_83' title="bbox 1987 3944 3574 4018">
     <span class='ocr_line' id='line_1_83' title="bbox 1987 3944 3574 4018; baseline 0 -15"><span class='ocrx_word' id='word_1_658' title='bbox 1987 3959 2134 4003; x_wconf 89' lang='lat' dir='ltr'><strong>sunt.</strong></span> <span class='ocrx_word' id='word_1_659' title='bbox 2173 3947 2389 4018; x_wconf 78' lang='lat' dir='ltr'><strong>Resque</strong></span> <span class='ocrx_word' id='word_1_660' title='bbox 2428 3947 2542 4003; x_wconf 68' lang='lat' dir='ltr'><strong>brec</strong></span> <span class='ocrx_word' id='word_1_661' title='bbox 2576 3946 2734 4001; x_wconf 84' lang='lat' dir='ltr'><strong>valde</strong></span> <span class='ocrx_word' id='word_1_662' title='bbox 2775 3944 3068 4000; x_wconf 73' lang='lat' dir='ltr'><strong>artificiose</strong></span> <span class='ocrx_word' id='word_1_663' title='bbox 3110 3945 3431 4017; x_wconf 84' lang='lat' dir='ltr'><strong>interposita</strong></span> <span class='ocrx_word' id='word_1_664' title='bbox 3469 3957 3574 4009; x_wconf 83' lang='lat' dir='ltr'><strong>est.</strong></span> 
     </span>
    </p>
   </div>
   <div class='ocr_carea' id='block_1_84' title="bbox 1989 4037 3570 4110">
    <p class='ocr_par' dir='ltr' id='par_1_84' title="bbox 1989 4037 3570 4110">
     <span class='ocr_line' id='line_1_84' title="bbox 1989 4037 3570 4110; baseline 0.001 -16"><span class='ocrx_word' id='word_1_665' title='bbox 1989 4041 2320 4097; x_wconf 84' lang='lat' dir='ltr'><strong>Ilecordatus</strong></span> <span class='ocrx_word' id='word_1_666' title='bbox 2364 4057 2482 4097; x_wconf 91' lang='lat' dir='ltr'><strong>sum</strong></span> <span class='ocrx_word' id='word_1_667' title='bbox 2525 4040 2694 4106; x_wconf 89' lang='lat' dir='ltr'><strong>enim,</strong></span> <span class='ocrx_word' id='word_1_668' title='bbox 2733 4039 2927 4109; x_wconf 86' lang='lat' dir='ltr'><strong>inquit,</strong></span> <span class='ocrx_word' id='word_1_669' title='bbox 2965 4039 3106 4110; x_wconf 87' lang='lat' dir='ltr'><strong>apud</strong></span> <span class='ocrx_word' id='word_1_670' title='bbox 3151 4053 3264 4104; x_wconf 89' lang='lat' dir='ltr'><strong>me,</strong></span> <span class='ocrx_word' id='word_1_671' title='bbox 3301 4053 3407 4093; x_wconf 83' lang='lat' dir='ltr'><strong>non</strong></span> <span class='ocrx_word' id='word_1_672' title='bbox 3449 4037 3570 4097; x_wconf 82' lang='lat' dir='ltr'><strong>esse</strong></span> 
     </span>
    </p>
   </div>
   <div class='ocr_carea' id='block_1_85' title="bbox 1987 4129 3570 4198">
    <p class='ocr_par' dir='ltr' id='par_1_85' title="bbox 1987 4129 3570 4198">
     <span class='ocr_line' id='line_1_85' title="bbox 1987 4129 3570 4198; baseline -0.002 -10"><span class='ocrx_word' id='word_1_673' title='bbox 1987 4133 2366 4190; x_wconf 88' lang='lat' dir='ltr'><strong>inclementem</strong></span> <span class='ocrx_word' id='word_1_674' title='bbox 2412 4135 2789 4190; x_wconf 88' lang='lat' dir='ltr'><strong>universorum</strong></span> <span class='ocrx_word' id='word_1_675' title='bbox 2829 4131 3093 4187; x_wconf 71' lang='lat' dir='ltr'><strong>iudicem.</strong></span> <span class='ocrx_word' id='word_1_676' title='bbox 3130 4129 3266 4186; x_wconf 87' lang='lat' dir='ltr'><strong>Novi</strong></span> <span class='ocrx_word' id='word_1_677' title='bbox 3302 4129 3570 4198; x_wconf 87' lang='lat' dir='ltr'><strong>siquidem</strong></span> 
     </span>
    </p>
   </div>
   <div class='ocr_carea' id='block_1_86' title="bbox 1987 4223 3567 4293">
    <p class='ocr_par' dir='ltr' id='par_1_86' title="bbox 1987 4223 3567 4293">
     <span class='ocr_line' id='line_1_86' title="bbox 1987 4223 3567 4293; baseline -0.003 -11"><span class='ocrx_word' id='word_1_678' title='bbox 1987 4227 2418 4283; x_wconf 88' lang='lat' dir='ltr'><strong>misericordiam</strong></span> <span class='ocrx_word' id='word_1_679' title='bbox 2460 4236 2516 4283; x_wconf 89' lang='lat' dir='ltr'><strong>et</strong></span> <span class='ocrx_word' id='word_1_680' title='bbox 2552 4227 2783 4281; x_wconf 83' lang='lat' dir='ltr'><strong>virtutes</strong></span> <span class='ocrx_word' id='word_1_681' title='bbox 2826 4225 2968 4292; x_wconf 85' lang='lat' dir='ltr'><strong>ejus,</strong></span> <span class='ocrx_word' id='word_1_682' title='bbox 3006 4223 3060 4278; x_wconf 90' lang='lat' dir='ltr'><strong>id</strong></span> <span class='ocrx_word' id='word_1_683' title='bbox 3106 4233 3209 4287; x_wconf 88' lang='lat' dir='ltr'><strong>est,</strong></span> <span class='ocrx_word' id='word_1_684' title='bbox 3248 4223 3567 4293; x_wconf 86' lang='lat' dir='ltr'><strong>potentiam,</strong></span> 
     </span>
    </p>
   </div>
   <div class='ocr_carea' id='block_1_87' title="bbox 1987 4316 3573 4390">
    <p class='ocr_par' dir='ltr' id='par_1_87' title="bbox 1987 4316 3573 4390">
     <span class='ocr_line' id='line_1_87' title="bbox 1987 4316 3573 4390; baseline -0.004 -15"><span class='ocrx_word' id='word_1_685' title='bbox 1987 4321 2039 4375; x_wconf 88' lang='lat' dir='ltr'><strong>in</strong></span> <span class='ocrx_word' id='word_1_686' title='bbox 2075 4318 2326 4376; x_wconf 90' lang='lat' dir='ltr'><strong>omnibus</strong></span> <span class='ocrx_word' id='word_1_687' title='bbox 2358 4335 2479 4390; x_wconf 73' lang='lat' dir='ltr'><strong>qua:</strong></span> <span class='ocrx_word' id='word_1_688' title='bbox 2513 4319 2670 4375; x_wconf 91' lang='lat' dir='ltr'><strong>nobis</strong></span> <span class='ocrx_word' id='word_1_689' title='bbox 2703 4319 2973 4376; x_wconf 87' lang='lat' dir='ltr'><strong>retribuit.</strong></span> <span class='ocrx_word' id='word_1_690' title='bbox 3011 4317 3122 4372; x_wconf 86' lang='lat' dir='ltr'><strong>Etsi</strong></span> <span class='ocrx_word' id='word_1_691' title='bbox 3167 4316 3333 4381; x_wconf 89' lang='lat' dir='ltr'><strong>enim,</strong></span> <span class='ocrx_word' id='word_1_692' title='bbox 3371 4316 3573 4386; x_wconf 90' lang='lat' dir='ltr'><strong>inquit.</strong></span> 
     </span>
    </p>
   </div>
   <div class='ocr_carea' id='block_1_88' title="bbox 1985 4408 3570 4466">
    <p class='ocr_par' dir='ltr' id='par_1_88' title="bbox 1985 4408 3570 4466">
     <span class='ocr_line' id='line_1_88' title="bbox 1985 4408 3570 4466; baseline -0.001 -2"><span class='ocrx_word' id='word_1_693' title='bbox 1985 4409 2240 4466; x_wconf 77' lang='lat' dir='ltr'><strong>lsraeleui</strong></span> <span class='ocrx_word' id='word_1_694' title='bbox 2290 4411 2682 4466; x_wconf 88' lang='lat' dir='ltr'><strong>debacchatum</strong></span> <span class='ocrx_word' id='word_1_695' title='bbox 2729 4421 2783 4466; x_wconf 91' lang='lat' dir='ltr'><strong>et</strong></span> <span class='ocrx_word' id='word_1_696' title='bbox 2834 4408 3238 4466; x_wconf 81' lang='lat' dir='ltr'><strong>inobedientem</strong></span> <span class='ocrx_word' id='word_1_697' title='bbox 3288 4416 3570 4462; x_wconf 78' lang='lat' dir='ltr'><strong>aversatus</strong></span> 
     </span>
    </p>
   </div>
   <div class='ocr_carea' id='block_1_89' title="bbox 293 4489 1884 4579">
    <p class='ocr_par' dir='ltr' id='par_1_89' title="bbox 293 4495 1880 4579">
     <span class='ocr_line' id='line_1_89' title="bbox 293 4495 1880 4579; baseline 0.007 -29"><span class='ocrx_word' id='word_1_698' title='bbox 293 4499 476 4572; x_wconf 85' lang='grc' dir='ltr'><strong>μένον,</strong></span> <span class='ocrx_word' id='word_1_699' title='bbox 510 4500 604 4552; x_wconf 78' lang='grc' dir='ltr'><strong>καὶ</strong></span> <span class='ocrx_word' id='word_1_700' title='bbox 648 4495 759 4552; x_wconf 78' lang='grc' dir='ltr'><strong>οἷον</strong></span> <span class='ocrx_word' id='word_1_701' title='bbox 798 4502 1222 4557; x_wconf 81' lang='grc' dir='ltr'><strong>ἀνταποδίδωσιν</strong></span> <span class='ocrx_word' id='word_1_702' title='bbox 1261 4505 1392 4577; x_wconf 88' lang='grc' dir='ltr'><strong>ήμῖν</strong></span> <span class='ocrx_word' id='word_1_703' title='bbox 1445 4503 1516 4559; x_wconf 90' lang='grc' dir='ltr'><strong>τά</strong></span> <span class='ocrx_word' id='word_1_704' title='bbox 1564 4503 1624 4570; x_wconf 78' lang='grc' dir='ltr'><strong>ἐξ</strong></span> <span class='ocrx_word' id='word_1_705' title='bbox 1687 4506 1880 4579; x_wconf 79' lang='grc' dir='ltr'><strong>ὀργῆς,</strong></span> 
     </span>
    </p>
   </div>
   <div class='ocr_carea' id='block_1_90' title="bbox 1988 4489 3573 4579">
    <p class='ocr_par' dir='ltr' id='par_1_90' title="bbox 1988 4497 3573 4570">
     <span class='ocr_line' id='line_1_90' title="bbox 1988 4497 3573 4570; baseline -0.003 -15"><span class='ocrx_word' id='word_1_706' title='bbox 1988 4501 2079 4566; x_wconf 89' lang='lat' dir='ltr'><strong>sit,</strong></span> <span class='ocrx_word' id='word_1_707' title='bbox 2105 4511 2160 4556; x_wconf 90' lang='lat' dir='ltr'><strong>et</strong></span> <span class='ocrx_word' id='word_1_708' title='bbox 2186 4501 2330 4557; x_wconf 78' lang='lat' dir='ltr'><strong>velut</strong></span> <span class='ocrx_word' id='word_1_709' title='bbox 2363 4501 2612 4557; x_wconf 87' lang='lat' dir='ltr'><strong>retribuit</strong></span> <span class='ocrx_word' id='word_1_710' title='bbox 2642 4500 2797 4556; x_wconf 91' lang='lat' dir='ltr'><strong>nobis</strong></span> <span class='ocrx_word' id='word_1_711' title='bbox 2828 4499 2988 4564; x_wconf 86' lang='lat' dir='ltr'><strong>iram,</strong></span> <span class='ocrx_word' id='word_1_712' title='bbox 3018 4513 3123 4553; x_wconf 89' lang='lat' dir='ltr'><strong>non</strong></span> <span class='ocrx_word' id='word_1_713' title='bbox 3152 4498 3371 4570; x_wconf 90' lang='lat' dir='ltr'><strong>quidem</strong></span> <span class='ocrx_word' id='word_1_714' title='bbox 3400 4497 3573 4568; x_wconf 80' lang='lat' dir='ltr'><strong>impo-</strong></span> 
     </span>
    </p>
   </div>
   <div class='ocr_carea' id='block_1_91' title="bbox 290 4591 1879 4669">
    <p class='ocr_par' dir='ltr' id='par_1_91' title="bbox 290 4591 1879 4669">
     <span class='ocr_line' id='line_1_91' title="bbox 290 4591 1879 4669; baseline 0.02 -26"><span class='ocrx_word' id='word_1_715' title='bbox 290 4591 391 4644; x_wconf 79' lang='grc' dir='ltr'><strong>οῦκ</strong></span> <span class='ocrx_word' id='word_1_716' title='bbox 425 4591 667 4661; x_wconf 79' lang='grc' dir='ltr'><strong>ἀκράτου</strong></span> <span class='ocrx_word' id='word_1_717' title='bbox 698 4591 917 4661; x_wconf 79' lang='grc' dir='ltr'><strong>μᾶλλον,</strong></span> <span class='ocrx_word' id='word_1_718' title='bbox 959 4594 1074 4647; x_wconf 80' lang='grc' dir='ltr'><strong>ἀλλ’</strong></span> <span class='ocrx_word' id='word_1_719' title='bbox 1101 4597 1406 4669; x_wconf 78' lang='grc' dir='ltr'><strong>ἡμερότητι</strong></span> <span class='ocrx_word' id='word_1_720' title='bbox 1438 4597 1879 4669; x_wconf 64' lang='grc' dir='ltr'><strong>κεκρατημένης»</strong></span> 
     </span>
    </p>
   </div>
   <div class='ocr_carea' id='block_1_92' title="bbox 292 4680 1880 4760">
    <p class='ocr_par' dir='ltr' id='par_1_92' title="bbox 292 4680 1880 4760">
     <span class='ocr_line' id='line_1_92' title="bbox 292 4680 1880 4760; baseline 0.003 -20"><span class='ocrx_word' id='word_1_721' title='bbox 292 4684 406 4740; x_wconf 84' lang='grc' dir='ltr'><strong>ἀλλ’</strong></span> <span class='ocrx_word' id='word_1_722' title='bbox 442 4681 538 4739; x_wconf 85' lang='grc' dir='ltr'><strong>οῦν</strong></span> <span class='ocrx_word' id='word_1_723' title='bbox 581 4680 641 4739; x_wconf 78' lang='grc' dir='ltr'><strong>εὖ</strong></span> <span class='ocrx_word' id='word_1_724' title='bbox 667 4685 976 4755; x_wconf 86' lang='grc' dir='ltr'><strong>’ἐπίσταμαι</strong></span> <span class='ocrx_word' id='word_1_725' title='bbox 1015 4687 1114 4750; x_wconf 73' lang='grc' dir='ltr'><strong>τὰς</strong></span> <span class='ocrx_word' id='word_1_726' title='bbox 1147 4691 1347 4760; x_wconf 83' lang='grc' dir='ltr'><strong>ἀρετάς</strong></span> <span class='ocrx_word' id='word_1_727' title='bbox 1383 4690 1572 4756; x_wconf 83' lang='grc' dir='ltr'><strong>αὐτοῦ,</strong></span> <span class='ocrx_word' id='word_1_728' title='bbox 1611 4693 1880 4760; x_wconf 82' lang='grc' dir='ltr'><strong>τουτέστι,</strong></span> 
     </span>
    </p>
   </div>
   <div class='ocr_carea' id='block_1_93' title="bbox 289 4776 1879 4857">
    <p class='ocr_par' dir='ltr' id='par_1_93' title="bbox 289 4776 1879 4857">
     <span class='ocr_line' id='line_1_93' title="bbox 289 4776 1879 4857; baseline 0.002 -23"><span class='ocrx_word' id='word_1_729' title='bbox 289 4779 389 4844; x_wconf 81' lang='grc' dir='ltr'><strong>τάς</strong></span> <span class='ocrx_word' id='word_1_730' title='bbox 433 4776 752 4840; x_wconf 87' lang='grc' dir='ltr'><strong>δυναστείας</strong></span> <span class='ocrx_word' id='word_1_731' title='bbox 797 4776 1169 4847; x_wconf 80' lang='grc' dir='ltr'><strong>γεγενημένας</strong></span> <span class='ocrx_word' id='word_1_732' title='bbox 1233 4781 1375 4834; x_wconf 89' lang='grc' dir='ltr'><strong>κατά</strong></span> <span class='ocrx_word' id='word_1_733' title='bbox 1415 4783 1641 4854; x_wconf 80' lang='grc' dir='ltr'><strong>καιροὺς</strong></span> <span class='ocrx_word' id='word_1_734' title='bbox 1682 4783 1775 4838; x_wconf 72' lang='grc' dir='ltr'><strong>ἐπὶ</strong></span> <span class='ocrx_word' id='word_1_735' title='bbox 1811 4785 1879 4857; x_wconf 80' lang='grc' dir='ltr'><strong>τῇ</strong></span> 
     </span>
    </p>
   </div>
   <div class='ocr_carea' id='block_1_94' title="bbox 291 4869 1878 4945">
    <p class='ocr_par' dir='ltr' id='par_1_94' title="bbox 291 4869 1878 4945">
     <span class='ocr_line' id='line_1_94' title="bbox 291 4869 1878 4945; baseline 0.002 -19"><span class='ocrx_word' id='word_1_736' title='bbox 291 4871 558 4945; x_wconf 86' lang='grc' dir='ltr'><strong>λυτρώσει</strong></span> <span class='ocrx_word' id='word_1_737' title='bbox 625 4869 718 4924; x_wconf 92' lang='grc' dir='ltr'><strong>τοῦ</strong></span> <span class='ocrx_word' id='word_1_738' title='bbox 795 4869 1033 4940; x_wconf 84' lang='grc' dir='ltr'><strong>Ἰσραήλ.</strong></span> <span class='ocrx_word' id='word_1_739' title='bbox 1104 4886 1122 4920; x_wconf 76' lang='grc' dir='ltr'><strong>ι</strong></span> <span class='ocrx_word' id='word_1_740' title='bbox 1151 4869 1342 4923; x_wconf 80' lang='grc' dir='ltr'><strong>Ἔσται</strong></span> <span class='ocrx_word' id='word_1_741' title='bbox 1381 4872 1624 4938; x_wconf 80' lang='grc' dir='ltr'><strong>τοίνυν,ι</strong></span> <span class='ocrx_word' id='word_1_742' title='bbox 1693 4877 1878 4944; x_wconf 65' lang='grc' dir='ltr'><strong>φησιν,</strong></span> 
     </span>
    </p>
   </div>
   <div class='ocr_carea' id='block_1_95' title="bbox 297 4961 1878 5040">
    <p class='ocr_par' dir='ltr' id='par_1_95' title="bbox 297 4961 1878 5040">
     <span class='ocr_line' id='line_1_95' title="bbox 297 4961 1878 5040; baseline 0.004 -24"><span class='ocrx_word' id='word_1_743' title='bbox 297 4985 314 5016; x_wconf 74' lang='grc' dir='ltr'><strong>ι</strong></span> <span class='ocrx_word' id='word_1_744' title='bbox 341 4968 370 5020; x_wconf 93' lang='lat'><strong>6</strong></span> <span class='ocrx_word' id='word_1_745' title='bbox 417 4964 624 5036; x_wconf 80' lang='grc' dir='ltr'><strong>Κύριος</strong></span> <span class='ocrx_word' id='word_1_746' title='bbox 676 4963 872 5035; x_wconf 82' lang='grc' dir='ltr'><strong>κριτὴς</strong></span> <span class='ocrx_word' id='word_1_747' title='bbox 909 4962 1112 5032; x_wconf 73' lang='grc' dir='ltr'><strong>ἀγαθὸς</strong></span> <span class='ocrx_word' id='word_1_748' title='bbox 1137 4961 1213 5033; x_wconf 83' lang='grc' dir='ltr'><strong>τῷ</strong></span> <span class='ocrx_word' id='word_1_749' title='bbox 1262 4962 1396 5033; x_wconf 82' lang='grc' dir='ltr'><strong>οίκῳ</strong></span> <span class='ocrx_word' id='word_1_750' title='bbox 1436 4965 1673 5040; x_wconf 81' lang='grc' dir='ltr'><strong>Ἰσραὴλ,</strong></span> <span class='ocrx_word' id='word_1_751' title='bbox 1705 4987 1722 5020; x_wconf 79' lang='grc' dir='ltr'><strong>ι</strong></span> <span class='ocrx_word' id='word_1_752' title='bbox 1777 4971 1878 5022; x_wconf 86' lang='grc' dir='ltr'><strong>οὐκ</strong></span> 
     </span>
    </p>
   </div>
   <div class='ocr_carea' id='block_1_96' title="bbox 290 5054 1884 5128">
    <p class='ocr_par' dir='ltr' id='par_1_96' title="bbox 290 5054 1884 5128">
     <span class='ocr_line' id='line_1_96' title="bbox 290 5054 1884 5128; baseline 0.002 -18"><span class='ocrx_word' id='word_1_753' title='bbox 290 5056 524 5128; x_wconf 74' lang='grc' dir='ltr'><strong>ἀκριϐὴς</strong></span> <span class='ocrx_word' id='word_1_754' title='bbox 556 5056 776 5128; x_wconf 78' lang='grc' dir='ltr'><strong>μᾶλλον,</strong></span> <span class='ocrx_word' id='word_1_755' title='bbox 815 5054 956 5109; x_wconf 89' lang='grc' dir='ltr'><strong>ἀλλά</strong></span> <span class='ocrx_word' id='word_1_756' title='bbox 975 5054 1228 5127; x_wconf 76' lang='grc' dir='ltr'><strong>χρηστὸς,</strong></span> <span class='ocrx_word' id='word_1_757' title='bbox 1263 5056 1431 5126; x_wconf 73' lang='grc' dir='ltr'><strong>ἤγουν</strong></span> <span class='ocrx_word' id='word_1_758' title='bbox 1455 5057 1678 5126; x_wconf 81' lang='grc' dir='ltr'><strong>ἀγαθός.</strong></span> <span class='ocrx_word' id='word_1_759' title='bbox 1720 5062 1884 5114; x_wconf 74' lang='lat' dir='ltr'><strong>Anta-</strong></span> 
     </span>
    </p>
   </div>
   <div class='ocr_carea' id='block_1_97' title="bbox 293 5145 1882 5218">
    <p class='ocr_par' dir='ltr' id='par_1_97' title="bbox 293 5145 1882 5218">
     <span class='ocr_line' id='line_1_97' title="bbox 293 5145 1882 5218; baseline 0.003 -18"><span class='ocrx_word' id='word_1_760' title='bbox 293 5146 420 5200; x_wconf 90' lang='grc' dir='ltr'><strong>στοῦ</strong></span> <span class='ocrx_word' id='word_1_761' title='bbox 472 5148 572 5218; x_wconf 85' lang='grc' dir='ltr'><strong>μὲν</strong></span> <span class='ocrx_word' id='word_1_762' title='bbox 612 5146 722 5218; x_wconf 84' lang='grc' dir='ltr'><strong>γὰρ</strong></span> <span class='ocrx_word' id='word_1_763' title='bbox 761 5146 1022 5218; x_wconf 74' lang='grc' dir='ltr'><strong>ἀκριϐοῦς</strong></span> <span class='ocrx_word' id='word_1_764' title='bbox 1059 5145 1218 5216; x_wconf 75' lang='grc' dir='ltr'><strong>ἔργον</strong></span> <span class='ocrx_word' id='word_1_765' title='bbox 1250 5145 1317 5199; x_wconf 85' lang='grc' dir='ltr'><strong>ἀν</strong></span> <span class='ocrx_word' id='word_1_766' title='bbox 1343 5146 1572 5215; x_wconf 84' lang='grc' dir='ltr'><strong>γένοιτο,</strong></span> <span class='ocrx_word' id='word_1_767' title='bbox 1613 5148 1671 5200; x_wconf 82' lang='grc' dir='ltr'><strong>τὸ</strong></span> <span class='ocrx_word' id='word_1_768' title='bbox 1725 5149 1882 5214; x_wconf 87' lang='grc' dir='ltr'><strong>δίκας</strong></span> 
     </span>
    </p>
   </div>
   <div class='ocr_carea' id='block_1_98' title="bbox 290 5241 1882 5314">
    <p class='ocr_par' dir='ltr' id='par_1_98' title="bbox 290 5241 1882 5314">
     <span class='ocr_line' id='line_1_98' title="bbox 290 5241 1882 5314; baseline -0.001 -18"><span class='ocrx_word' id='word_1_769' title='bbox 290 5247 464 5298; x_wconf 72' lang='grc' dir='ltr'><strong>αἰτεῖν</strong></span> <span class='ocrx_word' id='word_1_770' title='bbox 527 5244 653 5308; x_wconf 78' lang='grc' dir='ltr'><strong>τοῦς</strong></span> <span class='ocrx_word' id='word_1_771' title='bbox 706 5241 1096 5314; x_wconf 78' lang='grc' dir='ltr'><strong>ἡμαρτηκότας</strong></span> <span class='ocrx_word' id='word_1_772' title='bbox 1143 5241 1420 5310; x_wconf 88' lang='grc' dir='ltr'><strong>ἀναλόγως</strong></span> <span class='ocrx_word' id='word_1_773' title='bbox 1473 5241 1705 5311; x_wconf 81' lang='grc' dir='ltr'><strong>ἐχούσας</strong></span> <span class='ocrx_word' id='word_1_774' title='bbox 1769 5246 1882 5306; x_wconf 87' lang='grc' dir='ltr'><strong>τοῖς</strong></span> 
     </span>
    </p>
   </div>
   <div class='ocr_carea' id='block_1_99' title="bbox 290 5332 1880 5407">
    <p class='ocr_par' dir='ltr' id='par_1_99' title="bbox 290 5332 1880 5407">
     <span class='ocr_line' id='line_1_99' title="bbox 290 5332 1880 5407; baseline -0.001 -17"><span class='ocrx_word' id='word_1_775' title='bbox 290 5337 632 5407; x_wconf 84' lang='grc' dir='ltr'><strong>αἰτιάμασιν·</strong></span> <span class='ocrx_word' id='word_1_776' title='bbox 657 5333 862 5404; x_wconf 83' lang='grc' dir='ltr'><strong>ἀγαθοῦ</strong></span> <span class='ocrx_word' id='word_1_777' title='bbox 881 5351 943 5402; x_wconf 86' lang='grc' dir='ltr'><strong>γε</strong></span> <span class='ocrx_word' id='word_1_778' title='bbox 977 5333 1105 5404; x_wconf 82' lang='grc' dir='ltr'><strong>μὴν,</strong></span> <span class='ocrx_word' id='word_1_779' title='bbox 1127 5333 1190 5385; x_wconf 83' lang='grc' dir='ltr'><strong>τὸ</strong></span> <span class='ocrx_word' id='word_1_780' title='bbox 1209 5332 1377 5386; x_wconf 85' lang='grc' dir='ltr'><strong>ἐλεεῖν</strong></span> <span class='ocrx_word' id='word_1_781' title='bbox 1399 5333 1474 5396; x_wconf 83' lang='grc' dir='ltr'><strong>ὡς</strong></span> <span class='ocrx_word' id='word_1_782' title='bbox 1490 5333 1880 5404; x_wconf 68' lang='grc' dir='ltr'><strong>ἠσθενηκότας.</strong></span> 
     </span>
    </p>
   </div>
   <div class='ocr_carea' id='block_1_100' title="bbox 289 5425 1882 5498">
    <p class='ocr_par' dir='ltr' id='par_1_100' title="bbox 289 5425 1882 5498">
     <span class='ocr_line' id='line_1_100' title="bbox 289 5425 1882 5498; baseline 0.001 -17"><span class='ocrx_word' id='word_1_783' title='bbox 289 5427 502 5481; x_wconf 80' lang='grc' dir='ltr'><strong>Οὐκοῦν</strong></span> <span class='ocrx_word' id='word_1_784' title='bbox 539 5425 837 5498; x_wconf 73' lang='grc' dir='ltr'><strong>ἐπειδήπερ</strong></span> <span class='ocrx_word' id='word_1_785' title='bbox 859 5425 1052 5496; x_wconf 74' lang='grc' dir='ltr'><strong>κριτὴς</strong></span> <span class='ocrx_word' id='word_1_786' title='bbox 1088 5425 1312 5494; x_wconf 79' lang='grc' dir='ltr'><strong>ἀγαθὸς.</strong></span> <span class='ocrx_word' id='word_1_787' title='bbox 1348 5428 1542 5494; x_wconf 87' lang='grc' dir='ltr'><strong>ἐπάγει</strong></span> <span class='ocrx_word' id='word_1_788' title='bbox 1580 5429 1713 5498; x_wconf 79' lang='grc' dir='ltr'><strong>ἡμῖν</strong></span> <span class='ocrx_word' id='word_1_789' title='bbox 1741 5428 1882 5482; x_wconf 87' lang='grc' dir='ltr'><strong>κατά</strong></span> 
     </span>
    </p>
   </div>
   <div class='ocr_carea' id='block_1_101' title="bbox 289 5516 1878 5590">
    <p class='ocr_par' dir='ltr' id='par_1_101' title="bbox 289 5516 1878 5590">
     <span class='ocr_line' id='line_1_101' title="bbox 289 5516 1878 5590; baseline 0.001 -20"><span class='ocrx_word' id='word_1_790' title='bbox 289 5519 349 5570; x_wconf 75' lang='grc' dir='ltr'><strong>τὸ</strong></span> <span class='ocrx_word' id='word_1_791' title='bbox 378 5517 527 5582; x_wconf 72' lang='grc' dir='ltr'><strong>ἔλεος</strong></span> <span class='ocrx_word' id='word_1_792' title='bbox 551 5517 742 5583; x_wconf 79' lang='grc' dir='ltr'><strong>αὐτοῦ,</strong></span> <span class='ocrx_word' id='word_1_793' title='bbox 773 5516 1043 5582; x_wconf 83' lang='grc' dir='ltr'><strong>τουτέστι,</strong></span> <span class='ocrx_word' id='word_1_794' title='bbox 1078 5517 1455 5589; x_wconf 84' lang='grc' dir='ltr'><strong>συμμετρήσει</strong></span> <span class='ocrx_word' id='word_1_795' title='bbox 1495 5516 1564 5570; x_wconf 86' lang='grc' dir='ltr'><strong>τά</strong></span> <span class='ocrx_word' id='word_1_796' title='bbox 1593 5517 1652 5583; x_wconf 84' lang='grc' dir='ltr'><strong>ἐξ</strong></span> <span class='ocrx_word' id='word_1_797' title='bbox 1687 5518 1878 5590; x_wconf 82' lang='grc' dir='ltr'><strong>ὀργῆς,</strong></span> 
     </span>
    </p>
   </div>
   <div class='ocr_carea' id='block_1_102' title="bbox 292 5608 1879 5684">
    <p class='ocr_par' dir='ltr' id='par_1_102' title="bbox 292 5608 1879 5684">
     <span class='ocr_line' id='line_1_102' title="bbox 292 5608 1879 5684; baseline -0.001 -18"><span class='ocrx_word' id='word_1_798' title='bbox 292 5611 386 5667; x_wconf 79' lang='grc' dir='ltr'><strong>καὶ</strong></span> <span class='ocrx_word' id='word_1_799' title='bbox 434 5611 639 5684; x_wconf 74' lang='grc' dir='ltr'><strong>ἀναμὶξ</strong></span> <span class='ocrx_word' id='word_1_800' title='bbox 672 5610 806 5681; x_wconf 82' lang='grc' dir='ltr'><strong>ἐλέῳ</strong></span> <span class='ocrx_word' id='word_1_801' title='bbox 838 5610 1054 5681; x_wconf 85' lang='grc' dir='ltr'><strong>ποιήσει</strong></span> <span class='ocrx_word' id='word_1_802' title='bbox 1094 5608 1193 5679; x_wconf 77' lang='grc' dir='ltr'><strong>τήν</strong></span> <span class='ocrx_word' id='word_1_803' title='bbox 1222 5609 1614 5684; x_wconf 79' lang='grc' dir='ltr'><strong>ἀγανάκτησιν.</strong></span> <span class='ocrx_word' id='word_1_804' title='bbox 1666 5611 1879 5684; x_wconf 73' lang='grc' dir='ltr'><strong>Πλῆθος</strong></span> 
     </span>
    </p>
   </div>
   <div class='ocr_carea' id='block_1_103' title="bbox 370 5781 1355 5854">
    <p class='ocr_par' dir='ltr' id='par_1_103' title="bbox 370 5781 1355 5854">
     <span class='ocr_line' id='line_1_103' title="bbox 370 5781 1355 5854; baseline 0.001 -12"><span class='ocrx_word' id='word_1_805' title='bbox 370 5781 411 5813; x_wconf 80' lang='grc'><strong>⁸⁸</strong></span> <span class='ocrx_word' id='word_1_806' title='bbox 444 5785 600 5842; x_wconf 75' lang='lat' dir='ltr'><strong>Joau.</strong></span> <span class='ocrx_word' id='word_1_807' title='bbox 632 5802 710 5849; x_wconf 80' lang='lat' dir='ltr'><strong>rx.</strong></span> <span class='ocrx_word' id='word_1_808' title='bbox 744 5786 836 5843; x_wconf 71' lang='lat'><strong>29.</strong></span> <span class='ocrx_word' id='word_1_809' title='bbox 914 5787 956 5818; x_wconf 83' lang='lat'><strong>&quot;</strong></span> <span class='ocrx_word' id='word_1_810' title='bbox 986 5785 1144 5841; x_wconf 79' lang='lat' dir='ltr'><strong>Joan.</strong></span> <span class='ocrx_word' id='word_1_811' title='bbox 1181 5802 1236 5854; x_wconf 73' lang='grc' dir='ltr'><strong>ι,</strong></span> <span class='ocrx_word' id='word_1_812' title='bbox 1261 5787 1355 5844; x_wconf 72' lang='lat'><strong>20.</strong></span> 
     </span>
    </p>
   </div>
   <div class='ocr_carea' id='block_1_104' title="bbox 565 5880 1219 5942">
    <p class='ocr_par' dir='ltr' id='par_1_104' title="bbox 565 5880 1219 5942">
     <span class='ocr_line' id='line_1_104' title="bbox 565 5880 1219 5942; baseline 0 0"><span class='ocrx_word' id='word_1_813' title='bbox 565 5883 834 5942; x_wconf 74' lang='grc' dir='ltr'><strong>ΡΑτιιυι..</strong></span> <span class='ocrx_word' id='word_1_814' title='bbox 881 5882 998 5942; x_wconf 77' lang='lat' dir='ltr'><strong>Gn.</strong></span> <span class='ocrx_word' id='word_1_815' title='bbox 1045 5880 1219 5942; x_wconf 86' lang='lat' dir='ltr'><strong>LXX.</strong></span> 
     </span>
    </p>
   </div>
   <div class='ocr_carea' id='block_1_105' title="bbox 1986 4591 3564 4662">
    <p class='ocr_par' dir='ltr' id='par_1_105' title="bbox 1986 4591 3564 4662">
     <span class='ocr_line' id='line_1_105' title="bbox 1986 4591 3564 4662; baseline -0.002 -14"><span class='ocrx_word' id='word_1_816' title='bbox 1986 4602 2186 4649; x_wconf 89' lang='lat' dir='ltr'><strong>tentem</strong></span> <span class='ocrx_word' id='word_1_817' title='bbox 2211 4602 2266 4649; x_wconf 91' lang='lat' dir='ltr'><strong>et</strong></span> <span class='ocrx_word' id='word_1_818' title='bbox 2295 4593 2725 4660; x_wconf 86' lang='lat' dir='ltr'><strong>immoderatam,</strong></span> <span class='ocrx_word' id='word_1_819' title='bbox 2752 4593 2845 4648; x_wconf 86' lang='lat' dir='ltr'><strong>sed</strong></span> <span class='ocrx_word' id='word_1_820' title='bbox 2871 4591 3158 4648; x_wconf 88' lang='lat' dir='ltr'><strong>clementia</strong></span> <span class='ocrx_word' id='word_1_821' title='bbox 3187 4598 3564 4662; x_wconf 83' lang='lat' dir='ltr'><strong>temperatam,</strong></span> 
     </span>
    </p>
   </div>
   <div class='ocr_carea' id='block_1_106' title="bbox 1985 4682 3572 4755">
    <p class='ocr_par' dir='ltr' id='par_1_106' title="bbox 1985 4682 3572 4755">
     <span class='ocr_line' id='line_1_106' title="bbox 1985 4682 3572 4755; baseline -0.005 -12"><span class='ocrx_word' id='word_1_822' title='bbox 1985 4688 2102 4744; x_wconf 91' lang='lat' dir='ltr'><strong>scio</strong></span> <span class='ocrx_word' id='word_1_823' title='bbox 2145 4697 2325 4743; x_wconf 84' lang='lat' dir='ltr'><strong>tamen</strong></span> <span class='ocrx_word' id='word_1_824' title='bbox 2367 4687 2594 4743; x_wconf 83' lang='lat' dir='ltr'><strong>virtutes</strong></span> <span class='ocrx_word' id='word_1_825' title='bbox 2635 4684 2776 4755; x_wconf 84' lang='lat' dir='ltr'><strong>ejus,</strong></span> <span class='ocrx_word' id='word_1_826' title='bbox 2819 4686 2873 4742; x_wconf 89' lang='lat' dir='ltr'><strong>id</strong></span> <span class='ocrx_word' id='word_1_827' title='bbox 2915 4693 3020 4752; x_wconf 88' lang='lat' dir='ltr'><strong>est,</strong></span> <span class='ocrx_word' id='word_1_828' title='bbox 3067 4683 3364 4754; x_wconf 82' lang='lat' dir='ltr'><strong>potentiam</strong></span> <span class='ocrx_word' id='word_1_829' title='bbox 3401 4682 3572 4736; x_wconf 80' lang='lat' dir='ltr'><strong>variis</strong></span> 
     </span>
    </p>
   </div>
   <div class='ocr_carea' id='block_1_107' title="bbox 1985 4775 3572 4851">
    <p class='ocr_par' dir='ltr' id='par_1_107' title="bbox 1985 4775 3572 4851">
     <span class='ocr_line' id='line_1_107' title="bbox 1985 4775 3572 4851; baseline -0.004 -16"><span class='ocrx_word' id='word_1_830' title='bbox 1985 4780 2322 4851; x_wconf 79' lang='lat' dir='ltr'><strong>temporibus</strong></span> <span class='ocrx_word' id='word_1_831' title='bbox 2358 4781 2410 4836; x_wconf 88' lang='lat' dir='ltr'><strong>in</strong></span> <span class='ocrx_word' id='word_1_832' title='bbox 2447 4780 2766 4836; x_wconf 83' lang='lat' dir='ltr'><strong>liberatione</strong></span> <span class='ocrx_word' id='word_1_833' title='bbox 2795 4779 3010 4836; x_wconf 85' lang='lat' dir='ltr'><strong>lsraelis</strong></span> <span class='ocrx_word' id='word_1_834' title='bbox 3040 4777 3359 4834; x_wconf 78' lang='lat' dir='ltr'><strong>exhibitam.</strong></span> <span class='ocrx_word' id='word_1_835' title='bbox 3398 4794 3418 4828; x_wconf 74' lang='grc' dir='ltr'><strong>ι</strong></span> <span class='ocrx_word' id='word_1_836' title='bbox 3456 4775 3572 4830; x_wconf 88' lang='lat' dir='ltr'><strong>Erit</strong></span> 
     </span>
    </p>
   </div>
   <div class='ocr_carea' id='block_1_108' title="bbox 1987 4865 3574 4944">
    <p class='ocr_par' dir='ltr' id='par_1_108' title="bbox 1987 4865 3574 4944">
     <span class='ocr_line' id='line_1_108' title="bbox 1987 4865 3574 4944; baseline -0.005 -16"><span class='ocrx_word' id='word_1_837' title='bbox 1987 4873 2194 4943; x_wconf 86' lang='lat' dir='ltr'><strong>itaque,</strong></span> <span class='ocrx_word' id='word_1_838' title='bbox 2233 4891 2251 4925; x_wconf 74' lang='grc' dir='ltr'><strong>ι</strong></span> <span class='ocrx_word' id='word_1_839' title='bbox 2289 4873 2485 4944; x_wconf 87' lang='lat' dir='ltr'><strong>inquit,</strong></span> <span class='ocrx_word' id='word_1_840' title='bbox 2523 4891 2542 4925; x_wconf 79' lang='grc' dir='ltr'><strong>ι</strong></span> <span class='ocrx_word' id='word_1_841' title='bbox 2581 4871 3036 4942; x_wconf 79' lang='lat' dir='ltr'><strong>Dominusjudex</strong></span> <span class='ocrx_word' id='word_1_842' title='bbox 3073 4871 3251 4925; x_wconf 84' lang='lat' dir='ltr'><strong>bonus</strong></span> <span class='ocrx_word' id='word_1_843' title='bbox 3280 4866 3460 4923; x_wconf 89' lang='lat' dir='ltr'><strong>domui</strong></span> <span class='ocrx_word' id='word_1_844' title='bbox 3491 4865 3574 4921; x_wconf 79' lang='lat' dir='ltr'><strong>ls-</strong></span> 
     </span>
    </p>
   </div>
   <div class='ocr_carea' id='block_1_109' title="bbox 1985 4957 3572 5034">
    <p class='ocr_par' dir='ltr' id='par_1_109' title="bbox 1985 4957 3572 5034">
     <span class='ocr_line' id='line_1_109' title="bbox 1985 4957 3572 5034; baseline -0.005 -13"><span class='ocrx_word' id='word_1_845' title='bbox 1985 4966 2120 5031; x_wconf 89' lang='lat' dir='ltr'><strong>raeI,</strong></span> <span class='ocrx_word' id='word_1_846' title='bbox 2163 4984 2182 5017; x_wconf 73' lang='grc' dir='ltr'><strong>ι</strong></span> <span class='ocrx_word' id='word_1_847' title='bbox 2221 4981 2330 5020; x_wconf 87' lang='lat' dir='ltr'><strong>non</strong></span> <span class='ocrx_word' id='word_1_848' title='bbox 2366 4980 2613 5031; x_wconf 86' lang='lat' dir='ltr'><strong>severus,</strong></span> <span class='ocrx_word' id='word_1_849' title='bbox 2651 4975 2707 5020; x_wconf 83' lang='lat' dir='ltr'><strong>at</strong></span> <span class='ocrx_word' id='word_1_850' title='bbox 2741 4965 3009 5034; x_wconf 77' lang='lat' dir='ltr'><strong>benignus</strong></span> <span class='ocrx_word' id='word_1_851' title='bbox 3043 4972 3096 5017; x_wconf 87' lang='lat' dir='ltr'><strong>et</strong></span> <span class='ocrx_word' id='word_1_852' title='bbox 3131 4962 3322 5016; x_wconf 86' lang='lat' dir='ltr'><strong>bonus.</strong></span> <span class='ocrx_word' id='word_1_853' title='bbox 3362 4957 3572 5015; x_wconf 66' lang='lat' dir='ltr'><strong>Iudicis</strong></span> 
     </span>
    </p>
   </div>
   <div class='ocr_carea' id='block_1_110' title="bbox 1983 5051 3568 5124">
    <p class='ocr_par' dir='ltr' id='par_1_110' title="bbox 1983 5051 3568 5124">
     <span class='ocr_line' id='line_1_110' title="bbox 1983 5051 3568 5124; baseline -0.005 -12"><span class='ocrx_word' id='word_1_854' title='bbox 1983 5058 2129 5112; x_wconf 91' lang='lat' dir='ltr'><strong>enim</strong></span> <span class='ocrx_word' id='word_1_855' title='bbox 2175 5057 2350 5113; x_wconf 88' lang='lat' dir='ltr'><strong>severi</strong></span> <span class='ocrx_word' id='word_1_856' title='bbox 2391 5054 2627 5112; x_wconf 76' lang='lat' dir='ltr'><strong>omcium</strong></span> <span class='ocrx_word' id='word_1_857' title='bbox 2671 5065 2754 5112; x_wconf 86' lang='lat' dir='ltr'><strong>est</strong></span> <span class='ocrx_word' id='word_1_858' title='bbox 2817 5069 2976 5124; x_wconf 60' lang='lat' dir='ltr'><strong>paena</strong></span> <span class='ocrx_word' id='word_1_859' title='bbox 3025 5051 3323 5108; x_wconf 86' lang='lat' dir='ltr'><strong>sceleribus</strong></span> <span class='ocrx_word' id='word_1_860' title='bbox 3367 5063 3568 5105; x_wconf 83' lang='lat' dir='ltr'><strong>conve-</strong></span> 
     </span>
    </p>
   </div>
   <div class='ocr_carea' id='block_1_111' title="bbox 1984 5143 3568 5219">
    <p class='ocr_par' dir='ltr' id='par_1_111' title="bbox 1984 5143 3568 5219">
     <span class='ocr_line' id='line_1_111' title="bbox 1984 5143 3568 5219; baseline -0.004 -15"><span class='ocrx_word' id='word_1_861' title='bbox 1984 5149 2170 5205; x_wconf 90' lang='lat' dir='ltr'><strong>niente</strong></span> <span class='ocrx_word' id='word_1_862' title='bbox 2205 5149 2421 5206; x_wconf 84' lang='lat' dir='ltr'><strong>allicere</strong></span> <span class='ocrx_word' id='word_1_863' title='bbox 2461 5158 2749 5219; x_wconf 88' lang='lat' dir='ltr'><strong>peccantes</strong></span> <span class='ocrx_word' id='word_1_864' title='bbox 2789 5189 2805 5210; x_wconf 90' lang='lat'><strong>,</strong></span> <span class='ocrx_word' id='word_1_865' title='bbox 2843 5145 2970 5202; x_wconf 90' lang='lat' dir='ltr'><strong>boui</strong></span> <span class='ocrx_word' id='word_1_866' title='bbox 3011 5154 3214 5208; x_wconf 88' lang='lat' dir='ltr'><strong>autem,</strong></span> <span class='ocrx_word' id='word_1_867' title='bbox 3253 5143 3568 5200; x_wconf 56' lang='lat' dir='ltr'><strong>misuricoré</strong></span> 
     </span>
    </p>
   </div>
   <div class='ocr_carea' id='block_1_112' title="bbox 1982 5236 3566 5312">
    <p class='ocr_par' dir='ltr' id='par_1_112' title="bbox 1982 5236 3566 5312">
     <span class='ocr_line' id='line_1_112' title="bbox 1982 5236 3566 5312; baseline -0.003 -17"><span class='ocrx_word' id='word_1_868' title='bbox 1982 5240 2127 5296; x_wconf 88' lang='lat' dir='ltr'><strong>diam</strong></span> <span class='ocrx_word' id='word_1_869' title='bbox 2145 5257 2362 5312; x_wconf 80' lang='lat' dir='ltr'><strong>capere,</strong></span> <span class='ocrx_word' id='word_1_870' title='bbox 2385 5254 2442 5296; x_wconf 89' lang='lat' dir='ltr'><strong>ut</strong></span> <span class='ocrx_word' id='word_1_871' title='bbox 2460 5241 2816 5296; x_wconf 80' lang='lat' dir='ltr'><strong>inﬁrmorum.</strong></span> <span class='ocrx_word' id='word_1_872' title='bbox 2839 5239 3028 5310; x_wconf 87' lang='lat' dir='ltr'><strong>Itaque</strong></span> <span class='ocrx_word' id='word_1_873' title='bbox 3051 5237 3224 5294; x_wconf 84' lang='lat' dir='ltr'><strong>bonus</strong></span> <span class='ocrx_word' id='word_1_874' title='bbox 3247 5236 3414 5308; x_wconf 80' lang='lat' dir='ltr'><strong>judex</strong></span> <span class='ocrx_word' id='word_1_875' title='bbox 3443 5251 3566 5290; x_wconf 89' lang='lat' dir='ltr'><strong>cum</strong></span> 
     </span>
    </p>
   </div>
   <div class='ocr_carea' id='block_1_113' title="bbox 1979 5328 3564 5405">
    <p class='ocr_par' dir='ltr' id='par_1_113' title="bbox 1979 5328 3564 5405">
     <span class='ocr_line' id='line_1_113' title="bbox 1979 5328 3564 5405; baseline -0.003 -18"><span class='ocrx_word' id='word_1_876' title='bbox 1979 5333 2081 5400; x_wconf 86' lang='lat' dir='ltr'><strong>sit,</strong></span> <span class='ocrx_word' id='word_1_877' title='bbox 2106 5334 2315 5388; x_wconf 88' lang='lat' dir='ltr'><strong>inducit</strong></span> <span class='ocrx_word' id='word_1_878' title='bbox 2342 5334 2499 5389; x_wconf 86' lang='lat' dir='ltr'><strong>nubis</strong></span> <span class='ocrx_word' id='word_1_879' title='bbox 2526 5349 2623 5405; x_wconf 85' lang='lat' dir='ltr'><strong>pro</strong></span> <span class='ocrx_word' id='word_1_880' title='bbox 2651 5332 3019 5389; x_wconf 86' lang='lat' dir='ltr'><strong>misericordia</strong></span> <span class='ocrx_word' id='word_1_881' title='bbox 3048 5345 3177 5398; x_wconf 87' lang='lat' dir='ltr'><strong>sua,</strong></span> <span class='ocrx_word' id='word_1_882' title='bbox 3204 5330 3256 5384; x_wconf 89' lang='lat' dir='ltr'><strong>id</strong></span> <span class='ocrx_word' id='word_1_883' title='bbox 3287 5336 3400 5393; x_wconf 89' lang='lat' dir='ltr'><strong>est,</strong></span> <span class='ocrx_word' id='word_1_884' title='bbox 3428 5328 3564 5383; x_wconf 84' lang='lat' dir='ltr'><strong>iram</strong></span> 
     </span>
    </p>
   </div>
   <div class='ocr_carea' id='block_1_114' title="bbox 1978 5421 3566 5498">
    <p class='ocr_par' dir='ltr' id='par_1_114' title="bbox 1978 5421 3566 5498">
     <span class='ocr_line' id='line_1_114' title="bbox 1978 5421 3566 5498; baseline -0.002 -18"><span class='ocrx_word' id='word_1_885' title='bbox 1978 5427 2373 5493; x_wconf 86' lang='lat' dir='ltr'><strong>moderabitur,</strong></span> <span class='ocrx_word' id='word_1_886' title='bbox 2427 5436 2482 5482; x_wconf 91' lang='lat' dir='ltr'><strong>et</strong></span> <span class='ocrx_word' id='word_1_887' title='bbox 2535 5426 2960 5498; x_wconf 79' lang='lat' dir='ltr'><strong>indignationem</strong></span> <span class='ocrx_word' id='word_1_888' title='bbox 3017 5439 3139 5479; x_wconf 91' lang='lat' dir='ltr'><strong>cum</strong></span> <span class='ocrx_word' id='word_1_889' title='bbox 3195 5421 3566 5478; x_wconf 81' lang='lat' dir='ltr'><strong>misericordia</strong></span> 
     </span>
    </p>
   </div>
   <div class='ocr_carea' id='block_1_115' title="bbox 1977 5513 3564 5588">
    <p class='ocr_par' dir='ltr' id='par_1_115' title="bbox 1977 5513 3564 5588">
     <span class='ocr_line' id='line_1_115' title="bbox 1977 5513 3564 5588; baseline -0.003 -16"><span class='ocrx_word' id='word_1_890' title='bbox 1977 5519 2325 5588; x_wconf 88' lang='lat' dir='ltr'><strong>temperabit.</strong></span> <span class='ocrx_word' id='word_1_891' title='bbox 2355 5518 2501 5575; x_wconf 89' lang='lat' dir='ltr'><strong>Inest</strong></span> <span class='ocrx_word' id='word_1_892' title='bbox 2529 5519 2673 5575; x_wconf 85' lang='lat' dir='ltr'><strong>enim</strong></span> <span class='ocrx_word' id='word_1_893' title='bbox 2706 5518 2754 5572; x_wconf 90' lang='lat' dir='ltr'><strong>ei</strong></span> <span class='ocrx_word' id='word_1_894' title='bbox 2789 5514 3076 5572; x_wconf 84' lang='lat' dir='ltr'><strong>multitudo</strong></span> <span class='ocrx_word' id='word_1_895' title='bbox 3102 5516 3348 5586; x_wconf 66' lang='lat' dir='ltr'><strong>iustitiae,</strong></span> <span class='ocrx_word' id='word_1_896' title='bbox 3377 5513 3429 5568; x_wconf 91' lang='lat' dir='ltr'><strong>id</strong></span> <span class='ocrx_word' id='word_1_897' title='bbox 3457 5521 3564 5574; x_wconf 82' lang='lat' dir='ltr'><strong>est.</strong></span> 
     </span>
    </p>
   </div>
   <div class='ocr_carea' id='block_1_116' title="bbox 1977 5605 3568 5681">
    <p class='ocr_par' dir='ltr' id='par_1_116' title="bbox 1977 5605 3568 5681">
     <span class='ocr_line' id='line_1_116' title="bbox 1977 5605 3568 5681; baseline -0.003 -17"><span class='ocrx_word' id='word_1_898' title='bbox 1977 5609 2042 5664; x_wconf 87' lang='lat' dir='ltr'><strong>ad</strong></span> <span class='ocrx_word' id='word_1_899' title='bbox 2059 5617 2328 5668; x_wconf 78' lang='lat' dir='ltr'><strong>summam</strong></span> <span class='ocrx_word' id='word_1_900' title='bbox 2357 5613 2536 5667; x_wconf 87' lang='lat' dir='ltr'><strong>omnis</strong></span> <span class='ocrx_word' id='word_1_901' title='bbox 2557 5611 2782 5680; x_wconf 61' lang='lat' dir='ltr'><strong>iustitia!</strong></span> <span class='ocrx_word' id='word_1_902' title='bbox 2810 5619 3008 5667; x_wconf 86' lang='lat' dir='ltr'><strong>sortem</strong></span> <span class='ocrx_word' id='word_1_903' title='bbox 3031 5607 3300 5681; x_wconf 87' lang='lat' dir='ltr'><strong>pervenit.</strong></span> <span class='ocrx_word' id='word_1_904' title='bbox 3327 5605 3487 5671; x_wconf 83' lang='lat' dir='ltr'><strong>liiuc,</strong></span> <span class='ocrx_word' id='word_1_905' title='bbox 3511 5614 3568 5659; x_wconf 82' lang='lat' dir='ltr'><strong>et</strong></span> 
     </span>
    </p>
   </div>
   <div class='ocr_carea' id='block_1_117' title="bbox 3101 5879 3241 5942">
    <p class='ocr_par' dir='ltr' id='par_1_117' title="bbox 3101 5879 3241 5942">
     <span class='ocr_line' id='line_1_117' title="bbox 3101 5879 3241 5942; baseline 0 0"><span class='ocrx_word' id='word_1_906' title='bbox 3101 5879 3241 5942; x_wconf 68' lang='grc'><strong>’44</strong></span> 
     </span>
    </p>
   </div>
  </div>
