4090 6216
533 330 556 384 1
565 329 671 386 587

1525 305 1580 361 S.
1623 299 1897 360 CYRILLI
1934 295 2408 357 ALEXANDRINI
2447 293 2767 354 ARCHIEP.

3687 283 3823 342 1383

531 442 748 515 quidem
780 451 885 492 non
917 431 1223 497 immerito,
1263 440 1374 483 non
1408 423 1636 479 omnino
1667 420 1993 492 impunitum
2031 418 2113 475 di-

2230 417 2329 490 γὰρ
2365 416 2575 471 ἔνεστιν
2608 410 2760 483 αὐτῷ
2785 406 3156 478 δικαιοσύνης,
3188 403 3498 470 τουτέστιν,
3536 400 3624 466 είς
3672 400 3824 472 λῆξιν

533 510 712 588 mittet
759 525 1050 588 lsraelem,
1097 521 1194 580 sed
1242 515 1527 573 clementia
1575 513 1794 585 potius,
1852 512 1930 567 uti
1975 510 2111 576 dixi,

542 626 678 680 iram
714 615 1060 688 temperabit.
1086 611 1330 668 Servata:
1359 612 1488 664 sunt
1518 605 1663 663 enim
1694 603 1956 674 reliquiae.

607 901 1005 968 Vens.8-l0.Et
1031 900 1166 956 dixit
1194 899 1453 954 Dominus
1469 911 1488 949 :
1511 893 1701 950 Nonne
1726 892 1948 963 populus
1971 907 2116 946 meus

535 1003 654 1057 est!
723 997 826 1067 ﬁlii
899 995 1000 1050 mei
1038 1009 1143 1048 non
1180 989 1552 1061 reprobabunt.
1587 984 1655 1039 Et
1691 985 1801 1053 ipse
1837 983 2009 1053 factus
2042 990 2120 1036 est

533 1094 610 1146 eis
673 1088 858 1150 saluti.
923 1101 988 1140 ex
1012 1083 1156 1141 omni
1184 1079 1476 1150 afﬂictione
1506 1090 1710 1131 eorum.
1739 1071 1864 1127 Non
1893 1072 2117 1140 legatus,

535 1197 639 1235 non
695 1177 934 1249 angelus,
993 1176 1086 1232 sed
1112 1174 1220 1242 ipse
1244 1169 1498 1226 Dominus
1523 1166 1742 1222 servavit
1765 1180 1874 1231 eos,
1897 1162 2119 1232 ecquod

534 1271 776 1340 diligeret
839 1284 949 1328 eos,
973 1276 1021 1322 et
1089 1272 1322 1333 parceret
1349 1262 1448 1316 eis.
1475 1257 1597 1328 Ipse
1630 1255 1840 1311 redemit
1871 1270 1981 1318 eos,
2002 1268 2121 1307 sus-

535 1365 702 1432 repit,
785 1359 948 1415 evexit
1031 1355 1271 1412 omnibus
1316 1353 1498 1407 diebus
1542 1348 1744 1404 sa'culi.
1790 1346 1858 1400 At
1895 1344 1974 1399 illi
2017 1359 2122 1397 non

535 1455 888 1516 crediderunt,
963 1460 1012 1505 et
1091 1447 1533 1504 exacerbauerunl
1577 1440 1837 1510 Spiritum
1879 1447 2123 1492 sanctum

535 1547 681 1616 ejus;
739 1551 787 1600 et
853 1555 1131 1596 conuersus
1172 1548 1247 1593 est
1286 1538 1359 1592 eis
1395 1538 1448 1591 in
1481 1532 1836 1595 inimicitiam,
1869 1528 2123 1584 Dominus

538 1639 650 1705 ipse
679 1632 994 1705 oppugnavit
1026 1645 1142 1686 eos.

2219 509 2436 578 ἀπάσης
2468 503 2753 576 διελήλακε
2781 499 3149 569 δικαιοσύνης.
3188 494 3493 567 Ταύτῃτοι,
3539 492 3644 552 καὶ
3683 493 3825 562 μάλα

2217 598 2466 666 εἰκότως,
2499 599 2600 652 οὐκ
2667 594 2846 650 ἀθῶον
2891 591 3123 648 είσάπαν
3177 590 3378 661 ἀφήσει
3423 587 3528 641 τὸν
3583 583 3822 656 Ἰσραὴλ,

2217 690 2514 764 ήμερότητι
2553 688 2610 742 δὲ
2643 685 2867 759 μᾶλλον,
2891 684 2968 748 ὡς
2994 682 3152 754 ἔφην,
3183 683 3410 754 κεράσει
3438 679 3514 734 τὰ
3551 677 3618 746 ἐξ
3636 677 3822 748 ὀργῆς.

2217 783 2494 839 Σέσωσται
2531 779 2640 852 γὰρ
2669 777 2732 833 τὺ
2762 775 3136 847 κατάλειμμα.

2289 875 2401 930 Kal
2431 870 2563 928 εἷπε
2600 872 2843 942 Κύριος.
2879 870 3005 938 Οὐχ
3041 869 3075 922 ό
3106 867 3258 942 λαός
3283 882 3440 936 μους
3487 863 3686 918 τέκνα
3711 879 3822 932 μου

2222 969 2293 1024 οὐ
2312 967 2400 1037 μὴ
2418 963 2812 1032 ἀθετήσουσι.
2841 961 2953 1016 Kal
2985 959 3226 1029 ἐγένετο
3255 956 3472 1023 αὐτοῖς
3511 957 3607 1020 εις
3642 969 3826 1022 σωτηο

2215 1058 2357 1129 ρίαν
2387 1057 2457 1112 ἐκ
2482 1055 2688 1123 πάσης
2702 1052 2966 1123 θλίψεως
2990 1049 3191 1112 αὐτῶν
3215 1064 3230 1078 ο
3269 1048 3341 1102 οὐ
3375 1045 3689 1114 πρέσϐυς,
3720 1044 3825 1096 οὐκ

2221 1148 2494 1219 ἅγγελος,
2545 1145 2684 1202 ἀλλ’
2724 1143 2907 1210 αὐτὸς
2941 1145 2973 1196 ὀ
3007 1142 3224 1210 Κύριος
3273 1137 3528 1199 ἔσωσεν
3585 1133 3823 1198 αὐτοὺς,

2225 1241 2324 1296 διὰ
2373 1239 2441 1294 τὸ
2493 1236 2736 1309 ἀγαπᾷν
2770 1234 3019 1301 αὐτοὺς,
3075 1231 3177 1286 καί
3215 1229 3543 1301 φείδεσθαι
3591 1225 3820 1280 αὐτῶν·

2223 1332 2406 1398 αὐτὸς
2438 1327 2820 1398 ἐλυτρώσατο
2845 1323 3093 1390 αὐτοὺς,
3113 1321 3213 1376 καὶ
3241 1320 3552 1376 ἀνέλαϐεν
3585 1318 3822 1382 αὐτοὺς,

2223 1424 2326 1478 καὶ
2381 1422 2634 1492 ὕψωσεν
2698 1416 2923 1482 αὐτοὺς
2985 1413 3190 1481 πάσας
3258 1411 3368 1480 τὰς
3430 1410 3677 1480 ἡμέρας
3725 1410 3823 1464 τοῦ

2222 1514 2457 1580 αἰῶνος.
2494 1511 2674 1566 Αὐτοὶ
2712 1507 2780 1564 δὲ
2813 1507 3176 1581 ἠπείθησαν,
3215 1504 3317 1560 καί
3349 1503 3734 1574 παρώξυναν
3761 1502 3820 1556 τὸ

2226 1607 2471 1676 Πνεῦμα
2507 1603 2574 1658 τὸ
2598 1603 2776 1674 ἅγιον
2807 1598 2994 1656 αὑτοῦ
3015 1615 3030 1631 ·
3074 1599 3177 1652 καί
3205 1596 3481 1666 ἐστράφη
3514 1594 3724 1663 αὐτοῖς
3742 1597 3822 1661 είς

2227 1699 2471 1768 ἔχθραν,
2506 1696 2722 1764 Κύριος
2746 1691 2929 1759 αὐτὸς
2951 1690 3333 1760 ἐπολέμησεν
3359 1689 3612 1756 αὐτούς.

613 1813 822 1866 Rursus
861 1810 990 1864 mihi
1033 1816 1216 1878 specta
1261 1806 1353 1861 Dei
1395 1817 1684 1873 personam
1725 1800 1908 1856 statim
1953 1797 2124 1853 intro-

2261 1753 2494 1862 ’.ἀθρῶ
2521 1753 2716 1859 δήψμοί
2746 1753 2920 1839 πάλιν
2937 1782 2999 1837 τὸ
3029 1753 3281 1836 τοῦνΘεοῦ
3311 1753 3618 1852 πρόσωπον
3649 1753 3833 1835 eius;

539 1905 792 1968 ductam,
829 1908 1034 1956 tantum
1070 1913 1177 1955 non
1214 1897 1540 1953 clamantem
1578 1901 1769 1955 contra
1806 1889 2122 1946 inobedieu-

543 1996 672 2049 tiam
705 1989 937 2048 lsraelis.
971 1988 1117 2044 Dixit
1146 1987 1327 2048 enim,
1361 1984 1568 2054 inquit,
1600 1982 1890 2045 Dominus,
1921 1980 1974 2036 id
2005 1986 2121 2047 est,

481 2091 494 2096 '
543 2087 660 2153 ipse
692 2081 1067 2137 universorum
1102 2078 1243 2134 Deus
1273 2095 1289 2132 :
1320 2075 1508 2130 Nonne
1542 2088 1642 2144 pro
1674 2072 1798 2126 [iliis
1833 2070 1994 2128 habui
2030 2085 2124 2139 po-

543 2175 758 2247 pulum?
787 2173 921 2228 Cum
958 2180 1138 2226 autem
1169 2169 1274 2224 hoc
1297 2180 1485 2222 verum
1519 2165 1589 2220 sit
1611 2181 1626 2218 :
1647 2163 1784 2219 dixit
1812 2161 1958 2218 enim
1991 2177 2006 2216 :
2037 2159 2125 2215 Fi-

545 2269 649 2324 lius
667 2263 1057 2336 primogenitus
1079 2274 1230 2316 meus
1252 2256 1452 2314 Israel:
1485 2270 1642 2310 nemo
1663 2253 1862 2324 poterit
1881 2253 2126 2308 dubitare

531 2359 676 2427 quin
702 2357 873 2412 durus
903 2354 1066 2409 fuerit
1093 2361 1146 2408 et
1175 2350 1578 2420 immorigerus.
1606 2347 1771 2418 881
1803 2344 1911 2402 Sed
1944 2353 2126 2400 tamen

527 2449 714 2506 vtilium
752 2447 1056 2515 ablegatum
1110 2443 1356 2514 recipiet.
1391 2440 1498 2496 Sed
1542 2452 1724 2494 nonne
1764 2439 1868 2493 hoc
1909 2435 2126 2490 tandem

545 2540 749 2602 evenit,
770 2549 868 2590 nec
887 2533 1177 2590 frustratus
1191 2540 1276 2586 est
1291 2544 1386 2600 spe
1400 2529 1492 2600 qui
1509 2528 1688 2584 omnia
1709 2526 1894 2582 novit?
1911 2525 2128 2582 Sciebat

533 2631 691 2686 enim
717 2626 923 2690 futura,
953 2621 1194 2692 nihilque
1223 2635 1346 2676 eum
1374 2633 1598 2690 prorsus
1628 2616 2000 2679 latet.,Verum
2029 2615 2130 2669 liu-

548 2737 710 2778 mano
755 2731 907 2774 more
952 2715 1219 2770 formatur
1259 2711 1524 2767 orationis
1569 2707 1807 2764 habitus.
1848 2705 1975 2762 "me
2020 2705 2128 2761 Deo

531 2812 782 2872 dicente,
814 2813 1044 2874 occupat
1081 2803 1368 2874 propheta,
1401 2809 1457 2854 et
1498 2785 1832 2867 stupiditatis
1871 2795 2033 2852 simul
2073 2807 2130 2852 et
2163 2855 2165 2860 ,

535 2899 955 2974 ,ingratitudinis
999 2905 1222 2952 accusat
1263 2892 1536 2958 Israelem,
1588 2885 1934 2962 ostenditque
1979 2891 2128 2945 illum

534 2995 815 3050 .bonorum
857 2989 960 3045 sibi
1003 2986 1324 3042 collatorum
1370 2993 1592 3049 prorsus
1637 2980 1804 3038 fuisse
1847 2982 2128 3038 immemo-

541 3101 689 3144 rem.
722 3102 746 3136 ι
783 3083 979 3138 Factus
1008 3089 1094 3136 est
1122 3079 1298 3141 enim,
1337 3095 1356 3127 ι
1396 3075 1602 3143 inquit.
1641 3093 1660 3127 ι
1698 3074 1806 3128 illis
1841 3073 2032 3139 saluti,
2062 3088 2130 3128 ex

549 3179 700 3236 omni
752 3175 1044 3232 aliiietione
1087 3187 1294 3228 eorum.
1352 3189 1370 3220 ι
1417 3167 1695 3235 Nemoque
1740 3175 1998 3236 praeterea
2043 3179 2136 3220 eos

553 3267 813 3333 servavit,
839 3279 944 3319 non
967 3263 1199 3330 legatus,
1219 3275 1328 3313 non
1353 3257 1599 3326 angelus,
1623 3254 1717 3310 sed
1744 3255 1857 3323 ipse
1881 3254 2136 3310 Dominus

543 3373 651 3430 per
670 3357 926 3423 seipsum.
952 3349 1211 3406 hliracula
1234 3346 1380 3402 enim
1405 3351 1664 3415 operatus
1687 3353 1772 3401 est
1797 3345 1852 3399 in
1879 3343 2134 3416 Egypto,

551 3454 835 3520 sequestra
857 3442 1078 3514 quidem
1104 3440 1311 3511 Moyse,
1337 3447 1710 3494 verumtamen
1738 3437 1852 3509 ipse
1878 3446 2018 3501 erat,
2045 3437 2136 3507 qui

541 3542 642 3598 illa
681 3538 989 3611 opinionem
1030 3541 1378 3602 mentemque
1418 3531 1737 3587 excedentia
1779 3531 2132 3600 operabatur.

547 3632 710 3689 Unde
750 3644 873 3686 cum
917 3625 1146 3682 vitulum
1190 3623 1516 3679 fabricasset
1562 3622 1749 3686 Israel,
1791 3622 2137 3692 oll‘ensusque

551 3733 699 3782 esset
732 3723 899 3788 Deus,
935 3733 999 3775 ac
1041 3716 1411 3774 denuntiasset
1449 3730 1510 3772 se
1549 3715 1799 3786 angelum
1841 3730 1962 3770 cum
2007 3715 2139 3784 ipsis

551 3815 882 3877 missurum,
919 3807 1144 3864 moleste
1176 3805 1298 3863 tulit
1328 3804 1569 3877 Moyses,
1604 3805 1792 3860 dicens
1821 3820 1835 3858 :
1874 3822 1893 3856 ι
1933 3803 2044 3860 Nisi
2082 3816 2136 3858 tu

552 3907 671 3976 ipse
699 3915 906 3973 praeas
937 3899 1092 3965 mihi,
1123 3911 1191 3954 ne
1221 3898 1422 3953 educas
1451 3909 1540 3951 me
1568 3895 1695 3952 hinc
1721 3895 1788 3950 ‘°.
1825 3912 1844 3947 ι
1880 3895 1999 3964 Ipse
2036 3895 2131 3949 ita—

551 4008 660 4066 que
685 4007 781 4063 per
805 3990 1042 4059 seipsum
1068 3986 1304 4044 servavit
1329 3999 1445 4050 eos,
1477 3999 1584 4040 non
1615 3983 1739 4054 quia
1769 3982 1822 4037 in
1850 3982 1954 4040 illis
1983 3981 2138 4052 quid-

547 4100 714 4159 quam
745 4081 1033 4147 inveniret,
1062 4078 1157 4134 sed
1188 4075 1560 4131 tantummodo
1588 4073 1736 4145 quod
1766 4071 2018 4143 diligeret
2042 4087 2138 4128 eos

557 4188 856 4246 curamque
889 4185 1079 4246 eorum
1123 4166 1368 4224 haberet.
1402 4165 1556 4232 Quod
1594 4165 1814 4221 evidens
1850 4177 2137 4236 argumen-

555 4280 669 4324 tum
693 4277 778 4324 est
809 4259 1247 4332 incomparabilis
1274 4255 1651 4320 humanitatis,
1676 4265 1732 4309 et
1757 4254 2138 4324 plaeabilitatis

552 4359 769 4416 divinae.
805 4352 1080 4411 Liberavit
1115 4364 1243 4422 ergo
1278 4349 1398 4413 illos
1433 4362 1463 4404 e
1494 4348 1655 4403 domo
1685 4345 1988 4411 servitutis,
2019 4361 2137 4402 sus-

2226 1877 2563 1954 κομισμένον
2590 1876 2771 1941 εὐθὺς,
2797 1869 3086 1946 μονονουχὶ
3126 1867 3556 1940 κατακεκραγδς
3598 1867 3698 1938 τῆς
3729 1867 3819 1920 τοῦ

2239 1968 2456 2042 Ἰσραὴλ
2509 1963 2816 2029 ἀπειθείας.
2869 1957 3007 2018 Elite
3035 1959 3167 2031 γὰρ,
3219 1960 3378 2031 φησι,
3408 1957 3642 2031 Κύριος,
3672 1975 3819 2014 τουτο

2228 2063 2398 2126 ἐστιν,
2433 2058 2594 2122 αὐτὸς
2629 2057 2658 2110 ὁ
2691 2055 2800 2110 τῶν
2832 2053 2970 2109 ὅλων
3007 2052 3163 2117 Θεόςο
3193 2052 3307 2106 Οὐκ
3329 2053 3387 2105 ὲν
3418 2049 3576 2116 τάξει
3616 2048 3819 2103 τέκνων

2227 2153 2669 2224 κατελογισάμην
2719 2149 2809 2204 τὸν
2864 2143 3034 2212 Mdv;
3090 2143 3316 2216 Ἐπειδὴ
3370 2143 3429 2196 δὲ
3474 2142 3636 2197 τοῦτο
3673 2140 3817 2194 ἐστὶν

2228 2245 2444 2316 ἀληθές·
2470 2244 2576 2314 ἔφη
2595 2242 2817 2316 γὰρ,ὃτι
2840 2239 2967 2303 Υἱὸς
2988 2237 3332 2310 πρωτότοκός
3351 2253 3453 2309 μου
3467 2233 3703 2306 Ἰσραήλο
3721 2232 3816 2286 οὐκ

2227 2337 2293 2390 ἂν
2316 2334 2606 2390 ἐνδοιάσειέ
2627 2351 2736 2398 τις,
2755 2333 2830 2396 tiu,
2851 2331 2954 2386 οὐκ
2982 2329 3137 2384 ἐσται
3169 2327 3424 2400 σκληρὸς,
3444 2327 3537 2382 καὶ
3564 2323 3812 2395 ἀπειθὴς.

2229 2427 2590 2499 Προσδέξεται
2620 2425 2677 2479 δὲ
2709 2422 2910 2496 μᾶλλον
2935 2421 3314 2476 ἀποσταλέντα
3347 2420 3438 2474 τὸν
3471 2419 3612 2473 Υίὸν.
3676 2403 3816 2475 Ἀλλ’

2227 2520 2328 2574 οὐκ
2371 2518 2640 2588 ἐκϐέϐηκε
2683 2516 2840 2571 τοῦτο
2888 2515 3024 2587 πρὸς
3065 2514 3257 2584 πέρας,
3307 2514 3397 2566 καὶ
3427 2512 3521 2580 οὐχ
3561 2511 3817 2580 ἥμαρτεν

2230 2609 2445 2674 ἐλπίδος
2475 2609 2505 2661 ὁ
2539 2609 2718 2662 πάντα
2762 2607 2918 2671 εἰδώς
2945 2624 2960 2639 ο
3013 2606 3276 2675 ἠπίστατο
3309 2603 3416 2672 γάρ
3445 2603 3514 2656 τὰ
3549 2601 3813 2671 ἐσόμενα.

2231 2702 2497 2756 Λανθάνει
2541 2702 2597 2754 δὲ
2637 2701 2801 2754 αὑτὸν
2843 2699 3117 2763 παντελῶς
3158 2697 3336 2751 οὐδὲν.
3391 2693 3714 2748 Πέπλασται
3759 2691 3814 2744 δὲ

2231 2791 2585 2862 ἀνθρωπίνως
2605 2790 2702 2845 τοῦ
2730 2790 2892 2859 λόγου
2925 2791 2985 2845 τδ
3009 2791 3211 2861 σχῆμα.
3243 2786 3430 2841 Ταῦτα
3452 2783 3585 2840 θεοῦ
3625 2783 3809 2852 λέγον-

2233 2901 2324 2949 τος
2365 2882 2633 2938 διαλαὸὼν
2661 2885 2690 2936 ὁ
2736 2884 3022 2954 προφήτης
3057 2878 3414 2948 ἀναισθησίας
3446 2892 3506 2930 τε
3551 2875 3685 2944 ὁμοῦ
3727 2875 3814 2927 καὶ

2231 2977 2552 3050 ἀχαριστίας
2592 2976 2860 3047 γράφεται
2895 2975 2988 3029 τὸν
3034 2973 3272 3048 Ἰσραὴλ,
3309 2969 3596 3039 ἀποφαίνει
3633 2968 3688 3020 δὲ
3725 2967 3812 3020 καὶ

2237 3071 2702 3142 ἀμνημονήσαντα
2735 3067 3014 3132 παντελῶς
3057 3067 3166 3121 τῶν
3207 3064 3593 3135 ὑπαρχθέντων
3637 3062 3812 3123 αὐτοῖς

2238 3163 2478 3231 ἀγαθῶν.
2515 3181 2533 3212 ι
2565 3162 2814 3231 Ἐγένετο
2840 3160 2950 3234 γὰρ
2983 3160 3188 3223 αὐτοῖς,
3220 3177 3238 3211 ι
3273 3157 3456 3227 φησὶν,
3490 3175 3510 3207 ι
3537 3155 3616 3217 είς
3640 3169 3812 3223 σωτη-

2240 3253 2360 3325 ρίαν
2413 3255 2477 3307 ὲκ
2541 3253 2722 3323 πάσης
2783 3253 3014 3322 θλίψεως
3077 3249 3298 3304 αὐτῶν·
3333 3268 3350 3300 ι
3391 3248 3572 3318 ἕτερος
3602 3245 3660 3300 δὲ
3688 3247 3814 3313 παρ’

2238 3344 2399 3398 αὐτὸν
2421 3344 2595 3408 οὐδεὶς
2618 3344 2856 3398 σέσωκεν
2886 3342 3106 3407 αὐτοὺς,
3140 3341 3203 3394 οὑ
3235 3339 3498 3410 πρέσϐυς,
3524 3338 3620 3391 οὐκ
3654 3336 3811 3404 ἀγγε⁹

2238 3437 2346 3499 λος,
2384 3438 2497 3490 ἀλλ’
2535 3437 2695 3499 αὐτὸς
2719 3436 2919 3508 Κύριος
2942 3437 3009 3490 δι’
3041 3433 3256 3488 ἑαυτοῦ.
3290 3430 3812 3502 Τεθαυματούργηκε

2239 3531 2347 3600 γὰρ
2393 3531 2450 3582 ὲν
2503 3527 2766 3598 Αἰγύπτῳ
2819 3525 3242 3598 μεσολαϐοῦντος
3279 3523 3378 3593 μὲν
3419 3522 3517 3576 τοῦ
3558 3521 3808 3582 Μωσέως,

2240 3621 2380 3693 πλὴν
2417 3620 2658 3691 ἐνεργῶν
2681 3619 2841 3684 αὐτὸς
2869 3619 2937 3673 τὰ
2973 3617 3270 3689 παράδοξα.
3314 3615 3428 3670 Καὶ
3447 3613 3581 3684 γοῦν
3608 3614 3697 3667 ὅτε
3727 3628 3811 3681 με·

2243 3712 2641 3782 μοσχοποίηκεν
2665 3711 2694 3762 ὁ
2736 3709 2972 3779 Ἰσραὴλ,
3023 3704 3140 3762 εἶτα
3179 3708 3314 3778 πρὸς
3343 3707 3501 3761 τοῦτο
3527 3705 3812 3772 λελύπηται

2239 3803 2390 3868 Θεὸς,
2425 3805 2517 3858 καὶ
2541 3803 2944 3871 συνεχπέμψειν
2970 3801 3152 3862 αὐτοῖς
3183 3799 3411 3869 ἄγγελον
3437 3796 3810 3868 ἐπηγγέλλετο,

2237 3893 2641 3964 δεδυσφόρηκεν
2675 3893 2705 3944 ὁ
2754 3891 2962 3961 Μωσῆς
3007 3890 3181 3959 λέγων
3211 3908 3225 3922 ο
3259 3910 3277 3941 ι
3308 3890 3372 3942 Ei
3423 3887 3500 3960 μὴ
3547 3889 3614 3941 σὺ
3663 3885 3810 3947 αὐτὸς

2240 3984 2487 4058 πορεύσῃ
2527 3984 2644 4055 μετ’
2697 3983 2857 4055 ἐμοῦ,
2917 3984 2992 4054 μή
3044 4000 3112 4054 με
3163 3982 3445 4055 ἀναγάγῃς
3493 3979 3760 4035 ἐντεῦθεν.
3788 3996 3804 4028 ι

2239 4078 2410 4142 Αὐτὸς
2443 4074 2534 4132 οὖν
2568 4077 2678 4150 ἄρα
2707 4077 2774 4130 δι’
2799 4073 2993 4132 ἑαυτοῦ
3045 4073 3281 4128 σέσωκεν
3312 4074 3531 4136 αὐτοὺς,
3573 4069 3811 4142 ἐσχηκὼς

2240 4171 2338 4240 μὲν
2386 4170 2515 4243 παρ’
2545 4169 2724 4224 αὐτῶν
2769 4168 2832 4227 τὸ
2861 4168 3084 4240 σύμπαν
3135 4165 3310 4230 οὐδὲν,
3352 4166 3511 4236 μόνον
3547 4163 3605 4217 δὲ
3641 4163 3730 4216 διὰ
3759 4161 3815 4215 τὸ

2238 4261 2459 4332 ἀγαπᾷν
2495 4259 2712 4325 αὐτοὺς,
2753 4259 2848 4314 καὶ
2881 4257 3142 4330 κήδεσθαι
3169 4256 3370 4311 αὐτῶν.
3395 4256 3563 4310 Τοῦτο
3591 4256 3648 4310 δέ
3676 4257 3814 4310 ἔστιν

2238 4349 2515 4416 ἀπόδειξις
2543 4351 2777 4422 ἐναργὴς
2814 4353 2912 4422 τῆς
2959 4349 3348 4421 ἀπαραελήτου
3390 4348 3815 4420 φιλανθρωπίας,

551 4454 725 4526 cepit,
771 4451 972 4509 evexit.
1013 4448 1213 4519 quue,
1258 4444 1472 4515 opinor,
1521 4451 1634 4506 est,
1685 4441 1829 4510 quod
1873 4441 2129 4512 principio

2241 4445 2336 4499 καὶ
2361 4443 2723 4515 γαληνότητος
2752 4443 2850 4514 τῆς
2875 4442 3213 4524 θεοπρεποῦς
3233 4459 3244 4471 ·
3283 4439 3626 4512 ὲλυτρώσατο
3641 4441 3818 4495 τοίνυν

548 4547 690 4602 dixit
724 4563 740 4600 :
783 4563 804 4597 ι
842 4541 1009 4598 Filios
1050 4537 1212 4612 genui
1273 4545 1329 4591 et
1369 4533 1548 4598 evexi,
1589 4551 1610 4586 ι
1650 4531 1703 4587 id
1745 4541 1851 4599 est,
1889 4531 2134 4598 educavi,

552 4634 640 4692 vel
667 4634 906 4701 insignes
935 4629 1180 4686 reddidi:
1218 4645 1236 4679 ι
1280 4626 1375 4684 sed
1405 4625 1479 4681 illi
1515 4629 1602 4680 me
1630 4617 1980 4694 repudiarunt
2008 4625 2072 4678 “.
2109 4643 2127 4675 ι

549 4726 706 4791 Illud,
739 4722 992 4779 omnibus
1019 4721 1210 4776 diebus
1239 4717 1442 4783 saeculi,
1479 4715 1790 4786 significare
1819 4723 2018 4786 potest,
2047 4716 2132 4785 ju-

550 4820 693 4892 giter
717 4827 773 4874 et
798 4822 1078 4886 perpetuo.
1108 4811 1257 4866 Adeo
1287 4810 1461 4865 bonus
1491 4809 1543 4863 in
1572 4808 1696 4865 illos
1724 4808 1827 4862 fuit
1851 4809 2131 4863 universo-

551 4927 675 4967 rum
703 4909 845 4964 Deus
873 4924 886 4961 :
916 4905 1010 4961 sed
1041 4903 1116 4959 illi
1145 4900 1522 4957 inobedientes
1545 4899 1903 4966 exstiterunt,
1925 4908 1981 4955 et
2003 4913 2132 4954 san-

551 5013 702 5061 ctum
738 4999 856 5069 eius
892 4997 1160 5070 Spiritum
1197 4995 1416 5050 irritare
1450 5006 1559 5048 non
1595 4991 1939 5049 destiterunt.
1975 4988 2128 5058 Quod

549 5096 710 5152 docet
738 5091 950 5148 divinus
979 5087 1167 5150 David,
1195 5084 1446 5155 inquiens
1473 5100 1488 5138 :
1526 5100 1546 5135 ι
1584 5082 1807 5150 Quoties
1833 5080 2127 5137 exacerba-

550 5196 677 5245 ruut
707 5201 831 5244 eum
870 5183 928 5238 in
964 5176 1214 5235 deserto?
1251 5175 1317 5230 ad
1355 5175 1492 5229 iram
1533 5173 1872 5229 concitarunt
1912 5187 2035 5229 eum
2071 5172 2126 5228 in

547 5289 693 5334 terra
730 5274 1006 5336 siticulosa
1029 5268 1118 5323 ⁸ίῖ
1164 5285 1185 5321 ι
1229 5264 1326 5321 Vel
1370 5262 1835 5320 exacerbaverunt
1860 5261 2123 5333 Spiritum

547 5368 772 5432 Christi,
805 5343 925 5420 duri
969 5371 1024 5417 et
1063 5359 1323 5426 immites,
1357 5353 1593 5412 elirenes
1631 5363 1689 5410 et
1730 5353 2120 5410 inobedientes.

549 5455 666 5511 Non
694 5455 839 5509 enim
866 5451 1191 5509 obedierunt
1219 5448 1291 5504 illi
1321 5445 1387 5502 ad
1415 5444 1645 5502 salutem
1672 5445 1904 5502 vocanti.
1937 5463 1957 5498 ι
1993 5445 2124 5501 Ver-

547 5563 640 5606 sus
675 5554 761 5602 est
805 5531 825 5596 ι
871 5545 1035 5615 igitur
1073 5561 1092 5595 ι
1138 5541 1242 5598 illis
1284 5540 1335 5596 iu
1377 5536 1742 5605 inimicitiam,
1778 5545 1831 5592 et
1867 5535 2126 5606 pugnavit

616 5726 664 5758 ’°
689 5725 858 5784 Exod.
898 5737 1090 5788 χχχιιι,
1125 5723 1208 5777 l5.

2232 4537 2429 4600 αὐτοὺς
2474 4534 2534 4601 ἐξ
2582 4535 2734 4589 οἴκου
2792 4534 3055 4601 δουλείας,
3109 4533 3390 4600 ἀνέλαϐεν,
3439 4531 3621 4603 ῦψωσε
3646 4550 3660 4562 ο
3733 4531 3820 4586 καὶ

2232 4627 2411 4694 τοῦτο,
2435 4621 2609 4698 οἶμαι,
2634 4625 2785 4680 ἐστὶν
2821 4626 2962 4698 ὅπερ
2987 4627 3045 4679 ὲν
3063 4626 3260 4696 ἀρχαῖς
3289 4623 3416 4694 ἔφη,
3445 4642 3466 4675 ι
3485 4623 3649 4684 Υἱοὺς
3673 4621 3821 4689 ἐγέν-

2229 4735 2389 4790 νησα,
2430 4717 2526 4772 καὶ
2556 4715 2771 4786 ῦψωσα,
2799 4736 2818 4770 ι
2852 4715 3152 4783 τουτέστιν,
3184 4712 3466 4784 ἐξέθρεψα,
3497 4713 3666 4783 ἢγουν
3709 4714 3819 4764 ἑπι-

2229 4811 2296 4880 σή
2305 4827 2436 4882 μους
2453 4808 2728 4881 ἀπέφηνα,
2751 4827 2771 4861 ι
2796 4809 2951 4866 αὐτοὶ
2966 4808 3025 4862 δέ
3041 4826 3111 4879 με
3131 4808 3421 4879 ἠθέτησαν.
3446 4826 3464 4858 ι
3489 4807 3562 4859 Τὸ
3577 4805 3631 4859 δὲ
3645 4806 3820 4868 πάσας

2225 4903 2325 4966 τὰς
2359 4901 2577 4974 ἡμέρας
2609 4901 2708 4957 τοῦ
2747 4901 2946 4966 αἰῶνος
2971 4902 3413 4971 κατασημήνειεν
3453 4899 3540 4966 ἀν,
3573 4897 3656 4960 τὸ,
3686 4898 3820 4950 ἀκαο

2233 4994 2540 5067 ταλήκτως,
2592 4994 2686 5049 καὶ⁸
2737 4992 3024 5067 διηνεκῶς,
3074 4991 3190 5047 ἀλλ’
3240 4986 3309 5062 ἦν
3355 4991 3455 5062 μὲν
3497 4990 3641 5042 οῦτω
3697 4988 3821 5060 περὶ

2233 5086 2432 5153 αὐτοὺς
2464 5085 2668 5157 ἀγαθὸς
2703 5087 2733 5140 ὁ
2760 5086 2871 5140 τῶν
2898 5084 3036 5140 ὅλων
3068 5084 3223 5149 Θεὸς,
3263 5083 3418 5140 αὐτοὶ
3441 5081 3498 5136 δὲ
3531 5081 3822 5151 γεγόνασιν

2233 5176 2481 5243 ἀπειθεῖς
2561 5178 2657 5234 καὶ
2717 5177 3150 5250 παροτρύνοντες
3213 5178 3274 5232 οὐ
3327 5176 3701 5232 διαλελοίπασι
3766 5175 3822 5228 τὺ

2235 5266 2462 5339 Πνεῦμα
2497 5268 2559 5322 τὸ
2587 5269 2741 5337 ἀγιον
2774 5268 2962 5322 αὐτοῦ.
2996 5269 3108 5323 Καὶ
3138 5267 3298 5323 τοῦτο
3337 5266 3541 5332 διδάξει
3583 5267 3762 5334 λέγων
3795 5267 3822 5318 ὁ
3862 5314 3882 5340 ν

2232 5358 2522 5422 θεσπέσιος
2558 5357 2726 5413 Δασίδ
2745 5374 2759 5390 ο
2800 5376 2820 5411 ι
2851 5360 3090 5424 Ποσάκις
3118 5358 3540 5432 παρεπίκραναν
3577 5358 3744 5411 αὐτὸν
3769 5360 3821 5410 ἐν
3865 5343 3882 5403 Ῐ

2229 5451 2299 5522 τῇ
2333 5448 2547 5522 ἐρήμῳ,
2591 5447 2951 5523 παρὼργισαν
2993 5451 3156 5505 αὐτὸν
3197 5451 3255 5506 ἐν
3299 5452 3372 5521 γῇ
3411 5448 3698 5520 ἀνύδρων
3756 5448 3819 5500 'il
3853 5438 3859 5444 ’

2232 5541 2371 5612 τάχα
2400 5538 2725 5614 παρώξυναν
2756 5542 2817 5597 τὸ
2855 5542 3080 5618 Πνεῦμα
3129 5541 3391 5614 Χριστοῦ,
3436 5539 3667 5611 σκληροὶ
3732 5539 3822 5591 aut

1289 5722 1328 5753 "
1361 5721 1464 5778 lsa.
1500 5737 1534 5788 ι,
1564 5721 1618 5776 2.
1697 5720 1741 5752 ¹¹
1766 5715 1909 5773 Psal.
1941 5730 2144 5783 Lxxvu,
2173 5713 2264 5770 ιυ.
