4042 6218
323 383 462 441 i389
1448 371 1511 429 IN
1550 367 1782 424 ISAIAM
1821 368 1948 422 LIB.
1998 365 2056 419 V.
2104 361 2341 418 TOMUS
2386 361 2446 418 V.
2991 409 2994 412 .
3432 355 3572 412 1590

320 495 623 568 ἀμείλικτοι
668 492 963 561 γεγονότες,
1009 488 1211 560 ὲξήνιοί
1254 505 1310 540 τε
1378 485 1472 539 καὶ
1507 483 1787 547 άπειθείςς
1824 483 1897 534 υὺ

2021 489 2189 536 :ontra
2216 493 2328 533 eos.
2355 497 2373 526 ι
2403 471 2831 542 Oportuiteuim.
2863 471 3097 540 oportuit
3123 484 3235 533 eos,
3265 469 3354 538 qui
3382 469 3573 524 horum

321 559 432 658 γάρ
466 559 927 656 ὑπήκουοναύτῷ
957 559 1210 635 καλοῦντι
1235 578 1372 648 πρὸς
1397 574 1689 646 σωτηρίαν.
1735 595 1752 624 ι
1790 575 1906 626 Ἑσ-

2021 569 2332 623 nirahilium
2365 565 2674 619 facinorum
2725 563 3074 616 immemores
3112 568 3288 625 erant,
3337 559 3579 627 nihilque

322 650 504 750 τράφη
533 650 758 730 ’-τοίνυν
803 692 820 724 ι
840 674 1025 734 αὐτοῖς
1048 673 1130 735 είς
1153 670 1372 741 ἔχθραν,
1400 668 1495 722 καὶ
1527 665 1908 736 πεπολέμηκεν

2021 661 2257 718 ttilitatis
2280 673 2345 711 ex
2375 657 2442 711 iis
2469 663 2744 724 ceperant,
2775 668 2872 721 per
2895 667 3017 721 quas
3041 652 3107 705 ad
3133 665 3325 706 omnes
3353 650 3578 706 virtutes

324 739 574 831 αῦτούςη
601 767 709 821 ἔδει
739 766 870 836 γὰρ,
885 765 993 818 ἔδει
1016 765 1144 826 τοὺς
1175 739 1283 816 τῶν
1308 759 1624 832 παραδόξων
1657 759 1907 828 ἀμνήμο-

2021 768 2097 809 ιοδ
2127 747 2346 822 perduci
2369 762 2584 818 aequum
2611 739 2741 810 fuit,
2765 759 2794 798 a
2822 742 3194 799 misericordia
3216 751 3272 796 et
3295 739 3584 795 dilectione

324 879 441 925 νας,
479 861 571 913 καὶ
599 861 720 912 κατ’
746 831 936 912 οὐδένα
963 857 1166 928 τρόπον
1195 831 1608 924 ὠφελημένους,
1635 850 1704 903 δι’
1729 843 1805 904 ὧν
1837 843 1907 919 ἦν

2021 845 2120 916 ejus
2185 843 2277 913 qui
2311 853 2536 898 servare
2566 836 2708 901 vult,
2740 833 3018 901 excidere,
3054 845 3289 902 eumque
3325 831 3430 886 illis
3466 844 3584 885 tau-

323 953 468 1014 εεκὸς
504 953 585 1014 είς
626 951 736 1004 πᾶν
773 950 954 1004 ὁτιοῦν
990 927 1184 1002 ἐλάσαι
1225 945 1336 1000 τῶν
1371 942 1906 1015 ἀνδραγαθημάτων,

2021 954 2164 1008 [nam
2196 934 2442 992 hostibus
2470 931 2726 999 deinceps
2757 927 3035 984 resistere.

323 1049 417 1102 καὶ
440 1045 680 1116 φειδοῦς,
712 1045 808 1098 καὶ
845 1044 1068 1114 ἀγάπης
1109 1040 1424 1097 άπολισθεϊν
1469 1037 1570 1109 τῆς
1609 1036 1763 1107 παρά
1803 1034 1898 1090 τοῦ
1940 1033 2132 1099 σώζειν
2201 1028 2496 1095 ἐθέλοντος,
2525 1025 2667 1080 ὥστε
2696 1023 2789 1078 καὶ
2813 1025 2872 1077 ὲν
2928 1017 3078 1086 τάξει
3109 1018 3367 1090 πολεμίου
3399 1017 3585 1071 λοιπὸν

321 1141 503 1193 δοκεῖν
534 1138 720 1202 αὐτοῖς
752 1137 1196 1193 ἀπανίστασθαι.

407 1234 714 1303 Ἐμνήσθη
745 1232 984 1302 ἡμερῶν
1007 1233 1280 1287 αἰωνίων.
1320 1231 1448 1286 Ποῦ
1475 1232 1509 1284 ό
1535 1227 1906 1292 ἀναϐιϐάσας

324 1326 392 1377 ἐκ
422 1324 522 1393 τῆς
558 1323 671 1393 τῆς
705 1324 780 1393 (Ι)
823 1324 928 1376 τὸν
963 1321 1216 1392 ποιμένα
1250 1321 1368 1374 τῶν
1407 1320 1751 1388 προϐάτωνς
1788 1316 1912 1371 ποῦ

327 1417 499 1470 ἔστιν
528 1419 561 1470 ὁ
600 1417 723 1482 θεὶς
763 1417 834 1470 ἐν
869 1416 1072 1482 αὐτοῖς
1115 1416 1182 1468 τὸ
1225 1414 1467 1482 Πνεῦμα
1509 1412 1575 1464 τὸ
1620 1410 1822 1480 ἄγνον;
1873 1411 1908 1462 d

327 1506 644 1576 ἀναγαγὼν
661 1507 736 1575 τῇ
749 1505 917 1574 δεξιᾷ
939 1505 1169 1574 Μωσῆν
1188 1521 1206 1568 ;
1240 1506 1298 1557 Ὀ
1313 1503 1586 1573 βραχίων
1603 1502 1713 1570 τῆς
1724 1501 1907 1568 δόξης

328 1599 514 1654 αὐτοῦ
553 1601 930 1668 κατίσχυσεν
967 1598 1124 1667 ὕδωρ
1161 1596 1281 1652 ἀπὸ
1325 1594 1651 1664 προσώπου
1697 1593 1902 1655 αὑτοῦ,

330 1689 580 1759 ποιῆσαι
633 1689 794 1756 αὐτῷ
845 1690 1035 1759 ὄνομα
1082 1689 1357 1742 αἰώνιον
1412 1687 1642 1755 ἤγαγεν
1687 1682 1914 1748 αὐτοὺς

329 1780 428 1835 διὰ
458 1779 566 1848 τῆς
605 1781 904 1846 ἀϐύσσου,
942 1782 1024 1846 ὡς
1051 1781 1242 1834 ἵππον
1277 1778 1354 1833 δι’
1383 1778 1630 1847 ἐρήμου,
1661 1777 1759 1829 καὶ
1799 1777 1909 1828 οὐκ
1949 1809 1988 1864 Β

330 1869 687 1933 ἐκοπίασαν,
740 1870 842 1925 καί
884 1870 966 1933 ὠς
1025 1869 1218 1938 κτήνη
1264 1867 1364 1921 διὰ
1409 1866 1652 1920 πεδίουν
1697 1864 1914 1929 κατέϐη

336 1961 573 2032 πνεῦμα
641 1963 803 2030 παρὰ
849 1962 1092 2029 Κυρίου.
1139 1960 1238 2014 καί
1271 1958 1592 2028 ὡδήγησεν
1653 1955 1873 2019 αὐτούς
1899 1969 1914 1986 ⁸

332 2052 520 2117 οὕτως
535 2051 892 2124 ἤγαγεςλτὰν
913 2053 1069 2110 λαόν
1094 2067 1234 2119 σου,
1260 2050 1370 2104 τοῦ
1400 2047 1650 2117 ποιῆσαι
1683 2044 1918 2112 σεαυτῷ

334 2143 521 2215 ὄνομα
557 2145 764 2212 δόξης.

404 2234 500 2297 Ei;
519 2234 722 2306 ἔχθραν
760 2237 944 2299 αὐτοῖς
983 2235 1389 2306 μεταϐληθῆναι
1421 2233 1593 2301 λέγων
1623 2231 1715 2285 τὸν
1748 2229 1921 2299 φειδοῖ

335 2324 430 2375 καὶ
471 2324 662 2394 ἀγάπη
691 2324 754 2376 τὸ
791 2325 924 2394 πρὶν
962 2326 1446 2397 κατευφραίνοντα,
1491 2322 1591 2386 τάς
1630 2321 1724 2376 τοῦ
1772 2320 1918 2392 πρά-

334 2427 546 2481 γματος
578 2412 759 2475 αἰτίας
790 2412 1068 2482 ἐξηγεῖται
1113 2413 1421 2484 χρησίμως.
1480 2410 1918 2482 Διεμνημόνευσε

334 2495 466 2565 γάρ,
499 2497 686 2567 φησὶν,
723 2498 891 2568 ηγουν
932 2498 1234 2570 ἀνεπόλησε
1273 2501 1373 2563 τὰς
1405 2500 1618 2570 ἡμέρας
1658 2500 1759 2562 τὰς
1784 2501 1919 2553 αἰω-

335 2586 502 2650 νίους,
563 2589 835 2652 τουτέστι,
893 2589 994 2652 τὰς
1049 2589 1575 2661 ἀειμνημονεύτους,
1635 2591 1724 2644 διά
1754 2591 1816 2644 τὸ
1861 2593 1919 2644 ὲν

337 2679 530 2742 αὐταῖς
557 2679 787 2734 πλεῖστά
817 2695 879 2732 τε
919 2680 1020 2732 ὅσα
1066 2680 1162 2733 καὶ
1199 2681 1452 2751 ἐξαίρετα
1483 2682 1740 2748 γενέσθαι
1785 2679 1918 2734 0mi-

339 2785 506 2839 ματα.
549 2769 644 2832 Τίς
680 2769 736 2821 δὲ
764 2771 795 2822 6
833 2769 1252 2840 μνημονεύσας;
1285 2772 1320 2824 6~
1345 2769 1684 2831 ἀναϐιϐάσας
1721 2771 1786 2823 ἐκ
1821 2771 1918 2840 τῆς

336 2859 444 2929 γῆς
483 2859 577 2912 τὸν
617 2859 848 2928 ποιμένα
873 2859 983 2913 τῶν
1009 2861 1332 2932 προϐάτωνς
1360 2863 1580 2914 Ἔοικεν
1610 2863 1669 2914 ὲν
1709 2861 1920 2924 τούτοις

336 2948 435 3018 τῆς
461 2947 810 3011 ἀναστάσεως
840 2949 1110 3002 ποιεῖσθαι
1143 2951 1365 3022 μνήμην
1391 2950 1486 3003 τοῦ
1512 2951 1726 3005 πάντων
1759 2950 1920 3020 ἡμῶν

339 3038 590 3108 Σωτῆρος
633 3038 872 3108 Χριστοῦ
896 3057 908 3067 ⁸
957 3042 986 3094 6
1030 3041 1138 3112 γάρ
1177 3042 1537 3105 ἀναϐιϐάσας,
1574 3042 1758 3114 φησὶν,
1799 3041 1920 3096 ἀντὶ

2079 1217 2246 1289 882
2272 1213 2434 1269 Vsus.
2466 1211 2648 1268 H-M.
2683 1211 2746 1263 Et
2777 1209 3080 1264 recordatus
3102 1217 3176 1263 est
3206 1207 3409 1262 dierum
3435 1218 3588 1262 reter-

2013 1325 2218 1364 norum.
2263 1305 2364 1360 Ubi
2419 1315 2494 1359 est
2509 1303 2598 1374 qui
2613 1302 2794 1356 eduxit
2809 1301 2876 1353 de
2907 1309 3046 1354 terra
3077 1310 3334 1368 pastorem
3373 1300 3588 1353 ouium?

2015 1402 2115 1456 Ubi
2137 1410 2213 1455 est
2241 1399 2334 1470 qui
2363 1398 2534 1467 posuit
2566 1397 2620 1448 in
2648 1396 2723 1448 eis
2753 1394 3010 1463 Spiritum
3042 1392 3324 1446 sanctum?
3349 1393 3439 1461 qui
3459 1395 3588 1446 edu-

2013 1493 2088 1544 xit
2117 1491 2332 1545 dextera
2373 1487 2629 1556 Moysen?
2665 1484 2950 1538 Brut-Itium
2972 1484 3157 1553 gloria:
3176 1498 3288 1537 sua:
3324 1484 3589 1552 superavit

2015 1598 2204 1652 aquam
2257 1600 2290 1636 a
2349 1583 2486 1648 facie
2518 1581 2651 1649 ejus,
2706 1591 2762 1632 ut
2803 1578 2996 1646 faceret
3039 1576 3140 1630 sibi
3175 1591 3362 1629 nomen
3397 1574 3588 1642 scrupi-

2016 1686 2241 1729 ternum.
2315 1672 2480 1726 Duxit
2555 1689 2640 1724 eos
2677 1688 2768 1740 per
2801 1671 3072 1741 abyssum,
3110 1679 3358 1738 tanquam
3397 1684 3589 1738 equum

2016 1781 2107 1833 per
2127 1763 2484 1827 solitudinem,
2505 1773 2550 1814 et
2570 1761 2957 1826 laboraverunt,
2989 1770 3036 1814 et
3069 1761 3203 1812 sicut
3227 1759 3471 1828 juntenta
3500 1775 3591 1824 per

2018 1869 2277 1923 campum.
2314 1851 2587 1905 Descendit
2621 1842 2835 1917 spiritus
2871 1866 2902 1902 η
2933 1847 3177 1909 Domino,
3208 1857 3255 1900 et
3275 1848 3384 1900 dum
3405 1863 3584 1900 eorum

2019 1947 2138 2014 fuit.
2174 1945 2264 2000 Sic
2301 1945 2501 1998 duxisti
2539 1943 2785 2011 populum
2834 1951 3002 2006 tuum,
3038 1951 3092 1993 ut
3129 1939 3325 2009 faceres
3357 1940 3448 1993 tibi
3494 1956 3590 1993 uo-

2021 2054 2135 2092 rum
2164 2039 2363 2107 gloria’.

2087 2215 2222 2271 Cum
2271 2214 2470 2269 dixerit
2513 2227 2573 2268 se
2619 2225 2938 2268 conversum
2986 2225 3106 2268 esse
3151 2209 3203 2266 iu
3248 2209 3592 2265 inimicitiam

2022 2308 2157 2371 illis,
2185 2307 2277 2376 qui
2309 2307 2458 2376 prius
2490 2320 2586 2361 eos
2622 2303 2994 2360 misericordia
3025 2313 3078 2360 et
3111 2303 3382 2359 charitate
3413 2303 3595 2356 subte-

2021 2402 2170 2456 vavit
2211 2410 2266 2454 et
2307 2400 2650 2465 exhilaravit,
2693 2411 2888 2454 causas
2929 2396 3150 2465 hujusce
3177 2397 3272 2452 rei
3313 2397 3596 2452 commode

2020 2489 2258 2560 exponit.
2290 2487 2348 2542 In
2379 2488 2694 2542 memoriam
2726 2487 3001 2543 revocavit
3029 2486 3172 2539 enim
3192 2525 3206 2550 ,
3242 2485 3448 2553 inquit,
3479 2485 3596 2538 ani-

2021 2593 2218 2649 moque
2241 2576 2500 2634 volutavit
2523 2577 2641 2630 dies
2668 2585 2922 2637 :cteruos,
2945 2574 2998 2627 id
3026 2582 3128 2636 est,
3154 2585 3369 2640 semper
3393 2585 3596 2625 memo-

2021 2672 2240 2733 rabiles.
2290 2677 2512 2739 propter
2551 2667 2719 2722 multa
2763 2675 2818 2720 ct
2861 2665 3060 2720 eximia
3107 2665 3159 2719 iu
3209 2664 3314 2719 illis
3356 2664 3596 2733 praestita

2023 2760 2304 2816 miracula.
2336 2759 2468 2826 Quis
2504 2767 2684 2812 autem
2726 2756 3040 2816 recordatus
3069 2755 3190 2810 est?
3217 2755 3351 2822 Quis
3383 2756 3472 2811 ille
3503 2757 3595 2827 qui

2019 2850 2209 2908 eduxit
2241 2850 2307 2904 de
2343 2859 2486 2904 terra
2522 2856 2793 2917 pastorem
2826 2845 3105 2902 omnium?
3135 2845 3358 2900 Videtur
3386 2846 3476 2903 hic
3508 2862 3595 2902 re-

2021 2940 2376 2997 surrectionis
2392 2939 2632 2994 omnium
2651 2947 2893 2992 nostrqu
2913 2937 3428 2992 ScrvatorisChristi
3448 2953 3598 2992 ruen-

2025 3037 2224 3089 tionem
2270 3033 2472 3088 facere.
2512 3030 2614 3097 Qui
2660 3031 2880 3092 eduxit,
2927 3030 3134 3099 inquit,
3175 3028 3260 3083 vel
3304 3030 3597 3085 ascendere

336 3128 453 3191 τοῦ,
473 3131 502 3181 6
527 3131 838 3200 ἀναστήσας
881 3132 990 3184 ἀπὸ
1017 3133 1123 3202 γῆς
1150 3133 1242 3187 τὸν
1270 3133 1491 3188 πάντων
1527 3136 1916 3210 ἀρχιποιμένα,

2024 3124 2186 3190 fecit,
2219 3138 2318 3194 pro
2349 3141 2364 3177 :
2400 3122 2500 3189 Qui
2531 3120 2790 3176 excitavit
2817 3135 2849 3175 e
2881 3128 3024 3173 terra
3055 3119 3295 3172 omnium
3325 3133 3598 3174 summum

337 3218 648 3286 ἀναστήσας
671 3219 725 3271 δὲ
747 3221 869 3290 οὐχὶ
897 3222 1115 3286 πάντως
1152 3223 1218 3276 ἑκ
1245 3223 1474 3294 νεκρῶν,
1515 3225 1632 3279 ἀλλ’
1656 3223 1767 3281 οἷον
1787 3230 1918 3282 ἀνα-

335 3306 515 3371 δείξας
545 3307 604 3373 ἐξ
641 3308 978 3380 ἀνθρώπων
1002 3313 1194 3382 γέγονε
1230 3314 1339 3385 γάρ
1375 3315 1452 3378 ὡς
1498 3311 1579 3378 εἷς
1625 3317 1684 3383 ἐξ
1740 3319 1916 3387 ἡμῶν,

338 3397 594 3467 γέννησιν
641 3399 943 3468 ὑπομείνας
990 3401 1090 3469 τὴν
1129 3403 1272 3454 κατὰ
1303 3403 1482 3472 σάρκα
1519 3405 1583 3456 ὲκ
1612 3407 1869 3471 γυναικὸς
1891 3410 1920 3460 ό

341 3490 638 3560 μονογενὴς
667 3488 763 3540 τοῦ
803 3489 1015 3559 Πατρὸς
1051 3489 1246 3558 Λόγος.
1297 3492 1520 3563 Ἐπειδὴ
1549 3494 1627 3558 δὲ,
1651 3494 1726 3559 ὠς
1760 3495 1917 3566 ἔφην,

338 3579 729 3651 ἀμνημόνευτα
761 3577 994 3632 εἰσάπαν
1023 3579 1124 3650 τῆς
1153 3580 1305 3650 παρὰ
1332 3580 1469 3634 Θεοῦ
1512 3583 1920 3655 μεγαλουργίας

340 3671 530 3724 ἐθεᾶτο
551 3671 645 3724 τὸν
697 3670 932 3742 Ἰσραὴλ,
979 3673 1263 3743 μονονουχὶ
1298 3675 1678 3745 κατατὲθηπεν
1715 3677 1744 3729 6
1785 3693 1920 3748 προ-

340 3764 538 3833 φήτης,
567 3761 662 3814 καὶ
681 3762 762 3826 είς
784 3760 944 3816 τοῦτο
974 3761 1242 3827 πεσόντας
1276 3764 1634 3834 ἀναισθησίας
1661 3766 1922 3839 ὀλοφύρεν

339 3869 430 3906 ται
464 3851 639 3919 λέγων
666 3865 681 3880 ⁶
720 3869 740 3902 ι
773 3849 883 3904 Ποῦ
912 3851 1060 3904 ἔστιν
1095 3852 1125 3905 6
1149 3851 1264 3916 θεὶς
1296 3853 1356 3906 ἐν
1388 3853 1572 3917 αὐτοῖς
1609 3853 1671 3908 τὸ
1697 3855 1921 3925 Πνεῦμα

341 3945 403 3997 τὸ
438 3944 613 4012 άγιον,
639 3962 658 3995 r
683 3944 980 4008 τουτέστιν,
1003 3946 1032 3998 6
1058 3944 1360 4016 ἐπιστήσας
1391 3947 1449 3999 ὲν
1472 3945 1657 4010 αὐτοῖς
1685 3946 1748 3999 τὸ
1779 3945 1921 4001 θεῖον

341 4033 508 4090 αὑτοῦ
550 4036 648 4091 καὶ
691 4037 961 4104 σωτήριον
1002 4033 1245 4106 Πνεῦμα.
1276 4035 1499 4105 Κατέδη
1535 4035 1648 4108 γὰρ
1694 4035 1921 4106 Πνεῦμα

341 4127 495 4199 παρᾶ
523 4127 751 4197 Κυρίου,
799 4127 893 4180 καὶ
919 4126 1203 4198 ὡδήγησεν
1235 4127 1452 4192 αὐτοὺς,
1479 4128 1664 4198 φησίν.
1697 4128 1840 4198 Ἔφη
1863 4127 1920 4182 δὲ

342 4223 439 4277 καὶ
467 4222 496 4274 6
522 4220 804 4284 θεσπέσιος
833 4219 1020 4284 Δαὸὶδ,
1041 4220 1124 4274 ὅτι
1164 4239 1184 4272 ι
1222 4219 1602 4286 Ἐξαπὲστειλε
1621 4218 1718 4273 τὸν
1747 4220 1922 4289 Λόγον

343 4312 532 4377 αὑτοῦ,
558 4314 652 4367 καὶ
685 4312 875 4367 ἰάσατο
901 4311 1118 4376 αὐτούς.
1146 4331 1166 4365 ι
1205 4312 1267 4367 '0
1287 4313 1346 4366 δὲ
1371 4311 1576 4383 Κύριος
1605 4313 1669 4366 τὸ
1705 4313 1921 4384 πνεῦμα

341 4401 513 4468 ἐστὶν,
564 4405 778 4475 ἐνεργεῖ
816 4403 924 4477 γάρ
971 4403 1062 4458 διὰ
1111 4403 1208 4458 τοῦ
1259 4403 1544 4475 ὁμοουσίου
1584 4404 1918 4476 Πνεύματος.

2023 3226 2318 3287 pastorem,
2345 3215 2437 3286 qui
2465 3213 2741 3277 excitavit,
2767 3212 3007 3280 inquam,
3034 3225 3138 3265 non
3161 3209 3332 3266 solum
3353 3223 3419 3265 ex
3447 3226 3597 3266 mor—

2024 3308 2164 3376 tuis,
2204 3307 2297 3362 sed
2341 3306 2492 3360 velut
2530 3304 2747 3374 erigens
2787 3317 2854 3356 cx
2902 3301 3231 3356 hominibus.
3277 3301 3473 3357 Factus
3513 3311 3600 3358 est

2019 3402 2164 3455 enim
2195 3408 2448 3467 tanquam
2481 3412 2621 3451 unus
2650 3411 2715 3450 ex
2747 3395 2924 3460 nobis,
2951 3403 3129 3449 ortum
3159 3394 3365 3451 habens
3389 3397 3600 3453 ratione

2021 3491 2201 3546 carnis
2229 3491 2296 3546 de
2326 3489 2576 3554 muliere,
2603 3488 2835 3556 unigena
2865 3485 3042 3541 Patris
3073 3486 3286 3542 Sermo.
3311 3489 3416 3543 Sed
3447 3490 3596 3560 quia,
3631 3487 3634 3494 ’

2023 3593 2078 3636 ut
2115 3580 2253 3645 dixi,
2291 3580 2636 3649 conspicatus
2668 3588 2754 3633 est
2791 3576 3051 3646 propheta
3090 3575 3341 3632 lsraelem
3377 3582 3598 3635 oruniuu

2021 3674 2244 3728 oblitum
2275 3672 2471 3726 divinas
2507 3669 2953 3740 magniﬁcentiae,
2991 3677 3198 3722 tantum
3236 3683 3342 3723 non
3378 3679 3598 3741 stupore

2022 3761 2279 3818 confusus
2313 3770 2424 3827 est,
2456 3771 2511 3815 et
2541 3775 2607 3814 eo
2637 3758 2966 3828 stupiditatis
2998 3759 3179 3827 lapsos
3209 3759 3482 3828 deplorat,
3514 3762 3599 3817 di-

2021 3866 2152 3908 cens
2190 3870 2206 3907 :
2250 3871 2270 3905 ι
2316 3851 2417 3908 Ubi
2454 3861 2539 3907 est
2573 3850 2664 3920 qui
2708 3849 2886 3919 posuit
2923 3849 2976 3902 in
3023 3846 3128 3902 illis
3171 3847 3430 3918 Spiritum
3470 3864 3598 3907 san-

2021 3943 2203 4000 ctum?
2237 3963 2256 3996 s
2293 3945 2344 3998 id
2381 3951 2493 4008 est,
2521 3942 2613 4011 qui
2652 3940 2880 3996 inseruit
2917 3939 3022 3994 illis
3055 3938 3298 3994 divinum
3338 3955 3495 3998 suum
3532 3957 3598 3998 ac

2022 4037 2311 4094 salutarem
2342 4035 2638 4106 Spiritum?
2669 4033 2957 4090 Descendit
2993 4032 3137 4088 enim
3171 4031 3404 4103 Spiritus
3434 4052 3464 4089 a
3495 4036 3598 4090 Do-

2024 4131 2188 4195 mino,
2218 4137 2272 4183 et
2298 4129 2451 4183 duxit
2476 4141 2589 4183 eos.
2616 4125 2783 4182 Porro
2805 4124 3020 4182 divinus
3047 4128 3210 4182 David
3239 4127 3315 4182 ait
3344 4144 3361 4183 :
3395 4146 3413 4179 ι
3450 4128 3596 4182 Emi-

2022 4224 2095 4279 sit
2123 4222 2355 4278 Verbum
2387 4235 2566 4283 suum,
2597 4229 2652 4274 et
2682 4218 2895 4274 sanavit
2926 4233 3022 4274 eos
3039 4220 3105 4274 “.
3145 4239 3164 4272 ι
3203 4219 3460 4274 Dominus
3494 4235 3599 4273 au-

2025 4322 2132 4369 tem
2164 4312 2389 4383 spiritus
2419 4321 2500 4367 est
2519 4310 2588 4364 ".
2609 4309 2879 4380 Operatur
2905 4310 3050 4365 enim
3084 4325 3181 4380 per
3207 4309 3469 4382 Spiritum
3503 4312 3598 4381 qui

2022 4403 2246 4475 aqualis
2281 4411 2365 4459 est
2406 4401 2746 4459 substantia}.
2784 4400 2887 4457 Ubi
2931 4410 3015 4458 est
3052 4401 3219 4472 ergo?
3246 4416 3346 4472 pro
3371 4440 3388 4468 ,
3436 4402 3598 4458 Ohliti

345 4494 456 4549 Ποῦ
489 4494 668 4548 τοίνυν
722 4496 900 4564 ὲστίνς
935 4497 1057 4552 ἀντὶ
1101 4495 1221 4561 τοῦ,
1270 4496 1628 4562 ἐπελάθοντο,
1677 4499 1774 4552 καὶ
1818 4499 1919 4552 οὐκ

2021 4504 2170 4561 sunt,
2199 4503 2255 4549 et
2289 4510 2393 4549 non
2427 4493 2792 4564 quaesiverunt
2823 4507 2972 4558 eum,
3027 4493 3363 4550 recordando
3392 4493 3602 4549 scilicet

343 4584 679 4658 ἐξεζήτησαν
701 4587 886 4651 αὐτὸν,
919 4588 1009 4642 διά
1041 4588 1139 4642 τοῦ
1172 4588 1483 4660 μεμνῆσθαι
1517 4588 1781 4660 δηλονότι,
1823 4591 1920 4644 καὶ

341 4681 562 4751 ἀγαπᾷν
591 4678 774 4736 αὐτόν.
798 4677 908 4732 Ποῦ
932 4681 961 4732 6
989 4681 1279 4749 ἀναγαγὼν
1299 4684 1364 4753 τῇ
1391 4681 1541 4754 δεξιᾷ
1561 4683 1653 4735 τὸν
1679 4681 1914 4752 Μωσῆνς

343 4771 534 4838 Μέγας
569 4767 640 4841 ἦν
677 4771 708 4823 6
744 4770 952 4841 Μωσῆς
993 4771 1022 4824 6
1064 4771 1346 4842 διαϐόητός
1393 4790 1452 4827 τε
1487 4773 1580 4826 καὶ
1625 4771 1823 4843 ὑψηλὸς
1857 4772 1916 4826 ὲν

343 4859 597 4932 εὐκλείᾳο
641 4861 974 4930 ὕπεμφαίνει
1017 4860 1076 4914 δὲ
1117 4861 1276 4915 τοῦτο
1306 4863 1387 4930 τὸ,
1429 4864 1741 4934 ἀναγαγὼν,
1765 4866 1918 4934 ἔνερ-

253 5017 256 5020 ῃ
341 4948 544 5022 γούσης
565 4950 634 5004 δι’
654 4950 818 5004 αὑτοῦ
830 4951 928 5022 τῆς
950 4951 1044 5006 τοῦ
1071 4953 1208 5006 Θεοῦ
1231 4953 1429 5022 δεξιᾶς.
1451 4972 1471 5009 t
1488 4957 1548 5010 '0
1566 4955 1804 5029 βραχίων
1818 4957 1919 5026 τῆς

340 5042 500 5113 δόξης
542 5041 892 5112 κατίσχυσεν,
927 5061 948 5096 s
987 5043 1022 5115 ἢ
1073 5046 1505 5116 κατηγωνίσατο,
1543 5049 1638 5102 καὶ
1668 5048 1918 5118 νενίκηκε

341 5132 442 5200 τὴν
462 5130 572 5185 τῶν
597 5131 803 5185 ὑδάτων
839 5131 999 5201 φύσιν
1037 5134 1326 5206 συμπήξας
1353 5136 1513 5190 αὐτά.
1556 5135 1783 5205 Ἑπάγει
1809 5137 1920 5208 γάρ

342 5223 474 5274 ὡσεὶ
503 5225 679 5293 τεῖχος
704 5222 772 5276 τά
809 5221 999 5288 ὕδατα,
1029 5225 1217 5296 φησὶν,
1251 5227 1418 5297 ἤγουν
1445 5228 1586 5281 αὑτά
1622 5229 1918 5300 κατίσχυσε

339 5312 411 5365 τά
439 5311 626 5375 ὕδατα,
667 5313 808 5366 ὥστε
845 5315 940 5368 καὶ
978 5315 1141 5385 πῆξιν
1184 5316 1494 5388 ὑπομεῖναι,
1541 5319 1717 5372 καίτοι
1755 5319 1918 5389 φύσιν

341 5405 533 5474 ἔχοντα
561 5405 660 5476 τὴν
695 5405 888 5477 ὑγράν.
922 5402 1255 5480 Πεπλήρωκε
1291 5409 1351 5464 δὲ
1391 5411 1484 5466 καὶ
1525 5410 1702 5484 τοῦτο,
1729 5413 1915 5487 φησὶν,

412 5575 458 5608 ’⁸
482 5577 622 5631 Psal.
650 5592 760 5642 cvi.
788 5578 877 5634 νο.
956 5581 1001 5612 ³⁸
1030 5580 1186 5639 Joan.
1221 5599 1300 5649 tv,
1328 5585 1420 5641 24.

411 5754 488 5825 (Ι)
517 5753 803 5828 Θαλάσσης
839 5755 1000 5816 LXX.

2022 4595 2080 4642 et
2104 4584 2374 4655 diligendo
2399 4600 2545 4641 eum.
2573 4583 2674 4641 Ubi
2701 4593 2784 4640 est
2805 4584 2896 4655 qui
2918 4585 3105 4640 eduxit
3127 4585 3320 4640 dextra
3346 4583 3598 4654 Moysen?

2023 4677 2247 4747 Magnus
2281 4676 2383 4732 fuit
2415 4677 2646 4748 Moyses.
2684 4677 3014 4748 percelebris
3049 4686 3104 4732 et
3139 4677 3397 4748 dignitate
3431 4676 3600 4730 suhlio

2023 4771 2146 4826 mis.
2178 4768 2342 4837 quue
2376 4768 2682 4823 subindicat
2713 4783 2729 4824 :
2759 4766 2980 4834 Eduxit,
3012 4778 3271 4839 operante
3303 4782 3398 4837 per
3426 4765 3598 4835 ipsum

2022 4863 2203 4917 divina
2237 4861 2480 4916 dextera.
2518 4878 2538 4912 ι
2578 4859 2866 4915 Brachium
2901 4861 3086 4930 gloriae
3120 4859 3419 4930 superavit,
3457 4875 3477 4908 ι
3515 4855 3598 4911 \el

2023 4951 2370 5024 expugnavit,
2405 4962 2460 5008 et
2492 4952 2622 5007 vicit
2652 4963 2900 5006 naturam
2935 4965 3197 5019 aquarum
3219 4949 3450 5014 ,sislcits
3481 4961 3595 5001 eas.

2025 5043 2233 5101 lnducit
2263 5044 2408 5102 enim
2437 5044 2584 5100 velut
2618 5058 2830 5098 murum
2868 5055 3055 5112 aquas,
3094 5041 3288 5110 inquit.
3322 5037 3416 5094 Vel
3452 5039 3604 5107 ipsas.

2027 5151 2196 5207 aquas
2253 5137 2483 5208 repulit,
2540 5134 2708 5207 883
2760 5149 2824 5189 ac
2879 5132 3174 5202 superavit,
3227 5131 3299 5184 ita
3368 5137 3430 5182 ut
3479 5127 3598 5182 sisti

2026 5241 2087 5282 se
2118 5237 2456 5298 paterentur,
2491 5228 2702 5284 etiamsi
2738 5234 2986 5280 naturam
3023 5224 3260 5278 habeant
3297 5222 3594 5277 humidam.

2024 5316 2270 5389 Implevit
2316 5321 2438 5388 hoc,
2480 5319 2672 5390 inquit,
2715 5327 2775 5371 ut
2815 5316 2919 5372 sibi
2966 5329 3161 5370 nomen
3207 5315 3597 5384 sempiternum

2024 5412 2352 5484 acquireret.
2390 5412 2515 5470 Sive
2557 5410 2701 5468 enim
2743 5410 2845 5466 hoc
2887 5407 3086 5464 factum
3127 5414 3232 5474 est,
3273 5405 3388 5462 sive
3432 5403 3596 5459 etiam
