4090 6216
487 338 612 396 I391

1468 327 1525 382 S.
1567 325 1836 384 CYRILLI
1876 326 2346 388 ALEXANDRINI
2383 324 2701 386 ARCHIEP.

3603 323 3629 372 1
3643 318 3753 374 392

482 453 916 512 administratum
956 449 1120 504 fuerit
1175 463 1271 519 per
1302 446 1761 516 sapientissimum
1832 447 2052 518 Moysen

2170 451 2244 503 ἵνα
2270 445 2445 518 ἐαυτῷ
2469 442 2800 516 περιποιήσῃ
2828 440 2998 509 ὄνομα
3021 435 3236 490 αἰώνιον
3255 450 3268 463 ο
3302 432 3423 485 εἴτι
3450 429 3569 500 γὰρ
3593 430 3755 500 γέγο-

482 546 584 600 boc
609 545 662 598 in
690 542 914 614 gloriam
947 540 1039 596 Dei
1061 540 1263 594 factum
1288 548 1391 594 est.
1417 537 1650 605 Sistcns,
1676 539 1867 609 inquit,
1890 555 2059 608 aquas

480 653 579 692 ceu
609 651 832 706 equum,
860 634 944 689 vel
976 647 1076 688 ceu
1107 631 1350 696 iumenta
1383 630 1538 685 duxit
1569 645 1666 699 per
1694 645 1866 696 mare,
1897 631 2059 686 veluti

478 743 579 800 per
612 742 884 795 campum.
922 724 1035 779 Hoc
1071 723 1200 778 item
1247 722 1560 780 Psal’modus
1598 723 1780 788 docet,
1814 737 1934 779 cum
1978 724 2062 779 in-

481 821 600 890 quit
631 839 645 873 :
687 836 705 869 ι
747 817 811 870 Ει
839 816 1031 873 “eduxit
1059 825 1324 882 tanquam
1349 829 1477 870 oves
1509 814 1762 884 populum
1796 829 1972 881 suum,
2005 824 2062 870 et

485 911 633 965 duxit
663 925 760 966 eos
790 920 1051 979 tanquam
1079 923 1295 978 gregem
1326 908 1380 963 in
1411 909 1627 963 deserto
1649 908 1717 963 “.
1758 926 1777 960 ι
1816 909 1931 964 Dux
1959 925 2057 964 au-

484 1007 590 1053 tem
624 1012 821 1062 eorum,
849 995 978 1062 fuit,
1011 998 1086 1056 uti
1123 997 1267 1061 dixi,
1301 995 1538 1066 Spiritus
1569 996 1803 1052 Domini.
1838 996 1930 1054 Sic
1964 1000 2062 1054 du-

480 1087 607 1142 xisti
638 1087 890 1157 populum
921 1094 1067 1139 tuum
1089 1125 1106 1150 ,
1133 1095 1191 1141 ιιι
1219 1100 1563 1154 comparares
1594 1086 1832 1156 tibijpse
1863 1103 2059 1143 nomen

483 1178 795 1250 gloriosum.
821 1175 934 1231 Duo
955 1177 1100 1231 enim
1125 1175 1418 1232 factasunt
1439 1178 1917 1246 eodemtempore.
1941 1178 2058 1234 Non

483 1269 629 1323 enim
657 1267 816 1322 modo
839 1274 1085 1322 servatus
1109 1276 1191 1322 est
1216 1266 1403 1333 lsrael,
1428 1278 1483 1323 et
1508 1283 1538 1323 e
1566 1281 1725 1320 manu
1749 1270 2061 1337 opprimen-

485 1359 618 1414 tium
657 1359 918 1416 liberatus
952 1367 1038 1414 est
1074 1376 1089 1412 :
1125 1361 1219 1412 sed
1260 1359 1424 1413 etiam
1461 1373 1640 1414 rerum
1673 1358 2062 1414 admirabiliter

484 1460 759 1520 gestarum
802 1450 924 1504 linis
971 1451 1346 1505 universorum
1405 1451 1729 1508 dominatori
1773 1452 1881 1507 Deo
1907 1510 1915 1517 ,
1943 1451 2061 1518 glo-

485 1543 623 1597 riam
655 1540 1067 1596 convenientem
1101 1540 1332 1611 peperit.

561 1716 726 1773 Vsus.
754 1717 943 1772 15-17.
963 1681 967 1686 '
985 1716 1298 1770 Convertere
1329 1716 1393 1770 de
1421 1717 1569 1782 calo,
1600 1727 1648 1770 et
1679 1717 1794 1775 vide;
1823 1717 1887 1772 de
1907 1717 2062 1771 domo

2164 560 2274 608 νεν,
2301 542 2467 612 ἠγουν
2499 538 2591 592 καὶ
2618 531 2895 606 ἐνηργήθη
2923 530 3012 584 διὰ
3036 528 3129 583 τοῦ
3173 527 3448 595 πανσόφου
3479 524 3754 589 Μωσέως,

2160 633 2320 688 τοῦτο
2348 633 2428 695 εἰς
2444 628 2601 695 δόξαν
2627 627 2942 698 πέπρακται
2963 620 3120 676 Θεοῦ.
3150 618 3332 690 Πήξας
3365 617 3424 670 δὲ
3453 614 3533 669 τὰ
3562 614 3756 678 ὕδατα,

2163 726 2346 797 φησιν,
2368 724 2445 788 ὡς
2469 723 2656 786 ἵππον,
2680 719 2714 791 ἢ
2741 719 2817 781 ὡς
2845 717 3038 786 κτήνη,
3062 713 3313 797 ὼδήγησε
3333 709 3421 763 διὰ
3445 708 3757 778 θαλάσσης,

2160 792 2236 882 ιε
2283 815 2371 871 διὰ
2429 812 2634 867 πεδίου.
2683 808 2857 863 Τοῦτο
2909 805 3005 860 και
3054 807 3082 858 ι
3130 792 3435 872 summa;
3511 797 3759 852 διδάσκει

2161 910 2334 978 λέγων
2361 923 2375 938 ·
2406 925 2424 958 ι
2451 905 2560 959 Καὶ
2588 904 2863 973 ἀνήγαγεν
2896 899 2971 964 ὡς
3001 896 3251 968 πρόϐατα
3289 893 3383 946 τὸν
3403 891 3542 945 λαὸν
3568 888 3758 953 αὑτοῦ,

2162 998 2259 1052 καὶ
2313 997 2596 1068 ὡδήγησεν
2645 993 2845 1054 αὐτοὺς
2907 991 2984 1054 ὡς
3036 988 3288 1057 ποίμνιον
3347 987 3406 1036 ὲν
3483 983 3706 1053 ἐρήμῳ.
3735 999 3753 1032 ι

2172 1089 2438 1160 Ὠδήγησε
2465 1086 2522 1140 δὲ
2550 1084 2766 1148 αὐτοὺς,
2791 1083 2867 1145 ὼς
2888 1081 3047 1151 ἔφην,
3071 1079 3298 1148 Πνεῦμα
3312 1076 3552 1148 Κυρίου.
3575 1073 3761 1137 Οὕτως

2161 1177 2368 1251 ἤγαγες
2384 1176 2476 1230 τὸν
2512 1175 2639 1230 λαόν
2675 1192 2796 1242 σου,
2820 1170 2914 1226 τοῦ
2941 1169 3167 1239 ποιῆσαι
3191 1167 3341 1238 αύτῷ
3367 1167 3551 1237 ὄνομα
3579 1164 3755 1233 δόξης.

2160 1269 2265 1323 Δύο
2294 1268 2404 1339 γὰρ
2437 1267 2739 1338 ἐπράττετο
2761 1263 2902 1318 κατὰ
2930 1261 3147 1315 ταυτόν.
3201 1260 3276 1314 Ού
3325 1257 3434 1329 γὰρ
3483 1259 3756 1311 σέσωσται

2165 1363 2325 1432 μόνον
2357 1363 2387 1414 ό
2426 1358 2664 1429 Ἰσραὴλ,
2711 1355 2809 1410 καὶ
2845 1353 2946 1423 τῆς
2977 1351 3084 1405 τῶν
3124 1349 3608 1405 πλεονεκτούντων
3641 1346 3759 1400 ὲλυο

2161 1452 2344 1526 τρώθη
2364 1449 2567 1522 χειρὸς,
2599 1447 2734 1502 ἀλλὰ
2785 1445 2894 1516 γὰρ
2928 1443 3024 1498 καὶ
3047 1443 3156 1497 τῶν
3189 1440 3520 1513 παραδόξως
3551 1438 3758 1492 τετελε-

2165 1544 2376 1614 σμένων
2401 1543 2464 1595 τὸ
2494 1540 2668 1612 πέρας
2713 1537 2790 1608 τῷ
2817 1535 2926 1590 τῶν
2961 1536 3098 1589 ὅλων
3145 1533 3437 1606 κρατοῦντι
3476 1529 3608 1602 Θεῷ
3661 1529 3757 1601 τὴν

2163 1635 2313 1705 αύτῷ
2341 1633 2659 1711 πρέπουσαν
2681 1629 2839 1696 δόξαν
2863 1628 3334 1699 ἐπραγματεύετο.

2249 1709 2655 1790 Ἑπίστρεψον
2691 1719 2763 1774 ἐκ
2804 1717 2911 1784 τοῦ
2941 1715 3226 1785 οὐρανοῦ,
3266 1709 3366 1768 καὶ
3410 1712 3504 1767 ιδε
3549 1714 3620 1767 ἐκ
3648 1712 3753 1768 τοῦ

469 1817 673 1862 sancta
722 1818 845 1874 tua,
879 1819 925 1861 et
956 1809 1141 1877 gloria:
1175 1819 1316 1861 tuae.
1368 1807 1470 1862 Ubi
1509 1817 1583 1861 est
1622 1809 1766 1863 zelus
1809 1819 1963 1870 tuus.
2014 1816 2064 1863 et

2170 1813 2336 1869 οικου
2369 1813 2474 1867 τοῦ
2509 1813 2682 1882 ἁγίου
2712 1827 2850 1874 σου,
2885 1810 2985 1863 καὶ
3015 1808 3202 1875 δόξης
3243 1822 3384 1860 σου.
3430 1805 3561 1860 Ποῦ
3583 1807 3753 1860 ἐστιν

480 1901 746 1969 fortitudo
771 1900 909 1967 tua?
936 1898 1036 1952 Ubi
1083 1906 1158 1952 est
1201 1897 1486 1961 multitudo
1517 1900 1896 1954 misericordiae
1934 1908 2062 1966 tum,

464 2001 539 2050 et
584 1972 982 2046 miserationum
1019 1999 1232 2044 tuarum
1250 2022 1270 2054 ,-
1303 1990 1428 2059 quia
1469 1991 1770 2054 sustinuisti
1811 1991 1950 2046 nos?
1986 1988 2064 2044 Tu

488 2087 626 2137 enim
657 2099 709 2136 es
745 2081 908 2137 Pater
939 2093 1135 2147 noster,
1177 2082 1301 2150 quia
1332 2082 1598 2136 Abraham
1637 2099 1739 2137 non
1782 2083 1918 2136 novit
1947 2098 2062 2148 nos,

488 2185 539 2230 et
567 2174 739 2230 Israel
774 2189 876 2228 non
914 2175 1124 2244 agnouit
1162 2189 1276 2228 nos.
1310 2174 1355 2227 Α
1387 2175 1646 2244 principio
1693 2191 1879 2229 nomen
1915 2183 2065 2228 tuum

488 2285 646 2338 super
683 2283 796 2322 nos.
843 2265 1247 2324 Cur,sedua:isti
1290 2283 1406 2332 nos,
1435 2266 1676 2334 Domine,
1715 2284 1748 2322 a
1795 2268 1880 2322 via
1925 2278 2016 2322 tua
2043 2283 2094 2334 ;.

492 2358 768 2414 obdurasti
793 2361 954 2414 corda
981 2368 1186 2425 nostra,
1221 2374 1284 2414 ne
1309 2359 1612 2415 timeremus
1647 2361 1734 2414 te?

565 2537 666 2593 llic
699 2536 952 2607 deinceps
973 2538 1242 2606 propheta
1274 2551 1373 2607 pro
1405 2536 1654 2592 universa
1683 2545 1846 2606 gente
1876 2549 2068 2606 preces

493 2628 693 2692 fundit.
721 2637 782 2703 et
821 2625 925 2682 sub
967 2641 1199 2697 persona
1237 2625 1603 2681 lsraelitarum
1643 2636 1802 2697 rogat
1847 2637 1902 2683 et
1938 2643 2068 2698 sup-

494 2723 683 2794 plicat.
716 2720 847 2778 Orat
877 2719 1019 2775 enim
1057 2728 1116 2774 ut
1145 2719 1215 2774 ab
1246 2719 1325 2773 ira
1358 2718 1412 2772 in
1447 2719 1566 2774 illos
1597 2735 1697 2775 sua
1742 2721 2070 2787 desistat,,et

494 2813 622 2868 odio
651 2811 1028 2881 supersedeat,
1059 2820 1116 2866 et
1147 2810 1214 2866 ad
1251 2810 1396 2879 ipsos
1421 2811 1574 2880 quasi
1619 2820 1945 2877 revertatur,
1974 2810 2070 2881 qui

485 2907 566 2961 ab
597 2905 704 2960 illis
735 2905 1060 2959 discesserat
1093 2919 1108 2957 :
1147 2901 1325 2970 utqui
1357 2915 1462 2956 non
1493 2901 1565 2956 sit
1602 2901 1879 2958 terrestris
1915 2901 2071 2970 quis-

496 2998 664 3067 piam,
700 2996 794 3050 sed
833 2995 977 3050 Deus
1005 3009 1186 3058 verus,
1227 3002 1283 3047 et
1317 2991 1513 3048 ctelum
1559 3000 1826 3063 tanquam
1851 2993 2070 3049 domum

2166 1911 2200 1962 ό
2229 1907 2408 1976 ζῆλός
2434 1923 2572 1971 σου,
2597 1903 2697 1958 καὶ
2722 1903 2760 1970 ἡ
2783 1902 2962 1973 ἰσχύς
2995 1915 3148 1963 σου;
3179 1897 3305 1953 Ποῦ
3331 1897 3465 1952 ἐστι
3498 1896 3570 1953 τὸ
3595 1893 3752 1965 alio

2171 2002 2276 2063 θος
2313 1996 2420 2051 τοῦ
2459 1995 2672 2061 ἐλέους
2700 2009 2837 2058 σου,
2872 1990 2974 2045 καί
3010 1989 3129 2044 τῶν
3155 1987 3471 2058 οἰκτιρμῶν
3494 2002 3635 2054 σου,
3659 1985 3750 2040 ὅτι

2164 2088 2433 2158 ἀνέσχον
2449 2086 2648 2156 ἡμῶνς
2669 2085 2753 2140 Σὺ
2768 2079 2946 2154 τὰρέί
2959 2081 3130 2151 ἡμῶν
3143 2081 3369 2148 Πατὴρ,
3383 2079 3471 2134 ὅτι
3495 2076 3747 2147 Ἀϐραὰμ

2166 2183 2278 2236 οὐκ
2301 2181 2454 2251 ἔγνω
2474 2180 2652 2250 ἡμᾶς,
2669 2178 2769 2232 καὶ
2803 2177 3050 2245 Ἰσραὴλ
3077 2177 3190 2230 οὐκ
3219 2173 3450 2242 ἐπέγνω
3467 2170 3622 2241 ἡμᾶς
3642 2169 3740 2241 (1).

2179 2273 2295 2329 Ἀπ’
2337 2271 2528 2343 ἀρχῆς
2589 2271 2657 2325 τὸ
2701 2268 2888 2339 ὄνομά
2937 2283 3055 2322 σου
3110 2267 3203 2336 ἐφ’
3262 2263 3420 2333 ἡμᾶς
3469 2263 3616 2317 ἐστι.
3684 2260 3746 2316 Τί

2049 2401 2056 2414 ..
2166 2364 2516 2434 ἐπλάνησας
2535 2361 2714 2433 ἡμᾶς,
2729 2363 2926 2429 Κύριε,
2940 2359 3058 2415 ἀπὸ
3083 2358 3188 2428 τῆς
3209 2356 3352 2412 ὀδοῦ
3372 2372 3510 2418 σου,
3525 2351 3741 2418 ἐσκλή-

2161 2474 2358 2526 ρυνας
2404 2455 2574 2526 ἡμῶν
2617 2456 2727 2519 τὰς
2761 2452 3008 2522 καρδίας
3047 2451 3153 2505 τοῦ
3187 2449 3275 2520 μὴ
3301 2447 3608 2518 φοϐεῖσθαί
3628 2460 3704 2499 σε
3711 2460 3737 2509 ;

2177 2591 2186 2606 ς
2252 2548 2515 2604 Ἐνταῦθα
2545 2547 2731 2601 λοιπὸν
2753 2546 2782 2599 ὁ
2808 2545 3094 2618 προφήτης
3120 2543 3217 2605 τὰς
3245 2541 3381 2610 ὑπὲρ
3407 2537 3603 2601 παντὸς
3633 2536 3732 2589 τοῦ

2169 2640 2355 2704 ἔθνους
2384 2642 2616 2692 ποιεῖται
2646 2636 2820 2702 λιτὰς,
2865 2635 2962 2689 καὶ
2991 2636 3053 2688 ἐκ
3079 2631 3360 2704 προσώπου
3388 2631 3499 2685 τῶν
3530 2627 3591 2693 ἐξ
3630 2629 3738 2680 ἰσ-

2174 2731 2311 2803 ραὴλ
2343 2729 2612 2785 ἀνατείνει
2637 2727 2734 2798 τὴν
2763 2726 3069 2797 ἱκετηρίαν
3099 2721 3397 2792 καταλῆξαι
3424 2720 3539 2790 γὰρ
3567 2733 3745 2790 παρατ

2171 2823 2324 2876 καλεῖ
2345 2821 2447 2892 τῆς
2472 2822 2559 2874 ἐπ’
2584 2819 2766 2882 αὐτοῖς
2789 2819 2978 2890 ὀργῆς,
3005 2815 3208 2890 παῦσαὶ
3234 2830 3296 2868 τε
3337 2813 3440 2884 τὴν
3482 2811 3744 2882 ἀποστρο-

2174 2915 2302 2987 φὴν,
2331 2914 2428 2969 καὶ
2452 2909 2564 2967 οἷον
2599 2912 2968 2983 ὑπονοστῆσαι
2998 2908 3135 2981 πρὸς
3167 2907 3360 2969 αὐτοὺς
3389 2905 3482 2958 τὸν
3519 2904 3744 2970 ἀποφοι-

2171 3010 2414 3080 τήσαντα
2444 3003 2642 3070 αὐτῶν,
2679 3004 2776 3059 ατε
2807 3002 2871 3073 δὴ
2917 3001 3014 3054 καὶ
3054 2999 3154 3070 οὐχ
3205 2998 3304 3050 ἕνα
3338 2987 3480 3048 τιντΐ
3505 2993 3596 3047 τὸν
3631 2991 3738 3063 [ιον.

498 3087 788 3157 gloriosam
837 3085 1066 3142 habens.
1103 3083 1217 3138 Etsi
1245 3092 1426 3138 autem
1462 3083 1672 3138 dicatur
1711 3083 1766 3137 in
1798 3083 1939 3140 caelo
1973 3084 2070 3140 ba-

2174 3096 2306 3170 τῶν]
2348 3097 2441 3150 ἐπὶ
2463 3095 2566 3167 γῆς
2591 3094 2742 3159 ὅντα,
2774 3091 2907 3146 Θεὸν
2932 3090 2988 3144 δὲ
3020 3088 3218 3160 μᾶλλον
3247 3085 3519 3181 ἀληθινὸν,
3551 3083 3639 3181 καὶ
3669 3082 3742 3145 ὡς

497 3177 674 3232 bitare
693 3175 867 3242 Deus,
907 3174 1042 3229 nihil
1073 3183 1249 3228 tamen
1277 3174 1331 3228 in
1360 3187 1426 3227 eo
1455 3174 1737 3242 corporale
1770 3173 2075 3243 intelligen-

497 3265 627 3319 dum
671 3272 778 3319 est.
805 3251 948 3324 .Non
996 3261 1143 3316 enim
1183 3261 1246 3313 in
1299 3260 1422 3314 loco
1464 3272 1522 3314 et
1571 3261 2075 3331 circumscriptione

496 3354 841 3408 divinitatem
886 3364 1008 3405 esse
1045 3349 1302 3414 dicimus,
1331 3350 1475 3418 quod
1517 3364 1581 3405 ea
1625 3350 1854 3421 simplex
1903 3353 1974 3409 sit
2017 3362 2074 3409 et

500 3450 857 3522 incorporea,
913 3459 978 3498 ac
1032 3441 1300 3513 compleat
1338 3443 1543 3499 omnia.
1597 3441 1734 3511 Quia
1785 3454 1967 3501 autem
2017 3445 2074 3501 in

499 3537 771 3608 supremis
812 3535 1094 3608 spiritibus
1140 3542 1397 3604 tanquam
1443 3537 1650 3591 sanctis
1693 3536 2069 3607 conquiescit,

498 3630 628 3686 hinc
675 3628 908 3684 dicimus
953 3626 1153 3706 solium,
1179 3635 1233 3680 et
1276 3627 1494 3682 domum
1527 3626 1645 3696 ejus
1694 3643 1814 3684 esse
1852 3631 2074 3686 caelum.

500 3721 831 3777 Convertere
877 3720 1061 3789 igitur,
1099 3719 1353 3789 inquiunt
1384 3737 1398 3774 :
1435 3737 1454 3770 ι
1495 3718 1593 3773 Ubi
1629 3719 1774 3774 enim
1805 3729 1890 3776 est
1924 3721 2076 3777 zelus

499 3825 653 3879 tuus,
685 3823 738 3868 et
769 3813 1030 3870 fortitudo
1061 3813 1192 3868 tua?
1226 3831 1244 3864 ι
1279 3812 1388 3868 Nec
1417 3812 1637 3878 dixerit,
1677 3814 1891 3883 opinor,
1925 3815 2076 3882 quis-

499 3907 644 3974 piam
709 3906 796 3960 liis
841 3905 1088 3967 caruisse
1133 3905 1509 3960 universorum
1559 3903 1768 3970 Deum;
1823 3906 1917 3960 sed
1950 3905 2075 3975 quia

495 3996 609 4067 iam
652 3995 756 4050 illis
787 4010 893 4050 non
942 3995 1274 4061 fruerentur,
1306 3995 1424 4050 haec
1447 3992 1653 4049 dicunt.
1680 3993 1808 4050 Zelo
1843 4008 2078 4066 namque

503 4097 558 4140 et
595 4087 776 4141 divina
806 4086 1133 4141 .fortitudine
1161 4100 1290 4141 usus
1319 4085 1558 4141 servavit
1589 4084 1866 4143 lsraelem.
1895 4086 2027 4142 Puta
2057 4105 2072 4142 :

502 4179 807 4234 servierunt
833 4177 1003 4250 884
1025 4177 1322 4249 Egyptiis,
1349 4178 1443 4248 qui
1473 4179 1638 4234 vitam
1665 4194 1863 4234 eorum
1882 4179 1996 4234 luto
2021 4190 2077 4236 et

509 4272 682 4327 latere
727 4269 1059 4336 amiserunt,
1093 4280 1148 4326 et
1183 4279 1496 4326 exacturum
1548 4269 1868 4324 crudelitate
1915 4287 2076 4326 vexa-

498 4372 648 4418 runt.
679 4363 750 4416 At
783 4361 900 4417 zelo
928 4376 1191 4418 accensus
1222 4370 1307 4418 est
1338 4361 1716 4417 universorum
1747 4361 1908 4418 Deus.
1931 4361 2077 4418 Dixit

2175 3181 2324 3240 οῐκον
2351 3184 2509 3255 δόξης
2546 3183 2738 3254 ἔχοντα
2779 3182 2871 3235 τὸν
2901 3179 3147 3250 οὐρανόν.
3197 3177 3262 3231 Ei
3305 3176 3361 3229 δὲ
3391 3173 3596 3242 λέγοιτό
3639 3188 3740 3223 που

2173 3278 2448 3333 κατοικεῖν
2473 3277 2531 3329 ὲν
2557 3273 2776 3346 οὐρανῷ
2810 3272 2962 3338 Θεὸς,
2993 3271 3162 3343 μηδὲν
3185 3266 3413 3322 νοείσθω
3443 3263 3751 3334 σωματικὸν

2173 3367 2260 3422 ἐπ’
2283 3365 2471 3421 αὑτοῦ.
2507 3366 2582 3420 υύ
2616 3365 2725 3436 γὰρ
2758 3365 2814 3417 ὲν
2839 3363 3008 3431 τόπῳ,
3038 3360 3135 3414 καὶ
3169 3358 3484 3430 περιγραφῇ
3513 3356 3572 3408 τὸ
3594 3355 3748 3407 Θεῖον

2175 3455 2314 3514 εἶναι
2359 3458 2559 3529 φαμὲν,
2599 3457 2684 3511 ὅτι
2733 3455 2827 3510 καὶ
2878 3452 3083 3508 ἁπλοῦν
3125 3453 3243 3505 ἐστι
3295 3451 3391 3504 καὶ
3439 3448 3742 3518 ἀσώματον.

2175 3552 2270 3608 καὶ
2302 3551 2482 3606 πάντα
2507 3549 2766 3621 πληροῦν.
2814 3547 3033 3619 Ἐπειδὴ
3059 3546 3116 3599 δὲ
3142 3547 3256 3608 τοῖς
3281 3545 3395 3600 ἄνω
3425 3541 3748 3612 πνεύμασιν,

2175 3643 2252 3706 ὡς
2289 3641 2466 3710 ἁγίοις
2491 3637 2925 3702 ὲπαναπαύεται,
2955 3634 3214 3707 ταύτῃτοί
3257 3649 3436 3704 φαμεν
3467 3630 3657 3702 Θρόνον
3693 3644 3751 3681 τε

2175 3734 2269 3789 καὶ
2290 3729 2440 3790 οἷκον
2459 3732 2623 3787 αὐτοῦ
2653 3733 2746 3786 τὸν
2763 3730 3012 3802 οὐρανόν.
3053 3725 3412 3797 Ἐπίστρεψον
3427 3723 3628 3786 τοίνυν,
3655 3737 3754 3790 φας

2179 3828 2262 3880 σίν
2284 3843 2297 3856 ·
2337 3846 2355 3878 ι
2393 3825 2506 3880 Ποῦ
2550 3824 2657 3895 γάρ
2687 3825 2835 3877 ἐστιν
2863 3825 2891 3876 ὁ
2917 3822 3076 3894 ζῆλός
3104 3837 3222 3882 σου,
3249 3820 3343 3872 καὶ
3375 3815 3529 3887 ἰσχύς
3569 3830 3701 3879 σου;
3730 3832 3748 3864 ι
3826 3817 3828 3819 ’

2177 3919 2287 3974 Καὶ
2323 3919 2384 3971 ού
2419 3917 2482 3988 δή
2526 3934 2628 3970 που
2659 3916 2791 3987 φαίη
2824 3915 2913 3981 ἂν,
2937 3909 3110 3985 οἶμαι,
3142 3912 3247 3976 τὶς,
3272 3912 3348 3973 ὡς
3364 3905 3434 3980 ἦν
3461 3911 3520 3962 ὲν
3561 3908 3755 3960 σπάνει

2174 4009 2282 4063 τῶν
2303 4007 2558 4062 τοιούτων
2587 4008 2617 4062 ό
2639 4008 2748 4061 τῶν
2780 4006 2918 4061 ὅλων
2940 4005 3095 4071 Θεὸς,
3139 4003 3254 4057 ἀλλ’
3281 4001 3357 4064 ὡς
3385 3997 3570 4053 οὐκέτι
3629 4012 3756 4068 μετ-

2179 4101 2396 4172 έχοντες
2441 4099 2622 4156 αὐτῶν
2649 4098 2717 4152 τὰ
2747 4099 2929 4154 τοιάδε
2974 4097 3126 4168 φασί.
3162 4095 3318 4166 Ζήλῳ
3357 4093 3468 4164 γὰρ
3515 4091 3623 4156 ἀεὶ,
3666 4090 3755 4144 καὶ

2182 4192 2326 4263 ἰσχύϊ
2369 4194 2434 4263 τῇ
2481 4191 2780 4263 θεοπρεπεῖ
2807 4189 3090 4262 χρώμενος
3130 4187 3336 4241 σέσωκε
3375 4183 3468 4237 τὸν
3520 4181 3753 4252 Ἰσραήλ.

2179 4278 2303 4335 Οἷόν
2327 4281 2380 4334 τί
2408 4297 2573 4352 φημι,
2604 4279 3011 4334 δεδουλεύκασιν
3037 4275 3354 4346 Αἰγυπτίοις
3377 4274 3427 4327 0i
3478 4273 3575 4327 xui.
3622 4287 3759 4324 κατ·

2179 4372 2473 4435 ωδύνοντες
2501 4373 2681 4426 αὐτῶν
2719 4371 2816 4443 τὴν
2853 4369 2998 4441 ζωὴν
3025 4368 3121 4441 [αι.
3166 4365 3469 4423 κατώδυνον
3487 4363 3585 4434 τὴν
3614 4360 3763 4431 ζωὴν

499 4453 724 4522 itaque:
757 4470 776 4505 ι
810 4451 1138 4516 Ᾱῦιιιυιιιιυε
1172 4467 1291 4508 sum
1320 4451 1633 4509 Jerusalem
1675 4463 1731 4508 et
1779 4452 1908 4509 Sion
1959 4455 2070 4512 zelo

2177 4462 2377 4535 αὐτῶν]
2441 4461 2616 4534 πηλῷ,
2651 4463 2746 4516 καὶ
2799 4460 3046 4533 πλινθείᾳ
3070 4499 3085 4524 ,
3133 4460 3229 4512 καὶ
3268 4460 3335 4528 τῇ
3377 4455 3486 4509 τῶν
3527 4456 3764 4524 ἐργοκηο

497 4558 715 4613 magno,
756 4555 810 4600 et
858 4543 1041 4600 lorore
1092 4560 1288 4617 magno
1333 4545 1539 4602 irascor
1579 4546 1826 4616 gentibus
1854 4549 2072 4618 conspi-

496 4635 770 4690 rantibus.
839 4655 858 4688 ι
897 4634 1002 4692 Pro
1055 4652 1121 4692 eo
1154 4638 1296 4707 quod
1328 4651 1430 4706 ego
1470 4652 1664 4707 parum
1714 4637 1886 4695 iratus
1929 4654 2071 4706 sum,

497 4722 574 4778 illi
609 4725 990 4793 conspirarnnt
1023 4725 1184 4781 simul
1235 4727 1302 4780 ad
1353 4726 1492 4781 mala
1515 4727 1580 4781 ³⁸.
1636 4726 1842 4784 Deinde
1890 4745 2078 4788 rursus

497 4809 773 4865 mirabilia
812 4819 1072 4881 operatus
1114 4823 1219 4868 est.
1262 4813 1686 4884 Babyloniorum
1716 4817 1862 4873 enim
1895 4820 2078 4888 regio-

498 4915 652 4971 nem,
675 4900 814 4958 licet
834 4902 1102 4958 invictam
1133 4911 1187 4962 et
1223 4903 1578 4971 insuperabili
1603 4907 1842 4975 potentia
1885 4908 2078 4977 praedi-

499 4997 633 5057 tam,
675 4992 918 5046 vastitati
951 4991 1190 5048 tradidit.
1220 4991 1450 5047 Immisit
1488 4993 1633 5049 enim
1672 4994 1726 5050 in
1751 5009 1845 5050 eos
1871 4994 2072 5064 Cyrum

499 5082 784 5155 Cambysis
816 5082 1007 5139 lilium.
1047 5084 1158 5142 llac
1197 5086 1571 5141 misericordia
1606 5086 1712 5140 l‘rui
1744 5087 2027 5154 cupientes
2057 5106 2071 5143 :

504 5193 522 5224 ι
568 5175 668 5232 Ubi
723 5185 883 5244 est.)
919 5177 1220 5244 inquinnt,r
1249 5179 1398 5233 zelus
1441 5187 1664 5241 tuus.et
1720 5179 1871 5233 furor
1911 5181 2077 5236 tuus?

499 5265 605 5322 Ubi
651 5278 734 5324 est
779 5269 1064 5326 multitudo
1123 5272 1514 5327 misericordia:
1565 5280 1690 5336 tuae,
1749 5281 1805 5325 et
1847 5273 2074 5328 misera-

500 5357 722 5431 ιὶοιιυιιιΔ
773 5371 1020 5430 tuarum,
1065 5363 1190 5434 quia
1240 5363 1550 5420 sustinuisti
1602 5363 1745 5418 nos?
1798 5383 1817 5417 ι
1869 5364 2074 5423 Sitiunt

569 5531 620 5568 ’⁸
657 5533 798 5591 Psal.
845 5553 1050 5608 Lxxvn,
1085 5543 1171 5597 52.
1252 5545 1296 5576 “
1327 5544 1558 5600 Zacliar.
1593 5559 1633 5613 ι,
1673 5544 1757 5598 Μ.

2178 4554 2382 4608 δεστῶν
2407 4554 2652 4625 ὠμότητι
2683 4554 3136 4626 κατατρύχοντες,
3165 4550 3280 4606 ἀλλ’
3303 4547 3574 4618 ἐζήλωσεν
3595 4546 3626 4598 ὁ
3652 4543 3766 4596 τῶν

2179 4645 2316 4699 ὅλων
2341 4644 2492 4707 Θεός.
2533 4645 2675 4714 Ἔφη
2718 4643 2847 4712 γοῦν
2873 4659 2887 4674 ο
2919 4664 2936 4696 ι
2969 4641 3248 4714 Ἐζήλωκα
3269 4638 3367 4709 τὴν
3408 4631 3768 4707 Ἰερουσαλὴμ

2180 4735 2274 4790 καὶ
2313 4735 2412 4806 τὴν
2458 4733 2596 4789 Σιὼν
2623 4735 2784 4807 ζῆλον
2823 4737 3015 4806 μέγαν,
3054 4734 3147 4788 καὶ
3176 4729 3332 4801 θυμῷ
3377 4727 3599 4799 μεγάλῳ
3648 4722 3767 4792 ἐγὼ

2189 4825 2484 4897 ὀργίζομαι
2510 4827 2604 4881 ἐπὶ
2630 4827 2810 4881 πάντα
2850 4826 2920 4880 τὰ
2966 4826 3094 4895 ἔθνη
3137 4824 3207 4878 τὰ
3250 4817 3760 4888 συνεπιτιθέμενα.»

2192 4917 2330 4971 Ἀνθ’
2375 4912 2450 4971 ὢν
2479 4917 2590 4988 ἐγὼ
2623 4918 2722 4989 μὲν
2751 4915 3032 4987 ὠργίσθην
3086 4915 3265 4982 ὀλίγα.
3295 4910 3448 4966 αὐτοὶ
3479 4908 3535 4961 δὲ
3565 4923 3770 4960 συνεπ-

2177 5005 2360 5061 έθεντο
2389 5008 2469 5070 είς
2497 5006 2662 5064 κακά’
2691 5003 2809 5060 εἶτα
2843 5005 3006 5060 πάλιν
3032 5001 3319 5074 εἰργάζετο
3356 5003 3426 5053 τὰ
3458 4995 3765 5068 παράδοξα.

2180 5097 2372 5151 Καίτοι
2417 5099 2525 5170 γὰρ
2563 5097 2871 5170 ἄθραυστον
2899 5092 3066 5150 οὖσαν
3109 5095 3210 5164 τὴν
3239 5089 3617 5152 Βαϐυλωνίων,
3671 5087 3768 5139 καὶ

2183 5185 2500 5258 δυσαντήτῳ
2525 5187 2754 5258 δυνάμει
2771 5187 3081 5258 χρωμένην,
3103 5183 3333 5238 δέδωκεν
3357 5181 3437 5243 είς
3453 5179 3760 5248 ἐρήμωσιν.

2192 5277 2471 5350 Ἐπαφῆκε
2526 5280 2634 5351 γὰρ
2683 5280 2867 5342 αὐτοῖς
2923 5278 3015 5332 τὸν
3062 5274 3364 5345 Καμϐύσου
3407 5269 3606 5342 Κῦρον.
3650 5268 3768 5338 Τῆς

2177 5370 2432 5444 τοιαύτης
2485 5371 2702 5442 φειδοῦς
2754 5369 3063 5427 ἀπολαῦσαι
3129 5366 3440 5438 γλιχόμενοι
3491 5361 3626 5432 φασὶ
3667 5358 3765 5415 16‘.

571 5715 650 5789 (1)
697 5713 833 5770 LXX
889 5715 1111 5783 addunt,
1148 5719 1281 5774 ἀλλὰ
1333 5723 1418 5787 σὺ,
1453 5723 1636 5794 Κύριε,
1677 5722 1863 5792 Πατὴρ
1888 5721 2045 5796 ἡμῶν

2170 5737 2246 5774 ται
2277 5721 2442 5791 ἡμεῖς.
