2021 3109
159 147 256 197 "nos

749 162 783 189 lN
804 159 920 190 ISAIAM
939 158 1004 187 LIB.
1024 158 1056 186 ν.
1077 157 1195 186 TOMUS
1216 157 1246 184 V.

1712 163 1713 166 ‘
1747 156 1813 185 ιδοι

189 236 199 253 ‹
222 225 276 252 Ποῦ
295 224 353 252 ἐστι
367 225 381 251 ό
394 223 475 259 ζῆλός
492 230 551 254 σου,
569 221 615 249 καὶ
627 221 641 248 ὁ
658 221 743 257 θυμός
758 228 823 254 σονς
842 219 897 247 Ποῦ
915 218 972 245 ἐστι

1025 218 1113 245 denuo
1130 215 1356 249 misericordiam,
1377 219 1404 243 et
1431 215 1457 242 in
1482 214 1573 242 multis
1589 214 1695 243 delictis
1708 217 1815 244 exhibi-

185 272 217 299 τδ
236 270 340 307 πλῆθος
362 269 408 296 τοῦ
429 268 519 300 ἐλέους
535 276 592 300 σου,
610 268 657 295 καὶ
673 267 726 294 τῶν
739 266 890 303 οἰκτιρμῶν
915 273 974 297 σου,

186 318 228 345 ὃτι
244 317 357 352 ἀνέσχον
382 316 478 351 ἡμῶν;
505 324 514 340 ι
540 313 644 350 Διψῶσι
665 314 693 341 δὲ
712 314 794 341 πάλιν
819 313 864 339 τὸν
889 312 974 344 ἔλεον,

187 362 234 389 καὶ
255 361 304 396 τὴν
324 360 370 386 ἐπὶ
387 359 496 390 πολλοῖς
523 358 727 394 παραπτώμασι
743 357 866 385 δοθεῖσαν
882 356 975 387 αὐτοῖς

187 406 352 443 ἡμερότητα,
379 406 425 432 καὶ
441 404 656 440 φιλανθρωπίαν.
681 403 824 439 Ὴνέσχετο
847 402 902 438 γὰρ
925 401 976 428 αὺ-

186 453 248 485 τῶν,
267 451 314 479 καὶ
327 452 358 478 οὐ
375 450 500 487 φορητῶς
513 450 568 476 ἔσθ’
583 450 628 477 ὅτε
643 449 866 485 παροτρυνόντων
886 449 976 477 αὐτῶν

184 497 266 525 αὐτὸν
288 497 476 532 κατελὰλησαν
499 496 529 523 ὲν
552 496 586 531 τῇ
606 495 712 531 ἐρήμῳ,
730 495 776 521 καὶ
796 494 976 529 ἐξεπείρασαν

184 543 264 570 αὐτὸν
275 544 304 569 ὲν
315 544 375 575 ταῖς
386 542 510 578 καρδίαις
520 540 609 568 αὐτῶν
622 540 758 575 λέγοντες,
768 540 814 576 Μὴ
832 540 975 576 δυνήσεται

182 589 198 616 ὸ
213 589 279 620 Θεὸς
301 588 444 623 ἑτοιμάσαι
467 587 606 623 τράπεζαν
627 588 656 614 ὲν
679 587 784 623 ἐρήμῳ,
801 587 842 613 ὅτι
856 587 975 621 ἐπάταξε

186 634 301 669 πέτραν,
326 633 374 660 καὶ
398 632 535 669 ἐρρύησαν
551 632 645 665 ὕδατα,
661 632 709 659 καὶ
733 632 878 668 χείμαρροι
908 641 976 660 κατ-

184 679 368 715 εκλὺσθησαν;
379 678 426 714 Μὴ
441 679 488 706 καὶ
499 679 581 714 ἄρτον
594 678 704 705 δύναται
716 678 808 705 δοῦναι
819 687 826 711 ;
841 678 895 704 Kal.
908 678 975 714 πρὸς

184 724 288 755 τούτοις
299 723 339 750 ἔτι
355 724 624 759 μεμοσχοποιήκασιν
638 722 753 754 ἀπόντος
765 721 896 754 Μωσέως,
906 723 975 757 πλὴν

184 770 311 805 ὴλέηνται
341 770 563 805 παρακαλοῦντος
595 770 689 797 αὑτοῦ.
726 769 852 805 Ἀνέσχου
885 770 975 796 τοίνυν

184 815 368 851 ὴμῶν,φασὶ,
401 815 489 843 καιτοι
515 816 675 848 πλειστάκις
703 816 973 855 προσκεκρουκότων.

187 872 194 888 ι
215 863 250 889 Σὺ
267 863 321 898 γὰρ
339 860 365 889 εἴ
384 863 479 899 Πατὴρ
501 862 590 898 ήμῶν,
616 863 658 890 ὅτι
686 862 812 898 Ἀϐραὰμ
829 863 879 889 οὐκ
904 862 975 897 ιγνω

1027 267 1081 290 tam
1110 262 1161 290 sibi
1188 262 1361 289 clementiam
1387 265 1414 288 et
1441 260 1649 287 humanitatem.
1680 260 1814 287 Sustinuit

1026 306 1096 334 enim
1112 313 1176 334 eos:
1191 306 1271 334 etiam
1284 309 1345 333 cum
1360 312 1553 340 nonnunquam
1570 304 1658 339 ipsum
1674 305 1813 332 irritarent

1026 352 1241 380 intolerabiliter.
1258 351 1381 379 Oblocuti
1402 354 1464 378 sunt
1481 350 1507 377 in
1524 350 1678 383 solitudine,
1709 356 1736 378 et
1756 355 1814 378 ten-

1026 401 1118 424 tarunt
1140 397 1228 432 ipsum
1251 397 1278 424 in
1296 396 1422 424 cordibus
1437 395 1504 428 suis,
1520 395 1642 423 dicentes
1658 405 1664 423 :
1680 395 1748 423 Num
1765 404 1814 431 po-

1026 441 1092 469 terit
1105 441 1176 470 Deus
1195 448 1292 476 parare
1306 448 1427 469 mensam
1449 440 1476 467 in
1493 440 1656 468 solitudine?
1673 442 1735 476 quia
1752 450 1813 476 pcr-

1026 488 1112 516 cussit
1141 492 1262 522 petram,
1287 491 1313 515 et
1340 486 1477 515 ﬂuxerunt
1505 494 1601 522 aqum.
1627 493 1653 515 et
1679 492 1813 516 torrentes

1026 535 1234 563 inundaverant.
1243 533 1313 562 Num
1322 538 1347 562 et
1357 541 1452 569 panem
1465 535 1565 570 poterit
1575 534 1607 562 da
1613 535 1657 562 re?
1668 534 1810 566 Praeterea.

1026 580 1118 616 Moyse
1127 581 1248 614 absente,
1259 579 1375 607 vitulum
1391 580 1601 613 fabricaverunt,
1614 585 1811 613 verumtamen.

1026 634 1058 654 eo
1074 630 1194 661 rogante,
1213 625 1429 653 misericordiam
1449 626 1588 653 consecuti
1609 630 1684 653 sunt.
1702 626 1813 654 Sustine

1026 672 1110 706 igitur
1122 679 1181 705 nos,
1191 671 1326 706 inquiunt,
1341 670 1446 698 etiarnsi
1460 671 1597 698 multoties
1610 669 1812 699 oﬂ‘endcrimus.

1028 726 1038 743 «
1059 716 1099 744 Tu
1123 716 1195 744 enim
1216 724 1244 744 es
1260 715 1342 743 Pater
1364 721 1468 750 noster,
1493 716 1556 751 quia
1580 716 1718 744 Abraham
1741 717 1813 744 haud

1026 762 1101 789 novit
1117 769 1178 794 nos,
1196 766 1223 788 et
1237 761 1320 789 Israel
1334 768 1387 789 non
1402 762 1526 797 cognovit
1539 769 1597 790 nos.
1616 771 1625 788 ι
1640 761 1698 789 Non
1714 767 1813 798 negant

1004 813 1006 816 '
1025 811 1126 842 patres.
1145 806 1243 834 Parum
1261 814 1377 841 namque
1398 807 1505 842 prolicit
1523 808 1573 835 hoc
1596 808 1629 835 ad
1652 808 1813 843 resipiscen-

1004 850 1007 860 ἶ
1027 853 1091 880 tiam
1106 861 1113 879 :
1131 860 1183 880 non
1203 852 1274 880 enim
1292 852 1371 888 ejecti
1392 858 1455 880 sunt
1470 858 1579 888 propter
1602 854 1676 886 illos,
1695 855 1741 881 sed
1762 855 1813 880 tri-

182 892 331 944 ijttdc,'xal.
350 892 743 945 ‘lapaiji-obzisrréqvwiﬂpdc.‘
758 918 768 934 ι
790 892 847 935 ὸὺκ
862 892 975 944 ἀρνοῦν-

1026 898 1113 925 buunt
1127 898 1218 934 potius
1236 898 1292 925 Deo
1308 900 1410 926 amanti
1427 899 1569 932 bonorum,
1584 899 1655 934 quod
1672 899 1773 933 pietate
1785 903 1813 926 ct

182 963 227 980 ται
241 954 303 985 τοὺς
318 954 451 990 πατέρας.
466 954 624 986 Ἀσυντελὲς
639 954 692 990 γὰρ
707 953 787 981 τοῦτο
800 955 892 986 αὐτοῖς
907 954 976 990 πρὸς

184 998 365 1033 μετάγνωσιν.
382 999 419 1025 Οὐ
440 998 494 1035 γὰρ
508 998 690 1034 ὲκὸἐῦληνται
705 999 739 1026 δι’
754 1000 862 1033 αὐτοὺς,
879 999 976 1027 ἀπονέ-

184 1051 265 1077 μουσι
282 1043 310 1069 δὲ
327 1043 426 1079 μᾶλλον
439 1043 478 1079 τῷ
503 1043 646 1080 φιλαγάθῳ
668 1044 728 1080 θεῷ
748 1045 779 1072 τδ
805 1045 975 1072 πλεονεκτεῖν

182 1087 223 1118 εἰς
242 1087 444 1122 φιλοστοργίαν,
467 1088 514 1114 καὶ
537 1088 599 1120 τοὺς
626 1088 697 1115 κατὰ
720 1088 809 1124 σάρκα
833 1088 974 1124 πατέρας·

186 1132 282 1168 Πατὴρ
311 1133 366 1168 γάρ
392 1134 450 1160 ἐστι
477 1133 603 1169 πατέρων
622 1133 671 1169 (1).
695 1134 850 1170 Γεγόναμεν
872 1135 926 1171 γὰρ
946 1135 977 1168 ἐξ

183 1178 283 1211 αὐτῶν,
308 1180 386 1214 φασὶ,
399 1180 469 1215 πλὴν
490 1181 520 1206 οὺ
546 1180 689 1207 τεθέανται
713 1182 796 1216 ἡμᾶς.
813 1180 849 1207 Σύ
869 1189 901 1215 γε
922 1180 976 1217 μὴν

182 1224 213 1250 οὒ
228 1223 401 1257 διαλέλοιπας
419 1226 468 1261 τὴν
491 1226 579 1261 Πατρὶ
600 1226 639 1261 τῷ
654 1226 790 1261 φιλόπαιδι
817 1227 976 1262 πρέπουσαν

182 1269 222 1300 εἰς
238 1269 312 1304 ἡμᾶς
324 1270 485 1303 ἀποσὼξων,
502 1272 550 1298 καὶ
567 1271 661 1306 φειδῶ,
677 1272 724 1298 καὶ
737 1271 857 1307 ἀγάπην.
881 1271 976 1298 Ῥὗσαι

182 1314 273 1341 τοίνυν
291 1316 380 1350 ἡμᾶς·
399 1316 536 1352 ἐπεκλήθη
559 1317 612 1352 γὰρ
630 1317 695 1352 ἡμῖν
714 1317 745 1343 τδ
761 1317 846 1351 ὄνομα
862 1317 893 1344 τὸ
909 1317 954 1344 σόν
967 1325 974 1332 ·

184 1361 283 1396 κλῆρος
302 1362 357 1397 γάρ
379 1371 437 1395 σου,
465 1363 512 1389 καὶ
536 1362 599 1394 λαὸς
622 1363 838 1398 χρηματίζομεν.
864 1363 974 1398 Ἐπειδὴ

183 1406 211 1432 δὲ
228 1406 272 1432 διὰ
290 1407 389 1442 πολλὴν
403 1407 555 1441 ἀπείθειαν,
572 1407 620 1434 καὶ
642 1408 788 1442 σκαιότητα
803 1408 911 1443 τρόπων
924 1410 974 1444 ἑμ-

185 1451 392 1485 παροινίσαντες
414 1452 453 1487 τῷ
482 1452 592 1488 Χριστῷ
617 1452 812 1480 ὲκπεπτώκασι
835 1453 885 1488 τῆς
907 1453 976 1488 πρὸς

185 1496 267 1523 αὑτὸν
280 1497 455 1532 οἰκειότητος,
472 1498 659 1533 πνευματικῆς
668 1497 799 1533 δηλονότι,
817 1498 864 1525 καὶ
878 1498 977 1533 ἀμέτο-

184 1550 227 1590 χοι
246 1542 374 1576 γεγόνασι
397 1543 452 1569 τῶν
477 1544 541 1579 παρ’
558 1543 639 1570 αὑτοῦ
652 1545 839 1579 χαρισμάτων,
856 1545 903 1571 καὶ
926 1544 976 1580 τῆς
989 1560 1011 1590 c

183 1587 365 1622 εὐαγγελικῆς
381 1588 518 1620 πολιτείας
533 1589 583 1616 οὐκ
608 1589 729 1623 ἔγνωσαν
744 1589 794 1625 τὴν
811 1590 881 1617 ὁδόν·
905 1590 973 1617 ταὺ-

183 1640 270 1667 τῃτοι,
281 1633 328 1659 καὶ
353 1633 424 1667 μάλα
436 1633 563 1666 εἰκότως,
581 1633 743 1669 θρηνοῦντες
766 1636 856 1669 φασίν·
873 1636 931 1662 Ἵνα
947 1636 975 1662 τι

184 1678 339 1714 ἔπλάνησας
354 1679 408 1706 ἀπὸ
424 1680 473 1715 τῆς
492 1679 552 1706 ὀδοῦ
568 1688 626 1712 σου,
642 1680 811 1716 ὲσκλήρυνας
833 1681 912 1716 ἡμῶν
926 1682 975 1717 τὴν

184 1725 309 1761 καρδίαν,
323 1724 371 1751 τοῦ
391 1724 430 1760 μὴ
442 1724 582 1758 φοϐεῖσθαι
600 1733 630 1751 σε
640 1733 647 1757 ;
657 1725 840 1760 Ἐσκλήρυναν
858 1726 908 1761 μὲν
922 1726 977 1762 γὰρ

184 1770 261 1797 αὐτοὶ
285 1770 334 1801 τὰς
357 1769 463 1796 ἑαυτῶν
488 1768 612 1804 καρδίας.
633 1769 747 1804 Εἴρηται
763 1769 828 1803 γοῦν
844 1770 912 1805 πρὸς
927 1770 976 1797 αὺ-

183 1816 246 1848 τοὺς
258 1815 302 1842 διὰ
315 1814 365 1849 τῆς
379 1814 426 1841 τοῦ
447 1815 586 1849 προφήτου
604 1813 706 1848 φωνῆς·
724 1823 733 1839 ι
746 1814 916 1849 Διαρῥήξατε
926 1815 975 1846 τὰς

185 1860 297 1896 καρδίας
305 1858 392 1895 ὑμῶν,
403 1858 497 1893 καὶμὴ
511 1858 545 1885 τὰ
562 1858 659 1893 ἱμάτια
668 1858 756 1893 ὑμῶν.
771 1868 780 1884 ι
799 1858 872 1894 Πλὴν
888 1867 975 1886 κατα-

184 1905 320 1941 μαλθὰξαι
343 1904 492 1939 δυνάμενος
514 1903 528 1930 ὸ
544 1903 598 1931 τῶν
616 1903 684 1931 ὅλων
709 1903 785 1937 Θεὸς,
812 1904 904 1940 ἀπηνῆ
929 1905 976 1932 καὶ

183 1952 334 1988 ἄθραυστον
365 1950 437 1985 ἔχειν
468 1949 566 1981 αὐτοὺς
593 1949 789 1985 συγκεχώρηκε
818 1949 890 1977 νοῦν.
919 1951 975 1977 Καὶ

182 1998 285 2034 ταύτης
300 1997 381 2023 ἕνεκα
396 1996 447 2031 τῆς
463 1995 561 2029 αἰτίας,
577 1996 619 2022 ὅτι
632 1995 670 2031 μὴ
685 1995 825 2031 τρυφερὰς
836 1995 975 2032 ἀπέφηνεν

1026 944 1193 979 indulgentia
1238 945 1321 972 etiam
1348 944 1472 972 carnales
1500 949 1592 979 patres
1620 950 1738 980 superet.
1766 944 1814 971 Est

1026 992 1097 1019 enim
1115 991 1196 1018 Pater
1210 996 1327 1026 patrum.
1353 990 1414 1018 Nati
1429 991 1535 1026 quidem
1556 998 1659 1023 sumus,
1677 991 1812 1025 inquiunt,

1025 1045 1058 1066 ex
1073 1037 1147 1064 illis:
1163 1040 1192 1064 at
1211 1044 1263 1063 non
1279 1036 1405 1063 viderunt
1419 1044 1477 1064 nos.
1493 1035 1533 1063 Tu
1550 1040 1638 1064 autem
1658 1044 1711 1063 non
1727 1036 1813 1063 inter-

1025 1083 1124 1110 misisti
1144 1082 1358 1110 misericordiam
1378 1087 1406 1110 et
1422 1090 1541 1110 amorem
1567 1083 1592 1110 in
1614 1090 1663 1110 nos
1687 1087 1764 1118 patre
1785 1086 1813 1109 et

1026 1129 1173 1156 liberorum
1189 1132 1298 1156 amante
1309 1127 1420 1163 dignum
1435 1127 1561 1156 retinere.
1574 1128 1643 1156 Erue
1656 1128 1736 1164 igitur
1752 1136 1812 1160 nos,

1025 1173 1141 1201 Nomine
1155 1174 1228 1201 enim
1247 1178 1293 1201 tuo
1308 1173 1395 1200 vocati
1417 1181 1522 1207 sumus,
1537 1181 1569 1201 ac
1588 1181 1648 1201 sors
1664 1178 1708 1200 tua
1722 1178 1749 1200 et
1766 1180 1814 1207 po-

1026 1220 1104 1255 pulus
1120 1224 1183 1247 tuus
1199 1227 1399 1255 nuncupamur.
1415 1219 1450 1247 At
1469 1220 1597 1255 quoniam
1613 1223 1723 1254 propter
1744 1218 1814 1245 mul-

1027 1271 1082 1294 tam
1093 1265 1303 1293 inobedientiam
1313 1270 1340 1293 et
1350 1266 1488 1293 sinistram
1501 1265 1631 1293 malitiam
1643 1263 1813 1291 inChristum

1026 1312 1151 1339 bacchati
1171 1316 1252 1344 sunt,
1273 1312 1434 1339 exciderunt
1458 1312 1646 1347 conjunctione
1666 1319 1726 1346 qua:
1752 1318 1813 1338 cum

1027 1357 1084 1391 ipso
1100 1361 1153 1388 est,
1168 1356 1303 1391 spirituali
1326 1357 1462 1390 videlicet,
1482 1362 1509 1384 et
1527 1357 1586 1392 ejus
1609 1357 1742 1384 donorum
1765 1364 1814 1383 ex-

1026 1407 1115 1438 pertes
1132 1403 1252 1436 fuerunt,
1272 1403 1399 1438 viamque
1416 1403 1579 1438 evangelicae
1597 1402 1813 1431 conversationis

1026 1448 1097 1476 haud
1121 1454 1263 1476 noverunt.
1288 1448 1357 1477 Hinc
1375 1449 1551 1477 meritissimo
1576 1448 1670 1476 ﬂentes
1691 1448 1784 1475 dicunt
1802 1457 1809 1475 :

1026 1493 1116 1527 Quare
1131 1493 1263 1521 seduxisti
1281 1501 1342 1527 nos,
1355 1494 1509 1527 Dominc,_a
1526 1495 1567 1521 via
1590 1493 1652 1521 tua?
1672 1493 1813 1521 obdurasti

1027 1539 1109 1567 corda
1133 1544 1235 1572 nostra,
1253 1548 1287 1567 ne
1309 1540 1467 1568 timeremus
1490 1540 1534 1568 te?
1548 1539 1723 1568 Obdurarunt
1741 1539 1813 1566 enim

1027 1593 1076 1614 sua
1100 1586 1219 1620 ipsorum
1242 1586 1326 1622 885
1349 1587 1440 1614 corda.
1464 1585 1557 1620 Itaque
1571 1586 1673 1614 dictutn
1695 1590 1737 1613 est
1760 1586 1815 1613 illis

1028 1639 1095 1659 voce
1115 1632 1276 1666 prophetae:
1294 1641 1303 1657 ‹
1323 1632 1487 1667 Disrumpite
1506 1633 1588 1659 corda
1604 1636 1704 1665 vestra,
1718 1636 1746 1659 et
1760 1639 1814 1658 non

1028 1678 1190 1705 vestimenta
1207 1683 1297 1706 vestra
1306 1678 1340 1704 ".
1359 1687 1368 1704 ι
1385 1677 1485 1706 Verum
1500 1685 1562 1706 cum
1577 1678 1699 1705 emollire
1714 1678 1815 1712 potuis-

1027 1727 1070 1749 set
1094 1723 1280 1751 universorum
1302 1722 1390 1755 Deus,
1410 1723 1534 1758 permisit
1560 1723 1614 1750 illis
1639 1728 1669 1750 ut
1693 1728 1811 1751 mentem

1026 1767 1196 1802 pra-fractam
1209 1768 1340 1796 haberent
1360 1772 1387 1795 et
1398 1773 1597 1795 contumacem.
1607 1769 1666 1795 Hac
1676 1769 1709 1796 de
1720 1776 1813 1801 causa.

1028 1813 1093 1848 quia
1108 1818 1200 1840 tenera
1219 1818 1246 1841 et
1260 1813 1351 1841 mollia
1368 1813 1427 1848 ipsa
1442 1821 1495 1841 non
1511 1814 1639 1846 reddidit,
1654 1814 1713 1848 ipse
1728 1814 1815 1841 obdu-

1028 1865 1090 1886 rare
1104 1859 1214 1886 dicitur.
1231 1859 1335 1892 Quibus
1351 1863 1441 1886 autem
1457 1860 1508 1888 hoc
1528 1859 1637 1892 accidit,
1649 1859 1691 1887 his
1704 1859 1815 1887 omnino

1008 1903 1010 1905 ’
1027 1912 1137 1933 necesse
1151 1910 1194 1934 est
1213 1905 1284 1933 aliud
1302 1904 1441 1939 obvenire,
1460 1910 1502 1938 ut,
1526 1906 1655 1941 inquam,
1670 1905 1718 1933 Dei
1741 1909 1814 1932 metu

1027 1956 1147 1979 careant.
1166 1951 1278 1986 Spectat
1301 1958 1409 1986 quoque
1433 1952 1485 1995 hoc
1504 1952 1538 1979 ad
1564 1952 1715 1985 interitum,
1737 1956 1765 1978 et
1787 1950 1813 1977 in

1028 1996 1190 2030 profundum
1206 1996 1305 2024 inferni
1321 1996 1428 2024 animas
1443 1997 1577 2024 deturbat.

183 2044 277 2076 αὐτὰς,
292 2043 373 2075 αὐτὸς
395 2042 545 2078 αληρῦναι
567 2042 685 2077 λέγεται,
710 2044 766 2074 τοῖς
791 2042 819 2069 δὲ
843 2043 921 2070 τοῦτο
954 2044 1100 2072 πεπονθόσι
1120 2043 1196 2071 πᾶσά
1218 2052 1276 2075 πως
1296 2043 1404 2079 ἀνάγκη
1438 2043 1485 2070 καὶ
1501 2044 1532 2071 se
1559 2044 1652 2079 ἕτερον
1675 2042 1812 2073 ἐπελθεῖν,

184 2090 255 2126 φημὶ
266 2089 299 2125 δὴ
315 2089 346 2116 τὺ
361 2088 413 2121 ἔξω
426 2088 474 2115 τοῦ
489 2088 561 2115 θείου
572 2088 699 2123 γενέσθαι
734 2083 828 2124 φόὸου,
845 2089 942 2116 Βλέπει
959 2090 988 2117 δὲ
1022 2089 1103 2117 τοῦτο
1117 2089 1185 2126 πρὸς
1204 2089 1325 2125 ὀλεθρον,
1347 2090 1396 2116 καὶ
1411 2090 1451 2124 εἰς
1467 2090 1602 2126 πέταυρον
1617 2089 1681 2126 ᾅδου
1696 2096 1813 2115 κατακο-

185 2136 258 2172 μίζει
276 2136 372 2172 ψυχάς.

226 2181 425 2216 Ἑπίστρεψον
446 2181 495 2209 διὰ
518 2181 589 2214 τοὺς
611 2181 742 2215 δούλους
763 2189 832 2215 σου,
849 2182 899 2210 διὰ
922 2183 975 2216 τὰς

1063 2178 1145 2207 Vsus.
1173 2179 1218 2212 l8,
1239 2178 1283 2207 l9.
1315 2179 1469 2206 Convertere
1497 2182 1603 2213 propter
1631 2187 1718 2207 urvo:
1742 2185 1812 2213 tuos,

183 2227 285 2262 φυλὰς
300 2226 355 2261 τῆς
370 2228 572 2262 κληρονομίας
588 2235 657 2259 σου,
671 2228 722 2255 ἵνα
735 2230 844 2263 μικρόν
859 2238 885 2256 τι
902 2231 974 2263 κλη-

180 2272 398 2307 ρονομήσωμεν
414 2273 466 2299 τοῦ
489 2273 578 2306 ὅρους
596 2273 648 2300 τοῦ
665 2273 751 2307 ἁγίου
768 2281 838 2302 σου.
858 2275 973 2310 Ἐγενό-

182 2319 259 2353 pelia
272 2317 312 2351 ὡς
322 2318 354 2344 τὸ
371 2317 420 2344 ἀπ’
431 2316 538 2352 ἀρχῆς.
552 2318 602 2345 ὅτε
615 2319 671 2346 οὐκ
684 2317 779 2354 ἦρξας
795 2319 888 2354 ἡμῶν,
901 2319 973 2347 οὐδὲ

184 2362 338 2397 ἐπεκλήθη
359 2362 392 2389 τὸ
409 2362 503 2397 ὄνομά
519 2370 577 2390 σου
594 2364 640 2397 ἐφ’
655 2364 742 2399 ἡμᾶς.

220 2408 330 2436 Δῑτοῦσι
348 2408 429 2436 πάλιν
453 2408 503 2444 τὴν
523 2409 590 2445 πρὸς
605 2410 703 2441 αὐτοὺς
727 2411 905 2447 ἐπιστροφὴν,
923 2411 972 2447 τὴν

186 2455 231 2482 διά
245 2462 278 2489 γε
292 2454 363 2489 φημὶ
373 2454 553 2490 γαληνότητα,
564 2455 611 2481 καὶ
625 2455 840 2491 φιλανθρωπίαν.
857 2457 973 2489 Δούλους

189 2499 217 2527 δὲ
239 2501 287 2527 καὶ
301 2500 399 2535 κλῆρον
422 2498 491 2527 εἶναι
508 2499 601 2535 φασιν·
624 2501 673 2535 οὐχ
692 2501 730 2533 ὼς
753 2503 924 2538 πεπραχότες
946 2511 974 2529 τι

185 2546 378 2581 δουλοπρεπὲς,
394 2546 479 2581 ἤγουν
499 2547 559 2577 ταῖς
572 2546 654 2573 αὐτοῦ
670 2546 796 2581 ζεύγλαις
811 2548 974 2583 ὑποσχόντες

186 2591 231 2619 τὸν
247 2591 359 2626 αὐχένα,
381 2591 438 2618 ἀλλ’
458 2590 518 2617 οὐδὲ
532 2591 570 2623 ὡς
592 2591 730 2624 τελοῦντες
748 2594 788 2624 εἰς
806 2593 905 2628 κλῆρον
927 2594 973 2620 τὸν

187 2636 371 2672 ἐκνεμηθέντα
385 2636 459 2672 αὐτῷ
472 2636 669 2672 μελετήσαντες
683 2638 713 2664 τὸ
727 2638 843 2673 εὐήνιον.
865 2639 973 2675 Ἐπειδὴ

186 2682 215 2708 δὲ
228 2682 302 2716 ἅπαξ
317 2683 551 2718 κεχρηματίκασιν
567 2683 660 2718 αὐτοῦ,
678 2684 724 2710 καὶ
741 2684 791 2718 τὴν
809 2684 877 2718 πρὸς
891 2683 973 2710 αὑτὸν

223 2770 246 2786 ’⁷
261 2770 327 2799 Joel.
342 2779 371 2803 ll,
391 2771 433 2798 15.

224 2860 262 2896 (i)
278 2861 320 2889 Δί.
340 2861 511 2896 πνευμάτων.

1024 2230 1130 2270 propter
1143 2226 1227 2252 tribus
1241 2225 1403 2253 Iucreditatis
1417 2229 1479 2258 ttuz,
1494 2230 1522 2252 ut
1534 2225 1666 2252 modicum
1678 2227 1813 2259 possidea-

1024 2278 1082 2297 mus
1095 2272 1189 2297 metuis
1202 2272 1286 2297 sancti
1297 2271 1348 2297 tui.
1359 2269 1437 2297 Facti
1452 2278 1542 2297 sumus
1557 2271 1625 2297 sicut
1643 2279 1659 2298 a
1672 2272 1811 2306 principio.

1025 2316 1131 2351 quando
1147 2324 1199 2343 non
1213 2316 1387 2343 dominareris
1401 2316 1496 2349 nostri,
1513 2324 1595 2352 neque
1609 2317 1758 2344 invocatum
1774 2323 1812 2345 ut

1005 2390 1006 2393 η
1026 2369 1119 2389 nomen
1136 2366 1210 2389 tuum
1224 2370 1302 2396 super
1317 2370 1375 2389 nos.

1061 2408 1160 2436 lterum
1178 2413 1272 2443 petunt
1287 2412 1316 2435 ut
1332 2408 1426 2436 redeat
1446 2408 1479 2435 ad
1500 2416 1542 2441 se,
1559 2415 1607 2443 per
1626 2409 1811 2439 serenitatem.
1850 2442 1855 2446 _

1024 2455 1148 2489 inquam,
1166 2457 1194 2481 et
1214 2454 1422 2482 humanitatem.
1452 2455 1553 2482 Servos
1574 2459 1602 2481 et
1624 2454 1811 2482 ha'reditatem

1025 2507 1087 2528 esse
1103 2499 1196 2527 dicunt
1209 2507 1248 2532 se,
1262 2507 1314 2527 non
1327 2500 1404 2534 quasi
1421 2499 1525 2534 aliquid
1541 2499 1612 2533 quod
1624 2506 1719 2528 servos
1733 2500 1810 2527 decet

1025 2547 1143 2582 egerint,
1162 2550 1209 2573 aut
1225 2545 1359 2573 cervicem
1376 2545 1436 2580 ejus
1456 2545 1521 2580 jugo
1544 2549 1742 2580 supponerent.
1760 2552 1812 2572 nec

1028 2592 1100 2627 quod
1117 2591 1275 2619 haereditate
1290 2591 1334 2619 illa
1350 2591 1426 2625 potiti
1441 2595 1603 2626 praestarent
1617 2591 1811 2623 obedientiam,

1027 2638 1075 2666 sed
1094 2639 1156 2673 quia
1177 2638 1260 2666 semel
1276 2637 1334 2672 ejus
1358 2638 1422 2666 dicti
1444 2642 1522 2670 sunt,
1542 2642 1570 2664 et
1593 2636 1811 2672 conjunctionem

1027 2693 1087 2712 cum
1108 2686 1167 2720 ipso
1182 2686 1214 2714 ab
1229 2686 1305 2714 initio
1322 2686 1499 2721 intimamque
1514 2683 1742 2713 necessitudinem
1763 2683 1808 2711 ba-
