4090 6216
539 259 678 318 ιεῡτ»

1523 254 1584 308 S.
1623 253 1896 310 CYRILLI
1937 255 2410 314 ALEXANDBINI
2450 253 2764 312 ARCHIEP.

3643 260 3764 320 1396

537 375 790 436 buerunt,
819 380 1037 442 propter
1064 373 1163 426 hoc
1202 380 1254 425 et
1293 371 1510 439 quidem
1555 370 1724 426 solum
1773 374 1980 427 servari
2014 390 2102 444 pe-

2207 377 2511 442 οἰκειότητα
2556 376 2994 445 πεπλουτήκασιν
3026 374 3084 428 ὲν
3115 375 3332 446 ἀρχαῖς,
3363 373 3448 428 διὰ
3491 375 3646 427 τοῦτο
3689 378 3771 430 καὶ

539 473 677 518 tunt.
713 481 732 515 s
773 459 1069 518 Revertere
1100 466 1266 525 enim,
1303 461 1497 530 inquit,
1533 471 1589 514 ut
1629 461 1895 518 modicum
1931 466 2105 535 possi-

535 555 764 609 deamus
832 553 1031 607 amntis
1080 553 1255 607 sancti
1311 553 1410 606 tui.
1464 571 1484 604 ι
1545 551 1775 608 Montem
1829 565 2102 619 sanctum,

535 645 835 701 Ecclesiatn
863 644 1050 698 dicunt
1077 657 1446 712 saepenumero
1477 657 1646 697 sacrm
1672 641 1887 698 Litterae
1911 662 1926 698 :
1953 643 2104 712 cuius

538 736 730 804 exigua
753 736 998 804 quasdam
1021 733 1199 802 portio
1218 735 1544 789 exstiterunt
1569 734 1844 790 Israelita.
1871 735 1927 790 Si
1957 737 2104 791 enim

546 827 887 882 Idmisissent
934 826 1094 880 tidem
1140 840 1260 895 quae
1298 835 1382 882 est
1425 826 1478 880 in
1527 826 1810 881 Dominum
1861 836 2102 882 nostrum

559 918 717 974 esum
756 917 1054 984 Christum,
1093 915 1348 972 Ecclesia:
1390 925 1567 972 coetus
1612 932 1804 987 magna
1851 932 1917 973 ex
1953 927 2114 985 parte.

533 1027 602 1065 ea
639 1009 745 1065 illis
782 1018 1003 1065 coactus
1043 1010 1274 1065 fuisset:
1306 1011 1558 1080 adjuncta
1609 1010 1738 1078 ipsis
1775 1010 1938 1065 etiam
1972 1024 2103 1078 gen-

535 1102 669 1156 tium
705 1101 1069 1157 multitudine.
1125 1100 1229 1156 Sed
1268 1101 1523 1170 quoniam
1569 1110 1789 1170 prOpter
1836 1101 2100 1172 insignem

534 1190 957 1246 inobedientiant
999 1193 1329 1259 posteriores
1368 1192 1614 1263 gentibus
1667 1190 1794 1247 facti
1843 1201 2003 1258 sunt,
2047 1199 2103 1248 et
2155 1265 2158 1268 ἢ

539 1278 747 1331 illarum
782 1281 937 1333 turba
974 1288 1056 1334 est
1103 1281 1465 1342 numerosior.
1504 1280 1557 1334 hi
1598 1289 1777 1335 autem
1815 1281 1971 1350 pauci
2002 1282 2097 1335 ad-

533 1369 750 1422 modum
773 1386 787 1422 :
807 1369 1058 1438 (servatae
1080 1380 1205 1424 sunt
1237 1371 1378 1424 enim
1409 1370 1648 1439 reliquia:
1673 1387 1686 1423 :
1711 1369 1780 1441 ’⁸)
1817 1381 2101 1441 propterea

530 1461 780 1530 exiguam
813 1462 1114 1530 portionem
1155 1461 1204 1514 in
1242 1471 1424 1516 monte
1452 1471 1662 1526 sancto,
1695 1461 1748 1516 id
1773 1471 1875 1527 est,
1910 1462 1964 1516 in
1996 1462 2100 1518 Ec-

476 1536 482 1544 κ
529 1551 719 1616 etesia,
757 1552 1138 1620 possederunt.
1169 1549 1226 1607 Si
1257 1552 1380 1620 quis
1407 1560 1587 1606 autem
1621 1551 1764 1606 dicat
1790 1565 2099 1622 supremam

531 1638 833 1704 civitatem,
865 1640 1144 1695 caelestem
1183 1638 1503 1708 Ecclesiam,
1535 1648 1846 1696 sanctorum
1871 1650 2100 1697 matrem

2215 466 2378 536 μόνον
2411 465 2688 528 αἰτοῦντες
2711 464 2771 518 τὸ
2797 463 3065 528 σώζεσθαι
3087 480 3100 492 '
3141 481 3160 514 ι
3217 463 3574 533 Ἐπίστρεψον
3599 464 3720 534 γὰρ,
3751 485 3768 517 s

2212 557 2398 628 φησὶν,
2437 577 2456 608 ι
2494 557 2584 611 ἵνα
2609 555 2806 628 μικρόν
2857 572 2906 609 τι
2950 555 3447 626 κληρονομήσωμεν
3489 556 3583 609 τοῦ
3629 558 3772 628 ὅρους

2208 645 2304 698 τοῦ
2335 647 2511 714 ἁγίου.
2551 665 2570 698 ι
2610 647 2776 716 Ὅρος
2823 645 2921 714 μὲν
2957 639 3052 697 οὖν
3101 645 3255 711 ἅγιον
3301 644 3403 716 τὴν
3462 644 3773 717 Ἐκκλησίαν

2209 736 2534 808 πλεισταχοῦ
2577 754 2711 808 φησι
2743 737 2806 788 τὸ
2841 737 3079 806 Γραμμα
3121 735 3184 788 τὺ
3219 734 3382 806 ἱερὸν,
3427 725 3496 804 ἧς
3537 737 3772 805 γεγόνασι

2209 826 2384 896 βραχύ
2401 845 2454 879 τι
2485 826 2649 897 μέρος
2676 827 2725 879 οἱ
2744 826 2802 892 ἐξ
2827 824 3075 895 Ἰσραήλ·
3105 826 3154 877 εἰ
3173 824 3272 894 μὲν
3285 823 3398 893 γὰρ
3429 823 3773 894 παρεδέξαντο

2207 912 2306 984 τὴν
2356 912 2562 976 πίστιν,
2603 911 2702 983 τὴν
2750 913 2830 976 εἱς
2871 911 2966 964 τὸν
3015 911 3218 980 Κύριον
3253 912 3411 982 ἡμῶν
3463 911 3662 980 Ἰησοῦν
3693 914 3772 965 τὸν

2211 1000 2466 1072 Χριστὸν,
2499 1001 2870 1072 συναγήγερτο
2886 1000 2952 1054 ἂν
2977 1001 3034 1067 ἐξ
3048 1002 3229 1055 αὐτῶν
3258 1003 3336 1066 εἰς
3371 1001 3513 1055 πολύ
3539 1020 3592 1055 τι
3623 1005 3769 1074 μέρος

2210 1091 2312 1158 τῆς
2350 1089 2673 1161 Ἐκκλησίας
2719 1093 2781 1145 τδ
2828 1093 3100 1162 σύστημα,
3131 1093 3658 1164 προσεπενεχθείσης
3684 1097 3767 1146 αὑ-

2207 1182 2322 1244 τοῖς
2373 1181 2470 1235 καὶ
2505 1182 2607 1252 τῆς
2647 1183 2757 1235 τῶν
2804 1181 2974 1238 ἐθνῶν
3011 1183 3269 1254 πληθύος.
3329 1183 3552 1255 Ἐπειδὴ
3597 1185 3649 1237 δὲ
3688 1186 3767 1239 διὰ

2211 1271 2412 1341 πολλὴν
2442 1272 2726 1328 ἀπείθειαν
2757 1273 2985 1347 κατόπιν
3017 1275 3274 1344 γεγόνασι
3317 1275 3432 1328 τῶν
3478 1275 3659 1342 ἐθνῶν,
3685 1279 3766 1330 καὶ

2208 1361 2445 1434 ἀριθμοῦ
2477 1364 2577 1435 μὲν
2608 1363 2872 1434 κρείττων
2905 1366 2939 1434 ή
2966 1365 3192 1419 ἐκείνων
3223 1365 3340 1417 ἐστὶ
3371 1365 3601 1436 πληθὺς,
3632 1367 3766 1420 αὐτοὶ

2206 1453 2265 1508 δὲ
2300 1453 2363 1526 δὴ
2388 1454 2582 1526 κομιδῇ
2605 1453 2858 1525 βραχεῖς·
2889 1455 3155 1508 σέσωσται
3184 1454 3290 1526 γὰρ
3317 1454 3378 1506 τὸ
3411 1455 3765 1524 κατάλειμμα·

2206 1547 2297 1601 διὰ
2343 1547 2503 1600 τοῦτο
2533 1546 2728 1619 μικρόν
2771 1565 2824 1600 τι
2857 1546 3365 1617 κεκληρονομήκασι
3406 1547 3574 1617 μέρος
3603 1549 3655 1598 ἐν
3699 1547 3766 1616 τῷ

2206 1637 2323 1712 δρει
2366 1637 2444 1709 τῷ
2473 1638 2632 1709 ἁγίῳ,
2661 1637 2928 1700 τουτέστι,
2957 1640 3024 1708 τῇ
3063 1636 3380 1707 Ἐκκλησία.
3412 1636 3478 1689 Εἰ
3519 1637 3572 1690 δὲ
3607 1637 3664 1707 δή
3694 1653 3765 1699 τις

531 1736 585 1780 et
615 1729 908 1794 nutricem,
943 1729 1046 1782 dici
1078 1731 1146 1784 ab
1178 1730 1312 1800 ipsis
1340 1741 1577 1787 montem
1609 1739 1880 1796 sanctum,
1922 1731 2102 1802 ibique

2204 1729 2353 1800 λέγοι
2389 1730 2489 1800 τὴν
2521 1730 2634 1784 ἄνω
2679 1729 2854 1794 πόλιν,
2883 1729 2984 1801 τὴν
3027 1731 3086 1782 ἐν
3131 1728 3381 1801 οὗρανοῖς
3438 1730 3761 1800 Ἐκκλησίαν,

529 1831 628 1873 eos
673 1816 810 1872 velle
856 1818 1187 1875 luereditatis
1235 1821 1538 1889 portionem
1593 1820 1849 1891 consequi
1891 1837 1907 1875 :
1954 1829 2104 1877 recte

487 1980 493 1986 Ι
531 1908 635 1962 hoc
658 1909 822 1962 etiam
855 1910 1014 1964 modo
1040 1908 1308 1982 intelliges
1328 1928 1343 1965 :
1362 1909 1558 1968 Factus
1589 1927 1710 1969 esse
1737 1913 1924 1967 dicunt
1954 1927 2014 1969 se
2043 1921 2104 1968 ut

487 1991 496 2070 ί
530 2013 562 2052 a
594 1999 882 2070 principio,
905 2001 1124 2070 quando
1155 2016 1263 2057 non
1293 2002 1670 2058 dominabatur
1694 2019 1903 2070 eorum,
1929 2017 2104 2074 neque

526 2096 650 2145 erat
685 2104 879 2146 nomen
916 2090 1033 2159 ejus
1059 2105 1223 2162 super
1263 2092 1409 2162 ipsos
1439 2092 1765 2149 invocatum.
1794 2093 1890 2150 Est
1921 2103 2102 2150 autem

528 2179 686 2236 valde
729 2191 1096 2238 consentanea
1136 2182 1253 2238 haec
1282 2183 1478 2238 oratio.
1521 2183 1658 2240 Cum
1695 2186 1839 2241 enim
1869 2185 2105 2241 excidis-

528 2281 650 2327 sent
698 2272 868 2329 semel
919 2275 989 2329 ab
1023 2275 1142 2346 ejus
1187 2277 1359 2350 886
1406 2277 1781 2333 misericordia
1823 2285 1878 2332 et
1920 2286 2103 2348 prote-

527 2364 730 2432 ctione,
760 2367 813 2421 in
850 2369 1140 2438 pristinum
1167 2381 1368 2425 statum
1403 2371 1605 2426 reversi
1631 2378 1776 2426 sunt.
1811 2369 1950 2438 Quid
1981 2379 2101 2424 tan-

487 2482 499 2538 ς
532 2455 655 2509 dem
679 2455 808 2509 illud
829 2459 986 2512 erat?
1008 2459 1328 2516 Servierunt
1349 2461 1620 2532 Egyptiis
1654 2463 1764 2518 luto
1792 2473 1848 2518 et
1869 2463 2103 2519 lateritio

528 2555 716 2611 opere,
752 2544 946 2613 bisque
983 2545 1074 2600 diu
1109 2547 1386 2604 laboribus
1417 2551 1713 2606 excruciati
1753 2561 1901 2607 sunt.
1949 2551 2102 2608 Nunc

524 2643 709 2689 autem
757 2636 984 2706 pedibus
1024 2636 1306 2692 diabolicis
1346 2639 1772 2705 succubuerunt,
1817 2654 1872 2696 et
1918 2644 2101 2699 carnis

527 2726 814 2784 all‘ectibus
855 2727 1153 2798 mundique
1209 2729 1597 2798 cupiditatibus
1642 2732 1902 2786 cumulati
1951 2743 2098 2788 sunt.

525 2814 654 2870 Haec
695 2817 842 2870 enim
888 2816 1122 2872 lateritia
1148 2833 1315 2888 opera
1345 2819 1591 2889 quedam
1623 2820 1837 2876 occulta
1875 2822 2098 2893 intelligi

523 2911 774 2974 possunt.
817 2903 1135 2960 Sen/ierunt
1187 2907 1241 2962 in
1284 2906 1522 2980 Egypto
1569 2910 1852 2978 spiritibus
1895 2911 2096 2969 matis:

524 3006 673 3047 nunc
697 2993 752 3046 in
777 2993 910 3062 ipsis
936 3003 1024 3050 est
1046 2995 1271 3067 spiritus
1293 2997 1626 3056 immundus.
1656 3000 1820 3071 quue
1845 3003 2102 3059 Servatur

480 3085 485 3090 ’
525 3082 645 3153 ipse
675 3098 775 3138 nos
808 3085 1012 3151 docuit,
1045 3087 1113 3142 de
1144 3088 1250 3144 illis
1279 3087 1506 3158 loquens
1535 3109 1548 3146 :
1575 3108 1593 3142 ι
1630 3089 1764 3145 Cum
1793 3091 2104 3150 immundus

488 3243 496 3255 ε
526 3173 751 3244 spiritus
781 3177 978 3232 exierit
1007 3192 1072 3233 ex
1107 3178 1348 3244 homine,
1378 3181 1617 3235 ambulat
1646 3195 1746 3246 per
1775 3182 1893 3238 loca
1925 3183 2099 3250 arida,

526 3279 780 3334 quaerens
815 3267 1139 3335 requietem,
1174 3281 1274 3322 nec
1304 3268 1529 3322 invenit.
1577 3268 1732 3324 Tunc
1761 3270 1838 3325 ait
1865 3288 1880 3326 :
1913 3271 1969 3326 In
2000 3273 2098 3328 do-

527 3369 676 3410 mum
724 3371 898 3410 meam
942 3363 1207 3424 revertar,
1241 3357 1384 3413 unde
1411 3371 1664 3428 egressus
1697 3375 1840 3419 sum.
1881 3363 1948 3420 Et
1975 3380 2097 3422 cum

525 3447 711 3516 venit,
767 3449 974 3504 invenit
1029 3462 1150 3504 eam
1200 3464 1429 3505 vacuam
1479 3460 1534 3505 et
1583 3463 1888 3524 purgatam.
1945 3457 2100 3515 Tunc

2203 1821 2301 1894 τὴν
2329 1821 2437 1875 τῶν
2463 1821 2633 1891 ἁγίων
2663 1821 2876 1894 μητέρα
2926 1821 3023 1874 καὶ
3051 1820 3273 1892 τροφὸν,
3315 1821 3442 1890 ὅρος
3476 1821 3622 1890 ἅγιον
3659 1823 3763 1874 όνο-

2207 1910 2475 1983 μάςεσθαι
2505 1913 2634 1983 παρ’
2658 1909 2862 1975 αὐτῶν,
2887 1911 2984 1964 καὶ
3007 1910 3065 1962 ἐν
3087 1908 3235 1980 αὐτῷ
3265 1911 3548 1980 βούλεσθαι
3575 1911 3760 1982 κλήρου

2207 2003 2371 2074 μέρος
2396 2003 2600 2074 λαχεῖν,
2635 2001 2813 2074 ὀρθῶς
2843 2003 3114 2073 συνήσεις,
3145 2003 3242 2054 καὶ
3271 2000 3414 2055 κατὰ
3460 2000 3637 2056 τοῦτον
3675 2001 3759 2054 τὸν

2163 2164 2168 2172 1
2203 2095 2403 2167 τρόπον
2428 2111 2442 2125 ⁸
2474 2093 2726 2163 γενέσθαι
2760 2094 2816 2148 δέ
2864 2110 2997 2164 φησι
3030 2091 3202 2160 τδπώς
3242 2093 3514 2165 ἀπαρχῆς,
3543 2094 3624 2146 ὅτε
3665 2093 3755 2145 οὐκ

2203 2178 2372 2254 ἦρχεν
2397 2182 2598 2248 αὐτῶν,
2620 2180 2742 2235 οὔτε
2778 2181 2886 2252 μὴν
2914 2179 3190 2251 ἐπεκλήθη
3216 2181 3277 2233 τὸ
3305 2181 3474 2251 ὄνομα
3496 2181 3649 2234 αὐτοῦ
3675 2180 3754 2234 ἐπ’

2203 2271 2399 2335 αὐτούς
2421 2288 2436 2302 ο
2467 2270 2580 2341 ἔχει
2614 2269 2671 2322 δὲ
2701 2270 2836 2324 πολὺ
2865 2269 2929 2322 τὸ
2955 2268 3102 2334 εικδς
3143 2273 3172 2324 ὀ
3202 2269 3359 2338 λόγος
3380 2287 3393 2300 ·
3423 2270 3753 2324 ἐκπεπτωκό-

2201 2379 2296 2426 τες
2322 2361 2431 2433 γὰρ
2471 2361 2619 2426 ἅπαξ
2644 2361 2746 2430 τῆς
2777 2361 2908 2434 παρ’
2937 2360 3099 2414 αὐτοῦ
3147 2360 3380 2431 φειδοῇ,
3431 2361 3518 2415 καὶ
3560 2360 3755 2431 σκέπης

2204 2455 2576 2523 ὑπενόστησαν
2598 2454 2677 2516 εἰς
2697 2452 2758 2506 τὸ
2782 2454 2839 2507 ὲν
2861 2454 3076 2524 ἀρχαῖς.
3100 2454 3210 2506 Καὶ
3238 2457 3362 2507 ποῖα
3385 2452 3548 2507 ταῦτά
3574 2455 3746 2517 tactv;

2215 2544 2523 2598 Ἐδούλευον
2560 2543 2875 2613 Αἰγυπτίοις
2904 2543 3059 2616 πηλῷ
3093 2544 3185 2598 καὶ
3230 2543 3484 2614 πλινθείᾳ,
3524 2541 3748 2603 καὶτοῖς

2203 2636 2282 2698 εἰς
2316 2635 2474 2687 τοῦτο
2519 2633 2792 2706 καμάτοις
2838 2633 3268 2702 καταικιζόμενοι
3307 2632 3603 2686 διετέλουν·
3651 2647 3752 2683 πε-

2202 2725 2453 2778 πτώκασι
2481 2725 2537 2777 δὲ
2568 2725 2664 2777 καὶ
2699 2723 2794 2776 νῦν
2828 2724 2934 2776 ὑπὸ
2963 2724 3119 2788 πόδας
3149 2721 3504 2788 διαϐολικοῦς,
3535 2721 3631 2774 καὶ
3647 2721 3754 2784 τοῖς

2201 2811 2299 2882 τῆς
2332 2811 2534 2882 σαρκὸς
2562 2811 2760 2866 πάθεσι
2820 2813 2915 2866 καὶ
2951 2815 3240 2883 κοσμικαῖς
3268 2811 3578 2880 ἐπιθυμίαις
3605 2826 3757 2864 κατα-

2205 2904 2530 2975 μιαίνονταιο
2572 2903 2821 2957 πλινθεία
2852 2905 2963 2975 γὰρ
2991 2903 3132 2974 αὕτη
3168 2906 3340 2957 νοοῖτο
3386 2902 3454 2956 ἂν
3483 2902 3694 2965 εἰκότως
3722 2904 3751 2972 ἡ

2205 2996 2935 3070 κεκρυμμένη..Ἑλάτρευον
2977 2999 3035 3050 ὲν
3072 2997 3333 3066 Αἰγύπτῳ
3372 2995 3632 3066 πνεύμασι
3666 3010 3753 3046 πο·

2204 3094 2412 3163 νηροϊς,
2455 3092 2552 3145 καὶ
2576 3091 2670 3146 νῦν
2705 3091 2764 3142 ὲν
2807 3089 2989 3152 αὐτοῖς
3023 3092 3140 3143 ἐστι
3172 3090 3390 3160 πνεῦμα
3435 3089 3491 3142 τὸ
3532 3086 3752 3156 ἀκάθαρο

2204 3197 2320 3236 τον.
2366 3182 2476 3236 Καὶ
2510 3181 2670 3238 τοῦτο
2714 3183 2878 3247 αὐτὸς
2916 3185 3065 3254 ἡμᾶς
3093 3185 3121 3236 ὀ
3153 3183 3344 3253 Σωτὴρ
3372 3178 3564 3243 ἐδίδαξε
3591 3177 3751 3244 λέγων

2204 3273 2335 3343 περὶ
2365 3272 2565 3340 αὐτῶν,
2598 3293 2616 3326 ι
2649 3275 2815 3328 Ὅταν
2839 3274 2895 3328 δὲ
2921 3275 2983 3326 τὸ
3015 3272 3326 3343 ἀκάθαρτον
3349 3268 3556 3339 πνεῦμα
3577 3265 3752 3335 ἐξέλθῃ

2205 3363 2314 3418 ἀπὸ
2361 3364 2456 3418 τοῦ
2503 3364 2813 3438 ἀνθρώπου,
2869 3363 3160 3436 πορεύεται
3203 3363 3271 3415 δι’
3322 3361 3557 3432 ἀνύδρων
3588 3359 3756 3411 τόπων

2206 3456 2400 3528 ζητοῦν
2445 3457 2772 3523 ἀνάπαυσιν,
2823 3457 2917 3511 καὶ
2961 3457 3058 3527 οὐχ
3086 3456 3352 3527 εὑρίσκει.
3411 3453 3539 3506 Τότε
3581 3449 3752 3516 λέγει·

527 3539 778 3606 assumit,
805 3539 1002 3609 inquit,
1040 3539 1175 3595 alios
1205 3549 1413 3610 septem
1445 3541 1668 3609 spiritus
1701 3543 1992 3615 nequiores
2014 3562 2097 3616 se,

2204 3548 2292 3612 Εῑς
2340 3549 2434 3602 τὸν
2481 3543 2634 3603 οἶκόν
2685 3566 2786 3620 μου
2838 3547 3181 3620 ἐπιστρέψω,
3223 3545 3346 3600 ὅθεν
3393 3542 3629 3614 ἐξῆλθον.
3654 3539 3755 3594 Καὶ

526 3639 583 3683 et
606 3629 1005 3698 ingrediuntur,
1037 3644 1102 3684 ac
1131 3630 1204 3684 ibi
1236 3630 1503 3697 habitant,
1535 3633 1778 3706 ﬁuntque
1803 3639 2098 3696 novissima

2204 3638 2352 3694 ὲλθδν
2383 3639 2627 3712 εὑρίσκει
2663 3640 3013 3712 σχολάζοντα,
3047 3639 3144 3692 καὶ
3195 3634 3575 3706 σεσαρωμένον
3596 3651 3608 3664 ·
3649 3630 3753 3684 τότε

527 3721 768 3774 hominis
799 3719 944 3773 illius
980 3719 1164 3788 pejora
1209 3721 1502 3788 prioribus.
1550 3723 1644 3782 Sic
1674 3727 1798 3794 erit,
1841 3745 1865 3781 ι
1902 3730 2098 3800 inquit,

2204 3731 2638 3803 παραλαμϐάνει,
2676 3732 2861 3803 φησιν,
2889 3731 3056 3804 ἕτερα
3100 3727 3240 3782 ἑπτὰ
3279 3726 3568 3797 πνεύματα
3611 3738 3758 3790 πονη-

533 3823 554 3856 s
592 3806 926 3873 generationi
956 3807 1083 3861 huic
1109 3807 1268 3862 malae
1287 3809 1353 3864 ³⁵,
1387 3827 1408 3862 s

2204 3822 2396 3894 ρότερα
2447 3822 2664 3888 ἑαυτοῦ,
2719 3823 2814 3877 καὶ
2862 3821 3172 3876 εἰσελθόντα
3219 3821 3464 3874 κατοικεῖ
3516 3818 3645 3880 ἐκεῖ,
3679 3812 3760 3866 καὶ

527 3895 737 3964 γίνεται
775 3895 846 3951 τὰ
896 3895 1098 3969 ἔσχατα
1143 3899 1239 3953 τοῦ
1285 3899 1573 3972 ἀνθρώπου
1605 3901 1841 3969 ἐκείνου,
1879 3906 2097 3979 χείρονα
2132 3911 2243 3968 τῶν
2304 3913 2557 3986 πρώτων.
2576 3912 2762 3979 Οὕτως
2810 3913 3002 3978 ΐσται,
3046 3931 3066 3966 υ
3099 3913 3254 3986 φησὶ,
3278 3931 3298 3964 ι
3329 3913 3395 3984 τῇ
3428 3911 3593 3981 γενεᾷ
3610 3905 3762 3977 ταύτῃ

525 3989 595 4060 τῇ
639 3987 871 4059 πονηρᾷο
913 4005 933 4040 ι

599 4081 730 4139 Car.
761 4077 940 4132 LXIV.
969 4077 1134 4135 Vens.
1157 4079 1270 4135 1-3.
1296 4079 1356 4134 Si
1385 4082 1653 4148 aperueris
1678 4083 1886 4152 caelum,
1907 4095 2102 4144 tremor

527 4173 877 4243 apprehende:
921 4187 988 4227 ea;
1030 4181 1080 4227 te
1120 4181 1344 4239 montes,
1385 4183 1433 4227 et
1479 4173 1779 4243 liquescent,
1821 4187 1877 4230 ut
1921 4195 2042 4234 cera
2067 4198 2102 4236 ιι

529 4269 665 4336 facie
699 4266 830 4335 ignis
856 4265 1055 4334 quueﬁt
1081 4279 1100 4318 :
1149 4274 1198 4318 et
1226 4264 1490 4319 comburet
1516 4266 1652 4335 ignis
1675 4269 2028 4337 aduersarios,
2051 4281 2101 4327 et

526 4359 736 4412 illustre
771 4359 870 4411 erit
913 4373 1100 4410 nomen
1139 4365 1288 4408 tuum
1315 4355 1371 4409 in
1403 4355 1740 4412 adversariis.
1781 4359 1819 4412 Α
1843 4360 1981 4428 facie
2006 4372 2100 4418 tua

527 4461 703 4518 gentes
748 4448 1120 4502 turbabuntur.
1159 4444 1296 4501 Cum
1343 4445 1527 4518 feceris
1573 4448 1807 4518 gloriosa
1851 4491 1867 4519 ,
1907 4463 2102 4510 tremor

528 4539 876 4609 apprehendat
905 4555 970 4594 ea:
993 4549 1042 4594 te
1067 4547 1290 4594 montes.

599 4713 657 4768 ln
692 4727 842 4768 more
871 4720 957 4767 est
986 4713 1192 4768 sanctis
1224 4712 1502 4782 prophetis
1526 4713 1755 4771 fundere
1787 4731 1974 4787 preces
2001 4733 2103 4790 pro

530 4803 749 4870 tsraele,
783 4802 1135 4872 deliuquente
1165 4801 1476 4872 aliquoties,
1507 4816 1561 4861 et
1603 4807 1870 4863 scelerum
1911 4821 2104 4879 pmnas

529 4900 733 4955 luituro
763 4915 777 4949 ε
807 4903 864 4950 et
897 4903 1080 4950 amota
1103 4894 1204 4960 ira,
1231 4894 1284 4948 in
1318 4894 1453 4951 alios
1473 4909 1593 4951 eam
1620 4899 1793 4953 emitti
1819 4899 2101 4970 rogabant,

525 5002 584 5048 et
626 4993 680 5046 in
713 4988 1144 5058 alienigenarum
1189 4987 1368 5057 capita
1399 4990 1665 5044 converti.
1709 4989 1987 5059 Siquidem
2019 4992 2102 5046 di-

459 5085 484 5120 ἰ
528 5084 687 5138 vinus
714 5079 1019 5135 Modulator
1045 5079 1443 5149 septuagesimo
1480 5089 1674 5136 octavo
1721 5083 1950 5150 psalmo,
1997 5097 2096 5138 va-

529 5183 724 5232 statam
758 5169 1058 5227 Jerusalem
1090 5169 1313 5239 dellens,
1346 5171 1521 5242 inquit
1552 5189 1567 5225 :
1603 5189 1623 5223 ι
1651 5171 1814 5237 Dens,
1843 5183 2108 5232 venerunt

528 5273 716 5331 gentes
761 5263 814 5317 in
849 5261 1218 5318 haereditatem
1264 5270 1445 5327 tuam,
1491 5262 1798 5332 polluerunt
1845 5266 2100 5334 templum

531 5363 777 5408 sanctum
813 5361 961 5408 tuum
992 5353 1060 5405 ³⁸.
1096 5371 1114 5404 ι
1162 5351 1405 5422 Aliisque
1451 5352 1770 5420 interiectis,
1804 5354 1920 5409 ait:
1955 5374 1975 5408 ι
2008 5357 2102 5410 Ef-

531 5442 696 5498 l’unde
729 5445 863 5498 iram
892 5453 1037 5500 tuam
1089 5445 1142 5498 in
1191 5453 1379 5513 gentes
1410 5459 1529 5513 qua:
1565 5455 1616 5499 te
1658 5460 1764 5500 non
1815 5459 2099 5511 noverunt,

2285 4087 2422 4142 Ἐὰν
2454 4087 2711 4158 ἀνοίξῃς
2743 4087 2854 4143 τὸν
2901 4088 3194 4158 οὐρανὸν,
3248 4090 3464 4160 τρόμος
3522 4089 3759 4161 λήψεται

2202 4179 2322 4236 ἀπὸ
2376 4178 2493 4234 σοῦ
2541 4179 2672 4248 ὄρη,
2718 4178 2817 4234 καὶ
2862 4178 3252 4248 τακήσονται,
3301 4181 3383 4247 ὡς
3429 4182 3616 4251 κηρὸς
3657 4181 3761 4236 ἀπὸ

2204 4267 2530 4338 προσώπου
2559 4268 2750 4339 πυρὸς
2791 4267 3054 4339 τήκεταυ
3103 4269 3202 4325 καὶ
3243 4273 3615 4326 κατακαύσει
3658 4269 3766 4338 πῦρ

2203 4356 2346 4424 τοὺς
2375 4357 2798 4424 ὑπεναντίους,
2841 4357 2942 4412 καὶ
2985 4357 3250 4427 φανερὸν
3280 4359 3452 4413 ἔσται
3492 4362 3564 4414 τὸ
3597 4360 3767 4428 ὄνομα

2206 4447 2427 4517 Κυρίου
2450 4448 2522 4502 ἐν
2547 4448 2670 4516 τοῖς
2695 4450 3098 4516 ὑπεναντίοις.
3144 4448 3288 4504 ’Δπὸ
3307 4449 3636 4518 προσώπου
3663 4464 3770 4504 σου
3823 4478 3849 4488 ι

2205 4538 2351 4607 ἔθνη
2401 4539 2903 4609 ταραχθήσονται,
2935 4540 3082 4594 ὅταν
3126 4537 3390 4608 ποιήσῃς
3421 4537 3494 4592 τὰ
3542 4537 3768 4602 ἔνδοξα.

2212 4631 2434 4698 Τρόμος
2462 4627 2726 4697 λήψεται
2768 4627 2887 4682 ἀπὸ
2919 4627 3196 4697 σοῦ’ὅρη.

2281 4721 2442 4784 Ἐθος
2472 4721 2584 4782 τοῖς
2612 4719 2789 4788 ἁγίοις
2809 4722 3116 4792 προφήταις
3135 4721 3234 4784 τὰς
3259 4719 3398 4792 ὑπὲρ
3425 4718 3524 4773 τοῦ
3565 4717 3774 4791 Ἰσραὴλ

2199 4809 2467 4864 ποιεῖσθαι
2511 4808 2687 4874 λιτὰς,
2726 4809 3174 4880 πλημμελοῦντος
3223 4807 3336 4861 ἔσθ’
3383 4809 3496 4874 ὅτε,
3535 4809 3630 4862 καὶ
3669 4807 3774 4858 εἱσ-

2200 4900 2532 4973 πράττεσθαι
2585 4899 2868 4972 μέλλοντος
2914 4899 3025 4954 τῶν
3075 4898 3413 4970 αἰτιαμάτων
3449 4899 3553 4963 τὰς
3602 4898 3775 4961 δίκας,

2199 4992 2699 5063 ἀποσκευαζόμενοι
2724 4993 2782 5047 δὲ
2806 4993 2996 5062 ὥσπερ
3027 4993 3096 5048 τὰ
3126 4991 3188 5056 ἐξ
3222 4991 3412 5063 ὀργῆς,
3447 4991 3528 5053 εἰς
3560 4989 3776 5059 ἑτέρους

2201 5084 2372 5155 αὐτὴν
2419 5085 2732 5156 πέμπεσθαι
2765 5083 3129 5155 παρεκάλουν,
3172 5083 3268 5137 καλ⁵
3294 5082 3376 5145 εἰς
3404 5081 3506 5145 τὰς
3545 5080 3660 5135 τῶν
3689 5078 3777 5133 ἁλ-

2202 5175 2445 5245 λοφύλων
2476 5177 2769 5248 τρέπεσθαι
2811 5177 3074 5245 κεφαλάς.
3118 5176 3227 5230 Καὶ
3255 5174 3390 5243 γοῦν
3427 5175 3457 5228 δ
3494 5172 3776 5233 θεσπέσιος

2203 5267 2488 5337 Μελῳδὸς,
2539 5271 2598 5321 ἐν
2635 5266 3018 5340 ἑϐδομηκοστῷ
3060 5268 3156 5322 καὶ
3195 5265 3366 5337 ὀγδόῳ
3409 5263 3640 5336 ψαλμῷ,
3683 5278 3780 5316 πε-

2203 5359 2554 5430 πορθημένην
2606 5360 2824 5430 ἐθρήνει
2871 5358 2973 5428 τὴν
3031 5355 3405 5430 Ἰερουσαλὴμ,
3439 5354 3534 5408 καὶ
3578 5353 3648 5424 δὴ
3693 5351 3782 5404 καὶ

2202 5451 2438 5516 ἔφασκεν
2467 5469 2477 5481 ν
2519 5468 2537 5501 ι
2572 5451 2629 5503 '0
2659 5450 2809 5516 Θεὸς,
2846 5449 3166 5523 εἰσήλθοσαν
3199 5447 3326 5519 ἔθνη
3350 5447 3430 5510 εἰς
3456 5444 3554 5516 τὴν
3584 5443 3783 5514 κληρο-

602 5628 646 5658 ²⁸
685 5625 843 5683 Rom.
875 5643 949 5693 ιχ,
975 5627 1064 5680 ‘27.
1143 5631 1183 5658 ν’
1220 5627 1406 5683 Matth.
1447 5645 1538 5696 xu,
1569 5630 1751 5686 45-45.
1831 5632 1872 5663 ³⁰
1911 5630 2049 5686 l‘sal.
2080 5645 2302 5693 manu,
2359 5632 2399 5682 Ι.
