4090 6216
364 266 505 324 1397

364 490 429 526 τε
456 472 595 544 πρὸς
613 472 821 537 τούτοις
841 470 1148 539 ἐπενεγκὼν
1159 470 1249 525 διὰ
1268 469 1435 541 μέσου
1452 469 1637 539 φησίν·
1665 487 1684 520 ι
1707 470 1935 539 Ἔκχεον

368 564 469 634 τὴν
493 565 665 636 όργήν
699 581 792 617 σου
822 564 915 617 uti
943 564 1012 616 τὰ
1057 562 1185 632 ἔθνη
1217 562 1288 616 τά
1338 561 1414 633 μὴ
1468 561 1807 631 γινώσκοντά
1852 578 1934 627 σε,

366 655 463 709 καὶ
501 656 594 708 ἐπὶ
636 653 933 725 βασιλείας,
981 654 1039 709 αἳ
1086 653 1148 708 τὸ
1173 653 1346 723 ὄνομά
1390 669 1485 705 σου
1530 653 1631 706 οὑκ
1677 652 1939 705 ἐπεκαλέ-

368 762 552 801 σαντο.
594 763 613 797 ι
646 744 898 798 Τοιοῦτόν
942 761 996 797 τι
1038 744 1134 798 καὶ
1182 743 1277 798 νῦν
1318 746 1347 797 ό
1400 743 1686 813 προφήτης
1731 742 1898 812 φησίν
1923 759 1935 771 ·

332 876 333 879 η
370 854 391 888 ς
446 836 573 890 Ἐὰν
603 835 713 906 γὰρ
742 833 963 907 ἀνοίξῃς
995 835 1089 888 τὸν
1130 834 1379 905 ούρανὸν,
1419 852 1438 886 ι
1471 836 1541 905 τῇ
1583 834 1794 905 καθόδῳ
1839 834 1941 903 τῆς

359 927 535 998 ὀργῆς
574 927 837 997 δηλονότι,
888 926 1140 998 καθάπερ
1181 927 1372 997 ἀμέλει
1405 927 1501 979 καὶ¹
1548 928 1607 979 έν
1649 925 1728 998 τῷ
1764 925 1942 997 καιρῷ

358 1019 459 1073 τοῦ
498 1016 920 1087 κατακλυσμοῦ·
966 1015 1316 1089 ἀνεῴχθησαν
1351 1015 1463 1087 γὰρ
1502 1017 1554 1071 oi
1602 1017 1941 1087 καταράκται

359 1108 460 1163 τοῦ
487 1107 741 1181 ούρανοῦ·
772 1110 896 1163 τότε
935 1106 1139 1179 τρόμος
1167 1107 1400 1179 λήψεται
1432 1109 1540 1163 ἀπὸ
1568 1107 1663 1162 σοῦ
1693 1108 1816 1178 ὅρη,
1848 1107 1943 1161 καὶ

362 1201 721 1270 τακήσονται,
749 1216 770 1249 ι
803 1199 880 1263 ὡς
917 1200 1089 1270 κηρὸς
1122 1198 1234 1254 ἀπὸ
1255 1198 1550 1270 προσώπου
1575 1198 1749 1270 πυρὸς
1779 1198 1943 1268 τήκε-

363 1305 516 1343 ται.»
551 1289 691 1359 ὀρη
728 1287 786 1342 δέ
820 1305 987 1360 φησιν
1013 1290 1074 1342 ὲν
1101 1288 1333 1352 τούτοις,
1361 1288 1482 1359 οὐχὶ
1508 1287 1572 1359 δή
1594 1303 1698 1340 που
1726 1286 1943 1350 πάντως

364 1379 437 1433 τά
481 1378 733 1449 αἰσθητὰ,
761 1380 1020 1451 δυνάμεις
1063 1379 1121 1432 δὲ
1170 1378 1374 1451 μᾶλλον
1419 1379 1517 1443 τάς
1569 1379 1836 1450 πονηράς,
1856 1377 1945 1432 διὰ

368 1469 571 1539 πολλὴν
600 1470 741 1537 ἄγαν
772 1470 1095 1540 ὑπεροψίαν,
1144 1471 1298 1542 ὄρεσι
1347 1472 1461 1534 τοῖς
1496 1469 1851 1541 ὑψηλοτάτοις
1884 1465 1944 1523 εὖ

371 1560 518 1629 μάλα
547 1562 1012 1633 παρεικασμένας.
1049 1562 1264 1625 Ταύτας
1289 1562 1356 1632 δὴ
1386 1557 1481 1615 οὖν
1511 1561 1611 1623 τὰς
1629 1561 1730 1631 τῆς
1755 1560 1948 1626 ἀλαζο-

366 1650 517 1714 νείας
548 1651 878 1722 συντρόφους
905 1652 1163 1723 δυνάμεις
1186 1652 1386 1723 τρόμος
1419 1651 1670 1721 λήψεται.
1708 1669 1726 1702 ι
1764 1652 1947 1704 Κατα-

1494 257 1562 313 ιιι
1604 256 1837 313 ιεΑιΑιιι
1876 256 2111 314 LlB.-V.
2151 255 2390 317 TOMUS
2429 259 2492 319 V.

254 432 273 461 ηε
362 381 560 453 νομίαν
583 396 701 449 σου,
730 381 962 453 ἐμίαναν
979 377 1069 434 τὸν
1094 377 1221 435 ναὸν
1237 378 1332 433 τὸν
1355 376 1512 446 ἀγιόν
1542 395 1655 431 σου.
1696 397 1715 431 ι
1747 379 1950 449 "Etsde

2050 389 2104 435 et
2127 381 2180 434 in
2214 395 2374 450 regna
2399 395 2520 451 quae
2546 393 2743 437 nomen
2768 388 2920 437 tuum
2949 395 3056 438 non
3088 381 3475 445 invocaverunt
3490 390 3555 445 ".
3589 412 3606 445 ι

3473 260 3611 330 1338

2044 470 2175 526 Tale
2200 471 2457 541 quiddam
2480 473 2645 527 etiam
2674 486 2815 528 nune
2843 473 3105 543 propheta
3130 473 3260 529 dicit
3289 494 3304 529 :
3335 493 3354 528 ι
3391 478 3448 532 Si
3472 481 3611 534 enim

2042 562 2321 633 aperueris
2362 562 2583 631 eatlum,
2626 583 2646 616 ι
2683 565 2947 620 descensu
2988 565 3235 623 videlicet
3283 567 3411 632 irae,
3457 569 3611 626 siculi

2041 654 2294 709 nimirum
2329 663 2572 725 tempore
2608 655 2835 712 diluvii:
2874 663 3075 726 aperta:
3103 657 3246 712 enim
3275 668 3432 714 erant
3463 668 3615 714 eata-

2042 753 2208 799 racta‘.
2238 743 2360 799 cteli
2390 762 2406 799 :
2436 753 2551 798 tum
2607 745 2830 801 invadet
2864 756 3070 805 tremor
3099 756 3309 805 montes
3334 749 3432 805 abs
3464 758 3535 817 te,
3562 760 3618 806 et

2041 833 2373 905 liquescent,
2415 854 2434 887 ι
2467 845 2526 892 ιιι
2551 850 2677 891 cera
2712 852 2741 891 a
2771 838 2911 895 facie
2931 840 3075 911 ignis
3094 838 3321 908 liquetit.
3359 858 3377 891 ι
3412 839 3617 897 Montes

2041 924 2131 982 llic
2162 935 2317 982 vocat
2341 942 2447 982 non
2478 927 2815 996 simpliciter,
2837 931 2925 997 qui
2956 931 3325 1000 percipiuntur
3345 932 3614 996 sensibus,

2042 1016 2135 1072 sed
2180 1025 2470 1086 potestates
2512 1018 2701 1087 malas,
2744 1030 2964 1091 propter
3002 1022 3270 1092 insignem
3308 1022 3611 1087 elationem,

2043 1109 2312 1165 montibus
2338 1109 2506 1180 887
2541 1110 2859 1167 celsissimis
2900 1112 3103 1181 optime
3127 1122 3492 1182 comparatas.
3511 1111 3618 1167 Has

2045 1199 2210 1269 igitur
2237 1201 2504 1270 superbia:
2529 1201 2777 1256 alumnas
2801 1211 3118 1271 potestates,
3146 1210 3350 1257 tremor
3379 1202 3613 1257 invadet.

2052 1308 2071 1343 ι
2102 1290 2425 1359 Liquescent
2454 1291 2597 1346 enim
2640 1300 2897 1360 tanquam
2928 1293 2993 1348 ab
3030 1294 3171 1362 igne.
3204 1312 3224 1345 ι
3251 1293 3619 1349 Adversautes

2050 1379 2156 1434 tuis
2183 1380 2393 1435 scilicet
2418 1380 2675 1446 oraculis,
2703 1381 2782 1434 ira
2817 1381 2957 1450 ignis
2990 1382 3164 1437 instar
3186 1383 3444 1438 decidens
3468 1398 3618 1439 com—

2048 1469 2224 1526 buret.
2269 1490 2289 1523 ι
2340 1471 2408 1525 Ει
2448 1470 2657 1527 iliustre
2690 1473 2798 1526 erit
2835 1485 3031 1527 nomen
3066 1473 3277 1528 Domini
3322 1474 3375 1528 in
3425 1474 3617 1528 adver—

2049 1562 2228 1616 sariis.
2280 1581 2299 1615 I
2352 1562 2490 1629 Quid
2526 1563 2668 1619 istud
2700 1562 2824 1618 est?
2855 1563 3110 1618 Miracula
3146 1566 3290 1620 enim
3327 1580 3469 1634 saepe
3510 1566 3622 1620 edit

2050 1654 2430 1709 universorum
2487 1652 2663 1720 Deus,
2713 1657 2971 1724 potentia:
3016 1664 3073 1710 et
3132 1657 3459 1732 praestantia:
3511 1671 3622 1711 suae

365 1742 696 1812 τακήσονται
732 1743 843 1812 γὰρ
873 1743 949 1806 ὡς
982 1742 1089 1796 ὑπὸ
1120 1742 1310 1814 πυρός.
1337 1760 1355 1793 ι
1383 1739 1765 1804 ’Υπεναντίους
1782 1741 1942 1805 ὄντας

2050 1742 2479 1810 magnitudinem
2528 1742 2882 1812 patefaciens.
2946 1741 3085 1797 Hinc
3132 1758 3517 1812 nonnunquam
3565 1744 3620 1798 in

362 1834 481 1895 τοῖς
523 1834 637 1896 σοῖς
678 1833 923 1903 δηλονότι
969 1833 1325 1902 θεσπίσμασι,
1374 1832 1544 1903 πυρὸς
1576 1831 1733 1902 δίκην
1779 1832 1944 1901 ἐμπί-

369 1941 578 1978 πτουσα
608 1926 1006 1979 κατακαύσειεν
1034 1924 1100 1978 ἂν
1122 1924 1283 1994 ὀργή.
1323 1941 1342 1974 ι
1377 1923 1486 1977 Καὶ
1531 1921 1767 1994 φανερὸν
1796 1921 1951 1976 ἔσται

366 2013 431 2066 τὸ
471 2015 643 2084 ὄνομα
687 2016 892 2086 Κυρίου
941 2017 999 2069 ἐν
1039 2017 1152 2078 τοῖς
1185 2013 1549 2076 ὑπεναντίοις.
1606 2031 1624 2064 a
1670 2012 1779 2066 Καὶ
1812 2011 1863 2064 τί
1890 2010 1955 2081 δὴ

368 2100 527 2154 τοῦτό
557 2103 671 2155 ἐστι
695 2119 711 2167 ;
741 2103 1162 2173 Θαυματουργεϊ
1193 2101 1292 2171 μὲν
1316 2101 1425 2171 γάρ
1449 2100 1765 2163 πλειστάκις
1793 2101 1823 2153 ό
1846 2099 1957 2153 τῶν

365 2191 503 2245 ὅλων
533 2192 686 2256 Θεὸς,
719 2194 817 2264 τῆς
858 2195 1084 2263 ἐνούσης
1142 2192 1425 2262 δυνάμεως
1482 2190 1631 2262 αὐτῷ
1664 2192 1756 2244 καὶ
1788 2191 1950 2262 ὑπερ-

365 2280 500 2351 οχῆς
535 2283 598 2336 τὸ
629 2283 856 2352 μέγεοος
883 2285 1112 2354 ἐναργὲς
1141 2281 1424 2345 καθιστάς.
1451 2280 1549 2334 Διά
1573 2280 1764 2334 τούτου
1816 2280 1945 2334 ὲκόο

368 2371 520 2437 λαζε,
552 2376 646 2426 καὶ
684 2374 1045 2446 ἁμαρτωλοὺς
1079 2374 1194 2426 ἔσθ’
1227 2373 1337 2439 ὅτε,
1371 2370 1467 2426 καὶ
1492 2371 1582 2425 διὰ
1612 2371 1711 2440 τῆς
1740 2372 1826 2425 ἐπ’
1858 2371 1955 2426 αὑ-

365 2467 478 2527 τοῖς
520 2465 693 2537 ὀργῆς
723 2467 926 2538 ἐναργῆ
972 2465 1238 2529 καθιστὰς
1269 2464 1496 2518 ἑαυτόνο
1541 2464 1725 2518 όποῖόν
1765 2480 1820 2516 τι
1861 2463 1953 2531 γέ-

366 2570 541 2621 γονεν,
579 2556 668 2609 ὅτε
700 2557 1015 2627 Σοδομίταις
1047 2557 1311 2627 ὲπηφίετο
1354 2556 1489 2627 πῦρ,
1519 2557 1692 2627 ἤγουν
1732 2555 1822 2608 ὅτε
1857 2553 1953 2607 τὸν

364 2644 715 2713 ἀπόπληκτον
746 2647 945 2715 Φαραῶ
983 2646 1203 2707 πολλαῖς
1236 2646 1328 2700 καὶ
1354 2647 1649 2717 ἀφορήτοις
1702 2642 1947 2697 ὑπετίθει

369 2738 623 2807 πληγαῖς.
678 2737 910 2802 Ούκοῦν,
937 2732 983 2792 ὦ
1028 2738 1299 2805 Δέσποτα,
1328 2738 1481 2808 φασὶ,
1531 2737 1606 2807 μὴ
1636 2734 1958 2806 φανερώσῃς

365 2828 467 2898 τὴν
496 2827 723 2881 σεαυτοῦ
753 2828 908 2892 δόξαν
934 2830 1052 2899 ἦτοι
1077 2829 1139 2882 τὸ
1163 2829 1361 2899 όνομα,
1396 2828 1486 2881 διὰ
1514 2827 1615 2896 τῆς
1644 2825 1767 2881 καθ’
1799 2824 1959 2896 ἡμῶν

2049 1841 2366 1904 peceatores
2390 1833 2793 1901 animadvertit,
2808 1842 2862 1888 et
2884 1850 2981 1904 per
3005 1835 3141 1889 iram
3164 1835 3218 1889 in
3241 1834 3362 1890 illos
3384 1836 3620 1903 seipsum

2048 1923 2326 1995 patefecit.
2361 1924 2674 1992 Cuiusmodi
2704 1924 2908 1980 factum
2939 1933 3044 1990 est,
3073 1939 3195 1980 cum
3227 1926 3281 1979 in
3313 1926 3624 1981 Sodomitas

2052 2016 2271 2074 demisit
2294 2017 2491 2086 ignem,
2527 2028 2725 2072 etcum
2757 2017 3095 2072 Pharaonem
3128 2016 3404 2088 stupidum
3436 2018 3622 2073 multis

2051 2116 2107 2164 et
2143 2107 2577 2165 intolerabilibus
2605 2107 2775 2179 plagis
2799 2107 3048 2177 subjecit.
3075 2107 3282 2178 Itaque,
3312 2123 3345 2164 ο
3372 2109 3619 2173 Domine,

2053 2199 2326 2268 inquiunt,
2382 2215 2455 2255 ne
2500 2199 2736 2255 illustres
2779 2198 3008 2269 gloriam
3069 2210 3250 2268 tuam,
3298 2202 3378 2256 vel
3424 2217 3621 2256 nomen

2055 2301 2155 2355 per
2213 2286 2350 2340 iram
2405 2287 2460 2340 in
2505 2302 2602 2342 nos
2634 2305 2648 2342 :
2682 2288 2775 2342 sed
2823 2289 3065 2345 inducite
3118 2291 3297 2361 potius
3348 2290 3516 2359 illam,
3568 2303 3626 2347 et

2061 2374 2290 2446 inﬂigito
2324 2376 2480 2430 malis
2509 2378 2890 2447 potestatibus,
2920 2390 2976 2437 et
3007 2381 3185 2452 palam
3220 2391 3326 2436 tuae
3363 2380 3627 2448 maiestati

2061 2467 2506 2536 repugnantibus,
2539 2475 2595 2523 et
2635 2482 2705 2524 ex
2739 2468 2935 2539 insigni
2984 2471 3235 2539 superbia
3270 2469 3336 2525 ad
3387 2470 3487 2525 hoc
3533 2469 3626 2521 ad-

2054 2556 2253 2612 ductis.
2303 2555 2425 2613 Eris
2471 2558 2613 2612 enim
2661 2560 2822 2615 etiam
2870 2562 2951 2617 sic
3002 2560 3347 2633 conspicuus.
3400 2559 3627 2626 Quando

2053 2645 2196 2700 enim
2240 2646 2439 2709 feceris
2481 2646 2748 2714 gloriosa,
2797 2658 3001 2705 tremor
3041 2650 3146 2705 abs
3199 2659 3251 2704 te
3293 2661 3503 2704 montes
3544 2649 3628 2703 in-

2058 2731 2241 2787 vadet.
2270 2734 2476 2789 Rursus
2524 2734 2642 2789 illos
2687 2744 2900 2791 montes
2941 2738 3093 2803 dicit,
3129 2751 3266 2807 quos
3303 2739 3461 2792 modo
3491 2738 3628 2793 dixi-

2058 2834 2199 2875 mus.

365 2919 555 2988 όργῆς-
584 2918 837 2987 ἐπάγαγε
865 2917 922 2971 δὲ
944 2917 1145 2987 μᾶλλον
1174 2917 1345 2989 αὐτὴν
1400 2916 1663 2986 δυνάμεσι
1684 2916 1974 2986 πονηραῖς,
2012 2914 2179 2985 ἧγουν
2207 2913 2319 2976 τοῖς
2377 2914 2680 2981 ἀναφανδὸν
2702 2918 2768 2985 τῇ
2797 2917 2863 2985 σῇ
2914 2915 3242 2986 μαχομένοις
3269 2916 3416 2987 δόξῃ,
3446 2916 3539 2970 καὶ
3565 2918 3630 2968 ὲκ

369 3012 567 3082 πολλῆς
612 3012 753 3079 ἄγαν
787 3011 1087 3082 ὑπεροψίας
1117 3011 1608 3083 παρενηνεγμένοις
1673 3010 1753 3073 εἰς
1790 3008 1969 3063 τοῦτο.
2013 3007 2151 3079 Ἔση
2193 3007 2302 3076 γὰρ
2359 3008 2453 3061 καὶ
2491 3006 2663 3072 οὑτως
2700 3010 2969 3084 ἐμφανής.
2999 3013 3129 3065 Ὅτε
3157 3011 3268 3083 γὰρ
3301 3011 3533 3082 ποιήσῃς
3560 3009 3631 3063 τά

368 3102 575 3167 ἔνδοξα,
630 3102 832 3173 τρόμος
880 3101 1107 3172 λήψεται
1149 3100 1260 3155 ἀπὸ
1311 3099 1406 3153 σοῦ
1456 3099 1592 3171 όρη·
1638 3097 1734 3151 καὶ
1778 3097 1943 3153 πάλιν
2006 3098 2194 3154 ἐκεῖνα
2217 3095 2286 3150 τά
2353 3096 2455 3168 ὅρη
2485 3100 2672 3168 φησιν,
2701 3092 2777 3154 ὧν
2807 3101 3163 3173 ἐμνήσθημεν
3190 3102 3413 3174 ἀρτίως.

453 3195 596 3249 Ἀπὸ
662 3192 769 3247 τοῦ
818 3191 1033 3259 αἰῶνος
1082 3193 1193 3246 οὐκ
1256 3191 1642 3261 ἠκούσαμεν,
1694 3187 1837 3245 οὐδὲ
1895 3190 1950 3243 οί

2124 3191 2291 3245 Vens.
2316 3189 2372 3253 4,
2398 3189 2455 3246 5.
2484 3189 2526 3242 Α
2567 3192 2760 3246 steculo
2800 3209 2901 3248 non
2938 3195 3255 3261 audiuimus,
3291 3210 3452 3264 neque
3490 3194 3630 3248 oculi

372 3283 663 3355 ὀφθαλμοὶ
689 3283 855 3353 ἡμῶν
881 3279 1045 3338 εἶδον
1105 3282 1255 3338 Θεὸν
1294 3280 1461 3349 πλὴν
1520 3280 1674 3345 σοῦ,
1731 3279 1830 3334 καὶ
1877 3278 1953 3334 τὰ

372 3380 513 3445 ἔργα
538 3391 677 3440 σου,
739 3375 780 3429 ἃ
838 3376 1113 3444 ποιήσεις
1140 3374 1265 3439 τοῖς
1300 3374 1711 3442 ὑπομένουσιν
1737 3372 1947 3426 ἐλεονο

369 3464 818 3532 συναντήσετιιι
840 3466 950 3536 γὰρ
986 3464 1111 3530 τοῖς
1146 3462 1391 3518 ποιοῦσι
1430 3463 1497 3517 τὸ
1539 3462 1798 3528 δίκαιον,
1854 3462 1953 3515 καί

374 3558 491 3613 τῶν
518 3557 675 3612 ὁδῶν
701 3573 818 3612 σου
836 3555 1318 3626 μνησθήσονται.

456 3649 710 3719 Ἀόρατον
735 3648 833 3718 μὲν
862 3649 929 3718 τῇ
957 3647 1117 3714 φύσει
1147 3645 1209 3699 τὸ
1252 3644 1407 3698 Θείόν
1440 3643 1578 3696 ἐστι·
1639 3661 1657 3693 ι
1683 3641 1817 3696 Θεὸν
1844 3640 1955 3711 γὰρ

373 3742 545 3804 οὐδεὶς
590 3741 805 3812 ἑώρακε
851 3739 1111 3804 πώποτε,
1161 3756 1181 3789 ι
1232 3735 1374 3791 κατά
1417 3736 1478 3789 τὸ
1520 3733 1908 3805 γεγραμμένον
1936 3748 1950 3764 ’

375 3832 661 3904 θεωρεῖταί
688 3848 752 3900 γε
812 3829 919 3901 μὴν
964 3830 1076 3892 τοῖς
1099 3829 1200 3898 τῆς
1238 3826 1475 3890 διανοίας
1505 3825 1769 3896 ὄμμασιν,
1796 3824 1855 3891 ἐξ
1877 3814 1954 3880 ὧν

372 3923 440 3979 ἂν
464 3923 764 3994 ἐργάσαιτο
798 3918 1137 3991 παραδόξως,
1173 3918 1269 3971 καὶ
1292 3917 1435 3987 ὑπὲρ
1461 3916 1638 3984 λόγον.
1684 3934 1702 3968 ι
1728 3916 1812 3971 Τὰ
1845 3916 1955 3986 γὰρ

371 4015 583 4086 ἀόρατα
610 4012 799 4079 αὑτοῦ,
825 4031 844 4065 ι
903 4012 1091 4082 φησὶν,
1147 4030 1165 4062 ι
1188 4009 1297 4064 ἀπὸ
1325 4008 1554 4072 κτίσεως
1607 4007 1813 4078 κόσμου
1843 4009 1955 4071 τοῖς

374 4108 673 4177 ποιήμασιν
733 4107 1000 4175 νοούμενα
1050 4101 1372 4173 καθορᾶται,
1414 4101 1451 4171 ἦ
1483 4117 1544 4153 τε
1590 4099 1757 4162 ἀΐδιος
1787 4098 1954 4153 αὑτοῦ

376 4197 605 4268 δύναμίς
638 4213 699 4249 τε
726 4194 819 4248 καὶ
844 4193 1077 4262 θειότηςο
1111 4210 1129 4243 ι
1167 4190 1589 4260 ἐπιγινώσκεται
1616 4189 1675 4243 δὲ
1697 4188 1954 4252 πλειστά-

377 4306 487 4352 κις,
523 4289 615 4342 καὶ
631 4290 700 4342 δι’
733 4281 808 4341 ὧν
847 4286 914 4341 ἂν
944 4284 1244 4355 εὐεργετεῖ,
1299 4282 1395 4335 καὶ
1429 4284 1529 4351 τῆς
1555 4280 1779 4352 ἐνούσης
1805 4281 1956 4351 αὐτῷ

375 4378 738 4449 γαληνότητος
770 4380 1004 4432 ποιεῖται
1032 4376 1129 4447 τὴν
1166 4372 1391 4439 ἔνδειξιν
1410 4413 1425 4439 ,
1454 4371 1737 4437 διασὼζων
1762 4372 1956 4443 ἀδοκή-

376 4488 483 4533 τως
535 4470 662 4532 τοὺς
690 4469 752 4532 ἐξ
778 4470 995 4540 ἁπάσης
1018 4468 1233 4532 ἐλπίδος
1259 4465 1655 4539 ὠλισθηκότας,
1682 4464 1774 4518 καὶ
1797 4466 1955 4536 χεῖρα

2049 3279 2217 3335 nostri
2257 3280 2497 3335 uiderunt
2538 3279 2706 3335 Deum
2746 3290 2937 3347 praeter
2965 3293 3044 3347 te,
3077 3292 3125 3336 et
3163 3299 3319 3351 opera
3356 3292 3480 3348 tua,
3513 3296 3631 3353 qua:

2051 3372 2212 3439 {acies
2253 3372 2671 3439 exspectantibus
2715 3373 3149 3429 misericordiam.
3195 3373 3446 3431 Occurrat
3490 3376 3629 3430 enim

2054 3460 2368 3528 facientibus
2414 3462 2715 3530 justitiam,
2760 3472 2808 3515 et
2854 3464 3058 3517 viarum
3112 3474 3325 3520 tuarum
3380 3468 3628 3523 recorda-

2055 3549 2265 3603 buntur.

2123 3635 2527 3705 lnaspectabilis
2594 3637 2811 3707 quidem
2880 3648 2968 3694 est
3032 3648 3221 3695 natura
3288 3641 3544 3699 divinitas
3610 3663 3624 3699 :

2061 3744 2081 3778 s
2122 3725 2288 3782 Deum
2329 3727 2473 3782 enim
2517 3742 2676 3784 nemo
2708 3728 2841 3783 vidit
2877 3744 3137 3799 unquam,
3172 3749 3193 3783 ι
3238 3734 3535 3789 secundum
3577 3734 3630 3788 id

2054 3819 2197 3889 quod
2231 3820 2490 3888 scriptum
2522 3830 2607 3876 est
2632 3820 2697 3875 ³⁸.
2728 3819 2984 3875 Cernitur
3016 3828 3197 3876 tamen
3231 3823 3399 3878 animi
3459 3822 3630 3879 oculis

2053 3924 2121 3966 es
2153 3909 2238 3965 bis
2268 3924 2389 3979 quas
2422 3910 2654 3981 gesserit
2682 3922 2736 3967 et
2763 3910 3156 3966 admirabiliter
3179 3920 3235 3966 et
3261 3912 3626 3969 iuetl‘abiliter.

2061 4018 2080 4053 ι
2110 4000 2401 4057 invisibilia
2422 4001 2565 4056 enim
2597 4001 2736 4071 ejus,
2764 4020 2783 4053 ι
2815 4001 3011 4071 inquit,
3036 4020 3056 4054 ι
3088 4016 3119 4055 a
3145 4002 3422 4058 creatione
3444 4005 3630 4059 mundi

2054 4106 2154 4161 per
2205 4106 2271 4147 ea
2318 4107 2439 4161 qum
2492 4091 2637 4148 facta
2688 4100 2819 4148 sunt
2868 4091 3142 4149 intellecta
3200 4094 3631 4163 conspiciuntur,

2053 4193 2251 4240 αξιοι-ηε
2282 4183 2494 4239 scilicet
2524 4183 2640 4255 ejus
2681 4186 2922 4254 potentia
2964 4200 3030 4241 ae
3069 4186 3325 4243 divinitas
3354 4188 3422 4242 ³³.
3462 4207 3481 4240 ι
3528 4188 3633 4244 Co—

2054 4273 2330 4346 gnoscitur
2356 4276 2522 4330 etiam
2556 4290 2661 4331 non
2700 4290 2825 4331 raro
2855 4291 2922 4333 ex
2955 4277 3040 4332 bis
3067 4292 3189 4347 quae
3219 4278 3451 4347 benigne
3478 4278 3629 4344 facit,

2052 4377 2109 4423 et
2131 4381 2242 4427 suae
2269 4367 2425 4434 quasi
2456 4368 2763 4423 serenitatis
2817 4382 2883 4423 ae
2910 4367 3289 4438 placabilitatis
3318 4368 3433 4425 edit
3459 4370 3633 4437 speci-

2054 4473 2176 4515 men
2220 4478 2236 4514 :
2282 4461 2407 4514 dum
2452 4468 2647 4528 prater
2683 4459 2990 4530 opinionem
3024 4473 3121 4516 eos
3153 4469 3336 4516 servat
3358 4463 3450 4531 qui
3483 4463 3629 4516 omni

379 4560 560 4630 νέμων
590 4561 855 4628 σωτήριον
881 4533 992 4620 τοές
1017 4558 1190 4628 χαμαί
1243 4576 1369 4623 που,
1401 4533 1497 4612 καὶ
1522 4556 1598 4620 ὡς
1631 4558 1690 4610 ὲν
1740 4533 1950 4626 γῇτκει-

2056 4563 2152 4620 spe
2184 4550 2522 4615 exciderunt,
2550 4558 2604 4605 et
2631 4549 2779 4604 humi
2805 4558 2862 4606 et
2886 4549 3031 4605 velut
3060 4551 3115 4606 in
3148 4559 3293 4607 terra
3324 4551 3633 4622 iacentibus

382 4651 583 4721 μένοις.
608 4647 860 4701 Τοιοῦτόν
886 4645 937 4699 τί
962 4662 1126 4714 φασιν
1161 4649 1212 4701 οι
1274 4649 1375 4721 τὴν
1405 4646 1771 4718 προκειμένην
1799 4646 1950 4718 λιτὴν

2059 4656 2275 4696 manum
2313 4641 2605 4697 salutarem
2638 4640 2861 4710 praebet.
2894 4641 3086 4698 Simile
3120 4651 3206 4699 est
3238 4643 3384 4713 quod
3449 4644 3634 4701 dicunt

375 4741 760 4813 ἀναφέροντες.
810 4738 941 4791 Ἀπὸ
995 4736 1102 4808 γάρ
1137 4738 1234 4808 τῆς
1266 4739 1360 4791 τοῦ
1403 4740 1609 4809 κόσμου
1647 4738 1950 4809 καταϐολῆς

2057 4733 2150 4804 qui
2203 4734 2343 4788 hanc
2394 4732 2758 4803 precationem
2804 4732 3108 4791 ell‘undunt.
3150 4735 3200 4791 Δ
3249 4736 3436 4793 mundi
3484 4736 3630 4791 enim

375 4834 501 4886 οὔτε
540 4830 872 4903 ἠκούσαμεν,
900 4828 1023 4882 οὔτε
1056 4827 1164 4899 μὴν
1208 4828 1513 4898 τεθεάμεθα
1566 4830 1803 4884 τοιοῦτόν
1827 4848 1950 4883 τινα

2057 4826 2442 4883 constitutione
2466 4840 2641 4897 neque
2662 4827 2990 4895 audivimus,
3014 4842 3189 4899 neque
3210 4829 3443 4884 vidimus
3471 4828 3631 4882 talem

376 4924 529 4989 Θεὸν,
562 4923 702 4992 πλὴν
748 4922 857 4993 ἄρα
900 4918 995 4973 σοῦ
1024 4936 1085 4973 τε
1135 4918 1229 4972 καὶ
1276 4918 1440 4989 μόνου
1464 4936 1480 4951 ο
1525 4923 1637 4983 τοῖς
1665 4922 1773 4992 γὰρ
1814 4921 1945 4973 ὑποο

2057 4919 2245 4984 Deum,
2277 4926 2472 4989 przeter
2506 4927 2579 4986 te,
2608 4928 2664 4973 et
2694 4919 2910 4989 quidem
2943 4919 3140 4975 solum.
3172 4918 3628 4988 Exspectantibus

382 5012 603 5085 μένουσί
628 5029 706 5075 σε,
739 5011 1009 5075 τουτέστι,
1054 5011 1168 5073 τοῖς
1216 5009 1297 5072 είς
1326 5008 1387 5061 σὲ
1437 5012 1819 5079 πεποιημένοις
1851 5011 1949 5080 τὴν

2052 5008 2198 5065 enim
2239 5017 2310 5076 te,
2342 5007 2395 5064 id
2435 5016 2543 5074 est,
2568 5024 2717 5079 spem
2762 5010 2816 5064 in
2861 5019 2914 5065 te
2952 5009 3369 5077 eollocantibus,
3401 5009 3625 5077 largiter
3680 5074 3687 5084 ι

376 5103 593 5168 ἐλπίδα,
629 5100 999 5171 ἐπιδαψιλεύει
1026 5100 1119 5153 τὸν
1149 5100 1314 5153 ἐλεονο
1348 5098 1539 5169 ἕψεται
1590 5100 1697 5169 γὰρ
1736 5102 1950 5164 πάντως

2062 5099 2486 5157 misericordiam
2518 5101 2820 5172 imparties.
2849 5101 3122 5174 Sequetur
3152 5119 3386 5173 namque
3413 5118 3632 5172 semper

376 5195 489 5257 τοῖς
512 5193 611 5262 τῆς
634 5192 977 5262 δικαιοσύνης
1009 5191 1290 5263 ἐργάταις,
1336 5191 1613 5253 κάκείνοις
1650 5191 1811 5243 αὑτὸν
1855 5192 1950 5263 ἀρ-

2058 5191 2604 5262 operariosjustitiae,
2627 5206 2827 5264 eosque
2852 5208 2972 5250 eam
3001 5194 3259 5265 consequi
3292 5209 3390 5266 par
3412 5202 3513 5258 est,
3538 5193 3631 5265 qui

381 5284 538 5354 μόσει
568 5284 774 5349 λαϐεῖν,
801 5283 961 5355 οἵπερ
986 5282 1053 5338 ἂν
1082 5279 1193 5336 εἷεν
1213 5283 1271 5336 ἐν
1300 5282 1492 5354 μνήμῃ
1516 5282 1625 5334 τῶν
1665 5282 1774 5335 σῶν
1797 5282 1950 5345 ὁδῶν.

2061 5285 2485 5342 recordabuntur
2507 5286 2713 5342 viarum
2746 5296 2981 5355 tuarum,
3004 5288 3059 5344 ld
3085 5298 3186 5355 est,
3211 5288 3303 5359 qui
3328 5286 3632 5343 voluntates

377 5374 648 5438 τουτέστι,
696 5372 806 5428 τῶν
838 5372 949 5427 σῶν
994 5372 1311 5443 θελημάτων
1354 5370 1742 5425 ἀποτελεσταίο
1804 5371 1950 5436 ὁδοὺς

2057 5375 2227 5447 888
2273 5386 2394 5435 tuas
2436 5391 2822 5451 exsequuntur.
2864 5381 3074 5438 Domini
3125 5382 3277 5437 enim
3313 5381 3455 5447 vias,
3492 5393 3631 5449 prte—

380 5463 489 5535 γάρ
529 5463 732 5535 Κυρίου
758 5462 937 5533 φαμὲν
962 5459 1099 5517 εἶναι
1122 5463 1221 5527 τὰς
1248 5462 1464 5527 ἐντολὰς
1482 5461 1666 5517 αὐτοῦ.
1690 5464 1796 5516 Καὶ
1822 5464 1949 5532 γοῦν

2058 5476 2209 5537 cepta
2258 5468 2371 5540 ejus
2409 5471 2658 5529 dicimus.
2686 5471 2962 5542 Siquidem
3003 5471 3219 5528 divinus
3251 5469 3418 5528 David
3452 5466 3636 5541 psallit

450 5642 493 5674 "
518 5642 660 5699 Psal.
686 5658 912 5713 Lxxvm,
942 5642 991 5700 6.
1072 5644 1115 5676 ³⁸
1152 5642 1307 5700 Joan.
1338 5660 1377 5711 ι,
1424 5643 1507 5699 18.
1588 5643 1631 5674 ³³
1674 5642 1832 5698 nom.
1872 5641 2025 5709 1,20.
