4090 6216
339 271 358 318 _'.
381 246 515 305 MOI

1331 273 1358 310 κ
1475 249 1542 306 IN
1581 250 1814 307 ιδιιωι
1857 251 1986 308 LIB.
2030 255 2092 310 ν.
2132 253 2366 312 Τοιιυε
2406 253 2489 309 Vl.
2532 272 2536 274 ·

3503 265 3643 324 “02

379 359 659 423 ἀσέϐειαν,
685 359 913 430 ἀμωμόν
936 375 994 412 τε
1023 357 1117 414 καὶ
1164 359 1656 431 ἀκατάσκοπονῇοί
1680 364 1789 435 γὰρ
1833 365 1961 430 ὅλως

2075 368 2356 435 vere'sint,
2387 368 2480 437 qui
2509 369 2821 440 evangelica
2851 372 3236 440 pradicatione
3263 389 3475 445 carent,
3509 386 3653 439 unde

383 454 569 523 φωτὸς
630 454 724 508 τοῦ
775 454 920 508 θείου
969 455 1062 509 καὶ
1109 455 1312 528 νοητοῦ
1349 457 1563 527 γυμνὴν
1598 458 1692 510 καὶ¹
1746 458 1963 529 ἐρήμην

380 543 598 614 ἔχοντες
617 544 716 611 τὴν
749 543 995 615 καρδίαν,
1053 544 1170 607 πῶς
1208 545 1274 598 ἂν
1323 546 1513 599 εἰδεῖεν
1547 546 1650 616 τὴν
1678 546 1807 600 εὐθὺ
1855 547 1966 601 τῶν

381 634 547 704 ιερῶν
572 634 748 705 νόμων
763 635 1150 706 ἀποφέρουσαν
1169 635 1354 706 τρίδον
1376 653 1391 701 ;
1424 637 1496 690 Ἢ
1525 637 1643 700 πῶς
1680 636 1748 693 ἂν
1767 637 1964 691 δίκαιοι

378 725 526 778 κατά
585 725 648 778 τὸ
702 724 902 796 ἀληθὲς
966 726 1075 780 τῶν
1146 727 1516 796 εὐαγγελικῶν
1591 731 1964 802 κηρυγμάτων

373 817 762 888 ὴμοιρηκότες,
797 818 864 872 δι’
895 813 970 874 ὧν
1003 818 1119 872 ἔστι
1152 819 1345 891 μαθεῖν
1374 825 1474 893 τῆς
1505 816 1840 892 ἀξιαγάστου
1867 843 1966 879 πο-

375 905 581 971 λιτείας
600 907 700 978 τὴν
724 909 876 976 όδόν;
909 909 1210 982 ἀκάθαρτοι
1260 913 1324 984 δὴ
1371 911 1486 982 οὖν,
1529 914 1634 968 κάν
1677 917 1724 969 εί
1756 916 1964 970 δοκοῖεν

373 993 516 1052 εῖναι
547 999 694 1062 τινες
724 1001 952 1070 χρηστοὶ
1008 1003 1104 1057 καὶ
1144 1005 1428 1069 ἐπιεικεῖς.
1463 1007 1672 1078 Ὥσπερ
1707 1007 1764 1062 δὲ
1789 1007 1964 1078 φύλλα

373 1089 732 1145 πεπτώκασιν
784 1091 849 1146 ἐκ
880 1094 1071 1163 φυτοῦ,
1106 1097 1200 1150 καὶ
1229 1097 1382 1151 οὐδὲν
1425 1097 1672 1170 ἀπεικὸς,
1705 1101 1754 1152 εί
1805 1099 1964 1153 τοῦτο

374 1179 664 1244 παθόντες,
690 1183 782 1236 καὶ
799 1184 1238 1257 διαρριπτεῖσθαι
1276 1189 1559 1261 πανταχοῦ
1585 1189 1962 1263 προσδοκῶσιν

375 1271 428 1323 οἱ
459 1271 705 1335 τάλανες·
733 1274 1208 1348 εὐπαρακόμιστον
1236 1279 1346 1350 γὰρ
1398 1281 1663 1351 ἐσχήκασι
1695 1280 1794 1353 τὴν
1825 1297 1962 1353 καρο

376 1360 516 1425 δίαν,
566 1363 659 1416 καὶ
703 1359 815 1418 οἷον
862 1369 1026 1422 παντὶ
1056 1370 1496 1444 περιφερομένην
1543 1372 1841 1443 πνεύματι,
1867 1372 1964 1426 καὶ

377 1451 555 1516 οὐδείς
574 1455 693 1508 ἐστι
729 1457 860 1528 παρ’
889 1458 1075 1523 αὐτοῖς
1103 1462 1132 1514 ὁ
1151 1461 1392 1532 γνησίως
1427 1462 1806 1517 ἐπικαλεῖσθαι
1828 1461 1962 1516 Θεὸν

377 1539 552 1606 εἰδὼς,
583 1545 751 1614 ἤγουν
780 1546 885 1606 διὰ,
928 1551 1149 1623 μνήμης
1194 1552 1354 1623 ἔχων,
1396 1555 1478 1607 ὅτι
1523 1555 1628 1626 χρὴ
1673 1554 1774 1625 τῆς
1825 1553 1963 1624 πρὸς

374 1631 540 1686 αὑτὸν
561 1635 896 1707 οἰκειότητος
924 1640 1302 1714 ἀπιλαὸέσθαι
1348 1644 1634 1710 νεανικῶς·
1667 1645 1962 1699 πεπτώκα·

2068 458 2256 514 liceret
2297 459 2570 530 praeclara:
2611 463 3040 520 conversationis
3082 468 3222 520 viam
3267 468 3514 524 discere?
3551 473 3653 527 lm-

2067 551 2184 621 puri
2221 551 2385 621 igitur
2415 560 2564 616 sunt,
2591 552 2803 606 etiamsi
2843 554 2964 608 boui
2999 567 3054 609 et
3085 557 3237 624 probi
3274 574 3395 614 esse
3430 562 3651 618 videan-

2067 649 2175 696 tur.
2206 643 2286 698 Ac
2333 651 2591 713 tanquam
2635 643 2780 698 folia
2806 645 3120 702 ceciderunt
3165 649 3231 702 de
3275 655 3501 716 arbore;
3552 669 3653 710 nec

2067 733 2264 790 mirum
2293 744 2378 790 est
2405 735 2452 791 si
2479 749 2602 790 cum
2633 734 2738 789 hoc
2770 733 2875 790 illis
2906 737 3140 801 accidat,
3166 738 3331 793 etiam
3369 741 3648 813 abjectum

2021 881 2024 884 .
2067 825 2132 881 iri
2181 841 2242 881 se
2285 826 2463 896 plane.
2494 835 2716 895 sperent
2764 826 2970 882 miseri.
3019 827 3258 884 Labilem
3312 846 3546 902 namque
3597 847 3652 891 et

2021 971 2027 977 ,
2065 915 2326 971 lubricam
2371 925 2604 971 mentem
2641 914 2969 979 habuerunt,
2996 931 3118 986 quae
3153 919 3298 972 omni
3344 930 3504 976 vento
3542 924 3649 976 cir-

2019 1061 2028 1069 ,
2065 1007 2362 1064 cumiertur
2380 1006 2447 1064 ξ’.
2467 1004 2582 1063 Nec
2604 1006 2891 1077 quisquam
2919 1021 3108 1062 eorum
3135 1010 3224 1063 est
3267 1009 3361 1078 qui
3389 1025 3649 1081 germane

2019 1151 2027 1160 ,
2064 1112 2130 1152 ac
2154 1097 2388 1168 genuine
2413 1098 2554 1154 sciat
2579 1098 2746 1154 Deum
2772 1098 3043 1160 invocare,
3068 1107 3161 1153 aut
3185 1099 3278 1168 qui
3309 1101 3641 1171 meminerit,

2018 1243 2029 1254 ,
2063 1189 2498 1259 coniunctionem
2530 1205 2650 1259 qua:
2683 1206 2806 1246 cum
2842 1192 2960 1260 ipso
2991 1199 3106 1254 est,
3139 1193 3644 1260 apprehendendam

2063 1290 2119 1338 et
2141 1280 2566 1350 amplectendam
2596 1291 2844 1351 prompte
2868 1290 2923 1335 et
2949 1281 3104 1350 quasi
3133 1280 3466 1348 iuveniliter.
3493 1284 3650 1340 Ceci-

2016 1417 2019 1424 .
2063 1373 2242 1427 dimus
2279 1380 2482 1436 autem,
2512 1372 2778 1441 inquiunt,
2805 1387 2870 1427 eo
2909 1372 3163 1438 miseriae,
3195 1391 3215 1424 ι
3242 1374 3368 1442 quia
3389 1376 3646 1433 avertisti

2020 1520 2024 1526 ,
2064 1460 2257 1517 faciem
2291 1471 2440 1518 tuam
2473 1477 2502 1517 a
2537 1462 2715 1526 nobis,
2740 1474 2796 1516 et
2831 1463 3096 1519 tradidisti
3133 1476 3231 1516 nos
3267 1474 3487 1533 propter
3517 1478 3647 1528 pec-

2063 1563 2185 1610 cata
2216 1562 2423 1610 nostra.
2460 1573 2481 1607 s
2519 1554 2638 1610 Non
2672 1555 2820 1610 enim
2851 1555 2994 1609 beati
3026 1569 3148 1610 esse
3177 1565 3445 1625 poterant,
3474 1571 3502 1608 a
3537 1554 3647 1609 Deo

2014 1679 2024 1699 ε
2059 1643 2287 1714 reiecti;
2329 1653 2381 1699 at
2407 1645 2564 1700 omni
2596 1645 2756 1700 malo
2801 1644 3041 1714 transﬁgi
3087 1645 3245 1716 plane
3287 1655 3498 1715 oportet
3527 1659 3644 1708 eos,

377 1737 478 1790 μεν
502 1723 580 1786 δὲ,
628 1724 784 1793 φασὶ,
820 1727 958 1798 πρὸς
995 1728 1156 1784 τοῦτο
1203 1731 1598 1804 ταλαιπωρίας,
1653 1752 1674 1786 ι
1714 1734 1796 1787 ὅτι
1844 1735 1952 1788 ἀπ-

2063 1731 2155 1802 qui
2185 1735 2318 1788 adeo
2353 1733 2536 1788 multis
2566 1734 2803 1803 peccatis
2829 1735 3214 1788 onerati’sunt.

375 1812 646 1886 ἐστρεψας
668 1816 741 1889 ,τὸ
767 1818 1180 1889 πρόσωπόνσου
1215 1822 1309 1893 ἀφ’
1325 1823 1514 1895 ήμῶν,
1554 1825 1650 1879 καὶ
1680 1815 2006 1896 παρέδωκας
2034 1825 2186 1895 ἡμᾶς
2238 1824 2328 1878 διὰ
2355 1825 2455 1888 τὰς
2487 1824 2759 1896 ἁμαρτίας
2780 1823 2957 1894 ήμῶν.
2991 1842 3011 1874 s
3038 1824 3112 1876 Οὐ
3133 1824 3242 1894 γὰρ
3276 1820 3347 1894 ἦν
3374 1823 3644 1895 εὐπράξαι

373 1906 500 1968 τοὺς
524 1907 878 1979 ἀποστροφὴν
913 1910 1313 1982 ὑπομείναντας
1377 1914 1484 1986 τὴν,
1508 1917 1662 1986 παρά
1691 1915 1882 1984 Θεοῦ,
1907 1915 2026 1976 an:
2063 1911 2130 1987 ἦν
2169 1915 2324 1970 πᾶσά
2370 1933 2487 1980 πως
2545 1915 2758 1985 ἀνάγκη
2803 1915 2966 1969 παντὶ
2989 1967 2991 1970 ι
3017 1914 3436 1985 περιπείρεσθαι
3477 1914 3647 1984 κακῷ

373 1997 499 2061 τοὺς
523 2001 641 2062 ταῖς
667 1999 809 2055 οὕτω
831 2002 1052 2067 πολλαῖς
1085 2005 1380 2078 ἁμαρτίαις
1447 2008 1941 2080 κατηχθισμὲνους,
2019 2047 2023 2070 ς

445 2089 552 2162 Kal
580 2090 716 2158 νῦν,
743 2093 940 2162 Κύριε,
983 2096 1186 2165 Πατὴρ
1218 2098 1389 2167 ἡμῶν
1419 2099 1502 2154 σὺ
1531 2097 1604 2156 εἶ.
1647 2101 1846 2170 Ἡμεῖς
1882 2100 1953 2155 δὲ

2135 2103 2294 2158 Vens.
2321 2102 2376 2167 8,
2404 2103 2459 2158 9.
2491 2101 2555 2155 Et
2598 2116 2756 2166 nunc,
2795 2092 3038 2161 Homine,
3084 2096 3250 2152 Pater
3270 2108 3448 2151 noster
3471 2104 3526 2150 tu
3547 2111 3603 2151 es
3625 2136 3643 2160 ,

343 2177 568 2245 ’,πηλὸς
586 2220 602 2243 ,
662 2179 808 2251 ἔργα
870 2181 990 2236 τῶν
1041 2183 1256 2254 χειρῶν
1309 2202 1425 2243 σου
1482 2189 1705 2256 πάντες
1752 2190 1945 2261 ἡμεῖς.

2057 2211 2148 2250 1108
2171 2204 2345 2248 autem
2370 2192 2571 2255 lutum;
2597 2206 2752 2260 opera
2781 2201 3032 2244 nsanttum
3056 2196 3268 2241 tuarum
3305 2200 3482 2240 omnes
3523 2201 3641 2242 nos.
3758 2181 3760 2184 ν

371 2269 472 2339 Μὴ
532 2271 764 2347 όρτίζου
819 2275 966 2344 ἡμῖν
1015 2277 1288 2346 σφόδρα,
1353 2280 1453 2334 καὶ
1503 2280 1589 2352 μὴ
1637 2281 1708 2335 ἐν
1769 2279 1950 2352 καιρῷ

2058 2285 2142 2342 Ns
2170 2286 2424 2341 irascaris
2453 2284 2602 2338 nobis
2630 2283 2810 2346 nimis,
2837 2293 2886 2337 et
2914 2298 2978 2336 ne
3008 2280 3304 2335 memineris
3327 2279 3386 2332 in
3414 2287 3644 2346 tempore

365 2363 651 2434 μνησθῇς
722 2366 1023 2436 ἁμαρτιῶν
1094 2368 1282 2439 ἡμῶν.
1351 2372 1462 2426 Kal
1499 2373 1646 2430 ,νῦν
1677 2426 1680 2429 .
1709 2374 1950 2428 ἐπίϐλε-

2053 2387 2382 2448 peccatorum
2408 2385 2727 2431 nostrorum.
2755 2373 2913 2428 Nunc
2940 2389 3062 2442 ergo
3089 2371 3304 2438 respice,
3325 2371 3450 2440 quia
3476 2365 3645 2438 popu-

370 2455 522 2520 ψον.
554 2454 672 2509 ’ὅτι
715 2458 866 2529 λαός
913 2472 1030 2513 σου
1073 2458 1302 2528 πάντες
1355 2461 1561 2532 ἡμεῖς,
1616 2464 1794 2531 πόλις
1840 2464 1950 2521 τοῦ

380 2544 584 2614 Ἀγίου
617 2563 756 2603 σου.
849 2573 852 2576 λ

437 2637 836 2709 Παραιτοῦνται
868 2642 1076 2712 σφόδρα
1119 2643 1181 2696 τὺ
1213 2645 1446 2714 είσςάπαν
1488 2645 1819 2701 ἀπολισθεῖν.
1851 2647 1950 2717 τῆς
2017 2686 2028 2694 ο

346 2729 509 2800 ,πρὸς
531 2729 694 2796 αὐτὸν
714 2732 1067 2802 οἰκειότητος.
1103 2733 1321 2807 Ἐπειδὴ
1344 2736 1402 2788 δὲ
1423 2735 1512 2790 διὰ
1544 2736 1743 2808 πολλὴν
1764 2738 1948 2807 ἀμαρ-

2021 2509 2028 2512 -
2055 2469 2138 2524 las
2163 2478 2285 2524 tuus
2305 2485 2483 2524 omnes
2509 2484 2636 2534 nos,
2665 2467 2850 2522 civitas
2877 2464 3063 2520 Sancti
3082 2464 3184 2518 uti.

2128 2645 2295 2700 Valde
2335 2613 2716 2714 deprecantur,
2745 2611 2970 2696 omnino
3011 2654 3042 2694 a
3088 2638 3470 2708 conjunctione
3517 2650 3644 2694 cum

2058 2735 2172 2792 Deo
2213 2731 2485 2790 excidere.
2521 2734 2661 2800 Quia
2694 2747 2823 2788 vero
2857 2739 3078 2799 propter
3109 2729 3276 2784 multa
3311 2735 3536 2798 peccata
3571 2727 3638 2781 ad

367 2820 488 2876 τίαν
511 2821 930 2893 Μρηνέχθησαν
959 2825 1041 2887 είς
1075 2823 1252 2890 τοῦτο,
1301 2826 1563 2880 πλέκουσι
1601 2845 1722 2891 πως
1748 2828 1951 2900 ἀρίστῃ

2046 2825 2187 2890 ,Ιιοο
2213 2825 2430 2880 deducti
2483 2831 2640 2889 sunt,
2690 2823 2860 2893 89o
2901 2834 3126 2892 preces.
3153 2819 3357 2890 optimo
3411 2817 3644 2873 artillcio

365 2913 534 2986 τέχνῃ
583 2913 682 2976 τὰς
730 2912 902 2978 λιτάς·
959 2915 1020 2968 οὐ
1065 2915 1185 2986 ’γὰρ
1221 2915 1435 2986 ἔχοντες
1485 2918 1544 2984 ὲξ
1569 2917 1734 2989 ἔργον
1775 2919 1872 2972 καὶ
1894 2917 1956 2984 ιε

367 3007 672 3078 ἀμωμήτου
698 3006 846 3077 ζωῆς
882 3007 1267 3078 ἑκδυσωπῆσαι
1304 3009 1398 3063 τὸν
1431 3009 1693 3075 σώζοντα,
1725 3010 1812 3080 ἐφ’
1834 3010 1956 3063 ιτε-

369 3098 465 3168 ρόν
497 3115 551 3150 τι
585 3095 877 3167 βαδίζουσι.
921 3098 1308 3169 Παρακαλοῦσι
1354 3099 1464 3170 γὰρ
1501 3100 1578 3165 ὡς
1611 3101 1955 3172 Δημιουργδν

369 3188 692 3258 ποιημάτων
721 3188 866 3241 ίδίων
896 3187 1085 3242 θέσθαι
1114 3189 1239 3242 τινὰ
1260 3190 1443 3258 λόγον,
1463 3191 1560 3244 καὶ
1577 3192 1761 3261 νεῖμαι
1787 3191 1954 3259 φειδῶ

369 3282 480 3343 τοῖς
515 3279 645 3352 παρ’
679 3278 846 3334 αὑτοῦ
895 3281 1400 3352 παρενηνεγμένοις
1447 3283 1528 3345 εἰς
1575 3281 1636 3336 τὸ
1666 3277 1826 3348 εῖναι,
1857 3287 1953 3337 καὶ

368 3371 492 3442 ζῇν.
547 3371 786 3443 «Πατὴρ
835 3371 946 3441 γὰρ
995 3371 1152 3442 ἡμῶν
1201 3373 1640 3444 κεχρημάτικας,
1683 3393 1702 3426 s
1749 3375 1950 3445 φησὶν,

372 3479 394 3513 s
418 3462 583 3532 ἐσμὲν
612 3461 669 3516 δὲ
701 3464 865 3534 ἡμεῖς
892 3463 1018 3517 τῶν·
1036 3463 1144 3517 σῶν
1167 3463 1308 3534 ἔργα
1343 3464 1566 3537 χειρῶν.
1618 3465 1829 3520 Οὐκοῦν
1877 3465 1951 3537 μὴ

366 3552 587 3622 ὁργίζου
619 3554 752 3623 ἡμῖν
777 3554 1006 3626 σφόδρα.
1048 3573 1070 3608 s
1113 3557 1228 3610 Οὐκ
1264 3555 1574 3624 ἀγνοοῦσιν,
1606 3559 1688 3611 ὅτι
1713 3573 1951 3627 προσκε⁶

367 3643 698 3714 κρούκασιν,
753 3646 1080 3717 ὁμολογοῦσι
1135 3647 1193 3701 δι
1251 3647 1476 3718 μᾶλλον,
1534 3648 1616 3702 ὅτι
1663 3649 1758 3701 καὶ
1796 3646 1952 3718 δίκης

366 3733 550 3799 ἀξίους
604 3734 830 3798 ἑαυτοὺς
865 3735 1175 3807 ἀπέφηναν,
1244 3735 1704 3809 πεπαρῳνηκότες
1744 3737 1952 3809 ἀγρίως

365 3823 448 3885 εἰς
463 3823 555 3876 τὸν
576 3823 730 3876 Υίόν·
763 3823 853 3878 διὰ
876 3824 1036 3880 τοῦτο
1089 3828 1373 3897 μονονουχὶ
1423 3826 1713 3892 κολάζουσι
1750 3827 1828 3900 (1)
1853 3827 1951 3899 τὴν

366 3913 542 3986 λιτὴν,
579 3916 672 3969 καὶ
718 3915 820 3970 οὒκ
865 3917 1159 3989 ἐλευθέραν
1197 3917 1476 3982 παντελῶς
1528 3918 1808 3974 ποιοῦνται
1850 3921 1951 3990 τὴν

365 4008 651 4079 πρόσοδσνο
691 4007 866 4080 βραχὺ
889 4009 948 4063 δέ
970 4027 1087 4074 πως
1101 4010 1201 4081 τὴν
1220 4012 1530 4084 παρρησίαν
1552 4013 1947 4078 συστείλαντες,

345 4100 426 4154 οὐ
459 4100 521 4154 τὺ
577 4099 716 4171 μηδὲ
751 4100 888 4163 ὅλως
945 4100 1262 4172 ὀργίζεσθαι
1317 4102 1439 4155 κατ’
1482 4101 1662 4156 αὐτῶν
1709 4102 1950 4159 αἰτοῦσιν

2059 2924 2267 2972 texunt.
2288 2912 2425 2970 Cum
2453 2915 2598 2970 enim
2631 2925 2736 2970 neu
2769 2913 2978 2982 possint
3007 2911 3260 2983 operibus
3288 2919 3345 2965 et
3371 2910 3643 2978 inculpata

2057 3007 2181 3065 vita.
2219 3006 2568 3061 Senatorem
2623 3004 2876 3075 placare,
2917 3005 2986 3058 ad
3033 3004 3179 3059 aliud
3229 3017 3288 3058 se
3333 3001 3641 3058 conferunt.

2057 3096 2270 3168 Rogant
2293 3097 2436 3157 enim
2465 3104 2522 3150 ut
2543 3096 2882 3160 Creatorem,
2908 3104 2968 3150 ut
2992 3094 3076 3150 sui
3109 3092 3355 3164 ﬁgmenti
3380 3092 3642 3147 rationem

2054 3187 2269 3251 habeat,
2293 3198 2348 3243 et
2374 3188 2806 3244 misericordiam
2832 3185 3082 3242 conferat
3104 3185 3161 3240 in
3189 3199 3284 3240 eos
3308 3183 3401 3254 qui
3430 3183 3499 3237 ab
3524 3182 3644 3251 ipso

2020 3314 2022 3316 τ
2055 3278 2107 3333 in
2139 3293 2318 3334 rerum
2351 3287 2598 3336 naturam
2647 3287 2704 3333 et
2745 3277 2919 3331 vitam
2948 3275 3201 3345 producti
3225 3282 3372 3330 sunt.
3420 3291 3446 3326 Ι
3484 3272 3646 3326 Pater

2053 3367 2198 3422 enim
2251 3375 2452 3433 noster,
2482 3387 2502 3420 ι
2536 3367 2732 3436 inquit,
2762 3384 2782 3420 ι
2812 3365 3163 3434 nuncuparis,
3217 3377 3423 3433 nosque
3457 3377 3644 3418 sumus

2053 3471 2218 3523 opera
2270 3471 2526 3512 manuum
2573 3465 2808 3510 tuarum.
2841 3453 3026 3522 Itaque
3072 3469 3140 3508 ne
3186 3453 3440 3509 irascaris
3487 3453 3644 3508 nobis

2053 3544 2309 3614 graviter.
2342 3563 2360 3596 ι
2395 3544 2510 3599 Non
2540 3545 2792 3615 ignorant
2819 3559 2879 3598 se
2905 3543 3215 3606 oﬁ'endisse,
3240 3544 3350 3598 imo
3373 3547 3641 3599 cantilen-

2056 3643 2164 3699 tur,
2193 3635 2334 3704 quod
2370 3649 2430 3690 se
2461 3649 2624 3702 paena
2655 3636 2846 3705 dignos
2879 3635 3177 3700 eﬂecerint,
3206 3634 3519 3688 immaniter
3544 3637 3638 3690 de-

2053 3724 2302 3782 baccltati
2334 3725 2388 3780 in
2420 3723 2639 3780 Filium.
2675 3725 2882 3782 Idcirco
2915 3725 3078 3780 etiam
3112 3725 3480 3796 precationem
3517 3734 3643 3780 tan-

2055 3829 2164 3876 tum
2206 3833 2314 3874 non
2359 3819 2752 3884 conscindunt,
2785 3831 2886 3874 nec
2927 3819 3155 3874 liberum
3205 3818 3309 3874 sibi
3357 3833 3640 3874 accessum

2051 3912 2363 3982 aditumque
2396 3911 2626 3977 faciunt,
2656 3913 2751 3967 sed
2782 3910 3176 3981 aliquantulum
3214 3911 3463 3980 loquendi
3503 3909 3642 3965 ﬁdu-

2051 4005 2190 4062 ciam
2241 4004 2591 4070 contrabunt,
2625 4003 2901 4075 Deumque
2935 4011 3097 4059 orant
3133 4001 3538 4067 miserabiliter,
3571 4017 3642 4057 ne

2051 4097 2272 4154 omnino
2305 4097 2408 4153 sibi
2444 4097 2741 4162 irascatur,
2777 4097 2873 4152 sed
2909 4104 2972 4151 ut
3001 4095 3239 4151 furorem
3274 4093 3644 4165 placabilitate

365 4191 616 4257 ἐλεεινῶς
652 4191 746 4246 τδν
793 4193 948 4257 Θεὸν,
980 4193 1388 4250 ἀναπλὲκεσθαι
1417 4195 1474 4248 δὲ
1504 4195 1704 4267 μᾶλλον
1723 4197 1947 4269 γαληνό-

2053 4197 2446 4260 contemperet.
2468 4188 2624 4260 Digni
2652 4189 2892 4259 quidem,
2917 4189 3111 4260 inquit,
3137 4203 3326 4244 sumus
3350 4187 3507 4259 plane
3534 4187 3637 4255 ira,

346 4301 488 4353 -τητι
516 4286 608 4338 τὸν
627 4285 818 4356 θυμόν.
855 4284 1029 4350 Ἀξιοι
1057 4287 1156 4357 μὲν
1209 4286 1318 4358 γὰρ
1361 4289 1530 4360 ὀργῆς
1581 4288 1947 4362 ὁμολογουμέ-

2051 4281 2187 4334 adeo
2238 4279 2494 4350 gravibus
2542 4279 2696 4335 malis
2751 4279 3045 4348 implicati;
3100 4287 3157 4335 at
3208 4289 3299 4334 tua
3351 4278 3640 4334 clementia

365 4388 493 4435 νως,
517 4375 699 4442 φησὶν,
728 4377 776 4429 οἱ
805 4379 918 4440 τοῖς
940 4375 1115 4440 οὕτως
1135 4375 1326 4440 δεινοῖς
1357 4378 1706 4448 ἑνισχημένοι
1732 4383 1940 4446 κακοῖς,

2050 4370 2266 4440 dignum
2299 4380 2383 4426 est
2435 4371 2574 4426 iram
2607 4371 2773 4426 etiam
2810 4371 3013 4442 justam
3045 4372 3108 4425 in
3159 4385 3257 4426 nos
3300 4371 3547 4425 minuere
3588 4383 3642 4427 et

367 4461 506 4515 ἀλλά
517 4463 619 4534 τῆς
635 4463 732 4534 σῆς
760 4467 1095 4539 ἡμερότητος
1121 4466 1271 4534 ἄξιον
1293 4467 1504 4536 γένοιτο
1529 4467 1594 4521 ἂν
1609 4468 1672 4521 τὸ
1688 4469 1943 4524 κολοϐοῦν

2048 4460 2351 4516 decurtare.
2393 4479 2412 4513 ι
2464 4460 2732 4532 Tempore
2778 4481 2799 4515 ι
2847 4463 3014 4531 igitur
3055 4461 3391 4526 alﬂictionis,
3431 4460 3640 4538 inquit,

368 4549 454 4619 ἐφ’
482 4551 637 4621 ἡμῖν,
666 4553 760 4606 καὶ
788 4553 856 4606 τὰ
875 4555 938 4606 ὲκ
965 4556 1177 4620 δικαίας
1191 4557 1379 4629 ὀργῆς.
1405 4575 1424 4608 ι
1462 4557 1552 4610 Ἐν
1579 4556 1758 4628 καιρῷ
1787 4576 1805 4608 ι
1835 4557 1944 4610 τοί-

2060 4569 2079 4602 ι
2119 4566 2188 4606 ne
2227 4552 2539 4608 memineris
2578 4560 2924 4622 peccatorum
2969 4559 3300 4618 nostrorum,
3328 4553 3424 4607 sed
3465 4551 3640 4620 cogita

367 4659 462 4696 νυν
517 4642 768 4713 θλίψεως,
826 4646 981 4716 φησὶ,
1039 4646 1058 4697 ‹
1109 4648 1182 4718 μὴ
1223 4648 1467 4720 μνησθῇς
1515 4649 1624 4702 τῶν
1663 4648 1948 4720 ἁμαρτιῶν

2055 4643 2308 4713 populum
2347 4653 2496 4698 tuum
2530 4658 2629 4700 nos
2659 4660 2851 4703 omnes
2878 4659 3020 4712 esse,
3049 4652 3106 4699 et
3137 4645 3419 4700 civitatem
3449 4641 3638 4698 Sancti

366 4735 548 4805 ἡμῶν,
575 4735 774 4790 ἐννοῶν
810 4738 891 4790 ὅτι
911 4739 940 4791 ό
963 4738 1090 4802 λαός
1118 4755 1213 4791 σου
1236 4741 1435 4805 πάντες
1462 4743 1646 4812 ἡμεῖς,
1669 4741 1763 4794 καὶ
1793 4740 1947 4804 πόλις

2055 4733 2159 4797 tui,‘
2186 4753 2206 4787 ι
2242 4734 2293 4790 id
2323 4744 2428 4799 est,
2457 4736 2511 4790 in
2545 4751 2652 4806 qua
2688 4745 2838 4798 tuum
2870 4746 2958 4794 est
2982 4736 3379 4794 sanctuarium.
3413 4734 3639 4805 Signiﬁ-

367 4825 462 4879 τοῦ
507 4825 688 4896 ’Δγίου
716 4844 830 4892 σου,
869 4846 886 4879 ι
939 4829 1240 4892 τουτέστιν,
1272 4831 1329 4882 ὲν
1450 4835 1510 4885 τὸ
1552 4835 1643 4887 σὺν
1674 4833 1942 4904 ἀγίασμα.

2045 4835 2180 4904 cant
2205 4835 2385 4881 autem
2413 4827 2498 4884 bis
2521 4829 2702 4886 verbis
2731 4830 3008 4901 templum.

369 4917 700 4988 Σημαίνουσι
732 4917 790 4972 δὲ
818 4918 906 4973 διὰ
934 4918 1139 4972 τούτων
1165 4918 1258 4971 τὸν
1291 4900 1446 4974 vadit,-
1725 4900 1734 4902 “
1847 4900 1859 4904 ⁷
2025 4900 2068 4940 ο

451 5007 740 5078 Ἐγενήθη
791 5010 1010 5078 ἕρημος
1063 5009 1236 5074 Σιὼν,
1286 5011 1367 5074 ὡς
1417 5009 1636 5079 ἕρημος
1687 5013 1940 5082 ἐγενήθη

2122 5004 2284 5059 Vens.
2315 5004 2506 5061 10-12.
2541 5005 2712 5060 Facta
2757 5017 2832 5060 est
2870 5013 3074 5060 deserta
3113 5004 3275 5070 Sion;
3319 5001 3471 5075 quasi
3509 5002 3639 5056 soli-

379 5097 778 5168 Ἰερουσαλὴμ
801 5139 816 5163 ,
878 5103 966 5165 εις
1029 5097 1295 5167 κατάραν
1355 5103 1388 5153 ὁ
1441 5095 1604 5165 οἶκος
1654 5102 1720 5154 τὸ
1775 5103 1943 5172 ἅγιον

2051 5098 2180 5150 tudo
2223 5097 2364 5166 facta
2406 5109 2481 5153 est
2521 5097 2852 5162 Jerusalem,
2889 5099 3179 5153 exsecratio
3223 5098 3408 5150 domus
3452 5103 3638 5151 sancta

367 5188 555 5258 ἡμῶν,
585 5189 624 5256 ή
672 5189 822 5254 δόξα
867 5189 946 5257 ἢν
975 5190 1326 5261 εὐλόγησαν
1356 5194 1412 5244 οι
1457 5190 1710 5261 πατέρες
1741 5192 1939 5258 ἡμῶν,

2049 5201 2258 5253 nostra,
2294 5191 2461 5261 gloria
2509 5192 2595 5246 cui
2642 5191 3013 5246 benedixerunt
3064 5200 3237 5260 patres
3285 5190 3486 5254 nostri,
3517 5186 3639 5256 igne

365 5279 623 5351 ἐγενήθη
667 5283 1109 5350 πυρίκαυστος,
1168 5283 1268 5337 καί
1338 5282 1536 5337 πάντα
1586 5283 1653 5337 τὰ
1721 5284 1941 5350 ἔνδοξα

2047 5283 2314 5338 combusta
2340 5295 2435 5352 cst,
2461 5294 2507 5339 et
2532 5285 2706 5340 omnia
2734 5283 2964 5354 gloriosa
2991 5283 3352 5341 conciderant.
3381 5279 3452 5336 Et
3481 5294 3632 5350 super

442 5457 490 5491 ³⁵
518 5455 633 5514 Jac.
673 5473 710 5522 ι,
741 5458 796 5531 6.

442 5640 516 5714 (Ι)
551 5639 810 5696 Httttl'rcd.
848 5640 1038 5713 legisse
1076 5641 1284 5697 videtur
1323 5639 1670 5698 κολάπτουσε.
