4042 6218
569 225 707 284 N07

1599 219 1658 277 s.
1700 220 1979 278 CYRILLI
2017 223 2494 285 usususus]
2535 187 2852 285 ARClllEl’.

3701 224 3868 286 1408

566 343 687 409 bus,
712 338 803 412 qui
843 338 1023 394 divina
1063 337 1182 408 ejus
1224 336 1346 407 lege
1387 335 1611 406 rejects,
1640 344 1696 392 et
1723 337 1974 396 Moesicis
2013 357 2143 411 pm-

2255 343 2486 408 ἀνωθεν,
2544 343 2637 398 καὶ
2661 337 2772 396 οἷον
2804 342 2869 395 ὲκ
2896 338 3055 412 ῥίζης
3075 379 3091 405 ,
3139 339 3235 394 καὶ
3260 340 3325 394 ὲκ
3358 326 3616 413 πατέρων
3662 343 3716 397 οἱ
3763 346 3868 399 τὸν

563 434 736 503 ceptis
780 441 988 488 tantum
1015 444 1122 485 non
1167 428 1284 484 vale
1323 429 1487 492 dicto,
1519 428 1680 486 idolis
1721 433 2050 501 servierunt,
2097 445 2154 491 et

562 525 698 580 {also
728 523 1050 592 nuncupatis
1073 523 1179 578 diis
1217 522 1630 587 sacriﬁcarunt,
1664 533 1720 580 et
1750 526 2150 586 immundorum

561 615 846 684 spirituum
878 613 1116 668 cultores
1143 613 1491 669 exstiterunt.
1525 634 1544 666 ι
1583 616 1682 670 llic
1711 618 1974 687 populus,
2011 639 2030 674 ι
2069 623 2152 676 in-

561 708 711 778 quit,
744 724 764 759 ι
795 714 881 761 est
909 705 1003 774 qui
1035 719 1253 775 semper
1290 719 1377 760 me
1416 705 1728 763 esacerbat.
1761 710 2152 770 Sacriﬁcarunt

559 799 707 854 enim
753 795 1145 861 indesinenter,
1184 815 1202 848 ι
1261 797 1314 850 id
1361 807 1477 862 est,
1511 798 1672 868 longo
1719 811 1989 870 tempore,
2025 821 2043 855 ι
2095 803 2150 859 in

561 897 854 959 conspectu
884 902 1028 944 meo.
1065 906 1084 940 ι
1117 889 1185 942 At
1212 888 1487 956 quomodo
1518 889 1686 946 latere
1711 900 1996 961 poterant,
2026 910 2148 951 cum

563 981 709 1036 Deus
733 980 912 1035 omnia
945 980 1235 1049 inspiciat?
1265 980 1408 1035 Dixit
1433 983 1580 1038 enim
1612 997 1710 1053 per
1737 985 2030 1054 quemdam
2069 1002 2141 1044 ex

561 1071 766 1127 sanctis
791 1073 1072 1144 prophetis
1111 1091 1126 1128 :
1176 1091 1196 1126 ι
1245 1074 1387 1130 Deus
1414 1077 1850 1147 appropinquans
1875 1092 1978 1148 ego
2004 1095 2148 1146 sum,

560 1163 1040 1228 dicitDominus“,
1067 1175 1122 1220 et
1150 1180 1256 1220 non
1289 1165 1430 1221 Deus
1453 1181 1484 1221 e
1507 1166 1817 1238 longinquo.
1839 1169 1921 1224 An
1951 1185 2037 1226 me
2057 1185 2152 1228 ce-

562 1253 763 1309 labitur
784 1254 1114 1323 quidquam?
1150 1273 1170 1309 ι
1201 1255 1260 1310 Si
1285 1270 1417 1322 ergo
1442 1256 1577 1310 nihil
1604 1271 1727 1312 eum
1757 1259 1986 1328 celetur,
2013 1275 2149 1331 quo-
2179 1267 2182 1274 '

562 1344 722 1399 modo
744 1343 1016 1400 latuerunt
1040 1345 1260 1415 quidam
1288 1345 1526 1401 sutum
1554 1346 1816 1405 iacientes
1835 1341 1909 1406 in
1952 1351 2146 1418 hortis,

561 1435 646 1491 vel
688 1436 742 1491 in
781 1437 954 1504 silvis,
987 1440 1265 1494 montibus
1290 1448 1345 1494 ct
1375 1438 1549 1494 lucis?
1577 1440 1716 1506 Quid
1750 1441 1914 1511 igitur
1941 1443 2150 1513 signiﬁ-

561 1536 674 1592 cat,
731 1546 751 1581 ι
789 1526 846 1582 In
873 1539 1165 1599 conspectu
1195 1531 1352 1586 meo?
1385 1550 1404 1584 ι
1441 1531 1664 1588 Scilicet
1695 1532 1749 1587 in
1791 1532 1910 1602 ipso
1949 1533 2148 1606 temple

559 1621 702 1689 quod
743 1620 872 1676 mihi
917 1633 1293 1677 consecratum
1342 1633 1446 1680 est.
1476 1623 1668 1680 Simile
1704 1624 1964 1694 quiddam
1998 1627 2145 1683 enim

2256 436 2400 490 θεῖον
2427 433 2595 489 αὑτοῦ
2637 421 3025 504 παρωσάμενοι
3080 433 3268 503 νόμον,
3316 434 3413 487 καὶ
3458 437 3755 506 μονονουχὶ
3801 439 3868 492 τὸ

2253 525 2529 598 ὲρῤῶσθαι
2567 525 2870 594 φθάσαντες
2904 527 3028 588 ταῖς
3051 523 3139 577 διὰ
3167 523 3415 585 Μωσέως
3464 525 3739 592 ἐντολαῖς,
3769 527 3866 581 λε-

2250 616 2616 688 λατρεὺκασιν
2644 613 2904 678 είδώλοις.
2930 617 3024 669 καὶ
3048 615 3308 670 τεθὺκασι
3330 617 3446 679 τοῖς
3468 615 3868 690 ψευδωνύμως

2252 708 2417 773 θεοῖς,
2446 707 2542 763 καὶ
2567 707 2895 779 πνευμάτων
2919 707 3241 779 ἀκαθάρτων
3271 708 3532 778 γεγόνασι
3569 709 3864 780 θεραπευ-

2249 799 2362 857 ταί,
2393 819 2410 850 ι
2449 793 2618 863 Οὗτος
2641 801 2670 853 ὁ
2698 799 2826 864 λαὸς
2846 800 2932 854 ἀεὶ
2959 799 3172 868 γέγονε,
3223 819 3241 853 ι
3282 801 3437 873 φησὶ,
3478 820 3497 853 ι
3526 803 3862 875 παροξύνων

2255 908 2344 962 με.
2379 889 2655 946 Τεθύκασι
2687 891 2794 964 γάρ
2817 891 3234 964 ἀκαταλήκτως,
3272 913 3292 946 ι
3319 895 3612 963 τουτέστιν,
3640 898 3704 951 έν
3725 900 3860 970 χρό-

2249 998 2363 1045 νοις
2397 982 2646 1054 μακροῖς,
2673 999 2693 1035 s
2713 980 2944 1037 ἐνώπιόν
2963 999 3087 1053 μου.
3116 1002 3135 1036 ι
3165 979 3302 1038 Εῐτα
3335 985 3455 1049 πῶς
3480 982 3548 1056 ἦν
3579 986 3856 1043 δύνασθαι
3885 972 3888 973 ν

2250 1073 2434 1128 λαθεῖν
2463 1075 2681 1140 αὐτοὺς,
2711 1075 2890 1130 καίτοι
2937 1075 3121 1130 πάντα
3149 1077 3458 1148 ἐφορῶντος
3490 1077 3666 1147 Θεοῦς
3701 1082 3856 1153 Ἔφη

2250 1165 2361 1238 γάρ
2400 1183 2525 1233 που,
2563 1166 2660 1221 καὶ
2705 1166 2775 1220 δι’
2800 1166 2918 1232 ἑνὸς
2950 1168 3059 1221 τῶν
3089 1167 3261 1236 ἀγίων
3289 1169 3583 1240 προφητῶν
3604 1187 3619 1201 ·
3651 1190 3671 1223 ι
3711 1173 3856 1238 Θεὸς

2249 1255 2485 1325 έγγίςων
2524 1256 2636 1327 ὲ.γὼ
2685 1259 2820 1330 εἰμι,
2844 1258 2991 1328 λέγει
3021 1258 3246 1332 Κύριος,
3291 1261 3385 1316 καὶ
3408 1263 3531 1334 οὐχὶ
3563 1263 3695 1329 Θεδς
3715 1265 3858 1338 πόρ-

2252 1346 2445 1420 ρωθεν,
2469 1348 2544 1420 μὴ
2569 1348 2664 1402 ἀπ’
2688 1350 2822 1421 ἐμοῦ
2847 1351 3185 1423 κρυϐήσεταί
3208 1370 3295 1420 τι;
3323 1373 3341 1406 ι
3379 1355 3594 1409 Οὐκοῦν
3612 1358 3664 1409 εί
3685 1359 3852 1430 μηδὲν

2247 1441 2342 1496 ἀπ’
2368 1441 2535 1496 αὑτοῦ
2563 1441 2885 1516 κρύπτεται,
2917 1443 3036 1508 πῶς
3070 1443 3136 1498 ἀν
3153 1444 3342 1500 ἔλαθον
3365 1449 3509 1513 τινὲς
3543 1449 3850 1521 θυμιῶντες

2247 1530 2306 1584 έν
2355 1531 2555 1603 κήποις
2575 1572 2589 1595 ,
2628 1532 2798 1602 ἤγουν
2828 1533 2886 1585 έν
2915 1532 3166 1604 δρυμοῖς,
3215 1534 3367 1605 δρεσί
3386 1551 3446 1588 τε
3483 1537 3576 1588 καὶ
3603 1538 3850 1608 νάπαιςς

2247 1620 2314 1675 Τί
2351 1619 2445 1678 οὖν
2472 1621 2582 1694 ἀρα
2613 1623 2676 1677 τὸ
2701 1639 2723 1676 ι
2757 1622 2986 1678 ἐνώπιόν
3013 1642 3115 1697 μου
3152 1645 3172 1679 ι
3206 1625 3390 1698 δηλοῖ,
3431 1626 3555 1680 ἀντὶ
3598 1627 3719 1694 τοῦ,
3754 1631 3851 1686 καὶ

559 1710 699 1766 dixit
724 1726 855 1768 voce
881 1710 1131 1769 Jeremite
1158 1715 1225 1770 de
1251 1713 1574 1772 Jerusalem.
1607 1735 1628 1768 ι
1665 1720 1839 1783 Quam
1867 1719 2143 1775 abomina-

2251 1714 2332 1777 είς
2375 1714 2536 1769 αὑτὸν
2575 1715 2668 1769 τὸν
2707 1715 3087 1788 ἀφιερωθέντα
3135 1735 3226 1788 μοι
3259 1719 3416 1774 νεών.
3453 1721 3598 1792 Ἔφη
3620 1720 3734 1792 γάρ
3765 1739 3849 1776 τοι

559 1801 759 1857 tionem
791 1802 917 1858 fecit
939 1804 1133 1860 dilecta
1166 1805 1219 1860 in
1249 1805 1413 1863 domo
1451 1821 1570 1863 mea
1592 1809 1678 1864 ὀἳ
1713 1828 1734 1863 ι
1769 1809 2143 1868 Abominatio-

2254 1802 2495 1859 τοιοῦτον
2530 1806 2621 1859 καὶ
2657 1806 2745 1860 διὰ
2778 1807 2963 1879 φωνῆς
2992 1809 3257 1880 Ἰερεμίου
3283 1811 3412 1882 περὶ
3438 1811 3537 1882 τῆς
3575 1813 3850 1884 Ἰερουσα-

561 1904 686 1946 nem
713 1892 996 1949 nominare
1030 1905 1434 1951 consueverunt
1460 1910 1632 1953 sacra
1658 1896 1879 1955 Littera:
1922 1900 2143 1958 idolum.

2254 1899 2388 1970 λήμ·
2425 1915 2444 1950 ι
2480 1898 2546 1952 Τί
2571 1899 2903 1972 ἠγαπημένη
2931 1901 2988 1954 έν
3013 1899 3090 1971 τῷ
3117 1903 3252 1974 οἴκῳ
3278 1921 3380 1973 μου
3405 1905 3627 1974 ἐποίησε
3661 1905 3848 1976 βδέλυ-

558 1983 747 2053 ltaque
789 1985 852 2041 'et
905 1984 977 2040 ob
1034 1985 1222 2041 oculos
1278 2001 1431 2042 meos
1491 2006 1510 2040 ι
1572 1988 1783 2046 subitus
1836 1990 2072 2060 faciunt,
2123 2012 2143 2047 ι

2253 2006 2370 2061 γμα
2395 2006 2410 2054 ;
2437 2009 2456 2043 ι
2494 1988 2781 2061 Βδέλυγμα
2805 1991 2862 2044 δὲ
2898 1990 2958 2045 τὺ
2995 1991 3214 2046 εῖδωλον
3248 1994 3537 2066 ὀνομάζειν
3567 1997 3689 2062 ἔθος
3736 2001 3847 2064 τοῖς

559 2075 756 2146 inquit,
790 2093 811 2128 ι
843 2085 902 2131 et-
941 2077 998 2132 in
1047 2073 1238 2143 hortis,
1274 2095 1294 2131 ι
1329 2079 1382 2132 id
1425 2090 1542 2141 est,
1596 2079 1651 2134 in
1694 2082 1992 2148 montibus,
2069 2084 2143 2140 uti

2255 2083 2424 2154 ἱεροῖς
2475 2082 2826 2156 Γράμμασιν.
2879 2081 3091 2137 Οὐκοῦν
3143 2088 3267 2140 κατ’
3317 2087 3626 2160 ὀφθαλμοὺς
3671 2092 3847 2160 ἐμοὺς

556 2169 690 2232 dixi,
713 2187 732 2221 ι
760 2167 865 2224 sub
885 2183 1116 2240 quercu,
1135 2176 1190 2225 et
1212 2169 1431 2240 populo,
1447 2178 1503 2225 et
1526 2172 1721 2228 arbore
1745 2175 2002 2231 umbrosa
2023 2176 2094 2245 ",
2122 2194 2143 2230 ι

2258 2193 2279 2227 ι
2313 2173 2605 2246 θυμιῶσι,ι
2643 2175 2830 2246 φησὶ,ι
2869 2175 2965 2230 καὶ
2991 2179 3049 2230 έν
3081 2179 3199 2243 τοῖς
3223 2180 3441 2252 κήποις,
3481 2201 3500 2234 ι
3537 2184 3842 2249 τουτέστιν,

558 2263 854 2320 secundum
899 2263 952 2319 id
989 2265 1135 2335 quod
1175 2264 1439 2335 scriptum
1479 2275 1589 2323 est.
1626 2267 2054 2335 Sacriﬁcabant,
2090 2276 2148 2324 ut

556 2354 787 2422 videtur,
809 2354 1121 2411 Graecorum
1146 2372 1350 2414 morem
1377 2359 1573 2426 secuti,
1597 2359 1918 2430 quibusdam
1946 2361 2148 2418 damo-

556 2447 744 2513 nibus,
777 2451 1042 2520 nymphas
1073 2450 1148 2506 illi
1183 2460 1410 2520 vocant,
1442 2452 1871 2528 hamadryadas,
1900 2464 1955 2512 et
1985 2471 2145 2513 orea-

555 2537 675 2594 das.
705 2539 810 2594 Sed
845 2554 950 2595 non
985 2550 1130 2607 sunt,
1162 2543 1356 2613 inquit,
1386 2559 1491 2599 non
1523 2545 1667 2616 quod
1699 2561 1804 2601 non
1835 2545 2145 2604 subsistant

553 2627 768 2684 exitiosi
802 2629 1105 2694 daemones;
1143 2631 1238 2686 sed
1272 2632 1416 2702 quod
1452 2647 1562 2688 non
1600 2634 1708 2688 sint
1740 2634 1844 2699 dii,
1876 2644 2037 2705 prout
2070 2635 2145 2690 illi

555 2719 648 2788 qui
682 2719 994 2776 sacriﬁcant
1029 2721 1141 2777 illis
1199 2722 1516 2793 opinantur.
1545 2722 1940 2781 Sacriﬁcarunt
1971 2726 2142 2782 etiam

557 2811 610 2866 in
642 2813 1007 2870 monumentis
1033 2823 1092 2870 et
1119 2815 1414 2886 speluncis,
1444 2817 1848 2873 necromantica
1874 2817 2143 2888 quaedam,

557 2915 618 2961 ut
641 2905 880 2973 videtur,
905 2918 1246 2964 exercentes.
1279 2907 1634 2966 Dormiebant
1664 2910 1827 2966 etiam
1863 2911 1917 2966 in
1952 2926 2145 2966 monu-

556 2998 775 3064 mentis,
803 2999 1086 3055 insomniis
1117 3001 1439 3071 quibusdam
1473 3009 1530 3057 et
1559 3002 1794 3072 spectris
1829 3001 2060 3073 decepti,
2089 3011 2145 3058 et

2250 2264 2310 2317 έν
2329 2263 2535 2336 δρεσιν,
2580 2263 2658 2329 ὡς
2704 2263 2863 2336 ἔφην,
2897 2284 2916 2317 ι
2947 2266 3210 2322 ὑποκάτω
3248 2269 3427 2340 δρυὸς,
3471 2271 3564 2326 καὶ
3615 2273 3839 2346 λεύκης,
3879 2315 3884 2320 .

2250 2355 2346 2409 xui.
2381 2354 2599 2427 δένδρου
2634 2355 3054 2420 συσκιάζοντος,
3099 2376 3119 2410 ι
3153 2358 3299 2413 κατὰ
3337 2360 3398 2414 τὸ
3431 2365 3840 2435 γεγραμμένον.

2255 2446 2451 2502 Ἐθυον
2477 2447 2556 2513 δὲ,
2589 2447 2732 2503 κατά
2754 2447 2815 2501 τὸ
2838 2449 3004 2514 είκὺς,
3027 2451 3142 2515 τοῖς
3155 2450 3417 2525 Ἐλλήνων
3435 2455 3696 2528 ἀκολουθή
3705 2473 3846 2510 σαν-

2248 2555 2339 2604 τες
2355 2538 2565 2610 θυμοῖς,
2593 2539 2812 2611 δαίμοσι
2839 2541 3009 2605 τισὶν,
3056 2542 3123 2608 ἀς
3161 2543 3372 2617 νύμφας
3402 2547 3592 2603 ἐκεῖνοι
3622 2547 3842 2602 καλοῦ-

2250 2642 2356 2692 σιν,
2381 2627 2732 2700 ἁμαδρυάδας
2754 2630 2849 2682 καὶ
2877 2630 3128 2702 ὀρειάδας
3149 2651 3164 2665 ⁸
3205 2633 3320 2688 ἀλλ’
3344 2633 3444 2690 οῦκ
3478 2639 3611 2703 εἱσι,
3640 2641 3842 2712 φησὶν,

2247 2719 2346 2788 οὑχ
2378 2721 2460 2773 ὅτι
2492 2721 2568 2792 μὴ
2609 2721 2951 2795 ὑπάρχουσιν
3005 2727 3054 2779 οξ
3106 2725 3369 2800 ἀλιτήριοι
3392 2728 3695 2800 ’δαίμονες,
3727 2732 3853 2790 ἀλλ’

2247 2808 2329 2862 ὅτι
2358 2809 2472 2865 θεοὶ
2501 2812 2704 2882 μᾶλλον
2739 2814 2840 2869 οὑκ
2893 2817 3023 2883 είσι,
3074 2819 3218 2876 κατά
3239 2836 3304 2890 γε
3327 2819 3426 2884 τὰς
3461 2821 3572 2875 τῶν
3602 2822 3842 2878 θυόντων

2247 2901 2433 2967 αὐτοῖς
2464 2903 2740 2970 ὑπονοίας.
2772 2906 2974 2974 Ἐθυον
2998 2909 3054 2964 δὲ
3091 2911 3189 2965 καὶ
3225 2911 3284 2966 έν
3315 2912 3594 2985 μνήμὴσι,
3635 2917 3735 2969 καὶ⁵
3785 2919 3842 2972 έν

2249 2991 2555 3064 σπηλαίοις,
2567 3012 2728 3049 νεκυο
2734 2997 2992 3067 μαντείας
3004 2999 3106 3064 τὰς
3119 2999 3288 3055 καλου
3295 3001 3461 3074 μένας
3491 3004 3840 3075 ἐπιτηδεύον-

555 3091 799 3146 notitiam
860 3107 1039 3148 rerum
1095 3091 1402 3148 futurarum
1466 3092 1805 3165 indagantes.
1864 3093 2140 3162 Ejusmodi

2246 3101 2338 3150 τες
2389 3085 2534 3140 κατὰ
2562 3087 2624 3140 τὺ
2671 3087 2836 3153 είκός.
2873 3087 3204 3161 Ἐκοιμῶντο
3253 3091 3311 3146 δὲ
3337 3095 3430 3148 καὶ
3454 3097 3512 3148 έν
3533 3099 3838 3168 μνήμασιν,

553 3193 681 3238 sunt
722 3183 866 3239 enim
915 3181 1210 3253 impietatis
1251 3183 1565 3239 Graecorum
1615 3184 1854 3238 inventa.
1888 3185 2145 3240 Calcasse

553 3283 734 3328 autem
779 3286 874 3327 eos
912 3286 1128 3340 quoque
1169 3271 1301 3340 legis
1342 3280 1646 3341 praecepta,
1680 3272 2015 3330 demonstrat
2061 3274 2146 3329 in-

551 3367 744 3432 quiens
793 3380 808 3417 :
866 3382 886 3416 ι
940 3361 1243 3417 Comedunt
1285 3376 1480 3417 carnes
1529 3361 1736 3418 suillas.
1791 3381 1811 3415 ι
1863 3365 2147 3421 interdixit

551 3455 696 3512 enim
727 3455 841 3510 haec
873 3454 1152 3511 lsraelitis.
1185 3453 1566 3510 Absorbebant
1595 3456 1762 3510 etiam
1799 3455 1892 3525 jus
1934 3457 2145 3512 sacriﬁ-

551 3548 780 3615 ciorum,
805 3547 952 3602 omni
993 3547 1304 3618 lmpuritate
1334 3546 1545 3616 repleti,
1576 3547 1766 3614 sordes
1805 3563 1911 3604 non
1957 3548 2145 3604 eluen-

551 3641 650 3695 das
691 3639 985 3705 habentes,
1015 3647 1267 3710 putantes
1313 3638 1508 3694 deinde
1544 3639 1612 3694 ad
1655 3654 1925 3695 summum
1967 3642 2144 3698 omnis

550 3731 800 3804 puritatis
854 3732 1079 3801 gradum
1113 3745 1174 3786 se
1221 3731 1554 3800 pervenisse,
1606 3731 1743 3788 adeo
1793 3741 1852 3789 ut
1898 3733 2144 3790 dicerent

550 3825 983 3895 appropinquare
1013 3823 1339 3887 volentibus,
1369 3821 1540 3895 894
1585 3841 1606 3876 ι
1657 3822 1840 3896 Longe
1871 3839 1899 3878 a
1933 3840 2041 3890 me,
2074 3841 2141 3882 ne

550 3917 952 3987 appropinques
980 3917 1137 3984 mihi,
1166 3916 1292 3987 quia
1326 3932 1494 3987 purus
1525 3931 1666 3971 sum.
1704 3936 1724 3970 ι
1766 3917 1883 3974 llali
1913 3919 2055 3975 enim
2087 3930 2144 3977 et

549 4009 748 4079 impuri
795 4009 1090 4074 daemones,
1128 4009 1460 4078 persuadent
1509 4008 1594 4064 liis
1643 4009 1733 4078 qui
1783 4025 1842 4066 se
1888 4011 2138 4078 adorant,

548 4102 692 4172 quod
729 4101 829 4156 etsi
874 4100 1056 4156 omnia
1101 4108 1296 4172 prater
1335 4114 1548 4171 {equum
1594 4107 1649 4155 et
1693 4099 1894 4156 bouum
1925 4112 2136 4174 .agant,

550 4193 660 4248 imo
710 4192 872 4247 etiam
925 4207 1011 4248 res
1058 4191 1552 4264 inquinatissimas,
1601 4191 1767 4248 futuri
1818 4193 1929 4249 sint
1979 4193 2135 4265 puri,

549 4284 670 4340 face
697 4283 802 4339 illis
827 4284 1178 4355 praelucente,
1202 4277 1255 4338 et
1284 4283 1408 4354 igne
1435 4284 1834 4351 circumeunte,
1860 4284 1944 4341 vel
1974 4287 2138 4343 etiam

549 4391 811 4447 aquarum
843 4376 1199 4442 abstersione,
1228 4387 1281 4431 et
1312 4376 1512 4432 fabulis
1540 4377 1775 4433 anilibus
1806 4377 2139 4434 incantanti-

2246 3175 2726 3247 ὁνειροπομπείοις
2773 3180 2884 3233 τισὶ
2913 3182 3007 3235 καὶ
3041 3182 3316 3254 φάσμασιν
3337 3184 3718 3256 ἀπατώμενοι,
3743 3193 3842 3244 καὶ

2244 3265 2354 3321 τῶν
2377 3269 2655 3340 ἐσομένων
2671 3267 3252 3346 πολυπραγμονοῦντες
3269 3276 3369 3350 τὴν
3391 3277 3620 3349 γνῶσιν.
3649 3281 3839 3336 Τοιαῦ-

2243 3375 2313 3411 τα
2342 3358 2450 3431 γάρ
2481 3358 2604 3425 πώς
2649 3362 2755 3416 είσι
2781 3362 2882 3434 τῆς
2910 3364 3020 3419 τῶν
3061 3365 3328 3438 Ἐλλήνων
3372 3369 3720 3443 ἀνοσιότητος
3770 3374 3837 3427 τά

2245 3453 2557 3525 εὑρήματα.
2602 3455 2723 3509 Ὅτι
2753 3456 2810 3510 δὲ
2838 3457 2932 3511 καὶ
2959 3458 3060 3532 τὴν
3101 3443 3208 3514 ’τοῦ
3241 3460 3408 3534 νόμου
3456 3467 3838 3535 πεπατήκασιν

2243 3545 2485 3618 ἐντολὴν,
2521 3547 2881 3604 διαδείκνυσιν
2896 3551 3086 3618 εἰπὼν,
3111 3572 3129 3607 ι
3151 3555 3457 3622 Ἐσθίοντες
3472 3559 3612 3630 κρέα
3641 3559 3782 3614 ὕεια·
3811 3581 3829 3613 ι

2243 3638 2514 3712 ἀπείρητο
2547 3641 2658 3714 γὰρ
2695 3642 2764 3697 τά
2792 3644 2969 3700 τοιάδε
2996 3649 3109 3712 τοῖς
3133 3647 3192 3716 ἐξ
3237 3649 3477 3723 Ἰσραήλ·
3513 3653 3832 3726 ἐξερρόφουν

2241 3729 2299 3785 δὲ
2325 3732 2420 3786 καὶ
2445 3733 2664 3805 ζωμοὺς
2695 3735 2921 3802 θυσιῶν,
2970 3739 3190 3811 ἀπάσης
3224 3742 3568 3816 ἀκαθαρσίας
3599 3745 3834 3816 ἀναπιμο

2242 3823 2528 3896 πλάμενοι,
2556 3826 2650 3881 καὶ
2697 3827 3135 3903 δυσαπότριπτον
3158 3833 3373 3906 ἔχοντες
3393 3836 3673 3908 μολυσμόν
3688 3857 3700 3868 ε
3720 3837 3832 3891 εἶτα

2241 3916 2574 3987 νομίζοντες,
2606 3919 2689 3974 ὅτι
2722 3923 2816 3974 καὶ
2845 3923 2928 3988 είς
2962 3923 3115 3996 λῆξιν
3147 3925 3368 4000 ἀπάσης
3412 3927 3708 4000 έληλάκασι
3741 3949 3835 3985 κα·

2243 4007 2562 4082 θαρότητος,
2595 4009 2737 4067 ὥστε
2766 4013 2861 4068 καὶ
2885 4014 3067 4083 λέγειν
3088 4021 3200 4082 τοῖς
3221 4019 3390 4088 ἐγγὺς
3420 4015 3555 4074 εἶναι
3585 4021 3836 4076 θέλουσιν

2241 4099 2422 4154 αὐτῶν
2452 4117 2466 4132 ο
2507 4120 2524 4153 ι
2569 4103 2768 4176 Πόρρω
2797 4105 2894 4159 ἀπ’
2924 4105 3082 4178 ἐμοῦ,
3119 4107 3195 4180 μὴ
3219 4110 3442 4182 ὲγγίσῃς
3465 4128 3582 4180 μοι,
3608 4111 3690 4164 δτι
3721 4129 3833 4166 κα-

2242 4188 2408 4262 θαρός
2437 4192 2576 4262 είμι.
2612 4211 2631 4245 ι
2654 4194 2717 4248 Οἱ
2744 4195 2854 4268 γὰρ
2886 4200 3116 4270 πονηροὶ
3145 4201 3242 4252 καὶ
3262 4201 3550 4273 ἀκάθαρτοι
3567 4201 3834 4274 δαίμονες

2240 4281 2594 4338 ἀναπείθουσι
2633 4289 2850 4359 φρονεῖν
2890 4289 3018 4354 τοὺς
3058 4291 3489 4360 προσκυνοῦντας
3516 4293 3833 4359 αὑτοῖς,ὂτι

2242 4372 2421 4428 πάντα
2443 4374 2699 4447 δρῶντες,
2730 4378 2908 4432 καὶτὰ
2942 4380 3086 4453 πέρα
3113 4383 3302 4452 νόμου,
3333 4385 3428 4437 καὶ
3458 4386 3638 4457 πάσης
3659 4387 3836 4442 ἐπιει-

547 4471 669 4527 bus.
696 4470 962 4526 Crterum
993 4469 1110 4524 haec
1135 4469 1337 4535 omnia,
1369 4469 1566 4541 inquit,
1596 4469 1760 4540 impie
1791 4478 1846 4526 et
1873 4469 2140 4542 ﬂagitiose

2246 4464 2420 4530 κείας,
2450 4466 2650 4536 μᾶλλον
2680 4467 2736 4522 δὲ
2756 4469 2826 4523 τὰ
2845 4472 2924 4534 εἰς
2946 4449 3114 4544 ἄκρον
3135 4449 3336 4545 ήκοντα
3364 4449 3666 4548 μολυσμοῦ,
3685 4478 3837 4532 ἔσον-

547 4562 616 4615 ab
660 4560 764 4616 illis
808 4572 1138 4632 perpetrata,
1175 4581 1194 4613 ι
1251 4561 1453 4618 Fumus
1499 4571 1626 4619 sunt
1671 4561 1874 4619 furoris
1923 4563 2051 4630 mei,
2081 4575 2139 4620 et

547 4651 688 4721 ignis
721 4651 873 4708 ardet
907 4653 960 4708 in
995 4669 1061 4708 eo
1091 4653 1340 4710 omnibus
1372 4654 1583 4710 diebus.
1625 4673 1644 4706 ι
1686 4652 1901 4709 Scimus
1931 4663 2135 4721 autem,

545 4759 673 4799 cum
715 4743 855 4810 ignis
899 4744 1276 4800 accendendus
1319 4755 1433 4813 est,
1475 4746 1679 4802 exoriri
1727 4746 1879 4815 prius
1929 4746 2128 4803 fumos.

546 4831 733 4902 Itaque
773 4841 897 4888 ante
935 4831 1246 4889 Servatoris
1284 4834 1596 4902 adventum,
1624 4849 1746 4890 cum
1795 4836 1848 4892 in
1885 4835 2137 4894 sordibus

545 4932 885 4989 versaretur,
915 4938 1073 4993 quem
1104 4923 1266 4979 modo
1295 4925 1562 4996 diximus,
1595 4925 1758 4982 lSrael
1777 4969 1792 4994 ,
1823 4926 1966 4983 velut
1995 4926 2130 4984 l'tuni

547 5016 763 5086 quidam
796 5025 851 5072 et
880 5017 1030 5072 initia
1065 5017 1260 5073 divinae
1296 5017 1389 5073 irae
1422 5027 1806 5090 apparuerunt.
1838 5017 2131 5089 Postquam

545 5123 676 5162 vero
721 5108 992 5179 prioribus
1032 5110 1146 5167 suis
1187 5111 1559 5182 impietatibus
1603 5109 1925 5166 addiderunt
1966 5111 2131 5167 etiam

546 5199 1019 5257 «lcbzucciiationem
1062 5201 1115 5257 in
1158 5202 1332 5273 ipsum
1367 5203 1745 5260 universorum
1789 5205 2134 5262 Servatorcm

545 5298 599 5341 et
650 5287 1066 5362 Redemptorem
1127 5313 1138 5348 :
1197 5291 1590 5350 interfecerunt
1634 5295 1778 5351 enim
1831 5295 2133 5368 principem

546 5377 669 5433 vitae
693 5381 761 5445 ",
795 5381 945 5438 furor
984 5384 1177 5441 deinde
1221 5400 1484 5441 accensus
1523 5395 1628 5454 est,
1663 5396 1718 5444 et
1759 5388 1814 5445 in
1860 5388 2132 5444 llatumatn

545 5470 943 5540 quodammodo
974 5475 1104 5532 fumi
1138 5477 1386 5534 conversi
1413 5487 1556 5535 sunt.

2234 4573 2327 4611 ται
2371 4558 2623 4630 καθαροὶ,
2658 4560 2814 4633 δᾳδὸς
2868 4564 3138 4637 ἀφθείσης
3177 4567 3307 4638 παρ’
3355 4567 3450 4641 [aL
3482 4569 3595 4642 ἐπ’]
3627 4571 3834 4636 αὑτοῖς,

2235 4649 2330 4703 καὶ
2361 4649 2543 4722 κύκλῳ
2575 4653 2747 4725 πυρὸς
2773 4657 3143 4729 περιθέοντες,
3177 4660 3211 4733 ἦ
3239 4662 3382 4735 τάχα
3420 4681 3546 4728 που,
3576 4665 3671 4719 καὶ
3699 4665 3840 4720 ὓδα-

2234 4757 2326 4806 τος
2365 4744 2802 4814 ῥαντισμοῦ,καὶ
2839 4749 3168 4820 μυθολογίας
3210 4756 3598 4828 γραοπρεποῦς
3633 4757 3838 4828 ἐπᾳδο-

2238 4833 2402 4906 μένης
2425 4834 2627 4900 αὐτοῖς.
2647 4837 2809 4894 Ἀλλὰ
2835 4843 2994 4896 ταυτὶ
3021 4844 3315 4914 σύμπαντα
3347 4848 3506 4918 φησὶ,
3541 4847 3612 4902 τὰ
3634 4849 3841 4903 δυσσε-

2240 4925 2349 4991 σῶς
2370 4944 2430 4980 τε
2458 4929 2553 4982 καὶ
2581 4931 2813 4997 ἀνοσίως
2854 4939 2985 5007 παρ’
3016 4937 3197 4992 αὐτῶν
3225 4941 3512 5009 γεγονότα·
3547 4959 3566 4994 ι
3607 4942 3843 5008 Καπνὸς

2238 5020 2344 5072 εἰσι
2395 5019 2490 5074 τοῦ
2524 5021 2698 5094 θυμοῦ
2732 5043 2856 5097 μου,
2885 5029 2980 5082 καὶ
3015 5029 3126 5104 πῦρ
3143 5031 3355 5086 καίεται
3382 5033 3441 5087 έν
3473 5032 3623 5104 αὐτῷ
3652 5036 3845 5100 πάσας

2239 5110 2340 5177 τὰς
2365 5113 2596 5184 ἡμέρας.
2645 5137 2662 5168 ι
2697 5119 2885 5190 Ἵσμεν
2907 5120 2988 5188 δὲ,
3027 5123 3110 5177 ὅτι
3134 5125 3305 5196 πυρὸς
3343 5124 3679 5189 ἐξάπτεσθαι
3709 5128 3847 5198 μέλ-

2239 5203 2420 5271 λοντος
2446 5210 2830 5283 προανίσχουσι
2863 5216 3081 5270 καπνοί.
3111 5217 3323 5273 Οὐκοῦν
3351 5219 3461 5291 πρὸ
3493 5221 3592 5290 μὲν
3613 5221 3718 5293 τῆς
3747 5223 3849 5278 τοῦ

2239 5297 2492 5373 Σωτῆρος
2521 5302 2836 5377 ἐπιδημίας,
2879 5307 2937 5361 ὲν
2970 5308 3270 5382 μολυσμοῖς
3297 5310 3452 5376 ὄντος
3482 5313 3600 5377 τοῖς
3631 5314 3850 5385 ἀρτίως

2236 5391 2368 5460 ἡμῖν
2417 5395 2732 5466 εἰρημένοις
2781 5396 2876 5452 τοῦ
2927 5401 3166 5473 Ἰσραὴλ,
3201 5403 3396 5457 καπνοί
3445 5421 3595 5469 τινες
3622 5404 3851 5479 ὥσπερ,

2237 5481 2331 5535 καὶ
2365 5483 2530 5556 ἀρχαὶ
2556 5487 2653 5558 τῆς
2682 5487 2832 5556 θείας
2863 5489 3034 5565 ὀργῆς
3086 5495 3455 5564 ἀνεφαίνοντο.
3527 5496 3764 5573 Ἐπειδὴ
3793 5499 3854 5556 δὲ

624 5644 665 5676 δ’
707 5642 810 5698 lsa.
840 5662 934 5713 ιιι,
969 5650 1022 5703 6.
1098 5652 1142 5683 δ’
1171 5650 1281 5707 Jcr.
1316 5669 1390 5720 xl,
1422 5653 1506 5708 l3.
1585 5655 1628 5692 ’⁸
1660 5655 1798 5715 Osee
1831 5672 1902 5728 tv,
1949 5659 2030 5715 l3.
2112 5661 2143 5696 ἐ

2244 5670 2308 5718 ut.
2349 5676 2426 5727 ill,
