4042 6218
246 338 388 396 M09

1340 347 1409 402 lN
1446 346 1679 405 ISAIAM
1720 348 1851 406 LIB.
1894 351 1959 408 V.
2001 348 2242 409 TOMUS
2283 354 2374 409 νι.

3365 352 3506 409 “Io

242 458 363 520 ταῖς
420 458 709 530 προτέραις
757 460 963 515 έαυτῶν
994 461 1336 529 δυσσεϐείαις
1375 470 1819 539 προσεπήγαγον,
1860 470 1953 523 καὶ
1984 470 2082 542 τὴν
2135 474 2214 535 εἰς
2279 470 2443 525 αὐτὸν
2508 470 2794 543 παροινίαν
2836 468 2929 523 τὸν
2960 468 3070 522 τῶν
3103 468 3241 522 ὅλων
3278 466 3507 541 Σωτῆρα

242 550 340 603 καὶ
384 552 698 622 Λυτρωτήν·
765 554 1096 610 ἀπεκτόνασι
1146 557 1255 628 γάρ
1301 558 1392 612 τὸν
1434 560 1676 633 ἀρχηγὸν
1719 563 1821 633 τῆς
1887 564 2051 635 ζωῆς,
2098 563 2304 635 ἐξήφθη
2342 563 2524 616 λοιπὸν
2580 564 2609 615 δ
2641 562 2830 632 θυμὸς,
2869 560 2964 614 καὶ
2988 562 3067 624 είς
3102 560 3273 630 φλόγα
3306 560 3510 632 τούτων

242 639 365 696 τινὰ
396 644 731 712 μετέστησαν
754 646 801 697 oi
831 647 1046 700 καπνοί.

323 734 480 789 ἰὄοὺ
500 736 817 803 γέγραπται
847 737 1104 793 ἐνώπιόν
1120 757 1260 809 μουο
1290 743 1372 796 Οὐ
1404 744 1693 810 σιωπήσω
1713 745 1789 799 ἔω

1895 811 1899 818 θ
1997 746 2161 801 Vens.
2198 745 2262 809 6,
2292 745 2342 801 7.
2378 743 2515 797 Ecce
2548 745 2795 810 scriptum
2827 752 2902 795 est
2938 741 2996 794 in
3030 750 3307 809 conspectu
3339 759 3452 799 mea
3484 758 3505 797 :

242 834 321 889 ἂν
344 830 564 895 ἀποδῶ,
589 832 687 885 καὶ
705 832 1107 888 ἀνταποδώσω
1128 839 1215 902 εἰς
1233 837 1341 891 τὸν
1362 840 1594 894 κόλπον
1622 843 1820 896 αὐτῶν

239 924 347 988 τὰς
387 920 673 989 ἁμαρτίας
721 920 940 985 αὐτῶν,
983 922 1083 977 καί
1131 924 1248 977 τῶν
1287 926 1557 994 πατέρων
1599 926 1816 993 αὐτῶν,

236 1014 397 1083 λέγει
430 1013 665 1079 Κύριοςσ
700 1012 758 1066 οἳ
780 1013 1036 1083 ἐθυμίων
1062 1015 1159 1067 ἐπὶ
1190 1014 1307 1070 τῶν
1352 1018 1556 1086 ὀρέων,
1587 1018 1687 1074 καί
1720 1020 1819 1073 ἐπὶ

233 1102 355 1156 τῶν
377 1101 626 1168 ,Βουνῶν
671 1103 871 1158 αὐτῶν
902 1105 1230 1160 ὼνείόισάν
1265 1125 1344 1176 με
1362 1124 1378 1139 ο
1429 1109 1719 1164 ἀποδώσω
1745 1111 1817 1165 τὰ

230 1193 375 1264 ἔργα
403 1192 605 1249 αὐτῶν
630 1196 717 1260 εις
746 1194 853 1250 τὸν
888 1198 1123 1250 κόλπον
1152 1198 1370 1253 αὐτῶν,

305 1285 531 1355 Ὅμοιον
552 1286 629 1349 ὡς
650 1286 698 1338 εί
724 1285 893 1354 λέγοισ
924 1288 1005 1340 Τὰ.
1033 1290 1112 1352 είς
1139 1287 1315 1359 λύπην
1368 1291 1507 1362 ἐμὴν
1554 1293 1705 1364 παρά
1755 1310 1813 1347 τε

219 1371 342 1426 τῶν
374 1372 627 1444 πατέρων
648 1372 846 1435 αὐτῶν,
876 1375 968 1427 καὶ
999 1375 1127 1446 παρ’
1159 1375 1340 1429 αὐτῶν
1385 1376 1616 1440 ἀνοσίως
1656 1394 1816 1445 γεγε-

214 1480 297 1534 νιη
307 1464 462 1534 μένα,
491 1463 772 1534 μονονουχὶ
801 1465 894 1518 καὶ
919 1465 978 1518 ὲν
1005 1466 1193 1519 πίνακι
1214 1467 1574 1539 γεγραμμένα
1602 1468 1812 1540 θεωρῶ,

213 1556 324 1608 καὶ
349 1557 406 1607 ὲν
435 1558 546 1618 τοῖς
570 1556 725 1626 ὲμοτς
757 1556 895 1609 εἰσιν
916 1556 1233 1627 ὀφθαλμοῖς,
1256 1558 1290 1629 ἢ
1316 1559 1434 1623 πῶς
1466 1559 1532 1612 ἂν
1564 1561 1817 1630 ἀνασχοί-

215 1662 340 1716 μην
368 1644 477 1698 τῶν
527 1644 671 1698 οὕτω
721 1644 945 1711 δεινῶν,
987 1648 1082 1703 καὶ
1131 1647 1536 1719 ἀπαραὸλήτων
1592 1649 1810 1715 κακῶν;

225 1735 529 1790 ’Δποδὼσω
551 1738 769 1800 πάντως
787 1738 866 1800 είς
888 1737 980 1791 τὸν
1003 1738 1203 1792 κόλπον
1227 1738 1427 1803 αὐτῶν,
1449 1739 1735 1811 δεχόμενος
1755 1741 1813 1792 ἐν

216 1836 471 1907 μνήμαις
508 1835 751 1899 καὶτοὺς
787 1835 1030 1907 πατέρας
1079 1835 1276 1894 αὐτῶν.
1309 1835 1359 1889 οἶ
1390 1835 1689 1907 ἐθυμίασαν
1719 1836 1811 1888 ἐπὶ

212 1927 333 1979 τῶν
359 1927 551 1998 ὀρέων,
592 1926 685 1980 καὶ
730 1927 824 1979 ἐπὶ
875 1927 984 1980 τῶν
1014 1927 1241 1997 βουνῶν,
1295 1921 1371 1982 ὧν
1404 1926 1686 1980 ὼνείδισάν
1719 1944 1807 1996 με.

229 2019 623 2089 Ἐπιτήρησον,
657 2019 739 2072 ὅτι
770 2018 972 2090 θυμιᾷν
993 2021 1189 2082 αὐτοὺς
1217 2021 1275 2072 ὲν
1299 2021 1499 2090 κήποις
1520 2018 1688 2071 είπὼν
1717 2021 1811 2071 ἐπὶ

1930 836 2053 890 Νοη
2104 836 2303 900 tacebo,
2338 836 2501 887 donec
2547 834 2760 888 reddam
2806 842 2856 886 et
2904 832 3189 885 retribuam
3234 832 3288 884 in
3332 834 3505 887 sinum

1923 944 2101 982 eorum
2126 934 2335 995 peccata
2363 942 2480 989 sua,
2502 936 2550 979 et
2575 934 2787 991 patrum
2812 940 3048 987 suorum,
3072 923 3199 976 dicit
3226 922 3502 978 Dominus.

1926 1017 2030 1083 Qui
2060 1016 2337 1071 «dolebant
2365 1018 2632 1071 incensum
2660 1031 2814 1080 super
2838 1026 3058 1080 montes,
3084 1024 3132 1067 et
3166 1028 3325 1083 super
3348 1013 3505 1068 colles

1922 1110 2128 1177 probris
2160 1109 2442 1177 aﬂ'ecerunt
2469 1124 2569 1160 me.
2594 1105 2829 1160 Reddam
2860 1121 3016 1172 opera
3040 1118 3219 1159 eorum
3249 1104 3303 1157 in
3327 1105 3503 1158 sinum

1919 1213 2093 1251 suum.

1991 1287 2226 1342 Perinde
2256 1296 2338 1342 est
2369 1302 2432 1342 ac
2462 1287 2505 1342 si
2544 1287 2691 1342 dicat
2728 1304 2741 1341 :
2778 1286 2907 1352 Quae
2944 1300 3064 1340 cum
3110 1283 3409 1340 oﬂ’ensione
3446 1293 3503 1338 et

1922 1379 2106 1434 dolore
2136 1394 2255 1435 meo
2286 1394 2315 1433 a
2342 1380 2588 1449 patribus
2616 1393 2802 1434 eorum
2831 1389 2884 1434 et
2912 1380 2979 1433 ab
3009 1378 3138 1448 ipsis
3164 1377 3329 1446 impie
3356 1376 3499 1431 facta

1919 1478 2065 1535 sunt,
2094 1473 2486 1540 propemodum
2522 1472 2573 1524 in
2608 1471 2786 1526 tabula
2820 1472 3028 1539 depicta
3057 1470 3414 1539 contemplor,
3441 1479 3498 1524 et

1915 1563 2283 1618 obversantur
2318 1566 2455 1619 meis
2486 1562 2680 1618 oculis.
2709 1562 2986 1629 Quomodo
3020 1562 3133 1616 haec
3168 1571 3279 1615 tam
3313 1560 3496 1629 gravia

1915 1663 1971 1709 et
1998 1654 2409 1711 inconsolabilia
2445 1655 2582 1709 mala
2611 1657 2720 1724 pati
2752 1656 2972 1725 potero?
3003 1654 3245 1712 Reddam
3276 1658 3499 1712 omnino

1917 1744 1969 1797 in
2026 1745 2206 1799 sinum
2259 1760 2482 1810 eorum,
2535 1747 2794 1801 memoria
2847 1747 3012 1801 etiam
3069 1755 3264 1803 tenens
3314 1757 3497 1817 patres

1914 1851 2131 1900 eorum,
2169 1838 2259 1907 qui
2302 1837 2602 1893 summenta
2646 1837 2890 1893 fecerunt
2935 1838 2988 1891 in
3034 1840 3308 1893 montibus
3346 1847 3402 1893 et
3438 1836 3494 1891 in

1914 1927 2171 1993 collibus,
2216 1930 2417 1998 quibus
2466 1929 2680 1998 probris
2725 1926 3023 1983 adecerunt
3068 1943 3173 1983 me.
3216 1928 3491 1993 Observa,

1916 2020 2056 2088 quod
2091 2035 2212 2074 cum
2244 2021 2444 2075 dixerit
2474 2020 2595 2074 illos
2619 2017 2827 2074 sumtus
2852 2018 3067 2074 adolere
3098 2017 3151 2073 in
3182 2018 3377 2082 hortis,
3405 2019 3494 2074 hic

214 2110 327 2163 τῶν
382 2111 555 2181 ὀρέων
612 2110 842 2165 καὶτῶν
885 2104 1129 2180 βουνῶν,
1174 2111 1364 2165 ἐνθάδε
1422 2111 1557 2182 φησὶ⁸
1584 2112 1789 2183 κήπους

1924 2114 2065 2168 dicat
2114 2114 2167 2168 iu
2218 2115 2493 2169 montibus
2532 2122 2586 2168 et
2633 2112 2861 2168 collibus
2912 2129 2926 2165 :
2979 2112 3193 2175 hortos,
3229 2112 3489 2174 arbitror,

215 2198 393 2273 οἶμαι,
419 2202 593 2270 λέγων
620 2202 749 2266 τοὺς
774 2204 831 2255 ὲν
849 2202 999 2273 ὄρεσι
1025 2202 1283 2273 δρυμοὺς,
1308 2202 1452 2257 καθὰ
1474 2205 1807 2277 προειρήκα-

220 2308 341 2361 μεν.
365 2286 595 2357 Θύόντες
627 2292 684 2345 δὲ
714 2295 827 2356 τοῖς
866 2293 1199 2362 ἀκαθάρτοις
1250 2294 1519 2364 δαίμοσιν,
1552 2291 1669 2348 εἶτα
1705 2294 1805 2365 τὴν

214 2380 575 2456 ὀῴειλομένην
604 2386 681 2456 τῷ
707 2386 825 2457 Θεῷ
853 2386 1030 2452 δόξαν,
1062 2387 1245 2455 ὀλίγου
1279 2386 1560 2451 παντελῶς
1593 2386 1803 2452 ἀξιοῦν-

212 2490 303 2536 τες
329 2473 509 2543 λόγου,
537 2476 819 2546 μονονουχὶ
852 2477 946 2529 καὶ
968 2476 1240 2541 ὠνείδιζον
1258 2476 1421 2529 αὑτὸν
1446 2477 1522 2539 ὼς
1550 2476 1651 2529 οὐκ
1671 2478 1799 2531 ὄντα

212 2563 365 2616 Θεόν.
398 2565 471 2616 Τὸ
502 2566 607 2636 γὰρ
643 2567 781 2630 ὅλως
808 2570 920 2631 τοῖς
948 2568 1051 2620 οὐκ
1100 2564 1220 2621 οὖσι
1273 2567 1415 2630 θεοῖς
1442 2568 1798 2639 προσκεῖσθαι

213 2652 390 2707 θέλειν
420 2655 570 2708 οὐδὲν
627 2656 814 2728 ἕτερον
847 2657 933 2727 εἴη
966 2657 1053 2720 ἂν,
1094 2657 1231 2727 πλὴν
1264 2658 1345 2710 ὃτι
1378 2657 1477 2728 τὴν
1509 2658 1659 2710 Θείαν
1703 2659 1796 2712 καὶ

212 2745 473 2799 ἀνωτάτω
496 2746 868 2818 περιυϐρίζειν
911 2746 1086 2812 δόξαν.
1135 2766 1153 2799 ι
1205 2747 1493 2800 ’Δποδώσω
1540 2767 1558 2797 ι
1591 2748 1790 2814 τοίνυν,

212 2837 367 2907 φησὶ,
406 2854 424 2887 ι
445 2836 514 2890 τὰ
536 2837 673 2907 ἔργα
707 2838 887 2890 αὐτῶν
915 2840 993 2902 είς
1023 2838 1113 2891 τδν
1139 2838 1338 2892 κόλπον
1362 2837 1543 2892 αὐτῶν
1560 2853 1573 2867 ·
1615 2857 1634 2891 ι
1658 2840 1792 2892 ἀπο-

209 2924 533 2977 πεπτώκασι
560 2927 670 2997 γὰρ
700 2925 904 2994 ἀγαθοῦ
938 2927 1136 2992 παντὸς
1159 2967 1175 2992 ,
1200 2927 1401 2990 δειναῖς
1432 2944 1492 2981 τε
1532 2927 1627 2981 καὶ
1658 2927 1790 2996 ἀφύ-

210 3032 358 3080 κτοις
379 3016 822 3088 ὲνολισθήσαντες
858 3020 1184 3090 συμφοραῖς,
1213 3019 1374 3073 κακοὶ
1392 3018 1579 3083 κακῶς
1600 3018 1786 3073 διολώ-

207 3106 383 3160 λασιν.

272 3198 471 3265 Οὕτως
511 3198 674 3267 λέγει
711 3199 948 3268 Κύριος·
996 3201 1106 3254 Ὃν
1135 3203 1360 3270 τρόπον
1399 3202 1783 3271 εὑρεθήσεται

197 3287 316 3357 ρὰξ
341 3288 505 3354 ἐντῷ
528 3289 769 3358 βότρυτ,
808 3294 907 3345 καὶ
931 3291 1160 3359 έροῦσι’
1184 3292 1281 3361 Μὴ
1304 3293 1546 3363 λυμήνῃ
1568 3295 1777 3363 αὐτὸν,

201 3378 294 3433 ὅτι
326 3381 569 3449 εὐλογία
605 3381 772 3435 ἐστίν
808 3381 879 3435 ἐν
920 3381 1099 3446 αὐτῷ’
1120 3383 1273 3435 οὕτω
1302 3385 1539 3451 ποιήσω
1567 3386 1780 3440 ἕνεκεν

1913 2219 2147 2269 vocans,
2181 2205 2344 2264 silvas
2387 2207 2440 2259 in
2490 2206 2794 2269 montibus,
2828 2203 3279 2275 quemadmodum
3325 2216 3489 2271 supra

1910 2296 2169 2352 diximus.
2204 2296 2586 2353 Sacriﬁcautes
2630 2306 2809 2351 autem
2856 2296 3080 2364 impuris
3121 2292 3481 2355 damonibus,

1910 2387 2104 2443 deinde
2142 2388 2371 2461 gloriam
2408 2387 2518 2443 Deo
2551 2388 2785 2444 debitam
2820 2386 3024 2441 minimi
3061 2384 3342 2448 facientes,
3369 2391 3491 2436 tan-

1908 2489 2019 2533 tum
2051 2494 2156 2535 non
2187 2482 2399 2551 probris
2427 2496 2576 2546 eum,
2600 2480 2822 2551 perinde
2849 2494 2913 2535 ac
2943 2479 2986 2534 si
3019 2478 3160 2533 Deus
3185 2490 3290 2530 non
3318 2480 3487 2537 esset,

1906 2568 2223 2626 aﬂecerunt.
2259 2571 2409 2627 Velle
2444 2572 2588 2627 enim
2631 2574 2683 2625 in
2728 2581 2897 2625 totum
2944 2583 3050 2623 non
3097 2566 3199 2621 diis
3245 2564 3491 2621 adhaere-

1902 2670 2087 2721 scere,
2124 2658 2260 2711 nihil
2300 2659 2443 2712 aliud
2483 2668 2597 2725 est,
2631 2671 2792 2727 quam
2824 2656 3059 2711 divinam
3088 2664 3143 2710 et
3179 2667 3485 2724 supremam

1900 2744 2241 2813 maiestatem
2268 2761 2648 2816 conspurcare.
2675 2765 2695 2799 ι
2728 2745 2969 2801 Reddam
3001 2762 3020 2797 ι
3074 2745 3261 2810 igitur,
3287 2742 3482 2811 inquit,

1903 2856 1922 2887 ι
1971 2850 2133 2906 opera
2174 2852 2362 2893 eorum
2406 2838 2459 2892 in
2504 2837 2683 2893 sinum
2728 2852 2908 2893 suum.
2948 2853 2967 2889 ι
3010 2833 3176 2905 895
3214 2833 3295 2888 Ab
3334 2832 3484 2887 omni

1894 2926 2038 2982 enim
2061 2926 2201 2983 bono
2216 2929 2551 2994 deciderunt,
2583 2928 2862 2999 illapsique
2890 2928 2943 2981 in
2962 2940 3154 2997 graves
3173 2932 3228 2980 et
3255 2922 3484 2980 inevita-
3518 2946 3521 2949 λ

1893 3016 2032 3074 biles
2059 3018 2414 3087 calamitates,
2446 3021 2574 3076 mali
2602 3021 2742 3077 male
2770 3019 3068 3091 perierunt.
3494 3006 3519 3065 iv

1964 3200 2125 3257 Vens.
2151 3201 2207 3269 8,
2239 3202 2294 3260 9.
2332 3201 2421 3259 Sic
2459 3202 2590 3256 dicit
2637 3200 2934 3256 Dominus:
2974 3197 3090 3265 Quo
3122 3196 3278 3251 modo
3339 3195 3483 3250 iure.

1888 3292 2066 3348 nietur
2084 3295 2295 3349 acinum
2319 3295 2373 3349 in
2390 3294 2557 3359 botro,
2571 3302 2620 3349 et
2634 3294 2804 3348 dicent
2827 3307 2842 3339 φ
2870 3290 2954 3347 Ne
2968 3293 3156 3361 perdas
3180 3290 3337 3358 illud,
3355 3293 3481 3362 quia

1889 3383 2180 3439 benedictio
2194 3397 2270 3441 est
2304 3388 2357 3439 in
2383 3402 2444 3440 eo
2465 3401 2485 3440 :
2514 3386 2589 3440 sic
2610 3386 2804 3454 faciam
2835 3395 3045 3453 propter
3063 3400 3179 3439 eum
3202 3384 3291 3455 qui
3323 3386 3481 3439 aen-it

199 3472 307 3526 τοῦ
335 3471 735 3539 ὃουλεύοντός
758 3490 875 3540 μοι.
912 3475 1132 3529 Τούτου
1157 3474 1337 3528 ἕνεκα
1356 3477 1428 3530 οὐ
1451 3477 1539 3546 μὴ
1568 3478 1789 3534 detode-

1895 3474 2044 3539 mihi,
2067 3476 2219 3543 cujus
2268 3492 2433 3530 causa
2463 3491 2563 3529 non
2586 3476 2801 3545 perdam
2836 3491 3033 3531 omnes.
3080 3476 3147 3530 Et
3185 3478 3368 3532 tollam
3413 3495 3480 3533 ea:

197 3578 290 3617 σω
325 3564 580 3629 πάντας.
606 3565 716 3618 Καὶ
748 3563 942 3633 ἐξαρῶ
969 3566 1035 3618 τό
1068 3566 1137 3631 ἐξ
1176 3566 1386 3621 Ἰακὼϐ
1402 3568 1659 3638 σπέρμα,
1687 3571 1788 3625 καί

194 3657 267 3709 τὸ
298 3655 367 3721 ἐξ
404 3655 618 3722 Ἰούδα,
649 3656 745 3709 καί
782 3656 1227 3726 κληρονομήσει
1258 3659 1324 3712 τὸ
1346 3658 1484 3727 ὄρος
1512 3659 1578 3712 τὸ
1614 3659 1789 3730 ἅγιόν

189 3761 336 3813 μου.
375 3744 476 3798 καί
505 3744 1078 3815 κληρονομήσουσιν
1132 3748 1187 3799 oi
1231 3745 1542 3813 ἐκλεκτοί,
1583 3748 1684 3803 καί
1732 3751 1787 3804 οἱ

194 3834 412 3889 δοῦλοί
437 3852 581 3905 μου,
611 3834 711 3889 καὶ
732 3836 1213 3905 κατοικήσουσιν
1244 3836 1385 3892 ἐκεῖ,

282 3924 584 3997 Ἔπηνέχθη
616 3918 725 3997 μὲν
758 3925 1032 3991 Ἰουδαίοις
1075 3927 1144 3981 τὰ
1174 3929 1239 3982 ὲκ
1268 3927 1419 3993 θείας
1455 3929 1625 4001 ὀργῆς
1646 3974 1660 3998 ,
1692 3932 1786 3985 καὶ

199 4014 558 4087 ίσοστάθμους
586 4018 699 4080 τοῖς
732 4016 939 4071 ἑαυτῶν
967 4019 1433 4092 πλημμελήμασιν
1476 4022 1784 4077 ἐκτετίκασι

194 4108 372 4174 δίκας,
399 4108 540 4179 πλὴν
567 4109 669 4162 οὐκ
701 4109 871 4181 ἄρδην
900 4110 1139 4175 ἅπαντες
1172 4153 1187 4179 ,
1224 4114 1319 4166 καὶ
1350 4113 1679 4184 ἀδιακρίτως
1705 4115 1786 4169 δι-

192 4197 446 4254 ολώλασι.
465 4198 683 4264 Δίκαιος
699 4200 806 4273 γὰρ
821 4202 849 4254 ὁ
868 4202 1081 4273 κριτὴς,
1104 4203 1197 4257 κα)⁸
1229 4205 1329 4256 οὐκ
1354 4204 1421 4258 ἂν
1437 4207 1547 4269 τοῖς
1562 4206 1783 4261 ἀσεϐέσι

196 4290 558 4345 συναπολέσαι
585 4293 715 4355 τοὺς
753 4292 992 4361 ἀγαθούς
1012 4309 1025 4321 ³
1045 4294 1227 4348 εἰκόνα
1251 4294 1307 4348 δὲ
1337 4294 1525 4368 ῶσπερ
1552 4300 1783 4350 ποιεῖται

191 4382 477 4455 λαμπρὰν,
493 4384 587 4436 καὶ
610 4386 668 4437 έν
694 4384 847 4451 τάξει
875 4385 1317 4457 παραδείγματος
1333 4388 1546 4459 δέχεται
1565 4388 1780 4459 βότρυν,

196 4475 327 4546 μιᾶς
355 4474 414 4526 έν
445 4472 595 4544 αὐτῷ
636 4473 950 4547 σωζομένης
992 4478 1157 4549 ραγδς
1180 4518 1195 4543 ,
1238 4478 1414 4532 καίτοι
1463 4479 1571 4533 τῶν
1604 4480 1783 4535 ἄλλων

191 4565 682 4636 τεθαυμασμένων
711 4561 829 4619 εἶτα
854 4568 946 4620 τὸν
961 4570 1216 4639 γηπόνον,
1240 4570 1407 4643 ἤγουν
1433 4572 1526 4624 τὸν
1553 4570 1649 4625 τοῦ
1675 4590 1783 4643 χω-

194 4658 314 4728 ρίου
339 4656 606 4727 δεσπότην
636 4657 940 4728 είσκομίςει
968 4658 1195 4727 λέγοντά
1225 4679 1357 4715 τινιο
1398 4680 1417 4714 ι
1449 4664 1541 4734 Μὴ
1566 4663 1783 4737 λυμήνῃ

190 4749 377 4817 αὐτὸν,
410 4750 495 4803 ὅτι
545 4748 764 4817 εὐλογία
811 4750 1051 4825 ἔστὶνρὲν
1080 4751 1263 4821 αὐτῷ·
1293 4754 1435 4808 οὕτω
1475 4758 1701 4826 ποιήσω,
1750 4775 1769 4809 ι

189 4840 377 4911 φησὶν,
430 4862 448 4893 ι
484 4840 673 4894 ἕνεκεν
708 4840 802 4894 τοῦ
853 4840 1197 4907 δουλεύοντάς
1251 4862 1365 4913 μοι,
1426 4864 1443 4897 t
1474 4847 1770 4909 τουτέστιν,

188 4932 696 5005 ἀκριϐείατοσαύτῃ
718 4934 1082 5004 κεχρήσομαι,
1108 4933 1249 4988 ὥστε
1280 4938 1385 4990 κᾶν
1414 4938 1471 4990 ὲν
1493 4939 1643 4991 πόλει
1672 4940 1773 5010 μιᾷ

186 5023 299 5078 τῶν
322 5024 497 5079 ἄλλων
512 5026 766 5080 ἁπάντων
795 5027 1208 5080 ἀπονευσάντων
1226 5030 1305 5092 είς
1322 5029 1382 5082 τὸ
1407 5030 1669 5100 ἐξίτηλον,
1691 5027 1771 5096 εἷς

186 5118 282 5170 καὶ
315 5118 473 5188 μόνος
498 5118 817 5191 εὑρίσκηται
848 5119 1056 5186 πιστὸς,
1091 5122 1183 5173 καὶ
1210 5123 1442 5192 εὐήνιος,
1473 5120 1628 5189 οὗτος
1647 5125 1770 5179 τεύ-

184 5209 338 5274 ξεται
375 5207 609 5277 φειδοῦς,
647 5210 739 5262 καὶ⁵
770 5209 869 5261 οὐκ
898 5206 965 5261 ἂν
1001 5212 1115 5273 τοῖς
1147 5211 1355 5281 ἑτέροις
1390 5215 1768 5281 συγκινδυνεύ-

185 5318 300 5354 σειε
327 5301 448 5356 καθ’
476 5295 550 5356 ὧν
579 5302 645 5356 ἂν
697 5301 765 5355 ῐοι
793 5302 853 5355 τὸ
882 5302 1055 5373 κρίμα
1106 5303 1346 5369 δικαίως.
1387 5326 1406 5358 ι
1448 5308 1522 5360 Οὐ
1552 5308 1659 5378 γὰρ
1687 5308 1762 5380 μὴ

181 5390 434 5443 ἀπολέσω
463 5388 689 5454 πάντας,
727 5410 745 5444 ι
784 5392 937 5463 φησί.
995 5392 1270 5465 Κατέθορε
1316 5396 1425 5467 γὰρ
1449 5396 1638 5468 ῶσπερ
1664 5401 1763 5469 τῆς

193 5480 465 5535 Ἰουδαίων
492 5481 808 5547 ἀλαζονείας
836 5483 864 5535 ὁ
892 5483 987 5535 τοῦ
1018 5484 1225 5555 Κυρίου
1254 5484 1448 5556 θυμὸς,
1480 5491 1763 5559 μονονουχὶ

178 5571 540 5641 καταφλέγων
571 5572 663 5626 τὸν
702 5572 899 5644 ἀπειθῆ
945 5572 1036 5626 καὶ
1065 5572 1402 5644 δυσάγωγον·
1444 5578 1678 5643 ἐσώζετο
1704 5580 1761 5633 δὲ

176 5664 406 5735 προνοίην⁵
425 5664 580 5729 Θεοῦ,
612 5666 719 5728 πᾶς
747 5664 801 5717 εί
820 5681 902 5727 τις
932 5660 1001 5735 ἦν
1037 5666 1097 5718 ἐν
1132 5666 1318 5732 αὐτοῖς
1358 5671 1457 5740 τῆς
1502 5670 1589 5725 διὰ
1628 5673 1763 5744 Χρι-

176 5750 311 5807 στοῦ
339 5756 605 5826 σωτηρίας
630 5754 780 5818 ἄξιος
805 5769 819 5785 θ
859 5755 949 5808 καὶ
997 5755 1131 5821 γοῦν
1161 5758 1189 5811 ὁ
1218 5756 1503 5825 θεσπέσιος
1551 5761 1761 5827 Παῦλος

1891 3564 2057 3619 Jacob
2086 3582 2281 3632 semen,
2309 3578 2357 3621 et
2380 3582 2446 3621 ex
2473 3565 2511 3621 J
2516 3568 2639 3631 uda,
2671 3576 2719 3621 et
2754 3562 3084 3623 hareditabit
3118 3578 3345 3621 montem
3359 3586 3477 3623 san-

1890 3664 2033 3710 ctum
2066 3672 2260 3715 meum.
2305 3656 2372 3711 Et
2401 3657 2785 3713 hatreditabunt
2822 3656 2974 3712 electi
3005 3665 3055 3713 et
3089 3657 3225 3712 serti
3250 3659 3372 3725 mei,
3424 3671 3475 3712 et

1890 3746 2203 3802 habitabant
2230 3748 2325 3803 ibi.

1958 3922 2149 3978 Divina
2178 3923 2256 3979 ira
2275 3923 2473 3981 Judaeis
2490 3924 2686 3981 inﬂicta
2708 3934 2812 3993 est,
2843 3936 2899 3982 et
2915 3926 3104 3998 dignas
3129 3943 3226 3999 pro
3259 3928 3469 3985 ratione

1887 4012 2206 4071 delictorum
2237 4030 2428 4085 paruas
2456 4017 2742 4073 dederunt.
2805 4018 3008 4074 Verum
3070 4035 3177 4074 non
3224 4018 3470 4076 funditus

1885 4119 2078 4162 omnes
2102 4116 2159 4162 et
2192 4108 2311 4164 sine
2360 4109 2672 4165 discrimine
2726 4112 3025 4181 perierunt.
3084 4110 3271 4167 Justus
3318 4114 3461 4167 enim

1878 4195 2044 4264 judex
2074 4207 2178 4266 est,
2213 4216 2313 4256 nec
2340 4215 2463 4256 cum
2496 4202 2677 4272 impiis
2707 4203 2868 4258 simul
2904 4204 3295 4273 perdetbouos.
3339 4204 3464 4259 Illu-

1883 4300 2053 4345 strem
2096 4300 2275 4347 autem
2341 4293 2561 4350 adhibet
2587 4295 2741 4365 quasi
2782 4295 3095 4366 imaginem,
3121 4305 3177 4350 et
3229 4296 3461 4365 exempli

1884 4378 2003 4435 loco
2032 4382 2197 4437 sumit
2255 4382 2493 4450 botrum,
2530 4398 2639 4439 uno
2696 4385 2853 4440 acino
2909 4396 3148 4451 servato,
3202 4386 3285 4441 vel
3340 4385 3462 4440 aliis

1883 4471 2381 4530 admirabilioribus
2424 4485 2480 4530 et
2529 4475 2934 4546 insignioribus.
2992 4475 3198 4531 Deinde
3247 4474 3461 4547 agrico-

1883 4562 2011 4629 lam,
2044 4563 2125 4639 vel
2149 4563 2424 4619 dominum
2453 4564 2639 4635 praedii
2672 4564 2877 4620 inducit
2902 4564 3168 4620 dicentem
3196 4566 3407 4620 cuidam
3441 4583 3457 4621 :

1888 4672 1908 4707 ι
1950 4653 2027 4711 Ne
2068 4657 2261 4725 perdas
2299 4670 2443 4721 eum,
2494 4656 2622 4727 quia
2660 4656 2962 4712 benedictio
2991 4666 3076 4712 est
3111 4656 3163 4710 in
3194 4670 3260 4712 eo
3296 4676 3309 4713 :
3379 4657 3460 4714 sic

1882 4746 2096 4814 iaciam,
2141 4766 2159 4799 ι
2198 4748 2390 4818 inquit,
2429 4768 2450 4802 ι
2488 4759 2709 4820 prapter
2757 4762 2882 4804 eum
2912 4749 3005 4819 qui
3050 4750 3219 4805 servit
3246 4749 3401 4814 mihi,
3433 4767 3453 4801 ι

1881 4840 1933 4894 id
1966 4850 2071 4903 est,
2111 4839 2246 4894 adeo
2274 4841 2500 4910 praecise
2524 4856 2703 4911 agam,
2742 4849 2800 4896 ut
2823 4842 3035 4895 etiamsi
3068 4840 3120 4894 iu
3169 4856 3273 4896 una
3324 4840 3457 4895 civi-

1882 4940 1990 4986 tate
2014 4933 2104 4986 alii
2138 4946 2325 4987 omnes
2356 4933 2423 4986 ad
2503 4932 2770 5000 ignaviam
2833 4933 3121 4995 declinent,
3177 4932 3224 4986 si
3275 4940 3453 4987 tamen

1879 5037 2022 5078 unus
2048 5024 2193 5079 solus
2232 5024 2540 5078 inveniatur
2569 5024 2743 5079 iidelis
2778 5032 2833 5079 et
2862 5037 3063 5093 sequax
3090 5064 3105 5089 ,
3173 5022 3261 5078 hic
3316 5038 3453 5078 con-

1876 5127 2144 5184 sequetur
2182 5117 2644 5181 miscricordiam,
2690 5124 2745 5171 et
2787 5131 2910 5172 cum
2959 5114 3079 5170 aliis
3132 5116 3186 5170 in
3242 5114 3455 5184 pericu-

1876 5207 1986 5261 lum
2036 5222 2141 5262 non
2176 5209 2479 5272 vocabitur,
2531 5207 2728 5277 quibus
2779 5205 2926 5274 juste
2959 5206 3256 5260 intentatur
3307 5202 3453 5271 judi-

1826 5292 1827 5295 “
1873 5299 2040 5353 cium.
2092 5317 2110 5349 ι
2139 5297 2255 5354 Non
2284 5300 2428 5354 enim
2461 5300 2679 5368 perdam
2710 5313 2920 5364 omnes,
2957 5316 2976 5348 ι
3029 5298 3221 5367 inquit.
3255 5295 3453 5351 lnsiliit

1870 5393 2014 5446 enim
2051 5391 2213 5445 veluti
2247 5400 2437 5447 contra
2477 5390 2783 5446 .ludmorum
2808 5390 3176 5462 arrogantiam
3230 5387 3447 5443 Domini

1869 5483 2041 5549 furor,
2079 5466 2286 5539 tantum
2339 5498 2444 5539 non
2470 5486 2794 5539 comburens
2828 5483 3222 5539 inobedientem
3252 5491 3309 5537 et
3359 5497 3463 5569 re:

1868 5577 2208 5632 fractarium.
2238 5576 2307 5631 At
2335 5576 2673 5647 providentia
2711 5576 2806 5630 Dei
2850 5586 3096 5631 servatus
3147 5581 3250 5639 cst,
3288 5572 3461 5653 quisa

1868 5669 1991 5738 quis
2021 5670 2162 5725 inter
2190 5670 2312 5725 illos
2339 5680 2456 5727 erat
2504 5670 2678 5725 salute
2738 5684 2837 5740 per
2891 5668 3167 5723 Christum
3219 5664 3463 5733 diguus.’

1867 5759 2133 5819 Nimirum
2163 5763 2375 5821 divinus
2415 5762 2611 5822 Paulus
2651 5774 2926 5836 capturam
2978 5759 3273 5818 secundum
3331 5750 3465 5821 οπο-ί
