4090 6216
553 335 688 392 1411

1571 319 1629 374 S.
1673 311 1952 372 CYRILLI
1993 302 2468 366 ALEXANDBINI
2507 301 2830 358 Λιιιιυιιῑν.

3670 299 3732 356 ﬂ
3744 301 3814 355 l9.

545 451 783 506 ctionem
848 445 1039 517 gratim
1124 446 1317 496 tactam
1383 437 1552 492 luisse
1579 433 1732 497 dicit,
1785 440 1842 486 et
1915 428 2125 485 delectu

2241 418 2424 490 λῆμμα
2480 418 2600 471 κατ’
2662 415 2896 482 ἐκλογὴν
2943 411 3164 482 χάριτος
3217 410 3470 478 γενέσθαι
3525 412 3664 482 φησὶ
3721 414 3818 466 καὶ

545 540 694 595 velut
719 553 787 592 es
823 502 973 591 oinni
1043 533 1353 588 Iudaeorum
1379 528 1599 598 regione
1627 524 1839 586 habito,
1867 519 2124 588 reliquias

2241 510 2584 580 ὶπολογὰδην,
2615 508 2803 576 ὥσπερ
2835 505 2894 568 ἐξ
2921 503 3138 573 ἀπάσης
3181 503 3279 573 τῆς
3327 502 3594 556 Ἰουδαίων
3633 503 3818 574 χώρας

547 629 762 686 lsraelis
797 628 864 681 ad
904 625 1063 679 fidem
1087 622 1324 677 irretitas
1353 630 1406 675 el
1435 619 1757 688 illaqueatas
1779 615 1845 668 ⁸³.
1908 630 1927 664 ι
1952 610 2072 664 Non
2098 628 2116 660 ι

544 733 697 790 ergo,
729 717 922 785 inquit,
949 733 971 767 ο
1005 714 1222 784 perdam
1263 725 1479 777 omnes,
1510 709 1606 765 sed
1636 707 1817 762 tollam
1851 719 1916 758 ex
1956 701 2123 758 Iacob

544 823 730 866 semen
765 816 820 863 et
846 820 914 860 ex
940 807 1100 861 Juda.
1135 823 1154 858 ι
1186 823 1204 856 ι
1234 803 1462 867 Tollam,
1491 820 1511 853 ι
1550 801 1638 855 hic
1670 797 1960 866 intelliges,
1993 809 2123 859 non,

545 901 811 963 Perdam;
871 898 968 954 sed
1010 895 1284 952 excelsum
1316 903 1373 950 et
1423 891 1826 961 suscipiendum
1879 887 2122 944 reddam.

545 993 761 1047 Tollere
842 1003 1078 1059 namque
1131 987 1404 1044 interdum
1470 992 1574 1050 est,
1644 983 1899 1038 evehere.
1966 975 2127 1032 Tales

547 1083 898 1145 exstiterunt,
929 1081 1106 1150 quoad
1137 1078 1388 1150 gloriam,
1417 1071 1842 1146 inquam,divini
1871 1067 2125 1139 discipuli

545 1175 803 1232 sublimes
833 1183 888 1228 et
915 1173 1239 1242 spectabiles
1293 1171 1544 1226 omnibus
1590 1168 1838 1230 ubilibet,
1903 1175 1959 1218 et
2008 1175 2128 1217 tan-

545 1282 710 1339 quam
749 1266 940 1321 civitas
986 1266 1040 1320 in
1078 1273 1263 1318 monte
1294 1263 1421 1326 sita,
1452 1270 1509 1317 ct
1555 1261 1773 1314 lucerna
1805 1270 1969 1326 super
1999 1271 2128 1310 can-

547 1357 768 1413 delabro
797 1357 992 1427 posita,
1029 1371 1094 1411 ac
1143 1355 1332 1409 lucens
1391 1351 1643 1407 omnibus
1699 1350 1792 1419 qui
1841 1350 1894 1402 in
1967 1347 2129 1402 domo

547 1459 675 1506 sunt
705 1450 775 1513 “,
809 1449 1106 1504 secundum
1153 1447 1326 1517 ipsius
1365 1459 1556 1500 vocem
1623 1440 1950 1497 Servatoris.
2017 1437 2131 1522 Hoc

548 1542 713 1612 igitur
748 1549 836 1596 est
862 1554 1048 1596 semen
1075 1553 1139 1595 ex
1172 1537 1340 1594 Iacob
1386 1545 1443 1592 et
1493 1535 1650 1590 Juda.
1681 1532 1852 1604 896
1889 1549 1909 1584 ι
1949 1529 2129 1586 Possi-

549 1629 718 1692 debit,
753 1628 947 1698 inquit,
1009 1635 1248 1682 montem
1304 1632 1550 1681 sanctum
1619 1637 1820 1686 nteutn,
1843 1638 1863 1673 ι
1939 1633 2130 1688 nempe

551 1719 870 1775 Ecclesiam.
921 1718 1013 1773 Sic
1063 1718 1206 1774 enim
1233 1731 1355 1770 eam
1388 1715 1642 1784 designat
1671 1712 1801 1768 alibi
1869 1711 1983 1779 ipse
2034 1724 2128 1765 sa-

2227 599 2629 672 σαγηνευθῆναι
2682 597 2820 668 πρὸς
2859 595 3044 646 πίστιν
3076 593 3138 644 τδ
3174 592 3532 664 κατάλειμμα
3577 593 3678 646 τοῦ
3718 594 3819 650 Ἰσ-

2227 694 2386 764 ραήλ.
2437 713 2456 744 ι
2499 689 2710 746 Οὐκοῦν
2757 688 2820 742 ού
2859 687 2936 758 μὴ
2971 684 3224 740 ἀπολέσω
3285 686 3518 748 πάντας,
3561 704 3579 737 ι
3629 689 3821 756 φησὶν,

2229 803 2249 837 ι
2279 784 2394 838 ἀλλ’
2422 781 2694 853 ἐξαρῶητὺ
2721 779 2782 845 ἐξ
2816 776 3012 833 Ἰακὼό
3037 776 3282 848 σπέρμα,
3303 776 3478 829 καὶτὸ
3500 776 3562 840 ἐξ
3586 777 3784 830 Ἰούδα.
3802 798 3823 830 ι

2224 876 2298 930 Τὸ
2329 875 2387 929 δὲ
2415 892 2437 927 t
2489 872 2693 945 ἐξαρῶ,
2731 890 2750 923 ι
2800 870 3056 940 συνήσεις
3088 865 3349 931 ἐνταῦθα,
3371 866 3433 918 οὐ
3459 867 3518 919 τὸ
3566 868 3828 921 ἀπολέσω

2229 967 2453 1039 μᾶλλον,
2480 963 2682 1034 ὑψηλὸν
2715 962 2772 1015 δὲ
2806 961 2904 1016 καὶ
2929 958 3270 1014 ἀπόϐλεπτον
3289 957 3552 1026 ἀποφανῶ
3572 975 3585 989 ε
3620 957 3688 1010 τὸ
3712 960 3829 1028 γὰρ

2228 1057 2466 1129 ἐξαίρειν
2485 1053 2595 1108 ἔσθ’
2619 1055 2708 1108 ὅτε
2736 1053 2798 1107 τδ
2827 1050 2993 1122 ὑψοῦν
3027 1053 3166 1105 ἐστι.
3197 1050 3460 1117 Γεγόνασι
3477 1049 3534 1103 δέ
3554 1049 3826 1114 τοιοῦτοι,

2229 1149 2370 1204 κατά
2406 1164 2471 1216 γε
2500 1146 2644 1216 φημὶ
2659 1145 2757 1215 τὴν
2786 1142 2968 1210 δόξαν,
2995 1143 3046 1196 οί
3069 1139 3345 1196 θεσπέσιοι
3367 1140 3602 1212 μαθηταὶ
3622 1143 3830 1214 ὑψηλοὶ

2229 1242 2325 1296 καὶ
2353 1239 2638 1310 περίοπτοι
2669 1237 2782 1300 τοῖς
2806 1232 3141 1304 ἁπανταχοῦ,
3175 1233 3271 1287 καὶ
3301 1227 3392 1286 οἷα
3431 1232 3587 1296 πόλις
3617 1235 3675 1287 ἐν
3700 1235 3826 1306 δρει

2230 1329 2483 1402 κειμένη,
2505 1328 2601 1382 καὶ
2619 1325 2810 1398 λύχνος
2831 1326 2923 1379 ἐπὶ
2941 1325 3163 1396 λυχνίαν
3203 1324 3474 1394 κείμενος,
3493 1324 3590 1378 καὶ
3612 1328 3826 1394 φαίνων

2246 1422 2380 1474 πᾶσι
2404 1419 2514 1482 τοῖς
2550 1419 2609 1470 ἐν
2633 1418 2700 1488 τῇ
2725 1415 2873 1486 οίκίᾳ
2913 1413 3056 1468 κατά
3086 1414 3188 1485 τὴν
3230 1412 3398 1467 αὑτοῦ
3424 1412 3520 1466 τοῦ
3568 1415 3828 1486 Σωτῆρος

2231 1509 2437 1580 φωνήν.
2466 1507 2640 1561 Τοῦτο
2679 1505 2745 1577 δὴ
2789 1499 2883 1558 οῦν
2929 1505 2994 1559 τὸ
3036 1503 3096 1568 ἐξ
3157 1502 3386 1568 Ἰακὼϐ,
3423 1505 3518 1558 καὶ
3543 1504 3603 1571 ἐξ
3649 1505 3826 1558 Ἰούδα

2233 1599 2483 1670 σπέρμαο
2523 1617 2542 1649 t
2584 1596 3022 1669 κληρονομήσει,
3054 1615 3072 1647 ι
3112 1595 3270 1665 φησὶ,
3301 1612 3320 1647 t
3351 1594 3415 1648 τὸ
3433 1595 3558 1666 ὅρος
3589 1595 3651 1648 τὸ
3665 1595 3826 1664 ἆγιόν

2235 1708 2340 1762 μου
2365 1707 2380 1720 ’
2423 1709 2444 1742 ι
2473 1689 2632 1762 δῆλον
2670 1688 2727 1741 δὲ
2754 1689 2838 1742 ὅτι
2877 1687 2977 1756 τὴν
3023 1686 3372 1757 Ἐκκλησίαν.
3405 1683 3564 1740 Οῦτω
3584 1687 3694 1758 γὰρ
3725 1687 3826 1740 αὺ-

551 1809 919 1878 pientissimus
947 1809 1112 1866 Isaias
1135 1849 1151 1873 ,
1182 1807 1409 1875 loquens
1447 1777 1538 1860 de.
1564 1803 1770 1860 vocatis
1821 1777 1915 1872 per
1977 1799 2136 1856 tidem

2241 1782 2338 1856 τὴν
2382 1781 2476 1836 καὶ
2508 1779 2734 1853 ἑτέρωθί
2795 1796 2899 1832 που
2949 1778 3348 1849 κατασημαίνει
3395 1777 3570 1848 λέγων
3604 1780 3771 1843 αὐτὸς
3798 1783 3826 1834 ὁ

553 1901 607 1954 in
651 1900 868 1955 Christo
897 1901 964 1954 ad
997 1899 1192 1954 divinae
1245 1898 1363 1967 ejus
1394 1908 1600 1952 naturae
1663 1894 2130 1967 participationem

550 1988 667 2048 sive
720 1990 1198 2046 communionem:
1253 2008 1272 2042 ι
1309 1987 1449 2054 Quia
1505 1987 1694 2042 bibent
1760 1985 2023 2050 laetitiam,
2077 1991 2132 2038 et

554 2082 743 2138 bibent
787 2082 993 2144 vinum,
1048 2088 1248 2151 ungent
1297 2086 1567 2149 unguento
1599 2077 1654 2134 in
1702 2083 1885 2132 monte
1945 2074 2067 2129 isto.
2107 2092 2126 2126 ι

553 2175 731 2230 'l‘rsde
754 2175 870 2230 haec
899 2174 1080 2229 omnia
1105 2173 1374 2244 gentibus.
1409 2172 1702 2227 Decretum
1725 2169 1872 2224 enim
1915 2168 2020 2223 hoc
2064 2167 2133 2223 ad

551 2278 744 2320 omnes
766 2273 957 2335 gentes
977 2263 1233 2334 pertinet.
1271 2260 1329 2316 lu
1359 2270 1546 2317 monte
1576 2255 1740 2330 igitur
1774 2258 1901 2322 isto,
1933 2255 2130 2326 inquit,

555 2353 844 2408 hereditas
867 2352 974 2408 erit
1005 2353 1143 2408 meis
1173 2351 1382 2416 electis,
1412 2359 1470 2406 et
1547 2349 1690 2404 inter
1747 2346 1870 2402 illos
1921 2344 2133 2400 habita-

555 2443 692 2500 bunt
717 2457 931 2507 omnes,
957 2443 1268 2512 quicunque
1298 2441 1449 2512 regni
1499 2440 1606 2495 mei
1648 2439 1842 2510 jugum
1875 2437 2131 2493 subeunt.

556 2527 701 2585 Nihil
731 2531 948 2584 absurdi
982 2531 1108 2595 erit,
1151 2532 1198 2584 si
1233 2531 1384 2586 dicas
1466 2543 1776 2600 supremam
1855 2526 2132 2582 civitatem

557 2619 832 2680 cmlestent
888 2616 1209 2682 Jerusalem,
1272 2625 1511 2672 montem
1596 2615 1866 2671 nominari
1918 2615 1974 2671 in
2027 2629 2134 2684 quo

556 2719 868 2765 sanctorum
907 2721 1029 2764 sors
1069 2716 1152 2762 est
1174 2707 1220 2739 ⁵⁸
1242 2748 1258 2772 ,
1290 2707 1397 2762 Deo
1425 2704 1528 2761 illis
1547 2704 1903 2761 distribuente
1969 2705 2132 2768 bona,

557 2815 678 2870 quae
710 2814 810 2856 nec
837 2813 1012 2864 meus,
1037 2814 1138 2856 nec
1172 2799 1349 2854 oratio
1378 2807 1560 2870 potest
1591 2811 1807 2869 capere.
1835 2815 1857 2851 ι
1883 2796 2084 2855 Oculus
2111 2814 2129 2846 ι

557 2891 725 2958 enim,
759 2892 954 2962 inquit,
989 2910 1008 2945 ι
1050 2906 1156 2947 non
1187 2892 1343 2960 vidit,
1410 2901 1466 2950 et
1523 2893 1676 2948 auris
1735 2907 1844 2948 non
1906 2891 2132 2962 audivit,

2238 1878 2514 1945 πάνσοφος
2544 1872 2774 1936 Ἡσαΐας
2799 1871 2929 1942 περὶ
2953 1870 3062 1923 τῶν
3095 1869 3185 1924 διὰ
3208 1870 3444 1934 πίστεως
3478 1870 3576 1942 τῆς
3599 1873 3657 1924 ἐν
3684 1872 3824 1942 Χριο

2239 1966 2350 2037 στῷ
2383 1965 2737 2036 κεκλημένων
2779 1964 2860 2027 είς
2886 1961 3122 2034 μέθεξιν,
3158 1963 3324 2033 ἡγουν
3383 1964 3480 2017 καὶ
3531 1965 3820 2019 κοινωνίαν

2237 2058 2334 2128 τῆς
2354 2057 2506 2119 θείας
2527 2053 2692 2111 αὐτοῦ
2713 2052 2928 2126 φύσεως
2948 2069 2962 2083 ·
2992 2073 3011 2105 ι
3067 2053 3190 2108 Ὅτι
3213 2054 3443 2109 πίωνται
3459 2055 3821 2127 εὐφροσύνην,

2239 2148 2334 2201 καὶ
2352 2146 2585 2200 πίωνται
2605 2139 2770 2212 οἶνον,
2789 2143 3069 2214 χρίσονται
3092 2143 3264 2216 μύρον
3282 2145 3342 2198 ἐν
3367 2143 3446 2215 τῷ
3460 2145 3573 2214 ὄρει
3589 2145 3782 2218 τούτῳ.
3798 2163 3818 2197 ι

2239 2236 2488 2308 Παράδος
2543 2234 2720 2290 ταῦτα
2745 2235 2922 2288 πάντα
2950 2236 3066 2298 τοῖς
3116 2234 3350 2290 ἔθνεσιν.
3400 2235 3467 2289 Ἦ
3505 2236 3617 2308 γὰρ
3659 2235 3823 2306 βουλὴ

2238 2327 2378 2400 αῦτη
2402 2327 2495 2381 ἐπὶ
2529 2327 2707 2382 πάντα
2743 2327 2812 2381 τὰ
2835 2325 2988 2398 ἔθνη.
3035 2327 3125 2380 Ἐν
3150 2325 3327 2398 τούτῳ
3357 2326 3422 2397 δὴ
3452 2321 3545 2400 οὖν
3579 2326 3657 2397 τῷ
3681 2326 3820 2397 ὄρει,

2240 2419 2395 2490 φησὶ,
2429 2418 2629 2489 κλῆρος
2657 2417 2812 2470 ἔσται
2844 2418 2956 2481 τοίς
2997 2417 3152 2488 ἐμοῖς
3189 2417 3485 2480 ἐκλεκτοῖς,
3511 2418 3604 2470 καὶ
3625 2418 3686 2469 ἐν
3718 2417 3822 2468 αύι

2238 2511 2352 2574 τοῖς
2379 2510 2762 2580 κατοικήσουσι
2821 2509 3024 2572 πάντες
3043 2547 3061 2573 ,
3091 2509 3206 2562 ὅσοι
3249 2508 3339 2562 τὸν
3365 2507 3467 2578 τῆς
3493 2508 3631 2577 ἐμῆς
3659 2505 3822 2576 βασι-

2240 2602 2389 2667 λείας
2423 2600 2783 2673 ὑποτρέχουσι
2812 2600 3011 2668 ζυγόνο
3049 2600 3110 2654 τὸ
3150 2600 3205 2653 δὲ
3249 2599 3476 2661 ἀπεικὸς
3509 2597 3688 2664 οὐδὲν,
3723 2598 3823 2650 καὶ

2239 2694 2340 2765 τὴν
2366 2695 2478 2750 ἀνω
2509 2693 2662 2747 πόλιν
2697 2692 2798 2763 τὴν
2830 2692 3139 2764 ἐπουράνιον
3170 2689 3529 2764 Ἰερουσαλὴμ
3551 2689 3680 2760 ὅρος
3701 2691 3820 2744 bvo-

2243 2785 2512 2856 μάςεσθαι
2549 2785 2750 2854 λέγειν,
2784 2787 2843 2840 ἐν
2866 2779 2911 2854 ᾧ
2938 2787 3044 2840 τῶν
3065 2786 3233 2855 ἁγίων
3252 2787 3282 2838 ὀ
3311 2783 3517 2854 κλῆρος
3549 2783 3821 2854 διανέμονο

2241 2895 2332 2946 τος
2385 2877 2522 2931 Θεοῦ
2573 2878 2643 2931 τὰ
2691 2877 2832 2949 ὑπὲρ
2865 2877 2991 2932 νοῦν
3054 2877 3150 2932 καὶ
3189 2876 3347 2945 λόγον
3399 2875 3584 2960 αὐτοῖς
3624 2874 3816 2943 ἀγαθά.

558 2989 614 3036 et
635 2981 689 3035 iu
727 2961 1092 3037 corihominis
1127 2996 1238 3038 non
1267 2981 1534 3048 ascendit,
1565 2997 1685 3053 qua:
1733 2980 1946 3052 paravit
1994 2980 2137 3036 Deus

2247 2988 2266 3022 ι
2301 2967 2605 3038 Ὀφθαλμὺς
2626 2987 2644 3019 ι
2679 2969 2788 3040 γὰρ
2816 3008 2832 3034 ,
2868 2970 3036 3042 φησὶν
3058 3008 3074 3035 ,
3116 2987 3136 3021 ι
3171 2968 3274 3022 οὐκ
3311 2963 3442 3032 εἶδε,
3469 2968 3566 3021 καὶ
3597 2961 3688 3031 οῦς
3717 2967 3819 3020 οὐκ

559 3071 907 3141 diligentibus
936 3087 996 3128 se
1025 3072 1091 3127 ⁸⁸.
1125 3090 1144 3123 ι

632 3247 799 3302 Vsus.
841 3247 928 3302 10.
953 3247 1018 3301 Et
1045 3258 1198 3302 erunt
1266 3251 1322 3302 in
1384 3249 1525 3304 saltu
1595 3249 1752 3305 ovilia
1808 3266 2046 3322 gregum,
2093 3261 2143 3306 et

563 3338 762 3400 Achar,
790 3338 844 3390 in
881 3337 1159 3406 requietem
1203 3349 1560 3394 armentorum
1604 3339 1798 3412 populo
1860 3357 1998 3408 meo,
2053 3343 2142 3412 qui

558 3425 801 3496 quaesivit
861 3440 961 3480 me.

635 3517 892 3572 Solemue
920 3524 1006 3572 est
1033 3515 1326 3585 Scriptum
1367 3518 1630 3578 divinitus
1663 3521 1966 3593 inspirataa,
2004 3538 2142 3579 non-

561 3623 838 3678 nunquam
885 3608 1040 3664 silvis
1088 3609 1436 3678 spississimis
1464 3620 1518 3668 et
1543 3611 1768 3670 ﬂoribus
1797 3615 1980 3672 densis
2043 3630 2140 3685 po-

561 3699 776 3769 pulosas
811 3698 971 3753 urbes
995 3705 1051 3752 et
1080 3698 1326 3768 regiones
1352 3714 1688 3770 comparare.
1723 3700 1859 3758 Nam
1924 3704 2144 3775 quidam

560 3803 594 3844 e
627 3789 834 3845 sanctis
869 3789 1147 3858 prophetis
1184 3789 1339 3856 dixit,
1364 3789 1512 3845 velut
1536 3792 1604 3846 ad
1653 3789 1965 3848 Judaaorum
2032 3809 2146 3847 ma-

565 3889 726 3942 trem,
763 3877 1085 3942 Jerusalem,
1112 3880 1371 3952 inquam:
1425 3900 1445 3934 (
1477 3883 1665 3952 Aperi,
1706 3883 1930 3951 Libane,
1997 3883 2145 3941 fores

565 3978 706 4034 tuas,
730 3980 785 4025 et
817 3971 1037 4025 devoret
1072 3970 1210 4041 ignis
1241 3975 1437 4028 ceclros
1467 3983 1608 4028 tuas.
1649 3972 1884 4039 Ululate,
1906 3988 2147 4044 quercus

561 4057 762 4126 Basan,
801 4059 928 4129 quia
964 4060 1214 4115 succisus
1245 4068 1329 4117 est
1374 4061 1546 4119 saltus
1579 4064 1822 4122 consitus
1857 4065 1926 4119 δ’.
1963 4083 1984 4116 ι
2039 4065 2146 4121 Ne-

562 4165 651 4204 mo
679 4160 860 4206 autem
895 4151 1094 4206 dixerit
1144 4152 1338 4224 jubere
1399 4154 1547 4210 illum
1599 4156 1759 4226 pinus
1813 4166 1870 4212 et
1913 4171 2146 4227 quercus

561 4238 792 4307 plorare,
824 4249 904 4294 est
932 4241 1077 4296 enim
1109 4242 1162 4298 id
1191 4242 1348 4312 plane
1414 4245 1688 4314 ineptum;
1742 4247 1861 4314 sed,
1900 4257 1959 4304 ut
2011 4249 2144 4316 dixi,

2242 3062 2466 3134 ἤκουσε,
2524 3062 2618 3114 καὶ
2666 3061 2761 3113 ἐπὶ
2808 3061 3036 3132 καρδίαν
3089 3058 3379 3130 ἀνθρώπου
3408 3059 3511 3111 οὐκ
3565 3056 3754 3127 ἀνέϐη,
3782 3057 3819 3112 ἀ

2244 3151 2541 3222 ἡτοίμασεν
2568 3153 2596 3205 ὁ
2623 3150 2756 3214 Θεὸς
2779 3152 2891 3215 τοῖς
2915 3149 3205 3218 ἀγαπῶσιν
3228 3145 3408 3202 αὐτόν.
3445 3165 3466 3199 ο

2314 3241 2426 3296 Kal
2445 3243 2688 3296 ἔσονται
2725 3241 2796 3296 ἐν
2846 3241 2933 3306 τῷ,
2954 3239 3161 3309 δρυμῷ
3193 3241 3473 3304 ἐπαύλεις
3510 3236 3820 3306 ποιμνίων,

2250 3330 2346 3385 καὶ
2373 3329 2610 3401 φάραγξ
2647 3330 2836 3401 ’ᾼχὼρ
2861 3332 2949 3398 εις
2995 3330 3346 3385 ἀνάπαυσιν
3367 3326 3709 3393 ,Βουκολίων
3743 3324 3824 3392 τῷ

2243 3421 2371 3489 λαῷ
2400 3441 2536 3492 μου,
2556 3425 2614 3479 οἳ
2636 3421 2934 3491 ἐζήτησάν
2958 3439 3055 3493 με.

2320 3510 2482 3574 Ἔθος
2501 3513 2569 3582 τῇ
2597 3510 2941 3582 θεοπνεύστῳ
2971 3513 3159 3585 Γραφῇ
3205 3510 3432 3582 δρυμοῖς
3469 3507 3822 3580 παρεικάζειν

2245 3601 2697 3673 εύδενδροτὰτοις,
2727 3602 2823 3658 καὶ
2853 3602 3043 3657 ἄνθεσι
3074 3605 3186 3666 τοῖς
3224 3600 3412 3655 δασέσι
3443 3601 3542 3664 τὰς
3592 3601 3824 3655 πολυαν-

2244 3693 2474 3764 δρούσας
2503 3693 2705 3758 πόλεις,
2735 3694 2768 3765 ἢ
2803 3693 2986 3766 χώρας
3014 3693 3126 3747 ἔσθ’
3155 3694 3269 3758 ὅτε,
3311 3692 3409 3746 καὶ
3447 3691 3580 3762 γοῦν
3609 3691 3713 3763 ἔφη
3741 3708 3823 3755 τις

2245 3786 2355 3842 τῶν
2398 3785 2570 3855 ἁγίων
2603 3785 2902 3857 προφητῶν
2924 3826 2940 3850 ,
2993 3786 3070 3852 ὡς
3113 3786 3254 3858 πρὸς
3282 3785 3384 3857 τὴν
3403 3784 3516 3839 τῶν
3558 3784 3824 3838 Ἰουδαίων

2250 3879 2484 3950 μητέρα,
2540 3879 2684 3950 φημὶ
2718 3879 2784 3950 δὴ
2806 3879 2906 3949 τὴν
2966 3879 3329 3952 Ἰερουσαλήμ
3350 3895 3366 3910 ο
3421 3897 3441 3931 t
3470 3878 3768 3943 Διάνοιξον,
3798 3878 3826 3930 ὁ

2246 3969 2504 4034 Λίϐανος,
2531 3968 2631 4033 τάς
2680 3969 2848 4042 θύρας
2883 3987 3000 4039 σου,
3033 3971 3129 4026 καὶ
3164 3971 3530 4041 καταφαγέτω
3577 3969 3695 4040 πῦρ
3733 3968 3829 4030 τὰς

2248 4062 2471 4134 κέδρους
2517 4080 2612 4116 σου
2637 4078 2651 4091 '
2684 4062 2992 4130 ὀλολύξατε,
3022 4063 3182 4135 δρῦες
3209 4064 3310 4136 τῆς
3349 4062 3715 4128 Βασανίτιὸος,
3746 4063 3832 4115 δτι

2249 4151 2603 4223 κατεσπάσθη
2636 4153 2666 4204 ὁ
2691 4151 2943 4224 δρυμὸςὸ
2983 4153 3287 4225 σύμφυτος.
3337 4175 3357 4208 ι
3395 4156 3506 4209 Καὶ
3528 4153 3588 4207 ού
3616 4153 3685 4223 δή
3722 4169 3832 4206 που

2251 4244 2386 4316 φαίη
2413 4261 2498 4308 τις
2533 4244 2621 4308 ἂν,
2650 4243 2726 4309 ὡς
2751 4245 2937 4300 πίτυσί
2962 4263 3022 4299 τε
3056 4247 3151 4301 καὶ
3190 4247 3376 4318 μέντοι
3413 4247 3597 4319 δρυσὶν
3641 4245 3837 4299 ὀλολύ-

562 4329 868 4386 assimilare
914 4331 1168 4403 dignatur
1213 4333 1378 4406 lignis
1456 4336 1904 4394 innumerabilem
1951 4355 2137 4396 eorum

2245 4334 2361 4400 ζειν
2381 4335 2704 4392 ἐντέλλεται·
2747 4337 2940 4409 κομιδῇ
2976 4337 3086 4409 γὰρ
3124 4337 3317 4411 εὔηθες
3362 4339 3424 4393 τὸ
3453 4338 3651 4410 χρῆμά
3695 4339 3833 4391 ἐστι·

561 4420 742 4490 quiin
774 4421 999 4479 urbibus
1050 4433 1180 4479 sunt
1237 4436 1293 4480 et
1340 4426 1651 4496 regionibus
1719 4429 2142 4489 multitudinem.

565 4507 852 4565 Ulularuut
888 4522 1069 4568 autem
1101 4511 1295 4580 Judaei,
1341 4530 1466 4572 cum
1497 4517 1733 4573 hostium
1763 4519 1956 4590 gladiis
2009 4524 2143 4580 sub-

560 4600 884 4670 jicereutur,
934 4613 1157 4675 propter
1195 4607 1529 4678 impietatem
1577 4610 1632 4664 in
1656 4609 1956 4670 Christum.
1989 4613 2144 4672 Psal-

567 4690 734 4760 litque
759 4692 974 4750 divinus
999 4695 1187 4761 David,
1220 4707 1408 4769 utpote
1444 4701 1760 4771 apparituro
1811 4720 1935 4761 mox
1981 4707 2144 4764 Chri-

567 4792 653 4837 sto
719 4782 772 4838 in
815 4787 1104 4841 niuridozt
1153 4788 1305 4846 Tunc
1354 4771 1700 4850 exsultabunt
1765 4797 1946 4854 omnia
2009 4798 2152 4871 ligna

567 4874 737 4940 silvae,
783 4891 812 4930 a
855 4874 993 4933 facie
1026 4876 1262 4947 Domini,
1323 4882 1450 4952 quia
1485 4885 1634 4941 venit
1673 4888 1742 4942 ad
1781 4887 2150 4958 iudicandum

571 4976 768 5020 terram
789 4965 886 5020 ⁸⁸.»
915 4966 1120 5040 Itaque,
1161 4988 1181 5024 ι
1207 4969 1266 5028 In
1288 4973 1448 5042 silva,
1469 4993 1488 5028 ι
1515 4975 1708 5048 inquit,
1724 4978 1777 5034 id
1799 4987 1902 5048 est,
1929 4979 1984 5034 in
2015 4981 2154 5036 mul-

571 5058 800 5114 titudine
847 5061 1116 5147 gentium,
1151 5079 1249 5122 seu
1296 5066 1351 5122 in
1391 5068 1617 5127 urbibus
1645 5085 1836 5127 eorum
1880 5080 1937 5126 et
1975 5074 2152 5142 regio-

570 5149 748 5216 nibus,
795 5169 814 5202 ι
849 5152 1013 5208 ovilia
1046 5166 1208 5213 erunt
1285 5173 1529 5231 gregum,
1569 5180 1589 5215 ι
1645 5161 1850 5220 Christi
1903 5164 2158 5224 videlicet

570 5239 824 5298 Ecclesia}
862 5261 876 5299 :
933 5263 951 5298 ι
979 5253 1036 5301 et
1087 5247 1244 5305 vallis
1285 5250 1469 5308 Acbor
1511 5253 1729 5323 requies
1783 5266 2151 5314 armentorum

573 5328 766 5396 populo
788 5344 925 5399 meo,
953 5333 1045 5405 qui
1097 5337 1347 5407 quasivit
1376 5353 1484 5397 me.
1522 5357 1543 5393 ι
1571 5339 1753 5396 Achor
1799 5341 1890 5401 hic
1966 5346 2152 5401 oriun-

575 5416 674 5471 dus
703 5430 888 5476 estex
931 5427 1140 5484 semine
1169 5428 1365 5497 Israel;
1427 5430 1605 5488 deleta
1679 5441 1858 5490 autem
1911 5434 2151 5504 Jericho,

575 5504 770 5562 deinde
791 5507 1013 5576 iubente
1053 5515 1164 5575 Deo
1193 5517 1360 5590 897
1385 5519 1565 5576 omnia
1604 5534 1727 5592 quas
1765 5521 1820 5578 in
1844 5536 1907 5578 ea
1937 5521 2153 5580 fuerant

645 5622 692 5654 ⁸³
721 5621 881 5708 Περὶ.
916 5643 996 5699 xl,
1027 5633 1079 5688 5.
1154 5635 1200 5667 “
1234 5635 1425 5703 Matth.
1449 5653 1507 5708 ν,
1537 5639 1626 5708 ﬂ,
1679 5641 1770 5698 15.

577 5705 700 5761 xcv,
751 5693 839 5748 12.

1885 5641 1932 5674 ⁸⁸
1972 5640 2103 5714 Sap.
2157 5657 2212 5710 ν,
2269 5643 2322 5698 5.

2249 4428 2427 4495 ξύλοις
2458 4429 2539 4492 δὲ,
2592 4429 2668 4494 ὡς
2711 4429 2866 4500 ἐφην,
2903 4429 3202 4500 ἀφομοιοῦν
3255 4429 3399 4496 ἀξιοῖ
3439 4430 3538 4500 τὴν
3573 4429 3842 4503 ,ἀριθμοῦ

2249 4519 2531 4590 κρείττονα
2557 4517 2765 4590 πληθὺν
2793 4519 2903 4574 τῶν
2923 4521 2982 4574 ἐν
3005 4523 3127 4586 ταῖς
3159 4521 3350 4576 πόλεσί
3381 4538 3440 4575 τε
3483 4521 3576 4574 καὶ
3603 4522 3844 4594 χώραις.

2263 4609 2540 4674 Ὠλόλυζον
2592 4609 2652 4663 δὲ
2693 4612 2812 4674 ταῖς
2841 4609 2948 4666 τῶν
2975 4612 3244 4684 πολεμίων
3302 4613 3600 4684 μαχαίραις
3642 4614 3850 4668 ὑποπὶ-

2249 4719 2476 4766 πτοντες
2513 4701 2754 4755 Ἰουδαῖοι
2783 4702 2871 4757 διά
2897 4704 2996 4774 τὴν
3020 4705 3097 4768 είς
3120 4705 3354 4774 Χριστὸν
3375 4703 3665 4762 ἀσέϐειαν.
3689 4707 3852 4763 Ψάλ-

2248 4792 2331 4846 λει
2358 4793 2414 4846 δέ
2445 4810 2547 4845 που
2582 4795 2678 4846 καὶ
2711 4796 2740 4848 ὁ
2771 4793 3058 4858 θεσπέσιος
3083 4794 3248 4848 Δαϐὶδ
3268 4834 3283 4861 ,
3330 4794 3426 4849 ἅτε
3451 4794 3516 4866 δὴ
3544 4797 3853 4866 μέλλοντος

2251 4884 2634 4955 ἐπιφαίνεσθαι
2661 4885 2740 4958 τῷ
2765 4886 2956 4957 κόσμῳ
2979 4886 3234 4958 Χριστοῦ·
3264 4905 3284 4940 t
3318 4887 3452 4942 Τότε
3476 4888 3860 4958 ἀγαλλιάσον-

2248 4993 2340 5030 ται
2355 4976 2533 5031 πάντα
2551 4977 2622 5031 τὰ
2635 4977 2770 5045 ξύλα
2792 4977 2886 5032 τοῦ
2911 4977 3119 5050 δρυμοῦ
3141 4977 3249 5033 ἀπὸ
3273 4980 3570 5050 προσώπου
3603 4984 3851 5056 Κυρίου,

2249 5069 2332 5123 ὅτι
2359 5067 2581 5140 ἔρχεται
2610 5072 2792 5141 κρῖναι
2823 5069 2924 5140 τὴν
2955 5070 3080 5142 γῆν.
3116 5089 3136 5124 ι
3157 5071 3395 5138 Οὐκοῦν,
3423 5090 3442 5126 t
3466 5072 3558 5127 Ἑν
3587 5074 3678 5145 τῷ
3717 5077 3855 5150 δρυ-

2252 5159 2363 5231 μῷ,
2397 5178 2421 5222 ,ι
2458 5160 2637 5231 φησὶ,
2674 5161 2974 5226 τουτέστιν,
3019 5163 3078 5217 ἐν
3126 5165 3194 5234 τῇ
3234 5163 3346 5217 τῶν
3393 5162 3569 5221 ἐθνῶν
3613 5168 3855 5239 πληθὲῖ,

2249 5253 2369 5325 ἦτοι
2413 5255 2534 5318 ταῖς
2583 5252 2764 5308 αὐτῶν
2788 5251 2976 5306 πόλεσι
2996 5270 3056 5307 τε
3096 5254 3191 5307 καὶ
3223 5253 3451 5326 χώραις;
3498 5274 3518 5306 ι
3572 5257 3854 5323 ἐπαύλεις

2249 5341 2463 5397 ἔσονται
2509 5341 2797 5412 ποιμνίων,
2843 5361 2862 5395 ι
2906 5342 3226 5414 Ἐκκλησίαι
3281 5344 3525 5418 δηλονότι
3565 5348 3851 5420 Χριστοῦ,

2255 5451 2274 5485 ι
2294 5433 2387 5487 καὶ
2415 5431 2633 5505 φάραγξ
2667 5431 2844 5505 ’Δχὼρ
2874 5434 2954 5498 είς
2976 5434 3285 5490 ἀνάπαυσιν
3306 5435 3608 5507 βουκολίων
3625 5441 3717 5514 τῷ
3741 5442 3859 5514 λαῷ

2252 5540 2376 5594 μου,
2408 5523 2457 5596 οξζ
2492 5521 2763 5596 ἐζήτησάν
2797 5539 2919 5593 με.»
2971 5522 3149 5596 Ἀχὼρ
3180 5517 3359 5591 οὗτος,
3386 5527 3583 5596 γέγονε
3624 5532 3742 5600 μέν
3770 5549 3859 5597 τις

2427 5641 2476 5674 ⁸⁸
2507 5641 2525 5698 Ι
2562 5640 2687 5696 Cor.
2727 5655 2786 5709 ll,
2820 5641 2872 5696 9.
2980 5626 3024 5674 ⁸⁷
3057 5641 3223 5697 Zach.
3261 5657 3339 5708 Il,
3371 5643 3423 5708 1,
3453 5641 3508 5698 2.
3613 5644 3668 5678 ⁸⁸
3702 5645 3860 5704 Psal.
