4090 6216
323 343 465 400 1413

1424 342 1492 398 ΙΝ
1535 343 1769 400 iSAlAM
1806 345 1934 400 LIB.
1974 347 2039 403 ν.
2082 347 2316 405 TOMUS
2357 347 2443 404 Vl.

3444 354 3584 409 HM

325 460 436 514 τῶν
465 457 528 526 ἐξ
559 457 792 528 αἵματος
837 457 1052 529 Ἰσραήλ
1073 473 1086 486 ο
1120 457 1547 528 πεπορθημένης
1575 459 1634 511 δὲ
1664 459 1765 529 τῆς
1813 460 1890 512 Ὶει

2014 476 2356 528 consecrare,
2417 462 2630 518 furatus
2657 473 2740 519 est
2779 479 2846 518 ex
2915 466 3278 520 anathemate.
3354 465 3584 519 Mande-

327 550 486 622 ριχὼ,
527 546 648 605 εἶτα
695 548 830 603 Θεοῦ
859 549 1268 620 προστάξαντος
1299 549 1697 620 ἀναθεματίσαι
1729 553 1906 607 πάντα

324 643 396 700 τὰ
420 645 479 696 ὲν
521 643 684 713 αὐτῇ,
724 641 992 710 κέκλοφεν
1027 641 1093 694 ὲκ
1137 640 1232 695 τοῦ
1277 641 1641 712 ἀναθέματος.
1689 645 1906 715 Ἐπειδὴ

323 735 382 789 δι
407 734 736 805 παρεδείχθη
769 732 925 803 παρά
953 732 1111 798 Θεοῦ,
1168 733 1372 806 πικρὰς
1421 734 1662 806 ὲζητήθη
1712 736 1867 802 δίκας
1887 755 1903 770 ο

322 823 570 876 ἀπόλωλε
604 823 715 894 γὰρ
743 822 984 886 πανοικὶ,
1014 823 1405 895 καθορίσαντος
1435 826 1603 882 αὑτοῦ
1624 827 1723 899 τήν
1751 829 1906 898 δίκην

337 912 509 981 Ἰησοῦ
538 912 634 967 τοῦ
659 913 837 983 Ναυῆ.
876 912 986 967 Ἦν
1003 910 1097 969 οὖν
1113 915 1224 988 ἀρα
1249 916 1328 981 είς
1356 919 1602 989 κατάραν
1624 922 1658 989 ὴ
1689 919 1906 990 φάραγξ

322 1006 354 1074 ἡ
394 1004 589 1076 ’Δχὼρ.
622 1004 878 1059 Τοιαῦται
909 1005 969 1060 δέ
1002 1024 1120 1070 πως
1148 1009 1244 1062 καὶ
1267 1011 1324 1062 αί
1353 1009 1464 1064 τῶν
1485 1011 1657 1066 ἐθνῶν
1693 1013 1902 1085 χῶραιο

321 1095 764 1166 κεκατηραμέναι
791 1095 922 1169 γὰρ,
950 1099 1044 1152 καὶ
1073 1098 1366 1170 θεομισεῖς,
1409 1102 1486 1166 ὡς
1516 1104 1727 1169 οὐδενὸς
1752 1107 1904 1170 ὄντος

317 1187 378 1238 ὲν
397 1185 583 1248 αὑταῖς
610 1185 705 1240 τοῦ
739 1189 832 1242 τὸν
865 1189 1027 1259 φύσει
1053 1189 1184 1245 Θεὸν
1220 1191 1421 1257 εἰδότος
1441 1210 1455 1224 ’
1492 1193 1609 1248 ἀλλ’
1641 1197 1675 1268 ή
1705 1197 1902 1252 ἐπικα-

317 1273 553 1343 τάρατος
567 1273 743 1344 χώρα,
763 1277 917 1347 φησὶ,
947 1278 1088 1332 κατά
1112 1279 1238 1344 τοὺς
1260 1280 1523 1346 παλαιοὺς
1549 1284 1630 1348 είς
1656 1286 1903 1341 ἀνάπαυε

319 1379 404 1415 σιν
431 1361 582 1416 ἔσται
607 1362 924 1434 βουκολίων,
952 1369 1224 1436 τουτέστι,
1272 1373 1434 1442 σηκοὶΙ
1464 1374 1754 1445 προϐάτων
1779 1394 1902 1448 νοη-

317 1451 448 1516 τῶν,
482 1452 588 1506 ὑπὸ
613 1456 774 1526 χεῖρα
824 1458 1062 1528 Χριστοῦ
1085 1461 1181 1514 τοῦ
1226 1462 1448 1518 πάντων
1486 1465 1898 1538 ἀρχιποιμένος,

317 1541 376 1605 ὃς
404 1547 513 1607 τοῖς
549 1545 816 1600 Ἰουδαίων
844 1547 1042 1618 δήμοις
1081 1552 1520 1626 προσπεφώνηκε
1562 1556 1736 1625 λέγων
1771 1558 1902 1630 περὶ

316 1635 425 1687 τῶν
451 1634 642 1702 ἐθνῶν,
681 1657 701 1689 ι
739 1638 848 1692 Καὶ
893 1639 1029 1694 ἄλλα
1072 1642 1321 1713 πρόϐατα
1350 1646 1502 1715 ἔχω,
1542 1646 1580 1700 ἃ
1620 1647 1722 1702 οὐκ
1752 1648 1900 1703 ἔστιν

319 1726 383 1778 ὲκ
415 1727 512 1796 τῆς
539 1727 709 1798 αὐλῆς
748 1728 951 1800 ταύτης
976 1769 992 1793 ,
1041 1732 1271 1787 κάκεῖνά
1307 1751 1376 1804 με
1407 1735 1490 1789 δεῖ
1516 1737 1762 1806 ἀγαγεῖν,
1803 1738 1900 1794 καὶ

2005 565 2180 612 Status
2211 569 2240 608 a
2282 555 2416 618 Deo,
2451 555 2678 615 acerbas
2709 570 2898 624 pomus
2929 557 3077 609 dedit
3105 576 3120 609 :
3158 572 3280 608 nam
3312 571 3436 607 cum
3469 567 3577 608 tota

2007 643 2168 699 domo
2192 647 2372 715 periit,
2388 658 2610 716 panem
2631 648 2684 701 in
2727 645 2873 700 illunt
2894 655 3168 700 atatucnte
3193 646 3316 699 Jesu
3347 646 3453 699 lilio
3478 646 3583 699 Na-
3639 674 3644 679 ι

2007 747 2092 790 νο.
2125 735 2312 804 Itaque
2327 735 2680 792 exsecrabilis
2707 735 2848 791 facta
2874 746 2958 791 est
2989 736 3141 792 vallis
3166 739 3368 790 Acltor.
3393 735 3583 803 Cujus-

2016 825 2162 880 modi
2199 836 2358 881 erant
2390 827 2638 897 regiones
2657 828 2919 898 gentium,
2955 828 3315 883 exsecratioui
3351 828 3580 893 devotze,

2005 925 2061 970 et
2108 917 2220 971 Deo
2257 915 2466 984 invisae,
2494 925 2682 986 utpote
2725 933 2848 974 eum
2879 918 2934 974 in
2965 919 3070 974 illis
3095 918 3275 973 nullus
3333 918 3426 981 sit,
3488 918 3582 987 qui

2006 1017 2198 1061 natura
2229 1009 2395 1064 Deum
2428 1010 2696 1080 cognorit.
2721 1008 2943 1078 Verum,
3007 1011 3201 1080 inquit,
3271 1009 3386 1064 haec
3433 1009 3585 1076 regio

2005 1099 2202 1169 priscis
2239 1101 2572 1172 temporibus
2629 1103 2986 1168 exsecranda,
3061 1103 3281 1172 requies
3345 1103 3451 1157 erit
3487 1117 3581 1157 ar-

2005 1199 2338 1267 mentorum,
2391 1192 2444 1246 id
2477 1202 2583 1258 est,
2616 1193 2828 1247 stabula
2873 1193 3057 1248 ovium
3139 1193 3579 1264 intelligihiiium,

2005 1282 2188 1337 manui
2233 1281 2438 1338 Christi
2496 1283 2756 1354 principis
2818 1284 3062 1338 omnium
3109 1285 3344 1354 pastoris
3398 1284 3584 1355 subje-

2001 1383 2235 1442 ctarunt,
2262 1375 2355 1444 qui
2381 1373 2666 1431 Judaicum
2701 1375 2954 1446 populum
2969 1375 3234 1432 allocutus
3261 1387 3368 1442 est,
3390 1376 3580 1432 dicens

2003 1467 2071 1522 de
2102 1467 2396 1536 gentibus:
2436 1484 2457 1519 ι
2501 1465 2650 1522 Alias
2681 1482 2812 1523 oves
2863 1467 3058 1536 habeo,
3110 1482 3234 1538 qua:
3301 1483 3410 1524 non
3451 1478 3580 1523 sunt

2003 1557 2072 1613 de
2098 1556 2227 1615 ovili
2263 1557 2366 1612 hoc
2388 1575 2403 1612 :
2432 1573 2568 1627 quas
2587 1559 2751 1613 etiam
2776 1567 2994 1628 oportet
3024 1573 3113 1614 me
3139 1559 3428 1625 adducere,
3445 1559 3580 1614 erit-

2001 1665 2108 1720 que
2160 1665 2328 1706 unum
2381 1649 2543 1715 ovile,
2592 1665 2732 1705 unus
2793 1652 3070 1720 pastor".
3111 1670 3132 1705 ι
3203 1652 3580 1718 Ωοαιείνετιιηι

2003 1757 2238 1812 namque
2263 1741 2410 1796 illum
2446 1756 2545 1810 per
2571 1742 2751 1808 iidem,
2777 1741 2870 1812 qui
2893 1743 3184 1812 aliquando
3212 1751 3532 1799 erraverunt
3558 1759 3574 1795 :

316 1818 636 1887 γενήσονται
667 1820 764 1889 μία
799 1823 1026 1894 ποίμνη,
1047 1818 1129 1886 εἷς
1150 1825 1376 1894 ποιμήν.
1407 1845 1427 1877 ι
1466 1827 1771 1898 Ἐζήτησαν
1788 1829 1890 1900 γὰρ

1999 1846 2109 1902 quo
2139 1833 2380 1899 invento,
2420 1832 2547 1887 laeti
2599 1841 2727 1888 sunt
2766 1833 2885 1902 ejus
2917 1833 3221 1898 domestici,
3247 1841 3304 1886 et
3327 1833 3580 1887 concives

315 1909 478 1974 αὐτὸν
505 1912 592 1965 διὰ
615 1913 715 1984 τῆς
757 1916 995 1980 πίστεως
1044 1918 1096 1971 οί
1123 1916 1256 1972 ποτὲ
1305 1917 1668 1989 πλανώμενοι,
1711 1921 1807 1974 καὶ
1831 1921 1896 1992 δὴ

2004 1932 2316 1977 sanctorum
2337 1931 2396 1976 et
2407 1922 2720 1978 cohaeredes
2734 1923 3128 1991 promissorum
3145 1923 3277 1993 ipsis
3285 1922 3572 1978 bonorum.

316 2001 408 2056 καὶ
433 2004 710 2075 εὑρόντες,
747 2008 937 2064 οἰκεῖοι
957 2009 1250 2078 γεγόνασιν
1285 2010 1453 2066 αὐτοῦ
1473 2051 1488 2077 ,
1536 2013 1633 2066 καὶ
1671 2013 1998 2084 συμπολῖται
2023 2014 2131 2069 τῶν
2159 2015 2349 2085 ἁγίων,
2404 2018 2499 2069 καὶ
2528 2015 2958 2086 συγκληρονόμοι
3013 2015 3124 2069 τῶν
3157 2015 3578 2086 ἐπηγγελμένων

313 2094 496 2156 αὐτοῖς
518 2095 762 2164 ἀγαθῶν.

395 2185 585 2255 Ὑμεῖς
617 2187 703 2254 δὲ,
736 2191 791 2243 οι
818 2190 1324 2260 ἐγκαταλιπόντες
1343 2212 1440 2264 με,
1455 2197 1556 2250 καὶ
1567 2196 1893 2254 ἐπιλανθα-

312 2279 550 2346 νόμενοι
581 2278 649 2331 τὸ
697 2279 836 2348 ὄρος
865 2281 934 2335 τὸ
971 2282 1144 2353 ἅγιόν
1172 2303 1315 2356 μου,
1363 2287 1462 2341 καὶ
1488 2273 1891 2358 ἑτοιμάζοντες

310 2363 392 2430 τῷ
431 2365 668 2436 δαίμονι
711 2369 1003 2437 τράπεζὶιν
1018 2411 1034 2436 ,
1064 2373 1162 2428 καί
1197 2376 1575 2445 πληροῦντες
1614 2377 1690 2447 τῇ
1729 2380 1891 2450 Τύχῃ

309 2456 602 2526 κέρασμα·
639 2459 756 2528 ἐγὼ
785 2462 1121 2531 παραδώσω
1147 2465 1304 2535 ὑμᾶς
1326 2470 1414 2535 είς
1443 2467 1765 2539 μάχαιραν,
1788 2471 1889 2526 καί

310 2545 532 2612 πάντες
571 2549 643 2600 ἐν
673 2551 882 2620 σφαγῇ
921 2554 1231 2621 πεσεῖσθε,
1275 2557 1364 2611 ὅτι
1405 2559 1672 2615 ἐκάλεσα
1716 2559 1894 2630 ὑμᾶς,

309 2636 404 2690 καί
426 2637 538 2706 οὐχ
562 2641 973 2708 ὑπηκούσατε·
989 2644 1295 2715 ἐλάλησα,
1321 2649 1420 2703 καί
1442 2652 1892 2719 παρηκούσατε,

307 2727 404 2780 καὶ
439 2729 763 2798 ἐποιήσατε
793 2732 861 2785 τὸ
915 2737 1188 2804 πονηρὸν
1223 2737 1503 2793 ἐναντιον
1532 2758 1675 2808 μου,
1723 2742 1822 2796 και
1854 2742 1896 2796 ιῖ

307 2821 420 2874 οὐκ
443 2820 802 2890 ἐϐουλόμην,
828 2823 1215 2888 ἐξελέξασθε.

380 2911 590 2980 ’Ὠσπερ
636 2911 860 2979 γέγονεν
917 2911 1018 2965 οὐκ
1076 2912 1312 2984 ἀζήμιον
1372 2918 1486 2981 τοῖς
1544 2917 1607 2982 ἐξ
1656 2919 1889 2988 αἵματος

317 3001 534 3074 Ἰσραὴλ
569 3001 630 3054 τὸ
648 3001 944 3073 ἀπειθῆσαι
978 3003 1220 3076 Χριστῷ,
1272 3005 1508 3062 δέδονται
1525 3009 1634 3081 γὰρ
1654 3012 1734 3074 εἰς
1749 3027 1888 3079 σφα-

305 3095 431 3165 γὴν,
469 3092 605 3164 ἐλέῳ
633 3093 771 3146 Θεοῦ
821 3095 917 3147 καὶ
966 3095 1349 3170 φιλανθρωπίᾳ
1398 3101 1745 3170 σεσωσμένου
1794 3101 1890 3155 τοῦ

304 3183 769 3254 καταλείμματος,
809 3183 953 3238 οὕτω
982 3186 1077 3238 καὶ
1115 3187 1209 3238 ἐπὶ
1244 3190 1310 3257 τῇ
1348 3176 1456 3241 τῶν
1487 3189 1657 3242 ἐθνῶν
1693 3191 1885 3262 κλήσει

307 3275 578 3344 συνήσεις.
632 3273 696 3326 Ol
747 3273 849 3344 μὲν
895 3275 1004 3345 γὰρ
1033 3275 1135 3347 τὴν
1169 3276 1258 3330 διά
1310 3276 1546 3347 Χριστοῦ
1607 3279 1884 3350 σωτηρίαν

306 3361 672 3432 ἁρπάσαντες,
699 3361 805 3430 ἔξω
833 3364 1090 3432 γεγόνασι
1119 3365 1214 3417 καὶ
1249 3365 1441 3435 πυρὸς,
1470 3365 1565 3419 καὶ
1586 3366 1764 3437 δίκης,
1791 3369 1886 3422 καὶ

302 3451 411 3507 τῶν
449 3455 513 3507 ὲκ
547 3453 696 3515 θείας
742 3452 951 3525 ὀργῆςο
997 3455 1046 3506 οί
1098 3453 1156 3507 δὲ
1201 3455 1323 3518 ταῖς
1366 3455 1575 3508 ἑαυτῶν
1622 3455 1886 3526 ἀμαθίαις

306 3547 764 3619 ὲναπομείναντες
788 3585 805 3612 ,
860 3546 957 3600 καὶ
1014 3547 1383 3602 ἀναπόνιπτον
1436 3548 1731 3618 ἐσχηκότες
1775 3548 1886 3603 τῶν

301 3639 544 3712 ἀρχαίων
567 3639 904 3708 αίτιαμάτων
931 3637 1022 3692 τὸν
1051 3637 1345 3709 μολυσμὸν,
1384 3637 1472 3691 διά
1497 3637 1592 3692 τοῦ
1625 3641 1886 3712 προσκεί-

303 3730 430 3786 σθαι
456 3730 633 3785 θέλειν
668 3730 792 3793 ταῖς
828 3729 938 3783 τῶν
976 3728 1214 3783 εἰδώλων
1242 3729 1540 3801 λατρείαις,
1567 3729 1884 3801 δοθήσονται

301 3822 442 3893 πρὸς
470 3822 710 3893 σφαγήν.
743 3820 1180 3891 Κατοιχήσονται
1209 3818 1322 3892 γάρ
1343 3821 1422 3883 είς
1451 3819 1600 3891 ᾃδου,
1637 3821 1734 3875 καὶ
1764 3823 1887 3875 ἀτε-

299 3915 556 3988 λεύτητον
587 3915 772 3980 ἕξουσι
803 3914 904 3985 τὴν
935 3911 1026 3967 διὰ
1070 3912 1242 3986 πυρὸς
1288 3912 1592 3984 ἀκοιμήτου
1639 3913 1880 3970 κόλασιν.

309 4006 499 4077 Ὑμεῖς
526 4005 728 4070 τοίνυν,
773 4004 962 4076 φησιν,
1007 4005 1058 4058 οἱ
1103 3999 1562 4072 ἐγκαταλιπόντες
1601 4021 1699 4074 με,
1727 4021 1884 4058 τουτ-

297 4099 468 4162 έστιν,
495 4099 544 4151 oi
576 4098 741 4169 μέχρι
770 4095 973 4160 παντὸς
993 4095 1319 4161 ἀποστάται,
1353 4095 1448 4148 καὶ
1476 4091 1588 4150 οἷον
1607 4096 1687 4160 είς
1710 4096 1884 4169 λήθην

297 4187 756 4261 κατενηνεγμένοι
798 4186 1038 4258 παντελῆ
1070 4186 1165 4240 τοῦ
1209 4188 1370 4259 ὅρους
1412 4186 1508 4240 τοῦ
1557 4187 1717 4256 ἀγίου
1753 4207 1879 4260 μου.

297 4277 374 4330 Οὐ
409 4277 518 4348 γὰρ
544 4278 829 4349 ἀνέχονται
853 4281 1001 4342 τινες
1023 4275 1132 4331 τῶν
1171 4277 1622 4349 πεπλανημένων,
1656 4280 1750 4334 καὶ
1773 4280 1884 4333 τῶν

296 4368 364 4436 τῇ
394 4367 572 4420 κτίσει
610 4369 1072 4441 λελατρευκότων,
1103 4368 1214 4423 οὐδ’
1247 4369 1370 4424 ὅσον
1383 4371 1574 4423 εἰπεῖν
1597 4370 1792 4426 ειδέναι
1821 4371 1883 4426 τὺ

1917 3143 1960 3200 C

2072 2197 2238 2252 Vens.
2269 2196 2359 2261 Η,
2412 2195 2497 2250 12.
2543 2195 2645 2250 Vos
2693 2205 2867 2251 autent
2907 2197 2994 2266 qui
3041 2195 3326 2266 reliquistis
3377 2211 3480 2261 ate,
3526 2209 3576 2251 et

1996 2286 2146 2342 obliti
2173 2291 2298 2342 estis
2347 2287 2540 2340 montis
2571 2287 2741 2340 sancti
2775 2285 2898 2348 mei,
2950 2295 2998 2338 et
3037 2295 3282 2353 parantes
3349 2287 3575 2340 damont'

1997 2393 2254 2442 mensam,
2298 2387 2347 2432 et
2380 2376 2648 2447 implente:
2701 2376 2955 2432 Fortuna
3005 2379 3267 2444 potionem
3293 2393 3313 2432 :
3343 2394 3432 2432 vos
3481 2394 3574 2446 ego

1996 2467 2208 2520 tradam
2240 2469 2296 2520 in
2329 2467 2593 2537 gladium,
2623 2478 2672 2522 et
2705 2483 2882 2522 omnes
2946 2469 3089 2521 ett-de
3138 2469 3336 2520 cadetis
3363 2482 3382 2530 ;
3448 2467 3574 2536 quia

1994 2558 2171 2620 nocan
2221 2573 2330 2621 eos,
2359 2568 2406 2612 et
2439 2575 2543 2612 non
2577 2559 2854 2612 audivistis
2881 2571 2900 2609 :
2932 2558 3137 2612 locutus
3160 2573 3299 2622 sum,
3329 2566 3380 2610 et
3412 2560 3576 2611 aban-

1991 2647 2214 2712 dioistis,
2242 2659 2290 2702 et
2323 2649 2519 2717 fecistis
2543 2649 2740 2702 uratum
2769 2648 2824 2701 in
2853 2659 3129 2715 conspectu
3161 2664 3298 2710 meo,
3362 2659 3410 2705 et
3455 2664 3574 2718 quae

1992 2753 2094 2791 non
2116 2738 2374 2805 volebant,
2399 2739 2650 2807 elegistis.

2065 2911 2532 2978 Quemadmodum
2571 2913 2800 2969 inultum
2829 2927 2934 2969 non
2988 2914 3224 2970 tulerunt
3295 2914 3570 2978 Israelita,

1996 3017 2120 3058 cum
2141 3003 2358 3059 Christo
2386 3020 2491 3058 non
2527 3004 2832 3070 obedireut,
2864 3005 3045 3059 traditi
3103 3014 3232 3074 sunt
3273 3006 3417 3060 enim
3477 3021 3572 3062 oc.

1998 3093 2214 3160 cisioni,
2258 3093 2502 3163 reliquiis
2547 3092 2922 3152 misericordia
2975 3101 3032 3148 et
3075 3093 3416 3148 humanitate
3478 3093 3570 3148 Dei

1991 3183 2256 3238 servatis:
2297 3186 2379 3238 sic
2423 3193 2479 3238 et
2541 3183 2595 3238 in
2627 3184 2899 3254 .igentium
2941 3184 3224 3240 vocatione
3282 3184 3568 3255 intelliges.

1989 3273 2091 3342 Qui
2149 3287 2399 3344 namque.
2436 3273 2666 3328 salutem
2729 3287 2826 3342 per
2886 3273 3161 3328 Christum
3201 3276 3570 3343 arripuerunt,

1990 3365 2258 3420 immunes
2327 3363 2547 3420 fuerunt
2625 3365 2694 3421 ab
2769 3365 2910 3435 igne,
2966 3364 3236 3434 supplicio.
3287 3375 3342 3420 et
3425 3367 3570 3421 divi-

1990 3469 2056 3508 na
2143 3456 2244 3509 ira.
2319 3456 2528 3526 Atqui
2616 3456 2671 3509 in
2729 3469 2827 3510 sua
2908 3465 3323 3525 permanserunt
3417 3458 3569 3526 igno-

1990 3544 2191 3609 rantia,
2224 3553 2280 3599 et
2305 3543 2709 3612 inquinamenta
2739 3553 2982 3599 veterum
2999 3544 3263 3600 scelerum
3291 3560 3398 3601 non
3426 3548 3570 3602 deie-

1989 3638 2136 3693 runt,
2160 3643 2226 3684 eo
2261 3629 2408 3699 quod
2451 3631 2938 3686 vellentidoiorum
2982 3631 3361 3689 adhzerescere
3409 3634 3571 3689 culti-

1987 3723 2109 3786 bus,
2145 3722 2427 3778 tradentur
2454 3724 2524 3778 ad
2550 3722 2772 3776 caedem.
2809 3722 3144 3779 Descenderit
3176 3725 3321 3780 enim
3353 3726 3422 3779 ad
3484 3728 3566 3780 in-

1987 3812 2156 3879 feros,
2182 3824 2238 3870 et
2279 3813 2604 3884 supplicium
2628 3823 2892 3869 mternum
2930 3814 3206 3870 habebunt
3236 3830 3334 3886 per
3385 3817 3566 3885 ignem

1987 3905 2367 3974 irrequictum.
2400 3904 2507 3962 Vos
2533 3904 2717 3976 igitur,
2743 3906 2940 3976 inquit,
2970 3905 3270 3977 reliquistis
3344 3923 3455 3974 me,
3513 3909 3567 3964 id

1984 4005 2090 4064 est,
2118 4011 2335 4068 semper
2372 4007 2659 4068 apostatte,
2692 4006 2748 4054 et
2785 4001 2876 4068 qui
2900 4013 3122 4069 prorsus
3159 4001 3304 4055 velut
3329 4001 3562 4057 oblivio-

1985 4087 2038 4142 ui
2074 4088 2371 4143 tradidistis
2399 4097 2639 4144 montem
2656 4097 2903 4144 sanctum
2932 4090 3394 4159 meumKQuidam
3418 4093 3563 4147 enim

1983 4180 2075 4249 qui
2111 4190 2432 4234 erraverunt
2487 4190 2543 4234 et
2591 4183 2857 4236 creatura:
2913 4182 3240 4248 servierunt,
3287 4195 3356 4237 ne
3403 4197 3564 4239 nosse

1983 4272 2224 4342 quidem,
2242 4257 2325 4324 'ut
2349 4275 2427 4326 sic
2451 4271 2703 4337 dixerim,
2729 4273 3000 4328 sustinent
3027 4286 3223 4328 nomen
3252 4273 3514 4330 Ecclesiae
3542 4294 3558 4330 :

1991 4381 2011 4416 ι
2049 4371 2301 4430 parantes
2333 4364 2612 4419 dtennouiis
2645 4378 2881 4430 mensas,
2923 4374 2980 4420 ct
3033 4365 3280 4436 potiones
3331 4365 3561 4436 impleu-

297 4457 395 4526 τῆς
423 4458 752 4529 Ἐκκλησίας
778 4461 948 4532 ὄνομα
971 4476 986 4491 ·
1025 4479 1044 4514 ι
1067 4461 1118 4515 oi
1138 4461 1251 4524 τοῖς
1271 4460 1571 4533 δαιμονίοις
1601 4460 1882 4532 τραπέζας

1994 4465 2071 4510 les
2102 4455 2374 4509 Fortunw.
2416 4472 2434 4506 ι
2470 4453 2583 4510 Hoc
2651 4454 2990 4520 factitarunt,
3048 4471 3279 4526 quorum
3348 4458 3563 4514 animus

294 4547 572 4613 τελοῦντες
597 4591 613 4617 ,
663 4551 758 4603 καὶ
804 4553 1129 4623 κεράσματα
1170 4552 1508 4626 πληροῦντες
1547 4557 1614 4627 τῇ
1654 4555 1826 4628 Τύχη.
1857 4575 1876 4607 ι

299 4640 512 4713 ’Έδρων
558 4641 616 4695 δέ
656 4659 710 4696 τι
741 4641 986 4696 τοιοῦτον
1013 4644 1064 4695 οί
1109 4644 1420 4718 διαδολικῆς
1462 4646 1660 4719 ἀχλύος
1705 4664 1883 4718 μεμε-

297 4733 581 4803 στῶμενην
605 4733 818 4802 ἔχοντες
830 4733 930 4804 τὴν
947 4733 1195 4805 καρδίαν.
1214 4737 1308 4799 Εἰς
1331 4739 1546 4812 σφαγὴν
1570 4739 1882 4812 παραδοθή-

295 4821 474 4886 σεσθε,
494 4823 596 4877 κᾶν
615 4826 763 4886 εἴτις
786 4825 910 4878 ὅτου
937 4827 1097 4898 χάριν
1117 4827 1364 4900 τολμήσῃ
1389 4830 1587 4898 λέγειν,
1607 4831 1716 4904 ἐρῶ
1744 4831 1884 4904 πρὸς

293 4911 458 4965 αὐτόν
474 4930 487 4943 °
507 4914 772 4967 Ἐκάλεσα
789 4915 884 4967 καὶ
904 4916 1000 4986 οὐχ
1021 4915 1392 4987 ὑπηκούσατε,
1411 4917 1524 4971 ἀλλ’
1542 4921 1778 4991 ἔμμονον
1789 4923 1884 4976 καὶ
1904 4925 1907 4927 ’

290 5001 669 5074 ἀναπόϐλητον
693 5006 846 5078 ἔχετε
888 5006 1180 5078 πονηρίαν,
1225 5007 1366 5078 μόνα
1394 5007 1628 5078 δρῶντες
1667 5012 1735 5065 τὰ
1767 5017 1881 5079 τοῖς

290 5091 448 5162 ὲμοῖς
490 5095 768 5168 ἀπᾴδοντα
811 5100 1022 5170 νόμοις,
1064 5099 1160 5154 καὶ
1199 5100 1748 5171 κατακιϐδηλεύοντες
1781 5107 1879 5176 μὲν

289 5184 472 5239 πάντα
509 5187 710 5258 τρόπον
757 5190 1151 5263 ἀγαθουργίας,
1198 5190 1477 5250 ἀπόλεκτα
1506 5192 1564 5246 δὲ
1607 5195 1876 5250 ποιεῖσθαι

290 5275 706 5344 σπουδάζοντες,
736 5279 803 5334 τά
824 5279 896 5333 δι’
922 5272 999 5336 ὧν
1024 5279 1091 5336 ἀν
1111 5297 1195 5346 τις
1221 5282 1434 5352 γένοιτο
1457 5283 1659 5346 παντὸς
1673 5283 1874 5356 ἀνάμε-

290 5381 418 5429 στος
447 5366 642 5436 ῥύπου.

355 5456 464 5511 Διά
484 5459 658 5516 τοῦτο
677 5460 816 5516 τάδε
841 5463 1005 5534 λέγει
1027 5467 1265 5536 Κύριος·
1285 5465 1432 5521 Ἰδοὺ
1461 5469 1515 5521 οι
1541 5467 1870 5523 δουλεύον-

284 5543 388 5613 rec
442 5563 544 5617 μοι
596 5547 908 5620 φάγονται,
941 5553 1110 5626 ὑμεῖς
1139 5554 1208 5610 δὲ
1252 5555 1588 5614 πεινάσετε.
1634 5557 1780 5614 Ἰδοὺ
1815 5560 1870 5614 οι

355 5721 402 5756 ⁸⁵
429 5722 588 5780 Joau.
639 5741 695 5792 ι,
738 5727 826 5785 16.

1986 4545 2157 4617 898
2183 4545 2450 4602 diabolica
2478 4545 2706 4614 caligine
2744 4544 2990 4616 cpplctus
3044 4557 3183 4602 erat.
3247 4545 3559 4602 Tradetuini

1989 4638 2056 4693 ad
2111 4639 2356 4693 etcdem:
2402 4635 2604 4707 Siquis
2632 4652 2850 4692 causam
2883 4636 3104 4692 audebit
3157 4653 3422 4708 quaerere,
3481 4640 3560 4695 sic

1986 4730 2037 4784 ei
2075 4731 2370 4799 respondeo
2394 4749 2405 4783 :
2427 4729 2643 4794 Vocati,
2668 4739 2722 4783 et
2748 4745 2852 4783 non
2884 4731 3187 4793 audivistis,
3221 4733 3315 4788 sed
3338 4749 3560 4789 manen-

1990 4830 2096 4876 tem
2124 4821 2335 4876 habetis
2384 4823 2703 4890 nequitiam,
2736 4836 2856 4891 quae
2895 4839 3000 4878 non
3061 4833 3238 4896 potest
3269 4824 3453 4893 ahjici,
3504 4834 3560 4878 et

1984 4929 2047 4968 ea
2089 4913 2204 4968 sola
2239 4912 2464 4982 patratis
2524 4927 2652 4981 qua:
2683 4929 2713 4967 a
2762 4915 2896 4968 lucis
2950 4915 3276 4969 dissentiunt
3327 4915 3558 4984 legibus,

1982 5019 2306 5076 omnemque
2342 5005 2679 5059 honestatem
2711 5005 3052 5071 adulleratis,
3086 5017 3141 5061 et
3180 5005 3268 5060 illa
3301 5008 3560 5078 expetitis

1981 5107 2033 5153 ct
2091 5099 2289 5168 eligitis
2309 5097 2569 5161 studiose,
2620 5097 2761 5152 unde
2791 5099 2960 5166 possit
2993 5097 3116 5167 quis
3161 5113 3324 5154 omne
3389 5113 3560 5168 genus
3598 5144 3603 5149 .

1985 5184 2334 5254 turpitudinis
2374 5184 2719 5239 contrahere.

2049 5461 2216 5516 Vens.
2255 5461 2441 5518 15-15.
2476 5463 2862 5529 Quamobrem,
2893 5465 3004 5518 haec
3063 5463 3190 5518 dicit
3247 5463 3498 5524 Dominus
3544 5483 3558 5522 :

1980 5557 2114 5612 Ecce
2150 5559 2240 5628 qui
2280 5557 2506 5612 serviunt
2546 5558 2672 5612 mihi
2729 5559 3035 5622 comedent;
3070 5575 3153 5613 ros
3205 5571 3375 5614 autem
3429 5575 3558 5612 estt-
