  <div class='ocr_page' id='page_1' title='image "/cluster/home/n/w/nwhite01/storage/ocr_20150623/70/hvd.32044073501991/713.png"; bbox 0 0 4090 6216; ppageno 0'>
   <div class='ocr_carea' id='block_1_1' title="bbox 530 340 672 402">
    <p class='ocr_par' dir='ltr' id='par_1_1' title="bbox 530 340 672 402">
     <span class='ocr_line' id='line_1_1' title="bbox 530 340 672 402; baseline -0.042 0"><span class='ocrx_word' id='word_1_1' title='bbox 530 340 672 402; x_wconf 65' lang='grc'><strong><em>1615</em></strong></span> 
     </span>
    </p>
   </div>
   <div class='ocr_carea' id='block_1_2' title="bbox 1559 319 2812 381">
    <p class='ocr_par' dir='ltr' id='par_1_2' title="bbox 1559 319 2812 381">
     <span class='ocr_line' id='line_1_2' title="bbox 1559 319 2812 381; baseline -0.006 0"><span class='ocrx_word' id='word_1_2' title='bbox 1559 324 1619 381; x_wconf 90' lang='lat' dir='ltr'><strong><em>S.</em></strong></span> <span class='ocrx_word' id='word_1_3' title='bbox 1663 323 1939 380; x_wconf 78' lang='lat' dir='ltr'><strong><em>CYRILLI</em></strong></span> <span class='ocrx_word' id='word_1_4' title='bbox 1977 322 2456 381; x_wconf 71' lang='lat' dir='ltr'><strong><em>ALEXANDRI‘NI</em></strong></span> <span class='ocrx_word' id='word_1_5' title='bbox 2493 319 2812 378; x_wconf 74' lang='lat' dir='ltr'><strong><em>ARCHIEP.</em></strong></span> 
     </span>
    </p>
   </div>
   <div class='ocr_carea' id='block_1_3' title="bbox 3685 320 3838 380">
    <p class='ocr_par' dir='ltr' id='par_1_3' title="bbox 3685 320 3838 380">
     <span class='ocr_line' id='line_1_3' title="bbox 3685 320 3838 380; baseline 0.033 -5"><span class='ocrx_word' id='word_1_6' title='bbox 3685 320 3838 380; x_wconf 72' lang='grc' dir='ltr'>ιιιο</span> 
     </span>
    </p>
   </div>
   <div class='ocr_carea' id='block_1_4' title="bbox 533 439 2134 523">
    <p class='ocr_par' dir='ltr' id='par_1_4' title="bbox 533 446 2120 523">
     <span class='ocr_line' id='line_1_4' title="bbox 533 446 2120 523; baseline -0.009 -9"><span class='ocrx_word' id='word_1_7' title='bbox 533 461 705 516; x_wconf 80' lang='lat' dir='ltr'><strong><em>rietis.</em></strong></span> <span class='ocrx_word' id='word_1_8' title='bbox 748 457 887 512; x_wconf 81' lang='lat' dir='ltr'><strong><em>Ecce</em></strong></span> <span class='ocrx_word' id='word_1_9' title='bbox 921 454 1013 523; x_wconf 84' lang='lat' dir='ltr'><strong><em>qui</em></strong></span> <span class='ocrx_word' id='word_1_10' title='bbox 1051 451 1284 507; x_wconf 81' lang='lat' dir='ltr'><strong><em>seruiunt</em></strong></span> <span class='ocrx_word' id='word_1_11' title='bbox 1344 446 1500 512; x_wconf 76' lang='lat' dir='ltr'><strong><em>mihi,</em></strong></span> <span class='ocrx_word' id='word_1_12' title='bbox 1553 447 1750 512; x_wconf 83' lang='lat' dir='ltr'><strong><em>bibent,</em></strong></span> <span class='ocrx_word' id='word_1_13' title='bbox 1807 463 1897 500; x_wconf 75' lang='lat' dir='ltr'><strong><em>vos</em></strong></span> <span class='ocrx_word' id='word_1_14' title='bbox 1945 457 2120 501; x_wconf 86' lang='lat' dir='ltr'><strong><em>autem</em></strong></span> 
     </span>
    </p>
   </div>
   <div class='ocr_carea' id='block_1_5' title="bbox 2236 439 3838 523">
    <p class='ocr_par' dir='ltr' id='par_1_5' title="bbox 2236 439 3838 512">
     <span class='ocr_line' id='line_1_5' title="bbox 2236 439 3838 512; baseline -0.001 -13"><span class='ocrx_word' id='word_1_15' title='bbox 2236 441 2624 507; x_wconf 63' lang='grc' dir='ltr'>δουλεύοντές</span> <span class='ocrx_word' id='word_1_16' title='bbox 2677 458 2781 510; x_wconf 81' lang='grc' dir='ltr'><strong><em>μοι</em></strong></span> <span class='ocrx_word' id='word_1_17' title='bbox 2833 439 3105 504; x_wconf 63' lang='grc' dir='ltr'>σείονται,</span> <span class='ocrx_word' id='word_1_18' title='bbox 3155 439 3327 510; x_wconf 79' lang='grc' dir='ltr'>ὑμεῖς</span> <span class='ocrx_word' id='word_1_19' title='bbox 3369 440 3440 494; x_wconf 81' lang='grc' dir='ltr'>δὲ</span> <span class='ocrx_word' id='word_1_20' title='bbox 3488 440 3838 512; x_wconf 65' lang='grc' dir='ltr'>διψήσητε.</span> 
     </span>
    </p>
   </div>
   <div class='ocr_carea' id='block_1_6' title="bbox 532 537 2130 614">
    <p class='ocr_par' dir='ltr' id='par_1_6' title="bbox 532 537 2130 614">
     <span class='ocr_line' id='line_1_6' title="bbox 532 537 2130 614; baseline -0.009 -10"><span class='ocrx_word' id='word_1_21' title='bbox 532 549 739 605; x_wconf 84' lang='lat' dir='ltr'><strong><em>sitietis.</em></strong></span> <span class='ocrx_word' id='word_1_22' title='bbox 818 544 952 598; x_wconf 86' lang='lat' dir='ltr'><strong><em>Ecce</em></strong></span> <span class='ocrx_word' id='word_1_23' title='bbox 970 543 1061 614; x_wconf 88' lang='lat' dir='ltr'><strong><em>qui</em></strong></span> <span class='ocrx_word' id='word_1_24' title='bbox 1111 541 1339 596; x_wconf 81' lang='lat' dir='ltr'><strong><em>seruiunt</em></strong></span> <span class='ocrx_word' id='word_1_25' title='bbox 1367 537 1518 606; x_wconf 82' lang='lat' dir='ltr'><strong><em>mihi,</em></strong></span> <span class='ocrx_word' id='word_1_26' title='bbox 1549 537 1890 602; x_wconf 70' lang='lat' dir='ltr'><strong><em>(tutabantur,</em></strong></span> <span class='ocrx_word' id='word_1_27' title='bbox 1913 553 2002 590; x_wconf 80' lang='lat' dir='ltr'><strong><em>vos</em></strong></span> <span class='ocrx_word' id='word_1_28' title='bbox 2028 553 2130 590; x_wconf 85' lang='lat' dir='ltr'><strong><em>au-</em></strong></span> 
     </span>
    </p>
   </div>
   <div class='ocr_carea' id='block_1_7' title="bbox 537 627 2130 704">
    <p class='ocr_par' dir='ltr' id='par_1_7' title="bbox 537 627 2130 704">
     <span class='ocr_line' id='line_1_7' title="bbox 537 627 2130 704; baseline -0.008 -12"><span class='ocrx_word' id='word_1_29' title='bbox 537 651 640 692; x_wconf 85' lang='lat' dir='ltr'><strong><em>tem</em></strong></span> <span class='ocrx_word' id='word_1_30' title='bbox 666 633 1080 704; x_wconf 78' lang='lat' dir='ltr'><strong><em>confundemini.</em></strong></span> <span class='ocrx_word' id='word_1_31' title='bbox 1136 630 1273 684; x_wconf 84' lang='lat' dir='ltr'><strong><em>Ecce</em></strong></span> <span class='ocrx_word' id='word_1_32' title='bbox 1325 630 1416 699; x_wconf 89' lang='lat' dir='ltr'><strong><em>qui</em></strong></span> <span class='ocrx_word' id='word_1_33' title='bbox 1461 630 1695 684; x_wconf 80' lang='lat' dir='ltr'><strong><em>serviunt</em></strong></span> <span class='ocrx_word' id='word_1_34' title='bbox 1740 628 1893 695; x_wconf 79' lang='lat' dir='ltr'><strong><em>mihi,</em></strong></span> <span class='ocrx_word' id='word_1_35' title='bbox 1953 627 2130 683; x_wconf 70' lang='lat' dir='ltr'><strong><em>exsut-</em></strong></span> 
     </span>
    </p>
   </div>
   <div class='ocr_carea' id='block_1_8' title="bbox 536 718 2130 787">
    <p class='ocr_par' dir='ltr' id='par_1_8' title="bbox 536 718 2130 787">
     <span class='ocr_line' id='line_1_8' title="bbox 536 718 2130 787; baseline -0.005 -7"><span class='ocrx_word' id='word_1_36' title='bbox 536 728 727 780; x_wconf 76' lang='lat' dir='ltr'><strong><em>tobunt</em></strong></span> <span class='ocrx_word' id='word_1_37' title='bbox 768 726 822 777; x_wconf 86' lang='lat' dir='ltr'><strong><em>in</em></strong></span> <span class='ocrx_word' id='word_1_38' title='bbox 865 722 1080 786; x_wconf 66' lang='lat' dir='ltr'><strong><em>Ia&#39;titia,</em></strong></span> <span class='ocrx_word' id='word_1_39' title='bbox 1113 736 1200 774; x_wconf 78' lang='lat' dir='ltr'><strong><em>cos</em></strong></span> <span class='ocrx_word' id='word_1_40' title='bbox 1227 727 1402 772; x_wconf 85' lang='lat' dir='ltr'><strong><em>autem</em></strong></span> <span class='ocrx_word' id='word_1_41' title='bbox 1441 718 1736 772; x_wconf 78' lang='lat' dir='ltr'><strong><em>domabilis</em></strong></span> <span class='ocrx_word' id='word_1_42' title='bbox 1773 734 1884 787; x_wconf 69' lang='lat' dir='ltr'><strong><em>pro:</em></strong></span> <span class='ocrx_word' id='word_1_43' title='bbox 1950 719 2130 772; x_wconf 83' lang='lat' dir='ltr'><strong><em>dolore</em></strong></span> 
     </span>
    </p>
   </div>
   <div class='ocr_carea' id='block_1_9' title="bbox 537 809 2124 883">
    <p class='ocr_par' dir='ltr' id='par_1_9' title="bbox 537 809 2124 883">
     <span class='ocr_line' id='line_1_9' title="bbox 537 809 2124 883; baseline -0.006 -9"><span class='ocrx_word' id='word_1_44' title='bbox 537 819 710 874; x_wconf 70' lang='lat' dir='ltr'><strong><em>cordis</em></strong></span> <span class='ocrx_word' id='word_1_45' title='bbox 751 817 928 879; x_wconf 79' lang='lat' dir='ltr'><strong><em>vestri,</em></strong></span> <span class='ocrx_word' id='word_1_46' title='bbox 991 825 1038 868; x_wconf 90' lang='lat' dir='ltr'><strong><em>et</em></strong></span> <span class='ocrx_word' id='word_1_47' title='bbox 1065 829 1175 883; x_wconf 76' lang='lat' dir='ltr'><strong><em>pro:</em></strong></span> <span class='ocrx_word' id='word_1_48' title='bbox 1213 811 1530 866; x_wconf 85' lang='lat' dir='ltr'><strong><em>contritione</em></strong></span> <span class='ocrx_word' id='word_1_49' title='bbox 1558 811 1775 877; x_wconf 83' lang='lat' dir='ltr'><strong><em>spiritus</em></strong></span> <span class='ocrx_word' id='word_1_50' title='bbox 1831 809 2124 864; x_wconf 71' lang='lat' dir='ltr'><strong><em>ululabilis.</em></strong></span> 
     </span>
    </p>
   </div>
   <div class='ocr_carea' id='block_1_10' title="bbox 539 901 2126 980">
    <p class='ocr_par' dir='ltr' id='par_1_10' title="bbox 539 901 2126 980">
     <span class='ocr_line' id='line_1_10' title="bbox 539 901 2126 980; baseline -0.007 -15"><span class='ocrx_word' id='word_1_51' title='bbox 539 910 842 980; x_wconf 81' lang='lat' dir='ltr'><strong><em>Reliquistis</em></strong></span> <span class='ocrx_word' id='word_1_52' title='bbox 871 907 1007 962; x_wconf 86' lang='lat' dir='ltr'><strong><em>enim</em></strong></span> <span class='ocrx_word' id='word_1_53' title='bbox 1024 921 1209 960; x_wconf 81' lang='lat' dir='ltr'><strong><em>nomen</em></strong></span> <span class='ocrx_word' id='word_1_54' title='bbox 1240 911 1489 968; x_wconf 76' lang='lat' dir='ltr'><strong><em>uestrum,</em></strong></span> <span class='ocrx_word' id='word_1_55' title='bbox 1517 904 1571 956; x_wconf 85' lang='lat' dir='ltr'><strong><em>in</em></strong></span> <span class='ocrx_word' id='word_1_56' title='bbox 1597 903 1930 956; x_wconf 77' lang='lat' dir='ltr'><strong><em>saturitatem</em></strong></span> <span class='ocrx_word' id='word_1_57' title='bbox 1951 901 2126 954; x_wconf 82' lang='lat' dir='ltr'><strong><em>electis</em></strong></span> 
     </span>
    </p>
   </div>
   <div class='ocr_carea' id='block_1_11' title="bbox 537 981 1661 1063">
    <p class='ocr_par' dir='ltr' id='par_1_11' title="bbox 537 981 1661 1063">
     <span class='ocr_line' id='line_1_11' title="bbox 537 981 1661 1063; baseline -0.012 -6"><span class='ocrx_word' id='word_1_58' title='bbox 537 1004 686 1057; x_wconf 82' lang='lat' dir='ltr'><strong><em>meis.</em></strong></span> <span class='ocrx_word' id='word_1_59' title='bbox 721 999 830 1055; x_wconf 84' lang='lat' dir='ltr'><strong><em>Vos</em></strong></span> <span class='ocrx_word' id='word_1_60' title='bbox 871 1007 1044 1051; x_wconf 85' lang='lat' dir='ltr'><strong><em>autem</em></strong></span> <span class='ocrx_word' id='word_1_61' title='bbox 1070 981 1356 1063; x_wconf 66' lang='lat' dir='ltr'><strong><em>inter/idet</em></strong></span> <span class='ocrx_word' id='word_1_62' title='bbox 1386 993 1661 1048; x_wconf 81' lang='lat' dir='ltr'><strong><em>Dominus.</em></strong></span> 
     </span>
    </p>
   </div>
   <div class='ocr_carea' id='block_1_12' title="bbox 619 1165 2130 1247">
    <p class='ocr_par' dir='ltr' id='par_1_12' title="bbox 619 1165 2130 1247">
     <span class='ocr_line' id='line_1_12' title="bbox 619 1165 2130 1247; baseline -0.008 -14"><span class='ocrx_word' id='word_1_63' title='bbox 619 1175 915 1247; x_wconf 86' lang='lat' dir='ltr'><strong><em>Componit</em></strong></span> <span class='ocrx_word' id='word_1_64' title='bbox 939 1188 1156 1244; x_wconf 79' lang='lat' dir='ltr'><strong><em>semper</em></strong></span> <span class='ocrx_word' id='word_1_65' title='bbox 1193 1172 1354 1241; x_wconf 82' lang='lat' dir='ltr'><strong><em>idque</em></strong></span> <span class='ocrx_word' id='word_1_66' title='bbox 1413 1168 1727 1226; x_wconf 80' lang='lat' dir='ltr'><strong><em>necessario</em></strong></span> <span class='ocrx_word' id='word_1_67' title='bbox 1757 1183 1879 1222; x_wconf 83' lang='lat' dir='ltr'><strong><em>cum</em></strong></span> <span class='ocrx_word' id='word_1_68' title='bbox 1911 1165 2130 1222; x_wconf 87' lang='lat' dir='ltr'><strong><em>coronis</em></strong></span> 
     </span>
    </p>
   </div>
   <div class='ocr_carea' id='block_1_13' title="bbox 537 1259 2129 1335">
    <p class='ocr_par' dir='ltr' id='par_1_13' title="bbox 537 1259 2129 1335">
     <span class='ocr_line' id='line_1_13' title="bbox 537 1259 2129 1335; baseline -0.008 -9"><span class='ocrx_word' id='word_1_69' title='bbox 537 1285 830 1334; x_wconf 72' lang='lat' dir='ltr'><strong><em>aerumnas,</em></strong></span> <span class='ocrx_word' id='word_1_70' title='bbox 903 1276 962 1323; x_wconf 87' lang='lat' dir='ltr'><strong><em>ut</em></strong></span> <span class='ocrx_word' id='word_1_71' title='bbox 981 1277 1212 1335; x_wconf 86' lang='lat' dir='ltr'><strong><em>utroque</em></strong></span> <span class='ocrx_word' id='word_1_72' title='bbox 1232 1264 1392 1320; x_wconf 91' lang='lat' dir='ltr'><strong><em>modo</em></strong></span> <span class='ocrx_word' id='word_1_73' title='bbox 1413 1263 1647 1319; x_wconf 78' lang='lat' dir='ltr'><strong><em>adducat</em></strong></span> <span class='ocrx_word' id='word_1_74' title='bbox 1671 1275 1788 1326; x_wconf 89' lang='lat' dir='ltr'><strong><em>eos,</em></strong></span> <span class='ocrx_word' id='word_1_75' title='bbox 1808 1268 1867 1315; x_wconf 91' lang='lat' dir='ltr'><strong><em>ut</em></strong></span> <span class='ocrx_word' id='word_1_76' title='bbox 1891 1259 2129 1315; x_wconf 87' lang='lat' dir='ltr'><strong><em>sentiant</em></strong></span> 
     </span>
    </p>
   </div>
   <div class='ocr_carea' id='block_1_14' title="bbox 537 1354 2127 1434">
    <p class='ocr_par' dir='ltr' id='par_1_14' title="bbox 537 1354 2127 1434">
     <span class='ocr_line' id='line_1_14' title="bbox 537 1354 2127 1434; baseline -0.006 -16"><span class='ocrx_word' id='word_1_77' title='bbox 537 1374 594 1420; x_wconf 87' lang='lat' dir='ltr'><strong><em>et</em></strong></span> <span class='ocrx_word' id='word_1_78' title='bbox 615 1364 820 1420; x_wconf 78' lang='lat' dir='ltr'><strong><em>iaciant</em></strong></span> <span class='ocrx_word' id='word_1_79' title='bbox 843 1376 968 1434; x_wconf 72' lang='lat' dir='ltr'><strong><em>qua:</em></strong></span> <span class='ocrx_word' id='word_1_80' title='bbox 1013 1361 1114 1431; x_wconf 91' lang='lat' dir='ltr'><strong><em>ipsi</em></strong></span> <span class='ocrx_word' id='word_1_81' title='bbox 1146 1360 1388 1430; x_wconf 85' lang='lat' dir='ltr'><strong><em>placent.</em></strong></span> <span class='ocrx_word' id='word_1_82' title='bbox 1421 1358 1559 1426; x_wconf 75' lang='lat' dir='ltr'><strong><em>Nam</em></strong></span> <span class='ocrx_word' id='word_1_83' title='bbox 1613 1355 1769 1412; x_wconf 84' lang='lat' dir='ltr'><strong><em>sicuti</em></strong></span> <span class='ocrx_word' id='word_1_84' title='bbox 1806 1354 2027 1425; x_wconf 63' lang='lat' dir='ltr'><strong><em>praemia</em></strong></span> <span class='ocrx_word' id='word_1_85' title='bbox 2059 1354 2127 1409; x_wconf 86' lang='lat' dir='ltr'><strong><em>ad</em></strong></span> 
     </span>
    </p>
   </div>
   <div class='ocr_carea' id='block_1_15' title="bbox 537 1447 2126 1524">
    <p class='ocr_par' dir='ltr' id='par_1_15' title="bbox 537 1447 2126 1524">
     <span class='ocr_line' id='line_1_15' title="bbox 537 1447 2126 1524; baseline -0.004 -14"><span class='ocrx_word' id='word_1_86' title='bbox 537 1455 754 1512; x_wconf 87' lang='lat' dir='ltr'><strong><em>virtutis</em></strong></span> <span class='ocrx_word' id='word_1_87' title='bbox 783 1454 1116 1524; x_wconf 83' lang='lat' dir='ltr'><strong><em>desiderium</em></strong></span> <span class='ocrx_word' id='word_1_88' title='bbox 1147 1453 1392 1508; x_wconf 79' lang='lat' dir='ltr'><strong><em>inescent</em></strong></span> <span class='ocrx_word' id='word_1_89' title='bbox 1422 1467 1438 1504; x_wconf 87' lang='lat'><strong>:</strong></span> <span class='ocrx_word' id='word_1_90' title='bbox 1481 1452 1562 1505; x_wconf 92' lang='lat' dir='ltr'><strong><em>sic</em></strong></span> <span class='ocrx_word' id='word_1_91' title='bbox 1612 1464 1785 1520; x_wconf 66' lang='lat' dir='ltr'><strong><em>pinnae</em></strong></span> <span class='ocrx_word' id='word_1_92' title='bbox 1853 1447 2126 1504; x_wconf 73' lang='lat' dir='ltr'><strong><em>acerbitas</em></strong></span> 
     </span>
    </p>
   </div>
   <div class='ocr_carea' id='block_1_16' title="bbox 539 1540 2128 1610">
    <p class='ocr_par' dir='ltr' id='par_1_16' title="bbox 539 1540 2128 1610">
     <span class='ocr_line' id='line_1_16' title="bbox 539 1540 2128 1610; baseline -0.005 -8"><span class='ocrx_word' id='word_1_93' title='bbox 539 1562 570 1602; x_wconf 86' lang='lat' dir='ltr'><strong><em>a</em></strong></span> <span class='ocrx_word' id='word_1_94' title='bbox 603 1547 898 1604; x_wconf 83' lang='lat' dir='ltr'><strong><em>vitiositate</em></strong></span> <span class='ocrx_word' id='word_1_95' title='bbox 923 1543 1196 1600; x_wconf 80' lang='lat' dir='ltr'><strong><em>interdum</em></strong></span> <span class='ocrx_word' id='word_1_96' title='bbox 1237 1544 1501 1610; x_wconf 87' lang='lat' dir='ltr'><strong><em>deterret,</em></strong></span> <span class='ocrx_word' id='word_1_97' title='bbox 1535 1550 1592 1596; x_wconf 90' lang='lat' dir='ltr'><strong><em>et</em></strong></span> <span class='ocrx_word' id='word_1_98' title='bbox 1624 1549 1850 1596; x_wconf 79' lang='lat' dir='ltr'><strong><em>revocat</em></strong></span> <span class='ocrx_word' id='word_1_99' title='bbox 1891 1540 1958 1594; x_wconf 90' lang='lat' dir='ltr'><strong><em>ad</em></strong></span> <span class='ocrx_word' id='word_1_100' title='bbox 2013 1554 2128 1594; x_wconf 83' lang='lat' dir='ltr'><strong><em>me-</em></strong></span> 
     </span>
    </p>
   </div>
   <div class='ocr_carea' id='block_1_17' title="bbox 540 1634 2124 1705">
    <p class='ocr_par' dir='ltr' id='par_1_17' title="bbox 540 1634 2124 1705">
     <span class='ocr_line' id='line_1_17' title="bbox 540 1634 2124 1705; baseline -0.003 -15"><span class='ocrx_word' id='word_1_101' title='bbox 540 1637 696 1694; x_wconf 88' lang='lat' dir='ltr'><strong><em>liora.</em></strong></span> <span class='ocrx_word' id='word_1_102' title='bbox 719 1637 1188 1705; x_wconf 28' lang='lat' dir='ltr'><strong><em>Artilic‘iosissime</em></strong></span> <span class='ocrx_word' id='word_1_103' title='bbox 1223 1635 1389 1704; x_wconf 74' lang='lat' dir='ltr'><strong><em>igitur</em></strong></span> <span class='ocrx_word' id='word_1_104' title='bbox 1424 1634 1477 1688; x_wconf 93' lang='lat' dir='ltr'><strong><em>in</em></strong></span> <span class='ocrx_word' id='word_1_105' title='bbox 1537 1634 1751 1689; x_wconf 86' lang='lat' dir='ltr'><strong><em>animos</em></strong></span> <span class='ocrx_word' id='word_1_106' title='bbox 1810 1640 2124 1688; x_wconf 77' lang='lat' dir='ltr'><strong><em>vocatorum</em></strong></span> 
     </span>
    </p>
   </div>
   <div class='ocr_carea' id='block_1_18' title="bbox 538 1727 2126 1799">
    <p class='ocr_par' dir='ltr' id='par_1_18' title="bbox 538 1727 2126 1799">
     <span class='ocr_line' id='line_1_18' title="bbox 538 1727 2126 1799; baseline -0.005 -12"><span class='ocrx_word' id='word_1_107' title='bbox 538 1747 598 1789; x_wconf 89' lang='lat' dir='ltr'><strong><em>se</em></strong></span> <span class='ocrx_word' id='word_1_108' title='bbox 618 1731 876 1796; x_wconf 86' lang='lat' dir='ltr'><strong><em>insinuat,</em></strong></span> <span class='ocrx_word' id='word_1_109' title='bbox 912 1745 1035 1784; x_wconf 90' lang='lat' dir='ltr'><strong><em>cum</em></strong></span> <span class='ocrx_word' id='word_1_110' title='bbox 1073 1728 1294 1799; x_wconf 67' lang='lat' dir='ltr'><strong><em>praemia</em></strong></span> <span class='ocrx_word' id='word_1_111' title='bbox 1319 1727 1445 1782; x_wconf 82' lang='lat' dir='ltr'><strong><em>illis</em></strong></span> <span class='ocrx_word' id='word_1_112' title='bbox 1481 1727 1828 1796; x_wconf 84' lang='lat' dir='ltr'><strong><em>promittens,</em></strong></span> <span class='ocrx_word' id='word_1_113' title='bbox 1859 1734 1974 1782; x_wconf 90' lang='lat' dir='ltr'><strong><em>tum</em></strong></span> <span class='ocrx_word' id='word_1_114' title='bbox 2028 1741 2126 1796; x_wconf 91' lang='lat' dir='ltr'><strong><em>pu-</em></strong></span> 
     </span>
    </p>
   </div>
   <div class='ocr_carea' id='block_1_19' title="bbox 2245 530 3844 604">
    <p class='ocr_par' dir='ltr' id='par_1_19' title="bbox 2245 530 3844 604">
     <span class='ocr_line' id='line_1_19' title="bbox 2245 530 3844 604; baseline -0.001 -15"><span class='ocrx_word' id='word_1_115' title='bbox 2245 534 2392 590; x_wconf 81' lang='grc' dir='ltr'>Ἰδοὺ</span> <span class='ocrx_word' id='word_1_116' title='bbox 2425 537 2480 588; x_wconf 83' lang='grc' dir='ltr'>οὶ</span> <span class='ocrx_word' id='word_1_117' title='bbox 2505 530 2903 598; x_wconf 74' lang='grc' dir='ltr'>δουλεύοντές</span> <span class='ocrx_word' id='word_1_118' title='bbox 2937 544 3040 600; x_wconf 79' lang='grc' dir='ltr'><strong><em>μοι</em></strong></span> <span class='ocrx_word' id='word_1_119' title='bbox 3075 531 3625 600; x_wconf 71' lang='grc' dir='ltr'>εὐφρανθήσονται,</span> <span class='ocrx_word' id='word_1_120' title='bbox 3655 534 3844 604; x_wconf 79' lang='grc' dir='ltr'>ὑμεῖς</span> 
     </span>
    </p>
   </div>
   <div class='ocr_carea' id='block_1_20' title="bbox 2229 621 3840 694">
    <p class='ocr_par' dir='ltr' id='par_1_20' title="bbox 2229 621 3840 694">
     <span class='ocr_line' id='line_1_20' title="bbox 2229 621 3840 694; baseline -0.001 -15"><span class='ocrx_word' id='word_1_121' title='bbox 2229 624 2300 679; x_wconf 79' lang='grc' dir='ltr'>δὲ</span> <span class='ocrx_word' id='word_1_122' title='bbox 2357 625 2867 694; x_wconf 77' lang='grc' dir='ltr'>αὶσχυνθήσεσθε.</span> <span class='ocrx_word' id='word_1_123' title='bbox 2930 621 3086 678; x_wconf 80' lang='grc' dir='ltr'>Ἰδοὺ</span> <span class='ocrx_word' id='word_1_124' title='bbox 3157 627 3209 676; x_wconf 84' lang='lat' dir='ltr'><strong><em>ot</em></strong></span> <span class='ocrx_word' id='word_1_125' title='bbox 3263 623 3676 691; x_wconf 69' lang='grc' dir='ltr'>δουλεύοντες</span> <span class='ocrx_word' id='word_1_126' title='bbox 3732 643 3840 694; x_wconf 85' lang='grc' dir='ltr'><strong><em>μοι</em></strong></span> 
     </span>
    </p>
   </div>
   <div class='ocr_carea' id='block_1_21' title="bbox 2229 713 3842 786">
    <p class='ocr_par' dir='ltr' id='par_1_21' title="bbox 2229 713 3842 786">
     <span class='ocr_line' id='line_1_21' title="bbox 2229 713 3842 786; baseline -0.002 -16"><span class='ocrx_word' id='word_1_127' title='bbox 2229 715 2703 786; x_wconf 71' lang='grc' dir='ltr'>ἀταλλιὰσονται</span> <span class='ocrx_word' id='word_1_128' title='bbox 2721 715 2794 768; x_wconf 71' lang='grc' dir='ltr'><strong><em>ἐν</em></strong></span> <span class='ocrx_word' id='word_1_129' title='bbox 2818 715 3190 783; x_wconf 75' lang='grc' dir='ltr'>εὐφροσύνῃ,</span> <span class='ocrx_word' id='word_1_130' title='bbox 3210 713 3379 782; x_wconf 79' lang='grc' dir='ltr'>ὑμεῖς</span> <span class='ocrx_word' id='word_1_131' title='bbox 3405 713 3476 767; x_wconf 76' lang='grc' dir='ltr'>δὲ</span> <span class='ocrx_word' id='word_1_132' title='bbox 3503 713 3842 782; x_wconf 75' lang='grc' dir='ltr'>κεκράξετε</span> 
     </span>
    </p>
   </div>
   <div class='ocr_carea' id='block_1_22' title="bbox 2227 793 3888 874">
    <p class='ocr_par' dir='ltr' id='par_1_22' title="bbox 2227 793 3888 874">
     <span class='ocr_line' id='line_1_22' title="bbox 2227 793 3888 874; baseline -0.002 -12"><span class='ocrx_word' id='word_1_133' title='bbox 2227 807 2327 862; x_wconf 81' lang='grc' dir='ltr'>διὰ</span> <span class='ocrx_word' id='word_1_134' title='bbox 2354 807 2463 861; x_wconf 79' lang='grc' dir='ltr'><strong><em>τὸν</em></strong></span> <span class='ocrx_word' id='word_1_135' title='bbox 2485 807 2680 860; x_wconf 79' lang='grc' dir='ltr'><strong><em>πόνον</em></strong></span> <span class='ocrx_word' id='word_1_136' title='bbox 2709 805 2821 874; x_wconf 79' lang='grc' dir='ltr'>τῆς</span> <span class='ocrx_word' id='word_1_137' title='bbox 2853 804 3103 873; x_wconf 77' lang='grc' dir='ltr'><strong><em>καρδίας</em></strong></span> <span class='ocrx_word' id='word_1_138' title='bbox 3130 803 3318 874; x_wconf 77' lang='grc' dir='ltr'>ὑμῶν,</span> <span class='ocrx_word' id='word_1_139' title='bbox 3361 804 3463 858; x_wconf 75' lang='grc' dir='ltr'><strong><em>καί</em></strong></span> <span class='ocrx_word' id='word_1_140' title='bbox 3507 805 3626 859; x_wconf 73' lang='grc' dir='ltr'><strong><em>ἀπὸ</em></strong></span> <span class='ocrx_word' id='word_1_141' title='bbox 3675 821 3840 860; x_wconf 74' lang='grc' dir='ltr'>συν-</span> <span class='ocrx_word' id='word_1_142' title='bbox 3866 793 3888 835; x_wconf 52' lang='grc' dir='ltr'>ί</span> 
     </span>
    </p>
   </div>
   <div class='ocr_carea' id='block_1_23' title="bbox 2227 897 3840 971">
    <p class='ocr_par' dir='ltr' id='par_1_23' title="bbox 2227 897 3840 971">
     <span class='ocr_line' id='line_1_23' title="bbox 2227 897 3840 971; baseline -0.001 -17"><span class='ocrx_word' id='word_1_143' title='bbox 2227 899 2436 969; x_wconf 80' lang='grc' dir='ltr'>τριϐῆς</span> <span class='ocrx_word' id='word_1_144' title='bbox 2456 901 2796 969; x_wconf 73' lang='grc' dir='ltr'>πνεύματος</span> <span class='ocrx_word' id='word_1_145' title='bbox 2826 897 3157 958; x_wconf 59' lang='lat' dir='ltr'><strong><em>mutitare.</em></strong></span> <span class='ocrx_word' id='word_1_146' title='bbox 3186 898 3594 971; x_wconf 61' lang='grc' dir='ltr'>Κατελείψατε</span> <span class='ocrx_word' id='word_1_147' title='bbox 3615 899 3742 968; x_wconf 76' lang='grc' dir='ltr'>γὰρ</span> <span class='ocrx_word' id='word_1_148' title='bbox 3769 899 3840 952; x_wconf 79' lang='grc' dir='ltr'>τὸ</span> 
     </span>
    </p>
   </div>
   <div class='ocr_carea' id='block_1_24' title="bbox 2230 989 3837 1062">
    <p class='ocr_par' dir='ltr' id='par_1_24' title="bbox 2230 989 3837 1062">
     <span class='ocr_line' id='line_1_24' title="bbox 2230 989 3837 1062; baseline -0.001 -16"><span class='ocrx_word' id='word_1_149' title='bbox 2230 992 2420 1062; x_wconf 80' lang='grc' dir='ltr'>ὄνομα</span> <span class='ocrx_word' id='word_1_150' title='bbox 2450 992 2620 1060; x_wconf 80' lang='grc' dir='ltr'>ὑμῶν</span> <span class='ocrx_word' id='word_1_151' title='bbox 2646 994 2734 1058; x_wconf 83' lang='grc' dir='ltr'><strong><em>είς</em></strong></span> <span class='ocrx_word' id='word_1_152' title='bbox 2767 989 3138 1060; x_wconf 72' lang='grc' dir='ltr'>πλησμονὴν</span> <span class='ocrx_word' id='word_1_153' title='bbox 3169 989 3298 1054; x_wconf 81' lang='grc' dir='ltr'>τοῖς</span> <span class='ocrx_word' id='word_1_154' title='bbox 3327 989 3632 1057; x_wconf 71' lang='grc' dir='ltr'><strong><em>ἐκλεκτοῖς</em></strong></span> <span class='ocrx_word' id='word_1_155' title='bbox 3661 1008 3799 1060; x_wconf 80' lang='grc' dir='ltr'><strong><em>μου</em></strong></span> <span class='ocrx_word' id='word_1_156' title='bbox 3821 1005 3837 1020; x_wconf 85' lang='grc'><strong>·</strong></span> 
     </span>
    </p>
   </div>
   <div class='ocr_carea' id='block_1_25' title="bbox 2231 1081 2969 1152">
    <p class='ocr_par' dir='ltr' id='par_1_25' title="bbox 2231 1081 2969 1152">
     <span class='ocr_line' id='line_1_25' title="bbox 2231 1081 2969 1152; baseline -0.003 -14"><span class='ocrx_word' id='word_1_157' title='bbox 2231 1081 2389 1152; x_wconf 81' lang='grc' dir='ltr'>ὑμᾶς</span> <span class='ocrx_word' id='word_1_158' title='bbox 2419 1081 2488 1136; x_wconf 80' lang='grc' dir='ltr'>δὲ</span> <span class='ocrx_word' id='word_1_159' title='bbox 2507 1082 2715 1138; x_wconf 72' lang='grc' dir='ltr'>ἀνελεῖ</span> <span class='ocrx_word' id='word_1_160' title='bbox 2734 1083 2969 1151; x_wconf 79' lang='grc' dir='ltr'>Κύριος.</span> 
     </span>
    </p>
   </div>
   <div class='ocr_carea' id='block_1_26' title="bbox 2314 1172 3834 1245">
    <p class='ocr_par' dir='ltr' id='par_1_26' title="bbox 2314 1172 3834 1245">
     <span class='ocr_line' id='line_1_26' title="bbox 2314 1172 3834 1245; baseline -0.001 -18"><span class='ocrx_word' id='word_1_161' title='bbox 2314 1175 2429 1228; x_wconf 78' lang='grc' dir='ltr'><strong><em>Ἀεὶ</em></strong></span> <span class='ocrx_word' id='word_1_162' title='bbox 2477 1173 2848 1245; x_wconf 78' lang='grc' dir='ltr'><strong><em>παρατίθησιν</em></strong></span> <span class='ocrx_word' id='word_1_163' title='bbox 2905 1172 3222 1241; x_wconf 78' lang='grc' dir='ltr'><strong><em>ἀναγκαίως</em></strong></span> <span class='ocrx_word' id='word_1_164' title='bbox 3274 1175 3390 1237; x_wconf 88' lang='grc' dir='ltr'>τοῖς</span> <span class='ocrx_word' id='word_1_165' title='bbox 3436 1173 3726 1243; x_wconf 79' lang='grc' dir='ltr'>στεφάνοις</span> <span class='ocrx_word' id='word_1_166' title='bbox 3759 1172 3834 1227; x_wconf 70' lang='grc' dir='ltr'><strong><em>τὰ</em></strong></span> 
     </span>
    </p>
   </div>
   <div class='ocr_carea' id='block_1_27' title="bbox 2231 1264 3831 1336">
    <p class='ocr_par' dir='ltr' id='par_1_27' title="bbox 2231 1264 3831 1336">
     <span class='ocr_line' id='line_1_27' title="bbox 2231 1264 3831 1336; baseline 0 -17"><span class='ocrx_word' id='word_1_167' title='bbox 2231 1264 2505 1336; x_wconf 78' lang='grc' dir='ltr'>μοχθηρὰ,</span> <span class='ocrx_word' id='word_1_168' title='bbox 2535 1265 2604 1318; x_wconf 87' lang='grc' dir='ltr'><strong><em>δι’</em></strong></span> <span class='ocrx_word' id='word_1_169' title='bbox 2651 1266 2856 1336; x_wconf 76' lang='grc' dir='ltr'>ἀμφοῖν</span> <span class='ocrx_word' id='word_1_170' title='bbox 2894 1265 3190 1335; x_wconf 79' lang='grc' dir='ltr'><strong><em>ἀποφέρων</em></strong></span> <span class='ocrx_word' id='word_1_171' title='bbox 3243 1266 3325 1328; x_wconf 83' lang='grc' dir='ltr'><strong><em>είς</em></strong></span> <span class='ocrx_word' id='word_1_172' title='bbox 3352 1265 3414 1317; x_wconf 82' lang='grc' dir='ltr'><strong><em>τὸ</em></strong></span> <span class='ocrx_word' id='word_1_173' title='bbox 3453 1266 3565 1319; x_wconf 85' lang='grc' dir='ltr'>δεῖν</span> <span class='ocrx_word' id='word_1_174' title='bbox 3605 1266 3831 1320; x_wconf 75' lang='grc' dir='ltr'><strong><em>ἑλέσθαι</em></strong></span> 
     </span>
    </p>
   </div>
   <div class='ocr_carea' id='block_1_28' title="bbox 2227 1356 3944 1429">
    <p class='ocr_par' dir='ltr' id='par_1_28' title="bbox 2227 1356 3944 1429">
     <span class='ocr_line' id='line_1_28' title="bbox 2227 1356 3944 1429; baseline 0 -18"><span class='ocrx_word' id='word_1_175' title='bbox 2227 1357 2296 1412; x_wconf 83' lang='grc' dir='ltr'>τὰ</span> <span class='ocrx_word' id='word_1_176' title='bbox 2321 1358 2630 1428; x_wconf 80' lang='grc' dir='ltr'>ἀρέσκοντα</span> <span class='ocrx_word' id='word_1_177' title='bbox 2659 1356 2831 1427; x_wconf 84' lang='grc' dir='ltr'>αὑτῷ,</span> <span class='ocrx_word' id='word_1_178' title='bbox 2853 1357 2948 1410; x_wconf 75' lang='grc' dir='ltr'>καὶ</span> <span class='ocrx_word' id='word_1_179' title='bbox 2974 1360 3193 1427; x_wconf 80' lang='grc' dir='ltr'>φρονεῖν</span> <span class='ocrx_word' id='word_1_180' title='bbox 3221 1373 3281 1410; x_wconf 88' lang='grc' dir='ltr'><strong><em>τε</em></strong></span> <span class='ocrx_word' id='word_1_181' title='bbox 3317 1358 3411 1411; x_wconf 78' lang='grc' dir='ltr'>καὶ</span> <span class='ocrx_word' id='word_1_182' title='bbox 3443 1357 3610 1428; x_wconf 75' lang='grc' dir='ltr'><strong><em>δρᾷν⁹</em></strong></span> <span class='ocrx_word' id='word_1_183' title='bbox 3632 1357 3833 1429; x_wconf 81' lang='grc' dir='ltr'>ῶσπερ</span> <span class='ocrx_word' id='word_1_184' title='bbox 3931 1409 3944 1420; x_wconf 65' lang='grc'>,</span> 
     </span>
    </p>
   </div>
   <div class='ocr_carea' id='block_1_29' title="bbox 2228 1448 3830 1521">
    <p class='ocr_par' dir='ltr' id='par_1_29' title="bbox 2228 1448 3830 1521">
     <span class='ocr_line' id='line_1_29' title="bbox 2228 1448 3830 1521; baseline 0.001 -18"><span class='ocrx_word' id='word_1_185' title='bbox 2228 1448 2337 1520; x_wconf 79' lang='grc' dir='ltr'>γὰρ</span> <span class='ocrx_word' id='word_1_186' title='bbox 2385 1449 2680 1518; x_wconf 81' lang='grc' dir='ltr'>σαγηνεύει</span> <span class='ocrx_word' id='word_1_187' title='bbox 2713 1448 2780 1501; x_wconf 81' lang='grc' dir='ltr'>τὰ</span> <span class='ocrx_word' id='word_1_188' title='bbox 2815 1448 2962 1520; x_wconf 82' lang='grc' dir='ltr'>γέρα</span> <span class='ocrx_word' id='word_1_189' title='bbox 3021 1448 3158 1521; x_wconf 85' lang='grc' dir='ltr'>πρὸς</span> <span class='ocrx_word' id='word_1_190' title='bbox 3200 1448 3396 1518; x_wconf 76' lang='grc' dir='ltr'>ἄφεσιν</span> <span class='ocrx_word' id='word_1_191' title='bbox 3433 1449 3654 1520; x_wconf 82' lang='grc' dir='ltr'>ἀρετῆς,</span> <span class='ocrx_word' id='word_1_192' title='bbox 3681 1450 3830 1504; x_wconf 78' lang='grc' dir='ltr'>οὕτω</span> 
     </span>
    </p>
   </div>
   <div class='ocr_carea' id='block_1_30' title="bbox 2227 1539 3824 1613">
    <p class='ocr_par' dir='ltr' id='par_1_30' title="bbox 2227 1539 3824 1613">
     <span class='ocr_line' id='line_1_30' title="bbox 2227 1539 3824 1613; baseline 0.016 -37"><span class='ocrx_word' id='word_1_193' title='bbox 2227 1541 2329 1611; x_wconf 68' lang='grc' dir='ltr'><strong><em>τῆς</em></strong></span> <span class='ocrx_word' id='word_1_194' title='bbox 2355 1540 2512 1611; x_wconf 78' lang='grc' dir='ltr'>δίκης</span> <span class='ocrx_word' id='word_1_195' title='bbox 2540 1539 2600 1592; x_wconf 82' lang='grc' dir='ltr'>τὸ</span> <span class='ocrx_word' id='word_1_196' title='bbox 2633 1540 2840 1610; x_wconf 75' lang='grc' dir='ltr'>’πικρὸν</span> <span class='ocrx_word' id='word_1_197' title='bbox 2880 1539 3126 1610; x_wconf 73' lang='grc' dir='ltr'><strong><em>ἐξίστησι</em></strong></span> <span class='ocrx_word' id='word_1_198' title='bbox 3159 1540 3259 1610; x_wconf 78' lang='grc' dir='ltr'>μὲν</span> <span class='ocrx_word' id='word_1_199' title='bbox 3291 1541 3416 1594; x_wconf 65' lang='grc' dir='ltr'><strong><em>ἔσθ’Δ</em></strong></span> <span class='ocrx_word' id='word_1_200' title='bbox 3443 1542 3532 1594; x_wconf 79' lang='grc' dir='ltr'>ὅτε</span> <span class='ocrx_word' id='word_1_201' title='bbox 3564 1543 3675 1595; x_wconf 90' lang='grc' dir='ltr'><strong><em>τῶν</em></strong></span> <span class='ocrx_word' id='word_1_202' title='bbox 3721 1544 3824 1613; x_wconf 79' lang='grc' dir='ltr'>τῆς</span> 
     </span>
    </p>
   </div>
   <div class='ocr_carea' id='block_1_31' title="bbox 2229 1631 3818 1704">
    <p class='ocr_par' dir='ltr' id='par_1_31' title="bbox 2229 1631 3818 1704">
     <span class='ocr_line' id='line_1_31' title="bbox 2229 1631 3818 1704; baseline 0.001 -18"><span class='ocrx_word' id='word_1_203' title='bbox 2229 1632 2566 1704; x_wconf 84' lang='grc' dir='ltr'>φαυλότητος</span> <span class='ocrx_word' id='word_1_204' title='bbox 2599 1631 2851 1703; x_wconf 84' lang='grc' dir='ltr'>τρόπων,</span> <span class='ocrx_word' id='word_1_205' title='bbox 2888 1631 3181 1701; x_wconf 87' lang='grc' dir='ltr'>μετασοϐεῖ</span> <span class='ocrx_word' id='word_1_206' title='bbox 3212 1631 3270 1684; x_wconf 82' lang='grc' dir='ltr'>δὲ</span> <span class='ocrx_word' id='word_1_207' title='bbox 3310 1633 3457 1703; x_wconf 78' lang='grc' dir='ltr'>πρὸς</span> <span class='ocrx_word' id='word_1_208' title='bbox 3493 1633 3558 1686; x_wconf 82' lang='grc' dir='ltr'><strong><em>τὰ</em></strong></span> <span class='ocrx_word' id='word_1_209' title='bbox 3599 1633 3818 1702; x_wconf 79' lang='grc' dir='ltr'><strong><em>βελτίω.</em></strong></span> 
     </span>
    </p>
   </div>
   <div class='ocr_carea' id='block_1_32' title="bbox 2230 1722 3822 1797">
    <p class='ocr_par' dir='ltr' id='par_1_32' title="bbox 2230 1722 3822 1797">
     <span class='ocr_line' id='line_1_32' title="bbox 2230 1722 3822 1797; baseline 0.001 -20"><span class='ocrx_word' id='word_1_210' title='bbox 2230 1724 2640 1795; x_wconf 69' lang='grc' dir='ltr'>Εὑτὲχνέστατα</span> <span class='ocrx_word' id='word_1_211' title='bbox 2665 1723 2846 1777; x_wconf 78' lang='grc' dir='ltr'>τοίνυν</span> <span class='ocrx_word' id='word_1_212' title='bbox 2867 1722 2965 1787; x_wconf 82' lang='grc' dir='ltr'>τὰς</span> <span class='ocrx_word' id='word_1_213' title='bbox 3001 1723 3111 1777; x_wconf 89' lang='grc' dir='ltr'><strong><em>τῶν</em></strong></span> <span class='ocrx_word' id='word_1_214' title='bbox 3142 1723 3495 1794; x_wconf 77' lang='grc' dir='ltr'>καλουμένων</span> <span class='ocrx_word' id='word_1_215' title='bbox 3532 1725 3822 1797; x_wconf 82' lang='grc' dir='ltr'>ὑποτρέχει</span> 
     </span>
    </p>
   </div>
   <div class='ocr_carea' id='block_1_33' title="bbox 542 1814 2134 1886">
    <p class='ocr_par' dir='ltr' id='par_1_33' title="bbox 542 1818 2122 1886">
     <span class='ocr_line' id='line_1_33' title="bbox 542 1818 2122 1886; baseline -0.004 -8"><span class='ocrx_word' id='word_1_216' title='bbox 542 1823 805 1878; x_wconf 84' lang='lat' dir='ltr'><strong><em>ultionem</em></strong></span> <span class='ocrx_word' id='word_1_217' title='bbox 855 1821 1145 1878; x_wconf 85' lang='lat' dir='ltr'><strong><em>minitans.</em></strong></span> <span class='ocrx_word' id='word_1_218' title='bbox 1183 1839 1202 1872; x_wconf 77' lang='grc' dir='ltr'><strong><em>ι</em></strong></span> <span class='ocrx_word' id='word_1_219' title='bbox 1269 1818 1570 1874; x_wconf 88' lang='lat' dir='ltr'><strong><em>Comedent</em></strong></span> <span class='ocrx_word' id='word_1_220' title='bbox 1613 1819 1780 1886; x_wconf 90' lang='lat' dir='ltr'><strong><em>enim,</em></strong></span> <span class='ocrx_word' id='word_1_221' title='bbox 1818 1836 1838 1870; x_wconf 74' lang='grc' dir='ltr'><strong><em>ι</em></strong></span> <span class='ocrx_word' id='word_1_222' title='bbox 1927 1818 2122 1886; x_wconf 88' lang='lat' dir='ltr'><strong><em>inquit,</em></strong></span> 
     </span>
    </p>
   </div>
   <div class='ocr_carea' id='block_1_34' title="bbox 2236 1814 3816 1886">
    <p class='ocr_par' dir='ltr' id='par_1_34' title="bbox 2236 1814 3816 1885">
     <span class='ocr_line' id='line_1_34' title="bbox 2236 1814 3816 1885; baseline 0.001 -16"><span class='ocrx_word' id='word_1_223' title='bbox 2236 1814 2485 1879; x_wconf 66' lang='grc' dir='ltr'>διανοίας,</span> <span class='ocrx_word' id='word_1_224' title='bbox 2522 1814 2664 1884; x_wconf 82' lang='grc' dir='ltr'>γέρα</span> <span class='ocrx_word' id='word_1_225' title='bbox 2695 1831 2755 1868; x_wconf 90' lang='grc' dir='ltr'><strong><em>τε</em></strong></span> <span class='ocrx_word' id='word_1_226' title='bbox 2781 1814 3214 1885; x_wconf 82' lang='grc' dir='ltr'>ὑπισχνούμενος</span> <span class='ocrx_word' id='word_1_227' title='bbox 3258 1816 3466 1879; x_wconf 77' lang='grc' dir='ltr'>αὐτοῖς,</span> <span class='ocrx_word' id='word_1_228' title='bbox 3513 1816 3610 1869; x_wconf 77' lang='grc' dir='ltr'>καὶ</span> <span class='ocrx_word' id='word_1_229' title='bbox 3654 1817 3816 1871; x_wconf 73' lang='grc' dir='ltr'>κολά-</span> 
     </span>
    </p>
   </div>
   <div class='ocr_carea' id='block_1_35' title="bbox 547 1909 2128 1985">
    <p class='ocr_par' dir='ltr' id='par_1_35' title="bbox 547 1909 2128 1985">
     <span class='ocr_line' id='line_1_35' title="bbox 547 1909 2128 1985; baseline -0.004 -15"><span class='ocrx_word' id='word_1_230' title='bbox 547 1915 686 1985; x_wconf 74' lang='grc' dir='ltr'>ιιιυί</span> <span class='ocrx_word' id='word_1_231' title='bbox 719 1913 963 1970; x_wconf 87' lang='lat' dir='ltr'><strong><em>serviunt</em></strong></span> <span class='ocrx_word' id='word_1_232' title='bbox 1020 1912 1271 1978; x_wconf 87' lang='lat' dir='ltr'><strong><em>mihi;at</em></strong></span> <span class='ocrx_word' id='word_1_233' title='bbox 1332 1926 1429 1966; x_wconf 86' lang='lat' dir='ltr'><strong><em>vos</em></strong></span> <span class='ocrx_word' id='word_1_234' title='bbox 1490 1911 1760 1967; x_wconf 88' lang='lat' dir='ltr'><strong><em>esurietis.</em></strong></span> <span class='ocrx_word' id='word_1_235' title='bbox 1820 1911 1886 1965; x_wconf 87' lang='lat' dir='ltr'><strong><em>Et</em></strong></span> <span class='ocrx_word' id='word_1_236' title='bbox 1941 1909 2128 1964; x_wconf 88' lang='lat' dir='ltr'><strong><em>bibent</em></strong></span> 
     </span>
    </p>
   </div>
   <div class='ocr_carea' id='block_1_36' title="bbox 543 2001 2160 2072">
    <p class='ocr_par' dir='ltr' id='par_1_36' title="bbox 543 2001 2160 2072">
     <span class='ocr_line' id='line_1_36' title="bbox 543 2001 2160 2072; baseline -0.003 -12"><span class='ocrx_word' id='word_1_237' title='bbox 543 2008 641 2072; x_wconf 85' lang='lat' dir='ltr'><strong><em>illi,</em></strong></span> <span class='ocrx_word' id='word_1_238' title='bbox 691 2014 747 2060; x_wconf 87' lang='lat' dir='ltr'><strong><em>et</em></strong></span> <span class='ocrx_word' id='word_1_239' title='bbox 775 2004 974 2060; x_wconf 88' lang='lat' dir='ltr'><strong><em>sitietis</em></strong></span> <span class='ocrx_word' id='word_1_240' title='bbox 1001 2018 1118 2058; x_wconf 89' lang='lat' dir='ltr'><strong><em>vos.</em></strong></span> <span class='ocrx_word' id='word_1_241' title='bbox 1161 2022 1180 2056; x_wconf 74' lang='grc' dir='ltr'><strong><em>ι</em></strong></span> <span class='ocrx_word' id='word_1_242' title='bbox 1229 2002 1607 2058; x_wconf 88' lang='lat' dir='ltr'><strong><em>Gaudentibus</em></strong></span> <span class='ocrx_word' id='word_1_243' title='bbox 1649 2002 1776 2070; x_wconf 82' lang='lat' dir='ltr'><strong><em>illis,</em></strong></span> <span class='ocrx_word' id='word_1_244' title='bbox 1818 2017 1917 2058; x_wconf 87' lang='lat' dir='ltr'><strong><em>vos</em></strong></span> <span class='ocrx_word' id='word_1_245' title='bbox 1973 2001 2160 2070; x_wconf 70' lang='grc' dir='ltr'>ἱειιοο-</span> 
     </span>
    </p>
   </div>
   <div class='ocr_carea' id='block_1_37' title="bbox 544 2093 2128 2165">
    <p class='ocr_par' dir='ltr' id='par_1_37' title="bbox 544 2093 2128 2165">
     <span class='ocr_line' id='line_1_37' title="bbox 544 2093 2128 2165; baseline -0.002 -14"><span class='ocrx_word' id='word_1_246' title='bbox 544 2096 708 2151; x_wconf 89' lang='lat' dir='ltr'><strong><em>minia</em></strong></span> <span class='ocrx_word' id='word_1_247' title='bbox 738 2094 1073 2150; x_wconf 82' lang='lat' dir='ltr'><strong><em>alliciemini.</em></strong></span> <span class='ocrx_word' id='word_1_248' title='bbox 1104 2093 1241 2149; x_wconf 85' lang='lat' dir='ltr'><strong><em>Nam</em></strong></span> <span class='ocrx_word' id='word_1_249' title='bbox 1289 2095 1380 2165; x_wconf 86' lang='lat' dir='ltr'><strong><em>qui</em></strong></span> <span class='ocrx_word' id='word_1_250' title='bbox 1433 2103 1624 2148; x_wconf 89' lang='lat' dir='ltr'><strong><em>natura</em></strong></span> <span class='ocrx_word' id='word_1_251' title='bbox 1691 2103 1746 2149; x_wconf 90' lang='lat' dir='ltr'><strong><em>et</em></strong></span> <span class='ocrx_word' id='word_1_252' title='bbox 1796 2108 1922 2148; x_wconf 83' lang='lat' dir='ltr'><strong><em>vere</em></strong></span> <span class='ocrx_word' id='word_1_253' title='bbox 1960 2094 2128 2149; x_wconf 86' lang='lat' dir='ltr'><strong><em>Deum</em></strong></span> 
     </span>
    </p>
   </div>
   <div class='ocr_carea' id='block_1_38' title="bbox 543 2185 2129 2258">
    <p class='ocr_par' dir='ltr' id='par_1_38' title="bbox 543 2185 2129 2258">
     <span class='ocr_line' id='line_1_38' title="bbox 543 2185 2129 2258; baseline 0.001 -18"><span class='ocrx_word' id='word_1_254' title='bbox 543 2189 880 2258; x_wconf 74' lang='lat' dir='ltr'><strong><em>agnoverint,</em></strong></span> <span class='ocrx_word' id='word_1_255' title='bbox 912 2197 1020 2242; x_wconf 86' lang='lat' dir='ltr'><strong><em>eta</em></strong></span> <span class='ocrx_word' id='word_1_256' title='bbox 1079 2185 1217 2242; x_wconf 80' lang='lat' dir='ltr'><strong><em>falso</em></strong></span> <span class='ocrx_word' id='word_1_257' title='bbox 1284 2186 1615 2256; x_wconf 76' lang='lat' dir='ltr'><strong><em>nuncupatis</em></strong></span> <span class='ocrx_word' id='word_1_258' title='bbox 1652 2185 1756 2241; x_wconf 88' lang='lat' dir='ltr'><strong><em>diis</em></strong></span> <span class='ocrx_word' id='word_1_259' title='bbox 1813 2185 2129 2249; x_wconf 86' lang='lat' dir='ltr'><strong><em>resilierint,</em></strong></span> 
     </span>
    </p>
   </div>
   <div class='ocr_carea' id='block_1_39' title="bbox 544 2277 2132 2350">
    <p class='ocr_par' dir='ltr' id='par_1_39' title="bbox 544 2277 2132 2350">
     <span class='ocr_line' id='line_1_39' title="bbox 544 2277 2132 2350; baseline 0.001 -19"><span class='ocrx_word' id='word_1_260' title='bbox 544 2281 774 2350; x_wconf 81' lang='lat' dir='ltr'><strong><em>verique</em></strong></span> <span class='ocrx_word' id='word_1_261' title='bbox 815 2280 994 2335; x_wconf 90' lang='lat' dir='ltr'><strong><em>cultus</em></strong></span> <span class='ocrx_word' id='word_1_262' title='bbox 1074 2279 1533 2350; x_wconf 85' lang='lat' dir='ltr'><strong><em>pulchritudinem</em></strong></span> <span class='ocrx_word' id='word_1_263' title='bbox 1563 2277 1846 2332; x_wconf 66' lang='lat' dir='ltr'><strong><em>~admirati</em></strong></span> <span class='ocrx_word' id='word_1_264' title='bbox 1911 2277 2132 2344; x_wconf 76' lang='lat' dir='ltr'><strong><em>fuerint,</em></strong></span> 
     </span>
    </p>
   </div>
   <div class='ocr_carea' id='block_1_40' title="bbox 542 2369 2137 2441">
    <p class='ocr_par' dir='ltr' id='par_1_40' title="bbox 542 2369 2137 2441">
     <span class='ocr_line' id='line_1_40' title="bbox 542 2369 2137 2441; baseline 0 -17"><span class='ocrx_word' id='word_1_265' title='bbox 542 2372 940 2427; x_wconf 90' lang='lat' dir='ltr'><strong><em>deliciabuntur</em></strong></span> <span class='ocrx_word' id='word_1_266' title='bbox 972 2385 1102 2426; x_wconf 86' lang='lat' dir='ltr'><strong><em>vere</em></strong></span> <span class='ocrx_word' id='word_1_267' title='bbox 1129 2372 1341 2441; x_wconf 80' lang='lat' dir='ltr'><strong><em>superis</em></strong></span> <span class='ocrx_word' id='word_1_268' title='bbox 1374 2369 1869 2436; x_wconf 81' lang='lat' dir='ltr'><strong><em>benedictionibus,</em></strong></span> <span class='ocrx_word' id='word_1_269' title='bbox 1892 2371 2137 2441; x_wconf 78' lang='lat' dir='ltr'><strong><em>saginan-</em></strong></span> 
     </span>
    </p>
   </div>
   <div class='ocr_carea' id='block_1_41' title="bbox 548 2460 2135 2526">
    <p class='ocr_par' dir='ltr' id='par_1_41' title="bbox 548 2460 2135 2526">
     <span class='ocr_line' id='line_1_41' title="bbox 548 2460 2135 2526; baseline -0.001 -10"><span class='ocrx_word' id='word_1_270' title='bbox 548 2471 630 2516; x_wconf 88' lang='lat' dir='ltr'><strong><em>tes</em></strong></span> <span class='ocrx_word' id='word_1_271' title='bbox 656 2461 845 2526; x_wconf 88' lang='lat' dir='ltr'><strong><em>corda,</em></strong></span> <span class='ocrx_word' id='word_1_272' title='bbox 909 2471 965 2517; x_wconf 87' lang='lat' dir='ltr'><strong><em>et</em></strong></span> <span class='ocrx_word' id='word_1_273' title='bbox 1026 2462 1352 2516; x_wconf 82' lang='lat' dir='ltr'><strong><em>accedentes</em></strong></span> <span class='ocrx_word' id='word_1_274' title='bbox 1402 2461 1470 2516; x_wconf 91' lang='lat' dir='ltr'><strong><em>ad</em></strong></span> <span class='ocrx_word' id='word_1_275' title='bbox 1537 2460 1813 2516; x_wconf 78' lang='lat' dir='ltr'><strong><em>viviﬁcam</em></strong></span> <span class='ocrx_word' id='word_1_276' title='bbox 1892 2475 2135 2517; x_wconf 89' lang='lat' dir='ltr'><strong><em>mensam</em></strong></span> 
     </span>
    </p>
   </div>
   <div class='ocr_carea' id='block_1_42' title="bbox 545 2551 2136 2623">
    <p class='ocr_par' dir='ltr' id='par_1_42' title="bbox 545 2551 2136 2623">
     <span class='ocr_line' id='line_1_42' title="bbox 545 2551 2136 2623; baseline 0 -15"><span class='ocrx_word' id='word_1_277' title='bbox 545 2553 784 2608; x_wconf 89' lang='lat' dir='ltr'><strong><em>omnium</em></strong></span> <span class='ocrx_word' id='word_1_278' title='bbox 829 2562 1072 2609; x_wconf 89' lang='lat' dir='ltr'><strong><em>nostrum</em></strong></span> <span class='ocrx_word' id='word_1_279' title='bbox 1091 2551 1402 2608; x_wconf 86' lang='lat' dir='ltr'><strong><em>Servatoris</em></strong></span> <span class='ocrx_word' id='word_1_280' title='bbox 1431 2552 1666 2618; x_wconf 85' lang='lat' dir='ltr'><strong><em>Christi,</em></strong></span> <span class='ocrx_word' id='word_1_281' title='bbox 1703 2561 1760 2608; x_wconf 92' lang='lat' dir='ltr'><strong><em>et</em></strong></span> <span class='ocrx_word' id='word_1_282' title='bbox 1785 2567 1986 2623; x_wconf 87' lang='lat' dir='ltr'><strong><em>panem</em></strong></span> <span class='ocrx_word' id='word_1_283' title='bbox 2011 2552 2136 2608; x_wconf 63' lang='lat' dir='ltr'><strong><em>vita</em></strong></span> 
     </span>
    </p>
   </div>
   <div class='ocr_carea' id='block_1_43' title="bbox 545 2641 2136 2711">
    <p class='ocr_par' dir='ltr' id='par_1_43' title="bbox 545 2641 2136 2711">
     <span class='ocr_line' id='line_1_43' title="bbox 545 2641 2136 2711; baseline 0.001 -15"><span class='ocrx_word' id='word_1_284' title='bbox 545 2641 787 2707; x_wconf 79' lang='lat' dir='ltr'><strong><em>edentes,</em></strong></span> <span class='ocrx_word' id='word_1_285' title='bbox 846 2650 904 2696; x_wconf 90' lang='lat' dir='ltr'><strong><em>et</em></strong></span> <span class='ocrx_word' id='word_1_286' title='bbox 961 2641 1201 2695; x_wconf 87' lang='lat' dir='ltr'><strong><em>divinum</em></strong></span> <span class='ocrx_word' id='word_1_287' title='bbox 1260 2649 1443 2710; x_wconf 91' lang='lat' dir='ltr'><strong><em>potum</em></strong></span> <span class='ocrx_word' id='word_1_288' title='bbox 1502 2641 1774 2708; x_wconf 82' lang='lat' dir='ltr'><strong><em>bibentes,</em></strong></span> <span class='ocrx_word' id='word_1_289' title='bbox 1825 2657 1924 2710; x_wconf 88' lang='lat' dir='ltr'><strong><em>per</em></strong></span> <span class='ocrx_word' id='word_1_290' title='bbox 1975 2657 2136 2711; x_wconf 86' lang='lat' dir='ltr'><strong><em>quem</em></strong></span> 
     </span>
    </p>
   </div>
   <div class='ocr_carea' id='block_1_44' title="bbox 547 2716 2137 2804">
    <p class='ocr_par' dir='ltr' id='par_1_44' title="bbox 547 2716 2137 2804">
     <span class='ocr_line' id='line_1_44' title="bbox 547 2716 2137 2804; baseline 0 -16"><span class='ocrx_word' id='word_1_291' title='bbox 547 2736 681 2789; x_wconf 80' lang='lat' dir='ltr'><strong><em>nant</em></strong></span> <span class='ocrx_word' id='word_1_292' title='bbox 710 2747 919 2804; x_wconf 70' lang='lat' dir='ltr'><strong><em>supera:</em></strong></span> <span class='ocrx_word' id='word_1_293' title='bbox 999 2731 1289 2802; x_wconf 81' lang='lat' dir='ltr'><strong><em>voluptatis</em></strong></span> <span class='ocrx_word' id='word_1_294' title='bbox 1357 2731 1696 2802; x_wconf 86' lang='lat' dir='ltr'><strong><em>participes:</em></strong></span> <span class='ocrx_word' id='word_1_295' title='bbox 1746 2716 2137 2804; x_wconf 7' lang='lat' dir='ltr'><strong><em>purgatienim</em></strong></span> 
     </span>
    </p>
   </div>
   <div class='ocr_carea' id='block_1_45' title="bbox 547 2823 2140 2896">
    <p class='ocr_par' dir='ltr' id='par_1_45' title="bbox 547 2823 2140 2896">
     <span class='ocr_line' id='line_1_45' title="bbox 547 2823 2140 2896; baseline -0.001 -15"><span class='ocrx_word' id='word_1_296' title='bbox 547 2835 796 2895; x_wconf 87' lang='lat' dir='ltr'><strong><em>peccata,</em></strong></span> <span class='ocrx_word' id='word_1_297' title='bbox 845 2840 910 2881; x_wconf 89' lang='lat' dir='ltr'><strong><em>ac</em></strong></span> <span class='ocrx_word' id='word_1_298' title='bbox 946 2823 1187 2881; x_wconf 87' lang='lat' dir='ltr'><strong><em>dolorem</em></strong></span> <span class='ocrx_word' id='word_1_299' title='bbox 1227 2823 1441 2891; x_wconf 79' lang='lat' dir='ltr'><strong><em>eximit,</em></strong></span> <span class='ocrx_word' id='word_1_300' title='bbox 1523 2824 1884 2896; x_wconf 86' lang='lat' dir='ltr'><strong><em>suppliciique</em></strong></span> <span class='ocrx_word' id='word_1_301' title='bbox 1937 2834 2140 2881; x_wconf 89' lang='lat' dir='ltr'><strong><em>metum</em></strong></span> 
     </span>
    </p>
   </div>
   <div class='ocr_carea' id='block_1_46' title="bbox 547 2915 2141 2973">
    <p class='ocr_par' dir='ltr' id='par_1_46' title="bbox 547 2915 2141 2973">
     <span class='ocr_line' id='line_1_46' title="bbox 547 2915 2141 2973; baseline 0 0"><span class='ocrx_word' id='word_1_302' title='bbox 547 2933 655 2973; x_wconf 85' lang='lat' dir='ltr'><strong><em>non</em></strong></span> <span class='ocrx_word' id='word_1_303' title='bbox 693 2918 825 2973; x_wconf 85' lang='lat' dir='ltr'><strong><em>sinit</em></strong></span> <span class='ocrx_word' id='word_1_304' title='bbox 865 2917 1075 2972; x_wconf 81' lang='lat' dir='ltr'><strong><em>animas</em></strong></span> <span class='ocrx_word' id='word_1_305' title='bbox 1102 2925 1316 2972; x_wconf 85' lang='lat' dir='ltr'><strong><em>nostras</em></strong></span> <span class='ocrx_word' id='word_1_306' title='bbox 1349 2917 1599 2972; x_wconf 84' lang='lat' dir='ltr'><strong><em>obruere.</em></strong></span> <span class='ocrx_word' id='word_1_307' title='bbox 1639 2915 1931 2972; x_wconf 70' lang='lat' dir='ltr'><strong><em>’Ltetamur</em></strong></span> <span class='ocrx_word' id='word_1_308' title='bbox 1991 2918 2141 2973; x_wconf 87' lang='lat' dir='ltr'><strong><em>enim</em></strong></span> 
     </span>
    </p>
   </div>
   <div class='ocr_carea' id='block_1_47' title="bbox 548 3009 2145 3083">
    <p class='ocr_par' dir='ltr' id='par_1_47' title="bbox 548 3009 2145 3083">
     <span class='ocr_line' id='line_1_47' title="bbox 548 3009 2145 3083; baseline -0.001 -16"><span class='ocrx_word' id='word_1_309' title='bbox 548 3013 728 3083; x_wconf 85' lang='lat' dir='ltr'><strong><em>potius</em></strong></span> <span class='ocrx_word' id='word_1_310' title='bbox 754 3026 850 3081; x_wconf 88' lang='lat' dir='ltr'><strong><em>spe</em></strong></span> <span class='ocrx_word' id='word_1_311' title='bbox 881 3012 1169 3074; x_wconf 91' lang='lat' dir='ltr'><strong><em>bonorum,</em></strong></span> <span class='ocrx_word' id='word_1_312' title='bbox 1204 3025 1326 3080; x_wconf 67' lang='lat' dir='ltr'><strong><em>qua:</em></strong></span> <span class='ocrx_word' id='word_1_313' title='bbox 1373 3010 1640 3065; x_wconf 87' lang='lat' dir='ltr'><strong><em>destinata</em></strong></span> <span class='ocrx_word' id='word_1_314' title='bbox 1706 3025 1828 3066; x_wconf 89' lang='lat' dir='ltr'><strong><em>esse</em></strong></span> <span class='ocrx_word' id='word_1_315' title='bbox 1881 3009 2145 3082; x_wconf 76' lang='lat' dir='ltr'><strong><em>diligenti-</em></strong></span> 
     </span>
    </p>
   </div>
   <div class='ocr_carea' id='block_1_48' title="bbox 548 3100 2138 3167">
    <p class='ocr_par' dir='ltr' id='par_1_48' title="bbox 548 3100 2138 3167">
     <span class='ocr_line' id='line_1_48' title="bbox 548 3100 2138 3167; baseline -0.001 -11"><span class='ocrx_word' id='word_1_316' title='bbox 548 3104 652 3156; x_wconf 90' lang='lat' dir='ltr'><strong><em>bus</em></strong></span> <span class='ocrx_word' id='word_1_317' title='bbox 715 3101 883 3156; x_wconf 85' lang='lat' dir='ltr'><strong><em>Deum</em></strong></span> <span class='ocrx_word' id='word_1_318' title='bbox 959 3100 1204 3156; x_wconf 78' lang='lat' dir='ltr'><strong><em>referunt</em></strong></span> <span class='ocrx_word' id='word_1_319' title='bbox 1258 3115 1428 3156; x_wconf 68' lang='lat' dir='ltr'><strong><em>sacrae</em></strong></span> <span class='ocrx_word' id='word_1_320' title='bbox 1464 3101 1702 3156; x_wconf 70' lang='lat' dir='ltr'><strong><em>Litterae.</em></strong></span> <span class='ocrx_word' id='word_1_321' title='bbox 1737 3118 1756 3151; x_wconf 77' lang='grc' dir='ltr'><strong><em>ι</em></strong></span> <span class='ocrx_word' id='word_1_322' title='bbox 1801 3101 1907 3156; x_wconf 86' lang='lat' dir='ltr'><strong><em>Sed</em></strong></span> <span class='ocrx_word' id='word_1_323' title='bbox 1956 3115 2073 3167; x_wconf 88' lang='lat' dir='ltr'><strong><em>vos,</em></strong></span> <span class='ocrx_word' id='word_1_324' title='bbox 2117 3119 2138 3154; x_wconf 71' lang='grc' dir='ltr'><strong><em>ι</em></strong></span> 
     </span>
    </p>
   </div>
   <div class='ocr_carea' id='block_1_49' title="bbox 2229 1905 3808 1978">
    <p class='ocr_par' dir='ltr' id='par_1_49' title="bbox 2229 1905 3808 1978">
     <span class='ocr_line' id='line_1_49' title="bbox 2229 1905 3808 1978; baseline 0 -20"><span class='ocrx_word' id='word_1_325' title='bbox 2229 1922 2346 1969; x_wconf 83' lang='grc' dir='ltr'>σεις</span> <span class='ocrx_word' id='word_1_326' title='bbox 2388 1905 2652 1961; x_wconf 81' lang='grc' dir='ltr'><strong><em>ἀπειλῶν.</em></strong></span> <span class='ocrx_word' id='word_1_327' title='bbox 2686 1924 2706 1957; x_wconf 83' lang='grc' dir='ltr'><strong><em>ι</em></strong></span> <span class='ocrx_word' id='word_1_328' title='bbox 2732 1905 3011 1974; x_wconf 73' lang='grc' dir='ltr'>.Φάγονται</span> <span class='ocrx_word' id='word_1_329' title='bbox 3039 1907 3152 1978; x_wconf 87' lang='grc' dir='ltr'><strong><em>γὰρ</em></strong></span> <span class='ocrx_word' id='word_1_330' title='bbox 3195 1908 3246 1960; x_wconf 74' lang='grc' dir='ltr'>οἱ</span> <span class='ocrx_word' id='word_1_331' title='bbox 3277 1906 3620 1972; x_wconf 70' lang='grc' dir='ltr'><strong><em>δουλεύοντες</em></strong></span> <span class='ocrx_word' id='word_1_332' title='bbox 3654 1926 3764 1978; x_wconf 84' lang='grc' dir='ltr'>μοι,</span> <span class='ocrx_word' id='word_1_333' title='bbox 3791 1927 3808 1958; x_wconf 73' lang='grc' dir='ltr'><strong><em>ι</em></strong></span> 
     </span>
    </p>
   </div>
   <div class='ocr_carea' id='block_1_50' title="bbox 2229 1995 3813 2068">
    <p class='ocr_par' dir='ltr' id='par_1_50' title="bbox 2229 1995 3813 2068">
     <span class='ocr_line' id='line_1_50' title="bbox 2229 1995 3813 2068; baseline 0.002 -20"><span class='ocrx_word' id='word_1_334' title='bbox 2229 1996 2416 2066; x_wconf 78' lang='grc' dir='ltr'>φησὶν,</span> <span class='ocrx_word' id='word_1_335' title='bbox 2444 2014 2463 2048; x_wconf 84' lang='grc' dir='ltr'><strong><em>ι</em></strong></span> <span class='ocrx_word' id='word_1_336' title='bbox 2487 1995 2645 2066; x_wconf 81' lang='grc' dir='ltr'>ὑμεῖς</span> <span class='ocrx_word' id='word_1_337' title='bbox 2671 1995 2730 2050; x_wconf 79' lang='grc' dir='ltr'>δὲ</span> <span class='ocrx_word' id='word_1_338' title='bbox 2751 1996 3061 2060; x_wconf 79' lang='grc' dir='ltr'>πεινάσετε,</span> <span class='ocrx_word' id='word_1_339' title='bbox 3083 1997 3178 2049; x_wconf 78' lang='grc' dir='ltr'>καὶ</span> <span class='ocrx_word' id='word_1_340' title='bbox 3211 1996 3442 2051; x_wconf 85' lang='grc' dir='ltr'>πίωνται</span> <span class='ocrx_word' id='word_1_341' title='bbox 3471 1999 3571 2068; x_wconf 80' lang='grc' dir='ltr'>μὲν</span> <span class='ocrx_word' id='word_1_342' title='bbox 3591 2001 3813 2064; x_wconf 79' lang='grc' dir='ltr'>ἐκεῖνοι,</span> 
     </span>
    </p>
   </div>
   <div class='ocr_carea' id='block_1_51' title="bbox 2229 2086 3816 2159">
    <p class='ocr_par' dir='ltr' id='par_1_51' title="bbox 2229 2086 3816 2159">
     <span class='ocr_line' id='line_1_51' title="bbox 2229 2086 3816 2159; baseline 0 -19"><span class='ocrx_word' id='word_1_343' title='bbox 2229 2086 2492 2157; x_wconf 76' lang='grc' dir='ltr'>διψὴσητε</span> <span class='ocrx_word' id='word_1_344' title='bbox 2517 2086 2572 2140; x_wconf 86' lang='grc' dir='ltr'>δὲ</span> <span class='ocrx_word' id='word_1_345' title='bbox 2601 2087 2782 2156; x_wconf 85' lang='grc' dir='ltr'>ὑμεῖς.</span> <span class='ocrx_word' id='word_1_346' title='bbox 2813 2106 2832 2139; x_wconf 73' lang='grc' dir='ltr'><strong><em>ι</em></strong></span> <span class='ocrx_word' id='word_1_347' title='bbox 2861 2087 3325 2159; x_wconf 81' lang='grc' dir='ltr'>Εὑφραινομένων</span> <span class='ocrx_word' id='word_1_348' title='bbox 3348 2088 3405 2142; x_wconf 72' lang='grc' dir='ltr'>δὲ</span> <span class='ocrx_word' id='word_1_349' title='bbox 3432 2087 3628 2152; x_wconf 82' lang='grc' dir='ltr'>αὐτῶν,</span> <span class='ocrx_word' id='word_1_350' title='bbox 3657 2087 3816 2156; x_wconf 79' lang='grc' dir='ltr'>ὑμεῖς</span> 
     </span>
    </p>
   </div>
   <div class='ocr_carea' id='block_1_52' title="bbox 2229 2176 3808 2250">
    <p class='ocr_par' dir='ltr' id='par_1_52' title="bbox 2229 2176 3808 2250">
     <span class='ocr_line' id='line_1_52' title="bbox 2229 2176 3808 2250; baseline -0.001 -19"><span class='ocrx_word' id='word_1_351' title='bbox 2229 2176 2658 2248; x_wconf 77' lang='grc' dir='ltr'>αἱσχυνθήσεσθε</span> <span class='ocrx_word' id='word_1_352' title='bbox 2682 2192 2697 2207; x_wconf 87' lang='grc'><strong>·</strong></span> <span class='ocrx_word' id='word_1_353' title='bbox 2728 2178 2778 2230; x_wconf 78' lang='lat' dir='ltr'><strong><em>oi</em></strong></span> <span class='ocrx_word' id='word_1_354' title='bbox 2814 2177 2924 2248; x_wconf 79' lang='grc' dir='ltr'><strong><em>γάρ</em></strong></span> <span class='ocrx_word' id='word_1_355' title='bbox 2959 2177 3052 2230; x_wconf 78' lang='grc' dir='ltr'>τὸν</span> <span class='ocrx_word' id='word_1_356' title='bbox 3104 2177 3268 2247; x_wconf 78' lang='grc' dir='ltr'>φύσει</span> <span class='ocrx_word' id='word_1_357' title='bbox 3323 2180 3416 2232; x_wconf 81' lang='grc' dir='ltr'>καὶ</span> <span class='ocrx_word' id='word_1_358' title='bbox 3451 2179 3669 2250; x_wconf 84' lang='grc' dir='ltr'>ἀληθῶς</span> <span class='ocrx_word' id='word_1_359' title='bbox 3710 2179 3808 2230; x_wconf 72' lang='grc' dir='ltr'><strong><em>ἑπ-</em></strong></span> 
     </span>
    </p>
   </div>
   <div class='ocr_carea' id='block_1_53' title="bbox 2232 2269 3808 2343">
    <p class='ocr_par' dir='ltr' id='par_1_53' title="bbox 2232 2269 3808 2343">
     <span class='ocr_line' id='line_1_53' title="bbox 2232 2269 3808 2343; baseline -0.002 -17"><span class='ocrx_word' id='word_1_360' title='bbox 2232 2271 2532 2341; x_wconf 84' lang='grc' dir='ltr'>εγνωκότες</span> <span class='ocrx_word' id='word_1_361' title='bbox 2549 2269 2704 2336; x_wconf 80' lang='grc' dir='ltr'>Θεὸν,</span> <span class='ocrx_word' id='word_1_362' title='bbox 2724 2269 2939 2325; x_wconf 76' lang='grc' dir='ltr'>καὶτῶν</span> <span class='ocrx_word' id='word_1_363' title='bbox 2955 2270 3203 2340; x_wconf 75' lang='grc' dir='ltr'>ψευδωνὺ</span> <span class='ocrx_word' id='word_1_364' title='bbox 3211 2289 3326 2343; x_wconf 88' lang='grc' dir='ltr'><strong><em>μων</em></strong></span> <span class='ocrx_word' id='word_1_365' title='bbox 3343 2272 3808 2343; x_wconf 82' lang='grc' dir='ltr'>ἀποπηδήσαντες,</span> 
     </span>
    </p>
   </div>
   <div class='ocr_carea' id='block_1_54' title="bbox 2233 2362 3810 2436">
    <p class='ocr_par' dir='ltr' id='par_1_54' title="bbox 2233 2362 3810 2436">
     <span class='ocr_line' id='line_1_54' title="bbox 2233 2362 3810 2436; baseline -0.002 -17"><span class='ocrx_word' id='word_1_366' title='bbox 2233 2364 2329 2419; x_wconf 73' lang='grc' dir='ltr'>καὶ</span> <span class='ocrx_word' id='word_1_367' title='bbox 2352 2363 2414 2417; x_wconf 80' lang='grc' dir='ltr'>τὸ</span> <span class='ocrx_word' id='word_1_368' title='bbox 2439 2365 2536 2436; x_wconf 79' lang='grc' dir='ltr'>τῆς</span> <span class='ocrx_word' id='word_1_369' title='bbox 2554 2362 2788 2434; x_wconf 81' lang='grc' dir='ltr'><strong><em>ἀληθοῦς</em></strong></span> <span class='ocrx_word' id='word_1_370' title='bbox 2805 2363 3063 2434; x_wconf 78' lang='grc' dir='ltr'>λατρείας</span> <span class='ocrx_word' id='word_1_371' title='bbox 3085 2364 3462 2435; x_wconf 81' lang='grc' dir='ltr'><strong><em>θαυμάσαντες</em></strong></span> <span class='ocrx_word' id='word_1_372' title='bbox 3487 2364 3705 2428; x_wconf 79' lang='grc' dir='ltr'>κάλλος,</span> <span class='ocrx_word' id='word_1_373' title='bbox 3732 2366 3810 2416; x_wconf 82' lang='grc' dir='ltr'><strong><em>ὲν-</em></strong></span> 
     </span>
    </p>
   </div>
   <div class='ocr_carea' id='block_1_55' title="bbox 2235 2454 3803 2528">
    <p class='ocr_par' dir='ltr' id='par_1_55' title="bbox 2235 2454 3803 2528">
     <span class='ocr_line' id='line_1_55' title="bbox 2235 2454 3803 2528; baseline -0.003 -18"><span class='ocrx_word' id='word_1_374' title='bbox 2235 2458 2606 2528; x_wconf 82' lang='grc' dir='ltr'>τρυφήσουσιν</span> <span class='ocrx_word' id='word_1_375' title='bbox 2639 2454 2810 2519; x_wconf 80' lang='grc' dir='ltr'>δντως</span> <span class='ocrx_word' id='word_1_376' title='bbox 2839 2458 2960 2520; x_wconf 89' lang='grc' dir='ltr'>ταῖς</span> <span class='ocrx_word' id='word_1_377' title='bbox 2987 2455 3196 2510; x_wconf 81' lang='grc' dir='ltr'>ἄνωθεν</span> <span class='ocrx_word' id='word_1_378' title='bbox 3225 2455 3490 2524; x_wconf 85' lang='grc' dir='ltr'>εὐλογίαις</span> <span class='ocrx_word' id='word_1_379' title='bbox 3516 2471 3803 2508; x_wconf 84' lang='grc' dir='ltr'>καταπιαι-</span> 
     </span>
    </p>
   </div>
   <div class='ocr_carea' id='block_1_56' title="bbox 2236 2545 3805 2621">
    <p class='ocr_par' dir='ltr' id='par_1_56' title="bbox 2236 2545 3805 2621">
     <span class='ocr_line' id='line_1_56' title="bbox 2236 2545 3805 2621; baseline -0.003 -20"><span class='ocrx_word' id='word_1_380' title='bbox 2236 2549 2452 2618; x_wconf 87' lang='grc' dir='ltr'>νόμενοι</span> <span class='ocrx_word' id='word_1_381' title='bbox 2479 2547 2577 2611; x_wconf 82' lang='grc' dir='ltr'><strong><em>τὰς</em></strong></span> <span class='ocrx_word' id='word_1_382' title='bbox 2609 2545 2860 2618; x_wconf 85' lang='grc' dir='ltr'>καρδίας,</span> <span class='ocrx_word' id='word_1_383' title='bbox 2888 2548 2984 2601; x_wconf 78' lang='grc' dir='ltr'>καὶ</span> <span class='ocrx_word' id='word_1_384' title='bbox 3018 2547 3262 2621; x_wconf 81' lang='grc' dir='ltr'><strong><em>τραπέζῃ</em></strong></span> <span class='ocrx_word' id='word_1_385' title='bbox 3289 2545 3705 2616; x_wconf 82' lang='grc' dir='ltr'>προσϐάλλοντες</span> <span class='ocrx_word' id='word_1_386' title='bbox 3736 2545 3805 2614; x_wconf 77' lang='grc' dir='ltr'>τῇ</span> 
     </span>
    </p>
   </div>
   <div class='ocr_carea' id='block_1_57' title="bbox 2238 2636 3812 2711">
    <p class='ocr_par' dir='ltr' id='par_1_57' title="bbox 2238 2636 3812 2711">
     <span class='ocr_line' id='line_1_57' title="bbox 2238 2636 3812 2711; baseline -0.004 -17"><span class='ocrx_word' id='word_1_387' title='bbox 2238 2639 2486 2711; x_wconf 80' lang='grc' dir='ltr'>ζωοποιῷ</span> <span class='ocrx_word' id='word_1_388' title='bbox 2511 2640 2606 2694; x_wconf 83' lang='grc' dir='ltr'><strong><em>τοῦ</em></strong></span> <span class='ocrx_word' id='word_1_389' title='bbox 2632 2640 2852 2693; x_wconf 84' lang='grc' dir='ltr'>πάντων</span> <span class='ocrx_word' id='word_1_390' title='bbox 2877 2639 3034 2710; x_wconf 83' lang='grc' dir='ltr'>ήμῶν</span> <span class='ocrx_word' id='word_1_391' title='bbox 3058 2641 3300 2710; x_wconf 79' lang='grc' dir='ltr'>Σωτῆρος</span> <span class='ocrx_word' id='word_1_392' title='bbox 3317 2637 3575 2710; x_wconf 82' lang='grc' dir='ltr'>Χριστοῦ,</span> <span class='ocrx_word' id='word_1_393' title='bbox 3594 2636 3695 2690; x_wconf 73' lang='grc' dir='ltr'>καὶ</span> <span class='ocrx_word' id='word_1_394' title='bbox 3717 2637 3812 2690; x_wconf 72' lang='grc' dir='ltr'>τὶν</span> 
     </span>
    </p>
   </div>
   <div class='ocr_carea' id='block_1_58' title="bbox 2238 2722 3817 2804">
    <p class='ocr_par' dir='ltr' id='par_1_58' title="bbox 2238 2722 3817 2804">
     <span class='ocr_line' id='line_1_58' title="bbox 2238 2722 3817 2804; baseline -0.003 -16"><span class='ocrx_word' id='word_1_395' title='bbox 2238 2733 2404 2804; x_wconf 76' lang='grc' dir='ltr'>ἄρτον</span> <span class='ocrx_word' id='word_1_396' title='bbox 2427 2733 2700 2796; x_wconf 78' lang='grc' dir='ltr'>ἐσθίοντες</span> <span class='ocrx_word' id='word_1_397' title='bbox 2725 2736 2825 2804; x_wconf 82' lang='grc' dir='ltr'>τῆς</span> <span class='ocrx_word' id='word_1_398' title='bbox 2860 2733 3024 2804; x_wconf 82' lang='grc' dir='ltr'>ζωῆς,</span> <span class='ocrx_word' id='word_1_399' title='bbox 3053 2733 3146 2787; x_wconf 77' lang='grc' dir='ltr'>καὶ</span> <span class='ocrx_word' id='word_1_400' title='bbox 3170 2734 3322 2802; x_wconf 80' lang='grc' dir='ltr'>πόμα</span> <span class='ocrx_word' id='word_1_401' title='bbox 3347 2731 3406 2784; x_wconf 57' lang='lat' dir='ltr'><strong><em>es</em></strong></span> <span class='ocrx_word' id='word_1_402' title='bbox 3437 2731 3608 2796; x_wconf 81' lang='grc' dir='ltr'>θεῖον,</span> <span class='ocrx_word' id='word_1_403' title='bbox 3631 2729 3700 2783; x_wconf 79' lang='grc' dir='ltr'>δι’</span> <span class='ocrx_word' id='word_1_404' title='bbox 3727 2722 3817 2784; x_wconf 71' lang='grc' dir='ltr'><strong><em>οὖ-</em></strong></span> 
     </span>
    </p>
   </div>
   <div class='ocr_carea' id='block_1_59' title="bbox 2239 2822 3826 2899">
    <p class='ocr_par' dir='ltr' id='par_1_59' title="bbox 2239 2822 3826 2899">
     <span class='ocr_line' id='line_1_59' title="bbox 2239 2822 3826 2899; baseline -0.002 -21"><span class='ocrx_word' id='word_1_405' title='bbox 2239 2843 2348 2899; x_wconf 84' lang='grc' dir='ltr'>περ</span> <span class='ocrx_word' id='word_1_406' title='bbox 2386 2826 2452 2880; x_wconf 86' lang='grc' dir='ltr'>ἂν</span> <span class='ocrx_word' id='word_1_407' title='bbox 2479 2825 2721 2895; x_wconf 82' lang='grc' dir='ltr'>γένοιντο</span> <span class='ocrx_word' id='word_1_408' title='bbox 2747 2825 3017 2897; x_wconf 83' lang='grc' dir='ltr'>θυμηδίας</span> <span class='ocrx_word' id='word_1_409' title='bbox 3040 2825 3138 2896; x_wconf 77' lang='grc' dir='ltr'>τῆς</span> <span class='ocrx_word' id='word_1_410' title='bbox 3175 2824 3382 2878; x_wconf 77' lang='grc' dir='ltr'>ἀνωθεν</span> <span class='ocrx_word' id='word_1_411' title='bbox 3417 2823 3643 2894; x_wconf 78' lang='grc' dir='ltr'>μέτοχοι</span> <span class='ocrx_word' id='word_1_412' title='bbox 3663 2839 3676 2851; x_wconf 90' lang='grc'><strong>·</strong></span> <span class='ocrx_word' id='word_1_413' title='bbox 3709 2822 3826 2876; x_wconf 88' lang='grc' dir='ltr'>δια-</span> 
     </span>
    </p>
   </div>
   <div class='ocr_carea' id='block_1_60' title="bbox 2242 2914 3822 2991">
    <p class='ocr_par' dir='ltr' id='par_1_60' title="bbox 2242 2914 3822 2991">
     <span class='ocr_line' id='line_1_60' title="bbox 2242 2914 3822 2991; baseline -0.004 -17"><span class='ocrx_word' id='word_1_414' title='bbox 2242 2919 2493 2990; x_wconf 79' lang='grc' dir='ltr'>καθαίρει</span> <span class='ocrx_word' id='word_1_415' title='bbox 2526 2917 2635 2991; x_wconf 87' lang='grc' dir='ltr'><strong><em>γὰρ</em></strong></span> <span class='ocrx_word' id='word_1_416' title='bbox 2659 2919 2956 2990; x_wconf 81' lang='grc' dir='ltr'>ἁμαρτίας,</span> <span class='ocrx_word' id='word_1_417' title='bbox 2978 2917 3073 2971; x_wconf 74' lang='grc' dir='ltr'><strong><em>καὶ</em></strong></span> <span class='ocrx_word' id='word_1_418' title='bbox 3103 2918 3349 2989; x_wconf 75' lang='grc' dir='ltr'>ἐξίστησι</span> <span class='ocrx_word' id='word_1_419' title='bbox 3372 2917 3434 2970; x_wconf 82' lang='grc' dir='ltr'><strong><em>τὺ</em></strong></span> <span class='ocrx_word' id='word_1_420' title='bbox 3467 2914 3695 2981; x_wconf 81' lang='grc' dir='ltr'>λυποῦν,</span> <span class='ocrx_word' id='word_1_421' title='bbox 3730 2916 3822 2968; x_wconf 79' lang='grc' dir='ltr'>καὶ</span> 
     </span>
    </p>
   </div>
   <div class='ocr_carea' id='block_1_61' title="bbox 2241 3006 3821 3081">
    <p class='ocr_par' dir='ltr' id='par_1_61' title="bbox 2241 3006 3821 3081">
     <span class='ocr_line' id='line_1_61' title="bbox 2241 3006 3821 3081; baseline -0.003 -19"><span class='ocrx_word' id='word_1_422' title='bbox 2241 3010 2334 3064; x_wconf 79' lang='grc' dir='ltr'><strong><em>τὸν</em></strong></span> <span class='ocrx_word' id='word_1_423' title='bbox 2365 3011 2455 3063; x_wconf 72' lang='grc' dir='ltr'><strong><em>ἐπὶ</em></strong></span> <span class='ocrx_word' id='word_1_424' title='bbox 2489 3011 2566 3081; x_wconf 83' lang='grc' dir='ltr'>τῷ</span> <span class='ocrx_word' id='word_1_425' title='bbox 2601 3008 2925 3073; x_wconf 77' lang='grc' dir='ltr'>κολάζεσθαι</span> <span class='ocrx_word' id='word_1_426' title='bbox 2955 3009 3118 3079; x_wconf 80' lang='grc' dir='ltr'>φόϐον</span> <span class='ocrx_word' id='word_1_427' title='bbox 3147 3009 3462 3080; x_wconf 83' lang='grc' dir='ltr'>κατισχύειν</span> <span class='ocrx_word' id='word_1_428' title='bbox 3492 3009 3594 3062; x_wconf 84' lang='grc' dir='ltr'>οὐκ</span> <span class='ocrx_word' id='word_1_429' title='bbox 3627 3007 3696 3080; x_wconf 71' lang='grc' dir='ltr'><strong>ἑᾷ</strong></span> <span class='ocrx_word' id='word_1_430' title='bbox 3717 3006 3821 3059; x_wconf 92' lang='grc' dir='ltr'><strong><em>τῶν</em></strong></span> 
     </span>
    </p>
   </div>
   <div class='ocr_carea' id='block_1_62' title="bbox 2245 3098 3818 3175">
    <p class='ocr_par' dir='ltr' id='par_1_62' title="bbox 2245 3098 3818 3175">
     <span class='ocr_line' id='line_1_62' title="bbox 2245 3098 3818 3175; baseline -0.003 -20"><span class='ocrx_word' id='word_1_431' title='bbox 2245 3102 2528 3174; x_wconf 81' lang='grc' dir='ltr'>ἡμετέρων</span> <span class='ocrx_word' id='word_1_432' title='bbox 2567 3101 2838 3155; x_wconf 83' lang='grc' dir='ltr'>διανοιῶν.</span> <span class='ocrx_word' id='word_1_433' title='bbox 2887 3101 3310 3175; x_wconf 76' lang='grc' dir='ltr'>Εὑφραινόμεθα</span> <span class='ocrx_word' id='word_1_434' title='bbox 3342 3099 3450 3173; x_wconf 78' lang='grc' dir='ltr'>γὰρ</span> <span class='ocrx_word' id='word_1_435' title='bbox 3494 3099 3693 3171; x_wconf 80' lang='grc' dir='ltr'>μᾶλλον</span> <span class='ocrx_word' id='word_1_436' title='bbox 3731 3098 3818 3150; x_wconf 76' lang='grc' dir='ltr'><strong><em>ἐπ’</em></strong></span> 
     </span>
    </p>
   </div>
   <div class='ocr_carea' id='block_1_63' title="bbox 558 3183 2134 3264">
    <p class='ocr_par' dir='ltr' id='par_1_63' title="bbox 558 3191 2134 3264">
     <span class='ocr_line' id='line_1_63' title="bbox 558 3191 2134 3264; baseline 0.001 -18"><span class='ocrx_word' id='word_1_437' title='bbox 558 3194 757 3263; x_wconf 86' lang='lat' dir='ltr'><strong><em>inquit,</em></strong></span> <span class='ocrx_word' id='word_1_438' title='bbox 789 3193 883 3264; x_wconf 87' lang='lat' dir='ltr'><strong><em>qui</em></strong></span> <span class='ocrx_word' id='word_1_439' title='bbox 916 3194 968 3247; x_wconf 91' lang='lat' dir='ltr'><strong><em>in</em></strong></span> <span class='ocrx_word' id='word_1_440' title='bbox 1021 3205 1209 3247; x_wconf 89' lang='lat' dir='ltr'><strong><em>errore</em></strong></span> <span class='ocrx_word' id='word_1_441' title='bbox 1261 3192 1558 3255; x_wconf 85' lang='lat' dir='ltr'><strong><em>mansistis,</em></strong></span> <span class='ocrx_word' id='word_1_442' title='bbox 1600 3209 1620 3242; x_wconf 78' lang='grc' dir='ltr'><strong><em>ι</em></strong></span> <span class='ocrx_word' id='word_1_443' title='bbox 1663 3191 1968 3246; x_wconf 88' lang='lat' dir='ltr'><strong><em>clamabitis</em></strong></span> <span class='ocrx_word' id='word_1_444' title='bbox 2028 3207 2134 3262; x_wconf 74' lang='lat' dir='ltr'><strong><em>przc</em></strong></span> 
     </span>
    </p>
   </div>
   <div class='ocr_carea' id='block_1_64' title="bbox 2236 3183 3816 3264">
    <p class='ocr_par' dir='ltr' id='par_1_64' title="bbox 2240 3183 3816 3259">
     <span class='ocr_line' id='line_1_64' title="bbox 2240 3183 3816 3259; baseline -0.005 -15"><span class='ocrx_word' id='word_1_445' title='bbox 2240 3191 2414 3246; x_wconf 80' lang='grc' dir='ltr'>ἐλπίδι</span> <span class='ocrx_word' id='word_1_446' title='bbox 2434 3191 2672 3259; x_wconf 82' lang='grc' dir='ltr'>ἀγαθῶν,</span> <span class='ocrx_word' id='word_1_447' title='bbox 2698 3191 2734 3245; x_wconf 75' lang='grc' dir='ltr'><strong><em>ἃ.</em></strong></span> <span class='ocrx_word' id='word_1_448' title='bbox 2757 3193 2869 3254; x_wconf 85' lang='grc' dir='ltr'>τοῖς</span> <span class='ocrx_word' id='word_1_449' title='bbox 2900 3189 3158 3258; x_wconf 83' lang='grc' dir='ltr'>ἀγαπῶσι</span> <span class='ocrx_word' id='word_1_450' title='bbox 3178 3189 3270 3243; x_wconf 81' lang='grc' dir='ltr'>τὸν</span> <span class='ocrx_word' id='word_1_451' title='bbox 3295 3187 3427 3241; x_wconf 85' lang='grc' dir='ltr'>Θεὸν</span> <span class='ocrx_word' id='word_1_452' title='bbox 3458 3183 3816 3257; x_wconf 81' lang='grc' dir='ltr'>ηὑτρεπίσθαι</span> 
     </span>
    </p>
   </div>
   <div class='ocr_carea' id='block_1_65' title="bbox 552 3283 2141 3353">
    <p class='ocr_par' dir='ltr' id='par_1_65' title="bbox 552 3283 2141 3353">
     <span class='ocr_line' id='line_1_65' title="bbox 552 3283 2141 3353; baseline 0.001 -14"><span class='ocrx_word' id='word_1_453' title='bbox 552 3285 739 3341; x_wconf 90' lang='lat' dir='ltr'><strong><em>dolore</em></strong></span> <span class='ocrx_word' id='word_1_454' title='bbox 802 3283 985 3340; x_wconf 87' lang='lat' dir='ltr'><strong><em>cordis</em></strong></span> <span class='ocrx_word' id='word_1_455' title='bbox 1038 3283 1228 3344; x_wconf 87' lang='lat' dir='ltr'><strong><em>vestri,</em></strong></span> <span class='ocrx_word' id='word_1_456' title='bbox 1279 3293 1334 3335; x_wconf 88' lang='lat' dir='ltr'><strong><em>et</em></strong></span> <span class='ocrx_word' id='word_1_457' title='bbox 1378 3297 1489 3350; x_wconf 77' lang='lat' dir='ltr'><strong><em>pra:</em></strong></span> <span class='ocrx_word' id='word_1_458' title='bbox 1531 3283 1858 3338; x_wconf 85' lang='lat' dir='ltr'><strong><em>contritione</em></strong></span> <span class='ocrx_word' id='word_1_459' title='bbox 1915 3283 2141 3353; x_wconf 89' lang='lat' dir='ltr'><strong><em>spiritus</em></strong></span> 
     </span>
    </p>
   </div>
   <div class='ocr_carea' id='block_1_66' title="bbox 554 3372 2139 3431">
    <p class='ocr_par' dir='ltr' id='par_1_66' title="bbox 554 3372 2139 3431">
     <span class='ocr_line' id='line_1_66' title="bbox 554 3372 2139 3431; baseline 0.001 -1"><span class='ocrx_word' id='word_1_460' title='bbox 554 3375 850 3430; x_wconf 88' lang='lat' dir='ltr'><strong><em>ululabitis.</em></strong></span> <span class='ocrx_word' id='word_1_461' title='bbox 911 3392 930 3424; x_wconf 76' lang='grc' dir='ltr'><strong><em>ι</em></strong></span> <span class='ocrx_word' id='word_1_462' title='bbox 991 3372 1360 3427; x_wconf 85' lang='lat' dir='ltr'><strong><em>Descendente</em></strong></span> <span class='ocrx_word' id='word_1_463' title='bbox 1407 3373 1550 3428; x_wconf 87' lang='lat' dir='ltr'><strong><em>enim</em></strong></span> <span class='ocrx_word' id='word_1_464' title='bbox 1620 3372 1834 3430; x_wconf 78' lang='lat' dir='ltr'><strong><em>ctelitus</em></strong></span> <span class='ocrx_word' id='word_1_465' title='bbox 1898 3376 2139 3431; x_wconf 85' lang='lat' dir='ltr'><strong><em>omnium</em></strong></span> 
     </span>
    </p>
   </div>
   <div class='ocr_carea' id='block_1_67' title="bbox 553 3463 2140 3540">
    <p class='ocr_par' dir='ltr' id='par_1_67' title="bbox 553 3463 2140 3540">
     <span class='ocr_line' id='line_1_67' title="bbox 553 3463 2140 3540; baseline 0.001 -18"><span class='ocrx_word' id='word_1_466' title='bbox 553 3475 796 3522; x_wconf 90' lang='lat' dir='ltr'><strong><em>nostrum</em></strong></span> <span class='ocrx_word' id='word_1_467' title='bbox 825 3465 1117 3520; x_wconf 84' lang='lat' dir='ltr'><strong><em>Ser&#39;vatore</em></strong></span> <span class='ocrx_word' id='word_1_468' title='bbox 1144 3463 1386 3532; x_wconf 77' lang='lat' dir='ltr'><strong><em>Christo,</em></strong></span> <span class='ocrx_word' id='word_1_469' title='bbox 1460 3465 1630 3538; x_wconf 74' lang='lat'><strong><em>899</em></strong></span> <span class='ocrx_word' id='word_1_470' title='bbox 1689 3478 1741 3522; x_wconf 90' lang='lat' dir='ltr'><strong><em>et</em></strong></span> <span class='ocrx_word' id='word_1_471' title='bbox 1792 3468 1987 3538; x_wconf 88' lang='lat' dir='ltr'><strong><em>cuique</em></strong></span> <span class='ocrx_word' id='word_1_472' title='bbox 2042 3484 2140 3540; x_wconf 90' lang='lat' dir='ltr'><strong><em>pro</em></strong></span> 
     </span>
    </p>
   </div>
   <div class='ocr_carea' id='block_1_68' title="bbox 555 3556 2142 3632">
    <p class='ocr_par' dir='ltr' id='par_1_68' title="bbox 555 3556 2142 3632">
     <span class='ocr_line' id='line_1_68' title="bbox 555 3556 2142 3632; baseline 0.002 -17"><span class='ocrx_word' id='word_1_473' title='bbox 555 3557 810 3628; x_wconf 86' lang='lat' dir='ltr'><strong><em>operibus</em></strong></span> <span class='ocrx_word' id='word_1_474' title='bbox 845 3556 1138 3623; x_wconf 88' lang='lat' dir='ltr'><strong><em>tribuente,</em></strong></span> <span class='ocrx_word' id='word_1_475' title='bbox 1187 3557 1482 3629; x_wconf 89' lang='lat' dir='ltr'><strong><em>plorabunt</em></strong></span> <span class='ocrx_word' id='word_1_476' title='bbox 1520 3573 1732 3627; x_wconf 88' lang='lat' dir='ltr'><strong><em>omnes,</em></strong></span> <span class='ocrx_word' id='word_1_477' title='bbox 1765 3571 1820 3616; x_wconf 89' lang='lat' dir='ltr'><strong><em>et</em></strong></span> <span class='ocrx_word' id='word_1_478' title='bbox 1883 3561 2142 3632; x_wconf 79' lang='lat' dir='ltr'><strong><em>lugebunt</em></strong></span> 
     </span>
    </p>
   </div>
   <div class='ocr_carea' id='block_1_69' title="bbox 553 3648 2137 3724">
    <p class='ocr_par' dir='ltr' id='par_1_69' title="bbox 553 3648 2137 3724">
     <span class='ocr_line' id='line_1_69' title="bbox 553 3648 2137 3724; baseline 0.004 -20"><span class='ocrx_word' id='word_1_479' title='bbox 553 3651 643 3719; x_wconf 93' lang='lat' dir='ltr'><strong><em>qui</em></strong></span> <span class='ocrx_word' id='word_1_480' title='bbox 686 3648 852 3706; x_wconf 88' lang='lat' dir='ltr'><strong><em>Deum</em></strong></span> <span class='ocrx_word' id='word_1_481' title='bbox 890 3662 1072 3702; x_wconf 87' lang='lat' dir='ltr'><strong><em>verum</em></strong></span> <span class='ocrx_word' id='word_1_482' title='bbox 1098 3663 1203 3704; x_wconf 91' lang='lat' dir='ltr'><strong><em>non</em></strong></span> <span class='ocrx_word' id='word_1_483' title='bbox 1236 3659 1592 3716; x_wconf 74' lang='lat' dir='ltr'><strong><em>agnoverunt,</em></strong></span> <span class='ocrx_word' id='word_1_484' title='bbox 1625 3653 1717 3706; x_wconf 88' lang='lat' dir='ltr'><strong><em>sed</em></strong></span> <span class='ocrx_word' id='word_1_485' title='bbox 1769 3653 2008 3720; x_wconf 80' lang='lat' dir='ltr'><strong><em>peccatis</em></strong></span> <span class='ocrx_word' id='word_1_486' title='bbox 2035 3653 2137 3724; x_wconf 89' lang='lat' dir='ltr'><strong><em>ipsi</em></strong></span> 
     </span>
    </p>
   </div>
   <div class='ocr_carea' id='block_1_70' title="bbox 554 3739 2139 3819">
    <p class='ocr_par' dir='ltr' id='par_1_70' title="bbox 554 3739 2139 3819">
     <span class='ocr_line' id='line_1_70' title="bbox 554 3739 2139 3819; baseline 0.003 -23"><span class='ocrx_word' id='word_1_487' title='bbox 554 3742 669 3796; x_wconf 86' lang='lat' dir='ltr'><strong><em>suis</em></strong></span> <span class='ocrx_word' id='word_1_488' title='bbox 706 3739 989 3796; x_wconf 88' lang='lat' dir='ltr'><strong><em>immortui</em></strong></span> <span class='ocrx_word' id='word_1_489' title='bbox 1026 3749 1174 3795; x_wconf 87' lang='lat' dir='ltr'><strong><em>sunt.</em></strong></span> <span class='ocrx_word' id='word_1_490' title='bbox 1235 3739 1550 3819; x_wconf 77' lang='lat' dir='ltr'><strong><em>Reliquistis</em></strong></span> <span class='ocrx_word' id='word_1_491' title='bbox 1593 3742 1762 3808; x_wconf 90' lang='lat' dir='ltr'><strong><em>enim,</em></strong></span> <span class='ocrx_word' id='word_1_492' title='bbox 1801 3743 1996 3814; x_wconf 89' lang='lat' dir='ltr'><strong><em>inquit,</em></strong></span> <span class='ocrx_word' id='word_1_493' title='bbox 2043 3760 2139 3802; x_wconf 87' lang='lat' dir='ltr'><strong><em>no-</em></strong></span> 
     </span>
    </p>
   </div>
   <div class='ocr_carea' id='block_1_71' title="bbox 555 3831 2137 3892">
    <p class='ocr_par' dir='ltr' id='par_1_71' title="bbox 555 3831 2137 3892">
     <span class='ocr_line' id='line_1_71' title="bbox 555 3831 2137 3892; baseline 0.003 -4"><span class='ocrx_word' id='word_1_494' title='bbox 555 3847 679 3888; x_wconf 88' lang='lat' dir='ltr'><strong><em>men</em></strong></span> <span class='ocrx_word' id='word_1_495' title='bbox 707 3842 943 3887; x_wconf 87' lang='lat' dir='ltr'><strong><em>vestrum</em></strong></span> <span class='ocrx_word' id='word_1_496' title='bbox 1001 3833 1066 3886; x_wconf 90' lang='lat' dir='ltr'><strong><em>ad</em></strong></span> <span class='ocrx_word' id='word_1_497' title='bbox 1101 3831 1441 3887; x_wconf 80' lang='lat' dir='ltr'><strong><em>saturitatem</em></strong></span> <span class='ocrx_word' id='word_1_498' title='bbox 1476 3832 1668 3889; x_wconf 83' lang='lat' dir='ltr'><strong><em>electis</em></strong></span> <span class='ocrx_word' id='word_1_499' title='bbox 1709 3836 1847 3891; x_wconf 84' lang='lat' dir='ltr'><strong><em>meis</em></strong></span> <span class='ocrx_word' id='word_1_500' title='bbox 1879 3854 1893 3890; x_wconf 91' lang='lat'><strong>:</strong></span> <span class='ocrx_word' id='word_1_501' title='bbox 1921 3851 2017 3892; x_wconf 84' lang='lat' dir='ltr'><strong><em>vos</em></strong></span> <span class='ocrx_word' id='word_1_502' title='bbox 2044 3852 2137 3892; x_wconf 90' lang='lat' dir='ltr'><strong><em>au-</em></strong></span> 
     </span>
    </p>
   </div>
   <div class='ocr_carea' id='block_1_72' title="bbox 566 3923 2135 3983">
    <p class='ocr_par' dir='ltr' id='par_1_72' title="bbox 566 3923 2135 3983">
     <span class='ocr_line' id='line_1_72' title="bbox 566 3923 2135 3983; baseline 0.003 -5"><span class='ocrx_word' id='word_1_503' title='bbox 566 3935 673 3980; x_wconf 89' lang='lat' dir='ltr'><strong><em>tem</em></strong></span> <span class='ocrx_word' id='word_1_504' title='bbox 709 3923 998 3979; x_wconf 77' lang='lat' dir='ltr'><strong><em>interﬁciat</em></strong></span> <span class='ocrx_word' id='word_1_505' title='bbox 1043 3923 1324 3979; x_wconf 87' lang='lat' dir='ltr'><strong><em>Dominus.</em></strong></span> <span class='ocrx_word' id='word_1_506' title='bbox 1383 3923 1678 3980; x_wconf 82' lang='lat' dir='ltr'><strong><em>Considera</em></strong></span> <span class='ocrx_word' id='word_1_507' title='bbox 1734 3926 1865 3981; x_wconf 87' lang='lat' dir='ltr'><strong><em>mihi</em></strong></span> <span class='ocrx_word' id='word_1_508' title='bbox 1922 3943 2135 3983; x_wconf 84' lang='lat' dir='ltr'><strong><em>rursum</em></strong></span> 
     </span>
    </p>
   </div>
   <div class='ocr_carea' id='block_1_73' title="bbox 555 4014 2138 4087">
    <p class='ocr_par' dir='ltr' id='par_1_73' title="bbox 555 4014 2138 4087">
     <span class='ocr_line' id='line_1_73' title="bbox 555 4014 2138 4087; baseline 0.002 -16"><span class='ocrx_word' id='word_1_509' title='bbox 555 4030 749 4071; x_wconf 83' lang='lat' dir='ltr'><strong><em>sensus</em></strong></span> <span class='ocrx_word' id='word_1_510' title='bbox 815 4015 1258 4087; x_wconf 82' lang='lat' dir='ltr'><strong><em>profunditatem.</em></strong></span> <span class='ocrx_word' id='word_1_511' title='bbox 1341 4015 1492 4071; x_wconf 88' lang='lat' dir='ltr'><strong><em>Solet</em></strong></span> <span class='ocrx_word' id='word_1_512' title='bbox 1547 4014 1828 4087; x_wconf 84' lang='lat' dir='ltr'><strong><em>Scriptura</em></strong></span> <span class='ocrx_word' id='word_1_513' title='bbox 1879 4018 2138 4075; x_wconf 88' lang='lat' dir='ltr'><strong><em>divinitus</em></strong></span> 
     </span>
    </p>
   </div>
   <div class='ocr_carea' id='block_1_74' title="bbox 457 4109 2134 4178">
    <p class='ocr_par' dir='ltr' id='par_1_74' title="bbox 457 4109 2134 4178">
     <span class='ocr_line' id='line_1_74' title="bbox 457 4109 2134 4178; baseline 0.005 -16"><span class='ocrx_word' id='word_1_514' title='bbox 457 4160 466 4162; x_wconf 42' lang='grc' dir='ltr'><strong><em>,η</em></strong></span> <span class='ocrx_word' id='word_1_515' title='bbox 559 4111 818 4178; x_wconf 83' lang='lat' dir='ltr'><strong><em>inspirata</em></strong></span> <span class='ocrx_word' id='word_1_516' title='bbox 884 4111 1228 4164; x_wconf 85' lang='lat' dir='ltr'><strong><em>saturitatem</em></strong></span> <span class='ocrx_word' id='word_1_517' title='bbox 1263 4109 1532 4165; x_wconf 88' lang='lat' dir='ltr'><strong><em>interdum</em></strong></span> <span class='ocrx_word' id='word_1_518' title='bbox 1584 4124 1778 4167; x_wconf 90' lang='lat' dir='ltr'><strong><em>vocare</em></strong></span> <span class='ocrx_word' id='word_1_519' title='bbox 1833 4113 2134 4170; x_wconf 87' lang='lat' dir='ltr'><strong><em>satietatem</em></strong></span> 
     </span>
    </p>
   </div>
   <div class='ocr_carea' id='block_1_75' title="bbox 555 4201 2136 4277">
    <p class='ocr_par' dir='ltr' id='par_1_75' title="bbox 555 4201 2136 4277">
     <span class='ocr_line' id='line_1_75' title="bbox 555 4201 2136 4277; baseline 0.003 -20"><span class='ocrx_word' id='word_1_520' title='bbox 555 4202 854 4257; x_wconf 86' lang='lat' dir='ltr'><strong><em>etodium.</em></strong></span> <span class='ocrx_word' id='word_1_521' title='bbox 905 4201 1048 4256; x_wconf 84' lang='lat' dir='ltr'><strong><em>Dixit</em></strong></span> <span class='ocrx_word' id='word_1_522' title='bbox 1105 4201 1250 4256; x_wconf 90' lang='lat' dir='ltr'><strong><em>enim</em></strong></span> <span class='ocrx_word' id='word_1_523' title='bbox 1321 4203 1461 4258; x_wconf 88' lang='lat' dir='ltr'><strong><em>Deus</em></strong></span> <span class='ocrx_word' id='word_1_524' title='bbox 1513 4202 1814 4260; x_wconf 85' lang='lat' dir='ltr'><strong><em>Israelitico</em></strong></span> <span class='ocrx_word' id='word_1_525' title='bbox 1871 4208 2136 4277; x_wconf 79' lang='lat' dir='ltr'><strong><em>sanguine</em></strong></span> 
     </span>
    </p>
   </div>
   <div class='ocr_carea' id='block_1_76' title="bbox 448 4291 2133 4366">
    <p class='ocr_par' dir='ltr' id='par_1_76' title="bbox 448 4291 2133 4366">
     <span class='ocr_line' id='line_1_76' title="bbox 448 4291 2133 4366; baseline 0.008 -21"><span class='ocrx_word' id='word_1_526' title='bbox 448 4355 457 4365; x_wconf 38' lang='lat'><em>.</em></span> <span class='ocrx_word' id='word_1_527' title='bbox 557 4291 844 4348; x_wconf 90' lang='lat' dir='ltr'><strong><em>oriundis:</em></strong></span> <span class='ocrx_word' id='word_1_528' title='bbox 887 4311 904 4344; x_wconf 78' lang='grc' dir='ltr'><strong><em>ι</em></strong></span> <span class='ocrx_word' id='word_1_529' title='bbox 960 4291 1076 4347; x_wconf 78' lang='lat' dir='ltr'><strong><em>Non</em></strong></span> <span class='ocrx_word' id='word_1_530' title='bbox 1135 4293 1406 4350; x_wconf 88' lang='lat' dir='ltr'><strong><em>remittam</em></strong></span> <span class='ocrx_word' id='word_1_531' title='bbox 1457 4306 1679 4366; x_wconf 87' lang='lat' dir='ltr'><strong><em>peccata</em></strong></span> <span class='ocrx_word' id='word_1_532' title='bbox 1723 4309 1932 4354; x_wconf 87' lang='lat' dir='ltr'><strong><em>vestra.</em></strong></span> <span class='ocrx_word' id='word_1_533' title='bbox 1981 4300 2133 4358; x_wconf 88' lang='lat' dir='ltr'><strong><em>Facti</em></strong></span> 
     </span>
    </p>
   </div>
   <div class='ocr_carea' id='block_1_77' title="bbox 556 4385 2132 4464">
    <p class='ocr_par' dir='ltr' id='par_1_77' title="bbox 556 4385 2132 4464">
     <span class='ocr_line' id='line_1_77' title="bbox 556 4385 2132 4464; baseline 0.004 -24"><span class='ocrx_word' id='word_1_534' title='bbox 556 4385 687 4440; x_wconf 88' lang='lat' dir='ltr'><strong><em>estis</em></strong></span> <span class='ocrx_word' id='word_1_535' title='bbox 722 4385 851 4439; x_wconf 90' lang='lat' dir='ltr'><strong><em>mihi</em></strong></span> <span class='ocrx_word' id='word_1_536' title='bbox 902 4385 955 4440; x_wconf 87' lang='lat' dir='ltr'><strong><em>in</em></strong></span> <span class='ocrx_word' id='word_1_537' title='bbox 1011 4388 1353 4442; x_wconf 87' lang='lat' dir='ltr'><strong><em>saturitatem</em></strong></span> <span class='ocrx_word' id='word_1_538' title='bbox 1381 4387 1448 4443; x_wconf 85' lang='grc'><strong><em>⁶⁰.</em></strong></span> <span class='ocrx_word' id='word_1_539' title='bbox 1492 4408 1511 4441; x_wconf 73' lang='grc' dir='ltr'><strong><em>ι</em></strong></span> <span class='ocrx_word' id='word_1_540' title='bbox 1570 4389 1676 4447; x_wconf 82' lang='lat' dir='ltr'><strong><em>Vos</em></strong></span> <span class='ocrx_word' id='word_1_541' title='bbox 1715 4407 1864 4463; x_wconf 75' lang='lat' dir='ltr'><strong><em>ergo,</em></strong></span> <span class='ocrx_word' id='word_1_542' title='bbox 1935 4393 2132 4464; x_wconf 88' lang='lat' dir='ltr'><strong><em>inquit,</em></strong></span> 
     </span>
    </p>
   </div>
   <div class='ocr_carea' id='block_1_78' title="bbox 557 4478 2134 4567">
    <p class='ocr_par' dir='ltr' id='par_1_78' title="bbox 557 4478 2134 4567">
     <span class='ocr_line' id='line_1_78' title="bbox 557 4478 2134 4567; baseline 0.005 -33"><span class='ocrx_word' id='word_1_543' title='bbox 557 4479 652 4548; x_wconf 75' lang='lat' dir='ltr'><strong><em>qui</em></strong></span> <span class='ocrx_word' id='word_1_544' title='bbox 694 4478 893 4534; x_wconf 88' lang='lat' dir='ltr'><strong><em>al&#39;also</em></strong></span> <span class='ocrx_word' id='word_1_545' title='bbox 950 4481 1277 4550; x_wconf 89' lang='lat' dir='ltr'><strong><em>nuncupatis</em></strong></span> <span class='ocrx_word' id='word_1_546' title='bbox 1335 4481 1438 4537; x_wconf 90' lang='lat' dir='ltr'><strong><em>diis</em></strong></span> <span class='ocrx_word' id='word_1_547' title='bbox 1504 4498 1611 4539; x_wconf 90' lang='lat' dir='ltr'><strong><em>non</em></strong></span> <span class='ocrx_word' id='word_1_548' title='bbox 1667 4485 1995 4567; x_wconf 73' lang='lat' dir='ltr'><strong><em>descivistis,</em></strong></span> <span class='ocrx_word' id='word_1_549' title='bbox 2040 4487 2134 4542; x_wconf 90' lang='lat' dir='ltr'><strong><em>sed</em></strong></span> 
     </span>
    </p>
   </div>
   <div class='ocr_carea' id='block_1_79' title="bbox 2241 3277 3820 3354">
    <p class='ocr_par' dir='ltr' id='par_1_79' title="bbox 2241 3277 3820 3354">
     <span class='ocr_line' id='line_1_79' title="bbox 2241 3277 3820 3354; baseline -0.004 -18"><span class='ocrx_word' id='word_1_550' title='bbox 2241 3285 2378 3354; x_wconf 68' lang='lat' dir='ltr'><strong><em>qiqu</em></strong></span> <span class='ocrx_word' id='word_1_551' title='bbox 2409 3283 2470 3336; x_wconf 81' lang='grc' dir='ltr'>τὸ</span> <span class='ocrx_word' id='word_1_552' title='bbox 2493 3282 2735 3354; x_wconf 78' lang='grc' dir='ltr'>Γράμμα</span> <span class='ocrx_word' id='word_1_553' title='bbox 2760 3283 2821 3335; x_wconf 81' lang='grc' dir='ltr'>τὸ</span> <span class='ocrx_word' id='word_1_554' title='bbox 2857 3281 3022 3353; x_wconf 79' lang='grc' dir='ltr'>ἱερὸν,</span> <span class='ocrx_word' id='word_1_555' title='bbox 3047 3301 3065 3332; x_wconf 81' lang='grc' dir='ltr'><strong><em>ι</em></strong></span> <span class='ocrx_word' id='word_1_556' title='bbox 3106 3280 3254 3334; x_wconf 78' lang='grc' dir='ltr'>Ἀλλ’</span> <span class='ocrx_word' id='word_1_557' title='bbox 3284 3280 3456 3350; x_wconf 82' lang='grc' dir='ltr'>ὑμεῖς,</span> <span class='ocrx_word' id='word_1_558' title='bbox 3488 3296 3505 3328; x_wconf 80' lang='grc' dir='ltr'><strong><em>ι</em></strong></span> <span class='ocrx_word' id='word_1_559' title='bbox 3540 3277 3729 3348; x_wconf 70' lang='grc' dir='ltr'>φησιν,</span> <span class='ocrx_word' id='word_1_560' title='bbox 3769 3277 3820 3330; x_wconf 76' lang='lat' dir='ltr'><strong><em>oi</em></strong></span> 
     </span>
    </p>
   </div>
   <div class='ocr_carea' id='block_1_80' title="bbox 2241 3368 3821 3446">
    <p class='ocr_par' dir='ltr' id='par_1_80' title="bbox 2241 3368 3821 3446">
     <span class='ocr_line' id='line_1_80' title="bbox 2241 3368 3821 3446; baseline -0.003 -19"><span class='ocrx_word' id='word_1_561' title='bbox 2241 3375 2614 3446; x_wconf 85' lang='grc' dir='ltr'>μεμενηκότες</span> <span class='ocrx_word' id='word_1_562' title='bbox 2626 3376 2684 3427; x_wconf 83' lang='grc' dir='ltr'>ὲν</span> <span class='ocrx_word' id='word_1_563' title='bbox 2705 3373 2903 3446; x_wconf 80' lang='grc' dir='ltr'>πλάνῃ,</span> <span class='ocrx_word' id='word_1_564' title='bbox 2929 3393 2947 3424; x_wconf 80' lang='grc' dir='ltr'><strong><em>ι</em></strong></span> <span class='ocrx_word' id='word_1_565' title='bbox 2966 3372 3306 3446; x_wconf 80' lang='grc' dir='ltr'>κεκράξεσθε</span> <span class='ocrx_word' id='word_1_566' title='bbox 3329 3372 3416 3425; x_wconf 74' lang='grc' dir='ltr'>διὸ</span> <span class='ocrx_word' id='word_1_567' title='bbox 3435 3369 3524 3423; x_wconf 79' lang='grc' dir='ltr'>τὸν</span> <span class='ocrx_word' id='word_1_568' title='bbox 3541 3370 3698 3422; x_wconf 83' lang='grc' dir='ltr'>πόνον</span> <span class='ocrx_word' id='word_1_569' title='bbox 3716 3368 3821 3439; x_wconf 85' lang='grc' dir='ltr'>τῆς</span> 
     </span>
    </p>
   </div>
   <div class='ocr_carea' id='block_1_81' title="bbox 2241 3462 3823 3543">
    <p class='ocr_par' dir='ltr' id='par_1_81' title="bbox 2241 3462 3823 3543">
     <span class='ocr_line' id='line_1_81' title="bbox 2241 3462 3823 3543; baseline -0.005 -19"><span class='ocrx_word' id='word_1_570' title='bbox 2241 3471 2470 3543; x_wconf 83' lang='grc' dir='ltr'>καρδίας</span> <span class='ocrx_word' id='word_1_571' title='bbox 2506 3471 2681 3542; x_wconf 86' lang='grc' dir='ltr'>ὑμῶν,</span> <span class='ocrx_word' id='word_1_572' title='bbox 2721 3474 2817 3526; x_wconf 78' lang='grc' dir='ltr'>καὶ</span> <span class='ocrx_word' id='word_1_573' title='bbox 2846 3471 2955 3525; x_wconf 85' lang='grc' dir='ltr'><strong><em>ἀπὸ</em></strong></span> <span class='ocrx_word' id='word_1_574' title='bbox 2990 3471 3283 3543; x_wconf 81' lang='grc' dir='ltr'>συντριϐῆς</span> <span class='ocrx_word' id='word_1_575' title='bbox 3312 3468 3616 3538; x_wconf 81' lang='grc' dir='ltr'>πνεύματος</span> <span class='ocrx_word' id='word_1_576' title='bbox 3641 3462 3823 3517; x_wconf 79' lang='grc' dir='ltr'>ὀλολύ-</span> 
     </span>
    </p>
   </div>
   <div class='ocr_carea' id='block_1_82' title="bbox 2242 3556 3824 3635">
    <p class='ocr_par' dir='ltr' id='par_1_82' title="bbox 2242 3556 3824 3635">
     <span class='ocr_line' id='line_1_82' title="bbox 2242 3556 3824 3635; baseline -0.004 -20"><span class='ocrx_word' id='word_1_577' title='bbox 2242 3561 2380 3627; x_wconf 82' lang='grc' dir='ltr'>ξετε.</span> <span class='ocrx_word' id='word_1_578' title='bbox 2407 3582 2426 3616; x_wconf 75' lang='grc' dir='ltr'><strong><em>ι</em></strong></span> <span class='ocrx_word' id='word_1_579' title='bbox 2448 3564 2966 3635; x_wconf 83' lang='grc' dir='ltr'>Καταφοιτήσαντος</span> <span class='ocrx_word' id='word_1_580' title='bbox 2985 3563 3094 3634; x_wconf 80' lang='grc' dir='ltr'>γὰρ</span> <span class='ocrx_word' id='word_1_581' title='bbox 3125 3562 3183 3629; x_wconf 71' lang='grc' dir='ltr'><strong><em>ἐξ</em></strong></span> <span class='ocrx_word' id='word_1_582' title='bbox 3213 3560 3459 3634; x_wconf 83' lang='grc' dir='ltr'>οὐρανῶν</span> <span class='ocrx_word' id='word_1_583' title='bbox 3486 3557 3579 3611; x_wconf 78' lang='grc' dir='ltr'><strong><em>τοῦ</em></strong></span> <span class='ocrx_word' id='word_1_584' title='bbox 3607 3556 3824 3611; x_wconf 78' lang='grc' dir='ltr'>πάντων</span> 
     </span>
    </p>
   </div>
   <div class='ocr_carea' id='block_1_83' title="bbox 2239 3647 3820 3727">
    <p class='ocr_par' dir='ltr' id='par_1_83' title="bbox 2239 3647 3820 3727">
     <span class='ocr_line' id='line_1_83' title="bbox 2239 3647 3820 3727; baseline -0.004 -19"><span class='ocrx_word' id='word_1_585' title='bbox 2239 3658 2272 3726; x_wconf 81' lang='grc' dir='ltr'>ἡ</span> <span class='ocrx_word' id='word_1_586' title='bbox 2283 3655 2400 3726; x_wconf 86' lang='grc' dir='ltr'><strong><em>μῶν</em></strong></span> <span class='ocrx_word' id='word_1_587' title='bbox 2434 3656 2688 3726; x_wconf 80' lang='grc' dir='ltr'>Σωτῆρος</span> <span class='ocrx_word' id='word_1_588' title='bbox 2723 3651 3124 3727; x_wconf 76' lang='grc' dir='ltr'>Χριστοῦ,εῐτα</span> <span class='ocrx_word' id='word_1_589' title='bbox 3153 3649 3660 3724; x_wconf 71' lang='grc' dir='ltr'>νέμοντοςέκάστῳ</span> <span class='ocrx_word' id='word_1_590' title='bbox 3683 3647 3820 3702; x_wconf 82' lang='grc' dir='ltr'><strong><em>κατά</em></strong></span> 
     </span>
    </p>
   </div>
   <div class='ocr_carea' id='block_1_84' title="bbox 2237 3741 3824 3820">
    <p class='ocr_par' dir='ltr' id='par_1_84' title="bbox 2237 3741 3824 3820">
     <span class='ocr_line' id='line_1_84' title="bbox 2237 3741 3824 3820; baseline -0.004 -19"><span class='ocrx_word' id='word_1_591' title='bbox 2237 3749 2306 3802; x_wconf 86' lang='grc' dir='ltr'>τὰ</span> <span class='ocrx_word' id='word_1_592' title='bbox 2332 3748 2472 3820; x_wconf 81' lang='grc' dir='ltr'>ἔργα</span> <span class='ocrx_word' id='word_1_593' title='bbox 2501 3748 2690 3811; x_wconf 82' lang='grc' dir='ltr'>αὑτοῦ,</span> <span class='ocrx_word' id='word_1_594' title='bbox 2721 3747 3054 3819; x_wconf 84' lang='grc' dir='ltr'>θρηνήσουσι</span> <span class='ocrx_word' id='word_1_595' title='bbox 3082 3747 3303 3811; x_wconf 83' lang='grc' dir='ltr'>πάντες,</span> <span class='ocrx_word' id='word_1_596' title='bbox 3329 3746 3425 3799; x_wconf 75' lang='grc' dir='ltr'>καὶ</span> <span class='ocrx_word' id='word_1_597' title='bbox 3462 3741 3824 3813; x_wconf 79' lang='grc' dir='ltr'>κατοιμὼξουο</span> 
     </span>
    </p>
   </div>
   <div class='ocr_carea' id='block_1_85' title="bbox 2241 3836 3823 3918">
    <p class='ocr_par' dir='ltr' id='par_1_85' title="bbox 2241 3836 3823 3918">
     <span class='ocr_line' id='line_1_85' title="bbox 2241 3836 3823 3918; baseline -0.004 -24"><span class='ocrx_word' id='word_1_598' title='bbox 2241 3857 2324 3894; x_wconf 92' lang='grc' dir='ltr'><strong><em>σιν</em></strong></span> <span class='ocrx_word' id='word_1_599' title='bbox 2351 3842 2400 3894; x_wconf 80' lang='grc' dir='ltr'>οἱ</span> <span class='ocrx_word' id='word_1_600' title='bbox 2435 3843 2574 3912; x_wconf 89' lang='grc' dir='ltr'>μήτε</span> <span class='ocrx_word' id='word_1_601' title='bbox 2607 3841 2747 3918; x_wconf 71' lang='grc' dir='ltr'>Θεὸν</span> <span class='ocrx_word' id='word_1_602' title='bbox 2782 3839 3287 3910; x_wconf 73' lang='grc' dir='ltr'>ἐπεγνωκότες-τὸν</span> <span class='ocrx_word' id='word_1_603' title='bbox 3315 3837 3592 3910; x_wconf 79' lang='grc' dir='ltr'>ἀληθινὸν,</span> <span class='ocrx_word' id='word_1_604' title='bbox 3628 3836 3823 3888; x_wconf 65' lang='lat' dir='ltr'><strong><em>tuam-</em></strong></span> 
     </span>
    </p>
   </div>
   <div class='ocr_carea' id='block_1_86' title="bbox 2239 3929 3827 4006">
    <p class='ocr_par' dir='ltr' id='par_1_86' title="bbox 2239 3929 3827 4006">
     <span class='ocr_line' id='line_1_86' title="bbox 2239 3929 3827 4006; baseline -0.004 -19"><span class='ocrx_word' id='word_1_605' title='bbox 2239 3934 2490 3999; x_wconf 84' lang='grc' dir='ltr'>θανόντες</span> <span class='ocrx_word' id='word_1_606' title='bbox 2513 3934 2568 3987; x_wconf 83' lang='grc' dir='ltr'>δὲ</span> <span class='ocrx_word' id='word_1_607' title='bbox 2611 3935 2811 4006; x_wconf 80' lang='grc' dir='ltr'>μᾶλλον</span> <span class='ocrx_word' id='word_1_608' title='bbox 2832 3938 2950 4000; x_wconf 85' lang='grc' dir='ltr'>ταῖς</span> <span class='ocrx_word' id='word_1_609' title='bbox 2975 3934 3183 3988; x_wconf 81' lang='grc' dir='ltr'>ἑαυτῶν</span> <span class='ocrx_word' id='word_1_610' title='bbox 3216 3932 3535 4005; x_wconf 83' lang='grc' dir='ltr'>ἁμαρτίαις.</span> <span class='ocrx_word' id='word_1_611' title='bbox 3569 3929 3827 3984; x_wconf 80' lang='grc' dir='ltr'>Κατελείο</span> 
     </span>
    </p>
   </div>
   <div class='ocr_carea' id='block_1_87' title="bbox 2237 4026 3826 4102">
    <p class='ocr_par' dir='ltr' id='par_1_87' title="bbox 2237 4026 3826 4102">
     <span class='ocr_line' id='line_1_87' title="bbox 2237 4026 3826 4102; baseline 0.003 -19"><span class='ocrx_word' id='word_1_612' title='bbox 2237 4029 2375 4100; x_wconf 80' lang='grc' dir='ltr'>ψατε</span> <span class='ocrx_word' id='word_1_613' title='bbox 2405 4030 2534 4101; x_wconf 87' lang='grc' dir='ltr'>γὰρ,</span> <span class='ocrx_word' id='word_1_614' title='bbox 2570 4029 2724 4100; x_wconf 76' lang='grc' dir='ltr'>φησὶ,</span> <span class='ocrx_word' id='word_1_615' title='bbox 2753 4030 2814 4083; x_wconf 86' lang='grc' dir='ltr'>τὸ</span> <span class='ocrx_word' id='word_1_616' title='bbox 2841 4030 3012 4102; x_wconf 87' lang='grc' dir='ltr'>δνομα</span> <span class='ocrx_word' id='word_1_617' title='bbox 3045 4031 3198 4102; x_wconf 86' lang='grc' dir='ltr'>ὑμῶν</span> <span class='ocrx_word' id='word_1_618' title='bbox 3237 4031 3318 4093; x_wconf 81' lang='grc' dir='ltr'><strong><em>είς</em></strong></span> <span class='ocrx_word' id='word_1_619' title='bbox 3358 4026 3677 4100; x_wconf 79' lang='grc' dir='ltr'>πλησμονὴν</span> <span class='ocrx_word' id='word_1_620' title='bbox 3714 4027 3826 4087; x_wconf 78' lang='grc' dir='ltr'>τοῖς</span> 
     </span>
    </p>
   </div>
   <div class='ocr_carea' id='block_1_88' title="bbox 2236 4120 3819 4195">
    <p class='ocr_par' dir='ltr' id='par_1_88' title="bbox 2236 4120 3819 4195">
     <span class='ocr_line' id='line_1_88' title="bbox 2236 4120 3819 4195; baseline -0.003 -21"><span class='ocrx_word' id='word_1_621' title='bbox 2236 4121 2513 4186; x_wconf 80' lang='grc' dir='ltr'>ἐκλεκτοῖς</span> <span class='ocrx_word' id='word_1_622' title='bbox 2545 4139 2669 4193; x_wconf 89' lang='grc' dir='ltr'>μου,</span> <span class='ocrx_word' id='word_1_623' title='bbox 2713 4122 2857 4194; x_wconf 76' lang='grc' dir='ltr'>ὑμᾶς</span> <span class='ocrx_word' id='word_1_624' title='bbox 2895 4123 3076 4177; x_wconf 85' lang='grc' dir='ltr'>ἀνελεῖ</span> <span class='ocrx_word' id='word_1_625' title='bbox 3125 4121 3348 4195; x_wconf 82' lang='grc' dir='ltr'>Κύριος.</span> <span class='ocrx_word' id='word_1_626' title='bbox 3387 4121 3574 4193; x_wconf 82' lang='grc' dir='ltr'>Ἀθρει</span> <span class='ocrx_word' id='word_1_627' title='bbox 3609 4120 3669 4187; x_wconf 81' lang='grc' dir='ltr'>δή</span> <span class='ocrx_word' id='word_1_628' title='bbox 3726 4134 3819 4188; x_wconf 89' lang='grc' dir='ltr'><strong><em>μοι</em></strong></span> 
     </span>
    </p>
   </div>
   <div class='ocr_carea' id='block_1_89' title="bbox 2239 4209 3824 4288">
    <p class='ocr_par' dir='ltr' id='par_1_89' title="bbox 2239 4209 3824 4288">
     <span class='ocr_line' id='line_1_89' title="bbox 2239 4209 3824 4288; baseline -0.003 -20"><span class='ocrx_word' id='word_1_629' title='bbox 2239 4215 2402 4269; x_wconf 86' lang='grc' dir='ltr'>πάλιν</span> <span class='ocrx_word' id='word_1_630' title='bbox 2435 4215 2536 4286; x_wconf 80' lang='grc' dir='ltr'>τῆς</span> <span class='ocrx_word' id='word_1_631' title='bbox 2581 4216 2791 4279; x_wconf 75' lang='grc' dir='ltr'>ἑννοίας</span> <span class='ocrx_word' id='word_1_632' title='bbox 2824 4216 2886 4270; x_wconf 81' lang='grc' dir='ltr'>τὸ</span> <span class='ocrx_word' id='word_1_633' title='bbox 2915 4215 3099 4288; x_wconf 85' lang='grc' dir='ltr'>βάθος.</span> <span class='ocrx_word' id='word_1_634' title='bbox 3166 4216 3328 4279; x_wconf 86' lang='grc' dir='ltr'>Ἐθος</span> <span class='ocrx_word' id='word_1_635' title='bbox 3377 4217 3445 4287; x_wconf 73' lang='grc' dir='ltr'><strong><em>τῇ</em></strong></span> <span class='ocrx_word' id='word_1_636' title='bbox 3486 4209 3824 4281; x_wconf 74' lang='grc' dir='ltr'>θεοπνεύστῳ</span> 
     </span>
    </p>
   </div>
   <div class='ocr_carea' id='block_1_90' title="bbox 2236 4303 3823 4382">
    <p class='ocr_par' dir='ltr' id='par_1_90' title="bbox 2236 4303 3823 4382">
     <span class='ocr_line' id='line_1_90' title="bbox 2236 4303 3823 4382; baseline -0.004 -20"><span class='ocrx_word' id='word_1_637' title='bbox 2236 4309 2427 4382; x_wconf 76' lang='grc' dir='ltr'>Γραφῇ</span> <span class='ocrx_word' id='word_1_638' title='bbox 2463 4308 2524 4362; x_wconf 81' lang='grc' dir='ltr'>τὸ</span> <span class='ocrx_word' id='word_1_639' title='bbox 2555 4310 2634 4373; x_wconf 87' lang='grc' dir='ltr'><strong><em>είς</em></strong></span> <span class='ocrx_word' id='word_1_640' title='bbox 2681 4307 3000 4380; x_wconf 82' lang='grc' dir='ltr'>πλησμονὴν</span> <span class='ocrx_word' id='word_1_641' title='bbox 3033 4307 3145 4361; x_wconf 82' lang='grc' dir='ltr'>ἔσθ’</span> <span class='ocrx_word' id='word_1_642' title='bbox 3179 4308 3269 4362; x_wconf 77' lang='grc' dir='ltr'>ὅτε</span> <span class='ocrx_word' id='word_1_643' title='bbox 3319 4307 3517 4376; x_wconf 87' lang='grc' dir='ltr'>λέγειν,</span> <span class='ocrx_word' id='word_1_644' title='bbox 3549 4304 3672 4359; x_wconf 76' lang='grc' dir='ltr'>ἀντὶ</span> <span class='ocrx_word' id='word_1_645' title='bbox 3724 4303 3823 4356; x_wconf 81' lang='grc' dir='ltr'>τοῦ</span> 
     </span>
    </p>
   </div>
   <div class='ocr_carea' id='block_1_91' title="bbox 2236 4394 3826 4474">
    <p class='ocr_par' dir='ltr' id='par_1_91' title="bbox 2236 4394 3826 4474">
     <span class='ocr_line' id='line_1_91' title="bbox 2236 4394 3826 4474; baseline -0.014 -7"><span class='ocrx_word' id='word_1_646' title='bbox 2236 4403 2317 4466; x_wconf 81' lang='grc' dir='ltr'><strong><em>εἰς</em></strong></span> <span class='ocrx_word' id='word_1_647' title='bbox 2345 4401 2527 4474; x_wconf 82' lang='grc' dir='ltr'>κόρον,</span> <span class='ocrx_word' id='word_1_648' title='bbox 2564 4403 2659 4456; x_wconf 76' lang='grc' dir='ltr'>καὶ</span> <span class='ocrx_word' id='word_1_649' title='bbox 2689 4403 2868 4474; x_wconf 83' lang='grc' dir='ltr'>μῖσος.</span> <span class='ocrx_word' id='word_1_650' title='bbox 2891 4401 3040 4471; x_wconf 81' lang='grc' dir='ltr'>Ἔφη</span> <span class='ocrx_word' id='word_1_651' title='bbox 3076 4397 3186 4472; x_wconf 82' lang='grc' dir='ltr'><strong><em>γάρ</em></strong></span> <span class='ocrx_word' id='word_1_652' title='bbox 3217 4417 3318 4454; x_wconf 82' lang='grc' dir='ltr'><strong><em>που</em></strong></span> <span class='ocrx_word' id='word_1_653' title='bbox 3347 4398 3483 4463; x_wconf 83' lang='grc' dir='ltr'>Θεὸς</span> <span class='ocrx_word' id='word_1_654' title='bbox 3508 4398 3620 4461; x_wconf 84' lang='grc' dir='ltr'>τοῖς</span> <span class='ocrx_word' id='word_1_655' title='bbox 3650 4394 3711 4461; x_wconf 73' lang='grc' dir='ltr'>ἐξ</span> <span class='ocrx_word' id='word_1_656' title='bbox 3737 4395 3826 4450; x_wconf 80' lang='grc' dir='ltr'>αῖ-</span> 
     </span>
    </p>
   </div>
   <div class='ocr_carea' id='block_1_92' title="bbox 2243 4486 3824 4566">
    <p class='ocr_par' dir='ltr' id='par_1_92' title="bbox 2243 4486 3824 4566">
     <span class='ocr_line' id='line_1_92' title="bbox 2243 4486 3824 4566; baseline -0.005 -18"><span class='ocrx_word' id='word_1_657' title='bbox 2243 4511 2412 4564; x_wconf 85' lang='grc' dir='ltr'>ματος</span> <span class='ocrx_word' id='word_1_658' title='bbox 2453 4493 2672 4566; x_wconf 82' lang='grc' dir='ltr'>Ἰσραήλ</span> <span class='ocrx_word' id='word_1_659' title='bbox 2692 4509 2707 4524; x_wconf 76' lang='grc'><strong>⁸</strong></span> <span class='ocrx_word' id='word_1_660' title='bbox 2739 4511 2756 4545; x_wconf 86' lang='grc' dir='ltr'><strong><em>ι</em></strong></span> <span class='ocrx_word' id='word_1_661' title='bbox 2785 4491 2981 4546; x_wconf 87' lang='grc' dir='ltr'>Οὑκέτι</span> <span class='ocrx_word' id='word_1_662' title='bbox 3005 4492 3190 4564; x_wconf 76' lang='grc' dir='ltr'>ἀνήσω</span> <span class='ocrx_word' id='word_1_663' title='bbox 3219 4490 3318 4555; x_wconf 79' lang='grc' dir='ltr'><strong><em>τὰς</em></strong></span> <span class='ocrx_word' id='word_1_664' title='bbox 3343 4488 3615 4562; x_wconf 78' lang='grc' dir='ltr'>ἁμαρτίας</span> <span class='ocrx_word' id='word_1_665' title='bbox 3637 4486 3824 4560; x_wconf 76' lang='grc' dir='ltr'>ὑμῶν’</span> 
     </span>
    </p>
   </div>
   <div class='ocr_carea' id='block_1_93' title="bbox 559 4573 2134 4657">
    <p class='ocr_par' dir='ltr' id='par_1_93' title="bbox 559 4573 2134 4643">
     <span class='ocr_line' id='line_1_93' title="bbox 559 4573 2134 4643; baseline 0.007 -18"><span class='ocrx_word' id='word_1_666' title='bbox 559 4573 614 4625; x_wconf 91' lang='lat' dir='ltr'><strong><em>in</em></strong></span> <span class='ocrx_word' id='word_1_667' title='bbox 644 4573 884 4642; x_wconf 87' lang='lat' dir='ltr'><strong><em>peccatis</em></strong></span> <span class='ocrx_word' id='word_1_668' title='bbox 938 4573 1130 4629; x_wconf 87' lang='lat' dir='ltr'><strong><em>vestris</em></strong></span> <span class='ocrx_word' id='word_1_669' title='bbox 1187 4573 1386 4628; x_wconf 90' lang='lat' dir='ltr'><strong><em>mortui</em></strong></span> <span class='ocrx_word' id='word_1_670' title='bbox 1441 4577 1598 4640; x_wconf 87' lang='lat' dir='ltr'><strong><em>estis,</em></strong></span> <span class='ocrx_word' id='word_1_671' title='bbox 1640 4592 1836 4643; x_wconf 90' lang='lat' dir='ltr'><strong><em>nomen</em></strong></span> <span class='ocrx_word' id='word_1_672' title='bbox 1891 4589 2134 4636; x_wconf 87' lang='lat' dir='ltr'><strong><em>vestrum</em></strong></span> 
     </span>
    </p>
   </div>
   <div class='ocr_carea' id='block_1_94' title="bbox 2236 4573 3827 4657">
    <p class='ocr_par' dir='ltr' id='par_1_94' title="bbox 2241 4576 3827 4657">
     <span class='ocr_line' id='line_1_94' title="bbox 2241 4576 3827 4657; baseline -0.003 -20"><span class='ocrx_word' id='word_1_673' title='bbox 2241 4585 2538 4657; x_wconf 78' lang='grc' dir='ltr'>ἐγενήθητέ</span> <span class='ocrx_word' id='word_1_674' title='bbox 2565 4602 2654 4656; x_wconf 86' lang='grc' dir='ltr'><strong><em>μοι</em></strong></span> <span class='ocrx_word' id='word_1_675' title='bbox 2679 4586 2758 4649; x_wconf 85' lang='grc' dir='ltr'><strong><em>εἰς</em></strong></span> <span class='ocrx_word' id='word_1_676' title='bbox 2786 4583 3124 4656; x_wconf 80' lang='grc' dir='ltr'>πλησμονήν.</span> <span class='ocrx_word' id='word_1_677' title='bbox 3150 4602 3169 4636; x_wconf 75' lang='grc' dir='ltr'><strong><em>ι</em></strong></span> <span class='ocrx_word' id='word_1_678' title='bbox 3197 4576 3387 4655; x_wconf 77' lang='grc' dir='ltr'>Ὑμεῖς</span> <span class='ocrx_word' id='word_1_679' title='bbox 3414 4581 3616 4648; x_wconf 84' lang='grc' dir='ltr'>τοίνυν,</span> <span class='ocrx_word' id='word_1_680' title='bbox 3639 4581 3827 4653; x_wconf 78' lang='grc' dir='ltr'>φησὶν,</span> 
     </span>
    </p>
   </div>
   <div class='ocr_carea' id='block_1_95' title="bbox 558 4663 2134 4740">
    <p class='ocr_par' dir='ltr' id='par_1_95' title="bbox 558 4663 2134 4740">
     <span class='ocr_line' id='line_1_95' title="bbox 558 4663 2134 4740; baseline 0.008 -22"><span class='ocrx_word' id='word_1_681' title='bbox 558 4663 614 4718; x_wconf 90' lang='lat' dir='ltr'><strong><em>in</em></strong></span> <span class='ocrx_word' id='word_1_682' title='bbox 644 4664 1009 4730; x_wconf 83' lang='lat' dir='ltr'><strong><em>saturitatem,</em></strong></span> <span class='ocrx_word' id='word_1_683' title='bbox 1041 4665 1128 4720; x_wconf 84' lang='lat' dir='ltr'><strong><em>vel</em></strong></span> <span class='ocrx_word' id='word_1_684' title='bbox 1157 4665 1213 4720; x_wconf 91' lang='lat' dir='ltr'><strong><em>in</em></strong></span> <span class='ocrx_word' id='word_1_685' title='bbox 1242 4668 1424 4722; x_wconf 92' lang='lat' dir='ltr'><strong><em>odium</em></strong></span> <span class='ocrx_word' id='word_1_686' title='bbox 1454 4669 1750 4740; x_wconf 88' lang='lat' dir='ltr'><strong><em>reliquistis</em></strong></span> <span class='ocrx_word' id='word_1_687' title='bbox 1767 4672 1955 4728; x_wconf 90' lang='lat' dir='ltr'><strong><em>electis</em></strong></span> <span class='ocrx_word' id='word_1_688' title='bbox 1975 4675 2134 4733; x_wconf 90' lang='lat' dir='ltr'><strong><em>meis.</em></strong></span> 
     </span>
    </p>
   </div>
   <div class='ocr_carea' id='block_1_96' title="bbox 558 4751 2139 4836">
    <p class='ocr_par' dir='ltr' id='par_1_96' title="bbox 558 4751 2139 4836">
     <span class='ocr_line' id='line_1_96' title="bbox 558 4751 2139 4836; baseline 0.008 -29"><span class='ocrx_word' id='word_1_689' title='bbox 558 4751 728 4809; x_wconf 78' lang='lat' dir='ltr'><strong><em>Nemo</em></strong></span> <span class='ocrx_word' id='word_1_690' title='bbox 741 4753 882 4808; x_wconf 86' lang='lat' dir='ltr'><strong><em>enim</em></strong></span> <span class='ocrx_word' id='word_1_691' title='bbox 900 4768 1109 4820; x_wconf 89' lang='lat' dir='ltr'><strong><em>eorum,</em></strong></span> <span class='ocrx_word' id='word_1_692' title='bbox 1135 4756 1224 4822; x_wconf 87' lang='lat' dir='ltr'><strong><em>qui</em></strong></span> <span class='ocrx_word' id='word_1_693' title='bbox 1241 4757 1406 4812; x_wconf 89' lang='lat' dir='ltr'><strong><em>semel</em></strong></span> <span class='ocrx_word' id='word_1_694' title='bbox 1418 4759 1571 4816; x_wconf 90' lang='lat' dir='ltr'><strong><em>electi</em></strong></span> <span class='ocrx_word' id='word_1_695' title='bbox 1597 4769 1722 4817; x_wconf 89' lang='lat' dir='ltr'><strong><em>sunt</em></strong></span> <span class='ocrx_word' id='word_1_696' title='bbox 1737 4778 1933 4820; x_wconf 91' lang='lat' dir='ltr'><strong><em>nomen</em></strong></span> <span class='ocrx_word' id='word_1_697' title='bbox 1947 4779 2139 4836; x_wconf 88' lang='lat' dir='ltr'><strong><em>super-</em></strong></span> 
     </span>
    </p>
   </div>
   <div class='ocr_carea' id='block_1_97' title="bbox 558 4845 2136 4928">
    <p class='ocr_par' dir='ltr' id='par_1_97' title="bbox 558 4845 2136 4928">
     <span class='ocr_line' id='line_1_97' title="bbox 558 4845 2136 4928; baseline 0.008 -28"><span class='ocrx_word' id='word_1_698' title='bbox 558 4845 893 4919; x_wconf 87' lang='lat' dir='ltr'><strong><em>stitiosorum</em></strong></span> <span class='ocrx_word' id='word_1_699' title='bbox 917 4846 1185 4904; x_wconf 88' lang='lat' dir='ltr'><strong><em>admittet.</em></strong></span> <span class='ocrx_word' id='word_1_700' title='bbox 1213 4849 1428 4921; x_wconf 79' lang='lat' dir='ltr'><strong><em>Refugit</em></strong></span> <span class='ocrx_word' id='word_1_701' title='bbox 1453 4867 1688 4924; x_wconf 89' lang='lat' dir='ltr'><strong><em>namque</em></strong></span> <span class='ocrx_word' id='word_1_702' title='bbox 1709 4858 1938 4928; x_wconf 86' lang='lat' dir='ltr'><strong><em>quisque</em></strong></span> <span class='ocrx_word' id='word_1_703' title='bbox 1954 4859 2136 4914; x_wconf 89' lang='lat' dir='ltr'><strong><em>vocari</em></strong></span> 
     </span>
    </p>
   </div>
   <div class='ocr_carea' id='block_1_98' title="bbox 559 4935 2134 5017">
    <p class='ocr_par' dir='ltr' id='par_1_98' title="bbox 559 4935 2134 5017">
     <span class='ocr_line' id='line_1_98' title="bbox 559 4935 2134 5017; baseline 0.008 -27"><span class='ocrx_word' id='word_1_704' title='bbox 559 4935 654 4992; x_wconf 86' lang='lat' dir='ltr'><strong><em>Del</em></strong></span> <span class='ocrx_word' id='word_1_705' title='bbox 680 4951 830 5002; x_wconf 90' lang='lat' dir='ltr'><strong><em>osor,</em></strong></span> <span class='ocrx_word' id='word_1_706' title='bbox 858 4937 1276 4994; x_wconf 80' lang='lat' dir='ltr'><strong><em>simulacrorum</em></strong></span> <span class='ocrx_word' id='word_1_707' title='bbox 1305 4941 1502 5006; x_wconf 88' lang='lat' dir='ltr'><strong><em>cultor,</em></strong></span> <span class='ocrx_word' id='word_1_708' title='bbox 1563 4945 1786 5014; x_wconf 87' lang='lat' dir='ltr'><strong><em>impius,</em></strong></span> <span class='ocrx_word' id='word_1_709' title='bbox 1844 4949 2134 5017; x_wconf 80' lang='lat' dir='ltr'><strong><em>profanus:</em></strong></span> 
     </span>
    </p>
   </div>
   <div class='ocr_carea' id='block_1_99' title="bbox 557 5029 2135 5109">
    <p class='ocr_par' dir='ltr' id='par_1_99' title="bbox 557 5029 2135 5109">
     <span class='ocr_line' id='line_1_99' title="bbox 557 5029 2135 5109; baseline 0.006 -25"><span class='ocrx_word' id='word_1_710' title='bbox 557 5029 812 5099; x_wconf 86' lang='lat' dir='ltr'><strong><em>cupitque</em></strong></span> <span class='ocrx_word' id='word_1_711' title='bbox 835 5031 1006 5100; x_wconf 79' lang='lat' dir='ltr'><strong><em>magis</em></strong></span> <span class='ocrx_word' id='word_1_712' title='bbox 1045 5031 1150 5086; x_wconf 90' lang='lat' dir='ltr'><strong><em>dici</em></strong></span> <span class='ocrx_word' id='word_1_713' title='bbox 1184 5033 1410 5104; x_wconf 90' lang='lat' dir='ltr'><strong><em>populus</em></strong></span> <span class='ocrx_word' id='word_1_714' title='bbox 1457 5048 1698 5104; x_wconf 89' lang='lat' dir='ltr'><strong><em>sanctus,</em></strong></span> <span class='ocrx_word' id='word_1_715' title='bbox 1752 5053 1884 5109; x_wconf 73' lang='lat' dir='ltr'><strong><em>gens</em></strong></span> <span class='ocrx_word' id='word_1_716' title='bbox 1939 5038 2135 5106; x_wconf 88' lang='lat' dir='ltr'><strong><em>electa,</em></strong></span> 
     </span>
    </p>
   </div>
   <div class='ocr_carea' id='block_1_100' title="bbox 558 5124 2132 5195">
    <p class='ocr_par' dir='ltr' id='par_1_100' title="bbox 558 5124 2132 5195">
     <span class='ocr_line' id='line_1_100' title="bbox 558 5124 2132 5195; baseline 0.006 -17"><span class='ocrx_word' id='word_1_717' title='bbox 558 5124 763 5195; x_wconf 71' lang='lat' dir='ltr'><strong><em>regium</em></strong></span> <span class='ocrx_word' id='word_1_718' title='bbox 778 5124 1164 5190; x_wconf 89' lang='lat' dir='ltr'><strong><em>sacerdotium,</em></strong></span> <span class='ocrx_word' id='word_1_719' title='bbox 1185 5127 1482 5182; x_wconf 89' lang='lat' dir='ltr'><strong><em>secundum</em></strong></span> <span class='ocrx_word' id='word_1_720' title='bbox 1505 5128 1672 5184; x_wconf 90' lang='lat' dir='ltr'><strong><em>divini</em></strong></span> <span class='ocrx_word' id='word_1_721' title='bbox 1694 5129 1839 5184; x_wconf 87' lang='lat' dir='ltr'><strong><em>Petri</em></strong></span> <span class='ocrx_word' id='word_1_722' title='bbox 1866 5145 2051 5187; x_wconf 85' lang='lat' dir='ltr'><strong><em>vocem</em></strong></span> <span class='ocrx_word' id='word_1_723' title='bbox 2067 5133 2132 5187; x_wconf 81' lang='grc'><strong><em>⁶¹.</em></strong></span> 
     </span>
    </p>
   </div>
   <div class='ocr_carea' id='block_1_101' title="bbox 560 5214 2132 5288">
    <p class='ocr_par' dir='ltr' id='par_1_101' title="bbox 560 5214 2132 5288">
     <span class='ocr_line' id='line_1_101' title="bbox 560 5214 2132 5288; baseline 0.006 -18"><span class='ocrx_word' id='word_1_724' title='bbox 560 5214 656 5270; x_wconf 85' lang='lat' dir='ltr'><strong><em>Sin</em></strong></span> <span class='ocrx_word' id='word_1_725' title='bbox 689 5215 778 5272; x_wconf 90' lang='lat' dir='ltr'><strong><em>cui</em></strong></span> <span class='ocrx_word' id='word_1_726' title='bbox 822 5215 996 5271; x_wconf 89' lang='lat' dir='ltr'><strong><em>visum</em></strong></span> <span class='ocrx_word' id='word_1_727' title='bbox 1029 5219 1121 5284; x_wconf 89' lang='lat' dir='ltr'><strong><em>sit,</em></strong></span> <span class='ocrx_word' id='word_1_728' title='bbox 1158 5217 1259 5272; x_wconf 81' lang='lat' dir='ltr'><strong><em>hoc</em></strong></span> <span class='ocrx_word' id='word_1_729' title='bbox 1288 5219 1433 5288; x_wconf 90' lang='lat' dir='ltr'><strong><em>quod</em></strong></span> <span class='ocrx_word' id='word_1_730' title='bbox 1468 5219 1670 5276; x_wconf 88' lang='lat' dir='ltr'><strong><em>dictum</em></strong></span> <span class='ocrx_word' id='word_1_731' title='bbox 1701 5230 1803 5286; x_wconf 89' lang='lat' dir='ltr'><strong><em>est,</em></strong></span> <span class='ocrx_word' id='word_1_732' title='bbox 1866 5219 2132 5280; x_wconf 87' lang='lat' dir='ltr'><strong><em>Israelitis</em></strong></span> 
     </span>
    </p>
   </div>
   <div class='ocr_carea' id='block_1_102' title="bbox 559 5307 2133 5381">
    <p class='ocr_par' dir='ltr' id='par_1_102' title="bbox 559 5307 2133 5381">
     <span class='ocr_line' id='line_1_102' title="bbox 559 5307 2133 5381; baseline 0.009 -25"><span class='ocrx_word' id='word_1_733' title='bbox 559 5310 987 5373; x_wconf 86' lang='lat' dir='ltr'><strong><em>accommodare,</em></strong></span> <span class='ocrx_word' id='word_1_734' title='bbox 1036 5317 1094 5361; x_wconf 94' lang='lat' dir='ltr'><strong><em>ut</em></strong></span> <span class='ocrx_word' id='word_1_735' title='bbox 1137 5307 1245 5364; x_wconf 89' lang='lat' dir='ltr'><strong><em>illis</em></strong></span> <span class='ocrx_word' id='word_1_736' title='bbox 1294 5309 1552 5365; x_wconf 88' lang='lat' dir='ltr'><strong><em>dicatur:</em></strong></span> <span class='ocrx_word' id='word_1_737' title='bbox 1589 5329 1609 5362; x_wconf 82' lang='grc' dir='ltr'><strong><em>ι</em></strong></span> <span class='ocrx_word' id='word_1_738' title='bbox 1662 5311 1978 5381; x_wconf 78' lang='lat' dir='ltr'><strong><em>Reliquistis</em></strong></span> <span class='ocrx_word' id='word_1_739' title='bbox 2038 5330 2133 5369; x_wconf 94' lang='lat' dir='ltr'><strong><em>no-</em></strong></span> 
     </span>
    </p>
   </div>
   <div class='ocr_carea' id='block_1_103' title="bbox 557 5396 2134 5479">
    <p class='ocr_par' dir='ltr' id='par_1_103' title="bbox 557 5396 2134 5479">
     <span class='ocr_line' id='line_1_103' title="bbox 557 5396 2134 5479; baseline 0.011 -33"><span class='ocrx_word' id='word_1_740' title='bbox 557 5408 682 5448; x_wconf 82' lang='lat' dir='ltr'><strong><em>men</em></strong></span> <span class='ocrx_word' id='word_1_741' title='bbox 716 5396 831 5465; x_wconf 86' lang='lat' dir='ltr'><strong><em>ejus</em></strong></span> <span class='ocrx_word' id='word_1_742' title='bbox 856 5398 908 5453; x_wconf 92' lang='lat' dir='ltr'><strong><em>in</em></strong></span> <span class='ocrx_word' id='word_1_743' title='bbox 936 5399 1243 5455; x_wconf 86' lang='lat' dir='ltr'><strong><em>satietatem</em></strong></span> <span class='ocrx_word' id='word_1_744' title='bbox 1262 5400 1454 5456; x_wconf 89' lang='lat' dir='ltr'><strong><em>electis</em></strong></span> <span class='ocrx_word' id='word_1_745' title='bbox 1494 5402 1668 5458; x_wconf 88' lang='lat' dir='ltr'><strong><em>meis:</em></strong></span> <span class='ocrx_word' id='word_1_746' title='bbox 1712 5421 1730 5455; x_wconf 76' lang='grc' dir='ltr'><strong><em>ι</em></strong></span> <span class='ocrx_word' id='word_1_747' title='bbox 1766 5403 1998 5463; x_wconf 88' lang='lat' dir='ltr'><strong><em>dicimus</em></strong></span> <span class='ocrx_word' id='word_1_748' title='bbox 2012 5408 2134 5479; x_wconf 88' lang='lat' dir='ltr'><strong><em>qui-</em></strong></span> 
     </span>
    </p>
   </div>
   <div class='ocr_carea' id='block_1_104' title="bbox 559 5485 2132 5570">
    <p class='ocr_par' dir='ltr' id='par_1_104' title="bbox 559 5485 2132 5570">
     <span class='ocr_line' id='line_1_104' title="bbox 559 5485 2132 5570; baseline 0.01 -32"><span class='ocrx_word' id='word_1_749' title='bbox 559 5485 681 5538; x_wconf 89' lang='lat' dir='ltr'><strong><em>dem</em></strong></span> <span class='ocrx_word' id='word_1_750' title='bbox 718 5499 968 5543; x_wconf 88' lang='lat' dir='ltr'><strong><em>vocatum</em></strong></span> <span class='ocrx_word' id='word_1_751' title='bbox 998 5489 1166 5548; x_wconf 79' lang='lat' dir='ltr'><strong><em>fuisse</em></strong></span> <span class='ocrx_word' id='word_1_752' title='bbox 1196 5493 1473 5560; x_wconf 87' lang='lat' dir='ltr'><strong><em>lsraelem,</em></strong></span> <span class='ocrx_word' id='word_1_753' title='bbox 1518 5492 1717 5551; x_wconf 88' lang='lat' dir='ltr'><strong><em>liberos</em></strong></span> <span class='ocrx_word' id='word_1_754' title='bbox 1755 5497 1872 5562; x_wconf 90' lang='lat' dir='ltr'><strong><em>Dei,</em></strong></span> <span class='ocrx_word' id='word_1_755' title='bbox 1907 5498 2132 5570; x_wconf 88' lang='lat' dir='ltr'><strong><em>ejusque</em></strong></span> 
     </span>
    </p>
   </div>
   <div class='ocr_carea' id='block_1_105' title="bbox 559 5575 2130 5655">
    <p class='ocr_par' dir='ltr' id='par_1_105' title="bbox 559 5575 2130 5655">
     <span class='ocr_line' id='line_1_105' title="bbox 559 5575 2130 5655; baseline 0.012 -27"><span class='ocrx_word' id='word_1_756' title='bbox 559 5575 813 5647; x_wconf 88' lang='lat' dir='ltr'><strong><em>populum</em></strong></span> <span class='ocrx_word' id='word_1_757' title='bbox 850 5587 906 5631; x_wconf 89' lang='lat' dir='ltr'><strong><em>et</em></strong></span> <span class='ocrx_word' id='word_1_758' title='bbox 933 5589 1162 5647; x_wconf 88' lang='lat' dir='ltr'><strong><em>sortem,</em></strong></span> <span class='ocrx_word' id='word_1_759' title='bbox 1198 5584 1292 5637; x_wconf 86' lang='lat' dir='ltr'><strong><em>sed</em></strong></span> <span class='ocrx_word' id='word_1_760' title='bbox 1316 5595 1604 5655; x_wconf 89' lang='lat' dir='ltr'><strong><em>postquam</em></strong></span> <span class='ocrx_word' id='word_1_761' title='bbox 1636 5587 1688 5643; x_wconf 88' lang='lat' dir='ltr'><strong><em>in</em></strong></span> <span class='ocrx_word' id='word_1_762' title='bbox 1721 5587 2130 5648; x_wconf 79' lang='lat' dir='ltr'><strong><em>ell&#39;renationem</em></strong></span> 
     </span>
    </p>
   </div>
   <div class='ocr_carea' id='block_1_106' title="bbox 628 5755 1588 5831">
    <p class='ocr_par' dir='ltr' id='par_1_106' title="bbox 628 5755 1588 5831">
     <span class='ocr_line' id='line_1_106' title="bbox 628 5755 1588 5831; baseline 0.013 -20"><span class='ocrx_word' id='word_1_763' title='bbox 628 5756 675 5791; x_wconf 82' lang='lat'><strong><em>‘°</em></strong></span> <span class='ocrx_word' id='word_1_764' title='bbox 712 5755 816 5814; x_wconf 84' lang='lat' dir='ltr'><strong><em>lsa.</em></strong></span> <span class='ocrx_word' id='word_1_765' title='bbox 864 5772 904 5825; x_wconf 78' lang='grc' dir='ltr'><strong><em>ι,</em></strong></span> <span class='ocrx_word' id='word_1_766' title='bbox 957 5757 1048 5814; x_wconf 77' lang='lat' dir='ltr'><strong><em>l5.</em></strong></span> <span class='ocrx_word' id='word_1_767' title='bbox 1126 5761 1168 5793; x_wconf 84' lang='grc'><strong><em>⁶¹</em></strong></span> <span class='ocrx_word' id='word_1_768' title='bbox 1201 5761 1221 5816; x_wconf 88' lang='lat' dir='ltr'><strong><em>l</em></strong></span> <span class='ocrx_word' id='word_1_769' title='bbox 1252 5761 1396 5818; x_wconf 86' lang='lat' dir='ltr'><strong><em>Pelr.</em></strong></span> <span class='ocrx_word' id='word_1_770' title='bbox 1443 5783 1501 5831; x_wconf 91' lang='grc' dir='ltr'><strong><em>ιι,</em></strong></span> <span class='ocrx_word' id='word_1_771' title='bbox 1536 5767 1588 5823; x_wconf 79' lang='lat'><strong><em>9.</em></strong></span> 
     </span>
    </p>
   </div>
   <div class='ocr_carea' id='block_1_107' title="bbox 2241 4673 3828 4751">
    <p class='ocr_par' dir='ltr' id='par_1_107' title="bbox 2241 4673 3828 4751">
     <span class='ocr_line' id='line_1_107' title="bbox 2241 4673 3828 4751; baseline -0.003 -21"><span class='ocrx_word' id='word_1_772' title='bbox 2241 4679 2294 4730; x_wconf 79' lang='grc' dir='ltr'>οἱ</span> <span class='ocrx_word' id='word_1_773' title='bbox 2341 4680 2475 4750; x_wconf 85' lang='grc' dir='ltr'>μήτε</span> <span class='ocrx_word' id='word_1_774' title='bbox 2511 4678 2619 4732; x_wconf 89' lang='grc' dir='ltr'><strong><em>τῶν</em></strong></span> <span class='ocrx_word' id='word_1_775' title='bbox 2665 4677 3035 4751; x_wconf 78' lang='grc' dir='ltr'>ψευδωνύμων</span> <span class='ocrx_word' id='word_1_776' title='bbox 3083 4677 3420 4742; x_wconf 82' lang='grc' dir='ltr'>ἀποστάντες</span> <span class='ocrx_word' id='word_1_777' title='bbox 3475 4673 3634 4742; x_wconf 87' lang='grc' dir='ltr'>θεῶν,</span> <span class='ocrx_word' id='word_1_778' title='bbox 3675 4674 3828 4726; x_wconf 69' lang='grc' dir='ltr'>ιντε·</span> 
     </span>
    </p>
   </div>
   <div class='ocr_carea' id='block_1_108' title="bbox 2243 4765 3833 4842">
    <p class='ocr_par' dir='ltr' id='par_1_108' title="bbox 2243 4765 3833 4842">
     <span class='ocr_line' id='line_1_108' title="bbox 2243 4765 3833 4842; baseline -0.004 -17"><span class='ocrx_word' id='word_1_779' title='bbox 2243 4771 2476 4834; x_wconf 88' lang='grc' dir='ltr'>θνεῶτες</span> <span class='ocrx_word' id='word_1_780' title='bbox 2496 4769 2659 4823; x_wconf 77' lang='grc' dir='ltr'>δὲκαὶ</span> <span class='ocrx_word' id='word_1_781' title='bbox 2683 4771 2804 4835; x_wconf 87' lang='grc' dir='ltr'>ταῖς</span> <span class='ocrx_word' id='word_1_782' title='bbox 2824 4772 3034 4826; x_wconf 78' lang='grc' dir='ltr'>ἑαυτῶν</span> <span class='ocrx_word' id='word_1_783' title='bbox 3057 4771 3376 4842; x_wconf 81' lang='grc' dir='ltr'>ἁμαρτίαις,</span> <span class='ocrx_word' id='word_1_784' title='bbox 3394 4767 3455 4820; x_wconf 83' lang='grc' dir='ltr'>τὸ</span> <span class='ocrx_word' id='word_1_785' title='bbox 3479 4767 3649 4837; x_wconf 71' lang='grc' dir='ltr'>ὄνομα</span> <span class='ocrx_word' id='word_1_786' title='bbox 3671 4765 3833 4837; x_wconf 83' lang='grc' dir='ltr'>ὑμῶν</span> 
     </span>
    </p>
   </div>
   <div class='ocr_carea' id='block_1_109' title="bbox 2244 4858 3830 4934">
    <p class='ocr_par' dir='ltr' id='par_1_109' title="bbox 2244 4858 3830 4934">
     <span class='ocr_line' id='line_1_109' title="bbox 2244 4858 3830 4934; baseline -0.003 -19"><span class='ocrx_word' id='word_1_787' title='bbox 2244 4863 2325 4926; x_wconf 84' lang='grc' dir='ltr'><strong><em>είς</em></strong></span> <span class='ocrx_word' id='word_1_788' title='bbox 2371 4859 2723 4933; x_wconf 79' lang='grc' dir='ltr'>πλησμονὴν,</span> <span class='ocrx_word' id='word_1_789' title='bbox 2789 4863 2958 4934; x_wconf 70' lang='grc' dir='ltr'>ἤγουν</span> <span class='ocrx_word' id='word_1_790' title='bbox 3007 4864 3085 4926; x_wconf 85' lang='grc' dir='ltr'><strong><em>είς</em></strong></span> <span class='ocrx_word' id='word_1_791' title='bbox 3118 4865 3274 4933; x_wconf 89' lang='grc' dir='ltr'>μῖσος</span> <span class='ocrx_word' id='word_1_792' title='bbox 3316 4858 3671 4929; x_wconf 73' lang='grc' dir='ltr'>κατελείψατε</span> <span class='ocrx_word' id='word_1_793' title='bbox 3710 4860 3830 4922; x_wconf 83' lang='grc' dir='ltr'>τοῖς</span> 
     </span>
    </p>
   </div>
   <div class='ocr_carea' id='block_1_110' title="bbox 2243 4949 3833 5025">
    <p class='ocr_par' dir='ltr' id='par_1_110' title="bbox 2243 4949 3833 5025">
     <span class='ocr_line' id='line_1_110' title="bbox 2243 4949 3833 5025; baseline -0.003 -19"><span class='ocrx_word' id='word_1_794' title='bbox 2243 4952 2517 5017; x_wconf 80' lang='grc' dir='ltr'>ἐκλεκτοῖς</span> <span class='ocrx_word' id='word_1_795' title='bbox 2554 4971 2656 5023; x_wconf 86' lang='grc' dir='ltr'><strong><em>μου</em></strong></span> <span class='ocrx_word' id='word_1_796' title='bbox 2681 4970 2692 4985; x_wconf 88' lang='grc'><strong>·</strong></span> <span class='ocrx_word' id='word_1_797' title='bbox 2731 4958 2843 5018; x_wconf 87' lang='grc' dir='ltr'>τοῖς</span> <span class='ocrx_word' id='word_1_798' title='bbox 2873 4953 2980 5025; x_wconf 85' lang='grc' dir='ltr'><strong><em>γὰρ</em></strong></span> <span class='ocrx_word' id='word_1_799' title='bbox 3010 4952 3157 5019; x_wconf 75' lang='grc' dir='ltr'><strong><em>ἅπαξ</em></strong></span> <span class='ocrx_word' id='word_1_800' title='bbox 3187 4951 3606 5022; x_wconf 79' lang='grc' dir='ltr'>ἐξειλεγμένοις,</span> <span class='ocrx_word' id='word_1_801' title='bbox 3651 4949 3833 5013; x_wconf 74' lang='grc' dir='ltr'>οὐδεὶς</span> 
     </span>
    </p>
   </div>
   <div class='ocr_carea' id='block_1_111' title="bbox 2240 5041 3828 5116">
    <p class='ocr_par' dir='ltr' id='par_1_111' title="bbox 2240 5041 3828 5116">
     <span class='ocr_line' id='line_1_111' title="bbox 2240 5041 3828 5116; baseline -0.001 -20"><span class='ocrx_word' id='word_1_802' title='bbox 2240 5043 2301 5096; x_wconf 79' lang='grc' dir='ltr'>τὸ</span> <span class='ocrx_word' id='word_1_803' title='bbox 2343 5044 2453 5097; x_wconf 87' lang='grc' dir='ltr'><strong><em>τῶν</em></strong></span> <span class='ocrx_word' id='word_1_804' title='bbox 2506 5045 2919 5116; x_wconf 84' lang='grc' dir='ltr'>δεισιδαιμόνων</span> <span class='ocrx_word' id='word_1_805' title='bbox 2947 5044 3122 5115; x_wconf 74' lang='grc' dir='ltr'>ὄνομα</span> <span class='ocrx_word' id='word_1_806' title='bbox 3174 5046 3410 5098; x_wconf 86' lang='grc' dir='ltr'>ποιεῖται</span> <span class='ocrx_word' id='word_1_807' title='bbox 3462 5041 3828 5114; x_wconf 79' lang='grc' dir='ltr'>παράδεκτον.</span> 
     </span>
    </p>
   </div>
   <div class='ocr_carea' id='block_1_112' title="bbox 2239 5132 3887 5207">
    <p class='ocr_par' dir='ltr' id='par_1_112' title="bbox 2239 5132 3887 5207">
     <span class='ocr_line' id='line_1_112' title="bbox 2239 5132 3887 5207; baseline -0.002 -18"><span class='ocrx_word' id='word_1_808' title='bbox 2239 5135 2433 5206; x_wconf 78' lang='grc' dir='ltr'>Φεύγει</span> <span class='ocrx_word' id='word_1_809' title='bbox 2475 5137 2532 5190; x_wconf 80' lang='grc' dir='ltr'>δὲ</span> <span class='ocrx_word' id='word_1_810' title='bbox 2578 5137 2723 5202; x_wconf 76' lang='grc' dir='ltr'>ἄπας</span> <span class='ocrx_word' id='word_1_811' title='bbox 2750 5137 2810 5189; x_wconf 81' lang='grc' dir='ltr'>τὸ</span> <span class='ocrx_word' id='word_1_812' title='bbox 2847 5136 3133 5190; x_wconf 84' lang='grc' dir='ltr'>καλεῖσθαι</span> <span class='ocrx_word' id='word_1_813' title='bbox 3167 5134 3450 5207; x_wconf 74' lang='grc' dir='ltr'>θεομισὴς,</span> <span class='ocrx_word' id='word_1_814' title='bbox 3482 5135 3576 5187; x_wconf 77' lang='grc' dir='ltr'>καὶ</span> <span class='ocrx_word' id='word_1_815' title='bbox 3611 5132 3833 5188; x_wconf 74' lang='grc' dir='ltr'>εἰδωλορ</span> <span class='ocrx_word' id='word_1_816' title='bbox 3879 5182 3887 5186; x_wconf 82' lang='grc'>.</span> 
     </span>
    </p>
   </div>
   <div class='ocr_carea' id='block_1_113' title="bbox 2239 5224 3884 5301">
    <p class='ocr_par' dir='ltr' id='par_1_113' title="bbox 2239 5224 3884 5301">
     <span class='ocr_line' id='line_1_113' title="bbox 2239 5224 3884 5301; baseline -0.004 -19"><span class='ocrx_word' id='word_1_817' title='bbox 2239 5230 2445 5301; x_wconf 85' lang='grc' dir='ltr'>λάτρης</span> <span class='ocrx_word' id='word_1_818' title='bbox 2489 5228 2705 5293; x_wconf 76' lang='grc' dir='ltr'>ἀνόσιός</span> <span class='ocrx_word' id='word_1_819' title='bbox 2747 5245 2804 5282; x_wconf 85' lang='grc' dir='ltr'><strong><em>τε</em></strong></span> <span class='ocrx_word' id='word_1_820' title='bbox 2836 5228 2929 5282; x_wconf 78' lang='grc' dir='ltr'>καὶ</span> <span class='ocrx_word' id='word_1_821' title='bbox 2979 5227 3206 5299; x_wconf 82' lang='grc' dir='ltr'>βέϐηλος</span> <span class='ocrx_word' id='word_1_822' title='bbox 3231 5245 3244 5258; x_wconf 81' lang='lat'><strong><em>°</em></strong></span> <span class='ocrx_word' id='word_1_823' title='bbox 3279 5227 3488 5297; x_wconf 75' lang='grc' dir='ltr'>ἐφίεται</span> <span class='ocrx_word' id='word_1_824' title='bbox 3521 5226 3579 5280; x_wconf 80' lang='grc' dir='ltr'>δὲ</span> <span class='ocrx_word' id='word_1_825' title='bbox 3624 5224 3830 5296; x_wconf 81' lang='grc' dir='ltr'>μᾶλλον</span> <span class='ocrx_word' id='word_1_826' title='bbox 3875 5269 3884 5274; x_wconf 84' lang='grc'><strong><em>-</em></strong></span> 
     </span>
    </p>
   </div>
   <div class='ocr_carea' id='block_1_114' title="bbox 2240 5315 3890 5389">
    <p class='ocr_par' dir='ltr' id='par_1_114' title="bbox 2240 5315 3890 5389">
     <span class='ocr_line' id='line_1_114' title="bbox 2240 5315 3890 5389; baseline -0.004 -15"><span class='ocrx_word' id='word_1_827' title='bbox 2240 5319 2334 5374; x_wconf 82' lang='grc' dir='ltr'>τοῦ</span> <span class='ocrx_word' id='word_1_828' title='bbox 2373 5319 2656 5374; x_wconf 87' lang='grc' dir='ltr'>καλεῖσθαι</span> <span class='ocrx_word' id='word_1_829' title='bbox 2685 5319 2815 5384; x_wconf 79' lang='grc' dir='ltr'>λαὸς</span> <span class='ocrx_word' id='word_1_830' title='bbox 2846 5320 3024 5389; x_wconf 77' lang='grc' dir='ltr'>ἅγιος,</span> <span class='ocrx_word' id='word_1_831' title='bbox 3063 5319 3216 5384; x_wconf 75' lang='grc' dir='ltr'>ἔθνος</span> <span class='ocrx_word' id='word_1_832' title='bbox 3248 5319 3526 5382; x_wconf 74' lang='grc' dir='ltr'>ἐκλεκτὸν,</span> <span class='ocrx_word' id='word_1_833' title='bbox 3557 5315 3834 5388; x_wconf 84' lang='grc' dir='ltr'>βασίλειον</span> <span class='ocrx_word' id='word_1_834' title='bbox 3887 5365 3890 5368; x_wconf 83' lang='lat'><strong><em>.</em></strong></span> 
     </span>
    </p>
   </div>
   <div class='ocr_carea' id='block_1_115' title="bbox 2242 5406 3835 5483">
    <p class='ocr_par' dir='ltr' id='par_1_115' title="bbox 2242 5406 3835 5483">
     <span class='ocr_line' id='line_1_115' title="bbox 2242 5406 3835 5483; baseline -0.003 -19"><span class='ocrx_word' id='word_1_835' title='bbox 2242 5411 2561 5483; x_wconf 78' lang='grc' dir='ltr'>ἱεράτευμα,</span> <span class='ocrx_word' id='word_1_836' title='bbox 2587 5411 2727 5465; x_wconf 87' lang='grc' dir='ltr'><strong><em>κατά</em></strong></span> <span class='ocrx_word' id='word_1_837' title='bbox 2755 5413 2854 5482; x_wconf 79' lang='grc' dir='ltr'>τὴν</span> <span class='ocrx_word' id='word_1_838' title='bbox 2884 5411 3174 5466; x_wconf 88' lang='grc' dir='ltr'>θεσπεσίου</span> <span class='ocrx_word' id='word_1_839' title='bbox 3212 5411 3420 5480; x_wconf 85' lang='grc' dir='ltr'>Πέτρου</span> <span class='ocrx_word' id='word_1_840' title='bbox 3450 5409 3654 5479; x_wconf 81' lang='grc' dir='ltr'>φωνήν.</span> <span class='ocrx_word' id='word_1_841' title='bbox 3682 5407 3747 5461; x_wconf 83' lang='grc' dir='ltr'><strong><em>Εἰ</em></strong></span> <span class='ocrx_word' id='word_1_842' title='bbox 3773 5406 3835 5460; x_wconf 79' lang='grc' dir='ltr'>δὲ</span> 
     </span>
    </p>
   </div>
   <div class='ocr_carea' id='block_1_116' title="bbox 2239 5495 3838 5576">
    <p class='ocr_par' dir='ltr' id='par_1_116' title="bbox 2239 5495 3838 5576">
     <span class='ocr_line' id='line_1_116' title="bbox 2239 5495 3838 5576; baseline -0.006 -18"><span class='ocrx_word' id='word_1_843' title='bbox 2239 5505 2304 5576; x_wconf 82' lang='grc' dir='ltr'><strong><em>δὴ</em></strong></span> <span class='ocrx_word' id='word_1_844' title='bbox 2330 5504 2571 5574; x_wconf 85' lang='grc' dir='ltr'>βούλοιτὸ</span> <span class='ocrx_word' id='word_1_845' title='bbox 2591 5523 2675 5569; x_wconf 91' lang='grc' dir='ltr'><strong><em>τις</em></strong></span> <span class='ocrx_word' id='word_1_846' title='bbox 2701 5507 2812 5569; x_wconf 88' lang='grc' dir='ltr'>τοῖς</span> <span class='ocrx_word' id='word_1_847' title='bbox 2842 5503 2901 5572; x_wconf 81' lang='grc' dir='ltr'><strong>ἐξ</strong></span> <span class='ocrx_word' id='word_1_848' title='bbox 2927 5505 3159 5576; x_wconf 78' lang='grc' dir='ltr'>αἵματος</span> <span class='ocrx_word' id='word_1_849' title='bbox 3191 5502 3409 5574; x_wconf 83' lang='grc' dir='ltr'>Ἰσραὴλ</span> <span class='ocrx_word' id='word_1_850' title='bbox 3429 5498 3736 5572; x_wconf 67' lang='grc' dir='ltr'>ἐφαρμόσαι</span> <span class='ocrx_word' id='word_1_851' title='bbox 3769 5495 3838 5550; x_wconf 84' lang='grc' dir='ltr'>τὸ</span> 
     </span>
    </p>
   </div>
   <div class='ocr_carea' id='block_1_117' title="bbox 2243 5585 3839 5668">
    <p class='ocr_par' dir='ltr' id='par_1_117' title="bbox 2243 5585 3839 5668">
     <span class='ocr_line' id='line_1_117' title="bbox 2243 5585 3839 5668; baseline -0.004 -21"><span class='ocrx_word' id='word_1_852' title='bbox 2243 5595 2551 5667; x_wconf 83' lang='grc' dir='ltr'>εἰρημένον,</span> <span class='ocrx_word' id='word_1_853' title='bbox 2584 5595 2670 5649; x_wconf 85' lang='grc' dir='ltr'><strong><em>ἴνα</em></strong></span> <span class='ocrx_word' id='word_1_854' title='bbox 2709 5595 2845 5665; x_wconf 76' lang='grc' dir='ltr'>πρὸς</span> <span class='ocrx_word' id='word_1_855' title='bbox 2885 5596 3086 5662; x_wconf 81' lang='grc' dir='ltr'>αὑτοὺς</span> <span class='ocrx_word' id='word_1_856' title='bbox 3133 5595 3362 5668; x_wconf 83' lang='grc' dir='ltr'>λέγηται</span> <span class='ocrx_word' id='word_1_857' title='bbox 3393 5593 3478 5662; x_wconf 81' lang='grc' dir='ltr'>τὸ,</span> <span class='ocrx_word' id='word_1_858' title='bbox 3519 5612 3537 5644; x_wconf 79' lang='grc' dir='ltr'><strong><em>ι</em></strong></span> <span class='ocrx_word' id='word_1_859' title='bbox 3569 5585 3839 5647; x_wconf 54' lang='lat' dir='ltr'><strong><em>Kurd.“-</em></strong></span> 
     </span>
    </p>
   </div>
  </div>
