4090 6216
346 395 483 452 ιιιτ

1453 392 1519 448 IN
1560 389 1788 447 ISAIAM
1831 391 1956 447 LIB.
2001 393 2062 449 V.
2106 391 2341 450 TOMUS
2383 392 2469 449 Vl.

3468 411 3607 468 1413

343 512 483 580 ψατε
513 509 576 563 τὸ
613 509 784 580 ὄνομα
823 508 973 581 ὑμῶν
1017 513 1098 576 εις
1137 512 1460 584 πλησμονὴν
1503 516 1616 576 τοῖς
1645 512 1912 576 ἐκλεκτοῖς

2026 522 2139 569 ιοιο
2170 515 2373 584 impetu
2410 523 2759 583 proruerunt,
2800 515 2902 572 hac
2943 527 3088 574 tanta
3115 520 3189 576 illi
3242 522 3410 593 gloria
3465 532 3611 584 excl~

347 619 453 673 μου
473 619 486 632 ·
522 603 776 672 ΐφαμὲν,
809 603 890 655 δτι
932 603 1098 657 τέκνα
1128 603 1288 668 Θεοῦ,
1322 605 1418 657 καὶ
1454 605 1580 668 λαὸς
1613 606 1799 669 αὐτοῦ,
1833 605 1928 658 καὶ

344 691 546 763 κλῆρος
573 693 814 744 ἐκαλεῖτο
831 693 930 762 μὲν
955 695 983 746 ὁ
1015 694 1234 764 Ἰσραήλ
1252 711 1266 726 ·
1294 697 1482 767 ἐπειδὴ
1506 697 1563 749 δὲ
1588 695 1921 749 κατώλισθον

341 784 586 854 ἀσχέτως
617 785 694 848 είς
720 785 780 837 τὸ
809 784 1043 856 ὲξήνιον,
1068 788 1459 844 ὲκπεπτώκασι
1489 791 1586 860 μὲν
1615 791 1714 860 τῆς
1739 791 1922 843 τοιαύ-

339 892 441 951 της
465 876 623 948 δόξης
645 879 821 940 αὐτοὶ,
841 877 1360 952 κεκληρονομήκασι
1389 882 1447 935 δὲ
1477 882 1667 954 ὥσπερ
1692 883 1854 938 αὑτὸν
1873 883 1924 936 οἱ

340 945 400 1030 ἐξ
425 945 595 1021 ἐθνῶν
630 971 976 1040 κεκλημένον
998 945 1097 1025 ἆξαι
1110 945 1284 1039 τοῦτο,
1299 971 1473 1046 οἶμαι,
1499 945 1647 1028 ἐστὶν
1658 977 1794 1046 ὅπερ
1815 975 1918 1046 ἔφη

2024 607 2239 672 derunt,
2283 620 2513 676 eamque
2545 606 2691 661 velut
2720 608 3066 667 haereditario
3090 613 3216 682 jure
3253 619 3611 685 possederunt

2023 698 2112 766 qui
2141 712 2205 752 ex
2235 699 2489 768 gentibus
2529 700 2705 753 vocati
2758 709 2905 757 sunt.
2964 702 3030 756 Et
3076 704 3180 759 hoc
3237 715 3340 774 est,
3397 711 3606 778 opinor,

2021 791 2165 858 quod
2217 790 2353 844 dixit
2380 791 2522 845 Deus
2557 806 2688 847 voce
2722 790 2860 848 Osee
2904 811 2917 847 :
2955 812 2973 846 ι
3016 793 3236 852 Vocabo
3267 815 3373 854 non
3435 818 3604 872 popu-

2019 881 2130 935 lum
2152 897 2355 946 meum,
2388 881 2644 952 populum
2694 899 2904 940 meum:
2956 896 3010 942 et
3054 889 3230 943 dicam
3264 907 3372 946 non
3409 894 3606 963 populo

2019 989 2160 1038 meo,
2202 971 2436 1042 Populus
2487 989 2641 1028 meus
2667 989 2726 1030 es
2765 985 2818 1028 tu
2853 976 2919 1028 “.
2945 994 2966 1028 ι

340 1061 472 1125 Θεὸς
533 1063 622 1116 διὰ
656 1064 842 1134 φωνῆς
888 1066 1068 1138 Ὠσηέο
1127 1087 1146 1120 ι
1182 1069 1412 1124 Καλέσω
1455 1071 1548 1124 τὸν
1589 1072 1650 1124 οὐ
1694 1070 1821 1123 λαόν
1857 1087 1981 1141 μου,
2021 1068 2148 1122 λαόν
2191 1085 2323 1138 μου,
2369 1070 2465 1121 καὶ
2517 1069 2628 1140 ἐρῶ
2665 1069 2744 1140 τῷ
2789 1071 2850 1123 οὐ
2894 1071 3006 1143 λαῷ
3046 1089 3147 1143 μου
3173 1091 3187 1104 ο
3233 1075 3376 1139 Λαός
3424 1095 3526 1148 μου
3561 1074 3610 1132 εἴ

340 1169 427 1208 συ.
462 1173 482 1205 ι

413 1249 548 1315 Τοῖς
584 1249 652 1303 δὲ
679 1251 1083 1308 δουλεύουσιν
1113 1252 1294 1323 αὐτῷ,
1321 1257 1691 1327 κληθήσεται
1735 1258 1924 1327 ὄνομα

336 1341 572 1408 καινὸν,
615 1341 646 1395 ὃ
681 1345 1155 1414 εὐλογηθήσεται
1199 1348 1296 1400 ἐπὶ
1341 1348 1452 1417 τῆς
1492 1349 1633 1418 γῆς’
1667 1351 1922 1419 εὐλογή-

337 1447 520 1485 σουσι
553 1432 662 1501 γὰρ
695 1435 800 1488 τὸν
827 1435 974 1490 Θεὸν
987 1438 1093 1491 τὸν
1113 1439 1420 1507 ἀληθινόν.
1443 1442 1552 1496 Kal
1584 1445 1638 1495 οἱ
1667 1443 1923 1510 ὀμνύον-

337 1537 436 1586 τες
479 1523 579 1575 ἐπὶ
630 1524 740 1593 τῆς
790 1525 921 1595 γῆς,
974 1529 1259 1597 όμοῦνται
1299 1532 1408 1585 τὸν
1455 1534 1606 1587 Θεὸν
1639 1533 1746 1586 τὸν
1772 1534 1924 1602 ἀλη-

337 1615 538 1667 θινόν·
587 1616 983 1682 ἐπιλήσονται
1024 1620 1134 1690 γὰρ
1179 1622 1296 1690 τὴν
1327 1625 1540 1692 θλίψιν
1570 1623 1770 1679 αὐτῶν
1806 1625 1920 1694 τὴν

337 1706 599 1775 πρώτην,
629 1710 726 1762 καὶ
750 1712 862 1764 οὐκ
893 1712 1262 1780 ἀναϐήσεται
1285 1715 1486 1769 αὐτῶν
1508 1717 1607 1771 ἐπὶ
1647 1718 1762 1786 τὴν
1783 1733 1921 1786 καρ-

337 1795 494 1850 δίαν.
547 1801 760 1866 Ἔσιται
805 1802 916 1871 γὰρ
950 1806 982 1857 ό
1030 1805 1287 1874 οὐρανὸς
1323 1807 1548 1874 καινὸς,
1605 1809 1705 1861 καὶ
1749 1811 1786 1878 ἠ
1842 1807 1920 1879 γῆ
1953 1844 1995 1898 Β

337 1887 537 1954 καινὴ,
576 1891 675 1944 καὶ
707 1893 780 1945 οὺ
822 1892 910 1961 μὴ
932 1894 1255 1962 μνησθῶσι
1283 1895 1402 1950 τῶν
1438 1898 1758 1966 προτέρων,
1794 1899 1920 1953 οὐδ’

338 1980 410 2030 οὺ
433 1979 520 2046 μὴ
553 1980 776 2051 ἐπέλθῃ
807 1983 1006 2038 αὐτῶν
1033 1987 1134 2040 ἐπὶ
1177 1987 1294 2056 τὴν
1339 1989 1610 2059 καρδίαν,
1651 1990 1788 2045 ἀλλ’
1821 1991 1950 2046 εὐ-’

337 2072 654 2139 φροσύνην
681 2075 778 2126 καὶ
810 2076 1152 2146 (imminuta
1173 2079 1552 2148 εὑρήσουσιν
1581 2083 1650 2135 ἐν
1673 2081 1847 2151 αὐτῇ.

407 2160 594 2213 Πάντα
625 2164 844 2230 γέγονεν
875 2167 932 2218 ἐν
965 2166 1186 2238 Χριστῷ
1217 2169 1398 2232 καινὰ,
1429 2169 1524 2222 καὶ
1547 2169 1793 2240 λατρεία,
1825 2170 1921 2223 καὶ

337 2247 472 2318 ζωὴ,
519 2251 614 2302 καὶ
647 2252 974 2322 νομοθεσίαο
1016 2256 1076 2308 οὺ
1112 2259 1222 2326 γὰρ
1252 2260 1434 2322 σκιαῖς
1483 2258 1563 2312 ἔτι
1598 2260 1694 2311 καὶ
1727 2259 1919 2323 τύποις

335 2341 616 2409 ἀνονήτοις
645 2345 1016 2414 προσκείμεθα
1038 2363 1051 2378 ο
1083 2347 1344 2418 τελοῦμεν
1374 2349 1430 2402 δὲ
1473 2350 1672 2418 μᾶλλον
1710 2349 1788 2421 τῷ
1825 2352 1919 2404 ἐπὶ

335 2430 555 2485 πάντων
593 2432 711 2503 Θεῷ
763 2435 862 2505 τὴν
889 2438 945 2488 ἐν
985 2438 1338 2509 πνεύματίτε
1369 2441 1461 2492 καὶ
1499 2441 1728 2514 ἀληθείᾳ
1752 2459 1919 2513 προσ-

333 2521 562 2591 κύνησιν
618 2527 712 2594 καὶ
738 2526 1014 2597 λατρείαν.
1049 2531 1478 2600 Χρηματίζομεν
1507 2532 1563 2585 δὲ
1592 2533 1652 2585 οὐ
1683 2533 1825 2587 κατὰ
1853 2551 1916 2602 γε

331 2616 455 2676 τοὺς
487 2614 548 2678 ἐξ
574 2615 804 2684 αἵματος
835 2619 1069 2689 Ἰσραὴλ,
1105 2620 1182 2684 ὡς
1215 2624 1278 2674 ὲκ
1301 2621 1410 2676 τῶν
1435 2624 1769 2695 γενεαρχῶν,
1795 2626 1915 2695 ἤτοι

332 2706 607 2775 πατέρων,
646 2707 906 2780 Ἐιρραῖμ,
937 2710 970 2781 ἢ
1008 2710 1354 2783 Μανασσῆ,ῆ
1394 2715 1489 2767 καὶ
1515 2715 1591 2777 ὠς
1623 2715 1682 2779 ἐξ
1722 2716 1916 2783 ἐτέρας

334 2798 544 2868 φυλῆς,
580 2798 696 2852 ἀλλ’
735 2801 854 2853 οὐδὲ
892 2800 990 2870 τὴν
1033 2801 1140 2854 τῶν
1179 2804 1557 2874 Γραμματέων
1609 2807 1704 2858 καὶ
1748 2807 1914 2877 Φαρι-

335 2889 502 2940 σαίων
524 2889 798 2960 ἐρχόμεθα
827 2891 1033 2962 τρίϐον,
1069 2893 1167 2962 τὴν
1197 2893 1291 2945 τοῦ
1319 2895 1649 2964 γράμματος
1687 2896 1914 2950 παλαιό-

330 2997 474 3050 τητα
501 2981 594 3034 τοῦ
635 2983 833 3046 παντὸς
866 2983 1141 3047 ἀξιοῦντες
1179 2985 1357 3053 λόγου,
1392 2987 1505 3040 ἀλλ’
1545 2989 1603 3039 ἐν
1634 2988 1911 3058 καινότητι

332 3068 481 3142 ζωῆς
518 3072 884 3145 εὐαγγελικῆς
933 3076 1232 3144 προσίεμεν
1257 3075 1332 3144 τῷ
1376 3077 1624 3148 Χριστῷ,
1675 3079 1768 3130 καὶ
1811 3080 1910 3149 τὴν

2105 1245 2267 1302 Vens.
2289 1247 2470 1302 16-18.
2495 1250 2559 1302 At
2585 1251 2676 1320 qui
2699 1254 2928 1306 serviunt
2951 1256 3018 1320 ei,
3045 1258 3375 1313 vocabuntur
3401 1268 3612 1322 nomine

2031 1355 2186 1404 novo,
2221 1341 2307 1391 cui
2335 1341 2667 1396 benedicatur
2692 1360 2847 1412 super
2873 1355 3102 1404 terram:
3133 1352 3431 1407 benedicent
3469 1359 3609 1410 enim

2029 1431 2199 1484 Deum
2243 1449 2438 1486 verum.
2472 1432 2539 1487 Et
2581 1437 2670 1502 qui
2704 1433 2894 1504 jurant
2940 1441 2994 1494 in
3036 1445 3476 1512 terra,jurabunt
3517 1467 3610 1519 per

2030 1522 2198 1575 Deum
2233 1540 2408 1577 verum
2435 1540 2454 1578 :
2485 1525 2856 1582 obliviscantur
2880 1532 3019 1584 enim
3051 1535 3361 1602 afﬂictionis
3393 1542 3606 1607 prioris,

2026 1629 2190 1684 neque
2211 1617 2373 1669 veniet
2398 1616 2453 1669 in
2480 1632 2572 1670 cor
2599 1634 2802 1676 eorum.
2831 1621 2949 1675 Erit
2977 1626 3114 1678 enim
3145 1630 3328 1682 calum
3347 1649 3535 1687 novum
3557 1647 3606 1689 et

2027 1712 2172 1758 terra
2198 1723 2354 1771 nova,
2392 1721 2438 1761 et
2471 1725 2574 1762 non
2607 1713 3025 1770 recordabuntur
3051 1721 3314 1786 priorum,
3338 1741 3498 1793 neque
3525 1743 3607 1780 ve-

2025 1796 2162 1849 nient
2193 1797 2299 1850 illis
2341 1799 2396 1850 in
2443 1810 2688 1868 mentem,
2720 1805 2810 1858 sed
2839 1807 3084 1864 lwtitiam
3116 1822 3170 1866 et
3201 1817 3606 1874 exsultationem

2021 1883 2281 1940 invenient
2309 1888 2362 1940 in
2393 1904 2475 1941 ea.

2092 2170 2282 2227 Omnia
2315 2175 2460 2230 facta
2490 2190 2616 2234 sunt
2641 2181 2694 2236 in
2717 2181 2940 2239 Christo
2969 2202 3128 2254 nova,
3159 2191 3504 2259 cultus,vitn,
3529 2197 3603 2253 le-

2019 2263 2256 2331 gislatio.
2294 2265 2409 2320 Non
2457 2271 2602 2325 enim
2644 2274 2754 2342 jam
2798 2278 3004 2334 umbris
3037 2290 3092 2334 et
3138 2284 3277 2353 typis
3325 2285 3601 2342 inutilibus

2021 2356 2475 2426 adhaerescimus,
2509 2364 2608 2417 ‘sed
2653 2365 2785 2433 Deo,
2833 2370 2923 2437 qui
2966 2386 3128 2440 supra
3162 2390 3352 2432 oumes
3402 2389 3504 2442 est,
3549 2382 3600 2435 in

2019 2446 2209 2513 spiritu
2259 2458 2315 2502 et
2358 2451 2584 2508 veritate
2620 2458 2822 2512 cultum
2867 2475 3185 2530 praestamus
3219 2479 3272 2522 et
3303 2473 3604 2526 veneratio-

2020 2549 2163 2589 nem.
2215 2536 2401 2607 Neque
2457 2545 2795 2611 appellamur
2833 2551 2999 2623 900
3033 2564 3089 2608 ut
3137 2555 3434 2614 Israelitico
3477 2577 3602 2616 san-

2015 2627 2178 2694 guine
2202 2630 2441 2696 oriundi,
2481 2635 2562 2687 vel
2597 2645 2654 2689 ut
2693 2654 2756 2691 ex
2787 2644 2964 2706 gentis
2990 2647 3354 2716 principibus,
3384 2664 3476 2706 aut
3507 2670 3599 2722 pa-

2018 2719 2219 2785 tribus,
2263 2720 2562 2791 prraim,
2608 2729 2690 2782 vel
2724 2730 2998 2801 Manasse,
3053 2741 3138 2793 vel
3185 2757 3249 2794 ex
3297 2744 3400 2798 alia
3441 2749 3596 2814 quas?

2016 2808 2181 2871 tribu,
2232 2813 2325 2864 sed
2345 2827 2520 2881 neque
2557 2816 2872 2876 Scribarum
2924 2834 2978 2878 et
3009 2825 3405 2888 Pharisaeorum
3453 2838 3595 2893 viam

2013 2895 2366 2966 ingredimur,
2391 2902 2586 2960 litterae
2615 2916 2936 2968 vetustatem
2978 2930 3190 2974 summo
3237 2923 3497 2980 habentes
3539 2930 3593 2984 in

2016 2992 2214 3057 pretio,
2242 2995 2336 3048 sed
2365 2995 2416 3048 in
2446 2999 2686 3052 novitate
2715 3004 2836 3056 vitae
2866 3008 3187 3075 evangelica:
3221 3016 3286 3067 ad
3314 3015 3592 3072 Christum
3648 3025 3655 3031 ’

2014 3083 2342 3146 accedimus.
2385 3096 2437 3142 et
2473 3105 2666 3144 nomen
2691 3093 2808 3160 ejus
2838 3097 2982 3152 velut
3009 3113 3208 3156 corona
3250 3108 3493 3178 lnsigniti
3533 3121 3592 3165 et

329 3166 423 3220 ἀπ’
447 3166 612 3219 αὑτοῦ
643 3167 856 3237 κλῆσιν,
887 3167 1075 3238 ὥσπερ
1099 3170 1220 3222 τινὰ
1252 3172 1514 3233 στέφανον
1535 3172 1909 3241 ἀναδούμενοι,

2018 3173 2274 3257 reditniti,
2303 3176 2604 3235 Christiani
2643 3199 3044 3255 nuncupantur.
3080 3191 3190 3250 Hoc
3234 3209 3316 3252 est
3344 3201 3472 3258 illud
3503 3219 3594 3259 ee.

331 3258 742 3329 χρηματίζομεν
774 3260 1115 3329 Χριστιανοί.
1149 3259 1322 3312 Τοῦτο
1376 3259 1439 3330 δὴ
1475 3260 1537 3313 τὸ
1583 3261 1870 3332 διαϐόητον
1891 3306 1905 3330 ,

331 3351 423 3403 καὶ
448 3350 810 3422 εὐλογημένον
843 3350 1017 3420 ὄνομα
1046 3349 1190 3402 κατὰ
1221 3351 1400 3403 πᾶσαν
1426 3353 1542 3403 ἐστι
1571 3351 1670 3421 τὴν
1692 3353 1782 3404 ὑπ’
1814 3355 1908 3404 οὐ-

331 3442 507 3510 ρανόν.
543 3442 762 3512 Ἐπειδὴ
791 3442 848 3494 δὲ
879 3442 1266 3513 ηὑλογήθημεν
1314 3444 1466 3514 παρά
1505 3446 1764 3514 Χριστοῦ,
1813 3449 1908 3499 καὶ

324 3538 484 3604 ἡμεῖς
517 3534 677 3587 αὑτὸν
709 3537 829 3597 ταῖς
873 3535 1145 3602 εὐλογίαις
1180 3536 1272 3588 καὶ
1309 3535 1710 3606 ἀκαταλήκτοις
1761 3536 1909 3602 δοξο-

325 3623 532 3693 λογίαις
569 3626 992 3696 κατευφραίνειν
1022 3625 1413 3696 σπουδάζομεν.
1436 3627 1610 3680 Πάλαι
1643 3628 1740 3697 μὲν
1768 3627 1900 3698 γὰρ,

233 3771 235 3774 ι
323 3717 442 3787 ἦτοι
464 3718 572 3788 πρὸ
594 3719 694 3788 τῆς
736 3720 817 3781 είς
860 3717 1020 3771 αὐτὸν
1063 3719 1320 3782 πίστεως,
1351 3720 1463 3782 τοῖς
1491 3720 1590 3772 οὐκ
1617 3717 1736 3774 οὖσι
1764 3719 1906 3784 θεοῖς

322 3807 698 3876 ἐξυφαίνοντες
737 3808 838 3872 τὰς
861 3809 1024 3880 ᾠδὰς,
1057 3808 1372 3880 ὲγελώμεθα
1401 3809 1645 3873 δικαίως.
1691 3810 1906 3882 Ἐπειδὴ

317 3898 377 3952 δὲ
417 3903 508 3952 τὸν
549 3901 707 3967 φύσει
737 3901 867 3954 Θεὸν
905 3898 1249 3970 ἐγνώκαμεν,
1286 3900 1563 3972 ὑμνοῦμεν
1604 3902 1788 3966 αὐτὸν,
1815 3902 1906 3955 καὶ

321 3990 535 4059 καρπὸν
592 3992 816 4061 χειλέων
850 3993 945 4044 καὶ
988 3991 1236 4061 γλώττης
1263 3991 1414 4062 αὐτῷ
1439 3993 1903 4064 προσκομίζομεν,

317 4081 418 4145 τὰς
443 4081 752 4150 δοξολογίας
779 4084 944 4137 αὑτοῦ
979 4085 1337 4155 μεμνημένοι,
1362 4084 1463 4138 κᾶν
1484 4087 1532 4138 εί
1555 4085 1763 4154 γένοιτό
1787 4103 1906 4150 πως

317 4172 532 4244 ἀνάγκη
567 4173 661 4226 καὶ
706 4173 866 4245 χρεία
893 4173 994 4243 τῆς
1035 4174 1123 4228 διὰ
1154 4175 1263 4227 τῶν
1291 4176 1472 4254 δρκων
1511 4175 1902 4247 πληροφορίας,

315 4261 402 4328 ἐφ’
432 4263 538 4332 ὅτῳ
569 4260 662 4317 οὖν
702 4263 812 4317 τῶν
854 4265 1194 4335 πραγμάτων
1222 4265 1481 4336 ὀμοῦνται
1513 4266 1603 4320 τὸν
1635 4266 1766 4320 Θεὸν
1812 4266 1904 4319 τὸν

317 4351 593 4422 ἀληθινόν.
625 4355 786 4419 Ἐθος
819 4357 918 4427 μὲν
951 4357 1059 4428 γὰρ
1087 4360 1201 4420 τοῖς
1227 4359 1335 4411 τῶν
1366 4356 1599 4411 εἰδώλων
1631 4358 1901 4430 θεραπευ-

316 4447 460 4508 ταῖς,
491 4445 672 4514 ὅρκιον
701 4447 812 4498 ἔσθ’
849 4449 936 4500 ὅτε
978 4449 1248 4503 ποιεῖσθαι
1295 4449 1387 4500 τὸν
1433 4448 1688 4520 οὐρανὸν,
1724 4449 1758 4521 ἢ
1807 4450 1903 4503 καὶ

317 4536 506 4608 ἕτερόν
533 4555 587 4591 τι
628 4537 739 4591 τῶν
770 4541 828 4591 ὲν
859 4541 1008 4611 αὐτῷ
1051 4541 1352 4613 στοιχείων.
1385 4542 1450 4595 Οἱ
1485 4541 1542 4594 δὲ
1579 4541 1677 4612 τὴν
1718 4541 1900 4594 πίστιν
1935 4567 1978 4620 D

319 4630 776 4700 παραδεξάμενοι,
808 4631 1039 4684 καὶτῶν
1084 4638 1163 4697 εἰς
1199 4635 1359 4688 τοῦτο
1407 4633 1901 4706 πλημμελημάτων

319 4724 656 4792 ἁποςςοιτῶσι
706 4724 971 4787 νεανικῶς
999 4741 1010 4753 ·
1054 4725 1238 4795 ὅρκιον
1281 4728 1391 4799 γὰρ
1426 4727 1705 4782 ποιοῦνται
1743 4728 1902 4797 μόνον

317 4817 407 4870 τὸν
433 4816 540 4868 τῶν
573 4817 709 4869 ὅλων
743 4815 900 4878 Θεὸν,
930 4816 1091 4868 αὐτὸν
1133 4817 1333 4880 εἰδότες
1372 4821 1528 4888 φύσει
1562 4838 1620 4875 τε
1652 4821 1745 4874 καὶ
1773 4821 1903 4892 ἀλη‹

317 4906 426 4969 Θῶς
448 4907 743 4975 Δεσπότην,
770 4906 861 4958 καὶ
890 4905 1075 4976 ἕτερον
1099 4907 1185 4958 ἐπ’
1215 4907 1361 4976 αὐτῷ
1389 4910 1666 4974 παντελῶς
1685 4911 1895 4964 οὐδένα.

317 4998 487 5049 Τοῦτο
511 4999 607 5050 καὶ
632 5000 660 5051 ὁ
688 4999 778 5050 διὰ
798 5000 1040 5061 Μωσέως
1070 4998 1402 5070 προστέταχε
1433 5001 1594 5071 νόμος
1613 5020 1626 5034 ·
1664 5003 1897 5073 ιΚύριον

317 5085 444 5156 γὰρ,
485 5089 639 5156 φησὶ,
674 5089 764 5143 τὸν
820 5091 952 5143 Θεόν
1015 5107 1108 5142 σου
1144 5093 1568 5162 προσκυνήσεις,
1613 5095 1707 5145 καὶ
1746 5094 1894 5164 αὐτῷ

319 5181 466 5253 μόνῳ
495 5183 832 5256 λατρεύσεις,
867 5187 961 5238 καὶ
995 5185 1070 5256 τῷ
1089 5187 1314 5256 ὀνόματι
1354 5186 1518 5239 αὑτοῦ
1551 5187 1687 5256 ὁμῇ*
1721 5205 1738 5235 ι
1776 5183 1895 5240 εἶτά

316 5291 502 5345 φησιν,
527 5277 607 5329 ὅτι
641 5295 658 5327 ι
693 5277 1072 5348 Ἐπιλήσονται
1102 5279 1198 5347 τὴν
1223 5277 1400 5346 Θλίῲιν
1422 5279 1600 5330 αὐτῶν
1625 5275 1720 5348 τὴν
1745 5277 1896 5347 πρώ-

312 5384 432 5438 την,
464 5368 558 5420 καὶ
597 5369 698 5422 οὐκ
743 5369 1074 5440 ἀναϐήσεται
1107 5370 1285 5423 αὐτῶν
1316 5371 1409 5423 ἐπὶ
1441 5371 1540 5440 τὴν
1587 5369 1834 5440 καρδίαν
1871 5389 1888 5421 ι

313 5461 408 5514 καὶ
437 5458 613 5529 Θλίψιν
647 5461 820 5514 ἔοικεν
855 5463 912 5514 ἐν
955 5461 1165 5524 τούτοις
1201 5462 1511 5531 ὀνομάζειν,
1553 5462 1623 5530 ἢν
1659 5461 1895 5532 ὑπέστη-

312 5566 410 5603 σαν
441 5551 762 5622 μοχθηρίαν,
788 5555 874 5606 ὅτε
897 5553 1028 5606 Θεὸν
1051 5553 1151 5606 οὐκ
1171 5552 1372 5616 εἰδότες
1397 5552 1490 5606 τὸν
1524 5551 1797 5622 ἀληθινὸν,
1826 5555 1890 5622 τῇ

311 5642 418 5696 τῶν
450 5644 743 5714 δαιμονίων
777 5647 1061 5717 σκαιότητι
1100 5645 1502 5700 δεδουλεύκασι.
1544 5646 1891 5716 Προσέταττε

384 5816 425 5843 σε
470 5822 608 5878 Osee
654 5839 712 5887 HJ
740 5823 830 5878 24,
911 5825 955 5855 ⁵⁸
993 5825 1144 5880 Deut.
1173 5841 1244 5884 Vl.
1280 5828 1364 5879 i5-

645 5922 915 5984 Ρηιιοι..
956 5925 1070 5984 Gn.
1109 5925 1296 5987 LXX.

1445 5828 1488 5858 °‘
1521 5825 1658 5882 Paul.
1709 5839 1798 5890 εν,
1840 5822 1929 5878 '57.

2013 3260 2434 3320 lehratissimum
2476 3279 2534 3324 et
2563 3284 2660 3338 per
2689 3289 2905 3332 onlnem
2931 3293 3129 3338 terram
3167 3292 3265 3342 sub
3292 3293 3413 3347 ρωΙί
3436 3310 3591 3350 com-

2013 3352 2172 3419 plexu
2213 3356 2576 3414 benedictum.
2619 3361 2684 3416 Et
2721 3369 2848 3434 quia
2882 3385 2982 3424 nos
3025 3375 3294 3434 benedicti
3332 3398 3521 3440 sumus
3558 3402 3590 3440 a

2011 3444 2253 3512 Christo,
2294 3452 2574 3506 studemus
2615 3458 2777 3509 etiam
2807 3475 2905 3513 nos
2932 3463 3082 3518 illum
3123 3469 3592 3533 benedictionibus

2010 3542 2065 3587 et
2087 3538 2358 3603 perpetuis
2398 3541 2643 3598 laudibus
2675 3547 2968 3608 oblectare.
3009 3555 3148 3611 Olim
3180 3563 3348 3630 enim,
3379 3578 3432 3619 et
3463 3583 3590 3624 ante

2012 3621 2172 3677 [idem
2209 3627 2262 3678 iu
2297 3627 2492 3696 ipsum,
2525 3633 2659 3689 odas
2683 3647 3038 3699 contexentes
3079 3663 3183 3702 non
3209 3621 3344 3719 diis,
3357 3656 3482 3723 jure
3518 3664 3591 3712 ri-

2010 3713 2293 3773 debamur.
2323 3719 2611 3790 Postquam
2660 3739 2840 3783 autem
2885 3744 3079 3790 natura
3108 3738 3280 3795 Deum
3312 3748 3584 3814 novimus,

2010 3805 2159 3862 illum
2196 3811 2564 3882 celebramus,
2609 3827 2664 3872 et
2699 3821 2938 3878 fructum
2981 3827 3246 3887 lahiorum
3287 3852 3350 3891 ac
3391 3839 3588 3910 linguae

2009 3900 2109 3964 ipsi
2151 3902 2450 3966 offerimus,
2485 3906 2672 3964 laudes
2713 3912 2830 3980 ejus
2871 3931 3360 3984 commemorantes
3387 3947 3400 3984 :
3432 3934 3586 4000 sique

2008 4007 2146 4059 opus
2173 4009 2367 4050 ususve
2399 3996 2564 4055 fuerit
2590 4000 2948 4074 jurisjurandi
2981 4013 3416 4084 continuatione,
3443 4024 3496 4077 in
3526 4039 3583 4078 re

2007 4085 2282 4152 quapiam,
2323 4084 2517 4154 jurant
2560 4107 2659 4161 per
2711 4095 2878 4151 Deum
2939 4115 3148 4158 verum.
3184 4104 3280 4160 Est
3329 4112 3472 4163 enim
3529 4115 3581 4166 in

2008 4190 2158 4230 more
2201 4177 2464 4232 idolorum
2506 4183 2806 4241 cultoribus
2845 4187 3213 4258 juramentum
3258 4212 3354 4266 per
3383 4200 3578 4254 C(Blum

2007 4269 2088 4321 vel
2117 4284 2212 4338 per
2243 4270 2390 4326 aliud
2428 4276 2719 4344 quodpiam
2757 4281 2808 4332 in
2839 4296 2902 4336 eo
2933 4283 3318 4342 elementorum
3373 4309 3582 4348 nuncu-

2004 4371 2156 4426 pare.
2183 4360 2254 4415 At
2292 4364 2382 4432 qui
2422 4367 2580 4420 tidem
2620 4383 2963 4441 receperunt,
2993 4379 3154 4432 etiam
3179 4381 3492 4450 juveniliter
3519 4403 3583 4442 ac

2005 4460 2225 4508 strenue
2268 4472 2297 4508 a
2347 4457 2461 4512 suis
2507 4461 2720 4517 delictis
2764 4469 3052 4524 recedunt:
3089 4488 3184 4542 per
3229 4477 3400 4531 solum
3435 4481 3579 4534 enim

2006 4541 2376 4599 universitatis
2423 4547 2590 4602 Deum
2639 4550 2845 4620 jurant,
2881 4541 3116 4615 scientes
3166 4563 3338 4631 ipsum
3379 4577 3572 4622 natura

2004 4641 2057 4684 et
2081 4647 2205 4686 vere
2238 4634 2522 4692 Dominum
2571 4655 2714 4706 esse,
2745 4655 2796 4697 et
2838 4659 3037 4714 praeter
3085 4651 3257 4720 ipsum
3307 4658 3576 4712 neminem

2003 4722 2188 4776 alium.
2221 4723 2336 4779 Hoc
2366 4729 2528 4782 etiam
2563 4729 2794 4788 Mosaiea
2825 4741 3078 4808 pra‘cepit
3105 4744 3210 4798 lex.
3250 4765 3268 4796 ‹
3297 4738 3576 4802 Dominum

2004 4813 2172 4879 enim,
2217 4817 2413 4885 inquit,
2470 4820 2638 4876 Deum
2691 4834 2838 4880 tuum
2898 4833 3170 4899 adorabis,
3239 4847 3293 4888 et
3330 4853 3452 4890 eum
3488 4855 3580 4892 so-

2008 4903 2116 4958 lum
2143 4909 2450 4974 coles,etin
2483 4917 2698 4969 nomine
2737 4917 3142 4989 ejusjurabis“.
3172 4945 3189 4975 ι
3215 4927 3305 4980 Ait
3330 4929 3523 4983 deinde
3560 4947 3574 4983 :

2011 5016 2030 5049 ι
2053 4999 2448 5057 Obliviscentur
2481 5005 2786 5064 alﬂictionis
2824 5012 3043 5080 prioris,
3069 5024 3124 5068 et
3160 5032 3266 5070 non
3297 5020 3475 5074 veniet
3510 5021 3577 5074 il-

2003 5088 2069 5145 lis
2103 5093 2154 5146 in
2187 5093 2447 5148 animum.
2482 5113 2500 5147 ›
2542 5097 2898 5156 Aﬂlictionem
2926 5102 3246 5160 videturille
3275 5110 3576 5174 neminare,

2001 5195 2136 5248 quas
2156 5184 2298 5250 passi
2326 5196 2445 5239 sunt
2470 5202 2761 5254 :erumnas,
2794 5206 2914 5243 cum
2947 5191 3113 5244 Deum
3144 5196 3451 5250 nescientes
3487 5213 3579 5251 ve-

2003 5273 2546 5335 rum,d;emouiorum
2580 5279 2920 5347 perversitati
2949 5285 3272 5337 servierunt.
3301 5282 3575 5341 Jubeban-

2006 5371 2093 5416 tur
2120 5368 2317 5421 etenim
2350 5371 2662 5426 sacrilieare
2688 5373 2812 5440 illis,
2833 5391 2935 5430 non
2970 5376 3127 5430 modo
3156 5391 3283 5431 oves
3311 5390 3366 5432 et
3387 5380 3573 5444 boves,

2004 5456 2094 5509 sed
2129 5457 2292 5511 etiam
2342 5458 2488 5515 fetus
2513 5465 2650 5516 uteri
2682 5464 2786 5528 sui,
2818 5466 3267 5533 quemadmodum
3311 5469 3572 5539 scriptum

2001 5557 2119 5600 est:
2158 5547 2585 5606 «Sacriﬁcarunt
2622 5554 2786 5624 igitur
2814 5557 3031 5624 quidam
3059 5559 3195 5613 lilios
3223 5568 3276 5612 et
3307 5559 3444 5614 tilias
3468 5560 3569 5614 ⁸⁵.»

2005 5638 2303 5695 'l‘ribulatio
2346 5642 2454 5699 alio
2488 5646 2644 5700 modo
2681 5645 2953 5716 fuit,quod
2981 5649 3405 5705 innumerabiles
3436 5651 3574 5704 Deos

3173 5921 3248 5979 45
