4042 6218
327 418 349 463 t
362 407 456 463 «ιει

1405 395 1474 452 IN
1515 395 1745 452 ISAIAM
1788 393 1920 449 LIB.
1965 393 2024 449 γ.
2068 391 2306 450 TOMUS
2346 392 2431 449 Vl.

3314 343 3319 349 .
3420 389 3556 443 HE!

327 518 622 593 περιφανὲς
647 521 704 571 ἐν
736 513 870 587 τῷδε
893 511 975 583 τῷ
1005 514 1195 583 κόσμῳ
1215 527 1228 540 ·
1262 510 1295 583 ῆ
1326 510 1465 580 τάχα
1495 524 1599 561 που
1640 509 1735 562 καὶ
1782 507 1895 560 ἐτέ-

2024 508 2283 570 ationem,
2331 504 2524 574 inquit,
2554 512 2608 559 ct
2642 502 2881 558 laetitiam
2928 501 3252 558 constituam
3297 503 3558 572 meipsum

330 631 458 685 ρωςο
500 609 831 680 ’Δγαλλίαμα
861 607 959 660 καὶ
990 600 1329 677 εὐφροσύνην
1364 600 1601 670 ἐμαυτοῦ
1629 600 1889 670 θήσομαι,

328 705 482 777 φησὶ,
508 702 606 774 τὴν
643 698 1022 769 Ἰερουσαλήμ.
1049 694 1391 766 Ἦσθήσομαι
1418 693 1527 764 γάρ
1556 692 1647 745 ἐπὶ
1674 691 1752 761 τῷ
1782 688 1896 761 λαῷ

333 811 454 871 μου·
483 793 693 863 καὶτῆς
724 790 993 862 θυμηδίας
1010 786 1108 849 τὰς
1134 783 1390 855 ἀφορμὰς
1412 782 1664 851 ἐπιφέρει
1692 781 1863 848 λέγων
1880 795 1894 809 ·

330 888 528 945 οὐκέτι
561 884 637 955 μὴ
685 882 928 954 ἀκουσθῇ
953 882 1011 934 ἐν
1065 880 1202 949 αὐτῇ
1239 877 1393 948 φωνὴ
1440 872 1744 945 κλαυθμοῦ,
1777 872 1897 925 οὐδὲ

330 982 478 1052 φωνὴ
505 979 778 1050 κραυγῆς
797 976 873 1039 ὡς
900 976 965 1027 ὲκ
986 965 1243 1036 διαϐολῆς
1316 968 1373 1023 δὲ
1395 969 1506 1021 τῶν
1530 965 1900 1037 ἀρχαιοτέρων

329 1073 670 1145 πραγμάτων
721 1069 814 1123 τὸν
864 1067 965 1138 τῆς
991 1062 1315 1135 Ἐκκλησίας
1350 1060 1570 1119 ἔπαινον
1598 1056 1901 1145 ,ἐξυφαίνει

327 1142 493 1226 Θεός,
528 1158 703 1214 Πάλαι
745 1155 845 1228 μὲν
873 1152 983 1225 γὰρ
1030 1153 1080 1204 οί
1123 1152 1223 1221 τῆς
1268 1147 1536 1202 Ἰουδαίων
1572 1142 1901 1212 Συναγωγῆς

328 1253 651 1327 ἡγούμενοι,
699 1244 1052 1320 μετὰ-δώρων
1088 1241 1321 1310 ἔκρινον,
1358 1238 1581 1327 καιῇούκ
1600 1235 1796 1327 ⁴ᾔδεσαν
1826 1234 1905 1285 δι-

332 1323 522 1400 καιοῦν
544 1340 780 1412 ὀρφανὸν
802 1337 836 1408 ἢ
866 1338 1064 1408 χήραν.
1104 1331 1322 1402 Ἐπειδὴ
1353 1329 1409 1382 δέ
1435 1323 1576 1399 ἦσαν
1601 1326 1904 1396 λημμάτων

331 1434 575 1507 αἰσχρῶν
631 1429 896 1504 ἐρασταὶ,
949 1425 1126 1481 άθὼου
1187 1424 1283 1477 καὶ
1329 1420 1538 1474 δικαίου
1602 1416 1905 1486 κατεψηφί-

334 1529 509 1594 ζοντο,
546 1525 641 1579 καὶ
676 1523 801 1586 τοὺς
831 1520 1003 1573 ταῦτα
1055 1514 1395 1577 πεπονθότας
1437 1512 1589 1565 πᾶσά
1650 1526 1766 1572 πως
1809 1510 1905 1561 άν-

333 1620 478 1689 άγκη
500 1657 515 1681 ,
562 1616 657 1670 καὶ
705 1611 1091 1685 δακρυρροεῖν,
1138 1608 1235 1662 καὶ
1276 1601 1737 1674 κατολοφύρεσθαι
1770 1599 1907 1670 μετὰ

335 1710 610 1783 κραυγῆς,
645 1706 721 1769 ὡς
757 1701 1140 1774 ἠδικημένους.
1180 1700 1410 1770 Εἴρηται
1451 1694 1583 1764 γοῦν
1622 1709 1726 1783 που
1780 1692 1907 1761 περὶ

335 1801 436 1872 τῆς
496 1795 848 1869 Ἰερουσαλὴμ
896 1793 984 1847 διὰ
1026 1793 1210 1863 φωνῆς
1257 1788 1556 1861 Ἰερεμίου·
1605 1782 1719 1838 ιὮ
1752 1784 1903 1846 πόλις

1998 596 2317 653 Jerusalem.
2363 594 2620 651 Gaudebo
2641 594 2784 649 enim
2820 593 2886 649 de
2920 593 3113 662 p0pulo
3146 609 3264 648 meo
3293 613 3306 648 :
3342 608 3563 649 causas-

1998 703 2103 759 que
2131 687 2418 758 voluptatis
2450 685 2633 750 infert,
2654 684 2842 739 dicens
2871 703 2885 739 :
2912 681 3027 737 Non
3060 683 3195 737 ultra
3232 685 3477 739 audietur
3510 688 3562 739 in

1999 792 2061 832 ea
2093 793 2193 831 vox
2224 778 2420 840 luetus,
2455 790 2628 844 neque
2659 789 2761 828 vox
2799 772 3074 830 clamoris.
3105 774 3183 828 Ex
3217 776 3563 831 accusatione

2000 866 2153 935 quasi
2188 880 2366 920 rerum
2406 873 2865 934 antegressarum,
2900 862 3157 919 Ecclesia:
3184 863 3394 920 laudem
3437 883 3567 920 con-

2001 960 2137 1014 texit
2163 957 2320 1012 Deus.
2355 957 2495 1013 Olim
2526 957 2669 1011 enim
2700 953 2940 1011 Judaicae
2978 955 3275 1027 Synagogte
3305 956 3566 1028 prtefecti,

2003 1060 2226 1120 propter
2249 1049 2387 1104 dona
2404 1049 2746 1117 judicabant:
2765 1064 2940 1118 neque
2956 1060 3147 1103 norant
3162 1050 3310 1121 juste
3325 1049 3570 1120 judicare

2003 1143 2299 1209 orphanmn
2332 1149 2385 1193 et
2413 1138 2650 1203 viduam.
2681 1140 2775 1193 sed
2814 1138 2940 1208 quia
2989 1138 3159 1209 turpis
3210 1137 3344 1192 lucri
3389 1138 3571 1206 cupidi

2004 1241 2187 1297 erant,
2230 1232 2571 1286 innocentem
2612 1239 2668 1285 et
2709 1230 2916 1300 justum
2959 1229 3413 1285 condemnabam.
3469 1228 3572 1296 Qui

2006 1333 2184 1378 autem
2217 1325 2330 1377 haec
2358 1322 2503 1391 passi
2531 1333 2679 1388 sunt,
2699 1336 2792 1377 eos
2825 1331 3008 1391 utpote
3033 1336 3322 1391 Oppressos
3354 1336 3576 1376 necesse

2006 1416 2228 1469 omnino
2269 1424 2401 1485 erat
2432 1412 2747 1484 lacrymari,
2817 1423 2874 1467 et
2916 1428 3039 1468 cum
3082 1413 3321 1468 clamore
3365 1413 3571 1483 lugere.

2008 1505 2220 1560 Dictum
2256 1505 2440 1575 itaque
2465 1516 2549 1561 est
2582 1520 2717 1561 voce
2742 1502 2991 1559 Ieremia:
3021 1507 3085 1559 de
3109 1503 3407 1560 Jerusalem
3434 1523 3446 1558 :
3486 1524 3504 1556 ι
3535 1504 3578 1561 0

2009 1598 2201 1651 civitas
2231 1599 2483 1663 mendax,
2515 1598 2775 1653 nihilnisi
2834 1598 3088 1653 violentia
3123 1598 3178 1654 in
3239 1614 3325 1654 ea.
3382 1598 3449 1655 Ut
3491 1616 3581 1669 pu-

2013 1693 2130 1740 teus
2168 1684 2452 1755 refrigerat
2481 1702 2675 1756 aquam
2699 1704 2713 1742 :
2741 1689 2811 1742 ita
2853 1688 3101 1759 frigidam
3143 1688 3276 1744 facit
3318 1689 3581 1747 malitiam

2014 1792 2189 1831 suam.
2225 1777 2478 1847 Impietas
2507 1788 2563 1832 et
2596 1778 2811 1833 miseria
2837 1783 3084 1836 audietur
3113 1782 3167 1835 in
3199 1796 3261 1836 ea
3285 1792 3473 1836 contra
3505 1782 3583 1836 fa-

337 1867 536 1965 ψευδής
552 1867 581 1922 ’ν
605 1891 702 1959 ὅλη
763 1884 1191 1942 καταδυναστεία
1274 1884 1331 1935 ἐν
1397 1881 1558 1950 αὐτῇ.
1614 1878 1701 1938 Ὠς
1747 1876 1910 1946 ψύχει

2024 1869 2148 1921 ciem
2184 1867 2300 1936 ejus
2326 1882 2541 1938 semper
2561 1869 2627 1921 ⁸⁸.
2658 1887 2675 1921 ι
2724 1869 2868 1924 Dixit
2905 1871 3031 1926 item
3076 1872 3213 1928 alius
3244 1889 3274 1928 e
3300 1876 3582 1945 prephetis

336 1986 539 2045 λάκκος
585 1980 762 2050 ὕδωρ,
811 1977 984 2039 οὓτως
1013 1975 1174 2045 ψύχει
1215 1972 1384 2026 κακία
1423 1970 1615 2039 αὐτῆς.
1667 1969 1916 2020 Ἀσέὸεεα

339 2076 434 2128 καὶ
464 2071 806 2142 ταλαιπωρία
836 2067 1233 2136 ἀκουσθήσεται
1260 2065 1316 2117 ἐν
1344 2064 1480 2133 αὐτῇ
1512 2062 1603 2114 ἐπὶ
1630 2062 1915 2131 πρόσωπον

338 2166 509 2235 αὐτῆς
540 2164 628 2217 διὰ
660 2155 1071 2227 παντός.»Ἐφη
1093 2157 1152 2210 δέ
1182 2174 1266 2219 τις
1299 2157 1392 2208 καὶ
1419 2153 1603 2224 ἔτερος
1616 2151 1722 2205 τῶν
1749 2151 1916 2217 ἁγίων

343 2256 673 2328 προφητῶν·
706 2272 726 2306 ι
767 2252 881 2307 Καὶ
912 2247 1243 2311 ἐκονδύλιζον
1275 2249 1355 2310 είς
1388 2244 1629 2313 κεφαλὰς
1663 2243 1915 2313 πτωχῶν,

340 2350 438 2404 καὶ
459 2347 575 2401 ὁδὸν
601 2344 873 2399 ταπεινῶν
925 2340 1223 2405 ἐξέκλιναν.
1253 2356 1272 2388 ι
1342 2335 1683 2408 Ἦσθήσομαι
1716 2334 1917 2401 τοίνυν,

343 2440 529 2512 φησὶν,
551 2437 645 2492 ἐπὶ⁵
664 2436 741 2507 τῷ
751 2433 865 2505 λαῷ
885 2450 1010 2504 μου,
1037 2428 1384 2501 δικαιοσύνης
1411 2430 1539 2484 ὄντα
1564 2429 1663 2499 τῆς
1685 2426 1919 2499 ἀληθοῦς

343 2534 581 2606 ἐργάτην
626 2530 791 2603 ὁρῶν.
846 2528 1119 2600 Δακρύσει
1148 2524 1257 2595 γὰρ
1308 2524 1482 2587 οὐδεὶς
1535 2524 1665 2594 παρ’
1713 2522 1917 2585 αὐτοῖς,

340 2626 501 2696 δῆλον
528 2624 586 2679 δὲ
607 2626 689 2678 ὅτι
710 2617 1223 2689 πλεονεκτούμενος·
1251 2615 1653 2685 κατακράξεται
1678 2613 1734 2666 δέ
1758 2613 1920 2666 πάλιν

344 2719 541 2781 οὐδεὶς,
575 2716 652 2779 ὡς
678 2711 1027 2785 ἠδικημένος.
1081 2727 1100 2760 ι
1152 2708 1262 2761 Καὶ
1291 2706 1353 2759 οὐ
1412 2704 1486 2776 μὴ
1531 2705 1753 2773 γένηται
1784 2704 1917 2767 ἐκεῖ,

348 2812 531 2880 φησὶν,
576 2807 754 2879 άωρος
790 2806 887 2858 καὶ
935 2800 1247 2873 πρεσϐύτης
1272 2840 1286 2863 ,
1315 2798 1374 2862 ὃς
1406 2798 1505 2851 οὐκ
1531 2796 1802 2867 ἐμπλήσει
1831 2794 1921 2847 τὸν

349 2903 538 2974 χρόνον
573 2898 759 2953 αὐτοῦ.
790 2897 985 2948 Ἔσται
1025 2892 1135 2962 γὰρ
1160 2893 1188 2944 ὁ
1222 2890 1341 2953 νέος
1371 2889 1562 2941 ἐκατδν
1596 2887 1733 2939 ἐτῶν
1760 2924 1775 2948 ,
1804 2886 1833 2937 6
1865 2883 1922 2936 δὲ

349 2992 712 3062 ἀποθνήσκων
755 2985 1082 3058 ἁμαρτωλὸς
1119 2982 1314 3036 ἑκατὸν
1356 2979 1511 3041 ἐτῶν,
1541 2978 1634 3032 καὶ
1659 2975 1922 3031 ἐπικατά-

349 3100 514 3156 ρατος
545 3081 722 3134 ἔσται.
750 3097 769 3130 ι
816 3073 987 3147 οἶμαι
1036 3075 1093 3128 δέ
1124 3072 1236 3142 ἐγὼ
1278 3069 1565 3142 βούλεσθαί
1593 3086 1644 3121 τι
1680 3067 1922 3121 τοιοῦτον

350 3173 652 3245 ύποδηλοῦν
678 3174 778 3242 τῆς
799 3167 1135 3240 προφητείας
1161 3165 1252 3218 τὸν
1276 3162 1420 3217 νοῦν.
1443 3165 1652 3232 Ἀωρον
1682 3162 1780 3232 μὲν
1810 3164 1921 3229 γὰρ

2018 1963 2222 2015 sanctis
2247 1982 2260 2017 :
2299 1962 2693 2031 «Etpulsabant
2715 1966 2888 2033 capita
2913 1980 3228 2036 pauperum,
3244 1979 3299 2022 et
3320 1970 3458 2023 viam
3481 1970 3584 2025 hu-

2018 2053 2221 2108 milium
2242 2055 2601 2123 depravarunt
2618 2055 2970 2113 “.iLmtabor
2995 2075 3144 2131 ergo,
3179 2060 3372 2131 inquit,
3396 2062 3463 2117 de
3491 2078 3587 2133 po-

2019 2145 2145 2213 pulo
2171 2159 2312 2210 meo,
2347 2161 2468 2199 cum
2499 2147 2685 2203 videro
2719 2148 2867 2203 illum
2900 2166 3041 2206 verae
3056 2151 3281 2220 justitia:
3309 2168 3429 2207 esse
3449 2168 3585 2222 ope-

2019 2236 2243 2290 rarium.
2277 2236 2687 2309 Laetymahitur
2704 2247 2846 2297 enim
2881 2259 2947 2297 ex
2987 2244 3092 2299 illis
3121 2261 3301 2310 nemo,
3338 2247 3589 2302 videlicet

2021 2331 2214 2401 injtn'ia
2258 2330 2601 2391 aﬂ'ectus:et
2648 2351 2837 2392 rursus
2885 2334 3140 2394 clamabit
3186 2354 3379 2408 nemo,
3429 2340 3589 2411 quasi

2018 2441 2330 2495 Oppressus.
2373 2445 2392 2479 ι
2420 2428 2485 2481 Ει
2513 2444 2621 2483 non
2671 2428 2763 2484 fiet
2811 2429 2951 2497 illic,
3001 2433 3207 2500 inquit,
3263 2433 3589 2490 iiimiaturtts

2020 2526 2077 2572 et
2115 2530 2303 2582 senex,
2334 2520 2425 2587 qui
2456 2534 2565 2573 non
2595 2519 2815 2588 impleat
2850 2529 3061 2589 tempus
3089 2537 3272 2579 suum.
3305 2520 3420 2578 Erit
3444 2525 3589 2578 enim

2021 2609 2339 2665 adolescens
2363 2621 2582 2665 centum
2617 2625 2880 2665 annorum
2905 2627 2919 2666 :
2943 2618 2998 2666 a‘t
3029 2614 3117 2682 qui
3150 2612 3377 2669 moritur
3397 2632 3590 2685 pecca-

2022 2707 2109 2753 tor
2139 2710 2358 2755 centum
2395 2716 2684 2765 annorum,
2715 2702 2878 2755 etiam
2912 2702 3259 2759 exsecrabilis
3287 2707 3408 2760 erit.
3435 2724 3453 2757 ι
3482 2705 3594 2762 Hoc

2021 2789 2124 2843 sibi
2158 2789 2268 2843 vult
2298 2791 2599 2860 pr0pbetia,
2644 2801 2703 2845 ut
2731 2806 2828 2863 ego
2854 2793 3071 2860 quidem
3105 2792 3357 2850 arbitror.
3394 2796 3593 2851 Imma-

2025 2886 2203 2932 turutn
2231 2879 2375 2934 enim
2400 2882 2613 2935 videtur
2659 2881 2971 2937 existimare
3000 2897 3144 2952 eum,
3181 2899 3375 2940 novom
3418 2889 3592 2943 adhuc

2024 2969 2276 3039 populum
2308 2984 2376 3025 ex
2399 2973 2672 3042 gentibus,
2709 2975 2775 3029 de
2805 2990 2910 3044 quo
2941 2974 3109 3031 David
3135 2996 3148 3031 :
3186 2994 3205 3028 ι
3236 2976 3469 3048 Populus
3499 2978 3595 3049 qui

2023 3071 2240 3114 creatur
2265 3059 2506 3117 laudabit
2534 3063 2821 3119 Dominum
2854 3063 2920 3119 ".
2950 3084 2969 3118 ι
3004 3064 3235 3135 illosque
3281 3069 3332 3122 in
3365 3069 3596 3139 epistola

2024 3148 2223 3206 ali'atur
2249 3154 2450 3209 Christi
2483 3155 2802 3227 discipulus,
2838 3157 3051 3213 dicens:
3086 3176 3106 3210 ι
3128 3156 3404 3228 Tanquam
3439 3163 3597 3216 modo

348 3228 590 3336 νομίζειν
633 3228 778 3314 εοωὶὲ
809 3228 996 3323 τδνΠέὲ
1037 3255 1206 3308 ἐθνῶν
1249 3254 1331 3307 ἐτι
1370 3252 1491 3308 νέον
1522 3228 1667 3316 λαὸν,
1683 3228 1825 3323 ’περὶ
1856 3228 1918 3306 οὗ

2024 3246 2133 3301 nati
2175 3245 2409 3303 infantes
2442 3247 2524 3305 lac
2546 3250 2808 3305 ratioiiale
2843 3263 2898 3306 et
2924 3250 3032 3306 doli
3073 3254 3313 3308 nescium
3350 3255 3600 3325 concupi-

353 3372 517 3426 φησιν
547 3356 578 3408 6
603 3350 787 3406 Δαϐίδο
834 3368 854 3400 ι
897 3348 955 3400 '0
986 3346 1111 3409 λαὸς
1145 3347 1175 3398 6
1212 3344 1530 3413 κτιζόμενος
1574 3342 1780 3394 αίνέσει
1826 3342 1920 3393 τὸν

352 3449 576 3517 Κύριονο
610 3461 630 3495 ι
674 3440 884 3501 τούτοις
914 3437 971 3489 δέ
1011 3434 1315 3489 ἐπιστέλλει
1352 3433 1446 3484 καὶ
1477 3434 1506 3483 6
1545 3431 1779 3501 Χριστοῦ
1814 3447 1920 3500 μα-

350 3536 555 3607 θητὴς,
593 3531 790 3599 λέγων·
826 3547 845 3579 ι
880 3527 968 3589 Ὠς
1006 3522 1417 3594 ἀρτιγέν[ν]ητα
1440 3521 1611 3592 βρέφη
1637 3520 1923 3590 cepam»,

354 3627 448 3679 xci.
478 3622 662 3679 άδολον
686 3619 826 3689 γάλα
853 3616 1244 3685 ἐπιποθήσατε.
1271 3633 1288 3665 ι
1310 3612 1518 3666 Οὐκοῦν
1539 3611 1714 3682 ἄωρος
1733 3612 1761 3662 6
1785 3611 1923 3673 νέος,

352 3712 669 3786 πρεσϐύτης
698 3726 762 3779 γε
795 3708 901 3780 μὴν
927 3710 956 3761 6
981 3708 1046 3760 ἐκ
1072 3704 1393 3776 περιτομῆς,
1421 3702 1589 3773 ῆγουν
1615 3700 1674 3763 ἐξ
1698 3699 1926 3770 αἵματος

369 3804 608 3877 Ἰσραὴλ,
640 3802 735 3856 an
766 3801 832 3873 δὴ
874 3797 1386 3871 προσκεκλημένος.
1430 3794 1523 3847 καὶ
1554 3792 1697 3846 κατά
1726 3809 1790 3861 γε
1829 3792 1928 3864 τὴν

358 3896 554 3969 νοητὴν
579 3892 904 3962 Ἐκκλησίαν
948 3886 1295 3962 προειληφώς
1316 3882 1482 3939 ο’Δλλ’
1511 3887 1570 3938 ἐν
1614 3887 1680 3956 τῇ
1714 3886 1927 3953 κλήσει,

361 3986 515 4054 φησι.
537 3986 603 4054 τῇ
637 3981 729 4036 διὰ
756 3982 1016 4052 Χριστοῦ,
1044 3979 1139 4033 καὶ
1168 3979 1226 4029 ἐν
1252 3979 1461 4047 καιροῖς
1489 3975 1590 4045 τῆς
1617 3974 1929 4045 ἐπιδημίας,

359 4073 485 4129 οὔτε
507 4074 705 4143 ἄωρος,
718 4072 841 4125 οὔτε
859 4068 1171 4141 πρεσϐύτης
1189 4066 1454 4137 διαφορὰν
1475 4064 1655 4131 ἕξουσι
1678 4064 1777 4135 τὴν
1793 4064 1933 4118 κατὰ

361 4166 519 4221 τοῦτο
548 4164 681 4219 αὐτο
711 4163 848 4237 πρὸς
902 4160 1166 4229 ἀλλήλους
1186 4173 1202 4190 '
1236 4158 1437 4219 πάντες
1461 4156 1570 4228 γὰρ
1602 4157 1811 4210 ἔσονται
1843 4155 1934 4209 τέ-

362 4254 513 4319 λειοι,
549 4254 647 4306 καὶ
680 4252 883 4314 πάντες
915 4247 1256 4320 ἐμπλήσουσι
1284 4246 1376 4299 τὸν
1401 4246 1617 4316 χρόνον,
1635 4245 1933 4311 τουτέστιν,

363 4348 444 4407 εἰς
460 4345 627 4413 ἄνδρα
654 4344 855 4397 τέλειον
875 4340 1257 4410 ἀναϐήσονται.
1277 4338 1373 4393 καὶ
1393 4341 1474 4402 είς
1495 4339 1692 4412 μέτρον
1720 4337 1935 4409 ήλικίας

365 4436 461 4491 τοῦ
507 4434 868 4504 πληρώματος
912 4432 1009 4487 τοῦ
1054 4430 1314 4503 Χριστοῦ.
1351 4431 1411 4484 ’0
1459 4430 1568 4502 γὰρ
1595 4430 1736 4495 νέος,
1779 4445 1935 4482 τουτ-

2021 3339 2156 3393 scite
2180 3340 2244 3393 ⁶⁸.
2269 3358 2289 3391 ι
2325 3340 2509 3409 Itaque
2550 3342 2868 3396 immaturus
2914 3345 3115 3414 estqui
3161 3361 3369 3413 novus;
3410 3363 3600 3405 senex.

2031 3427 2122 3494 qui
2152 3441 2219 3481 ex
2241 3429 2677 3490 circumcisione,
2707 3438 2762 3482 et
2792 3445 2856 3483 ex
2886 3435 3147 3501 sanguine
3186 3435 3387 3492 Israel:
3417 3449 3603 3508 utpote

2025 3519 2228 3570 ascitus
2264 3527 2319 3570 ct
2366 3518 2432 3570 ad
2484 3518 2875 3587 intelligibilem
2934 3519 3227 3576 Ecclesium
3269 3538 3597 3596 assumptus.

2027 3607 2134 3660 Sed
2163 3609 2216 3660 in
2247 3608 2551 3671 vocatione,
2578 3608 2775 3677 inquit,
2802 3624 2899 3678 per
2926 3608 3225 3678 Christum,
3247 3625 3303 3669 et
3344 3620 3600 3687 tempori-

2029 3698 2129 3753 bus
2154 3699 2439 3763 adventus,
2482 3714 2656 3768 neque
2695 3700 3020 3789 im’maturus
3053 3718 3227 3773 neque
3259 3720 3421 3762 senex
3459 3708 3602 3764 inter

2029 3804 2087 3844 se
2117 3789 2385 3845 different.
2418 3790 2550 3845 Nam
2600 3808 2791 3849 omnes
2836 3805 2998 3849 erunt
3037 3797 3287 3866 perfecti,
3312 3811 3366 3853 et
3411 3815 3600 3858 mnnes

2032 3879 2331 3950 implebunt
2382 3893 2616 3952 tempus,
2653 3885 2703 3938 id
2730 3887 2902 3951 est,in
2940 3888 3111 3942 virum
3149 3891 3445 3959 perfectum
3478 3910 3602 3948 eva-

2031 3970 2183 4039 dent,
2215 3983 2268 4027 et
2303 3975 2370 4027 ad
2396 3989 2726 4057 ‘mensuram
2777 3978 2954 4033 {etatis
2996 3979 3352 4049 plenitudinis
3376 3984 3598 4038 Christi.

2032 4062 2364 4119 Adolescens
2385 4067 2552 4130 enim,
2590 4065 2642 4120 id
2670 4078 2774 4134 est,
2805 4070 3020 4139 gentilis
3055 4073 3307 4143 populus,
3346 4077 3450 4129 erit
3483 4091 3605 4131 cen-

2036 4162 2146 4208 tum
2178 4152 2342 4225 903
2360 4172 2647 4223 armorum,
2668 4174 2784 4228 pro,
2815 4161 3107 4231 perfectus,
3126 4174 3180 4219 et
3207 4178 3385 4221 mente
3411 4183 3602 4233 canus,

2035 4255 2091 4299 et
2126 4248 2192 4300 ad
2214 4248 2508 4314 spiritualis
2534 4252 2708 4307 aetatis
2731 4268 2995 4308 summum
3034 4259 3259 4325 gradum
3290 4259 3603 4328 perductus.

2020 4335 2394 4393 'Perfectionis
2448 4354 2684 4412 namque
2726 4345 2939 4414 signum
2991 4362 3083 4401 seu
3132 4350 3433 4420 symbolum
3484 4364 3605 4418 est,

2038 4442 2256 4484 centum
2280 4447 2546 4489 annorum
2576 4451 2854 4492 numerus.
2884 4437 3087 4494 Deinde
3114 4443 3289 4498 addit:
3329 4462 3348 4495 ι
3372 4442 3607 4501 Moriens

367 4529 537 4591 ἐστιν,
563 4528 593 4580 6
620 4526 681 4591 ἐξ
711 4525 882 4578 ἐθνῶν
910 4524 1057 4588 λαὸς,
1084 4524 1239 4578 ἔσται
1275 4524 1471 4578 ἑκατὸν
1492 4524 1647 4590 ἐτῶν,
1671 4524 1793 4578 ἀντὶ
1817 4520 1920 4577 τοῦ

2040 4530 2296 4589 peccator
2325 4534 2543 4579 centum
2569 4542 2855 4597 annorum,
2881 4531 3043 4585 etiam
3071 4534 3423 4589 exsecrabilis
3449 4537 3603 4590 erit.»

366 4619 591 4682 τέλειος,
618 4617 715 4671 καὶ
748 4614 1155 4685 πεπολιωμένος
1180 4615 1281 4679 τὰς
1313 4617 1535 4688 φρένας,
1560 4616 1652 4670 καὶ
1692 4630 1935 4685 πνευμα-

368 4714 525 4785 τικῆς
577 4711 795 4782 ήλικίας
843 4711 922 4771 είς
974 4706 1128 4777 λῆξιν
1172 4708 1392 4773 ἐλάσας·
1438 4709 1776 4781 τελειότητος
1824 4709 1934 4781 γὰρ

370 4806 619 4876 σημεῖον,
642 4802 761 4873 ἦτοι
783 4800 848 4854 σύ
856 4798 1074 4870 μθολον,
1098 4802 1125 4854 ὀ
1154 4801 1346 4853 ἐκατδν
1370 4800 1510 4854 ἐτῶν
1543 4798 1938 4872 ἀριθμός.Εἷτά

370 4913 557 4968 φησιν,
574 4896 658 4949 ὅτι
678 4913 699 4945 ι
721 4894 780 4946 '0
798 4892 855 4945 δέ
864 4891 1222 4963 ἀποθνήσκων
1238 4891 1559 4962 ἁμαρτωλὸς
1572 4892 1765 4946 ἐκατὸν
1778 4892 1934 4956 ἐτῶν,

368 4976 465 5043 ¹καὶ.
487 4983 888 5057 ἐτακατάρατος
901 4982 1073 5037 ἔσται.
1099 5001 1119 5035 ι
1141 4983 1510 5037 Διαδείκνυσιν
1529 4985 1586 5036 ἐν
1600 4984 1833 5050 τούτοις,
1856 4986 1939 5039 ὅτι

370 5081 468 5138 καὶ
492 5082 527 5152 ή
543 5077 858 5148 κατὰνόμον
875 5076 1179 5140 τελείωσις,
1207 5074 1463 5147 ἀνόνητος
1488 5078 1598 5141 τοῖς
1618 5079 1831 5147 ἔχουσιν
1848 5079 1941 5132 αὖ·

370 5171 492 5242 τὴν,
524 5169 588 5222 ού
625 5164 1066 5238 προσηκαμένοις
1088 5165 1197 5235 τὴν
1215 5164 1397 5219 πίστιν
1420 5165 1521 5237 τὴν
1550 5166 1638 5220 διὰ
1677 5166 1937 5238 Χριστοῦ,

371 5262 467 5316 καὶ
496 5260 596 5327 τὴν
624 5257 714 5311 διὰ
741 5254 836 5310 τοῦ
875 5254 1031 5325 ἁγίου
1061 5254 1434 5325 βαπτίσματος
1464 5256 1754 5326 λύτρωσιν,
1779 5257 1845 5310 δι’
1871 5251 1940 5328 ἦς

372 5353 470 5407 καὶ
499 5350 667 5422 μόνης
688 5349 816 5411 τοὺς
842 5349 905 5401 ἐκ
933 5346 1033 5417 τῆς
1066 5345 1337 5417 ἁμαρτίας
1360 5347 1767 5419 ἁποτριδὸμεθα
1793 5349 1941 5419 λογιο

374 5441 565 5510 σμούς.
584 5438 793 5495 Οὐκοῦν
821 5438 925 5492 κᾶν
947 5437 1081 5500 είτις
1100 5436 1291 5490 ἑκατὸν
1314 5437 1450 5489 ἐτῶν
1480 5437 1758 5509 ὑπάρχων,
1783 5439 1936 5509 φησι,

371 5533 635 5595 τουτέστι,
665 5530 763 5601 τήν
796 5530 1109 5601 τελειότητα
1144 5530 1245 5601 τὴν
1289 5528 1430 5583 κατὰ
1458 5528 1551 5581 τὸν
1589 5530 1753 5599 νόμον
1787 5530 1901 5600 ἔχοι
1922 5546 1935 5559 ·

373 5620 489 5678 εἶτα
508 5622 874 5690 τελευτήσειεν
896 5620 1237 5690 ἁμαρτωλὸς,
1258 5620 1523 5684 τουτέστι,
1544 5621 1643 5691 τὴν
1676 5624 1733 5674 ὲν
1760 5622 1939 5677 πίστει

2043 4609 2138 4667 llis
2177 4615 2355 4672 verbis
2375 4619 2607 4672 ostendit
2630 4619 2853 4690 legalem
2883 4622 3273 4679 absolutionem
3304 4624 3419 4681 fore
3445 4628 3608 4680 inuti-

2042 4707 2315 4772 lem,eam
2362 4709 2707 4776 habentibus,
2737 4711 2783 4765 si
2826 4712 2983 4767 lidem
3033 4728 3128 4783 per
3172 4713 3449 4771 Christum
3504 4732 3608 4769 non

2044 4794 2382 4864 admiset'int,
2410 4810 2463 4855 et
2486 4816 2582 4869 per
2609 4816 2826 4857 sacrum
2858 4802 3130 4858 lavacrum
3161 4806 3608 4875 redemptionem,

2044 4905 2141 4960 per
2167 4906 2325 4959 quam
2371 4891 2668 4960 etquidem
2709 4893 2879 4948 solam
2939 4894 3149 4964 peccati
3205 4894 3610 4963 inquinamenta

2044 4982 2305 5038 deiemus.
2331 4980 2561 5037 Proinde
2591 4983 2829 5052 etiamsi,
2864 4984 3060 5053 inquit,
3090 4984 3213 5054 quis
3248 4994 3466 5039 centum
3512 4998 3609 5038 an-

2046 5090 2238 5130 norum
2266 5075 2512 5138 cxsistat,
2543 5074 2592 5128 id
2637 5086 2737 5141 est,
2776 5073 3159 5145 perfectionem
3193 5074 3416 5148 legalem
3446 5077 3610 5146 adep-

2048 5177 2133 5222 tus
2157 5168 2244 5232 sit,
2274 5177 2485 5224 maneat
2509 5179 2684 5222 tamen
2716 5178 2990 5236 peccator,
3024 5168 3079 5222 id
3109 5167 3485 5237 est,justitiam
3516 5184 3612 5239 per

2047 5257 2219 5313 fidem'
2262 5275 2368 5314 non
2411 5261 2655 5330 accipiat,
2701 5262 2805 5315 erit
2857 5261 3019 5315 etiam
3070 5261 3444 5327 exsecrabilis,
3489 5277 3610 5331 pro,

2047 5350 2207 5403 etiam
2241 5351 2371 5419 legis
2405 5351 2926 5420 transgressionibus
2946 5352 3217 5407 obnoxius
3245 5353 3614 5421 deprehende-

2049 5450 2152 5493 tur.
2192 5439 2360 5496 Nemo
2392 5443 2533 5496 enim
2571 5443 2711 5497 inter
2740 5441 2957 5499 Judmos
2978 5444 3100 5499 talis
3131 5460 3197 5500 ac
3225 5453 3408 5499 tantus
3439 5444 3609 5499 exsti-

2050 5531 2143 5593 tit,
2198 5533 2286 5599 qui
2346 5547 2447 5585 non
2509 5533 2690 5602 aliquo
2746 5535 2903 5590 modo
2956 5537 3021 5591 ad
3079 5536 3250 5607 legem
3309 5536 3609 5606 impegerit.

2053 5622 2280 5678 «Omnes
2329 5624 2468 5676 cnim
2498 5637 2879 5693 peccaverunt,
2915 5628 3107 5699 inquit,
3158 5638 3213 5685 et
3245 5637 3403 5700 egent
3445 5626 3615 5699 gloria

441 5795 487 5825 “
526 5791 723 5849 Jeretn.
756 5809 830 5858 v1,
885 5791 936 5845 6.
1014 5792 1248 5846 “Amos
1291 5809 1346 5859 ιι,
1406 5794 1454 5845 7.
1519 5796 1574 5867 f7
1622 5795 1760 5853 Psal.
1819 5814 1890 5863 ei,

2086 5799 2129 5829 σε
2209 5797 2350 5855 Pezr.
2389 5816 2446 5867 ιι,
2474 5802 2526 5857 ε.
