4090 6216
536 395 561 450 Ι
571 395 677 452 ηδ

1565 383 1624 436 S.
1663 379 1942 439 CYRILIJ
1981 378 2452 436 ALEXANDRINI
2492 375 2809 435 ARCHIEP.

3658 372 3802 433 ιιιι

536 512 653 575 Dei,
684 505 964 580 iustiﬁcati
1001 501 1168 575 gratis
1195 499 1365 571 ipsius
1398 497 1570 570 gratia
1599 499 1666 552 ⁸⁸.
1695 517 1714 551 ι
1752 497 1904 566 Quod
1929 506 2110 553 autem

2230 496 2560 566 Ξικαιοσύνην
2589 494 2653 549 οὐ
2683 492 2884 556 λαϐὼν,
2913 491 3068 547 ἐσται
3094 491 3187 546 zeal
3220 490 3648 564 ὲπικατάρατος,
3677 492 3806 547 ἀντὶ

537 619 602 659 ex
631 601 745 671 lege
775 596 1029 668 perfectis
1055 603 1109 650 et
1132 590 1543 655 consummatis,
1574 590 1776 646 Christi
1808 591 1979 662 gratia
2006 605 2113 645 non

2230 589 2332 655 τοῦ,
2368 590 2462 644 zeal
2482 589 2603 651 ταῖς
2636 582 2733 639 τοῦ
2759 584 2927 655 νόμου
2957 583 3335 655 παραϐάσεσιν
3360 582 3547 653 ἔνοχος
3567 583 3805 655 εὑρεθή-

537 692 815 764 adjuncta,
856 689 1048 747 inutile
1074 688 1145 743 sit
1180 686 1310 741 illud
1333 684 1599 750 studium,
1626 684 1986 755 pulcherrime
2018 682 2113 736 de-

537 795 804 844 monstrat
842 780 1279 854 sapientissimus
1331 776 1548 842 Paulus,
1603 775 1927 846 quibusdam
1975 773 2115 829 scri-

533 878 694 945 bens,
722 892 780 933 se
807 891 906 947 pro
947 872 1282 930 stercoribus
1306 870 1563 925 habuisse
1590 883 1710 938 qua:
1757 869 1810 921 in
1843 868 1962 937 lege
1990 873 2117 920 sunt

535 973 741 1037 omnia,
774 979 832 1024 ut
871 968 1146 1025 Christum
1180 964 1443 1029 lucretur,
1470 972 1524 1017 et
1571 961 1880 1017 inveniatur
1906 960 1958 1013 in
2002 958 2118 1028 ipso

537 1079 644 1119 non
698 1063 907 1118 habens
956 1074 1109 1115 suam
1157 1056 1447 1128 justitiam,
1477 1055 1580 1107 hoc
1620 1061 1705 1107 est
1745 1051 1993 1122 legalem,
2020 1048 2115 1104 sed

537 1172 658 1227 quae
689 1171 789 1226 per
826 1153 986 1208 ﬁdem
1037 1158 1122 1205 est
1164 1148 1292 1204 Jcsu
1336 1145 1626 1202 Christi".
1699 1142 1915 1199 Judaeos
1954 1141 2118 1197 etiam

520 1246 814 1304 insimulat
844 1242 1000 1314 quasi
1043 1240 1316 1304 amentiae,
1362 1239 1442 1292 sic
1487 1236 1712 1291 dicens:
1752 1254 1771 1288 ι
1798 1233 2120 1306 lgnorantes

539 1338 683 1391 enim
736 1334 828 1389 Dei
865 1331 1156 1402 justitiam,
1192 1336 1249 1382 et
1289 1341 1444 1381 suam
1485 1324 1728 1379 volentes
1762 1321 2120 1386 constituere,

532 1427 757 1495 iustitiae
796 1423 889 1479 Dei
940 1436 1045 1477 non
1096 1428 1225 1475 sunt
1277 1416 1527 1487 subjecti.
1584 1414 1735 1471 Finis
1787 1413 1932 1468 enim
1986 1410 2123 1481 legis

540 1517 821 1579 Christus,
857 1514 925 1568 ad
964 1509 1236 1583 justitiam
1279 1506 1427 1563 omni
1470 1505 1715 1561 credenti
1744 1505 1814 1558 τί.
1846 1522 1864 1556 ι
1914 1503 2124 1557 Rursus

539 1609 716 1665 dixit:
751 1627 768 1659 ι
798 1605 906 1661 Nos
936 1612 1128 1658 natura
1164 1601 1361 1664 Judaei,
1400 1607 1453 1654 et
1479 1614 1584 1654 non
1623 1613 1691 1653 ex
1717 1596 1969 1667 gentibus
2001 1608 2128 1664 pec-

541 1706 755 1751 catores
788 1709 803 1760 ;
851 1691 1292 1748 scientesautem
1321 1703 1427 1743 non
1446 1686 1735 1758 justiilcari
1766 1686 2037 1739 hominem
2058 1697 2125 1737 ex

460 1778 465 1787 ’
541 1786 797 1856 operibus
842 1784 1001 1852 legis,
1036 1782 1139 1836 nisi
1181 1796 1280 1851 per
1327 1778 1485 1833 [idem
1518 1777 1646 1834 .lesu
1678 1776 1914 1831 Christi:
1942 1782 1999 1829 et
2031 1788 2129 1828 nos

2216 696 2388 734 σεται.
2416 678 2605 741 Οὐδεὶς
2629 676 2738 748 γὰρ
2770 674 2964 744 γέγονε
2990 673 3247 738 τοσοῦτος
3280 676 3340 728 ὲν
3380 674 3680 740 Ἰουδαίοις,
3726 676 3806 740 ὡς

2216 770 2358 824 κατά
2393 769 2599 840 μηδένα
2626 767 2826 838 τρόπον
2846 766 3127 819 διαπεσεῖν
3148 782 3164 797 ο
3190 785 3210 817 ι
3237 768 3449 829 Πάντες
3489 767 3599 837 γὰρ
3627 768 3810 839 ἥμαρ-

2216 877 2328 924 τον,
2352 860 2450 913 zeal
2481 857 2832 927 ὑστεροῦνται
2861 857 2957 926 τῆς
2985 856 3143 924 δόξης
3174 855 3270 909 τοῦ
3301 855 3459 920 Θεοῦ,
3489 857 3811 928 δικαιούμε-

2218 967 2299 1005 νοι
2319 950 2527 1022 δωρεὰν
2555 952 2621 1022 τῇ
2650 948 2816 1004 αὐτοῦ
2842 949 3049 1020 χάριτι.
3064 948 3191 1000 Ὀτι
3216 947 3276 1000 δὲ
3296 947 3552 1019 ἀνόνητος
3570 948 3668 1003 zeal
3690 952 3812 1012 τοῖς

2219 1044 2361 1097 κατά
2379 1045 2539 1113 νόμον
2558 1039 2991 1112 τετελειωμένοις
3016 1042 3050 1110 ἡ
3070 1041 3150 1104 εἰς
3168 1039 3326 1093 τοῦτο
3345 1040 3573 1110 σπουδὴ,
3598 1040 3701 1109 τῆς
3715 1039 3813 1095 διὰ

2220 1131 2460 1205 Χριστοῦ
2509 1132 2736 1203 χάριτος
2782 1131 2845 1184 ού
2904 1129 3414 1201 προσειλημμένης,
3445 1129 3813 1184 διαδείκνυσιν

2222 1221 2282 1280 εὖ
2310 1226 2454 1296 μάλα
2480 1224 2593 1278 τισὶ
2623 1222 2921 1294 γεγραφὼς
2940 1223 2970 1275 ὁ
2989 1222 3267 1289 πάνσοφος
3296 1221 3533 1285 Παῦλος,
3563 1221 3648 1275 ὃτι
3679 1222 3813 1275 σιιύ⁴

2224 1319 2363 1373 Gala
2400 1317 2501 1388 μὲν
2531 1317 2778 1388 ἡγήσατο
2802 1316 2891 1369 -τά
2928 1316 2986 1369 ὲν
3014 1315 3164 1385 νόμῳ
3195 1314 3397 1378 πάντα,
3444 1314 3530 1369 ἵνα
3575 1313 3812 1387 Χριστὸν

2224 1407 2481 1480 κερδάνῃ,
2526 1410 2623 1459 zeal
2668 1405 2870 1478 εὑρεθῇ
2922 1407 2980 1459 ἐν
3024 1404 3176 1475 αύτῷ
3212 1404 3287 1476 μὴ
3316 1404 3457 1476 ἔχων
3508 1405 3607 1477 τὴν
3645 1405 3815 1459 αὑτοῦ

2225 1495 2608 1565 δικαιοσύνην,
2642 1495 2919 1558 τουτέστι,
2954 1494 3052 1563 τὴν
3100 1496 3157 1548 ὲν
3190 1495 3361 1567 νόμῳ,
3406 1496 3541 1550 ἀλλὰ
3576 1497 3676 1567 τὴν
3723 1496 3818 1551 διὰ

2228 1588 2465 1650 πίστεως
2496 1584 2670 1657 Ἰησοῦ
2704 1584 2966 1658 Χριστοῦ.
3009 1586 3282 1657 Γράφεται
3313 1586 3372 1640 δὲ
3404 1586 3594 1659 ὥσπερ
3624 1588 3817 1652 ἀνοίας

2229 1680 2355 1741 τοὺς
2386 1678 2705 1742 Ἰουδαίους,
2741 1676 2884 1730 οὕτω
2914 1676 3109 1745 λέγων·
3155 1695 3175 1728 ι
3216 1676 3686 1750 ’Λγνοοῦντεςγάρ
3711 1679 3820 1750 τὴν

2231 1768 2324 1823 τοῦ
2348 1769 2481 1822 Θεοῦ
2503 1767 2871 1838 δικαιοσύνην,
2897 1767 2993 1822 zeal
3016 1768 3116 1838 τὴν
3145 1768 3277 1822 ἰδίαν
3300 1769 3593 1840 ζητοῦντες
3615 1769 3820 1840 στῆσαι

541 1879 596 1933 in
629 1877 905 1932 Christum
930 1873 1204 1928 credimus
1242 1872 1344 1925 ".z
1374 1870 1608 1938 Ideoque
1635 1869 1812 1923 dictus
1833 1875 1918 1922 est
1972 1864 2130 1920 Chri-

2232 1866 2298 1934 τῇ
2326 1862 2640 1935 δικαιοσύνῃ
2672 1861 2767 1915 τοῦ
2804 1860 2939 1914 Θεοῦ
2970 1862 3070 1931 οὐχ
3100 1862 3478 1934 ὑπετάγησαν.
3508 1863 3673 1927 Τέλος
3704 1863 3820 1932 γάρ

542 1981 662 2028 stus
700 1966 1029 2032 maledictio,
1061 1972 1119 2018 ut
1162 1978 1191 2017 a
1216 1961 1349 2032 legis
1394 1959 1774 2015 maledictione
1824 1957 2112 2020 eximeret,

542 2057 633 2134 ἱιιιί
661 2063 709 2117 ei
748 2061 964 2116 fuerunt
995 2055 1236 2114 obnoxii.
1271 2053 1546 2123 Scriptura
1577 2060 1660 2106 est
1685 2050 1868 2105 enim:
1912 2067 1931 2100 e
1963 2046 2130 2100 Male-

525 2154 722 2209 Adictus
741 2152 918 2206 omnis
952 2149 1041 2220 qui
1071 2162 1176 2201 non
1204 2154 1385 2200 Illallel
1414 2145 1465 2199 iu
1490 2142 1744 2197 omnibus
1775 2154 1895 2210 quae
1926 2138 2128 2207 scripta

542 2254 670 2299 sunt
699 2246 754 2298 in
793 2244 911 2313 lege
936 2241 1059 2295 libri
1105 2239 1290 2309 hujus,
1328 2245 1476 2291 utea
1511 2234 1677 2289 faciat
1703 2233 1771 2287 ⁷⁸.
1804 2251 1825 2284 ι

2232 1956 2400 2026 νόμου
2424 1955 2662 2025 Χριστὸς
2684 1956 2763 2018 εἰς
2783 1952 3133 2023 δικαιοσύνην
3159 1954 3324 2007 παντὶ
3345 1953 3424 2024 τῷ
3448 1953 3777 2008 πιστεύοντι.
3791 1971 3815 2005 ι

2237 2046 2384 2114 Ἔφη
2412 2044 2467 2098 δὲ
2499 2044 2693 2098 πάλιν·
2735 2061 2754 2096 ι
2786 2044 2977 2115 Ἡμεῖς
3009 2042 3171 2112 φύσει
3192 2027 3473 2109 Ἴουδαῖοι,
3504 2046 3598 2099 zeal
3626 2045 3729 2098 οὐκ
3756 2043 3822 2109 EE

2235 2135 2405 2191 ὲθνῶν
2451 2134 2798 2206 ἁμαρτωλοί’
2838 2134 3042 2198 εἰδότες
3069 2135 3128 2189 δὲ
3169 2136 3251 2189 ὅτι
3281 2137 3342 2190 οὐ
3376 2135 3680 2191 δικαιοῦται
3722 2134 3824 2189 άν-

2237 2227 2455 2300 θρωπος
2486 2227 2544 2294 ἐξ
2571 2226 2749 2298 ἔργων
2787 2227 2974 2297 νόμου,
3008 2227 3104 2281 ἐὰν
3137 2226 3211 2298 μὴ
3238 2227 3328 2281 διὰ
3368 2228 3602 2292 πίστεως
3642 2225 3821 2299 Ἰησοῦ

528 2338 806 2411 Χριστοῦ,
831 2337 925 2391 zeal
960 2337 1124 2407 ἡμεῖς
1148 2334 1228 2396 εἰς
1288 2330 1526 2403 Χριστὸν
1566 2327 1992 2397 ἐπιστεύσαμεν.
2025 2343 2043 2377 ι
2085 2322 2488 2396 Κεχρημάτικε
2543 2321 2600 2375 δὲ
2630 2321 2719 2375 διὰ
2771 2322 2934 2376 τοῦτο
2961 2322 3180 2394 κατάρα
3194 2324 3448 2394 Χριστὸς,
3483 2324 3570 2378 ἵνα
3600 2323 3697 2394 τῆς
3721 2323 3823 2377 τοῦ

542 2432 707 2502 νόμου
736 2430 982 2499 κατάρας
1033 2426 1284 2496 ἐξέληται
1310 2426 1436 2488 τοὺς
1492 2422 1585 2476 ὑπ’
1655 2421 1793 2492 αὐτῇ
1837 2419 2163 2489 γεγονόταςο

2242 2416 2555 2488 γέγραπται
2587 2413 2697 2487 γὰρ
2726 2456 2741 2482 ,
2769 2415 2852 2468 ὅτι
2879 2433 2898 2466 ι
2944 2414 3375 2485 Ἐπικατάρατος
3421 2417 3561 2479 πᾶς,
3605 2416 3666 2480 ὃς
3717 2418 3821 2471 οὐκ

543 2525 774 2597 ὲμμένει
811 2524 946 2574 πᾶσι
999 2523 1112 2584 τοῖς
1151 2518 1565 2591 γεγραμμένοις
1618 2517 1677 2570 ὲν
1720 2515 1798 2586 τῷ
1835 2513 1986 2583 νόμῳ
2032 2510 2126 2564 τοῦ
2167 2509 2373 2581 βιϐλίου
2403 2509 2619 2575 τούτου,
2645 2508 2740 2563 τοῦ
2767 2509 2994 2581 ποιῆσαι
3024 2509 3182 2565 αὐτά.
3208 2528 3228 2561 ι

690 2615 854 2669 VEBS.
893 2610 1086 2665 2l-2-l.
1156 2611 1223 2662 Et
1290 2608 1626 2676 wdiﬁcabunt
1690 2607 1894 2670 domos,
1945 2615 1991 2658 et
2037 2602 2138 2671 ipsi

537 2707 954 2767 inhabitabant;
993 2699 1304 2770 plantabunt
1368 2699 1567 2763 vineas,
1611 2706 1657 2750 et
1720 2697 1821 2765 ipsi
1867 2694 2135 2748 comedent

545 2801 778 2870 fructum
830 2812 1039 2852 earum.
1080 2792 1148 2847 Et
1207 2808 1311 2846 non
1372 2788 1737 2857 wdiﬁcabunt,
1783 2796 1831 2841 et
1891 2784 1985 2839 alii
2052 2784 2135 2838 in-

545 2893 904 2957 habitabant;
944 2899 990 2943 et
1050 2905 1152 2941 non
1199 2883 1535 2957 planlabunt,
1579 2871 1633 2936 et
1689 2878 1787 2933 alii
1843 2877 2134 2932 comedent.

546 2986 691 3043 Nam
736 2996 791 3040 ut
854 2984 963 3038 dies
1012 2980 1141 3051 ligni
1198 2980 1340 3042 vim,
1393 2984 1544 3031 erunt
1597 2973 1709 3027 dies
1765 2970 1945 3041 populi
1999 2969 2133 3024 mei:

546 3096 704 3149 opera
753 3091 1006 3131 manuum
1051 3087 1272 3127 suarum
1343 3070 1739 3122 inve‘terascent.
1799 3060 1966 3116 Electi
2030 3060 2133 3115 mei

545 3189 653 3229 non
682 3169 997 3225 laborabunt
1036 3167 1261 3234 frustra,
1287 3175 1450 3226 neque
1513 3157 1652 3225 ﬁlios
1700 3152 2021 3225 generabant
2077 3152 2134 3204 in

547 3258 968 3314 maledictionem
996 3269 1015 3306 :
1073 3253 1197 3319 quia
1234 3245 1403 3317 905
1439 3261 1612 3299 semen
1675 3242 2004 3295 benedictum
2059 3248 2131 3294 est

548 3366 582 3404 α
647 3347 894 3401 Domino.
949 3340 1161 3408 διῄει,
1222 3347 1504 3406 antequam
1565 3333 1791 3387 clament
1855 3332 1975 3400 ipsi,
2040 3347 2133 3400 ego

546 3434 830 3493 exaudiam
866 3448 974 3488 eos.
1017 3431 1202 3483 Adhuc
1230 3425 1555 3499 loquentibus
1585 3423 1724 3489 illis,
1757 3421 1930 3475 dicam
1952 3462 1967 3490 ,
1989 3414 2134 3481 Quid

549 3539 621 3583 est
648 3527 673 3582 2
1441 3536 1451 3541 ·

616 3707 816 3761 Pacem
848 3703 953 3759 illis
1000 3717 1121 3772 quae
1151 3714 1257 3757 non
1312 3696 1765 3761 labefactabitur,
1823 3692 2136 3750 misericor-

551 3799 721 3862 diam,
775 3795 1251 3867 propitiationem,
1288 3791 1592 3848 bonitatem
1640 3797 1697 3843 et
1745 3785 2136 3842 humanitatem

550 3889 909 3959 adpromittit.
950 3886 1261 3957 Antiquitus
1292 3883 1435 3938 enim
1470 3896 1532 3937 ex
1561 3879 1825 3948 sanguine
1846 3875 2013 3932 Israel
2036 3872 2142 3935 oris

552 3983 705 4048 undi,
757 3979 953 4050 insigni
1020 3977 1255 4042 insania,
1282 3971 1673 4044 multiplicibus
1703 3971 1878 4037 vitiis,
1915 3978 1969 4025 et
1997 3968 2142 4038 quod

551 4082 696 4128 recte
745 4073 926 4126 vivere
990 4068 1213 4135 nollent,
1249 4067 1593 4122 continenter
1635 4064 2010 4118 universorum
2044 4060 2142 4116 do-

551 4166 870 4219 minatorem
903 4161 1070 4217 Deum
1110 4157 1421 4225 irritabaut;
1455 4158 1599 4212 hanc
1626 4156 1696 4211 ob
1746 4170 1967 4211 causam
1999 4152 2141 4208 mul-

553 4256 621 4311 tls
676 4255 851 4310 modis
916 4252 1089 4323 puniti
1142 4260 1292 4307 sunt.
1330 4247 1489 4304 Nunc
1512 4248 1710 4303 etenim
1742 4260 1864 4316 qua:
1901 4248 1956 4300 in
1998 4244 2144 4313 agris

552 4359 707 4403 erant
755 4342 1243 4414 corrumpebantur
1274 4356 1289 4392 :
1318 4348 1371 4394 et
1399 4338 1478 4394 rei
1506 4337 1719 4393 rustica
1752 4335 1978 4391 sudores
2028 4334 2143 4389 tru-

2311 2605 2419 2658 Kul
2445 2601 2960 2673 οἰκοδομήσουσιν
2992 2601 3201 2668 οἰκίας,
3247 2601 3343 2655 καὶ
3372 2600 3540 2654 αὐτοὶ
3569 2600 3820 2668 ἐνοική-

2239 2708 2446 2749 σουσι·
2500 2693 2601 2748 καὶ
2653 2695 3206 2763 καταφυτεύσουσιν
3269 2690 3656 2761 ἀμπελῶνας,
3716 2693 3821 2747 καί

2238 2787 2407 2842 αὑτοί
2443 2784 2733 2855 φάγονται
2785 2786 2895 2839 τὸν
2947 2785 3174 2854 καρπὸν
3201 2781 3419 2837 αὐτῶν.
3456 2783 3568 2837 Kul
3618 2785 3691 2838 οὐ
3731 2784 3821 2853 μὴ

2237 2874 2705 2944 οἰκοδομήσωσι,
2728 2874 2829 2928 καὶ
2867 2873 3045 2928 ἄλλοι
3085 2870 3427 2939 οἰκήσουσι·
3476 2874 3576 2927 zeal
3618 2876 3691 2928 οὐ
3736 2873 3824 2943 μὴ

2234 2966 2604 3037 φυτεύσωσι,
2643 2964 2744 3020 καὶ
2782 2964 2961 3019 ἄλλοι
3015 2963 3323 3035 φάγονται.
3368 2965 3533 3020 Κατὰ
3575 2964 3686 3035 γὰρ
3717 2969 3827 3031 τὰς

2234 3057 2460 3127 ἡμέρας
2490 3057 2597 3113 τοῦ
2629 3057 2821 3122 ξύλου
2868 3055 2981 3125 τῆς
3023 3054 3172 3124 ζωῆς
3224 3057 3471 3111 ἔσονται
3510 3060 3569 3111 αἰ
3613 3059 3828 3126 ἡμέραι

2237 3150 2342 3204 τοῦ
2365 3149 2519 3204 λαοῦ
2533 3166 2654 3217 μου
2679 3166 2693 3180 ·
2723 3148 2794 3202 τὰ
2814 3149 2958 3217 ἔργα
2982 3145 3102 3200 τῶν
3122 3149 3324 3202 πόνων
3343 3145 3541 3202 αὐτῶν
3568 3148 3827 3201 παλαιώ-

2162 3289 2204 3344 c
2235 3253 2479 3293 σουσιν.
2516 3242 2581 3292 Ol
2612 3238 2681 3293 δὲ
2722 3239 2995 3293 ἐκλεκτοί
3023 3256 3141 3307 μου
3179 3241 3250 3293 οὐ
3284 3238 3684 3293 κοπιάσουσιν
3733 3242 3827 3303 εἰς

2237 3329 2437 3395 κενὸν,
2484 3329 2630 3386 οὐδὲ
2671 3329 3228 3397 τεκνοποιήσουσιγ
3274 3333 3366 3395 εἰς
3412 3329 3697 3398 κατάραν·
3736 3329 3829 3382 ὅτι

2236 3418 2477 3489 σπέρμα
2507 3420 2925 3491 εὐλογημένον
2955 3421 3075 3474 ὑπὸ
3119 3420 3272 3475 Θεοῦ
3302 3420 3457 3475 ἐστι.
3491 3420 3600 3475 Kal
3644 3420 3828 3476 ἕσται

2238 3508 2383 3577 πρὶν
2409 3508 2693 3578 κεκράξαι
2719 3508 2962 3575 αὐτοὺς,
2992 3508 3109 3579 ἐγὼ
3142 3510 3580 3579 εἰσακούσομαι
3607 3508 3830 3564 αὐτῶν.

2242 3599 2367 3654 Ἔτι
2403 3600 2757 3655 λαλούντων
2792 3599 3014 3665 αὐτῶν,
3055 3598 3189 3666 ἐρῶν
3233 3600 3297 3653 Τί
3322 3600 3534 3662 datur;

2308 3694 2544 3764 Εἰρήνην
2584 3693 2765 3756 αὐτοῖς
2810 3692 2909 3762 τὴν
2960 3691 3313 3761 ἀκράδαντον,
3350 3692 3517 3761 φειδῶ
3543 3693 3641 3746 zeal
3672 3692 3832 3763 εὐμέ-

2240 3799 2411 3848 νειαν,
2451 3782 2801 3855 χρηστότητα
2833 3784 2928 3834 zeal
2964 3779 3373 3851 φιλανθρωπίαν
3413 3780 3830 3849 ἐπαγγέλλεται.

2241 3875 2416 3929 Πάλαι
2461 3874 2559 3944 μὲν
2608 3873 2718 3944 γὰρ
2750 3873 2800 3926 οἱ
2852 3872 2910 3940 ἐξ
2963 3871 3194 3942 αἵματος
3228 3872 3464 3944 Ἰσραὴλ,
3503 3872 3592 3926 διὰ
3638 3872 3836 3944 πολλῆς

2241 3967 2380 4038 ἄγαν
2408 3966 2689 4031 ἀπονοίας,
2744 3966 2841 4020 καὶ
2889 3966 3197 4029 πολυειδοῦς
3226 3965 3583 4037 φαυλότητος,
3615 3968 3708 4021 zeal
3737 3965 3839 4020 τοῦ

2245 4058 2321 4131 μὴ
2349 4058 2640 4128 ἀνέχεσθαι
2655 4056 2754 4130 ζῇν
2782 4056 2979 4128 ὀρθῶς,
3009 4058 3436 4130 παροτρύνοντες
3457 4058 3720 4112 διετέλουν
3738 4060 3842 4112 τὸν

2243 4151 2351 4207 τῶν
2373 4150 2510 4205 ὅλων
2559 4149 2863 4221 κρατοῦντα
2895 4149 3056 4204 Θεόν·
3091 4150 3296 4220 ταύτης
3327 4151 3490 4204 ἕνεκα
3521 4150 3619 4219 τῆς
3646 4150 3837 4215 αἰτίας

2244 4242 2389 4298 κατά
2416 4243 2644 4307 πολλοὺς
2666 4242 2919 4315 ᾐκίζοντο
2946 4243 3180 4315 τρόπους
3201 4259 3217 4274 ·
3248 4243 3381 4299 ποτὲ
3406 4245 3502 4312 μὲν
3555 4243 3662 4313 γάρ
3689 4258 3840 4296 κατ-

2247 4334 2565 4407 εφθείροντο
2589 4334 2658 4390 τὰ
2680 4336 2738 4387 ἐν
2764 4335 2975 4406 ἀγροῖς,
2999 4334 3093 4390 zeal
3117 4335 3242 4395 τοὺς
3280 4337 3374 4389 ἐπὶ
3410 4338 3527 4401 ταῖς
3547 4334 3845 4405 γηπονίαις

553 4444 665 4488 stra
721 4432 1031 4494 tolerantes,
1087 4430 1227 4501 fame
1275 4426 1651 4497 cingebantur.
1716 4423 1992 4494 Scriptum
2058 4433 2130 4481 est

2247 4427 2479 4499 ἱδρῶτας
2501 4425 2859 4497 ὑφιστάμενοι
2888 4425 3089 4497 μάτην,
3110 4424 3255 4497 λιμῷ
3281 4425 3675 4499 κατετρύχοντο
3691 4440 3710 4457 ·
3743 4427 3847 4495 τέ-

552 4525 692 4581 enim
717 4542 729 4578 :
754 4543 771 4575 ι
794 4523 922 4578 Dedi
949 4521 1167 4587 aerugini
1202 4521 1410 4574 fruetus
1428 4531 1618 4572 eorum
1645 4526 1703 4574 et
1720 4516 1937 4572 labores
1954 4529 2130 4570 eorum

2245 4534 2490 4591 γραπται
2516 4518 2649 4590 γὰρ,
2671 4518 2754 4573 ὅτι
2789 4535 2809 4569 ι
2842 4518 2955 4571 Καὶ
2985 4516 3154 4573 ἔδωκε
3173 4520 3242 4589 τῇ
3271 4517 3500 4590 ὲρυσίόῃ
3542 4519 3670 4582 τοὺς
3703 4535 3851 4590 καρ-

553 4616 774 4670 locustae
796 4615 900 4667 ἠδ
924 4612 1138 4667 Dictum
1178 4620 1258 4666 est
1279 4611 1440 4666 etiam
1460 4608 1563 4664 illis
1588 4621 1683 4678 per
1698 4623 1862 4663 unum
1884 4621 1919 4662 e
1943 4605 2130 4662 sancti:

2252 4610 2386 4673 ποὺς
2414 4608 2615 4675 αὐτῶν,
2659 4609 2752 4663 καὶ
2799 4609 2930 4672 τοὺς
2976 4608 3172 4674 πόνους
3216 4609 3398 4664 αὐτῶν
3447 4612 3516 4682 τῇ
3562 4609 3773 4681 ἀκρίδι.
3822 4631 3845 4662 ι

554 4704 865 4775 pmphetis:
897 4721 913 4751 ι
927 4703 1005 4755 Τυ
1024 4716 1194 4765 seres,
1217 4712 1270 4756 et
1293 4715 1396 4754 non
1415 4708 1589 4753 metes
1609 4711 1623 4766 ;
1645 4705 1702 4751 tu
1718 4713 1931 4768 premes
1944 4698 2130 4764 oleam,

2250 4701 2479 4773 Εἴρηται
2501 4699 2558 4753 δέ
2585 4716 2690 4752 που
2732 4699 2869 4770 πρὸς
2899 4700 3097 4765 αὐτοὺς
3130 4701 3227 4758 zeal
3257 4701 3325 4757 δι’
3357 4701 3477 4766 ἑνὸς
3506 4701 3617 4756 τῶν
3660 4702 3856 4771 ἁγίων

562 4804 620 4852 et
665 4812 771 4850 nou
833 4792 1054 4863 ungeris
1079 4793 1196 4846 oleo
1223 4809 1239 4858 ;
1270 4792 1478 4853 vinum.
1505 4802 1560 4847 et
1605 4806 1713 4845 non
1765 4790 1916 4847 bibes
1939 4790 2039 4844 τ’.»
2075 4789 2130 4844 Et

2247 4790 2562 4866 προφητῶν·
2603 4811 2623 4843 ι
2671 4793 2743 4846 Σὺ
2791 4793 3034 4862 σπερεῐς,
3078 4793 3174 4847 καὶ
3209 4794 3272 4850 οὐ
3334 4792 3410 4864 μὴ
3459 4793 3699 4864 ἀμήσεις
3724 4812 3740 4824 ·
3780 4797 3856 4850 σὺ

554 4901 783 4945 rursus:
814 4905 834 4940 ι
869 4886 1064 4941 Domos
1102 4882 1296 4954 politas
1325 4881 1683 4948 eeditlcabitis,
1709 4889 1894 4936 etnon
1930 4882 2130 4936 habita-

2247 4885 2455 4948 πιέσεις
2482 4883 2689 4950 ἐλαίαν,
2733 4884 2827 4938 καὶ
2855 4886 2919 4937 οὐ
2960 4886 3037 4957 μὴ
3070 4885 3267 4957 ἀλείφῃ
3297 4884 3500 4950 ἔλαιον,
3544 4887 3642 4940 zeal
3696 4881 3861 4942 οἶνον

555 4977 685 5033 bitis
715 4978 768 5032 in
796 4977 875 5032 eis
893 4993 915 5043 ;
948 4976 1132 5030 vineas
1164 4972 1548 5029 desiderabiles
1580 4970 1910 5043 plantabitis,
1941 4980 1998 5026 et
2026 4985 2130 5025 non

2240 4976 2300 5029 οὐ
2336 4975 2411 5048 μὴ
2460 4976 2641 5048 πίητε.
2677 4997 2696 5030 ι
2734 4978 2845 5035 Καὶ
2903 4979 3088 5035 πάλιν·
3134 4996 3155 5030 ι
3197 4977 3395 5041 Οτιωυς
3438 4976 3666 5044 Et)ch
3699 4981 3865 5036 οἱκο-

556 5070 752 5127 bibetis
795 5071 981 5124 vinum
1025 5082 1212 5123 earum
1246 5066 1313 5125 ".
1347 5085 1363 5117 ι
1400 5065 1729 5139 lngruebant
1773 5066 1917 5120 enim
1963 5063 2130 5118 inter-

2236 5068 2524 5140 δομήσετε,
2558 5071 2652 5124 καὶ
2683 5070 2746 5124 οὐ
2772 5070 2847 5143 μὴ
2874 5071 3244 5142 κατοικὴσητε
3263 5072 3323 5124 ὲν
3339 5070 3556 5136 αὐτοῖς’
3579 5071 3864 5143 agnda.

559 5161 684 5215 dum
763 5159 1000 5213 hostium
1071 5156 1487 5226 impressiones,
1545 5163 1602 5210 ut
1676 5153 1870 5225 partim
1938 5153 2130 5225 gladiis

2239 5176 2332 5223 νας
2353 5159 2725 5232 ὲπιθυμητοὺς
2745 5161 3062 5232 φυτεύσετε,
3086 5163 3181 5216 zeal
3205 5161 3267 5215 οὐ
3294 5161 3369 5233 μὴ
3390 5161 3553 5235 πίητε
3582 5162 3666 5216 τὸν
3696 5158 3863 5218 οἶνον

560 5265 745 5306 eorum
800 5257 1274 5311 consumerentur,
1307 5247 1503 5317 partim
1546 5245 1663 5302 haec
1708 5244 1974 5315 supplicia
2022 5258 2130 5299 me—

2238 5251 2436 5307 αὐτῶν.
2485 5271 2506 5305 ι
2556 5252 2916 5325 Ἐπεφέροντο
2940 5253 3046 5326 γάρ
3071 5253 3257 5317 αὐτοῖς
3294 5252 3406 5306 ἐσθ’
3426 5253 3517 5306 ὅτε
3551 5253 3647 5307 καὶ
3673 5255 3865 5309 πολέ-

563 5350 792 5409 tuentes,
821 5357 851 5397 e
913 5343 1075 5397 domo
1128 5356 1224 5396 sua
1276 5356 1340 5395 ac
1404 5339 1575 5411 patria
1622 5336 1935 5407 ell‘ugerent,
1970 5348 2026 5394 et
2069 5339 2130 5394 ad

2242 5361 2357 5414 μων
2387 5343 2638 5415 ἐμϐολαὶ,
2665 5344 2807 5399 ὥστε
2838 5347 2963 5409 τοὺς
2998 5349 3097 5417 μὲν
3134 5349 3249 5409 τοῖς
3277 5344 3458 5398 αὐτῶν
3494 5344 3867 5400 δαπανᾶσθαι

563 5431 696 5489 alias
736 5432 894 5488 sedes
916 5448 975 5488 se
1002 5433 1325 5503 reciperent.
1356 5430 1462 5487 Sed
1496 5431 1611 5485 haec
1661 5430 1823 5498 prisci
1864 5429 1936 5485 illi
1996 5431 2130 5501 passi

2239 5435 2438 5503 ξίφεσι,
2474 5434 2599 5498 τοὺς
2630 5435 2686 5489 δὲ
2734 5436 2795 5489 τὸ
2846 5436 3041 5490 παθεῖν
3095 5437 3358 5501 δεδιότας,
3393 5435 3490 5488 zeal
3535 5434 3703 5489 οἴκων
3751 5439 3867 5490 αύ-

562 5528 709 5588 sunt,
741 5536 840 5577 nec
864 5522 1053 5590 semel,
1079 5532 1303 5593 propter
1366 5520 1532 5577 multa
1583 5531 1822 5589 peccata.
1866 5519 1969 5588 Qui
2011 5535 2130 5576 vero

2241 5525 2349 5579 τῶν
2390 5527 2484 5579 zeal
2526 5526 2626 5597 τῆς
2663 5527 2995 5599 ἐνεγκούσης
3050 5527 3356 5601 ἀποπηδᾷν,
3410 5525 3506 5581 zeal
3539 5527 3621 5590 εἰς
3643 5524 3868 5598 ἑτέρας

635 5723 680 5795 ξ’
704 5718 863 5773 Rom.
894 5732 976 5795 tu,
1006 5717 1097 5795 ἓξ..
1132 5787 1166 5795 _
1210 5719 1257 5795 ’ξ
1291 5716 1849 5795 Ριιῐιίρρλιιιηξηρη
1920 5720 1963 5751 ’ί
1993 5716 2125 5795 Rom

2230 5734 2290 5795 [η
2320 5718 2375 5782 5,
2413 5721 2467 5775 4.
2557 5724 2611 5795 _'?
2639 5724 2815 5783 Galat.
2844 5742 2909 5795 ιι,
2950 5726 3039 5795 15,
3081 5726 3171 5783 16.

635 5723 680 5754 ⁸⁸
704 5722 863 5773 Rom.
894 5732 976 5783 Ill,
1006 5722 1097 5773 25.
1210 5722 1257 5751 "
1291 5722 1528 5787 Philipp.
1570 5734 1652 5784 ιιι,
1679 5722 1734 5783 8,
1762 5722 1815 5775 9.
1920 5722 1963 5751 '”
1993 5722 2125 5771 Rom

562 5792 737 5850 Galat.
769 5803 850 5853 ιιι,
887 5788 974 5842 10.
1052 5789 1095 5820 ⁷⁵
1128 5787 1272 5843 Psal.
1304 5802 1471 5852 exui,
1496 5786 1586 5841 46.
1663 5789 1708 5821 ⁷⁸
1731 5789 1889 5844 Mich.
1933 5803 2005 5853 νι,
2036 5787 2122 5842 l5.

2230 5734 2261 5819 ι,
2320 5722 2375 5782 5,
2413 5722 2467 5775 4.
2567 5724 2611 5755 ’⁸
2639 5724 2815 5783 Galat.
2844 5742 2909 5795 ιι,
2950 5726 3039 5795 l5,
3081 5726 3171 5783 16.
3273 5726 3320 5760 ⁷³
3341 5725 3499 5783 Deut.
3532 5733 3710 5783 xxvu.
3737 5722 3868 5798 27;

2265 5790 2431 5847 Amos
2464 5806 2514 5858 ν,
2549 5793 2634 5848 ll.
