4090 6216
382 251 523 313 MSS

1512 258 1579 312 ΙΝ
1618 257 1850 314 lSAIAM
1891 256 2019 313 LIB.
2060 257 2125 313 ν.
2168 257 2401 315 TOMUS
2441 260 2526 315 \‘l.

3504 266 3524 317 Ι
3538 262 3639 319 426

384 364 804 438 μετανίστασθαι
856 366 1071 439 χώρας·
1133 369 1272 424 ἀλλὰ
1319 375 1478 426 ταυτὶ
1520 373 1619 444 μὲν
1646 375 1693 426 οἰ
1741 371 1949 426 παλαιοὶ

2061 371 2285 441 gratiam
2311 372 2512 427 Christi
2564 388 2660 442 per
2707 373 2863 429 tidem
2934 375 3302 444 arripuerunt,
3331 382 3386 430 et
3451 375 3640 429 sordes

383 459 703 528 πεπόνθασι,
729 461 824 514 καὶ
837 461 933 531 ούχ
954 459 1124 528 ἅπαξ,
1154 462 1244 517 διὰ
1268 463 1468 536 πολλὴν
1502 465 1795 537 ἁμαρτίαν·
1815 466 1867 519 οἴ
1893 482 1956 534 γε

385 552 491 624 μήν
518 552 575 605 ὲν
600 551 818 624 Χριστῷ
848 553 948 625 τὴν
979 554 1066 607 διὰ
1115 555 1348 620 πίστεως
1388 557 1731 629 ἁρπάσαντες
1775 559 1954 629 χάριν,

382 645 476 697 καὶ
519 644 645 707 τοὺς
670 645 734 697 ἐκ
763 643 865 714 τῆς
891 646 1169 718 ἁμαρτίας
1210 647 1612 720 ἀπονιψάμενοι
1644 650 1955 721 μολυσμοὺς

379 733 468 788 διὰ
497 733 590 787 τοῦ
623 735 780 802 ἁγίου
823 735 1217 809 βαπτίσματος,
1262 740 1325 794 οὐ
1356 743 1470 805 τοῖς
1519 742 1743 796 ἐκείνων
1795 758 1955 813 περι-

382 825 668 880 πεσούνται
700 830 912 892 κακοῖς,
941 827 1064 883 οὗτε
1109 830 1217 903 μὴν
1263 832 1372 886 τῶν
1409 834 1594 898 αὐτοῖς
1641 835 1953 905 πεπονημέ-

377 932 483 968 νων
522 918 909 987 πνευματικῶς
950 918 1209 991 ἀδόκητον
1253 922 1583 995 ύπομενοῦσι
1609 923 1843 995 ζημίαν·
1875 926 1955 978 ὲν-

375 1007 711 1077 τρυςρήσουσι
725 1007 780 1062 δὲ
802 1009 1001 1078 μᾶλλον
1017 1014 1129 1076 τοῖς
1152 1013 1358 1068 ἑαυτῶν
1377 1016 1782 1088 κατορθώμασι,
1811 1016 1953 1071 κατὰ

372 1097 435 1150 τὸ
458 1100 517 1152 ὲν
536 1099 787 1171 Ψαλμοῖς
816 1102 1181 1175 ὑμνούμενον·
1220 1126 1237 1159 ι
1272 1107 1412 1171 Τοὺς
1441 1108 1634 1172 πόνους
1667 1109 1775 1163 τῶν
1814 1126 1950 1181 καρ-

376 1187 493 1241 πῶν
516 1206 610 1242 σου
642 1190 895 1260 φάγεσαι·
935 1213 955 1247 ι
990 1196 1218 1268 καρπῶν
1245 1199 1552 1268 λεγομένων
1576 1200 1683 1255 τῶν
1705 1201 1951 1257 κάτωθεν

374 1278 475 1348 τῆς
513 1280 770 1354 παλάμης
801 1285 1038 1357 σαρκῶν.
1080 1288 1361 1345 Ἐκϐάλλει
1380 1291 1493 1362 γὰρ
1517 1292 1714 1358 αὐτοὺς
1738 1293 1911 1357 οὐδείς
1931 1310 1946 1326 ⁸

372 1369 498 1423 οὔτε
527 1372 634 1441 μὴν
667 1374 995 1450 ἀποσοϐήσει
1040 1381 1171 1436 ποτὲ
1214 1382 1313 1451 τῆς
1364 1382 1728 1456 δοθησομένης
1765 1385 1951 1450 αὐτοῖς

374 1460 526 1531 παρὰ
543 1462 676 1517 Θεοῦ
707 1468 894 1537 μονῆς.
925 1471 1122 1526 Πολλαὶ
1140 1472 1252 1543 γάρ
1279 1474 1437 1543 μοναὶ
1463 1474 1611 1546 παρὰ
1634 1475 1713 1545 τῷ
1736 1476 1911 1547 Πατρί
1931 1492 1944 1507 ο

373 1552 491 1606 ἀλλ’
520 1554 627 1608 οὐδ’
662 1556 728 1610 ἂν
757 1558 1153 1617 άποπεσοῦνται
1182 1565 1273 1618 τοῦ
1304 1565 1506 1637 κλήρου
1531 1564 1624 1620 τοῦ
1651 1566 1946 1638 δοθησομέ-

373 1663 463 1699 νου
494 1649 587 1702 καὶ
624 1650 923 1723 πρέποντος
952 1658 1071 1719 ταῖς
1110 1659 1327 1727 νοηταῖς
1359 1657 1538 1713 αὐτῶν
1581 1658 1908 1731 εύκαρπίαις
1930 1675 1943 1692 ·

2058 464 2262 532 peccati
2293 477 2390 533 per
2429 478 2642 517 sacrum
2676 463 2953 518 lavacrum
2990 462 3297 528 abluerunt,
3334 462 3386 518 in
3425 461 3638 517 illorum

2056 555 2196 609 mala
2228 570 2332 610 nou
2365 556 2624 621 incident,
2659 571 2759 611 uec
2796 570 3008 620 eorum,
3043 555 3093 610 iu
3130 556 3330 624 quibus
3387 555 3636 610 elabora-

2054 655 2249 700 verunt
2276 646 2651 716 spiritualiter,
2694 647 2947 701 damnum
2984 646 3462 716 iuexspectandum
3507 662 3632 702 sus-

2054 735 2342 805 tinebunt;
2384 739 2479 793 sed
2511 739 2924 794 delectabuntur
2970 738 3083 795 suis
3134 739 3391 809 przeclarc
3447 740 3625 801 factis.

2051 827 2345 883 secundum
2416 830 2467 884 id
2524 832 2667 898 quod
2716 830 2767 885 in
2835 829 3062 886 Psalmis
3122 832 3464 887 decantatum
3513 843 3632 886 est:

2057 919 2316 976 «Fructus
2345 920 2585 976 laborum
2606 933 2816 978 tuorum
2847 924 3196 979 manducabis
3218 924 3293 978 ’τι
3329 944 3345 975 ι
3365 924 3631 988 laborum,

2051 1009 2144 1081 qui
2176 1013 2244 1067 ab
2296 1011 2650 1069 inferioribus
2718 1017 3036 1085 corporibus
3091 1014 3406 1070 tolerantur.
3467 1013 3634 1068 Nemo

2049 1102 2191 1155 enim
2216 1101 2331 1157 illos
2359 1103 2564 1172 cjiciet,
2601 1119 2699 1160 nec
2732 1121 2967 1177 unquam
3024 1121 3052 1159 a
3095 1106 3270 1159 danda
3303 1105 3435 1172 ipsis
3462 1121 3492 1159 a
3524 1105 3632 1159 Deo

2048 1193 2175 1246 sede
2198 1193 2461 1249 detrudet.
2493 1195 2672 1251 Multae
2710 1200 2851 1251 enim
2882 1198 3035 1252 sedes
3065 1207 3192 1252 sunt
3226 1198 3365 1269 apud
3393 1197 3628 1252 Patrem.

2048 1283 2154 1339 Sed
2188 1299 2286 1341 nec
2317 1301 2345 1339 a
2376 1295 2521 1343 sorte
2547 1288 2721 1342 danda
2747 1298 2801 1343 et
2830 1305 2955 1359 quae
2990 1289 3257 1360 spirituali
3314 1303 3501 1344 eorum
3548 1287 3630 1344 fe-

2047 1375 2306 1430 cunditati
2337 1378 2609 1443 convenit,
2643 1379 2909 1434 deciderit.
2950 1380 3068 1435 Erit
3093 1380 3238 1435 enim
3265 1379 3372 1434 vita
3408 1394 3622 1441 eorum,

2045 1465 2241 1536 inquit,
2294 1479 2353 1524 ut
2414 1470 2528 1525 dies
2581 1471 2711 1542 ligni
2762 1472 2888 1527 vita:
2922 1489 2937 1527 :
2972 1472 3023 1527 id
3073 1480 3179 1538 est,
3236 1480 3445 1527 sancta.
3481 1469 3630 1525 Talis

2049 1558 2192 1612 enim
2226 1569 2363 1628 erat,
2392 1572 2516 1617 ante
2545 1564 3026 1634 transgressionem
3056 1604 3071 1629 ,
3097 1565 3151 1618 in
3184 1563 3375 1634 primis
3423 1577 3625 1632 paren-

2050 1647 2218 1715 tibus,
2247 1665 2366 1706 cum
2399 1653 2563 1708 etiam
2595 1654 2786 1710 liceret
2833 1654 2944 1710 illis
2981 1655 3110 1726 ligni
3142 1655 3266 1710 vitae
3300 1653 3415 1708 fieri
3458 1651 3628 1722 parti-

373 1738 526 1794 ἔσται
547 1740 677 1814 γάρ,
710 1746 942 1818 φησὶν,ή
974 1746 1087 1820 ζωὴ
1114 1748 1295 1802 αὐτῶν
1322 1750 1464 1803 κατὰ
1489 1750 1589 1811 τὰς
1615 1749 1830 1822 ἡμέρας
1851 1748 1948 1803 τοῦ

2052 1737 2220 1808 cipes,
2258 1744 2696 1800 exsecratissimo
2746 1753 2799 1799 et
2860 1745 2966 1801 Deo
3013 1745 3186 1799 inviso
3242 1750 3463 1814 peccato
3493 1756 3628 1795 non-

374 1827 532 1893 ξύλου
564 1831 662 1902 τῆς
685 1830 849 1904 ζωῆς,
889 1837 1159 1892 τουτέστιν
1197 1835 1425 1909 άγία[ν].
1463 1836 1696 1910 Τοιαύτη
1735 1838 1843 1911 γὰρ
1884 1834 1954 1910 ῆν

374 1921 479 1991 πρὸ
510 1922 608 1992 τῆς
630 1924 992 1995 παραϐάσεως
1016 1928 1073 1980 ὲν
1103 1932 1215 1991 τοῖς
1245 1926 1712 1999 πρωτοπλάστοις,
1745 1929 1834 1982 ὅτε
1857 1930 1953 1983 καὶ

373 2009 502 2081 ἐξῆν
537 2013 717 2077 αὐτοῖς
749 2016 808 2069 ἐν
835 2017 1048 2087 μεθέξει
1073 2018 1323 2088 γενέσθαι
1348 2018 1442 2073 τοῦ
1478 2017 1636 2086 ξύλου
1663 2019 1763 2090 τῆς
1784 2019 1949 2090 ζωῆς,

372 2100 525 2155 οὔπω
561 2104 659 2174 τῆς
691 2104 1082 2179 βδελυροτάτης
1113 2111 1207 2163 καὶ
1252 2110 1539 2183 θεομισοῦς
1563 2111 1838 2182 ἁμαρτίας
1859 2110 1953 2165 λα-

371 2192 574 2266 ϐούσης
603 2197 765 2252 τόπον
789 2199 848 2251 ὲν
874 2201 1077 2265 αὐτοῖς.
1110 2202 1454 2272 Προσεπάγει
1496 2223 1549 2258 τι
1576 2202 1814 2259 τοιοῦτον
1858 2204 1953 2257 καί

372 2286 561 2357 ἕτερον
616 2288 717 2356 τῆς
775 2292 1111 2362 προφητείας
1162 2295 1190 2347 ό
1247 2292 1434 2363 λόγος·
1468 2313 1486 2346 ι
1526 2295 1609 2349 Τὰ
1645 2296 1754 2368 γὰρ
1794 2295 1950 2368 ἔργα,

370 2378 527 2449 φησὶ,
577 2378 685 2433 τῶν
714 2382 910 2453 χειρῶν
971 2384 1149 2439 αὐτῶν
1180 2384 1567 2451 παλαιώσουσι,
1603 2406 1621 2439 ι
1652 2387 1949 2454 τουτέστιν,

368 2470 811 2544 ἀναμετάϐλητον
843 2473 1024 2540 ἕξουσι
1057 2476 1157 2547 τὴν
1185 2476 1293 2529 τῶν
1329 2477 1617 2549 πρακτέων
1657 2478 1793 2535 ὁδόν.
1826 2472 1951 2533 Οἷον

367 2560 431 2632 δή
463 2561 515 2614 τί
548 2579 709 2632 φημι.
730 2564 949 2619 Δέδοται
979 2566 1077 2636 μὲν
1108 2567 1217 2638 γάρ
1236 2570 1347 2631 τοῖς
1364 2566 1424 2633 ἐξ
1466 2567 1683 2640 Ἰσραὴλ
1713 2569 1799 2623 διὰ
1821 2571 1950 2623 Μω-

373 2652 510 2715 σέως
537 2654 565 2706 ὁ
587 2652 769 2724 νόμος·
802 2654 916 2708 ἀλλ’
950 2651 1017 2728 ἦν
1049 2659 1107 2709 ὲν
1135 2657 1284 2729 αύτῷ
1309 2659 1439 2713 σκιά
1465 2659 1558 2713 καὶ
1587 2658 1776 2723 τύπος,
1811 2658 1948 2729 ἔχων

376 2743 476 2814 μὲν
496 2742 594 2813 τῆς
617 2743 871 2814 ἀληθείας
897 2747 996 2817 τὴν
1027 2750 1328 2819 μόρφωσιν,
1363 2750 1502 2821 πλὴν
1531 2748 1684 2804 οὔπω
1716 2750 1808 2804 καὶ
1846 2751 1946 2805 αύ-

368 2833 467 2902 τὴν
498 2834 595 2906 τὴν
632 2834 909 2906 ἀλήθειαν.
956 2836 1172 2908 Ἐπειδὴ
1202 2838 1258 2891 δὲ
1290 2838 1602 2909 ἐπέλαμψεν
1633 2842 1663 2894 ὁ
1692 2840 1944 2911 Χριστὸς,

372 2925 670 2995 μετέϐαλον
705 2928 755 2980 oi
775 2925 935 2982 τύποι
958 2926 1094 2998 πρὸς
1123 2927 1402 2999 ἀλήθειαν,
1428 2925 1661 2985 καὶ-οῖον
1698 2932 1948 3003 μετεκλί-

2057 1828 2181 1884 dum
2232 1831 2406 1888 locum
2440 1834 2493 1889 in
2523 1835 2632 1890 illis
2690 1833 2945 1891 habente.
3000 1834 3163 1889 Aliud
3216 1849 3321 1890 non
3366 1831 3629 1889 dissimile

2054 1925 2297 1995 adjungit
2336 1925 2650 1995 prophetica
2716 1925 2913 1981 oratio.
2948 1942 2967 1977 ι
2995 1922 3170 1994 Opera
3227 1924 3393 1990 enim,
3424 1921 3625 1991 inquit,

2053 2030 2306 2071 manuum
2354 2029 2574 2070 suarum
2611 2016 3027 2081 inveterascent,
3081 2016 3132 2070 id
3167 2023 3271 2078 est,
3296 2011 3461 2084 905
3496 2026 3625 2065 cur-

2052 2122 2170 2164 sum
2224 2108 2275 2163 in
2306 2108 2466 2165 rebus
2502 2110 2753 2178 gerendis
2778 2118 2984 2165 certum
3031 2107 3307 2163 habebunt
3339 2116 3392 2160 et
3431 2106 3625 2159 immu-

2052 2198 2290 2257 labilem.
2318 2198 2472 2266 Quod
2529 2201 2669 2267 dico,
2719 2200 2793 2255 ita
2848 2214 2908 2256 se
2959 2200 3141 2255 habet.
3170 2197 3301 2252 Data
3355 2206 3437 2251 est
3481 2196 3626 2250 enim

2050 2289 2311 2348 Israelitis
2342 2308 2439 2365 per
2485 2293 2705 2366 Moysen
2735 2293 2857 2361 lex;
2898 2293 2993 2348 sed
3038 2294 3091 2347 in
3124 2292 3214 2346 illa
3259 2298 3377 2346 erat
3435 2287 3624 2342 umbra

2050 2392 2105 2439 et
2136 2394 2311 2456 typus,
2333 2387 2567 2455 speciem
2604 2387 2848 2441 veritatis
2886 2385 3113 2451 habens,
3156 2382 3393 2439 nondum
3448 2389 3624 2435 tamen

2050 2478 2224 2548 ipsam
2261 2478 2568 2536 veritatem.
2602 2477 2955 2533 lllucescente
2984 2476 3222 2542 Christo,
3253 2471 3443 2527 mutati
3497 2479 3624 2526 sunt

2050 2570 2161 2642 typi
2187 2570 2239 2625 in
2284 2571 2563 2625 veritatem
2623 2577 2679 2622 et
2720 2569 2929 2623 umbem
2990 2565 3139 2621 velut
3195 2563 3525 2619 inclinarunt
3571 2566 3628 2616 et

2048 2662 2459 2728 inveteraruut,
2518 2658 2569 2713 id
2623 2666 2726 2723 est,
2816 2672 2925 2712 non
3004 2669 3218 2724 semper
3259 2655 3422 2709 robur
3465 2668 3625 2707 suum
3668 2652 3673 2656 ’

2048 2753 2239 2808 habuit
2289 2752 2477 2821 legalis
2504 2748 2940 2805 conversationis
2973 2746 3169 2801 virtus.
3202 2743 3391 2815 Itaque
3445 2743 3623 2798 Israe-

2047 2840 2154 2896 lit:e
2183 2856 2347 2911 opera
2390 2855 2485 2895 sua
2515 2841 2912 2894 inveterascere
2944 2851 3050 2891 non
3094 2835 3340 2890 fecerunt
3364 2832 3385 2904 (
3409 2831 3620 2887 inutilis

2049 2932 2247 3002 quippe
2292 2940 2374 2985 est
2396 2930 2581 3001 legalis
2638 2931 2841 2994 cultus,
2890 2929 3034 2999 quod
3080 2927 3147 2982 ad
3181 2936 3336 2997 typos
3362 2924 3622 2994 attinet),

370 3017 542 3088 θησαν
565 3021 620 3072 at
653 3019 801 3073 σκιαὶ
835 3020 929 3072 καὶ
968 3020 1395 3088 πεπαλαίωνται,
1429 3021 1728 3089 τουτέστιν,
1763 3024 1824 3077 ού
1862 3024 1949 3096 μέ-

2051 3030 2106 3079 at
2147 3024 2239 3094 qui
2264 3024 2316 3077 in
2355 3023 2570 3078 Christo
2593 3029 2720 3076 sunt
2746 3021 3037 3075 durabunt.
3077 3019 3195 3074 Non
3219 3018 3364 3073 enim
3389 3015 3492 3070 alia
3520 3014 3624 3069 illis

368 3124 462 3180 χρι
527 3110 726 3175 παντὸς
777 3111 1085 3182 κεκράτηκε
1126 3110 1228 3181 τῆς
1278 3112 1337 3164 ὲν
1396 3112 1545 3183 νόμῳ
1605 3114 1941 3187 πολιτείαςή

2051 3114 2137 3170 lex
2158 3115 2392 3170 ‘dabitur
2455 3129 2575 3184 qme
2606 3111 3042 3185 evangelicorum
3075 3110 3423 3167 oraculorum
3453 3106 3625 3159 virtu-

369 3197 613 3266 δύναμις.
652 3197 860 3252 Οὐκοῦν
875 3200 924 3251 oi
958 3199 1056 3270 μὲν
1084 3197 1143 3263 ἐξ
1175 3199 1405 3269 αἵματος
1441 3199 1655 3272 Ἰσραήλ
1678 3203 1777 3255 ούκ
1806 3204 1942 3255 έπαη

369 3288 608 3344 λαίωσαν
647 3290 716 3345 τὰ
758 3290 897 3363 ἔργα
950 3290 1170 3355 αύτῶν’(
1211 3291 1466 3360 ἀνόνητος
1514 3292 1622 3363 γὰρ
1669 3294 1702 3363 ή
1748 3294 1943 3364 νομικὴ

371 3381 614 3452 λατρεία,
626 3383 686 3436 τό
714 3400 779 3452 γε
801 3379 937 3452 ἧκον
958 3384 1037 3447 εἰς
1065 3381 1311 3451 τύπους),
1335 3382 1708 3437 παλαιώσουσι
1737 3384 1856 3438 δὲοὶ
1887 3387 1945 3438 ὲν

373 3472 610 3544 Χριστῷ.
654 3476 729 3528 Ού
759 3474 868 3546 γάρ
907 3472 1092 3545 ἕτερος
1120 3473 1303 3535 αὐτοῖς
1330 3473 1613 3545 δοθήσεται
1644 3474 1826 3545 νόμος,
1870 3474 1948 3540 ὡς

377 3567 633 3639 μεθιστᾷν
654 3567 747 3620 ἐπὶ
768 3567 828 3620 τὸ
859 3567 1084 3639 ἄμεινον
1115 3568 1222 3621 τῶν
1247 3564 1618 3635 εύαγγελικῶν
1652 3564 1948 3637 θεσπισμά-

372 3676 479 3712 των
526 3658 623 3730 τὴν
671 3657 918 3729 δύναμιν.
959 3660 1188 3731 Εἴρηται
1239 3658 1349 3729 γάρ
1396 3675 1496 3712 που
1544 3657 1683 3730 πρὸς
1713 3657 1805 3714 τὸν
1837 3657 1948 3712 τῶν

372 3749 509 3804 ὅλων
543 3750 770 3821 Σωτῆρα
792 3750 1023 3823 Χριστὸν
1047 3751 1134 3805 διὰ
1157 3751 1255 3822 τῆς
1287 3750 1379 3804 τοῦ
1406 3747 1715 3813 Ψάλλοντος
1740 3748 1945 3819 φωνῆς·

382 3859 400 3892 ι
436 3841 502 3894 Ἦ
519 3840 827 3913 δικαιοσύνη
874 3858 966 3894 σου
994 3840 1308 3912 δικαιοσύνη
1339 3841 1418 3905 είς
1448 3839 1540 3895 τὸν
1565 3841 1760 3905 αἰῶνα,
1795 3840 1889 3894 καὶ¹
1921 3841 1950 3894 ὁ

373 3930 537 4000 νόμος
565 3948 655 3984 σου
690 3930 937 4003 ἀλήθεια.
975 3960 1045 3973 —-—
1067 3931 1128 3984 Οἱ
1161 3930 1219 3984 δὲ
1246 3930 1493 3985 ἐκλεκτοί
1552 3947 1653 4002 μου
1674 3969 1688 3994 ,
1754 3928 1946 4001 φησὶν,

373 4017 435 4069 ού
485 4019 836 4073 κοπιάσουσιν
869 4020 949 4083 εἰς
978 4020 1153 4088 κενὸν,
1188 4020 1311 4074 οὐδὲ
1368 4020 1842 4091 τεκνοποιήσουσιν
1871 4020 1952 4083 εἰς

373 4112 639 4182 κατάραν.
684 4129 706 4164 ι
739 4111 1168 4166 Διδάσκειπάλιν
1200 4112 1276 4175 ὡς
1301 4114 1366 4166 ὲκ
1381 4112 1752 4184 παραθέσεως,
1784 4112 1951 4182 ῆγουν

374 4201 758 4273 ἀντεξαγωγῆς
790 4203 896 4257 τῶν
942 4203 1109 4257 πάλαι
1168 4203 1593 4274 συμϐεϐηκότων
1643 4206 1757 4268 τοῖς
1816 4205 1949 4257 Ἰου-

375 4292 536 4346 δαίων
562 4294 928 4366 καθηγηταῖς·
967 4297 1318 4367 Γραμματεῖς
1361 4296 1419 4349 δὲ
1457 4287 1602 4349 οὗτοι
1645 4295 1740 4349 καὶ
1787 4296 1953 4366 Φαρι-

2048 3216 2152 3262 tem
2180 3206 2234 3260 in
2265 3206 2455 3260 melius
2483 3213 2799 3259 commutet.
2836 3202 3052 3258 Dictum
3079 3208 3164 3257 est
3193 3199 3338 3255 enim
3376 3212 3473 3268 per
3498 3196 3622 3250 uni-

2045 3312 2324 3353 versorum
2391 3295 2731 3351 Servatorem
2778 3292 3077 3358 Christum,
3132 3306 3267 3348 voce
3301 3289 3619 3345 Psalleutis:

2053 3386 2750 3456 «Justitiatuajustitiain
2776 3386 3053 3451 saeculum,
3100 3391 3154 3437 et
3194 3383 3281 3438 lex
3334 3391 3422 3437 tua
3482 3380 3624 3435 veri-

2046 3489 2132 3535 tas
2155 3481 2219 3535 ⁷⁸.
2248 3499 2267 3532 ι
2303 3509 2369 3519 -
2399 3498 2417 3532 ι
2442 3478 2610 3534 Electi
2644 3487 2846 3541 autem,
2880 3478 3079 3546 inquit,
3121 3475 3228 3530 mei
3272 3489 3377 3529 non
3407 3474 3617 3527 labora-

2047 3570 2183 3626 bunt
2228 3568 2446 3634 frustra,
2486 3581 2661 3638 neque
2698 3566 2897 3621 liberos
2928 3566 3148 3635 gignent
3177 3565 3230 3618 in
3279 3563 3617 3618 maledictio-

2050 3678 2195 3719 nem.
2228 3679 2247 3714 ι
2278 3660 2483 3715 Rursus
2513 3658 2688 3722 docet,
2719 3656 2869 3711 velut
2889 3671 2955 3710 ex
2980 3654 3331 3711 contentione
3356 3661 3411 3709 et
3450 3667 3617 3723 oppo-

2050 3753 2245 3808 sitione
2268 3765 2452 3806 eorum
2501 3763 2619 3819 quae
2661 3748 2933 3816 quondam
2994 3745 3259 3817 praefectis
3304 3744 3619 3799 Judaeorum

2051 3845 2433 3911 contigerunt:
2469 3840 2524 3894 hi
2561 3845 2743 3893 autem
2787 3844 2914 3891 sunt
2968 3834 3170 3891 Scribae
3210 3844 3264 3890 et
3320 3833 3581 3889 Pharisazi
3607 3873 3621 3896 ,

2053 3935 2167 4004 qui,
2201 3934 2317 4003 lege
2372 3932 2656 3997 relicta,et
2707 3930 2965 3986 docentes
3030 3927 3325 3993 doctrinas,
3368 3926 3619 3980 mandata

2053 4026 2356 4088 hominum,
2411 4033 2593 4095 patres
2648 4023 2866 4093 quidem
2921 4021 3241 4076 exstiterunt
3292 4018 3619 4082 liberorum,

2052 4134 2149 4188 per
2186 4116 2542 4186 disciplinam,
2583 4115 2790 4170 scilicet
2822 4121 2918 4168 :at
2954 4111 3153 4166 frustra
3175 4149 3191 4176 ,
3232 4120 3287 4164 et
3312 4110 3364 4164 in
3400 4107 3624 4162 maledi-

2054 4210 2308 4267 ctionem.
2354 4205 2466 4260 lloc
2496 4207 2658 4260 etiam
2724 4218 2822 4258 nos
2854 4204 3036 4257 docuit
3083 4202 3359 4267 Servator,
3406 4199 3624 4255 Scribas

2053 4310 2107 4357 et
2152 4299 2452 4354 Pharisaeos
2494 4296 2915 4363 reprehendens.
2952 4294 3098 4348 Dixit
3150 4292 3335 4348 enim:
3373 4309 3392 4342 ι
3419 4291 3511 4347 Vre
3539 4307 3627 4346 vo-

379 4386 539 4447 σαῖοι,
566 4384 617 4437 οῖ
644 4385 732 4436 τὸν
760 4386 921 4457 νόμον
941 4386 1188 4455 ἀφέντες,
1214 4386 1307 4440 καὶ
1331 4385 1671 4447 διδάσκοντες
1695 4384 1949 4438 διδασκα-

2056 4393 2165 4457 bis,
2209 4391 2411 4445 Scriba:
2439 4397 2493 4444 et
2518 4387 2777 4442 Pharisaei
2834 4385 3148 4457 hypocritae,
3197 4383 3322 4454 quia
3382 4382 3624 4438 circuitis

377 4474 496 4528 λίαν
549 4474 855 4544 ἐντάλματα
901 4477 1222 4549 ἀνθρώπων,
1272 4476 1510 4547 πατέρες
1561 4475 1659 4546 μὲν
1692 4476 1949 4545 γεγόνασι

378 4565 580 4621 τέκνων
599 4564 709 4620 τῶν
742 4566 881 4620 κατὰ
919 4567 1151 4638 μάθησιν
1181 4568 1444 4639 δηλονότι,
1483 4566 1624 4637 πλὴν
1655 4566 1735 4630 είς
1774 4568 1950 4633 κενὸν,

380 4658 473 4713 καὶ
501 4660 579 4722 εἰς
602 4657 864 4729 κατάραν·
902 4658 1048 4728 ἡμᾶς
1085 4660 1178 4712 καὶ
1205 4660 1361 4715 τοῦτο
1389 4661 1625 4727 ἐδίδαξεν
1666 4662 1694 4715 ὁ
1738 4658 1949 4730 Σωτὴρ,

378 4751 491 4813 τοῖς
540 4747 933 4820 Γραμματεῦσι
985 4749 1079 4803 καὶ
1127 4750 1440 4817 Φαρισαίοις
1493 4750 1759 4823 ἐπιτιμῶν
1807 4750 1950 4821 ’ἔφη

375 4839 503 4910 γὰρ,
551 4839 634 4893 ὅτι
672 4857 691 4892 ι
742 4840 882 4894 Οὐαὶ
920 4839 1069 4910 ὑμῖν,
1122 4838 1479 4910 Γραμματεῖς
1523 4841 1618 4895 καὶ
1672 4842 1954 4912 Φαρισαῖοι

376 4928 785 4999 ύποκριταὶ,ὃτι
815 4929 1104 4999 περιάγετε
1134 4930 1236 5002 τὴν
1271 4930 1546 4986 θάλασσαν
1606 4933 1701 4985 καὶ
1729 4932 1829 5006 τὴν
1856 4933 1955 5005 ξη-

380 5015 499 5086 ρὰν,
523 5019 746 5088 ποιῆσαι
763 5019 858 5074 ἕνα
882 5021 1239 5094 προσήλυτον·
1261 5024 1353 5076 καὶ
1374 5023 1469 5076 ἐὰν
1482 5021 1728 5093 γένηται,
1753 5027 1956 5078 ποιεῖτε

378 5105 538 5159 αὐτὸν
563 5108 676 5160 υἱδν
698 5109 920 5180 γεέννης
943 5111 1257 5184 διπλότερον
1289 5111 1463 5181 ὑμῶν.
1499 5132 1517 5164 ι
1569 5112 1777 5167 Οὐκοῦν
1802 5115 1945 5166 ἐκεῖ·

379 5210 457 5247 νοι
502 5194 602 5265 μὲν
642 5197 1060 5271 ὲτεκνοποίησαν
1109 5204 1190 5265 εἰς
1220 5203 1465 5275 κατάραν
1505 5204 1598 5256 καὶ
1633 5206 1715 5265 είς
1753 5204 1908 5256 κενόν
1930 5219 1943 5232 ·

378 5286 426 5337 οί
453 5283 510 5337 δὲ
539 5285 782 5340 ἐκλεκτοί
809 5305 932 5358 μου,
951 5291 1102 5361 φησὶ,
1127 5294 1424 5358 τουτέστιν,
1456 5296 1505 5346 oi
1533 5291 1808 5347 θεσπέσιοι
1841 5311 1947 5364 μα-

380 5375 561 5447 θηταὶ,
614 5376 783 5449 ἤγουν
831 5380 1084 5448 καθάπαξ
1124 5384 1176 5436 οι
1218 5384 1328 5437 τῶν
1364 5384 1515 5453 ἐμῶν
1563 5384 1948 5455 θεσπισμάτων

383 5466 674 5540 ιερουργοὶ,
727 5469 827 5523 ούκ
873 5473 950 5534 είς
1000 5472 1246 5543 κατάραν
1286 5476 1784 5544 τεκνοποιήσουσιν,
1826 5474 1949 5529 ούτε

2055 4497 2207 4540 mare
2233 4490 2287 4537 et
2329 4481 2557 4543 aridam,
2590 4488 2649 4533 ut
2685 4477 2898 4532 faciatis
2949 4491 3113 4530 unum
3160 4475 3529 4546 proselytum:
3570 4482 3625 4528 et

2056 4591 2177 4632 cum
2203 4573 2367 4629 fuerit
2418 4572 2611 4635 factus,
2669 4570 2846 4623 facitis
2890 4567 3038 4622 illum
3096 4567 3262 4621 filium
3325 4567 3623 4633 gehennae,

2057 4668 2217 4737 duplo
2245 4665 2415 4733 magis
2444 4677 2605 4733 quam
2632 4675 2728 4715 vos
2756 4659 2887 4715 estis
2908 4659 2975 4713 ".
3010 4677 3028 4711 ι
3061 4656 3249 4728 Itaque
3299 4657 3374 4712 illi
3427 4657 3625 4711 liberos

2049 4764 2349 4832 genuerunt
2383 4755 2437 4808 in
2474 4750 2905 4809 maledictionem
2948 4750 3082 4805 etin
3113 4764 3305 4804 vanum
3338 4768 3351 4803 :
3393 4749 3487 4804 sed
3522 4749 3625 4802 ele-

2049 4850 2144 4916 cti,
2174 4846 2372 4917 inquit,
2414 4844 2539 4908 mei,
2570 4843 2621 4897 id
2650 4851 2756 4908 est,
2785 4841 2952 4896 divini
3006 4840 3277 4909 discipuli,
3303 4838 3388 4893 vel
3446 4838 3622 4891 omni-

2050 4958 2122 4999 no
2184 4949 2429 4994 meorum
2486 4932 2829 4989 oraculorum
2871 4929 3194 4996 administri,
3250 4941 3355 4980 non
3408 4926 3626 4998 gignent

2051 5032 2252 5089 liberos
2315 5028 2369 5082 in
2440 5023 2868 5080 maledictionem
2899 5061 2914 5087 ,
2998 5033 3171 5089 neque
3230 5016 3432 5073 frustra
3496 5030 3625 5071 suos

2049 5132 2316 5195 posteros.
2374 5116 2570 5171 Semen
2629 5115 2772 5169 enim
2844 5112 3185 5167 benedictum
3247 5108 3372 5174 erit,
3438 5122 3625 5163 semen
3681 5133 3686 5137 -

2053 5230 2240 5269 eorum
2271 5219 2325 5266 et
2361 5208 2693 5266 benedictum
2722 5221 2749 5258 a
2776 5206 2902 5259 Deo.
2929 5201 3084 5270 Quod
3117 5209 3293 5256 autem
3316 5201 3421 5256 illis
3450 5203 3628 5257 adhm-

2055 5305 2216 5369 rebit,
2248 5303 2542 5357 clementer
2566 5307 2620 5354 et
2666 5298 2971 5351 humaniter
3021 5295 3125 5351 illis
3145 5293 3326 5351 omnia
3364 5292 3621 5365 largiens,

2055 5398 2109 5445 et
2140 5391 2390 5460 precibus
2435 5402 2618 5444 eorum
2662 5386 3058 5455 paratissimam
3115 5398 3298 5439 aurem
3345 5385 3619 5455 praebens.

2055 5480 2323 5544 ostendit,
2357 5495 2477 5534 cum
2519 5479 2653 5534 dicit
2679 5493 2694 5531 :
2731 5494 2749 5530 ι
2775 5476 3092 5547 Priusquam
3118 5474 3350 5534 clament
3400 5472 3499 5538 illi,
3526 5488 3624 5543 ego
3652 5484 3657 5489 ‘

447 5640 496 5677 ⁷⁷
522 5642 666 5700 Psal.
708 5658 910 5713 cunt,
937 5646 993 5706 2.
1068 5646 1113 5679 "
1147 5647 1286 5703 Psal.
1319 5663 1509 5713 cxvtn,
1549 5649 1668 5706 142.
1744 5652 1789 5685 τ’
1825 5650 2009 5707 Matth.
2048 5667 2206 5721 xxtu,
2239 5651 2320 5707 l5.
