4090 6216
456 240 596 293 “‘37

1451 242 1508 297 S.
1549 242 1827 299 CYRlLla
1869 240 2343 298 ALEXANDRINI
2385 240 2703 296 ARClllEP.

3599 244 3627 297 1
3642 241 3754 299 428

453 351 739 408 exauuliam
799 367 915 407 eos.
963 352 1151 407 Adhuc
1216 352 1562 424 loquentibus
1633 354 1759 420 illis,
1813 354 2027 409 dicam:

2140 354 2246 424 μὴν
2275 352 2358 415 είς
2385 350 2563 415 κενὸν,
2613 348 2735 402 κατ’
2778 347 3022 408 ἐκείνους
3044 364 3058 376 ο
3110 346 3335 419 σπέρμα
3364 348 3473 421 γὰρ
3506 351 3756 421 emam-

454 443 593 509 Quid
624 443 749 499 est?
778 462 796 496 ι

2144 441 2305 512 μένον
2336 440 2489 493 ἔσται
2523 439 2584 492 τὸ
2621 437 2841 508 σπέρμα
2886 435 3087 499 αὐτῶν,
3134 435 3500 509 εὐλογημένον
3542 439 3602 493 δὲ
3639 441 3756 493 ὑπὸ

452 533 612 588 Θεοῦ.
645 535 770 586 Ὀτι
832 532 889 585 δὲ
922 532 1308 604 προσκείσεται
1328 533 1446 588 λίαν
1486 535 1691 601 αὐτοῖς,
1758 536 1826 591 τὰ
1866 535 1944 601 EE,“
1984 532 2323 606 ἡμερότητος
2373 532 2468 585 καὶ
2513 527 2925 601 φιλανθρωπίας
2975 526 3334 598 δωρούμενος,
3395 530 3758 601 ὲτοιμότατόν

452 644 511 680 τε
553 627 612 680 τὸ
642 623 735 689 οὖς
776 625 991 695 ὑπέχων
1028 628 1149 683 ταῖς
1204 626 1338 697 παρ’
1374 626 1551 679 αὐτῶν
1592 627 1871 693 ἱκετείαις,
1927 624 2286 680 διαδείκνυσιν
2312 621 2503 687 είπὼν,
2541 622 2623 676 ὅτι
2654 641 2672 673 ι
2715 620 2850 691 Πρὶν
2887 619 3154 692 κεκράξαι
3220 620 3443 687 αὐτοὺς,
3470 622 3585 691 ἐγὼ
3628 625 3757 677 εἱσ-

453 717 756 787 ακούσομαι
799 715 998 770 αὐτῶν.
1050 718 1171 772 Ἔτι
1230 718 1535 773 λαλούντων
1584 720 1785 784 αὐτῶν,
1833 719 1964 792 ὲρῶ·
2017 716 2082 770 Ti
2120 718 2298 780 ὲστινς
2335 735 2356 768 s

533 808 696 865 Vens.
750 808 841 863 25.
887 810 1032 864 Tunc
1053 810 1164 880 lupi
1198 823 1246 866 et
1280 816 1402 883 agni
1423 825 1702 884 pascentur
1752 815 1933 879 simul,
1993 822 2041 867 el

451 901 532 953 leo
563 899 716 969 quasi
778 901 866 953 bos
918 905 1149 956 comedet
1202 904 1405 972 paleas,
1469 916 1519 959 et
1553 922 1761 972 serpens
1814 915 2033 970 terram,

449 991 603 1057 quasi
644 1005 852 1057 partem.
893 989 1016 1044 Non
1065 994 1341 1059 nocebunt,
1385 1011 1547 1063 neque
1586 1004 1925 1065 corrumpent
1979 996 2035 1049 in

450 1088 625 1132 monte
652 1093 828 1134 saneto
854 1098 985 1145 meo,
1021 1084 1148 1136 dicit
1184 1083 1458 1139 Dominus.

520 1170 688 1242 906
729 1172 982 1229 Bifariam
1026 1176 1141 1231 haec
1185 1178 1439 1245 accipies.
1480 1177 1578 1233 Vel
1615 1179 1757 1234 enim
1803 1181 2029 1234 duorum

455 1265 773 1332 populorum
817 1283 914 1335 per
958 1267 1114 1323 ﬁdem
1162 1270 1418 1324 unionem
1485 1272 1794 1342 signiﬁcare
1858 1282 2037 1344 potest

449 1354 717 1408 sententia
760 1356 1117 1426 prophetica;
1148 1360 1230 1413 vel
1274 1361 1362 1427 qui
1408 1366 1676 1433 quondam
1740 1368 2031 1435 agrestium

450 1444 690 1499 ferarum
734 1462 884 1501 more
930 1451 1134 1504 sanctis
1190 1451 1606 1521 insultaverunt,
1635 1463 1692 1510 et
1736 1455 2029 1512 Ecclesium

450 1535 705 1591 insectati
769 1548 915 1604 sunt,
960 1543 1304 1611 serpentibus
1365 1560 1470 1600 non
1529 1546 1819 1603 dissimiles
1850 1588 1866 1614 ,
1911 1564 2031 1603 cum

449 1627 558 1683 illis
620 1631 673 1684 in
737 1647 902 1685 unum
966 1632 1217 1689 allectum
1286 1637 1559 1708 animique
1621 1641 2032 1696 consensionem

450 1721 786 1788 coalescent,
815 1724 1032 1780 vinculo
1076 1727 1228 1796 pacis
1267 1732 1431 1783 etiam
1478 1730 1717 1802 colligati
1761 1748 1859 1802 per
1880 1732 2035 1787 Chri-

450 1823 618 1882 stum,
644 1816 739 1885 qui
777 1816 1047 1883 justiﬁeat
1087 1820 1309 1889 impium
1338 1824 1558 1893 etquod
1602 1824 1904 1894 dispersum
1951 1835 2035 1881 est

451 1905 674 1976 colligit,
718 1922 783 1963 ac
845 1907 965 1964 luce
1027 1910 1229 1979 divina,
1282 1914 1519 1970 tenebris
1581 1915 1877 1972 involutum
1922 1918 2035 1973 col-

452 1997 668 2066 lustral,
717 2001 1008 2071 omniaque
1048 2006 1316 2060 convertit
1358 2006 1411 2060 in
1437 2007 1647 2063 melius.
1698 2008 1853 2062 Facit
1888 2009 2032 2064 enim

449 2091 631 2145 omnia
659 2132 675 2157 ,
720 2102 775 2148 et
819 2094 1207 2163 transformat,
1248 2098 1323 2152 uti
1366 2098 1628 2169 scriptum
1669 2107 1752 2154 est
1787 2098 1856 2152 ⁸⁸.
1886 2099 2033 2156 llaedi

449 2193 580 2250 ergo
634 2190 689 2237 et
748 2184 874 2255 agni
939 2200 1007 2240 ex
1060 2185 1175 2257 lege
1235 2198 1391 2243 erant
1458 2196 1672 2243 sacrata
1728 2199 1783 2244 et
1835 2191 2032 2245 munda

451 2270 704 2326 animalia
731 2312 748 2339 ,
787 2274 923 2331 adeo
969 2286 1028 2331 ut
1065 2277 1131 2332 ad
1193 2278 1439 2333 divinum
1487 2280 1660 2335 altare
1703 2280 2035 2335 adduceren-

451 2374 562 2429 tur,
608 2375 665 2420 et
695 2367 750 2422 in
783 2369 1012 2426 odorem
1057 2373 1240 2429 suavis
1286 2374 1594 2445 fragrantia:
1624 2377 1733 2431 Deo
1779 2376 2038 2433 offerren-

450 2462 561 2509 tur.
595 2454 780 2527 Lupus
812 2471 991 2517 autem
1037 2471 1092 2517 et
1140 2462 1246 2531 leo,
1281 2465 1503 2535 profana
1548 2481 1613 2522 ac
1655 2467 1956 2535 immunda,
1981 2477 2036 2522 et

450 2543 540 2598 llis
594 2559 715 2615 qua:
763 2548 1171 2605 nominavimus
1200 2552 1418 2609 infesta.
1469 2553 1706 2624 Serpens
1748 2566 2033 2624 praeterea,

449 2635 653 2691 homini
724 2637 1156 2706 inimicissimus,
1191 2649 1246 2696 et
1292 2652 1499 2697 natura:
1557 2643 1765 2711 legibus
1818 2647 1885 2701 ad
1934 2647 2035 2700 hoc

454 2727 735 2784 incitatus.
789 2728 990 2786 Verum
1039 2746 1165 2787 cum
1212 2732 1299 2788 liis
1341 2735 1434 2803 qui
1474 2733 1526 2788 in
1568 2735 1788 2790 Christo
1838 2752 2034 2805 purga-

2220 812 2357 865 Τότε
2382 812 2559 866 λύκοι
2604 808 2705 865 καί
2730 808 2909 878 ἄρνες
2926 807 3433 876 βοσκηθήσονται
3462 808 3609 880 ἅμα.
3644 800 3757 865 καὶ

2141 901 2299 956 λέων
2337 903 2418 968 ὡς
2462 901 2619 968 βοῦς
2661 900 2910 972 φάγεται
2941 899 3159 969 ἄχυρα,
3216 899 3354 968 ὄφις
3397 900 3466 953 δὲ
3502 901 3627 972 γῆν
3666 903 3759 968 ὡς

2138 993 2340 1061 ἄρτον.
2370 997 2492 1047 Οὐκ
2526 992 2952 1059 ἀδικήσουσιν,
2988 991 3116 1046 οὐδ’
3147 993 3221 1045 οὐ
3260 991 3348 1062 μὴ
3398 993 3759 1061 λυμανοῦν-

2139 1099 2235 1135 ται
2265 1081 2362 1135 ἐπὶ
2388 1081 2467 1147 τῷ
2491 1082 2611 1150 ὄρει
2641 1081 2721 1148 τῷ
2741 1082 2890 1151 ἁγίῳ
2905 1098 3047 1150 μου,
3074 1080 3239 1145 λέγει
3260 1083 3498 1150 Κύριος.

2213 1172 2369 1226 Κατά
2400 1172 2493 1226 δύο
2522 1173 2757 1243 τρόπους
2786 1171 2999 1244 ἐκλήψῃ
3026 1170 3314 1226 καὶταῦτα
3336 1189 3351 1202 ·
3400 1171 3433 1242 ἦ
3480 1171 3590 1244 γὰρ
3631 1172 3754 1226 τῶν

2139 1262 2232 1317 δύο
2260 1264 2404 1317 λαῶν
2423 1264 2521 1335 τὴν
2541 1263 2630 1317 διὰ
2662 1263 2898 1326 πίστεως
2932 1263 3127 1316 ἕνωσιν
3181 1265 3626 1336 κατασημήνειεν
3680 1264 3751 1319 ἂν

2139 1354 2239 1424 τῆς
2270 1355 2603 1427 προφητείας
2633 1357 2666 1426 ἠ
2697 1354 2947 1425 δύναμις,
2979 1355 3146 1425 ἧγουν
3167 1353 3248 1407 ὅτι
3275 1356 3375 1412 καὶ,
3398 1356 3445 1408 οξ
3478 1356 3611 1409 ποτὲ
3651 1356 3753 1428 Θη-

2141 1448 2273 1518 ρίων
2322 1448 2529 1520 ἀγρίων
2570 1447 2725 1518 δίκην
2761 1448 2876 1510 τοῖς
2899 1446 3074 1515 ἁγίοις
3131 1448 3591 1518 ἐπιπηδήσαντες,
3641 1451 3744 1504 καὶ

2134 1539 2423 1605 διώξαντες
2440 1540 2538 1609 τὴν
2553 1539 2898 1610 Ἐκκλησίαν,
2912 1538 3088 1607 ὄφεών
3098 1555 3156 1591 τε
3179 1538 3542 1607 διενεγκόντες
3551 1541 3734 1606 οὐδὲν,

2137 1648 2201 1683 συ
2210 1631 2317 1701 μϐή
2326 1647 2504 1683 σονται
2526 1629 2661 1701 πρὸς
2680 1630 2898 1693 αὐτοὺς,
2916 1628 3058 1683 κατὰ
3070 1628 3309 1683 διάθεσιν
3320 1630 3414 1684 καὶ
3428 1630 3746 1703 όμοψυχίαν

2134 1721 2212 1791 τῷ
2239 1720 2518 1791 συνδέσμῳ
2545 1721 2644 1791 τῆς
2683 1721 2906 1792 εἰρήνης
2945 1721 3371 1792 κατεσφιγμένοι
3404 1722 3543 1793 πρὸς
3572 1723 3743 1779 τοῦτο

2133 1811 2223 1867 διὰ
2241 1812 2499 1885 Χριστοῦ.
2521 1812 2615 1866 τοῦ
2635 1813 2971 1878 δικαιοῦντος
2989 1815 3080 1869 τὸν
3101 1815 3296 1886 ἀσεϐῆ,
3323 1817 3418 1871 καὶ
3443 1817 3739 1888 συλλέγον-

2135 1920 2228 1967 τος
2275 1903 2337 1956 τὸ
2374 1903 2829 1975 ἐσκορπισμένον,
2866 1904 2959 1958 καὶ
2986 1906 3126 1974 φωτὶ
3165 1906 3245 1977 τῷ
3293 1907 3425 1981 θείῳ
3463 1927 3730 1980 καταφαι-

2135 1995 2424 2066 δρύνοντος
2463 1995 2524 2049 τὸ
2554 1996 2962 2067 ὲσκοτισμένον,
2995 1998 3094 2051 καὶ
3116 1997 3185 2052 τὰ
3225 2000 3406 2055 πάντα
3435 2002 3742 2073 μεθιστῶν-,

2134 2105 2225 2151 τος
2251 2088 2343 2141 ἐπὶ
2367 2087 2427 2141 τὸ
2455 2087 2699 2159 ἄμεινον.
2727 2090 2880 2143 Ποιεῖ
2907 2090 3014 2160 γὰρ
3039 2089 3217 2143 πάντα
3256 2092 3351 2145 καὶ
3392 2093 3730 2162 μετασκευά-

2136 2177 2239 2243 ζει,
2264 2178 2405 2232 κατά
2428 2180 2487 2233 τὸ
2510 2180 2918 2251 γεγραμμένον.
2955 2181 3283 2252 Ἔριφοιμὲν
3304 2178 3398 2237 οὖν
3424 2186 3519 2238 καὶ
3539 2187 3724 2257 ἄρνες,

2137 2271 2257 2341 ἱερά
2295 2269 2354 2323 τέ
2388 2272 2504 2324 ἐστι
2557 2272 2651 2324 καὶ
2679 2270 2898 2342 καθαρά
2930 2269 3047 2336 ζῶα
3074 2271 3216 2326 κατά
3246 2273 3339 2327 τὸν
3366 2275 3553 2346 νόμον,
3587 2274 3728 2330 ὥστε

2136 2362 2232 2415 καὶ
2247 2362 2325 2434 τῷ
2345 2361 2473 2436 θείῳ
2494 2362 2905 2434 προσφέρεσθαι
2934 2363 3326 2436 θυσιαστηρίῳ,
3348 2366 3444 2421 καὶ
3460 2369 3541 2431 είς
3552 2368 3729 2440 ὀσμὴν

2135 2453 2363 2516 εὐωδίας
2406 2452 2772 2525 ἀναφέρεσθαι
2813 2453 2893 2524 τῷ
2937 2453 3092 2525 Θεῷο
3137 2454 3297 2519 λύκος
3322 2457 3379 2510 δὲ
3412 2459 3504 2512 καὶ
3560 2460 3717 2527 λέων,

2136 2544 2349 2615 ἀνίερα.
2368 2545 2463 2597 καὶ
2489 2544 2796 2616 ἀκάθαρτα,
2826 2544 2922 2598 καὶ
2943 2544 3114 2617 ἐχθρά
3142 2550 3251 2608 τοῖς
3272 2547 3682 2619 ὠνομασμένοις
3699 2565 3714 2579 ⁸

2135 2635 2257 2703 ὄφις
2304 2636 2359 2688 δὲ
2398 2636 2536 2708 πρὸς
2576 2636 2790 2700 τούτοις
2837 2636 3106 2710 ἀνθρώπῳ
3157 2638 3585 2709 πολεμιώτατος,
3621 2642 3727 2698 καὶ

2135 2729 2248 2790 τοῖς
2291 2728 2391 2795 τῆς
2427 2728 2644 2797 φύσεως
2673 2728 2864 2796 νόμοις
2900 2731 2977 2793 είς
3004 2729 3156 2783 τοῦτο
3183 2732 3549 2802 ήκονημένος,
3586 2732 3731 2788 ἀλλὰ

456 2825 496 2880 ti
542 2836 693 2891 sunt,
727 2835 781 2882 et
824 2835 1075 2884 sanctam
1130 2839 1187 2885 et
1237 2830 1493 2885 eximiam
1575 2831 1742 2884 vitam
1795 2831 2034 2887 institue-

2141 2820 2253 2882 τοῖς
2279 2820 2336 2871 ὲν
2364 2817 2584 2890 Χριστῷ
2629 2820 3087 2892 κεκαθαρμένοις,
3128 2822 3276 2895 ἱεράν
3296 2840 3358 2876 τε
3403 2825 3500 2878 καὶ
3525 2825 3731 2896 ἐξηρη-

452 2926 604 2979 runt,
631 2930 726 2988 per
764 2918 1133 2988 evangelicam
1170 2921 1617 2991 praedicationem
1640 2920 1709 2976 in-
1739 2937 1900 2975 unam
1925 2923 2040 2976 ani-

452 3018 668 3064 morum
718 3012 1156 3077 consensionem,
1213 3027 1335 3083 quae
1403 3022 1490 3069 est
1558 3013 1610 3068 in
1676 3013 1802 3080 ﬁde,
1861 3014 2038 3070 coale-

453 3102 631 3167 scent,
665 3103 829 3159 etiam
855 3103 910 3159 hi
949 3105 1255 3162 detestandi
1283 3106 1557 3174 quondam
1611 3116 1667 3161 et
1725 3107 1984 3162 immundi
2018 3147 2036 3172 ,

457 3198 516 3246 et
556 3191 797 3248 bellnina
849 3193 1176 3249 crudelitate
1207 3204 1397 3263 pectus
1433 3193 1693 3249 refertum
1733 3196 2035 3250 habentes:

458 3298 479 3333 ι
511 3279 577 3337 Hi
619 3282 757 3337 nihil
795 3285 1065 3337 nocebunt
1092 3325 1111 3349 ,
1131 3301 1150 3334 ι
1178 3284 1373 3353 inquit,
1396 3299 1570 3353 neque
1597 3285 1821 3352 perdent
1847 3301 2039 3355 quem-

453 3388 619 3441 quam
688 3374 743 3428 in
815 3381 999 3428 monte
1057 3383 1248 3431 sancto
1297 3389 1454 3440 meo,
1497 3375 1549 3432 id
1596 3385 1719 3445 est,
1768 3377 2035 3435 Ecclesia.

452 3463 751 3520 Comedent
800 3464 945 3519 enim
999 3479 1122 3520 cum
1173 3467 1472 3522 mansuetis
1525 3466 1772 3525 eﬂ‘erata.
1825 3470 2040 3528 Deliciae

451 3572 586 3615 vero
610 3557 719 3614 illis
767 3556 1018 3615 Christus
1067 3556 1244 3632 (panis
1298 3560 1490 3625 vivus,
1516 3562 1584 3618 de
1619 3561 1760 3618 cmlo
1817 3563 2041 3635 descen-

454 3649 658 3721 dens),
715 3658 772 3705 et
839 3648 1007 3706 vitam
1066 3651 1203 3707 dans
1278 3652 1478 3708 mundo
1508 3652 1578 3710 ⁸¹.
1619 3652 1799 3710 Nutrit
1859 3667 2038 3712 autem

453 3750 569 3799 tum
614 3742 1058 3812 carnepropria,
1110 3742 1181 3797 ad
1251 3742 1712 3800 immortalitatem
1771 3762 1835 3801 ae
1872 3748 2039 3801 vitam

452 3848 556 3889 nos
593 3833 881 3905 reﬁngens,
911 3845 1021 3890 tum
1043 3834 1158 3891 suis
1185 3835 1673 3906 prazdicationibns,
1701 3838 1752 3894 id
1771 3848 1855 3895 est
1882 3856 2045 3896 cvan-

452 3924 662 3994 gelicis.
711 3943 730 3977 s
765 3922 880 3982 Non
923 3925 1068 3981 enim
1117 3926 1171 3980 in
1225 3926 1344 3981 solo
1404 3940 1543 3996 pane
1598 3928 1779 3995 vivet,
1833 3930 2038 4001 inquit,

453 4016 640 4081 homo,
688 4015 782 4070 sed
849 4016 903 4070 in
946 4017 1093 4073 omni
1167 4020 1334 4074 verbo
1383 4020 1524 4089 quod
1601 4022 1779 4090 prodit
1822 4037 1890 4077 ex
1948 4036 2044 4078 ore

2143 2910 2311 2981 μένην
2346 2910 2604 2981 ἐσχηκόσι
2638 2910 2803 2982 ζωὴν,
2827 2911 2917 2966 διά
2961 2913 3071 2966 τῶν
3105 2914 3476 2984 εὐαγγελικῶν
3516 2934 3729 2991 κηρυγ-

2143 3001 2328 3073 μάτων
2414 3002 2806 3075 συμϐήσονται,
2868 3005 3006 3077 πρὸς
3104 3006 3413 3078 όμοψυχίαν
3481 3008 3580 3082 τὴν
3641 3009 3732 3064 διὰ

2139 3091 2392 3157 πίστεως,
2428 3095 2477 3147 οἱ
2519 3093 2764 3169 βδελυροί
2798 3113 2928 3149 ποτε
2993 3096 3089 3151 καὶ
3119 3097 3454 3170 ἀκάθαρτοι,
3470 3103 3557 3158 καὶ
3589 3098 3726 3170 ὠμόσ

2136 3199 2298 3252 τητος
2332 3183 2737 3255 θηριοπρεποῦς
2786 3187 2988 3260 μεστὴν
3048 3187 3267 3260 ἔχοντες
3312 3189 3411 3261 τήν
3473 3190 3716 3261 καρδίαν.

2145 3292 2165 3326 ‹
2199 3266 2379 3339 Οὗτοι,
2444 3276 2628 3348 φησὶν,
2684 3277 2835 3332 οὐδὲν
2881 3279 3258 3351 ἀδικήσουσιν,
3295 3279 3417 3334 οὔτε
3462 3279 3567 3351 μὴν
3603 3281 3722 3335 δια-

2138 3364 2502 3444 λυμανοῦνταί
2545 3385 2658 3423 τισι
2698 3370 2808 3423 τῶν
2854 3371 2913 3424 ὲν
2961 3371 3040 3441 τῷ
3085 3371 3204 3444 ϐρει
3249 3371 3326 3443 τῷ
3357 3371 3493 3444 ἁγίῳ
3521 3389 3643 3442 μου,
3691 3389 3717 3423 ι

2138 3458 2407 3523 τουτέστι,
2472 3438 2538 3532 ’ἶῇ
2596 3461 2909 3534 Ἐκκλησίᾳ.
2960 3438 3228 3531 «param:
3286 3438 3416 3535 γὰρ*
3453 3438 3548 3517 σὺν
3607 3463 3721 3526 τοῖς

2142 3551 2369 3623 ἡμέροις
2397 3553 2465 3607 τὰ
2497 3552 2686 3626 ἀγριω
2722 3553 2898 3626 τροφὴ
2925 3555 2982 3608 δὲ
3012 3556 3195 3620 αὐτοῖς
3224 3558 3253 3610 ό
3291 3555 3529 3628 Χριστὸς
3569 3557 3598 3609 ό
3623 3554 3724 3626 ἀρ-

2140 3662 2233 3709 τος
2260 3647 2288 3698 ὁ
2318 3644 2426 3709 ζῶν
2457 3647 2485 3699 ὀ
2514 3645 2579 3697 ὲκ
2619 3644 2716 3700 τοῦ
2767 3645 2996 3718 ούρανοῦ
3041 3646 3307 3711 καταϐὰς,
3344 3647 3439 3700 καὶ
3468 3646 3615 3718 ζωήν
3647 3645 3724 3698 δι-

2140 3737 2264 3800 δοὺς
2290 3735 2366 3807 τῷ
2407 3738 2630 3807 κόσμῳ·
2670 3738 2856 3808 τρέφει
2901 3739 2958 3793 δὲ
2997 3739 3093 3792 καὶ
3120 3739 3286 3811 σαρκὶ
3327 3742 3393 3810 τῇ
3422 3738 3555 3809 ίδίᾳ,
3587 3737 3725 3810 πρὸς

2098 3826 2449 3901 ’ἀφθαρσίαν
2501 3831 2650 3902 ἡμᾶς
2698 3829 3032 3900 ἀναμοριρῶν
3094 3832 3189 3885 καὶ
3235 3830 3400 3902 ζωὴν,
3468 3831 3565 3883 καὶ
3611 3831 3726 3892 τοῖς

2141 3919 2336 3972 ἑαυτοῦ
2379 3920 2720 3990 κηρύγμασι,
2768 3922 3038 3984 τουτέστι,
3071 3924 3183 3984 τοῖς
3221 3921 3629 3990 εύαγγελικοῖς·
3656 3918 3719 3971 ού

2140 4011 2248 4083 γὰρ
2288 4014 2373 4065 ἐπ’
2415 4012 2563 4083 ἄρτῳ
2609 4012 2754 4084 μόνῳ
2810 4011 3054 4083 ζήσεται,
3105 4011 3290 4081 φησὶν,
3338 4014 3367 4065 ὁ
3413 4011 3715 4081 ἄνθρωπος,

454 4110 551 4166 Dei
577 4111 646 4168 ⁸¹.
679 4129 700 4164 ι
735 4109 975 4168 Observa
1007 4120 1186 4168 autem
1221 4127 1389 4183 agnos
1416 4121 1475 4167 et
1515 4111 1696 4167 haedos
1742 4111 1952 4167 leonum
1983 4122 2034 4167 et

2145 4103 2260 4157 ἀλλ’
2293 4104 2386 4155 ἐπὶ
2416 4104 2579 4158 ἰταντ)⁹
2623 4105 2828 4174 ῥήματι
2864 4103 3286 4176 ἐκπορευομένῳ
3332 4102 3421 4154 διὰ
3452 4101 3712 4171 στόματος

452 4201 703 4271 luporum
751 4203 903 4258 cibos
928 4218 1035 4259 non
1071 4176 1474 4274 ederefNeque
1513 4204 1659 4259 enim
1704 4204 1873 4258 dixit:
1924 4202 2033 4261 Co-

2140 4194 2297 4248 Θεοῦ.
2341 4195 2699 4266 Ἐπιτήρησον
2731 4194 2787 4247 δὲ
2823 4194 3025 4248 ὅτιούκ
3063 4194 3227 4266 ἄρνες
3255 4194 3349 4246 καὶ
3378 4191 3572 4264 ἔριφοι,
3610 4188 3708 4253 τὰς

453 4295 670 4347 medent
703 4308 919 4360 carnes,
960 4295 1055 4350 sed
1084 4295 1194 4365 lupi
1245 4305 1302 4351 et
1349 4295 1530 4350 leones
1556 4296 1851 4351 mansuetis
1878 4305 2034 4350 uten-

457 4394 544 4438 tur
574 4386 708 4441 cibis
729 4387 974 4441 cicurum
1016 4386 1353 4453 animalium,
1383 4402 1502 4456 quze
1531 4386 1808 4455 palearum
1856 4387 2031 4441 nomi-

455 4491 524 4530 ne
552 4476 949 4546 signiﬁcantur.
997 4478 1111 4534 Non
1142 4488 1443 4547 sequentur
1491 4488 1671 4533 autem
1719 4479 2025 4534 immundos

454 4569 640 4622 mundi
671 4583 884 4638 :neque
933 4568 1145 4625 illorum
1205 4570 1509 4624 institutum
1555 4583 1618 4624 ac
1657 4568 1820 4623 vitam
1864 4583 2026 4623 senm-

453 4657 844 4722 labuntur,'sed
868 4658 1079 4728 profani
1103 4661 1281 4731 potius
1305 4661 1516 4717 mitium
1543 4669 1598 4715 et
1624 4675 1881 4731 purorum
1906 4676 2032 4731 pro-

451 4750 681 4809 bitatem
730 4751 1105 4808 imitabantur.

521 4922 647 4978 Car.
688 4920 872 4978 LXVI.
908 4921 1071 4978 Vens.
1110 4921 1178 4976 l-
1202 4921 1256 4976 5.
1290 4921 1385 4977 Sic
1409 4923 1539 4976 dicit
1574 4923 1831 4979 Dominus
1854 4940 1874 4979 :
1915 4924 2031 4980 Cm-

453 5011 564 5066 lum
609 5012 737 5067 mihi
789 5012 1002 5076 solium,
1039 5030 1102 5066 uc
1125 5022 1265 5066 terra
1322 5012 1604 5067 srabellum
1650 5015 1839 5081 pedum
1888 5031 2030 5068 meo-

453 5118 592 5157 rum.
643 5102 865 5168 Qualem
908 5104 1120 5157 domum
1162 5103 1492 5172 wdiﬁcabitis
1546 5104 1716 5159 mihi?
1769 5114 1859 5157 aut
1910 5106 2027 5175 quis

382 5259 389 5266 '
453 5192 596 5248 locus
646 5194 885 5265 requietis
934 5210 1062 5249 mea:
1090 5195 1117 5249 1’
1188 5193 1379 5248 Omnia
1416 5197 1552 5248 enim
1599 5195 1711 5248 lucc
1761 5195 1881 5264 fecit
1921 5213 2037 5250 ma-

394 5278 404 5287 ’
452 5299 551 5337 nus
609 5301 745 5351 mea,
804 5295 926 5340 sunt
983 5301 1099 5341 mea
1162 5286 1272 5340 hau:
1335 5287 1531 5350 omnia,
1566 5287 1690 5339 dicit
1757 5286 2028 5343 Dominus.

449 5373 782 5445 907Quem
806 5376 1229 5444 respiciamrnisi
1259 5376 1327 5428 ad
1347 5376 1592 5429 humilem
1616 5386 1662 5429 et
1688 5377 1942 5445 quietum,
1969 5394 2032 5430 ac

452 5468 757 5514 trementem
816 5478 1077 5518 sermones
1135 5463 1410 5518 meos?At
1459 5464 1671 5534 iniquus
1714 5465 1804 5534 qui
1864 5467 2031 5520 sacri-

523 5635 567 5670 "
596 5639 764 5704 Apoc.
792 5651 907 5703 ιιι,
934 5637 988 5692 5.
1062 5638 1105 5672 ⁸³
1129 5635 1283 5693 Joan.
1316 5654 1390 5703 vr,
1421 5638 1509 5694 '53.
1599 5639 1643 5672 ⁸³
1667 5638 1796 5696 Luc.
1828 5655 1900 5707 tv,
1929 5641 1984 5696 4.

2130 4286 2240 4338 τῶν
2262 4287 2490 4340 λεόντων
2539 4287 2635 4339 καὶ
2658 4285 2836 4339 λύκων
2861 4287 3069 4341 ἔδονται
3098 4285 3306 4356 τροφὰς
3335 4284 3437 4356 οὐ
3461 4284 3564 4355 γὰρ
3586 4282 3708 4354 ἔφη·

2135 4376 2405 4445 Φάγονται
2438 4376 2617 4448 κρέα),
2654 4377 2768 4431 ἀλλ’
2797 4379 2846 4430 οἱ
2883 4377 3036 4430 λύκοι
3076 4377 3170 4429 καὶ⁵
3200 4376 3412 4439 λέοντες
3451 4375 3569 4437 ταῖς
3607 4371 3715 4426 τῶν

2135 4468 2358 4538 ἡμέρων
2382 4466 2761 4537 κεχρήσονται,
2794 4466 2851 4519 αἳ
2881 4464 2968 4518 διὰ
3011 4465 3120 4517 τῶν
3166 4463 3385 4536 ἀχύρων
3428 4462 3715 4534 σημαίνον⁹

2139 4574 2267 4611 ται·
2311 4557 2409 4627 οὐχ
2459 4556 2680 4626 ἕψονται
2723 4556 2780 4608 δὲ
2832 4555 3164 4627 ἀκαθάρτοις
3193 4556 3378 4618 αὐτοῖς
3412 4554 3615 4625 μᾶλλον
3665 4553 3714 4605 oi

2139 4650 2392 4721 καθαροὶ,
2427 4638 2546 4703 οὐδὲ
2576 4650 2675 4720 τὴν
2706 4649 2930 4704 ἐκείνων
2963 4649 3264 4721 ζηλώσουσι
3294 4648 3573 4703 πολιτείαν
3623 4646 3714 4700 καὶ

2139 4738 2318 4809 ζωήν·
2358 4738 2470 4791 ἀλλ’
2508 4740 2555 4790 oi
2580 4737 2796 4807 βέϐηλοι
2828 4740 3048 4811 μᾶλλον,
3084 4742 3206 4804 ταῖς
3246 4739 3354 4792 τῶν
3390 4739 3583 4810 πράων
3625 4737 3714 4791 καὶ

2140 4828 2565 4898 κεκαθαρμὲνων
2594 4830 2920 4894 ὲπιεικείαις
2962 4829 3440 4902 ἀκολουθήσουσιν.

2201 4919 2365 4973 οὕτω
2380 4919 2540 4990 λέγει
2562 4922 2776 4990 Κύριος
2794 4938 2807 4953 ⁸
2849 4921 2910 4975 '0
2932 4922 3189 4989 οὐρανός
3198 4939 3300 4991 μοι
3322 4922 3554 4990 θρόνος,
3583 4921 3622 4989 ἡ
3649 4919 3715 4973 δὲ

2139 5010 2214 5080 τῆ
2249 5011 2583 5065 ὑποπόδιον
2610 5013 2731 5066 τῶν
2760 5010 2962 5066 ποδῶν
2987 5030 3128 5081 μου.
3156 5011 3339 5067 Ποῖον
3369 5008 3541 5066 οἵκον
3562 5013 3714 5064 οἱκο-

2134 5101 2431 5170 δομήσετέ
2453 5120 2591 5173 μοι;
2622 5104 2660 5172 ἢ
2691 5104 2860 5171 ποῖος
2903 5105 3086 5172 τόπος
3140 5103 3248 5172 τῆς
3286 5100 3715 5168 καταπαύσεώς

2135 5210 2295 5265 μου;
2350 5195 2551 5249 Πάντα
2595 5195 2703 5265 γὰρ
2755 5196 2941 5249 ταῦτα
2986 5196 3279 5263 ἐποίησεν
3329 5196 3368 5263 ἡ
3413 5196 3544 5264 χείρ
3572 5210 3711 5263 μου,

2140 5285 2238 5339 καὶ
2275 5288 2447 5341 ἔστιν
2474 5287 2583 5356 ἐμὰ
2612 5287 2808 5341 πάντα
2861 5288 3067 5351 ταῦτα,
3112 5287 3277 5357 λέγει
3322 5288 3558 5355 Κύριος.
3602 5285 3710 5339 Kal

2137 5375 2238 5429 ἐπὶ
2272 5378 2405 5431 τίνα
2427 5378 2747 5447 ἐπιϐλέψει),
2782 5380 2920 5433 ἀλλ’
2949 5378 2986 5445 ἢ
3018 5379 3118 5433 ἐπὶ
3140 5379 3249 5433 τὸν
3277 5377 3584 5441 ταπεινὸν,
3614 5376 3712 5429 καὶ

2137 5469 2420 5542 ⁴ἡσύχιον,
2464 5470 2564 5525 καί
2593 5469 2880 5541 τρέμοντα
2902 5470 3043 5538 τοὺς
3075 5471 3300 5538 λόγους
3338 5485 3497 5541 μους
3538 5468 3600 5522 '0
3643 5465 3714 5520 es
