4090 6216
386 238 529 299 Ιιῖθ

1522 235 1591 291 IN
1624 234 1859 291 ISAIAM
1903 236 2033 293 LIB.
2076 237 2141 296 V.
2179 236 2417 293 TOMUS
2451 234 2538 295 Vl.

380 351 604 424 ἄνομος
658 352 692 406 ό
735 349 894 406 θύων
941 366 1044 419 μοι
1095 348 1357 418 μόσχον,
1394 348 1475 415 ὡς
1518 351 1554 403 ὁ
1590 348 1963 403 ἀποκτείνων

2067 348 2192 418 fleat
2265 349 2396 404 mihi
2484 348 2726 415 vitulum,
2773 351 2927 419 quasi
2990 351 3083 418 qui
3159 349 3362 407 occidat
3428 369 3652 421 canem,-

380 444 554 498 κύναο
591 444 625 497 ό
655 437 725 493 δὲ
752 439 1068 507 ἀναφέρων
1118 437 1460 507 σεμίδαλιν,
1485 438 1566 504 ὡς
1603 433 1747 508 αἷμα
1783 438 1969 491 ὕειον-θ

379 538 415 591 ὀ
436 534 505 588 δὲ
549 532 756 598 διδοὺς
796 531 1050 586 λίϐανον
1082 533 1171 596 είς
1195 532 1628 603 μνημόσυνον,
1668 530 1750 596 ὡς
1777 529 1980 595 ,βλάσ-

378 640 596 694 Woc-

465 715 768 784 Ἐξυφήνας
803 710 1173 783 ἀποχρώντως
1213 711 1305 764 τὸν
1334 710 1471 782 πρός
1512 710 1690 780 de
1722 709 1849 779 ἔθνη
1880 709 1970 764 λό-

381 823 495 877 γον,
526 805 817 877 μεθίστησι
832 802 931 875 τὴν
984 802 1374 874 μυσταγωγίαν
1405 802 1543 874 πρὸς
1562 801 1724 856 αὐτὸν
1751 802 1853 872 ἤδη
1880 802 1971 856 τὸν

394 896 638 970 Ἰσραήλ.
673 896 933 949 Βούλεται
965 893 1076 966 γὰρ
1127 894 1221 948 καὶ
1252 894 1453 956 αὐτοὺς
1483 893 1582 963 τῆς
1626 892 1770 947 κατά
1803 893 1969 964 νόμον

380 991 688 1060 ἀποστῆσαι
734 987 933 1052 κακίας
976 986 1076 1058 (1),
1125 984 1379 1046 καθάπερ
1431 984 1624 1054 ἀμέλει
1677 984 1968 1049 κάκείνους

379 1081 682 1151 ἀποφοιτᾷν
716 1079 936 1132 ἐκέλευε
978 1078 1078 1149 τῆς
1106 1077 1341 1148 ἀρχαίας
1372 1077 1611 1147 ἀπάτης,
1647 1077 1742 1130 καὶ
1773 1076 1874 1147 τῆς
1904 1078 1962 1130 ὲν

379 1171 460 1241 τῷ
515 1170 822 1225 πλανᾶσθαι
873 1169 1102 1240 βεϐήλου
1150 1168 1332 1239 ζωῆς’
1392 1168 1474 1222 ὅτι
1527 1168 1706 1222 τοίνυν
1752 1169 1853 1238 τῆς
1905 1169 1965 1223 ὲν

382 1261 654 1332 πνεύματι
700 1260 956 1333 λατρείας
1006 1262 1386 1330 μεταποιεῖται
1435 1259 1661 1330 μᾶλλον,
1709 1259 1868 1328 λόγου
1906 1260 1963 1314 δὲ

381 1352 527 1419 ἀξιοῖ
553 1350 834 1415 παντελῶς
867 1351 1101 1416 οὐδενὸς,
1126 1350 1224 1423 τὴν
1256 1350 1333 1415 ὡς
1357 1351 1418 1405 ὲν
1448 1353 1630 1415 σκιαῖς
1652 1352 1747 1405 καὶ
1765 1351 1961 1417 τύποις

380 1444 621 1498 διδάσκει
671 1443 858 1513 σαφῶς
885 1460 901 1475 ·
948 1442 1196 1514 βούλεται
1251 1443 1308 1497 δέ
1348 1461 1404 1496 τι
1456 1443 1593 1516 πρὸς
1637 1443 1811 1516 τούτῳ
1867 1445 1963 1499 καὶ

381 1537 565 1606 ἕτερον
619 1536 819 1599 αὐτοὺς
872 1535 1093 1601 εἰδέναι,
1143 1536 1221 1599 ὡς
1268 1535 1364 1590 καὶ
1424 1534 1538 1589 ἀνω
1585 1534 1803 1605 αἴρουσι
1857 1538 1960 1609 τὴν

379 1628 572 1698 ὀφρὺν,
605 1626 699 1680 καὶ
729 1627 815 1679 ἐπ’
847 1625 1022 1679 οὐδενὶ
1062 1625 1173 1678 τῶν
1210 1626 1524 1695 ἀναγκαίων
1578 1628 1955 1698 πεφρονήκασι

2085 442 2175 511 qui
2233 451 2404 496 autem
2446 442 2601 511 oﬁ'crt
2652 443 2900 507 similam,
2946 445 3097 514 quasi
3149 448 3455 513 sanguinem
3516 451 3652 503 suil-

2081 531 2227 598 lum;
2281 534 2373 603 qui
2411 533 2502 587 dat
2562 533 2680 589 ιΙινε
2732 533 2788 588 in
2838 533 3143 589 immoriale
3215 538 3368 605 quasi
3416 537 3653 607 blasphe-

2068 637 2216 679 "3118.

2145 717 2279 772 Cum
2303 718 2515 773 abunde
2546 733 2849 774 sermonem
2894 734 3047 775 suum
3071 720 3135 773 ad
3162 728 3348 790 gentes
3372 729 3658 790 pcrtexue—

2073 809 2166 875 rit,
2196 812 2585 881 mystagogiam
2609 812 2674 865 ad
2704 813 2878 883 ipsum
2914 813 3027 883 jam
3079 813 3334 868 lsraelem
3364 817 3652 871 convertit.

2074 900 2197 956 Vult
2221 902 2367 955 enim
2395 917 2489 958 eos
2521 918 2552 957 a
2570 903 2727 973 legali
2750 904 2913 959 etiam
2940 905 3128 959 umbra
3151 905 3475 973 desciscere,
3496 906 3653 961 sicuti

2068 991 2320 1046 videlicet
2348 992 2466 1048 illos
2486 1008 2697 1063 quoque
2720 994 2908 1064 jussit,
2940 1008 2971 1048 a
3000 995 3231 1064 pristino
3263 1008 3469 1063 errore,
3494 997 3657 1051 sedu-

2067 1083 2246 1139 ctione
2266 1094 2320 1139 et
2340 1082 2564 1152 profana
2593 1085 2704 1139 vita
2732 1084 3007 1141 recedere.
3029 1085 3230 1154 Aperte
3265 1088 3448 1156 itaque
3475 1086 3653 1151 docet,

2067 1187 2128 1228 se
2160 1173 2497 1242 spiritualem
2521 1176 2701 1243 potius
2753 1175 2957 1230 cultum
2993 1175 3264 1230 mstimare
3317 1184 3372 1231 et
3430 1190 3654 1244 curare;

2065 1265 2409 1319 umbratilem
2436 1276 2491 1321 et
2515 1267 2753 1337 typicum
2782 1266 2935 1321 nihili
2965 1266 3162 1322 facere.
3190 1266 3316 1321 Vult
3351 1282 3513 1338 porro
3537 1267 3658 1322 illos

2063 1364 2119 1412 et
2159 1357 2305 1412 aliud
2364 1359 2527 1427 scire,
2574 1359 2717 1428 quod
2760 1359 3107 1428 supercilium
3160 1341 3370 1428 erigant
3412 1368 3466 1414 et
3508 1359 3576 1414 de
3598 1374 3657 1413 re

2062 1448 2219 1503 nihili
2247 1450 2412 1504 altum
2430 1450 2664 1518 sapiant,
2689 1451 2779 1520 qui
2806 1450 3363 1523 Hierosolymitanum
3397 1449 3655 1519 templum

2062 1541 2389 1598 excitarunt.
2411 1542 2964 1598 Existimaruntenim
2998 1543 3115 1597 loco
3145 1542 3409 1597 contineri
3453 1541 3653 1595 divini-

2064 1642 2252 1699 tatem,
2285 1642 2339 1688 et
2386 1633 2442 1688 in
2489 1633 2817 1688 manulactis
2871 1632 3084 1701 templis
3148 1632 3555 1700 circumscripte
3606 1638 3659 1683 et

384 1697 551 1786 μέγα,
584 1715 678 1770 τὸν
714 1718 772 1769 έν
797 1718 913 1779 τοῖς
942 1715 1338 1787 Ἱεροσολύμοις
1369 1697 1779 1786 ἀναστήσαντες
1806 1717 1952 1770 ναόν·

2067 1697 2284 1782 deﬁnite
2306 1724 2552 1780 habitare
2583 1740 2598 1778 :
2627 1724 2770 1781 sicut
2796 1723 2873 1780 illi
2930 1697 3068 1779 falso
3096 1722 3392 1791 nuncnpati
3435 1697 3537 1787 dii,
3564 1720 3655 1790 qui

379 1805 548 1877 ᾤοντο
585 1807 716 1878 γὰρ,
755 1807 836 1861 ὅτι
858 1796 958 1861 καὶ
990 1807 1142 1878 τόπῳ
1172 1806 1507 1878 περιληπτὸν
1544 1806 1605 1860 τὸ
1637 1807 1790 1860 Θεῖόν
1819 1808 1956 1871 ἐστι,

382 1899 476 1951 καὶ
524 1899 583 1953 έν
625 1899 1023 1971 χειροποιήτοις
1067 1901 1218 1962 ναοῖς
1279 1900 1525 1952 κατοικεῖ
1573 1899 1958 1969 περιεκτικῶς,

380 1986 528 2043 καθά
553 1987 650 2042 καὶ
680 1990 732 2041 oi
755 1988 863 2041 τῶν
891 1987 1061 2043 ὲθνῶν
1089 1987 1453 2059 ψευδώνυμοι,
1486 1988 1583 2043 καὶ
1621 1988 1776 2042 οὐδὲν
1804 1988 1960 2054 ὄντες

381 2078 680 2143 παντελῶς,
703 2078 843 2150 πλὴν
869 2080 951 2133 ὅτι
977 2079 1112 2145 ξύλα
1144 2097 1203 2133 τε
1238 2082 1331 2134 καὶ
1358 2080 1529 2134 λίθοι⁸
1563 2080 1658 2134 καὶ
1683 2080 1772 2135 διὰ
1800 2079 1961 2134 τοῦτό

381 2183 579 2238 φησιν’
607 2169 672 2221 Ὢ
705 2171 805 2241 τῆς
847 2167 996 2234 θείας
1044 2169 1203 2241 δόξης
1249 2171 1349 2226 οὐκ
1399 2171 1601 2235 εἰδότες
1645 2170 1746 2242 τὴν
1791 2171 1960 2242 ὑπερ⁴

379 2259 549 2333 οχήνι
592 2257 638 2312 ὼ
671 2258 782 2313 τῶν
829 2260 955 2331 ἐμοὶ
999 2261 1312 2331 προσόντων
1357 2261 1681 2333 ἀξιωμάτων
1731 2262 1833 2316 οὐκ
1869 2264 1959 2316 ὲν-

380 2352 630 2419 νοοῦντες
657 2354 718 2409 τὸ
747 2354 1010 2425 meo“:
1044 2372 1062 2406 ι
1098 2353 1344 2427 Οὐρανός
1373 2372 1464 2426 μοι
1495 2354 1707 2426 θρόνος,
1742 2356 1775 2427 ή
1806 2355 1863 2409 δὲ
1886 2355 1962 2427 γῆ

379 2442 670 2499 ὑποπόδιον
693 2444 804 2498 τῶν
845 2443 1021 2498 ποδῶν
1049 2458 1177 2515 μου.
1221 2445 1380 2498 Ποῖον
1404 2440 1554 2497 οἷκον
1582 2444 1963 2517 οἰκοδομήσετέ

383 2550 508 2604 μοις
560 2533 594 2605 ἢ
650 2537 802 2599 ποῖος
864 2535 1028 2598 τόπος
1084 2535 1187 2606 τῆς
1243 2535 1645 2600 καταπαύσεώς
1725 2554 1866 2608 μου;
1937 2555 1958 2591 ι

381 2623 587 2695 Πληροῖ
612 2623 721 2695 γὰρ
748 2623 818 2677 τὰ
844 2624 1023 2677 πάντα
1050 2622 1112 2677 τὺ
1142 2624 1299 2679 Θεῖον
1316 2639 1329 2653 ·
1361 2625 1500 2695 μετὰ
1526 2623 1584 2678 δὲ
1608 2624 1774 2678 αὑτοῦ
1806 2624 1877 2694 γῆ
1902 2640 1964 2678 τε

381 2717 477 2770 καὶ
505 2716 733 2787 οὐρανός
753 2732 770 2781 ;
794 2714 1050 2786 Είρήσθω
1077 2715 1142 2786 δὴ
1167 2716 1654 2788 ἀνθρωποπρεπῶς
1672 2755 1688 2780 ,
1719 2717 1802 2770 ὅτι
1835 2715 1963 2787 θρό-

382 2828 474 2866 νον
500 2810 640 2883 έχων
663 2812 755 2865 τὸν
784 2811 1013 2883 οὐρανὸν
1031 2851 1046 2876 ,
1077 2811 1367 2866 ὑποπόδιον
1397 2812 1454 2865 δὲ
1488 2811 1678 2882 ὥσπερ
1702 2828 1759 2864 τι
1788 2813 1963 2865 ποιεῖ-

382 2921 473 2960 ται
499 2905 598 2977 τὴν
622 2905 747 2975 γῆν.
773 2905 931 2968 nolo;
956 2900 1049 2959 οὖν
1078 2904 1239 2958 αὐτὸν
1267 2904 1476 2971 δέξεται
1500 2903 1714 2975 χῶρος;
1744 2904 1779 2976 ἢ
1813 2906 1966 2968 ποῖος

2063 1831 2254 1874 revera
2286 1817 2421 1874 nihil
2471 1827 2618 1885 sunt,
2672 1831 2831 1887 quam
2887 1816 3031 1887 ligna
3088 1825 3145 1872 et
3192 1815 3417 1885 lapides.
3453 1812 3658 1869 Idcirco

2062 1908 2138 1964 ait
2169 1925 2181 1961 :
2216 1907 2261 1964 0
2290 1924 2386 1965 vos
2403 1909 2494 1979 qui
2525 1908 2723 1963 divinae
2748 1906 3050 1978 majestatis
3098 1904 3466 1976 praestantiam
3499 1903 3653 1974 igno—

2060 2001 2216 2067 ratis,
2234 1999 2344 2070 ~qui
2380 1998 2661 2070 dignitatis
2684 2014 2821 2054 mea;
2863 1996 3293 2068 magnitudinem
3340 2009 3446 2050 non
3474 1994 3653 2050 consi—

2069 2092 2273 2149 deratis
2301 2107 2315 2145 :
2366 2110 2388 2145 ι
2423 2092 2634 2148 Caelum
2669 2091 2805 2147 mihi
2835 2091 3030 2147 solium
3048 2098 3152 2157 est,
3175 2097 3234 2144 et
3274 2095 3420 2142 terra
3445 2086 3656 2142 scabel-

2064 2182 2173 2238 lum
2190 2184 2383 2253 pedum
2400 2182 2892 2251 meorum.Qualem
2910 2184 3126 2238 domum
3140 2179 3403 2237 mdiﬁcabi
3413 2178 3484 2236 tis
3501 2179 3661 2235 mihi?

2063 2274 2173 2329 Aut
2211 2274 2333 2345 quis
2359 2274 2513 2331 locus
2539 2275 2801 2345 requietis
2832 2272 3002 2330 meae?
3037 2291 3057 2326 ι
3089 2272 3279 2344 Implet
3301 2271 3449 2326 enim
3475 2269 3656 2326 omnia

2065 2365 2340 2434 divinitas,
2390 2375 2444 2422 et
2486 2366 2643 2438 plena
2688 2365 2807 2438 ejus
2867 2374 2994 2421 sunt
3043 2372 3186 2420 terra
3242 2373 3298 2418 et
3353 2361 3549 2419 caelum
3586 2360 3655 2416 “.

2064 2458 2313 2515 Humano
2340 2474 2490 2516 more
2513 2459 2716 2516 dictum
2735 2458 3033 2526 sit,solium
3065 2471 3189 2513 eum
3205 2456 3409 2511 habere
3433 2452 3657 2519 cmlum,

2064 2561 2119 2607 et
2146 2552 2438 2608 scabellum
2465 2552 2611 2607 velut
2638 2551 2907 2621 quoddam
2937 2549 3039 2605 sibi
3073 2557 3272 2604 terram
3305 2561 3643 2618 supponere.

2060 2641 2195 2711 Quis
2220 2643 2367 2696 enim
2390 2641 2542 2697 locus
2586 2655 2710 2696 eum
2750 2639 2964 2709 capiet?
3007 2647 3100 2692 aut
3133 2652 3255 2708 quae
3298 2637 3490 2691 domus
3519 2635 3653 2692 satis

2035 2760 2038 2763 λ
2063 2734 2169 2789 erit
2193 2733 2367 2803 ampla
2388 2734 2455 2787 ad
2475 2730 3033 2802 comprehendendum
3049 2729 3075 2783 ?
3097 2745 3117 2780 ι
3137 2727 3324 2782 Omnia
3353 2728 3494 2782 enim
3521 2727 3657 2793 haec,

2065 2824 2265 2893 inquit,
2313 2822 2441 2879 fecit
2469 2837 2663 2877 manus
2696 2835 2814 2876 mea
2837 2859 2854 2886 ,
2878 2827 2934 2873 et
2975 2834 3092 2874 mea
3122 2819 3385 2874 sunthaec
3415 2816 3652 2873 omnia.»

2066 2914 2198 2983 Quae
2223 2924 2402 2989 autem
2435 2914 2585 2968 haec?
2610 2911 2877 2967 Videlicet
2904 2924 3025 2981 quas
3057 2917 3356 2965 cernuntur
3376 2948 3391 2973 ,
3416 2916 3473 2961 et
3529 2923 3651 2976 quas

382 2991 531 3059 οἶκος
582 2994 809 3067 ἀρκέσει
858 2992 1240 3065 περιληπτός;
1299 3011 1318 3045 ι
1357 2992 1545 3047 Πάντα
1595 2992 1703 3065 γὰρ
1758 2992 1963 3056 ταῦτα,

2072 3007 2223 3062 cerni
2254 3014 2546 3076 nequeunt.
2615 3004 2745 3074 Ejus
2791 3003 2935 3057 enim
2985 3009 3071 3057 est
3129 3000 3307 3069 omnis
3367 3007 3649 3064 creatura;

383 3089 569 3159 φησὶν,
626 3087 882 3157 εποίησεν
913 3089 946 3157 ἡ
980 3087 1101 3156 χείρ
1133 3101 1264 3155 μου·
1313 3086 1409 3139 καὶ
1449 3084 1597 3139 ἐστιν
1638 3084 1747 3155 ἐμὰ
1790 3084 1965 3138 ταῦτα

384 3179 582 3233 πάντα.
622 3197 641 3231 ι
676 3180 814 3232 Ποῖα
859 3178 917 3231 δὲ
954 3177 1153 3243 ταῦτα;
1183 3176 1353 3246 Δῆλον
1383 3177 1440 3229 δὲ
1483 3176 1692 3254 ι’Ξτιχκα)⁸
1720 3177 1786 3229 τὰ
1823 3175 1963 3247 όρὼ-

388 3288 546 3342 μενα,
578 3271 673 3324 καὶ
700 3270 810 3323 τῶν
839 3269 1137 3341 ὁρωμένων
1171 3267 1431 3321 ἐπέκεινα
1451 3282 1467 3298 ⁸
1502 3268 1600 3321 καὶ
1644 3268 1809 3321 αὑτοῦ
1855 3268 1965 3339 γὰρ

385 3366 419 3434 ὴ
459 3363 636 3426 κτίσις
665 3363 876 3425 ἅπασα,
917 3362 1013 3415 καὶ
1043 3361 1158 3422 τοῖς
1204 3359 1371 3413 αὑτοῦ
1426 3357 1661 3429 νεύμασι
1705 3360 1963 3432 παρήχθη

384 3450 522 3522 πρὸς
579 3449 791 3518 γένεσιν
830 3448 900 3501 τὰ
947 3449 1048 3502 οὐκ
1106 3447 1235 3501 ὄντα
1273 3446 1427 3502 ποτέ.
1478 3446 1545 3500 Τί
1593 3447 1772 3501 τοίνυν
1816 3448 1967 3519 αὑτῷ

384 3541 750 3615 προσοίσομεν
797 3540 873 3604 ὡς
904 3541 1005 3595 οὐκ
1053 3538 1255 3605 αὐτοῦς
1311 3537 1554 3593 τοιοῦτόν
1605 3540 1658 3592 τί
1704 3557 1839 3611 φησι
1872 3541 1967 3594 καὶ

383 3633 583 3704 διὰτῆς
604 3632 699 3687 τοῦ
735 3632 1047 3696 Ψάλλοντος
1102 3634 1307 3703 φωνῆς’
1337 3649 1355 3683 ι
1381 3631 1507 3689 Ἐὰν
1529 3631 1791 3696 πεινάσω,
1807 3633 1870 3686 οὐ
1889 3633 1963 3705 μή

388 3738 472 3777 σοι
496 3722 667 3775 εἴπω·
694 3720 804 3791 ἐμὰ
830 3720 938 3792 γάρ
966 3723 1082 3774 ἔστι
1121 3721 1299 3774 πάντα
1328 3719 1397 3773 τὰ
1434 3719 1601 3791 θηρία
1629 3719 1724 3773 τοῦ
1766 3721 1962 3793 ἀγροῦ,

384 3814 556 3886 κτήνη
617 3815 677 3867 ὲν
718 3814 831 3877 τοῖς
867 3812 1023 3883 δρεσι
1070 3813 1165 3866 καὶ
1212 3811 1351 3883 βόες.
1385 3811 1642 3880 Ἔγνωκα
1682 3811 1860 3866 πάντα
1896 3813 1965 3868 τὰ

382 3905 548 3977 θηρία
570 3903 665 3958 τοῦ
685 3903 879 3975 ἀγροῦ,
907 3904 1004 3957 καὶ
1026 3902 1205 3956 πάντα
1235 3902 1304 3956 τὰ
1328 3918 1396 3955 πε
1410 3902 1564 3956 τεινά
1584 3901 1679 3955 τοῦ
1708 3903 1961 3975 οὐρανοῦ,

381 3996 477 4051 καὶ
508 3996 777 4067 ὡραιότης
809 3994 982 4066 ἀγροῦ
1028 3996 1144 4065 μετ’
1189 3992 1326 4064 ἐμοῦ
1367 3995 1537 4048 ἐστιν.
1596 4012 1615 4046 ι
1680 3994 1803 4048 Ἐπὶ
1842 3995 1965 4048 τίνα

378 4087 444 4159 δὴ
482 4082 577 4142 οὖν
612 4084 911 4155 ὲπιὸλέψω,
963 4083 1154 4155 φησίν;
1253 4084 1288 4155 ἣ
1323 4085 1558 4149 ,πάντως
1596 4102 1697 4139 που
1744 4086 1837 4139 ἐπὶ
1873 4086 1964 4139 τὸν

378 4180 634 4234 ταπεινὸν
694 4179 791 4235 καὶ
818 4176 1063 4248 ἡσύχιον,
1113 4174 1384 4242 τουτέστι,
1435 4176 1528 4229 τὸν
1569 4177 1810 4230 εἰκτικὸν
1870 4178 1965 4232 καὶ

382 4272 576 4340 πρᾶον,
604 4270 700 4324 καὶ
736 4269 847 4323 τῶν
877 4267 1028 4341 ἐμῶν
1055 4267 1380 4340 θελημάτων
1411 4269 1637 4340 γνήσιον
1663 4270 1959 4342 ὑπουργὸν,

2072 3094 2189 3166 ejus
2220 3104 2350 3150 nutu
2386 3103 2568 3150 creata
2604 3102 2660 3149 et
2713 3100 2830 3148 orta
2870 3099 2998 3146 sunt
3045 3105 3165 3160 quae
3210 3088 3504 3159 aliquando
3551 3102 3657 3142 non

2071 3196 2247 3241 erant.
2275 3187 2412 3252 Quid
2443 3186 2605 3254 igitur
2637 3185 2687 3241 ei
2718 3182 3027 3250 oﬁ‘eremus,
3074 3183 3217 3252 quod
3264 3180 3379 3251 ejus
3413 3195 3519 3236 non
3552 3176 3662 3233 sit?

2072 3279 2201 3335 Tale
2230 3277 2486 3349 quiddam
2510 3276 2638 3332 dicit
2658 3275 2819 3331 etiam
2845 3290 2976 3329 voce
3020 3273 3347 3328 Psallentis:
3381 3291 3400 3324 ι
3443 3271 3501 3327 Si
3532 3286 3659 3326 esu-

2071 3366 2234 3432 riero,
2265 3381 2369 3421 non
2397 3365 2570 3420 dicam
2610 3365 2700 3421 tibi
2733 3379 2908 3419 :mea:
2945 3364 3088 3417 enim
3123 3372 3251 3418 sunt
3297 3376 3488 3417 omnes
3543 3360 3661 3415 ani-

2071 3464 2285 3510 mantes
2312 3454 2708 3525 ag£,iumenta
2760 3455 2812 3507 in
2860 3453 3134 3508 montibus
3173 3462 3231 3507 et
3282 3452 3471 3507 boves.
3522 3451 3657 3507 Novi

2070 3545 2253 3600 omnia
2299 3544 2540 3599 volatilia
2601 3543 2746 3610 cmli,
2803 3552 2855 3597 et
2902 3543 3246 3613 pulchritudo
3301 3544 3413 3613 agri
3444 3558 3656 3599 mecum

2068 3646 2152 3690 est
2180 3635 2247 3688 ⁸⁸.
2374 3635 2545 3699 Quem
2576 3634 2739 3704 igitur
2767 3634 3095 3703 respiciam?
3129 3653 3150 3686 ι
3189 3635 3408 3704 inquit:
3438 3653 3458 3688 ι
3531 3650 3648 3692 om-

2067 3728 2196 3783 nino
2227 3727 2293 3781 ad
2331 3726 2587 3782 humilem
2614 3737 2668 3781 et
2697 3726 2959 3794 quietum,
2993 3742 3011 3775 ι
3043 3726 3096 3780 id
3120 3732 3226 3792 est,
3266 3740 3556 3796 sequacem
3604 3736 3660 3782 et

2069 3818 2359 3884 mitem,et
2408 3831 2538 3872 meae
2583 3815 2877 3872 voluntatis
2915 3817 3205 3886 ingenuum
3252 3829 3314 3871 ac
3338 3830 3655 3886 germanum

2066 3910 2397 3975 eﬂ’ectorem,
2432 3918 2492 3963 ut
2517 3909 2583 3965 ad
2607 3907 2773 3963 verba
2809 3923 2926 3962 mea
2950 3906 3654 3979 contremiscat.Signiﬁcat

2066 4012 2246 4057 autem
2269 4002 2353 4056 his
2374 4000 2734 4069 evangelicam
2759 4014 2822 4055 ac
2844 3998 3013 4070 908
3043 3997 3337 4052 salutarem
3399 3998 3652 4067 praedica-

2068 4094 2291 4149 tionem.
2317 4091 2427 4148 lios
2452 4093 2704 4160 dignatur
2723 4090 2945 4158 intueri,
2979 4097 3035 4144 et
3052 4087 3197 4143 velut
3227 4086 3459 4142 humiles
3476 4087 3649 4157 inspi-

2066 4200 2212 4241 cere.
2235 4185 2425 4240 Audax
2453 4186 2596 4239 enim
2621 4193 2674 4239 et
2696 4198 2980 4253 arrogans,
3014 4181 3106 4251 qui
3141 4180 3342 4236 divinis
3370 4181 3488 4252 ejus
3516 4179 3654 4235 resi-

2067 4277 2161 4332 stit
2219 4277 2425 4346 legibus
2469 4286 2525 4333 et
2582 4291 2647 4333 ex
2702 4288 2893 4345 magna
2939 4272 3323 4338 inobedientia,
3367 4272 3656 4341 superbam

382 4360 524 4415 ὥστε
554 4361 648 4414 καὶ
678 4361 901 4432 τρέμειν
929 4362 1060 4424 τοὺς
1083 4360 1245 4432 οἷπερ
1276 4359 1342 4414 ἃν
1374 4359 1620 4429 γένοιντο
1654 4360 1786 4432 παρ’
1824 4361 1961 4432 ἐμοῦ

2070 4366 2214 4423 velut
2258 4375 2314 4422 et
2346 4367 2538 4422 duram
2592 4368 2860 4423 cervicem
2892 4366 3089 4422 mentis
3135 4378 3246 4419 suae
3277 4372 3469 4419 contra
3506 4362 3654 4416 illum

386 4452 558 4521 λόγοις
592 4452 855 4523 Σημαίνει
892 4453 950 4506 δὲ
994 4454 1083 4507 διὰ
1125 4453 1330 4509 τούτων
1375 4452 1439 4506 τὸ
1475 4451 1833 4521 εὐαγγελικὸν
1869 4454 1964 4507 καὶ

386 4545 653 4615 σωτήριον
680 4543 975 4614 κήρυγμα*
1027 4544 1248 4607 τούτους
1294 4543 1498 4615 ἐφορᾷ-ι
1528 4541 1701 4611 ἀξιοῖ,
1749 4543 1845 4597 καὶ
1886 4542 1964 4607 ὡς

384 4634 678 4698 ταπεινοὺς
704 4632 1157 4688 ἐπισκέπτεσθαι.
1202 4635 1422 4706 Θρασὺς
1452 4634 1561 4708 γὰρ
1606 4634 1701 4688 καὶ
1746 4631 1963 4699 ἀλαζὼν

385 4727 415 4779 ὁ
457 4728 570 4790 τοῖς
601 4724 767 4789 θείοις
799 4723 964 4779 αὐτοῦ
993 4722 1183 4794 νόμοις
1231 4726 1713 4799 ἀντανιστὰμενος,
1747 4729 1844 4783 καὶ
1874 4728 1964 4784 διὰ

390 4816 597 4886 πολλῆς
640 4815 949 4881 ἀπειθείας,
996 4814 1204 4888 γαῦρον
1233 4814 1422 4888 ὥσπερ
1449 4819 1572 4872 τινὰ
1605 4820 1699 4873 καὶ
1729 4818 1965 4893 σκληρὸν

397 4906 668 4961 ἀνατείνει
697 4905 847 4977 αὐτῷ
878 4910 968 4959 τὸν
993 4905 1093 4977 τῆς
1114 4903 1307 4960 ἑαυτοῦ
1333 4905 1574 4971 διανοίας
1608 4910 1813 4979 αὐχένα
1833 4927 1848 4942 ·
1881 4912 1965 4965 ὅτι

392 4994 450 5047 δὲ
479 4994 860 5067 ἀπαράδεκτον
881 4997 1124 5049 ποιεῖται
1150 4995 1250 5063 τὴν
1279 4994 1367 5048 διὰ
1394 4996 1559 5066 νόμου
1588 4997 1861 5068 λατρείαν,
1876 5004 1969 5056 καὶ

383 5082 471 5137 διὰ
505 5083 697 5154 μίσους
726 5083 860 5155 ἔχει,
901 5086 1156 5155 σαφηνιεϊ
1182 5083 1358 5153 λέγων
1377 5100 1392 5117 ·
1429 5103 1447 5137 ι
1488 5085 1549 5138 'O
1582 5085 1725 5141 θύων
1751 5107 1839 5159 μοι
1868 5093 1965 5162 μό-

387 5189 535 5245 σχον,
569 5173 645 5237 ὡς
671 5176 701 5226 ὁ
740 5176 1081 5230 ἀποκτείνων
1108 5174 1277 5230 κύναο
1321 5177 1352 5229 ὁ
1388 5175 1445 5229 δὲ
1475 5176 1761 5248 ἀναφέρων
1806 5181 1961 5250 σεμί-

384 5263 557 5331 δαλιν,
582 5262 657 5328 ὡς
681 5258 820 5335 αἷμα
853 5264 997 5320 ὕειον
1016 5282 1030 5296 ’
1068 5266 1099 5319 ό
1127 5266 1183 5320 δὲ
1209 5268 1335 5332 δοὺς
1364 5267 1583 5323 λίϐανον
1625 5269 1704 5332 είς
1750 5273 1959 5341 μνημό-

364 5414 369 5417 ’
457 5442 504 5476 ⁸³
536 5442 674 5499 Psal.
700 5459 812 5509 ut,
839 5443 927 5501 l9.
1003 5445 1049 5478 ”
1075 5443 1213 5501 Psal.
1250 5443 1605 5510 xm,10-12.

460 5621 538 5686 (Ι)
571 5620 760 5676 llunl'r.
798 5623 954 5686 σκιᾶς

2066 4457 2296 4514 extollit.
2325 4457 2487 4527 Legis
2525 4471 2653 4511 vero
2669 4457 2873 4511 cultum
2906 4471 2966 4511 se
2985 4470 3094 4510 non
3130 4455 3391 4525 recipere,
3418 4460 3474 4509 et
3528 4451 3656 4505 odio

2072 4550 2299 4615 habere,
2332 4549 2510 4619 palam
2534 4547 2697 4604 faciet
2738 4563 2863 4603 cum
2900 4548 3120 4617 inquit:
3160 4565 3180 4598 ι
3242 4545 3342 4613 Qui
3387 4543 3656 4600 sacriﬁcat

2073 4639 2207 4696 mihi
2232 4640 2484 4708 vitulum,
2512 4651 2595 4695 est
2640 4639 2866 4710 perinde
2895 4654 2959 4694 ac
2978 4639 3023 4694 is
3071 4638 3163 4709 qui
3198 4637 3397 4694 occidit
3424 4649 3651 4697 canem;

2071 4728 2163 4798 qui
2188 4726 2341 4783 oll'ert
2367 4729 2621 4795 similam,
2650 4728 2806 4798 quasi
2837 4728 2927 4798 qui
2957 4727 3274 4798 sanguinem
3314 4724 3476 4782 oﬁ‘ert
3524 4722 3654 4779 suil-

2073 4818 2212 4886 lum;
2233 4819 2322 4889 qui
2347 4820 2606 4885 datthus,
2632 4820 2701 4876 ad
2740 4821 3057 4877 memoriam
3088 4820 3193 4884 sui,
3226 4827 3311 4874 est
3353 4815 3508 4886 quasi
3544 4814 3654 4869 bla-

2071 4912 2347 4981 sphemus.
2377 4930 2397 4965 ι
2445 4912 2740 4969 Considera
2771 4914 2934 4985 igitur
2979 4927 3103 4968 eum
3171 4925 3278 4964 non
3325 4908 3499 4963 solum
3547 4920 3652 4961 non

2066 5005 2353 5060 admittere
2380 5020 2499 5075 qua:
2531 5006 2583 5060 in
2620 5005 2830 5061 umbris
2883 5020 2948 5060 ac
2987 5004 3130 5075 typis
3154 5001 3329 5073 posita
3359 5006 3507 5065 sunt,
3536 4986 3650 5063 sed,

2069 5103 2129 5149 ut
2157 5095 2701 5159 dixi,odisse.Vituli
2748 5096 2893 5151 enim
2947 5098 3170 5159 caedem,
3220 5091 3371 5148 canis
3410 5098 3642 5145 mortem

2070 5187 2380 5253 existimat,
2434 5197 2488 5244 et
2515 5203 2626 5245 rem
2655 5189 2943 5259 impuram,
2976 5187 3210 5242 similam
3253 5184 3374 5239 oleo
3394 5195 3649 5251 consper-

2074 5291 2209 5333 sam.
2245 5278 2529 5349 Signiﬁcat
2562 5282 2703 5338 enim
2737 5284 2859 5349 hoc,
2891 5288 2951 5337 ut
2978 5281 3189 5352 opinor,
3222 5278 3348 5333 dum
3377 5289 3496 5331 eam
3520 5288 3650 5331 san-

3509 245 3648 301 ιιεο
3692 304 3707 313 κ
3774 272 3777 275 π
