4090 6216
436 5602 449 5632 ἱ

501 246 627 299 ΗΜ
1481 237 1540 290 S.
1580 235 1858 291 CYRlLLI
1898 235 2366 316 ALEXARDRINI
2405 237 2717 292 ABClllEP.
3626 231 3770 288 tm

501 362 645 422 cuini
681 359 792 414 suis
821 365 1114 422 comparat.
1149 355 1358 423 lmpura
1383 362 1465 408 est
1486 365 1662 409 autem
1705 370 1818 417 sus,
1842 370 1906 409 ex
1938 355 2066 422 legis

2174 373 2354 415 auvov.
2409 356 2486 419 ὠς
2529 355 2866 425 βλάσφημον.
2901 372 2920 405 ι
2954 351 3146 421 Ἀθρει
3182 349 3246 421 δὴ
3273 346 3366 404 οῦν
3392 350 3556 412 ὅπως
3585 347 3665 402 τὰ
3695 346 3772 412 ὡς

500 449 828 518 prmscripto.
874 447 942 500 Et
990 445 1162 500 thuris
1205 445 1379 499 furnos
1407 445 1522 513 pari
1580 445 1700 499 loco
1741 445 1921 509 habet,
1958 461 2065 515 quo

2170 447 2224 498 ἐν
2258 448 2435 511 σκιαῖς
2472 445 2564 500 καὶ
2597 445 2807 510 τύποις,
2843 444 2941 496 οὐκ
2974 442 3255 514 ἀπόϐλητα
3285 443 3533 495 ποιεῖται
3569 441 3770 510 μόνον,

497 555 680 595 vocem
710 539 1099 607 blasphemam.
1129 535 1412 589 Transl’ert
1436 535 1598 604 igitur
1624 536 1708 590 his
1745 536 1920 591 verbis
1949 552 2064 600 eos,

2170 541 2305 594 ἀλλὰ
2337 541 2446 611 γάρ
2479 541 2572 593 καὶ
2604 541 2930 610 μεμίσηκεν,
2958 537 3032 600 ὡς
3066 535 3200 605 ἔφην
3220 550 3234 564 °
3268 533 3366 604 τὴν
3395 533 3606 602 γάρτοι
3673 529 3774 599 μό·-

497 640 553 684 ut
577 631 740 683 velint
799 643 903 682 non
950 627 1100 696 juxta
1145 626 1391 679 umbram
1433 625 1585 695 legis,
1617 625 1711 680 sed
1759 627 2064 696 evangelica

2172 647 2300 700 σχου
2331 631 2564 702 σφαγὴν,
2613 632 2774 693 κυνὸς
2807 631 3020 698 ἡγεῖται
3049 625 3296 686 θάνατον,
3345 622 3686 692 ἀκάθαρτον
3713 621 3772 674 δὲ

497 721 695 774 Vivere.
2169 724 2262 777 xui.
2288 725 2564 794 σεμίδαλιν
2595 719 3001 792 ὲλεόδευ[σ]τον.
3030 716 3192 787 Δηλοῖ
3218 716 3348 784 γάρ,
3385 710 3580 783 οἶμαι,
3612 713 3771 765 τουτὶ

493 813 571 882 τῷ
599 814 722 875 συὸς
755 813 946 882 αἵματι
968 811 1319 880 παρεικάζειν
1346 810 1515 880 αὑτήν
1535 825 1548 839 ο
1585 809 1896 879 ἀκάθαρτον
1929 811 1988 863 δὲ
2014 813 2156 866 κατά
2193 815 2283 867 τὸν
2315 817 2476 884 νόμον
2501 819 2528 868 ὁ
2555 811 2644 878 ῦς·
2681 817 2807 879 τοὺς
2851 815 2908 868 δέ
2933 833 2997 883 γε
3029 816 3092 867 ὲκ
3122 813 3340 866 λιϐάνου
3388 807 3679 868 καπνοὺς,
3715 807 3774 858 ἐν

495 907 594 974 ἴσῳ
639 904 843 958 τίθεται
891 904 1246 972 παλιμφήμου
1293 904 1494 972 φωνῆς.
1541 901 1842 969 Μεθίστησι
1883 902 2057 956 τοίνυν
2129 905 2215 958 διὰ
2280 907 2482 961 τούτων
2524 907 2719 970 αὐτοὺς
2766 906 2848 970 εἷς
2884 923 2947 973 γε
2999 905 3060 958 τὸ
3095 903 3380 975 βούλεσθαι
3423 899 3638 970 διαζῆν
3674 897 3768 949 εύ-

493 996 818 1064 αγγελικῶς,
849 996 943 1048 καὶ
982 994 1154 1056 οὕτως
1179 993 1289 1065 [Ισ.
1321 992 1491 1064 οὗτοι]
1541 1011 1643 1046 που
1685 993 1886 1062 μᾶλλον
1917 994 2057 1047 κατά
2094 1011 2157 1063 γε
2184 997 2281 1066 τὴν
2310 994 2476 1051 οὖσαν
2503 999 2560 1051 ὲν
2587 997 2664 1068 τῷ
2685 992 2840 1067 ’νόμῳ
2879 997 3054 1050 σκιάν.

541 1089 727 1141 ~Vt-1tts.
768 1088 821 1140 4.
869 1087 934 1140 Et
967 1087 1064 1151 ipsi
1096 1087 1362 1154 elegerunt
1395 1087 1501 1138 vias
1529 1102 1675 1150 suus,
1699 1095 1746 1137 et
1790 1086 2061 1138 abomina-

497 1183 660 1235 tioim
701 1197 846 1243 sum,
879 1197 1012 1248 quas
1043 1178 1216 1230 anima
1239 1193 1419 1230 eorum
1450 1177 1630 1230 voluit.
1681 1175 1743 1229 Et
1763 1193 1853 1245 ego
1875 1176 2064 1245 eligam

495 1273 724 1326 ludibria
743 1287 944 1334 eorum,
963 1279 1009 1324 et
1040 1281 1250 1338 peccata
1290 1284 1468 1321 eorum
1500 1269 1781 1320 retribuam
1806 1269 1900 1322 eis.
1927 1268 2065 1331 Quia

500 1365 680 1418 vocari
728 1379 836 1429 eos,
878 1373 924 1416 et
973 1378 1075 1414 non
1121 1360 1505 1423 obedierunt,et
1545 1370 1757 1428 egerunt
1790 1361 1986 1414 malum
2013 1363 2066 1415 in

495 1463 769 1524 conspectu
795 1469 928 1508 meo.
954 1452 1045 1518 Et,
1067 1467 1182 1521 qua:
1206 1450 1464 1515 nolebam,
1497 1449 1778 1520 elegerunt.

569 1721 776 1775 Rursus
833 1721 1062 1776 adornat
1105 1718 1427 1789 apologiam,
1497 1734 1828 1791 causamque
1887 1731 2072 1790 aperte

500 1811 695 1875 reddit,
748 1827 845 1867 cur
892 1813 1212 1880 repudiatus
1276 1813 1437 1866 fuerit
1499 1811 1686 1878 Israel,
1733 1816 2072 1884 quantumvis

497 1904 886 1974 primogenitus
915 1903 1182 1965 dictus,et
1208 1919 1324 1959 sors
1355 1904 1447 1958 Dei
1499 1914 1856 1975 nuncupatus.
1883 1925 1902 1958 ι
1946 1907 2070 1960 Elc-

495 2002 688 2066 gerunt
727 1995 891 2060 enim,
936 1995 1130 2062 inquit,
1177 1995 1293 2050 vias
1358 2010 1502 2058 suas,
1567 1997 2072 2054 etabominationes

495 2100 642 2150 suas,
709 2101 844 2155 quas
910 2087 1088 2140 anima
1141 2085 1378 2156 ipsorum
1417 2087 1602 2141 voluit.
1661 2107 1680 2140 ι
1729 2088 1861 2144 Cum
1919 2089 2069 2155 dicit,

500 2197 520 2228 ι
559 2179 898 2248 Ειθερι-υιιῳ
924 2180 1164 2234 declarat
1189 2194 1284 2234 eos
1305 2179 1515 2247 judices
1535 2194 1654 2235 esse
1680 2196 1787 2235 non
1823 2189 1998 2236 rectos
2018 2183 2070 2234 in

500 2269 657 2322 rebus
687 2271 1028 2335 necessariis,
1066 2273 1158 2328 sed
1200 2273 1377 2343 potius
1417 2292 1436 2325 ι
1478 2273 1668 2327 Dicere
1694 2273 1892 2328 bonum
1965 2288 2074 2326 ma-

498 2359 626 2419 lum,
657 2369 710 2413 et
740 2369 947 2416 vertere
978 2363 1221 2417 tenebras
1246 2366 1298 2417 in
1331 2364 1528 2427 lucem,
1557 2372 1610 2416 et
1630 2365 1800 2418 lucem
1843 2363 1894 2416 in
1922 2372 2074 2416 tene-

499 2451 643 2514 Ilras,
670 2464 912 2503 amarum
935 2451 988 2504 in
1013 2451 1257 2516 dulce,et
1272 2455 1425 2508 dulce
1454 2455 1504 2507 in
1528 2469 1770 2507 amarum
1792 2454 1860 2506 ⁸⁵.
1891 2473 1909 2504 ι
1938 2453 2070 2508 Cum

495 2539 640 2591 enim
670 2537 910 2592 licuisset
950 2541 1080 2607 ipsis
1106 2556 1200 2608 per
1227 2543 1442 2596 oracula
1462 2545 1770 2610 evangelica
1797 2545 1862 2598 ad
1885 2558 2072 2598 omnes

499 2633 722 2683 virtutes
749 2629 1189 2697 praeclarissimas
1247 2632 1462 2697 adduci,
1511 2648 1742 2702 cumque
1797 2649 1961 2702 penes
1993 2635 2074 2702 ip-

495 2737 584 2774 sos
603 2728 745 2774 esset
777 2721 903 2774 vitia
951 2721 1276 2788 relinquere,
1313 2722 1562 2791 amplecti
1617 2723 1861 2792 quodest
1900 2723 2067 2778 utile:

498 2811 597 2876 illi,
635 2812 826 2880 inquit,
848 2812 1131 2866 voluerunt
1155 2813 1271 2867 vias
1304 2827 1451 2878 suas,
1477 2830 1504 2866 a
1533 2813 1648 2882 lege
1691 2813 1918 2877 alienas,
1951 2827 2070 2882 qua:

2236 1091 2343 1144 Καὶ
2368 1086 2534 1145 οὗτοι
2572 1089 2929 1153 ἐξελέξαντο
2957 1087 3062 1153 τὰς
3091 1086 3271 1152 ὀδοὺς
3291 1084 3522 1146 αὐτῶν,
3549 1081 3660 1136 καὶ
3697 1080 3770 1133 τὰ

2167 1181 2554 1248 ,ϐδελύγματα
2595 1177 2812 1240 αὐτῶν,
2858 1175 2896 1230 ἃ
2929 1177 2967 1242 ἡ
3004 1175 3175 1245 ψυχὴ
3219 1173 3417 1229 αὐτῶν
3450 1171 3762 1240 ἠθέλησε.

2174 1270 2345 1340 Κάγὼ
2373 1271 2690 1336 ἐκλέξομαι
2730 1271 2801 1324 τὰ
2831 1269 3204 1338 ἐμπαιγματα
3240 1263 3461 1328 αὐτῶν,
3508 1263 3619 1317 καὶ
3656 1264 3764 1322 τὰς

2173 1359 2458 1427 ἁμαρτίας
2481 1358 2676 1412 αὐτῶν
2693 1355 3096 1411 ἀνταποδώσω
3125 1355 3349 1421 αὐτοῖς,
3363 1354 3452 1407 ὅτι
3473 1351 3767 1406 ἐκάλεσα

2171 1450 2410 1515 αὐτοὺς.
2455 1451 2552 1502 καὶ
2603 1451 2715 1518 οὐχ
2760 1448 3144 1516 ὑπήκουσαν,
3190 1446 3288 1500 καὶ
3331 1446 3650 1512 ἐποίησαν
3695 1442 3766 1496 τὸ

2171 1541 2436 1608 πονηρὸν
2475 1541 2749 1594 ἐναντίον
2780 1557 2919 1610 μου.
2966 1541 3076 1595 Καὶ
3123 1539 3162 1595 ἆ
3213 1543 3326 1596 οὐκ
3363 1541 3759 1609 ἠϐουλόμην.

2171 1632 2495 1698 ἐξελέξαντ
3460 1627 3466 1631 ’

2255 1727 2622 1793 Ἀπολογεῖται
2671 1725 2854 1789 πάλιν,
2889 1725 2998 1795 ικαὶ
3043 1726 3256 1796 ἐμφανῆ
3283 1725 3601 1798 ,καθίστησι
3653 1724 3758 1793 τὴν

2171 1818 2367 1880 αἰτίαν,
2403 1820 2502 1886 ..ἐφ’
2609 1819 2704 1871 xui.
2750 1818 3110 1889 ἀπόπεμπτος
3156 1817 3376 1886 γέγονεν
3419 1819 3448 1870 ὁ
3503 1815 3754 1886 Ἰσραὴλ,

2172 1907 2347 1960 καίτοι
2389 1907 2730 1978 πρωτότοκος
2778 1907 3185 1978 ὠνομασμένος,
3230 1907 3323 1960 xui.
3369 1907 3572 1977 κλῆρος
3611 1904 3754 1958 Θεοῦ

2173 1999 2538 2070 χρηματίσας.
2570 2018 2588 2051 ι
2633 1998 2990 2062 Ἐπελέξαντο
3045 1998 3174 2069 γάρ,
3225 1997 3408 2068 φησὶν,
3454 1996 3609 2049 αὐτοὶ
3641 1995 3746 2058 τὰς

2171 2091 2324 2154 ὁδοὺς
2359 2090 2556 2155 αὐτῶν,
2599 2090 2694 2144 xui.
2717 2091 2786 2143 τά
2821 2090 3167 2160 βδελύγματα
3211 2091 3408 2153 αὐτῶν,
3451 2089 3489 2143 ἀ
3530 2090 3564 2158 ὴ
3597 2086 3749 2157 ψυχή

2171 2184 2347 2238 αὐτῶν
2387 2183 2648 2254 ἠθέλησε·
2687 2202 2704 2234 ι
2737 2181 2893 2247 τὸδὲ,
2919 2202 2936 2234 ι
2959 2181 3329 2248 Ἐπελέξαντο,
3366 2201 3384 2232 ι
3416 2182 3610 2248 λέγων,
3642 2180 3748 2232 οὐκ

2171 2272 2346 2344 ὀρθῶς
2379 2274 2623 2342 ἀπέφηνε
2661 2273 2922 2336 δικαστάς
2951 2274 3008 2326 ὲν
3038 2273 3359 2340 ἀναγκαίοις
3393 2272 3742 2342 πράγμασιν,

2177 2383 2195 2415 ι
2229 2365 2494 2428 Εἰπόντας
2522 2365 2578 2418 δὲ
2610 2363 2810 2434 μᾶλλον
2839 2364 2932 2418 xui.
2959 2363 3021 2416 τὸ
3049 2364 3212 2418 καλὸν
3248 2363 3502 2433 πονηρὸν,
3529 2363 3619 2416 καὶ
3645 2361 3742 2414 θε-

2175 2454 2367 2525 μένους
2391 2454 2455 2507 τδ
2485 2455 2674 2518 σκότος
2699 2455 2778 2517 είς
2809 2453 2944 2522 φῶς,
2975 2455 3069 2507 xui.
3100 2455 3160 2506 τὸ
3187 2454 3300 2521 φῶς
3322 2452 3528 2514 σκότος,
3554 2450 3640 2503 καὶ
3671 2450 3735 2502 τὸ

2173 2544 2370 2615 πικρὸν
2413 2544 2606 2612 γλυκὺ,
2661 2543 2755 2597 xui.
2800 2543 2860 2596 τὸ
2908 2543 3072 2611 γλυκὺ
3113 2542 3320 2612 πικρόν.
3362 2561 3379 2592 ι
3437 2540 3581 2603 Ἐξὸν
3615 2538 3732 2609 γάρ

2171 2637 2353 2696 αὐτοῖς
2383 2635 2470 2688 διὰ
2500 2635 2606 2686 τῶν
2642 2633 3007 2702 εὑαγγελικῶν
3039 2633 3412 2702 θεσπισμάτων
3440 2631 3579 2701 πρὸς
3619 2631 3735 2682 πᾶν

2171 2726 2347 2780 ὁτιοῦν
2380 2725 2749 2796 ἀποφέρεσθαι
2799 2725 2908 2778 τῶν
2932 2727 3159 2795 ἀρίστων
3203 2722 3740 2793 ἀνδραγαθημάτων,

2173 2819 2266 2871 xui.
2293 2817 2658 2888 προκειμένης
2689 2817 2872 2880 αὐτοῖς
2901 2817 3146 2883 ἐξουσίας
3178 2817 3484 2885 ἀποστῆναι
3512 2813 3610 2882 μὲν
3629 2812 3742 2864 τῶν

494 2902 550 2955 in
582 2913 694 2958 rete
719 2904 910 2958 mortis
937 2903 1060 2958 etin
1093 2905 1412 2971 profundum
1441 2905 1634 2960 inferni
1665 2919 1758 2964 eos
1779 2905 2066 2958 adducunt.

2172 2910 2271 2980 τῆς
2314 2908 2646 2978 φαυλότητος
2689 2909 2928 2978 τρόπων,
2981 2907 3294 2961 ἀνθελέσθαι
3322 2907 3378 2960 δὲ
3406 2907 3466 2957 τὸ
3499 2903 3742 2972 πεφυκὸς

495 2993 734 3050 Revocat
788 3008 966 3050 autem
1004 2996 1110 3050 illis
1157 2997 1208 3050 iu
1251 2998 1562 3052 memoriam
1613 2998 1838 3066 pristina
1884 3011 2069 3050 eorum

493 3096 732 3155 peccata.
766 3088 1006 3143 Fuerunt
1034 3089 1174 3143 enim
1199 3089 1324 3143 olim
1356 3089 1651 3143 idololatrae
1697 3101 1750 3144 et
1797 3090 2073 3144 abomina-

496 3179 700 3235 tionum
758 3179 1012 3235 cultores.
1069 3198 1090 3231 ι
1138 3180 1274 3246 Quia
1360 3181 1524 3249 igitur
1575 3181 1750 3235 vocati
1797 3191 1942 3242 sunt,
1988 3181 2072 3233 in-

494 3271 630 3338 quit,
681 3279 737 3324 et
786 3286 889 3324 non
950 3269 1291 3330 audiverunt,
1345 3289 1363 3320 )
1393 3271 1560 3339 909
1605 3283 1776 3337 neque
1826 3270 2072 3324 attende-

494 3369 621 3412 runt
655 3358 832 3412 verbis
866 3359 970 3413 illis
1002 3373 1120 3427 qua:
1142 3360 1207 3410 ad
1239 3358 1380 3426 ipsos
1407 3359 1539 3424 feci;
1565 3360 1866 3414 dixienim:
1903 3377 1922 3410 ι
1960 3360 2070 3429 Ego

495 3466 612 3504 sum
639 3449 727 3504 lux
761 3451 964 3517 mundi,
999 3459 1053 3505 et
1083 3451 1173 3518 qui
1215 3451 1389 3505 credit
1413 3452 1464 3504 in
1488 3466 1592 3518 me,
1641 3452 1854 3506 etiamsi
1879 3453 2072 3506 moria-

494 3551 603 3604 tur,
625 3542 766 3595 vivet
796 3540 873 3606 ";
933 3561 952 3594 ι
991 3556 1055 3596 ac
1077 3543 1272 3596 iterum
1305 3559 1319 3594 :
1352 3561 1370 3592 ι
1410 3542 1602 3596 Venite
1626 3543 1692 3595 ad
1734 3557 1840 3608 me,
1870 3558 2060 3598 omnes

493 3634 583 3702 qui
609 3633 863 3688 laboratis
893 3643 947 3689 et
973 3635 1180 3690 onerati
1204 3633 1353 3698 estis,
1375 3643 1428 3686 et
1449 3649 1547 3703 ego
1577 3634 1814 3689 reﬁciam
1835 3650 1930 3689 vos
1945 3635 2012 3686 3':
2043 3653 2063 3686 ›

494 3726 618 3780 hinc
645 3724 812 3780 feram
852 3726 903 3780 in
940 3725 1058 3781 illos
1094 3727 1234 3780 hanc
1262 3735 1510 3780 sanctam
1531 3727 1948 3790 sententiam,et
1968 3742 2068 3796 ego

492 3818 684 3885 eligam
718 3819 946 3873 ludibria
975 3833 1185 3883 eorum,
1209 3818 1259 3870 id
1290 3827 1392 3880 est,
1424 3817 1515 3886 qui
1570 3817 1866 3884 ludilicent,
1914 3835 1979 3874 ac
2013 3819 2067 3873 in

496 3909 642 3974 ipsos
674 3907 1090 3964 debacchentur.
1144 3907 1398 3976 Designat
1431 3915 1608 3959 autem
1639 3921 1730 3960 eos
1758 3908 1846 3976 qui
1890 3917 2068 3961 vasta-

497 4005 621 4048 runt
657 3994 894 4051 Iudaeam
929 4006 980 4048 et
1027 4003 1437 4050 concremarunt
1495 4005 1734 4048 sanctam
1793 3996 2064 4065 quondam

495 4094 546 4138 et
574 4085 839 4140 celebrem
872 4086 1167 4150 civitatem,
1219 4098 1412 4153 nempe
1458 4083 1822 4140 Romanorum
1871 4085 2060 4141 duces.

500 4193 519 4224 ι
556 4175 871 4230 Retribuam
929 4176 1095 4242 enim,
1143 4175 1335 4242 inquit,
1392 4173 1499 4228 illis
1554 4187 1770 4241 peccata
1804 4190 1896 4230 sua
1926 4177 1992 4229 ⁸⁸.
2037 4195 2056 4227 ι

491 4264 626 4322 Nam
668 4283 788 4336 quae
810 4281 908 4337 ego
932 4268 1018 4322 odi
1059 4277 1111 4321 et
1144 4267 1309 4332 uolui,
1340 4267 1437 4334 ipsi
1474 4267 1768 4335 elegerunt.

2173 2998 2428 3066 ὠφελεῖνο
2461 2998 2637 3058 αὐτοὶ,
2695 2999 2881 3067 φησιν,
2913 2997 3186 3068 ἠθέλησαν
3218 2995 3316 3058 τὰς
3362 2995 3517 3056 ὁδοὺς
3565 2992 3741 3046 αὐτῶν

2171 3090 2268 3153 τὰς
2297 3089 2401 3154 ἔξω
2437 3090 2614 3158 νόμων
2641 3088 2750 3142 τῶν
2779 3090 2960 3160 ἱερῶν,
2987 3093 3088 3151 τάς
3115 3088 3348 3156 παγίδας
3377 3086 3622 3148 θανάτου,
3643 3085 3734 3139 καὶ

2172 3183 2252 3244 είς
2282 3183 2552 3252 πέταυρον
2583 3183 2710 3253 ᾅδου
2746 3179 3224 3251 κατακομιξούσας
3252 3179 3441 3241 αὐτούς
3461 3194 3473 3205 ·
3510 3176 3731 3230 ἀναϐαί-

2172 3287 2252 3324 νει
2283 3269 2337 3322 δὲ
2367 3270 2462 3322 xui.
2494 3272 2574 3334 sl;
2605 3271 2906 3343 ἀνάμνησιν
2949 3270 3307 3342 ἀρχαιοτέρας
3345 3269 3522 3330 αὐτοῖς
3551 3267 3734 3336 ἀμαρ-

2170 3360 2291 3423 τίας
2311 3375 2323 3392 ⁹
2355 3359 2609 3427 γεγόνασι
2633 3361 2740 3431 γὰρ
2770 3361 2909 3414 κατὰ
2935 3361 3178 3431 καιροὺς,
3208 3359 3303 3410 καὶ
3331 3356 3729 3424 εἰδωλολάτραι,

2173 3451 2268 3505 καὶ
2312 3450 2697 3521 βδελυγμάτων
2775 3451 3166 3522 προσκυνηταί.
3214 3469 3234 3502 ι
3279 3448 3492 3517 Ἐπειδὴ
3558 3445 3734 3498 τοίνυν

2172 3541 2492 3611 κέκληνται,
2540 3542 2702 3612 φησὶ,
2745 3543 2838 3596 xui.
2885 3543 2984 3612 οὐχ
3028 3543 3374 3612 ὑπήκουσαν,
3409 3559 3427 3589 ι
3465 3537 3587 3592 οὔτε
3630 3536 3738 3607 μὴν

2171 3634 2632 3703 προσεσχήκασιν,
2660 3628 2742 3696 οἷς
2776 3634 2911 3704 πρὸς
2942 3633 3137 3698 αὐτοὺς
3187 3631 3490 3701 πεποίημαι
3523 3630 3738 3697 λόγους.

2175 3724 2508 3793 Ἕφηνγὰρ,
2545 3725 2627 3776 ὅτι
2683 3723 2864 3792 (Ἐγώ
2927 3727 3044 3795 είμι
3095 3724 3156 3776 τὸ
3195 3723 3309 3791 φῶς
3359 3722 3452 3774 τοῦ
3506 3720 3739 3790 κόσμου,

2170 3817 2263 3868 καὶ
2307 3818 2336 3868 ὁ
2382 3816 2654 3869 πιστεύων
2699 3818 2780 3879 είς
2829 3815 2954 3885 ἐμὲ,
2998 3815 3101 3870 κᾶν
3133 3815 3380 3886 ἀποθάνῃ
3413 3813 3672 3884 ζήσεται·
3715 3829 3736 3862 ι

2168 3907 2264 3958 καὶ
2304 3905 2493 3958 πάλιν·
2528 3925 2547 3957 ι
2583 3905 2744 3958 Δεῦτε
2775 3906 2912 3977 πρός
2963 3923 3053 3975 με,
3103 3905 3301 3968 πάντες
3344 3906 3393 3957 ol
3439 3902 3740 3963 κοπιῶντες

2169 3997 2263 4051 xui.
2295 3998 2738 4068 πεφορτισμένοι,
2772 3996 2927 4065 κάγὼ
2961 3996 3258 4050 ἀναπαύσω
3284 3997 3449 4066 ὑμᾶς.
3492 4014 3509 4047 ι
3551 3991 3735 4060 Ταύτῃ

2165 4091 2232 4157 τῇ
2266 4087 2432 4158 ψήφῳ
2474 4087 2660 4140 λοιπὸν
2703 4089 3043 4158 κεχρὴσομαι
3084 4090 3149 4158 τῇ
3196 4087 3316 4142 κατ’
3366 4084 3544 4138 αὐτῶν
3588 4083 3729 4152 ὁσία.

2169 4177 2322 4245 κάγὼ
2350 4177 2639 4246 ὲκλὲξομαι
2690 4179 2758 4230 τά
2815 4179 3176 4247 ἐμπαίγματα
3223 4177 3425 4242 αὐτῶν,
3467 4175 3725 4234 τουτέστι,

2099 4263 2142 4316 ι)
2171 4271 2296 4332 τοὺς
2345 4268 2747 4338 ἐμπαίζοντας,
2796 4269 2962 4339 ἤγουν
3013 4268 3480 4340 ὲμπαροινοῦντας
3530 4266 3732 4326 αὐτοῖς.

491 4361 652 4432 Δηλοῖ
690 4361 747 4416 δὲ
793 4363 1008 4423 πάντως
1040 4360 1168 4423 τοὺς
1200 4360 1614 4430 πεπορθηκότας
1673 4360 1772 4429 τὴν
1813 4360 2090 4423 Ἰουδαίαν,
2135 4361 2230 4414 καὶ
2293 4363 2794 4432 κατεμπρήσαντας
2828 4362 2929 4432 τὴν
2970 4361 3131 4430 ἁγίαν
3164 4360 3294 4413 ποτὲ
3332 4361 3428 4413 καὶ
3454 4358 3734 4426 διαϐόητον

495 4452 683 4505 πόλιν
730 4452 888 4523 δῆλον
939 4451 994 4504 δὲ
1047 4452 1130 4503 ὅτι
1185 4451 1312 4513 τοὺς
1358 4450 1646 4520 Ῥωμαίων
1699 4450 2056 4520 στρατηγούς.
2102 4469 2121 4500 ι
2168 4451 2564 4504 Ἀνταποδώσω
2634 4451 2744 4522 γὰρ
2803 4452 3018 4514 αὐτοῖς,

3076 4450 3210 4521 φησι
3235 4491 3248 4515 ,
3298 4448 3396 4511 τὰς
3461 4447 3736 4518 ἁμαρτίας

489 4545 690 4598 αὐτῶν.
728 4564 745 4596 ι
790 4548 854 4598 "A
901 4544 1010 4615 γὰρ
1068 4544 1347 4614 μεμίσηκα
1375 4585 1389 4608 ,
1444 4543 1540 4596 καὶ
1581 4543 1681 4596 οὐκ
1728 4542 2057 4614 ἠϐουλόμην,
2101 4542 2432 4610 ἐξελέξαντο.

569 4633 726 4687 Vens.
753 4635 805 4688 5.
831 4636 1019 4687 Audite
1045 4637 1248 4688 verbum
1296 4635 1503 4687 Domini
1531 4636 1619 4702 qui
1668 4635 1891 4688 tremitis
1953 4650 2064 4687 ser-

490 4741 693 4779 monem
751 4725 906 4792 ejus;
961 4726 1139 4786 dicite,
1173 4726 1361 4794 fratres
1399 4725 1561 4778 nostri
1610 4725 1675 4777 iis
1723 4726 1812 4794 qui
1845 4727 2066 4778 oderunt

489 4827 659 4879 vos,et
694 4815 1082 4879 abominantur,
1115 4826 1169 4868 ut
1225 4832 1406 4868 nomen
1470 4815 1681 4868 Domini
1722 4816 2062 4885 gloriﬁcetur,

487 4919 534 4961 et
589 4917 841 4976 appareat
889 4907 942 4961 in
989 4906 1174 4962 laetitia
1233 4921 1432 4966 eorum,
1501 4914 1551 4959 et
1588 4906 1667 4958 illi
1742 4907 2062 4975 confunden-

488 5008 593 5048 tur.

560 5085 836 5141 'l‘rausl‘ert
861 5087 1160 5154 orationem
1189 5086 1253 5139 ad
1273 5099 1484 5140 onmem
1517 5085 1792 5150 humilem,
1831 5094 1885 5140 et
1915 5085 2066 5154 quie-

492 5187 626 5238 tum,
659 5193 723 5232 ac
755 5187 1069 5232 trementem
1095 5191 1374 5232 sermones
1398 5177 1513 5246 ejus
1545 5195 1557 5229 :
1594 5193 1820 5246 quorum
1839 5177 2056 5245 quidem

492 5267 738 5331 pritnitia
791 5279 846 5321 et
893 5269 1050 5337 primi
1097 5265 1346 5327 fuerunt,
1389 5277 1443 5320 ct
1488 5268 1785 5323 secretiOue
1823 5269 2052 5335 quadam

490 5354 702 5420 selecti,
725 5357 888 5411 divini
923 5359 1192 5428 discipuli.
1222 5358 1561 5412 Protraliitur
1592 5367 1768 5410 autem
1805 5359 1883 5412 vis
1916 5374 2054 5425 pra:-

489 5444 631 5512 cepti
656 5446 720 5498 ad
740 5461 929 5500 omnes
953 5449 1044 5516 qui
1073 5449 1326 5517 deinceps
1352 5447 1718 5518 praeficiuntur
1741 5447 2053 5517 populo,qui

2253 4635 2575 4689 Ἀκούσατε
2614 4635 2679 4688 τὸ
2705 4635 2868 4704 ῥῆμα
2894 4635 3133 4703 Κυρίου,
3177 4635 3232 4687 οὶ
3279 4631 3591 4700 τρέμοντες
3630 4628 3737 4680 τὸν

2169 4727 2357 4789 λόγον
2392 4724 2612 4778 αὐτοῦ’
2659 4726 2896 4790 εἴπατε,
2944 4725 3191 4794 ἀδελφοὶ
3237 4723 3435 4793 ἡμῶν,
3477 4720 3602 4785 τοῖς
3641 4739 3739 4789 μι-

2171 4815 2398 4870 σοῦσιν
2421 4813 2576 4883 ὑμᾶς
2612 4815 2711 4868 καὶ
2737 4814 3282 4883 ,ϐδελυσσομένοια
3319 4814 3420 4865 ἵνα
3455 4812 3519 4864 τὸ
3545 4811 3729 4878 ὄνομα

2173 4904 2389 4972 Κυρίου
2437 4905 2708 4974 δοξασθῇ
2759 4907 2858 4960 καὶ
2913 4905 3069 4974 ὀρθῇ
3130 4905 3201 4958 ἐν
3258 4903 3331 4971 τῇ
3387 4903 3733 4970 εὐφροσύνῃ

2169 4993 2353 5063 ὑμῶν,
2380 4993 2642 5049 κάκεῖνοι
2676 4996 3216 5063 αἰσχυνθήσονται.

2238 5085 2537 5155 Μεθίστησι
2569 5087 2694 5149 τοὺς
2734 5086 2923 5155 λόγους
2964 5089 3055 5140 ἐπὶ
3102 5087 3279 5140 πάντα
3328 5083 3582 5137 ταπεινὸν
3641 5082 3735 5135 καὶ

2170 5175 2413 5246 ἡσύχιον,
2448 5177 2542 5229 καὶ
2564 5177 2833 5248 τρέμοντα
2855 5179 2979 5240 τοὺς
3006 5177 3196 5246 λόγους
3227 5175 3414 5238 αὑτοῦ,
3451 5169 3528 5228 ὧν
3550 5172 3613 5242 δὴ
3640 5172 3735 5224 καὶ

2165 5265 2449 5333 γεγόνασιν
2477 5267 2722 5336 ἀπαρχὴ,
2761 5268 2854 5320 καὶ
2883 5285 3109 5336 πρωτοι,
3141 5268 3235 5320 xui.
3264 5264 3568 5334 ἀπολέγδην
3601 5262 3735 5328 Eget-

2165 5355 2414 5426 λεγμένοι
2453 5359 2500 5408 οἱ
2527 5355 2804 5411 θεσπέσιοι
2837 5357 3094 5428 μαθηταί.
3137 5357 3335 5428 Τρέχει
3373 5355 3429 5408 δὲ
3456 5354 3554 5422 τῆς
3587 5354 3732 5404 ἐντος

2163 5447 2260 5516 λῆς
2304 5449 2337 5516 ἡ
2373 5445 2602 5516 δύναμις
2651 5449 2743 5502 καὶ
2787 5450 2881 5502 ἐπὶ
2914 5448 3120 5510 πάντας
3169 5444 3366 5516 ἐφεξῆς
3412 5445 3538 5507 τοὺς
3587 5439 3732 5498 λαῶν

558 5621 598 5652 έ⁵
631 5621 733 5679 lsa.
764 5637 814 5688 ν,
845 5621 933 5676 20.
1012 5623 1056 5652 ⁸⁸
1083 5621 1234 5678 Joan.
1273 5639 1348 5690 χι,
1379 5622 1468 5678 26.
1543 5623 1586 5656 ³⁷
1619 5622 1809 5680 Matth.
1844 5638 1918 5690 χι,
1947 5621 2036 5676 ‘28.

2196 5621 2350 5676 Prov.
2381 5636 2478 5691 xu,
2514 5621 2591 5674 ll.
