4042 6218
277 329 418 386 N35

1333 321 1402 377 IN
1441 321 1673 378 ιεΑιΑιι
1713 319 1840 375 LIB.
1877 320 1938 378 Ἴ.
1976 320 2215 378 TOMUS
2247 321 2336 377 Vl.

3397 325 3532 382 1456

286 443 640 518 ἡγουμένους,
702 440 750 494 οἳ
808 439 973 510 ψήφῳ
1010 436 1148 509 θείᾳ
1211 437 1682 508 κεχειροτόνηνται
1740 435 1851 491 τῶν

1982 437 2137 492 Iivino
2173 437 2380 494 calculo
2441 438 2753 509 deliguntur
2801 449 3117 496 sanctarum
3166 440 3528 500 Ecclesiarum

281 537 454 605 ἀγίων
513 531 882 602 Ἐκκλησιῶν,
941 530 1038 582 καὶ
1086 527 1198 582 τῶν
1267 529 1426 599 ἱερῶν
1484 529 1855 599 κηρυγμάτων

286 627 577 701 ίερουργοί.
622 623 842 686 Τούτοις
890 621 1171 675 ἐπιτάττει
1210 620 1407 688 λέγων’
1443 639 1461 672 ι
1497 621 1705 675 Εῑπατε
1744 622 1858 684 τοῖς

287 718 536 789 μισοῦσιν
563 717 704 786 ὑμᾶς
727 715 822 767 καὶΙ
857 713 1322 784 βδελυσσομένοις·
1344 711 1598 780 Ἀδελφοὶ
1624 710 1802 782 ἡμῶν.
1832 729 1850 762 ι

289 812 358 864 Ἦ
403 811 509 880 γὰρ
542 807 751 878 πράους
801 806 996 868 αὐτοὺς
1064 803 1309 873 βούλεται
1356 805 1452 856 καὶ
1502 802 1860 867 ἀνεξικάκους

284 897 447 957 εἶναι.
476 899 616 952 κατά
645 915 710 966 γε
741 895 840 960 τὰς
871 895 1238 964 εὑαγγελικάς
1278 893 1621 965 παραδόσεις,
1652 893 1748 946 καὶ
1773 893 1862 947 διὰ

283 994 380 1062 τῆς
403 991 482 1054 είς
511 989 664 1059 λῆξιν
691 987 1072 1060 μακροθυμίας
1105 985 1426 1056 σαγηνεύειν
1448 987 1528 1049 είς
1555 985 1862 1054 οἰκειότητα

286 1083 681 1152 πνευματικὴν,
706 1082 833 1144 τοὺς
857 1080 1240 1144 ἀνανεύοντας,
1271 1078 1364 1133 καὶ
1387 1077 1863 1148 παραιτουμένους

283 1173 382 1241 τὴν
417 1173 554 1243 προς
579 1172 776 1235 αὐτοὺς
816 1171 1102 1224 κοινωνίαν
1123 1187 1137 1201 ο
1177 1170 1348 1240 ἦγουν
1375 1169 1552 1221 ἐκεῖνό
1582 1185 1686 1220 που
1725 1168 1864 1237 τάχα

284 1263 671 1326 διακελεύεται,
699 1263 758 1316 τὸ
781 1262 1038 1333 κηρύξαι,
1072 1262 1239 1332 φημὶ,
1268 1263 1382 1324 τοῖς
1408 1259 1609 1325 ἔθνεσι,
1631 1258 1726 1312 καὶ
1765 1276 1866 1311 κα-

286 1353 438 1407 λέσαι
467 1353 602 1421 πρὸς
635 1352 966 1420 θεογνωσίαν
993 1352 1092 1422 τὴν
1126 1349 1325 1420 ἀληθῆ,
1355 1349 1482 1412 τοὺς
1507 1345 1865 1417 πεπλανημέ-

290 1461 447 1508 νους,
488 1443 581 1496 καὶ
609 1441 716 1504 τῶν
761 1441 1090 1512 ἀκαθάρτων
1122 1438 1447 1510 πνευμάτων
1483 1434 1867 1507 προσκυνητάς

301 1533 618 1598 Ἰουδαίους,
666 1535 748 1587 ὅτι
796 1533 870 1604 μὴ
919 1532 1039 1586 κατ’
1084 1533 1284 1594 αὐτοὺς
1323 1530 1568 1599 ἐδέχοντο
1614 1528 1711 1597 τὴν
1761 1543 1862 1579 πο-

289 1627 528 1692 λυθεῒαν,
579 1624 676 1678 ἕνα
726 1625 782 1678 δὲ
832 1625 927 1678 καὶ⁹
997 1622 1156 1693 φύσει
1193 1623 1288 1676 καὶ
1350 1621 1510 1692 μόνον
1555 1619 1870 1689 ὡμολόγουν

290 1713 441 1768 Θεόν·
475 1716 588 1769 ἀλλ’
624 1717 672 1768 εί
699 1715 793 1769 καὶ
832 1713 1442 1786 «Μεμισήκασι,φησὶν,
1474 1713 1644 1782 ὑμᾶς,
1685 1709 1870 1780 βδελυ-

1959 530 2334 586 etdivinorum
2362 531 2705 599 praemiorum
2739 532 3050 587 administri
3078 550 3095 586 :
3129 533 3213 587 his
3235 534 3288 588 in
3314 535 3538 588 manda-

1961 624 2032 679 tis
2056 624 2168 688 dat,
2199 623 2482 691 inquiens:
2549 640 2569 674 ι
2614 623 2787 679 Dicite
2829 625 2896 679 iis
2944 624 3036 693 qui
3069 625 3302 679 oderunt
3329 640 3444 689 vos,
3481 633 3536 680 et

1961 714 2372 781 abominantur,
2420 715 2617 768 fratres
2649 716 2844 769 nostri.
2883 735 2902 768 ι
2938 717 3043 769 Aut
3091 717 3234 770 enim
3287 718 3397 772 vult
3443 733 3537 772 eos

1963 806 2122 861 mites
2162 816 2352 861 esseet
2379 807 2640 860 malorum
2687 806 3005 873 tolerantes,
3026 808 3320 861 secundum
3368 811 3538 863 tradi—

1966 899 2140 954 tiones
2178 899 2538 969 evangelicas,
2590 906 2646 951 et
2706 912 2916 952 summa
2972 899 3248 968 patientia,
3285 900 3351 954 ad
3378 900 3540 968 spiri-

1964 991 2164 1045 tualem
2202 991 2636 1058 coniunctionem
2661 989 2908 1046 inescare
2937 1007 3030 1046 eos
3075 992 3166 1062 qui
3209 1003 3444 1046 renuunt
3487 1003 3542 1048 et

1967 1080 2240 1150 refugiunt
2290 1081 2528 1150 ipsorum
2587 1083 2930 1148 sodalitium;
2984 1091 3076 1137 aut
3113 1083 3238 1136 illud
3296 1083 3543 1137 fortassis

1966 1173 2188 1226 mandat
2211 1182 2267 1225 ut
2293 1173 2606 1242 praedicent,
2632 1175 2827 1244 inquit,
2858 1173 3129 1243 gentibus,
3159 1182 3214 1227 et
3237 1182 3428 1227 vocent
3475 1173 3543 1226 ad

1967 1277 2147 1316 veram
2185 1262 2277 1316 Dei
2301 1263 2659 1331 cognitionem
2685 1279 2776 1318 eos
2809 1263 2899 1332 qui
2937 1270 3279 1325 erraverunt,
3305 1260 3546 1317 Judteoso

1967 1367 2074 1421 que
2137 1351 2538 1406 immundorum
2603 1352 2890 1421 spirituum
2951 1350 3226 1414 cultores;
3265 1351 3393 1419 quia
3439 1365 3544 1404 non

1972 1445 2046 1509 bi,
2078 1451 2135 1497 ut
2160 1442 2232 1497 illi
2267 1443 2559 1498 multorum
2584 1445 2806 1499 deorum
2833 1443 3036 1499 cultum
3065 1450 3412 1509 receperunt,
3454 1440 3546 1496 sed

1971 1551 2135 1589 unum
2159 1544 2216 1590 et
2236 1544 2427 1589 natura
2453 1550 2518 1590 ac
2559 1536 2732 1592 solum
2764 1537 2930 1591 Deum
2982 1533 3215 1591 confessi
3244 1542 3388 1589 sunt.
3443 1531 3549 1588 Sed

1972 1628 2208 1692 etiamsi,
2250 1628 2443 1697 inquit,
2471 1647 2492 1680 ι
2527 1629 2652 1684 odio
2680 1638 3082 1699 prosequantur
3109 1642 3227 1692 vos,
3250 1636 3306 1683 et
3331 1626 3552 1682 credant

1975 1731 2072 1772 vos
2117 1733 2237 1772 esse
2289 1717 2702 1785 abominabiles,
2749 1718 3056 1789 proferatur
3076 1729 3255 1772 tamen
3291 1715 3372 1772 sic
3412 1714 3553 1784 apud

295 1806 422 1877 ροὺς
468 1802 607 1860 εἶναι
667 1805 1167 1877 καταλογιζόμενοι,
1229 1803 1596 1876 προτεινέσθω
1643 1803 1738 1856 καὶ
1776 1799 1869 1854 οῦ-

1982 1824 2068 1864 eos
2100 1809 2298 1874 oratio,
2355 1819 2410 1864 et
2448 1811 2675 1864 fratrum
2705 1787 2822 1866 loco
2872 1814 3162 1874 ducantur,
3237 1816 3298 1862 ut
3359 1820 3551 1862 nomen

291 1915 399 1960 τως
427 1899 614 1961 αὐτοῖς
645 1899 673 1951 ὁ
701 1899 830 1968 παρ’
863 1899 1017 1968 ὑμῶν
1057 1897 1232 1966 λόγος,
1281 1896 1378 1950 καὶ
1421 1897 1480 1948 ὲν
1515 1894 1666 1960 τάξει
1700 1910 1870 1948 κατα-

291 1989 694 2060 λογιζέσθωσαν
725 1989 988 2058 ἀδελφῶν,
1043 1991 1131 2044 ἵνα
1167 1988 1228 2041 τὸ
1264 1988 1434 2059 ὄνομα
1463 1987 1672 2058 Κυρίου
1713 1986 1872 2052 δοξαο

295 2077 416 2148 σθῇ.
453 2096 474 2129 ι
507 2077 910 2148 Σεσαγήνευται
960 2077 1070 2150 γάρ
1107 2076 1216 2130 τῶν
1247 2077 1414 2132 ἐθνῶν
1459 2079 1493 2148 ἠ
1540 2076 1748 2148 πληθύς
1793 2077 1874 2140 είς

292 2167 446 2234 δόξαν
475 2168 714 2240 Χριστοῦ
739 2210 754 2234 ,
791 2170 886 2223 καὶ
935 2171 1157 2238 γέγονεν
1198 2169 1448 2240 ἐμφανὴς
1482 2171 1540 2222 ὲν
1570 2171 1637 2240 τῇ
1677 2169 1875 2240 εὐφρο-

297 2256 430 2329 σύνῃ
451 2288 453 2290 -
474 2258 686 2311 αὐτῶν
738 2259 1178 2331 εὐφραινομένων
1204 2259 1314 2330 γὰρ
1341 2259 1449 2312 τῶν
1481 2259 1648 2314 ἐθνῶν
1689 2259 1781 2314 ἐπὶ
1805 2263 1872 2331 τῇ

296 2348 428 2418 παρ’
458 2346 625 2400 αὑτοῦ
671 2348 854 2420 χάριτι
887 2350 983 2402 καὶ
1027 2350 1271 2420 σωτηρίᾳ
1291 2387 1306 2411 ,
1338 2349 1788 2420 κατῃσχύνθησαν
1825 2353 1906 2404 οἱα

296 2437 356 2503 ἐξ
415 2439 631 2510 Ἰσραὴλ
685 2439 760 2502 ὠς
818 2440 1138 2510 ἀπόϐλητοι,
1185 2441 1281 2494 καὶ
1331 2441 1719 2512 μεμισημένοι,
1781 2444 1876 2496 καὶ

296 2530 554 2603 ἀμέτοχοι
587 2532 866 2594 παντελῶς
903 2532 1006 2602 τῆς
1042 2531 1150 2586 τῶν
1178 2533 1351 2601 ἁγίων
1385 2533 1620 2598 ἐλπίδος,
1643 2536 1739 2588 καὶ
1767 2536 1878 2588 τῶν

299 2626 429 2695 παρ’
455 2623 622 2677 αὑτοῦ
650 2623 1042 2696 δεδωρημένων
1067 2626 1180 2688 τοῖς
1210 2622 1554 2677 πιστεύουσιν
1580 2627 1659 2688 εις
1691 2625 1874 2680 αὐτόν·

299 2715 500 2769 ειδέναι
536 2715 592 2768 δὲ
622 2717 945 2783 ἀναγκαῖον,
991 2714 1072 2767 ὅτι
1119 2713 1350 2785 νομικὴν
1381 2714 1605 2768 λέλυκεν
1634 2716 1876 2787 ἐντολὴν,

300 2806 562 2874 ἀδελφοὺς
589 2806 880 2875 ὀνομάζειν
912 2803 1175 2867 κελεύσας
1200 2807 1329 2868 τοὺς
1356 2805 1418 2870 ἔξ
1451 2806 1647 2860 ὲθνῶν.
1693 2805 1880 2861 Ἀπεί-

302 2913 437 2970 ρητο
468 2896 576 2966 γάρ
601 2898 713 2958 τοῖς
741 2896 799 2961 ἐξ
841 2895 1058 2967 Ἰσραὴλ
1084 2896 1142 2948 τὸ
1173 2896 1674 2950 συναναπλέκεσθαι
1703 2897 1880 2967 φιλεῖν

299 2991 413 3052 τοῖς
440 2987 897 3059 πεπλανημένοις.
935 3007 953 3038 ι
986 2988 1062 3040 Οὐ
1092 2988 1200 3058 γὰρ
1225 2987 1482 3058 λαλήσεις
1514 2990 1699 3054 αὐτοῖς
1726 2991 1882 3061 εἰρη-

1977 1899 2186 1954 Domini
2211 1899 2445 1969 gloriose
2476 1901 2816 1969 praedicetur.
2849 1920 2869 1952 ι
2906 1901 3114 1956 lrretita
3143 1901 3289 1955 enim
3322 1909 3399 1954 est
3419 1913 3552 1968 gen-

1978 1990 2108 2045 tium
2147 1992 2434 2047 multitudo
2456 1994 2520 2047 ad
2551 1993 2774 2062 gloriam
2800 1992 3023 2057 Christi,
3057 2001 3113 2046 et
3135 1992 3186 2045 in
3213 2004 3398 2044 earum
3420 1987 3555 2041 Ia'ti-

1979 2083 2046 2137 tia
2071 2085 2338 2156 apparuit.
2359 2084 2693 2140 Lastantibus
2706 2085 2849 2140 enim
2884 2085 3134 2153 gentibus
3159 2082 3224 2136 de
3237 2081 3409 2148 gratia
3429 2078 3547 2146 ejus

1976 2183 2035 2230 et
2071 2176 2268 2242 salute,
2301 2176 2510 2233 confusi
2541 2187 2669 2231 sunt
2692 2176 2964 2242 lsraelitaa,
2989 2185 3047 2229 ut
3079 2173 3258 2244 reiecti
3293 2171 3459 2243 910
3504 2180 3560 2224 et

1977 2268 2102 2323 odio
2134 2268 2408 2334 habiti,ac
2441 2270 2662 2324 omnino
2691 2279 2941 2339 expertes
2993 2269 3106 2338 spei
3148 2276 3484 2330 sanctorum,
3505 2271 3561 2316 et

1976 2371 2160 2414 eorum
2189 2375 2310 2429 qua:
2335 2361 2461 2414 data
2490 2371 2616 2415 sunt
2636 2361 2708 2414 ab
2733 2361 2848 2430 ipso
2873 2358 3238 2414 credentibus.
3268 2354 3558 2410 Sciendum

1981 2459 2160 2504 autem
2191 2462 2274 2506 est
2316 2453 2624 2506 necessario
2651 2451 2876 2506 solvisse
2897 2465 3020 2504 eum
3047 2449 3182 2519 legis
3201 2455 3524 2516 przeceptum
3544 2485 3559 2510 ,

1979 2559 2100 2598 cum
2135 2543 2325 2612 jnbeat
2352 2545 2633 2598 nominare
2667 2543 2864 2596 fratres
2895 2557 2988 2596 eos
3018 2542 3107 2609 qui
3154 2547 3280 2593 sunt
3305 2552 3373 2592 ex
3432 2552 3564 2607 gen-

1982 2635 2146 2690 tibus.
2173 2633 2460 2688 lnterdixit
2485 2636 2626 2688 enim
2653 2633 2932 2696 lsraelitis,
2965 2646 3032 2684 ne
3051 2629 3440 2684 commercium
3469 2626 3566 2678 ha-

1981 2727 2174 2782 berent
2200 2741 2322 2780 cum
2355 2726 2438 2780 his
2464 2727 2555 2794 qui
2591 2726 2642 2778 in
2669 2739 2858 2778 errore
2921 2723 3120 2776 versati
3166 2727 3314 2774 sunt.
3368 2735 3388 2768 ι
3447 2715 3561 2772 Non

1982 2819 2126 2872 enim
2191 2818 2426 2884 loqueris
2472 2831 2658 2884 pacem
2710 2815 2852 2879 illis,
2921 2813 3096 2881 inquit
3156 2812 3239 2866 lex
3291 2808 3556 2874 Mosaica,

1983 2922 2082 2962 nec
2108 2908 2345 2962 elocabis
2375 2907 2481 2962 illis
2526 2906 2692 2960 filiam
2742 2915 2912 2969 tuam,
2952 2919 3050 2958 nec
3087 2902 3242 2956 dabis
3280 2901 3392 2955 tilio
3423 2899 3565 2968 ejus.

1985 3014 2086 3053 nec
2116 2999 2278 3052 t‘illam
2319 2997 2440 3067 ejus
2466 2998 2700 3067 accipies
2722 2997 2830 3050 [ilio
2859 3007 2974 3059 tuo,
3015 3009 3081 3048 ne
3127 2998 3336 3047 avertat
3397 2991 3565 3045 tilium

305 3079 487 3142 νικά,›
521 3080 684 3149 φησὶν
724 3081 752 3133 ό
778 3080 866 3132 διὰ
917 3079 1160 3142 Μωσέως
1205 3080 1404 3149 νόμος,
1439 3098 1459 3131 ‹
1491 3080 1612 3133 οὐδὲ
1647 3080 1738 3161 μὴ⁸
1761 3082 1879 3133 έπι-

1985 3101 2180 3144 tuuma
2215 3106 2319 3153 me,
2357 3100 2412 3146 et
2462 3091 2623 3144 abeat
2675 3091 2988 3156 serviatque
3056 3085 3159 3140 diis
3198 3084 3388 3139 alienis
3445 3083 3515 3136 ⁸³.
3545 3102 3563 3134 ι

302 3169 675 3240 γαμϐρεύσεις
697 3171 908 3232 αὐτοῖς·
940 3169 1038 3239 τὴν
1069 3168 1344 3238 θυγατέρα
1376 3186 1468 3222 σου
1498 3171 1558 3222 οὐ
1585 3169 1780 3233 δώσεις
1802 3169 1879 3240 τῷ

1990 3180 2185 3234 Verum
2228 3181 2280 3234 in
2313 3181 2529 3235 Christo
2555 3181 2692 3235 facta
2727 3191 2852 3233 sunt
2885 3181 3046 3234 ambo
3092 3192 3282 3242 unum,
3311 3186 3366 3230 et
3425 3174 3571 3230 solu-

306 3260 407 3332 υίῷ
451 3259 641 3326 αὑτοῦ,
687 3261 808 3313 οὐδὲ
836 3259 934 3329 τὴν
962 3258 1238 3328 θυγατέρα
1285 3258 1452 3312 αὐτοῦ
1486 3258 1630 3331 λήψῃ
1665 3257 1744 3329 τῷ
1780 3258 1883 3329 υἱῷ

307 3369 425 3406 σου·
477 3351 563 3405 ἵνα
597 3350 672 3422 μὴ
702 3351 990 3422 ἀποστήσῃ
1018 3349 1110 3401 τὸν
1161 3350 1276 3402 υίόν
1334 3367 1429 3402 σου
1462 3350 1557 3402 ἀπ’
1586 3349 1744 3419 ἐμοῦ,
1789 3351 1886 3404 καὶ

306 3443 592 3517 πορευθεὶς
624 3443 894 3514 λατρεύση
930 3442 1073 3504 θεοῖς
1095 3441 1323 3511 ἑτέροις.
1354 3459 1374 3492 ι
1419 3440 1558 3496 Ἀλλ’
1593 3442 1651 3493 ὲν
1673 3443 1892 3513 Χριστῷ

1991 3277 2106 3322 tum
2162 3270 2509 3323 iuterstitium
2569 3271 2838 3331 macerias,
2859 3277 2914 3322 et
2947 3270 3145 3323 abolita
3171 3277 3255 3323 est
3295 3267 3380 3321 lex
3418 3278 3564 3336 pra:-

1997 3367 2276 3426 ccptorum
2331 3358 2386 3411 in
2433 3357 2724 3427 dogmatis.
2776 3373 2795 3406 ι
2845 3355 2939 3410 Est
2987 3355 3129 3410 enim
3175 3354 3288 3424 ipse
3328 3366 3429 3422 pax
3479 3363 3572 3403 no-

2003 3460 2118 3502 stra
2141 3450 2208 3501 ⁹⁰.
2247 3467 2265 3500 ι

306 3538 497 3607 γέγονε
523 3537 592 3591 τὰ
619 3537 909 3606 ἀμφότερα
956 3535 1034 3598 ἓν,
1066 3537 1161 3587 καὶ
1228 3533 1449 3587 λέλυται
1493 3533 1554 3588 τὸ
1602 3536 1916 3608 μεσότοιχον
1989 3541 2084 3595 τοῦ
2141 3541 2418 3613 φραγμοῦ,
2467 3541 2814 3611 κατήργηται
2870 3537 2926 3591 δὲ
2985 3537 3080 3590 κα)⁸
3132 3537 3161 3588 δ
3217 3535 3401 3605 νόμος⁹
3460 3532 3575 3586 τῶν

306 3629 538 3685 ἀντολῶν
562 3631 620 3682 ὲν
647 3628 909 3698 δόγμασι’
947 3646 966 3678 ι
1002 3629 1111 3680 Καὶ
1129 3626 1239 3697 γάρ
1269 3629 1418 3679 ἐστιν
1474 3626 1638 3689 αὐτὸς
1661 3629 1695 3697 ὴ
1729 3629 1918 3702 εἰρήνη
1959 3633 2139 3704 ήμῶν,
2176 3652 2194 3684 ι

380 3743 554 3810 Φωνὴ
607 3739 874 3810 κραυγῆς
906 3741 976 3794 ἐκ
1029 3740 1295 3805 πόλεως,
1369 3738 1539 3807 φωνὴ
1583 3739 1652 3791 ἐκ
1705 3737 1882 3804 ναοῦ,

310 3837 482 3910 φωνὴ
527 3836 748 3904 Κυρίου
777 3830 1284 3896 ἀνταποδιδόντος
1321 3829 1737 3884 ἀνταπόδοσιν
1761 3831 1887 3898 τοῖς

311 3926 762 3993 ἀντικειμένοις.

383 4018 588 4081 Εἰπὼν,
611 4019 694 4070 ὃτι
733 4036 748 4069 ι
782 4015 954 4084 Κάγὼ
978 4013 1266 4084 ὲκλέξομαι
1303 4011 1372 4066 τά
1397 4012 1759 4082 ὲμπαίγματα
1797 4011 1890 4064 αύ-

312 4110 444 4172 τῶν,
474 4110 570 4163 καὶ
597 4109 696 4172 τάς
729 4107 1003 4180 ἁμαρτίας
1033 4105 1212 4158 αὐτῶν
1234 4103 1598 4157 ἀνταποδώσω
1629 4105 1835 4166 αὐτοῖς,
1863 4121 1882 4154 ι

314 4201 670 4255 διαδείκνυσιν
700 4200 864 4264 εὐθὺς
909 4199 1019 4251 τῶν
1066 4195 1468 4266 ἀπειληθέντων
1515 4195 1615 4266 τὴν
1647 4193 1892 4261 ἔκϐασιν,

2063 3724 2225 3778 Vens.
2251 3722 2304 3777 6.
2348 3719 2460 3774 Vox
2488 3719 2734 3772 clamoris
2769 3717 2835 3770 de
2882 3717 3117 3781 civitate,
3176 3729 3277 3768 uox
3317 3714 3382 3767 de
3441 3723 3574 3767 tent—

1988 3815 2098 3886 pla,
2141 3830 2240 3868 vox
2296 3812 2509 3867 Domini
2540 3808 2884 3865 retribuentis
2945 3805 3343 3860 retributionem
3389 3805 3576 3860 adver-

1992 3907 2172 3961 sariis.

2064 3998 2197 4053 Cum
2229 3996 2468 4051 dixerit:
2512 4012 2532 4046 ι
2573 3992 2637 4046 Ει
2660 4006 2762 4059 ego
2783 3990 2978 4061 eligam
3011 3987 3242 4040 ludibria
3273 4001 3486 4050 eorum,
3520 3994 3576 4041 et

1993 4099 2212 4160 peccata
2245 4101 2433 4142 eorum
2472 4080 2908 4142 retribuamillis,
2946 4098 2964 4130 ι
2992 4078 3171 4130 statim
3221 4076 3460 4131 ostendit
3485 4091 3576 4131 eo-

1993 4196 2111 4234 rum
2151 4193 2271 4248 quaa
2303 4176 2664 4232 comminatus
2693 4181 2778 4227 est
2800 4170 3029 4231 exitum,
3062 4177 3117 4222 et
3152 4166 3442 4244 jamquasi
3477 4165 3575 4222 ho-

315 4292 410 4348 καὶ⁵
439 4292 514 4355 ὼς
540 4291 638 4362 ἤδη
665 4290 772 4343 τῶν
807 4257 1082 4357 πολεμίων
1126 4285 1227 4356 τήν
1251 4257 1332 4337 ’τε
1376 4284 1531 4336 πόλιν
1561 4257 1764 4349 αὐτῶν,
1801 4283 1879 4336 κα¹

1992 4273 2152 4327 stium
2181 4271 2456 4325 civitatem
2516 4267 2688 4336 ipsam
2744 4273 2801 4318 et
2864 4259 3121 4328 templum
3160 4257 3575 4320 devastantium,

432 4345 887 4451 va'bv'ﬁpqxétwv,
920 4345 1102 4447 (ρωνὴν
1136 4345 1202 4427 ἐκ
1235 4374 1463 4440 πόλεως,
1491 4375 1586 4427 καὶ
1615 4345 1799 4444 φωνην
1827 4376 1879 4426 ὲν

2001 4377 2182 4418 vocem
2205 4362 2272 4416 de
2303 4359 2540 4422 civitate,
2557 4366 2613 4411 et
2637 4369 2819 4410 vocem
2851 4353 2918 4408 de
2952 4350 3150 4419 templo
3200 4348 3398 4402 editam
3458 4358 3578 4400 esse

318 4473 450 4530 ναοῦ
479 4473 729 4542 γενέσθαι
759 4471 944 4540 φησὶν,
974 4469 1051 4532 ὼς
1095 4467 1297 4537 ἀναμὶξ
1331 4467 1628 4520 κλαιόντων
1677 4467 1894 4538 ἱερουρο

317 4563 454 4632 γῶν,
508 4563 603 4615 καὶ
646 4559 1087 4631 συνθρηνούντων
1133 4558 1384 4630 ἀλλήλοις
1417 4557 1526 4610 τῶν
1565 4557 1752 4610 λαῶν’
1797 4558 1895 4610 καὶ

322 4656 433 4725 γὰρ
461 4649 529 4724 ἦν
563 4651 726 4714 εἰκὸς,
761 4651 863 4718 τῆς
897 4649 991 4702 τοῦ
1030 4650 1267 4720 πολέμου
1304 4650 1587 4720 συμφορᾶς
1616 4665 1897 4718 κατακρα-

320 4745 521 4814 τούσης
550 4742 748 4806 αὐτῶν,
778 4740 994 4810 θρηνεῖν
1034 4756 1094 4792 τε
1133 4740 1227 4792 καὶ
1269 4738 1666 4810 ὀλοφύρεσθαι’
1699 4738 1760 4790 οὐ
1791 4737 1898 4806 γάρ

322 4833 391 4909 ἦν
419 4836 710 4896 ἀπόνευσις
754 4830 849 4885 τοῦ
879 4830 1072 4892 κακοῦ,
1108 4829 1314 4899 Κυρίου
1333 4829 1390 4882 δὲ
1422 4829 1606 4899 φωνὴν
1643 4828 1894 4898 γενέσθαι

325 4929 492 5001 φησὶν
521 4946 540 4979 ι
575 4924 1017 4986 ἀνταποδιδόντος
1049 4921 1408 4976 ἀνταπόδοσιν
1449 4925 1561 4986 τοῖς
1589 4921 1901 4992 ἀντικειμέ-

326 5037 459 5083 νοις,
499 5038 516 5071 ι
554 5011 666 5070 οἷον
717 5015 1096 5077 ἐπιτάττοντος
1145 5012 1241 5064 καὶ
1286 5009 1734 5081 διακελευομένου
1784 5013 1898 5072 τοῖς

327 5111 691 5183 ὀλοθρευταῖς,
733 5104 1009 5178 φείδεσθαι
1054 5103 1163 5158 τῶν
1207 5103 1442 5157 ἁλόντων
1488 5103 1729 5166 οὐδενὸς,
1771 5105 1896 5156 ὲπι-

330 5205 505 5273 πηδᾷν
533 5202 589 5254 δὲ
617 5199 813 5271 μᾶλλον
844 5197 1052 5268 ἀγρίως
1071 5199 1184 5260 τοῖς
1210 5193 1629 5265 ἀντικειμένοις,
1658 5195 1752 5247 καὶ
1784 5193 1902 5246 ούτι

330 5313 435 5351 που
481 5294 696 5354 πάντως
747 5292 868 5353 ταῖς
920 5288 1031 5342 τῶν
1073 5286 1455 5357 πολεμούντων
1494 5288 1712 5357 ὁρμαῖς,
1761 5284 1898 5337 ἀλλά

328 5386 439 5456 γὰρ
481 5383 745 5454 θελήμασι
787 5383 900 5442 τοῖς
942 5379 1281 5440 δεσποτικοῖς
1319 5393 1334 5407 ο
1359 5376 1519 5430 τοῦτο
1571 5377 1680 5445 γὰρ
1717 5375 1905 5440 αὐτοῖς

329 5477 521 5547 γέγονε
553 5475 808 5547 πρόξενον
834 5472 929 5525 τοῦ
961 5472 1055 5524 καὶ
1088 5470 1311 5532 ἁλῶναι,
1341 5469 1435 5522 καὶ
1474 5468 1691 5521 παθεῖν.

403 5569 552 5636 Πρὶν
575 5566 614 5635 ἢ
652 5565 766 5633 τὴν
791 5563 1134 5618 ὠδίνουσαν
1157 5559 1370 5626 τεκεῖν,
1403 5559 1544 5628 πρὶν
1572 5557 1776 5614 ἐλθεῖν
1799 5557 1905 5613 τὸν

405 5743 449 5776 ⁸⁹
481 5743 632 5797 Deut.
667 5756 762 5809 vtt,
798 5741 833 5792 2
864 5739 914 5792 ί.
993 5737 1036 5768 ⁹⁰
1061 5735 1256 5805 Ephes.
1296 5751 1356 5802 ιι,
1393 5734 1476 5788 Η.

1999 4455 2226 4515 dicil,et
2266 4451 2638 4506 ministrorum
2690 4443 2848 4501 simul
2932 4457 3054 4497 cum
3089 4439 3282 4511 populo
3313 4436 3577 4497 ﬂentium,

1999 4555 2052 4601 et
2083 4546 2224 4597 inter
2243 4557 2302 4597 se
2325 4537 2796 4610 complorantium.
2830 4532 2964 4589 Nam
2994 4547 3113 4586 cum
3148 4530 3274 4585 belli
3305 4527 3583 4583 calamita-

2007 4635 2149 4689 tibus
2177 4633 2410 4686 ferendis
2432 4645 2589 4699 pares
2640 4643 2746 4684 non
2781 4635 2985 4690 essent,
3014 4624 3142 4678 flere
3191 4636 3288 4676 eos
3337 4633 3434 4688 par
3479 4616 3581 4670 fuit

2005 4735 2059 4781 et
2093 4725 2324 4794 plorare.
2359 4721 2512 4776 Nulla
2571 4722 2717 4776 enim
2735 4728 2854 4773 erat
2886 4717 3011 4771 mali
3052 4713 3326 4770 evitatioa
3368 4709 3578 4764 Domini

2005 4828 2184 4870 autem
2246 4829 2435 4870 vocem
2489 4813 2655 4868 fuisse
2714 4811 2880 4878 dicit,
2932 4806 3282 4863 retribuentis
3334 4801 3577 4856 retribu-

2006 4910 2205 4964 tionem
2263 4905 2608 4968 adversariis,
2638 4923 2657 4957 ι
2693 4913 2750 4958 et
2793 4902 3157 4971 pracipientis
3196 4912 3261 4951 ac
3287 4895 3566 4964 imperano

2007 5001 2076 5055 tis
2126 4999 2486 5053 vastatoribus
2524 5006 2593 5065 ,ιιι
2643 4995 2841 5050 nullius
2894 4991 3093 5060 captivi
3150 4984 3577 5043 misericordiam

2003 5093 2239 5162 capiant,
2269 5091 2360 5146 sed
2395 5099 2454 5145 ut
2481 5089 2770 5145 crudeliter
2799 5087 3035 5142 insiliant
3097 5083 3150 5137 in
3200 5076 3577 5138 adversarios;

2004 5197 2105 5236 nec
2126 5180 2504 5234 tantummodo
2534 5177 2847 5232 bellantium
2881 5175 3104 5242 impetu,
3136 5171 3228 5225 sed
3267 5176 3321 5223 et
3376 5163 3578 5220 domini

2005 5272 2300 5328 voluntate.
2324 5271 2432 5324 Hoc
2463 5269 2604 5323 enim
2637 5267 2744 5322 illis
2777 5266 2830 5320 in
2852 5279 3015 5320 causa
3047 5261 3165 5328 fuit,
3202 5274 3298 5316 cur
3324 5270 3581 5325 caperen-

2009 5371 2097 5415 tur
2128 5371 2180 5414 et
2198 5359 2578 5430 amigerentur.

2085 5557 2245 5612 VEBS.
2287 5557 2403 5612 7-9.
2431 5555 2717 5623 Antequam
2744 5546 3046 5618 parturiens
3063 5552 3260 5613 pariat,
3299 5549 3578 5610 antequam
