4042 6218
616 295 757 355 1455

1609 301 1666 356 S.
1706 299 1980 356 CYRILLI
2013 301 2484 358 ALEXANDRINI
2521 302 2841 360 ARCHIEP.

3731 308 3893 364 M56

613 439 780 494 venint
809 440 959 493 labor
985 441 1393 510 parturiginum,
1419 440 1625 509 eﬂ'ugit,
1672 451 1720 494 et
1766 443 1960 509 peperit
1986 457 2184 494 mascu-

2293 423 2486 476 πόνον
2532 421 2651 475 τῶν
2685 421 2912 474 ὠδίνων
2945 421 3224 490 ἐξέφυγε,
3256 420 3355 472 καὶ
3409 420 3613 473 ἔτεκεν
3644 420 3879 487 ἄρσεν.

611 529 740 584 lunt.
773 529 903 595 Quis
920 532 1120 584 audiuit
1159 531 1329 584 tales?
1361 534 1536 599 etquis
1568 533 1693 584 cidit
1713 533 1814 586 s’c?
1839 530 1980 585 Nunt
2005 545 2191 601 partu-

613 621 733 675 rivit
777 631 920 676 terra
971 639 1073 676 uno
1117 623 1513 686 die,~outetiam
1541 625 1751 676 condita
1775 633 1852 677 est
1902 641 2026 692 gens
2079 633 2189 676 tota

612 713 798 774 simul,
841 713 964 780 quia
1018 715 1316 780 parturivit,
1344 725 1390 766 et
1412 716 1604 781 peperit
1648 713 1775 768 Sion
1809 715 1999 768 liberos
2024 715 2190 768 suos?

615 803 726 870 Ego
751 815 922 858 autem
951 806 1071 858 dedi
1095 809 1525 873 exspectationem
1550 808 1704 864 hanc.
1729 819 1776 861 et
1807 823 1908 861 non
1951 809 2191 862 recorda-

615 906 667 949 ta
683 903 756 947 est
774 898 894 956 mei.
918 897 1049 950 dixit
1074 897 1345 952 Dominus.
1376 897 1559 953 Nonne
1580 915 1670 969 ego
1697 901 1979 961 parientem
2015 901 2069 953 et
2087 911 2191 954 ste-

617 986 762 1038 rilem
793 985 908 1052 feri,
929 988 1063 1040 dixit
1095 987 1344 1042 Dominus
1364 991 1390 1042 .’

688 1077 883 1132 lterum
926 1082 1082 1134 docet
1111 1096 1213 1134 non
1241 1081 1480 1134 iuntlitus
1517 1081 1780 1148 perditum
1813 1080 1876 1135 iri
1911 1079 2186 1137 lsraelem.

617 1166 905 1237 Postquam
937 1170 1080 1224 enim
1113 1171 1165 1224 in
1220 1171 1531 1226 universum
1589 1172 1835 1241 prtetlixit
1888 1171 2186 1228 Jerusalem

615 1261 1222 1328 captivitatem;rursus
1246 1264 1406 1334 911
1462 1263 1592 1319 facit
1645 1265 1975 1319 mentionem
2059 1266 2187 1319 reli-

616 1369 866 1424 quiarum
899 1369 965 1408 ex
1002 1354 1283 1410 electione.
1329 1355 1550 1411 Servata
1589 1368 1669 1412 est
1692 1358 1834 1411 enim
1871 1372 1974 1411 non
1997 1358 2185 1426 exigua

617 1445 924 1509 multitudo,
944 1461 1040 1514 per
1071 1447 1228 1500 [idem
1254 1447 1503 1502 videlicet
1535 1448 1585 1500 in
1608 1447 1846 1502 Christo.
1874 1447 1982 1500 Iloc
2006 1455 2185 1500 auth

616 1536 922 1605 signiﬁcare
943 1537 1103 1593 vult:
1154 1538 1479 1593 Debacchati
1514 1539 1660 1590 enim
1727 1546 1853 1592 sunt
1906 1538 1959 1590 in
2015 1537 2185 1605 ipsum

614 1625 807 1690 Judaei,
835 1637 890 1682 et
912 1629 1210 1697 principem
1248 1630 1372 1683 vitze
1432 1629 1840 1684 interfecerunt.
1895 1627 2186 1698 Postquam

617 1727 796 1771 autem
829 1719 1046 1782 revixit,
1096 1720 1301 1774 calcata
1357 1728 1552 1781 morte,
1596 1720 1860 1788 rediitque
1912 1720 1978 1772 ad
2027 1720 2190 1772 coele-

2295 515 2389 579 Τίς
2418 512 2645 580 ἤκουσε
2679 513 2967 577 comi-tor;
3013 511 3108 564 καὶ
3140 513 3230 577 τίς
3259 512 3519 579 ἑώρακεν
3547 511 3766 576 οὓτως-ς
3803 512 3889 564 El

2287 608 2461 662 ῶδινε
2490 606 2564 677 γῆ
2585 608 2654 660 ἐν
2675 605 2776 674 μιᾷ
2806 607 3012 675 ἡμέρᾳ,
3053 605 3090 671 ἧ
3126 602 3500 675 καὶέτέο[χ]η
3536 603 3713 668 ἔθνος
3734 604 3890 656 εισ-

2287 698 2470 763 ιὶπαξ,
2504 699 2595 752 ὅτι
2616 698 2791 752 Mira
2820 698 2916 751 καὶ
2941 697 3106 751 ἔτεκε
3138 694 3288 749 Σιὼν
3309 695 3380 748 τὰ
3411 693 3623 747 παιδία·
3644 692 3890 759 αὑτῆς-ζ

2301 790 2446 860 Ἐγὼ
2473 791 2541 842 δὲ
2565 790 2756 844 ἔδωκα
2785 788 2900 856 τὴν
2927 788 3299 850 προσδοκίαν
3343 787 3583 850 ταύτην,
3607 786 3708 839 καὶ
3746 787 3885 838 οὐκ

2287 880 2559 950 ἐμνήσθη
2588 898 2728 948 μου,
2769 877 2899 933 εἶπε
2928 882 3159 946 Κύριος.
3198 880 3318 931 Οὐκ
3350 877 3476 930 ἰδοὺ
3493 877 3602 946 ἐγὼ
3636 875 3882 946 γεννῶ-

2287 989 2410 1027 σαν
2451 974 2546 1026 καὶ
2574 973 2818 1040 0:37pm-
2850 973 3109 1038 ἐποίησα
3127 1013 3140 1034 ,
3169 972 3299 1024 εἷπε
3321 973 3570 1037 Κύριος;

2365 1068 2485 1119 Ὀτι
2519 1066 2594 1136 μὴ
2625 1065 2902 1136 ὁλόῤῥιζος
2951 1066 2981 1117 ὁ
3036 1062 3251 1135 Ἰσραὴλ
3273 1061 3573 1123 ἀπολεῖται,
3613 1060 3881 1113 διδάσκει

2289 1162 2468 1216 πάλιν.
2511 1158 2725 1228 Ἐπειδὴ
2759 1157 2867 1227 γὰρ
2903 1157 3041 1219 ὅλως
3087 1157 3588 1227 προαναπεφώνηκε
3646 1156 3714 1222 τῇ
3764 1153 3878 1206 Ἱε-

2290 1249 2570 1324 ρουσαλὴμ
2601 1250 2698 1315 τὴν
2742 1248 2963 1308 ἅλωσιν,
3003 1246 3372 1316 διαμέμνηται
3406 1245 3569 1299 πάλιν
3601 1244 3697 1296 τοῦ
3736 1244 3878 1296 κατ’

2286 1341 2515 1412 ἐκλογὴν
2563 1339 3034 1408 καταλείμματος·
3089 1339 3357 1391 σέσωσται
3405 1336 3512 1406 γὰρ
3554 1336 3655 1388 οὐκ
3704 1335 3875 1402 ὀλίγη

2288 1435 2518 1504 πληθὺς,
2574 1431 2658 1485 διὰ
2707 1431 2940 1493 πίστεως
2981 1430 3036 1482 δὲ
3064 1429 3304 1499 δηλονότι
3348 1430 3449 1496 τῆς
3498 1428 3555 1479 ἐν
3592 1426 3828 1495 Χριστῷ
3860 1445 3872 1454 ·

2289 1525 2536 1596 βούλεται
2577 1523 2634 1577 δέ
2671 1541 2722 1577 τι
2759 1519 3001 1576 τοιοῦτον
3041 1519 3369 1588 ὑποδηλοῦν·
3429 1522 3876 1588 πεπαρῳνήκασι

2284 1615 2392 1687 γὰρ
2415 1618 2495 1677 είς
2525 1614 2683 1668 αὑτὸν
2725 1612 2985 1675 Ἰουδαῖοι,
3015 1611 3110 1663 καὶ
3141 1611 3474 1664 ἀπεκτόνασι
3496 1610 3586 1663 τὸν
3622 1609 3877 1679 ἀρχηγὸν

2286 1709 2382 1778 τῆς
2420 1708 2583 1776 ζωῆς.
2629 1706 2842 1776 Ἐπειδὴ
2865 1706 2920 1758 δὲ
2945 1705 3164 1767 ἀνεϐίω,
3199 1704 3449 1772 πατήσας
3495 1703 3585 1754 τὸν
3612 1701 3871 1756 θάνατον.

616 1813 752 1859 stem
776 1805 988 1863 Patrem
1022 1823 1086 1862 ac
1137 1808 1327 1877 Deum,
1359 1811 1718 1878 praedicarunt
1745 1827 1867 1865 eum
1888 1811 2050 1865 divini
2104 1810 2184 1864 di-

2290 1796 2692 1866 ἀναπεφοίτηκέ
2712 1813 2768 1848 τε
2793 1796 2927 1866 πρὸς
2943 1795 3033 1848 τὸν
3057 1797 3113 1847 ἐν
3139 1798 3249 1858 τοῖς
3266 1795 3514 1864 οὐρανοῖς
3537 1793 3751 1862 Πατέρα
3768 1794 3873 1843 καὶ

615 1897 839 1968 scipnli,
883 1899 1212 1969 alloqueutes
1243 1916 1450 1964 omnes,
1511 1902 1671 1956 etiam
1720 1901 1810 1972 qui
1865 1901 2180 1956 debacchati

615 1998 762 2050 sunt,
794 1999 849 2044 et
877 2002 1132 2046 vocantes
1162 1991 1228 2044 ad
1261 1992 1683 2061 resipiscentiam
1725 2006 1789 2048 ac
1821 1993 2047 2047 salutem
2089 2009 2183 2064 per

619 2079 800 2143 (idem,
835 2088 888 2134 et
917 2083 1292 2137 remissionem
1330 2097 1672 2152 peccatorum
1707 2101 1804 2156 per
1822 2099 2067 2144 sanctum
2099 2086 2181 2140 la-

617 2185 858 2227 vacrum.
887 2171 1187 2228 Dixiteuim
1219 2173 1408 2229 Petrus
1437 2193 1450 2230 :
1489 2193 1508 2226 ι
1542 2175 1606 2230 Et
1637 2192 1798 2241 ntmc,
1824 2176 2182 2248 fratres,novi

615 2277 712 2317 vos
734 2278 799 2317 ex
833 2264 1128 2334 ignorantia
1147 2265 1359 2332 iecisse,
1384 2267 1523 2322 sicut
1543 2275 1598 2322 et
1624 2269 1893 2337 principes
1917 2270 2083 2326 vestri
2114 2272 2181 2325 ".

616 2353 996 2411 Ptenitentiam
1019 2357 1182 2425 igitur
1221 2359 1384 2428 agite,
1403 2369 1457 2414 et
1485 2360 1787 2430 haptizetur
1819 2362 2185 2430 unusquisque

617 2455 850 2499 vestrum
883 2449 934 2500 in
965 2450 1178 2503 nomine
1208 2448 1332 2504 Jesu
1354 2449 1574 2513 Christi,
1596 2459 1652 2506 et
1683 2452 1958 2522 accipietis
1984 2453 2183 2506 donum

619 2533 857 2602 Spiritus
903 2537 1099 2592 sancti.
1142 2536 1393 2592 Vestrum
1426 2538 1568 2592 enim
1615 2544 1745 2591 sunt
1778 2537 2192 2606 promissiones,

617 2631 672 2678 et
717 2626 949 2680 ﬁliorum
993 2636 1298 2682 vestrorum
1339 2629 1408 2682 ".
1456 2645 1476 2677 ι
1529 2626 1657 2682 ΙΙωο
1704 2628 1964 2697 loquente
2011 2626 2198 2680 divino

617 2711 798 2777 Petro,
826 2713 978 2768 multi
1005 2715 1370 2770 crediderunt.
1396 2715 1666 2786 Scriptum
1695 2726 1781 2773 est
1840 2719 2106 2789 siquidem
2129 2720 2182 2775 in

615 2804 766 2858 Actis
803 2814 1112 2860 sanctorum
1145 2806 1509 2876 apostolorum
1539 2807 1777 2874 adiectas
1823 2823 1945 2865 esse
1976 2811 2064 2865 die
2094 2812 2185 2866 illo

616 2895 827 2949 animas
847 2895 967 2963 plus
996 2896 1176 2952 minus
1202 2909 1284 2952 ter
1312 2898 1457 2953 mille
1473 2899 1540 2952 ".
1565 2897 1791 2968 Semper
1811 2900 1996 2971 itaque
2019 2903 2184 2956 divini

617 2981 862 3054 discipuli
893 2985 1188 3050 instabant,
1213 2995 1492 3042 monentes
1524 2987 1893 3051 lsraelitas,et
1928 2992 1992 3042 atl
2027 2991 2184 3046 ﬁdem

617 3085 1011 3134 convertentes.
1041 3077 1307 3148 Tempore
1334 3079 1527 3134 deinde
1549 3080 1851 3149 interiecto,
1875 3081 2072 3138 inﬂicta
2101 3094 2184 3138 est

2287 1889 2438 1953 Θεὸν,
2460 1890 2807 1958 διεκήρυττον
2828 1888 2987 1941 αὑτὸν
3008 1889 3056 1941 οἱ
3081 1887 3243 1940 θεσπέ
3252 1903 3354 1938 σιοι
3385 1883 3619 1954 μαθηταὶ
3636 1883 3874 1946 προσλα-

2286 1981 2503 2044 λοῦντες
2525 1981 2716 2040 ἅπασι,
2746 1980 2838 2033 καὶ
2863 1982 2974 2041 τοῖς
2998 1977 3442 2048 πεπαρῳνηκόσι.
3463 1976 3553 2027 καὶ
3579 1974 3869 2035 καλοῦντες

2289 2075 2368 2136 είς
2403 2072 2762 2142 μετάγνωσιν,
2805 2070 2895 2122 καὶ
2934 2072 3014 2132 εἰς
3041 2067 3315 2137 σωτηρίαν
3349 2067 3448 2136 τὴν
3485 2065 3572 2119 διὰ
3606 2065 3864 2127 πίστεως,

2288 2165 2383 2218 καὶ
2415 2167 2494 2226 είς
2531 2164 2724 2231 ἄφεσιν
2760 2161 3043 2232 ἁμαρτιῶν
3075 2158 3173 2229 τὴν
3202 2158 3287 2212 διὰ
3321 2158 3415 2210 τοῦ
3453 2157 3609 2224 ἁγίου
3643 2154 3812 2224 βαπτί
3845 2183 3864 2192 -

2290 2267 2516 2320 σματος.
2545 2251 2687 2319 Ἔφη
2731 2249 2841 2320 γὰρ
2883 2251 2911 2302 ὁ
2955 2247 3197 2318 Πέτροςο
3259 2265 3277 2296 ι
3307 2246 3419 2298 Καὶ
3459 2244 3574 2305 νῦν,
3622 2243 3860 2310 emerget,

2288 2333 2426 2403 οἶδα,
2483 2339 2565 2392 ὅτι
2620 2338 2763 2392 κατὰ
2813 2339 3034 2406 ἄγνοιαν
3090 2335 3388 2408 ἐπράξατε.
3447 2335 3632 2403 ὥσπερ
3664 2335 3757 2386 καὶ
3809 2333 3862 2386 cl

2289 2430 2549 2501 ἄρχοντες
2589 2431 2762 2500 ὑμῶν.
2814 2459 2885 2472 —-
2927 2431 3314 2498 Μετανοήσατε
3356 2423 3469 2488 οὖν,
3519 2425 3611 2480 καὶ
3659 2426 3857 2494 βαπτι-

2291 2520 2475 2592 σθήτω
2530 2522 2760 2586 ἕκαστος
2798 2521 2954 2591 ὑμῶν
2997 2522 3090 2573 ἐπὶ
3131 2520 3210 2590 τῷ
3243 2520 3462 2590 ὀνόματι
3510 2515 3676 2587 Ἰησοῦ
3711 2517 3854 2586 Χρι-

2291 2610 2440 2673 στοῦ,
2459 2610 2550 2664 καὶ
2569 2610 2802 2681 λήψεσθε
2828 2611 2928 2681 τὴν
2951 2609 3158 2679 δωρεὰν
3177 2609 3267 2662 τοῦ
3285 2609 3436 2675 ἁγίου
3463 2606 3598 2661 Πνεὸ
3608 2622 3798 2675 ματος.

2299 2703 2486 2772 ’Υμῶν
2521 2703 2631 2775 γάρ
2675 2705 2812 2757 εἰσιν
2856 2704 2912 2756 αἱ
2959 2702 3290 2770 ἐπαγγελίαι,
3337 2699 3432 2753 καὶ
3483 2701 3597 2761 τοῖς
3645 2697 3860 2759 τέκνοις

2290 2792 2686 2863 ὕμῶν.›Ταῦτα
2713 2793 2966 2861 λέγοντος
2998 2792 3092 2846 τοῦ
3123 2791 3408 2845 θεσπεσίου
3439 2789 3652 2857 Πέτρου
3698 2804 3859 2840 πεπιο

2293 2885 2549 2938 στεύκασι
2583 2887 2788 2941 πολλοί.
2843 2887 3155 2956 Γέγραπται
3203 2883 3333 2952 γοῦν
3369 2886 3426 2937 ἐν
3467 2886 3588 2946 ταῖς
3632 2880 3858 2950 Πράξεσι

2289 2974 2401 3028 τῶν
2463 2976 2631 3044 ἁγίων
2688 2977 3022 3041 ἀποστόλων,
3091 2977 3174 3030 ὅτι
3238 2973 3650 3046 προσετέθησαν
3691 2972 3748 3023 ἐν
3793 2973 3855 3040 τῇ

2291 3067 2476 3139 ἡμέρᾳ
2502 3069 2682 3141 ἐκείνῃ
2709 3068 2878 3138 ψυχαὶ
2917 3067 3049 3121 ὡσεὶ
3082 3067 3396 3139 τρισχίλιαι.
3452 3062 3859 3118 Διατετελέκασι

615 3163 833 3220 demum
889 3164 1194 3222 Judworum
1244 3170 1446 3238 regioni
1506 3171 1744 3238 ipsisque
1805 3172 2184 3244 Hierosolymis

2288 3159 2469 3213 τοίνυν
2515 3161 2564 3212 oi
2611 3158 2884 3212 θεσπέσιοι
2939 3160 3181 3230 μαθηταὶ
3224 3158 3587 3228 νουθετοῦντες
3630 3157 3749 3216 τοὺς
3793 3153 3858 3218 ἐξ

617 3254 799 3310 divina
834 3257 940 3320 ira,
974 3257 1227 3324 ingressis
1244 3257 1356 3326 jam
1391 3259 1473 3312 liis
1501 3259 1591 3325 qui
1651 3260 1716 3312 ad
1774 3261 2186 3316 moderatiorem

615 3347 830 3401 vivendi
859 3348 1120 3400 rationem
1149 3350 1326 3402 vocati
1380 3359 1526 3404 sunt.
1554 3349 1621 3404 Hi
1657 3365 1784 3406 vero
1819 3351 2036 3407 fuerunt
2064 3354 2190 3408 reli-

615 3437 794 3505 quite:
825 3438 967 3506 quod
998 3438 1176 3502 docet,
1225 3454 1344 3492 cum
1378 3439 1551 3508 inquit
1584 3458 1597 3494 :
1641 3459 1661 3493 r
1707 3444 2007 3511 Antequam
2064 3460 2190 3514 par-

617 3529 826 3584 turiens
854 3530 1048 3596 pariat,
1085 3540 1374 3600 antequam
1402 3533 1580 3586 veniat
1602 3532 1754 3587 labor
1783 3535 2026 3589 dolorum
2073 3553 2190 3604 par-

618 3629 703 3673 tus
727 3618 931 3690 ell‘ugit,
958 3628 1012 3675 et
1038 3623 1243 3691 peperit
1270 3623 1590 3680 masculum.
1639 3643 1658 3677 ι
1690 3623 1822 3677 Nam
1872 3628 2182 3696 priusquam

618 3714 881 3766 instarent
919 3714 1050 3766 dura
1088 3723 1354 3783 tempora.
1381 3723 1436 3768 et
1468 3715 1630 3767 veluti
1673 3731 1824 3770 acres
1868 3718 2072 3772 bellicae
2098 3734 2188 3772 ca-

616 3802 878 3858 lamitatis
923 3803 1135 3858 dolores
1169 3805 1543 3858 incumberent
1603 3804 2008 3876 Hierosolymis,
2054 3807 2190 3864 eil‘u-

616 3893 714 3961 git,
763 3893 814 3947 id
845 3902 947 3959 est,
1009 3904 1133 3949 ante
1164 3896 1458 3964 periculum
1485 3897 1692 3964 peperit
1729 3897 2024 3952 masculum
2052 3915 2066 3951 :
2094 3900 2186 3969 qui

616 3993 801 4052 partus
837 3985 1131 4052 przeclarus
1165 3995 1247 4040 est
1271 3994 1324 4040 et
1352 3987 1743 4054 optatissimus.
1777 3987 1908 4041 Nam
1929 4004 2048 4058 qute
2095 4006 2188 4057 pa-

617 4075 781 4139 riunt,
812 4074 976 4130 fetum
1011 4077 1302 4130 masculum
1349 4077 1502 4131 alteri
1556 4077 1887 4148 praeferunt;
1920 4081 2005 4133 vel
2049 4081 2188 4137 forte

615 4166 886 4222 masculus
910 4176 992 4220 est
1009 4166 1184 4221 editus
1212 4181 1227 4219 :
1257 4182 1362 4221 non
1390 4168 1534 4222 enim
1563 4167 1907 4224 eﬂ'cminalut'
1961 4170 2185 4225 mollitia

613 4259 952 4313 Christianus
982 4258 1232 4328 populus.
1253 4259 1426 4314 Sensu
1453 4259 1597 4314 enim
1623 4261 1763 4314 virili
1796 4262 2055 4330 prmditus
2101 4272 2186 4318 est

611 4361 667 4407 et
686 4351 928 4419 juvenili.
953 4351 1119 4421 Cujus
1150 4353 1301 4406 testis
1333 4361 1414 4406 est
1437 4353 1626 4408 beatus
1648 4352 1864 4418 Paulus,
1889 4356 2136 4410 scribens
2165 4373 2178 4409 :

2301 3249 2515 3320 Ἰσραὴλ
2555 3250 2946 3321 σαγηνεύοντες
2977 3253 3058 3313 είς
3092 3251 3302 3303 πίστιν·
3343 3243 3458 3301 εἶτα
3503 3247 3697 3318 χρόνου
3743 3246 3860 3299 δια-

2287 3340 2587 3408 γεγονότος,
2643 3341 2912 3412 ἐπηνέχοη
2973 3342 3156 3395 λοιπὸν
3207 3345 3271 3412 τῇ
3321 3358 3379 3394 τε
3432 3341 3541 3393 τῶν
3597 3338 3861 3391 Ἰουδαίων

2288 3430 2462 3502 χώρᾳ,
2492 3433 2586 3485 καὶ
2617 3433 2800 3496 αὐτοῖς
2827 3433 2883 3485 δέ
2914 3435 3024 3497 τοῖς
3061 3433 3454 3504 Ἰεροσολύμοις
3498 3432 3569 3484 τὰ.
3608 3431 3671 3482 ἐκ
3713 3429 3858 3491 θείας

2287 3525 2481 3595 ὀργῆς,
2519 3525 2596 3588 ὡς
2634 3525 3037 3596 είσὸεὸηκότων
3065 3527 3191 3598 ήδη,
3242 3527 3335 3579 καὶ
3376 3523 3726 3594 κεκλημένων
3753 3521 3857 3574 τῶν

2288 3616 2726 3685 ἐπιεικεστέρων,
2757 3612 2898 3688 ἦσαν
2926 3617 2984 3670 δέ
3017 3609 3162 3670 οὗτοι
3191 3617 3251 3669 τὸ
3280 3617 3629 3685 κατάλειμμα
3649 3631 3663 3644 ·
3710 3612 3856 3666 τοῦτο

2287 3703 2525 3758 διδάσκει
2579 3704 2774 3772 λέγων·
2845 3705 3026 3776 (Πρὶν
3082 3706 3116 3776 ἢ
3175 3707 3275 3776 τὴν
3321 3704 3613 3758 ὠδίνουσαν
3664 3704 3851 3763 τεκεῖν,

2289 3795 2418 3866 πρὶν
2472 3794 2646 3849 ἐλθεῖν
2687 3796 2778 3850 τὸν
2822 3797 2985 3852 πόνον
3037 3797 3146 3850 τῶν
3201 3796 3406 3850 ὠδίνων
3454 3796 3705 3862 ἐξέφυγε,
3769 3793 3856 3846 καὶ

2288 3884 2472 3938 ἔτεκεν
2505 3886 2690 3953 ἄρσεν.
2716 3904 2733 3936 ι
2776 3886 2910 3956 Πρὶν
2952 3886 3062 3958 γὰρ
3105 3888 3394 3957 ἐπιστῆναι
3435 3886 3502 3938 τὰ
3543 3886 3711 3942 δεινὰ.
3767 3883 3855 3935 καὶ

2287 3971 2397 4030 οἷόν
2424 3993 2576 4038 τινας
2605 3977 2807 4047 πικρὰς
2834 3977 3027 4040 ὠδῖνας
3062 3977 3161 4042 τὰς
3207 3960 3272 4031 εἰ
3315 3977 3409 4031 τοῦ
3447 3976 3683 4044 πολέμου
3720 3991 3852 4043 συμ-

2290 4071 2463 4140 φορὰς
2498 4069 2846 4139 κατασκῆψαι
2883 4071 2981 4140 τῆς
3010 4071 3384 4141 Ἰερουσαλὴμ,
3421 4069 3668 4137 ἐξέφυγε,
3703 4081 3851 4118 τουτ-

2288 4162 2424 4218 έστι.
2456 4163 2563 4233 πρὸ
2591 4161 2680 4216 τοῦ
2704 4162 2948 4215 κινδύνου
2976 4161 3160 4216 ἔτεκεν
3202 4163 3390 4232 ἄρσεν,
3431 4163 3459 4214 ὅ
3494 4163 3600 4214 ἐστι
3658 4158 3849 4227 κύημα

2287 4254 2450 4308 καλὸν
2501 4256 2595 4309 καὶ
2622 4255 2950 4326 τριπόθητον
2979 4272 2993 4285 ⁶
3016 4259 3137 4319 ταῖς
3168 4256 3277 4327 γὰρ
3304 4254 3603 4316 τικτούσαις
3630 4253 3854 4323 ἄρρενο-

2285 4349 2442 4401 τοκία
2481 4348 2680 4418 μᾶλλον
2710 4347 2938 4419 θατέρου
2968 4349 3328 4418 προτέτακται
3353 4365 3366 4379 ·
3417 4347 3448 4418 ἢ
3473 4348 3611 4415 τάχα
3640 4361 3738 4397 που
3764 4343 3855 4398 καὶ

619 4459 638 4495 r
674 4441 779 4509 Qui
810 4442 1010 4496 Christi
1037 4457 1254 4497 carnem
1287 4443 1672 4498 cruciﬁserunt
1727 4459 1849 4499 cum
1901 4445 2183 4501 aﬂ'ectibus

2291 4441 2453 4513 ἄρσεν
2470 4441 2530 4494 τὸ
2543 4440 2736 4511 τεχθέν
2753 4456 2765 4471 ο
2786 4441 2846 4494 οὐ
2868 4441 2977 4511 γὰρ
2998 4441 3286 4511 θηλύνεται
3307 4441 3442 4511 πρὸς
3470 4439 3845 4510 μαλακισμοῑις

609 4532 1058 4602 etcupiditatibus
1090 4531 1158 4588 “.
1188 4551 1206 4586 ι
1240 4532 1368 4589 Dein
1391 4533 1544 4602 quasi
1575 4535 1750 4589 divina
1778 4537 2015 4605 potentia
2046 4537 2182 4591 hanc

609 4637 724 4676 rem
757 4623 1021 4691 insignem
1046 4635 1325 4692 operante,
1354 4625 1672 4678 miraculum
1689 4624 1916 4692 extollit,
1946 4627 2134 4681 dicens
2163 4643 2177 4679 :

613 4731 636 4765 ς
664 4712 799 4778 Quis
828 4714 961 4766 vidit
989 4714 1106 4767 sic?
1139 4714 1273 4768 Num
1302 4715 1591 4780 parturivit
1633 4725 1778 4769 terra
1827 4731 1931 4770 uno
1956 4716 2062 4781 die,
2089 4728 2181 4770 aut

605 4804 771 4858 etiam
789 4803 1004 4857 condita
1034 4815 1117 4858 est
1137 4819 1270 4874 gens
1291 4813 1400 4859 tota
1417 4806 1578 4860 simul
1601 4847 1616 4871 ,
1661 4807 1787 4874 quia
1817 4807 2100 4876 parturivit
2125 4817 2180 4861 et

605 4892 818 4962 peperit
849 4892 977 4948 Sion
1011 4893 1209 4948 liberos
1243 4895 1402 4950 suos?
1428 4913 1447 4945 ι
1494 4893 1626 4961 Quis
1650 4895 1792 4950 enim
1822 4897 2043 4960 audivit,
2101 4895 2183 4948 in-

599 4984 748 5054 quit,
775 4982 857 5038 vel
875 4983 999 5053 quis
1023 4983 1156 5039 vidit
1194 4993 1415 5052 terram,
1449 4985 1535 5041 vel
1559 4987 1833 5056 regionem
1854 4996 2040 5051 totam,
2073 5003 2182 5042 uno

605 5075 697 5129 die
727 5074 1119 5144 germinantem
1138 5089 1232 5130 eos
1257 5074 1347 5144 qui
1377 5091 1496 5130 eam
1535 5076 1756 5146 implere
1775 5076 2022 5132 valeant?
2043 5075 2178 5130 Num

596 5168 751 5221 enim
781 5166 966 5229 semel,
1004 5166 1056 5221 id
1079 5177 1183 5232 est,
1221 5167 1385 5238 912
1410 5183 1515 5222 uno
1565 5179 1838 5224 momento
1899 5185 2031 5240 gens
2073 5179 2180 5224 tata

602 5275 850 5330 unquam
873 5267 995 5313 nata
1015 5259 1135 5314 est?
1164 5259 1234 5314 At
1260 5262 1360 5325 sic,
1398 5262 1592 5332 inquit,
1625 5280 1644 5314 ι
1679 5262 1806 5316 Sion
1861 5262 2069 5330 peperit
2115 5264 2180 5316 li-

605 5350 770 5406 beros
789 5367 938 5407 suos.
977 5371 996 5406 ι
1029 5352 1238 5407 Etenim
1267 5368 1374 5409 uno
1406 5355 1491 5409 die
1522 5355 1621 5408 tria
1684 5353 1848 5407 millia
1875 5355 2176 5409 animarum

608 5440 816 5506 adjecta
843 5458 988 5511 esse,
1019 5454 1074 5500 et
1102 5446 1437 5514 spiritualem
1491 5445 1952 5512 regenerationem
1985 5461 2080 5516 per
2115 5447 2177 5500 li-

605 5528 736 5585 dem
768 5541 824 5586 et
858 5545 1259 5592 sacrosanctum
1305 5537 1569 5606 baptisma
1610 5537 1913 5606 suscepisse
1947 5555 1960 5592 :
1995 5538 2178 5606 quidni

2289 4534 2319 4586 ὁ
2351 4534 2409 4586 ἐν
2447 4531 2668 4602 Χριστῷ
2696 4532 2841 4596 λαός.
2877 4533 3134 4604 Φρόνημα
3172 4532 3280 4602 γὰρ
3316 4529 3683 4600 ἀνδροπρεπές
3710 4532 3859 4582 ἐστιν

2288 4626 2346 4678 ἐν
2382 4625 2529 4695 αὐτῷ
2585 4626 2680 4680 καὶ
2706 4625 2972 4689 νεανικὸν,
3018 4627 3113 4679 καὶ
3151 4625 3336 4679 τούτου
3378 4625 3587 4694 μάρτυς
3623 4622 3652 4673 ὁ
3687 4622 3869 4691 μορίαι

2287 4735 2403 4788 ριος
2443 4715 2652 4779 Παῦλος
2698 4717 2964 4788 γράφων
3021 4719 3124 4770 «Oi
3167 4717 3224 4770 δὲ
3262 4715 3355 4770 τοῦ
3397 4713 3570 4786 Ἰησοῦ
3621 4712 3867 4782 Χριστοῦ

2283 4808 2380 4878 τὴν
2410 4807 2588 4877 σάρκα
2619 4809 2992 4880 ἐσταύρωσαν,
3027 4811 3124 4862 σὺν
3151 4811 3262 4870 τοῖς
3287 4806 3570 4876 παθήμασι
3621 4805 3719 4856 καὶ
3745 4807 3872 4867 ταῖς

2281 4898 2620 4969 ἐπιθυμίαις.
2648 4918 2665 4952 ι
2699 4895 2832 4953 Εἶτα
2870 4901 2969 4971 τῆς
2997 4901 3145 4963 Θείας
3175 4900 3456 4969 δυνάμεως
3489 4897 3590 4968 τὴν
3629 4895 3875 4966 ὑπερὸοο

2280 4985 2396 5058 λὴν,
2429 4988 2503 5053 ὡς
2536 4991 2910 5061 ἐνεργησάσης
2930 4991 3221 5052 καὶτοῦτο,
3245 4989 3378 5043 πολὺ
3409 4988 3593 5058 θαῦμα
3625 4991 3874 5042 ποιεῖται

2280 5079 2475 5149 λέγων·
2534 5100 2553 5133 ‹
2581 5081 2678 5144 Τίς
2728 5080 2973 5152 ἑώρακεν
3015 5081 3220 5145 oft-cuiq;
3273 5083 3321 5134 εἰ
3368 5079 3525 5133 ὧδινε
3562 5079 3636 5147 γῆ
3675 5081 3740 5132 ἐν
3775 5084 3874 5150 μιᾷ

2273 5173 2476 5245 ἡμέρᾳ,
2511 5173 2544 5243 ἢ
2577 5175 2670 5226 καὶ
2695 5173 2886 5243 ἐτέχθη
2939 5173 3091 5236 ἔθνος
3146 5171 3400 5236 εἰσάπαξ,
3439 5172 3520 5223 ὅτι
3564 5169 3730 5224 ὣδινε
3778 5175 3874 5224 καὶ

2277 5263 2428 5317 ἔτεκε
2457 5263 2594 5317 Σιὼν
2622 5265 2691 5317 τὰ
2726 5263 2909 5317 παιδία
2946 5265 3117 5332 αὐτῆς
3139 5283 3190 5328 ςι
3240 5263 3335 5328 Τίς
3377 5263 3486 5332 γὰρ
3523 5263 3553 5315 ὁ
3597 5262 3873 5326 ἀκούσας,

2278 5356 2528 5427 φησὶν,ἢ
2577 5356 2661 5420 τίς
2711 5355 2923 5427 ἑώρακε
2969 5357 3093 5428 γῆν,
3139 5357 3257 5427 ἢτοι
3310 5341 3492 5426 ὶώραν
3542 5355 3872 5427 ὁλόκληρον,

2277 5446 2766 5516 ἀναϐλαστῆσασαν
2797 5448 2854 5502 ἐν
2892 5448 3077 5519 ἡμέρᾳ
3113 5449 3210 5518 μιᾷ
3237 5448 3363 5509 τοὺς
3389 5445 3692 5516 πληρῶσαι
3712 5447 3880 5504 δυνα-

2281 5538 2474 5607 μένους
2497 5539 2700 5608 αὐτή·δὶ
2740 5534 2879 5610 Ἀρα
2907 5539 3014 5608 γὰρ
3042 5537 3290 5603 εἰσάπαξ,
3332 5537 3642 5603 τουτέστιν,
3689 5539 3788 5607 ὑφ’
3815 5543 3866 5592 Ξι

690 5703 733 5737 ’⁸
758 5706 876 5759 Act.
909 5721 986 5768 ιιι,
1025 5706 1107 5759 ΓΙ.
1185 5709 1226 5739 "
1251 5708 1366 5761 Act.
1399 5725 1456 5771 ll,
1485 5710 1571 5762 58.
1649 5712 1692 5742 ⁹⁸
1725 5711 1853 5766 ibid.
1880 5712 1965 5764 Η.
2044 5711 2278 5766 "Calai.
2309 5728 2360 5774 ν,
2399 5713 2485 5767 ει.
