  <div class='ocr_page' id='page_1' title='image "/cluster/home/n/w/nwhite01/storage/ocr_20150623/70/hvd.32044073501991/724.png"; bbox 0 0 4090 6216; ppageno 0'>
   <div class='ocr_carea' id='block_1_1' title="bbox 331 282 472 339">
    <p class='ocr_par' dir='ltr' id='par_1_1' title="bbox 331 282 472 339">
     <span class='ocr_line' id='line_1_1' title="bbox 331 282 472 339; baseline -0.035 0"><span class='ocrx_word' id='word_1_1' title='bbox 331 282 472 339; x_wconf 76' lang='lat' dir='ltr'><strong>U37</strong></span> 
     </span>
    </p>
   </div>
   <div class='ocr_carea' id='block_1_2' title="bbox 1457 292 2476 357">
    <p class='ocr_par' dir='ltr' id='par_1_2' title="bbox 1457 292 2476 357">
     <span class='ocr_line' id='line_1_2' title="bbox 1457 292 2476 357; baseline 0.01 -10"><span class='ocrx_word' id='word_1_2' title='bbox 1457 292 1525 348; x_wconf 77' lang='lat' dir='ltr'><strong>IN</strong></span> <span class='ocrx_word' id='word_1_3' title='bbox 1559 293 1792 352; x_wconf 69' lang='lat' dir='ltr'><strong>ISAIAM</strong></span> <span class='ocrx_word' id='word_1_4' title='bbox 1832 297 1960 354; x_wconf 83' lang='lat' dir='ltr'><strong>LIB.</strong></span> <span class='ocrx_word' id='word_1_5' title='bbox 2005 299 2070 356; x_wconf 82' lang='lat' dir='ltr'><strong>V.</strong></span> <span class='ocrx_word' id='word_1_6' title='bbox 2113 298 2348 356; x_wconf 85' lang='lat' dir='ltr'><strong>TOMUS</strong></span> <span class='ocrx_word' id='word_1_7' title='bbox 2387 297 2476 357; x_wconf 79' lang='lat' dir='ltr'><strong>Vl.</strong></span> 
     </span>
    </p>
   </div>
   <div class='ocr_carea' id='block_1_3' title="bbox 3449 317 3586 378">
    <p class='ocr_par' dir='ltr' id='par_1_3' title="bbox 3449 317 3586 378">
     <span class='ocr_line' id='line_1_3' title="bbox 3449 317 3586 378; baseline 0.029 -4"><span class='ocrx_word' id='word_1_8' title='bbox 3449 320 3472 374; x_wconf 72' lang='lat' dir='ltr'><strong>i</strong></span> <span class='ocrx_word' id='word_1_9' title='bbox 3483 317 3586 378; x_wconf 68' lang='lat'><strong>£33</strong></span> 
     </span>
    </p>
   </div>
   <div class='ocr_carea' id='block_1_4' title="bbox 329 405 1875 502">
    <p class='ocr_par' dir='ltr' id='par_1_4' title="bbox 329 405 1875 489">
     <span class='ocr_line' id='line_1_4' title="bbox 329 405 1875 489; baseline 0.012 -32"><span class='ocrx_word' id='word_1_10' title='bbox 329 405 482 469; x_wconf 70' lang='grc' dir='ltr'>ἔθνος</span> <span class='ocrx_word' id='word_1_11' title='bbox 505 406 626 460; x_wconf 81' lang='grc' dir='ltr'>ὅλον</span> <span class='ocrx_word' id='word_1_12' title='bbox 652 408 842 478; x_wconf 81' lang='grc' dir='ltr'>ἐτέχθη</span> <span class='ocrx_word' id='word_1_13' title='bbox 876 410 1133 478; x_wconf 55' lang='lat' dir='ltr'><strong>“menon;</strong></span> <span class='ocrx_word' id='word_1_14' title='bbox 1174 409 1296 467; x_wconf 81' lang='grc' dir='ltr'>ἀλλ’</span> <span class='ocrx_word' id='word_1_15' title='bbox 1333 415 1496 481; x_wconf 80' lang='grc' dir='ltr'>οὕτω,</span> <span class='ocrx_word' id='word_1_16' title='bbox 1543 420 1727 489; x_wconf 68' lang='grc' dir='ltr'>φησὶν,</span> <span class='ocrx_word' id='word_1_17' title='bbox 1785 441 1803 474; x_wconf 89' lang='grc' dir='ltr'><strong>ι</strong></span> <span class='ocrx_word' id='word_1_18' title='bbox 1842 424 1875 476; x_wconf 86' lang='lat' dir='ltr'><strong>&#39;l</strong></span> 
     </span>
    </p>
   </div>
   <div class='ocr_carea' id='block_1_5' title="bbox 1976 405 3583 502">
    <p class='ocr_par' dir='ltr' id='par_1_5' title="bbox 1976 423 3583 502">
     <span class='ocr_line' id='line_1_5' title="bbox 1976 423 3583 502; baseline 0.011 -25"><span class='ocrx_word' id='word_1_19' title='bbox 1976 423 2295 486; x_wconf 82' lang='lat' dir='ltr'><strong>_manifeste</strong></span> <span class='ocrx_word' id='word_1_20' title='bbox 2331 424 2404 479; x_wconf 90' lang='lat' dir='ltr'><strong>sit</strong></span> <span class='ocrx_word' id='word_1_21' title='bbox 2466 425 2690 496; x_wconf 70' lang='lat' dir='ltr'><strong>integra!</strong></span> <span class='ocrx_word' id='word_1_22' title='bbox 2709 427 2884 497; x_wconf 77' lang='lat' dir='ltr'><strong>gentis</strong></span> <span class='ocrx_word' id='word_1_23' title='bbox 2912 428 3050 486; x_wconf 88' lang='lat' dir='ltr'><strong>fetus</strong></span> <span class='ocrx_word' id='word_1_24' title='bbox 3085 440 3143 487; x_wconf 90' lang='lat' dir='ltr'><strong>et</strong></span> <span class='ocrx_word' id='word_1_25' title='bbox 3199 437 3425 502; x_wconf 79' lang='lat' dir='ltr'><strong>partus?</strong></span> <span class='ocrx_word' id='word_1_26' title='bbox 3476 441 3583 494; x_wconf 88' lang='lat' dir='ltr'><strong>Sed</strong></span> 
     </span>
    </p>
   </div>
   <div class='ocr_carea' id='block_1_6' title="bbox 327 496 1902 588">
    <p class='ocr_par' dir='ltr' id='par_1_6' title="bbox 327 496 1902 588">
     <span class='ocr_line' id='line_1_6' title="bbox 327 496 1902 588; baseline 0.01 -35"><span class='ocrx_word' id='word_1_27' title='bbox 327 496 467 553; x_wconf 86' lang='grc' dir='ltr'>Σιὼν</span> <span class='ocrx_word' id='word_1_28' title='bbox 502 497 655 551; x_wconf 72' lang='grc' dir='ltr'>ἔτεκε</span> <span class='ocrx_word' id='word_1_29' title='bbox 686 499 755 552; x_wconf 86' lang='grc' dir='ltr'>τὰ</span> <span class='ocrx_word' id='word_1_30' title='bbox 776 502 962 555; x_wconf 85' lang='grc' dir='ltr'>παιδία</span> <span class='ocrx_word' id='word_1_31' title='bbox 984 504 1176 576; x_wconf 80' lang='grc' dir='ltr'>αὐτῆς.</span> <span class='ocrx_word' id='word_1_32' title='bbox 1225 526 1243 557; x_wconf 82' lang='grc' dir='ltr'><strong>ι</strong></span> <span class='ocrx_word' id='word_1_33' title='bbox 1275 508 1347 560; x_wconf 86' lang='grc' dir='ltr'><strong>Τὸ</strong></span> <span class='ocrx_word' id='word_1_34' title='bbox 1370 508 1476 581; x_wconf 83' lang='grc' dir='ltr'>γὰρ</span> <span class='ocrx_word' id='word_1_35' title='bbox 1503 513 1559 563; x_wconf 87' lang='grc' dir='ltr'><strong>ἐν</strong></span> <span class='ocrx_word' id='word_1_36' title='bbox 1587 513 1772 584; x_wconf 85' lang='grc' dir='ltr'>ήμέρᾳ</span> <span class='ocrx_word' id='word_1_37' title='bbox 1804 518 1902 588; x_wconf 83' lang='grc' dir='ltr'>μιᾷ</span> 
     </span>
    </p>
   </div>
   <div class='ocr_carea' id='block_1_7' title="bbox 325 589 1901 678">
    <p class='ocr_par' dir='ltr' id='par_1_7' title="bbox 325 589 1901 678">
     <span class='ocr_line' id='line_1_7' title="bbox 325 589 1901 678; baseline 0.011 -37"><span class='ocrx_word' id='word_1_38' title='bbox 325 591 475 658; x_wconf 86' lang='grc' dir='ltr'>τρεῖς</span> <span class='ocrx_word' id='word_1_39' title='bbox 494 589 734 658; x_wconf 73' lang='grc' dir='ltr'><strong>χιλιάδας</strong></span> <span class='ocrx_word' id='word_1_40' title='bbox 768 594 1142 663; x_wconf 81' lang='grc' dir='ltr'>προστεθεῖναι</span> <span class='ocrx_word' id='word_1_41' title='bbox 1170 596 1368 666; x_wconf 75' lang='grc' dir='ltr'>ψυχὰς,</span> <span class='ocrx_word' id='word_1_42' title='bbox 1404 601 1498 654; x_wconf 69' lang='grc' dir='ltr'>καὶ</span> <span class='ocrx_word' id='word_1_43' title='bbox 1523 605 1901 678; x_wconf 83' lang='grc' dir='ltr'>πνευματικὴν</span> 
     </span>
    </p>
   </div>
   <div class='ocr_carea' id='block_1_8' title="bbox 324 681 1899 765">
    <p class='ocr_par' dir='ltr' id='par_1_8' title="bbox 324 681 1899 765">
     <span class='ocr_line' id='line_1_8' title="bbox 324 681 1899 765; baseline 0.011 -31"><span class='ocrx_word' id='word_1_44' title='bbox 324 681 679 750; x_wconf 83' lang='grc' dir='ltr'>ἀναγέννησιν</span> <span class='ocrx_word' id='word_1_45' title='bbox 699 683 985 752; x_wconf 85' lang='grc' dir='ltr'>ὑπομεῖναι</span> <span class='ocrx_word' id='word_1_46' title='bbox 1002 687 1090 740; x_wconf 79' lang='grc' dir='ltr'>διὰ</span> <span class='ocrx_word' id='word_1_47' title='bbox 1112 688 1209 757; x_wconf 79' lang='grc' dir='ltr'>τῆς</span> <span class='ocrx_word' id='word_1_48' title='bbox 1226 691 1464 755; x_wconf 81' lang='grc' dir='ltr'>πίστεως</span> <span class='ocrx_word' id='word_1_49' title='bbox 1512 694 1604 746; x_wconf 75' lang='grc' dir='ltr'><strong>καὶ</strong></span> <span class='ocrx_word' id='word_1_50' title='bbox 1629 695 1721 756; x_wconf 82' lang='grc' dir='ltr'><strong>τοῦ</strong></span> <span class='ocrx_word' id='word_1_51' title='bbox 1743 697 1899 765; x_wconf 80' lang='grc' dir='ltr'><strong>ἁγίου</strong></span> 
     </span>
    </p>
   </div>
   <div class='ocr_carea' id='block_1_9' title="bbox 323 768 1901 851">
    <p class='ocr_par' dir='ltr' id='par_1_9' title="bbox 323 768 1901 851">
     <span class='ocr_line' id='line_1_9' title="bbox 323 768 1901 851; baseline 0.011 -30"><span class='ocrx_word' id='word_1_52' title='bbox 323 768 717 840; x_wconf 87' lang='grc' dir='ltr'>βαπτίσματος,</span> <span class='ocrx_word' id='word_1_53' title='bbox 755 773 994 831; x_wconf 75' lang='grc' dir='ltr'>πῶςοὺκ</span> <span class='ocrx_word' id='word_1_54' title='bbox 1033 777 1276 846; x_wconf 76' lang='grc' dir='ltr'><strong>ἐναργῶς</strong></span> <span class='ocrx_word' id='word_1_55' title='bbox 1323 780 1407 851; x_wconf 87' lang='grc' dir='ltr'><strong>εἰή</strong></span> <span class='ocrx_word' id='word_1_56' title='bbox 1455 781 1520 835; x_wconf 85' lang='grc' dir='ltr'>ἂν</span> <span class='ocrx_word' id='word_1_57' title='bbox 1559 783 1745 847; x_wconf 77' lang='grc' dir='ltr'><strong>ἔθνους</strong></span> <span class='ocrx_word' id='word_1_58' title='bbox 1783 786 1901 839; x_wconf 86' lang='grc' dir='ltr'>ὁλο-</span> 
     </span>
    </p>
   </div>
   <div class='ocr_carea' id='block_1_10' title="bbox 311 861 1895 946">
    <p class='ocr_par' dir='ltr' id='par_1_10' title="bbox 311 861 1895 946">
     <span class='ocr_line' id='line_1_10' title="bbox 311 861 1895 946; baseline 0.016 -33"><span class='ocrx_word' id='word_1_59' title='bbox 311 861 522 931; x_wconf 75' lang='grc' dir='ltr'>κλήρου</span> <span class='ocrx_word' id='word_1_60' title='bbox 561 862 754 933; x_wconf 81' lang='grc' dir='ltr'><strong>κύησις</strong></span> <span class='ocrx_word' id='word_1_61' title='bbox 803 864 894 916; x_wconf 72' lang='grc' dir='ltr'><strong>καὶ</strong></span> <span class='ocrx_word' id='word_1_62' title='bbox 925 866 1179 934; x_wconf 80' lang='grc' dir='ltr'>ἀπότεξις</span> <span class='ocrx_word' id='word_1_63' title='bbox 1209 886 1222 933; x_wconf 91' lang='grc'><strong>;</strong></span> <span class='ocrx_word' id='word_1_64' title='bbox 1265 870 1435 935; x_wconf 80' lang='grc' dir='ltr'>’Λλλ“,</span> <span class='ocrx_word' id='word_1_65' title='bbox 1470 891 1489 923; x_wconf 81' lang='grc' dir='ltr'><strong>ι</strong></span> <span class='ocrx_word' id='word_1_66' title='bbox 1524 873 1695 941; x_wconf 77' lang='grc' dir='ltr'>Ἐγὼ,</span> <span class='ocrx_word' id='word_1_67' title='bbox 1741 878 1895 946; x_wconf 76' lang='grc' dir='ltr'>φησὶ,</span> 
     </span>
    </p>
   </div>
   <div class='ocr_carea' id='block_1_11' title="bbox 317 953 1897 1040">
    <p class='ocr_par' dir='ltr' id='par_1_11' title="bbox 317 953 1897 1040">
     <span class='ocr_line' id='line_1_11' title="bbox 317 953 1897 1040; baseline 0.011 -35"><span class='ocrx_word' id='word_1_68' title='bbox 317 953 523 1007; x_wconf 77' lang='grc' dir='ltr'>δέδωκα</span> <span class='ocrx_word' id='word_1_69' title='bbox 566 954 664 1024; x_wconf 85' lang='grc' dir='ltr'>τὴν</span> <span class='ocrx_word' id='word_1_70' title='bbox 710 957 1038 1026; x_wconf 81' lang='grc' dir='ltr'>προσδοκίαν</span> <span class='ocrx_word' id='word_1_71' title='bbox 1082 961 1306 1031; x_wconf 81' lang='grc' dir='ltr'>ταύτην.</span> <span class='ocrx_word' id='word_1_72' title='bbox 1336 982 1353 1014; x_wconf 81' lang='grc' dir='ltr'><strong>ι</strong></span> <span class='ocrx_word' id='word_1_73' title='bbox 1401 967 1732 1038; x_wconf 88' lang='grc' dir='ltr'>Προείρηται</span> <span class='ocrx_word' id='word_1_74' title='bbox 1789 969 1897 1040; x_wconf 86' lang='grc' dir='ltr'>γὰρ</span> 
     </span>
    </p>
   </div>
   <div class='ocr_carea' id='block_1_12' title="bbox 318 1047 1896 1133">
    <p class='ocr_par' dir='ltr' id='par_1_12' title="bbox 318 1047 1896 1133">
     <span class='ocr_line' id='line_1_12' title="bbox 318 1047 1896 1133; baseline 0.011 -35"><span class='ocrx_word' id='word_1_75' title='bbox 318 1047 409 1098; x_wconf 78' lang='grc' dir='ltr'><strong>καὶ</strong></span> <span class='ocrx_word' id='word_1_76' title='bbox 434 1047 594 1100; x_wconf 85' lang='grc' dir='ltr'>τοῦτο</span> <span class='ocrx_word' id='word_1_77' title='bbox 617 1047 703 1100; x_wconf 79' lang='grc' dir='ltr'>διὰ</span> <span class='ocrx_word' id='word_1_78' title='bbox 735 1050 916 1119; x_wconf 77' lang='grc' dir='ltr'>φωνῆς</span> <span class='ocrx_word' id='word_1_79' title='bbox 954 1052 1125 1119; x_wconf 88' lang='grc' dir='ltr'>ἀγίων</span> <span class='ocrx_word' id='word_1_80' title='bbox 1151 1056 1465 1125; x_wconf 79' lang='grc' dir='ltr'><strong>προφητῶν,</strong></span> <span class='ocrx_word' id='word_1_81' title='bbox 1494 1060 1584 1112; x_wconf 77' lang='grc' dir='ltr'><strong>καὶ</strong></span> <span class='ocrx_word' id='word_1_82' title='bbox 1613 1063 1896 1133; x_wconf 70' lang='grc' dir='ltr'>προεπήγα</span> 
     </span>
    </p>
   </div>
   <div class='ocr_carea' id='block_1_13' title="bbox 316 1136 1896 1222">
    <p class='ocr_par' dir='ltr' id='par_1_13' title="bbox 316 1136 1896 1222">
     <span class='ocr_line' id='line_1_13' title="bbox 316 1136 1896 1222; baseline 0.012 -34"><span class='ocrx_word' id='word_1_83' title='bbox 316 1136 501 1202; x_wconf 88' lang='grc' dir='ltr'>γελται</span> <span class='ocrx_word' id='word_1_84' title='bbox 574 1137 705 1201; x_wconf 81' lang='grc' dir='ltr'>Θεὸς</span> <span class='ocrx_word' id='word_1_85' title='bbox 760 1141 896 1211; x_wconf 76' lang='grc' dir='ltr'>αὐτῇ</span> <span class='ocrx_word' id='word_1_86' title='bbox 955 1143 1052 1213; x_wconf 81' lang='grc' dir='ltr'><strong>τὴν</strong></span> <span class='ocrx_word' id='word_1_87' title='bbox 1111 1147 1466 1201; x_wconf 77' lang='grc' dir='ltr'>πολυπαιδίαν</span> <span class='ocrx_word' id='word_1_88' title='bbox 1499 1166 1510 1178; x_wconf 95' lang='grc'><strong>·</strong></span> <span class='ocrx_word' id='word_1_89' title='bbox 1560 1152 1746 1222; x_wconf 80' lang='grc' dir='ltr'>«Πλὴν</span> <span class='ocrx_word' id='word_1_90' title='bbox 1797 1154 1896 1206; x_wconf 75' lang='grc' dir='ltr'><strong>οὐκ</strong></span> 
     </span>
    </p>
   </div>
   <div class='ocr_carea' id='block_1_14' title="bbox 314 1231 1897 1315">
    <p class='ocr_par' dir='ltr' id='par_1_14' title="bbox 314 1231 1897 1315">
     <span class='ocr_line' id='line_1_14' title="bbox 314 1231 1897 1315; baseline 0.011 -33"><span class='ocrx_word' id='word_1_91' title='bbox 314 1231 559 1301; x_wconf 81' lang='grc' dir='ltr'>ἐμνήσθη</span> <span class='ocrx_word' id='word_1_92' title='bbox 629 1250 750 1299; x_wconf 88' lang='grc' dir='ltr'>μου,</span> <span class='ocrx_word' id='word_1_93' title='bbox 813 1235 948 1305; x_wconf 72' lang='grc' dir='ltr'>φησὶ</span> <span class='ocrx_word' id='word_1_94' title='bbox 1003 1237 1241 1308; x_wconf 86' lang='grc' dir='ltr'>Κύριος,</span> <span class='ocrx_word' id='word_1_95' title='bbox 1293 1241 1470 1294; x_wconf 85' lang='grc' dir='ltr'>καίτοι</span> <span class='ocrx_word' id='word_1_96' title='bbox 1523 1247 1741 1315; x_wconf 77' lang='grc' dir='ltr'>στεῖραν</span> <span class='ocrx_word' id='word_1_97' title='bbox 1802 1248 1897 1300; x_wconf 78' lang='grc' dir='ltr'><strong>καὶ</strong></span> 
     </span>
    </p>
   </div>
   <div class='ocr_carea' id='block_1_15' title="bbox 2009 514 3582 586">
    <p class='ocr_par' dir='ltr' id='par_1_15' title="bbox 2009 514 3582 586">
     <span class='ocr_line' id='line_1_15' title="bbox 2009 514 3582 586; baseline 0.01 -19"><span class='ocrx_word' id='word_1_98' title='bbox 2009 532 2028 566; x_wconf 88' lang='grc' dir='ltr'><strong>ι</strong></span> <span class='ocrx_word' id='word_1_99' title='bbox 2073 514 2202 583; x_wconf 77' lang='lat' dir='ltr'><strong>Ego,</strong></span> <span class='ocrx_word' id='word_1_100' title='bbox 2261 515 2457 582; x_wconf 87' lang='lat' dir='ltr'><strong>inquit,</strong></span> <span class='ocrx_word' id='word_1_101' title='bbox 2494 515 2613 570; x_wconf 82' lang='lat' dir='ltr'><strong>dedi</strong></span> <span class='ocrx_word' id='word_1_102' title='bbox 2640 583 2642 586; x_wconf 16' lang='grc' dir='ltr'>ν</span> <span class='ocrx_word' id='word_1_103' title='bbox 2672 521 3131 586; x_wconf 75' lang='lat' dir='ltr'><strong>exspectationem</strong></span> <span class='ocrx_word' id='word_1_104' title='bbox 3190 526 3347 580; x_wconf 88' lang='lat' dir='ltr'><strong>hanc.</strong></span> <span class='ocrx_word' id='word_1_105' title='bbox 3379 545 3399 580; x_wconf 87' lang='lat' dir='ltr'><strong>s</strong></span> <span class='ocrx_word' id='word_1_106' title='bbox 3436 527 3582 584; x_wconf 68' lang='lat' dir='ltr'><strong>Prae-</strong></span> 
     </span>
    </p>
   </div>
   <div class='ocr_carea' id='block_1_16' title="bbox 2002 602 3578 686">
    <p class='ocr_par' dir='ltr' id='par_1_16' title="bbox 2002 602 3578 686">
     <span class='ocr_line' id='line_1_16' title="bbox 2002 602 3578 686; baseline 0.013 -31"><span class='ocrx_word' id='word_1_107' title='bbox 2002 602 2202 670; x_wconf 83' lang='lat' dir='ltr'><strong>dictum</strong></span> <span class='ocrx_word' id='word_1_108' title='bbox 2229 613 2313 659; x_wconf 84' lang='lat' dir='ltr'><strong>est</strong></span> <span class='ocrx_word' id='word_1_109' title='bbox 2342 605 2487 660; x_wconf 89' lang='lat' dir='ltr'><strong>enim</strong></span> <span class='ocrx_word' id='word_1_110' title='bbox 2519 608 2620 662; x_wconf 93' lang='lat' dir='ltr'><strong>hoc</strong></span> <span class='ocrx_word' id='word_1_111' title='bbox 2643 623 2776 664; x_wconf 84' lang='lat' dir='ltr'><strong>voce</strong></span> <span class='ocrx_word' id='word_1_112' title='bbox 2804 620 3120 668; x_wconf 88' lang='lat' dir='ltr'><strong>sanctorum</strong></span> <span class='ocrx_word' id='word_1_113' title='bbox 3166 618 3578 686; x_wconf 87' lang='lat' dir='ltr'><strong>prophetarum,</strong></span> 
     </span>
    </p>
   </div>
   <div class='ocr_carea' id='block_1_17' title="bbox 2000 696 3584 766">
    <p class='ocr_par' dir='ltr' id='par_1_17' title="bbox 2000 696 3584 766">
     <span class='ocr_line' id='line_1_17' title="bbox 2000 696 3584 766; baseline 0.012 -19"><span class='ocrx_word' id='word_1_114' title='bbox 2000 696 2322 764; x_wconf 89' lang='lat' dir='ltr'><strong>etpromisit</strong></span> <span class='ocrx_word' id='word_1_115' title='bbox 2345 697 2396 751; x_wconf 92' lang='lat' dir='ltr'><strong>ei</strong></span> <span class='ocrx_word' id='word_1_116' title='bbox 2419 697 2563 753; x_wconf 85' lang='lat' dir='ltr'><strong>Deus</strong></span> <span class='ocrx_word' id='word_1_117' title='bbox 2594 699 3000 757; x_wconf 75' lang='lat' dir='ltr'><strong>fecunditatem.</strong></span> <span class='ocrx_word' id='word_1_118' title='bbox 3044 723 3063 756; x_wconf 86' lang='grc' dir='ltr'><strong>ι</strong></span> <span class='ocrx_word' id='word_1_119' title='bbox 3103 706 3296 760; x_wconf 86' lang='lat' dir='ltr'><strong>Verum</strong></span> <span class='ocrx_word' id='word_1_120' title='bbox 3347 725 3452 765; x_wconf 89' lang='lat' dir='ltr'><strong>non</strong></span> <span class='ocrx_word' id='word_1_121' title='bbox 3497 726 3584 766; x_wconf 82' lang='lat' dir='ltr'><strong>re-</strong></span> 
     </span>
    </p>
   </div>
   <div class='ocr_carea' id='block_1_18' title="bbox 1999 787 3579 861">
    <p class='ocr_par' dir='ltr' id='par_1_18' title="bbox 1999 787 3579 861">
     <span class='ocr_line' id='line_1_18' title="bbox 1999 787 3579 861; baseline 0.009 -21"><span class='ocrx_word' id='word_1_122' title='bbox 1999 787 2220 842; x_wconf 82' lang='lat' dir='ltr'><strong>cordata</strong></span> <span class='ocrx_word' id='word_1_123' title='bbox 2315 797 2400 844; x_wconf 89' lang='lat' dir='ltr'><strong>est</strong></span> <span class='ocrx_word' id='word_1_124' title='bbox 2446 790 2573 856; x_wconf 88' lang='lat' dir='ltr'><strong>mei,</strong></span> <span class='ocrx_word' id='word_1_125' title='bbox 2634 791 2807 860; x_wconf 89' lang='lat' dir='ltr'><strong>inquit</strong></span> <span class='ocrx_word' id='word_1_126' title='bbox 2859 793 3150 861; x_wconf 87' lang='lat' dir='ltr'><strong>Dominus,</strong></span> <span class='ocrx_word' id='word_1_127' title='bbox 3199 797 3301 852; x_wconf 88' lang='lat' dir='ltr'><strong>etsi</strong></span> <span class='ocrx_word' id='word_1_128' title='bbox 3343 801 3579 855; x_wconf 83' lang='lat' dir='ltr'><strong>sterilem</strong></span> 
     </span>
    </p>
   </div>
   <div class='ocr_carea' id='block_1_19' title="bbox 1998 879 3581 958">
    <p class='ocr_par' dir='ltr' id='par_1_19' title="bbox 1998 879 3581 958">
     <span class='ocr_line' id='line_1_19' title="bbox 1998 879 3581 958; baseline 0.013 -30"><span class='ocrx_word' id='word_1_129' title='bbox 1998 883 2053 928; x_wconf 89' lang='lat' dir='ltr'><strong>et</strong></span> <span class='ocrx_word' id='word_1_130' title='bbox 2089 888 2434 945; x_wconf 74' lang='lat' dir='ltr'><strong>generantcm</strong></span> <span class='ocrx_word' id='word_1_131' title='bbox 2472 879 2718 936; x_wconf 81' lang='lat' dir='ltr'><strong>fecerim.</strong></span> <span class='ocrx_word' id='word_1_132' title='bbox 2769 899 2787 932; x_wconf 80' lang='grc' dir='ltr'><strong>ι</strong></span> <span class='ocrx_word' id='word_1_133' title='bbox 2826 881 2926 948; x_wconf 86' lang='lat' dir='ltr'><strong>Qui</strong></span> <span class='ocrx_word' id='word_1_134' title='bbox 2957 885 3067 939; x_wconf 73' lang='lat' dir='ltr'><strong>limo</strong></span> <span class='ocrx_word' id='word_1_135' title='bbox 3087 895 3283 955; x_wconf 90' lang='lat' dir='ltr'><strong>potest,</strong></span> <span class='ocrx_word' id='word_1_136' title='bbox 3315 892 3581 958; x_wconf 87' lang='lat' dir='ltr'><strong>quomodo</strong></span> 
     </span>
    </p>
   </div>
   <div class='ocr_carea' id='block_1_20' title="bbox 1996 967 3578 1050">
    <p class='ocr_par' dir='ltr' id='par_1_20' title="bbox 1996 967 3578 1050">
     <span class='ocr_line' id='line_1_20' title="bbox 1996 967 3578 1050; baseline 0.009 -29"><span class='ocrx_word' id='word_1_137' title='bbox 1996 967 2384 1036; x_wconf 82' lang='lat' dir='ltr'><strong>permisiteam</strong></span> <span class='ocrx_word' id='word_1_138' title='bbox 2418 971 2605 1026; x_wconf 82' lang='lat' dir='ltr'><strong>orbam</strong></span> <span class='ocrx_word' id='word_1_139' title='bbox 2651 973 2812 1027; x_wconf 84' lang='lat' dir='ltr'><strong>fleri?</strong></span> <span class='ocrx_word' id='word_1_140' title='bbox 2841 974 2897 1029; x_wconf 91' lang='lat' dir='ltr'><strong>Si</strong></span> <span class='ocrx_word' id='word_1_141' title='bbox 2946 975 3205 1032; x_wconf 86' lang='lat' dir='ltr'><strong>voluisset</strong></span> <span class='ocrx_word' id='word_1_142' title='bbox 3241 978 3398 1034; x_wconf 83' lang='lat' dir='ltr'><strong>ﬁdem</strong></span> <span class='ocrx_word' id='word_1_143' title='bbox 3419 981 3471 1035; x_wconf 88' lang='lat' dir='ltr'><strong>in</strong></span> <span class='ocrx_word' id='word_1_144' title='bbox 3497 983 3578 1050; x_wconf 85' lang='lat' dir='ltr'><strong>ip-</strong></span> 
     </span>
    </p>
   </div>
   <div class='ocr_carea' id='block_1_21' title="bbox 1995 1060 3577 1136">
    <p class='ocr_par' dir='ltr' id='par_1_21' title="bbox 1995 1060 3577 1136">
     <span class='ocr_line' id='line_1_21' title="bbox 1995 1060 3577 1136; baseline 0.011 -26"><span class='ocrx_word' id='word_1_145' title='bbox 1995 1071 2113 1111; x_wconf 86' lang='lat' dir='ltr'><strong>sum</strong></span> <span class='ocrx_word' id='word_1_146' title='bbox 2133 1060 2439 1126; x_wconf 81' lang='lat' dir='ltr'><strong>admittere,</strong></span> <span class='ocrx_word' id='word_1_147' title='bbox 2472 1072 2528 1115; x_wconf 89' lang='lat' dir='ltr'><strong>et</strong></span> <span class='ocrx_word' id='word_1_148' title='bbox 2561 1063 2775 1131; x_wconf 87' lang='lat' dir='ltr'><strong>copiosa</strong></span> <span class='ocrx_word' id='word_1_149' title='bbox 2811 1076 2864 1117; x_wconf 91' lang='lat' dir='ltr'><strong>et</strong></span> <span class='ocrx_word' id='word_1_150' title='bbox 2912 1065 3137 1132; x_wconf 88' lang='lat' dir='ltr'><strong>pulchra</strong></span> <span class='ocrx_word' id='word_1_151' title='bbox 3176 1069 3330 1136; x_wconf 86' lang='lat' dir='ltr'><strong>prole</strong></span> <span class='ocrx_word' id='word_1_152' title='bbox 3390 1072 3577 1126; x_wconf 82' lang='lat' dir='ltr'><strong>dotata</strong></span> 
     </span>
    </p>
   </div>
   <div class='ocr_carea' id='block_1_22' title="bbox 1997 1153 3578 1228">
    <p class='ocr_par' dir='ltr' id='par_1_22' title="bbox 1997 1153 3578 1228">
     <span class='ocr_line' id='line_1_22' title="bbox 1997 1153 3578 1228; baseline 0.008 -24"><span class='ocrx_word' id='word_1_153' title='bbox 1997 1153 2343 1220; x_wconf 83' lang='lat' dir='ltr'><strong>apparuisset</strong></span> <span class='ocrx_word' id='word_1_154' title='bbox 2375 1153 2631 1208; x_wconf 88' lang='lat' dir='ltr'><strong>omnibus</strong></span> <span class='ocrx_word' id='word_1_155' title='bbox 2665 1164 2818 1209; x_wconf 71' lang='lat' dir='ltr'><strong>terra:</strong></span> <span class='ocrx_word' id='word_1_156' title='bbox 2849 1155 3062 1222; x_wconf 82' lang='lat' dir='ltr'><strong>incolis;</strong></span> <span class='ocrx_word' id='word_1_157' title='bbox 3102 1160 3195 1213; x_wconf 89' lang='lat' dir='ltr'><strong>sed</strong></span> <span class='ocrx_word' id='word_1_158' title='bbox 3229 1160 3352 1228; x_wconf 89' lang='lat' dir='ltr'><strong>quia</strong></span> <span class='ocrx_word' id='word_1_159' title='bbox 3379 1159 3578 1217; x_wconf 54' lang='lat' dir='ltr'><strong>immo.</strong></span> 
     </span>
    </p>
   </div>
   <div class='ocr_carea' id='block_1_23' title="bbox 1998 1241 3578 1312">
    <p class='ocr_par' dir='ltr' id='par_1_23' title="bbox 1998 1241 3578 1312">
     <span class='ocr_line' id='line_1_23' title="bbox 1998 1241 3578 1312; baseline 0.007 -15"><span class='ocrx_word' id='word_1_160' title='bbox 1998 1245 2170 1312; x_wconf 78' lang='lat' dir='ltr'><strong>rigera</strong></span> <span class='ocrx_word' id='word_1_161' title='bbox 2225 1241 2344 1308; x_wconf 85' lang='lat' dir='ltr'><strong>fuit,</strong></span> <span class='ocrx_word' id='word_1_162' title='bbox 2399 1244 2532 1297; x_wconf 87' lang='lat' dir='ltr'><strong>dura</strong></span> <span class='ocrx_word' id='word_1_163' title='bbox 2582 1254 2638 1299; x_wconf 91' lang='lat' dir='ltr'><strong>et</strong></span> <span class='ocrx_word' id='word_1_164' title='bbox 2674 1247 3015 1312; x_wconf 88' lang='lat' dir='ltr'><strong>refractaria,</strong></span> <span class='ocrx_word' id='word_1_165' title='bbox 3044 1247 3186 1303; x_wconf 87' lang='lat' dir='ltr'><strong>facta</strong></span> <span class='ocrx_word' id='word_1_166' title='bbox 3237 1260 3326 1306; x_wconf 89' lang='lat' dir='ltr'><strong>est</strong></span> <span class='ocrx_word' id='word_1_167' title='bbox 3372 1253 3578 1308; x_wconf 87' lang='lat' dir='ltr'><strong>sterilis</strong></span> 
     </span>
    </p>
   </div>
   <div class='ocr_carea' id='block_1_24' title="bbox 313 1323 1875 1410">
    <p class='ocr_par' dir='ltr' id='par_1_24' title="bbox 313 1323 1875 1410">
     <span class='ocr_line' id='line_1_24' title="bbox 313 1323 1875 1410; baseline 0.012 -37"><span class='ocrx_word' id='word_1_168' title='bbox 313 1323 590 1388; x_wconf 82' lang='grc' dir='ltr'>γεννῶσαν</span> <span class='ocrx_word' id='word_1_169' title='bbox 615 1326 726 1393; x_wconf 83' lang='grc' dir='ltr'><strong>ἐγὼ</strong></span> <span class='ocrx_word' id='word_1_170' title='bbox 768 1329 1071 1399; x_wconf 86' lang='grc' dir='ltr'>πεποίηκα.</span> <span class='ocrx_word' id='word_1_171' title='bbox 1099 1348 1116 1379; x_wconf 80' lang='grc' dir='ltr'><strong>ι</strong></span> <span class='ocrx_word' id='word_1_172' title='bbox 1172 1332 1230 1384; x_wconf 84' lang='grc' dir='ltr'>Ὀ</span> <span class='ocrx_word' id='word_1_173' title='bbox 1265 1332 1322 1386; x_wconf 82' lang='grc' dir='ltr'>δὲ</span> <span class='ocrx_word' id='word_1_174' title='bbox 1364 1334 1568 1388; x_wconf 85' lang='grc' dir='ltr'>τούτων</span> <span class='ocrx_word' id='word_1_175' title='bbox 1609 1336 1747 1406; x_wconf 82' lang='grc' dir='ltr'>ἔχων</span> <span class='ocrx_word' id='word_1_176' title='bbox 1795 1339 1875 1410; x_wconf 61' lang='grc' dir='ltr'>τήπ</span> 
     </span>
    </p>
   </div>
   <div class='ocr_carea' id='block_1_25' title="bbox 1976 1323 3577 1410">
    <p class='ocr_par' dir='ltr' id='par_1_25' title="bbox 1996 1334 3577 1406">
     <span class='ocr_line' id='line_1_25' title="bbox 1996 1334 3577 1406; baseline 0.006 -18"><span class='ocrx_word' id='word_1_177' title='bbox 1996 1335 2142 1404; x_wconf 89' lang='lat' dir='ltr'><strong>ipsa;</strong></span> <span class='ocrx_word' id='word_1_178' title='bbox 2185 1334 2425 1402; x_wconf 72' lang='lat' dir='ltr'><strong>gentium</strong></span> <span class='ocrx_word' id='word_1_179' title='bbox 2456 1343 2634 1390; x_wconf 87' lang='lat' dir='ltr'><strong>autem</strong></span> <span class='ocrx_word' id='word_1_180' title='bbox 2668 1338 2814 1406; x_wconf 81' lang='lat' dir='ltr'><strong>regio</strong></span> <span class='ocrx_word' id='word_1_181' title='bbox 2848 1340 3019 1394; x_wconf 88' lang='lat' dir='ltr'><strong>multo</strong></span> <span class='ocrx_word' id='word_1_182' title='bbox 3066 1345 3358 1397; x_wconf 77' lang='lat' dir='ltr'><strong>maximum</strong></span> <span class='ocrx_word' id='word_1_183' title='bbox 3399 1353 3456 1398; x_wconf 89' lang='lat' dir='ltr'><strong>et</strong></span> <span class='ocrx_word' id='word_1_184' title='bbox 3500 1344 3577 1398; x_wconf 91' lang='lat' dir='ltr'><strong>in-</strong></span> 
     </span>
    </p>
   </div>
   <div class='ocr_carea' id='block_1_26' title="bbox 315 1411 1875 1501">
    <p class='ocr_par' dir='ltr' id='par_1_26' title="bbox 315 1411 1875 1500">
     <span class='ocr_line' id='line_1_26' title="bbox 315 1411 1875 1500; baseline 0.013 -37"><span class='ocrx_word' id='word_1_185' title='bbox 315 1411 586 1475; x_wconf 80' lang='grc' dir='ltr'>ἐξουσίαν.</span> <span class='ocrx_word' id='word_1_186' title='bbox 644 1415 762 1478; x_wconf 87' lang='grc' dir='ltr'><strong>πῶς</strong></span> <span class='ocrx_word' id='word_1_187' title='bbox 823 1417 889 1470; x_wconf 85' lang='grc' dir='ltr'><strong>ἂν</strong></span> <span class='ocrx_word' id='word_1_188' title='bbox 944 1419 1148 1474; x_wconf 85' lang='grc' dir='ltr'>ἄπαιδα</span> <span class='ocrx_word' id='word_1_189' title='bbox 1200 1424 1450 1491; x_wconf 86' lang='grc' dir='ltr'>γενέσθαι</span> <span class='ocrx_word' id='word_1_190' title='bbox 1513 1429 1875 1500; x_wconf 62' lang='grc' dir='ltr'>συνεχώρησει</span> 
     </span>
    </p>
   </div>
   <div class='ocr_carea' id='block_1_27' title="bbox 1976 1411 3568 1501">
    <p class='ocr_par' dir='ltr' id='par_1_27' title="bbox 1995 1426 3568 1501">
     <span class='ocr_line' id='line_1_27' title="bbox 1995 1426 3568 1501; baseline 0.005 -22"><span class='ocrx_word' id='word_1_191' title='bbox 1995 1426 2389 1480; x_wconf 85' lang='lat' dir='ltr'><strong>numerabilem</strong></span> <span class='ocrx_word' id='word_1_192' title='bbox 2424 1429 2676 1496; x_wconf 85' lang='lat' dir='ltr'><strong>populum</strong></span> <span class='ocrx_word' id='word_1_193' title='bbox 2700 1433 2996 1499; x_wconf 83' lang='lat' dir='ltr'><strong>generavit.</strong></span> <span class='ocrx_word' id='word_1_194' title='bbox 3023 1431 3134 1487; x_wconf 83' lang='lat' dir='ltr'><strong>Hoc</strong></span> <span class='ocrx_word' id='word_1_195' title='bbox 3186 1433 3358 1501; x_wconf 87' lang='lat' dir='ltr'><strong>ipsum</strong></span> <span class='ocrx_word' id='word_1_196' title='bbox 3417 1437 3568 1492; x_wconf 87' lang='lat' dir='ltr'><strong>doce.</strong></span> 
     </span>
    </p>
   </div>
   <div class='ocr_carea' id='block_1_28' title="bbox 310 1503 1875 1594">
    <p class='ocr_par' dir='ltr' id='par_1_28' title="bbox 310 1503 1875 1590">
     <span class='ocr_line' id='line_1_28' title="bbox 310 1503 1875 1590; baseline 0.011 -33"><span class='ocrx_word' id='word_1_197' title='bbox 310 1503 520 1571; x_wconf 65' lang='grc' dir='ltr'>αὐτὴν,</span> <span class='ocrx_word' id='word_1_198' title='bbox 561 1505 720 1576; x_wconf 83' lang='grc' dir='ltr'>εἴπερ</span> <span class='ocrx_word' id='word_1_199' title='bbox 743 1507 996 1579; x_wconf 77' lang='grc' dir='ltr'>ἠθέλησε,</span> <span class='ocrx_word' id='word_1_200' title='bbox 1022 1511 1120 1581; x_wconf 83' lang='grc' dir='ltr'><strong>τήν</strong></span> <span class='ocrx_word' id='word_1_201' title='bbox 1162 1515 1241 1577; x_wconf 87' lang='grc' dir='ltr'>εἰς</span> <span class='ocrx_word' id='word_1_202' title='bbox 1283 1516 1443 1569; x_wconf 77' lang='grc' dir='ltr'>αὑτὸν</span> <span class='ocrx_word' id='word_1_203' title='bbox 1503 1519 1684 1572; x_wconf 86' lang='grc' dir='ltr'>πίστιν</span> <span class='ocrx_word' id='word_1_204' title='bbox 1728 1539 1875 1590; x_wconf 79' lang='grc' dir='ltr'>προσ·</span> 
     </span>
    </p>
   </div>
   <div class='ocr_carea' id='block_1_29' title="bbox 1976 1503 3556 1594">
    <p class='ocr_par' dir='ltr' id='par_1_29' title="bbox 1991 1518 3556 1594">
     <span class='ocr_line' id='line_1_29' title="bbox 1991 1518 3556 1594; baseline 0.01 -26"><span class='ocrx_word' id='word_1_205' title='bbox 1991 1532 2208 1587; x_wconf 88' lang='lat' dir='ltr'><strong>quoque</strong></span> <span class='ocrx_word' id='word_1_206' title='bbox 2247 1518 2460 1574; x_wconf 80' lang='lat' dir='ltr'><strong>divinus</strong></span> <span class='ocrx_word' id='word_1_207' title='bbox 2487 1521 2745 1589; x_wconf 85' lang='lat' dir='ltr'><strong>propheta</strong></span> <span class='ocrx_word' id='word_1_208' title='bbox 2772 1521 2958 1588; x_wconf 89' lang='lat' dir='ltr'><strong>Isaias,</strong></span> <span class='ocrx_word' id='word_1_209' title='bbox 2989 1524 3425 1594; x_wconf 86' lang='lat' dir='ltr'><strong>velutalloquens</strong></span> <span class='ocrx_word' id='word_1_210' title='bbox 3439 1543 3556 1594; x_wconf 74' lang='lat' dir='ltr'><strong>gen-</strong></span> 
     </span>
    </p>
   </div>
   <div class='ocr_carea' id='block_1_30' title="bbox 309 1594 1875 1688">
    <p class='ocr_par' dir='ltr' id='par_1_30' title="bbox 309 1594 1875 1688">
     <span class='ocr_line' id='line_1_30' title="bbox 309 1594 1875 1688; baseline 0.013 -43"><span class='ocrx_word' id='word_1_211' title='bbox 309 1594 584 1688; x_wconf 75' lang='grc' dir='ltr'>ηκαμένη,</span> <span class='ocrx_word' id='word_1_212' title='bbox 613 1597 878 1661; x_wconf 81' lang='grc' dir='ltr'>πολύπαις</span> <span class='ocrx_word' id='word_1_213' title='bbox 925 1618 982 1654; x_wconf 82' lang='grc' dir='ltr'><strong>τε</strong></span> <span class='ocrx_word' id='word_1_214' title='bbox 1013 1603 1108 1656; x_wconf 73' lang='grc' dir='ltr'>καὶ</span> <span class='ocrx_word' id='word_1_215' title='bbox 1152 1603 1347 1669; x_wconf 75' lang='grc' dir='ltr'>εὔπαις</span> <span class='ocrx_word' id='word_1_216' title='bbox 1380 1607 1612 1678; x_wconf 80' lang='grc' dir='ltr'>ὀφθῆναι</span> <span class='ocrx_word' id='word_1_217' title='bbox 1649 1614 1761 1674; x_wconf 87' lang='grc' dir='ltr'>τοῖς</span> <span class='ocrx_word' id='word_1_218' title='bbox 1788 1613 1875 1665; x_wconf 77' lang='grc' dir='ltr'>ἀνὲ</span> 
     </span>
    </p>
   </div>
   <div class='ocr_carea' id='block_1_31' title="bbox 1976 1594 3569 1688">
    <p class='ocr_par' dir='ltr' id='par_1_31' title="bbox 1991 1610 3569 1688">
     <span class='ocr_line' id='line_1_31' title="bbox 1991 1610 3569 1688; baseline 0.008 -26"><span class='ocrx_word' id='word_1_219' title='bbox 1991 1611 2121 1664; x_wconf 82' lang='grc' dir='ltr'>ιίιιιιι</span> <span class='ocrx_word' id='word_1_220' title='bbox 2153 1610 2446 1666; x_wconf 77' lang='lat' dir='ltr'><strong>Ecclesium</strong></span> <span class='ocrx_word' id='word_1_221' title='bbox 2485 1631 2498 1666; x_wconf 89' lang='lat'><strong>:</strong></span> <span class='ocrx_word' id='word_1_222' title='bbox 2547 1631 2566 1663; x_wconf 86' lang='grc' dir='ltr'><strong>ι</strong></span> <span class='ocrx_word' id='word_1_223' title='bbox 2604 1612 2836 1679; x_wconf 73' lang='lat' dir='ltr'><strong>Lmtare,</strong></span> <span class='ocrx_word' id='word_1_224' title='bbox 2870 1615 3089 1680; x_wconf 83' lang='lat' dir='ltr'><strong>sterilis,</strong></span> <span class='ocrx_word' id='word_1_225' title='bbox 3123 1633 3244 1688; x_wconf 75' lang='lat' dir='ltr'><strong>quae</strong></span> <span class='ocrx_word' id='word_1_226' title='bbox 3271 1634 3375 1674; x_wconf 90' lang='lat' dir='ltr'><strong>non</strong></span> <span class='ocrx_word' id='word_1_227' title='bbox 3403 1620 3569 1688; x_wconf 89' lang='lat' dir='ltr'><strong>paris,</strong></span> 
     </span>
    </p>
   </div>
   <div class='ocr_carea' id='block_1_32' title="bbox 309 1686 1875 1779">
    <p class='ocr_par' dir='ltr' id='par_1_32' title="bbox 309 1686 1875 1771">
     <span class='ocr_line' id='line_1_32' title="bbox 309 1686 1875 1771; baseline 0.011 -34"><span class='ocrx_word' id='word_1_228' title='bbox 309 1686 490 1738; x_wconf 82' lang='grc' dir='ltr'>πᾶσαν</span> <span class='ocrx_word' id='word_1_229' title='bbox 525 1686 622 1757; x_wconf 82' lang='grc' dir='ltr'><strong>τήν</strong></span> <span class='ocrx_word' id='word_1_230' title='bbox 663 1689 798 1758; x_wconf 85' lang='grc' dir='ltr'><strong>γῆν;</strong></span> <span class='ocrx_word' id='word_1_231' title='bbox 845 1691 1105 1761; x_wconf 80' lang='grc' dir='ltr'>ἐπειδὴδὲ</span> <span class='ocrx_word' id='word_1_232' title='bbox 1129 1694 1351 1762; x_wconf 82' lang='grc' dir='ltr'>γέγονεν</span> <span class='ocrx_word' id='word_1_233' title='bbox 1379 1696 1628 1768; x_wconf 82' lang='grc' dir='ltr'><strong>ἀπειθὴς,</strong></span> <span class='ocrx_word' id='word_1_234' title='bbox 1659 1700 1875 1771; x_wconf 62' lang='grc' dir='ltr'><strong>σκληρὰ1</strong></span> 
     </span>
    </p>
   </div>
   <div class='ocr_carea' id='block_1_33' title="bbox 1976 1686 3571 1779">
    <p class='ocr_par' dir='ltr' id='par_1_33' title="bbox 1991 1702 3571 1779">
     <span class='ocr_line' id='line_1_33' title="bbox 1991 1702 3571 1779; baseline 0.008 -25"><span class='ocrx_word' id='word_1_235' title='bbox 1991 1715 2211 1770; x_wconf 89' lang='lat' dir='ltr'><strong>erumpe</strong></span> <span class='ocrx_word' id='word_1_236' title='bbox 2233 1710 2288 1756; x_wconf 88' lang='lat' dir='ltr'><strong>et</strong></span> <span class='ocrx_word' id='word_1_237' title='bbox 2340 1702 2679 1773; x_wconf 77' lang='lat' dir='ltr'><strong>clama,qn:e</strong></span> <span class='ocrx_word' id='word_1_238' title='bbox 2745 1720 2851 1760; x_wconf 89' lang='lat' dir='ltr'><strong>non</strong></span> <span class='ocrx_word' id='word_1_239' title='bbox 2893 1708 3152 1776; x_wconf 85' lang='lat' dir='ltr'><strong>parturis,</strong></span> <span class='ocrx_word' id='word_1_240' title='bbox 3209 1709 3332 1778; x_wconf 83' lang='lat' dir='ltr'><strong>quia</strong></span> <span class='ocrx_word' id='word_1_241' title='bbox 3387 1711 3571 1779; x_wconf 75' lang='lat' dir='ltr'><strong>plures</strong></span> 
     </span>
    </p>
   </div>
   <div class='ocr_carea' id='block_1_34' title="bbox 308 1776 1875 1872">
    <p class='ocr_par' dir='ltr' id='par_1_34' title="bbox 308 1776 1875 1859">
     <span class='ocr_line' id='line_1_34' title="bbox 308 1776 1875 1859; baseline 0.01 -31"><span class='ocrx_word' id='word_1_242' title='bbox 308 1776 403 1829; x_wconf 76' lang='grc' dir='ltr'>καὶ</span> <span class='ocrx_word' id='word_1_243' title='bbox 446 1777 784 1846; x_wconf 78' lang='grc' dir='ltr'><strong>δυσάγωγος,</strong></span> <span class='ocrx_word' id='word_1_244' title='bbox 815 1781 1116 1851; x_wconf 83' lang='grc' dir='ltr'>ἐστειρὼθη</span> <span class='ocrx_word' id='word_1_245' title='bbox 1151 1784 1250 1852; x_wconf 80' lang='grc' dir='ltr'>μὲν</span> <span class='ocrx_word' id='word_1_246' title='bbox 1280 1783 1439 1856; x_wconf 77' lang='grc' dir='ltr'>αὕτη,</span> <span class='ocrx_word' id='word_1_247' title='bbox 1491 1789 1787 1859; x_wconf 80' lang='grc' dir='ltr'>γεγέννηκε</span> <span class='ocrx_word' id='word_1_248' title='bbox 1834 1790 1875 1843; x_wconf 85' lang='grc' dir='ltr'>δὲ</span> 
     </span>
    </p>
   </div>
   <div class='ocr_carea' id='block_1_35' title="bbox 1976 1776 3568 1872">
    <p class='ocr_par' dir='ltr' id='par_1_35' title="bbox 1994 1776 3568 1872">
     <span class='ocr_line' id='line_1_35' title="bbox 1994 1776 3568 1872; baseline 0.009 -26"><span class='ocrx_word' id='word_1_249' title='bbox 1994 1797 2144 1850; x_wconf 86' lang='lat' dir='ltr'><strong>liberi</strong></span> <span class='ocrx_word' id='word_1_250' title='bbox 2189 1798 2418 1853; x_wconf 66' lang='lat' dir='ltr'><strong>desertae</strong></span> <span class='ocrx_word' id='word_1_251' title='bbox 2475 1808 2622 1863; x_wconf 88' lang='lat' dir='ltr'><strong>sunt,</strong></span> <span class='ocrx_word' id='word_1_252' title='bbox 2669 1815 2830 1870; x_wconf 92' lang='lat' dir='ltr'><strong>quam</strong></span> <span class='ocrx_word' id='word_1_253' title='bbox 2879 1802 2998 1868; x_wconf 86' lang='lat' dir='ltr'><strong>ejus</strong></span> <span class='ocrx_word' id='word_1_254' title='bbox 3073 1819 3194 1872; x_wconf 64' lang='lat' dir='ltr'><strong>qua:</strong></span> <span class='ocrx_word' id='word_1_255' title='bbox 3229 1776 3410 1859; x_wconf 74' lang='lat' dir='ltr'><strong>habet</strong></span> <span class='ocrx_word' id='word_1_256' title='bbox 3483 1805 3568 1860; x_wconf 79' lang='lat' dir='ltr'><strong>vi-</strong></span> 
     </span>
    </p>
   </div>
   <div class='ocr_carea' id='block_1_36' title="bbox 308 1867 2256 1946">
    <p class='ocr_par' dir='ltr' id='par_1_36' title="bbox 308 1867 2256 1946">
     <span class='ocr_line' id='line_1_36' title="bbox 308 1867 2256 1946; baseline 0.011 -27"><span class='ocrx_word' id='word_1_257' title='bbox 308 1867 342 1936; x_wconf 83' lang='grc' dir='ltr'><strong>ή</strong></span> <span class='ocrx_word' id='word_1_258' title='bbox 379 1867 486 1921; x_wconf 88' lang='grc' dir='ltr'><strong>τῶν</strong></span> <span class='ocrx_word' id='word_1_259' title='bbox 515 1868 686 1922; x_wconf 83' lang='grc' dir='ltr'>ἐθνῶν</span> <span class='ocrx_word' id='word_1_260' title='bbox 713 1870 867 1940; x_wconf 82' lang='grc' dir='ltr'>χώρα</span> <span class='ocrx_word' id='word_1_261' title='bbox 895 1872 986 1924; x_wconf 84' lang='grc' dir='ltr'><strong>τὸν</strong></span> <span class='ocrx_word' id='word_1_262' title='bbox 1017 1873 1254 1944; x_wconf 86' lang='grc' dir='ltr'>ἀριθμοῦ</span> <span class='ocrx_word' id='word_1_263' title='bbox 1293 1877 1578 1946; x_wconf 79' lang='grc' dir='ltr'>κρείττονα</span> <span class='ocrx_word' id='word_1_264' title='bbox 1640 1881 1734 1934; x_wconf 72' lang='grc' dir='ltr'>καὶ</span> <span class='ocrx_word' id='word_1_265' title='bbox 1761 1881 1880 1934; x_wconf 79' lang='grc' dir='ltr'>ἐπέ·</span> <span class='ocrx_word' id='word_1_266' title='bbox 1996 1890 2200 1942; x_wconf 73' lang='lat' dir='ltr'><strong>mni”.</strong></span> <span class='ocrx_word' id='word_1_267' title='bbox 2237 1907 2256 1940; x_wconf 76' lang='grc' dir='ltr'><strong>ι</strong></span> 
     </span>
    </p>
   </div>
   <div class='ocr_carea' id='block_1_37' title="bbox 307 1959 3568 2056">
    <p class='ocr_par' dir='ltr' id='par_1_37' title="bbox 307 1959 3568 2056">
     <span class='ocr_line' id='line_1_37' title="bbox 307 1959 3568 2056; baseline 0.009 -44"><span class='ocrx_word' id='word_1_268' title='bbox 307 1975 462 2056; x_wconf 82' lang='grc' dir='ltr'>κεινα</span> <span class='ocrx_word' id='word_1_269' title='bbox 499 1959 655 2013; x_wconf 76' lang='grc' dir='ltr'>λαόνο</span> <span class='ocrx_word' id='word_1_270' title='bbox 723 1963 816 2014; x_wconf 74' lang='grc' dir='ltr'><strong>καὶ</strong></span> <span class='ocrx_word' id='word_1_271' title='bbox 864 1963 995 2016; x_wconf 82' lang='grc' dir='ltr'>αὐτὸ</span> <span class='ocrx_word' id='word_1_272' title='bbox 1037 1963 1101 2034; x_wconf 83' lang='grc' dir='ltr'>δὴ</span> <span class='ocrx_word' id='word_1_273' title='bbox 1176 1967 1324 2019; x_wconf 87' lang='grc' dir='ltr'>τουτί</span> <span class='ocrx_word' id='word_1_274' title='bbox 1371 1968 1614 2022; x_wconf 79' lang='grc' dir='ltr'>διδάσκει</span> <span class='ocrx_word' id='word_1_275' title='bbox 1667 1972 1838 2041; x_wconf 81' lang='grc' dir='ltr'>λέγων</span> <span class='ocrx_word' id='word_1_276' title='bbox 1887 1977 1915 2028; x_wconf 83' lang='grc' dir='ltr'><strong>ὁ</strong></span> <span class='ocrx_word' id='word_1_277' title='bbox 1957 1975 2242 2043; x_wconf 83' lang='grc' dir='ltr'>θεσπέσιος</span> <span class='ocrx_word' id='word_1_278' title='bbox 2291 1981 2578 2052; x_wconf 82' lang='grc' dir='ltr'>προφήτης</span> <span class='ocrx_word' id='word_1_279' title='bbox 2631 1981 2877 2047; x_wconf 75' lang='grc' dir='ltr'>Ἡσαΐας,</span> <span class='ocrx_word' id='word_1_280' title='bbox 2919 1981 2995 2046; x_wconf 83' lang='grc' dir='ltr'>ὡς</span> <span class='ocrx_word' id='word_1_281' title='bbox 3041 1983 3178 2053; x_wconf 86' lang='grc' dir='ltr'>πρός</span> <span class='ocrx_word' id='word_1_282' title='bbox 3217 2000 3284 2052; x_wconf 87' lang='grc' dir='ltr'><strong>γε</strong></span> <span class='ocrx_word' id='word_1_283' title='bbox 3351 1985 3452 2056; x_wconf 82' lang='grc' dir='ltr'><strong>τὴν</strong></span> <span class='ocrx_word' id='word_1_284' title='bbox 3508 1980 3568 2046; x_wconf 78' lang='grc' dir='ltr'>ἐξ</span> 
     </span>
    </p>
   </div>
   <div class='ocr_carea' id='block_1_38' title="bbox 307 2055 3568 2150">
    <p class='ocr_par' dir='ltr' id='par_1_38' title="bbox 307 2055 3568 2150">
     <span class='ocr_line' id='line_1_38' title="bbox 307 2055 3568 2150; baseline 0.008 -42"><span class='ocrx_word' id='word_1_285' title='bbox 550 2056 901 2150; x_wconf 38' lang='grc' dir='ltr'>ῘΕκκλησίαν·</span> <span class='ocrx_word' id='word_1_286' title='bbox 992 2079 1010 2110; x_wconf 81' lang='grc' dir='ltr'><strong>ι</strong></span> <span class='ocrx_word' id='word_1_287' title='bbox 1040 2061 1407 2134; x_wconf 76' lang='grc' dir='ltr'>Εὐφράνθητι,</span> <span class='ocrx_word' id='word_1_288' title='bbox 1472 2071 1660 2139; x_wconf 86' lang='grc' dir='ltr'>στεῖρα</span> <span class='ocrx_word' id='word_1_289' title='bbox 1726 2071 1759 2139; x_wconf 85' lang='grc' dir='ltr'>ἠ</span> <span class='ocrx_word' id='word_1_290' title='bbox 1823 2071 1884 2124; x_wconf 78' lang='grc' dir='ltr'>οὐ</span> <span class='ocrx_word' id='word_1_291' title='bbox 1961 2074 2242 2139; x_wconf 76' lang='grc' dir='ltr'>τίκτουσα,</span> <span class='ocrx_word' id='word_1_292' title='bbox 2299 2075 2460 2147; x_wconf 79' lang='grc' dir='ltr'>ῥῆξον</span> <span class='ocrx_word' id='word_1_293' title='bbox 2503 2078 2598 2131; x_wconf 76' lang='grc' dir='ltr'><strong>καὶ</strong></span> <span class='ocrx_word' id='word_1_294' title='bbox 2650 2077 2846 2150; x_wconf 84' lang='grc' dir='ltr'>βόησον</span> <span class='ocrx_word' id='word_1_295' title='bbox 2889 2080 2923 2148; x_wconf 86' lang='grc' dir='ltr'><strong>ή</strong></span> <span class='ocrx_word' id='word_1_296' title='bbox 2979 2079 3077 2134; x_wconf 71' lang='grc' dir='ltr'>οὐκ</span> <span class='ocrx_word' id='word_1_297' title='bbox 3143 2080 3428 2143; x_wconf 81' lang='grc' dir='ltr'>ὠδίνουσα,</span> <span class='ocrx_word' id='word_1_298' title='bbox 3479 2081 3568 2135; x_wconf 83' lang='grc' dir='ltr'>ὅτι</span> 
     </span>
    </p>
   </div>
   <div class='ocr_carea' id='block_1_39' title="bbox 305 2147 2275 2238">
    <p class='ocr_par' dir='ltr' id='par_1_39' title="bbox 305 2147 2275 2238">
     <span class='ocr_line' id='line_1_39' title="bbox 305 2147 2275 2238; baseline 0.01 -39"><span class='ocrx_word' id='word_1_299' title='bbox 305 2147 475 2200; x_wconf 82' lang='grc' dir='ltr'>πολλά</span> <span class='ocrx_word' id='word_1_300' title='bbox 508 2147 575 2201; x_wconf 90' lang='grc' dir='ltr'><strong>τά</strong></span> <span class='ocrx_word' id='word_1_301' title='bbox 611 2149 775 2202; x_wconf 83' lang='grc' dir='ltr'>τέκνα</span> <span class='ocrx_word' id='word_1_302' title='bbox 801 2151 898 2220; x_wconf 82' lang='grc' dir='ltr'>τῆς</span> <span class='ocrx_word' id='word_1_303' title='bbox 931 2153 1142 2221; x_wconf 81' lang='grc' dir='ltr'>ἐρήμου</span> <span class='ocrx_word' id='word_1_304' title='bbox 1174 2153 1395 2224; x_wconf 78' lang='grc' dir='ltr'>μᾶλλον,</span> <span class='ocrx_word' id='word_1_305' title='bbox 1434 2157 1467 2228; x_wconf 80' lang='grc' dir='ltr'>ἢ</span> <span class='ocrx_word' id='word_1_306' title='bbox 1512 2160 1609 2229; x_wconf 80' lang='grc' dir='ltr'><strong>τῆς</strong></span> <span class='ocrx_word' id='word_1_307' title='bbox 1647 2161 1878 2233; x_wconf 82' lang='grc' dir='ltr'>ἐχούσης</span> <span class='ocrx_word' id='word_1_308' title='bbox 1915 2164 2006 2218; x_wconf 79' lang='grc' dir='ltr'><strong>τὸν</strong></span> <span class='ocrx_word' id='word_1_309' title='bbox 2035 2165 2224 2238; x_wconf 80' lang='grc' dir='ltr'>ἄνδρα.</span> <span class='ocrx_word' id='word_1_310' title='bbox 2256 2185 2275 2219; x_wconf 84' lang='lat' dir='ltr'><strong>s</strong></span> 
     </span>
    </p>
   </div>
   <div class='ocr_carea' id='block_1_40' title="bbox 377 2239 1875 2321">
    <p class='ocr_par' dir='ltr' id='par_1_40' title="bbox 377 2239 1875 2320">
     <span class='ocr_line' id='line_1_40' title="bbox 377 2239 1875 2320; baseline 0.011 -29"><span class='ocrx_word' id='word_1_311' title='bbox 377 2239 773 2307; x_wconf 74' lang='grc' dir='ltr'>Εὐφράνθητι,</span> <span class='ocrx_word' id='word_1_312' title='bbox 819 2241 1226 2312; x_wconf 80' lang='grc' dir='ltr'>Ἰερουσαλὴμ,</span> <span class='ocrx_word' id='word_1_313' title='bbox 1279 2247 1377 2300; x_wconf 78' lang='grc' dir='ltr'><strong>καί</strong></span> <span class='ocrx_word' id='word_1_314' title='bbox 1436 2254 1875 2320; x_wconf 74' lang='grc' dir='ltr'>πανηγυρίσατε</span> 
     </span>
    </p>
   </div>
   <div class='ocr_carea' id='block_1_41' title="bbox 1976 2239 3563 2321">
    <p class='ocr_par' dir='ltr' id='par_1_41' title="bbox 2062 2255 3563 2321">
     <span class='ocr_line' id='line_1_41' title="bbox 2062 2255 3563 2321; baseline 0.001 -11"><span class='ocrx_word' id='word_1_315' title='bbox 2062 2257 2224 2311; x_wconf 72' lang='lat' dir='ltr'><strong>Vsus.</strong></span> <span class='ocrx_word' id='word_1_316' title='bbox 2257 2257 2437 2311; x_wconf 69' lang='lat'><strong>10-12.</strong></span> <span class='ocrx_word' id='word_1_317' title='bbox 2495 2255 2716 2321; x_wconf 77' lang='lat' dir='ltr'><strong>Lwtare,</strong></span> <span class='ocrx_word' id='word_1_318' title='bbox 2769 2255 3091 2321; x_wconf 77' lang='lat' dir='ltr'><strong>Jerusalem,</strong></span> <span class='ocrx_word' id='word_1_319' title='bbox 3169 2266 3216 2311; x_wconf 86' lang='lat' dir='ltr'><strong>et</strong></span> <span class='ocrx_word' id='word_1_320' title='bbox 3259 2267 3563 2312; x_wconf 74' lang='lat' dir='ltr'><strong>conventum</strong></span> 
     </span>
    </p>
   </div>
   <div class='ocr_carea' id='block_1_42' title="bbox 301 2330 1875 2426">
    <p class='ocr_par' dir='ltr' id='par_1_42' title="bbox 301 2330 1875 2426">
     <span class='ocr_line' id='line_1_42' title="bbox 301 2330 1875 2426; baseline 0.011 -44"><span class='ocrx_word' id='word_1_321' title='bbox 301 2330 372 2382; x_wconf 77' lang='grc' dir='ltr'>ἐν</span> <span class='ocrx_word' id='word_1_322' title='bbox 427 2331 601 2426; x_wconf 58' lang='grc' dir='ltr'>αὐτῇ,</span> <span class='ocrx_word' id='word_1_323' title='bbox 630 2333 851 2399; x_wconf 81' lang='grc' dir='ltr'>πάντες</span> <span class='ocrx_word' id='word_1_324' title='bbox 898 2337 952 2388; x_wconf 76' lang='grc' dir='ltr'>οἱ</span> <span class='ocrx_word' id='word_1_325' title='bbox 1005 2337 1354 2405; x_wconf 76' lang='grc' dir='ltr'>ἀγαπῶντες</span> <span class='ocrx_word' id='word_1_326' title='bbox 1395 2341 1608 2407; x_wconf 82' lang='grc' dir='ltr'>αὐτήν.</span> <span class='ocrx_word' id='word_1_327' title='bbox 1661 2344 1875 2413; x_wconf 68' lang='grc' dir='ltr'>Χάρητι</span> 
     </span>
    </p>
   </div>
   <div class='ocr_carea' id='block_1_43' title="bbox 1976 2330 3562 2426">
    <p class='ocr_par' dir='ltr' id='par_1_43' title="bbox 1991 2348 3562 2420">
     <span class='ocr_line' id='line_1_43' title="bbox 1991 2348 3562 2420; baseline 0.001 -19"><span class='ocrx_word' id='word_1_328' title='bbox 1991 2348 2144 2415; x_wconf 79' lang='lat' dir='ltr'><strong>facile</strong></span> <span class='ocrx_word' id='word_1_329' title='bbox 2174 2351 2228 2403; x_wconf 83' lang='lat' dir='ltr'><strong>in</strong></span> <span class='ocrx_word' id='word_1_330' title='bbox 2257 2367 2316 2404; x_wconf 85' lang='lat' dir='ltr'><strong>ea</strong></span> <span class='ocrx_word' id='word_1_331' title='bbox 2345 2366 2544 2414; x_wconf 77' lang='lat' dir='ltr'><strong>omnes,</strong></span> <span class='ocrx_word' id='word_1_332' title='bbox 2573 2350 2660 2416; x_wconf 86' lang='lat' dir='ltr'><strong>qui</strong></span> <span class='ocrx_word' id='word_1_333' title='bbox 2682 2350 2904 2418; x_wconf 80' lang='lat' dir='ltr'><strong>diligitis</strong></span> <span class='ocrx_word' id='word_1_334' title='bbox 2928 2366 3042 2403; x_wconf 86' lang='lat' dir='ltr'><strong>eam</strong></span> <span class='ocrx_word' id='word_1_335' title='bbox 3064 2365 3083 2414; x_wconf 87' lang='lat'><strong><em>;</em></strong></span> <span class='ocrx_word' id='word_1_336' title='bbox 3107 2348 3325 2418; x_wconf 80' lang='lat' dir='ltr'><strong>gaudete</strong></span> <span class='ocrx_word' id='word_1_337' title='bbox 3345 2350 3562 2420; x_wconf 82' lang='lat' dir='ltr'><strong>gaudio,</strong></span> 
     </span>
    </p>
   </div>
   <div class='ocr_carea' id='block_1_44' title="bbox 305 2418 1875 2511">
    <p class='ocr_par' dir='ltr' id='par_1_44' title="bbox 305 2418 1875 2502">
     <span class='ocr_line' id='line_1_44' title="bbox 305 2418 1875 2502; baseline 0.013 -33"><span class='ocrx_word' id='word_1_338' title='bbox 305 2418 461 2486; x_wconf 78' lang='grc' dir='ltr'>χαρᾷ</span> <span class='ocrx_word' id='word_1_339' title='bbox 491 2418 718 2487; x_wconf 81' lang='grc' dir='ltr'>πάντες</span> <span class='ocrx_word' id='word_1_340' title='bbox 746 2420 880 2474; x_wconf 79' lang='grc' dir='ltr'>ὅσοι</span> <span class='ocrx_word' id='word_1_341' title='bbox 919 2424 1190 2479; x_wconf 74' lang='grc' dir='ltr'>πενθεῖτε</span> <span class='ocrx_word' id='word_1_342' title='bbox 1220 2428 1312 2480; x_wconf 79' lang='grc' dir='ltr'>ἐπ’</span> <span class='ocrx_word' id='word_1_343' title='bbox 1341 2429 1552 2498; x_wconf 82' lang='grc' dir='ltr'>αὐτῆς,</span> <span class='ocrx_word' id='word_1_344' title='bbox 1587 2433 1685 2486; x_wconf 78' lang='grc' dir='ltr'><strong>ἵνα</strong></span> <span class='ocrx_word' id='word_1_345' title='bbox 1705 2435 1875 2502; x_wconf 79' lang='grc' dir='ltr'>θηλά-</span> 
     </span>
    </p>
   </div>
   <div class='ocr_carea' id='block_1_45' title="bbox 1976 2418 3561 2511">
    <p class='ocr_par' dir='ltr' id='par_1_45' title="bbox 1988 2418 3561 2511">
     <span class='ocr_line' id='line_1_45' title="bbox 1988 2418 3561 2511; baseline 0 -18"><span class='ocrx_word' id='word_1_346' title='bbox 1988 2455 2185 2502; x_wconf 86' lang='lat' dir='ltr'><strong>omnes,</strong></span> <span class='ocrx_word' id='word_1_347' title='bbox 2250 2435 2543 2511; x_wconf 69' lang='lat' dir='ltr'><strong>quicunque</strong></span> <span class='ocrx_word' id='word_1_348' title='bbox 2597 2439 2781 2507; x_wconf 83' lang='lat' dir='ltr'><strong>lugetis</strong></span> <span class='ocrx_word' id='word_1_349' title='bbox 2846 2455 3000 2507; x_wconf 83' lang='lat' dir='ltr'><strong>super</strong></span> <span class='ocrx_word' id='word_1_350' title='bbox 3040 2455 3177 2503; x_wconf 84' lang='lat' dir='ltr'><strong>eam,</strong></span> <span class='ocrx_word' id='word_1_351' title='bbox 3223 2448 3279 2492; x_wconf 86' lang='lat' dir='ltr'><strong>ut</strong></span> <span class='ocrx_word' id='word_1_352' title='bbox 3341 2418 3561 2507; x_wconf 65' lang='lat' dir='ltr'><strong>sagulis,</strong></span> 
     </span>
    </p>
   </div>
   <div class='ocr_carea' id='block_1_46' title="bbox 302 2510 1875 2600">
    <p class='ocr_par' dir='ltr' id='par_1_46' title="bbox 302 2510 1875 2600">
     <span class='ocr_line' id='line_1_46' title="bbox 302 2510 1875 2600; baseline 0.01 -39"><span class='ocrx_word' id='word_1_353' title='bbox 302 2523 452 2600; x_wconf 71' lang='grc' dir='ltr'>σητο</span> <span class='ocrx_word' id='word_1_354' title='bbox 497 2510 596 2562; x_wconf 77' lang='grc' dir='ltr'>καὶ</span> <span class='ocrx_word' id='word_1_355' title='bbox 623 2511 1015 2582; x_wconf 81' lang='grc' dir='ltr'>ἐμπλησθῆτε</span> <span class='ocrx_word' id='word_1_356' title='bbox 1047 2515 1168 2569; x_wconf 82' lang='grc' dir='ltr'>ἀπὸ</span> <span class='ocrx_word' id='word_1_357' title='bbox 1185 2519 1426 2584; x_wconf 83' lang='grc' dir='ltr'>μαστοῦ</span> <span class='ocrx_word' id='word_1_358' title='bbox 1449 2522 1875 2589; x_wconf 75' lang='grc' dir='ltr'>παρακλήσεως</span> 
     </span>
    </p>
   </div>
   <div class='ocr_carea' id='block_1_47' title="bbox 1976 2510 3560 2600">
    <p class='ocr_par' dir='ltr' id='par_1_47' title="bbox 1985 2530 3560 2600">
     <span class='ocr_line' id='line_1_47' title="bbox 1985 2530 3560 2600; baseline -0.001 -15"><span class='ocrx_word' id='word_1_359' title='bbox 1985 2531 2379 2600; x_wconf 77' lang='lat' dir='ltr'><strong>etimpleamini</strong></span> <span class='ocrx_word' id='word_1_360' title='bbox 2403 2534 2556 2585; x_wconf 79' lang='lat' dir='ltr'><strong>ubere</strong></span> <span class='ocrx_word' id='word_1_361' title='bbox 2579 2531 2951 2584; x_wconf 84' lang='lat' dir='ltr'><strong>consolationis</strong></span> <span class='ocrx_word' id='word_1_362' title='bbox 2995 2530 3130 2598; x_wconf 85' lang='lat' dir='ltr'><strong>ejus.</strong></span> <span class='ocrx_word' id='word_1_363' title='bbox 3190 2540 3246 2586; x_wconf 83' lang='lat' dir='ltr'><strong>ut</strong></span> <span class='ocrx_word' id='word_1_364' title='bbox 3288 2541 3560 2597; x_wconf 72' lang='lat' dir='ltr'><strong>postquam</strong></span> 
     </span>
    </p>
   </div>
   <div class='ocr_carea' id='block_1_48' title="bbox 301 2599 1875 2688">
    <p class='ocr_par' dir='ltr' id='par_1_48' title="bbox 301 2599 1875 2679">
     <span class='ocr_line' id='line_1_48' title="bbox 301 2599 1875 2679; baseline 0.011 -27"><span class='ocrx_word' id='word_1_365' title='bbox 301 2599 512 2668; x_wconf 82' lang='grc' dir='ltr'>αὐτῆς,</span> <span class='ocrx_word' id='word_1_366' title='bbox 553 2601 653 2655; x_wconf 79' lang='grc' dir='ltr'><strong>ἵνα</strong></span> <span class='ocrx_word' id='word_1_367' title='bbox 688 2603 1140 2674; x_wconf 68' lang='grc' dir='ltr'>ἐιιθηλὰσαντες</span> <span class='ocrx_word' id='word_1_368' title='bbox 1169 2611 1514 2679; x_wconf 68' lang='grc' dir='ltr'>τρυφήσητε</span> <span class='ocrx_word' id='word_1_369' title='bbox 1571 2613 1688 2667; x_wconf 79' lang='grc' dir='ltr'>ἀπὸ</span> <span class='ocrx_word' id='word_1_370' title='bbox 1754 2617 1875 2668; x_wconf 80' lang='grc' dir='ltr'>εισ-</span> 
     </span>
    </p>
   </div>
   <div class='ocr_carea' id='block_1_49' title="bbox 1976 2599 3565 2688">
    <p class='ocr_par' dir='ltr' id='par_1_49' title="bbox 1984 2599 3565 2688">
     <span class='ocr_line' id='line_1_49' title="bbox 1984 2599 3565 2688; baseline 0.001 -16"><span class='ocrx_word' id='word_1_371' title='bbox 1984 2599 2252 2683; x_wconf 72' lang='lat' dir='ltr'><strong>suaerilis,</strong></span> <span class='ocrx_word' id='word_1_372' title='bbox 2280 2621 2605 2674; x_wconf 82' lang='lat' dir='ltr'><strong>delectemim’</strong></span> <span class='ocrx_word' id='word_1_373' title='bbox 2628 2621 2850 2672; x_wconf 84' lang='lat' dir='ltr'><strong>introitu</strong></span> <span class='ocrx_word' id='word_1_374' title='bbox 2898 2619 3082 2688; x_wconf 66' lang='lat' dir='ltr'><strong>gloria:</strong></span> <span class='ocrx_word' id='word_1_375' title='bbox 3119 2618 3252 2686; x_wconf 78' lang='lat' dir='ltr'><strong>ejus.</strong></span> <span class='ocrx_word' id='word_1_376' title='bbox 3283 2619 3418 2683; x_wconf 81' lang='lat' dir='ltr'><strong>Quia</strong></span> <span class='ocrx_word' id='word_1_377' title='bbox 3451 2619 3565 2675; x_wconf 67' lang='lat' dir='ltr'><strong>hac</strong></span> 
     </span>
    </p>
   </div>
   <div class='ocr_carea' id='block_1_50' title="bbox 304 2692 1875 2777">
    <p class='ocr_par' dir='ltr' id='par_1_50' title="bbox 304 2692 1875 2769">
     <span class='ocr_line' id='line_1_50' title="bbox 304 2692 1875 2769; baseline 0.008 -24"><span class='ocrx_word' id='word_1_378' title='bbox 304 2693 458 2747; x_wconf 83' lang='grc' dir='ltr'>όδου</span> <span class='ocrx_word' id='word_1_379' title='bbox 477 2692 662 2760; x_wconf 76' lang='grc' dir='ltr'>δόξης</span> <span class='ocrx_word' id='word_1_380' title='bbox 697 2694 906 2763; x_wconf 83' lang='grc' dir='ltr'>αὐτῆς.</span> <span class='ocrx_word' id='word_1_381' title='bbox 939 2696 1058 2750; x_wconf 87' lang='grc' dir='ltr'>Ὅτι</span> <span class='ocrx_word' id='word_1_382' title='bbox 1087 2697 1226 2752; x_wconf 82' lang='grc' dir='ltr'>τάδε</span> <span class='ocrx_word' id='word_1_383' title='bbox 1239 2702 1399 2769; x_wconf 74' lang='grc' dir='ltr'>λέγει</span> <span class='ocrx_word' id='word_1_384' title='bbox 1441 2703 1686 2769; x_wconf 75' lang='grc' dir='ltr'>Κύριος-ο</span> <span class='ocrx_word' id='word_1_385' title='bbox 1724 2705 1875 2758; x_wconf 81' lang='grc' dir='ltr'>Ἰδοὺ</span> 
     </span>
    </p>
   </div>
   <div class='ocr_carea' id='block_1_51' title="bbox 1976 2692 3565 2777">
    <p class='ocr_par' dir='ltr' id='par_1_51' title="bbox 1982 2706 3565 2777">
     <span class='ocr_line' id='line_1_51' title="bbox 1982 2706 3565 2777; baseline 0.003 -17"><span class='ocrx_word' id='word_1_386' title='bbox 1982 2708 2111 2762; x_wconf 84' lang='lat' dir='ltr'><strong>dicit</strong></span> <span class='ocrx_word' id='word_1_387' title='bbox 2165 2709 2418 2762; x_wconf 84' lang='lat' dir='ltr'><strong>Dominus</strong></span> <span class='ocrx_word' id='word_1_388' title='bbox 2454 2727 2473 2764; x_wconf 91' lang='lat'><strong><em>:</em></strong></span> <span class='ocrx_word' id='word_1_389' title='bbox 2524 2706 2658 2762; x_wconf 84' lang='lat' dir='ltr'><strong>Ecce</strong></span> <span class='ocrx_word' id='word_1_390' title='bbox 2731 2724 2826 2777; x_wconf 86' lang='lat' dir='ltr'><strong>ego</strong></span> <span class='ocrx_word' id='word_1_391' title='bbox 2889 2707 3090 2762; x_wconf 82' lang='lat' dir='ltr'><strong>declina</strong></span> <span class='ocrx_word' id='word_1_392' title='bbox 3153 2709 3221 2761; x_wconf 83' lang='lat' dir='ltr'><strong>ad</strong></span> <span class='ocrx_word' id='word_1_393' title='bbox 3278 2724 3368 2762; x_wconf 90' lang='lat' dir='ltr'><strong>eos</strong></span> <span class='ocrx_word' id='word_1_394' title='bbox 3444 2718 3565 2764; x_wconf 54' lang='lat' dir='ltr'><strong>tasu-</strong></span> 
     </span>
    </p>
   </div>
   <div class='ocr_carea' id='block_1_52' title="bbox 301 2783 1875 2871">
    <p class='ocr_par' dir='ltr' id='par_1_52' title="bbox 301 2783 1875 2862">
     <span class='ocr_line' id='line_1_52' title="bbox 301 2783 1875 2862; baseline 0.007 -24"><span class='ocrx_word' id='word_1_395' title='bbox 301 2783 412 2852; x_wconf 62' lang='grc' dir='ltr'>ἐγὼ</span> <span class='ocrx_word' id='word_1_396' title='bbox 433 2785 690 2838; x_wconf 74' lang='grc' dir='ltr'>ἐκκλινω</span> <span class='ocrx_word' id='word_1_397' title='bbox 711 2787 804 2838; x_wconf 81' lang='grc' dir='ltr'>ἐπ’</span> <span class='ocrx_word' id='word_1_398' title='bbox 832 2787 1056 2852; x_wconf 83' lang='grc' dir='ltr'>αὐτοὺς</span> <span class='ocrx_word' id='word_1_399' title='bbox 1091 2789 1169 2854; x_wconf 85' lang='grc' dir='ltr'>ὡς</span> <span class='ocrx_word' id='word_1_400' title='bbox 1191 2790 1454 2858; x_wconf 81' lang='grc' dir='ltr'>ποταμὸς</span> <span class='ocrx_word' id='word_1_401' title='bbox 1491 2793 1755 2862; x_wconf 72' lang='grc' dir='ltr'>εἰρήνης,</span> <span class='ocrx_word' id='word_1_402' title='bbox 1779 2796 1875 2849; x_wconf 77' lang='grc' dir='ltr'><strong>καί</strong></span> 
     </span>
    </p>
   </div>
   <div class='ocr_carea' id='block_1_53' title="bbox 1976 2783 3562 2871">
    <p class='ocr_par' dir='ltr' id='par_1_53' title="bbox 1979 2798 3562 2871">
     <span class='ocr_line' id='line_1_53' title="bbox 1979 2798 3562 2871; baseline 0.004 -20"><span class='ocrx_word' id='word_1_403' title='bbox 1979 2816 2135 2868; x_wconf 84' lang='lat' dir='ltr'><strong>quam</strong></span> <span class='ocrx_word' id='word_1_404' title='bbox 2149 2800 2345 2866; x_wconf 78' lang='lat' dir='ltr'><strong>ﬂumen</strong></span> <span class='ocrx_word' id='word_1_405' title='bbox 2375 2799 2543 2869; x_wconf 81' lang='lat' dir='ltr'><strong>pacis,</strong></span> <span class='ocrx_word' id='word_1_406' title='bbox 2579 2809 2623 2854; x_wconf 86' lang='lat' dir='ltr'><strong>et</strong></span> <span class='ocrx_word' id='word_1_407' title='bbox 2647 2799 2800 2869; x_wconf 86' lang='lat' dir='ltr'><strong>quasi</strong></span> <span class='ocrx_word' id='word_1_408' title='bbox 2823 2808 3029 2856; x_wconf 85' lang='lat' dir='ltr'><strong>torrens</strong></span> <span class='ocrx_word' id='word_1_409' title='bbox 3049 2798 3317 2855; x_wconf 83' lang='lat' dir='ltr'><strong>inundans</strong></span> <span class='ocrx_word' id='word_1_410' title='bbox 3339 2799 3562 2871; x_wconf 75' lang='lat' dir='ltr'><strong>gloriam</strong></span> 
     </span>
    </p>
   </div>
   <div class='ocr_carea' id='block_1_54' title="bbox 299 2875 2233 2960">
    <p class='ocr_par' dir='ltr' id='par_1_54' title="bbox 299 2875 2233 2960">
     <span class='ocr_line' id='line_1_54' title="bbox 299 2875 2233 2960; baseline 0.002 -30"><span class='ocrx_word' id='word_1_411' title='bbox 299 2876 379 2942; x_wconf 84' lang='grc' dir='ltr'><strong>ὡς</strong></span> <span class='ocrx_word' id='word_1_412' title='bbox 417 2875 774 2946; x_wconf 80' lang='grc' dir='ltr'>χειμάρῤους</span> <span class='ocrx_word' id='word_1_413' title='bbox 803 2878 1135 2938; x_wconf 76' lang='grc' dir='ltr'><strong>ἐπικλύζων</strong></span> <span class='ocrx_word' id='word_1_414' title='bbox 1157 2879 1345 2944; x_wconf 78' lang='grc' dir='ltr'>δόξαν</span> <span class='ocrx_word' id='word_1_415' title='bbox 1382 2881 1593 2935; x_wconf 80' lang='grc' dir='ltr'><strong>ἐθνῶν.</strong></span> <span class='ocrx_word' id='word_1_416' title='bbox 1983 2889 2233 2960; x_wconf 67' lang='lat' dir='ltr'><strong>gentium,</strong></span> 
     </span>
    </p>
   </div>
   <div class='ocr_carea' id='block_1_55' title="bbox 370 2960 1875 3072">
    <p class='ocr_par' dir='ltr' id='par_1_55' title="bbox 370 2969 1875 3048">
     <span class='ocr_line' id='line_1_55' title="bbox 370 2969 1875 3048; baseline 0.004 -24"><span class='ocrx_word' id='word_1_417' title='bbox 370 2969 599 3039; x_wconf 74' lang='grc' dir='ltr'>Χαίρειν</span> <span class='ocrx_word' id='word_1_418' title='bbox 642 2969 919 3022; x_wconf 82' lang='grc' dir='ltr'>ἐπιτάττει</span> <span class='ocrx_word' id='word_1_419' title='bbox 955 2972 1022 3040; x_wconf 81' lang='grc' dir='ltr'>τῇ</span> <span class='ocrx_word' id='word_1_420' title='bbox 1053 2970 1150 3041; x_wconf 84' lang='grc' dir='ltr'>νέᾳ</span> <span class='ocrx_word' id='word_1_421' title='bbox 1176 2971 1272 3024; x_wconf 83' lang='grc' dir='ltr'>καὶ</span> <span class='ocrx_word' id='word_1_422' title='bbox 1306 2975 1473 3044; x_wconf 76' lang='grc' dir='ltr'>νοητῇ</span> <span class='ocrx_word' id='word_1_423' title='bbox 1505 2971 1665 3036; x_wconf 86' lang='grc' dir='ltr'>Σιὼν,</span> <span class='ocrx_word' id='word_1_424' title='bbox 1708 2975 1875 3048; x_wconf 71' lang='grc' dir='ltr'>ἤγουν</span> 
     </span>
    </p>
   </div>
   <div class='ocr_carea' id='block_1_56' title="bbox 1976 2960 3560 3072">
    <p class='ocr_par' dir='ltr' id='par_1_56' title="bbox 2054 2979 3560 3053">
     <span class='ocr_line' id='line_1_56' title="bbox 2054 2979 3560 3053; baseline -0.002 -16"><span class='ocrx_word' id='word_1_425' title='bbox 2054 2982 2304 3037; x_wconf 87' lang='lat' dir='ltr'><strong>Gaudere</strong></span> <span class='ocrx_word' id='word_1_426' title='bbox 2327 2980 2480 3052; x_wconf 85' lang='lat' dir='ltr'><strong>jubet</strong></span> <span class='ocrx_word' id='word_1_427' title='bbox 2508 2981 2647 3036; x_wconf 84' lang='lat' dir='ltr'><strong>hanc</strong></span> <span class='ocrx_word' id='word_1_428' title='bbox 2687 2995 2880 3036; x_wconf 82' lang='lat' dir='ltr'><strong>novam</strong></span> <span class='ocrx_word' id='word_1_429' title='bbox 2909 2990 2965 3037; x_wconf 90' lang='lat' dir='ltr'><strong>et</strong></span> <span class='ocrx_word' id='word_1_430' title='bbox 2991 2981 3383 3053; x_wconf 75' lang='lat' dir='ltr'><strong>mtelligibllem</strong></span> <span class='ocrx_word' id='word_1_431' title='bbox 3432 2979 3560 3035; x_wconf 83' lang='lat' dir='ltr'><strong>Sio-</strong></span> 
     </span>
    </p>
   </div>
   <div class='ocr_carea' id='block_1_57' title="bbox 311 3060 1875 3142">
    <p class='ocr_par' dir='ltr' id='par_1_57' title="bbox 311 3060 1875 3139">
     <span class='ocr_line' id='line_1_57' title="bbox 311 3060 1875 3139; baseline 0.006 -25"><span class='ocrx_word' id='word_1_432' title='bbox 311 3060 685 3132; x_wconf 81' lang='grc' dir='ltr'>Ἰερουσαλήμ,</span> <span class='ocrx_word' id='word_1_433' title='bbox 716 3061 839 3131; x_wconf 83' lang='grc' dir='ltr'>ἦτις</span> <span class='ocrx_word' id='word_1_434' title='bbox 894 3062 1040 3114; x_wconf 68' lang='grc' dir='ltr'>ἐστὶν</span> <span class='ocrx_word' id='word_1_435' title='bbox 1076 3061 1372 3132; x_wconf 77' lang='grc' dir='ltr'>Ἐκκλησία</span> <span class='ocrx_word' id='word_1_436' title='bbox 1396 3064 1531 3120; x_wconf 84' lang='grc' dir='ltr'>Θεοῦ</span> <span class='ocrx_word' id='word_1_437' title='bbox 1561 3065 1783 3134; x_wconf 77' lang='grc' dir='ltr'>ζῶντος,</span> <span class='ocrx_word' id='word_1_438' title='bbox 1810 3070 1875 3139; x_wconf 78' lang='grc' dir='ltr'>ἢν</span> 
     </span>
    </p>
   </div>
   <div class='ocr_carea' id='block_1_58' title="bbox 1976 3060 3565 3142">
    <p class='ocr_par' dir='ltr' id='par_1_58' title="bbox 1982 3071 3565 3142">
     <span class='ocr_line' id='line_1_58' title="bbox 1982 3071 3565 3142; baseline -0.001 -14"><span class='ocrx_word' id='word_1_439' title='bbox 1982 3088 2131 3136; x_wconf 88' lang='lat' dir='ltr'><strong>nem,</strong></span> <span class='ocrx_word' id='word_1_440' title='bbox 2159 3090 2251 3128; x_wconf 91' lang='lat' dir='ltr'><strong>seu</strong></span> <span class='ocrx_word' id='word_1_441' title='bbox 2275 3071 2596 3139; x_wconf 86' lang='lat' dir='ltr'><strong>Jerusalem,</strong></span> <span class='ocrx_word' id='word_1_442' title='bbox 2624 3088 2743 3142; x_wconf 76' lang='lat' dir='ltr'><strong>qute</strong></span> <span class='ocrx_word' id='word_1_443' title='bbox 2763 3083 2847 3130; x_wconf 90' lang='lat' dir='ltr'><strong>est</strong></span> <span class='ocrx_word' id='word_1_444' title='bbox 2879 3073 3116 3128; x_wconf 85' lang='lat' dir='ltr'><strong>Ecclesia</strong></span> <span class='ocrx_word' id='word_1_445' title='bbox 3165 3073 3258 3128; x_wconf 90' lang='lat' dir='ltr'><strong>Dei</strong></span> <span class='ocrx_word' id='word_1_446' title='bbox 3307 3073 3565 3140; x_wconf 74' lang='lat' dir='ltr'><strong>viventis.</strong></span> 
     </span>
    </p>
   </div>
   <div class='ocr_carea' id='block_1_59' title="bbox 295 3153 1875 3231">
    <p class='ocr_par' dir='ltr' id='par_1_59' title="bbox 295 3153 1871 3228">
     <span class='ocr_line' id='line_1_59' title="bbox 295 3153 1871 3228; baseline 0.004 -20"><span class='ocrx_word' id='word_1_447' title='bbox 295 3155 459 3218; x_wconf 81' lang='grc' dir='ltr'>αὐτὸς</span> <span class='ocrx_word' id='word_1_448' title='bbox 521 3153 701 3224; x_wconf 82' lang='grc' dir='ltr'>ἑαυτῷ</span> <span class='ocrx_word' id='word_1_449' title='bbox 752 3154 1094 3226; x_wconf 83' lang='grc' dir='ltr'>παρέστησεν</span> <span class='ocrx_word' id='word_1_450' title='bbox 1131 3158 1159 3210; x_wconf 83' lang='grc' dir='ltr'>ὁ</span> <span class='ocrx_word' id='word_1_451' title='bbox 1203 3157 1436 3228; x_wconf 77' lang='grc' dir='ltr'>Χριστὸς</span> <span class='ocrx_word' id='word_1_452' title='bbox 1477 3160 1706 3214; x_wconf 83' lang='grc' dir='ltr'>ἄσπιλον</span> <span class='ocrx_word' id='word_1_453' title='bbox 1778 3161 1871 3214; x_wconf 78' lang='grc' dir='ltr'>καὶ</span> 
     </span>
    </p>
   </div>
   <div class='ocr_carea' id='block_1_60' title="bbox 1976 3153 3555 3231">
    <p class='ocr_par' dir='ltr' id='par_1_60' title="bbox 1976 3160 3555 3231">
     <span class='ocr_line' id='line_1_60' title="bbox 1976 3160 3555 3231; baseline 0.003 -20"><span class='ocrx_word' id='word_1_454' title='bbox 1976 3161 2266 3229; x_wconf 89' lang='lat' dir='ltr'><strong>quamipse</strong></span> <span class='ocrx_word' id='word_1_455' title='bbox 2288 3160 2536 3218; x_wconf 87' lang='lat' dir='ltr'><strong>Christus</strong></span> <span class='ocrx_word' id='word_1_456' title='bbox 2552 3163 2653 3216; x_wconf 85' lang='lat' dir='ltr'><strong>sibi</strong></span> <span class='ocrx_word' id='word_1_457' title='bbox 2690 3162 3112 3231; x_wconf 61' lang='lat' dir='ltr'><strong>repraesentavit,</strong></span> <span class='ocrx_word' id='word_1_458' title='bbox 3154 3161 3555 3216; x_wconf 70' lang='lat' dir='ltr'><strong>immaculatum</strong></span> 
     </span>
    </p>
   </div>
   <div class='ocr_carea' id='block_1_61' title="bbox 298 3246 1875 3323">
    <p class='ocr_par' dir='ltr' id='par_1_61' title="bbox 298 3246 1873 3323">
     <span class='ocr_line' id='line_1_61' title="bbox 298 3246 1873 3323; baseline 0.003 -22"><span class='ocrx_word' id='word_1_459' title='bbox 298 3246 542 3317; x_wconf 69' lang='grc' dir='ltr'>ἄμωμον,</span> <span class='ocrx_word' id='word_1_460' title='bbox 572 3247 635 3300; x_wconf 77' lang='grc' dir='ltr'><strong>ἐκ</strong></span> <span class='ocrx_word' id='word_1_461' title='bbox 660 3263 721 3300; x_wconf 86' lang='grc' dir='ltr'><strong>τε</strong></span> <span class='ocrx_word' id='word_1_462' title='bbox 747 3246 854 3302; x_wconf 90' lang='grc' dir='ltr'><strong>τῶν</strong></span> <span class='ocrx_word' id='word_1_463' title='bbox 894 3249 1202 3303; x_wconf 80' lang='grc' dir='ltr'>Ἰουδαϊκῶν</span> <span class='ocrx_word' id='word_1_464' title='bbox 1222 3251 1538 3322; x_wconf 85' lang='grc' dir='ltr'>ταγμάτων,</span> <span class='ocrx_word' id='word_1_465' title='bbox 1566 3252 1660 3305; x_wconf 83' lang='grc' dir='ltr'>καὶ</span> <span class='ocrx_word' id='word_1_466' title='bbox 1689 3253 1752 3305; x_wconf 87' lang='grc' dir='ltr'>ὲκ</span> <span class='ocrx_word' id='word_1_467' title='bbox 1773 3253 1873 3323; x_wconf 82' lang='grc' dir='ltr'>τῆς</span> 
     </span>
    </p>
   </div>
   <div class='ocr_carea' id='block_1_62' title="bbox 1976 3246 3561 3323">
    <p class='ocr_par' dir='ltr' id='par_1_62' title="bbox 1976 3251 3561 3322">
     <span class='ocr_line' id='line_1_62' title="bbox 1976 3251 3561 3322; baseline 0.001 -18"><span class='ocrx_word' id='word_1_468' title='bbox 1976 3259 2028 3304; x_wconf 89' lang='lat' dir='ltr'><strong>et</strong></span> <span class='ocrx_word' id='word_1_469' title='bbox 2050 3251 2398 3320; x_wconf 75' lang='lat' dir='ltr'><strong>inculpatum,</strong></span> <span class='ocrx_word' id='word_1_470' title='bbox 2431 3267 2498 3305; x_wconf 77' lang='lat' dir='ltr'><strong>ex</strong></span> <span class='ocrx_word' id='word_1_471' title='bbox 2533 3253 2782 3306; x_wconf 79' lang='lat' dir='ltr'><strong>tribubus</strong></span> <span class='ocrx_word' id='word_1_472' title='bbox 2811 3251 3050 3307; x_wconf 81' lang='lat' dir='ltr'><strong>Judaicis</strong></span> <span class='ocrx_word' id='word_1_473' title='bbox 3075 3260 3130 3306; x_wconf 91' lang='lat' dir='ltr'><strong>et</strong></span> <span class='ocrx_word' id='word_1_474' title='bbox 3160 3267 3228 3307; x_wconf 80' lang='lat' dir='ltr'><strong>ex</strong></span> <span class='ocrx_word' id='word_1_475' title='bbox 3265 3265 3561 3322; x_wconf 66' lang='lat' dir='ltr'><strong>congrega-</strong></span> 
     </span>
    </p>
   </div>
   <div class='ocr_carea' id='block_1_63' title="bbox 295 3325 1873 3410">
    <p class='ocr_par' dir='ltr' id='par_1_63' title="bbox 295 3325 1873 3410">
     <span class='ocr_line' id='line_1_63' title="bbox 295 3325 1873 3410; baseline 0.004 -20"><span class='ocrx_word' id='word_1_476' title='bbox 295 3337 406 3391; x_wconf 87' lang='grc' dir='ltr'><strong>τῶν</strong></span> <span class='ocrx_word' id='word_1_477' title='bbox 435 3336 604 3392; x_wconf 77' lang='grc' dir='ltr'>ἐθνῶν</span> <span class='ocrx_word' id='word_1_478' title='bbox 643 3339 865 3407; x_wconf 79' lang='grc' dir='ltr'>ἀγέλης.</span> <span class='ocrx_word' id='word_1_479' title='bbox 918 3325 1129 3408; x_wconf 73' lang='grc' dir='ltr'>Συνῆψε</span> <span class='ocrx_word' id='word_1_480' title='bbox 1163 3339 1272 3410; x_wconf 86' lang='grc' dir='ltr'>γὰρ</span> <span class='ocrx_word' id='word_1_481' title='bbox 1309 3341 1438 3404; x_wconf 76' lang='grc' dir='ltr'>τοὺς</span> <span class='ocrx_word' id='word_1_482' title='bbox 1474 3341 1569 3394; x_wconf 84' lang='grc' dir='ltr'>δύο</span> <span class='ocrx_word' id='word_1_483' title='bbox 1599 3342 1763 3406; x_wconf 78' lang='grc' dir='ltr'>λαοὺς</span> <span class='ocrx_word' id='word_1_484' title='bbox 1791 3344 1873 3407; x_wconf 78' lang='grc' dir='ltr'><strong>είς</strong></span> 
     </span>
    </p>
   </div>
   <div class='ocr_carea' id='block_1_64' title="bbox 297 3429 1874 3502">
    <p class='ocr_par' dir='ltr' id='par_1_64' title="bbox 297 3429 1874 3502">
     <span class='ocr_line' id='line_1_64' title="bbox 297 3429 1874 3502; baseline 0.004 -20"><span class='ocrx_word' id='word_1_485' title='bbox 297 3430 392 3483; x_wconf 75' lang='grc' dir='ltr'>ενα</span> <span class='ocrx_word' id='word_1_486' title='bbox 414 3429 600 3484; x_wconf 74' lang='grc' dir='ltr'>καινὸν</span> <span class='ocrx_word' id='word_1_487' title='bbox 629 3429 937 3501; x_wconf 79' lang='grc' dir='ltr'>ἄνθρωπον,</span> <span class='ocrx_word' id='word_1_488' title='bbox 973 3431 1144 3482; x_wconf 84' lang='grc' dir='ltr'>ποιῶν</span> <span class='ocrx_word' id='word_1_489' title='bbox 1174 3433 1418 3502; x_wconf 74' lang='grc' dir='ltr'>εἰρήνην,</span> <span class='ocrx_word' id='word_1_490' title='bbox 1440 3434 1537 3486; x_wconf 59' lang='grc' dir='ltr'><strong>καὶ⁸</strong></span> <span class='ocrx_word' id='word_1_491' title='bbox 1566 3435 1874 3488; x_wconf 86' lang='grc' dir='ltr'>ἀποκαταλ-</span> 
     </span>
    </p>
   </div>
   <div class='ocr_carea' id='block_1_65' title="bbox 297 3522 1870 3595">
    <p class='ocr_par' dir='ltr' id='par_1_65' title="bbox 297 3522 1870 3595">
     <span class='ocr_line' id='line_1_65' title="bbox 297 3522 1870 3595; baseline 0.002 -19"><span class='ocrx_word' id='word_1_492' title='bbox 297 3522 465 3589; x_wconf 83' lang='grc' dir='ltr'>λάξας</span> <span class='ocrx_word' id='word_1_493' title='bbox 491 3525 619 3586; x_wconf 77' lang='grc' dir='ltr'>τοὺς</span> <span class='ocrx_word' id='word_1_494' title='bbox 657 3522 998 3593; x_wconf 83' lang='grc' dir='ltr'>ἀμφοτέρους</span> <span class='ocrx_word' id='word_1_495' title='bbox 1021 3524 1077 3574; x_wconf 83' lang='grc' dir='ltr'><strong>ὲν</strong></span> <span class='ocrx_word' id='word_1_496' title='bbox 1107 3525 1186 3575; x_wconf 72' lang='grc' dir='ltr'>ἐνὶ</span> <span class='ocrx_word' id='word_1_497' title='bbox 1225 3524 1440 3594; x_wconf 83' lang='grc' dir='ltr'>σώματι</span> <span class='ocrx_word' id='word_1_498' title='bbox 1474 3523 1611 3595; x_wconf 80' lang='grc' dir='ltr'>πρὸς</span> <span class='ocrx_word' id='word_1_499' title='bbox 1641 3525 1731 3579; x_wconf 81' lang='grc' dir='ltr'>τὸν</span> <span class='ocrx_word' id='word_1_500' title='bbox 1759 3527 1870 3580; x_wconf 84' lang='grc' dir='ltr'><strong>Πα-</strong></span> 
     </span>
    </p>
   </div>
   <div class='ocr_carea' id='block_1_66' title="bbox 295 3614 1871 3687">
    <p class='ocr_par' dir='ltr' id='par_1_66' title="bbox 295 3614 1871 3687">
     <span class='ocr_line' id='line_1_66' title="bbox 295 3614 1871 3687; baseline 0.001 -18"><span class='ocrx_word' id='word_1_501' title='bbox 295 3615 452 3687; x_wconf 80' lang='grc' dir='ltr'>τέρα.</span> <span class='ocrx_word' id='word_1_502' title='bbox 505 3615 712 3685; x_wconf 84' lang='grc' dir='ltr'>Πρέποι</span> <span class='ocrx_word' id='word_1_503' title='bbox 748 3615 793 3667; x_wconf 79' lang='grc' dir='ltr'>δ’</span> <span class='ocrx_word' id='word_1_504' title='bbox 841 3614 906 3668; x_wconf 81' lang='grc' dir='ltr'><strong>ἂν</strong></span> <span class='ocrx_word' id='word_1_505' title='bbox 942 3614 1004 3666; x_wconf 78' lang='grc' dir='ltr'>τὸ</span> <span class='ocrx_word' id='word_1_506' title='bbox 1052 3615 1261 3685; x_wconf 87' lang='grc' dir='ltr'>χαίρειν</span> <span class='ocrx_word' id='word_1_507' title='bbox 1292 3617 1426 3685; x_wconf 81' lang='grc' dir='ltr'>αὐτῇ</span> <span class='ocrx_word' id='word_1_508' title='bbox 1452 3633 1464 3646; x_wconf 71' lang='grc'><strong><em>⁸</em></strong></span> <span class='ocrx_word' id='word_1_509' title='bbox 1523 3616 1871 3686; x_wconf 78' lang='grc' dir='ltr'>μεμέστωται</span> 
     </span>
    </p>
   </div>
   <div class='ocr_carea' id='block_1_67' title="bbox 295 3706 1869 3781">
    <p class='ocr_par' dir='ltr' id='par_1_67' title="bbox 295 3706 1869 3781">
     <span class='ocr_line' id='line_1_67' title="bbox 295 3706 1869 3781; baseline 0 -20"><span class='ocrx_word' id='word_1_510' title='bbox 295 3707 405 3778; x_wconf 77' lang='grc' dir='ltr'>γὰρ</span> <span class='ocrx_word' id='word_1_511' title='bbox 441 3707 672 3760; x_wconf 76' lang='grc' dir='ltr'>ἐλπίδων</span> <span class='ocrx_word' id='word_1_512' title='bbox 711 3706 820 3760; x_wconf 85' lang='grc' dir='ltr'><strong>τῶν</strong></span> <span class='ocrx_word' id='word_1_513' title='bbox 865 3707 1005 3777; x_wconf 84' lang='grc' dir='ltr'>ὑπὲρ</span> <span class='ocrx_word' id='word_1_514' title='bbox 1043 3707 1167 3759; x_wconf 89' lang='grc' dir='ltr'>νοῦν</span> <span class='ocrx_word' id='word_1_515' title='bbox 1205 3707 1298 3760; x_wconf 75' lang='grc' dir='ltr'><strong>καὶ</strong></span> <span class='ocrx_word' id='word_1_516' title='bbox 1335 3707 1510 3775; x_wconf 76' lang='grc' dir='ltr'>λόγον.</span> <span class='ocrx_word' id='word_1_517' title='bbox 1585 3727 1602 3760; x_wconf 86' lang='grc' dir='ltr'><strong>ι</strong></span> <span class='ocrx_word' id='word_1_518' title='bbox 1631 3710 1706 3763; x_wconf 79' lang='grc' dir='ltr'><strong>Οὐ</strong></span> <span class='ocrx_word' id='word_1_519' title='bbox 1761 3709 1869 3781; x_wconf 87' lang='grc' dir='ltr'>γὰρ</span> 
     </span>
    </p>
   </div>
   <div class='ocr_carea' id='block_1_68' title="bbox 295 3793 1868 3867">
    <p class='ocr_par' dir='ltr' id='par_1_68' title="bbox 295 3793 1868 3867">
     <span class='ocr_line' id='line_1_68' title="bbox 295 3793 1868 3867; baseline -0.001 -15"><span class='ocrx_word' id='word_1_520' title='bbox 295 3794 434 3853; x_wconf 81' lang='grc' dir='ltr'>εἶδεν</span> <span class='ocrx_word' id='word_1_521' title='bbox 488 3797 796 3867; x_wconf 73' lang='grc' dir='ltr'>ὀφθαλμὸς,</span> <span class='ocrx_word' id='word_1_522' title='bbox 845 3798 1015 3866; x_wconf 76' lang='grc' dir='ltr'>φησὶ,</span> <span class='ocrx_word' id='word_1_523' title='bbox 1070 3798 1166 3851; x_wconf 78' lang='grc' dir='ltr'><strong>καὶ</strong></span> <span class='ocrx_word' id='word_1_524' title='bbox 1242 3793 1336 3860; x_wconf 82' lang='grc' dir='ltr'><strong>οῦς</strong></span> <span class='ocrx_word' id='word_1_525' title='bbox 1381 3798 1480 3851; x_wconf 78' lang='grc' dir='ltr'><strong>οὐκ</strong></span> <span class='ocrx_word' id='word_1_526' title='bbox 1521 3797 1718 3867; x_wconf 79' lang='grc' dir='ltr'>ήκουσε</span> <span class='ocrx_word' id='word_1_527' title='bbox 1775 3799 1868 3851; x_wconf 80' lang='grc' dir='ltr'><strong>καὶ</strong></span> 
     </span>
    </p>
   </div>
   <div class='ocr_carea' id='block_1_69' title="bbox 294 3887 1870 3960">
    <p class='ocr_par' dir='ltr' id='par_1_69' title="bbox 294 3887 1870 3960">
     <span class='ocr_line' id='line_1_69' title="bbox 294 3887 1870 3960; baseline 0 -18"><span class='ocrx_word' id='word_1_528' title='bbox 294 3891 388 3942; x_wconf 73' lang='grc' dir='ltr'>ἐπὶ</span> <span class='ocrx_word' id='word_1_529' title='bbox 431 3888 659 3960; x_wconf 85' lang='grc' dir='ltr'>καρδίαν</span> <span class='ocrx_word' id='word_1_530' title='bbox 699 3887 986 3959; x_wconf 84' lang='grc' dir='ltr'>ἀνθρώπου</span> <span class='ocrx_word' id='word_1_531' title='bbox 1029 3888 1130 3942; x_wconf 75' lang='grc' dir='ltr'><strong>οὐκ</strong></span> <span class='ocrx_word' id='word_1_532' title='bbox 1171 3888 1360 3958; x_wconf 77' lang='grc' dir='ltr'>ἀνέϐη,</span> <span class='ocrx_word' id='word_1_533' title='bbox 1411 3888 1447 3942; x_wconf 84' lang='grc' dir='ltr'><strong>δι</strong></span> <span class='ocrx_word' id='word_1_534' title='bbox 1494 3889 1792 3959; x_wconf 81' lang='grc' dir='ltr'>ἡτοίμασεν</span> <span class='ocrx_word' id='word_1_535' title='bbox 1839 3891 1870 3942; x_wconf 81' lang='grc' dir='ltr'>ὁ</span> 
     </span>
    </p>
   </div>
   <div class='ocr_carea' id='block_1_70' title="bbox 293 3979 1871 4050">
    <p class='ocr_par' dir='ltr' id='par_1_70' title="bbox 293 3979 1871 4050">
     <span class='ocr_line' id='line_1_70' title="bbox 293 3979 1871 4050; baseline 0.001 -18"><span class='ocrx_word' id='word_1_536' title='bbox 293 3979 427 4044; x_wconf 81' lang='grc' dir='ltr'>Θεδς</span> <span class='ocrx_word' id='word_1_537' title='bbox 453 3984 566 4043; x_wconf 84' lang='grc' dir='ltr'>τοῖς</span> <span class='ocrx_word' id='word_1_538' title='bbox 595 3979 884 4047; x_wconf 83' lang='grc' dir='ltr'>ἀγαπῶσιν</span> <span class='ocrx_word' id='word_1_539' title='bbox 909 3979 1091 4032; x_wconf 82' lang='grc' dir='ltr'>αὐτόν·</span> <span class='ocrx_word' id='word_1_540' title='bbox 1122 3998 1140 4029; x_wconf 82' lang='grc' dir='ltr'><strong>ι</strong></span> <span class='ocrx_word' id='word_1_541' title='bbox 1171 3979 1405 4048; x_wconf 83' lang='grc' dir='ltr'>ἡσθῆναί</span> <span class='ocrx_word' id='word_1_542' title='bbox 1425 3997 1488 4047; x_wconf 88' lang='grc' dir='ltr'><strong>γε</strong></span> <span class='ocrx_word' id='word_1_543' title='bbox 1511 3979 1616 4049; x_wconf 82' lang='grc' dir='ltr'><strong>μὴν</strong></span> <span class='ocrx_word' id='word_1_544' title='bbox 1643 3980 1871 4050; x_wconf 82' lang='grc' dir='ltr'>προστὲ-</span> 
     </span>
    </p>
   </div>
   <div class='ocr_carea' id='block_1_71' title="bbox 292 4070 1864 4142">
    <p class='ocr_par' dir='ltr' id='par_1_71' title="bbox 292 4070 1864 4142">
     <span class='ocr_line' id='line_1_71' title="bbox 292 4070 1864 4142; baseline -0.001 -16"><span class='ocrx_word' id='word_1_545' title='bbox 292 4089 424 4142; x_wconf 86' lang='grc' dir='ltr'>ταχε</span> <span class='ocrx_word' id='word_1_546' title='bbox 453 4071 579 4135; x_wconf 86' lang='grc' dir='ltr'>τούς</span> <span class='ocrx_word' id='word_1_547' title='bbox 603 4089 663 4124; x_wconf 89' lang='grc' dir='ltr'><strong>τε</strong></span> <span class='ocrx_word' id='word_1_548' title='bbox 697 4071 856 4132; x_wconf 72' lang='grc' dir='ltr'>ὄντας</span> <span class='ocrx_word' id='word_1_549' title='bbox 886 4073 944 4123; x_wconf 76' lang='grc' dir='ltr'><strong>ἐν</strong></span> <span class='ocrx_word' id='word_1_550' title='bbox 972 4071 1108 4141; x_wconf 82' lang='grc' dir='ltr'>αὐτῇ</span> <span class='ocrx_word' id='word_1_551' title='bbox 1171 4071 1265 4124; x_wconf 78' lang='grc' dir='ltr'>καὶ</span> <span class='ocrx_word' id='word_1_552' title='bbox 1301 4070 1633 4138; x_wconf 82' lang='grc' dir='ltr'>ἀγαπῶντας</span> <span class='ocrx_word' id='word_1_553' title='bbox 1665 4072 1864 4142; x_wconf 76' lang='grc' dir='ltr'>αὑτήνο</span> 
     </span>
    </p>
   </div>
   <div class='ocr_carea' id='block_1_72' title="bbox 295 4154 1869 4232">
    <p class='ocr_par' dir='ltr' id='par_1_72' title="bbox 295 4154 1869 4232">
     <span class='ocr_line' id='line_1_72' title="bbox 295 4154 1869 4232; baseline -0.001 -16"><span class='ocrx_word' id='word_1_554' title='bbox 295 4157 403 4216; x_wconf 78' lang='grc' dir='ltr'>εἷεν</span> <span class='ocrx_word' id='word_1_555' title='bbox 425 4161 470 4214; x_wconf 79' lang='grc' dir='ltr'>δ’</span> <span class='ocrx_word' id='word_1_556' title='bbox 493 4162 560 4216; x_wconf 78' lang='grc' dir='ltr'><strong>ἂν</strong></span> <span class='ocrx_word' id='word_1_557' title='bbox 589 4154 734 4214; x_wconf 75' lang='grc' dir='ltr'>οὗτοι</span> <span class='ocrx_word' id='word_1_558' title='bbox 763 4159 923 4214; x_wconf 86' lang='grc' dir='ltr'>πάλιν</span> <span class='ocrx_word' id='word_1_559' title='bbox 957 4160 1007 4212; x_wconf 85' lang='grc' dir='ltr'><strong>οί</strong></span> <span class='ocrx_word' id='word_1_560' title='bbox 1041 4160 1322 4229; x_wconf 85' lang='grc' dir='ltr'>ἀνέχοντες</span> <span class='ocrx_word' id='word_1_561' title='bbox 1347 4159 1533 4231; x_wconf 77' lang='grc' dir='ltr'>ὥσπερ</span> <span class='ocrx_word' id='word_1_562' title='bbox 1558 4160 1750 4232; x_wconf 84' lang='grc' dir='ltr'>αὐτὴν,</span> <span class='ocrx_word' id='word_1_563' title='bbox 1777 4162 1869 4214; x_wconf 81' lang='grc' dir='ltr'><strong>καὶ</strong></span> 
     </span>
    </p>
   </div>
   <div class='ocr_carea' id='block_1_73' title="bbox 293 4251 1866 4324">
    <p class='ocr_par' dir='ltr' id='par_1_73' title="bbox 293 4251 1866 4324">
     <span class='ocr_line' id='line_1_73' title="bbox 293 4251 1866 4324; baseline -0.003 -16"><span class='ocrx_word' id='word_1_564' title='bbox 293 4259 416 4317; x_wconf 85' lang='grc' dir='ltr'>ταῖς</span> <span class='ocrx_word' id='word_1_565' title='bbox 460 4255 780 4324; x_wconf 86' lang='grc' dir='ltr'>ἀμωμήτοις</span> <span class='ocrx_word' id='word_1_566' title='bbox 831 4251 1202 4314; x_wconf 78' lang='grc' dir='ltr'>διδασκαλίαις</span> <span class='ocrx_word' id='word_1_567' title='bbox 1262 4251 1619 4321; x_wconf 74' lang='grc' dir='ltr'>πολυτρόπως</span> <span class='ocrx_word' id='word_1_568' title='bbox 1678 4251 1866 4321; x_wconf 82' lang='grc' dir='ltr'>στηρί-</span> 
     </span>
    </p>
   </div>
   <div class='ocr_carea' id='block_1_74' title="bbox 295 4341 1868 4412">
    <p class='ocr_par' dir='ltr' id='par_1_74' title="bbox 295 4341 1868 4412">
     <span class='ocr_line' id='line_1_74' title="bbox 295 4341 1868 4412; baseline 0 -16"><span class='ocrx_word' id='word_1_569' title='bbox 295 4343 497 4406; x_wconf 82' lang='grc' dir='ltr'>ζοντες,</span> <span class='ocrx_word' id='word_1_570' title='bbox 530 4344 622 4395; x_wconf 74' lang='grc' dir='ltr'><strong>καὶ</strong></span> <span class='ocrx_word' id='word_1_571' title='bbox 657 4345 771 4396; x_wconf 86' lang='grc' dir='ltr'>ὅσοι</span> <span class='ocrx_word' id='word_1_572' title='bbox 813 4341 1100 4396; x_wconf 83' lang='grc' dir='ltr'>πενθοῦσιν</span> <span class='ocrx_word' id='word_1_573' title='bbox 1141 4341 1228 4395; x_wconf 89' lang='grc' dir='ltr'>ἐπ’</span> <span class='ocrx_word' id='word_1_574' title='bbox 1255 4341 1444 4411; x_wconf 79' lang='grc' dir='ltr'>αὐτῆς,</span> <span class='ocrx_word' id='word_1_575' title='bbox 1479 4341 1621 4394; x_wconf 87' lang='grc' dir='ltr'><strong>κατά</strong></span> <span class='ocrx_word' id='word_1_576' title='bbox 1658 4358 1722 4409; x_wconf 89' lang='grc' dir='ltr'><strong>γε</strong></span> <span class='ocrx_word' id='word_1_577' title='bbox 1767 4341 1868 4412; x_wconf 80' lang='grc' dir='ltr'>τὴν</span> 
     </span>
    </p>
   </div>
   <div class='ocr_carea' id='block_1_75' title="bbox 292 4429 1868 4501">
    <p class='ocr_par' dir='ltr' id='par_1_75' title="bbox 292 4429 1868 4501">
     <span class='ocr_line' id='line_1_75' title="bbox 292 4429 1868 4501; baseline 0 -16"><span class='ocrx_word' id='word_1_578' title='bbox 292 4429 458 4485; x_wconf 75' lang='grc' dir='ltr'>αὐτοῦ</span> <span class='ocrx_word' id='word_1_579' title='bbox 511 4429 602 4481; x_wconf 86' lang='grc' dir='ltr'><strong>τοῦ</strong></span> <span class='ocrx_word' id='word_1_580' title='bbox 651 4430 900 4497; x_wconf 83' lang='grc' dir='ltr'>Σωτῆρος</span> <span class='ocrx_word' id='word_1_581' title='bbox 949 4431 1158 4500; x_wconf 76' lang='grc' dir='ltr'>φωνήνο</span> <span class='ocrx_word' id='word_1_582' title='bbox 1191 4449 1209 4481; x_wconf 84' lang='grc' dir='ltr'><strong>ι</strong></span> <span class='ocrx_word' id='word_1_583' title='bbox 1241 4429 1542 4501; x_wconf 77' lang='grc' dir='ltr'>Μακάριοι,</span> <span class='ocrx_word' id='word_1_584' title='bbox 1589 4431 1773 4501; x_wconf 74' lang='grc' dir='ltr'>φησὶν,</span> <span class='ocrx_word' id='word_1_585' title='bbox 1820 4434 1868 4485; x_wconf 76' lang='lat' dir='ltr'><strong>ot</strong></span> 
     </span>
    </p>
   </div>
   <div class='ocr_carea' id='block_1_76' title="bbox 293 4518 1870 4592">
    <p class='ocr_par' dir='ltr' id='par_1_76' title="bbox 293 4518 1870 4592">
     <span class='ocr_line' id='line_1_76' title="bbox 293 4518 1870 4592; baseline 0.003 -22"><span class='ocrx_word' id='word_1_586' title='bbox 293 4518 638 4582; x_wconf 75' lang='grc' dir='ltr'>πενθοῦντες,</span> <span class='ocrx_word' id='word_1_587' title='bbox 682 4518 936 4570; x_wconf 76' lang='grc' dir='ltr'>ὃτιαύτοὶ</span> <span class='ocrx_word' id='word_1_588' title='bbox 975 4520 1551 4592; x_wconf 78' lang='grc' dir='ltr'>παρακληθήσονται.»</span> <span class='ocrx_word' id='word_1_589' title='bbox 1603 4523 1676 4574; x_wconf 87' lang='grc' dir='ltr'><strong>Τὸ</strong></span> <span class='ocrx_word' id='word_1_590' title='bbox 1718 4522 1775 4574; x_wconf 83' lang='grc' dir='ltr'><em>δέ</em></span> <span class='ocrx_word' id='word_1_591' title='bbox 1805 4539 1870 4590; x_wconf 91' lang='grc' dir='ltr'><strong>γε</strong></span> 
     </span>
    </p>
   </div>
   <div class='ocr_carea' id='block_1_77' title="bbox 292 4607 1868 4684">
    <p class='ocr_par' dir='ltr' id='par_1_77' title="bbox 292 4607 1868 4684">
     <span class='ocr_line' id='line_1_77' title="bbox 292 4607 1868 4684; baseline 0.004 -23"><span class='ocrx_word' id='word_1_592' title='bbox 292 4609 485 4670; x_wconf 77' lang='grc' dir='ltr'>πένθος</span> <span class='ocrx_word' id='word_1_593' title='bbox 522 4610 578 4660; x_wconf 85' lang='grc' dir='ltr'><strong>ἐν</strong></span> <span class='ocrx_word' id='word_1_594' title='bbox 604 4607 813 4670; x_wconf 84' lang='grc' dir='ltr'>τούτοις</span> <span class='ocrx_word' id='word_1_595' title='bbox 837 4608 933 4678; x_wconf 86' lang='grc' dir='ltr'>τὴν</span> <span class='ocrx_word' id='word_1_596' title='bbox 964 4609 1073 4661; x_wconf 87' lang='grc' dir='ltr'><strong>τῶν</strong></span> <span class='ocrx_word' id='word_1_597' title='bbox 1113 4613 1325 4680; x_wconf 79' lang='grc' dir='ltr'>εὐαγῶν</span> <span class='ocrx_word' id='word_1_598' title='bbox 1359 4613 1868 4684; x_wconf 82' lang='grc' dir='ltr'>ἀνδραγαθημάτων</span> 
     </span>
    </p>
   </div>
   <div class='ocr_carea' id='block_1_78' title="bbox 293 4695 1868 4773">
    <p class='ocr_par' dir='ltr' id='par_1_78' title="bbox 293 4695 1868 4773">
     <span class='ocr_line' id='line_1_78' title="bbox 293 4695 1868 4773; baseline 0.004 -23"><span class='ocrx_word' id='word_1_599' title='bbox 293 4696 579 4765; x_wconf 82' lang='grc' dir='ltr'>ὑποφαίνει</span> <span class='ocrx_word' id='word_1_600' title='bbox 617 4695 954 4767; x_wconf 86' lang='grc' dir='ltr'>κατόρθωσιν</span> <span class='ocrx_word' id='word_1_601' title='bbox 980 4714 993 4728; x_wconf 77' lang='grc' dir='ltr'><strong>ο</strong></span> <span class='ocrx_word' id='word_1_602' title='bbox 1031 4697 1230 4766; x_wconf 83' lang='grc' dir='ltr'>ἱδρῶτα</span> <span class='ocrx_word' id='word_1_603' title='bbox 1257 4702 1366 4772; x_wconf 84' lang='grc' dir='ltr'>γὰρ</span> <span class='ocrx_word' id='word_1_604' title='bbox 1405 4702 1585 4772; x_wconf 79' lang='grc' dir='ltr'>ἔχουσι</span> <span class='ocrx_word' id='word_1_605' title='bbox 1621 4702 1714 4756; x_wconf 79' lang='grc' dir='ltr'>τὸν</span> <span class='ocrx_word' id='word_1_606' title='bbox 1742 4704 1868 4773; x_wconf 85' lang='grc' dir='ltr'>ὀνη-</span> 
     </span>
    </p>
   </div>
   <div class='ocr_carea' id='block_1_79' title="bbox 295 4787 1867 4862">
    <p class='ocr_par' dir='ltr' id='par_1_79' title="bbox 295 4787 1867 4862">
     <span class='ocr_line' id='line_1_79' title="bbox 295 4787 1867 4862; baseline 0.004 -20"><span class='ocrx_word' id='word_1_607' title='bbox 295 4789 538 4860; x_wconf 86' lang='grc' dir='ltr'>σιφόρον,</span> <span class='ocrx_word' id='word_1_608' title='bbox 575 4792 669 4843; x_wconf 64' lang='grc' dir='ltr'>καὶ</span> <span class='ocrx_word' id='word_1_609' title='bbox 698 4787 1036 4858; x_wconf 87' lang='grc' dir='ltr'>τληπαθοῦσι</span> <span class='ocrx_word' id='word_1_610' title='bbox 1071 4791 1358 4857; x_wconf 87' lang='grc' dir='ltr'>νεανικῶς,</span> <span class='ocrx_word' id='word_1_611' title='bbox 1405 4795 1503 4862; x_wconf 82' lang='grc' dir='ltr'>οὑχ</span> <span class='ocrx_word' id='word_1_612' title='bbox 1554 4795 1640 4847; x_wconf 76' lang='grc' dir='ltr'>ἵνα</span> <span class='ocrx_word' id='word_1_613' title='bbox 1673 4812 1726 4847; x_wconf 87' lang='grc' dir='ltr'>τι.</span> <span class='ocrx_word' id='word_1_614' title='bbox 1759 4795 1867 4847; x_wconf 87' lang='grc' dir='ltr'><strong>τῶν</strong></span> 
     </span>
    </p>
   </div>
   <div class='ocr_carea' id='block_1_80' title="bbox 291 4879 1867 4958">
    <p class='ocr_par' dir='ltr' id='par_1_80' title="bbox 291 4879 1867 4958">
     <span class='ocr_line' id='line_1_80' title="bbox 291 4879 1867 4958; baseline -0.003 -26"><span class='ocrx_word' id='word_1_615' title='bbox 291 4879 552 4948; x_wconf 73' lang='grc' dir='ltr'>ἐπιγείων</span> <span class='ocrx_word' id='word_1_616' title='bbox 583 4879 933 4949; x_wconf 86' lang='grc' dir='ltr'>κερδάνωσιν,</span> <span class='ocrx_word' id='word_1_617' title='bbox 968 4879 1083 4932; x_wconf 83' lang='grc' dir='ltr'>ἀλλ’</span> <span class='ocrx_word' id='word_1_618' title='bbox 1110 4880 1197 4932; x_wconf 85' lang='grc' dir='ltr'><strong>ἵνα</strong></span> <span class='ocrx_word' id='word_1_619' title='bbox 1231 4881 1341 4932; x_wconf 89' lang='grc' dir='ltr'><strong>τῶν</strong></span> <span class='ocrx_word' id='word_1_620' title='bbox 1373 4884 1524 4952; x_wconf 84' lang='grc' dir='ltr'>παρὰ</span> <span class='ocrx_word' id='word_1_621' title='bbox 1547 4885 1681 4938; x_wconf 84' lang='grc' dir='ltr'>Θεοῦ</span> <span class='ocrx_word' id='word_1_622' title='bbox 1711 4903 1867 4958; x_wconf 87' lang='grc' dir='ltr'>χαρι-</span> 
     </span>
    </p>
   </div>
   <div class='ocr_carea' id='block_1_81' title="bbox 293 4969 1864 5043">
    <p class='ocr_par' dir='ltr' id='par_1_81' title="bbox 293 4969 1864 5043">
     <span class='ocr_line' id='line_1_81' title="bbox 293 4969 1864 5043; baseline 0.003 -19"><span class='ocrx_word' id='word_1_623' title='bbox 293 4972 518 5040; x_wconf 83' lang='grc' dir='ltr'>σμάτων</span> <span class='ocrx_word' id='word_1_624' title='bbox 548 4970 1050 5041; x_wconf 76' lang='grc' dir='ltr'>ἀναπιμπλάμενοι,</span> <span class='ocrx_word' id='word_1_625' title='bbox 1086 4969 1350 5040; x_wconf 86' lang='grc' dir='ltr'>θυμηδίας</span> <span class='ocrx_word' id='word_1_626' title='bbox 1373 4973 1590 5043; x_wconf 86' lang='grc' dir='ltr'>ἀπάσης</span> <span class='ocrx_word' id='word_1_627' title='bbox 1604 4975 1864 5042; x_wconf 68' lang='grc' dir='ltr'>γένωνται</span> 
     </span>
    </p>
   </div>
   <div class='ocr_carea' id='block_1_82' title="bbox 295 5060 1866 5131">
    <p class='ocr_par' dir='ltr' id='par_1_82' title="bbox 295 5060 1866 5131">
     <span class='ocr_line' id='line_1_82' title="bbox 295 5060 1866 5131; baseline 0.004 -18"><span class='ocrx_word' id='word_1_628' title='bbox 295 5061 503 5130; x_wconf 83' lang='grc' dir='ltr'>μεστοί·</span> <span class='ocrx_word' id='word_1_629' title='bbox 537 5061 695 5114; x_wconf 88' lang='grc' dir='ltr'>τοῦτο</span> <span class='ocrx_word' id='word_1_630' title='bbox 715 5060 824 5130; x_wconf 81' lang='grc' dir='ltr'>γὰρ</span> <span class='ocrx_word' id='word_1_631' title='bbox 854 5062 1035 5123; x_wconf 85' lang='grc' dir='ltr'>αὐτοῖς</span> <span class='ocrx_word' id='word_1_632' title='bbox 1069 5062 1412 5131; x_wconf 85' lang='grc' dir='ltr'>ὑπισχνεῖται</span> <span class='ocrx_word' id='word_1_633' title='bbox 1447 5062 1617 5130; x_wconf 83' lang='grc' dir='ltr'>λέγων</span> <span class='ocrx_word' id='word_1_634' title='bbox 1641 5081 1654 5093; x_wconf 90' lang='grc'><strong>·</strong></span> <span class='ocrx_word' id='word_1_635' title='bbox 1705 5084 1722 5116; x_wconf 90' lang='grc' dir='ltr'><strong>ι</strong></span> <span class='ocrx_word' id='word_1_636' title='bbox 1751 5067 1866 5120; x_wconf 85' lang='grc' dir='ltr'>Ἵνα</span> 
     </span>
    </p>
   </div>
   <div class='ocr_carea' id='block_1_83' title="bbox 292 5151 1866 5223">
    <p class='ocr_par' dir='ltr' id='par_1_83' title="bbox 292 5151 1866 5223">
     <span class='ocr_line' id='line_1_83' title="bbox 292 5151 1866 5223; baseline 0.001 -18"><span class='ocrx_word' id='word_1_637' title='bbox 292 5153 563 5223; x_wconf 81' lang='grc' dir='ltr'>θηλάσητε</span> <span class='ocrx_word' id='word_1_638' title='bbox 610 5152 704 5205; x_wconf 72' lang='grc' dir='ltr'>καὶ</span> <span class='ocrx_word' id='word_1_639' title='bbox 721 5151 1069 5222; x_wconf 85' lang='grc' dir='ltr'>ἐμπλησθῆτε</span> <span class='ocrx_word' id='word_1_640' title='bbox 1101 5151 1210 5204; x_wconf 79' lang='grc' dir='ltr'><strong>ἀπὸ</strong></span> <span class='ocrx_word' id='word_1_641' title='bbox 1238 5151 1443 5222; x_wconf 85' lang='grc' dir='ltr'>μαστοῦ</span> <span class='ocrx_word' id='word_1_642' title='bbox 1475 5154 1866 5222; x_wconf 85' lang='grc' dir='ltr'>παρακλήσεως</span> 
     </span>
    </p>
   </div>
   <div class='ocr_carea' id='block_1_84' title="bbox 293 5241 1868 5316">
    <p class='ocr_par' dir='ltr' id='par_1_84' title="bbox 293 5241 1868 5316">
     <span class='ocr_line' id='line_1_84' title="bbox 293 5241 1868 5316; baseline 0.001 -20"><span class='ocrx_word' id='word_1_643' title='bbox 293 5243 478 5314; x_wconf 73' lang='grc' dir='ltr'>αὐτῆς.</span> <span class='ocrx_word' id='word_1_644' title='bbox 503 5261 522 5294; x_wconf 85' lang='grc' dir='ltr'><strong>ι</strong></span> <span class='ocrx_word' id='word_1_645' title='bbox 560 5242 852 5313; x_wconf 85' lang='grc' dir='ltr'>Πρόσωπον</span> <span class='ocrx_word' id='word_1_646' title='bbox 884 5242 940 5295; x_wconf 83' lang='grc' dir='ltr'>δὲ</span> <span class='ocrx_word' id='word_1_647' title='bbox 967 5241 1111 5307; x_wconf 76' lang='grc' dir='ltr'>ἅπαξ</span> <span class='ocrx_word' id='word_1_648' title='bbox 1126 5243 1382 5312; x_wconf 78' lang='grc' dir='ltr'>γυναικὸς</span> <span class='ocrx_word' id='word_1_649' title='bbox 1409 5244 1651 5311; x_wconf 75' lang='grc' dir='ltr'>περιθεὶς</span> <span class='ocrx_word' id='word_1_650' title='bbox 1679 5247 1743 5314; x_wconf 77' lang='grc' dir='ltr'>τῇ</span> <span class='ocrx_word' id='word_1_651' title='bbox 1772 5247 1868 5316; x_wconf 86' lang='grc' dir='ltr'><strong>νέᾳ</strong></span> 
     </span>
    </p>
   </div>
   <div class='ocr_carea' id='block_1_85' title="bbox 292 5332 1863 5406">
    <p class='ocr_par' dir='ltr' id='par_1_85' title="bbox 292 5332 1863 5406">
     <span class='ocr_line' id='line_1_85' title="bbox 292 5332 1863 5406; baseline 0.001 -20"><span class='ocrx_word' id='word_1_652' title='bbox 292 5332 454 5398; x_wconf 85' lang='grc' dir='ltr'>Σιὼν,</span> <span class='ocrx_word' id='word_1_653' title='bbox 486 5335 734 5405; x_wconf 76' lang='grc' dir='ltr'>ἐπιμένει</span> <span class='ocrx_word' id='word_1_654' title='bbox 758 5337 824 5404; x_wconf 83' lang='grc' dir='ltr'>τῇ</span> <span class='ocrx_word' id='word_1_655' title='bbox 852 5333 946 5387; x_wconf 89' lang='grc' dir='ltr'><strong>τοῦ</strong></span> <span class='ocrx_word' id='word_1_656' title='bbox 973 5334 1134 5403; x_wconf 86' lang='grc' dir='ltr'>λόγου</span> <span class='ocrx_word' id='word_1_657' title='bbox 1168 5337 1362 5404; x_wconf 82' lang='grc' dir='ltr'>τροπῇ,</span> <span class='ocrx_word' id='word_1_658' title='bbox 1400 5335 1491 5386; x_wconf 74' lang='grc' dir='ltr'>καὶ</span> <span class='ocrx_word' id='word_1_659' title='bbox 1515 5335 1613 5404; x_wconf 82' lang='grc' dir='ltr'><strong>τὴν</strong></span> <span class='ocrx_word' id='word_1_660' title='bbox 1642 5335 1699 5386; x_wconf 84' lang='grc' dir='ltr'><strong>ἐν</strong></span> <span class='ocrx_word' id='word_1_661' title='bbox 1726 5336 1863 5406; x_wconf 81' lang='grc' dir='ltr'>αὐτῇ</span> 
     </span>
    </p>
   </div>
   <div class='ocr_carea' id='block_1_86' title="bbox 295 5423 1862 5495">
    <p class='ocr_par' dir='ltr' id='par_1_86' title="bbox 295 5423 1862 5495">
     <span class='ocr_line' id='line_1_86' title="bbox 295 5423 1862 5495; baseline 0.003 -21"><span class='ocrx_word' id='word_1_662' title='bbox 295 5423 635 5493; x_wconf 77' lang='grc' dir='ltr'>παράκλησιν</span> <span class='ocrx_word' id='word_1_663' title='bbox 661 5425 759 5495; x_wconf 81' lang='grc' dir='ltr'>τὴν</span> <span class='ocrx_word' id='word_1_664' title='bbox 796 5423 883 5478; x_wconf 88' lang='grc' dir='ltr'><strong>διά</strong></span> <span class='ocrx_word' id='word_1_665' title='bbox 911 5441 996 5490; x_wconf 85' lang='grc' dir='ltr'><strong>γε,</strong></span> <span class='ocrx_word' id='word_1_666' title='bbox 1039 5425 1199 5495; x_wconf 79' lang='grc' dir='ltr'>φημὶ,</span> <span class='ocrx_word' id='word_1_667' title='bbox 1215 5424 1308 5477; x_wconf 88' lang='grc' dir='ltr'><strong>τοῦ</strong></span> <span class='ocrx_word' id='word_1_668' title='bbox 1339 5426 1494 5492; x_wconf 83' lang='grc' dir='ltr'>ἁγίου</span> <span class='ocrx_word' id='word_1_669' title='bbox 1531 5424 1862 5494; x_wconf 81' lang='grc' dir='ltr'>Πνεύματος,</span> 
     </span>
    </p>
   </div>
   <div class='ocr_carea' id='block_1_87' title="bbox 293 5513 1862 5589">
    <p class='ocr_par' dir='ltr' id='par_1_87' title="bbox 293 5513 1862 5589">
     <span class='ocr_line' id='line_1_87' title="bbox 293 5513 1862 5589; baseline 0 -21"><span class='ocrx_word' id='word_1_670' title='bbox 293 5517 514 5589; x_wconf 74' lang='grc' dir='ltr'>μαστοῖς</span> <span class='ocrx_word' id='word_1_671' title='bbox 553 5513 876 5582; x_wconf 77' lang='grc' dir='ltr'>παρεικάζει</span> <span class='ocrx_word' id='word_1_672' title='bbox 932 5514 1025 5567; x_wconf 77' lang='grc' dir='ltr'><strong>καὶ</strong></span> <span class='ocrx_word' id='word_1_673' title='bbox 1051 5514 1304 5582; x_wconf 86' lang='grc' dir='ltr'>γάλακτι.</span> <span class='ocrx_word' id='word_1_674' title='bbox 1352 5515 1580 5586; x_wconf 81' lang='grc' dir='ltr'>Εἴρηται</span> <span class='ocrx_word' id='word_1_675' title='bbox 1613 5517 1722 5586; x_wconf 83' lang='grc' dir='ltr'><strong>γάρ</strong></span> <span class='ocrx_word' id='word_1_676' title='bbox 1761 5533 1862 5569; x_wconf 84' lang='grc' dir='ltr'><strong>που</strong></span> 
     </span>
    </p>
   </div>
   <div class='ocr_carea' id='block_1_88' title="bbox 359 5688 1413 5761">
    <p class='ocr_par' dir='ltr' id='par_1_88' title="bbox 359 5688 1413 5761">
     <span class='ocr_line' id='line_1_88' title="bbox 359 5688 1413 5761; baseline 0.003 -18"><span class='ocrx_word' id='word_1_677' title='bbox 359 5689 406 5720; x_wconf 77' lang='grc'><strong>’³³</strong></span> <span class='ocrx_word' id='word_1_678' title='bbox 430 5688 531 5746; x_wconf 85' lang='lat' dir='ltr'><strong>lsa.</strong></span> <span class='ocrx_word' id='word_1_679' title='bbox 556 5705 665 5758; x_wconf 80' lang='lat' dir='ltr'><strong>uv,</strong></span> <span class='ocrx_word' id='word_1_680' title='bbox 694 5693 740 5746; x_wconf 84' lang='lat' dir='ltr'><strong>l.</strong></span> <span class='ocrx_word' id='word_1_681' title='bbox 816 5691 861 5723; x_wconf 82' lang='lat'>&quot;</span> <span class='ocrx_word' id='word_1_682' title='bbox 890 5691 1084 5761; x_wconf 74' lang='lat' dir='ltr'><strong>Ephes.</strong></span> <span class='ocrx_word' id='word_1_683' title='bbox 1125 5707 1181 5754; x_wconf 87' lang='grc' dir='ltr'><strong>ιι,</strong></span> <span class='ocrx_word' id='word_1_684' title='bbox 1217 5692 1298 5757; x_wconf 80' lang='grc'>15,</span> <span class='ocrx_word' id='word_1_685' title='bbox 1331 5691 1413 5746; x_wconf 84' lang='lat' dir='ltr'><strong>l6.</strong></span> 
     </span>
    </p>
   </div>
   <div class='ocr_carea' id='block_1_89' title="bbox 1491 5693 1899 5758">
    <p class='ocr_par' dir='ltr' id='par_1_89' title="bbox 1491 5693 1899 5758">
     <span class='ocr_line' id='line_1_89' title="bbox 1491 5693 1899 5758; baseline -0.005 -10"><span class='ocrx_word' id='word_1_686' title='bbox 1491 5695 1531 5724; x_wconf 77' lang='lat'>”</span> <span class='ocrx_word' id='word_1_687' title='bbox 1567 5693 1580 5747; x_wconf 96' lang='grc' dir='ltr'><strong>Ι</strong></span> <span class='ocrx_word' id='word_1_688' title='bbox 1607 5693 1731 5748; x_wconf 87' lang='lat' dir='ltr'><strong>Cor.</strong></span> <span class='ocrx_word' id='word_1_689' title='bbox 1759 5708 1818 5758; x_wconf 88' lang='lat' dir='ltr'><strong>lt,</strong></span> <span class='ocrx_word' id='word_1_690' title='bbox 1847 5693 1899 5746; x_wconf 89' lang='grc'><strong>9.</strong></span> 
     </span>
    </p>
   </div>
   <div class='ocr_carea' id='block_1_90' title="bbox 1975 3342 3558 3412">
    <p class='ocr_par' dir='ltr' id='par_1_90' title="bbox 1975 3342 3558 3412">
     <span class='ocr_line' id='line_1_90' title="bbox 1975 3342 3558 3412; baseline -0.001 -16"><span class='ocrx_word' id='word_1_691' title='bbox 1975 3342 2118 3398; x_wconf 91' lang='lat' dir='ltr'><strong>tione</strong></span> <span class='ocrx_word' id='word_1_692' title='bbox 2145 3343 2403 3410; x_wconf 76' lang='lat' dir='ltr'><strong>gentium.</strong></span> <span class='ocrx_word' id='word_1_693' title='bbox 2419 3342 2869 3411; x_wconf 79' lang='lat' dir='ltr'><strong>Conjunxitenim</strong></span> <span class='ocrx_word' id='word_1_694' title='bbox 2900 3343 3034 3398; x_wconf 90' lang='lat' dir='ltr'><strong>duos</strong></span> <span class='ocrx_word' id='word_1_695' title='bbox 3058 3342 3286 3412; x_wconf 85' lang='lat' dir='ltr'><strong>p0pulos</strong></span> <span class='ocrx_word' id='word_1_696' title='bbox 3313 3342 3366 3396; x_wconf 85' lang='lat' dir='ltr'><strong>in</strong></span> <span class='ocrx_word' id='word_1_697' title='bbox 3392 3355 3558 3395; x_wconf 90' lang='lat' dir='ltr'><strong>unum</strong></span> 
     </span>
    </p>
   </div>
   <div class='ocr_carea' id='block_1_91' title="bbox 1972 3431 3560 3500">
    <p class='ocr_par' dir='ltr' id='par_1_91' title="bbox 1972 3431 3560 3500">
     <span class='ocr_line' id='line_1_91' title="bbox 1972 3431 3560 3500; baseline 0 -14"><span class='ocrx_word' id='word_1_698' title='bbox 1972 3447 2167 3486; x_wconf 86' lang='lat' dir='ltr'><strong>novum</strong></span> <span class='ocrx_word' id='word_1_699' title='bbox 2195 3433 2488 3494; x_wconf 85' lang='lat' dir='ltr'><strong>hominem,</strong></span> <span class='ocrx_word' id='word_1_700' title='bbox 2519 3435 2854 3487; x_wconf 76' lang='lat' dir='ltr'><strong>constituens</strong></span> <span class='ocrx_word' id='word_1_701' title='bbox 2883 3447 3090 3500; x_wconf 82' lang='lat' dir='ltr'><strong>pacem,</strong></span> <span class='ocrx_word' id='word_1_702' title='bbox 3118 3443 3173 3486; x_wconf 88' lang='lat' dir='ltr'><strong>et</strong></span> <span class='ocrx_word' id='word_1_703' title='bbox 3201 3431 3560 3487; x_wconf 85' lang='lat' dir='ltr'><strong>reconcilians</strong></span> 
     </span>
    </p>
   </div>
   <div class='ocr_carea' id='block_1_92' title="bbox 1973 3521 3556 3590">
    <p class='ocr_par' dir='ltr' id='par_1_92' title="bbox 1973 3521 3556 3590">
     <span class='ocr_line' id='line_1_92' title="bbox 1973 3521 3556 3590; baseline 0.002 -15"><span class='ocrx_word' id='word_1_704' title='bbox 1973 3532 2263 3590; x_wconf 81' lang='lat' dir='ltr'><strong>utrumque</strong></span> <span class='ocrx_word' id='word_1_705' title='bbox 2302 3522 2356 3575; x_wconf 90' lang='lat' dir='ltr'><strong>in</strong></span> <span class='ocrx_word' id='word_1_706' title='bbox 2382 3537 2490 3575; x_wconf 91' lang='lat' dir='ltr'><strong>uno</strong></span> <span class='ocrx_word' id='word_1_707' title='bbox 2512 3537 2745 3590; x_wconf 91' lang='lat' dir='ltr'><strong>corpore</strong></span> <span class='ocrx_word' id='word_1_708' title='bbox 2768 3522 2908 3590; x_wconf 89' lang='lat' dir='ltr'><strong>apud</strong></span> <span class='ocrx_word' id='word_1_709' title='bbox 2961 3521 3176 3576; x_wconf 86' lang='lat' dir='ltr'><strong>Patrem</strong></span> <span class='ocrx_word' id='word_1_710' title='bbox 3209 3523 3278 3576; x_wconf 80' lang='lat'><strong>’°.</strong></span> <span class='ocrx_word' id='word_1_711' title='bbox 3315 3523 3380 3577; x_wconf 87' lang='lat' dir='ltr'><strong>Et</strong></span> <span class='ocrx_word' id='word_1_712' title='bbox 3441 3539 3556 3578; x_wconf 91' lang='lat' dir='ltr'><strong>me-</strong></span> 
     </span>
    </p>
   </div>
   <div class='ocr_carea' id='block_1_93' title="bbox 1972 3609 3561 3679">
    <p class='ocr_par' dir='ltr' id='par_1_93' title="bbox 1972 3609 3561 3679">
     <span class='ocr_line' id='line_1_93' title="bbox 1972 3609 3561 3679; baseline 0.001 -15"><span class='ocrx_word' id='word_1_713' title='bbox 1972 3611 2080 3664; x_wconf 87' lang='lat' dir='ltr'><strong>rito</strong></span> <span class='ocrx_word' id='word_1_714' title='bbox 2105 3610 2341 3679; x_wconf 75' lang='lat' dir='ltr'><strong>gaudere</strong></span> <span class='ocrx_word' id='word_1_715' title='bbox 2372 3619 2572 3678; x_wconf 80' lang='lat' dir='ltr'><strong>potest,</strong></span> <span class='ocrx_word' id='word_1_716' title='bbox 2601 3625 2720 3664; x_wconf 91' lang='lat' dir='ltr'><strong>cum</strong></span> <span class='ocrx_word' id='word_1_717' title='bbox 2763 3625 2860 3678; x_wconf 88' lang='lat' dir='ltr'><strong>spe</strong></span> <span class='ocrx_word' id='word_1_718' title='bbox 2914 3609 3070 3677; x_wconf 83' lang='lat' dir='ltr'><strong>plena</strong></span> <span class='ocrx_word' id='word_1_719' title='bbox 3124 3611 3216 3674; x_wconf 84' lang='lat' dir='ltr'><strong>sit,</strong></span> <span class='ocrx_word' id='word_1_720' title='bbox 3240 3625 3401 3678; x_wconf 88' lang='lat' dir='ltr'><strong>quam</strong></span> <span class='ocrx_word' id='word_1_721' title='bbox 3457 3626 3561 3666; x_wconf 88' lang='lat' dir='ltr'><strong>nec</strong></span> 
     </span>
    </p>
   </div>
   <div class='ocr_carea' id='block_1_94' title="bbox 1971 3695 3551 3766">
    <p class='ocr_par' dir='ltr' id='par_1_94' title="bbox 1971 3695 3551 3766">
     <span class='ocr_line' id='line_1_94' title="bbox 1971 3695 3551 3766; baseline -0.003 -13"><span class='ocrx_word' id='word_1_722' title='bbox 1971 3697 2254 3766; x_wconf 79' lang='lat' dir='ltr'><strong>complecti</strong></span> <span class='ocrx_word' id='word_1_723' title='bbox 2277 3713 2428 3752; x_wconf 90' lang='lat' dir='ltr'><strong>mens</strong></span> <span class='ocrx_word' id='word_1_724' title='bbox 2450 3707 2630 3766; x_wconf 82' lang='lat' dir='ltr'><strong>queat,</strong></span> <span class='ocrx_word' id='word_1_725' title='bbox 2655 3713 2756 3751; x_wconf 89' lang='lat' dir='ltr'><strong>nec</strong></span> <span class='ocrx_word' id='word_1_726' title='bbox 2796 3697 2994 3752; x_wconf 84' lang='lat' dir='ltr'><strong>oratio.</strong></span> <span class='ocrx_word' id='word_1_727' title='bbox 3039 3713 3058 3747; x_wconf 84' lang='grc' dir='ltr'><strong>ι</strong></span> <span class='ocrx_word' id='word_1_728' title='bbox 3098 3695 3214 3750; x_wconf 87' lang='grc' dir='ltr'>Νοιι</span> <span class='ocrx_word' id='word_1_729' title='bbox 3247 3696 3391 3750; x_wconf 80' lang='lat' dir='ltr'><strong>enim</strong></span> <span class='ocrx_word' id='word_1_730' title='bbox 3417 3711 3551 3751; x_wconf 86' lang='lat' dir='ltr'><strong>ocu-</strong></span> 
     </span>
    </p>
   </div>
   <div class='ocr_carea' id='block_1_95' title="bbox 1973 3787 3559 3857">
    <p class='ocr_par' dir='ltr' id='par_1_95' title="bbox 1973 3787 3559 3857">
     <span class='ocr_line' id='line_1_95' title="bbox 1973 3787 3559 3857; baseline -0.001 -15"><span class='ocrx_word' id='word_1_731' title='bbox 1973 3789 2057 3842; x_wconf 90' lang='lat' dir='ltr'><strong>lus</strong></span> <span class='ocrx_word' id='word_1_732' title='bbox 2090 3790 2244 3853; x_wconf 77' lang='lat' dir='ltr'><strong>vidit,</strong></span> <span class='ocrx_word' id='word_1_733' title='bbox 2282 3789 2478 3857; x_wconf 88' lang='lat' dir='ltr'><strong>inquit,</strong></span> <span class='ocrx_word' id='word_1_734' title='bbox 2513 3805 2612 3843; x_wconf 88' lang='lat' dir='ltr'><strong>nec</strong></span> <span class='ocrx_word' id='word_1_735' title='bbox 2646 3790 2797 3844; x_wconf 86' lang='lat' dir='ltr'><strong>auris</strong></span> <span class='ocrx_word' id='word_1_736' title='bbox 2840 3787 3064 3847; x_wconf 75' lang='lat' dir='ltr'><strong>audivit.</strong></span> <span class='ocrx_word' id='word_1_737' title='bbox 3097 3798 3154 3841; x_wconf 92' lang='lat' dir='ltr'><strong>et</strong></span> <span class='ocrx_word' id='word_1_738' title='bbox 3182 3787 3235 3841; x_wconf 91' lang='lat' dir='ltr'><strong>in</strong></span> <span class='ocrx_word' id='word_1_739' title='bbox 3265 3802 3358 3841; x_wconf 91' lang='lat' dir='ltr'><strong>cor</strong></span> <span class='ocrx_word' id='word_1_740' title='bbox 3383 3787 3559 3841; x_wconf 83' lang='lat' dir='ltr'><strong>homi-</strong></span> 
     </span>
    </p>
   </div>
   <div class='ocr_carea' id='block_1_96' title="bbox 1972 3867 3656 3950">
    <p class='ocr_par' dir='ltr' id='par_1_96' title="bbox 1972 3867 3656 3950">
     <span class='ocr_line' id='line_1_96' title="bbox 1972 3867 3656 3950; baseline -0.001 -14"><span class='ocrx_word' id='word_1_741' title='bbox 1972 3881 2056 3936; x_wconf 90' lang='lat' dir='ltr'><strong>nis</strong></span> <span class='ocrx_word' id='word_1_742' title='bbox 2090 3896 2193 3935; x_wconf 92' lang='lat' dir='ltr'><strong>non</strong></span> <span class='ocrx_word' id='word_1_743' title='bbox 2223 3882 2602 3948; x_wconf 84' lang='lat' dir='ltr'><strong>ascenderunt,</strong></span> <span class='ocrx_word' id='word_1_744' title='bbox 2629 3898 2747 3949; x_wconf 70' lang='lat' dir='ltr'><strong>qua:</strong></span> <span class='ocrx_word' id='word_1_745' title='bbox 2775 3882 2985 3950; x_wconf 86' lang='lat' dir='ltr'><strong>paravit</strong></span> <span class='ocrx_word' id='word_1_746' title='bbox 3017 3882 3160 3936; x_wconf 90' lang='lat' dir='ltr'><strong>Deus</strong></span> <span class='ocrx_word' id='word_1_747' title='bbox 3207 3880 3555 3948; x_wconf 74' lang='lat' dir='ltr'><strong>diligentibus</strong></span> <span class='ocrx_word' id='word_1_748' title='bbox 3653 3867 3656 3870; x_wconf 47' lang='grc'><strong>’</strong></span> 
     </span>
    </p>
   </div>
   <div class='ocr_carea' id='block_1_97' title="bbox 1971 3970 3551 4042">
    <p class='ocr_par' dir='ltr' id='par_1_97' title="bbox 1971 3970 3551 4042">
     <span class='ocr_line' id='line_1_97' title="bbox 1971 3970 3551 4042; baseline -0.001 -18"><span class='ocrx_word' id='word_1_749' title='bbox 1971 3987 2032 4026; x_wconf 89' lang='lat' dir='ltr'><strong>se</strong></span> <span class='ocrx_word' id='word_1_750' title='bbox 2061 3972 2129 4024; x_wconf 73' lang='grc'><strong>⁸⁷.</strong></span> <span class='ocrx_word' id='word_1_751' title='bbox 2175 3991 2193 4024; x_wconf 84' lang='grc' dir='ltr'><strong>ι</strong></span> <span class='ocrx_word' id='word_1_752' title='bbox 2228 3972 2422 4026; x_wconf 66' lang='lat' dir='ltr'><strong>Laetari</strong></span> <span class='ocrx_word' id='word_1_753' title='bbox 2441 3973 2594 4042; x_wconf 83' lang='lat' dir='ltr'><strong>jubet</strong></span> <span class='ocrx_word' id='word_1_754' title='bbox 2616 3973 2705 4042; x_wconf 89' lang='lat' dir='ltr'><strong>qui</strong></span> <span class='ocrx_word' id='word_1_755' title='bbox 2739 3972 2795 4026; x_wconf 92' lang='lat' dir='ltr'><strong>in</strong></span> <span class='ocrx_word' id='word_1_756' title='bbox 2821 3986 2883 4025; x_wconf 86' lang='lat' dir='ltr'><strong>ea</strong></span> <span class='ocrx_word' id='word_1_757' title='bbox 2911 3980 3058 4035; x_wconf 85' lang='lat' dir='ltr'><strong>sunt,</strong></span> <span class='ocrx_word' id='word_1_758' title='bbox 3081 3979 3135 4024; x_wconf 89' lang='lat' dir='ltr'><strong>et</strong></span> <span class='ocrx_word' id='word_1_759' title='bbox 3163 3986 3279 4024; x_wconf 88' lang='lat' dir='ltr'><strong>eam</strong></span> <span class='ocrx_word' id='word_1_760' title='bbox 3305 3970 3551 4038; x_wconf 84' lang='lat' dir='ltr'><strong>diligunt.</strong></span> 
     </span>
    </p>
   </div>
   <div class='ocr_carea' id='block_1_98' title="bbox 1972 4062 3556 4133">
    <p class='ocr_par' dir='ltr' id='par_1_98' title="bbox 1972 4062 3556 4133">
     <span class='ocr_line' id='line_1_98' title="bbox 1972 4062 3556 4133; baseline 0 -18"><span class='ocrx_word' id='word_1_761' title='bbox 1972 4062 2034 4116; x_wconf 84' lang='lat' dir='ltr'><strong>Hi</strong></span> <span class='ocrx_word' id='word_1_762' title='bbox 2069 4064 2285 4116; x_wconf 89' lang='lat' dir='ltr'><strong>demum</strong></span> <span class='ocrx_word' id='word_1_763' title='bbox 2325 4074 2456 4118; x_wconf 89' lang='lat' dir='ltr'><strong>sunt</strong></span> <span class='ocrx_word' id='word_1_764' title='bbox 2482 4063 2768 4133; x_wconf 89' lang='lat' dir='ltr'><strong>ejusmodi,</strong></span> <span class='ocrx_word' id='word_1_765' title='bbox 2796 4064 2886 4133; x_wconf 86' lang='lat' dir='ltr'><strong>qui</strong></span> <span class='ocrx_word' id='word_1_766' title='bbox 2913 4079 3030 4119; x_wconf 89' lang='lat' dir='ltr'><strong>eam</strong></span> <span class='ocrx_word' id='word_1_767' title='bbox 3056 4073 3310 4132; x_wconf 87' lang='lat' dir='ltr'><strong>tanquam</strong></span> <span class='ocrx_word' id='word_1_768' title='bbox 3341 4071 3556 4116; x_wconf 86' lang='lat' dir='ltr'><strong>susten-</strong></span> 
     </span>
    </p>
   </div>
   <div class='ocr_carea' id='block_1_99' title="bbox 1972 4154 3544 4225">
    <p class='ocr_par' dir='ltr' id='par_1_99' title="bbox 1972 4154 3544 4225">
     <span class='ocr_line' id='line_1_99' title="bbox 1972 4154 3544 4225; baseline -0.003 -16"><span class='ocrx_word' id='word_1_769' title='bbox 1972 4162 2108 4220; x_wconf 88' lang='lat' dir='ltr'><strong>tant,</strong></span> <span class='ocrx_word' id='word_1_770' title='bbox 2133 4156 2221 4223; x_wconf 91' lang='lat' dir='ltr'><strong>qui</strong></span> <span class='ocrx_word' id='word_1_771' title='bbox 2255 4155 2520 4225; x_wconf 87' lang='lat' dir='ltr'><strong>incnlpata</strong></span> <span class='ocrx_word' id='word_1_772' title='bbox 2552 4157 2794 4211; x_wconf 89' lang='lat' dir='ltr'><strong>doctrina</strong></span> <span class='ocrx_word' id='word_1_773' title='bbox 2825 4156 3174 4210; x_wconf 75' lang='lat' dir='ltr'><strong>multifariam</strong></span> <span class='ocrx_word' id='word_1_774' title='bbox 3194 4154 3544 4218; x_wconf 77' lang='lat' dir='ltr'><strong>conﬁrmant,</strong></span> 
     </span>
    </p>
   </div>
   <div class='ocr_carea' id='block_1_100' title="bbox 1971 4245 3550 4318">
    <p class='ocr_par' dir='ltr' id='par_1_100' title="bbox 1971 4245 3550 4318">
     <span class='ocr_line' id='line_1_100' title="bbox 1971 4245 3550 4318; baseline 0 -20"><span class='ocrx_word' id='word_1_775' title='bbox 1971 4246 2277 4314; x_wconf 87' lang='lat' dir='ltr'><strong>quicunque</strong></span> <span class='ocrx_word' id='word_1_776' title='bbox 2318 4247 2482 4300; x_wconf 86' lang='lat' dir='ltr'><strong>etiam</strong></span> <span class='ocrx_word' id='word_1_777' title='bbox 2532 4261 2650 4301; x_wconf 88' lang='lat' dir='ltr'><strong>eam</strong></span> <span class='ocrx_word' id='word_1_778' title='bbox 2697 4248 2860 4318; x_wconf 78' lang='lat'><strong>913</strong></span> <span class='ocrx_word' id='word_1_779' title='bbox 2919 4247 3219 4316; x_wconf 83' lang='lat' dir='ltr'><strong>deplorant,</strong></span> <span class='ocrx_word' id='word_1_780' title='bbox 3255 4245 3550 4301; x_wconf 86' lang='lat' dir='ltr'><strong>secundum</strong></span> 
     </span>
    </p>
   </div>
   <div class='ocr_carea' id='block_1_101' title="bbox 1972 4337 3551 4406">
    <p class='ocr_par' dir='ltr' id='par_1_101' title="bbox 1972 4337 3551 4406">
     <span class='ocr_line' id='line_1_101' title="bbox 1972 4337 3551 4406; baseline -0.001 -16"><span class='ocrx_word' id='word_1_781' title='bbox 1972 4337 2275 4391; x_wconf 87' lang='lat' dir='ltr'><strong>Servatoris</strong></span> <span class='ocrx_word' id='word_1_782' title='bbox 2304 4354 2532 4393; x_wconf 82' lang='lat' dir='ltr'><strong>vocem:</strong></span> <span class='ocrx_word' id='word_1_783' title='bbox 2573 4357 2590 4391; x_wconf 90' lang='grc' dir='ltr'><strong>ι</strong></span> <span class='ocrx_word' id='word_1_784' title='bbox 2629 4339 2774 4393; x_wconf 84' lang='lat' dir='ltr'><strong>Beati</strong></span> <span class='ocrx_word' id='word_1_785' title='bbox 2799 4340 2975 4402; x_wconf 87' lang='lat' dir='ltr'><strong>enim,</strong></span> <span class='ocrx_word' id='word_1_786' title='bbox 3015 4339 3208 4406; x_wconf 83' lang='lat' dir='ltr'><strong>inquit,</strong></span> <span class='ocrx_word' id='word_1_787' title='bbox 3233 4339 3321 4406; x_wconf 91' lang='lat' dir='ltr'><strong>qui</strong></span> <span class='ocrx_word' id='word_1_788' title='bbox 3347 4337 3551 4404; x_wconf 80' lang='lat' dir='ltr'><strong>lugent,</strong></span> 
     </span>
    </p>
   </div>
   <div class='ocr_carea' id='block_1_102' title="bbox 1971 4427 3551 4497">
    <p class='ocr_par' dir='ltr' id='par_1_102' title="bbox 1971 4427 3551 4497">
     <span class='ocr_line' id='line_1_102' title="bbox 1971 4427 3551 4497; baseline 0.001 -17"><span class='ocrx_word' id='word_1_789' title='bbox 1971 4429 2094 4496; x_wconf 88' lang='lat' dir='ltr'><strong>quia</strong></span> <span class='ocrx_word' id='word_1_790' title='bbox 2131 4428 2231 4497; x_wconf 89' lang='lat' dir='ltr'><strong>ipsi</strong></span> <span class='ocrx_word' id='word_1_791' title='bbox 2253 4430 2678 4486; x_wconf 81' lang='lat' dir='ltr'><strong>consolabuntur</strong></span> <span class='ocrx_word' id='word_1_792' title='bbox 2706 4431 2775 4484; x_wconf 78' lang='grc'><strong>’⁸.</strong></span> <span class='ocrx_word' id='word_1_793' title='bbox 2815 4449 2834 4482; x_wconf 77' lang='grc' dir='ltr'><strong>ι</strong></span> <span class='ocrx_word' id='word_1_794' title='bbox 2882 4430 3085 4485; x_wconf 76' lang='lat' dir='ltr'><strong>Luctus</strong></span> <span class='ocrx_word' id='word_1_795' title='bbox 3115 4429 3203 4483; x_wconf 91' lang='lat' dir='ltr'><strong>hic</strong></span> <span class='ocrx_word' id='word_1_796' title='bbox 3246 4427 3551 4481; x_wconf 88' lang='lat' dir='ltr'><strong>snbindicat</strong></span> 
     </span>
    </p>
   </div>
   <div class='ocr_carea' id='block_1_103' title="bbox 1969 4519 3545 4576">
    <p class='ocr_par' dir='ltr' id='par_1_103' title="bbox 1969 4519 3545 4576">
     <span class='ocr_line' id='line_1_103' title="bbox 1969 4519 3545 4576; baseline -0.004 -1"><span class='ocrx_word' id='word_1_797' title='bbox 1969 4528 2277 4575; x_wconf 85' lang='lat' dir='ltr'><strong>sanctarum</strong></span> <span class='ocrx_word' id='word_1_798' title='bbox 2309 4522 2581 4575; x_wconf 89' lang='lat' dir='ltr'><strong>actionum</strong></span> <span class='ocrx_word' id='word_1_799' title='bbox 2616 4521 3071 4576; x_wconf 88' lang='lat' dir='ltr'><strong>emendationem.</strong></span> <span class='ocrx_word' id='word_1_800' title='bbox 3116 4519 3380 4574; x_wconf 87' lang='lat' dir='ltr'><strong>Sudorem</strong></span> <span class='ocrx_word' id='word_1_801' title='bbox 3405 4519 3545 4571; x_wconf 92' lang='lat' dir='ltr'><strong>enim</strong></span> 
     </span>
    </p>
   </div>
   <div class='ocr_carea' id='block_1_104' title="bbox 1968 4606 3550 4678">
    <p class='ocr_par' dir='ltr' id='par_1_104' title="bbox 1968 4606 3550 4678">
     <span class='ocr_line' id='line_1_104' title="bbox 1968 4606 3550 4678; baseline 0 -17"><span class='ocrx_word' id='word_1_802' title='bbox 1968 4610 2243 4678; x_wconf 89' lang='lat' dir='ltr'><strong>patiuntur</strong></span> <span class='ocrx_word' id='word_1_803' title='bbox 2273 4609 2477 4676; x_wconf 87' lang='lat' dir='ltr'><strong>utilem,</strong></span> <span class='ocrx_word' id='word_1_804' title='bbox 2509 4621 2561 4663; x_wconf 92' lang='lat' dir='ltr'><strong>et</strong></span> <span class='ocrx_word' id='word_1_805' title='bbox 2590 4611 2800 4664; x_wconf 89' lang='lat' dir='ltr'><strong>labores</strong></span> <span class='ocrx_word' id='word_1_806' title='bbox 2840 4609 3069 4664; x_wconf 87' lang='lat' dir='ltr'><strong>tolerant</strong></span> <span class='ocrx_word' id='word_1_807' title='bbox 3103 4618 3324 4662; x_wconf 75' lang='lat' dir='ltr'><strong>strenue</strong></span> <span class='ocrx_word' id='word_1_808' title='bbox 3347 4621 3410 4661; x_wconf 89' lang='lat' dir='ltr'><strong>ac</strong></span> <span class='ocrx_word' id='word_1_809' title='bbox 3456 4606 3550 4676; x_wconf 89' lang='lat' dir='ltr'><strong>ju-</strong></span> 
     </span>
    </p>
   </div>
   <div class='ocr_carea' id='block_1_105' title="bbox 1969 4699 3550 4770">
    <p class='ocr_par' dir='ltr' id='par_1_105' title="bbox 1969 4699 3550 4770">
     <span class='ocr_line' id='line_1_105' title="bbox 1969 4699 3550 4770; baseline -0.002 -16"><span class='ocrx_word' id='word_1_810' title='bbox 1969 4701 2240 4766; x_wconf 81' lang='lat' dir='ltr'><strong>veniliter,</strong></span> <span class='ocrx_word' id='word_1_811' title='bbox 2273 4717 2376 4754; x_wconf 92' lang='lat' dir='ltr'><strong>non</strong></span> <span class='ocrx_word' id='word_1_812' title='bbox 2405 4710 2464 4756; x_wconf 89' lang='lat' dir='ltr'><strong>ut</strong></span> <span class='ocrx_word' id='word_1_813' title='bbox 2517 4702 2718 4770; x_wconf 87' lang='lat' dir='ltr'><strong>aliquid</strong></span> <span class='ocrx_word' id='word_1_814' title='bbox 2755 4711 3027 4756; x_wconf 87' lang='lat' dir='ltr'><strong>terrenum</strong></span> <span class='ocrx_word' id='word_1_815' title='bbox 3082 4700 3401 4754; x_wconf 87' lang='lat' dir='ltr'><strong>lucrentur:</strong></span> <span class='ocrx_word' id='word_1_816' title='bbox 3454 4699 3550 4752; x_wconf 85' lang='lat' dir='ltr'><strong>sed</strong></span> 
     </span>
    </p>
   </div>
   <div class='ocr_carea' id='block_1_106' title="bbox 1921 4791 3542 4860">
    <p class='ocr_par' dir='ltr' id='par_1_106' title="bbox 1921 4791 3542 4860">
     <span class='ocr_line' id='line_1_106' title="bbox 1921 4791 3542 4860; baseline -0.002 -14"><span class='ocrx_word' id='word_1_817' title='bbox 1921 4827 1930 4834; x_wconf 90' lang='lat'><em>-</em></span> <span class='ocrx_word' id='word_1_818' title='bbox 1969 4804 2024 4846; x_wconf 88' lang='lat' dir='ltr'><strong>ut</strong></span> <span class='ocrx_word' id='word_1_819' title='bbox 2043 4793 2238 4846; x_wconf 83' lang='lat' dir='ltr'><strong>divinis</strong></span> <span class='ocrx_word' id='word_1_820' title='bbox 2259 4793 2413 4847; x_wconf 88' lang='lat' dir='ltr'><strong>donis</strong></span> <span class='ocrx_word' id='word_1_821' title='bbox 2439 4792 2644 4858; x_wconf 86' lang='lat' dir='ltr'><strong>referti,</strong></span> <span class='ocrx_word' id='word_1_822' title='bbox 2666 4793 2812 4848; x_wconf 92' lang='lat' dir='ltr'><strong>omni</strong></span> <span class='ocrx_word' id='word_1_823' title='bbox 2844 4793 3114 4860; x_wconf 85' lang='lat' dir='ltr'><strong>voluptate</strong></span> <span class='ocrx_word' id='word_1_824' title='bbox 3145 4791 3542 4858; x_wconf 88' lang='lat' dir='ltr'><strong>compleantur.</strong></span> 
     </span>
    </p>
   </div>
   <div class='ocr_carea' id='block_1_107' title="bbox 1968 4877 3548 4951">
    <p class='ocr_par' dir='ltr' id='par_1_107' title="bbox 1968 4877 3548 4951">
     <span class='ocr_line' id='line_1_107' title="bbox 1968 4877 3548 4951; baseline -0.003 -17"><span class='ocrx_word' id='word_1_825' title='bbox 1968 4880 2083 4937; x_wconf 87' lang='lat' dir='ltr'><strong>Hoc</strong></span> <span class='ocrx_word' id='word_1_826' title='bbox 2121 4883 2264 4935; x_wconf 91' lang='lat' dir='ltr'><strong>enim</strong></span> <span class='ocrx_word' id='word_1_827' title='bbox 2307 4881 2413 4936; x_wconf 89' lang='lat' dir='ltr'><strong>illis</strong></span> <span class='ocrx_word' id='word_1_828' title='bbox 2447 4882 2733 4951; x_wconf 86' lang='lat' dir='ltr'><strong>promittit,</strong></span> <span class='ocrx_word' id='word_1_829' title='bbox 2782 4883 2968 4936; x_wconf 91' lang='lat' dir='ltr'><strong>dicens</strong></span> <span class='ocrx_word' id='word_1_830' title='bbox 3000 4899 3014 4934; x_wconf 88' lang='lat'><strong>:</strong></span> <span class='ocrx_word' id='word_1_831' title='bbox 3049 4899 3068 4930; x_wconf 85' lang='grc' dir='ltr'><strong>ι</strong></span> <span class='ocrx_word' id='word_1_832' title='bbox 3103 4879 3172 4934; x_wconf 90' lang='lat' dir='ltr'><strong>Ut</strong></span> <span class='ocrx_word' id='word_1_833' title='bbox 3229 4877 3456 4946; x_wconf 72' lang='lat' dir='ltr'><strong>sugatis,</strong></span> <span class='ocrx_word' id='word_1_834' title='bbox 3493 4887 3548 4930; x_wconf 87' lang='lat' dir='ltr'><strong>et</strong></span> 
     </span>
    </p>
   </div>
   <div class='ocr_carea' id='block_1_108' title="bbox 1969 4969 3547 5042">
    <p class='ocr_par' dir='ltr' id='par_1_108' title="bbox 1969 4969 3547 5042">
     <span class='ocr_line' id='line_1_108' title="bbox 1969 4969 3547 5042; baseline -0.006 -14"><span class='ocrx_word' id='word_1_835' title='bbox 1969 4973 2299 5042; x_wconf 85' lang='lat' dir='ltr'><strong>impleamini</strong></span> <span class='ocrx_word' id='word_1_836' title='bbox 2335 4973 2500 5026; x_wconf 89' lang='lat' dir='ltr'><strong>ubere</strong></span> <span class='ocrx_word' id='word_1_837' title='bbox 2523 4973 2905 5027; x_wconf 83' lang='lat' dir='ltr'><strong>consolationis</strong></span> <span class='ocrx_word' id='word_1_838' title='bbox 2964 4969 3100 5036; x_wconf 88' lang='lat' dir='ltr'><strong>ejus.</strong></span> <span class='ocrx_word' id='word_1_839' title='bbox 3147 4987 3167 5019; x_wconf 84' lang='lat' dir='ltr'><strong>s</strong></span> <span class='ocrx_word' id='word_1_840' title='bbox 3205 4969 3340 5022; x_wconf 80' lang='lat' dir='ltr'><strong>Cum</strong></span> <span class='ocrx_word' id='word_1_841' title='bbox 3365 4975 3547 5020; x_wconf 85' lang='lat' dir='ltr'><strong>autem</strong></span> 
     </span>
    </p>
   </div>
   <div class='ocr_carea' id='block_1_109' title="bbox 1967 5057 3545 5134">
    <p class='ocr_par' dir='ltr' id='par_1_109' title="bbox 1967 5057 3545 5134">
     <span class='ocr_line' id='line_1_109' title="bbox 1967 5057 3545 5134; baseline -0.005 -14"><span class='ocrx_word' id='word_1_842' title='bbox 1967 5080 2252 5134; x_wconf 80' lang='lat' dir='ltr'><strong>personam</strong></span> <span class='ocrx_word' id='word_1_843' title='bbox 2284 5063 2524 5118; x_wconf 87' lang='lat' dir='ltr'><strong>mulieris</strong></span> <span class='ocrx_word' id='word_1_844' title='bbox 2540 5063 2708 5118; x_wconf 89' lang='lat' dir='ltr'><strong>semel</strong></span> <span class='ocrx_word' id='word_1_845' title='bbox 2742 5076 2890 5117; x_wconf 68' lang='lat' dir='ltr'><strong>nova:</strong></span> <span class='ocrx_word' id='word_1_846' title='bbox 2926 5060 3074 5114; x_wconf 82' lang='lat' dir='ltr'><strong>Sinni</strong></span> <span class='ocrx_word' id='word_1_847' title='bbox 3130 5057 3457 5119; x_wconf 86' lang='lat' dir='ltr'><strong>attribuerit,</strong></span> <span class='ocrx_word' id='word_1_848' title='bbox 3488 5057 3545 5112; x_wconf 79' lang='lat' dir='ltr'><strong>it:</strong></span> 
     </span>
    </p>
   </div>
   <div class='ocr_carea' id='block_1_110' title="bbox 1967 5152 3542 5223">
    <p class='ocr_par' dir='ltr' id='par_1_110' title="bbox 1967 5152 3542 5223">
     <span class='ocr_line' id='line_1_110' title="bbox 1967 5152 3542 5223; baseline -0.004 -13"><span class='ocrx_word' id='word_1_849' title='bbox 1967 5156 2232 5210; x_wconf 86' lang='lat' dir='ltr'><strong>sermonis</strong></span> <span class='ocrx_word' id='word_1_850' title='bbox 2273 5165 2424 5223; x_wconf 88' lang='lat' dir='ltr'><strong>tropo</strong></span> <span class='ocrx_word' id='word_1_851' title='bbox 2452 5163 2752 5223; x_wconf 86' lang='lat' dir='ltr'><strong>permanet,</strong></span> <span class='ocrx_word' id='word_1_852' title='bbox 2780 5162 2834 5207; x_wconf 91' lang='lat' dir='ltr'><strong>et</strong></span> <span class='ocrx_word' id='word_1_853' title='bbox 2884 5152 3304 5208; x_wconf 85' lang='lat' dir='ltr'><strong>consolationem</strong></span> <span class='ocrx_word' id='word_1_854' title='bbox 3337 5153 3388 5204; x_wconf 91' lang='lat' dir='ltr'><strong>in</strong></span> <span class='ocrx_word' id='word_1_855' title='bbox 3451 5165 3542 5218; x_wconf 87' lang='lat' dir='ltr'><strong>ea,</strong></span> 
     </span>
    </p>
   </div>
   <div class='ocr_carea' id='block_1_111' title="bbox 1965 5240 3537 5312">
    <p class='ocr_par' dir='ltr' id='par_1_111' title="bbox 1965 5240 3537 5312">
     <span class='ocr_line' id='line_1_111' title="bbox 1965 5240 3537 5312; baseline -0.003 -13"><span class='ocrx_word' id='word_1_856' title='bbox 1965 5246 2134 5300; x_wconf 88' lang='lat' dir='ltr'><strong>sancti</strong></span> <span class='ocrx_word' id='word_1_857' title='bbox 2157 5243 2412 5312; x_wconf 87' lang='lat' dir='ltr'><strong>Spiritus,</strong></span> <span class='ocrx_word' id='word_1_858' title='bbox 2450 5243 2690 5312; x_wconf 86' lang='lat' dir='ltr'><strong>inquam,</strong></span> <span class='ocrx_word' id='word_1_859' title='bbox 2721 5242 2975 5297; x_wconf 86' lang='lat' dir='ltr'><strong>uberibus</strong></span> <span class='ocrx_word' id='word_1_860' title='bbox 3016 5250 3070 5296; x_wconf 84' lang='lat' dir='ltr'><strong>ct</strong></span> <span class='ocrx_word' id='word_1_861' title='bbox 3134 5240 3252 5294; x_wconf 83' lang='lat' dir='ltr'><strong>lacti</strong></span> <span class='ocrx_word' id='word_1_862' title='bbox 3317 5254 3537 5306; x_wconf 80' lang='lat' dir='ltr'><strong>compa-</strong></span> 
     </span>
    </p>
   </div>
   <div class='ocr_carea' id='block_1_112' title="bbox 1965 5329 3542 5390">
    <p class='ocr_par' dir='ltr' id='par_1_112' title="bbox 1965 5329 3542 5390">
     <span class='ocr_line' id='line_1_112' title="bbox 1965 5329 3542 5390; baseline -0.006 0"><span class='ocrx_word' id='word_1_863' title='bbox 1965 5334 2285 5390; x_wconf 86' lang='lat' dir='ltr'><strong>ral.Dictum</strong></span> <span class='ocrx_word' id='word_1_864' title='bbox 2311 5335 2546 5390; x_wconf 89' lang='lat' dir='ltr'><strong>estenim</strong></span> <span class='ocrx_word' id='word_1_865' title='bbox 2567 5335 2612 5388; x_wconf 89' lang='lat' dir='ltr'><strong>ei</strong></span> <span class='ocrx_word' id='word_1_866' title='bbox 2646 5335 2698 5387; x_wconf 88' lang='lat' dir='ltr'><strong>in</strong></span> <span class='ocrx_word' id='word_1_867' title='bbox 2724 5332 2946 5387; x_wconf 82' lang='lat' dir='ltr'><strong>Cantica</strong></span> <span class='ocrx_word' id='word_1_868' title='bbox 2969 5330 3299 5386; x_wconf 86' lang='lat' dir='ltr'><strong>canticorum</strong></span> <span class='ocrx_word' id='word_1_869' title='bbox 3326 5347 3339 5383; x_wconf 89' lang='lat'><strong>:</strong></span> <span class='ocrx_word' id='word_1_870' title='bbox 3376 5347 3396 5382; x_wconf 84' lang='grc' dir='ltr'><strong>ι</strong></span> <span class='ocrx_word' id='word_1_871' title='bbox 3430 5329 3542 5382; x_wconf 49' lang='lat' dir='ltr'><strong>Mea</strong></span> 
     </span>
    </p>
   </div>
   <div class='ocr_carea' id='block_1_113' title="bbox 1965 5419 3540 5479">
    <p class='ocr_par' dir='ltr' id='par_1_113' title="bbox 1965 5419 3540 5479">
     <span class='ocr_line' id='line_1_113' title="bbox 1965 5419 3540 5479; baseline -0.003 -3"><span class='ocrx_word' id='word_1_872' title='bbox 1965 5424 2098 5479; x_wconf 88' lang='lat' dir='ltr'><strong>liora</strong></span> <span class='ocrx_word' id='word_1_873' title='bbox 2128 5436 2252 5479; x_wconf 88' lang='lat' dir='ltr'><strong>sunt</strong></span> <span class='ocrx_word' id='word_1_874' title='bbox 2289 5426 2451 5479; x_wconf 89' lang='lat' dir='ltr'><strong>ubera</strong></span> <span class='ocrx_word' id='word_1_875' title='bbox 2487 5435 2573 5478; x_wconf 88' lang='lat' dir='ltr'><strong>tua</strong></span> <span class='ocrx_word' id='word_1_876' title='bbox 2607 5425 2733 5478; x_wconf 87' lang='lat' dir='ltr'><strong>vino</strong></span> <span class='ocrx_word' id='word_1_877' title='bbox 2761 5423 2828 5474; x_wconf 68' lang='grc' dir='ltr'><strong>θ’.</strong></span> <span class='ocrx_word' id='word_1_878' title='bbox 2855 5441 2875 5473; x_wconf 75' lang='grc' dir='ltr'><strong>ι</strong></span> <span class='ocrx_word' id='word_1_879' title='bbox 2937 5421 3148 5475; x_wconf 89' lang='lat' dir='ltr'><strong>Primus</strong></span> <span class='ocrx_word' id='word_1_880' title='bbox 3193 5421 3335 5475; x_wconf 90' lang='lat' dir='ltr'><strong>enim</strong></span> <span class='ocrx_word' id='word_1_881' title='bbox 3382 5419 3540 5473; x_wconf 69' lang='lat' dir='ltr'><strong>cibus</strong></span> 
     </span>
    </p>
   </div>
   <div class='ocr_carea' id='block_1_114' title="bbox 1964 5512 3538 5580">
    <p class='ocr_par' dir='ltr' id='par_1_114' title="bbox 1964 5512 3538 5580">
     <span class='ocr_line' id='line_1_114' title="bbox 1964 5512 3538 5580; baseline -0.003 -12"><span class='ocrx_word' id='word_1_882' title='bbox 1964 5515 2259 5572; x_wconf 85' lang='lat' dir='ltr'><strong>infantibus</strong></span> <span class='ocrx_word' id='word_1_883' title='bbox 2290 5516 2639 5580; x_wconf 81' lang='lat' dir='ltr'><strong>conveniens,</strong></span> <span class='ocrx_word' id='word_1_884' title='bbox 2668 5514 3076 5570; x_wconf 85' lang='lat' dir='ltr'><strong>admittentibus</strong></span> <span class='ocrx_word' id='word_1_885' title='bbox 3103 5513 3260 5568; x_wconf 84' lang='lat' dir='ltr'><strong>fidem</strong></span> <span class='ocrx_word' id='word_1_886' title='bbox 3289 5512 3342 5566; x_wconf 85' lang='lat' dir='ltr'><strong>in</strong></span> <span class='ocrx_word' id='word_1_887' title='bbox 3367 5512 3538 5566; x_wconf 73' lang='lat' dir='ltr'><strong>Deum</strong></span> 
     </span>
    </p>
   </div>
   <div class='ocr_carea' id='block_1_115' title="bbox 1976 5690 2888 5758">
    <p class='ocr_par' dir='ltr' id='par_1_115' title="bbox 1976 5690 2888 5758">
     <span class='ocr_line' id='line_1_115' title="bbox 1976 5690 2888 5758; baseline -0.001 -14"><span class='ocrx_word' id='word_1_888' title='bbox 1976 5693 2019 5723; x_wconf 73' lang='grc'><strong>⁸⁸</strong></span> <span class='ocrx_word' id='word_1_889' title='bbox 2051 5690 2236 5746; x_wconf 79' lang='lat' dir='ltr'><strong>Matth.</strong></span> <span class='ocrx_word' id='word_1_890' title='bbox 2269 5708 2318 5758; x_wconf 76' lang='grc' dir='ltr'><strong>ν,</strong></span> <span class='ocrx_word' id='word_1_891' title='bbox 2349 5693 2398 5746; x_wconf 86' lang='grc'><strong>5.</strong></span> <span class='ocrx_word' id='word_1_892' title='bbox 2501 5693 2544 5723; x_wconf 87' lang='grc'><strong>⁹⁹</strong></span> <span class='ocrx_word' id='word_1_893' title='bbox 2578 5691 2734 5746; x_wconf 83' lang='lat' dir='ltr'><strong>Cant.</strong></span> <span class='ocrx_word' id='word_1_894' title='bbox 2768 5692 2888 5756; x_wconf 76' lang='grc'><strong>1,1.</strong></span> 
     </span>
    </p>
   </div>
  </div>
