4090 6216
553 322 692 381 ηδε
1539 314 1598 370 S.
1639 313 1919 371 CYRILLI
1957 311 2435 370 ALEXANDRINI
2474 313 2799 372 ARCIIIEP.
3683 313 3839 369 Ηιι)

558 446 802 490 nostrum
821 433 1006 490 Iesum
1039 433 1317 491 Christum
1341 434 1660 505 porrigitur,
1685 435 1736 490 td
1769 445 1872 503 est,
1900 443 2052 491 tener
2088 444 2143 490 et

2252 434 2383 505 πρὸς
2413 434 2584 506 αὐτὴν
2623 434 2716 488 καὶ
2745 433 2804 486 ἐν
2836 434 2900 503 τῇ
2927 431 3035 484 τῶν
3072 429 3380 501 ’ᾼσμάτων,
3426 429 3508 483 δτι
3552 449 3572 481 ‹
3606 427 3836 492 Ἀγαθοὶ

557 525 782 594 simplex
805 540 988 581 sermo
1025 527 1400 583 catecbeseos.
1433 526 1528 581 Sic
1554 528 1698 582 enim
1748 527 1946 583 Paulus
1971 543 2138 598 quos-

2252 527 2439 598 μαστοί
2465 544 2560 580 σου
2594 527 2735 597 ὑπὲρ
2763 519 2923 579 οἶνον.
2958 543 2975 575 ι
3015 522 3210 595 Πρώτη
3255 522 3312 574 δὲ
3350 523 3564 586 πάντως
3594 526 3708 585 τοῖς
3737 523 3837 595 τήν

555 615 676 669 dam
709 617 1012 685 alloquens,
1038 617 1148 671 ait:
1190 635 1210 669 ι
1241 617 1348 672 Lac
1374 618 1530 674 vobis
1559 618 1628 672 ad
1671 620 1966 687 potandum
1991 620 2133 684 dedi,

2252 619 2428 673 πίστιν
2465 617 2848 691 προσιεμένοις
2881 615 2980 688 τὴν
3023 617 3104 679 εἰς
3131 615 3222 668 τὸν
3256 613 3390 668 Θεδν
3427 613 3586 684 ήμῶν
3622 614 3838 685 Ἰησοῦν

558 724 665 764 non
703 709 904 764 cibum.
931 708 1179 764 Nondum
1209 711 1353 764 enim
1378 712 1658 779 poteratis,
1691 713 1784 766 sed
1819 727 1917 767 nec
1965 713 2140 768 adhuc

2252 707 2328 761 τὸν
2367 708 2602 780 Χριστὸν
2635 703 3017 778 νηπιοπρεπὴς
3055 703 3390 773 προσάγεται
3415 701 3598 773 τροφὴ
3621 744 3637 768 ,
3672 720 3837 756 τουτ-

561 797 781 866 quidem
811 798 1097 865 potestis‘.
1125 817 1143 850 ι
1181 800 1331 866 Quod
1361 808 1539 855 autem
1570 819 1672 856 non
1710 817 1927 871 semper
1961 803 2140 857 inlan-

561 897 644 943 tes
673 897 729 941 et
752 903 874 943 esse
905 898 960 942 et
978 889 1147 943 videri
1187 892 1474 945 conveniat
1501 906 1617 954 eos,
1641 892 1730 960 qui
1778 891 1943 946 semel
1990 901 2139 947 cate-

2238 800 2418 865 ἐστιν,
2479 801 2508 852 6
2559 798 2832 870 τρυφερὸς
2899 796 2994 850 καὶ
3041 793 3249 857 ἁπλοῦς
3311 793 3414 861 τῆς
3472 795 3836 864 κατηχήσεως

2236 891 2394 960 λόγος
2419 908 2432 921 ·
2475 890 2620 944 οὕτω
2660 891 2768 960 γάρ
2810 906 2915 942 που
2943 888 3038 942 καὶ
3078 889 3108 940 ό
3141 885 3354 949 Παῦλος
3391 885 3836 956 προσπεφώνηκέ

559 980 782 1036 cbcseos
806 995 1110 1034 sermonem
1132 981 1420 1046 imbibunt,
1450 983 1613 1037 sedin
1640 984 1810 1035 virum
1841 981 2139 1050 perfectum

2252 999 2408 1049 now,
2444 981 2634 1035 εἰπών’
2674 999 2693 1033 r
2719 980 2864 1034 Γάλα
2896 980 3040 1048 ὑμᾶς
3060 978 3306 1041 ἐπότισα,
3337 977 3398 1030 ού
3426 976 3622 1048 βρῶμα
3646 994 3661 1008 ’
3681 978 3838 1032 οὔπω

559 1079 614 1124 et
649 1070 700 1124 in
735 1085 1043 1124 mensuram
1073 1073 1248 1126 aetatis
1277 1073 1621 1140 plenitudinis
1651 1073 1851 1128 Christi
1911 1077 2140 1129 evadere

560 1165 874 1229 oporteat‘,
912 1171 970 1215 ut
998 1174 1243 1218 exactam
1277 1174 1332 1218 et
1375 1165 1702 1233 exquisitam
1733 1165 1850 1233 ejus
1876 1166 2144 1234 cognitio-

563 1269 688 1308 nem
717 1255 970 1325 deinceps
1024 1265 1448 1326 consequantur,
1477 1257 1680 1320 docuit,
1719 1273 1841 1311 cum
1900 1257 2096 1324 adjecit
2127 1277 2141 1313 :

569 1363 590 1398 ο
627 1345 718 1410 Ut,
737 1356 1021 1416 postquam
1042 1349 1322 1409 suxeritis,
1348 1347 1686 1402 delectemini
1711 1348 1931 1402 introitu
1963 1347 2147 1417 gloria:

561 1437 695 1507 ejus.
736 1455 756 1489 ι
786 1437 882 1493 Ubi
923 1438 1200 1505 suxeritis,
1227 1439 1377 1503 dicit,
1421 1454 1539 1507 pro,
1571 1455 1689 1493 cum
1711 1441 1778 1494 ab
1807 1440 2064 1495 uberibus
2089 1447 2146 1494 et

565 1545 797 1584 mamma
835 1531 1095 1586 abstracti
1143 1531 1300 1593 estis,
1351 1531 1432 1586 vel
1486 1545 1608 1585 cum
1633 1532 1884 1585 ablactati
1913 1532 2065 1596 estis,
2093 1533 2146 1587 id

561 1625 648 1672 est
675 1632 689 1668 :
723 1632 829 1670 non
855 1616 1090 1673 infantes
1117 1620 1366 1684 manetis,
1386 1619 1478 1674 sed
1509 1619 1654 1673 velut
1680 1620 1733 1674 in
1775 1619 1999 1690 ephebis
2032 1620 2145 1689 jam

564 1715 622 1760 et
639 1706 769 1761 viris
803 1709 1259 1772 numeramini,et
1299 1710 1532 1764 solidum
1583 1710 1764 1765 cibum
1806 1721 2143 1781 expetentes,

2239 1075 2349 1146 γὰρ
2371 1075 2658 1144 ἠδύνασθε,
2692 1073 2810 1128 ἀλλ’
2838 1072 2959 1126 οὐδὲ
2997 1071 3080 1124 ἔτι
3109 1071 3208 1124 νῦν
3246 1069 3494 1126 δύνασθε.
3527 1090 3546 1122 ι
3605 1072 3731 1125 Ὅτι
3780 1073 3836 1124 δὲ

2239 1167 2341 1220 οὐκ
2373 1167 2462 1219 ἀεὶ
2487 1165 2713 1236 νηπίους
2739 1183 2800 1217 τε
2840 1160 2980 1217 εἰναι
3019 1163 3114 1216 καὶ
3169 1161 3400 1234 ὁρᾶσθαι
3439 1161 3667 1232 πρέπει,
3706 1164 3834 1221 τοὺς

2241 1260 2400 1330 οἵπερ
2431 1259 2496 1311 ἂν
2527 1258 2666 1320 ὅλως
2692 1256 2785 1309 τὸν
2808 1255 2910 1325 τῆς
2937 1254 3298 1324 κατηχήσεως
3332 1254 3615 1307 ἐκπίνουσι
3653 1253 3833 1321 λόγον,

2243 1349 2445 1420 χρῆναι
2476 1347 2535 1401 δέ
2579 1346 2780 1417 μᾶλλον
2812 1345 3132 1414 ἀναφοιτᾷν,
3167 1345 3262 1397 καὶ
3293 1347 3373 1408 εἰς
3401 1345 3571 1415 ἀνδρα
3607 1344 3830 1403 τέλειον,

2242 1441 2337 1494 καὶ
2366 1441 2449 1503 εἰς
2471 1439 2669 1511 μέτρον
2696 1438 2911 1510 ἡλικίας
2934 1437 3026 1490 τοῦ
3049 1435 3418 1508 πληρώματος
3445 1436 3539 1490 τοῦ
3571 1436 3833 1507 Χριστοῦ,

2246 1533 2332 1586 ἵνα
2383 1531 2474 1584 τὸν
2528 1529 2735 1602 ἀκριϐῆ
2781 1529 2877 1581 καὶ
2925 1526 3292 1597 ἐξητασμένον
3341 1528 3429 1580 ἐπ’
3471 1527 3621 1597 αὐτῷ
3673 1526 3837 1593 λόγον

2246 1621 2484 1675 συνιέναι
2508 1619 2772 1672 δύνωνται
2799 1617 3008 1680 λοιπὸν,
3042 1616 3248 1681 ἐδίδαξε
3286 1616 3600 1683 προστιθείς
3625 1633 3638 1645 '
3670 1634 3689 1666 ι
3717 1616 3838 1668 Ἵνα

2246 1714 2652 1784 ἐκθηλάσαντες
2680 1711 3024 1784 τρυφήσητε,
3049 1711 3158 1764 ἀπὸ
3185 1709 3390 1763 εἰσόδου
3418 1708 3576 1779 δόξης
3604 1709 3794 1778 αὐτῆς.
3813 1727 3830 1757 ι

565 1797 964 1853 delectabimini
1017 1803 1239 1857 introitu
1295 1803 1478 1870 gloria:
1524 1805 1660 1874 eius.
1707 1803 1944 1860 Gloriam
1988 1815 2148 1859 vocat

2252 1808 2322 1860 T6
2369 1782 2774 1876 ἐκθηλάσαντες
2819 1802 2876 1856 δέ
2905 1819 3089 1872 φησιν,
3129 1801 3252 1854 ἀντὶ
3294 1799 3412 1864 τοῦ,
3461 1799 3682 1870 μαστῶν
3729 1799 3837 1864 ἐξω

566 1887 876 1956 Christum;
905 1891 984 1945 sic
1007 1893 1152 1946 enim
1185 1903 1238 1948 et
1279 1892 1488 1950 Psaltes
1525 1897 1591 1951 de
1654 1911 1719 1951 eo
1751 1911 1765 1948 :
1821 1914 1840 1948 ‹
1883 1897 1949 1952 Ut
1981 1896 2148 1958 ,hahi-

568 1989 645 2036 tet
668 1983 838 2052 gloria
871 1983 924 2037 in
960 1993 1100 2038 terra
1134 1995 1316 2040 nostra
1336 1987 1378 2038 ⁸.
1401 2003 1419 2035 ι
1449 1987 1728 2041 lntroitum
1761 2003 1908 2052 vero,
1928 1989 2148 2058 dispen-

567 2075 798 2130 sationis
834 2077 885 2129 in
929 2091 1098 2132 carne
1150 2079 1490 2148 mysterium.
1548 2079 1688 2134 Deus
1740 2080 1885 2134 enim
1931 2091 2146 2143 natura,

568 2164 748 2220 factus
777 2173 862 2219 est
892 2167 1075 2234 homo,
1101 2177 1155 2221 et
1185 2167 1330 2221 velut
1368 2167 1646 2237 ingressus
1684 2179 1768 2224 est
1809 2169 1951 2223 hunc
1991 2184 2150 2222 mun-

566 2255 694 2309 dum
719 2267 942 2326 prepter
967 2259 1415 2314 incarnationem.
1450 2260 1792 2316 Delectantur
1844 2260 2009 2330 igitur
2058 2259 2147 2328 qui

569 2353 714 2407 hunc
745 2366 1050 2408 sermonem
1072 2351 1139 2406 de
1167 2351 1257 2407 illo
1277 2352 1342 2405 ad
1372 2368 1600 2422 unguem
1654 2363 1859 2421 tenent,
1883 2364 1936 2410 et
1960 2374 2149 2425 quem-

567 2444 858 2497 admodum
908 2445 961 2498 in
1004 2445 1199 2498 orbem
1238 2444 1455 2499 intrarit
1479 2447 1730 2516 gloria,id
1752 2438 2149 2518 esi,Christns,

570 2541 926 2600 cognoscunt.
957 2531 1249 2600 Propterea
1273 2543 1329 2587 et
1377 2536 1593 2591 divinus
1643 2539 1904 2606 propheta
1966 2543 2148 2595 statim

566 2631 624 2678 et
653 2637 685 2677 e
715 2622 944 2690 vestigio
975 2622 1365 2689 apparitionem
1397 2627 1514 2693 ejus
1555 2643 1676 2681 cum
1725 2645 1886 2684 carne
1921 2633 2150 2686 manife-

569 2724 707 2771 stam
736 2729 802 2770 ac
833 2715 1177 2784 perspicuam
1216 2715 1366 2771 facit.
1401 2716 1694 2773 Personam
1733 2723 1877 2775 enim
1909 2723 2026 2791 ejus
2069 2724 2151 2780 lo-

569 2815 825 2874 quentem
857 2807 1027 2862 facit:
1062 2826 1080 2859 ι
1117 2808 1255 2862 Ecce
1282 2809 1495 2865 decline
1525 2810 1577 2862 in
1624 2825 1720 2866 eos
1761 2821 2018 2882 tanquam
2055 2815 2154 2869 llu-

571 2913 695 2953 men
725 2899 892 2969 pacis,
916 2898 1082 2970 915
1109 2911 1164 2955 et
1215 2911 1468 2971 tanquam
1498 2941 1505 2948 .
1534 2913 1742 2958 torrens
1790 2906 1880 2973 qui
1929 2907 2154 2961 inundat

571 2990 796 3059 gloriam
814 2992 1076 3060 gentium.
1122 3013 1140 3044 ι
1179 2991 1403 3048 Flumen
1443 2994 1607 3064 igitur
1642 2998 1789 3064 pacis
1838 3007 1893 3052 et
1942 3010 2154 3055 torrens

2249 1901 2342 1952 xui.
2402 1898 2571 1968 θηλῆς
2619 1895 2926 1966 γεγονότες,
2988 1893 3155 1962 ήγουν
3210 1890 3831 1960 ἀπογεγαλακτισμένοι,

2248 1989 2545 2055 τουτέστιν,
2595 1988 2694 2040 οὐκ
2744 1986 2825 2040 ἔτι
2874 1986 3128 2056 μένοντες
3187 1985 3392 2051 νήπιοι,
3450 1981 3732 2044 τελοῦντες
3777 1981 3839 2034 δὲ

2249 2082 2437 2153 ῶσπερ
2469 2083 2527 2133 ἐν
2550 2081 2778 2152 ἐφήϐοις
2825 2079 2926 2150 ήδη
2971 2077 3066 2132 καὶ
3100 2078 3346 2148 ἀνδράσι,
3366 2076 3459 2129 καὶ
3483 2076 3583 2146 τῆς
3611 2075 3839 2144 στερεᾶς

2249 2173 2525 2243 ἐφιέμενοι
2573 2171 2802 2242 τροφῆς,
2853 2168 3230 2240 ἐντρυφύσητε
3267 2168 3375 2222 ἀπὸ
3424 2167 3634 2220 εἰσόδου
3672 2165 3837 2234 δόξης

2249 2265 2450 2334 αὐτῆςο
2492 2261 2766 2326 καὶδόξαν
2798 2262 2894 2332 μὲν
2926 2262 3186 2332 ὀνομάζει
3237 2261 3514 2331 Χριστὸν(
3552 2259 3694 2311 οὕτω
3726 2259 3838 2326 γάρ

2252 2371 2355 2408 που
2381 2355 2482 2407 καὶ
2510 2355 2538 2405 6
2563 2352 2795 2406 Ψάλλων
2827 2353 2960 2423 φησί
2995 2353 3124 2422 περὶ
3163 2350 3348 2416 αὐτοῦ,
3387 2370 3405 2401 ι
3432 2349 3540 2403 Τοῦ
3567 2365 3839 2416 κατασκηο

2249 2445 2422 2500 νῶσαι
2448 2443 2607 2508 δόξαν
2638 2445 2696 2496 ἐν
2722 2446 2786 2515 τῇ
2813 2446 2882 2514 γῇ
2918 2442 3076 2513 ήμῶν
3101 2442 3148 2514 ι)
3169 2443 3402 2495 ἐἴσοδον
3441 2442 3519 2505 δὲ,
3548 2441 3648 2509 τῆς
3691 2442 3833 2509 μετά

2253 2536 2456 2608 σαρκὸς
2511 2535 2826 2606 οἰκονομίας
2879 2534 2940 2587 τὺ
2998 2533 3291 2604 μυστήριον
3319 2549 3334 2562 ·
3365 2531 3498 2594 Θεὸς
3542 2532 3617 2582 ὢν
3669 2529 3837 2598 φύσει

2252 2627 2477 2694 γέγονεν
2537 2624 2854 2696 ἄνθρωπος,
2902 2623 2997 2676 καὶ
3045 2617 3154 2676 οἷον
3198 2620 3514 2690 εἰσϐέϐηκεν
3556 2621 3638 2682 εἰς
3681 2619 3838 2672 τόνδε

2252 2719 2346 2771 τὸν
2377 2719 2583 2788 κόσμον
2611 2717 2700 2770 διὰ
2732 2716 2831 2787 τὴν
2863 2717 3150 2786 σάρκωσιν.
3193 2712 3539 2782 Ἐντρυφῶσι
3566 2712 3753 2764 τοίνυν
3791 2714 3841 2765 οἰ

2253 2813 2345 2865 τὸν
2395 2809 2602 2882 ἀκριϐῆ
2641 2810 2739 2879 τῆς
2783 2808 2913 2880 περὶ
2962 2805 3123 2859 αὑτοῦ
3169 2805 3405 2867 πίστεως
3468 2802 3674 2864 εἰδότες
3727 2799 3837 2873 [αι.

2254 2906 2472 2978 δόντες]
2507 2906 2684 2974 λόγον,
2723 2903 2821 2958 καὶ
2865 2902 2991 2956 τίνα
3035 2899 3237 2971 τρόπον
3260 2896 3590 2966 εἰσϐέϐηκεν
3629 2896 3709 2957 εἰς
3749 2893 3841 2963 τὴν

2253 2998 2578 3068 οἰκουμένην
2617 2994 2820 3067 ήδόξα,
2855 2992 3102 3046 τουτέστι
3152 2987 3410 3061 Χριστὸς,
3446 2986 3838 3058 μανθάνοντες·

563 3081 886 3137 deliciarum
919 3093 1022 3149 est,
1043 3083 1314 3139 Christus.
1343 3084 1433 3142 Sic
1456 3089 1601 3142 enim
1624 3090 1770 3143 illum
1806 3090 2020 3144 divinus
2048 3091 2151 3144 Da-

2254 3091 2343 3145 διά
2364 3088 2525 3143 τοῦτο
2544 3088 2640 3142 καὶ
2665 3087 2694 3140 6
2719 3085 3005 3150 θεσπέσιος
3031 3084 3320 3155 προφήτης
3363 3079 3545 3144 εὐθὺς,
3579 3080 3672 3174 καὶ

571 3174 663 3227 vid
695 3186 874 3238 vocat,
914 3189 1038 3229 cum
1095 3175 1273 3245 inquit
1306 3195 1320 3229 :
1358 3195 1378 3228 ι
1443 3179 1614 3244 Quam
1654 3180 2009 3248 multiplicata
2071 3191 2156 3237 est

573 3264 944 3318 misericordia
1017 3274 1137 3326 tua,
1223 3281 1258 3318 o
1314 3266 1490 3319 Dens!
1551 3267 1674 3320 Filii
1740 3271 2019 3324 hominum
2101 3274 2152 3327 in

572 3351 886 3404 umbraculo
973 3351 1179 3406 alarum
1256 3362 1466 3409 tuarum
1557 3360 1871 3427 sperabunt.
1915 3361 2156 3418 Inebria-

573 3443 775 3497 buntur
813 3441 882 3496 ab
945 3443 1187 3498 ubertate
1255 3445 1444 3500 domus
1480 3455 1604 3510 true,
1663 3459 1718 3504 et
1769 3460 2008 3508 torrente
2063 3469 2158 3510 vo-

576 3533 928 3602 lnptatistuaa
999 3536 1210 3604 potabis
1255 3551 1348 3592 eos
1378 3537 1418 3592 ⁸.
1460 3555 1478 3589 ι
1537 3539 1601 3593 Et
1643 3541 1876 3596 iterum:
1949 3563 1970 3596 ι
2026 3545 2157 3600 Flu-

575 3625 738 3682 minis
819 3626 1052 3694 impetus
1109 3629 1343 3684 laitilicat
1406 3631 1679 3687 civitatem
1736 3634 1827 3688 Dei
1863 3637 1905 3689 ⁸.
1968 3657 1987 3690 ι
2051 3639 2155 3692 De-

575 3715 796 3771 clinavit
821 3732 949 3771 vero
975 3725 1028 3772 et
1059 3718 1349 3775 uberrimis
1390 3721 1580 3776 rivulis
1626 3723 1902 3778 inundavit
1926 3725 2154 3794 gloriam

577 3806 836 3876 gentium,
861 3806 913 3860 id
943 3815 1047 3870 est,
1072 3808 1214 3877 quod
1253 3818 1341 3862 est
1378 3809 1522 3865 inter
1551 3821 1739 3880 gentes
1774 3814 2071 3881 pretiosum
2105 3827 2159 3872 et

575 3895 796 3948 omnino
834 3895 1150 3963 gloriosum.
1202 3896 1318 3952 Non
1375 3900 1519 3954 enim
1558 3917 1748 3957 omnes
1787 3905 2156 3973 crediderunt,

575 3999 752 4053 neque
775 3986 944 4055 gloria
973 3988 1145 4042 evecti
1168 3997 1316 4056 sunt,
1349 3991 1444 4045 sed
1461 4000 1519 4045 ut
1543 3991 1742 4048 Paulus
1788 3995 1918 4050 dicit
1955 3997 2020 4051 de
2049 3999 2158 4054 Deo

575 4085 630 4130 et
657 4075 816 4131 Patre
849 4095 862 4131 :
902 4096 921 4128 ι
954 4079 1101 4144 Quos
1151 4081 1443 4148 praescivit,
1486 4091 1542 4138 et
1612 4085 2012 4154 praedestinavit
2036 4104 2162 4144 con-

575 4165 778 4222 formes
795 4167 912 4223 ﬁeri
947 4169 1196 4238 imaginis
1238 4169 1357 4226 Filii
1393 4174 1501 4238 sui,
1538 4174 1637 4228 hos
1663 4184 1718 4230 et
1757 4181 1988 4234 vocavit.
2011 4180 2158 4248 Quos

578 4258 813 4321 vocavit,
835 4273 930 4314 eos
957 4271 1011 4314 et
1034 4260 1349 4329 glorilicavit
1384 4265 1426 4322 ⁸.
1464 4265 1632 4320 »Ουηι
1659 4269 1806 4335 dicit,
1841 4288 1859 4321 ‹
1883 4270 2152 4338 θεοιὶηο,›

581 4349 710 4404 illud
734 4351 1038 4406 subindicat
1066 4367 1082 4407 :
1120 4352 1287 4409 Recta
1307 4357 1388 4410 via
1417 4367 1472 4411 et
1499 4358 1600 4412 iter
1629 4360 1677 4413 ei
1711 4359 1810 4415 fuit
1859 4377 1925 4417 ex
1967 4379 2160 4433 propo-

2259 3181 2628 3251 εξευγμένως,
2677 3181 2777 3252 τὴν
2814 3179 3116 3250 ἐμφάνειαν
3150 3174 3314 3230 αὐτοῦ
3342 3174 3439 3241 τὴν
3469 3170 3606 3240 μετά
3637 3167 3842 3236 σαρκὸς

2257 3271 2581 3340 καθίστησιν
2615 3272 2816 3341 ἐναργῆ
2847 3286 2860 3300 ο
2899 3269 3081 3337 ἵστησι
3115 3267 3228 3335 γὰρ
3261 3263 3318 3316 τδ
3348 3261 3510 3316 αὑτοῦ
3545 3261 3843 3330 πρόσωπον

2257 3363 2526 3431 λέγοντος,
2565 3364 2648 3416 ὅτι
2694 3379 2714 3414 s
2759 3361 2889 3415 Ἰδοὺ
2927 3359 3165 3414 ἐκκλίνω
3200 3357 3288 3410 ἐπ’
3321 3354 3533 3418 αὐτοὺς,
3561 3352 3638 3416 ὡς
3665 3369 3839 3406 ποταο

2262 3455 2361 3525 μὸς
2401 3455 2644 3525 εἰρήνης,
2701 3452 2796 3507 καὶ
2845 3452 2920 3516 ὡς
2965 3451 3299 3522 χειμάρρους
3340 3447 3641 3511 ἐπικλύζων
3681 3446 3844 3510 δόξαν

2257 3543 2448 3600 ἐθνῶν,
2485 3562 2504 3596 ι
2541 3544 2794 3614 Ποταμδς
2833 3543 2933 3611 μὲν
2963 3537 3056 3596 οὖν
3086 3543 3327 3613 εἰρήνης,
3373 3539 3465 3593 καὶ
3510 3540 3846 3610 χειμάρρους

2257 3635 2488 3706 τρυφῆς,
2515 3634 2544 3685 ό
2572 3633 2844 3702 Χριστὸς(
2880 3631 3023 3685 οὕτω
3051 3632 3162 3703 γάρ
3191 3631 3353 3685 αὑτὸν
3386 3631 3480 3683 καὶ
3505 3631 3534 3682 6
3563 3629 3842 3689 θεσπέσιος

2257 3724 2423 3778 Δαϐἰδ
2446 3725 2702 3794 ὀνομάζει
2729 3724 2926 3792 λέγων·
2971 3741 2991 3774 ι
3028 3724 3115 3786 Ὠς
3141 3722 3450 3792 ἐπλήθυνας
3472 3721 3532 3774 τδ
3571 3720 3721 3782 ἔλεός
3749 3736 3841 3772 σου

2256 3817 2286 3868 ό
2318 3815 2478 3879 Θεόςί
2503 3817 2551 3869 οἰ
2575 3815 2630 3869 δὲ
2648 3816 2752 3868 υἱοὶ
2781 3813 3230 3884 τῶνάνθρώπων,
3279 3815 3337 3866 ἐν
3364 3812 3539 3882 σκέπῃ
3568 3811 3680 3865 τῶν
3713 3828 3842 3863 πτε-

2261 3906 2443 3978 ρύγων
2487 3923 2580 3959 σου
2631 3905 2917 3960 ἐλπιοῦσι-
2969 3905 3398 3976 μεθυσθήσονται
3437 3904 3546 3956 ἀπὸ
3584 3903 3684 3970 τῆς
3727 3901 3844 3954 πιό-

2255 4014 2420 4066 τητος
2451 3997 2546 4050 τοῦ
2572 3997 2724 4050 οίκου
2757 4014 2872 4060 σου,
2907 3996 3002 4050 καὶ
3028 3996 3119 4050 τὸν
3147 3996 3484 4066 χειμάρρουν
3506 3995 3605 4065 τῆς
3635 3991 3846 4063 τρυφῆς

2261 4107 2356 4143 σου
2377 4091 2583 4152 ππιεῖς
2615 4089 2833 4152 αὐτούς.
2864 4108 2882 4140 ι
2930 4087 3040 4143 Καὶ
3074 4088 3266 4142 πάλιν·
3308 4107 3326 4138 ι
3349 4086 3456 4140 Τοῦ
3494 4085 3734 4156 ποταμοῦ
3773 4085 3847 4136 τὰ

2257 4180 2557 4251 όρμήματα
2596 4180 2946 4250 εὐφραίνουσι
2973 4179 3073 4249 τὴν
3107 4178 3260 4234 πόλιν
3287 4177 3382 4231 τοῦ
3410 4177 3545 4231 Θεοῦ
3575 4178 3641 4244 ›)·
3684 4175 3851 4229 ἐκκέο

2261 4270 2415 4324 κλικε
2438 4271 2512 4336 δὲ,
2543 4271 2635 4324 καὶ
2662 4266 2772 4324 οἷον
2801 4269 3301 4341 ἀμφιλαφεστάτοις
3322 4268 3556 4338 νάμασιν
3577 4267 3850 4320 ἐπέκλυσε

2260 4361 2368 4414 τῶν
2393 4361 2564 4415 ἐθνῶν
2593 4362 2693 4433 τὴν
2718 4362 2897 4426 δόξαν,
2922 4363 3188 4421 τουτέστι.
3219 4360 3281 4413 τδ
3312 4361 3492 4429 τίμιον
3517 4359 3625 4412 τῶν
3651 4359 3852 4418 ἐθνῶν.

577 4437 687 4493 sito
716 4447 771 4493 et
797 4439 1076 4494 voluntate
1108 4441 1302 4508 Patris,
1349 4446 1414 4498 ad
1460 4445 1755 4504 lsraelitas.
1798 4449 1983 4519 itaque
2043 4454 2151 4507 ait:

2265 4457 2384 4527 ήτοι
2432 4457 2493 4508 τὸ
2524 4455 2912 4526 δεδοξασμένον
2947 4454 3112 4507 ἅπαν.
3175 4450 3252 4504 Ού
3302 4451 3412 4521 γὰρ
3453 4450 3650 4511 πάντες
3682 4466 3858 4502 πεπι-

584 4548 607 4582 ‹
642 4528 758 4584 Non
806 4530 1002 4587 missus
1057 4548 1174 4588 sum
1224 4537 1328 4590 nisi
1389 4538 1454 4592 ad
1507 4540 1747 4607 perditas
1806 4557 1934 4598 oves
1962 4544 2154 4601 domus

578 4618 744 4672 Israel
771 4621 812 4674 ⁷.
842 4640 862 4672 ι
887 4623 1018 4677 Cum
1049 4640 1178 4680 vero
1207 4627 1279 4680 illi
1311 4628 1472 4682 ﬁdem
1537 4633 1860 4700 respuerint,
1910 4635 2152 4690 declina-

578 4705 746 4761 vitab
787 4707 912 4772 illis,
933 4710 1091 4765 sicuti
1127 4714 1386 4781 scriptum
1414 4726 1517 4779 est,
1545 4727 1601 4771 et
1642 4721 1882 4788 gentium
1935 4739 2158 4796 congre-

573 4799 844 4870 gationem
864 4814 928 4854 ex
959 4802 1132 4857 sacris
1165 4805 1349 4860 rivulis
1397 4809 1769 4865 consolatione
1813 4815 2070 4884 perfudit,
2102 4817 2155 4872 id

576 4899 677 4954 est,
704 4890 1009 4960 evangelica
1038 4902 1092 4948 et
1148 4894 1365 4950 salutari
1411 4901 1814 4968 praedicatione,
1847 4920 1943 4974 per
1991 4921 2152 4974 quam

576 4994 762 5048 pacem
796 4981 936 5049 apud
982 4998 1104 5037 eum
1147 4984 1555 5052 lucrifecerunt,
1601 4999 1658 5046 et
1685 5007 1782 5061 per
1835 5008 1998 5060 quem
2041 4996 2154 5065 spi-

575 5067 757 5123 rituali
813 5069 1074 5127 societate
1124 5072 1396 5142 conjuncti
1447 5087 1575 5133 sunt
1611 5094 1733 5134 cum
1775 5080 1886 5137 Deo
1923 5091 1980 5137 et
2048 5083 2154 5139 Pa-

578 5171 683 5216 tre.

2265 4548 2574 4610 στεύκασιν,
2613 4546 2736 4601 οὔτε
2771 4547 2877 4617 μὴν
2905 4543 3290 4613 ἐδοξάσθησαν,
3320 4541 3436 4597 ἀλλ’
3476 4543 3552 4604 ὡς
3576 4544 3605 4594 ό
3632 4541 3861 4605 Παῦλός

2264 4657 2396 4710 φησι
2436 4639 2564 4708 περὶ
2609 4637 2703 4691 τοῦ
2753 4637 2888 4690 Θεοῦ
2945 4638 3042 4691 καὶ
3082 4635 3323 4707 Πατρὸς’,
3398 4653 3416 4686 r
3449 4634 3558 4697 Οὓς
3597 4632 3863 4711 προέγνω

2263 4733 2358 4785 καὶ
2411 4728 2685 4801 προώρισε
2731 4728 3090 4798 συμμόρφους
3138 4727 3242 4796 τῆς
3298 4726 3505 4787 εἰκόνος
3566 4721 3660 4775 τοῦ
3719 4722 3862 4776 Υἰοῦ

2261 4821 2447 4885 αὑτοῦ,
2488 4820 2712 4884 τούτους
2755 4821 2850 4874 καὶ
2877 4817 3168 4872 ἐκάλεσεν·
3207 4815 3301 4879 οὓς
3331 4815 3386 4868 δέ
3422 4815 3671 4876 ἐκάλεσε.
3727 4815 3868 4868 τού-

2259 4925 2384 4971 τους
2421 4909 2517 4962 καί⁸
2540 4909 2778 4976 ἐδόξατε.
2810 4927 2829 4960 ι
2854 4907 2927 4961 Τό
2954 4923 3018 4976 γε
3049 4906 3206 4978 μὴν,‹
3227 4902 3588 4976 Ἐκκλίνω[ν].
3609 4923 3628 4955 ι
3647 4903 3867 4973 λέγων,

2259 4997 2444 5052 δίδωσι
2477 4999 2721 5053 τοιοῦτον
2759 5000 2984 5053 ἐννοεῖνο
3035 4998 3097 5050 Ἡ
3132 4997 3230 5064 μὲν
3267 4994 3375 5066 γὰρ
3417 4994 3535 5058 ὁδὸς
3567 4995 3728 5064 αὐτῷ
3765 4998 3869 5049 καὶ

2259 5090 2476 5160 πορεία,
2507 5091 2652 5144 κατά
2672 5089 2928 5161 πρόθεσιν
2953 5088 3050 5141 καὶ
3075 5086 3322 5140 εὐδοκίαν
3346 5085 3441 5139 τοῦ
3470 5086 3688 5154 Πατρός
3721 5086 3871 5157 πρὸς

2256 5182 2385 5245 τοὺς
2430 5181 2492 5246 ἐξ
2528 5181 2762 5251 αἵματος
2803 5181 3056 5250 Ἰσραήλ⁸
3105 5177 3209 5248 ἔφη
3245 5176 3373 5245 γοῦν
3400 5178 3483 5230 ὅτι
3532 5196 3551 5229 ι
3579 5177 3702 5230 Οὐκ
3753 5179 3870 5232 ἁπ-

577 5251 833 5342 εστάλην,
889 5253 939 5307 εἰ
973 5251 1049 5325 μή
1098 5253 1178 5317 εἰς
1221 5254 1292 5308 τά
1339 5255 1657 5312 ἀπολωλότα
1712 5259 1960 5330 πρόϐατα
2002 5265 2152 5318 οἴκου
2205 5267 2444 5342 Ἰσραήλ.
2509 5291 2527 5324 r
2582 5270 2803 5342 Ἐπειδὴ
2850 5271 2907 5323 δέ
2959 5269 3281 5324 ἀπεώσαντο
3321 5270 3420 5338 τὴν
3505 5268 3722 5331 πίστιν,
3777 5268 3870 5336 ἐξ·

578 5339 786 5394 έκλινεν
824 5342 920 5396 ἀπ’
958 5343 1136 5397 αὐτῶν
1184 5343 1324 5399 καθά
1354 5345 1703 5417 γέγραπται,
1756 5351 1852 5403 καὶ
1901 5356 2024 5418 ταῖς
2049 5355 2158 5410 τῶν
2230 5339 2402 5414 ἐθνῶν
2463 5360 2688 5430 ἀγέλαις
2715 5339 2816 5432 τὴν
2842 5361 2906 5413 ἐκ
2948 5358 3056 5411 τῶν
3090 5357 3250 5430 ἱερῶν
3280 5356 3534 5428 ναμάτων
3563 5357 3873 5429 παράκληο

587 5447 672 5524 σιν
693 5433 999 5502 ἐχαρίσατο,
1034 5435 1306 5502 τουτέστι,
1336 5437 1397 5491 τό
1452 5440 1808 5509 εὐαγγελικὸν
1847 5445 1941 5498 καὶ
1995 5449 2261 5519 σωτήριον
2323 5452 2610 5524 κήρυγμα,
2637 5452 2705 5506 δι’
2735 5444 2797 5504 οὖ
2825 5451 2926 5522 τὴν
2989 5449 3125 5520 πρὸς
3198 5449 3360 5503 αὑτὸν
3392 5449 3618 5520 εἰρήνην
3647 5465 3866 5522 κεκερο

581 5521 800 5592 δήκασι,
847 5526 942 5578 καὶ
983 5525 1052 5580 δι’
1083 5527 1249 5581 αὐτοῦ
1281 5531 1632 5604 συνήφθησαν
1684 5535 1804 5590 κατ’
1844 5538 2154 5610 οἰκειότητα
2189 5541 2290 5614 τήν
2325 5521 2702 5616 πνευματικὴν
2729 5543 2806 5614 τῷ
2833 5521 2953 5613 Θεῷ
2981 5543 3077 5596 καὶ
3097 5541 3293 5612 Πατρί.

657 5657 884 5756 ’ἔξοτὲ
907 5660 1083 5756 Ἦ,ρἰ
1141 5665 1404 5756 :“Eglies.
1444 5685 1518 5738 iv,
1553 5671 1635 5727 15.
1718 5674 1737 5706 ³
1764 5674 1909 5733 Psal.
1936 5692 2136 5736 Lunv

2255 5717 2272 5738 .
2353 5681 2372 5714 ⁸
2401 5680 2547 5741 Psal.
2574 5698 2737 5745 xxxv,
2767 5684 2819 5746 8,
2843 5683 2896 5737 9.
2975 5681 2996 5712 ⁸
3025 5677 3164 5736 Psal.
3200 5693 3324 5744 m,
3356 5677 3404 5732 ς.
3483 5678 3504 5709 ⁸
3532 5677 3704 5732 Rom.
3741 5692 3882 5756 vrn,‘

583 5725 675 5794 29,
701 5727 788 5782 30.
865 5729 884 5760 '
917 5727 1105 5784 Matth.
1141 5748 1227 5800 xv,
1253 5725 1350 5787 Ἦ.
