4090 6216
311 334 446 389 HM

1439 327 1507 383 ΙΝ
1549 324 1784 383 ISAIAM
1827 327 1956 382 LIB.
1992 327 2055 384 ν.
2090 326 2325 384 TOMUS
2367 328 2452 384 Vl.

3444 337 3583 393 1462

387 448 466 504 Τὰ
515 447 724 503 παιδία
775 445 972 500 αὐτῶν
1017 445 1113 498 ἐπ’
1151 445 1325 515 ὤμων
1363 444 1754 513 ἀρθήσονται,
1804 446 1898 498 καί

2080 444 2243 499 Vens.
2281 444 2463 509 ιλιι.
2487 442 2711 499 Parvuli
2729 463 2906 499 eorum
2934 449 2989 501 in
3023 451 3258 504 humeris
3309 453 3578 522 tollentur,

307 540 410 596 ἐπὶ
439 541 662 610 γόνατα
689 536 1281 606 παρακληθήσονται.
1333 537 1428 601 Ὠς
1452 537 1508 590 εἴ
1538 553 1671 589 τινα
1698 535 1898 604 μήτηρ

308 629 743 699 παρακαλέσει,
819 628 1012 692 οὕτως
1055 626 1218 696 κάγὼ
1271 627 1673 694 παρακαλέσει)
1720 627 1895 695 ὑμᾶς.

312 725 420 777 Καὶ
451 725 522 777 ἐν
565 719 967 789 Ἰερουσαλὴμ
1001 717 1568 786 παρακληθήσεσθε,
1620 717 1718 770 καὶ
1758 717 1899 785 ὄψε-

307 819 440 879 σθε,
473 813 571 867 καὶ
596 812 928 882 χαρήσεται
963 809 1128 879 ὑμῶν
1155 812 1193 878 ἠ
1225 809 1458 876 καρδία,
1502 809 1599 862 καὶ
1641 809 1714 862 τὰ
1747 809 1898 863 ὀστᾶ

308 905 476 975 ὑμῶν
505 905 587 969 ὡς
619 901 854 968 βοτάνη
898 899 1194 955 ἀνατελεῖ.
1236 899 1347 954 Καὶ
1396 901 1810 969 γνωσθήσεται
1856 901 1895 968 ἠ

195 991 211 1001 ⁸
308 995 384 1064 γῆ
428 996 649 1062 Κυρίου
681 991 808 1057 τοῖς
834 990 1183 1058 σεϐομένοις
1209 991 1415 1044 αὐτόν.

389 1083 908 1155 Ἀμφιλαφεστάτην
946 1083 1082 1150 ἡμῖν
1111 1079 1210 1151 τὴν
1253 1079 1602 1151 παράκλησιν
1630 1078 1899 1147 ἐπαγγέλ-

308 1174 483 1237 λεται,
517 1173 612 1226 καὶ
643 1171 860 1240 φειδοῦς
899 1171 1118 1240 ἀπάσης
1149 1170 1408 1233 ἐπίδοσιν,
1437 1169 1580 1222 ὥστε
1605 1171 1701 1222 καὶ
1729 1170 1895 1222 πόνου

307 1263 432 1331 δίχα
463 1259 665 1322 παντὸς
703 1258 1004 1329 κατορθοῦν
1045 1257 1303 1311 δύνασθαι
1340 1259 1401 1310 τὸ
1439 1259 1673 1327 ἀρέσκον
1723 1257 1892 1328 αὐτῷ.

311 1355 372 1406 Oi
417 1351 527 1422 γὰρ
566 1350 645 1403 ἔτι
692 1351 1051 1420 νηπιάςοντες
1088 1351 1145 1402 ὲν
1194 1350 1400 1414 αὐτοῖς,
1438 1349 1590 1420 φησὶ,
1640 1350 1738 1402 καὶ
1795 1349 1896 1413 τὰς

312 1444 514 1515 φρένας
536 1440 688 1496 οὔπω
714 1442 1143 1512 τετελειωμένοι,
1171 1440 1427 1512 βρέφεσιν
1465 1443 1524 1495 ὲν
1557 1443 1655 1513 ἴσῳ
1679 1445 1894 1512 μικροῖς

313 1535 402 1590 ἐπ’
435 1535 604 1606 ὤμων
635 1534 990 1606 άρθήσονται,
1025 1537 1121 1588 καὶ
1165 1535 1258 1588 ἐπὶ
1286 1535 1527 1602 γονάτων
1547 1535 1898 1607 παρακληθή-

313 1644 531 1682 σονται·
587 1627 707 1690 ἔθος
747 1626 858 1696 γὰρ
890 1625 1033 1679 οὕτω
1069 1626 1336 1696 μητράσιν
1381 1625 1755 1694 ἐπιμελεῖσθαι
1797 1642 1894 1698 νη-

311 1722 471 1777 πίων.
537 1722 726 1791 Ὀλίγα
781 1722 981 1786 τοίνυν,
1035 1722 1191 1792 φησι,
1265 1723 1657 1793 παραχωρήσω
1701 1708 1890 1793 μητρὶ,

1998 545 2045 588 et
2069 552 2224 601 super
2247 549 2415 604 genua
2442 536 2849 591 consolationem
2903 538 3186 595 habebunt.
3227 541 3583 608 Quemadmo-

2000 629 2125 681 dum
2148 627 2192 680 si
2213 628 2514 696 quempiam
2564 638 2733 682 mater
2787 630 3105 695 consoletur,
3129 635 3204 685 sic
3251 645 3298 687 et
3355 652 3449 702 ego
3493 654 3581 692 vos

1998 720 2332 772 consolabor.
2357 718 2423 771 Et
2461 721 2515 773 in
2549 718 2845 774 Jerusalem
2865 722 3278 779 consolationem
3300 728 3578 791 habebitis.

1996 820 2044 864 et
2079 809 2347 873 videbitis;
2373 819 2417 862 et
2445 810 2687 878 gaudebit
2729 827 2822 864 cor
2867 823 3117 878 vestrum,
3151 826 3198 868 et
3234 832 3351 869 ossn
3411 829 3579 873 vestra

1997 901 2132 954 sicut
2157 902 2312 954 herba
2343 902 2730 970 germinabunt.
2766 903 2835 956 Et
2870 904 3151 960 innotescat
3187 916 3339 962 terra:
3367 909 3581 965 Domini

2005 991 2292 1045 colentibus
2317 1008 2454 1044 eum.

2073 1081 2457 1151 Largissitnam
2491 1083 2917 1141 consolationem
2948 1096 3002 1142 et
3029 1090 3209 1145 omnis
3261 1091 3580 1146 misericor-

1997 1173 2100 1228 dia:
2121 1174 2392 1227 cumulum
2413 1173 2572 1227 nobis
2590 1177 2946 1243 adproutittit,
2983 1178 3144 1248 idque
3184 1180 3330 1235 circa
3366 1197 3579 1235 onmem

1995 1263 2256 1330 laborem,
2294 1265 2512 1334 utquod
2541 1267 2640 1337 ipsi
2669 1267 2864 1334 placet,
2925 1272 3105 1337 possis
3164 1271 3412 1338 exsequi.
3477 1271 3579 1338 Qui

1996 1355 2138 1406 enim
2190 1353 2388 1419 adhuc,
2421 1355 2615 1422 inquit,
2651 1355 2886 1410 infantes
2937 1366 3086 1422 sunt,
3108 1368 3162 1412 et
3201 1360 3382 1414 animo
3431 1376 3582 1413 non-

1995 1443 2122 1498 dum
2154 1443 2399 1512 perfecti,
2433 1446 2579 1498 velut
2612 1447 2818 1514 parvuli
2844 1445 3078 1501 infantes
3109 1449 3162 1502 in
3217 1449 3456 1504 humeris
3480 1450 3580 1504 toi-

1995 1534 2195 1602 lentur,
2242 1545 2298 1590 et
2389 1552 2549 1607 super
2591 1553 2761 1607 genua
2803 1541 3228 1594 consolationem
3285 1543 3575 1598 habebunt.

1995 1624 2180 1680 Solent
2201 1627 2344 1680 enim
2378 1638 2577 1682 matres
2605 1644 2790 1682 curam
2827 1644 3016 1698 gerere
3046 1631 3419 1698 parvulorum.
3452 1633 3568 1688 Non

1997 1719 2222 1772 multum
2257 1733 2406 1789 ergo,
2438 1721 2631 1788 inquit,
2667 1721 2824 1774 matri
2882 1735 3118 1784 cessero,
3139 1723 3232 1777 sed
3262 1722 3581 1778 consolabor

309 1813 678 1886 παρακαλέσω
722 1813 778 1867 δὲ
828 1812 973 1867 οὕτω
1025 1814 1153 1876 τοὺς
1209 1813 1414 1884 ἀδρανῆ
1475 1813 1615 1877 τέως
1670 1814 1890 1884 ἔχοντας

1997 1811 2074 1866 sic
2100 1826 2192 1866 eos
2217 1812 2308 1880 qui
2343 1812 2774 1868 inlirmosuntel.
2823 1813 3032 1882 deiecto
3079 1815 3282 1879 animo,
3329 1822 3388 1868 ut
3442 1815 3580 1870 nihil

308 1905 453 1970 νοῦν,
485 1905 560 1969 ὡς
584 1903 824 1974 ὲλλεῖψαι
862 1905 1028 1975 μηδὲν
1058 1903 1167 1957 τῶν
1207 1904 1503 1967 τελούντων
1543 1906 1622 1968 είς
1658 1905 1894 1958 ἀνάπαυ-

311 2013 394 2050 σιν
442 1997 666 2060 αὐτοῖς·
705 1995 1089 2067 τιθηνούμενοι
1145 1995 1203 2049 δὲ
1246 1996 1406 2060 οὕτω,
1463 1996 1618 2065 φησὶ,
1669 1997 1763 2048 καὶ
1807 1995 1894 2049 διὰ

309 2090 492 2160 πάσης
535 2089 704 2151 ίόντες
746 2087 962 2156 φειδοῦς
1014 2087 1110 2140 καὶ
1155 2087 1398 2156 ἀγάπης,
1457 2085 1654 2154 ὄψεσθέ
1703 2102 1761 2138 τε
1806 2085 1895 2138 διά

312 2173 531 2246 καιροῦ,
561 2176 656 2228 uati.
682 2174 780 2246 τὴν
809 2175 920 2228 ἀνω
945 2173 1100 2227 πόλιν
1122 2173 1222 2245 τὴν
1261 2174 1584 2244 ἐπουράνιον
1624 2173 1895 2244 Ἰερουσα-

311 2265 443 2334 λήμο
493 2265 868 2337 πλησθήσεσθε
917 2265 1204 2336 θυμηδίας,
1249 2266 1342 2318 καὶ
1373 2265 1450 2328 ὡς
1478 2267 1536 2317 ἐν
1570 2263 1896 2328 τάξειέ”πόας

311 2355 644 2426 ἁναθαλήσει
688 2357 759 2410 τὰ
804 2358 1022 2410 πάντων
1057 2356 1212 2426 ὑμῶν
1256 2356 1407 2412 una.
1476 2355 1895 2426 Ἐγερθήσονται

310 2447 420 2517 γὰρ
457 2449 508 2499 oi
533 2447 739 2516 νεκροὶ,
762 2448 856 2501 καὶ
883 2449 1277 2518 ἀναστήσονται
1304 2450 1352 2500 οἱ
1377 2450 1434 2501 ἐν
1454 2449 1566 2510 τοῖς
1588 2447 1892 2518 μνημείοις,

309 2535 408 2607 τὴν
442 2537 596 2606 παρά
627 2538 867 2607 Χριστοῦ
920 2537 1319 2610 πλουτήσαντες
1365 2539 1578 2610 δρόσον,
1622 2539 1892 2606 τουτέστι,

310 2629 372 2682 τὸ
419 2627 639 2699 πνεῦμα
690 2629 752 2682 τὸ
797 2627 1098 2692 ζωοποιόν⁸
1156 2631 1300 2685 οὕτω
1352 2632 1462 2702 γάρ
1497 2631 1598 2684 πού
1651 2649 1815 2701 φησιν
1868 2632 1898 2684 ὁ

311 2717 540 2772 Ψάλλων
572 2718 711 2789 πρὸς
762 2719 856 2771 τὸν
893 2719 1025 2772 Θεὸν
1064 2721 1193 2791 περὶ
1233 2721 1343 2774 τῶν
1395 2721 1454 2775 ὲν
1492 2724 1563 2792 γῇ
1603 2722 1892 2791 κειμένωνο

318 2829 337 2863 ι
359 2809 772 2876 Ἐξαποστελεῖς
788 2809 848 2862 τὸ
865 2809 1000 2862 πνεῦ
1015 2810 1099 2881 μά
1126 2828 1244 2873 σου,
1261 2811 1356 2866 καὶ
1379 2813 1784 2881 κτισθήσονται,
1802 2812 1898 2864 καὶ

310 2902 642 2964 ἀνακαινιείς
662 2901 722 2953 τὸ
746 2901 1038 2971 πρόσωπον
1071 2902 1172 2968 τῆς
1186 2903 1308 2972 γῆς.
1332 2920 1351 2952 ι
1387 2901 1596 2974 Ὠσπερ
1635 2899 1726 2955 οὖν
1751 2901 1819 2954 τὰ
1841 2903 1898 2954 ἐν

312 2990 516 3062 ἀγροῖς
537 2992 850 3062 ἀνθήσαντα
882 2993 1020 3063 μετὰ
1055 2992 1226 3064 βραχὺ
1258 2993 1466 3057 πίπτει,
1516 2993 1608 3046 καὶ
1641 2992 1899 3064 μαραίνε-

311 3102 400 3137 ται
431 3083 647 3156 ὲαρινοῦ
676 3101 735 3152 γε
783 3083 888 3155 μὴν
919 3086 1206 3148 ἐνστάντος
1237 3085 1453 3156 καιροῦ,
1483 3085 1646 3139 πάλιν
1665 3085 1896 3155 ἀνίσχει·

311 3176 406 3229 καὶ
466 3175 741 3243 φαίνεται⁶
781 3175 923 3227 οῦτω
976 3175 1044 3228 τὰ
1092 3177 1150 3227 ὲν
1205 3178 1269 3246 τῇ
1321 3179 1390 3246 γῇ
1439 3176 1546 3230 τῶν
1590 3176 1900 3228 τεθνεώτων

313 3266 564 3335 λείψανα,
597 3264 737 3320 κατὰ
764 3265 855 3319 τὸν
874 3266 973 3336 τῆς
992 3265 1421 3334 παλιγγενεσίας
1447 3267 1640 3337 καιρὸν
1673 3268 1898 3338 ἀρρήτῳ

313 3358 540 3428 δυνάμει
598 3356 734 3410 Θεοῦ
809 3356 972 3410 πάλιν
1019 3355 1390 3410 ἀνατελοῦσιν.
1480 3357 1898 3428 Ἐγερθήσονται

316 3449 448 3520 γὰρ,
479 3448 554 3512 ὼς
593 3447 749 3518 ἔφην.
816 3465 835 3498 ι
855 3447 988 3500 Τότε
1037 3447 1126 3517 δὴ,
1161 3447 1283 3501 τότε
1311 3446 1682 3517 γνωσθήσεται
1713 3449 1745 3519 η
1776 3449 1899 3518 χεὶρ

319 3539 525 3611 Κυρίου
571 3543 682 3602 τοῖς
708 3537 1235 3615 σεδομένοιςρύτόν.
1269 3557 1289 3590 ι
1340 3539 1516 3608 Χεῖρά
1565 3555 1629 3604 γε
1682 3538 1786 3608 μὴν
1841 3540 1900 3590 ὲν

317 3634 552 3697 τούτοις,
588 3633 620 3703 ἢ
656 3632 755 3702 τὴν
782 3631 1010 3701 δύναμιν
1038 3631 1202 3696 αὐτοῦ
1231 3648 1417 3701 φησιν,
1466 3631 1632 3701 ἤγουν
1657 3630 1748 3684 τὸν
1783 3631 1901 3685 Κύ-

321 3742 436 3797 ριον
462 3724 618 3796 ἡμῶν
656 3721 865 3794 Ἰησοῦν
897 3723 986 3776 τὸν
1017 3723 1272 3793 Χριστὸν,
1307 3723 1374 3777 δι’
1397 3716 1457 3775 οὗ
1482 3723 1549 3776 τὰ
1576 3723 1774 3785 πάντα,
1807 3722 1900 3776 καὶ

319 3815 378 3868 ὲν
409 3808 452 3882 ᾧ
479 3814 548 3867 τὰ
573 3815 768 3867 πάντα.
790 3814 871 3865 Δι’
893 3811 1057 3865 αὑτοῦ
1085 3811 1193 3882 γὰρ
1214 3811 1378 3865 πάλιν
1402 3812 1495 3864 καὶ
1518 3811 1673 3882 ητῶν
1692 3811 1900 3882 νεκρῶν

319 3904 635 3967 ἁναδίωσις.
683 3902 1056 3973 ’Δποτέλεσμα
1101 3903 1210 3973 γὰρ
1255 3903 1354 3972 τῆς
1397 3901 1561 3957 αὑτοῦ
1618 3901 1901 3971 δυνάμεως

320 3997 404 4068 εἴη
435 3997 523 4062 ἂν,
559 3995 654 4050 καὶ
698 3995 758 4048 τὸ
809 3994 1025 4064 ἰσχύσαι
1059 3997 1420 4068 παρενεγκεῖν
1447 3996 1526 4055 είς
1556 3993 1792 4065 ὓπαρξιν
1831 3994 1902 4049 τὰ

317 4089 419 4142 οὐκ
438 4087 567 4140 ὅντα
599 4087 750 4148 ποτὲ,
784 4087 878 4139 καὶ
909 4087 1216 4140 πεπονθότα
1255 4087 1353 4158 τὴν
1387 4086 1615 4156 φθορὰν,
1671 4085 1900 4139 ἀνακαι-

320 4175 461 4230 νίσαι
492 4175 656 4228 πάλιν
693 4177 772 4237 είς
799 4174 862 4228 τὸ
896 4176 954 4229 ὲν
980 4175 1196 4245 ἀρχαῖς.

391 4269 501 4323 Καὶ
536 4269 855 4336 ἀπειλήσει
888 4269 1014 4335 τοῖς
1046 4269 1431 4324 ἀπειθοῦσιν·
1477 4269 1623 4324 Ἰδσὺ
1653 4271 1761 4341 γὰρ
1789 4272 1903 4326 Κύ-

313 4378 446 4429 ριος
486 4361 564 4425 ὠς
608 4361 727 4427 πῦρ
767 4361 920 4428 ἣξει,
959 4361 1058 4418 καὶ
1102 4362 1182 4427 ὠς
1234 4361 1503 4431 καταιγίς
1551 4363 1626 4416 τὰ
1673 4362 1903 4432 ἅρματα

1996 1903 2103 1957 illis
2125 1903 2265 1956 desit
2297 1903 2363 1956 ad
2397 1905 2716 1971 requietem.
2746 1903 2838 1958 Sic
2863 1905 3166 1967 nutriti,sic
3182 1907 3326 1959 omni
3360 1907 3578 1961 miseri-

1994 1995 2177 2048 cordia
2205 2006 2259 2047 et
2278 1996 2542 2050 charitate
2577 1997 2816 2062 tractati,
2840 1997 3094 2052 videbitis
3128 1997 3292 2067 915
3314 2008 3575 2068 tempore,

1994 2101 2302 2153 supremam
2327 2086 2492 2140 etiam
2517 2087 2794 2141 civitatem
2818 2088 3096 2143 cmlestem
3152 2088 3472 2154 Jerusalem,
3525 2100 3581 2144 et

1995 2177 2397 2247 complebimini
2417 2177 2711 2247 voluptate,
2742 2187 2798 2233 et
2825 2181 2981 2248 quasi
3013 2179 3211 2242 herba,
3255 2183 3439 2236 omnia
3479 2197 3579 2236 ve-

1995 2278 2105 2322 stra
2127 2283 2252 2324 ossa
2289 2268 2658 2325 reﬂorescent.
2713 2271 3107 2326 Excitahuntur
3146 2273 3288 2326 enim
3348 2273 3576 2340 mortui,

1996 2367 2047 2415 et
2079 2360 2471 2429 resurgentqui
2538 2360 2590 2415 in
2644 2361 3015 2415 monumentis
3055 2369 3217 2427 sunt,
3270 2359 3576 2430 locupletati

1995 2464 2093 2520 per
2123 2450 2401 2504 Christum
2421 2465 2566 2515 rore,
2601 2450 2652 2508 id
2679 2459 2783 2515 est,
2817 2451 3012 2520 spiritu
3048 2451 3284 2505 vivifico.
3324 2451 3417 2506 Sic
3433 2454 3577 2506 enim

1997 2541 2128 2594 dicit
2148 2540 2238 2606 qui
2267 2542 2333 2596 ad
2361 2544 2526 2596 Deum
2550 2542 2748 2612 psallit,
2775 2543 2844 2596 de
2873 2543 2957 2596 his
2981 2543 3072 2611 qui
3103 2545 3156 2596 in
3181 2552 3325 2597 terra
3345 2542 3526 2612 jaceat
3561 2558 3575 2596 :

2003 2648 2023 2682 ι
2052 2631 2284 2685 Emittes
2349 2632 2596 2699 spiritum
2631 2642 2813 2698 tuum,
2847 2641 2904 2686 et
2931 2633 3284 2699 creabuntur,
3315 2643 3371 2687 et
3422 2648 3580 2689 reno-

1997 2723 2146 2776 vabis
2182 2720 2374 2776 faciem
2418 2732 2578 2776 terrae
2609 2723 2653 2776 ⁸.
2693 2743 2712 2776 s
2747 2723 2978 2778 Perinde
3024 2724 3208 2792 igitur,
3250 2733 3308 2777 ut
3344 2739 3463 2792 qua:
3523 2725 3578 2793 in

1997 2812 2142 2880 agris
2167 2810 2490 2876 ﬂoruerunt,
2523 2813 2684 2881 paulo
2722 2823 2842 2883 post
2868 2815 3124 2869 occidunt
3144 2824 3577 2879 etmarcescunt,

1996 2916 2167 2957 verno
2195 2912 2376 2958 autem
2409 2911 2651 2972 tempore
2682 2904 2939 2968 instante,
3004 2919 3193 2959 rursus
3233 2906 3482 2958 oriuntur
3525 2914 3582 2960 et

1999 2999 2260 3060 apparent
2286 3007 2300 3043 :
2332 2991 2412 3047 sic
2433 2991 2681 3060 reliquias
2714 3002 3048 3046 mortuorum
3069 2993 3121 3046 in
3151 3002 3317 3058 terra,
3339 3003 3582 3061 tempore

2003 3083 2434 3148 regenerationis
2462 3096 2527 3136 ac
2553 3081 2981 3146 instaurationis,
3007 3142 3009 3144 ,
3036 3080 3290 3136 ἱιιεσειὺίιὶ
3340 3083 3577 3152 potentia

1926 3151 1968 3208 ο
2000 3170 2095 3224 Dei
2121 3186 2311 3225 rursus
2339 3173 2674 3226 exorientur.
2711 3171 3109 3226 Excitahnntur
3135 3174 3303 3237 enim,
3330 3151 3406 3227 uti
3443 3175 3577 3227 dixi.

2005 3276 2024 3309 ι
2068 3257 2242 3322 Τυηο,
2273 3265 2400 3311 tunc
2437 3259 2738 3312 innotescet
2772 3275 2961 3314 litantis
3011 3261 3222 3314 Domini
3280 3262 3582 3318 colentibus

1999 3361 2190 3402 συσὶ.)
2227 3346 2554 3401 Manumhic
2594 3359 2771 3410 vocat,
2809 3348 2890 3401 vel
2937 3349 3232 3417 potentiam
3277 3365 3451 3414 suam,
3496 3349 3581 3406 vel

2000 3438 2287 3492 Dominum
2314 3447 2557 3491 nostrum
2591 3435 2774 3491 Jesum
2807 3437 3102 3504 Christum,
3145 3454 3242 3508 per
3276 3454 3433 3508 quem
3461 3455 3580 3494 out-

2000 3529 2113 3589 nia,
2146 3537 2202 3582 et
2233 3529 2284 3581 in
2317 3543 2425 3597 quo
2445 3529 2627 3582 omnia
2648 3530 2690 3580 ⁹.
2719 3527 2826 3582 Per
2849 3527 2996 3580 illum
3049 3530 3195 3583 enim
3248 3546 3436 3585 rursus
3496 3543 3582 3586 est

2002 3621 2350 3675 resuscitatio
2389 3631 2750 3673 mortuorum.
2828 3617 2940 3673 Hoc
2985 3628 3069 3671 est
3141 3621 3283 3672 enim
3327 3623 3581 3690 potentiae

2001 3713 2116 3783 ejus
2140 3729 2245 3767 non
2279 3712 2396 3766 leve
2414 3712 2692 3776 indicium,
2715 3724 2872 3778 posse
2914 3719 2969 3763 et
3002 3709 3056 3762 in
3121 3708 3292 3764 lucem
3337 3710 3582 3780 proferre

2001 3821 2122 3878 quae
2172 3805 2463 3876 aliquando
2516 3819 2623 3860 non
2671 3810 2846 3868 erant,
2915 3812 2970 3856 et
3037 3816 3158 3871 quae
3234 3817 3390 3871 passa
3453 3817 3581 3859 sunt

2001 3899 2403 3968 corruptionem
2479 3905 2810 3961 restaurare,
2885 3894 2960 3948 ita
3007 3902 3068 3947 ut
3120 3895 3188 3948 ab
3257 3894 3412 3950 initio
3458 3894 3576 3950 fue-

2001 3999 2146 4045 runt.

2074 4265 2545 4323 Vens.15-i7.Et
2598 4265 2889 4319 minabitur
2946 4265 3384 4319 contumacibus:
3441 4263 3579 4319 Ecce

2003 4361 2139 4414 enim
2170 4359 2428 4412 Dominus
2454 4358 2608 4428 quasi
2634 4357 2768 4426 ignis
2799 4358 2986 4423 veniet,
3026 4366 3074 4409 et
3111 4357 3261 4421 quasi
3305 4365 3577 4424 tempestas

321 4451 528 4515 αὐτοῦ,
584 4451 689 4506 τοῦ
735 4453 1062 4507 ἀποδοῦναι
1099 4454 1168 4507 ἐν
1200 4452 1364 4522 θυμῷ
1405 4453 1740 4523 ἐκδίκησιν,
1803 4454 1898 4508 καὶ

2007 4467 2192 4505 currus
2225 4449 2361 4518 ejus,
2402 4460 2456 4503 ut
2485 4449 2667 4502 reddat
2730 4449 2785 4500 in
2815 4447 2996 4515 furore
3023 4447 3293 4511 ultionem,
3325 4457 3374 4500 et
3407 4447 3578 4502 ἕπει-ες

321 4542 855 4612 ἀποσκορακισμὸν
906 4544 975 4596 ἐν
1026 4545 1204 4614 φλογὶ
1256 4545 1466 4615 πυρός,
1517 4548 1620 4600 Ἐν
1658 4547 1769 4615 γὰρ
1821 4545 1901 4612 τῷ

323 4635 466 4703 πυρί
524 4634 751 4702 Κυρίου
781 4633 1122 4702 κριθήσεται
1165 4635 1332 4690 πᾶσα
1378 4639 1416 4705 ὴ
1459 4636 1558 4706 γῆ,
1600 4637 1696 4691 καὶ
1727 4638 1798 4691 ἐν
1825 4636 1900 4707 τῇ

319 4724 582 4793 ῥομφαίᾳ
619 4723 808 4778 αὐτοῦ
861 4721 1030 4777 πᾶσα
1074 4723 1262 4792 σάρξσ
1303 4729 1518 4782 πολλοὶ
1551 4731 1900 4798 τραυματίαι

322 4813 566 4867 ἔσονται
602 4812 724 4868 ὑπὸ
762 4812 1004 4880 Κυρίου,
1036 4815 1092 4865 oi
1123 4812 1487 4881 ἁγνιζόμενοι
1527 4819 1625 4871 καὶ
1665 4822 1900 4887 καθαρι-

325 4904 550 4973 ζόμενοι
597 4905 686 4969 εις
723 4902 866 4968 τοὺς
895 4903 1147 4968 κήπους,
1183 4903 1279 4956 καὶ
1312 4905 1382 4957 ἐν
1412 4905 1534 4972 τοῖς
1583 4914 1898 4980 προθύροις

324 4998 609 5061 ἔσθοντες
651 4993 796 5062 κρέα
836 4993 962 5047 ὑῶν
995 4994 1093 5047 καὶ
1121 4994 1193 5047 τίι
1219 4993 1615 5064 βδελύγματα
1648 5002 1744 5053 καὶ
1799 5003 1908 5055 τὸν

325 5089 473 5158 μῦν,
498 5088 595 5142 ἐπὶ
631 5087 698 5141 τὸ
731 5086 878 5142 αὺτό
917 5086 1432 5154 ἀναλωθήσονται,
1490 5085 1620 5143 εἶπε
1671 5094 1902 5161 Κύριος.

328 5178 497 5246 Κάγὼ
543 5179 615 5232 τὰ
659 5179 802 5246 ἔργα
865 5177 1062 5231 αὐτῶν
1108 5175 1206 5231 καὶ
1252 5177 1358 5230 τὸν
1389 5180 1679 5248 λογισμὸν
1714 5183 1904 5237 αὐτῶν

324 5268 668 5337 ἐπίσταμαι.

409 5358 800 5429 Ἀποχρώντως
833 5359 1222 5428 παρακαλέσας
1259 5361 1385 5425 τοὺς
1416 5363 1474 5416 ὲν
1518 5366 1581 5434 τῇ
1614 5365 1712 5436 νέᾳ
1744 5364 1903 5431 Σιὼν,

325 5451 593 5514 τουτέστι,
641 5454 707 5522 τῇ
779 5450 1101 5523 Ἐκκλησία,
1139 5453 1232 5506 καὶ
1273 5454 1670 5526 διαρκεστάτην
1725 5459 1907 5522 αὐτοῖς

325 5543 794 5614 ἐπαγγειλάμενος
827 5544 926 5616 τὴν
961 5544 1305 5614 παράκλησιν
1328 5585 1343 5610 ,
1389 5545 1482 5599 καὶ
1521 5547 1904 5617 πνευματικῶν

406 5717 430 5754 ⁸
451 5717 597 5775 Psal.
622 5735 736 5789 cm,
768 5722 856 5777 30.
933 5719 952 5750 '
979 5719 1000 5774 l
1029 5718 1156 5775 Cor.
1188 5733 1305 5786 vtu,
1332 5719 1387 5774 6.

2005 4544 2336 4613 pationemin
2349 4541 2734 4611 flammaignis.
2755 4540 2894 4593 Nam
2929 4539 2984 4592 in
2998 4541 3114 4608 igne
3130 4537 3340 4592 Domini
3362 4539 3576 4607 judica-

2007 4635 2146 4687 bitur
2173 4635 2338 4687 omnis
2355 4643 2516 4696 terra,
2547 4641 2595 4684 et
2613 4632 2667 4683 in
2682 4630 2857 4699 gladio
2889 4631 3232 4699 ipsiusomnis
3260 4647 3405 4684 caro.
3434 4630 3578 4685 Μαι-

2005 4727 2043 4778 ti
2069 4724 2328 4778 vulnerati
2377 4731 2586 4777 erunta
2626 4720 2879 4774 Domino.
2931 4721 3037 4784 Qui
3088 4721 3456 4790 purificantur,
3527 4733 3576 4776 et

2007 4815 2334 4868 ntundantur
2359 4814 2415 4866 in
2473 4812 2663 4877 hortis,
2693 4821 2742 4864 et
2799 4811 2854 4865 in
2905 4810 3192 4876 liminibus,
3254 4813 3576 4864 comedentes

2003 4921 2213 4960 carnem
2237 4904 2470 4969 suillam,
2505 4915 2554 4956 et
2603 4902 3040 4964 abominationes,
3070 4913 3115 4955 et
3151 4917 3370 4962 murem,
3418 4900 3574 4953 simul

2003 5007 2392 5060 consumentur,
2424 4996 2560 5047 dixit
2593 4993 2868 5046 Dominus.
2906 4991 3016 5062 Ego
3054 5009 3174 5044 uero
3219 5007 3374 5060 opera
3395 5006 3573 5044 eorum

2002 5096 2049 5139 et
2077 5086 2442 5157 cogitationem
2468 5099 2646 5138 eorum
2691 5082 2819 5135 scio.

2077 5367 2297 5422 Abunde
2336 5365 2647 5422 consolatus
2676 5377 2769 5418 eos
2824 5361 2915 5432 qui
2949 5361 3005 5414 in
3041 5371 3178 5412 nova
3210 5353 3361 5420 Sion,
3395 5353 3445 5408 id
3468 5362 3573 5420 est,

2004 5458 2269 5524 Ecdesia,
2315 5469 2368 5514 et
2400 5457 2864 5512 aﬂluentissimam
2891 5451 3311 5507 consolationem
3344 5461 3406 5501 ac
3460 5446 3575 5516 spi-

2005 5548 2276 5604 ritualium
2313 5547 2576 5603 honorum
2607 5545 2909 5602 subsidium
2935 5541 3226 5613 pollicitus,
3277 5547 3330 5593 et
3355 5546 3576 5608 praetore
