4090 6216
536 325 676 383 ms

1524 323 1584 383 S.
1626 324 1900 383 CYRlLLl
1937 323 2416 382 ALEXANDRIN]
2456 320 2777 379 ARCHIEP.

3667 319 3826 375 μμ

532 461 598 502 ea
653 444 1122 501 resttscitationem
1185 443 1487 512 emortuis,
1531 452 1584 499 et
1635 461 1919 516 supremas
1945 447 2111 511 sedes,

2228 443 2448 514 ἀγαθῶν
2475 440 2760 514 χορηγίαν,
2790 438 2872 492 ἔτι
2900 454 2958 490 τε
2978 436 3114 508 πρὸς
3143 433 3357 500 τούτοις
3382 434 3481 506 τήν
3508 436 3575 488 ὲκ
3603 436 3826 506 νεκρῶν

533 547 600 588 ac
626 547 746 602 quae
773 533 845 587 ibi
874 542 979 598 est,
1003 532 1230 601 gloriam
1258 548 1362 587 non
1386 533 1604 602 impune
1625 535 1898 591 fore-dicit
1932 537 2118 592 inobe—

532 624 804 680 dietttihus
836 624 940 678 hoc
965 625 1140 677 audax
1163 633 1350 678 contra
1377 624 1494 681 illos
1519 627 1851 683 institutum.
1915 627 2116 685 Veniet

531 716 704 779 enim,
747 716 938 783 inquit,
992 717 1146 784 quasi
1171 717 1333 785 ignis.
1375 715 1682 773 Descendet
1709 734 1940 788 namque
1961 721 2116 775 coali-

534 817 622 862 tus
648 807 699 860 itt
723 807 888 876 gloria
920 806 1098 862 Patris
1118 809 1199 862 sui
1226 823 1346 861 cum
1365 810 1568 864 sanctis
1595 811 1819 879 angelis.
1847 811 1942 866 Hic
1972 812 2114 866 enim

534 906 619 953 est
642 914 836 952 currus
859 897 1000 969 ejus,
1032 899 1188 954 sicuti
1217 911 1271 953 et
1299 900 1350 954 itt
1374 899 1604 956 Psalmis
1633 903 1962 956 celebratum
1989 913 2070 958 est
2099 921 2113 956 :

540 1005 560 1040 ι
599 987 804 1042 Currus
831 987 922 1042 Dei
954 989 1139 1043 decem
1195 989 1433 1044 millibus
1471 991 1774 1061 multiplex,
1807 992 1970 1045 millia
2021 992 2117 1047 lte-

536 1081 762 1134 tantium
791 1080 855 1134 ".
899 1099 920 1134 ι
957 1082 1145 1136 Veniet
1173 1091 1355 1136 autem
1388 1084 1700 1138 redditurus
1739 1086 2000 1140 ultionem
2061 1087 2114 1140 in

534 1170 739 1238 furore,
762 1180 817 1226 et
871 1172 1294 1242 increpationem
1351 1174 1405 1228 itt
1451 1172 1668 1228 llatntna
1728 1179 1887 1247 ignis.
1951 1177 2118 1248 916

533 1259 838 1330 lttcrepatio
863 1264 1488 1335 denotatabjectionem.
1523 1267 1676 1321 Dicet
1705 1269 1848 1322 enim
1884 1269 1968 1323 his
2020 1270 2115 1339 qui

537 1353 590 1406 in
615 1357 850 1422 peccatis
882 1357 1075 1410 mortui
1105 1369 1266 1412 sunt:
1302 1360 1605 1414 «Discedite
1637 1377 1664 1412 a
1694 1375 1799 1425 me,
1822 1360 2112 1428 maledicti,

534 1447 592 1500 itt
631 1448 807 1516 ignem
843 1458 1126 1513 aeternum,
1152 1451 1242 1518 qui
1281 1461 1614 1520 praeparatus
1645 1463 1728 1507 est
1775 1454 1990 1508 diabolo
2061 1461 2114 1508 et

535 1539 742 1608 angelis
768 1539 885 1609 ejus
915 1541 981 1592 “.
1025 1561 1042 1593 ι
1083 1542 1426 1597 Judicabitur
1479 1544 1646 1610 enim,
1679 1545 1875 1614 inquit,
1941 1547 2117 1601 omnis

540 1638 705 1694 terra,
730 1642 783 1685 et
813 1642 1064 1700 tanquam
1101 1635 1279 1703 gladio
1304 1633 1501 1688 divina:
1525 1635 1617 1689 ira:
1643 1638 1908 1705 percussi,
1965 1637 2117 1693 multi

536 1722 985 1778 vulnerabantur.
1019 1724 1079 1779 Hi
1117 1726 1335 1779 demum
1367 1737 1494 1781 sunt
1540 1729 1629 1797 qui
1669 1743 1857 1796 ptnnas
1879 1732 2117 1799 pendunt

2228 535 2548 598 ἀναϐίωσιν,
2582 532 2678 587 καὶ
2700 532 2801 594 τὰς
2830 528 2942 584 ἀνω
2965 529 3150 600 μονάς,
3187 528 3284 582 καὶ
3312 526 3412 598 τὴν
3440 526 3628 582 αὐτόθι
3657 528 3823 592 δόξαν

2223 628 2323 681 οὐκ
2373 627 2609 697 ἀζήμιον
2643 620 2862 676 ἔσεσθαί
2905 637 3039 691 φησι
3082 621 3197 682 τοῖς
3236 618 3487 672 ἀπειθεῖν
3536 618 3823 688 ἑλομένοις

2223 718 2372 788 αὐτῷ
2399 717 2461 770 τὸ
2498 717 2590 768 ἐπὶ
2619 714 2830 775 τούτοις
2872 713 3199 782 ἐγχείρημα.
3231 710 3391 774 Ἥξει
3411 710 3523 780 γὰρ
3553 710 3631 772 ὼς
3672 709 3816 779 πῦρ,

2224 808 2392 877 φησί’
2429 806 2802 876 καταδήσεται
2833 802 2941 872 γὰρ
2974 802 3034 867 ἐξ
3062 802 3328 874 οὐρανῶν,
3365 804 3421 854 ὲν
3446 805 3512 872 τῇ
3555 801 3682 872 δόξῃ
3720 801 3820 854 τοῦ

2225 899 2438 969 Πατρὸς
2473 898 2638 952 αὑτοῦ
2683 897 2819 968 μετὰ
2852 897 2960 949 τῶν
2997 895 3171 964 ἁγίων
3210 894 3475 964 ἀγγέλων.
3502 895 3675 947 Τοῦτο
3706 895 3820 965 γὰρ

2221 992 2284 1044 τὸ
2338 992 2492 1061 ἅρμα
2538 990 2724 1052 αὑτοῦ,
2764 989 2907 1042 κατὰ
2955 988 3016 1040 τὸ
3069 990 3126 1039 ὲν
3172 987 3423 1057 Ψαλμοῖς
3453 986 3818 1057 ὑμνούμενον,
3895 981 3912 992 ’

2229 1101 2248 1134 ι
2277 1082 2350 1135 Τὸ
2387 1081 2540 1152 ἅρμα
2578 1079 2674 1133 τοῦ
2717 1079 2851 1133 Θεοῦ
2905 1078 3323 1149 μυριοπλὰσιον,
3373 1077 3610 1145 χιλιάδες
3649 1075 3818 1145 εύθη-

2222 1177 2477 1228 νούντων.
2511 1193 2531 1225 ι
2586 1172 2743 1237 Ἥξει
2790 1172 2848 1225 δὲ
2887 1171 3182 1224 ἀποδώσων
3219 1169 3494 1240 ἐκδίκησιν
3536 1171 3592 1221 ἐν
3631 1168 3817 1238 θυμῷ,

2223 1268 2318 1320 καὶ
2343 1265 2828 1337 ἀποσκορακισμὸν
2862 1265 2919 1316 ὲν
2951 1263 3110 1331 φλογὶ
3150 1262 3342 1332 πυρός.
3385 1263 3442 1314 Ὁ
3479 1260 3537 1313 δὲ
3571 1262 3818 1313 ἀποσκο-

2227 1361 2493 1432 ρακισμὸς
2521 1359 2672 1428 δηλοῖ
2695 1357 2792 1428 τὴν
2820 1355 3094 1427 ἀποϐολήν
3117 1373 3130 1385 ·
3163 1357 3280 1425 ὲρεῖ
3300 1356 3408 1425 γὰρ
3437 1357 3550 1416 τοῖς
3582 1352 3823 1406 τεθνεῶ-

2226 1471 2309 1505 σιν
2357 1455 2414 1505 ὲν
2455 1450 2774 1521 ἁμαρτίαις·
2830 1467 2848 1499 ι
2873 1445 3178 1519 Πορεύεσθε
3237 1447 3330 1498 ἀπ’
3367 1443 3538 1515 ἐμοῦ,
3569 1460 3826 1514 κατηρα-

2228 1548 2402 1619 μένοι,
2429 1547 2507 1607 είς
2526 1544 2587 1596 τὸ
2613 1542 2725 1614 πῦρ
2746 1541 2805 1594 τὸ
2826 1540 3065 1600 αἰώνιον,
3093 1539 3154 1590 τὸ
3169 1537 3570 1610 ἡτοιμασμένον
3593 1535 3675 1605 τῷ
3695 1537 3821 1588 δια-

2228 1639 2368 1710 ϐόλῳ
2447 1639 2543 1691 καὶ
2593 1639 2706 1699 τοῖς
2755 1635 3004 1703 ἀγγέλοις
3046 1632 3285 1684 αὐτοῦ’»
3339 1630 3656 1700 κριθήσεται
3704 1629 3822 1696 γὰρ

2223 1729 2388 1796 οὕτω,
2432 1728 2620 1798 φησιν,
2649 1730 2682 1797 ή
2721 1727 2984 1795 σύμπασα
3017 1726 3110 1795 γῆ,
3153 1723 3246 1777 καὶ
3271 1713 3466 1794 ὥσπερ
3507 1721 3614 1775 ἀπὸ
3675 1724 3819 1793 ῥομ-

538 1813 898 1878 inevitabiles,
921 1827 977 1869 et
1007 1817 1058 1870 in
1105 1814 1378 1871 ﬂammam
1432 1830 1659 1873 currunt
1714 1824 2111 1889 inexstinctam,

2222 1822 2389 1890 φαίας
2420 1822 2519 1889 τῆς
2548 1820 2698 1882 θείας
2725 1818 2897 1889 ὀργῆς
2927 1817 3232 1888 πληγέντες
3265 1815 3452 1868 πολλοὶ
3477 1814 3818 1886 τραυματίαι

536 1903 854 1970 catenisque
883 1918 1105 1957 suorum
1143 1916 1488 1974 peccatorum
1519 1909 1822 1975 conatricti,
1881 1913 2119 1964 maxime

537 2006 668 2046 vero
697 1992 928 2046 aliorum
958 1994 1314 2064 subjicientur
1341 1996 1624 2065 supplicio,
1663 1997 1860 2066 inquit,
1920 1999 2123 2063 expiati

535 2093 592 2138 et
621 2085 830 2154 purgati
879 2087 931 2140 itt
958 2087 1149 2152 hortis,
1183 2088 1233 2142 id
1269 2097 1372 2153 est,
1411 2090 1720 2158 rejicientes
1783 2090 2113 2161 redemptio-

538 2192 660 2231 nem
701 2193 797 2247 per
849 2176 1146 2243 Christum,
1180 2188 1236 2233 et
1293 2190 1700 2236 contemnentes
1751 2183 1981 2250 gratiam
2029 2197 2122 2252 per

535 2280 942 2324 sacrosanctum
1001 2271 1316 2340 baptisma,
1376 2286 1495 2340 quae
1544 2273 1806 2340 justiﬁcat
1867 2275 2117 2342 impium,

533 2357 790 2426 omnique
848 2367 1030 2414 errato
1090 2359 1329 2415 absolvit
1381 2363 1619 2430 peccatis
1679 2375 2106 2432 conspurcatos,

534 2459 785 2504 amantes
829 2449 1060 2517 denique
1126 2452 1180 2505 in
1232 2463 1422 2506 errore
1473 2453 1651 2521 potius
1689 2464 1770 2508 et
1805 2455 2114 2526 ignorantia

535 2539 763 2604 versari,
791 2548 846 2594 et
875 2555 982 2594 non
1015 2541 1145 2597 deos
1211 2545 1458 2611 adorare,
1509 2546 1602 2614 qui
1648 2546 1813 2600 etiam
1867 2548 1947 2602 usi
1995 2555 2120 2602 sunt

534 2632 944 2688 lustrationibus
1015 2635 1241 2703 impuris
1317 2644 1373 2690 et
1432 2637 1746 2692 immundis.
1818 2639 2119 2708 Expiantur

533 2725 766 2790 enimut
816 2723 1149 2789 existimant,
1203 2737 1324 2778 cum
1379 2738 1507 2792 erga
1557 2725 1761 2794 seipsos
1811 2725 2113 2796 falluntur;

533 2815 617 2871 vel
645 2813 790 2870 enim
817 2814 1246 2885 aspergebantur
1269 2816 1444 2884 aquis,
1483 2816 1566 2870 vel
1593 2815 1744 2872 iaces
1768 2819 1949 2888 igneas
1997 2829 2116 2873 tan-

533 2923 693 2978 quam
723 2908 776 2962 in
807 2909 997 2964 orbem
1026 2906 1494 2976 circumferentes,
1533 2912 1744 2964 animas
1779 2924 1907 2966 suas
1957 2911 2115 2967 vitio-

533 3015 654 3054 rum
690 2998 1120 3070 inquinamentis
1153 2997 1385 3054 foedatas
1409 2990 2109 3069 abstergere‘seputabant.

533 3093 688 3160 Quod
749 3103 930 3147 autem
999 3092 1318 3146 munditiem
1366 3106 1580 3146 omnem
1641 3105 1706 3147 ac
1786 3093 2110 3160 probitatem

2225 1917 2563 1987 γενήσονται.
2603 1910 2762 1968 Οὗτοι
2794 1913 2837 1965 δ’
2875 1913 2941 1966 ἂν
2990 1908 3098 1965 εἷεν
3141 1915 3188 1965 οἱ
3233 1913 3333 1982 τὴν
3373 1910 3612 1981 ἄφυκτον
3654 1909 3816 1978 δεχόο

2231 2027 2384 2080 μενοι
2411 2008 2590 2076 δίκην,
2621 2009 2716 2060 καὶ
2750 2009 2828 2070 εἰς
2862 2005 3129 2060 ἄσϐεστον
3159 2005 3445 2076 τρέχοντες
3488 2002 3679 2072 φλόγα,
3713 2001 3814 2054 καὶ

2224 2102 2431 2171 σειραῖς
2463 2099 2572 2152 τῶν
2619 2099 2766 2152 ἰδίων
2809 2096 3300 2167 πλημμελημάτων
3335 2095 3760 2165 κατεσφιγμένοι
3789 2109 3811 2125 ⁸

2224 2189 2457 2260 μάλιστα
2514 2188 2570 2241 δὲ
2617 2188 2729 2241 τῶν
2780 2187 2954 2242 ἄλλων
3017 2189 3473 2259 ὑπενεχθήσονται
3536 2191 3602 2257 τῇ
3656 2187 3810 2258 δίκῃ,

2226 2282 2417 2350 φησὶν,
2467 2283 2514 2333 οί
2565 2279 2909 2349 ἁγνιζόμενοι
2955 2281 3051 2334 καὶ
3097 2281 3519 2352 καθαριζόμενοι
3563 2281 3643 2342 εἰς
3679 2281 3811 2342 τους

2221 2372 2454 2442 κήπους,
2501 2370 2817 2438 τουτέστιν,
2875 2371 2925 2422 oi
2975 2371 3364 2439 παρωσάμενοι
3415 2371 3513 2439 μὲν
3562 2368 3660 2438 τήν
3717 2367 3808 2420 διὰ

2219 2460 2458 2532 Χριστοῦ
2486 2460 2775 2532 λύτρωσιν,
2803 2462 2898 2515 καὶ
2927 2461 3028 2532 τὴν
3057 2460 3146 2514 διὰ
3175 2461 3268 2514 τοῦ
3304 2461 3460 2529 ἁγίου
3488 2459 3802 2529 βαπτίσμα-

2217 2570 2310 2616 τες
2337 2553 2703 2624 ἀτιμάσαντες
2728 2554 2910 2624 χάριν,
2963 2551 3277 2606 δικαιοῦσαν
3322 2553 3414 2604 τὸν
3450 2550 3639 2620 ἀσεϐῆ,
3696 2549 3805 2602 καὶ

2219 2643 2420 2705 παντὸς
2451 2644 2778 2712 αίτιὰματος
2806 2643 3245 2697 ἀπαλλάττουσαν
3288 2644 3411 2706 τοὺς
3453 2645 3574 2705 ταῖς
3614 2642 3808 2713 ἀμαρ-

2216 2733 2361 2796 τίαις
2393 2733 2839 2804 μεμολυσμένους
2865 2751 2881 2790 τ
2910 2734 3284 2805 ἀγαπήσαντες
3315 2733 3374 2788 δὲ
3407 2732 3609 2804 μᾶλλον
3649 2734 3712 2786 τὸ
3746 2736 3807 2787 ἐν

2216 2824 2397 2898 πλάνῃ
2471 2826 2567 2879 καὶ⁵
2607 2826 2801 2899 ἀγνοίᾳ
2847 2829 3187 2898 περιπατεῖν,
3231 2827 3328 2879 καὶ
3364 2826 3506 2889 θεοῖς
3543 2829 3656 2890 τοῖς
3705 2827 3804 2879 οὐκ

2216 2913 2337 2971 οὖσι
2364 2921 2710 2989 προσκυνεῖν,
2764 2920 2813 2973 οἳ
2850 2920 2946 2973 καὶ
2987 2921 3282 2991 κέχρηνται
3326 2922 3804 2992 περιρῤαντηρίοις

2216 3007 2547 3079 ἀκαθάρτοις
2587 3011 2681 3063 καὶ
2716 3012 3005 3082 ῥυπαροῖς.
3057 3011 3504 3082 Περιαγνὲζονται
3551 3013 3678 3084 γὰρ,
3726 3013 3802 3078 ὡς

2216 3103 2346 3172 γοῦν
2376 3105 2601 3170 οἴονται,
2638 3105 2778 3160 κατά
2807 3108 2948 3176 σφᾶς
2977 3108 3175 3171 αὐτοὺς
3204 3107 3508 3170 πλανῶντες
3542 3107 3630 3159 καὶ
3663 3106 3798 3158 πλα-

531 3199 757 3254 prorsus
779 3183 1142 3254 neglexerint,
1175 3191 1230 3237 et
1289 3197 1356 3237 ne
1394 3185 1624 3236 humana
1677 3185 1891 3250 quidem
1934 3195 2111 3240 mente

2217 3194 2469 3264 νώμενοι.
2507 3198 2579 3249 ’Ἦ
2606 3199 2716 3268 γὰρ
2758 3197 2911 3251 ὕδασι
2952 3199 3389 3269 κατερῤαίνοντο,
3427 3200 3586 3269 ήγουν
3619 3197 3792 3268 δᾷδας

530 3272 740 3342 praediti
790 3272 1012 3335 iuerint,
1066 3273 1162 3324 sed
1223 3271 1488 3339 iumentis
1542 3271 1930 3339 insipientibus
1977 3274 2113 3328 assi-

532 3365 708 3429 tniles,
736 3363 992 3424 ostendit,
1015 3375 1138 3414 cum
1164 3361 1331 3415 dicit:
1362 3359 1663 3430 Expiantttr
1693 3364 1745 3417 itt
1804 3365 2000 3431 hortis,
2057 3365 2110 3421 id

533 3465 640 3521 est,
681 3454 735 3506 in
768 3451 1089 3506 nemoribus
1127 3451 1211 3505 vel
1231 3451 1407 3517 silvis,
1438 3454 1539 3507 sub
1557 3467 1760 3521 quercu
1816 3464 1872 3509 et
1915 3456 2112 3526 populo

531 3557 586 3600 et
625 3545 820 3598 arbore
879 3545 1153 3597 umbrosa.
1209 3543 1649 3599 Exstruebantur
1711 3561 1945 3615 namque
2002 3549 2111 3604 illic

531 3638 599 3693 ab
630 3638 757 3708 ipsis
819 3652 929 3691 ara:
949 3645 1003 3692 et
1055 3637 1275 3692 delubra
1319 3638 1672 3705 daemonibus,
1716 3640 1770 3694 in
1828 3643 2108 3698 vestibulis

529 3739 710 3784 autem
767 3729 1116 3784 delttbrorum
1171 3729 1428 3785 carnibus
1499 3730 1674 3787 suillis
1728 3734 2104 3789 vescebantur.

529 3824 683 3890 Quod
714 3823 927 3892 quidem
950 3831 1327 3891 argumentum
1349 3832 1435 3876 est
1479 3822 1726 3879 luxuriae.
1791 3826 2107 3882 Adorahant

533 3910 960 3971 abontinationes
1003 3923 1055 3968 et
1101 3931 1330 3970 murem.
1357 3914 1436 3969 Eo
1489 3920 1632 3970 enim
1669 3917 1912 3972 stultitiae
1971 3919 2104 3988 lapsi

527 4017 687 4063 erant
723 4007 1084 4076 superstitiosi
1109 4007 1334 4074 aliquot,
1358 4017 1415 4060 ut
1444 4009 1608 4061 etiam
1643 4010 1873 4062 murium
1901 4021 2104 4065 statuas

526 4115 590 4156 ac
620 4100 820 4168 ﬁguras
847 4100 1130 4153 haberent.
1207 4098 1313 4152 Sed
1345 4100 1396 4152 lti
1427 4113 1636 4166 omnes,
1697 4099 1891 4168 inquit,
1944 4100 2103 4154 simul

525 4201 934 4257 consumentttr,
955 4191 1006 4245 id
1027 4190 1344 4260 est,pariter
1363 4206 1484 4244 cntn
1509 4191 1697 4244 lsraeli
1715 4193 1781 4245 tis
1803 4193 1893 4261 qtti
1914 4193 2103 4248 inobe-

525 4281 736 4336 dientes
783 4279 1022 4335 fuerunt.
1081 4281 1294 4335 Etenim
1329 4298 1348 4331 ι
1388 4279 1500 4352 Ego
1522 4282 1642 4335 novi
1671 4297 1834 4351 opera
1887 4297 2095 4352 eorum,

520 4382 578 4428 et
603 4373 992 4443 cogitationem
1023 4385 1233 4428 eorum.
1274 4389 1294 4423 ι
1345 4372 1737 4442 Cogitationetn
1766 4375 1890 4429 dicit
1934 4376 2102 4430 ratio-

523 4464 686 4530 cinia,
735 4479 856 4536 qua:
875 4464 1068 4527 secuti,
1095 4463 1236 4518 [ωδε
1267 4464 1380 4517 haec
1438 4462 1677 4519 facinora
1726 4467 2093 4522 invenerunt:

2216 3287 2328 3358 πῦρ
2361 3290 2806 3361 περιενεγκόντες
2839 3289 3046 3360 κύκλῳ,
3095 3291 3413 3361 διασμήχειν
3446 3289 3545 3352 τὰς
3587 3287 3800 3342 ἑαυτῶν

2212 3379 2393 3451 ψυχὰς
2422 3379 2528 3434 τῶν
2562 3383 2626 3434 ὲκ
2657 3380 2992 3453 φαυλότητος
3020 3382 3300 3452 λογισμῶν
3328 3382 3437 3453 [αι.
3465 3379 3795 3454 μολυσμῶν]

2211 3468 2403 3541 ᾤοντο.
2445 3471 2570 3524 Ὀτι
2623 3472 2678 3524 δὲ
2726 3473 3082 3544 κοσμιότητος
3133 3475 3228 3525 καὶ
3279 3473 3574 3533 ἐπιεικείας
3619 3469 3799 3533 οὐδεὶς

2211 3563 2328 3616 ἐστι
2359 3563 2641 3626 παντελῶς
2665 3565 2817 3634 παρά
2849 3582 2913 3632 γε
2940 3567 3063 3628 τοῖς.
3089 3564 3351 3627 τοιούτοις
3387 3566 3415 3615 ό
3459 3563 3635 3628 λόγος,
3678 3561 3795 3615 ἀλλ⁹

2210 3654 2332 3707 οὐδὲ
2377 3654 2502 3719 νοῦς
2548 3655 3054 3726 ἁνθρωποπρεπής,
3107 3653 3669 3726 παρασυνεὸλήθησαν
3736 3651 3793 3704 δὲ

2213 3746 2413 3816 μᾶλλον
2469 3751 2582 3810 τοῖς
2635 3751 2858 3818 κτήνεσι
2914 3751 3027 3811 τοῖς
3096 3747 3365 3816 ἀνοήτοις,
3435 3745 3796 3798 διαδείκνυσιν

2209 3836 2400 3901 είπὼν,
2432 3838 2514 3890 ὃτι
2558 3837 2868 3906 ἀγνίζονται
2907 3839 3005 3906 μὲν
3046 3839 3103 3890 ὲν
3133 3838 3348 3906 κήποις,
3388 3834 3683 3896 τουτέστιν,
3737 3833 3796 3884 ὲν

2210 3932 2324 3992 τοῖς
2378 3930 2620 3995 ἄλσεσιν,
2656 3932 2824 4001 ἤγουν
2867 3930 3125 4001 δρυμοῖς,
3172 3928 3429 3980 ὑποκάτω
3481 3925 3640 3994 δρυὸς
3697 3920 3796 3976 καὶ

2204 4017 2420 4089 λεύκης,
2465 4021 2556 4073 καὶ
2586 4022 2800 4092 δένδρου
2849 4021 3249 4084 συσκιάζοντος.
3307 4016 3778 4086 Ἐξῳκοδόμηνται

2203 4111 2313 4181 γὰρ
2341 4111 2470 4181 παρ’
2493 4112 2670 4164 αὐτῶν
2705 4114 2899 4165 αὐτόσε
2947 4112 3119 4184 βωμοὶ
3161 4113 3252 4165 καὶ
3290 4110 3492 4181 τεμένη
3525 4111 3635 4171 τοῖς
3673 4106 3790 4198 δαί-ξ

2206 4219 2385 4272 μοσιν,
2429 4204 2488 4255 ὲν
2528 4203 2585 4256 δὲ
2627 4208 2741 4267 τοῖς
2801 4204 3094 4276 προθύροις
3143 4205 3251 4257 τῶν
3310 4201 3551 4272 τεμενῶν
3599 4196 3790 4269 ἡσθιοὺ

2202 4294 2372 4363 κρέας
2396 4293 2561 4350 ῦειον.
2617 4297 2916 4364 Ἀπόδειξις
2943 4298 2998 4351 δὲ
3030 4297 3123 4350 καὶ
3152 4297 3310 4349 τοῦτο
3335 4295 3563 4364 τρυφῆς.
3611 4293 3792 4361 Προσ-

2201 4383 2429 4438 εκύνουν
2463 4388 2519 4440 δὲ
2549 4391 2646 4441 καὶ
2698 4389 2764 4442 τὰ
2801 4391 3142 4461 βδελύγματα
3189 4390 3283 4441 καὶ
3328 4388 3417 4438 τὸν
3468 4383 3591 4455 μῦν.
3637 4382 3798 4435 Καθ-

2204 4476 2379 4530 ίκοντο
2407 4479 2515 4550 γὰρ
2549 4481 2677 4545 ἴσως
2695 4483 2773 4545 είς
2813 4481 2971 4535 τοῦτο
3017 4479 3437 4553 φρενοΰλαὸείας
3473 4477 3584 4530 τῶν
3622 4475 3795 4527 δεισι-

523 4559 665 4611 unde
704 4557 818 4610 ista:
869 4555 1030 4609 etiam
1077 4555 1508 4610 abontittationes
1569 4558 1925 4627 irrepserunt,
1973 4575 2095 4614 cum

2217 4568 2468 4638 ῑαιμόνων
2500 4571 2664 4634 τινὲς,
2699 4571 2774 4634 ὡς
2814 4573 2905 4625 καὶ
2955 4573 3105 4642 μυῶν
3149 4571 3291 4642 ἔχειν
3323 4572 3378 4622 ἐν
3419 4571 3604 4638 σηκοῖς
3639 4566 3797 4637 ἱδρύ-

521 4660 686 4698 ttntttn
712 4654 902 4696 natura
932 4655 985 4698 et
1017 4660 1141 4699 vere
1188 4643 1355 4699 Deum
1383 4646 1559 4701 colere
1587 4650 1934 4717 oportuisset.

2217 4661 2352 4726 ματά
2380 4677 2440 4712 τε
2474 4661 2568 4712 καὶ
2595 4661 2822 4725 τύπους.
2859 4663 3000 4714 Ἀλλ’
3022 4657 3164 4716 οὗτοι
3199 4663 3421 4724 πάντες,
3465 4659 3652 4728 φησὶν,
3695 4657 3796 4708 ἐπὶ

519 4735 582 4787 τὸ
628 4733 760 4786 αὐτὸ
803 4732 1262 4804 ἀναλωθήσονται,
1305 4738 1601 4804 τουτέστιν,
1659 4739 1795 4810 ὁμοῦ
1861 4743 1976 4806 τοῖς
2024 4744 2388 4818 ἀπειθήσασιν
2442 4751 2500 4816 ἐξ
2571 4751 2822 4824 Ἰσραήλο
2855 4772 2875 4805 ε
2929 4753 3072 4822 Ἐγὼ
3115 4752 3223 4824 γὰρ
3279 4752 3448 4819 ἔγνων
3518 4749 3586 4801 τὰ
3643 4746 3800 4817 ἔργα

517 4827 700 4882 αὐτῶν
731 4828 943 4882 καὶτὸν
993 4827 1250 4899 λογισμὸν
1275 4831 1474 4886 αὐτῶν.
1503 4852 1521 4884 ι
1565 4835 1840 4907 Λογισμὸν
1873 4836 1928 4890 δέ
1966 4857 2097 4909 φησι
2170 4844 2269 4908 τὰς
2306 4844 2647 4918 ἐνθυμήσεις,
2682 4843 2769 4913 αἷς
2826 4848 3289 4920 ἀκολουθήσαντες
3312 4845 3549 4917 αἰσχρῶν
3585 4845 3804 4911 ἐπιχειο

521 4925 783 4995 ρημάτων
811 4922 1097 4993 γεγόνασιν
1127 4925 1369 4996 εὑρεταὶ,
1398 4927 1464 4980 δι’
1493 4921 1567 4983 ὧν
1606 4930 1789 4995 αὐτοῖς
1818 4934 1912 4986 καὶ
1966 4937 1998 5005 ή
2060 4936 2166 4990 τῶν
2207 4939 2591 5012 βδελυγμάτων
2631 4945 2854 5014 γέγονεν
2895 4943 3144 5016 εἰσφορὰ,
3190 4943 3367 4996 καίτοι
3413 4941 3531 4994 δέον
3583 4940 3667 4992 ἐνὶ
3714 4939 3802 5012 τῷ

518 5021 682 5090 φύσει
729 5019 824 5073 καὶ
855 5019 1068 5089 ἀληθῶς
1094 5020 1375 5091 λατρεύειν
1405 5023 1543 5096 Θεῷ.

594 5109 752 5166 Vens.
792 5109 974 5176 i8,l9.
1016 5107 1176 5164 Vettio
1209 5121 1589 5184 utcongregem
1619 5134 1793 5174 omnes
1821 5129 1996 5189 gentes
2045 5134 2093 5175 et

2275 5125 2553 5194 Ἔρχομαι
2593 5126 2959 5196 συναγαγεῖν
2992 5126 3189 5180 πάντα
3217 5124 3288 5179 τὰ
3326 5124 3492 5192 ἔθνη,
3531 5125 3634 5178 καὶ
3679 5129 3802 5194 τὰς

515 5202 748 5272 linguas.
776 5200 846 5254 Et
890 5202 1114 5266 venient,
1168 5221 1230 5256 ac
1255 5204 1500 5259 videbunt
1528 5208 1753 5276 gloriam
1790 5227 1960 5264 meam
1986 5226 2004 5265 :
2053 5223 2101 5268 et

2217 5216 2501 5282 ρλὼσσας.
2541 5219 2650 5270 Καὶ
2689 5218 2929 5287 ἥξοι-σι,
2988 5219 3086 5274 καὶ
3133 5218 3386 5287 ὄψονται
3429 5215 3545 5284 τὴν
3590 5215 3800 5281 δόξαν

514 5293 776 5346 dimittam
827 5310 983 5362 super
1039 5311 1124 5349 eos
1158 5297 1399 5365 signum:
1651 5312 1696 5354 et
1755 5304 1988 5358 emittam
2035 5323 2100 5359 ex

2219 5326 2330 5374 (ου,
2391 5309 2492 5362 καὶ
2555 5311 2900 5378 καταλείψω
2947 5311 3039 5363 ἐπ’
3094 5308 3317 5374 αὐτοὺς
3370 5306 3625 5377 σημεῖα,
3687 5309 3800 5362 και

520 5383 632 5436 illis
658 5387 753 5451 qui
787 5385 979 5439 saluati
1028 5386 1222 5456 fuerint
1253 5391 1321 5440 ad
1357 5401 1553 5457 gentes,
1589 5401 1638 5446 et
1682 5393 1750 5445 ad
1791 5393 2022 5460 Tharst's,
2047 5409 2099 5453 et

2217 5397 2581 5462 ⁵ξαποστελιίζι
2608 5401 2676 5464 ἐξ
2703 5399 2903 5454 αὐτῶν
2941 5398 3369 5470 σεσωσμένους
3394 5401 3482 5465 είς
3506 5400 3578 5450 τὰ
3607 5398 3797 5466 ἔθνη,

513 5473 570 5526 in
599 5471 937 5541 Phud,Lttd,
968 5476 1204 5546 Mosoch,
1253 5490 1303 5535 et
1352 5480 1563 5549 Thobel,
1625 5495 1672 5538 et
1707 5486 1762 5540 in
1811 5486 2090 5555 Greciam,

2217 5492 2286 5547 :al
2313 5494 2396 5558 εις
2419 5493 2687 5561 Θαρσεῖς,
2722 5494 2818 5547 καὶ
2864 5494 3043 5560 eoae,
3063 5494 3159 5547 καὶ
3185 5492 3346 5548 Λοὺδ
3365 5532 3380 5556 ,
3413 5491 3509 5545 καὶ
3541 5491 3799 5560 Μοσὸχ,

512 5573 564 5618 et
607 5563 810 5618 insulas
836 5579 1080 5635 remotas,
1103 5572 1194 5641 qui
1225 5588 1328 5626 non
1346 5573 1625 5629 audierunt
1655 5593 1838 5634 nomen
1893 5596 2085 5645 meum,

2217 5584 2289 5637 ταὶ
2321 5583 2526 5653 Θοϐὲιι,
2563 5585 2660 5640 καὶ
2683 5588 2768 5654 εἰς
2812 5586 2926 5656 τὴν
2971 5584 3256 5652 Ἐλλάδα,
3290 5584 3388 5638 καὶ
3417 5585 3504 5651 εὶς
3531 5583 3634 5648 τὰς
3671 5580 3801 5652 νή·-

580 5736 628 5769 ⁴⁰
651 5737 796 5796 l’sal.
826 5754 993 5808 van,
1020 5741 1106 5795 l8.
1186 5745 1224 5775 ¹¹
1257 5743 1447 5802 Matth.
1486 5765 1610 5817 xxv,
1643 5751 1762 5812 4L
