4090 6216
345 335 484 392 1345

343 467 499 516 σονς
525 448 630 517 τὰς
656 449 873 517 adﬁatu,
908 447 966 500 οἳ
997 447 1107 500 οὐκ
1133 445 1438 514 ἀκηκόασί
1463 462 1582 514 μου
1610 445 1678 498 τὸ
1718 445 1924 513 ὄνομα,
1954 477 1999 526 Α

343 544 488 598 οὐδὲ
529 540 821 609 ἑωράκασι
862 537 977 606 τὴν
1005 538 1194 602 δόξαν
1214 555 1356 607 μου,
1388 537 1485 590 καί
1517 537 1921 608 ararit-73.10170!

340 653 444 705 μοι
472 635 588 702 τὴν
608 631 797 696 δόξαν
820 630 891 684 ἐν
916 630 1043 696 τοῖς
1077 631 1336 684 ἔθνεσιν.

442 722 924 792 ⁴Ανεικεφαλαίωσιν
964 721 1151 791 ὥσπερ
1193 722 1316 775 τινὰ
1349 720 1443 774 τοῦ
1493 721 1689 783 παντὸς
1735 719 1915 788 λόγου,

345 817 438 868 καὶ
471 815 684 882 ἁπάσης
731 815 1070 884 προφητείας
1111 813 1198 867 διὰ
1237 814 1466 866 τουτωνὶ
1503 816 1738 866 ποιεῖται
1784 815 1919 883 Χρι-

347 908 486 968 στὸς,
518 906 610 958 καὶ
635 905 713 967 ὡς
745 907 802 957 ἐν
860 904 1084 974 βραχέσι
1123 906 1217 958 καὶ
1250 905 1696 974 συνεσταλμένως
1736 905 1918 972 ἀπαγο

345 998 519 1067 γέλλει
568 996 638 1049 τὰ
693 996 789 1049 ἀπ’
841 995 1017 1066 ἀρχῆς
1056 997 1220 1067 μέχρι
1260 997 1468 1060 τέλους.
1499 996 1595 1050 καὶ
1639 996 1738 1066 τῆς
1780 994 1918 1067 μετὰ

342 1089 543 1160 σᾳρκὸς
588 1085 902 1156 οἰκονομίας
945 1087 1045 1154 τὴν
1087 1087 1335 1158 δύναμιν.
1387 1088 1766 1158 Διαμέμνηται
1808 1087 1916 1160 γὰρ

339 1181 434 1233 καὶ
464 1180 562 1249 τῆς
585 1177 832 1248 κλήσεως
854 1177 964 1229 τῶν
993 1176 1180 1244 ἐθνῶν,
1209 1180 1304 1231 καὶ
1330 1180 1428 1249 τῆς
1451 1180 1560 1232 τῶν
1583 1181 1754 1247 ἁγίων
1781 1181 1918 1233 ἀπο-

339 1271 544 1325 σ;όλων
586 1267 926 1334 ἀναδείξεως,
971 1271 1064 1323 καὶ
1095 1271 1176 1324 ὃτι
1214 1272 1722 1344 προσκυνηθήσεται
1763 1273 1916 1342 παρὰ

339 1362 524 1434 πάσης
553 1363 652 1433 τῆς
681 1363 771 1414 ὑπ’
793 1361 1040 1431 οὐρανόν.
1090 1362 1146 1415 '0
1176 1364 1273 1432 μὲν
1301 1363 1409 1433 γὰρ
1444 1363 1611 1415 πάλαι
1641 1365 1823 1430 νόμος,
1855 1361 1915 1415 ἓν

339 1449 433 1502 καὶ
464 1448 622 1518 μόνον
647 1443 954 1519 συνήγαγεν
969 1449 1308 1520 ἐθνος,δῆλον
1329 1451 1384 1503 δὲ
1403 1452 1562 1504 ὅτιτὸ
1586 1452 1646 1516 ἐξ
1675 1451 1910 1522 Ἰσραὴλ,

338 1541 433 1595 καὶ
469 1541 598 1610 μίαν
627 1541 850 1594 ἐκάλεσε
882 1540 1155 1608 γλῶσσαν.
1187 1541 1246 1596 '0
1288 1542 1346 1595 δὲ
1373 1543 1576 1612 Κύριος
1615 1543 1773 1614 ἡμῶν
1811 1543 1914 1611 ἰη-

339 1633 465 1696 σοῦς
496 1633 728 1704 Χριστὸς
772 1632 894 1702 οὐχὶ
939 1633 1120 1702 μόνοις
1165 1635 1279 1696 τοῖς
1309 1634 1368 1700 ἐξ
1405 1634 1636 1703 αἵματος
1673 1634 1908 1706 Ἰσραὴλ,

333 1723 434 1791 τῆς
464 1724 601 1793 μετὰ
636 1723 834 1794 σαρκὸς
868 1724 1175 1794 οἰκονομίας
1204 1725 1304 1795 τὴν
1346 1725 1575 1795 δύναμιν
1605 1727 1908 1797 ἐχαρίζετο,

335 1815 474 1867 ἀλλὰ
517 1815 620 1884 γὰρ
662 1815 803 1868 ἔθνει
836 1817 998 1867 παντὶ
1046 1817 1138 1868 καὶ
1173 1815 1409 1878 ἁπάσαις
1440 1815 1732 1882 γλώσσαις,
1769 1816 1912 1886 Ἔφη

334 1905 466 1974 γοῦν
510 1905 598 1958 διὰ
653 1907 752 1976 τῆς
797 1907 890 1959 τοῦ
940 1907 1245 1970 Ψάλλοντος
1283 1905 1483 1976 λύραςο
1531 1923 1552 1958 s
1621 1905 1912 1959 Ἀκούσατε

337 1994 532 2061 ταῦτα,
559 1996 738 2050 πάντα
769 1997 836 2050 τὰ
856 1997 982 2068 ἔθνη
1005 2013 1018 2027 ’
1051 1997 1400 2061 ἐνωτίσασθε,
1425 1996 1624 2060 πάντες
1656 2000 1703 2050 oi
1733 2015 1914 2050 κατοι-

335 2086 557 2151 κοῦντες
581 2088 680 2159 τὴν
719 2089 1041 2158 οἰκουμένην
1065 2105 1078 2119 ·
1118 2106 1137 2138 ›
1173 2087 1371 2141 οὐκοῦν
1390 2088 1636 2151 ἅπαντας
1667 2088 1766 2158 μὲν
1789 2105 1913 2142 συν-

339 2175 470 2240 άξω,
498 2177 662 2246 φησίν
685 2193 698 2206 ο
735 2197 754 2228 ι
786 2178 1034 2244 "ngam,
1067 2179 1160 2230 atat
1183 2177 1404 2247 ὄψονται
1425 2177 1524 2247 τὴν
1547 2178 1703 2244 δόξαν
1737 2196 1860 2250 μου.
1883 2197 1904 2233 s

337 2267 646 2338 Κέκληνται
673 2269 782 2340 γὰρ
800 2269 888 2322 διὰ
899 2272 1156 2332 πίστεως,
1178 2269 1273 2322 καὶ
1289 2268 1339 2320 οἱ
1363 2269 1492 2324 ποτὲ
1517 2271 1735 2340 μακρὰν
1760 2271 1914 2335 ὄντες

338 2363 625 2429 γεγόνασιν
667 2363 854 2430 ἐγγυς,
898 2364 991 2414 καὶ
1040 2361 1322 2415 τεθέανται
1363 2361 1464 2433 τὴν
1509 2361 1666 2426 δόξαν
1704 2362 1868 2416 αὑτοῦ
1892 2379 1907 2394 ο

339 2453 480 2516 πῶς,
518 2452 550 2524 ἢ
587 2453 709 2507 τίνα
736 2452 960 2523 τρόπον,
986 2453 1278 2523 ’Δκηκόασι
1297 2453 1411 2524 γὰρ
1442 2453 1529 2506 διὰ
1553 2454 1662 2507 τῶν
1682 2455 1911 2524 εὐαγγε-

332 2543 498 2596 λικῶν
545 2546 939 2615 κηρυγμάτων,
972 2546 1054 2598 δτι
1088 2545 1183 2598 καὶ
1218 2545 1465 2616 ίσουργὸς
1496 2548 1589 2600 καὶ
1632 2547 1908 2618 ίσοσθενής
1947 2619 1950 2622 γ

333 2633 449 2686 ἐστι
476 2633 553 2702 τῷ
579 2632 698 2702 Θεῷ
724 2635 820 2686 καὶ
846 2635 1044 2704 Πατρὶ,
1069 2636 1164 2688 καὶ
1190 2635 1297 2689 τῶν
1324 2636 1466 2708 ὑπὲρ
1503 2636 1660 2705 λόγον
1687 2640 1910 2706 γέγονεν

331 2721 717 2791 ἀποτελεστὴς,
735 2720 877 2775 ὥστε
895 2723 991 2776 καὶ
1014 2725 1243 2796 νεκροὺς
1260 2727 1325 2779 ἐκ
1353 2743 1457 2797 μνη
1467 2728 1652 2796 μάτων
1673 2729 1903 2799 ἐγεῖραι,

333 2814 428 2880 καὶ
459 2814 678 2882 τυφλοῖς
715 2816 916 2868 ἐνεῖναι
959 2815 1020 2867 τὸ
1053 2816 1189 2883 φῶς,
1224 2815 1388 2888 ἕτερά
1431 2825 1490 2869 τε
1524 2817 1661 2888 πρὸς
1697 2818 1908 2882 τούτοις

331 2903 670 2976 ἐργάσασθαι
703 2902 774 2956 τὰ
803 2903 1004 2965 παντὸς
1042 2902 1167 2969 ἄξια
1198 2903 1294 2956 καὶ
1343 2904 1522 2971 λόγου,
1557 2906 1652 2958 καὶ
1699 2904 1909 2976 θαύμα-

331 3011 444 3059 τος.
471 2995 676 3063 Ἥγουν
699 2993 821 3048 καθ’
850 2993 1039 3064 ἕτερον
1068 2996 1292 3065 τρόπον’
1325 2994 1610 3049 τεθέανται
1630 2994 1727 3066 τὴν
1753 2995 1908 3063 δόξαν

331 3084 520 3148 αὐτοῦ,
567 3083 1089 3156 μυσταγωγηθὲντες
1133 3086 1217 3139 ὅτι
1255 3083 1387 3148 Θεὸς
1413 3079 1483 3156 ἦν
1531 3087 1559 3138 ὀ
1586 3085 1780 3153 Λόγος,
1813 3086 1908 3140 καὶ

330 3143 580 3244 γέγονεν’
599 3143 918 3247 ἄνθρωπος’
957 3176 1018 3229 οὐ
1047 3143 1157 3246 γὰρ
1190 3177 1333 3230 κατὰ
1366 3143 1494 3239 τους
1535 3143 1821 3241 Ἰουδαίους
1854 3179 1904 3231 oi
1933 3143 1980 3206 ο

333 3266 393 3332 ἐξ
426 3264 596 3320 ἐθνῶν
634 3267 926 3336 εἰρήκασισ
963 3282 982 3316 t
1028 3265 1182 3318 Διατί
1217 3265 1281 3318 σὺ
1307 3263 1590 3336 ἄνθρωπος
1614 3263 1690 3318 ὢν
1731 3267 1906 3328 ποιεῖς

334 3357 553 3410 σεαυτὸν
591 3356 762 3421 Θεόν;
815 3375 836 3408 ι
881 3355 1286 3423 Ἐπεγνωκότες
1338 3355 1396 3406 δὲ
1461 3355 1662 3425 μᾶλλον
1711 3355 1772 3408 τὸ
1818 3357 1906 3409 ἐπ’

333 3445 482 3517 αὐτῷ
516 3444 950 3516 μυστήριον,τὰς
981 3444 1129 3514 ἱερὰς
1153 3445 1368 3507 ἐκείνας
1390 3444 1662 3498 ὰναϐοῶσι
1690 3445 1904 3514 φωνάς·

339 3554 359 3589 ι
402 3537 476 3590 Σὺ
501 3533 550 3589 εἰ
574 3539 604 3592 ὁ
624 3535 858 3607 Χριστὸς
886 3538 914 3590 ὁ
948 3535 1073 3598 Υἱὸς
1095 3535 1187 3589 τοῦ
1215 3535 1348 3588 Θεοῦ
1385 3536 1480 3588 τοῦ
1506 3535 1728 3602 ζῶντος,
1769 3554 1789 3588 ι
1814 3536 1909 3589 καὶ

337 3629 443 3698 μὴν
468 3631 686 3682 κάκεῖνο
717 3628 855 3698 πρὸς
888 3625 1062 3696 τούτῳ
1093 3626 1155 3678 τὸ
1196 3626 1285 3679 διὰ
1322 3626 1431 3679 τῶν
1474 3626 1644 3695 ἁγίων
1673 3628 1907 3681 ἀποστό-

333 3723 459 3787 λων,
499 3738 519 3772 t
571 3719 811 3792 ’Δληθῶς
835 3720 969 3773 Θεοῦ
1001 3719 1127 3783 Υἱὸς
1155 3716 1224 3773 εἷ.
1263 3738 1282 3771 ι
1321 3720 1570 3773 Τέθειται
1601 3720 1658 3773 δὲ
1695 3720 1790 3772 καὶ
1819 3720 1907 3774 ἐπ’

331 3814 516 3876 αὐτοῖς
556 3815 780 3884 σημεῖον
801 3827 815 3841 ⁸
847 3812 922 3876 ὡς
951 3812 1060 3883 γὰρ
1094 3815 1121 3865 ὁ
1151 3812 1360 3874 Παῦλός
1400 3829 1564 3881 φησιν
1586 3851 1600 3876 ,
1632 3831 1650 3862 ι
1675 3813 1909 3883 Ἑσφρα-

331 3904 599 3975 γίσθημεν
631 3903 710 3974 τῷ
743 3903 1014 3974 πνεύματι
1059 3905 1158 3976 τῆς
1190 3903 1638 3972 ἀπολυτρώσεως,
1665 3906 1759 3958 καὶ
1787 3906 1909 3966 ταῖς

332 3997 587 4050 ἁπάντων
637 3995 794 4068 ἡμῶν
842 3996 1093 4066 καρδίαις
1147 3995 1500 4067 ἐνεμορφώοη
1542 3996 1777 4066 Χριστὸς
1819 3997 1908 4051 διὰ

338 4088 568 4160 μετοχῆς
583 4087 678 4140 τοῦ
700 4088 857 4156 ἁγίου
881 4087 1018 4140 Πνεύ
1027 4104 1211 4156 ματος.
1238 4105 1256 4138 ›
1291 4088 1422 4140 Ἀπὸ
1440 4087 1495 4139 δέ
1512 4104 1574 4154 γε
1590 4087 1698 4140 τῶν
1715 4089 1909 4142 ἀνασε-

336 4180 650 4250 σωσμένων,
677 4179 859 4250 φησὶν,
885 4177 1167 4231 ἀποστελῶ
1187 4179 1266 4240 είς
1299 4177 1367 4232 τὰ
1401 4178 1548 4247 ἔθνη,
1599 4180 1679 4239 εἰς
1721 4179 1908 4231 τούσδε

335 4273 429 4324 καὶ
447 4272 653 4324 τούσδε.
679 4272 848 4341 Ἔθνη
871 4271 926 4324 δὲ
947 4271 1124 4323 ταῦτα
1151 4269 1220 4322 τὰ
1247 4271 1344 4340 μὲν
1373 4273 1452 4334 είς
1478 4271 1736 4340 ἑσπέραν,
1764 4272 1830 4324 τὰ
1851 4271 1908 4326 δὲ

337 4363 416 4423 εἰς
448 4361 553 4430 ἠῶ,
584 4380 651 4414 τα
674 4363 728 4415 δὲ
761 4365 852 4416 καὶ
901 4363 959 4414 ὲν
1009 4364 1120 4423 τοῖς
1145 4360 1524 4431 βορειοτέροις,
1561 4363 1726 4431 ἧγουν
1769 4363 1910 4416 κατά

337 4455 438 4525 τὴν
475 4453 743 4523 Ἐλλήνων
781 4455 984 4525 χώραν,
1019 4455 1114 4508 καὶ
1158 4455 1238 4516 είς
1267 4453 1365 4514 τὰς
1397 4452 1654 4507 ἐπέκεινα
1693 4458 1908 4524 νήσους.
1943 4478 1986 4532 D

347 4545 550 4610 ιἘκεῖ,
572 4545 758 4613 φησὶν,
789 4545 1257 4616 ἀναγγελοῦσιτὴν
1277 4543 1418 4615 ἐμὴν
1435 4544 1610 4608 δόξαν.
1644 4564 1663 4596 ι
1697 4546 1772 4598 Οὐ
1809 4546 1912 4617 γὰρ

339 4637 695 4706 σεσιγήκασιν
724 4636 771 4687 oi
805 4635 1062 4704 μαθηταὶ,
1097 4637 1422 4707 διεκήρυξαν
1464 4635 1520 4689 δὲ
1550 4637 1824 4706 πανταχοῦ
1851 4637 1913 4690 τὸ

358 4745 361 4748 ·
394 4725 726 4794 Εὐαγγέλιον
755 4725 852 4795 τῆς
884 4724 1178 4796 βασιλείας,
1201 4726 1295 4777 καὶ
1312 4728 1420 4780 τῶν
1435 4727 1595 4799 ίερῶν
1628 4729 1910 4799 κηρυγμά-

337 4831 444 4867 των
476 4814 574 4885 τὴν
607 4814 856 4883 δύναμιν.

407 4903 517 4957 Καὶ
546 4903 765 4966 ἄξουσι
814 4902 958 4969 τοὺς
996 4902 1301 4972 ἀδελφοὺς
1347 4904 1514 4972 ὑμῶν
1552 4905 1620 4959 ἐκ
1665 4905 1908 4960 πάντων

335 4990 456 5045 τῶν
498 4991 690 5048 ἐθνῶν
729 4991 921 5062 δῶρον
963 4996 1158 5062 Κυρίῳ
1183 4995 1313 5063 μεθ’
1339 4996 1535 5049 ἵππων
1589 4998 1687 5050 καὶ
1725 4998 1909 5066 ἁρμά-

335 5101 474 5146 των,
504 5085 574 5139 ἐν
615 5084 960 5154 λαμπήναις
1007 5085 1269 5154 ἡμιόνων
1297 5086 1450 5154 μετὰ
1481 5087 1790 5153 σκιαδίων,
1819 5091 1906 5154 εἰς

336 5173 452 5242 τήν
501 5175 679 5245 ἀνίαν
709 5176 889 5230 πόλιν
928 5175 1336 5245 Ἰερουσαλὴμ,
1381 5177 1514 5230 εἷπε
1553 5179 1791 5244 Κύριος,
1826 5178 1907 5244 ὡς

336 5266 413 5320 ἂν
446 5267 808 5337 ὲνέγιιαισαν
852 5271 906 5322 οι
934 5269 1050 5323 υἱοὶ
1088 5268 1333 5336 Ἰσραὴλ
1361 5269 1490 5338 ἐμοι
1532 5269 1640 5335 τὰς
1691 5269 1908 5334 θυσίας

335 5357 536 5412 αὐτῶν
571 5359 722 5428 μετὰ
761 5360 1018 5429 ψαλμῶν
1047 5362 1135 5427 είς
1178 5359 1285 5414 τὸν
1327 5357 1498 5415 οἷκον
1536 5359 1779 5428 Kvplov,
1805 5361 1905 5415 καὶ

334 5449 437 5502 ἀπ’
506 5449 705 5504 αὐτῶν
759 5450 1028 5519 λήψομαι
1083 5451 1257 5520 ἱερεῖς
1303 5451 1402 5504 καὶ
1450 5452 1724 5519 Λευΐτας,
1772 5448 1906 5506 εἶπε

334 5540 569 5607 Κύριος.

1443 322 1511 377 IN
1551 321 1784 378 ISAIAM
1825 321 1954 377 LIB.
1997 321 2062 377 V.
2105 320 2340 380 TOMUS
2379 323 2464 380 Vl.

3460 330 3594 391 H56

2031 461 2192 515 neque
2225 445 2462 498 viderunt
2489 441 2720 514 gloriam
2751 460 2940 510 meam,
2967 447 3453 518 annuntiabuntque
3474 449 3589 520 glo-

2028 537 2161 589 riam
2194 551 2362 589 meam
2384 537 2520 588 inter
2533 542 2732 602 gentes.

2089 710 2562 779 Anacephalaeosin
2604 710 2893 780 quamdam
2922 709 3073 765 hisce
3126 712 3308 768 verbis
3343 712 3472 770 facit
3509 726 3590 771 to-

2021 801 2126 856 tius
2175 804 2439 857 orationis
2495 811 2550 856 et
2596 804 2760 859 totius
2802 803 3098 872 prophetize
3154 803 3400 860 Christus
3456 827 3470 862 :
3535 817 3592 863 et

2017 893 2256 948 breviter
2284 895 2547 964 quasique
2576 895 2849 950 succincte
2875 909 2997 964 qua:
3022 894 3089 948 ab
3139 895 3292 949 initio
3318 897 3382 949 ad
3430 899 3589 953 linem

2019 998 2186 1053 usque
2235 982 2376 1038 facta
2429 993 2574 1048 sunt,
2647 987 3007 1054 virtutemque
3059 983 3477 1054 dispensationis
3533 989 3586 1042 in

2017 1090 2180 1129 carne
2205 1076 2440 1145 expedit.
2474 1075 2877 1130 Conuuemorat
2927 1076 3072 1130 enim
3134 1086 3188 1132 et
3250 1079 3587 1132 vocationem

2015 1169 2252 1236 gentium
2293 1180 2344 1222 et
2369 1181 2681 1224 sanctorum
2727 1167 3095 1238 apostolorum
3145 1167 3585 1237 patefactionem,

2015 1270 2069 1311 et
2110 1260 2250 1327 quod
2305 1261 2375 1313 ab
2435 1262 2687 1314 universo
2739 1269 3006 1315 terrarum
3058 1262 3190 1315 orbe
3251 1259 3585 1317 adorabitur.

2020 1348 2183 1404 Vetus
2211 1350 2354 1403 enim
2383 1350 2467 1403 lex
2496 1367 2654 1405 unam
2677 1351 2846 1406 solam
2877 1363 3116 1422 gentem,
3140 1353 3391 1409 nimirum
3416 1353 3590 1409 Israe-

2016 1438 2215 1494 liticam
2237 1443 2604 1511 congregavit,
2641 1454 2692 1496 et
2717 1459 2874 1496 unam
2903 1445 3136 1513 linguam
3182 1444 3410 1498 vocavit.
3479 1446 3584 1499 Do-

2013 1528 2190 1582 minus
2213 1538 2390 1584 autem
2414 1542 2599 1584 noster
2624 1530 2781 1586 Jesus
2807 1531 3058 1586 Christus
3105 1549 3210 1587 non
3244 1534 3376 1588 solis
3411 1533 3587 1591 lsrae-

2012 1619 2160 1674 litico
2181 1623 2443 1691 sanguine
2464 1625 2597 1678 ortis
2621 1624 2874 1678 virtutem
2899 1625 3324 1694 dispensationis
3360 1626 3412 1678 in
3466 1643 3587 1680 car-

2015 1725 2082 1766 ne
2109 1712 2395 1780 impertiit,
2421 1713 2515 1768 sed
2554 1715 2699 1768 omni
2725 1726 2782 1769 et
2800 1716 2944 1783 genti
2969 1727 3026 1770 et
3065 1715 3278 1783 linguae.
3303 1718 3584 1786 Siquidem

1944 1803 1988 1859 li
2017 1805 2150 1858 dixit
2182 1819 2280 1873 per
2337 1805 2507 1876 lyram
2557 1806 2840 1862 Psallentis
2870 1827 2883 1862 :
2945 1827 2966 1861 ι
2993 1811 3188 1864 Audite
3237 1811 3370 1875 haec,
3394 1826 3585 1866 omnes

2013 1905 2224 1964 gentes;
2264 1898 2567 1953 auscultate
2615 1914 2803 1954 omnes
2835 1901 2925 1968 qui
2985 1901 3240 1954 habitatis
3287 1903 3578 1955 Orbem“.s

2013 1985 2246 2042 Proinde
2291 2004 2502 2055 Omnes,
2541 1992 2752 2062 inquit,
2778 1995 3139 2063 congregatio.
3193 2011 3211 2044 α
3243 1993 3495 2056 Venient,
3529 2003 3584 2049 et

2014 2077 2270 2132 videbunt
2331 2081 2558 2151 gloriam
2616 2098 2811 2138 meam.
2844 2101 2866 2135 ι
2916 2083 3048 2137 Nam
3120 2100 3217 2154 per
3275 2086 3432 2139 [idem
3492 2101 3586 2138 vo-

2013 2170 2116 2223 cati
2177 2181 2341 2237 sunt,
2389 2182 2444 2226 et
2482 2175 2571 2242 qui
2614 2177 2885 2243 quondam
2934 2176 3160 2230 aberant
3210 2178 3417 2244 procul,
3458 2176 3585 2230 lacti

2011 2270 2139 2314 Sunt
2167 2263 2472 2331 propinqui,
2515 2275 2570 2316 et
2606 2266 2952 2334 contemplati
3006 2277 3132 2321 sunt
3183 2268 3408 2337 gloriam
3447 2268 3584 2334 ejus.

2012 2347 2116 2414 Qui
2161 2358 2216 2405 et
2265 2353 2569 2419 quomodo?
2621 2354 2955 2408 Audiverunt
3016 2357 3158 2408 enim
3205 2372 3270 2409 ex
3311 2355 3584 2426 Evangelii

2009 2439 2412 2510 praedicatione,
2435 2459 2556 2498 eum
2585 2445 2844 2514 aequalem
2875 2455 2985 2498 tum
3033 2446 3283 2514 cperibus
3327 2457 3436 2500 tum
3491 2461 3587 2516 po-

2011 2531 2178 2584 tentia
2220 2531 2330 2587 Deo
2382 2543 2438 2588 et
2482 2533 2628 2588 Patri
2677 2548 2822 2598 esse,
2878 2547 2933 2590 et
2962 2550 3026 2589 ea
3077 2537 3307 2606 gessisse
3351 2550 3472 2603 qua:
3497 2550 3587 2590 ex-

2009 2623 2198 2690 plicari
2223 2627 2403 2680 verbis
2433 2641 2539 2680 non
2577 2637 2824 2694 possunt,
2853 2627 2987 2680 adeo
3015 2635 3072 2679 ut
3112 2635 3351 2681 mortuos
3379 2628 3585 2682 excita-

2008 2711 2080 2767 rit
2099 2727 2130 2766 e
2159 2715 2539 2780 monumentis,
2560 2723 2615 2768 et
2637 2715 2794 2769 caecis
2821 2715 3000 2769 lumen
3036 2716 3344 2781 immiserit,
3371 2717 3588 2786 aliaque

2006 2803 2075 2856 ad
2106 2804 2220 2857 hac
2245 2813 2500 2870 operatus
2524 2802 2706 2869 fuerit,
2741 2819 2860 2873 quae
2891 2818 2991 2858 nec
3037 2819 3295 2861 enarrare
3337 2822 3437 2862 nec
3487 2809 3586 2861 ad-

2007 2893 2196 2948 mirari
2236 2895 2368 2948 satis
2425 2909 2731 2964 possumus.
2789 2893 2882 2950 Vel
2938 2895 3047 2950 alio
3090 2897 3248 2951 modo
3285 2915 3299 2951 :
3334 2899 3586 2954 viderunt

2008 2984 2235 3055 gloriam
2265 2983 2408 3053 ejus,
2453 2987 2680 3040 instituti
2705 2996 2761 3041 et
2786 2987 2982 3052 edocti,
3017 2986 3182 3042 Deum
3199 3003 3320 3043 esse
3350 2987 3583 3045 Verbum

2008 3087 2065 3130 et
2095 3076 2372 3131 hominem
2400 3091 2522 3132 esse
2548 3076 2771 3133 factum.
2800 3073 2916 3132 Non
2941 3077 3106 3143 enim,
3149 3089 3207 3133 ut
3253 3077 3446 3144 Judaei,
3504 3086 3584 3136 sic

2009 3178 2197 3237 gentes
2224 3168 2510 3223 dixerunt:
2548 3185 2568 3220 ι
2611 3168 2793 3235 Quare
2831 3179 2888 3223 tu
2947 3185 3070 3224 cum
3099 3170 3176 3224 sis
3225 3171 3403 3236 homo,
3452 3172 3588 3227 lat-is

2010 3269 2064 3314 te
2103 3260 2280 3331 ipsum
2337 3261 2671 3315 Deum”?s
2730 3263 2842 3317 lmo
2895 3279 3016 3318 eum
3068 3264 3414 3332 agnovissent
3469 3265 3587 3332 ejus

2007 3353 2348 3420 mysterium,
2406 3367 2594 3408 sacras
2653 3352 2769 3408 illas
2830 3363 3081 3408 resonant
3130 3369 3364 3410 voceszt
3402 3355 3478 3409 Tu
3525 3371 3586 3410 es

2007 3441 2251 3497 Christus
2279 3441 2448 3496 Filius
2472 3444 2563 3496 Dei
2597 3444 2827 3499 viventis
2852 3445 2956 3499 ιδ.»
2986 3446 3053 3499 Et
3075 3446 3204 3501 illud
3231 3463 3411 3515 porro,
3443 3449 3583 3518 quod

2007 3543 2041 3584 a
2071 3531 2276 3584 sanctis
2303 3530 2562 3598 apostolis
2594 3533 2794 3585 dictum
2856 3543 2940 3588 est
2967 3551 2980 3587 ;
3019 3552 3036 3586 ι
3093 3534 3230 3590 Vere
3290 3535 3383 3593 Dei
3414 3537 3584 3593 Filius

2008 3633 2068 3674 es
2103 3619 2165 3673 ³⁸.
2198 3638 2218 3672 s
2250 3620 2461 3675 Editum
2495 3632 2578 3675 est
2603 3637 2816 3690 quoque
2860 3626 3073 3694 signum
3109 3628 3249 3694 apud
3280 3641 3395 3681 eos.
3424 3625 3581 3697 Nam,

2009 3720 2065 3764 ut
2101 3710 2298 3765 Paulus
2318 3711 2436 3766 ait:
2481 3730 2500 3763 r
2530 3712 2804 3782 Obsiguati
2857 3729 3042 3770 sumus
3099 3718 3290 3784 spiritu
3353 3721 3584 3786 promis-

2007 3801 2197 3864 sionis,
2229 3803 2543 3856 etomnium
2569 3805 2821 3860 cordibus
2849 3806 3144 3874 impressus
3175 3819 3229 3861 et
3262 3808 3582 3864 informatus

2007 3902 2092 3947 est
2121 3893 2368 3948 Christus
2393 3896 2812 3966 participatione
2856 3897 3033 3951 sancti
3085 3899 3321 3967 Spiritus
3352 3901 3418 3954 η.
3453 3921 3469 3952 ι
3505 3901 3583 3954 Ex

2011 3984 2077 4040 iis
2108 3985 2415 4054 quisalvati
2461 3986 2684 4054 fuerint,
2742 3989 2935 4058 inquit,
2971 3991 3211 4044 emittam
3269 3991 3333 4046 ad
3390 4007 3583 4061 gentes

2010 4077 2145 4132 alias
2179 4089 2340 4147 atque
2365 4079 2520 4134 alias.
2554 4080 2692 4134 Sunt
2716 4083 2858 4135 enim
2911 4093 3097 4150 gentes
3136 4082 3238 4142 lim,
3272 4086 3462 4151 partim
3515 4087 3582 4137 ad

2011 4171 2365 4236 occidentem,
2421 4173 2616 4240 partim
2655 4174 2719 4224 ad
2788 4171 3278 4242 orientem.918
3337 4175 3578 4242 quaedam

2013 4261 2063 4314 in
2094 4261 2262 4331 plagis
2297 4264 2364 4316 ad
2389 4263 2692 4332 aquilonem
2737 4264 3103 4332 vergentibus,
3155 4278 3208 4316 et
3256 4265 3306 4316 in
3363 4266 3583 4332 regione

2012 4349 2322 4404 Gra'corum
2369 4367 2434 4405 ac
2475 4353 2665 4405 insulis
2727 4352 3091 4405 ulterioribus.
3131 4371 3147 4401 ι
3186 4350 3330 4414 lllic,
3383 4352 3576 4420 inquit,

2016 4442 2412 4496 annnntiabuut
2441 4443 2666 4512 gloriam
2699 4458 2926 4496 meam.»
2958 4440 3074 4495 Non
3125 4443 3267 4498 enim
3310 4443 3575 4498 silui-runt

2018 4534 2283 4602 discipuli,
2337 4537 2434 4590 sed
2497 4537 2693 4603 ubique
2718 4533 3065 4604 Evangelium
3097 4535 3247 4606 regni
3293 4544 3349 4591 et
3407 4549 3579 4591 sacra:

2009 4624 2406 4692 praedicationis
2431 4625 2682 4678 virtutem
2735 4625 3116 4693 przetlicaruut.

2076 4904 2239 4962 Vens.
2277 4905 2368 4974 20,
2395 4907 2485 4963 21.
2516 4908 2584 4962 Et
2609 4910 2866 4964 adducent
2900 4911 3095 4980 fratres
3132 4921 3323 4964 uestros
3356 4927 3422 4965 ea:
3467 4928 3580 4964 om.

2011 5001 2162 5052 nibus
2193 5000 2430 5070 gentibus
2466 5003 2660 5055 donum
2699 5001 2923 5056 Domino
2970 5019 3086 5056 cum
3113 5005 3278 5070 equis,
3335 5005 3578 5056 curribus

2011 5103 2061 5147 et
2109 5095 2304 5149 lecticis
2354 5095 2638 5161 mulorum,
2701 5113 2819 5151 cum
2870 5097 3192 5152 umbraculis
3242 5099 3296 5152 in
3341 5111 3577 5152 sanctam

2013 5184 2271 5238 civitatem
2326 5184 2643 5252 Jerusalem,
2669 5187 2802 5240 dixit
2835 5186 3128 5240 Dominus:
3158 5189 3309 5251 quasi
3355 5186 3580 5256 aferant

2004 5273 2108 5343 ﬁlii
2168 5274 2341 5331 Israel
2392 5279 2522 5332 mihi
2556 5279 2755 5332 hostias
2792 5294 2918 5332 suae
2953 5295 3069 5332 rum
3115 5278 3332 5346 psalmis
3378 5283 3432 5332 in
3479 5281 3579 5332 do-

2008 5381 2148 5418 mum
2179 5366 2416 5432 Domini,
2445 5381 2491 5424 el
2525 5383 2590 5424 ex
2614 5373 2686 5423 eis
2707 5385 2911 5423 sumam
2940 5369 3232 5424 sacerdotes
3261 5379 3309 5423 et
3368 5370 3578 5434 levitas,

2004 5457 2136 5512 dixit
2172 5459 2425 5516 Dominus
2441 5503 2454 5516 .

408 5719 451 5750 υ
479 5717 618 5774 Psal.
653 5734 835 5784 XLVIII,
865 5718 920 5771 2.
1001 5717 1219 5774 "Joan.
1254 5733 1307 5784 ι,
1332 5717 1423 5772 55.
1503 5719 1547 5750 ⁸⁸
1586 5709 1776 5773 Matth.
1809 5733 1915 5786 xw,

2010 5720 2039 5773 l.
2119 5721 2161 5754 "
2194 5721 2382 5774 Matth.
2411 5737 2522 5787 xiv,
2556 5723 2644 5778 35.
2682 5722 2726 5753 ¹⁶
2755 5720 2950 5792 Ephes.
2986 5735 3022 5789 ι,
3050 5719 3139 5786 15,
3172 5720 3260 5775 ll.
