4090 6216
557 309 584 365 1
597 312 694 370 μ’]

558 531 737 573 torum
767 513 1129 583 apostolorum
1193 509 1524 579 pradicatio,
1573 511 1714 578 apud
1739 522 1930 580 gentes
1991 524 2129 580 quas

560 607 817 671 diximus,
845 589 900 658 et
933 604 984 658 in
1017 617 1204 657 earum
1241 601 1575 672 regionibus,
1611 601 1694 656 his
1714 601 1894 656 verbis
1919 603 2139 656 demon-

559 708 717 754 strat:
761 715 779 748 ι
823 696 1041 749 Vestros
1097 693 1262 754 enim.
1313 691 1544 758 fratres,
1593 693 1767 762 inquit
1810 693 1922 764 (ut
1965 693 2138 747 oratio

557 791 628 843 ad
708 786 976 842 Israelitas
1047 785 1332 839 credentes
1381 784 1727 855 .habeatur),
1777 799 1841 838 ex
1893 784 2138 851 gentibus

561 880 833 934 adducent
859 879 996 930 dona
1017 877 1295 930 Domino.»
1321 875 1616 944 Namivelut
1635 875 1918 930 anathema
1945 883 1999 928 et
2023 890 2141 927 mu-

562 986 670 1024 nus
702 972 767 1022 ad
798 969 1021 1037 gloriam
1050 965 1142 1020 Dei
1172 977 1546 1020 consecratum
1573 979 1711 1032 erat,
1742 966 1977 1036 gentium
2001 964 2140 1019 mul-

563 1062 754 1124 titinlo,
786 1075 879 1128 per
908 1059 1062 1112 ﬁdem
1098 1061 1166 1114 ab
1184 1060 1436 1112 onmibns
1484 1060 1634 1112 vitiis
1661 1058 1932 1122 absoluta,
1969 1065 2022 1112 et
2043 1072 2141 1126 per

559 1169 773 1209 sacrum
796 1153 1065 1206 lavacrqu
1098 1151 1349 1205 omnibus
1370 1151 1594 1216 abjectis
1617 1151 1892 1212 sordibus,
1919 1159 1973 1203 et
2001 1165 2140 1218 qua-

559 1241 606 1294 si
637 1241 850 1292 senium
881 1254 945 1292 ac
992 1238 1276 1292 donarium
1314 1239 1620 1307 apostolica:
1678 1239 1976 1300 industriae,
2030 1238 2140 1293 Deo

558 1330 821 1386 oblatum.
872 1331 946 1384 De
977 1331 1080 1384 hoc
1143 1330 1324 1398 itaque
1364 1330 1690 1397 gloriantur,
1743 1331 1998 1400 gaudium
2045 1344 2142 1386 eos

559 1436 716 1476 suum
747 1430 802 1475 et
851 1435 1106 1474 coronam
1161 1436 1314 1475 suam
1369 1422 1730 1476 nominantes.
1799 1420 2137 1475 Facillimam

559 1521 740 1566 autem
774 1511 888 1566 fore
910 1526 974 1566 ac
1002 1511 1197 1574 levem,
1231 1511 1351 1565 sine
1391 1513 1538 1566 Omni
1597 1513 1812 1578 sudore,
1874 1511 2141 1566 industria

559 1613 616 1658 et
645 1603 847 1668 labore,
881 1603 1114 1672 gentium
1147 1603 1212 1655 ad
1265 1601 1432 1657 Deum
1484 1605 1872 1668 reversionem,
1903 1604 2144 1657 declarat

561 1705 767 1763 aperte,
802 1694 946 1748 velut
977 1694 1226 1760 exemplo
1255 1710 1285 1748 a
1348 1694 1502 1748 nobis
1555 1704 1792 1762 sumpto,
1843 1710 1964 1748 cum
2013 1694 2144 1748 dicit

1543 301 1601 358 S.
1642 299 1926 358 CYRILLl
1961 299 2436 356 ALEXANDRlNI
2473 297 2796 357 ARCHIEP.

629 426 782 494 Quod
803 422 992 479 enicas
1022 419 1244 476 omni-no
1265 419 1446 474 l’utura
1482 417 1553 473 sit
1592 427 1648 474 et
1674 418 1952 474 fructuosa
1977 433 2138 474 sanc-
2165 426 2212 483 Α

3686 316 3824 374 tu)

2313 419 2436 473 Ὀτι
2489 419 2665 490 πάντη
2717 436 2777 472 τε
2823 418 2918 472 καὶ
2962 418 3180 483 πάντως
3233 422 3461 492 ἐνεργὸν
3527 424 3676 482 ἔσται
3727 435 3824 486 καὶ

2238 509 2518 581 ἔγκαρπον
2569 511 2631 562 τὸ
2684 509 2774 563 διὰ
2828 509 2938 562 τῶν
2972 509 3142 576 ἁγίων
3187 513 3510 568 ἀποστόλων
3563 519 3822 592 κήρυγμα

2239 603 2390 674 παρὰ
2417 606 2528 665 τοῖς
2564 603 2976 674 ὠνομασμένοις
3009 603 3184 658 ἔθνεσι
3216 606 3310 658 καὶ
3342 608 3465 670 ταῖς
3509 608 3686 665 αὐτῶν
3727 613 3823 682 χὼ·

2242 709 2381 765 ραις,
2414 693 2772 747 διαδείκνυσιν
2813 695 2872 747 ἐν
2917 693 3127 758 τούτοις
3155 713 3170 726 σ
3211 714 3230 746 ι
3256 697 3393 760 Τοὺς
3424 698 3536 771 γὰρ
3566 699 3822 770 ἀδελφοὺς

2240 785 2415 855 ὑμῶν,
2458 804 2477 838 ι
2511 785 2696 855 φησιν,
2729 784 2794 837 ἵν’
2827 786 2856 836 ὁ
2904 785 3060 853 λόγος
3186 785 3323 856 πρὸς
3353 788 3478 850 τοὺς
3506 789 3565 852 ἐξ
3596 790 3822 860 αἵματος

2251 875 2469 946 Ἰσραὴλ
2498 875 2914 939 πιστεύσαντας,
2953 894 2972 926 ι
3017 875 3125 928 ἀπὸ
3162 876 3271 928 τῶν
3308 876 3476 930 ἐθνῶν
3508 879 3695 943 ἀξουσι
3719 882 3822 934 δῶ-

2243 983 2335 1038 ρον
2357 965 2436 1036 τῷ
2457 967 2666 1038 Κυρίῳ.
2697 985 2717 1018 s
2753 964 3035 1035 Ἀνάθημα
3063 966 3172 1037 γὰρ
3195 965 3384 1039 ῶσπερ
3413 971 3493 1035 είς
3512 973 3666 1038 δόξαν
3687 975 3821 1028 Θεοῦ

2238 1059 2348 1112 τῶν
2371 1059 2541 1112 ἐθνῶν
2568 1059 2790 1128 γέγονεν
2817 1059 3116 1130 ὴηπληθὺς,
3142 1061 3536 1132 ἀπηλλαγμένη
3571 1067 3667 1134 μὲν
3691 1084 3826 1121 παν·

2239 1151 2331 1214 τὸς
2359 1151 2682 1219 αίτιάματος
2721 1149 2812 1202 διὰ
2851 1151 2949 1220 τῆς
2991 1151 3254 1214 πίστεως,
3289 1153 3382 1204 καὶ
3425 1154 3602 1206 πάντα
3655 1155 3809 1226 ρύποπ

2240 1238 2589 1294 ἀποϐαλοῦσα
2625 1238 2712 1291 διὰ
2761 1238 2857 1291 τοῦ
2905 1239 3062 1307 ἁγίου
3118 1239 3517 1310 βαπτίσματος,
3563 1243 3734 1308 ξένιον
3767 1245 3821 1297 δέ

2240 1331 2431 1401 ῶσπερ
2460 1330 2832 1385 ἁποστολικῶν
2861 1331 3294 1401 σπουδασμὰτων
3316 1335 3719 1404 προσκομισθὲν
3745 1336 3819 1407 τῷ

2242 1424 2383 1494 Θεῷ.
2416 1423 2740 1493 Καυχῶνται
2762 1423 2893 1492 γοῦν
2922 1425 3008 1476 ἐπ’
3031 1424 3180 1493 αύτῷ
3213 1425 3276 1493 δὴ
3305 1425 3499 1495 τούτῳ,
3529 1427 3700 1498 χαρὰν
3727 1429 3821 1480 αὑ-

2243 1515 2371 1578 τοὺς
2397 1515 2492 1567 καὶ
2519 1515 2779 1584 στέφανον
2807 1514 3015 1567 ἑαυτῶν
3050 1516 3425 1585 ὀνομάζοντες.
3459 1517 3580 1570 Ὀτι
3611 1518 3665 1570 δέ
3689 1519 3820 1571 ἀποο

2242 1610 2452 1679 νωτάτη
2483 1609 2622 1673 λίαν,
2655 1609 2749 1662 καὶ⁵
2780 1607 3001 1678 ἱδρῶτος
3041 1608 3166 1678 δίχα
3197 1610 3423 1672 παντὸς,
3450 1611 3543 1662 καὶ
3584 1609 3816 1677 ἀγῶνος,

2245 1703 2340 1754 καὶ
2367 1701 2542 1754 πὸνων
2573 1703 2603 1772 ή
2650 1699 2785 1771 πρὸς
2808 1699 2941 1752 Θεὸν
2982 1700 3290 1770 ἐπιστροφὴ
3322 1700 3431 1753 τῶν
3463 1700 3651 1765 ἐθνῶν,
3697 1700 3824 1752 καθ·

559 1785 902 1839 adducendas
929 1799 1051 1838 esse
1079 1799 1198 1838 cum
1239 1783 1416 1851 equis,
1481 1785 1748 1847 curribus,
1805 1783 2030 1847 lecticis,
2081 1793 2137 1839 et

2243 1791 2452 1861 ίστησιν
2473 1789 2736 1858 ἐναργῶς,
2767 1789 2843 1852 ὠς
2871 1791 2934 1843 ἐκ
2952 1790 3393 1860 παραδείγματος
3412 1791 3506 1844 τοῦ
3530 1792 3647 1844 καθ’
3678 1793 3822 1861 ἡμᾶς

561 1875 911 1930 umbraculis.
939 1873 1070 1928 Nam
1097 1885 1156 1928 ut
1187 1874 1278 1943 qui
1311 1874 1394 1929 his
1420 1875 1579 1929 rebus
1628 1875 1731 1929 iter
1781 1890 1937 1931 suum
1971 1875 2140 1929 conli-

559 1966 732 2031 ciunl,
758 1965 902 2020 nullo
925 1965 1106 2020 labore
1135 1965 1428 2031 expediunt
1453 2004 1470 2030 ,
1501 1966 1580 2020 sic
1629 1967 1720 2034 qui
1771 1981 1802 2020 e
1841 1966 2142 2036 grecanico

557 2072 746 2112 errore
767 2057 832 2110 ad
869 2059 1032 2110 Deum
1060 2058 1304 2121 redeunt,
1336 2058 1421 2110 via
1446 2057 1600 2124 plana
1630 2065 1688 2112 et
1711 2057 1834 2110 trita
1895 2057 2140 2124 veniunt,

557 2162 623 2202 ac
654 2157 862 2202 tantum
889 2163 994 2202 non
1027 2148 1187 2213 vecti,
1217 2157 1272 2200 et
1301 2147 1408 2202 Deo
1429 2149 1573 2203 omni
1597 2162 1691 2202 eos
1718 2146 1976 2216 requietis
2038 2162 2135 2216 ge-

561 2254 692 2294 nere
741 2241 1016 2309 diguante.
1047 2237 1275 2294 Venient
1320 2249 1497 2293 autem
1535 2237 1878 2309 quonam?in
1902 2248 2144 2293 sanctam

558 2331 859 2396 civitatem,
899 2346 1091 2399 nempe
1121 2329 1442 2395 Jerusalem,
1479 2345 1601 2400 quae
1649 2341 1733 2385 est
1757 2330 1850 2385 Dei
1916 2331 2146 2385 viventis

559 2422 823 2478 Ecclesia.
858 2424 1134 2492 Erantque
1187 2424 1322 2477 adeo
1371 2423 1592 2493 iucundi
1650 2433 1706 2476 et
1762 2421 1994 2490 accepti,
2043 2421 2144 2490 qui

560 2515 824 2570 accedunt
853 2516 918 2567 ad
942 2513 1132 2578 Deum,
1168 2515 1391 2584 perinde
1412 2515 1568 2584 quasi
1608 2515 1806 2578 hostia,
1836 2514 2032 2582 inquit,
2047 2513 2146 2566 ad-

563 2607 850 2663 duceretur
869 2620 989 2660 cum
1019 2605 1139 2659 odis
1177 2614 1232 2658 et
1258 2619 1435 2657 rerum
1461 2607 1762 2659 divinarum
1819 2606 2147 2659 celebratio-

569 2714 661 2754 ne.
697 2699 806 2752 Imo
830 2708 884 2752 et
917 2715 936 2748 ι
969 2696 1042 2750 Es
1072 2695 1182 2750 illis
1210 2711 1419 2752 sumam
1453 2696 1763 2750 sacerdotes
1783 2705 1838 2748 et
1887 2696 2100 2750 levitas.
2122 2713 2142 2747 ι

562 2791 639 2846 Ex
675 2790 907 2860 quibus?
931 2788 1040 2843 Nec
1069 2788 1215 2843 enim
1236 2789 1603 2843 satisconstat
1627 2796 1808 2840 utrum
1844 2800 1912 2841 ex
1950 2787 2018 2841 iis
2052 2786 2149 2856 qui

563 2884 714 2938 missi
744 2881 949 2936 suntatl
975 2880 1274 2936 vocandum
1323 2889 1527 2948 gentes,
1557 2894 1626 2932 an
1645 2878 1828 2932 exillis
1842 2878 1931 2946 qui
1972 2877 2148 2931 vocati

559 2983 711 3028 sunt.
733 2970 1122 3028 Verumtamen
1145 2971 1480 3025 inveniemus
1493 2979 1547 3024 et
1565 2969 1733 3023 hocet
1748 2966 1915 3037 919
1927 2966 2057 3020 illud
2073 2980 2153 3021 es-

559 3079 638 3120 se.
661 3064 792 3119 Nam
819 3064 1136 3118 sacerdotes
1181 3062 1524 3117 oraculorum
1575 3059 1780 3114 Christi
1821 3058 2151 3112 exstiterunt

2243 1881 2415 1952 λέγων
2438 1925 2452 1946 ,
2484 1883 2564 1935 ὅτι
2607 1883 2930 1952 ἀχθήσονται
2967 1881 3086 1951 μεθ’
3115 1882 3298 1935 ἵππων
3348 1883 3442 1935 xa‘t
3478 1883 3736 1953 ἁρμάτων
3765 1885 3822 1936 ἐν

2243 1971 2556 2043 λαμπήναις
2589 1973 2685 2024 καὶ
2719 1970 3013 2034 σκιαδίοιςο
3051 1969 3244 2042 ὥσπερ
3285 1970 3396 2040 γάρ
3421 1973 3468 2024 οἱ
3490 1970 3578 2023 διά
3617 1970 3819 2024 τούτων

2243 2064 2544 2134 ὁδοιπορεῖν
2593 2062 2864 2127 εἰωθότες,
2913 2062 3271 2133 ἀπονωτάτην
3316 2062 3414 2134 τὴν
3458 2062 3821 2133 προκειμένην

2244 2156 2428 2219 αὐτοῖς
2463 2153 2788 2226 κατορθοῦσι
2827 2153 3016 2224 τρίόυν
3038 2170 3052 2184 ·
3082 2155 3252 2216 οὓτως
3276 2155 3327 2206 οἱ
3361 2155 3424 2206 ἐκ
3463 2155 3672 2225 πλάνης
3708 2153 3825 2205 Ἐλ-

2244 2246 2470 2318 ληνικῆς
2506 2247 2640 2317 πρὸς
2686 2245 2818 2299 Θεὸν
2868 2247 3290 2318 ἐπιστρέφοντες
3330 2245 3420 2298 διὰ
3463 2245 3612 2309 λείας
3641 2245 3826 2314 ῶσπερ

2247 2339 2340 2393 καὶ
2373 2337 2726 2408 ἐστρωμένης
2754 2335 2974 2407 ἥξουσιν
3007 2337 3150 2399 ὀδοῦ,
3191 2338 3285 2390 καὶ
3323 2339 3602 2407 μονονουχὶ
3630 2338 3720 2390 καὶ
3748 2336 3829 2389 δο-

2251 2428 2484 2502 ρυιρορού
2495 2445 2665 2498 μενοι,
2694 2427 2788 2479 καὶ
2821 2428 3042 2496 ἀπάσης
3069 2429 3262 2490 αὐτούς
3285 2427 3603 2495 άναπαύλης
3622 2426 3826 2491 ἀξιοῦν-

2247 2538 2340 2584 τος
2365 2520 2499 2574 Θεοῦ
2516 2537 2529 2549 ·
2556 2519 2745 2590 ἥξουσι
2767 2518 2846 2582 δὲ,
2868 2517 2972 2571 ποῦ
2993 2535 3007 2583 ;
3033 2519 3126 2582 Ei;
3150 2520 3246 2587 τὴν
3273 2518 3433 2585 ἁγίαν
3456 2519 3622 2579 πόλιν,
3655 2519 3822 2586 ἤγουν

2262 2610 2636 2683 Ἰερουσαλὴμ,
2683 2609 2807 2678 ἥτις
2857 2610 3003 2661 ἐστὶν
3062 2609 3345 2676 Ἐκκλησία
3392 2607 3525 2659 Θεοῦ
3575 2607 3825 2671 ζῶντος·

2249 2703 2461 2755 ἔσονται
2489 2701 2548 2754 δὲ
2583 2698 2760 2762 οὓτως
2781 2698 2928 2767 ἡδεῖς
2971 2700 3054 2750 καὶ
3083 2697 3473 2768 εύπρόσδεκτοι
3503 2696 3829 2766 προσιόντες

2249 2789 2602 2863 Θεῷ,ὠσανε“ι
2627 2792 2722 2844 καὶ
2744 2791 2904 2844 θυσία
2931 2788 3332 2860 προσαγομένη,
3354 2787 3512 2858 φησὶ,
3542 2789 3657 2856 μετ’
3687 2785 3832 2856 ᾠδῆς

2253 2885 2349 2938 καὶ
2395 2881 2722 2952 δοξολογίας.
2774 2882 2934 2936 Ἀλλά
2981 2881 3075 2934 καὶ
3107 2901 3125 2934 s
3170 2881 3285 2933 Ἀπ’
3339 2880 3520 2932 αὐτῶν
3564 2879 3828 2950 λήψομαι,

2252 2976 2408 3046 φησὶ,
2435 2977 2530 3028 καὶ
2565 2977 2751 3043 ἱερεῖς,
2782 2975 2877 3027 καὶ
2905 2975 3158 3036 Δευῖτας.
3263 2973 3385 3024 Ἀπ’
3420 2971 3605 3024 αὐτῶν
3642 2970 3720 3036 δέ,
3749 2971 3828 3023 τίο

2253 3083 2394 3132 νων;
2429 3047 2596 3119 Οὔπω
2625 3065 2769 3136 μάλα
2797 3064 2986 3133 σαφὲς,
3019 3064 3246 3136 πότερον
3276 3065 3339 3116 ἐκ
3367 3064 3476 3116 τῶν
3501 3062 3826 3116 ἀποσταλέν-

557 3169 776 3224 quoque
793 3155 960 3207 divini
973 3152 1223 3221 discipuli
1241 3170 1255 3206 :
1271 3154 1443 3206 vocati
1457 3162 1634 3204 autem
1652 3161 1855 3204 suntex
1872 3147 2143 3202 Graecani-

2253 3174 2360 3210 των
2389 3159 2468 3220 εἰς
2515 3157 2575 3210 τὸ
2613 3157 2834 3210 καλέσαι
2864 3159 2990 3218 τοὺς
3033 3154 3092 3219 ἐξ
3132 3155 3321 3217 ἐθνῶν,
3355 3156 3518 3223 ἤγουν
3554 3152 3614 3216 ἐξ
3644 3151 3820 3205 αὐτῶν

551 3273 567 3303 ι
583 3265 617 3303 o
637 3261 798 3313 grege
813 3243 982 3306 multi,
1003 3241 1242 3297 etadhuc
1258 3243 1594 3294 vocanturad
1613 3238 1996 3298 sacerdotium,
2031 3236 2143 3289 Deo

2243 3248 2363 3308 ,τῶν
2403 3247 2786 3319 κεκλημένων·
2825 3247 2964 3316 πλὴν
2996 3246 3199 3315 ἀληθὲς
3237 3247 3292 3299 ὂν
3319 3248 3620 3316 εὑρήσομεν
3665 3241 3824 3298 τοῦτό

558 3335 676 3388 Hos
706 3337 773 3387 ad
798 3336 1088 3386 novitatem
1118 3333 1241 3384 vita:
1270 3339 1324 3383 et
1363 3329 1556 3384 mentis
1601 3325 1982 3382 transferente.
2007 3325 2142 3380 Nam

2249 3357 2310 3394 τε
2355 3341 2598 3394 κάκεῖνο.
2641 3339 2938 3411 Ἰερουργοὶ
2989 3342 3099 3408 γὰρ
3139 3340 3390 3407 γεγόνασι
3425 3337 3530 3390 τῶν
3559 3337 3646 3389 διά
3681 3338 3824 3406 Χρι-

558 3421 693 3477 ﬁdes
720 3422 864 3478 velut
893 3421 1104 3492 rellugit
1131 3421 1196 3475 ad
1227 3421 1277 3474 id
1306 3419 1448 3490 quod
1476 3422 1526 3474 ei
1561 3419 1753 3488 placet,
1779 3416 2001 3472 electos.

2253 3429 2380 3485 στοῦ
2432 3430 2818 3500 θεσπισμάτων
2874 3430 2970 3483 καὶ
3013 3431 3064 3482 οἱ
3111 3429 3388 3482 θεσπέσιοι
3435 3427 3697 3500 μαθηταίο
3730 3425 3824 3480 κέο

558 3535 780 3606 κληνται
815 3534 870 3587 δὲ
894 3532 1028 3604 πρδς
1055 3532 1372 3604 ἱερωσύνην,
1406 3532 1499 3585 καὶ
1535 3533 1614 3595 εἰς
1639 3529 1800 3600 δεῦρο
1845 3527 2137 3584 καλοῦνται
2172 3526 2359 3582 πολλοὶ
2393 3523 2504 3578 τῶν
2571 3523 2631 3590 ἐξ
2688 3521 2890 3592 ἀγέλης
2951 3521 3103 3586 ὄντες
3142 3521 3484 3592 Ἑλληνικῆς,
3509 3519 3644 3573 Θεοῦ
3696 3519 3825 3590 μεθ-

560 3629 806 3690 ιστάντος
849 3626 928 3687 εις
980 3625 1274 3695 καινότητα
1322 3624 1468 3695 ζωῆς
1514 3623 1606 3678 καὶ
1655 3622 1881 3695 γνώμης
1929 3621 2148 3686 αὐτούς.
2199 3618 2584 3690 Ἀναχαλκεύει
2639 3617 2748 3688 γὰρ
2798 3617 2987 3688 ῶσπερ
3035 3615 3287 3687 ήπίστις
3326 3617 3405 3674 εἰς
3462 3614 3522 3666 τὸ
3560 3613 3709 3684 αύτῷ
3740 3613 3828 3666 δο-

558 3720 686 3774 κοῦν
709 3721 834 3781 τοὺς
864 3719 1298 3788 ἐξειλεγμένους.

631 3814 795 3867 Vens.
826 3812 916 3878 22,
938 3813 1029 3866 25.
1060 3813 1222 3876 Quem
1243 3810 1526 3864 admodum
1571 3811 1708 3864 enim
1749 3807 1932 3863 caelum
1961 3825 2143 3864 novum

2259 3821 2262 3824 '
2326 3804 2432 3856 Ὃν
2461 3803 2688 3870 τρόπον
2737 3799 2846 3871 γὰρ
2891 3803 2924 3853 ό
2968 3799 3224 3868 οὐρανὸς
3268 3797 3494 3864 καινὸς,
3530 3799 3627 3852 καί
3662 3801 3700 3867 ἡ
3750 3797 3828 3871 τῆ

558 3915 607 3956 et
643 3911 782 3955 terra
818 3916 1106 3970 nova,quaz
1133 3917 1226 3968 ego
1273 3900 1436 3966 facio,
1481 3899 1540 3952 in
1587 3911 1862 3968 conspectu
1896 3913 2006 3952 meo
2037 3913 2143 3951 ma-

2251 3894 2455 3963 καινὴ,
2488 3893 2527 3948 ἁ
2553 3891 2670 3962 ἐγὼ
2691 3890 2840 3945 ποιῶ
2862 3890 3030 3960 μένει
3057 3888 3316 3943 ἐνώπιόν
3347 3907 3487 3958 μου,
3517 3889 3677 3960 λέγει
3709 3893 3826 3946 Κύ-

558 4003 701 4058 nent,
717 3995 842 4047 dicit
862 3993 1119 4046 Dominus
1139 4006 1156 4043 :
1179 3994 1252 4044 ita
1271 3993 1427 4044 stabit
1448 4007 1620 4044 semen
1644 4001 1868 4044 uestrum
1895 3999 1942 4043 et
1963 4003 2143 4041 nomen

2243 4004 2393 4057 ptoc'
2443 3987 2633 4049 οὕτως
2685 3982 2978 4050 στήσεται
3019 3981 3086 4034 τὸ
3130 3980 3369 4050 σπέρμα
3401 3980 3584 4051 ὑμῶν,
3628 3984 3725 4034 καὶ
3761 3982 3826 4034 τὸ

555 4096 801 4150 vestrum,
849 4084 944 4139 erit
975 4101 1073 4155 que
1110 4085 1302 4137 mensis
1325 4098 1390 4136 ea:
1432 4098 1626 4146 mense,
1658 4092 1706 4135 et
1763 4081 2053 4136 Sabbatum
2080 4094 2143 4133 ex

2251 4079 2438 4147 ὄνομα
2468 4075 2653 4146 ὑμῶν,
2689 4076 2789 4128 καί
2846 4075 3017 4128 ἔσται
3044 4073 3173 4142 μὴν
3207 4074 3275 4126 ἐκ
3296 4073 3513 4142 μηνὸς,
3541 4072 3641 4126 καὶ
3679 4072 3828 4126 Σάι-

556 4177 812 4233 Sabbato.
858 4175 1037 4230 Veniet
1083 4177 1249 4229 omnis
1295 4191 1458 4242 caro,
1511 4185 1566 4228 ut
1605 4176 1659 4228 in
1698 4181 1974 4242 conspectu
2035 4187 2143 4226 meo

2249 4173 2432 4224 ὅατον
2475 4170 2545 4223 ἐκ
2583 4167 2910 4222 Σαϐϐάτου.
2956 4165 3116 4229 Ἥξει
3161 4164 3328 4220 πᾶσα
3379 4165 3535 4233 σὰρξ
3569 4164 3821 4217 ἐνώπιόν

555 4271 741 4323 adoret
766 4266 821 4322 in
843 4264 1163 4330 Jerusalem,
1188 4267 1322 4320 dixit
1345 4264 1604 4318 Dominus
1627 4263 1790 4318 Deus.

625 4443 961 4499 Firmitatem
981 4443 1096 4514 spei
1114 4444 1167 4498 in
1181 4443 1434 4499 omnibus
1450 4441 1606 4497 bonis
1619 4441 1902 4511 pollicetur
1916 4440 2144 4512 diligen-
2175 4478 2221 4533 Β

555 4536 700 4592 tibus
714 4552 792 4602 se,
805 4543 860 4590 et
874 4537 1058 4606 appari
1067 4537 1267 4591 tionem
1285 4553 1436 4592 suam
1449 4536 1889 4607 agnoscentibus.
1912 4537 1982 4592 Ut
1993 4536 2139 4591 enim

556 4625 751 4696 inquit,
783 4642 907 4680 cum
936 4643 1106 4682 novos
1151 4629 1318 4684 cmlos
1351 4638 1404 4683 et
1432 4644 1630 4683 novam
1673 4635 1871 4682 terram
1909 4627 2144 4682 fabrica-

552 4716 746 4780 verim,
774 4715 849 4769 ita
875 4717 1048 4770 sinam
1084 4733 1328 4781 manere,
1371 4732 1475 4772 nec
1515 4732 1579 4771 ea
1605 4717 1772 4771 ullum
1805 4726 2019 4786 tempus
2046 4715 2142 4769 de-

552 4807 712 4863 lebit:
749 4808 818 4862 ita
859 4823 1044 4863 semen
1079 4818 1134 4863 et
1157 4824 1357 4862 nomen
1425 4817 1664 4863 vestrum
1693 4807 1858 4863 stabit
1905 4808 1960 4861 in
2004 4821 2137 4861 con—

551 4912 742 4970 spectu
767 4916 909 4956 meo.
940 4900 1117 4956 Novos
1143 4901 1289 4956 enim
1337 4901 1505 4956 cmlos
1533 4910 1588 4956 et
1617 4917 1814 4956 novam
1838 4909 2037 4955 terram
2067 4913 2131 4953 ac

555 4993 951 5062 promissiones
998 4991 1117 5059 ejus
1154 5001 1548 5062 exspectamus.
1597 4992 1897 5046 secundum
1921 4991 1973 5045 id
1993 4989 2138 5058 quod

551 5084 814 5154 scriptum
857 5091 942 5137 est
970 5082 1038 5140 ".
1085 5082 1410 5138 Sanctorum
1461 5093 1639 5138 autem
1671 5098 1824 5153 Spem
1871 5089 2136 5136 staturam

551 5189 770 5245 semper
820 5183 876 5230 et
937 5189 1371 5246 permansuram,
1425 5175 1862 5245 sapientissimus
1938 5173 2138 5226 Paulus

549 5267 923 5332 conﬁrmabit,
973 5266 1220 5321 scribens
1251 5269 1316 5332 ¹⁸,
1367 5268 1508 5322 dona
1557 5277 1612 5322 et
1653 5265 1992 5319 vocationem
2037 5264 2134 5318 Dei

553 5371 674 5411 esse
708 5358 826 5412 sine
888 5359 1230 5428 pmnitentia.
1281 5356 1477 5412 Semen
1533 5359 1715 5426 itaque
1760 5356 2128 5421 benedictum,

548 5447 679 5502 illud
698 5463 730 5500 a
745 5449 946 5503 sanctis
969 5450 1227 5520 apostolis
1245 5449 1354 5504 Deo
1376 5450 1639 5514 oblatum,
1669 5447 1972 5502 servabitur
2009 5463 2129 5517 per-

553 5551 740 5612 petuo,
770 5540 1029 5610 nulloque
1080 5541 1242 5596 modo
1286 5541 1554 5606 interibit,
1587 5554 1652 5594 ac
1679 5539 1826 5594 velut
1856 5554 1980 5593 cum
2007 5551 2121 5592 cora-

625 5716 672 5753 ¹¹¹
699 5713 744 5773 ll
767 5715 911 5774 Petr.
936 5733 1018 5784 ιιι,
1053 5716 1145 5776 13.
1218 5719 1262 5751 ³⁸
1300 5717 1456 5774 Rom.
1485 5736 1559 5788 XI,
1587 5719 1679 5774 29.

2243 4279 2362 4332 μου
2403 4258 2830 4330 προσκυνῆσαι
2867 4259 2938 4312 ἐν
2979 4257 3398 4326 Ἰερουσαλὴμ,
3447 4253 3576 4310 εἷπε
3612 4257 3822 4323 Κύριος

2247 4357 2281 4408 ό
2308 4354 2472 4419 Θεός.

2317 4444 2391 4496 Τὸ
2416 4443 2751 4514 ἀκράδαντον
2790 4444 2889 4514 τῆς
2919 4441 3130 4504 ἐλπίδος
3163 4445 3276 4506 τοῖς
3314 4443 3401 4510 ἐφ’
3435 4441 3637 4495 ἅπασιν
3683 4443 3824 4509 ἀγα⁹

2247 4533 2360 4596 θοῖς
2401 4534 2738 4603 ὑπισχνεῖται
2771 4533 3006 4604 Χριστὸς
3033 4535 3147 4595 τοῖς
3189 4531 3474 4600 ἀγαπῶσιν
3519 4532 3704 4595 αὐτὸν,
3732 4532 3825 4585 καὶ

2250 4627 2363 4688 τοῖς
2395 4625 2732 4693 ἐπεγνωκόσι
2765 4623 2865 4694 τὴν
2893 4625 3212 4692 ἐπιφάνειαν
3243 4623 3426 4676 αὐτοῦ.
3461 4624 3669 4694 Ὠσπερ
3693 4624 3828 4693 γάρ,

2249 4717 2402 4788 φησὶ,
2440 4718 2841 4786 καινουργῆσας
2867 4714 2958 4768 τὸν
2995 4717 3220 4786 οὐρανὸν
3261 4715 3352 4768 καὶ
3380 4714 3478 4785 τὴν
3518 4715 3640 4784 γῆν,
3681 4713 3832 4767 οὕτω

2248 4807 2429 4876 μένειν
2478 4805 2658 4869 ἐάσω,
2702 4806 2795 4859 καὶ
2843 4807 3019 4870 οὐδεὶς
3067 4805 3206 4860 αύτά
3259 4804 3551 4858 καταλύσει
3597 4806 3830 4876 χρόνος“

2242 4895 2386 4947 οὓτω
2416 4895 2477 4947 τὸ
2505 4896 2724 4966 σπέρμα
2763 4895 2938 4964 ὑμῶν,
2990 4896 3083 4946 καὶ
3121 4895 3184 4946 τὸ
3219 4895 3391 4964 ὄνομα
3426 4896 3682 4963 στήσεται
3736 4895 3819 4947 ἐν·

2236 4983 2410 5036 ώπιόν
2445 5001 2565 5054 μου.
2610 4987 2847 5048 Καινοὺς
2894 4985 3001 5055 γάρ
3039 4985 3320 5054 οὐρανοὺς,
3349 4985 3443 5037 καὶ
3475 4983 3666 5054 καινὴν
3694 4985 3829 5053 γῆν,

2235 5075 2329 5128 καὶ⁷
2372 5073 2442 5127 τὰ
2486 5075 2880 5143 ἐπαγγέλματα
2924 5073 3090 5127 αὑτοῦ
3139 5074 3548 5144 προσδοκῶμεν,
3579 5075 3720 5126 κατὰ
3764 5071 3837 5127 τδ

2236 5166 2640 5235 γεγραμμένον.
2685 5169 2807 5218 Ὅτι
2836 5164 2892 5218 δὲ
2924 5166 3020 5218 καὶ
3048 5166 3212 5234 ἡτῶν
3243 5167 3414 5234 ἁγίων
3439 5167 3594 5228 ἐλπὶς
3625 5169 3797 5230 στῆσε

2236 5277 2328 5312 ται
2370 5260 2459 5312 ἀεὶ
2499 5260 2593 5312 καὶ⁵
2626 5259 2891 5328 διαμενεῖ,
2923 5257 3259 5310 πιστώσεται
3299 5258 3526 5328 γράφων
3567 5260 3597 5309 ὁ
3621 5257 3821 5310 πάνσο-

2239 5369 2338 5420 φος
2368 5350 2596 5414 Παῦλος,
2638 5351 2719 5403 ὅτι
2760 5349 3152 5421 ἀμεταμέλητα
3189 5349 3256 5402 τά
3286 5349 3623 5419 χαρίσματα,
3661 5347 3759 5400 καὶ
3792 5349 3832 5418 ἡ

2237 5444 2430 5512 κλῆσις
2454 5442 2547 5495 τοῦ
2579 5441 2735 5496 Θεοῦ.
2770 5443 2980 5496 Οὐκοῦν
3021 5442 3080 5494 τὸ
3111 5442 3331 5512 σπέρμα
3359 5441 3419 5494 τὸ
3461 5437 3837 5508 εὐλογημένον

2231 5535 2294 5586 τδ
2323 5533 2411 5587 διὰ
2441 5533 2550 5586 τῶν
2579 5533 2749 5601 ἀγίων
2779 5531 3095 5587 ἀποστόλων
3121 5529 3529 5602 προσκομισθὲν
3561 5529 3641 5600 τῷ
3677 5524 3830 5597 Θεῷ,
