4090 6216
359 269 494 327 κιο

1452 276 1516 336 ΙΝ
1557 286 1787 348 ISAIAM
1829 292 1961 349 LIB.
1986 291 2337 358 lV.TOMUS
2369 302 2457 355 Vl.

3467 298 3634 386 V1450

355 389 661 460 σωθήσεται
710 390 799 445 διὰ
848 389 1066 456 παντὸς,
1119 396 1605 469 καταφθαρήσεται
1657 404 1766 476 γὰρ
1809 423 1910 460 κατ

357 478 535 501 ,ηιηη
573 480 766 501 μμ-.
844 478 950 501 ,με
994 480 1052 501 ,v,
1168 485 1180 501 .
1308 486 1336 498 ..
1553 492 1564 501 .
1642 494 1667 501 _
1822 495 1842 501 -

2038 410 2088 462 lo
2119 423 2175 466 et
2208 424 2351 469 terra
2390 422 2747 487 permanebit,
2786 429 3029 487 omnium
3064 447 3313 495 nostrum
3343 440 3634 501 Servatorc

355 478 539 532 οὐδένα
567 480 787 552 τρόπον,
833 478 950 534 ἀλλ’
982 480 1094 536 οἷον
1127 485 1344 557 οὐρανῷ
1376 505 1436 540 τε
1481 492 1575 544 καὶ
1601 494 1671 562 γῇ
1718 495 1935 550 συνδιαυ

355 573 524 638 μενεῖ,
559 574 874 644 συνέχοντος
903 575 982 638 εἰς
1007 574 1167 629 τοῦτο
1196 576 1290 630 τοῦ
1321 580 1540 636 πάντων
1565 585 1596 653 ή
1607 583 1724 654 μῶν
1754 587 1936 660 Σωτῆ-

352 679 444 734 ρος
468 664 723 736 Χριστοῦ.
747 667 868 726 Ὀτι
885 666 941 719 δὲ
963 668 1056 720 καὶ
1071 669 1150 733 εἰς
1172 669 1414 725 ἐπίδοσιν
1435 674 1522 727 ἀεὶ
1541 676 1809 751 μείζοναή
1827 680 1934 742 τῶν

354 756 754 810 πιστευσάντων
794 749 883 811 ἀεὶ
921 756 1258 830 προϐήσεται
1294 754 1523 835 πληθὺς,
1561 749 1806 831 διδάσκει
1842 771 1934 827 λέ-

356 865 474 917 γων,
512 848 592 900 ὅτι
626 866 644 900 t
693 850 816 921 Μὴν
847 852 913 904 ὲκ
951 853 1141 922 μηνὸς,
1190 857 1286 910 καὶ
1315 857 1594 914 Σάϐϐατον
1623 864 1687 917 ἐκ
1723 865 1934 921 Σαϐϐά-

351 958 455 1006 του,
485 940 604 1010 ἣξει
652 942 804 995 πᾶσα
849 944 988 1011 σὰρξ
1037 945 1266 1003 ἐνώπιόν
1317 968 1419 1020 μου
1463 955 1841 1026 προσκυνῆσαι
1873 960 1932 1012 ὲν

352 1029 734 1099 Ἰερουσαλήμ.
793 1050 813 1082 ι
857 1032 932 1085 Οὐ
983 1032 1092 1106 γὰρ
1139 1035 1546 1092 διαλελοίπασιν
1599 1042 1648 1092 οὶ
1707 1043 1930 1098 πιστεύ-

335 1135 532 1183 σαντες
564 1123 645 1183 εἰς
669 1122 925 1193 Χριστὸν,
948 1125 1064 1179 ἀλλ’
1098 1127 1159 1193 ἐξ
1180 1129 1390 1184 ἐκείνου
1424 1130 1520 1185 τοῦ
1562 1132 1777 1204 καιροῦ,
1804 1134 1928 1190 καθ’

341 1210 398 1262 ὃν
433 1211 761 1282 διεκήρυξαν
789 1216 838 1269 οἱ
887 1215 1165 1273 θεσπέσιοι
1215 1222 1476 1293 μαθηταὶ,
1517 1223 1612 1277 καὶ
1645 1227 1727 1290 εἰς
1768 1224 1929 1298 δεῦρο

341 1302 669 1371 βαδίζουσιν,
706 1307 755 1358 οἱ
798 1308 898 1378 μὲν
941 1311 1006 1362 ὲκ
1034 1311 1133 1381 τῆς
1181 1312 1442 1368 πολυθὲου
1486 1316 1696 1388 πλάνης
1737 1318 1799 1372 τὸ
1824 1319 1928 1390 τῆς

341 1396 571 1465 ἀληθοῦς
597 1398 931 1468 θεογνωσίας
956 1403 1222 1476 διψῶντες
1249 1408 1385 1475 φῶς,
1415 1412 1466 1463 οἱ
1508 1410 1564 1464 δὲ
1601 1413 1695 1466 καὶ
1722 1415 1788 1466 ὲκ
1829 1431 1927 1467 τα·

342 1487 562 1556 τμάτων
601 1489 929 1559 Ἰουδαϊκῶν,
957 1497 1007 1548 εἰ
1046 1496 1140 1550 καὶ
1179 1497 1299 1552 καθ’
1334 1500 1450 1568 ἕνα,
1487 1503 1581 1556 καὶ
1622 1505 1682 1557 οὐ
1717 1505 1920 1560 πολλοί.

337 1576 480 1647 Πλὴν
509 1579 699 1648 ἥξουσι
730 1583 823 1636 καὶ
857 1586 1030 1650 αὐτοὶ,
1057 1587 1417 1658 κεκλήσονται
1444 1593 1554 1665 γὰρ
1583 1594 1641 1649 ὲν
1671 1595 1922 1666 ἐσχάτοις

335 1666 427 1720 τοῦ
473 1669 670 1735 αἰῶνος
705 1678 937 1745 καιροῖς,
985 1677 1115 1732 ὅταν
1162 1680 1224 1734 τὸ
1273 1683 1547 1755 πλήρωμα
1589 1686 1697 1742 τῶν
1753 1687 1921 1744 ἐθνῶν

332 1757 570 1831 εἰσέλθῃ,
602 1763 748 1818 καθὰ
767 1782 932 1834 φησιν
963 1769 993 1821 ό
1016 1769 1295 1840 πάνσοφος
1326 1759 1561 1840 Παῦλος.

398 1850 511 1904 Καὶ
534 1852 959 1917 ἐξελεύσονται
984 1861 1039 1914 οι
1058 1860 1235 1931 ἅγιοι.
1257 1864 1357 1918 καὶ
1380 1866 1632 1936 ὄψονται
1655 1872 1727 1925 τὰ
1751 1871 1917 1928 κῶλα
1957 1917 1963 1923 .

329 1936 448 1993 τῶν
461 1941 788 2009 ἀνθρώπων
803 1947 922 2001 τῶν
941 1953 1442 2021 παραϐεϐηκότων
1461 1957 1530 2010 ἐν
1544 1958 1677 2028 ἐμοί
1682 2000 1694 2013 .
1723 1961 1788 2016 '0
1803 1967 1916 2033 γὰρ

326 2033 577 2101 σκώληξ
601 2036 803 2114 αὐτῶν
842 2042 914 2095 οὐ
942 2045 1318 2113 τελευτήσει,
1354 2049 1452 2102 καὶ
1475 2049 1544 2104 τὸ
1564 2051 1685 2122 πῦρ
1713 2056 1914 2110 αὐτῶν

325 2122 396 2177 οὐ
439 2125 866 2201 σϐεσθήσεται,
912 2133 1015 2188 καὶ
1063 2133 1309 2192 ἔσονται
1350 2140 1436 2206 εἰς
1479 2139 1694 2210 ὅρασιν
1741 2146 1909 2219 πάσῃ

323 2218 521 2285 σαρκί.

392 2309 576 2364 Ἔοικα
602 2312 690 2366 διὸ.
714 2317 917 2373 τούτων
943 2320 1043 2384 τὰς
1073 2322 1456 2397 ἐπενεχθείσας
1481 2333 1592 2396 τοῖς
1635 2334 1906 2401 Ἰουδαίοις

318 2401 602 2471 συμφορὰς
653 2402 939 2473 βούλεσθαι
995 2410 1210 2481 δηλοῦν,
1265 2415 1331 2481 ἃς
1382 2419 1673 2492 ὑπομεῖναί
1722 2443 1904 2498 φαμεν

315 2489 512 2553 αὐτοὺς
543 2493 630 2547 διὰ
654 2496 753 2564 τῆς
795 2499 1080 2571 Ῥωμαίων
1113 2508 1314 2575 χειρὸς,
1343 2489 1903 2590 καταδῃωθέντοςδη-

314 2582 484 2636 λονότι
522 2585 618 2638 τοῦ
667 2587 818 2653 ναοῦ,
860 2594 955 2647 καὶ
987 2595 1280 2669 ὠμοτάτην
1311 2607 1527 2677 σφαγὴν
1570 2608 1897 2680 ὑπομεινάν-

311 2689 418 2727 των
448 2677 720 2733 ἁπάντων.
772 2682 1030 2752 Γεγόνασι
1061 2689 1212 2757 ,γοῦν
1245 2692 1418 2747 ταῦτα
1463 2697 1750 2767 παθόντες,
1801 2701 1898 2758 καὶ

309 2767 387 2827 εἰς
418 2766 606 2836 ὅρασιν
631 2769 780 2843 πάσῃ
817 2776 1000 2844 σαρκὶ,
1042 2780 1138 2831 καὶ
1163 2786 1448 2854 μονονουχὶ
1472 2787 1570 2857 τὴν
1589 2789 1745 2861 δίκην
1771 2795 1903 2849 ἁτε·-

306 2855 564 2928 λεύτητον
619 2862 852 2934 ἔχουσιν.
895 2867 1068 2922 Τοῦτο
1115 2871 1224 2942 γὰρ
1278 2875 1408 2938 ἴσως
1452 2855 1711 2950 ὑποδηλοέ
1757 2884 1894 2954 μήτε

306 2951 660 3021 τεθνήξεσθαι
705 2956 883 3026 λέγειν
915 2960 1007 3014 τὸν
1049 2962 1310 3039 σκώληκα
1356 2969 1557 3034 aevi“,
1592 2974 1732 3044 μήτε
1785 2976 1893 3046 μὴν

302 3046 738 3114 κατευνασθῆναι
791 3051 854 3104 τὸ
895 3051 1028 3124 πῦρ.
1059 3054 1347 3113 Βούλονται
1374 3061 1431 3114 δέ
1466 3080 1631 3129 τινες,
1660 3069 1756 3120 καὶ
1810 3071 1890 3132 εἰς

299 3133 388 3186 τὸν
419 3139 611 3208 καιρὸν
631 3142 731 3210 τῆς
760 3145 1067 3210 συντελείας
1101 3149 1196 3202 τοῦ
1226 3153 1422 3216 αἰῶνος
1451 3156 1576 3218 τοὺς
1600 3159 1731 3227 περὶ
1758 3160 1884 3213 τού-

300 3241 404 3278 των
456 3232 812 3300 ἀνακομίζειν
861 3236 1085 3305 λόγους,
1128 3239 1216 3294 ὅτε
1262 3241 1371 3295 τῶν
1417 3246 1882 3316 παραϐεϐηκότων

297 3317 457 3369 οἱονεὶ
513 3319 580 3372 τὰ
614 3320 766 3374 κῶλα
803 3324 1093 3393 ριφήσεται
1135 3332 1464 3400 πεμπόμενα
1505 3337 1585 3398 εἰς
1637 3337 1878 3406 κόλασιν,

294 3410 388 3462 καὶ
417 3411 497 3472 εἰς
521 3412 694 3480 φλόγα
736 3414 836 3484 τὴν
865 3418 1239 3490 ἀτελεύτητον.
1279 3424 1424 3477 Ἐκεῖ
1463 3426 1568 3498 γὰρ
1601 3430 1629 3481 ὁ
1663 3429 1880 3503 σκώληξ

290 3497 398 3549 τῶν
435 3502 852 3573 κεκολασμένων
884 3505 1037 3577 ζήσει
1077 3511 1360 3580 διηνεκῶς,
1407 3517 1501 3569 καὶ
1539 3516 1638 3572 οὐκ
1658 3517 1724 3572 ἂν
1758 3520 1881 3573 σϐε-

291 3589 444 3661 σθείη
475 3591 536 3644 τὸ
569 3593 701 3665 πῦρ.
743 3595 921 3667 Ἦμᾶς
952 3599 1009 3651 δὲ
1038 3602 1243 3656 τούτων
1285 3606 1547 3662 ἁπάντων
1577 3609 1878 3676 ἀπαλλάξει

285 3683 541 3753 Χριστὸς,
572 3685 640 3739 δι’
664 3680 748 3755 οὗ,
779 3692 874 3745 καὶ
903 3691 1024 3764 μεθ’
1049 3690 1111 3750 οὗ
1140 3698 1172 3769 ἡ
1198 3697 1324 3764 δόξα
1340 3701 1420 3773 τῷ
1447 3702 1567 3776 Θεῷ
1591 3705 1872 3780 καὶσηατρὶ

2039 502 2256 558 Christo
2294 506 2424 563 illud
2472 512 2787 570 continente
2835 529 3295 588 etconservante.
3353 533 3512 602 Quod
3537 552 3639 594 au-

2041 603 2150 650 tem
2181 598 2526 656 credentium
2564 605 2858 665 multitudo
2891 627 3108 685 semper
3139 621 3194 675 in
3235 598 3496 697 majorem
3533 645 3628 686 ac-

2037 689 2342 746 cessionem
2390 697 2725 763 provehetur
2758 712 2816 757 et
2842 707 3282 784 ampliﬁcabitur,
3319 689 3510 785 vdocet,
3539 722 3627 776 in-

2035 782 2262 850 quiens:
2293 804 2311 837 ι
2355 785 2594 845 Menscm
2621 807 2686 847 ex
2725 800 3249 862 mensc,Sabbatum
3270 825 3333 864 ex
3367 811 3623 880 Sabbato,

2036 874 2217 930 veniet
2249 878 2428 933 omnis
2461 895 2607 947 caro,
2639 893 2699 938 ut
2739 885 2790 940 in
2830 903 3129 961 conspectu
3176 913 3300 954 meo
3335 902 3524 960 adoret
3568 907 3623 961 in

2032 964 2351 1024 Jerusalem.
2387 991 2406 1022 ι
2442 971 2729 1044 Nunquam
2766 979 2910 1034 enim
2959 985 3150 1040 venire
3189 1003 3472 1049 cessarunt
3500 1012 3621 1052 cre-

2032 1057 2225 1115 dentes
2280 1060 2338 1116 in
2386 1063 2682 1132 Christum,
2737 1071 2807 1124 ab
2855 1087 2922 1127 eo
2979 1084 3245 1148 tempore,
3289 1097 3398 1152 quo
3453 1086 3618 1142 divini

2030 1148 2659 1224 discipulipraedicarunt
2679 1170 2735 1216 et
2751 1162 2815 1217 ad
2831 1163 2978 1221 hunc
2994 1183 3168 1240 usque
3189 1148 3331 1229 diem
3355 1179 3578 1234 veniunt
3603 1201 3615 1235 :

2030 1239 2119 1295 alii
2149 1258 2216 1297 ex
2233 1246 2616 1317 multiplicium
2634 1253 2857 1309 deorum
2900 1273 3106 1326 errore,
3143 1279 3287 1321 verae
3314 1267 3407 1322 Dei
3429 1273 3617 1342 cogni-

2030 1332 2195 1390 tionis
2224 1334 2402 1393 lucem
2437 1340 2706 1410 sitientes,
2743 1348 2833 1402 alii
2861 1365 2926 1405 ex
2975 1353 3222 1412 tribubus
3263 1332 3615 1427 Judaicisjli-

2028 1435 2114 1480 cet
2167 1427 2392 1496 viritim,
2424 1448 2533 1489 non
2580 1440 2878 1496 turmatim.
2911 1442 3147 1502 Venient
3186 1457 3367 1506 tamen
3411 1464 3468 1509 et
3514 1455 3611 1521 illi,

2026 1521 2284 1577 extremis
2335 1525 2481 1581 enim
2547 1531 2734 1586 mundi
2823 1539 3167 1606 temporibus
3239 1545 3609 1612 vocabuntur,

2026 1625 2150 1666 cum
2197 1614 2473 1683 plenitudo
2519 1621 2761 1690 gentium
2797 1625 3099 1697 intraverit,
3161 1642 3223 1688 ut
3269 1636 3346 1692 ait
3390 1640 3610 1710 sapien-

2025 1703 2268 1762 tissimus
2302 1705 2499 1768 l’aulus
2532 1713 2595 1766 η.

2091 1883 2254 1940 Vnus.
2294 1886 2384 1941 24.
2427 1886 2496 1942 Et
2523 1893 2857 1958 egrediantur
2885 1902 3077 1968 sancti,
3103 1914 3152 1957 et
3179 1906 3423 1962 videbunt
3443 1927 3604 1965 ntein-

2015 1973 2110 2026 bra
2151 1976 2425 2034 hominum
2497 1985 2586 2052 qui
2620 1989 2955 2054 praeuricat’i
2996 1996 3205 2049 suntin
3251 2013 3350 2052 me.
3396 1999 3600 2056 Vermis

2013 2065 2354 2124 enimeorum
2390 2077 2798 2146 nonmort’etur,
2837 2079 3005 2153 920
3049 2094 3097 2139 et
3125 2087 3265 2157 ignis
3282 2105 3461 2147 eorum
3499 2109 3602 2148 non

2011 2161 2390 2234 exslinguetur,
2420 2178 2673 2237 eruntque
2704 2170 2759 2225 in
2801 2172 3045 2231 visionem
3074 2181 3217 2235 omni
3244 2186 3412 2240 carni.

2083 2338 2307 2396 Videtur
2345 2343 2435 2399 hic
2474 2345 2788 2406 inferendas
2823 2349 3026 2410 Judwis
3073 2357 3408 2429 calamitates
3457 2365 3596 2421 velle

2007 2429 2334 2502 signiﬁcare,
2376 2451 2512 2506 quas
2532 2453 2721 2508 passos
2746 2457 2841 2500 cos
2870 2445 3103 2504 dicimus
3143 2466 3172 2504 a
3225 2451 3594 2514 Romanorum

2005 2535 2190 2587 manu,
2215 2525 2495 2584 devastata
2526 2530 2732 2588 scilicet
2753 2536 2972 2605 templo,
2997 2540 3358 2613 omnibusque
3382 2549 3591 2605 crudeli

2001 2614 2278 2672 occisione
2305 2619 2549 2674 sublatis.
2570 2619 2697 2677 Haec
2729 2626 2872 2692 passi
2901 2637 3051 2694 sunt,
3083 2643 3351 2705 eruntque
3375 2649 3582 2707 specta-

2000 2705 2336 2762 culumomni
2359 2712 2531 2776 carni,
2549 2715 2881 2785 ctsupplicio
2895 2727 3104 2777 tantum
3127 2740 3238 2780 non
3263 2730 3471 2787 aéterno
3503 2733 3586 2789 af-

1999 2794 2271 2851 ﬁcientur.
2292 2796 2401 2853 Hoc
2413 2801 2558 2854 enim
2575 2800 3162 2875 fortassisinnuit,cum
3179 2814 3331 2884 dicit,
3346 2834 3586 2876 vermem

2000 2899 2190 2940 eorum
2216 2903 2330 2943 non
2351 2890 2704 2960 moriturum,
2741 2903 2796 2949 ct
2814 2896 2991 2967 ignem
3013 2917 3122 2956 non
3150 2908 3480 2964 exstinctum
3506 2911 3575 2967 iri

1997 2983 2089 3027 aut
2107 2976 2473 3047 consopitum.
2503 2977 2640 3035 Sunt
2659 2982 2751 3050 qui
2772 2986 3137 3048 voluntverlia
3151 2995 3266 3051 inec
3283 2999 3350 3053 ad
3369 3009 3582 3074 tempus

2006 3069 2498 3125 consummationis
2513 3071 2694 3127 saeculi
2725 3078 2932 3136 referre
2952 3101 2964 3138 :
2987 3086 3204 3153 quando
3222 3090 3573 3157 praevarican-

1992 3153 2127 3208 tium
2149 3158 2314 3212 veluti
2334 3165 2578 3220 membra
2601 3171 2959 3241 projiclentur
2993 3177 3085 3246 qui
3111 3153 3328 3248 relegati
3361 3195 3490 3241 sunt
3512 3189 3578 3243 ad

1988 3247 2315 3314 supplicium
2351 3259 2405 3305 et
2427 3250 2700 3315 ﬂammam
2733 3265 3140 3334 sempiternam.
3170 3247 3282 3326 Illic
3299 3273 3445 3328 enim
3460 3291 3574 3331 ver-

1986 3339 2092 3394 mis
2111 3341 2382 3412 supplicio
2406 3346 2734 3405 aﬂlictorum
2751 3352 2898 3410 vivet
2916 3370 3204 3429 perpetuo,
3230 3373 3286 3418 et
3313 3364 3453 3437 ignis
3469 3383 3574 3424 non

1987 3432 2385 3503 exstinguetur.
2406 3435 2516 3493 Nos
2545 3449 2726 3497 autem
2747 3447 3002 3504 omnibus
3043 3451 3128 3506 bis
3142 3432 3392 3512 liberabit
3417 3459 3560 3525 Chri,

1987 3531 2125 3587 stus,
2147 3539 2246 3594 per
2264 3541 2425 3595 quem
2442 3539 2635 3586 etcum
2654 3549 2762 3604 quo
2779 3536 2849 3592 sit
2864 3539 3034 3609 gloria
3048 3542 3161 3600 Deo
3188 3558 3244 3602 et
3273 3547 3418 3604 Patri
3445 3568 3568 3609 cum

1982 3625 2174 3672 sancto
2204 3617 2433 3690 Spiritu,
2456 3621 2511 3677 in
2537 3639 2752 3682 omnem
2780 3631 3104 3690 saaculorum
3127 3643 3565 3710 perpetuitatem.

1977 3717 2175 3770 Amen.

287 3777 384 3828 σὺν
413 3777 553 3849 ἁγίῳ
578 3780 876 3854 Πνεῦματι,
914 3789 994 3851 εἰς
1026 3791 1153 3854 τοὺς
1178 3792 1380 3859 αἰῶνας
1403 3797 1512 3851 τῶν
1538 3798 1770 3858 αἰώνων.
1816 3803 2004 3878 Ἀμήν.

378 3960 419 3990 ⁸³
456 3962 584 4016 llom
640 3981 715 4034 xi,
742 3967 830 4023 23.

569 5763 834 5831 ιήιιρί..
885 5773 997 5832 Gn.
1054 5775 1153 5839 LX
1170 5781 1244 5844 Χ.

3111 5828 3186 5881 Ab
