  <div class='ocr_page' id='page_1' title='image "/cluster/home/n/w/nwhite01/storage/ocr_20150623/70/hvd.32044073501991/731.png"; bbox 0 0 4090 6216; ppageno 0'>
   <div class='ocr_carea' id='block_1_1' title="bbox 557 281 694 343">
    <p class='ocr_par' dir='ltr' id='par_1_1' title="bbox 557 281 694 343">
     <span class='ocr_line' id='line_1_1' title="bbox 557 281 694 343; baseline 0 -2"><span class='ocrx_word' id='word_1_1' title='bbox 557 281 694 343; x_wconf 67' lang='grc' dir='ltr'><strong><em>ΗΜ</em></strong></span> 
     </span>
    </p>
   </div>
   <div class='ocr_carea' id='block_1_2' title="bbox 1547 285 2783 348">
    <p class='ocr_par' dir='ltr' id='par_1_2' title="bbox 1547 285 2783 348">
     <span class='ocr_line' id='line_1_2' title="bbox 1547 285 2783 348; baseline 0.006 -8"><span class='ocrx_word' id='word_1_2' title='bbox 1547 285 1606 341; x_wconf 89' lang='lat' dir='ltr'><strong>S.</strong></span> <span class='ocrx_word' id='word_1_3' title='bbox 1647 285 1918 342; x_wconf 75' lang='lat' dir='ltr'><strong>CYRILU</strong></span> <span class='ocrx_word' id='word_1_4' title='bbox 1955 287 2430 346; x_wconf 64' lang='lat' dir='ltr'><strong>ALEXANDBIM</strong></span> <span class='ocrx_word' id='word_1_5' title='bbox 2465 288 2783 348; x_wconf 75' lang='lat' dir='ltr'><strong>ARCHIEP.</strong></span> 
     </span>
    </p>
   </div>
   <div class='ocr_carea' id='block_1_3' title="bbox 3677 308 3816 364">
    <p class='ocr_par' dir='ltr' id='par_1_3' title="bbox 3677 308 3816 364">
     <span class='ocr_line' id='line_1_3' title="bbox 3677 308 3816 364; baseline 0.029 -4"><span class='ocrx_word' id='word_1_6' title='bbox 3677 308 3705 360; x_wconf 67' lang='grc'><strong>1</strong></span> <span class='ocrx_word' id='word_1_7' title='bbox 3717 309 3816 364; x_wconf 61' lang='lat' dir='ltr'><strong>ﬂ?</strong></span> 
     </span>
    </p>
   </div>
   <div class='ocr_carea' id='block_1_4' title="bbox 554 437 3798 489">
    <p class='ocr_par' dir='ltr' id='par_1_4' title="bbox 554 437 3798 489">
     <span class='ocr_line' id='line_1_4' title="bbox 554 437 3798 489; baseline -0.011 -11"><span class='ocrx_word' id='word_1_8' title='bbox 554 437 3798 489; x_wconf 57' lang='lat' dir='ltr'><strong>5.sz</strong></span> 
     </span>
    </p>
   </div>
   <div class='ocr_carea' id='block_1_5' title="bbox 661 644 3706 886">
    <p class='ocr_par' dir='ltr' id='par_1_5' title="bbox 661 644 3706 886">
     <span class='ocr_line' id='line_1_5' title="bbox 661 644 3706 886; baseline 0.002 -83"><span class='ocrx_word' id='word_1_9' title='bbox 661 644 915 803; x_wconf 87' lang='lat' dir='ltr'><strong>AD</strong></span> <span class='ocrx_word' id='word_1_10' title='bbox 1033 645 1728 886; x_wconf 20' lang='lat' dir='ltr'><strong>‘TOMUM</strong></span> <span class='ocrx_word' id='word_1_11' title='bbox 1835 651 1978 802; x_wconf 83' lang='grc' dir='ltr'>Π</span> <span class='ocrx_word' id='word_1_12' title='bbox 2089 645 3706 813; x_wconf 87' lang='lat' dir='ltr'><strong>SUPPLEMENTUM.</strong></span> 
     </span>
    </p>
   </div>
   <div class='ocr_carea' id='block_1_6' title="bbox 1259 1090 3092 1210">
    <p class='ocr_par' dir='ltr' id='par_1_6' title="bbox 1259 1090 3092 1210">
     <span class='ocr_line' id='line_1_6' title="bbox 1259 1090 3092 1210; baseline 0.001 -3"><span class='ocrx_word' id='word_1_13' title='bbox 1259 1091 2130 1210; x_wconf 85' lang='lat' dir='ltr'><strong>FRAGMENTA</strong></span> <span class='ocrx_word' id='word_1_14' title='bbox 2213 1090 2406 1207; x_wconf 88' lang='lat' dir='ltr'><strong>EX</strong></span> <span class='ocrx_word' id='word_1_15' title='bbox 2477 1091 3092 1208; x_wconf 86' lang='lat' dir='ltr'><strong>CATENIS</strong></span> 
     </span>
    </p>
   </div>
   <div class='ocr_carea' id='block_1_7' title="bbox 801 1338 3511 1418">
    <p class='ocr_par' dir='ltr' id='par_1_7' title="bbox 801 1338 3511 1418">
     <span class='ocr_line' id='line_1_7' title="bbox 801 1338 3511 1418; baseline 0.001 -15"><span class='ocrx_word' id='word_1_16' title='bbox 801 1341 884 1405; x_wconf 84' lang='lat' dir='ltr'><strong>IN</strong></span> <span class='ocrx_word' id='word_1_17' title='bbox 924 1339 1373 1417; x_wconf 81' lang='lat' dir='ltr'><strong>JEREMIAM,</strong></span> <span class='ocrx_word' id='word_1_18' title='bbox 1421 1339 1774 1418; x_wconf 79' lang='lat' dir='ltr'><strong>BARUCH,</strong></span> <span class='ocrx_word' id='word_1_19' title='bbox 1826 1339 2341 1404; x_wconf 82' lang='lat' dir='ltr'><strong>EZECHIELEM</strong></span> <span class='ocrx_word' id='word_1_20' title='bbox 2390 1340 2495 1404; x_wconf 85' lang='lat' dir='ltr'><strong>ET</strong></span> <span class='ocrx_word' id='word_1_21' title='bbox 2547 1338 2958 1403; x_wconf 84' lang='lat' dir='ltr'><strong>DANIELEM</strong></span> <span class='ocrx_word' id='word_1_22' title='bbox 3018 1338 3511 1405; x_wconf 79' lang='lat' dir='ltr'><strong>PROPHETAS.</strong></span> 
     </span>
    </p>
   </div>
   <div class='ocr_carea' id='block_1_8' title="bbox 1772 1695 2633 1787">
    <p class='ocr_par' dir='ltr' id='par_1_8' title="bbox 1772 1695 2633 1787">
     <span class='ocr_line' id='line_1_8' title="bbox 1772 1695 2633 1787; baseline -0.003 -2"><span class='ocrx_word' id='word_1_23' title='bbox 1772 1698 1898 1787; x_wconf 88' lang='lat' dir='ltr'><strong>IN</strong></span> <span class='ocrx_word' id='word_1_24' title='bbox 1969 1695 2633 1787; x_wconf 81' lang='lat' dir='ltr'><strong>JEREMIAM.</strong></span> 
     </span>
    </p>
   </div>
   <div class='ocr_carea' id='block_1_9' title="bbox 1127 1907 3193 1983">
    <p class='ocr_par' dir='ltr' id='par_1_9' title="bbox 1127 1907 3193 1983">
     <span class='ocr_line' id='line_1_9' title="bbox 1127 1907 3193 1983; baseline -0.006 -13"><span class='ocrx_word' id='word_1_25' title='bbox 1127 1917 1225 1983; x_wconf 81' lang='lat' dir='ltr'><strong>(Ex</strong></span> <span class='ocrx_word' id='word_1_26' title='bbox 1259 1919 1432 1971; x_wconf 76' lang='lat' dir='ltr'><strong>catena</strong></span> <span class='ocrx_word' id='word_1_27' title='bbox 1471 1913 1728 1968; x_wconf 73' lang='lat' dir='ltr'><strong>Michaelis</strong></span> <span class='ocrx_word' id='word_1_28' title='bbox 1760 1913 1994 1969; x_wconf 84' lang='lat' dir='ltr'><strong>Gbislerii</strong></span> <span class='ocrx_word' id='word_1_29' title='bbox 2026 1912 2076 1964; x_wconf 91' lang='lat' dir='ltr'><strong>in</strong></span> <span class='ocrx_word' id='word_1_30' title='bbox 2109 1913 2394 1965; x_wconf 82' lang='lat' dir='ltr'><strong>Jererniam.</strong></span> <span class='ocrx_word' id='word_1_31' title='bbox 2429 1910 2658 1975; x_wconf 74' lang='lat' dir='ltr'><strong>Lugduni</strong></span> <span class='ocrx_word' id='word_1_32' title='bbox 2690 1909 2828 1972; x_wconf 69' lang='lat'><strong>1625,</strong></span> <span class='ocrx_word' id='word_1_33' title='bbox 2864 1911 2896 1960; x_wconf 80' lang='grc'><strong>5</strong></span> <span class='ocrx_word' id='word_1_34' title='bbox 2929 1915 3047 1962; x_wconf 82' lang='lat' dir='ltr'><strong>tom.</strong></span> <span class='ocrx_word' id='word_1_35' title='bbox 3081 1907 3193 1970; x_wconf 80' lang='lat' dir='ltr'><strong>fol.)</strong></span> 
     </span>
    </p>
   </div>
   <div class='ocr_carea' id='block_1_10' title="bbox 614 2225 2109 2325">
    <p class='ocr_par' dir='ltr' id='par_1_10' title="bbox 614 2237 2109 2312">
     <span class='ocr_line' id='line_1_10' title="bbox 614 2237 2109 2312; baseline -0.005 -12"><span class='ocrx_word' id='word_1_36' title='bbox 614 2241 699 2312; x_wconf 83' lang='lat' dir='ltr'><strong>Ill,</strong></span> <span class='ocrx_word' id='word_1_37' title='bbox 726 2243 816 2299; x_wconf 61' lang='grc' dir='ltr'><strong>Ἧι.</strong></span> <span class='ocrx_word' id='word_1_38' title='bbox 851 2239 984 2298; x_wconf 82' lang='lat' dir='ltr'><strong><em>Vere</em></strong></span> <span class='ocrx_word' id='word_1_39' title='bbox 1020 2241 1078 2298; x_wconf 88' lang='lat' dir='ltr'><strong>in</strong></span> <span class='ocrx_word' id='word_1_40' title='bbox 1100 2241 1426 2298; x_wconf 78' lang='lat' dir='ltr'><strong>mendacium</strong></span> <span class='ocrx_word' id='word_1_41' title='bbox 1445 2248 1592 2296; x_wconf 80' lang='lat' dir='ltr'><strong>erant</strong></span> <span class='ocrx_word' id='word_1_42' title='bbox 1625 2237 1783 2294; x_wconf 75' lang='lat' dir='ltr'><strong>colles</strong></span> <span class='ocrx_word' id='word_1_43' title='bbox 1815 2248 1866 2294; x_wconf 92' lang='lat' dir='ltr'><strong>et</strong></span> <span class='ocrx_word' id='word_1_44' title='bbox 1901 2239 2109 2308; x_wconf 82' lang='lat' dir='ltr'><strong>fortitu-</strong></span> 
     </span>
    </p>
   </div>
   <div class='ocr_carea' id='block_1_11' title="bbox 2204 2225 3794 2325">
    <p class='ocr_par' dir='ltr' id='par_1_11' title="bbox 2289 2225 3794 2318">
     <span class='ocr_line' id='line_1_11' title="bbox 2289 2225 3794 2318; baseline -0.001 -32"><span class='ocrx_word' id='word_1_45' title='bbox 2289 2234 2510 2297; x_wconf 85' lang='grc' dir='ltr'><em>Ὄντως</em></span> <span class='ocrx_word' id='word_1_46' title='bbox 2534 2232 2621 2318; x_wconf 74' lang='grc' dir='ltr'>εἰς</span> <span class='ocrx_word' id='word_1_47' title='bbox 2642 2230 2871 2301; x_wconf 68' lang='grc' dir='ltr'>ψεῢδος</span> <span class='ocrx_word' id='word_1_48' title='bbox 2908 2225 3072 2301; x_wconf 81' lang='grc' dir='ltr'>ἦσαν</span> <span class='ocrx_word' id='word_1_49' title='bbox 3100 2233 3155 2287; x_wconf 78' lang='lat' dir='ltr'><strong>oi</strong></span> <span class='ocrx_word' id='word_1_50' title='bbox 3176 2231 3394 2297; x_wconf 76' lang='lat' dir='ltr'><strong>,Bovroi</strong></span> <span class='ocrx_word' id='word_1_51' title='bbox 3417 2236 3514 2291; x_wconf 75' lang='grc' dir='ltr'><strong>καὶ</strong></span> <span class='ocrx_word' id='word_1_52' title='bbox 3544 2236 3794 2302; x_wconf 79' lang='grc' dir='ltr'>δύναμις</span> 
     </span>
    </p>
   </div>
   <div class='ocr_carea' id='block_1_12' title="bbox 547 2335 2066 2407">
    <p class='ocr_par' dir='ltr' id='par_1_12' title="bbox 547 2335 2066 2407">
     <span class='ocr_line' id='line_1_12' title="bbox 547 2335 2066 2407; baseline -0.005 -17"><span class='ocrx_word' id='word_1_53' title='bbox 547 2340 616 2390; x_wconf 90' lang='lat' dir='ltr'><strong>do</strong></span> <span class='ocrx_word' id='word_1_54' title='bbox 648 2335 936 2401; x_wconf 77' lang='lat' dir='ltr'><strong>montium;</strong></span> <span class='ocrx_word' id='word_1_55' title='bbox 966 2338 1072 2389; x_wconf 87' lang='lat' dir='ltr'><strong>etc.</strong></span> <span class='ocrx_word' id='word_1_56' title='bbox 1451 2381 1456 2386; x_wconf 88' lang='lat'><strong>.</strong></span> <span class='ocrx_word' id='word_1_57' title='bbox 2059 2401 2066 2407; x_wconf 85' lang='lat'>_</span> 
     </span>
    </p>
   </div>
   <div class='ocr_carea' id='block_1_13' title="bbox 613 2417 2121 2493">
    <p class='ocr_par' dir='ltr' id='par_1_13' title="bbox 613 2417 2121 2493">
     <span class='ocr_line' id='line_1_13' title="bbox 613 2417 2121 2493; baseline -0.005 -11"><span class='ocrx_word' id='word_1_58' title='bbox 613 2417 874 2483; x_wconf 79' lang='lat' dir='ltr'><strong>Montium</strong></span> <span class='ocrx_word' id='word_1_59' title='bbox 902 2433 956 2482; x_wconf 89' lang='lat' dir='ltr'><strong>et</strong></span> <span class='ocrx_word' id='word_1_60' title='bbox 985 2423 1200 2482; x_wconf 87' lang='lat' dir='ltr'><strong>collium</strong></span> <span class='ocrx_word' id='word_1_61' title='bbox 1255 2421 1522 2490; x_wconf 75' lang='lat' dir='ltr'><strong>meminit,</strong></span> <span class='ocrx_word' id='word_1_62' title='bbox 1549 2420 1800 2493; x_wconf 90' lang='lat' dir='ltr'><strong>quoniam</strong></span> <span class='ocrx_word' id='word_1_63' title='bbox 1831 2418 1886 2475; x_wconf 94' lang='lat' dir='ltr'><strong>in</strong></span> <span class='ocrx_word' id='word_1_64' title='bbox 1918 2418 1997 2476; x_wconf 88' lang='lat' dir='ltr'><strong>eis</strong></span> <span class='ocrx_word' id='word_1_65' title='bbox 2026 2433 2121 2490; x_wconf 85' lang='lat' dir='ltr'><strong>per</strong></span> 
     </span>
    </p>
   </div>
   <div class='ocr_carea' id='block_1_14' title="bbox 541 2513 2116 2588">
    <p class='ocr_par' dir='ltr' id='par_1_14' title="bbox 541 2513 2116 2588">
     <span class='ocr_line' id='line_1_14' title="bbox 541 2513 2116 2588; baseline -0.004 -15"><span class='ocrx_word' id='word_1_66' title='bbox 541 2517 720 2588; x_wconf 88' lang='lat' dir='ltr'><strong>prisca</strong></span> <span class='ocrx_word' id='word_1_67' title='bbox 761 2514 851 2571; x_wconf 88' lang='lat' dir='ltr'><strong>illa</strong></span> <span class='ocrx_word' id='word_1_68' title='bbox 881 2523 1126 2586; x_wconf 86' lang='lat' dir='ltr'><strong>tempora</strong></span> <span class='ocrx_word' id='word_1_69' title='bbox 1191 2513 1318 2570; x_wconf 80' lang='lat' dir='ltr'><strong>fana</strong></span> <span class='ocrx_word' id='word_1_70' title='bbox 1362 2513 1710 2581; x_wconf 86' lang='lat' dir='ltr'><strong>delubraque</strong></span> <span class='ocrx_word' id='word_1_71' title='bbox 1774 2517 2116 2568; x_wconf 68' lang='lat' dir='ltr'><strong>exstruentes</strong></span> 
     </span>
    </p>
   </div>
   <div class='ocr_carea' id='block_1_15' title="bbox 545 2602 2118 2677">
    <p class='ocr_par' dir='ltr' id='par_1_15' title="bbox 545 2602 2118 2677">
     <span class='ocr_line' id='line_1_15' title="bbox 545 2602 2118 2677; baseline -0.006 -11"><span class='ocrx_word' id='word_1_72' title='bbox 545 2619 600 2666; x_wconf 87' lang='lat' dir='ltr'><strong>et</strong></span> <span class='ocrx_word' id='word_1_73' title='bbox 646 2623 770 2664; x_wconf 82' lang='lat' dir='ltr'><strong>aras</strong></span> <span class='ocrx_word' id='word_1_74' title='bbox 836 2607 1129 2677; x_wconf 70' lang='lat' dir='ltr'><strong>erigentes,</strong></span> <span class='ocrx_word' id='word_1_75' title='bbox 1178 2604 1509 2662; x_wconf 70' lang='lat' dir='ltr'><strong>daemonibus</strong></span> <span class='ocrx_word' id='word_1_76' title='bbox 1571 2617 1733 2673; x_wconf 86' lang='lat' dir='ltr'><strong>quam</strong></span> <span class='ocrx_word' id='word_1_77' title='bbox 1782 2602 2118 2675; x_wconf 71' lang='lat' dir='ltr'><strong>gratissimas</strong></span> 
     </span>
    </p>
   </div>
   <div class='ocr_carea' id='block_1_16' title="bbox 543 2695 1137 2754">
    <p class='ocr_par' dir='ltr' id='par_1_16' title="bbox 543 2695 1137 2754">
     <span class='ocr_line' id='line_1_16' title="bbox 543 2695 1137 2754; baseline -0.005 -2"><span class='ocrx_word' id='word_1_78' title='bbox 543 2698 790 2754; x_wconf 73' lang='lat' dir='ltr'><strong>victimas</strong></span> <span class='ocrx_word' id='word_1_79' title='bbox 823 2695 1137 2753; x_wconf 68' lang='lat' dir='ltr'><strong>offerebant.</strong></span> 
     </span>
    </p>
   </div>
   <div class='ocr_carea' id='block_1_17' title="bbox 610 2781 2116 2857">
    <p class='ocr_par' dir='ltr' id='par_1_17' title="bbox 610 2781 2116 2857">
     <span class='ocr_line' id='line_1_17' title="bbox 610 2781 2116 2857; baseline -0.005 -14"><span class='ocrx_word' id='word_1_80' title='bbox 610 2789 698 2856; x_wconf 82' lang='lat' dir='ltr'><strong>Ill,</strong></span> <span class='ocrx_word' id='word_1_81' title='bbox 726 2789 824 2844; x_wconf 69' lang='grc'><strong>24.</strong></span> <span class='ocrx_word' id='word_1_82' title='bbox 859 2786 1111 2857; x_wconf 76' lang='lat' dir='ltr'><strong>Confusio</strong></span> <span class='ocrx_word' id='word_1_83' title='bbox 1140 2793 1314 2840; x_wconf 79' lang='lat' dir='ltr'><strong>autem</strong></span> <span class='ocrx_word' id='word_1_84' title='bbox 1336 2781 1652 2854; x_wconf 68' lang='lat' dir='ltr'><strong>consumpsit</strong></span> <span class='ocrx_word' id='word_1_85' title='bbox 1672 2781 1875 2838; x_wconf 83' lang='lat' dir='ltr'><strong>labores</strong></span> <span class='ocrx_word' id='word_1_86' title='bbox 1904 2791 2116 2853; x_wconf 80' lang='lat' dir='ltr'><strong>patrum</strong></span> 
     </span>
    </p>
   </div>
   <div class='ocr_carea' id='block_1_18' title="bbox 543 2876 1550 2936">
    <p class='ocr_par' dir='ltr' id='par_1_18' title="bbox 543 2876 1550 2936">
     <span class='ocr_line' id='line_1_18' title="bbox 543 2876 1550 2936; baseline -0.006 0"><span class='ocrx_word' id='word_1_87' title='bbox 543 2891 842 2936; x_wconf 88' lang='lat' dir='ltr'><strong>nostrorum</strong></span> <span class='ocrx_word' id='word_1_88' title='bbox 868 2881 932 2934; x_wconf 78' lang='lat' dir='ltr'><strong>ab</strong></span> <span class='ocrx_word' id='word_1_89' title='bbox 966 2876 1318 2933; x_wconf 73' lang='lat' dir='ltr'><strong>adolescentia</strong></span> <span class='ocrx_word' id='word_1_90' title='bbox 1347 2890 1550 2930; x_wconf 86' lang='lat' dir='ltr'><strong>eorum.</strong></span> 
     </span>
    </p>
   </div>
   <div class='ocr_carea' id='block_1_19' title="bbox 611 2965 2115 3038">
    <p class='ocr_par' dir='ltr' id='par_1_19' title="bbox 611 2965 2115 3038">
     <span class='ocr_line' id='line_1_19' title="bbox 611 2965 2115 3038; baseline -0.004 -10"><span class='ocrx_word' id='word_1_91' title='bbox 611 2972 991 3029; x_wconf 80' lang='lat' dir='ltr'><strong>Confusionem</strong></span> <span class='ocrx_word' id='word_1_92' title='bbox 1031 2977 1228 3026; x_wconf 85' lang='lat' dir='ltr'><strong>vocant</strong></span> <span class='ocrx_word' id='word_1_93' title='bbox 1249 2982 1374 3025; x_wconf 81' lang='lat' dir='ltr'><strong>vere</strong></span> <span class='ocrx_word' id='word_1_94' title='bbox 1417 2966 1793 3038; x_wconf 87' lang='lat' dir='ltr'><strong>turpissimum</strong></span> <span class='ocrx_word' id='word_1_95' title='bbox 1830 2973 1888 3022; x_wconf 88' lang='lat' dir='ltr'><strong>et</strong></span> <span class='ocrx_word' id='word_1_96' title='bbox 1935 2965 2115 3038; x_wconf 73' lang='lat' dir='ltr'><strong>inglo-</strong></span> 
     </span>
    </p>
   </div>
   <div class='ocr_carea' id='block_1_20' title="bbox 540 3059 2114 3126">
    <p class='ocr_par' dir='ltr' id='par_1_20' title="bbox 540 3059 2114 3126">
     <span class='ocr_line' id='line_1_20' title="bbox 540 3059 2114 3126; baseline -0.004 -6"><span class='ocrx_word' id='word_1_97' title='bbox 540 3065 678 3120; x_wconf 88' lang='lat' dir='ltr'><strong>rium</strong></span> <span class='ocrx_word' id='word_1_98' title='bbox 708 3063 973 3120; x_wconf 85' lang='lat' dir='ltr'><strong>idolorum</strong></span> <span class='ocrx_word' id='word_1_99' title='bbox 1003 3062 1202 3118; x_wconf 90' lang='lat' dir='ltr'><strong>cultum</strong></span> <span class='ocrx_word' id='word_1_100' title='bbox 1230 3069 1286 3116; x_wconf 90' lang='lat' dir='ltr'><strong>et</strong></span> <span class='ocrx_word' id='word_1_101' title='bbox 1321 3069 1626 3116; x_wconf 73' lang='lat' dir='ltr'><strong>versantem</strong></span> <span class='ocrx_word' id='word_1_102' title='bbox 1658 3059 1712 3114; x_wconf 90' lang='lat' dir='ltr'><strong>in</strong></span> <span class='ocrx_word' id='word_1_103' title='bbox 1736 3073 1803 3115; x_wconf 87' lang='lat' dir='ltr'><strong>eo</strong></span> <span class='ocrx_word' id='word_1_104' title='bbox 1847 3073 2114 3126; x_wconf 87' lang='lat' dir='ltr'><strong>errorem,</strong></span> 
     </span>
    </p>
   </div>
   <div class='ocr_carea' id='block_1_21' title="bbox 539 3151 2116 3227">
    <p class='ocr_par' dir='ltr' id='par_1_21' title="bbox 539 3151 2116 3227">
     <span class='ocr_line' id='line_1_21' title="bbox 539 3151 2116 3227; baseline -0.003 -15"><span class='ocrx_word' id='word_1_105' title='bbox 539 3158 630 3227; x_wconf 88' lang='lat' dir='ltr'><strong>qui</strong></span> <span class='ocrx_word' id='word_1_106' title='bbox 664 3164 719 3212; x_wconf 90' lang='lat' dir='ltr'><strong>et</strong></span> <span class='ocrx_word' id='word_1_107' title='bbox 741 3166 951 3226; x_wconf 89' lang='lat' dir='ltr'><strong>patrum</strong></span> <span class='ocrx_word' id='word_1_108' title='bbox 990 3169 1209 3210; x_wconf 88' lang='lat' dir='ltr'><strong>suorum</strong></span> <span class='ocrx_word' id='word_1_109' title='bbox 1243 3152 1456 3208; x_wconf 75' lang='lat' dir='ltr'><strong>labores</strong></span> <span class='ocrx_word' id='word_1_110' title='bbox 1481 3151 1756 3208; x_wconf 86' lang='lat' dir='ltr'><strong>comedit:</strong></span> <span class='ocrx_word' id='word_1_111' title='bbox 1814 3151 2116 3221; x_wconf 82' lang='lat' dir='ltr'><strong>insumpse-</strong></span> 
     </span>
    </p>
   </div>
   <div class='ocr_carea' id='block_1_22' title="bbox 543 3240 2112 3311">
    <p class='ocr_par' dir='ltr' id='par_1_22' title="bbox 543 3240 2112 3311">
     <span class='ocr_line' id='line_1_22' title="bbox 543 3240 2112 3311; baseline -0.004 -11"><span class='ocrx_word' id='word_1_112' title='bbox 543 3257 667 3301; x_wconf 88' lang='lat' dir='ltr'><strong>runt</strong></span> <span class='ocrx_word' id='word_1_113' title='bbox 693 3245 839 3302; x_wconf 88' lang='lat' dir='ltr'><strong>euim</strong></span> <span class='ocrx_word' id='word_1_114' title='bbox 876 3260 1008 3302; x_wconf 83' lang='lat' dir='ltr'><strong>oves</strong></span> <span class='ocrx_word' id='word_1_115' title='bbox 1046 3259 1178 3300; x_wconf 79' lang='lat' dir='ltr'><strong>suae</strong></span> <span class='ocrx_word' id='word_1_116' title='bbox 1209 3251 1264 3298; x_wconf 90' lang='lat' dir='ltr'><strong>et</strong></span> <span class='ocrx_word' id='word_1_117' title='bbox 1312 3242 1530 3311; x_wconf 82' lang='lat' dir='ltr'><strong>vitulos,</strong></span> <span class='ocrx_word' id='word_1_118' title='bbox 1565 3240 1901 3296; x_wconf 67' lang='lat' dir='ltr'><strong>daemonibus</strong></span> <span class='ocrx_word' id='word_1_119' title='bbox 1955 3255 2112 3296; x_wconf 86' lang='lat' dir='ltr'><strong>sacra</strong></span> 
     </span>
    </p>
   </div>
   <div class='ocr_carea' id='block_1_23' title="bbox 537 3331 2112 3407">
    <p class='ocr_par' dir='ltr' id='par_1_23' title="bbox 537 3331 2112 3407">
     <span class='ocr_line' id='line_1_23' title="bbox 537 3331 2112 3407; baseline -0.002 -15"><span class='ocrx_word' id='word_1_120' title='bbox 537 3345 877 3407; x_wconf 75' lang='lat' dir='ltr'><strong>peragentes,</strong></span> <span class='ocrx_word' id='word_1_121' title='bbox 910 3333 1311 3404; x_wconf 63' lang='lat' dir='ltr'><strong>prudentiaque</strong></span> <span class='ocrx_word' id='word_1_122' title='bbox 1357 3334 1613 3388; x_wconf 78' lang='lat' dir='ltr'><strong>damnum</strong></span> <span class='ocrx_word' id='word_1_123' title='bbox 1643 3346 1747 3387; x_wconf 87' lang='lat' dir='ltr'><strong>una</strong></span> <span class='ocrx_word' id='word_1_124' title='bbox 1781 3345 1906 3387; x_wconf 88' lang='lat' dir='ltr'><strong>cum</strong></span> <span class='ocrx_word' id='word_1_125' title='bbox 1955 3331 2112 3389; x_wconf 88' lang='lat' dir='ltr'><strong>bonis</strong></span> 
     </span>
    </p>
   </div>
   <div class='ocr_carea' id='block_1_24' title="bbox 538 3428 844 3483">
    <p class='ocr_par' dir='ltr' id='par_1_24' title="bbox 538 3428 844 3483">
     <span class='ocr_line' id='line_1_24' title="bbox 538 3428 844 3483; baseline 0 0"><span class='ocrx_word' id='word_1_126' title='bbox 538 3428 844 3483; x_wconf 85' lang='lat' dir='ltr'><strong>subierunt.</strong></span> 
     </span>
    </p>
   </div>
   <div class='ocr_carea' id='block_1_25' title="bbox 611 3516 2112 3589">
    <p class='ocr_par' dir='ltr' id='par_1_25' title="bbox 611 3516 2112 3589">
     <span class='ocr_line' id='line_1_25' title="bbox 611 3516 2112 3589; baseline -0.002 -15"><span class='ocrx_word' id='word_1_127' title='bbox 611 3518 760 3584; x_wconf 69' lang='lat' dir='ltr'><strong>v.1.</strong></span> <span class='ocrx_word' id='word_1_128' title='bbox 798 3517 1109 3574; x_wconf 65' lang='grc' dir='ltr'>Ηειιυιὶιιίἔ</span> <span class='ocrx_word' id='word_1_129' title='bbox 1139 3517 1265 3589; x_wconf 82' lang='lat' dir='ltr'><strong>quia</strong></span> <span class='ocrx_word' id='word_1_130' title='bbox 1319 3516 1495 3588; x_wconf 77' lang='lat' dir='ltr'><strong>deﬁcit</strong></span> <span class='ocrx_word' id='word_1_131' title='bbox 1555 3517 1734 3572; x_wconf 80' lang='lat' dir='ltr'><strong>anima</strong></span> <span class='ocrx_word' id='word_1_132' title='bbox 1778 3532 1894 3572; x_wconf 88' lang='lat' dir='ltr'><strong>mea</strong></span> <span class='ocrx_word' id='word_1_133' title='bbox 1957 3533 2112 3589; x_wconf 78' lang='lat' dir='ltr'><strong>super</strong></span> 
     </span>
    </p>
   </div>
   <div class='ocr_carea' id='block_1_26' title="bbox 537 3607 1844 3682">
    <p class='ocr_par' dir='ltr' id='par_1_26' title="bbox 537 3607 1844 3682">
     <span class='ocr_line' id='line_1_26' title="bbox 537 3607 1844 3682; baseline -0.001 -16"><span class='ocrx_word' id='word_1_134' title='bbox 537 3611 845 3682; x_wconf 79' lang='lat' dir='ltr'><strong>interfectis.</strong></span> <span class='ocrx_word' id='word_1_135' title='bbox 877 3609 1286 3667; x_wconf 81' lang='lat' dir='ltr'><strong>Circumcurrite</strong></span> <span class='ocrx_word' id='word_1_136' title='bbox 1311 3610 1367 3666; x_wconf 85' lang='lat' dir='ltr'><strong>in</strong></span> <span class='ocrx_word' id='word_1_137' title='bbox 1399 3610 1494 3666; x_wconf 76' lang='lat' dir='ltr'><strong>viis</strong></span> <span class='ocrx_word' id='word_1_138' title='bbox 1526 3607 1844 3665; x_wconf 79' lang='lat' dir='ltr'><strong>Jerusalem.</strong></span> 
     </span>
    </p>
   </div>
   <div class='ocr_carea' id='block_1_27' title="bbox 612 3774 2108 3846">
    <p class='ocr_par' dir='ltr' id='par_1_27' title="bbox 612 3774 2108 3846">
     <span class='ocr_line' id='line_1_27' title="bbox 612 3774 2108 3846; baseline 0.001 -4"><span class='ocrx_word' id='word_1_139' title='bbox 612 3789 802 3845; x_wconf 78' lang='lat' dir='ltr'><strong>Viden‘</strong></span> <span class='ocrx_word' id='word_1_140' title='bbox 844 3774 1147 3844; x_wconf 88' lang='lat' dir='ltr'><strong>occisorum</strong></span> <span class='ocrx_word' id='word_1_141' title='bbox 1178 3803 1337 3844; x_wconf 85' lang='lat' dir='ltr'><strong>causa</strong></span> <span class='ocrx_word' id='word_1_142' title='bbox 1370 3789 1530 3844; x_wconf 92' lang='lat' dir='ltr'><strong>nimis</strong></span> <span class='ocrx_word' id='word_1_143' title='bbox 1557 3788 1823 3846; x_wconf 89' lang='lat' dir='ltr'><strong>dolentem</strong></span> <span class='ocrx_word' id='word_1_144' title='bbox 1841 3787 2108 3845; x_wconf 87' lang='lat' dir='ltr'><strong>lubentis-</strong></span> 
     </span>
    </p>
   </div>
   <div class='ocr_carea' id='block_1_28' title="bbox 533 3877 2107 3951">
    <p class='ocr_par' dir='ltr' id='par_1_28' title="bbox 533 3877 2107 3951">
     <span class='ocr_line' id='line_1_28' title="bbox 533 3877 2107 3951; baseline -0.001 -13"><span class='ocrx_word' id='word_1_145' title='bbox 533 3881 778 3950; x_wconf 83' lang='lat' dir='ltr'><strong>simeque</strong></span> <span class='ocrx_word' id='word_1_146' title='bbox 817 3877 1118 3936; x_wconf 78' lang='lat' dir='ltr'><strong>Jerusalem</strong></span> <span class='ocrx_word' id='word_1_147' title='bbox 1152 3880 1397 3936; x_wconf 86' lang='lat' dir='ltr'><strong>misereri</strong></span> <span class='ocrx_word' id='word_1_148' title='bbox 1437 3889 1796 3951; x_wconf 86' lang='lat' dir='ltr'><strong>appetentem,</strong></span> <span class='ocrx_word' id='word_1_149' title='bbox 1832 3880 1924 3936; x_wconf 87' lang='lat' dir='ltr'><strong>sed</strong></span> <span class='ocrx_word' id='word_1_150' title='bbox 1953 3895 2107 3951; x_wconf 52' lang='lat' dir='ltr'><strong>,quo-</strong></span> 
     </span>
    </p>
   </div>
   <div class='ocr_carea' id='block_1_29' title="bbox 535 3971 2103 4043">
    <p class='ocr_par' dir='ltr' id='par_1_29' title="bbox 535 3971 2103 4043">
     <span class='ocr_line' id='line_1_29' title="bbox 535 3971 2103 4043; baseline 0 -15"><span class='ocrx_word' id='word_1_151' title='bbox 535 3971 820 4028; x_wconf 68' lang='lat' dir='ltr'><strong>dummodo</strong></span> <span class='ocrx_word' id='word_1_152' title='bbox 848 3987 878 4026; x_wconf 89' lang='lat' dir='ltr'><strong>a</strong></span> <span class='ocrx_word' id='word_1_153' title='bbox 917 3971 1097 4041; x_wconf 88' lang='lat' dir='ltr'><strong>seipso</strong></span> <span class='ocrx_word' id='word_1_154' title='bbox 1125 3971 1458 4043; x_wconf 87' lang='lat' dir='ltr'><strong>impeditum,</strong></span> <span class='ocrx_word' id='word_1_155' title='bbox 1488 3981 1543 4028; x_wconf 90' lang='lat' dir='ltr'><strong>et</strong></span> <span class='ocrx_word' id='word_1_156' title='bbox 1579 3979 1784 4028; x_wconf 89' lang='lat' dir='ltr'><strong>tantum</strong></span> <span class='ocrx_word' id='word_1_157' title='bbox 1811 3988 1916 4029; x_wconf 92' lang='lat' dir='ltr'><strong>non</strong></span> <span class='ocrx_word' id='word_1_158' title='bbox 1947 3987 2103 4030; x_wconf 81' lang='lat' dir='ltr'><strong>revo-</strong></span> 
     </span>
    </p>
   </div>
   <div class='ocr_carea' id='block_1_30' title="bbox 535 4063 2108 4136">
    <p class='ocr_par' dir='ltr' id='par_1_30' title="bbox 535 4063 2108 4136">
     <span class='ocr_line' id='line_1_30' title="bbox 535 4063 2108 4136; baseline 0.003 -18"><span class='ocrx_word' id='word_1_159' title='bbox 535 4073 745 4119; x_wconf 83' lang='lat' dir='ltr'><strong>cantem</strong></span> <span class='ocrx_word' id='word_1_160' title='bbox 791 4064 1025 4118; x_wconf 77' lang='lat' dir='ltr'><strong>divinam</strong></span> <span class='ocrx_word' id='word_1_161' title='bbox 1061 4063 1440 4135; x_wconf 73' lang='lat' dir='ltr'><strong>benignitatem</strong></span> <span class='ocrx_word' id='word_1_162' title='bbox 1473 4063 1542 4121; x_wconf 94' lang='lat' dir='ltr'><strong>ob</strong></span> <span class='ocrx_word' id='word_1_163' title='bbox 1574 4065 1873 4136; x_wconf 84' lang='lat' dir='ltr'><strong>iniquitatis</strong></span> <span class='ocrx_word' id='word_1_164' title='bbox 1919 4077 2108 4122; x_wconf 80' lang='lat' dir='ltr'><strong>exces-</strong></span> 
     </span>
    </p>
   </div>
   <div class='ocr_carea' id='block_1_31' title="bbox 534 4156 2106 4226">
    <p class='ocr_par' dir='ltr' id='par_1_31' title="bbox 534 4156 2106 4226">
     <span class='ocr_line' id='line_1_31' title="bbox 534 4156 2106 4226; baseline 0.001 -16"><span class='ocrx_word' id='word_1_165' title='bbox 534 4170 676 4222; x_wconf 86' lang='lat' dir='ltr'><strong>sum,</strong></span> <span class='ocrx_word' id='word_1_166' title='bbox 711 4164 1042 4226; x_wconf 67' lang='lat' dir='ltr'><strong>quaerentem</strong></span> <span class='ocrx_word' id='word_1_167' title='bbox 1090 4163 1269 4212; x_wconf 87' lang='lat' dir='ltr'><strong>tamen</strong></span> <span class='ocrx_word' id='word_1_168' title='bbox 1311 4156 1684 4226; x_wconf 80' lang='lat' dir='ltr'><strong>iniquitatibus</strong></span> <span class='ocrx_word' id='word_1_169' title='bbox 1755 4156 2106 4213; x_wconf 81' lang='lat' dir='ltr'><strong>commisera-</strong></span> 
     </span>
    </p>
   </div>
   <div class='ocr_carea' id='block_1_32' title="bbox 534 4246 2099 4316">
    <p class='ocr_par' dir='ltr' id='par_1_32' title="bbox 534 4246 2099 4316">
     <span class='ocr_line' id='line_1_32' title="bbox 534 4246 2099 4316; baseline -0.001 -14"><span class='ocrx_word' id='word_1_170' title='bbox 534 4248 735 4303; x_wconf 81' lang='lat' dir='ltr'><strong>tionem</strong></span> <span class='ocrx_word' id='word_1_171' title='bbox 752 4246 1128 4316; x_wconf 84' lang='lat' dir='ltr'><strong>volentemque</strong></span> <span class='ocrx_word' id='word_1_172' title='bbox 1144 4259 1241 4316; x_wconf 88' lang='lat' dir='ltr'><strong>per</strong></span> <span class='ocrx_word' id='word_1_173' title='bbox 1261 4261 1424 4302; x_wconf 88' lang='lat' dir='ltr'><strong>unum</strong></span> <span class='ocrx_word' id='word_1_174' title='bbox 1451 4256 1695 4303; x_wconf 79' lang='lat' dir='ltr'><strong>avertere</strong></span> <span class='ocrx_word' id='word_1_175' title='bbox 1719 4247 1894 4302; x_wconf 81' lang='lat' dir='ltr'><strong>iram?</strong></span> <span class='ocrx_word' id='word_1_176' title='bbox 1926 4247 2099 4304; x_wconf 90' lang='lat' dir='ltr'><strong>Unum</strong></span> 
     </span>
    </p>
   </div>
   <div class='ocr_carea' id='block_1_33' title="bbox 531 4339 2104 4411">
    <p class='ocr_par' dir='ltr' id='par_1_33' title="bbox 531 4339 2104 4411">
     <span class='ocr_line' id='line_1_33' title="bbox 531 4339 2104 4411; baseline 0.001 -17"><span class='ocrx_word' id='word_1_177' title='bbox 531 4339 676 4394; x_wconf 83' lang='lat' dir='ltr'><strong>enim</strong></span> <span class='ocrx_word' id='word_1_178' title='bbox 714 4339 987 4395; x_wconf 90' lang='lat' dir='ltr'><strong>hominem</strong></span> <span class='ocrx_word' id='word_1_179' title='bbox 1018 4339 1085 4395; x_wconf 89' lang='lat' dir='ltr'><strong>ab</strong></span> <span class='ocrx_word' id='word_1_180' title='bbox 1118 4339 1204 4394; x_wconf 88' lang='lat' dir='ltr'><strong>his</strong></span> <span class='ocrx_word' id='word_1_181' title='bbox 1235 4339 1328 4410; x_wconf 88' lang='lat' dir='ltr'><strong>qui</strong></span> <span class='ocrx_word' id='word_1_182' title='bbox 1380 4341 1768 4411; x_wconf 85' lang='lat' dir='ltr'><strong>percurrebant</strong></span> <span class='ocrx_word' id='word_1_183' title='bbox 1823 4355 2104 4397; x_wconf 85' lang='lat' dir='ltr'><strong>common-</strong></span> 
     </span>
    </p>
   </div>
   <div class='ocr_carea' id='block_1_34' title="bbox 529 4429 1094 4498">
    <p class='ocr_par' dir='ltr' id='par_1_34' title="bbox 529 4429 1094 4498">
     <span class='ocr_line' id='line_1_34' title="bbox 529 4429 1094 4498; baseline -0.002 -12"><span class='ocrx_word' id='word_1_184' title='bbox 529 4441 640 4486; x_wconf 84' lang='lat' dir='ltr'><strong>stra</strong></span> <span class='ocrx_word' id='word_1_185' title='bbox 650 4431 693 4484; x_wconf 90' lang='lat' dir='ltr'><strong>ri</strong></span> <span class='ocrx_word' id='word_1_186' title='bbox 725 4430 825 4485; x_wconf 80' lang='lat' dir='ltr'><strong>sibi</strong></span> <span class='ocrx_word' id='word_1_187' title='bbox 852 4429 1094 4498; x_wconf 75' lang='lat' dir='ltr'><strong>iubebat.</strong></span> 
     </span>
    </p>
   </div>
   <div class='ocr_carea' id='block_1_35' title="bbox 601 4520 2101 4597">
    <p class='ocr_par' dir='ltr' id='par_1_35' title="bbox 601 4520 2101 4597">
     <span class='ocr_line' id='line_1_35' title="bbox 601 4520 2101 4597; baseline 0.003 -20"><span class='ocrx_word' id='word_1_188' title='bbox 601 4523 666 4590; x_wconf 85' lang='lat' dir='ltr'><strong>V,</strong></span> <span class='ocrx_word' id='word_1_189' title='bbox 697 4522 750 4577; x_wconf 75' lang='grc'><strong>4.</strong></span> <span class='ocrx_word' id='word_1_190' title='bbox 792 4520 861 4576; x_wconf 82' lang='lat' dir='ltr'><strong>Et</strong></span> <span class='ocrx_word' id='word_1_191' title='bbox 925 4539 1018 4594; x_wconf 84' lang='lat' dir='ltr'><strong>ego</strong></span> <span class='ocrx_word' id='word_1_192' title='bbox 1059 4522 1475 4579; x_wconf 70' lang='lat' dir='ltr'><strong>dixi:Fortassc</strong></span> <span class='ocrx_word' id='word_1_193' title='bbox 1534 4526 1712 4592; x_wconf 77' lang='lat' dir='ltr'><strong>inopes</strong></span> <span class='ocrx_word' id='word_1_194' title='bbox 1745 4534 1901 4592; x_wconf 85' lang='lat' dir='ltr'><strong>sunt,</strong></span> <span class='ocrx_word' id='word_1_195' title='bbox 1954 4527 2101 4597; x_wconf 83' lang='lat' dir='ltr'><strong>quia,</strong></span> 
     </span>
    </p>
   </div>
   <div class='ocr_carea' id='block_1_36' title="bbox 527 4625 633 4669">
    <p class='ocr_par' dir='ltr' id='par_1_36' title="bbox 527 4625 633 4669">
     <span class='ocr_line' id='line_1_36' title="bbox 527 4625 633 4669; baseline -0.009 0"><span class='ocrx_word' id='word_1_196' title='bbox 527 4625 633 4669; x_wconf 67' lang='lat' dir='ltr'><strong>CIC.</strong></span> 
     </span>
    </p>
   </div>
   <div class='ocr_carea' id='block_1_37' title="bbox 595 4704 2104 4782">
    <p class='ocr_par' dir='ltr' id='par_1_37' title="bbox 595 4704 2104 4782">
     <span class='ocr_line' id='line_1_37' title="bbox 595 4704 2104 4782; baseline 0.005 -24"><span class='ocrx_word' id='word_1_197' title='bbox 595 4704 698 4774; x_wconf 84' lang='lat' dir='ltr'><strong>Qui</strong></span> <span class='ocrx_word' id='word_1_198' title='bbox 748 4705 981 4776; x_wconf 81' lang='lat' dir='ltr'><strong>majores</strong></span> <span class='ocrx_word' id='word_1_199' title='bbox 1021 4714 1250 4763; x_wconf 86' lang='lat' dir='ltr'><strong>erantet</strong></span> <span class='ocrx_word' id='word_1_200' title='bbox 1273 4706 1516 4776; x_wconf 84' lang='lat' dir='ltr'><strong>ampliori</strong></span> <span class='ocrx_word' id='word_1_201' title='bbox 1547 4708 1844 4764; x_wconf 88' lang='lat' dir='ltr'><strong>sacerdotio</strong></span> <span class='ocrx_word' id='word_1_202' title='bbox 1878 4708 2104 4782; x_wconf 76' lang='lat' dir='ltr'><strong>fungen-</strong></span> 
     </span>
    </p>
   </div>
   <div class='ocr_carea' id='block_1_38' title="bbox 528 4794 2098 4868">
    <p class='ocr_par' dir='ltr' id='par_1_38' title="bbox 528 4794 2098 4868">
     <span class='ocr_line' id='line_1_38' title="bbox 528 4794 2098 4868; baseline 0.001 -15"><span class='ocrx_word' id='word_1_203' title='bbox 528 4807 608 4854; x_wconf 85' lang='lat' dir='ltr'><strong>tes</strong></span> <span class='ocrx_word' id='word_1_204' title='bbox 635 4797 775 4867; x_wconf 82' lang='lat' dir='ltr'><strong>apnd</strong></span> <span class='ocrx_word' id='word_1_205' title='bbox 797 4794 1012 4853; x_wconf 67' lang='lat' dir='ltr'><strong>Iudaeos</strong></span> <span class='ocrx_word' id='word_1_206' title='bbox 1045 4797 1240 4853; x_wconf 88' lang='lat' dir='ltr'><strong>merito</strong></span> <span class='ocrx_word' id='word_1_207' title='bbox 1265 4812 1364 4868; x_wconf 83' lang='lat' dir='ltr'><strong>pro</strong></span> <span class='ocrx_word' id='word_1_208' title='bbox 1392 4798 1764 4855; x_wconf 86' lang='lat' dir='ltr'><strong>miserioribus</strong></span> <span class='ocrx_word' id='word_1_209' title='bbox 1795 4797 2098 4867; x_wconf 86' lang='lat' dir='ltr'><strong>habentur;</strong></span> 
     </span>
    </p>
   </div>
   <div class='ocr_carea' id='block_1_39' title="bbox 529 4887 2166 4980">
    <p class='ocr_par' dir='ltr' id='par_1_39' title="bbox 529 4887 2166 4980">
     <span class='ocr_line' id='line_1_39' title="bbox 529 4887 2166 4980; baseline 0.004 -40"><span class='ocrx_word' id='word_1_210' title='bbox 529 4887 726 4960; x_wconf 85' lang='lat' dir='ltr'><strong>quibus</strong></span> <span class='ocrx_word' id='word_1_211' title='bbox 789 4887 952 4943; x_wconf 86' lang='lat' dir='ltr'><strong>etiam</strong></span> <span class='ocrx_word' id='word_1_212' title='bbox 1007 4887 1088 4944; x_wconf 84' lang='lat' dir='ltr'><strong>ira</strong></span> <span class='ocrx_word' id='word_1_213' title='bbox 1147 4889 1510 4946; x_wconf 86' lang='lat' dir='ltr'><strong>abundantior</strong></span> <span class='ocrx_word' id='word_1_214' title='bbox 1575 4889 1745 4945; x_wconf 86' lang='lat' dir='ltr'><strong>ell‘usa</strong></span> <span class='ocrx_word' id='word_1_215' title='bbox 1792 4901 1895 4946; x_wconf 86' lang='lat' dir='ltr'><strong>est.</strong></span> <span class='ocrx_word' id='word_1_216' title='bbox 1947 4891 2166 4980; x_wconf 74' lang='lat' dir='ltr'><strong>Quodc</strong></span> 
     </span>
    </p>
   </div>
   <div class='ocr_carea' id='block_1_40' title="bbox 526 4981 2099 5054">
    <p class='ocr_par' dir='ltr' id='par_1_40' title="bbox 526 4981 2099 5054">
     <span class='ocr_line' id='line_1_40' title="bbox 526 4981 2099 5054; baseline 0.001 -18"><span class='ocrx_word' id='word_1_217' title='bbox 526 4983 742 5054; x_wconf 83' lang='lat' dir='ltr'><strong>planum</strong></span> <span class='ocrx_word' id='word_1_218' title='bbox 787 4981 916 5037; x_wconf 82' lang='lat' dir='ltr'><strong>iacit</strong></span> <span class='ocrx_word' id='word_1_219' title='bbox 961 4981 1230 5049; x_wconf 85' lang='lat' dir='ltr'><strong>Christus,</strong></span> <span class='ocrx_word' id='word_1_220' title='bbox 1264 4981 1532 5053; x_wconf 86' lang='lat' dir='ltr'><strong>inquiens,</strong></span> <span class='ocrx_word' id='word_1_221' title='bbox 1574 4982 1664 5038; x_wconf 76' lang='lat' dir='ltr'><strong>Va:</strong></span> <span class='ocrx_word' id='word_1_222' title='bbox 1703 4981 1866 5047; x_wconf 78' lang='lat' dir='ltr'><strong>vobis,</strong></span> <span class='ocrx_word' id='word_1_223' title='bbox 1897 4983 2099 5038; x_wconf 81' lang='lat' dir='ltr'><strong>Scriba:</strong></span> 
     </span>
    </p>
   </div>
   <div class='ocr_carea' id='block_1_41' title="bbox 526 5070 2096 5145">
    <p class='ocr_par' dir='ltr' id='par_1_41' title="bbox 526 5070 2096 5145">
     <span class='ocr_line' id='line_1_41' title="bbox 526 5070 2096 5145; baseline 0 -16"><span class='ocrx_word' id='word_1_224' title='bbox 526 5084 576 5129; x_wconf 83' lang='lat' dir='ltr'><strong>et</strong></span> <span class='ocrx_word' id='word_1_225' title='bbox 606 5070 868 5127; x_wconf 71' lang='lat' dir='ltr'><strong>Phariswi</strong></span> <span class='ocrx_word' id='word_1_226' title='bbox 908 5073 1209 5144; x_wconf 56' lang='lat' dir='ltr'><strong>hypocrita,</strong></span> <span class='ocrx_word' id='word_1_227' title='bbox 1269 5075 1393 5145; x_wconf 85' lang='lat' dir='ltr'><strong>quia</strong></span> <span class='ocrx_word' id='word_1_228' title='bbox 1441 5075 1673 5129; x_wconf 75' lang='lat' dir='ltr'><strong>circuitis</strong></span> <span class='ocrx_word' id='word_1_229' title='bbox 1721 5091 1866 5128; x_wconf 86' lang='lat' dir='ltr'><strong>mare</strong></span> <span class='ocrx_word' id='word_1_230' title='bbox 1906 5085 1955 5129; x_wconf 88' lang='lat' dir='ltr'><strong>et</strong></span> <span class='ocrx_word' id='word_1_231' title='bbox 1986 5077 2096 5129; x_wconf 82' lang='lat' dir='ltr'><strong>ari--</strong></span> 
     </span>
    </p>
   </div>
   <div class='ocr_carea' id='block_1_42' title="bbox 524 5164 1739 5237">
    <p class='ocr_par' dir='ltr' id='par_1_42' title="bbox 524 5164 1739 5237">
     <span class='ocr_line' id='line_1_42' title="bbox 524 5164 1739 5237; baseline 0.002 -20"><span class='ocrx_word' id='word_1_232' title='bbox 524 5166 650 5218; x_wconf 86' lang='lat' dir='ltr'><strong>dam</strong></span> <span class='ocrx_word' id='word_1_233' title='bbox 709 5175 767 5218; x_wconf 84' lang='lat' dir='ltr'><strong>ut</strong></span> <span class='ocrx_word' id='word_1_234' title='bbox 803 5164 1015 5235; x_wconf 83' lang='lat' dir='ltr'><strong>faciatis</strong></span> <span class='ocrx_word' id='word_1_235' title='bbox 1054 5180 1214 5219; x_wconf 86' lang='lat' dir='ltr'><strong>unum</strong></span> <span class='ocrx_word' id='word_1_236' title='bbox 1259 5165 1600 5237; x_wconf 79' lang='lat' dir='ltr'><strong>proselytum,</strong></span> <span class='ocrx_word' id='word_1_237' title='bbox 1634 5174 1739 5222; x_wconf 86' lang='lat' dir='ltr'><strong>etc.</strong></span> 
     </span>
    </p>
   </div>
   <div class='ocr_carea' id='block_1_43' title="bbox 597 5250 1812 5324">
    <p class='ocr_par' dir='ltr' id='par_1_43' title="bbox 597 5250 1812 5324">
     <span class='ocr_line' id='line_1_43' title="bbox 597 5250 1812 5324; baseline 0.002 -20"><span class='ocrx_word' id='word_1_238' title='bbox 597 5250 681 5317; x_wconf 85' lang='lat' dir='ltr'><strong>Vl,</strong></span> <span class='ocrx_word' id='word_1_239' title='bbox 712 5251 800 5306; x_wconf 76' lang='grc'><strong>10.</strong></span> <span class='ocrx_word' id='word_1_240' title='bbox 848 5251 932 5307; x_wconf 78' lang='lat' dir='ltr'><strong>Ad</strong></span> <span class='ocrx_word' id='word_1_241' title='bbox 957 5267 1108 5324; x_wconf 84' lang='lat' dir='ltr'><strong>quem</strong></span> <span class='ocrx_word' id='word_1_242' title='bbox 1150 5254 1337 5324; x_wconf 76' lang='lat' dir='ltr'><strong>loquar</strong></span> <span class='ocrx_word' id='word_1_243' title='bbox 1356 5264 1404 5308; x_wconf 90' lang='lat' dir='ltr'><strong>et</strong></span> <span class='ocrx_word' id='word_1_244' title='bbox 1433 5253 1812 5310; x_wconf 76' lang='lat' dir='ltr'><strong>contestabor?</strong></span> 
     </span>
    </p>
   </div>
   <div class='ocr_carea' id='block_1_44' title="bbox 594 5340 2094 5416">
    <p class='ocr_par' dir='ltr' id='par_1_44' title="bbox 594 5340 2094 5416">
     <span class='ocr_line' id='line_1_44' title="bbox 594 5340 2094 5416; baseline 0.005 -21"><span class='ocrx_word' id='word_1_245' title='bbox 594 5340 910 5410; x_wconf 87' lang='lat' dir='ltr'><strong>Opprobriis</strong></span> <span class='ocrx_word' id='word_1_246' title='bbox 982 5345 1128 5400; x_wconf 92' lang='lat' dir='ltr'><strong>enim</strong></span> <span class='ocrx_word' id='word_1_247' title='bbox 1203 5344 1425 5401; x_wconf 77' lang='lat' dir='ltr'><strong>verbum</strong></span> <span class='ocrx_word' id='word_1_248' title='bbox 1493 5345 1694 5402; x_wconf 87' lang='lat' dir='ltr'><strong>Christi</strong></span> <span class='ocrx_word' id='word_1_249' title='bbox 1766 5347 2094 5416; x_wconf 81' lang='lat' dir='ltr'><strong>impetebant</strong></span> 
     </span>
    </p>
   </div>
   <div class='ocr_carea' id='block_1_45' title="bbox 522 5432 2090 5505">
    <p class='ocr_par' dir='ltr' id='par_1_45' title="bbox 522 5432 2090 5505">
     <span class='ocr_line' id='line_1_45' title="bbox 522 5432 2090 5505; baseline 0.004 -21"><span class='ocrx_word' id='word_1_250' title='bbox 522 5445 646 5485; x_wconf 89' lang='lat' dir='ltr'><strong>cum</strong></span> <span class='ocrx_word' id='word_1_251' title='bbox 679 5432 746 5486; x_wconf 88' lang='lat' dir='ltr'><strong>de</strong></span> <span class='ocrx_word' id='word_1_252' title='bbox 794 5433 884 5490; x_wconf 93' lang='lat' dir='ltr'><strong>illo</strong></span> <span class='ocrx_word' id='word_1_253' title='bbox 916 5434 1160 5492; x_wconf 87' lang='lat' dir='ltr'><strong>dicerent</strong></span> <span class='ocrx_word' id='word_1_254' title='bbox 1188 5433 1542 5505; x_wconf 85' lang='lat' dir='ltr'><strong>auditoribus,</strong></span> <span class='ocrx_word' id='word_1_255' title='bbox 1577 5433 1905 5490; x_wconf 77' lang='lat' dir='ltr'><strong>Dtentonium</strong></span> <span class='ocrx_word' id='word_1_256' title='bbox 1939 5437 2090 5491; x_wconf 77' lang='lat' dir='ltr'><strong>habet</strong></span> 
     </span>
    </p>
   </div>
   <div class='ocr_carea' id='block_1_46' title="bbox 519 5522 1464 5597">
    <p class='ocr_par' dir='ltr' id='par_1_46' title="bbox 519 5522 1464 5597">
     <span class='ocr_line' id='line_1_46' title="bbox 519 5522 1464 5597; baseline 0.008 -23"><span class='ocrx_word' id='word_1_257' title='bbox 519 5531 568 5574; x_wconf 86' lang='lat' dir='ltr'><strong>et</strong></span> <span class='ocrx_word' id='word_1_258' title='bbox 612 5522 827 5578; x_wconf 83' lang='lat' dir='ltr'><strong>insanit.</strong></span> <span class='ocrx_word' id='word_1_259' title='bbox 863 5524 1002 5590; x_wconf 85' lang='lat' dir='ltr'><strong>Quid</strong></span> <span class='ocrx_word' id='word_1_260' title='bbox 1024 5527 1194 5597; x_wconf 82' lang='lat' dir='ltr'><strong>ipsum</strong></span> <span class='ocrx_word' id='word_1_261' title='bbox 1227 5527 1464 5582; x_wconf 82' lang='lat' dir='ltr'><strong>auditis?</strong></span> 
     </span>
    </p>
   </div>
   <div class='ocr_carea' id='block_1_47' title="bbox 592 5612 2086 5690">
    <p class='ocr_par' dir='ltr' id='par_1_47' title="bbox 592 5612 2086 5690">
     <span class='ocr_line' id='line_1_47' title="bbox 592 5612 2086 5690; baseline 0.007 -25"><span class='ocrx_word' id='word_1_262' title='bbox 592 5612 702 5679; x_wconf 77' lang='grc' dir='ltr'>νη,</span> <span class='ocrx_word' id='word_1_263' title='bbox 739 5613 824 5668; x_wconf 81' lang='lat' dir='ltr'><strong>l7.</strong></span> <span class='ocrx_word' id='word_1_264' title='bbox 872 5613 1122 5685; x_wconf 77' lang='lat' dir='ltr'><strong>Nunquid</strong></span> <span class='ocrx_word' id='word_1_265' title='bbox 1171 5633 1272 5673; x_wconf 86' lang='lat' dir='ltr'><strong>non</strong></span> <span class='ocrx_word' id='word_1_266' title='bbox 1300 5619 1437 5674; x_wconf 82' lang='lat' dir='ltr'><strong>vides</strong></span> <span class='ocrx_word' id='word_1_267' title='bbox 1489 5620 1614 5690; x_wconf 84' lang='lat' dir='ltr'><strong>quid</strong></span> <span class='ocrx_word' id='word_1_268' title='bbox 1649 5620 1745 5690; x_wconf 86' lang='lat' dir='ltr'><strong>ipsi</strong></span> <span class='ocrx_word' id='word_1_269' title='bbox 1796 5620 1996 5690; x_wconf 81' lang='lat' dir='ltr'><strong>faciunt</strong></span> <span class='ocrx_word' id='word_1_270' title='bbox 2032 5620 2086 5676; x_wconf 77' lang='lat' dir='ltr'><strong>in</strong></span> 
     </span>
    </p>
   </div>
   <div class='ocr_carea' id='block_1_48' title="bbox 523 5705 1035 5763">
    <p class='ocr_par' dir='ltr' id='par_1_48' title="bbox 523 5705 1035 5763">
     <span class='ocr_line' id='line_1_48' title="bbox 523 5705 1035 5763; baseline 0.008 -4"><span class='ocrx_word' id='word_1_271' title='bbox 523 5705 818 5761; x_wconf 79' lang='lat' dir='ltr'><strong>civitatibus</strong></span> <span class='ocrx_word' id='word_1_272' title='bbox 853 5707 992 5761; x_wconf 87' lang='lat' dir='ltr'><strong>Iuda</strong></span> <span class='ocrx_word' id='word_1_273' title='bbox 1009 5709 1035 5763; x_wconf 85' lang='lat'><strong>.’</strong></span> 
     </span>
    </p>
   </div>
   <div class='ocr_carea' id='block_1_49' title="bbox 2220 2323 2832 2395">
    <p class='ocr_par' dir='ltr' id='par_1_49' title="bbox 2220 2323 2832 2395">
     <span class='ocr_line' id='line_1_49' title="bbox 2220 2323 2832 2395; baseline 0.003 -15"><span class='ocrx_word' id='word_1_274' title='bbox 2220 2325 2340 2380; x_wconf 83' lang='grc' dir='ltr'>τῶν</span> <span class='ocrx_word' id='word_1_275' title='bbox 2367 2323 2572 2395; x_wconf 78' lang='grc' dir='ltr'>ὀρέων,</span> <span class='ocrx_word' id='word_1_276' title='bbox 2607 2342 2663 2378; x_wconf 84' lang='grc' dir='ltr'><strong>κ.</strong></span> <span class='ocrx_word' id='word_1_277' title='bbox 2688 2341 2740 2381; x_wconf 87' lang='grc' dir='ltr'><strong>τ.</strong></span> <span class='ocrx_word' id='word_1_278' title='bbox 2780 2323 2832 2382; x_wconf 84' lang='grc' dir='ltr'><strong>λ.</strong></span> 
     </span>
    </p>
   </div>
   <div class='ocr_carea' id='block_1_50' title="bbox 2289 2415 3791 2491">
    <p class='ocr_par' dir='ltr' id='par_1_50' title="bbox 2289 2415 3791 2491">
     <span class='ocr_line' id='line_1_50' title="bbox 2289 2415 3791 2491; baseline 0.001 -21"><span class='ocrx_word' id='word_1_279' title='bbox 2289 2416 2665 2488; x_wconf 79' lang='grc' dir='ltr'>Διαμέμνηται</span> <span class='ocrx_word' id='word_1_280' title='bbox 2698 2415 2841 2488; x_wconf 84' lang='grc' dir='ltr'>ὀρῶν</span> <span class='ocrx_word' id='word_1_281' title='bbox 2869 2416 2964 2470; x_wconf 76' lang='grc' dir='ltr'><strong>καὶ</strong></span> <span class='ocrx_word' id='word_1_282' title='bbox 2996 2415 3220 2487; x_wconf 82' lang='grc' dir='ltr'>βουνῶν,</span> <span class='ocrx_word' id='word_1_283' title='bbox 3257 2417 3488 2491; x_wconf 79' lang='grc' dir='ltr'><strong>ἐπείπερ</strong></span> <span class='ocrx_word' id='word_1_284' title='bbox 3518 2421 3578 2474; x_wconf 84' lang='grc' dir='ltr'>ὲν</span> <span class='ocrx_word' id='word_1_285' title='bbox 3612 2420 3791 2482; x_wconf 76' lang='grc' dir='ltr'>αὐτοῖς</span> 
     </span>
    </p>
   </div>
   <div class='ocr_carea' id='block_1_51' title="bbox 2219 2507 3781 2582">
    <p class='ocr_par' dir='ltr' id='par_1_51' title="bbox 2219 2507 3781 2582">
     <span class='ocr_line' id='line_1_51' title="bbox 2219 2507 3781 2582; baseline -0.001 -21"><span class='ocrx_word' id='word_1_286' title='bbox 2219 2507 2363 2562; x_wconf 84' lang='grc' dir='ltr'>κατὰ</span> <span class='ocrx_word' id='word_1_287' title='bbox 2404 2510 2528 2572; x_wconf 83' lang='grc' dir='ltr'>τοὺς</span> <span class='ocrx_word' id='word_1_288' title='bbox 2567 2508 2834 2580; x_wconf 78' lang='grc' dir='ltr'><strong>ἀρχαίους</strong></span> <span class='ocrx_word' id='word_1_289' title='bbox 2883 2509 3124 2573; x_wconf 76' lang='grc' dir='ltr'><strong>ἐκείνους</strong></span> <span class='ocrx_word' id='word_1_290' title='bbox 3168 2512 3389 2582; x_wconf 83' lang='grc' dir='ltr'>καιροὺς</span> <span class='ocrx_word' id='word_1_291' title='bbox 3422 2513 3543 2582; x_wconf 69' lang='grc' dir='ltr'><strong>ἱερά</strong></span> <span class='ocrx_word' id='word_1_292' title='bbox 3583 2529 3642 2565; x_wconf 90' lang='grc' dir='ltr'>τε</span> <span class='ocrx_word' id='word_1_293' title='bbox 3690 2509 3781 2563; x_wconf 76' lang='grc' dir='ltr'><strong>καὶ</strong></span> 
     </span>
    </p>
   </div>
   <div class='ocr_carea' id='block_1_52' title="bbox 2217 2597 3785 2671">
    <p class='ocr_par' dir='ltr' id='par_1_52' title="bbox 2217 2597 3785 2671">
     <span class='ocr_line' id='line_1_52' title="bbox 2217 2597 3785 2671; baseline 0.001 -21"><span class='ocrx_word' id='word_1_294' title='bbox 2217 2597 2422 2670; x_wconf 81' lang='grc' dir='ltr'><strong>τεμένη</strong></span> <span class='ocrx_word' id='word_1_295' title='bbox 2451 2598 2769 2670; x_wconf 81' lang='grc' dir='ltr'><strong>δειμάμενοι</strong></span> <span class='ocrx_word' id='word_1_296' title='bbox 2812 2597 2908 2652; x_wconf 79' lang='grc' dir='ltr'><strong>καὶ</strong></span> <span class='ocrx_word' id='word_1_297' title='bbox 2955 2598 3168 2669; x_wconf 85' lang='grc' dir='ltr'><strong>βωμοὺς</strong></span> <span class='ocrx_word' id='word_1_298' title='bbox 3203 2601 3632 2671; x_wconf 81' lang='grc' dir='ltr'>ἀναστήσαντες,</span> <span class='ocrx_word' id='word_1_299' title='bbox 3669 2603 3785 2664; x_wconf 87' lang='grc' dir='ltr'>τοῖς</span> 
     </span>
    </p>
   </div>
   <div class='ocr_carea' id='block_1_53' title="bbox 2216 2689 3557 2762">
    <p class='ocr_par' dir='ltr' id='par_1_53' title="bbox 2216 2689 3557 2762">
     <span class='ocr_line' id='line_1_53' title="bbox 2216 2689 3557 2762; baseline 0.002 -19"><span class='ocrx_word' id='word_1_300' title='bbox 2216 2689 2515 2760; x_wconf 82' lang='grc' dir='ltr'><strong>δαιμονίοις</strong></span> <span class='ocrx_word' id='word_1_301' title='bbox 2540 2689 2906 2762; x_wconf 80' lang='grc' dir='ltr'><strong>χαριεστάτοις</strong></span> <span class='ocrx_word' id='word_1_302' title='bbox 2935 2689 3313 2761; x_wconf 74' lang='grc' dir='ltr'><strong>προσεκόμιζον</strong></span> <span class='ocrx_word' id='word_1_303' title='bbox 3340 2691 3557 2756; x_wconf 76' lang='grc' dir='ltr'>Θυσίας.</span> 
     </span>
    </p>
   </div>
   <div class='ocr_carea' id='block_1_54' title="bbox 2299 2781 3793 2853">
    <p class='ocr_par' dir='ltr' id='par_1_54' title="bbox 2299 2781 3793 2853">
     <span class='ocr_line' id='line_1_54' title="bbox 2299 2781 3793 2853; baseline 0 -14"><span class='ocrx_word' id='word_1_304' title='bbox 2299 2783 2369 2839; x_wconf 83' lang='grc' dir='ltr'><strong>Ἠ</strong></span> <span class='ocrx_word' id='word_1_305' title='bbox 2392 2783 2460 2836; x_wconf 79' lang='grc' dir='ltr'>δὲ</span> <span class='ocrx_word' id='word_1_306' title='bbox 2495 2784 2760 2852; x_wconf 74' lang='grc' dir='ltr'>αἰσχύνη</span> <span class='ocrx_word' id='word_1_307' title='bbox 2797 2781 3176 2838; x_wconf 67' lang='grc' dir='ltr'><strong>κατανάλωσε</strong></span> <span class='ocrx_word' id='word_1_308' title='bbox 3203 2782 3352 2850; x_wconf 83' lang='grc' dir='ltr'>τοὺς</span> <span class='ocrx_word' id='word_1_309' title='bbox 3381 2784 3654 2853; x_wconf 78' lang='grc' dir='ltr'><strong>μόχθους</strong></span> <span class='ocrx_word' id='word_1_310' title='bbox 3680 2782 3793 2839; x_wconf 83' lang='grc' dir='ltr'><strong>τῶν</strong></span> 
     </span>
    </p>
   </div>
   <div class='ocr_carea' id='block_1_55' title="bbox 2215 2873 3400 2944">
    <p class='ocr_par' dir='ltr' id='par_1_55' title="bbox 2215 2873 3400 2944">
     <span class='ocr_line' id='line_1_55' title="bbox 2215 2873 3400 2944; baseline 0.002 -16"><span class='ocrx_word' id='word_1_311' title='bbox 2215 2874 2488 2943; x_wconf 67' lang='grc' dir='ltr'><strong>⁴πατέρων</strong></span> <span class='ocrx_word' id='word_1_312' title='bbox 2526 2873 2698 2944; x_wconf 75' lang='grc' dir='ltr'><strong>ἡμῶν</strong></span> <span class='ocrx_word' id='word_1_313' title='bbox 2726 2875 2846 2930; x_wconf 79' lang='grc' dir='ltr'><strong>ἀπὸ</strong></span> <span class='ocrx_word' id='word_1_314' title='bbox 2879 2875 3155 2943; x_wconf 81' lang='grc' dir='ltr'>νεότητος</span> <span class='ocrx_word' id='word_1_315' title='bbox 3175 2873 3400 2930; x_wconf 74' lang='grc' dir='ltr'>αὐτῶν.</span> 
     </span>
    </p>
   </div>
   <div class='ocr_carea' id='block_1_56' title="bbox 2286 2966 3790 3038">
    <p class='ocr_par' dir='ltr' id='par_1_56' title="bbox 2286 2966 3790 3038">
     <span class='ocr_line' id='line_1_56' title="bbox 2286 2966 3790 3038; baseline 0.003 -18"><span class='ocrx_word' id='word_1_316' title='bbox 2286 2966 2560 3038; x_wconf 59' lang='lat' dir='ltr'><strong>Alexi}qu</strong></span> <span class='ocrx_word' id='word_1_317' title='bbox 2589 2966 2806 3036; x_wconf 83' lang='grc' dir='ltr'>λέγουσι</span> <span class='ocrx_word' id='word_1_318' title='bbox 2837 2967 2936 3037; x_wconf 82' lang='grc' dir='ltr'>τὴν</span> <span class='ocrx_word' id='word_1_319' title='bbox 2965 2966 3181 3030; x_wconf 72' lang='grc' dir='ltr'><strong>ἀληθῶς</strong></span> <span class='ocrx_word' id='word_1_320' title='bbox 3218 2968 3393 3022; x_wconf 81' lang='grc' dir='ltr'>ἀκλεᾶ</span> <span class='ocrx_word' id='word_1_321' title='bbox 3433 2969 3528 3022; x_wconf 75' lang='grc' dir='ltr'><strong>καὶ</strong></span> <span class='ocrx_word' id='word_1_322' title='bbox 3556 2969 3790 3038; x_wconf 68' lang='grc' dir='ltr'><strong>ἁδοξοτάμ</strong></span> 
     </span>
    </p>
   </div>
   <div class='ocr_carea' id='block_1_57' title="bbox 2213 3057 3788 3134">
    <p class='ocr_par' dir='ltr' id='par_1_57' title="bbox 2213 3057 3788 3134">
     <span class='ocr_line' id='line_1_57' title="bbox 2213 3057 3788 3134; baseline 0.001 -20"><span class='ocrx_word' id='word_1_323' title='bbox 2213 3077 2316 3131; x_wconf 84' lang='grc' dir='ltr'>την</span> <span class='ocrx_word' id='word_1_324' title='bbox 2358 3057 2824 3130; x_wconf 76' lang='grc' dir='ltr'>εἰδωλολατρείαν,</span> <span class='ocrx_word' id='word_1_325' title='bbox 2859 3059 2952 3113; x_wconf 75' lang='grc' dir='ltr'>καὶ</span> <span class='ocrx_word' id='word_1_326' title='bbox 2980 3057 3076 3130; x_wconf 73' lang='grc' dir='ltr'>τὴν</span> <span class='ocrx_word' id='word_1_327' title='bbox 3105 3059 3198 3112; x_wconf 72' lang='grc' dir='ltr'><strong>ἐπὶ</strong></span> <span class='ocrx_word' id='word_1_328' title='bbox 3223 3060 3400 3131; x_wconf 83' lang='grc' dir='ltr'>τούτῳ</span> <span class='ocrx_word' id='word_1_329' title='bbox 3437 3061 3718 3134; x_wconf 82' lang='grc' dir='ltr'>πλάνησιν,</span> <span class='ocrx_word' id='word_1_330' title='bbox 3757 3066 3788 3130; x_wconf 75' lang='grc' dir='ltr'>ἥ</span> 
     </span>
    </p>
   </div>
   <div class='ocr_carea' id='block_1_58' title="bbox 2215 3148 3776 3221">
    <p class='ocr_par' dir='ltr' id='par_1_58' title="bbox 2215 3148 3776 3221">
     <span class='ocr_line' id='line_1_58' title="bbox 2215 3148 3776 3221; baseline 0.001 -18"><span class='ocrx_word' id='word_1_331' title='bbox 2215 3150 2462 3215; x_wconf 76' lang='grc' dir='ltr'>καὶτοὺς</span> <span class='ocrx_word' id='word_1_332' title='bbox 2501 3150 2734 3221; x_wconf 82' lang='grc' dir='ltr'><strong>μόχθους</strong></span> <span class='ocrx_word' id='word_1_333' title='bbox 2769 3149 2879 3203; x_wconf 83' lang='grc' dir='ltr'><strong>τῶν</strong></span> <span class='ocrx_word' id='word_1_334' title='bbox 2925 3150 3176 3221; x_wconf 83' lang='grc' dir='ltr'><strong>πατέρων</strong></span> <span class='ocrx_word' id='word_1_335' title='bbox 3206 3151 3384 3204; x_wconf 80' lang='grc' dir='ltr'>αὐτῶν</span> <span class='ocrx_word' id='word_1_336' title='bbox 3413 3148 3776 3208; x_wconf 76' lang='grc' dir='ltr'><strong>κατανάλὶυσε·</strong></span> 
     </span>
    </p>
   </div>
   <div class='ocr_carea' id='block_1_59' title="bbox 2213 3239 3790 3312">
    <p class='ocr_par' dir='ltr' id='par_1_59' title="bbox 2213 3239 3790 3312">
     <span class='ocr_line' id='line_1_59' title="bbox 2213 3239 3790 3312; baseline 0.003 -20"><span class='ocrx_word' id='word_1_337' title='bbox 2213 3239 2617 3312; x_wconf 71' lang='grc' dir='ltr'>δεδατιανήκασι</span> <span class='ocrx_word' id='word_1_338' title='bbox 2664 3241 2774 3312; x_wconf 83' lang='grc' dir='ltr'>γὰρ</span> <span class='ocrx_word' id='word_1_339' title='bbox 2825 3240 3238 3312; x_wconf 74' lang='grc' dir='ltr'><strong>ἱερουργοῦντες</strong></span> <span class='ocrx_word' id='word_1_340' title='bbox 3283 3246 3393 3305; x_wconf 82' lang='grc' dir='ltr'>τοῖς</span> <span class='ocrx_word' id='word_1_341' title='bbox 3446 3243 3662 3312; x_wconf 79' lang='grc' dir='ltr'>δαίμοσι</span> <span class='ocrx_word' id='word_1_342' title='bbox 3720 3245 3790 3297; x_wconf 71' lang='grc' dir='ltr'><strong>τὰ</strong></span> 
     </span>
    </p>
   </div>
   <div class='ocr_carea' id='block_1_60' title="bbox 2213 3330 3785 3405">
    <p class='ocr_par' dir='ltr' id='par_1_60' title="bbox 2213 3330 3785 3405">
     <span class='ocr_line' id='line_1_60' title="bbox 2213 3330 3785 3405; baseline 0.002 -21"><span class='ocrx_word' id='word_1_343' title='bbox 2213 3330 2462 3402; x_wconf 77' lang='grc' dir='ltr'>πρόϐατα</span> <span class='ocrx_word' id='word_1_344' title='bbox 2489 3330 2691 3400; x_wconf 84' lang='grc' dir='ltr'>αὐτῶν,</span> <span class='ocrx_word' id='word_1_345' title='bbox 2725 3331 2818 3386; x_wconf 73' lang='grc' dir='ltr'><strong>καὶ</strong></span> <span class='ocrx_word' id='word_1_346' title='bbox 2871 3331 3000 3395; x_wconf 75' lang='grc' dir='ltr'>τοὺς</span> <span class='ocrx_word' id='word_1_347' title='bbox 3035 3332 3264 3404; x_wconf 81' lang='grc' dir='ltr'><strong>μόσχους</strong></span> <span class='ocrx_word' id='word_1_348' title='bbox 3293 3333 3487 3401; x_wconf 73' lang='grc' dir='ltr'>αὐτῶν,</span> <span class='ocrx_word' id='word_1_349' title='bbox 3523 3335 3614 3387; x_wconf 72' lang='grc' dir='ltr'><strong>καὶ</strong></span> <span class='ocrx_word' id='word_1_350' title='bbox 3648 3351 3785 3405; x_wconf 79' lang='grc' dir='ltr'><strong>φρο-</strong></span> 
     </span>
    </p>
   </div>
   <div class='ocr_carea' id='block_1_61' title="bbox 2212 3419 3470 3496">
    <p class='ocr_par' dir='ltr' id='par_1_61' title="bbox 2212 3419 3470 3496">
     <span class='ocr_line' id='line_1_61' title="bbox 2212 3419 3470 3496; baseline 0.002 -20"><span class='ocrx_word' id='word_1_351' title='bbox 2212 3424 2420 3495; x_wconf 79' lang='grc' dir='ltr'>νήσεως</span> <span class='ocrx_word' id='word_1_352' title='bbox 2445 3423 2648 3494; x_wconf 75' lang='grc' dir='ltr'><strong>ζημίαν</strong></span> <span class='ocrx_word' id='word_1_353' title='bbox 2672 3425 2806 3496; x_wconf 84' lang='grc' dir='ltr'><strong>ὁμοῦ</strong></span> <span class='ocrx_word' id='word_1_354' title='bbox 2835 3425 2948 3488; x_wconf 78' lang='grc' dir='ltr'>τοῖς</span> <span class='ocrx_word' id='word_1_355' title='bbox 2975 3419 3128 3478; x_wconf 81' lang='grc' dir='ltr'>οὖσιν</span> <span class='ocrx_word' id='word_1_356' title='bbox 3154 3425 3470 3496; x_wconf 79' lang='grc' dir='ltr'><strong>ὑπέμειναν.</strong></span> 
     </span>
    </p>
   </div>
   <div class='ocr_carea' id='block_1_62' title="bbox 2277 3505 3781 3585">
    <p class='ocr_par' dir='ltr' id='par_1_62' title="bbox 2277 3505 3781 3585">
     <span class='ocr_line' id='line_1_62' title="bbox 2277 3505 3781 3585; baseline 0.002 -19"><span class='ocrx_word' id='word_1_357' title='bbox 2277 3514 2347 3567; x_wconf 81' lang='grc' dir='ltr'><strong>οι</strong></span> <span class='ocrx_word' id='word_1_358' title='bbox 2375 3514 2516 3584; x_wconf 78' lang='grc' dir='ltr'><strong>μοιί</strong></span> <span class='ocrx_word' id='word_1_359' title='bbox 2542 3514 2631 3570; x_wconf 86' lang='grc' dir='ltr'>ὅτι</span> <span class='ocrx_word' id='word_1_360' title='bbox 2659 3505 2931 3570; x_wconf 77' lang='grc' dir='ltr'><strong>ἐκλείπεί</strong></span> <span class='ocrx_word' id='word_1_361' title='bbox 2962 3515 3002 3584; x_wconf 75' lang='grc' dir='ltr'><strong><em>ἠ</em></strong></span> <span class='ocrx_word' id='word_1_362' title='bbox 3033 3514 3205 3585; x_wconf 68' lang='grc' dir='ltr'><strong>ψυχή</strong></span> <span class='ocrx_word' id='word_1_363' title='bbox 3242 3532 3362 3584; x_wconf 79' lang='grc' dir='ltr'><strong>μου</strong></span> <span class='ocrx_word' id='word_1_364' title='bbox 3399 3516 3498 3569; x_wconf 72' lang='grc' dir='ltr'><strong>ἐπὶ</strong></span> <span class='ocrx_word' id='word_1_365' title='bbox 3534 3515 3656 3582; x_wconf 83' lang='grc' dir='ltr'>τοῖς</span> <span class='ocrx_word' id='word_1_366' title='bbox 3683 3516 3781 3572; x_wconf 78' lang='grc' dir='ltr'><strong>ἀν-</strong></span> 
     </span>
    </p>
   </div>
   <div class='ocr_carea' id='block_1_63' title="bbox 2143 3594 3784 3676">
    <p class='ocr_par' dir='ltr' id='par_1_63' title="bbox 2143 3594 3784 3676">
     <span class='ocr_line' id='line_1_63' title="bbox 2143 3594 3784 3676; baseline 0.002 -18"><span class='ocrx_word' id='word_1_367' title='bbox 2143 3594 2186 3650; x_wconf 80' lang='grc' dir='ltr'><strong>Β</strong></span> <span class='ocrx_word' id='word_1_368' title='bbox 2209 3603 2552 3676; x_wconf 81' lang='grc' dir='ltr'>ῃρημένοις.</span> <span class='ocrx_word' id='word_1_369' title='bbox 2609 3604 2999 3676; x_wconf 77' lang='grc' dir='ltr'>Περιδράμετε</span> <span class='ocrx_word' id='word_1_370' title='bbox 3068 3604 3138 3657; x_wconf 84' lang='grc' dir='ltr'>ἐν</span> <span class='ocrx_word' id='word_1_371' title='bbox 3184 3603 3314 3671; x_wconf 84' lang='grc' dir='ltr'>ταῖς</span> <span class='ocrx_word' id='word_1_372' title='bbox 3369 3605 3533 3672; x_wconf 77' lang='grc' dir='ltr'>ὁδοῖς</span> <span class='ocrx_word' id='word_1_373' title='bbox 3585 3605 3784 3674; x_wconf 81' lang='grc' dir='ltr'><strong>Ἰερου-</strong></span> 
     </span>
    </p>
   </div>
   <div class='ocr_carea' id='block_1_64' title="bbox 2213 3698 2451 3768">
    <p class='ocr_par' dir='ltr' id='par_1_64' title="bbox 2213 3698 2451 3768">
     <span class='ocr_line' id='line_1_64' title="bbox 2213 3698 2451 3768; baseline -0.004 -15"><span class='ocrx_word' id='word_1_374' title='bbox 2213 3698 2451 3768; x_wconf 76' lang='grc' dir='ltr'><strong>σαλήμ.</strong></span> 
     </span>
    </p>
   </div>
   <div class='ocr_carea' id='block_1_65' title="bbox 2293 3789 3780 3862">
    <p class='ocr_par' dir='ltr' id='par_1_65' title="bbox 2293 3789 3780 3862">
     <span class='ocr_line' id='line_1_65' title="bbox 2293 3789 3780 3862; baseline 0.001 -18"><span class='ocrx_word' id='word_1_375' title='bbox 2293 3790 2461 3862; x_wconf 80' lang='grc' dir='ltr'>Ὁρᾷς</span> <span class='ocrx_word' id='word_1_376' title='bbox 2494 3791 2550 3844; x_wconf 84' lang='grc' dir='ltr'>ὲν</span> <span class='ocrx_word' id='word_1_377' title='bbox 2589 3789 2800 3855; x_wconf 83' lang='grc' dir='ltr'>τούτοις</span> <span class='ocrx_word' id='word_1_378' title='bbox 2826 3789 3083 3844; x_wconf 81' lang='grc' dir='ltr'>ὠδίνοντα</span> <span class='ocrx_word' id='word_1_379' title='bbox 3113 3791 3210 3861; x_wconf 87' lang='grc' dir='ltr'><strong>μὲν</strong></span> <span class='ocrx_word' id='word_1_380' title='bbox 3235 3790 3329 3844; x_wconf 79' lang='grc' dir='ltr'><strong>ἐπὶ</strong></span> <span class='ocrx_word' id='word_1_381' title='bbox 3366 3791 3481 3854; x_wconf 82' lang='grc' dir='ltr'>τοῖς</span> <span class='ocrx_word' id='word_1_382' title='bbox 3506 3791 3780 3862; x_wconf 80' lang='grc' dir='ltr'><strong>ἀνῃρημέ-</strong></span> 
     </span>
    </p>
   </div>
   <div class='ocr_carea' id='block_1_66' title="bbox 2211 3881 3780 3953">
    <p class='ocr_par' dir='ltr' id='par_1_66' title="bbox 2211 3881 3780 3953">
     <span class='ocr_line' id='line_1_66' title="bbox 2211 3881 3780 3953; baseline 0.001 -20"><span class='ocrx_word' id='word_1_383' title='bbox 2211 3896 2345 3945; x_wconf 83' lang='grc' dir='ltr'>νοις,</span> <span class='ocrx_word' id='word_1_384' title='bbox 2376 3881 2471 3934; x_wconf 73' lang='grc' dir='ltr'><strong>καὶ</strong></span> <span class='ocrx_word' id='word_1_385' title='bbox 2497 3881 2805 3952; x_wconf 73' lang='grc' dir='ltr'><strong>προχείροις</strong></span> <span class='ocrx_word' id='word_1_386' title='bbox 2841 3881 2940 3951; x_wconf 82' lang='grc' dir='ltr'><strong>μὲν</strong></span> <span class='ocrx_word' id='word_1_387' title='bbox 2967 3881 3137 3934; x_wconf 76' lang='grc' dir='ltr'>ἐλεεῖν</span> <span class='ocrx_word' id='word_1_388' title='bbox 3165 3882 3418 3936; x_wconf 77' lang='grc' dir='ltr'><strong>ἐθέλοντα</strong></span> <span class='ocrx_word' id='word_1_389' title='bbox 3448 3881 3547 3953; x_wconf 80' lang='grc' dir='ltr'>τὴν</span> <span class='ocrx_word' id='word_1_390' title='bbox 3584 3883 3780 3952; x_wconf 83' lang='grc' dir='ltr'><strong>Ἰερου-</strong></span> 
     </span>
    </p>
   </div>
   <div class='ocr_carea' id='block_1_67' title="bbox 2212 3969 3779 4043">
    <p class='ocr_par' dir='ltr' id='par_1_67' title="bbox 2212 3969 3779 4043">
     <span class='ocr_line' id='line_1_67' title="bbox 2212 3969 3779 4043; baseline 0.001 -21"><span class='ocrx_word' id='word_1_391' title='bbox 2212 3970 2426 4041; x_wconf 79' lang='grc' dir='ltr'>σαλὴμ,</span> <span class='ocrx_word' id='word_1_392' title='bbox 2463 3969 2777 4043; x_wconf 82' lang='grc' dir='ltr'><strong>εἰργόμενον</strong></span> <span class='ocrx_word' id='word_1_393' title='bbox 2822 3971 2879 4024; x_wconf 83' lang='grc' dir='ltr'>δέ</span> <span class='ocrx_word' id='word_1_394' title='bbox 2925 3988 3040 4035; x_wconf 87' lang='grc' dir='ltr'><strong>πως</strong></span> <span class='ocrx_word' id='word_1_395' title='bbox 3079 3971 3167 4040; x_wconf 81' lang='grc' dir='ltr'><strong>ὑφ’</strong></span> <span class='ocrx_word' id='word_1_396' title='bbox 3213 3971 3406 4024; x_wconf 80' lang='grc' dir='ltr'><strong>ἑαυτοῦ</strong></span> <span class='ocrx_word' id='word_1_397' title='bbox 3430 4011 3445 4036; x_wconf 84' lang='grc'><strong>,</strong></span> <span class='ocrx_word' id='word_1_398' title='bbox 3497 3974 3779 4042; x_wconf 76' lang='grc' dir='ltr'><strong>μονονουχὶ</strong></span> 
     </span>
    </p>
   </div>
   <div class='ocr_carea' id='block_1_68' title="bbox 2209 4060 3778 4134">
    <p class='ocr_par' dir='ltr' id='par_1_68' title="bbox 2209 4060 3778 4134">
     <span class='ocr_line' id='line_1_68' title="bbox 2209 4060 3778 4134; baseline 0.001 -20"><span class='ocrx_word' id='word_1_399' title='bbox 2209 4060 2264 4114; x_wconf 84' lang='grc' dir='ltr'>δὲ</span> <span class='ocrx_word' id='word_1_400' title='bbox 2297 4062 2390 4114; x_wconf 70' lang='grc' dir='ltr'>καὶ</span> <span class='ocrx_word' id='word_1_401' title='bbox 2418 4063 2845 4133; x_wconf 79' lang='grc' dir='ltr'>ἀνασειράζοντα</span> <span class='ocrx_word' id='word_1_402' title='bbox 2876 4061 2974 4133; x_wconf 82' lang='grc' dir='ltr'><strong>τὴν</strong></span> <span class='ocrx_word' id='word_1_403' title='bbox 3007 4061 3285 4134; x_wconf 84' lang='grc' dir='ltr'><strong>θεοπρεπῆ</strong></span> <span class='ocrx_word' id='word_1_404' title='bbox 3317 4062 3657 4134; x_wconf 83' lang='grc' dir='ltr'>γαληνότητα</span> <span class='ocrx_word' id='word_1_405' title='bbox 3693 4064 3778 4116; x_wconf 72' lang='grc' dir='ltr'><strong>διὰ</strong></span> 
     </span>
    </p>
   </div>
   <div class='ocr_carea' id='block_1_69' title="bbox 2205 4152 3776 4226">
    <p class='ocr_par' dir='ltr' id='par_1_69' title="bbox 2205 4152 3776 4226">
     <span class='ocr_line' id='line_1_69' title="bbox 2205 4152 3776 4226; baseline 0.001 -20"><span class='ocrx_word' id='word_1_406' title='bbox 2205 4153 2270 4206; x_wconf 78' lang='grc' dir='ltr'>τὸ</span> <span class='ocrx_word' id='word_1_407' title='bbox 2293 4153 2392 4224; x_wconf 86' lang='grc' dir='ltr'>τῆς</span> <span class='ocrx_word' id='word_1_408' title='bbox 2424 4155 2698 4226; x_wconf 82' lang='grc' dir='ltr'>ἁμαρτίας</span> <span class='ocrx_word' id='word_1_409' title='bbox 2732 4154 3056 4226; x_wconf 75' lang='grc' dir='ltr'><strong>ὑπέρογκον⁶</strong></span> <span class='ocrx_word' id='word_1_410' title='bbox 3072 4154 3338 4226; x_wconf 77' lang='grc' dir='ltr'>ζητοῦντα</span> <span class='ocrx_word' id='word_1_411' title='bbox 3359 4155 3406 4208; x_wconf 80' lang='grc' dir='ltr'>δ’</span> <span class='ocrx_word' id='word_1_412' title='bbox 3431 4152 3524 4210; x_wconf 73' lang='grc' dir='ltr'>οὖν</span> <span class='ocrx_word' id='word_1_413' title='bbox 3549 4156 3695 4225; x_wconf 85' lang='grc' dir='ltr'><strong>ὅμως</strong></span> <span class='ocrx_word' id='word_1_414' title='bbox 3717 4157 3776 4207; x_wconf 85' lang='grc' dir='ltr'>τὸ</span> 
     </span>
    </p>
   </div>
   <div class='ocr_carea' id='block_1_70' title="bbox 2206 4245 3775 4319">
    <p class='ocr_par' dir='ltr' id='par_1_70' title="bbox 2206 4245 3775 4319">
     <span class='ocr_line' id='line_1_70' title="bbox 2206 4245 3775 4319; baseline -0.001 -19"><span class='ocrx_word' id='word_1_415' title='bbox 2206 4247 2601 4318; x_wconf 85' lang='grc' dir='ltr'>κατοικτείρειν</span> <span class='ocrx_word' id='word_1_416' title='bbox 2647 4247 2748 4311; x_wconf 87' lang='grc' dir='ltr'><strong>τὰς</strong></span> <span class='ocrx_word' id='word_1_417' title='bbox 2809 4247 3116 4319; x_wconf 79' lang='grc' dir='ltr'>ἁμαρτίας,</span> <span class='ocrx_word' id='word_1_418' title='bbox 3171 4249 3267 4302; x_wconf 65' lang='grc' dir='ltr'><strong>καὶ¹</strong></span> <span class='ocrx_word' id='word_1_419' title='bbox 3308 4248 3394 4317; x_wconf 75' lang='grc' dir='ltr'><strong>ἐφ’</strong></span> <span class='ocrx_word' id='word_1_420' title='bbox 3428 4247 3506 4300; x_wconf 77' lang='grc' dir='ltr'><strong>ἑνὶ</strong></span> <span class='ocrx_word' id='word_1_421' title='bbox 3553 4245 3775 4299; x_wconf 80' lang='grc' dir='ltr'>θέλοντα</span> 
     </span>
    </p>
   </div>
   <div class='ocr_carea' id='block_1_71' title="bbox 2206 4338 3775 4410">
    <p class='ocr_par' dir='ltr' id='par_1_71' title="bbox 2206 4338 3775 4410">
     <span class='ocr_line' id='line_1_71' title="bbox 2206 4338 3775 4410; baseline 0.001 -18"><span class='ocrx_word' id='word_1_422' title='bbox 2206 4338 2497 4394; x_wconf 83' lang='grc' dir='ltr'>καταλύειν</span> <span class='ocrx_word' id='word_1_423' title='bbox 2530 4339 2598 4394; x_wconf 83' lang='grc' dir='ltr'>τὰ</span> <span class='ocrx_word' id='word_1_424' title='bbox 2628 4338 2687 4404; x_wconf 77' lang='grc' dir='ltr'>ἐξ</span> <span class='ocrx_word' id='word_1_425' title='bbox 2715 4339 2916 4410; x_wconf 82' lang='grc' dir='ltr'><strong>ὀργῆς;</strong></span> <span class='ocrx_word' id='word_1_426' title='bbox 2947 4339 3088 4392; x_wconf 85' lang='grc' dir='ltr'>Ἕνα</span> <span class='ocrx_word' id='word_1_427' title='bbox 3118 4339 3226 4410; x_wconf 78' lang='grc' dir='ltr'><strong>γὰρ</strong></span> <span class='ocrx_word' id='word_1_428' title='bbox 3261 4340 3430 4410; x_wconf 83' lang='grc' dir='ltr'>ἄνδρα</span> <span class='ocrx_word' id='word_1_429' title='bbox 3461 4341 3584 4402; x_wconf 74' lang='grc' dir='ltr'>τοὺς</span> <span class='ocrx_word' id='word_1_430' title='bbox 3618 4357 3775 4410; x_wconf 82' lang='grc' dir='ltr'>περι-</span> 
     </span>
    </p>
   </div>
   <div class='ocr_carea' id='block_1_72' title="bbox 2205 4429 3634 4503">
    <p class='ocr_par' dir='ltr' id='par_1_72' title="bbox 2205 4429 3634 4503">
     <span class='ocr_line' id='line_1_72' title="bbox 2205 4429 3634 4503; baseline 0.001 -20"><span class='ocrx_word' id='word_1_431' title='bbox 2205 4429 2424 4495; x_wconf 83' lang='grc' dir='ltr'><strong>θέοντας</strong></span> <span class='ocrx_word' id='word_1_432' title='bbox 2449 4431 2817 4488; x_wconf 77' lang='grc' dir='ltr'>ἐπιδεικνύναι</span> <span class='ocrx_word' id='word_1_433' title='bbox 2843 4433 3032 4489; x_wconf 82' lang='grc' dir='ltr'>πιστδν</span> <span class='ocrx_word' id='word_1_434' title='bbox 3059 4433 3117 4487; x_wconf 83' lang='grc' dir='ltr'>ὲν</span> <span class='ocrx_word' id='word_1_435' title='bbox 3144 4432 3282 4503; x_wconf 84' lang='grc' dir='ltr'>αὐτῇ</span> <span class='ocrx_word' id='word_1_436' title='bbox 3312 4431 3634 4486; x_wconf 81' lang='grc' dir='ltr'><strong>διετάττετο.</strong></span> 
     </span>
    </p>
   </div>
   <div class='ocr_carea' id='block_1_73' title="bbox 2275 4520 3772 4594">
    <p class='ocr_par' dir='ltr' id='par_1_73' title="bbox 2275 4520 3772 4594">
     <span class='ocr_line' id='line_1_73' title="bbox 2275 4520 3772 4594; baseline -0.002 -16"><span class='ocrx_word' id='word_1_437' title='bbox 2275 4522 2386 4578; x_wconf 81' lang='lat' dir='ltr'><strong>Kal</strong></span> <span class='ocrx_word' id='word_1_438' title='bbox 2422 4524 2538 4594; x_wconf 76' lang='grc' dir='ltr'><strong>ἐγὼ</strong></span> <span class='ocrx_word' id='word_1_439' title='bbox 2576 4520 2716 4579; x_wconf 76' lang='grc' dir='ltr'>εἶπα</span> <span class='ocrx_word' id='word_1_440' title='bbox 2741 4541 2755 4556; x_wconf 71' lang='grc' dir='ltr'><strong><em>ο</em></strong></span> <span class='ocrx_word' id='word_1_441' title='bbox 2793 4527 2971 4594; x_wconf 80' lang='grc' dir='ltr'>Ἴσως</span> <span class='ocrx_word' id='word_1_442' title='bbox 3016 4523 3244 4591; x_wconf 78' lang='grc' dir='ltr'><strong>πτωχοί</strong></span> <span class='ocrx_word' id='word_1_443' title='bbox 3285 4526 3432 4588; x_wconf 84' lang='grc' dir='ltr'>εισι,</span> <span class='ocrx_word' id='word_1_444' title='bbox 3477 4523 3622 4578; x_wconf 80' lang='grc' dir='ltr'>διότι</span> <span class='ocrx_word' id='word_1_445' title='bbox 3660 4524 3772 4576; x_wconf 77' lang='grc' dir='ltr'><strong>οὐκ</strong></span> 
     </span>
    </p>
   </div>
   <div class='ocr_carea' id='block_1_74' title="bbox 2200 4610 2872 4682">
    <p class='ocr_par' dir='ltr' id='par_1_74' title="bbox 2200 4610 2872 4682">
     <span class='ocr_line' id='line_1_74' title="bbox 2200 4610 2872 4682; baseline 0.009 -14"><span class='ocrx_word' id='word_1_446' title='bbox 2200 4610 2624 4682; x_wconf 69' lang='grc' dir='ltr'>ἐδυνήθησαν,</span> <span class='ocrx_word' id='word_1_447' title='bbox 2655 4633 2711 4670; x_wconf 87' lang='grc' dir='ltr'><strong>κ.</strong></span> <span class='ocrx_word' id='word_1_448' title='bbox 2736 4635 2788 4673; x_wconf 90' lang='grc' dir='ltr'><strong>τ.</strong></span> <span class='ocrx_word' id='word_1_449' title='bbox 2820 4617 2872 4674; x_wconf 89' lang='grc' dir='ltr'><strong>λ.</strong></span> 
     </span>
    </p>
   </div>
   <div class='ocr_carea' id='block_1_75' title="bbox 2277 4702 3772 4782">
    <p class='ocr_par' dir='ltr' id='par_1_75' title="bbox 2277 4702 3772 4782">
     <span class='ocr_line' id='line_1_75' title="bbox 2277 4702 3772 4782; baseline 0.001 -25"><span class='ocrx_word' id='word_1_450' title='bbox 2277 4705 2352 4758; x_wconf 83' lang='grc' dir='ltr'><strong>Τὸ</strong></span> <span class='ocrx_word' id='word_1_451' title='bbox 2375 4702 2610 4777; x_wconf 83' lang='grc' dir='ltr'>προῦχον</span> <span class='ocrx_word' id='word_1_452' title='bbox 2640 4707 2732 4760; x_wconf 77' lang='grc' dir='ltr'><strong>καὶ</strong></span> <span class='ocrx_word' id='word_1_453' title='bbox 2767 4709 3053 4782; x_wconf 75' lang='grc' dir='ltr'>ἱερώτερον</span> <span class='ocrx_word' id='word_1_454' title='bbox 3083 4711 3142 4764; x_wconf 76' lang='grc' dir='ltr'>ἐν</span> <span class='ocrx_word' id='word_1_455' title='bbox 3166 4711 3279 4774; x_wconf 84' lang='grc' dir='ltr'>τοῖς</span> <span class='ocrx_word' id='word_1_456' title='bbox 3312 4707 3586 4772; x_wconf 77' lang='grc' dir='ltr'>Ἰουδαίοις</span> <span class='ocrx_word' id='word_1_457' title='bbox 3612 4706 3772 4760; x_wconf 73' lang='grc' dir='ltr'>ταλα-</span> 
     </span>
    </p>
   </div>
   <div class='ocr_carea' id='block_1_76' title="bbox 2200 4795 3774 4870">
    <p class='ocr_par' dir='ltr' id='par_1_76' title="bbox 2200 4795 3774 4870">
     <span class='ocr_line' id='line_1_76' title="bbox 2200 4795 3774 4870; baseline 0.003 -24"><span class='ocrx_word' id='word_1_458' title='bbox 2200 4795 2408 4859; x_wconf 81' lang='grc' dir='ltr'>νίζεται</span> <span class='ocrx_word' id='word_1_459' title='bbox 2441 4796 2538 4867; x_wconf 88' lang='grc' dir='ltr'><strong>μὲν</strong></span> <span class='ocrx_word' id='word_1_460' title='bbox 2564 4796 2818 4862; x_wconf 79' lang='grc' dir='ltr'>εἰκότως,</span> <span class='ocrx_word' id='word_1_461' title='bbox 2872 4799 3259 4870; x_wconf 80' lang='grc' dir='ltr'>ραγδαιοτέραν</span> <span class='ocrx_word' id='word_1_462' title='bbox 3279 4799 3337 4852; x_wconf 82' lang='grc' dir='ltr'>δὲ</span> <span class='ocrx_word' id='word_1_463' title='bbox 3360 4797 3458 4870; x_wconf 76' lang='grc' dir='ltr'>τὴν</span> <span class='ocrx_word' id='word_1_464' title='bbox 3481 4798 3646 4869; x_wconf 73' lang='grc' dir='ltr'>ὀργὴν</span> <span class='ocrx_word' id='word_1_465' title='bbox 3679 4799 3774 4850; x_wconf 76' lang='grc' dir='ltr'><strong>ἐπ-</strong></span> 
     </span>
    </p>
   </div>
   <div class='ocr_carea' id='block_1_77' title="bbox 2201 4885 3770 4961">
    <p class='ocr_par' dir='ltr' id='par_1_77' title="bbox 2201 4885 3770 4961">
     <span class='ocr_line' id='line_1_77' title="bbox 2201 4885 3770 4961; baseline 0.002 -24"><span class='ocrx_word' id='word_1_466' title='bbox 2201 4885 2466 4957; x_wconf 78' lang='grc' dir='ltr'>ήντλησεν</span> <span class='ocrx_word' id='word_1_467' title='bbox 2497 4887 2666 4959; x_wconf 77' lang='grc' dir='ltr'>αὐτῷ.</span> <span class='ocrx_word' id='word_1_468' title='bbox 2694 4890 2808 4944; x_wconf 76' lang='lat' dir='ltr'><strong>Kal.</strong></span> <span class='ocrx_word' id='word_1_469' title='bbox 2850 4890 3009 4944; x_wconf 79' lang='grc' dir='ltr'>τοῦτο</span> <span class='ocrx_word' id='word_1_470' title='bbox 3049 4892 3303 4961; x_wconf 80' lang='grc' dir='ltr'>σαφηνιεῖ</span> <span class='ocrx_word' id='word_1_471' title='bbox 3341 4890 3515 4958; x_wconf 83' lang='grc' dir='ltr'>λέγων</span> <span class='ocrx_word' id='word_1_472' title='bbox 3554 4889 3710 4951; x_wconf 74' lang='grc' dir='ltr'>αὐτὸς</span> <span class='ocrx_word' id='word_1_473' title='bbox 3741 4891 3770 4940; x_wconf 76' lang='grc' dir='ltr'>ὁ</span> 
     </span>
    </p>
   </div>
   <div class='ocr_carea' id='block_1_78' title="bbox 2204 4975 3769 5052">
    <p class='ocr_par' dir='ltr' id='par_1_78' title="bbox 2204 4975 3769 5052">
     <span class='ocr_line' id='line_1_78' title="bbox 2204 4975 3769 5052; baseline 0 -22"><span class='ocrx_word' id='word_1_474' title='bbox 2204 4975 2437 5049; x_wconf 82' lang='grc' dir='ltr'>Χριστὸς</span> <span class='ocrx_word' id='word_1_475' title='bbox 2459 5020 2477 5048; x_wconf 90' lang='grc'><strong>,</strong></span> <span class='ocrx_word' id='word_1_476' title='bbox 2509 4980 2655 5034; x_wconf 76' lang='grc' dir='ltr'><em>Οὐαὶ</em></span> <span class='ocrx_word' id='word_1_477' title='bbox 2697 4981 2858 5051; x_wconf 79' lang='grc' dir='ltr'>ὑμῖν,</span> <span class='ocrx_word' id='word_1_478' title='bbox 2907 4980 3276 5052; x_wconf 84' lang='grc' dir='ltr'>Γραμματεῖς</span> <span class='ocrx_word' id='word_1_479' title='bbox 3321 4981 3421 5035; x_wconf 73' lang='grc' dir='ltr'><strong>καὶ</strong></span> <span class='ocrx_word' id='word_1_480' title='bbox 3469 4979 3769 5050; x_wconf 77' lang='grc' dir='ltr'>Φαρισαῖοι</span> 
     </span>
    </p>
   </div>
   <div class='ocr_carea' id='block_1_79' title="bbox 2201 5069 3770 5143">
    <p class='ocr_par' dir='ltr' id='par_1_79' title="bbox 2201 5069 3770 5143">
     <span class='ocr_line' id='line_1_79' title="bbox 2201 5069 3770 5143; baseline -0.001 -21"><span class='ocrx_word' id='word_1_481' title='bbox 2201 5069 2542 5137; x_wconf 78' lang='grc' dir='ltr'>ὑποκριταὶ,</span> <span class='ocrx_word' id='word_1_482' title='bbox 2571 5069 2660 5125; x_wconf 85' lang='grc' dir='ltr'>ὄτι</span> <span class='ocrx_word' id='word_1_483' title='bbox 2697 5070 2999 5143; x_wconf 78' lang='grc' dir='ltr'>περιάγετε</span> <span class='ocrx_word' id='word_1_484' title='bbox 3023 5073 3138 5142; x_wconf 84' lang='grc' dir='ltr'>τὴν</span> <span class='ocrx_word' id='word_1_485' title='bbox 3168 5072 3491 5127; x_wconf 81' lang='grc' dir='ltr'>θάλασσαν</span> <span class='ocrx_word' id='word_1_486' title='bbox 3531 5071 3625 5126; x_wconf 74' lang='grc' dir='ltr'><strong>καὶ</strong></span> <span class='ocrx_word' id='word_1_487' title='bbox 3653 5070 3770 5138; x_wconf 75' lang='grc' dir='ltr'>τὴν</span> 
     </span>
    </p>
   </div>
   <div class='ocr_carea' id='block_1_80' title="bbox 2199 5160 3531 5235">
    <p class='ocr_par' dir='ltr' id='par_1_80' title="bbox 2199 5160 3531 5235">
     <span class='ocr_line' id='line_1_80' title="bbox 2199 5160 3531 5235; baseline 0.001 -18"><span class='ocrx_word' id='word_1_488' title='bbox 2199 5160 2410 5231; x_wconf 82' lang='grc' dir='ltr'>ξηρὰν,</span> <span class='ocrx_word' id='word_1_489' title='bbox 2446 5161 2692 5229; x_wconf 81' lang='grc' dir='ltr'>ποιῆσαι</span> <span class='ocrx_word' id='word_1_490' title='bbox 2717 5163 2826 5219; x_wconf 81' lang='grc' dir='ltr'>ἕνα</span> <span class='ocrx_word' id='word_1_491' title='bbox 2852 5165 3279 5235; x_wconf 78' lang='grc' dir='ltr'><strong>προσήλυτον,</strong></span> <span class='ocrx_word' id='word_1_492' title='bbox 3315 5181 3372 5218; x_wconf 86' lang='grc' dir='ltr'><strong>κ.</strong></span> <span class='ocrx_word' id='word_1_493' title='bbox 3404 5181 3455 5219; x_wconf 87' lang='grc' dir='ltr'><strong>τ,</strong></span> <span class='ocrx_word' id='word_1_494' title='bbox 3487 5166 3531 5218; x_wconf 80' lang='grc' dir='ltr'><strong>ὲ.</strong></span> 
     </span>
    </p>
   </div>
   <div class='ocr_carea' id='block_1_81' title="bbox 2266 5254 3524 5329">
    <p class='ocr_par' dir='ltr' id='par_1_81' title="bbox 2266 5254 3524 5329">
     <span class='ocr_line' id='line_1_81' title="bbox 2266 5254 3524 5329; baseline 0.002 -21"><span class='ocrx_word' id='word_1_495' title='bbox 2266 5254 2422 5322; x_wconf 81' lang='grc' dir='ltr'><strong>Πρὸς</strong></span> <span class='ocrx_word' id='word_1_496' title='bbox 2447 5256 2585 5310; x_wconf 80' lang='grc' dir='ltr'>τινα</span> <span class='ocrx_word' id='word_1_497' title='bbox 2609 5257 2864 5327; x_wconf 75' lang='grc' dir='ltr'><strong>λαλήσω</strong></span> <span class='ocrx_word' id='word_1_498' title='bbox 2892 5259 2991 5313; x_wconf 70' lang='grc' dir='ltr'><strong>καὶ</strong></span> <span class='ocrx_word' id='word_1_499' title='bbox 3020 5259 3524 5329; x_wconf 69' lang='grc' dir='ltr'>διαμαρτύρομαιῖ</span> 
     </span>
    </p>
   </div>
   <div class='ocr_carea' id='block_1_82' title="bbox 2261 5348 3775 5429">
    <p class='ocr_par' dir='ltr' id='par_1_82' title="bbox 2261 5348 3775 5429">
     <span class='ocr_line' id='line_1_82' title="bbox 2261 5348 3775 5429; baseline 0 -29"><span class='ocrx_word' id='word_1_500' title='bbox 2261 5348 2656 5413; x_wconf 82' lang='grc' dir='ltr'>Κατωνειδιζον</span> <span class='ocrx_word' id='word_1_501' title='bbox 2687 5350 2796 5423; x_wconf 83' lang='grc' dir='ltr'><strong>γὰρ</strong></span> <span class='ocrx_word' id='word_1_502' title='bbox 2832 5350 2894 5405; x_wconf 82' lang='grc' dir='ltr'><strong>τὸ</strong></span> <span class='ocrx_word' id='word_1_503' title='bbox 2933 5351 3085 5422; x_wconf 80' lang='grc' dir='ltr'><strong>ῥῆμα</strong></span> <span class='ocrx_word' id='word_1_504' title='bbox 3125 5349 3385 5423; x_wconf 79' lang='grc' dir='ltr'>Χριστοῦ,</span> <span class='ocrx_word' id='word_1_505' title='bbox 3415 5352 3526 5412; x_wconf 79' lang='grc' dir='ltr'>τοῖς</span> <span class='ocrx_word' id='word_1_506' title='bbox 3559 5348 3775 5429; x_wconf 64' lang='grc' dir='ltr'><strong>ἀκροω-</strong></span> 
     </span>
    </p>
   </div>
   <div class='ocr_carea' id='block_1_83' title="bbox 2192 5437 3769 5513">
    <p class='ocr_par' dir='ltr' id='par_1_83' title="bbox 2192 5437 3769 5513">
     <span class='ocr_line' id='line_1_83' title="bbox 2192 5437 3769 5513; baseline -0.008 -8"><span class='ocrx_word' id='word_1_507' title='bbox 2192 5437 2374 5508; x_wconf 78' lang='grc' dir='ltr'>μένοις</span> <span class='ocrx_word' id='word_1_508' title='bbox 2414 5443 2542 5513; x_wconf 78' lang='grc' dir='ltr'><strong>περὶ</strong></span> <span class='ocrx_word' id='word_1_509' title='bbox 2594 5442 2758 5497; x_wconf 77' lang='grc' dir='ltr'>αὐτοῦ</span> <span class='ocrx_word' id='word_1_510' title='bbox 2809 5443 3086 5513; x_wconf 81' lang='grc' dir='ltr'>λέγοντες·</span> <span class='ocrx_word' id='word_1_511' title='bbox 3135 5443 3453 5512; x_wconf 80' lang='grc' dir='ltr'>Δαιμόνιον</span> <span class='ocrx_word' id='word_1_512' title='bbox 3494 5440 3614 5510; x_wconf 80' lang='grc' dir='ltr'>ἔχει</span> <span class='ocrx_word' id='word_1_513' title='bbox 3664 5440 3769 5494; x_wconf 74' lang='grc' dir='ltr'><strong>καὶ</strong></span> 
     </span>
    </p>
   </div>
   <div class='ocr_carea' id='block_1_84' title="bbox 2187 5528 3093 5597">
    <p class='ocr_par' dir='ltr' id='par_1_84' title="bbox 2187 5528 3093 5597">
     <span class='ocr_line' id='line_1_84' title="bbox 2187 5528 3093 5597; baseline 0.01 -17"><span class='ocrx_word' id='word_1_514' title='bbox 2187 5528 2462 5596; x_wconf 82' lang='grc' dir='ltr'>μαίνεται</span> <span class='ocrx_word' id='word_1_515' title='bbox 2481 5549 2494 5562; x_wconf 88' lang='grc'>·</span> <span class='ocrx_word' id='word_1_516' title='bbox 2521 5533 2577 5584; x_wconf 81' lang='grc' dir='ltr'><strong><em>τί</em></strong></span> <span class='ocrx_word' id='word_1_517' title='bbox 2596 5532 2783 5587; x_wconf 85' lang='grc' dir='ltr'>αὐτοῦ</span> <span class='ocrx_word' id='word_1_518' title='bbox 2807 5535 3093 5597; x_wconf 63' lang='lat' dir='ltr'><strong>datadata;</strong></span> 
     </span>
    </p>
   </div>
   <div class='ocr_carea' id='block_1_85' title="bbox 2268 5622 3775 5693">
    <p class='ocr_par' dir='ltr' id='par_1_85' title="bbox 2268 5622 3775 5693">
     <span class='ocr_line' id='line_1_85' title="bbox 2268 5622 3775 5693; baseline -0.001 -17"><span class='ocrx_word' id='word_1_519' title='bbox 2268 5622 2415 5690; x_wconf 79' lang='grc' dir='ltr'><strong>Οὐχὶ</strong></span> <span class='ocrx_word' id='word_1_520' title='bbox 2459 5623 2602 5693; x_wconf 84' lang='grc' dir='ltr'>ὁρᾷς</span> <span class='ocrx_word' id='word_1_521' title='bbox 2645 5629 2703 5680; x_wconf 78' lang='grc' dir='ltr'>τι</span> <span class='ocrx_word' id='word_1_522' title='bbox 2739 5627 2909 5682; x_wconf 79' lang='grc' dir='ltr'>αὐτοὶ</span> <span class='ocrx_word' id='word_1_523' title='bbox 2947 5627 3190 5683; x_wconf 80' lang='grc' dir='ltr'>ποιοῦσι</span> <span class='ocrx_word' id='word_1_524' title='bbox 3233 5627 3304 5681; x_wconf 84' lang='grc' dir='ltr'>ἐν</span> <span class='ocrx_word' id='word_1_525' title='bbox 3354 5623 3482 5693; x_wconf 80' lang='grc' dir='ltr'>ταῖς</span> <span class='ocrx_word' id='word_1_526' title='bbox 3513 5623 3775 5677; x_wconf 76' lang='grc' dir='ltr'>πόλεσιν</span> 
     </span>
    </p>
   </div>
   <div class='ocr_carea' id='block_1_86' title="bbox 2205 5713 2426 5779">
    <p class='ocr_par' dir='ltr' id='par_1_86' title="bbox 2205 5713 2426 5779">
     <span class='ocr_line' id='line_1_86' title="bbox 2205 5713 2426 5779; baseline 0 -11"><span class='ocrx_word' id='word_1_527' title='bbox 2205 5713 2388 5768; x_wconf 83' lang='grc' dir='ltr'>Ἰούδα</span> <span class='ocrx_word' id='word_1_528' title='bbox 2407 5731 2426 5779; x_wconf 84' lang='lat'><strong><em>;</em></strong></span> 
     </span>
    </p>
   </div>
   <div class='ocr_carea' id='block_1_87' title="bbox 4018 3943 4036 5078">
    <p class='ocr_par' dir='ltr' id='par_1_87' title="bbox 4018 3943 4028 5078">
     <span class='ocr_line' id='line_1_87' title="bbox 4025 3943 4027 3968; baseline 0 0"><span class='ocrx_word' id='word_1_529' title='bbox 4025 3943 4027 3968; x_wconf 79' lang='grc' dir='ltr'><strong>ι</strong></span> 
     </span>
     <span class='ocr_line' id='line_1_88' title="bbox 4018 4887 4028 4962; baseline 0 -12"><span class='ocrx_word' id='word_1_530' title='bbox 4018 4887 4028 4962; x_wconf 61' lang='lat'><strong>1</strong></span> 
     </span>
     <span class='ocr_line' id='line_1_89' title="bbox 4026 5027 4027 5078; baseline 0 0"><span class='ocrx_word' id='word_1_531' title='bbox 4026 5027 4027 5078; x_wconf 60' lang='grc' dir='ltr'><strong>ἰ</strong></span> 
     </span>
    </p>
   </div>
  </div>
