4042 6218
362 325 502 383 ηδε

1485 319 1908 375 FRAGMENTA
1945 320 2014 375 IN
2049 321 2416 383 JEREMIAM.

3462 330 3602 386 1451»

440 439 592 510 Ὅσίᾳ
613 437 678 510 δὴ
713 431 806 492 οὖν
837 436 1234 508 τετιμώρηνται
1253 403 1448 508 ψήφῳ.
1483 437 1794 501 ’Δναθέντες
1815 437 1922 510 γὰρ

2101 440 2253 496 Justa
2296 454 2450 509 plena
2481 438 2720 494 mulctati
2752 451 2899 498 sunt.
2927 442 3061 497 Cum
3086 441 3228 498 enim
3259 444 3414 500 rebus
3446 461 3601 501 crea-

357 530 532 585 κτίσει
568 529 630 582 τὸ
660 529 823 589 σέϐας
843 565 860 590 ,
889 528 984 582 καὶ
1024 529 1136 592 τοῖς
1167 527 1351 598 ἔργοις
1393 526 1502 581 τῶν
1549 527 1692 582 ἰδίων
1726 529 1926 600 χειρῶν

357 620 768 692 λατρεύσαντες,
789 618 942 674 αὐτοὶ⁵
967 621 1087 682 ταῖς
1116 618 1275 682 ίδίαις
1299 619 1644 690 ἐπήντλησαν
1665 620 1926 687 κεφαλαῖς

355 713 426 768 τά
457 714 520 764 ὲκ
545 709 693 773 θείας
717 709 907 781 ὀργῆς.
939 710 1013 764 Οὐ
1043 709 1148 782 γὰρ
1170 709 1374 774 ἀδίκως
1415 711 1712 766 ἐκτείνεται
1733 711 1926 765 δίκτυα

359 804 675 872 πτερωτοῖς,
710 801 853 856 κατὰ
875 801 936 856 τὸ
965 802 1372 873 γεγραμμένον.

439 894 870 965 ’ῌσχύνθησαν
891 895 1093 964 σοφοί.

424 987 630 1056 Σοφοὺς
654 985 828 1040 ἔοικεν
855 988 913 1040 ὲν
944 986 1153 1051 τούτοις
1183 986 1482 1057 ὐποδηλοῦν
1509 987 1635 1052 τοὺς
1660 987 1772 1040 τῶν
1815 986 1925 1039 Ἐλ-

356 1079 533 1149 λήνων
575 1077 832 1147 λογάδας,
888 1078 1116 1150 ποιητάς
1157 1096 1217 1132 τε
1290 1079 1382 1132 καὶ
1435 1078 1823 1152 συγγραφέαςο
1875 1079 1925 1131 οἳ

352 1171 599 1239 γλῶτταν
653 1170 752 1242 μὲν
787 1169 1002 1240 ἔχουσιν
1043 1171 1221 1240 εὐφυᾶ
1265 1171 1360 1224 καὶ
1402 1169 1924 1242 περιειργασμένην,

353 1262 449 1318 καὶ⁸
488 1265 608 1327 ταῖς
637 1262 745 1317 τῶν
787 1262 960 1331 λόγων
1002 1262 1293 1333 κομψείαις
1330 1261 1712 1333 ἐξησκημένην
1751 1263 1830 1325 είς
1865 1261 1927 1314 τὸ

355 1355 610 1425 ἐπίχαρι,
657 1355 970 1425 φρονήσεως
1003 1353 1062 1406 δὲ
1107 1353 1209 1424 τῆς
1253 1352 1487 1424 ἀληθοῦς
1531 1353 1791 1424 ἀμέτοχοι
1829 1352 1927 1424 τὴν

353 1447 602 1514 καρδίαν.
630 1447 716 1509 Ὠς
736 1447 842 1517 γὰρ
859 1447 887 1499 6
906 1445 1179 1514 πάνσοφος
1203 1445 1406 1516 γράφει
1432 1444 1643 1508 Παῦλος
1659 1484 1674 1508 ,
1709 1464 1727 1497 ι
1755 1445 1924 1515 Ἐμα-

353 1538 664 1609 ταιώθησαν
691 1541 749 1592 ὲν
777 1541 889 1602 τοῖς
906 1537 1275 1608 διαλογισμοῖς
1295 1537 1494 1600 αὐτῶν,
1513 1538 1608 1592 καὶ
1636 1537 1925 1607 ἐσκοτίσθη

351 1632 386 1702 ἡ
432 1629 689 1691 ἀσύνετος
734 1627 912 1680 αὐτῶν
953 1626 1168 1697 καρδία.
1213 1628 1514 1691 Φάσκοντες
1562 1621 1701 1681 εἶναι
1751 1627 1924 1695 σοφοὶ,

353 1720 769 1792 ἐμωράνθησαν,
785 1739 804 1771 ι
825 1720 918 1773 καὶ
936 1719 1082 1790 ἑξῆς.
1100 1718 1306 1773 Οὐκοῦν
1330 1719 1483 1788 σοφοὶ
1503 1720 1622 1789 μὲν,
1635 1718 1697 1770 τό
1713 1735 1776 1786 γε
1793 1714 1926 1789 ἧκον

353 1816 434 1875 είς
464 1813 646 1885 φωνὴν
678 1814 773 1866 καὶ
802 1812 1069 1880 γλῶτταν.
1100 1811 1293 1880 ἄσοφοι
1327 1811 1385 1865 δὲ
1436 1813 1515 1875 είς
1540 1811 1640 1881 τὴν
1673 1811 1922 1883 καρδίαν.

363 1906 426 1958 Ἡ
468 1904 534 1958 δὲ
570 1905 755 1973 σοφία
783 1901 890 1957 τοῦ
919 1904 1151 1972 κόσμου
1187 1904 1405 1958 τούτου
1427 1903 1618 1972 μωρία
1653 1902 1816 1971 παρὰ
1847 1901 1927 1968 τῷ

355 1997 478 2060 Θεῷ
510 1997 664 2062 ἐστι,
689 1997 828 2050 κατὰ
853 1995 914 2049 τὸ
943 1996 1348 2066 γεγραμμένον.

437 2089 676 2142 Ἐλαίαν
711 2088 933 2156 ὡραίαν
959 2088 1211 2142 εὔσκιον
1239 2085 1320 2152 τῷ
1346 2087 1512 2142 εῖδει.

436 2181 674 2251 Ἀχρειοί
710 2179 819 2250 γὰρ
850 2179 1156 2250 ὁλοτρόπως
1185 2180 1285 2252 τὴν
1315 2178 1410 2233 τοῦ
1435 2177 1722 2251 ἀνθρώπου
1748 2179 1927 2250 ψυχὴν

351 2276 413 2329 τὸ
449 2274 813 2346 ἀποφοιτῆσαι
857 2274 992 2328 Θεοῦ
1038 2275 1132 2328 καὶ
1169 2273 1466 2346 ἀμοιρῆσαι
1515 2272 1793 2337 παντελῶς
1824 2272 1928 2342 τῆς

352 2366 482 2436 παρ’
520 2365 685 2420 αὑτοῦ
729 2365 948 2436 χάριτος
986 2365 1078 2418 καὶ
1123 2365 1467 2435 ἐπικουρίας.
1515 2363 1774 2431 Φοϐερὼ⁴
1819 2364 1927 2434 γάρ

350 2455 419 2509 τὸ
447 2455 734 2524 ἐμπεσεῖν
764 2457 852 2522 εἰς
881 2454 1082 2524 χεὶρας
1111 2455 1259 2510 Θεοῦ
1288 2453 1525 2521 ζῶντος.

418 2546 577 2616 Πρὸς
605 2545 682 2600 σὲ
708 2547 874 2614 ἕθνη.

418 2641 483 2695 Ei
505 2641 614 2714 γάρ
644 2643 741 2696 καὶ
777 2643 1064 2711 γεγόνασιν
1091 2643 1346 2716 ὑϐρισταὶ
1387 2646 1482 2700 καὶ
1507 2645 1789 2711 ἀπειθεῖς,
1830 2644 1924 2698 καὶ

351 2733 640 2797 ἀσυνεσίας
687 2733 909 2803 ἔμπλεω
959 2733 1058 2805 τὴν
1101 2735 1340 2790 διάνοιαν
1393 2736 1628 2807 ἔχοντες,
1661 2737 1786 2790 ἀλλ’
1829 2731 1925 2790 οῦν

353 2823 614 2888 σώζονται
640 2825 736 2876 καὶ
764 2823 1075 2889 δοξάζονται
1107 2827 1260 2898 παρά
1290 2827 1547 2900 Χριστοῦ.
1592 2829 1840 2900 Ἀπαρχὴ
1864 2829 1922 2882 δὲ

350 2916 554 2969 τούτων
598 2915 884 2983 γεγόνασιν
932 2917 981 2968 oi
1026 2915 1314 2987 ἀθλοφόροι
1361 2917 1636 2989 μάρτυρες
1661 2958 1676 2980 ,
1711 2912 1787 2972 ὧν
1825 2920 1925 2990 τῆς

351 3006 600 3070 εὐκλείας
637 3006 672 3076 ή
717 3005 1008 3076 φαιδρότης
1039 3005 1167 3076 ὅλην
1212 3007 1515 3076 ἀστράπτει
1554 3007 1651 3078 τὴν
1693 3009 1788 3061 ὑπ’
1833 3009 1924 3062 οὐ·

353 3097 534 3166 ρανόν.

418 3186 529 3242 Καὶ
559 3187 732 3242 ἔσται
757 3189 838 3254 ὡς
867 3187 933 3241 τὸ
973 3187 1179 3251 ξύλον.

419 3279 494 3332 Οὐ
532 3278 640 3351 γὰρ
683 3279 775 3331 ἐπὶ
817 3278 1034 3348 πλούτῳ
1080 3278 1228 3348 μέγα
1253 3280 1473 3350 φρονεῖ,
1507 3277 1632 3331 οὔτε
1672 3279 1778 3349 μὴν
1809 3279 1923 3332 δια-

349 3371 520 3426 κένων
557 3370 821 3440 δοξαρίων
866 3371 1023 3435 ἐκτὸς
1066 3371 1307 3438 γεγονὼς
1357 3370 1454 3442 τὴν
1498 3371 1670 3442 ὀσφὺν
1711 3371 1922 3444 ὑψηλήν

349 3461 473 3533 (sic)
491 3479 504 3492 ·
546 3461 884 3530 εῑκαιότητος
905 3461 1014 3532 γὰρ
1039 3459 1238 3524 ταῦτα,
1267 3461 1362 3515 καὶ
1392 3461 1577 3533 ἕτερον
1608 3463 1780 3516 οὐδέν.
1814 3465 1924 3517 Καὶ

348 3554 459 3625 γάρ
500 3555 647 3607 ἔστιν
692 3551 936 3620 ἀσφαλὲς
985 3553 1239 3624 ἐνέχυρον
1273 3555 1354 3616 είς
1388 3554 1680 3626 σωτηρίαν,
1721 3555 1784 3608 τὸ
1831 3556 1924 3609 ἐπὶ

349 3643 470 3716 Θεῷ
521 3642 837 3698 πεποιθέναι
889 3643 969 3714 τῷ
1024 3643 1202 3697 πάντα
1267 3644 1535 3714 ἰσχύοντιο
1601 3646 1662 3699 τὺ
1717 3647 1776 3700 δὲ
1835 3647 1921 3716 ἐφ’

350 3736 560 3807 ἑτέροις
621 3735 732 3789 τισὶ
786 3735 1057 3789 ποιεῖσθαι
1114 3735 1213 3806 τὴν
1269 3735 1495 3801 ἐλπίδα,
1550 3738 1774 3809 μάταιον
1827 3740 1923 3792 καὶ

347 3826 644 3896 ἀνωφελές.

432 3917 588 3974 Ἰδοὺ
613 3919 694 3985 ὠς
721 3920 754 3972 δ
779 3921 994 3988 πηλός.

419 4009 800 4065 Μεταπλάττει
829 4010 936 4083 γὰρ
975 4011 1214 4076 εὐκόλως
1241 4013 1328 4082 ἐφ’
1365 4007 1520 4086 ᾧπερ
1560 4015 1626 4069 ἂν
1651 4017 1826 4070 ’ἐλοιτο
1862 4019 1922 4070 τὸ

351 4105 483 4172 παρ’
515 4102 678 4157 αὑτοῦ
708 4105 952 4172 γεγονός.

413 4196 534 4249 Οὺκ
564 4194 693 4249 ἰδοὺ
723 4198 782 4250 ol
805 4196 1014 4265 λόγου
1043 4213 1100 4249 κ.
1140 4214 1191 4250 τ.
1221 4198 1272 4250 λ.

416 4284 533 4358 Πῦρ
566 4283 819 4356 ὀνομάζει
868 4285 929 4338 τὸ
971 4287 1322 4356 εὐαγγελικὸν
1365 4289 1459 4342 καὶ
1504 4289 1772 4360 σωτήριον
1824 4291 1921 4360 κή-

351 4393 578 4448 ρυγμα,
649 4379 682 4449 ἦ
734 4379 830 4432 καὶ
887 4378 1058 4449 αὐτὴν
1110 4380 1209 4451 τὴν
1252 4380 1346 4435 τοῦ
1393 4381 1551 4450 ἁγίου
1603 4383 1921 4452 Πνεύματος

2029 533 2097 587 tis
2125 531 2326 586 cultum
2361 530 2753 598 exhibuissent,
2782 546 3112 601 suarumque
3148 547 3400 587 manuum
3437 550 3599 602 opera

2027 630 2085 675 ut
2136 621 2302 676 Deum
2342 620 2680 687 adorassent,
2711 620 2766 674 in
2795 635 2889 675 sua
2914 621 3090 689 capita
3135 619 3374 675 divinam
3411 625 3596 678 conci—

2027 707 2210 768 larunt
2285 713 2443 768 iram.
2482 711 2598 769 Non
2660 714 2805 768 enim
2861 713 3059 784 injuste
3107 713 3243 768 retia
3298 714 3602 771 volatilibus

2025 804 2410 865 extenduntur,
2434 801 2587 871 juxta
2613 802 2663 857 id
2693 803 2834 872 quod
2862 803 3122 870 scriptum
3167 809 3252 858 est
3287 802 3328 855 ⁸.

2109 894 2238 959 Vlll,
2267 894 2319 950 9.
2345 894 2566 965 Confusi
2598 905 2718 949 sunt
2756 893 3033 962 sapientes.

2100 985 2384 1056 Sapientes
2415 987 2624 1042 videtur
2664 984 2969 1053 signiﬁcare
3023 984 3078 1040 in
3129 984 3215 1039 bis
3269 984 3601 1054 pmstantis-

2027 1079 2196 1135 simos
2247 1077 2558 1134 Graecorum
2604 1086 2789 1148 poetas
2815 1086 2870 1130 et
2895 1077 3212 1148 scriptores,
3243 1074 3440 1147 lingure
3481 1077 3598 1146 qui-

2025 1170 2148 1225 dem
2188 1168 2493 1240 aptitudine
2541 1177 2597 1224 et
2633 1171 2700 1225 ad
2742 1169 3127 1240 proferendum
3159 1169 3429 1225 versatilis
3453 1177 3509 1224 et
3534 1169 3600 1224 ad

2027 1259 2258 1329 lepidam
2289 1259 2554 1316 sermonis
2589 1259 2912 1331 elegantiam
2944 1262 3362 1315 accommodatae
3391 1257 3598 1328 pollen-

2029 1361 2128 1418 tes,
2158 1354 2253 1408 sed
2285 1367 2380 1408 cor
2414 1352 2674 1408 habentes
2707 1364 2834 1406 vere
2873 1351 3169 1420 prudentia:
3197 1364 3408 1420 expers.
3443 1347 3600 1405 Sicut

2027 1443 2170 1498 enim
2203 1444 2346 1498 omni
2387 1443 2612 1500 scientia
2647 1443 2904 1512 praeditus
2946 1441 3145 1497 Paulus
3169 1441 3243 1496 ait
3259 1442 3300 1507 ’,
3352 1440 3600 1496 Euenus-

2027 1546 2150 1590 runt
2180 1537 2237 1590 in
2265 1536 2670 1607 cogitationibus
2723 1537 2860 1600 suis,
2904 1545 2955 1590 et
2987 1534 3238 1604 insipiens
3280 1549 3461 1588 eorum
3511 1551 3602 1588 cor

2028 1628 2417 1684 oblenebratum
2473 1638 2595 1692 est;
2671 1636 2962 1682 asserentes
3031 1642 3088 1680 se
3158 1642 3269 1681 esse
3318 1627 3599 1695 sapientes,

2027 1719 2181 1774 stulti
2207 1721 2380 1790 e/fecti
2424 1729 2568 1784 sunt,
2615 1728 2670 1775 et
2694 1720 2922 1790 reliqua.
2952 1717 3233 1788 Sapientes
3263 1719 3428 1788 igitur
3459 1718 3601 1788 quod

2029 1811 2224 1866 attinet
2264 1812 2330 1866 ad
2367 1811 2603 1883 linguam
2652 1819 2708 1867 et
2749 1825 2958 1875 vocem,
2991 1809 3154 1866 corde
3183 1824 3310 1864 vero
3339 1809 3600 1878 lnsipien-

2029 1909 2129 1955 tes.
2155 1899 2429 1968 Sapientia
2458 1901 2596 1954 enim
2629 1899 2786 1969 hujus
2805 1899 2989 1953 mundi
3018 1899 3340 1965 stulti:ia,ut
3365 1915 3432 1953 ex
3455 1897 3602 1954 Scri-

2027 1993 2199 2062 pturis
2229 1994 2488 2048 habemus
2522 1991 2718 2062 ',apud
2747 1991 2915 2046 Deum
2959 2000 3055 2046 est.

2095 2084 2188 2152 XI,
2226 2084 2312 2140 16.
2343 2083 2552 2140 Olivam
2574 2085 2870 2156 pulchram,
2894 2083 3019 2140 bene
3046 2098 3292 2153 opacam.

2097 2177 2329 2235 Omnino
2381 2179 2526 2234 enim
2571 2177 2806 2233 hominis
2849 2177 3086 2231 animum
3134 2174 3375 2231 inutilem
3427 2173 3602 2230 reddit

2025 2286 2056 2327 a
2085 2269 2194 2327 Deo
2224 2270 2478 2326 recedere
2510 2270 2735 2342 ejusque
2769 2269 2982 2340 penitus
3011 2266 3182 2338 gratia
3231 2264 3596 2337 suﬂ'ragioque

2026 2360 2251 2430 privari.
2297 2359 2635 2416 Horrenduut
2677 2360 2823 2414 enim
2874 2358 3103 2414 incidere
3155 2357 3212 2410 in
3251 2372 3439 2410 manus
3499 2355 3599 2411 Dei

2024 2454 2238 2508 viventis
2255 2453 2297 2506 δ.

2095 2545 2259 2610 XVII,
2291 2544 2378 2600 I9.
2413 2546 2496 2599 Ad
2523 2555 2571 2600 te
2591 2554 2783 2616 gentes.

2097 2637 2414 2708 Quanquam
2446 2638 2591 2692 enim
2627 2637 2900 2706 iniuriosae
2953 2634 3108 2690 facta:
3151 2634 3262 2690 sint
3297 2641 3350 2688 et
3405 2633 3597 2689 inobo-

2026 2730 2237 2786 dientes
2299 2729 2618 2798 plenamque
2669 2727 2992 2797 insipientia:
3028 2735 3260 2782 mentem
3307 2728 3592 2788 habentes.

2027 2823 2302 2877 salvantur
2341 2829 2517 2875 tamen
2545 2828 2601 2876 et
2638 2818 3009 2890 gloriﬁcantur
3037 2833 3069 2874 a
3122 2817 3357 2874 Christo.
3404 2816 3601 2872 Primi-

2025 2913 2114 2970 tiae
2145 2921 2322 2968 autem
2367 2927 2555 2968 earum
2602 2911 2820 2967 fuerunt
2846 2911 3084 2966 victoriae
3113 2911 3330 2981 pramia
3362 2911 3599 2966 assecuti

2025 3015 2314 3076 martyres,
2337 3019 2568 3076 quorum
2619 3004 2802 3076 glorise
2853 3004 3071 3060 claritas
3118 3003 3428 3059 universum
3475 3003 3596 3058 illu-

1949 3121 1992 3178 ς
2025 3107 2162 3154 strat
2197 3099 2404 3153 orbem.

2097 3189 2256 3254 XVII,
2288 3189 2341 3244 8.
2373 3187 2442 3242 Et
2464 3190 2564 3242 erit
2595 3197 2847 3260 tanquam
2879 3189 3104 3259 lignum.

2097 3280 2213 3334 Non
2259 3281 2402 3334 enim
2467 3280 2710 3350 superbit
2768 3281 2822 3334 in
2873 3281 3096 3348 divitiis,
3128 3295 3299 3350 neque
3359 3281 3598 3337 inanium

2025 3371 2375 3442 quarumdam
2399 3369 2690 3442 gloriarum
2724 3384 2947 3440 compos
2969 3371 3142 3425 factus
3172 3372 3370 3427 attollit
3407 3387 3599 3443 super-

2025 3465 2206 3521 cilium
2239 3483 2253 3531 ;
2298 3463 2454 3534 plena
2493 3473 2620 3520 sunt
2655 3463 2798 3518 enim
2866 3462 2982 3516 haec
3041 3461 3330 3529 futilitatis,
3378 3473 3432 3520 et
3467 3463 3600 3519 nihil

2026 3558 2190 3614 aliud.
2221 3557 2434 3612 Etenim
2467 3565 2637 3610 tutum
2668 3557 2859 3625 pignus
2897 3554 2963 3609 ad
2990 3557 3215 3609 salutem
3246 3565 3352 3618 est,
3383 3556 3435 3610 in
3467 3555 3599 3621 Deo,

2025 3653 2113 3721 qui
2144 3651 2320 3706 omnia
2363 3657 2562 3721 potest,
2610 3649 2918 3714 conlidere;
2944 3657 3000 3702 et
3029 3648 3082 3702 in
3124 3647 3245 3703 aliis
3277 3648 3596 3717 quibusdam

2025 3760 2174 3816 spem
2210 3759 2430 3814 ponere,
2462 3743 2618 3798 futile
2643 3751 2698 3797 et
2732 3741 2940 3796 inutile.

2098 3833 2279 3896 XVIII,
2303 3834 2355 3888 6.
2407 3833 2543 3889 Ecce
2569 3835 2705 3889 sicut
2746 3833 2915 3887 lutum
2946 3831 3119 3903 ﬁguli.

2093 3927 2465 3982 Trausl'orrnat
2534 3927 2678 3979 enim
2753 3927 2957 3995 absque
3015 3923 3118 3978 ulla
3182 3923 3492 3982 dillicultale
3545 3929 3597 3981 in

2025 4021 2386 4091 quodcunque
2425 4020 2525 4074 sibi
2569 4019 2881 4075 collubitum
2918 4016 3079 4072 fuerit
3146 4031 3257 4072 rem
3309 4033 3338 4072 a
3391 4033 3452 4075 se
3510 4019 3596 4073 fa-

2024 4123 2187 4166 ctam.

2094 4203 2283 4268 XXlll,
2310 4202 2400 4258 29.
2430 4204 2617 4258 Nonne
2645 4219 2760 4257 ecce
2786 4203 2942 4257 verba
2974 4205 2998 4256 ?
3029 4212 3140 4259 etc.

2092 4295 2270 4366 Ignem
2299 4295 2530 4364 appellat
2571 4295 2935 4366 evangelicam
2961 4293 3365 4364 salutaremque
3409 4296 3599 4365 praedi-

2027 4387 2335 4450 cationem,
2369 4385 2454 4441 vel
2508 4398 2562 4442 et
2601 4386 2772 4456 ipsam
2802 4387 3040 4456 Spiritus
3088 4387 3260 4442 sancti
3308 4387 3597 4457 participa~

353 4467 590 4540 μέθεξιν.
621 4469 650 4521 ὃ
681 4471 775 4524 καὶ
803 4472 939 4543 πυρὶ
971 4472 1386 4543 παρεικάζεται.
1419 4474 1527 4527 Καὶ
1562 4473 1692 4542 γοῦν
1729 4475 1758 4526 ὁ
1785 4476 1917 4530 πάνυ

2026 4480 2224 4535 tionem
2271 4481 2360 4550 qui
2403 4490 2457 4536 et
2501 4479 2608 4551 igni
2663 4479 3008 4534 assimilatur.
3055 4477 3234 4546 Quare
3287 4487 3342 4535 et
3380 4479 3596 4548 sapien-

351 4578 512 4632 σοφος
549 4562 800 4632 Ἰωάννης
830 4563 859 4610 ὀ
883 4563 1191 4635 Βαπτιστὴς
1238 4564 1364 4634 περὶ
1400 4563 1566 4618 αὑτοῦ
1595 4582 1653 4618 τε
1693 4567 1787 4619 καὶ
1829 4564 1920 4618 τοῦ

349 4653 567 4707 πάντων
595 4652 754 4722 ἡμῶν
785 4653 1033 4725 Σωτῆρος
1069 4656 1242 4724 Ἰησοῦ
1269 4655 1504 4728 Χριστοῦ
1543 4656 1685 4711 οὕτω
1724 4657 1918 4728 φησίν⁶

362 4743 505 4815 Ἐγὼ
537 4742 695 4814 ὑμᾶς
723 4743 893 4798 ὕδατι
912 4743 1178 4808 ,ϐαπτίζω
1211 4748 1298 4811 εὶς
1319 4746 1665 4816 μετάνοιαν,
1693 4767 1746 4802 κ.
1778 4767 1830 4802 τ.
1867 4749 1916 4804 λ.

362 4834 568 4907 Ὀρθῶς
598 4830 692 4889 οὖν
723 4835 886 4905 ἔφηὴ
918 4836 1184 4906 Χριστός·
1215 4837 1340 4906 Πῦρ
1369 4836 1558 4910 ἦλθον
1579 4842 1798 4906 βαλεῖν
1822 4843 1920 4896 ἐπὶ

351 4925 466 4991 τὴν
502 4924 639 4994 γῆνη
670 4925 768 4979 καὶ
797 4925 856 4978 τί
879 4923 1030 4979 θέλω
1057 4928 1107 4980 εί
1142 4926 1257 4995 ἤδη
1288 4927 1565 4998 ἀνήφοης

422 5017 530 5069 Kal
563 5015 998 5086 ὑπεστρέψατε.
1021 5010 1038 5029 ⁸

431 5109 594 5178 Ὀρᾷς
641 5109 789 5172 ὅπως
821 5109 921 5162 οὐκ
959 5110 1210 5181 ἀνέχεται
1242 5112 1350 5166 τῶν
1390 5114 1579 5168 τύπων
1621 5115 1918 5189 ἀθετουμέ-

351 5215 476 5258 νων,
513 5198 712 5267 μᾶλλον
740 5199 796 5252 δὲ
825 5199 995 5270 αὐτῆς
1019 5201 1118 5269 τῆς
1143 5201 1400 5272 ἀληθείας
1431 5202 1825 5276 ὲξυδρισμένης
1844 5205 1920 5268 ὼς

351 5295 408 5346 ἐν
455 5295 634 5356 σκιαῖς
670 5294 785 5361 let;
836 5296 1272 5365 Ἀμεταμέλητα
1314 5297 1422 5366 γὰρ
1471 5295 1541 5350 τὰ
1588 5298 1922 5367 χαρίσματα

351 5387 447 5442 καί
497 5386 536 5452 ή
577 5387 798 5455 κλῆσις
842 5388 947 5442 τοῦ
992 5389 1161 5453 Θεοῦ,
1211 5389 1354 5442 κατά
1403 5391 1466 5444 τὸ
1509 5391 1916 5462 γεγραμμένον.

351 5477 488 5541 Τοὺς
518 5478 572 5531 δὲ
599 5478 888 5544 ἀνεθέντας
921 5479 1069 5544 ἅπαξ
1114 5480 1306 5536 ἀνόπιν
1354 5481 1605 5546 Ξλκοντες
1654 5482 1916 5547 Ἰουδαῖοι,

349 5571 444 5623 καὶ
470 5572 582 5632 τοῖς
606 5571 704 5641 τῆς
746 5570 992 5637 δουλείας
1016 5568 1174 5638 αὖθις
1205 5573 1570 5643 ὑποφέροντες
1602 5573 1820 5642 ζυγοῖς,
1854 5575 1916 5629 τὸ

2028 4570 2272 4626 tissimus
2312 4570 2550 4626 Joannes
2589 4569 2828 4640 Baptista
2871 4571 2936 4623 de
2977 4583 3036 4624 se
3095 4570 3213 4639 ipso
3247 4581 3303 4624 et
3355 4571 3596 4623 omnium

2028 4672 2268 4717 nostrqu
2312 4660 2591 4717 Salvatore
2633 4658 2761 4715 Iesu
2815 4659 3034 4717 Christo
3067 4660 3148 4714 sic
3185 4659 3290 4713 ait:
3343 4657 3455 4729 Ego
3512 4677 3597 4715 ros

2026 4753 2232 4822 baptizo
2262 4753 2315 4806 in
2353 4769 2490 4822 aqua
2529 4753 2600 4807 ad
2634 4751 2992 4822 pmnitentiam
3023 4752 3066 4815 ⁸,
3092 4761 3196 4808 etc.
3236 4752 3398 4807 Recte
3437 4751 3594 4822 igitur

2026 4845 2161 4900 dixit
2191 4843 2478 4900 Christus:
2503 4843 2688 4916 Ignem
2732 4845 2846 4900 veni
2884 4845 3090 4899 mittere
3111 4859 3268 4912 super
3304 4853 3520 4905 terram,
3545 4856 3592 4898 et

2024 4939 2149 5008 quid
2177 4938 2290 4993 volo
2318 4939 2417 4992 nisi
2447 4946 2503 4992 ut
2525 4939 2843 4993 accendatur
2874 4937 2931 4989 ⁸7

2092 5025 2326 5091 XXXIV,
2362 5026 2446 5082 16.
2482 5025 2547 5080 Ει
2604 5028 2791 5081 reversi
2821 5029 2967 5082 estis.

2096 5120 2252 5174 Vides
2279 5130 2336 5174 ut
2384 5135 2528 5190 αδδιτο
2583 5119 2824 5190 patiatur
2881 5119 3083 5189 ﬁguras
3137 5121 3432 5183 contemni,
3484 5121 3590 5174 imo

2022 5211 2302 5265 veritatem
2364 5211 2536 5280 ipsam
2593 5208 2772 5265 adhuc
2829 5209 2930 5264 sub
2993 5212 3180 5265 umhra
3255 5213 3598 5267 contumeliis

2024 5301 2182 5356 allici.
2243 5301 2371 5357 Sine
2416 5302 2720 5371 pcnitentia
2760 5303 2896 5356 enim
2941 5311 3063 5356 sunt
3126 5303 3267 5356 dona
3309 5313 3357 5356 et
3396 5304 3598 5356 uacatio

2025 5393 2142 5459 Dei,
2185 5395 2480 5450 secundum
2517 5395 2658 5463 quod
2709 5394 2968 5462 scriptum
3025 5403 3109 5450 est
3143 5395 3187 5450 ⁷.
3231 5392 3410 5450 Semel
3472 5409 3598 5448 vero

2021 5485 2274 5540 dimissos
2299 5485 2652 5541 retrahentes
2686 5483 2854 5539 Judaei
2893 5485 3102 5555 subque
3147 5484 3426 5540 servitutis
3469 5481 3598 5554 iugo

2021 5577 2319 5644 mittentes,
2367 5577 2428 5630 τὸ
2491 5576 2618 5632 Sine
2675 5577 2981 5632 paenitentia
3040 5592 3146 5631 uou
3199 5577 3592 5637 observarunt;

409 5748 439 5812 ,ί
470 5747 626 5805 Prov.
648 5752 787 5810 1.17.
865 5753 1057 5811 'Ilom.
1081 5756 1222 5811 2.21.
1301 5754 1350 5810 ’l
1375 5755 1498 5811 Cor.
1521 5771 1600 5816 Ill.
1622 5756 1705 5812 l9.
1784 5760 1803 5790 ⁸
1829 5760 1990 5819 llehr.
2013 5780 2064 5818 κ.
2085 5763 2173 5818 31.
2250 5763 2270 5794 ⁸
2292 5761 2480 5816 Marc.t
2502 5801 2517 5819 .
2558 5759 2612 5816 7.
2697 5759 2866 5816 ‘Luc.
2897 5775 2992 5816 xu.
3016 5759 3098 5816 49.
3181 5759 3202 5790 "
3226 5759 3476 5818 Rom.x:.
3501 5753 3591 5812 ‘29.
