4090 6216
331 340 467 397 ηδτ

409 457 825 526 Ἶατρεύσαμει·
843 456 957 524 τὴν
976 456 1328 515 Βαϐυλῶνα.

399 545 694 600 Βαϐυλῶνα
732 546 832 615 τὴν
866 547 1222 619 Ἰερουσαλὴμ
1248 552 1307 603 ἐν
1356 550 1571 616 τούτοις
1604 554 1923 627 κατονομάει.

330 636 534 702 ζουσιν,
565 637 643 699 ὡς
663 636 732 690 τὰ
759 637 976 708 ἐκείνης
1012 641 1296 709 μιμεῖσθαι
1335 645 1769 715 σπουδάζουσαν,
1809 649 1909 704 καὶ

331 726 480 779 οὐδὲν
509 726 843 781 ἀποδέουσαν
868 729 970 799 τῆς
1014 728 1125 781 τῶν
1149 729 1321 785 ἐθνῶν
1361 733 1567 805 χώρας,
1598 736 1660 797 τό
1682 754 1748 807 γε
1775 731 1926 810 ἧκον

331 820 412 883 εἰς
453 818 565 883 ἓξιν
608 820 858 885 τελείαν,
896 822 993 875 καὶ
1029 822 1092 876 τὸ
1140 824 1216 893 μὴ
1260 825 1551 897 ἀνέχεσθαι
1595 832 1767 902 τιμᾷν
1816 831 1912 885 τὸν

327 911 510 1053 V690):
558 911 678 982 ἦτοι
727 914 829 984 τῆς
883 918 1228 987 προφητικῆς
1281 920 1664 991 παιδαγωγίας
1702 923 1769 977 τὸ
1811 924 1924 978 ἐπ-⁴

331 1017 441 1053 tuos
509 1019 551 1053 ς

331 1017 553 1069 ωφελες.

1378 336 1813 417 FRAGMENTA
1844 339 1918 394 IN
1951 340 2433 402 EZECIIIELEM.‘

1936 466 1995 529 Α
2082 465 2171 531 LI,
2201 467 2253 523 9.
2286 466 2597 526 (iuravimus
2663 462 3003 535 Babylonem.

3469 353 3602 410 1558

2090 558 2334 631 Babylon
2378 557 2467 613 bic
2485 567 2713 613 vocatur
2757 555 3295 626 Jerusalem,quippe
3319 557 3604 626 quaeillam

2018 649 2229 705 imitata
2274 655 2380 717 est,
2405 648 2649 719 nihilque
2700 646 2979 703 dill‘erebat
3025 662 3054 701 a
3110 646 3246 702 locis
3291 646 3607 714 gentilium,

2016 747 2159 814 quod
2196 743 2391 798 attinet
2419 743 2486 797 ad
2527 742 2824 811 perfectum
2867 739 3034 795 animi
3087 750 3286 794 statum
3328 747 3382 793 et
3412 737 3607 793 volun-

2018 845 2182 891 tatem
2229 850 2334 890 non
2376 834 2677 892 honorandi
2738 832 2908 903 legem
2947 829 3033 887 vel
3066 829 3440 886 instructionis
3479 842 3606 898 pro-

2018 927 2250 998 pbetieaa
2270 927 2560 984 utilitatem

361 1223 3589 1254 __________.____________________________________

1339 1396 1465 1484 IN
1546 1398 2003 1490 LIBRUM
2077 1398 2588 1517 BABUCH.

1125 1607 1219 1680 (Ex
1257 1610 1432 1665 eadem
1465 1608 1700 1662 Ghislerii
1728 1615 1901 1661 eatena
1936 1611 1985 1660 in
2018 1610 2304 1671 Jeremiam,
2342 1616 2458 1660 tom.
2497 1610 2582 1671 Ill,
2616 1624 2665 1677 ρ.
2701 1611 2834 1672 235.)

628 1980 635 1986 .
662 1934 1007 2003 καθήμενος
1033 1934 1120 2001 εἰς
1148 1934 1257 1988 τὸν
1282 1935 1488 1991 aiam».

2090 1931 2176 1993 ΙΙΙ,
2211 1934 2263 1987 5.
2298 1932 2438 1998 Quia
2456 1941 2515 1986 tu
2538 1932 2684 1988 sedes
2710 1934 2771 1985 in
2790 1933 3179 2002 sempiternum.

421 2025 535 2078 Ἀεὶ
566 2025 676 2096 γὰρ
720 2023 818 2079 καὶ
844 2025 904 2078 ἐν
937 2024 1101 2079 παντὶ
1128 2024 1306 2097 χρόνῳ
1332 2024 1547 2096 φθαρτή
1582 2025 1733 2078 ἐστιν
1761 2024 1798 2095 ἡ
1824 2041 1921 2077 πε-

2091 2024 2319 2094 Semper
2363 2023 2507 2079 enim
2550 2031 2605 2079 et
2647 2024 2840 2093 quovis
2888 2032 3136 2093 tempore
3176 2032 3368 2081 natura
3419 2035 3605 2078 creata

344 2116 613 2188 ποιημένη
649 2116 833 2186 φύσις,
886 2116 983 2171 καὶ
1023 2115 1132 2171 τῶν
1174 2116 1451 2189 γεννητῶν
1500 2118 1560 2170 ὲν
1602 2116 1815 2179 τούτοις
1860 2115 1923 2169 τὸ

2026 2115 2353 2186 corruptioni
2391 2116 2624 2172 obnoxia
2665 2124 2769 2181 est,
2812 2123 2869 2170 et
2908 2129 2971 2170 ea
3010 2131 3132 2186 quae
3162 2114 3301 2170 facta
3341 2125 3470 2172 sunt
3510 2116 3609 2171 bas

347 2208 567 2279 μέτρον.
598 2207 852 2281 Κάθηται
875 2207 935 2261 δὲ
965 2209 1003 2279 ἡ
1032 2208 1514 2278 πάντωντεχνῖτις
1551 2206 1648 2261 καὶ
1669 2207 1924 2279 δημιουρ-

2026 2207 2221 2264 habent
2258 2223 2559 2269 mensuras.
2596 2207 2759 2263 Sedet
2800 2216 2977 2262 autem
3018 2207 3259 2262 omnium
3299 2207 3519 2262 artifex.
3549 2216 3606 2262 et

342 2297 437 2366 γὸς
470 2297 651 2369 σοφία,
697 2299 978 2353 τουτέστιν
1019 2299 1313 2369 ἀκλόνητον
1360 2299 1474 2371 ἔχει
1501 2299 1602 2370 τὴν
1631 2300 1691 2353 ἐν
1736 2298 1925 2353 ταυτόη

342 2404 467 2460 τητι
498 2389 784 2463 διαμονήν.
824 2391 934 2445 Kal
974 2390 1184 2446 πάλιν
1227 2390 1415 2463 Ἦμῶν
1459 2391 1569 2461 γὰρ
1601 2390 1819 2454 κάθισις
1863 2390 1923 2443 ὲν

342 2477 553 2542 τούτοις
597 2479 658 2532 τὸ
708 2478 1048 2551 ἀκράδαντόν
1095 2496 1157 2532 τε
1197 2480 1294 2534 καὶ
1341 2478 1625 2551 ἱδρυμένον
1670 2480 1772 2548 τῆς
1819 2476 1923 2530 ὑπ-

342 2567 571 2639 άρξεως,
616 2571 713 2623 καὶ
749 2571 1012 2641 διαμονῆς
1055 2570 1153 2641 τῆς
1186 2570 1451 2624 ἀνωτάτω
1493 2568 1684 2623 πασῶν
1734 2567 1923 2631 οὐσίας

342 2658 603 2731 ὑποδηλοῖ
619 2676 634 2691 ο
677 2659 739 2714 τὸ
770 2660 851 2727 δὲ,
895 2660 1056 2730 ἡμᾶς
1082 2662 1469 2716 ἀπόλλυσθαι
1497 2660 1607 2714 τὸν
1630 2658 1836 2724 αἰῶνα,
1862 2659 1922 2712 τὸ

343 2744 485 2803 εἶναι
512 2749 785 2820 φθαρτοὺς
818 2749 960 2803 κατὰ
1003 2748 1184 2821 πᾴντα
1226 2748 1443 2819 καιρὸν,
1473 2748 1537 2800 τό
1573 2763 1638 2815 γε
1670 2740 1805 2818 ἧκον
1841 2746 1922 2809 είς

343 2843 435 2896 τὸν
466 2840 562 2896 τοῦ
596 2841 927 2912 πεποιῆσθαι
968 2841 1162 2910 λόγον’
1212 2842 1370 2911 εἰπερ
1411 2841 1561 2894 ἐστὶν
1600 2839 1802 2909 ἀληθὲς
1837 2839 1922 2891 ὅτι

344 2933 453 2986 πᾶν
480 2931 545 2985 τδ
582 2931 640 2985 ὲν
668 2930 901 2999 γενέσει,
933 2931 1028 2983 καὶ
1062 2928 1400 3000 παρενεχθὲν
1423 2928 1490 2982 ὲκ
1530 2927 1625 2982 τοῦ
1658 2926 1734 2999 μὴ
1770 2926 1924 2990 ὄντος

340 3024 429 3088 είς
470 3022 533 3077 τὸ
563 3018 703 3076 εῖναι
721 3062 738 3088 ,
785 3022 963 3094 πάντη
1012 3040 1074 3077 τε
1109 3022 1206 3077 καὶ
1254 3020 1476 3087 πάντως
1518 3020 1806 3085 ὑπόκειται
1857 3021 1940 3101 τῇ,

343 3114 542 3188 φθορᾷ.

2021 2299 2265 2356 effectrix
2315 2298 2611 2369 sapientia,
2652 2300 2752 2355 Itoc
2795 2309 2880 2353 est
2924 2299 3302 2356 inconcussam
3346 2299 3510 2354 habet
3553 2298 3609 2354 in

2030 2393 2221 2448 eodem
2256 2400 2402 2447 statu
2436 2390 2971 2460 permanentiam.Et
2998 2407 3220 2446 rursus:
3248 2391 3431 2445 Sessio
3464 2391 3607 2445 enim

2030 2485 2084 2539 in
2129 2484 2219 2539 bis
2257 2484 2533 2538 immotam
2574 2484 2893 2553 firmamque
2929 2484 3193 2538 rationem
3227 2483 3518 2537 exsistendi
3554 2492 3611 2537 et

2028 2573 2391 2644 perennitatis
2419 2573 2736 2628 substantiae
2760 2573 2904 2627 omni
2934 2570 3392 2641 prazstantissimae
3415 2568 3613 2641 signiﬁ—

2028 2675 2149 2732 cat;
2183 2666 2313 2721 illud
2348 2681 2503 2730 vero,
2537 2682 2628 2719 nos
2663 2666 2831 2733 perire
2867 2666 2921 2716 in
2957 2680 3159 2728 meum,
3192 2664 3337 2717 omni
3372 2673 3614 2731 tempore

2014 2759 2395 2827 corruptibiles
2423 2773 2545 2812 esse
2560 2772 2627 2811 eo
2652 2757 2798 2826 quod
2830 2756 3031 2811 conditi
3066 2758 3252 2811 Sumus
3290 2772 3304 2809 :
3335 2756 3603 2823 siquidem

2025 2863 2223 2903 verum
2256 2855 2341 2902 est
2365 2862 2527 2901 omne
2555 2847 2698 2915 quod
2726 2853 3035 2915 generatur,
3061 2853 3117 2899 et
3147 2860 3213 2900 ex
3248 2858 3352 2897 non
3387 2854 3511 2898 ente
3544 2843 3613 2899 ad

2024 2957 2151 2999 esse
2182 2942 2417 3009 transiit,
2447 2941 2761 2999 necessario
2782 2937 3116 3007 corruptioni
3142 2936 3450 3006 subiacere.

1445 3519 1572 3608 IN
1642 3518 2405 3629 EZECHIELEM
2457 3507 2540 3606 ³⁸..

1040 3734 1202 3807 (Aug.
1230 3731 1356 3799 MAI,
1393 3733 1687 3791 Bibliotheca
1719 3749 1840 3815 uovu
1873 3736 1924 3786 Pl

2026 3748 2098 3796 an,
2138 3735 2197 3798 ll,
2227 3735 2338 3796 £67,
2372 3737 2537 3787 Romae
2570 3734 2709 3795 1844,
2744 3733 2913 3795 ili-Li

415 4088 535 4144 Kal.
558 4086 847 4156 τέσσαρες
884 4088 1174 4158 πτέρυγες
1208 4087 1289 4154 τῷ
1312 4089 1424 4144 ἐνί.

413 4180 785 4251 (ϐοι.,ΕΖοοιι.
822 4179 862 4234 f.
888 4179 1010 4233 19:2.
1033 4180 1111 4249 b.)
1149 4180 1448 4251 Ἐστήκασι
1470 4180 1842 4253 ﬂuidam);
1867 4184 1923 4238 ai.

344 4274 527 4344 νοεραὶ
565 4272 660 4327 καὶ
689 4273 803 4328 ἄνω
840 4271 1120 4341 δυνάμεις,
1167 4273 1269 4327 οὐκ
1309 4273 1637 4339 ὀκλάζουσαι
1681 4275 1819 4347 πρὸς
1855 4275 1926 4341 τὰ

349 4361 578 4432 αἰσχίω,
610 4363 747 4417 ἀλλὰ
791 4364 890 4434 τὴν
928 4362 1096 4435 ὀρθὴν
1144 4364 1239 4417 καὶ
1270 4362 1579 4435 ἀμώμητον
1610 4364 1709 4436 τῆς
1738 4366 1930 4430 αὐταῖς

352 4451 664 4524 πρεπούσης
697 4451 843 4523 ζωῆς
882 4455 1195 4526 διᾴττουσιν
1229 4454 1434 4525 τρίϐον.

415 4542 522 4597 Καὶ
547 4543 792 4596 ἔσονται
810 4543 910 4596 ἐπὶ
945 4545 1064 4597 τῶν
1089 4544 1273 4613 ὀρέων
1295 4545 1376 4613 ὠς
1415 4546 1783 4614 περιστεραί.

419 4633 562 4705 (Cat.
599 4631 638 4685 f.
678 4631 802 4687 198.
828 4634 906 4703 1).)
942 4633 1005 4685 υἱ
1036 4636 1298 4706 μακάριοι
1336 4635 1607 4708 μαθηταί·
1640 4636 1931 4709 περιῆλθον

1964 3942 2039 3957 -κ

1950 4103 2013 4160 ο
2096 4096 2134 4159 l,
2161 4095 2214 4152 6.
2243 4095 2312 4150 Et
2337 4107 2566 4168 quatuor
2589 4098 2692 4154 alae
2723 4101 2834 4154 uni.

2100 4184 2258 4241 Stant
2290 4204 2507 4258 semper
2553 4190 2946 4247 intellectuales
2978 4206 3332 4263 superumque
3366 4192 3611 4260 Virtutes,

2029 4279 2171 4336 baud
2213 4281 2463 4352 equidem
2504 4284 2571 4339 ad
2616 4284 2788 4356 turpia
2830 4285 3103 4352 labantes,
3133 4288 3226 4342 sed
3261 4286 3390 4356 quia
3434 4287 3616 4358 potius

2031 4378 2236 4425 rectam
2271 4379 2325 4426 et
2359 4371 2739 4442 inculpabilem
2778 4375 3149 4431 convenientis
3184 4376 3285 4432 sibi
3320 4377 3443 4431 vitae
3472 4376 3613 4430 viam

2032 4462 2344 4517 decurrunt.

2105 4551 2220 4618 νη,
2250 4554 2339 4610 lli.
2372 4554 2440 4609 El
2469 4566 2620 4611 erunt
2646 4573 2803 4622 super
2824 4567 3019 4613 montes
3045 4568 3102 4613 ut
3130 4557 3404 4614 columbae.

2107 4644 2257 4702 Beati
2318 4647 2574 4702 nimirum
2633 4649 2920 4719 discipuli;
2980 4649 3033 4705 hi
3098 4650 3241 4705 enim
3305 4650 3615 4705 universum

355 4724 457 4796 γὰρ
500 4725 682 4778 πᾶσαν
745 4722 836 4776 ὑπ’
913 4722 1140 4794 οὐρανὸν
1163 4765 1179 4790 ,
1246 4725 1307 4779 τὸ
1356 4727 1594 4799 Χριστοῦ
1646 4728 1924 4793 λαλοῦντες

2041 4739 2305 4797 mundum
2335 4739 2754 4805 circumierunt,
2788 4741 2989 4797 Christi
3027 4741 3387 4812 prwdicantes
3415 4751 3618 4814 myste-

350 4816 672 4887 μυστήριον,
701 4815 796 4869 καὶ
832 4813 977 4886 ᾠδὴν
1003 4816 1096 4868 καὶ
1128 4814 1297 4887 λύραν
1323 4816 1539 4893 ἔχοντες
1573 4820 1725 4875 αὐτό.

420 4907 532 4962 Kal
570 4906 677 4961 ἐὰν
721 4903 876 4962 ὦσιν
913 4910 970 4961 οἱ
1007 4908 1167 4977 τρεῖς
1204 4906 1423 4981 ἄνδρες
1458 4906 1626 4966 οὗτοι
1661 4912 1731 4967 ἐν
1759 4912 1930 4983 μέσῳ

349 5000 558 5070 αὐτῆς.
588 5001 738 5065 Νῶε,
767 5002 865 5058 καὶ
898 5001 1143 5069 Δανιὴλ,
1170 5002 1271 5056 καὶ
1307 5001 1443 5064 Ἰὼϐ.

425 5094 567 5164 (Cat.
600 5095 640 5149 f.
673 5094 798 5149 205.
829 5095 906 5164 b.)
950 5095 1166 5166 Ἐπειδὴ
1200 5091 1354 5166 οἶμαι
1386 5095 1496 5149 δεῖν
1539 5097 1638 5157 οὐκ
1666 5097 1926 5152 ἁϐασανί·

353 5203 510 5248 στους
539 5187 634 5256 ὲᾷν
658 5185 756 5250 τὰς
792 5186 889 5240 τοῦ
936 5188 1218 5258 προφήτου
1265 5188 1471 5257 φωνὰς,
1515 5191 1647 5261 φέρε
1677 5190 1925 5262 λέγωμεν

2028 4832 2191 4895 rium,
2226 4832 2387 4901 idque
2417 4833 2591 4888 instar
2618 4834 2813 4889 cantici
2841 4843 2890 4888 et
2927 4834 3056 4905 lyra:
3087 4835 3366 4890 habentes.

2098 4920 2238 4989 XIV,
2270 4922 2356 4978 Η.
2382 4921 2452 4976 Et
2476 4924 2523 4978 si
2550 4923 2745 4995 fuerint
2774 4926 2826 4980 in
2860 4925 3028 4979 medio
3050 4924 3165 4994 ejus
3193 4934 3295 4979 (res
3324 4924 3445 4992 viri,
3476 4922 3614 4992 Noe,

2026 5013 2217 5070 Daniel
2246 5026 2292 5070 et
2324 5015 2447 5074 Job.

2004 5152 2011 5158 .
2098 5104 2233 5173 Quia
2274 5107 2512 5160 arbitror
2543 5122 2647 5163 non
2684 5121 2806 5162 esse
2842 5108 2959 5162 sine
2989 5108 3239 5163 examine
3271 5118 3605 5177 praetereun-

2031 5198 2126 5252 das
2162 5200 2436 5270 propheta:
2467 5212 2659 5263 voces,
2692 5212 2791 5269 age
2822 5199 3065 5254 dicamus
3098 5214 3357 5266 euruam,
3394 5199 3619 5255 mortuis

350 5277 407 5331 τί
440 5277 660 5348 δήποτε,
683 5277 807 5331 Νῶε
836 5279 933 5339 καὶ
965 5278 1086 5333 Ἰὼϐ
1115 5280 1208 5333 καὶ
1237 5279 1435 5350 Δανιὴλ
1463 5279 1775 5338 τεθνεώτων
1797 5282 1921 5354 ήδη,

2026 5286 2229 5355 jamdiu
2276 5286 2496 5345 Noacbo
2536 5303 2602 5344 ac
2635 5286 2807 5357 Jobo,
2831 5297 2887 5345 et
2916 5289 3046 5359 ipso
3082 5288 3317 5346 fortasse
3357 5290 3581 5345 Daniele

428 5482 446 5501 ⁹
466 5480 648 5549 Cyrilli
675 5482 726 5533 in
756 5480 989 5535 minores
1012 5480 1302 5549 prOpbetas
1320 5484 1695 5537 commentarii
1715 5493 1930 5538 exstant

355 5548 523 5615 editi',
563 5552 687 5603 item
728 5554 776 5603 in
810 5548 1023 5602 lsaiam.
1054 5549 1106 5602 lu
1138 5550 1426 5605 Jeretniam
1461 5567 1587 5606 vero
1628 5556 1778 5607 multi
1804 5566 1931 5608 sunt

356 5618 456 5673 loci
491 5620 674 5688 Cyrilli
728 5621 775 5673 iu
814 5619 1069 5675 Gbislerii
1112 5621 1255 5673 edita
1315 5622 1501 5675 Graece
1529 5633 1581 5675 et
1626 5621 1814 5678 Latine
1838 5642 1930 5676 ca-

358 5697 502 5743 tena.
542 5691 621 5761 lu_
649 5690 913 5743 fianielem
956 5691 1099 5743 lorus
1131 5690 1321 5761 Cyrilli
1366 5691 1635 5761 edidimus
1679 5707 1775 5748 nos
1804 5710 1927 5747 cum

358 5771 545 5812 catena
585 5759 859 5821 Vaticana,
888 5760 1082 5827 Script.
1112 5759 1209 5816 rei.
1241 5760 1304 5816 t.l
1338 5760 1497 5831 (Bibl.
1536 5761 1666 5816 Nov.
1692 5761 1752 5831 Il,
1781 5764 1925 5829 467).

2042 5484 2281 5554 Denique
2310 5487 2376 5562 ad
2431 5487 2767 5562 Ezecltielem
2810 5505 3073 5562 magnam
3115 5492 3343 5562 legimus
3392 5492 3611 5547 Patrum

2038 5569 2283 5629 catenam
2335 5559 2386 5611 in
2441 5560 2628 5614 codice
2682 5559 3238 5629 qttodathaticauo,
3279 5564 3367 5616 ubi
3433 5573 3610 5616 tamen

2041 5627 2256 5679 nonnisi
2316 5642 2512 5702 pauca,
2560 5645 2678 5697 qua:
2728 5630 2817 5685 ltic
2876 5627 3233 5698 exhibemus,
3263 5633 3447 5702 Cyrilli
3498 5633 3609 5684 fra-

2038 5707 2251 5772 gmenta
2277 5700 2663 5772 comperimus,
2687 5702 2933 5769 quamvis
2964 5702 3177 5757 aliunde
3197 5700 3405 5758 constat
3437 5701 3614 5772 Cyril-

2038 5764 2144 5818 lum
2179 5783 2326 5822 more
2354 5764 2453 5821 suo
2487 5769 2538 5823 iu
2573 5764 2906 5831 Ezec'ltielem
2941 5772 3047 5828 late
3071 5774 3369 5842 scripsisse.
3400 5764 3524 5825 Μιῑ.
