4090 6216
419 309 546 367 1461

1533 291 1962 347 FRAGMENTA
2000 287 2068 342 IN
2108 285 2486 342 DANIELEM.

3547 289 3685 346 H63

420 443 3670 482 ΝΜ

489 718 692 774 Catena
723 711 915 766 Latina
931 710 992 766 in
1026 706 1354 764 Ezechieiem
1383 723 1415 760 a
1457 677 1797 776 Vittalpando
1829 704 1969 759 edita
1997 701 2200 776 (Roma:
2232 700 2394 768 1596,
2416 699 2453 756 3
2473 700 2574 776 uol.
2601 700 2725 772 fol.)
2767 702 2977 776 nonnisi
3022 702 3344 776 paucissima
3359 701 3547 772 Cyrilli
3574 701 3686 770 fra-

422 772 650 857 gmenta
679 785 919 857 exhibet;
959 780 1323 857 ea_etiam_ita
1354 777 1568 848 proprio
1597 772 1754 845 scopo
1787 772 2427 830 accomtnodavit-catentz
2452 773 2623 828 editor
2660 783 2716 827 ut
2743 789 2850 828 non
2887 772 3005 843 jam
3035 772 3267 845 Cyrillus
3307 775 3578 846 loquatur,
3604 776 3689 827 sed

422 847 526 928 ipse
572 851 967 923 Villalpandus.
1003 850 1163 906 EDI'I‘.
1201 847 1378 904 Pun.

1221 1397 1346 1488 IN
1424 1393 2048 1486 DANIELEM
2123 1389 2915 1488 PROPHETAM.

1357 1695 1928 1766 (Ang.1\iu,Biblioth.
1965 1715 2075 1754 nov.
2113 1702 2254 1778 Patr.
2289 1699 2354 1766 ll,
2389 1700 2542 1765 467.)-

499 2234 672 2290 Τοῢτο
711 2236 754 2290 δ’
797 2230 866 2308 ἦν
897 2235 1085 2309 ἕτερον
1127 2237 1284 2292 οὐδὲν
1324 2236 1468 2312 πλὴν
1514 2240 1598 2293 ὃτι
1647 2241 2018 2310 μεγαλαυχεῖν
2042 2245 2091 2302 Α

2189 2239 2256 2307 ν,
2287 2241 2343 2295 2.
2372 2238 2518 2297 Nihil
2551 2239 2696 2296 aliud
2724 2239 2826 2296 hoc
2854 2247 2976 2295 erat
2999 2251 3161 2309 quam
3194 2245 3384 2294 contra
3411 2236 3505 2293 Dei
3533 2238 3705 2309 maje-

427 2327 572 2382 κατὰ
612 2326 714 2400 τῆς
761 2327 920 2400 δόξης
962 2327 1055 2383 τοῦ
1103 2327 1280 2395 Θεοῦ,
1327 2329 1761 2403 κατεπαίρεσθαί
1804 2348 1865 2384 τε
1916 2329 2014 2384 τοῦ

2119 2341 2314 2390 statem
2336 2331 2626 2404 iactantia,
2651 2332 2778 2389 dum
2807 2331 3072 2387 adversus
3096 2329 3311 2386 lsraelis
3338 2337 3700 2399 protectorem

427 2417 836 2486 προεστηκότος
863 2417 974 2471 τῶν
1001 2416 1060 2485 ἐξ
1091 2418 1330 2491 Ἰσραὴλ,
1350 2419 1426 2484 ὡς
1464 2419 1605 2474 κατὰ
1647 2420 1852 2492 μηδένα
1889 2421 2016 2493 τρόρ

425 2523 528 2561 πον
553 2507 751 2578 ὀνῆσαι
773 2508 962 2581 δεδυνη
972 2509 1134 2581 μένον
1161 2511 1256 2566 τὸν
1291 2512 1422 2567 ῑδιον
1449 2512 1599 2568 λαόν.

495 2601 701 2655 Bimae
728 2599 1148 2671 ἠνεῴχθησαν.

500 2691 630 2745 Ὅτε
679 2691 787 2762 γὰρ
832 2693 892 2745 ὲν
929 2691 1060 2747 εῖδει
1089 2694 1285 2764 γέγονε
1326 2695 1404 2767 τῷ
1435 2695 1568 2750 καθ’
1603 2697 1752 2767 ἡμᾶς
1778 2697 1811 2751 ὁ
1843 2697 2017 2752 Μονο-

427 2781 614 2854 γενὴς,
641 2784 761 2836 τότε
784 2784 880 2838 καὶ
907 2782 1124 2852 βίϐλους
1153 2785 1392 2857 ἀνέῳξεν
1432 2788 1460 2840 ὁ
1492 2787 1704 2859 Πατήρο
1724 2788 1819 2842 καὶ
1845 2788 2016 2858 ἀνῆκε

432 2874 534 2945 μὲν
567 2875 661 2928 τοῦ
700 2875 989 2946 κρίνεσθαι
1025 2878 1152 2942 τοὺς
1196 2879 1418 2949 ἐνόχους
1465 2879 1801 2950 ἁμαρτίαις,
1840 2879 2018 2950 ἐφῆκε

427 2967 485 3021 δὲ
541 2970 656 3032 τοῖς
685 2968 1095 3041 ἀνδριζομένοις
1131 2970 1194 3024 τὸ
1228 2970 1610 3043 ἐγγράφεσθαι
1656 2990 1717 3026 τε
1759 2973 1854 3027 καὶ⁹
1889 2973 2018 3028 ὲνα-

430 3060 749 3132 ριθμεῖσθαι
794 3062 981 3117 λοιπὸν
1031 3066 1147 3127 τοῖς
1188 3064 1304 3119 ἄνω
1343 3064 1527 3134 χοροῖς
1582 3064 1680 3117 καὶ
1720 3066 1780 3120 ὲν
1825 3064 2017 3136 μνήμῃ

429 3150 664 3208 κεῖσθαι.

497 3245 610 3299 Καὶ
663 3244 716 3298 τι
764 3244 935 3311 ἐστιν,
979 3244 1126 3310 Ἕως
1169 3242 1279 3298 τοῦ
1319 3243 1588 3298 Haletem?
1622 3241 1743 3297 τῶν
1781 3243 2020 3314 ἡμερῶν

426 3337 731 3406 ἔφθασενς

496 3421 643 3498 'Apa
674 3425 945 3490 τοπικῶς;
1004 3419 1140 3478 Εἶτα
1180 3423 1299 3488 πῶς
1328 3423 1489 3478 τοῦτο
1525 3425 1628 3478 οὐκ
1665 3424 2018 3495 ἀμαθές;ὃτι

433 3518 508 3590 μὴ
537 3519 596 3571 ὲν
625 3517 778 3588 τόπῳ
814 3517 877 3570 τὸ
909 3516 1066 3570 Θεῖον
1085 3532 1100 3546 θ
1133 3515 1336 3587 πληροῖ
1357 3515 1468 3588 γὰρ
1489 3516 1558 3570 τὰ
1586 3515 1786 3573 πάντα.
1820 3518 1886 3571 Τί
1921 3512 2016 3572 οὖν

2115 2423 2420 2492 extollitur,
2450 2423 2607 2495 quasi
2658 2423 2707 2480 is
2755 2421 2954 2494 p0pulo
2994 2435 3095 2478 suo
3144 2419 3290 2476 nulla
3339 2435 3400 2476 re
3453 2420 3709 2490 prodesse

2115 2517 2404 2589 potuisset.

2189 2606 2303 2674 VII,
2332 2607 2420 2664 1.0.
2447 2605 2594 2661 Libri
2618 2607 2786 2674 aperti
2811 2613 2954 2661 sunt.

2189 2697 2325 2755 Cum
2365 2698 2424 2753 in
2461 2696 2640 2753 forma
2682 2705 2870 2752 nostra
2910 2693 3233 2764 Unigenitus
3278 2691 3548 2764 apparuit,
3582 2699 3711 2748 tunc

2119 2791 2288 2848 libros
2309 2789 2474 2847 Pater
2492 2789 2736 2862 aperuit;
2762 2788 3072 2858 omissaque
3096 2800 3310 2842 reorum
3334 2783 3702 2848 damnatione,

2119 2884 2332 2955 c0piam
2392 2881 2528 2939 fecit
2583 2880 2724 2952 frugi
2783 2879 3097 2936 hominibus
3147 2887 3325 2936 semet
3379 2874 3708 2932 inscribendt

2119 2973 2624 3045 adnumerandique
2664 2971 2982 3030 cmlestibus
3014 2968 3199 3026 choris
3231 2974 3398 3038 atque
3435 2965 3492 3021 in
3527 2964 3707 3020 album

2119 3069 2424 3127 referendi.

2190 3246 2304 3317 Vl],
2342 3246 2431 3304 i5.
2459 3244 2600 3314 Quid
2621 3250 2726 3310 est,
2762 3242 2924 3313 itaque
2953 3240 3025 3296 ad
3049 3239 3338 3311 Antiquam
3361 3237 3568 3293 dierum
3593 3250 3712 3306 per-

2119 3343 2300 3399 venit?
2340 3338 2478 3394 Num
2525 3339 2592 3393 de
2637 3338 2757 3392 loco
2799 3348 2980 3391 sermo
3017 3332 3140 3390 est?
3174 3330 3338 3401 Atqui
3382 3329 3487 3387 hoc
3533 3344 3718 3386 nonne

2120 3432 2412 3489 absurdum
2461 3429 2574 3485 sit?
2599 3427 2864 3496 Quoniam
2910 3427 3052 3481 Deus
3085 3425 3138 3480 in
3174 3423 3292 3479 loco
3325 3438 3433 3478 non
3467 3431 3584 3487 est,
3617 3424 3716 3480 sed

2121 3524 2312 3582 omnia.
2351 3521 2556 3591 implet.
2593 3520 2733 3587 Quid
2776 3532 2904 3589 ergo
2946 3526 3059 3581 est,
3096 3531 3256 3587 usque
3307 3515 3375 3569 ad
3423 3515 3714 3583 Antiquam

427 3607 545 3659 ἐστι
578 3605 660 3672 τὸ,
691 3607 841 3673 Ἕως
867 3605 976 3660 τοῦ
1007 3605 1276 3660 Haletem}
1323 3605 1444 3660 τῶν
1470 3605 1712 3676 ἡμερῶν
1733 3607 2025 3677 ἐφθασεν;
2054 3604 2101 3664 Β

2127 3616 2336 3669 dierum
2368 3611 2638 3679 peruenit?
2670 3609 2728 3665 In
2759 3608 2986 3681 gloriam
3020 3604 3229 3662 scilicet
3260 3603 3436 3659 Patris
3466 3603 3716 3674 pervenit

428 3699 524 3762 Εἰς
553 3697 656 3769 τὴν
694 3696 854 3762 δόξαν
897 3697 994 3752 τοῦ
1028 3697 1244 3768 Πατρὸς
1269 3697 1517 3770 δηλονότι
1549 3697 1786 3768 ἔφθασεν
1809 3701 1838 3753 ὁ
1865 3699 2014 3764 Υἱός.

429 3792 548 3846 Καὶ
577 3789 746 3844 πόθεν
765 3789 930 3844 τοῦτο
952 3790 1100 3845 ἐστιν
1124 3790 1273 3855 ἰδεῖν,
1297 3790 1400 3862 ἔφη
1424 3791 1586 3846 πάλιν
1607 3791 1770 3856 αὐτὸς
1791 3788 1988 3864 ἐφεξῆς
2003 3809 2019 3823 ο

2125 3703 2316 3761 Filius.
2349 3701 2502 3770 Quod
2552 3702 2726 3772 ipsum
2773 3697 2918 3754 unde
2963 3696 3276 3752 innotescat
3324 3693 3466 3749 idem
3521 3700 3706 3764 postea

2120 3794 2387 3867 propheta
2431 3792 2608 3850 dicit:
2661 3789 2914 3846 Traditus
2951 3795 3033 3844 est
3073 3787 3133 3855 ei,
3161 3785 3331 3840 honor
3371 3793 3424 3840 et
3465 3800 3704 3855 regnum.

427 3881 599 3947 Αὐεῷ
625 3882 803 3951 ἐδόθη
835 3885 873 3952 ἡ
907 3883 1045 3954 τιμὴ
1079 3883 1178 3938 καὶ
1194 3884 1506 3950 βασιλεία.
1530 3885 1770 3939 Ἤκουσε
1793 3885 1902 3957 γὰρ
1925 3884 2020 3940 τοῦ

2119 3887 2338 3942 Audivit
2381 3886 2527 3942 enim
2576 3884 2795 3940 Patrem
2846 3881 3114 3936 dicentem
3168 3896 3184 3934 :
3237 3875 3377 3933 Sede
3429 3894 3462 3931 a
3509 3877 3714 3932 dextris

431 3971 644 4044 ιιατρδς
672 3973 953 4043 λέγοντοςο
985 3975 1184 4032 Κάθου
1211 3976 1281 4030 ὲκ
1309 3976 1526 4041 δεξιῶν
1547 3995 1667 4049 μου
1691 3977 1802 4045 ἕως
1824 3977 1904 4033 ἂν
1935 3977 2016 4034 θῶ
2115 4004 2116 4007 η

2119 3976 2267 4042 meis,
2315 3976 2479 4031 donec
2526 3989 2722 4046 ponam
2767 3969 3011 4026 inimicos
3055 3976 3172 4023 tuos
3197 3965 3479 4022 eeabellnm
3518 3965 3712 4034 pedum

431 4063 570 4133 τοὺς
588 4065 844 4137 ἐχθρούς
874 4082 993 4124 σου
1015 4067 1354 4127 ὑποπόδιον
1379 4069 1500 4125 τῶν
1527 4068 1732 4129 ποδῶν
1756 4083 1889 4127 σου.

483 4191 497 4218 ι
538 4183 685 4242 Psal.
714 4201 824 4254 cux,
858 4187 908 4241 1.

2115 4078 2327 4125 tuorum
2350 4069 2390 4120 ³.
