4134 6304
451 385 541 456 ,11
1491 382 1547 437 S.
1589 380 1859 436 CYRIILI
1905 379 2369 435 ALEXANDRINI
2409 381 2727 438 ARCHIEP.
3663 391 3726 446 l2

474 499 665 549 dorem
696 505 751 550 et
769 494 1086 549 industriam
1111 497 1161 549 in
1181 495 1333 550 bonis
1362 497 1552 550 stuiliis
1575 496 1805 549 locatam
1841 495 2032 564 ignavi:

2156 497 2558 567 σπουδάσμασιν
2595 500 2792 571 ἱδρῶτα
2839 499 2930 553 καὶ
2974 503 3133 553 πόνον
3162 501 3259 571 τῆς
3299 502 3356 554 ἐν
3397 500 3474 572 τῷ
3507 501 3725 574 ρέγχειν

481 585 933 652 prarstabiliorem
963 601 1102 651 esse,
1129 602 1193 641 ac
1228 587 1471 641 laborare
1498 588 1690 642 melius
1723 601 1864 650 esse,
1891 601 2047 656 quam

479 687 706 731 stertere
735 695 748 730 :
782 693 880 732 nec
924 678 1081 746 plane
1137 677 1362 739 diﬁisus,
1417 679 1546 746 quin
1591 679 1878 746 aliquando
1927 692 2050 746 pos-

481 783 592 818 sem
627 767 827 836 aliquid
861 783 1055 821 novum
1086 779 1139 821 et
1189 767 1396 820 varium
1455 767 1696 819 invenire
1727 784 1740 819 :
1803 767 2047 834 quando~

477 859 691 924 quidem
729 859 868 912 Deus
900 859 1036 912 hanc
1057 857 1567 913 comruentationum
1598 858 1736 908 viam
1759 857 2048 910 rationem-

477 964 579 1017 que
632 949 841 1002 dilatat.
883 948 1148 1016 Srriptum
1180 959 1259 1000 est
1296 949 1439 1001 enim
1471 965 1482 999 :
1515 966 1533 998 ι
1576 945 1767 1000 Latum
1824 948 2037 1000 manda-

475 1048 487 1088 t
519 1058 585 1090 tm
637 1049 782 1091 tuum
810 1039 1152 1091 vehementer
1185 1039 1221 1089 ‘.
1262 1056 1280 1088 ›

547 1129 888 1194 Prophetavit
923 1131 1084 1195 igitur
1135 1129 1325 1181 beatus
1366 1129 1530 1182 Isaias
1569 1127 1899 1198 temporibus
1957 1142 2044 1182 re-

473 1221 558 1288 gni
591 1217 858 1283 Ocliozizr,
896 1230 946 1270 et
974 1216 1260 1277 Juathami,
1298 1217 1495 1270 Acltazi
1549 1228 1603 1271 et
1632 1217 1892 1271 Ezechiae.
1933 1217 2047 1286 Age

471 1328 618 1373 Vero,
656 1321 894 1376 lctttpora
939 1308 1361 1376 uniuscujusque
1404 1309 1662 1363 memoria
1725 1295 2041 1376 repetamus

467 1416 518 1450 ei
559 1417 664 1468 quo
700 1412 858 1468 pacto
913 1400 1141 1468 quisque
1172 1399 1390 1463 vixerit,
1445 1399 1649 1452 cursim
1700 1407 1754 1451 et
1803 1397 2037 1452 strictim

473 1495 734 1544 iiii-amns.
813 1491 1206 1557 l’erspiciemus
1268 1490 1412 1544 enim
1464 1490 1590 1543 hinc
1662 1489 2035 1559 preplietirum

471 1600 775 1638 sermonem
806 1583 969 1637 rebus
1019 1583 1186 1651 gestis
1213 1592 1266 1637 et
1311 1581 1642 1651 temporibus
1672 1582 1802 1649 ipsis
1826 1595 2042 1634 accom-

471 1675 744 1728 mmlatnm
796 1690 937 1736 esse,
990 1685 1040 1726 et
1093 1681 1572 1742 peropportunum.
1623 1673 1788 1728 Ozias
1833 1673 2035 1740 itaque,

470 1766 560 1831 qui
589 1775 639 1816 et
670 1764 935 1817 ()clmzias
981 1764 1152 1818 dictus
1205 1775 1308 1829 ρει,
1361 1765 1445 1817 vir
1502 1764 1619 1832 pius
1681 1763 1800 1830 fuit,
1866 1778 2038 1831 coque

467 1854 835 1922 a-r-plitutlinis
873 1863 929 1907 et
968 1855 1217 1923 potentia:
1253 1867 1559 1924 provectus,
1605 1865 1662 1908 ut
1725 1867 1910 1925 gentes
1943 1854 2037 1908 Ju-

467 1947 592 2000 dazm
623 1946 877 2000 ﬁnitimas
919 1947 1206 2013 subegerit,
1249 1947 1429 1998 multis
1457 1947 1660 1999 tributa
1721 1945 2038 2014 imposuerit

465 2054 528 2090 ac
557 2039 787 2105 sceptris
829 2039 940 2092 suis
999 2037 1316 2104 subjecerit,
1342 2039 1501 2092 urbes
1536 2039 1872 2100 instaurarit,
1898 2038 2032 2090 alias

465 2129 757 2196 acceperit,
801 2127 1103 2196 ﬁnibusque
1139 2126 1372 2181 Judaica-
1415 2139 1571 2180 terrae
1603 2127 1930 2194 acljuuxerit.
1956 2126 2036 2179 Ad

461 2227 763 2271 extremum
823 2234 953 2272 vero
1036 2219 1326 2272 humanum
1385 2219 1636 2286 quiddam
1687 2233 1874 2284 passus
1931 2227 2032 2272 est.

460 2309 812 2365 ίιιιιηοιίοΐέιιει
861 2310 1001 2363 enim
1047 2309 1148 2363 hac
1198 2308 1483 2364 allluentia.
1510 2319 1563 2364 et
1599 2309 1782 2378 gloria:
1835 2310 2030 2380 ampli-

460 2401 644 2453 tniline
677 2402 870 2465 victus,
915 2399 1082 2452 altum
1119 2403 1515 2468 quodammodo
1568 2402 1762 2470 sapuit,
1827 2403 2035 2457 morbo-

461 2505 564 2556 que
596 2489 861 2558 superbia:
910 2499 1209 2557 correptus,
1246 2491 1314 2557 ι·
1348 2491 1442 2557 ipsi
1483 2491 1618 2542 adeo
1680 2491 1876 2543 divina:
1930 2491 2031 2559 legi

461 2596 519 2633 se
567 2580 835 2648 opposuit,
878 2579 1072 2647 quippe
1109 2579 1199 2648 qui
1263 2579 1548 2632 sacerdotii
1598 2581 1758 2632 tliviui
1831 2595 2033 2646 praeto-

461 2672 637 2738 gatira
687 2671 984 2722 ornandum
1021 2683 1078 2722 se
1114 2683 1177 2722 ac
1203 2671 1565 2722 corcuamlum
1600 2671 1940 2724 existimarit.
1979 2669 2033 2722 In

461 2761 719 2830 templum
792 2761 933 2812 enim
999 2759 1088 2812 Dei
1145 2759 1466 2827 irrumpere,
1538 2776 1599 2813 ac
1655 2761 1764 2815 Deo
1819 2762 2035 2816 sufﬁtus

461 2855 686 2921 ipsemet
755 2851 1008 2914 adolere,
1079 2861 1132 2904 et
1191 2867 1308 2918 qua:
1365 2852 1414 2904 in
1506 2851 1621 2922 lege
1679 2863 1834 2906 erant
1896 2870 2034 2922 pra:—

460 2945 680 3013 si-ripta,
739 2952 933 3012 pra-ter
961 2943 1127 3010 legem
1163 2943 1380 3011 exsequi
1451 2944 1665 2996 molitus
1711 2953 1813 2999 est.
1869 2945 2032 2999 Eam-

459 3051 562 3104 que
595 3037 663 3090 οι)
708 3050 926 3089 causam
984 3035 1126 3102 lepra
1176 3036 1432 3088 continuo
1480 3049 1787 3103 percussus,
1863 3036 2034 3089 ev-asit

461 3127 998 3196 contemptissimus:
1061 3127 1411 3180 exsecrabilis
1443 3127 1584 3180 enim
1645 3126 1935 3182 secundum
1965 3127 2035 3180 lc-
2060 3157 2102 3211 ρ

455 3231 700 3284 gemest,
742 3218 830 3286 qui
881 3219 1068 3270 llltll'bo
1105 3217 1262 3286 lepra:
1326 3227 1556 3272 tenetur.
1619 3217 1744 3274 Post
1790 3220 2030 3273 succedit

459 3311 513 3364 in
575 3324 794 3378 regnum
839 3309 984 3362 Ozia:
1036 3309 1153 3377 ejus
1221 3319 1415 3377 gnatus
1457 3307 1799 3374 Joathamus,
1868 3310 2030 3364 homo

459 3399 678 3469 quidem
709 3399 849 3466 pius,
885 3409 1259 3452 verumtamen
1307 3398 1516 3452 excelsa
1560 3414 1664 3452 non
1701 3399 1885 3463 diruit,
1933 3399 2026 3454 sed

458 3489 716 3544 lsraclitze
742 3489 1037 3544 e‘liamnum
1067 3489 1448 3543 sacriﬁcarunt
1495 3489 1748 3558 operibus
1805 3505 2026 3543 suarum

458 3596 732 3646 manuum,
770 3591 975 3635 montes
1001 3587 1055 3634 et
1100 3581 1266 3635 colles
1305 3583 1674 3649 occupantes,‘
1693 3581 1793 3636 sub
1817 3596 2020 3650 quercu

449 3685 508 3727 et
540 3673 752 3742 populi),
785 3683 838 3725 ct
865 3673 1057 3727 arbore
1087 3674 1360 3738 umbrosa,
1408 3674 1532 3742 quia
1565 3673 1767 3727 bonum
1801 3673 2021 3727 umbra-

447 3765 656 3828 .Culum,
688 3764 826 3817 sicut
871 3763 941 3816 ait
994 3764 1164 3818 Oseas
1213 3764 1533 3818 ’.Defuncto
1597 3775 1774 3818 autem
1809 3764 2030 3819 Joatlra—

456 3871 565 3921 mu,
597 3856 832 3924 capessit
857 3865 1126 3924 sceptrum
1158 3855 1426 3918 Aebazus,
1446 3855 1529 3909 vir
1555 3855 2029 3912 exsecratissimus

455 3964 487 4002 α
545 3949 724 4002 divina
775 3948 1033 4016 religione
1062 3947 1383 4012 abhorrens,
1413 3948 1667 4018 omnique
1701 3946 2025 4018 ﬂagitiorum

455 4057 652 4110 genere
679 4052 984 4110 coopertus.
1018 4040 1067 4094 ls
1113 4040 1368 4110 templum
1430 4041 1606 4110 ipsum
1665 4041 1754 4095 llei
1811 4041 2025 4106 clausit,

455 4132 734 4188 sacriﬁciis
757 4148 824 4186 ex
846 4131 974 4201 legis
1003 4132 1314 4202 praescripto
1350 4131 1718 4187 universitatis
1755 4133 1917 4187 Deum
1935 4147 2030 4188 co-

459 4225 568 4279 lere
600 4225 790 4287 vetuit,
819 4224 951 4280 festa
971 4224 1278 4280 Judzeorum
1311 4239 1406 4293 pro
1437 4239 1584 4278 more
1611 4223 1880 4280 celebrata
1905 4239 2029 4294 pro-

457 4318 650 4380 hibuit,
693 4318 802 4370 aris
827 4317 880 4369 in
931 4317 1076 4369 Oltllli
1125 4317 1240 4370 loco
1284 4315 1624 4371 Hierusalem
1655 4319 1880 4382 erectis,
1911 4333 2026 4373 ma-

454 4425 523 4463 nu
574 4387 794 4464 condita
819 4407 1046 4462 adorare
1105 4406 1285 4474 jussit.
1347 4417 1402 4460 et
1457 4407 1718 4462 ccclorum
1777 4411 2025 4466 militiam

2151 587 2377 658 ἀργείας
2401 589 2611 658 ἀμείνω
2639 609 2698 643 τε
2748 586 2886 644 εἶναι
2929 592 3327 658 πεπιστευκὼς,
3354 594 3447 646 καὶ
3483 594 3582 646 ούκ
3613 597 3726 647 εἰσ-

2151 679 2294 732 ἁπαν
2323 681 2638 752 ἀπειρηκὼς
2662 681 2759 753 τὴν
2787 683 2995 746 ἐλπίδα,
3022 683 3115 736 τοῦ
3152 684 3247 737 καὶ
3276 684 3386 736 ἐσθ’
3420 686 3506 737 ὅτε
3537 685 3724 742 καινὸν

2149 771 2242 822 καὶ
2279 773 2675 844 ἐξηλλαγμένον
2704 778 3026 845 προσευρεῖν
3058 793 3108 828 τι
3141 775 3418 838 δύνασθαι,
3455 775 3720 846 κατευρύ-

2147 877 2328 924 νοντος
2365 863 2500 916 Θεοῦ
2539 866 2636 935 τὴν
2671 865 2728 918 ἐν
2771 882 2836 935 γε
2880 869 2990 928 τοῖς
3027 866 3344 938 θεωρήμασι
3392 867 3594 936 τρίϐον.
3628 867 3722 918 Γέ-

2148 968 2388 1022 γραπται
2421 954 2551 1025 γὰρ,
2581 956 2660 1008 ὅτι
2693 973 2710 1007 ι
2748 957 3046 1028 Πλατεῖαὴ
3089 957 3278 1028 ἐντολή
3312 975 3404 1010 σου
3435 959 3654 1027 σφόδρα.
3696 977 3714 1007 ι

2216 1125 2556 1197 Προφητεύει
2583 1128 2760 1182 τοίνυν
2789 1129 2817 1180 6
2848 1129 3116 1201 μακάριος
3155 1131 3380 1193 Ἡσαΐας
3417 1134 3474 1184 ὲν
3510 1135 3718 1202 καιροῖς

2148 1215 2420 1285 βασιλείας
2479 1219 2739 1289 Ὀχοζίου,
2790 1223 2884 1274 καὶ
2946 1223 3198 1292 ἸωόιθαμἸ
3249 1223 3344 1276 καὶ
3390 1225 3580 1293 Ἀχαζ,
3625 1225 3718 1276 καὶ

2158 1308 2418 1374 Ἐζεκίου.
2452 1311 2563 1363 Καὶ
2599 1314 2729 1383 φέρε
2769 1313 2876 1367 τῶν
2901 1315 3128 1367 ἑκάστου
3172 1315 3376 1384 καιρῶν
3418 1315 3716 1384 διαμνημο-

2144 1399 2444 1470 νεύσωμεν,
2491 1400 2674 1454 διεϐίω
2720 1421 2778 1455 τε
2835 1405 2980 1467 ὅπως
3030 1404 3397 1476 ἐπιδρομάδην
3446 1405 3712 1474 λέγωμεν.

2143 1489 2412 1560 Εἰσόμεθα
2442 1491 2549 1561 γὰρ
2579 1493 2843 1558 ἐντεῦθεν,
2872 1497 2952 1548 ὅτι
2985 1499 3094 1558 τοῖς
3121 1496 3414 1565 δρωμένοις
3439 1495 3576 1548 κατὰ
3603 1512 3718 1548 καιη

2145 1584 2270 1651 ροὺς
2315 1582 2540 1652 πρέπων
2566 1584 2625 1636 τέ
2660 1587 2772 1637 ἐστι
2809 1587 2903 1638 καὶ
2931 1587 3329 1656 ἀρμοδιώτατος
3371 1589 3469 1659 τῆς
3509 1604 3717 1657 προφη-

2141 1674 2292 1737 τείας
2317 1676 2345 1726 6
2371 1675 2777 1744 ).6yog._l‘éyovs
2815 1677 2990 1729 τοίνυν
3021 1679 3248 1749 εὐσεϐὴς
3279 1679 3414 1750 ἀνὴρ
3451 1682 3480 1732 6
3514 1679 3714 1742 Ὀζίας,

2141 1767 2168 1817 6
2220 1767 2312 1818 καὶ
2349 1766 2612 1836 Ὀχοζίας,
2664 1768 2970 1838 προϐέϐηκε
3015 1769 3079 1840 δὴ
3124 1770 3258 1840 ὁμοῦ
3311 1771 3468 1840 δόξης
3512 1788 3570 1823 τε
3623 1772 3716 1824 καὶ

2144 1853 2321 1922 ἰσχύος
2361 1856 2440 1916 εἰς
2477 1855 2653 1916 τοῦτο,
2691 1855 2764 1917 ὡς
2810 1858 3221 1928 κατακρατῆσαι
3265 1856 3371 1907 τῶν
3402 1857 3569 1908 ὲθνῶν
3607 1856 3715 1908 τῶν

2138 1943 2521 2012 προσηκόντων
2567 1945 2664 2015 τὴν
2706 1945 2979 2007 Ἰουδαίαν,
3039 1946 3131 1998 καὶ
3186 1945 3291 2016 μὴν
3337 1944 3430 1998 καὶ
3477 1945 3715 2014 δασμοὺς

2137 2031 2403 2085 ἐπιθεῖναι
2425 2032 2660 2097 πολλοῖς,
2685 2034 2777 2086 καὶ
2801 2037 3095 2104 σκήπτροις
3123 2034 3269 2097 ἰδίοις
3291 2034 3366 2096 ὡς
3387 2033 3444 2098 ἐξ
3469 2034 3715 2104 ἀνάγκης

2137 2123 2478 2192 ὑπενεγκεῖν,
2516 2126 2907 2196 ἀναδείμασθαί
2937 2144 2993 2179 τε
3024 2127 3227 2191 πόλεις,
3264 2128 3356 2179 καὶ
3389 2126 3712 2197 προσλαϐεῖν

2135 2214 2348 2284 ἐτέρας,
2378 2216 2470 2268 καὶ
2519 2216 2749 2284 συνάψαι
2782 2220 2896 2280 τοῖς
2939 2217 3107 2288 ὁρίοις
3149 2219 3246 2287 τῆς
3290 2217 3553 2272 Ἰουδαίων
3586 2219 3708 2288 γῆς.

2135 2301 2269 2360 Εἶτᾶ
2292 2323 2343 2359 τι
2379 2305 2614 2360 πέπονθε
2642 2308 2749 2359 τῶν
2777 2308 3149 2378 ἀνθρωπίνων.
3206 2309 3337 2362 Ἀπὸ
3369 2311 3477 2380 γάρ
3512 2328 3591 2363 τοι
3609 2310 3711 2380 τῆς

2135 2398 2272 2467 ἄγαν
2306 2397 2534 2469 τρυφῆς,
2571 2398 2662 2450 καὶ
2702 2401 2765 2469 τῇ
2807 2400 2904 2470 τῆς
2931 2400 3178 2462 εὐκλείας
3223 2401 3462 2470 ὑπεροχῇ
3499 2418 3712 2470 νενικη-

2138 2489 2317 2559 μένος,
2347 2490 2547 2561 τρόπον
2589 2489 2710 2544 τινα
2750 2492 3090 2561 πεφρόνηκεν
3137 2491 3336 2564 ὑψηλὰ,
3377 2494 3471 2546 καὶ
3509 2495 3573 2563 τῇ
3612 2492 3710 2560 τῆς

2135 2579 2436 2649 ὑπεροψίας
2475 2582 2613 2652 νόσῳ
2652 2583 3081 2652 κεκρατημένος,
3114 2583 3207 2636 καὶ
3237 2581 3398 2636 αὑτοῦ
3428 2583 3521 2634 τοῦ
3564 2581 3708 2634 θείου

2136 2670 2500 2740 κατεξανέστη
2557 2673 2743 2742 νόμου.
2797 2675 2962 2745 ’ῼὴθη
3010 2674 3118 2744 γὰρ
3166 2675 3274 2726 δεῖν
3328 2676 3418 2727 καὶ
3449 2678 3561 2736 τοῖς
3609 2676 3707 2745 τῆς

2136 2759 2284 2822 θείας
2319 2761 2614 2831 ἱερωσύνης
2645 2765 2950 2834 αὐχήμασιν
3002 2765 3191 2818 ἑαυτὸν
3234 2765 3549 2834 στεφανοῦν.
3589 2767 3710 2818 Ἐπ-

2134 2850 2386 2920 εχείρησε
2425 2851 2532 2921 γὰρ
2565 2854 2643 2916 εἰς
2675 2854 2765 2906 τὸν
2805 2856 2943 2907 θεῖον
2977 2858 3245 2910 εἰσελάσαι
3275 2859 3415 2920 ναὸν,
3457 2860 3615 2922 αὐτὸς
3651 2859 3707 2911 δὲ

2134 2942 2199 2994 δι’
2228 2943 2422 2996 ἑαυτοῦ
2464 2943 2662 3015 θυμιᾷν
2705 2944 2784 3015 τῷ
2817 2945 2933 3015 Θεῷ
2968 2946 3060 2998 καὶ
3092 2947 3330 3017 πληροῦν
3369 2951 3609 3020 ἐκνόμως
3641 2951 3709 3003 τὰ

2134 3033 2512 3104 νενομισμένα.
2555 3035 2772 3104 Ταύτης
2813 3037 2976 3089 ἕνεκα
3015 3037 3111 3106 τῆς
3155 3037 3334 3101 αἰτίας
3372 3037 3710 3109 λελέπρωται

2135 3125 2500 3196 παραχρῆμα,
2532 3125 2625 3179 καὶ
2668 3121 2737 3196 ἦν
2785 3126 3143 3196 ἀτιμότατος’
3181 3127 3375 3198 μιαρὸς
3413 3130 3520 3198 γὰρ
3569 3131 3710 3182 κατὰ

2135 3217 2296 3288 νόμον
2330 3221 2356 3270 6
2398 3218 2473 3288 τῷ
2518 3218 2617 3286 τῆς
2666 3219 2873 3289 λέπρας
2914 3219 3075 3272 πάθει
3127 3221 3537 3289 κατισχυμένος.
3576 3217 3709 3273 Εἶτα

2129 3308 2426 3378 διαδέχεται
2455 3309 2552 3378 τὴν
2581 3308 2672 3361 τοῦ
2709 3309 2882 3372 Ὀζίου
2911 3309 3184 3378 βασιλείαν
3215 3314 3241 3364 ὁ
3286 3312 3345 3375 ἐξ
3406 3311 3572 3364 αὑτοῦ
3615 3330 3709 3380 γε⁴

2129 3399 2300 3467 γονὼς
2345 3398 2858 3470 ’1ωάθαμ,φιλόθεος
2907 3402 3004 3471 μὲν
3031 3402 3188 3472 ἀνὴρ,
3219 3401 3356 3473 πλὴν
3386 3404 3484 3456 οὑκ
3524 3404 3706 3473 ἐξῇρε,

2131 3491 2283 3560 φησὶ,
2315 3491 2382 3541 τὰ
2416 3490 2614 3558 ὑψηλὰ,
2651 3490 2764 3542 ἀλλ’
2794 3490 2948 3544 ἔθυον
2972 3491 3050 3543 ἔτι
3078 3496 3187 3556 τοῖς
3217 3492 3396 3562 ἔργοις
3419 3493 3524 3546 τῶν
3566 3495 3708 3548 ἰδίων

2129 3582 2325 3651 χειρῶν
2353 3584 2402 3634 οἰ
2434 3581 2492 3645 ἐξ
2533 3581 2765 3653 Ἰσραὴλ,
2795 3583 2895 3654 ὅρη
2940 3601 2998 3637 τε
3031 3585 3125 3638 καὶ
3168 3585 3388 3655 βουνοὺς
3425 3588 3705 3659 καταλαμ-

2132 3669 2404 3735 ϐάνοντες,
2449 3671 2706 3724 ὑποκάτω
2748 3672 2927 3744 δρυὸς,
2975 3675 3067 3728 καὶ
3109 3674 3328 3747 λεύκης,
3361 3677 3453 3728 καὶ
3489 3677 3705 3748 δένδρου

2131 3759 2464 3825 σκιάζοντος,
2515 3762 2658 3816 καθά
2707 3782 2871 3833 φησιν
2918 3765 3110 3834 Ὠσηὲ,
3157 3767 3238 3819 ὅτι
3290 3767 3453 3820 καλὸν
3503 3769 3701 3839 σκέπη.

2129 3853 2558 3923 Τελευτήσαντος
2585 3853 2640 3906 δὲ
2685 3854 2920 3925 Ἰωάθαμ
2949 3856 3250 3926 διαδέχεται
3284 3857 3341 3910 τὸ
3371 3858 3649 3928 σκῆπτρον
3677 3860 3706 3910 6

2134 3944 2311 4015 ’Ἄχας
2339 3943 2479 4015 ἀνὴρ
2513 3943 2926 4015 βδελυρώτατος,
2956 3949 3048 4000 καὶ
3069 3947 3345 4018 θεομισὴς,
3383 3951 3476 4002 xui.
3497 3949 3594 4017 τῆς
3624 3951 3704 4013 εἰς

2129 4035 2296 4105 ἄκρον
2335 4033 2669 4104 φαυλότητος
2704 4035 2938 4106 ἡκούσης
2978 4035 3245 4106 ἔμπλεως.
3279 4030 3445 4100 Οὗτος
3489 4037 3581 4089 καὶ
3611 4037 3707 4089 αὑ-

2129 4128 2218 4180 τὸν
2249 4127 2340 4182 τὸν
2365 4127 2511 4180 θεῖον
2559 4127 2766 4180 ἔκλεισε
2798 4127 2942 4192 ναὸν,
2972 4128 3066 4181 καὶ
3099 4131 3219 4192 ταῖς
3256 4129 3395 4184 κατὰ
3430 4129 3592 4199 νόμον
3614 4129 3706 4182 θυ-

2131 4220 2274 4284 σίαις
2298 4221 2400 4273 οὐκ
2429 4219 2576 4290 ἠφίει
2618 4219 3110 4290 καταγεραίρεσθαι
3139 4217 3230 4272 τὸν
3253 4221 3358 4273 τῶν
3384 4221 3518 4273 ὅλων
3550 4220 3703 4286 Θεὸν,

2128 4310 2407 4366 κεκώλυκε
2438 4310 2493 4364 δὲ
2530 4311 2623 4364 καὶ
2649 4310 2746 4373 τὰς
2777 4310 2837 4374 ἐξ
2865 4310 3017 4373 ἔθους
3048 4310 3154 4364 τῶν
3193 4310 3462 4364 Ἰουδαίων
3490 4311 3701 4382 ἑορτὰς,

2128 4403 2224 4457 καὶ
2254 4405 2313 4457 ὲν
2345 4402 2508 4456 παντὶ
2534 4401 2682 4472 τόπῳ
2703 4401 2802 4470 τῆς
2843 4400 3195 4472 Ἰερουσαλὴμ
3228 4400 3443 4471 βωμοὺς
3465 4401 3700 4472 ἀναστή-

438 4494 701 4558 ’νειιει-ειτί
742 4518 755 4555 :
794 4501 920 4568 quin
949 4509 1002 4552 et
1021 4498 1229 4553 liberos
1250 4512 1377 4551 suos
1396 4512 1497 4567 per
1525 4500 1700 4568 ignem
1763 4503 2020 4565 traduxit,

2136 4513 2227 4559 σας
2250 4497 2574 4567 προσκυνεῖν
2595 4493 2812 4546 ἐκέλευε
2835 4492 2902 4544 τὰ
2927 4493 3281 4564 χειρόκμητα,
3313 4494 3405 4546 καὶ
3426 4493 3705 4564 λατρεύειν

454 4597 504 4651 id
553 4605 656 4660 est,
691 4592 1018 4648 crcmavitin
1053 4589 1377 4644 sacriﬁcium
1411 4589 1635 4658 impuris
1659 4589 2020 4656 daemonibus,

454 4701 633 4760 atque.
669 4696 724 4740 ut
769 4684 1082 4740 summatim
1113 4693 1169 4736 et
1201 4681 1368 4736 setnel
1411 4682 1615 4745 dicam,
1651 4681 1703 4734 in
1745 4682 1890 4735 omni
1922 4682 2023 4734 iiu—

445 4767 672 4852 pietatis
700 4792 897 4847 acuere
953 4775 1223 4830 volutatus
1299 4784 1402 4828 est.
1475 4773 1674 4826 Deinde
1725 4773 2020 4826 secundent

454 4879 597 4930 hunc
620 4871 864 4937 regnarit
929 4866 1208 4929 Ezechias,
1295 4864 1376 4916 vir
1426 4864 1546 4932 pius
1610 4874 1665 4916 et
1717 4863 2019 4927 religiosus,

452 4965 589 5034 sequi
607 4973 660 5018 ct
675 4961 796 5015 lieni
813 4955 1330 5020 administer,onmis
1356 4955 1477 5008 boni
1497 4963 1752 5017 sectator,
1767 4961 1818 5006 et
1837 4951 2028 5005 divina:

453 5055 749 5110 mluntatis
765 5052 1006 5105 eﬁcctor.
1026 5049 1072 5102 ls
1092 5048 1271 5102 omnia
1299 5047 1571 5101 mantlarit
1605 5045 1718 5098 ﬁeri
1742 5054 1796 5098 et
1827 5043 2025 5106 valere,

455 5162 784 5217 quaecunque
809 5143 1021 5198 fuerant
1040 5141 1237 5195 Aclrazi
1260 5137 1792 5210 praevaricationibus
1813 5146 2032 5190 contra-

458 5243 556 5303 ria,
578 5247 634 5290 ut
661 5237 749 5302 qui
772 5232 951 5302 templi
985 5232 1126 5284 fores
1158 5229 1520 5297 aperuit,tleiu
1539 5226 1804 5280 sacriﬁcia
1821 5236 1874 5279 et
1897 5224 2028 5278 libr:-

457 5331 630 5382 tiones
677 5325 954 5380 constituit
994 5321 1104 5374 Deo
1131 5317 1455 5380 oﬁerendas,
1488 5327 1545 5370 ut
1568 5318 1823 5386 legalibus
1853 5315 2019 5368 mini-

457 5417 637 5472 steriis
664 5416 1015 5469 horroraretur
1038 5425 1051 5463 :
1075 5411 1236 5465 etiam
1257 5408 1471 5463 Paselta:
1493 5407 1686 5476 legem,
1709 5405 1866 5474 longe
1892 5414 2025 5456 lem-

457 5523 588 5578 purc
633 5506 1014 5569 intermissam,
1050 5499 1636 5557 revocandamcurarit
1667 5508 1718 5551 et
1759 5511 2026 5550 renovan-

457 5604 583 5654 dam
608 5611 760 5650 :aras
785 5605 834 5646 cl
853 5610 1009 5647 Ittatttt
1037 5594 1249 5648 condita
1274 5591 1469 5646 excidit
1492 5588 1756 5644 :lrariolos
1780 5595 1832 5643 et
1864 5585 2026 5642 falsos

531 5813 544 5840 ¹
575 5806 725 5862 l'sal.
755 5818 941 5867 estut,
976 5801 1060 5856 DC.
1141 5803 1158 5830 ²
1198 5799 1328 5854 Οδιιε
1389 5814 1458 5863 ιν,
1499 5798 1577 5850 15.

2128 4585 2224 4656 τὴν
2250 4583 2510 4655 στρατιὰν
2535 4584 2626 4636 τοῦ
2658 4582 2888 4653 ούρανοῦ
2912 4599 2925 4612 ·
2955 4582 3049 4635 καὶ
3076 4583 3181 4653 μὴν
3207 4582 3301 4636 καὶ
3327 4581 3394 4634 τὰ
3413 4582 3518 4634 ῖδια
3541 4581 3706 4636 τέκνα

2127 4677 2386 4746 διήγαγεν
2430 4677 2486 4728 ὲν
2518 4675 2669 4745 πυρὶ,
2703 4675 2967 4738 τουτέστι,
3014 4674 3352 4728 κατέκαυσεν
3389 4675 3468 4737 εἰς
3516 4675 3706 4728 Θυσίαν

2129 4768 2242 4829 τοῖς
2295 4765 2629 4839 ἀκαθάρτοις
2686 4766 2926 4834 δαίμοσι,
2973 4766 3067 4818 καὶ
3122 4765 3458 4830 ἁπαξαπλῶς
3509 4769 3702 4831 εἰπεῖν,

2129 4857 2328 4926 τρόπος
2372 4856 2519 4926 αὑτῷ
2565 4857 2882 4919 δυσσεϐείας
2928 4857 3345 4925 ἀνεπιτήδευτος
3390 4852 3458 4929 ἦν
3511 4857 3702 4919 οὐδείς.

2134 4945 2265 5000 Εἶτα
2305 4947 2441 5017 μετὰ
2466 4946 2654 5000 τοῦτον
2696 4947 3079 5017 βεϐασίλευκεν
3121 4948 3362 5017 Ἐζεκίας
3397 4949 3533 5018 ἀνὴρ
3563 4949 3708 4999 εὐσε-

2135 5040 2234 5108 ϐὴς
2263 5039 2354 5092 καὶ
2379 5038 2644 5106 φιλόθεος,
2675 5040 2767 5092 καὶ
2782 5039 3124 5109 δικαιοσύνης
3150 5039 3428 5108 πρύτανις,
3456 5039 3547 5091 καὶ
3581 5056 3709 5091 παν-

2131 5131 2224 5192 τὸς
2274 5131 2478 5198 ἀγαθοῦ
2533 5131 2807 5201 ζηλωτὴς,
2871 5133 2966 5183 καὶ
3024 5131 3131 5182 τῶν
3187 5131 3342 5184 θείων
3390 5130 3707 5200 θελημὰτων

2135 5224 2390 5294 ἐργάτης.
2423 5220 2588 5286 Οὗτος
2609 5225 2701 5276 τοῦ
2731 5226 2904 5294 Ἀχαζ
2933 5226 3385 5295 παρανομήμασιν
3414 5225 3519 5278 πᾶν
3547 5225 3709 5294 πράτ·

2132 5314 2318 5367 τεσθαί
2352 5331 2408 5366 τε
2438 5314 2530 5367 καὶ
2574 5315 2775 5384 ἰσχύειν
2811 5316 3058 5368 ἐκέλευεν
3079 5333 3091 5345 ⁸
3121 5316 3289 5385 ἀνῆκε
3338 5315 3438 5384 μὲν
3477 5315 3583 5386 γὰρ
3611 5315 3709 5378 τὰς

2129 5405 2221 5458 τοῦ
2255 5404 2382 5458 ναοῦ
2429 5404 2616 5476 θύρας,
2657 5403 2772 5458 εἶτα
2803 5406 3013 5472 θυσίας,
3047 5406 3138 5459 καί
3183 5404 3411 5467 σπονδὰς
3457 5405 3707 5458 διετύπον

2132 5495 2504 5569 προσάγεσθαι
2545 5497 2622 5566 τῷ
2666 5495 2806 5565 θεῷ,
2841 5497 2930 5549 καὶ
2963 5502 3079 5559 ταῖς
3119 5495 3258 5549 κατὰ
3287 5494 3449 5564 νόμον
3495 5497 3708 5565 ἱερουρ-

2139 5587 2279 5661 γίαις
2311 5587 2694 5658 γεραίρεσθαν
2726 5589 2816 5640 καὶ
2853 5589 2957 5658 μὴν
2988 5590 3079 5641 καὶ
3104 5587 3225 5656 δίχα
3248 5587 3450 5656 χρόνων
3485 5585 3711 5657 μακρῶν
