4132 6316
392 371 461 426 13
1561 364 1625 419 IN
1666 362 1900 419 ISAIAM
1943 360 1970 416 I.

2107 362 2148 417 1.
2191 361 2396 418 ORAT.
2442 362 2483 417 Ι.
3588 364 3650 421 Η

391 488 482 540 τὸν
513 486 606 540 ἐπ’.
642 486 719 556 τῷ
745 484 938 554 Πάσχα
971 483 1132 554 νόμον
1183 480 1587 535 ἀνανεωσασθαι
1616 483 1827 553 ὁρᾶται.
1860 482 1970 534 Κα-

2075 489 2252 546 vates,
2282 490 2335 536 et
2355 489 2882 537 mcantameutorum
2912 480 3124 536 turbam
3149 481 3414 552 quasique
3443 499 3632 552 greges

392 579 534 632 θεῖλε
562 579 779 647 τεμένη,
810 577 904 630 καὶ
932 575 1170 645 βωμοὺς,
1207 574 1300 626 καὶ
1325 573 1688 643 χειρόκμητα,
1717 571 1965 640 γνιὶστας

390 686 449 722 τε
487 669 577 723 καὶ
627 668 1037 738 ψευδομάντεις,
1080 671 1172 719 καὶ
1218 664 1316 727 τὰς
1363 664 1470 716 τῶν
1508 663 1729 729 ἐπῳδῶν
1774 663 1973 732 ἀγέλας

393 760 616 831 ἠρεμεῖν
641 758 916 822 ἐκέλευσε,
950 758 1043 810 καὶ
1070 751 1140 827 ἦν
1180 753 1317 826 ἀνὴρ
1356 753 1557 822 ἀγαθὸς
1589 754 1647 807 ἐν
1679 753 1973 823 ὀφθαλμοῖς

389 851 483 902 τοῦ
506 849 661 904 Θεοῦ.
686 848 892 903 Οὐκοῦν
917 847 1211 918 ἐπειδήπερ
1241 848 1298 898 ὲν
1326 846 1537 915 καιροῖς
1563 844 1837 914 βασιλείας
1865 843 1972 897 τῶν

388 942 592 1013 ἀρτίως
633 942 764 1012 ἡμῖν
825 940 1163 1011 εἰρημένων,
1212 938 1341 991 ποτὲ
1389 937 1488 1008 μὲν
1536 937 1771 1002 ὠξύνετο
1836 937 1971 1006 πρὸς

389 1032 558 1103 ὀργὰς
579 1031 607 1082 6
628 1031 736 1085 τῶν
761 1030 895 1084 ὅλων
919 1030 1070 1094 Θεὸς,
1093 1028 1603 1100 είδωλολατροῦντος
1617 1027 1712 1081 τοῦ
1733 1027 1966 1098 Ἰσραήλ·

391 1122 519 1175 ποτὲ
553 1123 608 1175 δὲ
638 1122 731 1175 καὶ
767 1122 1109 1192 ἐμαλάσσετο
1152 1119 1285 1191 πρὸς
1310 1118 1370 1172 τὸ
1395 1119 1621 1189 ἥμερον,
1660 1117 1968 1187 μεταπλατ-

388 1215 617 1284 τομένου
643 1215 777 1286 πρὸς
802 1213 1079 1266 εὐσέϐειαν
1104 1212 1191 1265 διὰ
1217 1211 1313 1282 τῆς
1332 1210 1426 1263 τοῦ
1451 1209 1774 1277 κρατοῦντος
1798 1212 1969 1262 ὲπιει-

388 1307 541 1370 κείας
561 1322 575 1335 ⁸
604 1305 776 1377 ταύτῃ
813 1322 894 1357 τοι
939 1304 1202 1375 μέμικται
1233 1302 1332 1372 τῆς
1355 1301 1685 1372 προφητείας
1722 1303 1749 1353 6
1786 1299 1962 1367 λόγος,

388 1400 481 1451 καὶ
505 1397 764 1468 πλείστην
800 1396 898 1466 μὲν
922 1396 1054 1464 ὅσην
1076 1394 1187 1446 ἔσθ’
1220 1394 1308 1446 ὅτε
1331 1394 1559 1444 ποιεῖται
1585 1391 1683 1461 τὴν
1710 1391 1964 1461 ἀπειλὴν,
2002 1412 2010 1431 ι

387 1487 461 1549 ὡς
505 1485 895 1547 δυσσεϐοῦντος
944 1482 1039 1536 τοῦ
1087 1482 1319 1553 Ἰσραήλ,
1371 1480 1713 1550 ὑποσχέσεως
1759 1480 1815 1536 δὲ
1868 1484 1968 1552 τῆς

388 1579 476 1632 ἐπ’
507 1578 731 1646 ἀγαθοῖς
773 1574 1073 1645 εἰσκομίζει
1112 1573 1286 1641 λόγον.
1328 1571 1706 1642 Διαμέμνηται
1733 1571 1789 1623 δὲ
1831 1588 1966 1624 παν-

387 1670 557 1740 ταχοῦ
605 1673 703 1741 τῆς
748 1668 834 1722 διὰ
868 1667 958 1720 τοῦ
1003 1665 1238 1736 Χριστοῦ
1288 1663 1628 1735 λυτριῦσεως,
1687 1663 1781 1717 καὶ
1804 1664 1965 1734 φησὶν

388 1761 470 1813 ὅτι
496 1761 636 1814 κατὰ
662 1759 882 1833 καιροὺς
916 1758 1011 1829 μὲν
1043 1757 1194 1810 ἔσται
1224 1755 1323 1824 τῆς
1366 1755 1502 1824 πρὸς
1542 1753 1675 1807 Θεὸν
1698 1754 1961 1822 οἰκειότη-

2072 570 2296 627 sustulit
2327 580 2417 626 :ct
2438 570 2520 624 vir
2543 570 2722 626 bonus
2749 581 2870 626 erat
2902 571 2955 625 in
2984 581 3271 640 conspectu
3305 570 3420 625 Dei.
3450 571 3638 640 Itaque

2077 676 2204 715 cum
2242 662 2620 716 univcrsitatis
2644 662 2809 727 Dens,
2851 663 3188 732 temporibus
3233 662 3451 727 horum,
3494 677 3634 731 quos

2074 754 2470 826 jzm‘diximus.
2492 770 2637 810 nunc
2656 754 2721 809 ad
2752 754 2886 809 iram
2907 764 3285 817 exacueretur,
3304 754 3505 809 Israele
3525 756 3643 809 illo.

2077 845 2308 901 Iolatrite
2339 846 2517 901 dedito
2550 865 2563 902 :
2594 863 2758 913 nunc,
2789 863 2853 903 eo
2904 862 3167 903 converso
3215 846 3284 902 ad
3337 846 3650 916 religionem

2070 947 2293 1008 propter
2331 940 2586 994 virtutem
2629 949 2683 995 et
2728 940 3050 1010 probitatem
3101 941 3382 1010 principis,
3423 939 3489 993 ad
3540 937 3656 1005 pla-

2071 1030 2406 1083 cabilitatem
2458 1030 2871 1086 emollesccret:
2908 1033 3033 1086 biuc
3091 1032 3267 1086 oratio
3310 1030 3470 1098 hujus
3525 1043 3652 1097 pro-

2070 1119 2265 1188 phetia:
2297 1121 2457 1173 mista
2489 1127 2651 1189 est,et
2667 1120 2810 1174 velut
2842 1122 3038 1176 Israeie
3062 1123 3227 1192 impie
3243 1131 3457 1190 agente.
3477 1121 3652 1173 minas

2069 1212 2335 1267 interdum
2387 1228 2579 1283 graves
2610 1213 2870 1267 intendit:
2919 1214 3057 1271 alias
3077 1223 3251 1269 autem
3285 1214 3656 1284 promissionis

2069 1302 2327 1358 bonorum
2350 1304 2673 1359 mentionem
2700 1306 2830 1360 facit
2857 1324 2871 1361 :
2898 1306 3097 1375 ubique
3120 1321 3247 1361 vero
3266 1306 3656 1375 redemptionis

2066 1409 2164 1464 per
2210 1395 2482 1450 Christum
2513 1399 2838 1453 mentionem
2872 1399 3065 1467 injicit,
3092 1400 3276 1467 aitque
3316 1400 3655 1465 subsequen-

2072 1488 2215 1541 tibus
2231 1489 2560 1557 temporibus
2583 1504 2610 1542 a
2634 1492 2895 1545 societate
2911 1490 3330 1545 etcoutuhemio
3353 1489 3445 1543 Dei
3475 1498 3656 1542 exter-

2070 1578 2381 1634 minandum
2444 1581 2719 1645 lsraelem,
2796 1597 3172 1637 successuram
3235 1597 3362 1636 vero
3410 1580 3650 1650 gentium

2069 1671 2489 1736 multitudinem,
2534 1688 2629 1742 per
2666 1675 2827 1728 litlem
2895 1675 2945 1727 in
3008 1674 3223 1729 Christo
3282 1672 3654 1742 iustiﬁcatam.

2071 1759 2254 1826 Quare
2303 1763 2435 1816 mihi
2468 1765 2680 1819 videtur
2701 1765 2892 1820 beatus
2922 1766 3179 1835 pmpheta
3211 1765 3376 1819 Isaias
3413 1779 3516 1816 non
3539 1760 3652 1815 sola

389 1869 481 1914 τος
526 1852 883 1922 ἀπόπεμπτος
926 1853 954 1903 ὁ
1005 1848 1238 1922 Ἰσραὴλ,
1293 1846 1700 1918 είσδεχθήσεται
1753 1848 1808 1899 δὲ
1859 1846 1968 1901 τῶν

2077 1854 2372 1921 prophetiae
2401 1858 2575 1923 gratia
2606 1857 2897 1924 plurimum
2924 1833 3253 1920 exornatus,
3291 1854 3383 1910 scd
3418 1864 3475 1907 et
3496 1854 3657 1906 deco-

388 1944 555 1998 ἑθνῶν
584 1947 615 2015 ή
650 1943 857 2013 πληθὺς
888 1942 1242 2013 δικαιουμένη
1269 1940 1355 1994 διὰ
1388 1940 1489 2010 τῆς
1523 1940 1757 2005 πίστεως
1780 1940 1877 2010 τῆς
1910 1941 1969 1995 ἐν

386 2035 627 2106 Χριστῷ.
660 2036 822 2087 Ὥστε
852 2052 941 2103 μοι
979 2033 1126 2086 δοκεῖ
1152 2031 1451 2100 στεφανοῦν
1478 2025 1534 2086 εὖ
1569 2032 1716 2102 μάλα
1740 2031 1831 2083 τὸν
1866 2048 1969 2100 μα-

387 2129 577 2199 κάριον
610 2128 895 2198 προφήτην
943 2127 1190 2190 Ἡσαΐαν,
1239 2125 1360 2195 οὐχὶ
1392 2128 1457 2195 τῇ
1495 2124 1593 2195 τῆς
1631 2124 1971 2195 προφητείας

387 2221 567 2292 χάριτι
600 2221 759 2291 μόνῃ,
790 2217 925 2272 ἀλλὰ
960 2217 1069 2287 γὰρ
1104 2217 1197 2269 καὶ
1230 2220 1339 2280 τοῖς
1380 2216 1756 2278 ἀποπολικοίς
1797 2216 1968 2286 αὐχή-

2075 1941 2229 1996 ribus
2255 1945 2507 2013 apostoli.
2525 1945 2620 1999 Est
2647 1947 2791 2000 enim
2822 1947 2909 2001 hic
2930 1946 3188 2016 propheta
3218 1945 3378 1999 simul
3406 1953 3461 2001 et
3525 1957 3656 2011 apo-

2076 2033 2294 2089 stolus:
2350 2047 2406 2090 et
2458 2034 2642 2091 iubae
2702 2038 2995 2106 scriptione
3016 2053 3112 2094 sua
3181 2037 3394 2091 habebit
3450 2048 3657 2090 sermo-

2077 2138 2172 2179 ucs
2224 2124 2549 2195 evangelica
2596 2128 2993 2195 praedicationis
3057 2129 3348 2199 splendore
3407 2140 3512 2179 non
3562 2138 3655 2179 ca-

2078 2227 2283 2272 rentes.

390 2326 573 2379 μασιν.
622 2310 708 2362 Ἐν
745 2307 927 2378 ταὺτῷ
967 2307 1073 2379 γὰρ
1113 2307 1259 2360 ἐστιν
1289 2308 1575 2378 προφήτης
1611 2322 1670 2359 τε
1740 2307 1879 2374 ἅμα,
1911 2306 2005 2360 καὶ
2041 2305 2373 2374 ιὰπόστολος,
2426 2311 2524 2363 καὶ
2567 2312 2669 2380 τῆς
2714 2311 2823 2365 τῶν
2869 2312 3242 2381 εὐαγγελικῶν
3282 2309 3653 2381 κηρυγμάτων

388 2406 740 2479 φαιδρότητες
773 2406 873 2459 οὐκ
911 2404 1284 2476 ήμοιρηκότας
1304 2404 1431 2467 τοὺς
1488 2402 1590 2473 τῆς
1632 2399 1827 2455 ἑαυτοῦ
1874 2402 2195 2475 συγγραφῆς
2224 2404 2505 2475 ποιήσεται
2537 2404 2742 2474 λόγους.

1014 2497 1231 2550 ΛΟΓΟΣ
1269 2499 1350 2550 A'.

464 2588 710 2655 Ὅρασις
745 2585 827 2654 ἣν
854 2583 1016 2641 εἶδεν
1058 2587 1308 2652 Ἡσαΐας
1336 2585 1467 2651 υἱός
1502 2585 1708 2655 Ἀμώς,
1752 2584 1831 2653 ἢν
1850 2581 1972 2639 εἶδε

390 2679 542 2732 κατὰ
585 2676 695 2746 τῆς
754 2676 1074 2742 Ἰουδαίας,
1124 2675 1223 2729 καὶ
1282 2676 1434 2730 κατὰ
1474 2676 1855 2745 Ἰερουσαλὴμ
1900 2676 1970 2729 ἐν

388 2770 678 2836 βασιλείᾳ
740 2769 952 2831 Ὀζίου,
1004 2769 1101 2823 καὶ
1160 2767 1425 2838 Ἰωάθαμ,
1476 2768 1574 2822 καὶ
1612 2767 1810 2838 ’Δχαζζ
1870 2768 1970 2822 και

403 2862 661 2924 Ἐζεκίου
701 2860 758 2914 οἳ
789 2862 1196 2915 ἐϐασίλευσαν
1221 2860 1331 2930 τῆς
1366 2861 1676 2927 Ἰουδαίας.

465 2954 580 3006 Οὐκ
607 2953 673 3005 ἂν
719 2948 871 3023 οἶμαι
912 2950 1253 3020 διαψεύσαιτό
1290 2968 1374 3014 τις
1411 2952 1586 3004 ἐκεῖνο
1625 2948 1795 3004 εἰπὼν
1843 2948 1972 3020 περὶ

392 3046 503 3098 τῶν
554 3043 722 3111 ἁγίων
781 3042 1095 3114 προφητῶν,
1146 3042 1221 3102 ὡς
1268 3042 1330 3095 οὺ
1363 3042 1530 3112 μόνην
1576 3040 1819 3112 ἐδέχοντο
1863 3039 1970 3093 τῶν

2691 2497 2948 2555 ORATIO
2984 2498 3020 2553 Ι.

2144 2588 2273 2645 Cu.
2306 2589 2344 2657 Ι,
2377 2606 2507 2647 vltis
2537 2593 2587 2647 1.
2634 2592 2798 2659 Vitia,
2857 2611 3012 2664 quam
3075 2595 3203 2649 uidit
3281 2594 3457 2651 Isaias
3510 2598 3655 2666 ﬁlius

2073 2677 2254 2745 Amos,
2280 2696 2438 2749 quant
2469 2682 2594 2736 cidit
2616 2696 2798 2736 contra
2823 2684 3090 2748 Indicam,
3145 2693 3194 2737 et
3220 2697 3402 2739 contra
3453 2686 3654 2743 Hieru-

2077 2764 2263 2831 salem,
2298 2768 2352 2822 in
2381 2784 2534 2836 regno
2568 2768 2717 2825 Otia:
2740 2780 2788 2825 et
2838 2771 3109 2838 Joallmm,
3144 2784 3190 2827 et
3224 2774 3421 2844 Achaz,
3445 2788 3491 2832 et
3521 2778 3656 2835 Esc-

2078 2857 2233 2921 clu'ae,
2285 2859 2374 2928 qui
2415 2871 2697 2930 regnarunt
2721 2865 2775 2915 in
2815 2861 3031 2918 ludam.

2153 2946 2209 3002 Si
2285 2950 2409 3020 quis
2455 2951 2617 3017 dicat,
2678 2964 2896 3008 sanctos
2968 2957 3256 3027 prophetas
3314 2976 3420 3017 non
3482 2965 3652 3019 solam

2081 3053 2261 3092 rerum
2326 3040 2627 3095 futurarum
2694 3044 3056 3113 cognitionem
3112 3052 3407 3120 accepisse,
3461 3056 3652 3123 praelu-

393 3136 664 3208 ἐσομένων
699 3134 799 3206 τὴν
832 3135 1058 3202 γνῶσιν,
1095 3132 1647 3206 καταλαμπρύνοντος
1688 3133 1750 3186 τὸ
1784 3133 1970 3204 χρῆμα

2076 3137 2233 3182 cente
2297 3126 2401 3181 hoc
2453 3129 2579 3192 illis,
2632 3138 2689 3183 et
2744 3132 2796 3183 in
2887 3131 3097 3187 animos
3154 3122 3475 3192 insonantei
3522 3156 3649 3194 sau-

391 3232 571 3292 αὐτοῖς
589 3228 681 3282 τοῦ
703 3229 860 3297 ἁγίου
886 3226 1221 3297 Πνεῦματος,
1254 3225 1348 3279 καὶ
1377 3225 1696 3296 ἐνηχοῦντος
1724 3227 1802 3288 είς
1822 3223 1969 3289 νοῦν,

392 3322 525 3375 ἀλλὰ
560 3322 666 3394 γὰρ
706 3321 801 3373 καὶ
822 3317 1004 3373 αὐτῶν
1034 3317 1143 3370 ἔσθ’
1173 3319 1262 3370 ὅτε
1290 3317 1397 3371 τῶν
1425 3319 1765 3389 πραγμάτων
1796 3315 1971 3371 εἰπὼν

390 3415 470 3466 ὅτι
498 3412 736 3481 ἐγίνοντο
762 3410 976 3482 θεωροί.
1009 3411 1192 3463 Ἔοικε
1220 3408 1397 3463 τοίνυν
1418 3412 1446 3463 6
1476 3412 1744 3482 μακάριος
1770 3412 1973 3484 προφή-

393 3521 490 3576 της
521 3504 747 3566 Ἡσαΐας
775 3505 886 3565 τοῖς
917 3501 1017 3571 τῆς
1045 3500 1280 3565 διανοίας
1318 3501 1530 3570 ὄμμασι
1573 3502 1641 3554 τὰ
1679 3501 1819 3555 κατὰ
1850 3518 1972 3555 και-

396 3600 521 3666 ροῦς
552 3597 783 3667 ἐσόμενα
829 3594 970 3648 κατὰ
1009 3595 1107 3666 τῆς
1154 3593 1416 3657 Ἰουδαίας
1458 3592 1746 3647 τεθεᾶσθαι
1799 3595 1973 3666 πάθη,

391 3685 548 3739 τοῦτο
579 3688 675 3757 μὲν
708 3688 805 3748 τὰς
838 3684 947 3739 τῶν
979 3684 1247 3754 πολεμίων
1276 3680 1558 3754 φάλαγγας
1589 3685 1968 3758 καταδῃούσας

391 3779 488 3851 τὴν
521 3781 645 3850 γῆν,
688 3780 844 3833 τοῦτο
871 3778 927 3831 δὲ
955 3777 1055 3840 τὰς
1100 3777 1283 3841 πόλεις
1326 3778 1719 3849 ἠρημωμένας,
1752 3779 1846 3832 καὶ
1889 3778 1968 3831 oi-

392 3888 520 3931 κους
546 3872 1018 3942 ὲμπιπραμένους,
1047 3869 1140 3923 καὶ
1155 3868 1252 3921 ὅσα
1274 3871 1384 3932 τοῖς
1414 3866 1507 3921 τοῦ
1528 3868 1762 3938 πολέμου
1786 3868 1970 3940 νόμοις

392 3964 697 4034 πράττεται
723 3963 853 4032 παρ’
884 3960 1096 4032 ἐχθρῶν
1120 3958 1292 4031 ταύτῃ
1310 3977 1391 4012 τοι
1432 3960 1845 4031 προγέγραπται
1871 3962 1970 4030 τῆς

393 4054 753 4126 προφητείας*
790 4072 808 4104 ι
840 4054 1066 4123 Ὀρασις
1094 4052 1160 4123 ἣν
1191 4048 1328 4105 εἶδεν
1361 4052 1587 4115 Ἠσαῖας
1606 4052 1721 4115 υίὸς
1765 4052 1979 4123 Ἀμὼς,.

393 4146 536 4198 κατὰ
581 4146 675 4214 τῆς
716 4144 977 4205 Ἰουδαίας
1015 4144 1108 4196 καὶ
1150 4144 1292 4197 κατὰ
1339 4142 1710 4215 Ἰερουσαλήμ.
1753 4163 1772 4196 ι
1818 4145 1969 4199 Ἐπι-

396 4236 720 4308 σημαίνεται
752 4236 806 4288 δὲ
836 4237 1121 4307 χρησίμως
1148 4238 1269 4300 τοὺς
1296 4236 1401 4289 τῶν
1431 4236 1695 4307 βασιλέων
1719 4238 1965 4309 καιροὺς,

396 4328 482 4381 ἴνα
515 4326 770 4397 φαίνηται
793 4327 926 4391 Θεὸς
966 4326 1292 4397 προσφόρως
1333 4330 1445 4392 τοῖς
1475 4328 1707 4382 ἑκάστου
1744 4330 1969 4401 τρόποις

393 4420 460 4473 τὰ
485 4421 544 4473 ὲν
568 4418 644 4490 τῷ
674 4421 928 4491 προφήτῃ
953 4417 1150 4474 λαλῶν.

466 4509 692 4573 Ἄκουε,
740 4508 958 4576 οὐρανέ
977 4549 991 4573 ,
1029 4508 1127 4562 καὶ
1165 4507 1460 4581 ἐνωτίζου,
1490 4508 1569 4579 τῆ
1586 4549 1602 4575 ,
1632 4511 1721 4566 ὅτι
1750 4512 1964 4581 Κύριος

395 4597 697 4666 ἐλάλησεν
722 4636 737 4661 ,
777 4597 949 4662 Υιοὺς
977 4596 1280 4665 ἐγέννησα
1309 4597 1403 4651 καὶ
1440 4598 1680 4666 {ip-tecm,
1702 4599 1873 4653 αὐτοὶ
1899 4598 1968 4653 δέ

389 4704 470 4758 με
499 4688 822 4755 ἠθέτησαν.
858 4690 1052 4758 Ἔγνω
1079 4690 1247 4761 ’,ϐοῦς
1293 4688 1400 4743 τὸν
1438 4690 1835 4760 κτησάμενον,
1869 4689 1971 4744 καὶ

395 4777 540 4844 ὄνος
564 4776 679 4842 τὴν
711 4776 946 4847 φάτνην
972 4779 1078 4833 τοῦ
1129 4779 1341 4847 κυρίου
1381 4779 1598 4834 αὐτοῦ·
1630 4780 1876 4850 Ἰσραὴλ
1901 4778 1985 4840 66.-

388 4885 466 4939 με
498 4870 615 4925 οὐκ
653 4867 825 4942 ἔγνω,
852 4870 950 4925 καὶ
982 4874 1015 4925 ό
1042 4871 1193 4936 λαός
1216 4887 1295 4941 με
1318 4872 1391 4926 οὐ
1423 4870 1718 4940 συνῆκεν.

465 4961 534 5018 ’Π
568 4963 633 5018 τὸ
662 4962 877 5035 χρῆμα,
903 4962 986 5027 τίς
1027 4963 1056 5015 6
1086 4962 1263 5030 λόγος,
1294 4963 1389 5018 καὶ
1421 4963 1472 5031 τί
1501 4961 1567 5017 ἂν
1601 4963 1845 5034 βούλοιτο
1872 4965 1968 5036 δη-

393 5054 521 5110 λοῦν
548 5053 870 5126 περιαθρεῖν
902 5054 1215 5122 ἀναγκαῖον.
1251 5055 1697 5127 Διαμαρτύρεται
1725 5056 1833 5128 γὰρ
1858 5056 1969 5110 ὥσ-

393 5164 503 5219 περ
538 5146 767 5217 οὐρανόν
794 5161 855 5198 τε
894 5147 987 5197 καί
1014 5145 1118 5215 γῆν
1150 5149 1178 5198 6
1218 5146 1488 5218 μακάριος
1522 5149 1841 5218 προφήτης,
1875 5149 1969 5203 καὶ

392 5235 553 5290 τοῦτο
580 5235 840 5307 πράττων
878 5235 985 5288 οὐκ
1006 5235 1173 5302 ἀθεεὶ,
1201 5236 1363 5308 πλὴν,
1395 5238 1496 5291 οὐκ
1542 5238 1727 5303 ἰδίους,
1752 5238 1886 5293 Θεοῦ
1911 5239 1971 5293 δὲ

398 5329 599 5401 μᾶλλον
631 5325 773 5383 εἶναι
807 5328 939 5391 τοὺς
967 5326 1154 5395 λόγους
1189 5330 1377 5400 φησίν.
1418 5330 1537 5384 Ὀτι
1577 5330 1755 5401 πάντη
1785 5347 1845 5384 τε
1873 5330 1970 5385 καὶ

395 5422 612 5486 πάντως
657 5421 794 5492 πρὸς
842 5420 1018 5491 πέρας
1062 5422 1389 5493 ὲκϐήσονται
1422 5420 1510 5475 διὰ
1535 5421 1723 5476 τούτου
1768 5422 1970 5494 σημαί-

394 5531 521 5576 νων,
573 5514 667 5568 καὶ
708 5515 823 5576 τοῖς
852 5511 948 5566 τοῦ
985 5512 1180 5566 παθεῖν
1220 5512 1436 5582 δείμασι
1481 5512 1801 5567 καταπτοῶν
1841 5515 1969 5577 τοὺς

394 5599 800 5671 ἀκροωμένους.
862 5601 1168 5671 Ἀμήχανον
1216 5600 1325 5670 γὰρ
1381 5600 1749 5674 ψευδοεπῆσαι
1803 5602 1964 5656 Θεόν·

392 5691 527 5761 ὁμοῦ
571 5691 631 5745 δὲ
672 5693 917 5754 κάκεῖνο,
968 5692 1220 5764 καθάπερ
1251 5686 1484 5763 ἐγῷμαι,
1516 5693 1964 5759 κατασκευάζων.

404 5782 622 5855 Ἐπειδὴ
655 5783 763 5855 γὰρ
808 5783 1035 5855 ἔμελλεν
1084 5782 1182 5848 τὰς
1228 5785 1369 5838 κατὰ
1408 5784 1509 5854 τῆς
1566 5785 1823 5850 Ἰουδαίας
1873 5798 1967 5842 καὶ

2075 3228 2164 3274 cto
2220 3219 2448 3290 Spiritu,
2543 3222 2897 3276 verumetiam
2954 3240 3132 3280 rerum
3187 3229 3424 3298 ipsarum
3476 3246 3646 3302 quan-

2074 3311 2250 3380 doque
2316 3321 2652 3381 spectatores
2716 3316 3032 3384 exstitisse,
3079 3335 3201 3374 eum
3256 3336 3358 3392 ego
3433 3326 3653 3380 minime

2073 3415 2257 3458 errare
2362 3419 2518 3472 posse
2604 3405 2860 3462 arbitror.
2965 3409 3148 3480 Itaque
3256 3413 3445 3476 beatus
3528 3433 3652 3487 pro-

2077 3493 2239 3561 pheta
2300 3493 2490 3560 Isaias,
2550 3498 2690 3551 mala
2785 3514 2906 3569 qua
2979 3514 3163 3557 contra
3211 3503 3448 3562 Jud‘team
3512 3518 3648 3563 tem-

2074 3584 2299 3652 poribus
2366 3586 2777 3657 insequentibus
2842 3590 3023 3647 lutura
3090 3604 3283 3661 erant,
3364 3599 3456 3669 ι’·
3511 3590 3648 3669 plia-

2074 3674 2257 3746 Langes
2295 3677 2529 3733 hostium
2584 3688 2783 3736 terram
2828 3686 3176 3752 vastantium,
3231 3690 3392 3745 urbes
3440 3692 3650 3747 desola-

2073 3778 2175 3832 tas,
2228 3771 2418 3827 domos
2472 3774 2740 3841 incensas,
2787 3787 2841 3831 et
2891 3794 3227 3851 quaecunque
3274 3785 3488 3839 tandem
3526 3786 3652 3856 jure

2070 3862 2193 3917 belli
2248 3863 2362 3917 ﬁeri
2406 3865 2580 3921 solent
2630 3868 2697 3923 ab
2754 3869 3023 3937 hostibus,
3076 3876 3272 3929 mentis
3311 3878 3468 3931 oculo
3516 3891 3648 3930 eon-

2074 3955 2362 4023 templatus
2394 3958 2648 4014 videtur:
2676 3961 2901 4031 ideoque
2955 3966 3256 4034 prophetia:
3287 3970 3438 4035 quasi
3474 3980 3651 4036 protr};

2079 4045 2190 4100 mio
2226 4048 2486 4117 scriptum
2522 4060 2648 4106 est:
2687 4071 2707 4104 ι
2742 4052 2891 4109 Visio
2922 4070 3081 4124 quam
3113 4057 3247 4110 vidit
3293 4057 3458 4112 Isaias
3509 4059 3649 4117 ﬁlius

2068 4138 2301 4207 Amos,
2334 4152 2524 4198 contra
2581 4142 2819 4199 Judaeam
2890 4154 2944 4200 et
3002 4154 3186 4200 contra
3243 4146 3564 4206 Jerusalem.
3620 4143 3654 4207 ι’

2069 4227 2386 4301 Opportune
2429 4246 2562 4286 sane
2593 4234 2787 4302 regum
2808 4242 3046 4303 tempora
3080 4236 3346 4308 designat,
3391 4253 3447 4296 ut
3480 4250 3647 4313 appa-

2069 4329 2190 4375 reat
2233 4320 2396 4374 Deum
2436 4323 2554 4375 haec
2606 4322 3032 4396 uniuscujusque
3064 4329 3302 4387 moribus
3339 4346 3648 4390 accommo-
3703 4346 3716 4396 ἶ

2070 4411 2197 4465 date
2221 4426 2320 4478 per
2348 4412 2664 4483 prophetam
2697 4415 2899 4473 dicere.

2147 4503 2306 4560 Vsus.
2339 4505 2394 4561 2.
2435 4506 2607 4572 Audi,
2648 4506 2865 4576 calum,
2891 4517 2941 4563 et
2966 4511 3191 4566 auribus
3211 4515 3434 4581 percipe,
3482 4514 3650 4583 (erm,

2068 4601 2192 4665 quia
2220 4596 2475 4652 Dominus
2505 4599 2708 4654 Inculta
2737 4613 2811 4655 est
2831 4617 2852 4655 :
2890 4601 3059 4656 Filios
3082 4605 3236 4671 genui
3267 4595 3314 4658 cl
3351 4607 3515 4672 avexi,
3548 4610 3647 4678 ipsi

2069 4697 2239 4741 autem
2280 4701 2579 4754 spreuerant
2615 4705 2715 4745 me.
2755 4688 3009 4761 Cognovit
3048 4695 3137 4747 bos
3174 4706 3556 4762 possessorem,
3599 4712 3646 4753 et

2069 4777 2249 4833 «iam
2290 4796 2521 4850 praesepe
2565 4781 2767 4837 domini
2814 4785 2944 4848 sui;
2981 4792 3039 4836 at
3070 4782 3243 4837 Israel
3287 4792 3377 4838 me“
3416 4803 3516 4841 non
3556 4798 3653 4843 c‘o-'

2068 4867 2264 4934 gnovit,
2301 4879 2349 4922 el
2379 4870 2604 4939 populus
2633 4888 2717 4925 me
2744 4888 2848 4926 non
2875 4874 3149 4930 intellexit.

2138 4960 2278 5025 Quid
2312 4961 2422 5016 hoc
2460 4964 2537 5017 rei
2576 4964 2666 5028 sit,
2691 4978 2812 5034 qua
2840 4967 3052 5034 oratio,
3089 4980 3138 5025 et
3172 4975 3301 5043 quid
3341 4976 3647 5047 signiﬁcare

2071 5050 2231 5115 velit,
2270 5067 2450 5121 operae
2499 5056 2734 5123 pretium
2781 5057 2888 5112 erit
2933 5062 3297 5120 considerare.
3331 5068 3646 5123 Obtestatur

2071 5140 2216 5196 enim
2264 5143 2432 5197 veluti
2480 5145 2690 5200 colum
2729 5155 2785 5201 et
2838 5158 3035 5206 terram
3093 5154 3285 5211 beatus
3340 5160 3642 5229 propheta:

2069 5234 2211 5302 quod
2245 5233 2372 5290 dum
2406 5234 2557 5304 facit,
2601 5254 2705 5296 non
2736 5241 2854 5297 sine
2881 5244 3062 5303 divino
3090 5248 3314 5303 consilio
3346 5248 3501 5319 facit;
3543 5251 3650 5306 imo

2071 5343 2177 5383 non
2200 5344 2329 5386 suos
2356 5344 2477 5386 esse
2508 5332 2639 5388 dicit
2667 5350 2967 5404 sermones,
3005 5341 3099 5395 sed
3149 5341 3266 5396 Dei.
3308 5342 3423 5409 Quo
3475 5343 3651 5399 innuit

2070 5422 2294 5478 omnino
2326 5437 2390 5480 ea
2421 5426 2489 5480 ad
2520 5427 2725 5483 exitum
2761 5441 3081 5499 perventura
3103 5472 3118 5497 ,
3167 5441 3223 5488 et
3261 5435 3449 5490 borum
3478 5438 3650 5491 malo-

2071 5529 2191 5568 rum
2227 5526 2371 5571 metu
2398 5519 2673 5575 auditores
2709 5522 2954 5590 percellit
2977 5541 2990 5577 :
3012 5539 3109 5579 uec
3139 5527 3282 5581 enim
3316 5529 3429 5583 ﬁeri
3452 5539 3648 5601 potest,

2070 5617 2126 5660 ut
2154 5605 2292 5662 Deus
2309 5605 2502 5663 falsum
2526 5611 2670 5665 dicat
2693 5633 2704 5666 :
2726 5613 2993 5682 simulque
3022 5614 3150 5671 illud
3172 5658 3186 5682 ,
3224 5629 3280 5675 ut
3312 5635 3414 5692 ego
3431 5621 3646 5691 quidem

2069 5698 2268 5763 sentio,
2332 5700 2638 5768 prmmuuit.
2681 5700 2945 5769 Quoniam
3007 5708 3148 5761 enim
3182 5720 3369 5766 contra
3406 5706 3644 5763 Iudaeam

2067 5799 2120 5844 et
2149 5788 2442 5847 Jerusalem
2479 5793 2869 5850 vaticinaturus
2912 5807 3053 5865 crat,
3088 5810 3139 5853 et
3173 5800 3308 5853 In:th
3345 5799 3490 5854 omni
3517 5812 3643 5852 ora—
