4134 6304
357 386 423 444 Π
1525 376 1589 434 ΙΝ
1631 373 1861 432 lSAIAI
1902 373 1946 429 L

2074 372 2093 428 ι
2156 375 2366 432 OBAT.
2408 376 2450 433 l.
3558 374 3633 429 l8

367 523 386 556 ι
431 502 722 572 ’Δνάστηθι
753 500 846 554 καὶ
876 500 1095 572 κρίθη-ει
1120 498 1259 572 ίπρδς
1274 497 1339 552 τὰ
1362 499 1483 569 δρη,
1514 497 1607 552 καὶ
1624 495 1936 551 ἀκουσάτω-

2047 513 2134 562 per
2194 498 2333 552 hanc
2402 493 2681 565 propheta
2741 506 2927 546 vocem
2998 496 3283 558 propterea
3348 488 3618 543 dicimus.

363 610 464 648 σαν
491 594 538 646 ol
574 591 750 664 βουνοί
773 589 871 662 τὴν
899 592 1082 660 φωνήν
1111 607 1227 642 σου.
1268 588 1582 653 Ἀκούσατε,
1612 585 1811 657 βουνοί,
1834 585 1933 656 τὴν

364 684 543 755 κρίσιν
578 681 671 736 τοῦ
706 681 942 752 Κυρίου,
987 681 1080 734 καὶ
1123 681 1179 733 αἱ
1217 680 1517 752 φάραγγες,
1555 678 1779 749 θεμέλια
1833 678 1934 744 τῆς

364 777 486 846 γῆς,
511 776 592 829 ὅτι
622 775 808 845 κρίσις
840 772 918 843 τῷ
943 771 1132 843 Κυρίῳ
1162 773 1297 843 πρὸς
1337 772 1428 825 τὸν
1460 771 1587 824 λαὸν
1618 768 1805 836 αὑτοῦ,
1839 770 1936 824 καί

365 867 502 938 μετὰ
524 866 613 920 τοῦ
649 865 865 937 Ἰσραὴλ
895 864 1351 935 διελεγχθήσεται.
1378 883 1398 915 ο
1423 864 1532 918 Καὶ
1547 861 1664 916 οὔτι
1693 880 1799 916 που
1835 879 1937 931 φα-

368 956 465 1025 μὲν
494 957 576 1010 ὅτι
604 957 740 1025 πρός
765 971 831 1023 γε
861 953 930 1008 τά
964 954 1065 1025 ὅρη
1094 955 1187 1007 καὶ
1227 955 1351 1017 τοὺς
1388 953 1614 1023 βουνοὺς
1648 952 1871 1021 γέγονεν
1901 954 1934 1024 ὴ

364 1048 545 1119 κρίσις
567 1047 643 1114 τῷ
673 1046 864 1117 Κυρίῳ
891 1045 980 1099 διὰ
1017 1045 1118 1115 τῆς
1145 1045 1239 1098 τοῦ
1280 1046 1564 1116 προφήτου
1602 1045 1806 1115 φωνῆς,
1838 1044 1939 1098 ἐδι-

367 1139 562 1203 κάζετο
605 1138 662 1192 δὲ
709 1138 909 1208 μᾶλλον
940 1137 1019 1208 τῷ
1064 1136 1200 1209 πρὸς
1228 1137 1401 1205 αὐτὴν
1428 1137 1528 1208 τὴν
1555 1136 1809 1191 ἀσέϐειαν
1844 1136 1937 1191 τοῦ

376 1230 595 1302 Ἰσραὴλ
638 1232 750 1293 τοῖς
791 1233 849 1284 ὲν
881 1232 994 1294 τοῖς
1034 1229 1186 1299 ὄρεσι
1219 1231 1313 1285 καὶ
1346 1230 1556 1300 βουνοῖς
1594 1230 1686 1283 καὶ
1721 1230 1934 1294 νάπαις.

376 1322 665 1392 Ἠλέγχετο
692 1323 801 1394 γὰρ
832 1323 1113 1394 ἀμετρίως
1134 1320 1560 1392 δεδυσσεϐηκὼς,
1590 1322 1683 1375 καὶ
1718 1321 1938 1392 βωμοὺς

365 1416 459 1468 καὶ
487 1415 690 1485 τεμένη
727 1415 1151 1478 κατασκευάσας
1188 1415 1306 1467 ἐκεῖ
1326 1417 1435 1478 τοῖς
1466 1414 1800 1486 ἀκαθάρτοις
1827 1413 1939 1468 δαίς

371 1523 546 1577 μοσιν.
571 1506 786 1560 Οὐκοῦν
821 1507 1121 1578 ἐπειδήπερ
1145 1509 1193 1562 cl
1216 1507 1275 1573 ἐξ
1308 1508 1519 1579 Ἰσραὴλ
1546 1509 1645 1580 τῆς
1678 1509 1759 1573 είς
1805 1507 1939 1562 Θεὸν

369 1597 553 1659 αἰδοῦς
604 1597 973 1666 ἀλογήσαντες
1009 1599 1415 1669 προσεκύνησαν
1459 1602 1529 1671 τῇ
1577 1601 1806 1671 στρατιᾷ
1841 1598 1937 1654 τοῦ

369 1687 622 1758 οὐρανοῦ,
655 1687 790 1759 ἡλίῳ
810 1705 869 1742 τε
903 1689 1041 1759 φημὶ
1068 1690 1159 1743 καὶ
1196 1689 1416 1763 σελήνῃ,
1436 1689 1720 1760 δεχόμενοι
1756 1690 1815 1743 δὲ
1846 1689 1941 1744 καὶ

370 1780 469 1849 τὴν
494 1782 558 1834 ὲκ
580 1781 684 1850 γῆς
715 1781 866 1852 ὕλην,
902 1780 1032 1846 ξύλα
1059 1782 1117 1835 τέ
1141 1799 1284 1852 φημι
1314 1783 1407 1836 καὶ
1439 1782 1644 1847 λίθους,
1670 1783 1939 1854 εποίησαν

370 1870 583 1934 ἑαυτοῖς
608 1872 802 1926 εἴδωλα
824 1872 962 1926 κατά
978 1873 1041 1926 τὸ
1068 1873 1284 1944 ἑκάστῳ
1305 1873 1516 1937 δοκοῦν,
1535 1873 1943 1944 οικονομώτατα

370 1960 487 2015 λίαν
526 1961 625 2032 τὴν
667 1963 726 2014 ὲν
768 1962 978 2027 τούτοις
1030 1964 1210 2018 αὐτῶν
1243 1963 1499 2018 ἀσέϐειαν
1547 1964 1943 2030 ὑπαινίττεται,

287 2082 294 2089 -
371 2053 463 2105 καὶ
490 2047 599 2107 οἷον
632 2056 712 2116 είς
734 2054 952 2125 ἔλεγχον
977 2057 1070 2109 καὶ
1091 2054 1365 2121 ἀπόδειξιν
1394 2055 1625 2126 οὐρανόν
1645 2072 1704 2110 τε
1728 2056 1821 2107 καὶ
1841 2055 1944 2126 γῆν

368 2145 446 2208 είς
470 2145 631 2214 μέσον
648 2144 836 2216 ὥσπερ
857 2147 1222 2216 παρακομίζει
1239 2147 1430 2216 λέγων,
1446 2166 1465 2201 ι
1480 2149 1704 2214 Ἄκουε,
1721 2148 1942 2220 οὐρανὲ,

370 2237 460 2288 καὶ
493 2236 769 2300 ἐνωτίζου,
806 2238 897 2307 γῆ,
946 2239 1026 2291 ὅτι
1074 2238 1277 2309 Κύριος
1325 2238 1616 2309 ἐλάλησεν,
1644 2259 1663 2292 ι
1690 2237 1798 2295 Καὶ
1817 2238 1944 2293 καθ’

369 2327 556 2398 ἕτερον
585 2327 642 2380 δὲ
667 2328 886 2397 τρόπον,
920 2329 1146 2393 πολλοὺς
1167 2327 1306 2384 εἶναι
1339 2332 1521 2402 φαμὲν
1540 2330 1668 2396 τοὺς
1701 2333 1946 2405 πατέρας

369 2421 428 2473 ὲν
458 2420 697 2491 οὐρανῷ,
722 2423 846 2485 τοὺς
874 2425 1277 2492 πνευματικοὺς
1301 2424 1464 2494 δῆλον
1491 2425 1574 2479 ὅτι
1592 2441 1608 2458 ’
1637 2427 1866 2490 πολλοὺς
1889 2427 1946 2480 δὲ

369 2514 569 2581 ὁμοίως
601 2515 697 2567 καὶ
736 2514 828 2566 ἐπὶ
848 2515 948 2585 τῆς
975 2517 1101 2586 γῆς,
1127 2515 1285 2570 τοῦτο
1318 2518 1418 2585 μὲν
1447 2519 1767 2588 σαρκικοὺς,
1785 2519 1942 2573 τοῦτο

369 2605 424 2659 δὲ
448 2606 867 2677 πνευματικούς.
905 2607 1066 2661 ’Δλλά
1092 2609 1305 2671 τούτοις
1346 2609 1445 2679 μὲν
1498 2609 1668 2664 ἀπασι
1696 2614 1807 2674 τοῖς
1838 2629 1945 2667 πα-

372 2697 534 2766 τράσι
559 2699 672 2759 τοῖς
701 2698 814 2750 ἄνω
835 2715 896 2750 τε
929 2698 1024 2751 καὶ
1053 2699 1208 2752 κάτω
1238 2702 1384 2771 παρά
1406 2701 1511 2755 τῶν
1538 2703 1640 2756 ὑπὸ
1672 2706 1828 2775 χεῖρα
1856 2705 1945 2758 τέ-

373 2803 524 2839 κνων
558 2786 928 2855 προσάγονται
952 2788 1127 2856 τιμαί.
1156 2790 1413 2861 Χαίρουσι
1437 2793 1488 2847 δὲ
1510 2792 1628 2848 λίαν
1651 2796 1701 2847 οἱ
1720 2812 1946 2866 τετιμηο

377 2878 554 2949 μένοι,
588 2878 687 2932 καὶ
712 2878 885 2942 οὐδείς
911 2881 1057 2933 ἐστιν
1075 2883 1134 2934 ὲν
1153 2883 1352 2946 αὐτοῖς,
1385 2885 1443 2949 ὃς
1462 2887 1524 2938 οὐ
1559 2887 1738 2958 πάντῃ
1766 2905 1826 2940 τε
1850 2889 1945 2943 καὶ

378 2969 606 3031 πάντως
642 2971 868 3022 ποιεῖται
895 2969 1230 3043 δυσφόρητον
1256 2973 1317 3027 τὸ
1352 2975 1766 3046 ἀχαριστείσθαι
1793 2980 1945 3050 παρά

374 3058 484 3112 τῶν
508 3058 729 3112 τέκνων.
764 3061 826 3112 Ὃ
852 3059 915 3130 δὴ
952 3060 1236 3125 πεπονθὼς
1260 3064 1289 3115 ὁ
1319 3062 1427 3117 τῶν
1457 3065 1594 3119 ὅλων
1624 3066 1784 3132 Θεὸς,
1817 3070 1945 3134 τούς

2037 592 2300 646 adversus
2341 597 2549 643 montes
2601 595 2656 641 et
2694 583 2859 640 colles
2909 581 3169 651 judicium
3225 579 3450 636 Domino
3492 580 3623 634 fuis-

2036 698 2095 738 se
2147 700 2163 738 :
2214 689 2271 736 at
2333 681 2512 751 potius
2567 684 2754 734 contra
2817 676 2988 744 ipsam
3055 674 3385 743 impietatem
3446 671 3642 745 Israeg

2036 774 2124 837 lis,
2187 788 2308 843 quae
2358 779 2479 827 erat
2538 771 2592 824 in
2651 768 2947 834 montibus,
2990 776 3046 822 et
3097 768 3344 830 collibus,
3379 777 3432 820 et
3487 766 3620 820 lui-is

2035 866 2089 937 3
2121 864 2326 934 judicio
2346 860 2778 919 conﬂictabatur.
2843 862 3056 917 Etenim
3112 860 3474 928 reprehensus
3516 871 3622 923 est,

2037 956 2177 1026 quod
2200 955 2339 1009 haud
2358 954 2616 1009 mediocri
2671 967 2731 1007 se
2779 954 3056 1024 impietate
3109 951 3350 1016 fmdarit,
3406 951 3623 1018 illicqne

2040 1046 2335 1102 immundis
2362 1045 2697 1099 daemonibus
2714 1058 2838 1098 aras
2866 1050 3045 1114 jatque
3085 1043 3305 1097 delubra
3334 1051 3618 1096 exstruxi:-

2041 1141 2130 1195 rit.
2156 1138 2294 1194 Cum
2350 1154 2480 1209 ergo
2504 1138 2780 1203 Israelita,
2830 1138 3176 1194 observantia
3207 1148 3262 1192 et
3314 1136 3618 1191 reverentia

2039 1248 2164 1303 erga
2215 1231 2379 1286 Deum
2411 1231 2733 1301 posthabita,
2765 1230 3012 1285 militiam
3057 1229 3205 1293 cali,
3233 1229 3400 1282 solem
3426 1228 3548 1282 dico
3567 1233 3624 1282 et

2042 1325 2220 1379 lunam
2239 1323 2550 1390 adorarent,
2576 1332 2629 1377 et
2650 1331 2863 1390 sumpta
2890 1337 2957 1377 ex
2985 1330 3130 1377 terra
3157 1321 3409 1383 materia,
3438 1321 3617 1388 lignis,

2042 1414 2282 1486 inquam,
2308 1425 2362 1470 et
2395 1414 2689 1484 lapidibus,
2726 1414 2870 1469 idola
2897 1412 2998 1469 sibi
3028 1415 3258 1484 quisque
3275 1428 3372 1484 pro
3389 1411 3621 1467 arbitra.

2043 1520 2098 1564 tu
2130 1508 2372 1565 facerent
2391 1526 2406 1564 :
2425 1509 2820 1579 appositissime
2849 1523 3036 1564 eorum
3067 1509 3119 1563 in
3148 1508 3269 1562 istis
3290 1506 3621 1576 impietatem

2042 1602 2343 1667 subinnuit,
2373 1612 2429 1656 et
2480 1600 2625 1657 velut
2677 1601 2732 1657 in
2785 1610 3161 1672 argumentum
3207 1600 3621 1653 etdemonstra-

2045 1695 2246 1750 tionem
2297 1693 2496 1750 calum
2555 1708 2621 1750 ac
2681 1702 2881 1749 terram
2951 1694 3197 1763 producit
3249 1692 3302 1746 in
3360 1692 3618 1755 medium,

1974 1823 2019 1880 Β
2045 1787 2323 1858 inquiens:
2356 1805 2376 1840 ι
2410 1786 2573 1851 Audi,
2596 1786 2814 1850 cmlum,
2839 1796 2895 1842 et
2936 1786 3205 1848 ausculta,
3264 1794 3429 1846 terra,
3493 1784 3619 1853 quia

2047 1877 2304 1933 Dominus
2342 1877 2554 1934 locutus
2611 1886 2747 1934 est.»
2787 1876 2905 1933 Jam
2967 1877 3148 1934 etalio
3178 1877 3337 1931 modo
3391 1875 3621 1930 dicimus

2043 1981 2163 2023 esse
2201 1967 2400 2023 multos
2420 1968 2475 2023 in
2534 1967 2675 2023 coelo
2718 1977 2923 2038 patres,
2973 1967 3245 2037 spiritales
3317 1966 3618 2020 videlicet:

2045 2057 2243 2114 multos
2265 2058 2394 2114 item
2428 2060 2480 2114 in
2511 2067 2654 2114 terra
2685 2069 2792 2115 tam
2843 2059 3110 2124 carnales,
3169 2074 3331 2129 quam
3391 2059 3613 2127 spiritu-

2045 2148 2179 2204 ales.
2241 2147 2506 2206 Omnibus
2575 2161 2755 2208 autem
2839 2151 2922 2205 his
2997 2159 3107 2204 tum
3203 2149 3437 2216 superis,
3509 2157 3619 2201 tum

2046 2240 2395 2297 inferioribus
2433 2243 2666 2297 honores
2699 2242 3031 2297 exhibentur
3059 2256 3090 2294 a
3145 2239 3355 2301 liberis,
3385 2248 3622 2306 potesta-

2047 2332 2083 2386 ti
2112 2334 2356 2402 ipsorum
2391 2333 2655 2387 subditis:
2700 2342 2755 2388 et
2794 2332 3069 2401 impendio
3123 2331 3378 2402 gaudent,
3415 2330 3622 2384 honore

2046 2422 2222 2478 allecti
2255 2441 2267 2476 :
2301 2437 2401 2477 nec
2442 2433 2525 2477 est
2558 2438 2749 2479 eorum
2795 2423 3080 2492 quisquam
3129 2421 3218 2491 qui
3267 2436 3371 2475 non
3403 2420 3624 2475 omnino

2046 2512 2388 2569 intolerabile
2425 2513 2605 2578 ducat,
2640 2512 2864 2582 ingratis
2895 2511 3068 2568 modis
3127 2511 3348 2566 tractari
3407 2524 3439 2564 a
3478 2509 3617 2565 libs-

2046 2606 2140 2661 ris.
2173 2603 2286 2661 Hoc
2306 2604 2417 2675 jam
2444 2620 2638 2674 passus
2664 2615 2718 2659 et
2758 2605 2998 2661 sentiens
3029 2603 3399 2659 universitatis
3453 2601 3618 2667 Deus,

2046 2707 2229 2765 patres
2250 2704 2358 2750 tam
2399 2695 2453 2749 in
2499 2696 2660 2761 caslo,
2741 2711 2902 2766 quam
2931 2696 2984 2751 in
3044 2703 3191 2750 terra
3261 2703 3622 2760 contestatur,

2047 2791 2266 2845 dicens:
2297 2788 2463 2853 Audi,
2502 2788 2710 2854 mlunt,
2742 2799 2789 2843 st
2817 2787 3081 2853 ausculta,
3107 2798 3266 2850 terra,
3294 2788 3416 2855 quia
3445 2786 3624 2841 Domi-

2047 2899 2143 2935 nus
2173 2881 2376 2934 loculus
2417 2890 2537 2934 est:
2578 2878 2746 2933 Filios
2784 2897 2936 2950 genui
2971 2888 3020 2933 σι
3067 2879 3236 2942 evexi,
3290 2879 3389 2947 ipsi
3449 2889 3623 2932 autem

2046 2983 2344 3042 spreverunt
2405 2987 2507 3026 me.
2551 2973 2818 3040 Receptus
2845 2971 2991 3026 enim
3022 2985 3116 3039 per
3156 2969 3384 3038 gratiam
3436 2967 3623 3035 Israel,

2045 3077 2101 3123 et
2130 3068 2500 3125 misericordia
2548 3066 2781 3120 liliorum
2841 3062 3112 3132 dignatus,
3175 3073 3206 3113 a
3249 3061 3360 3113 Deo
3410 3060 3626 3126 genitus

375 3166 432 3201 τε
457 3151 514 3202 ἐν
543 3149 756 3220 οὐρανῷ
790 3153 883 3204 καὶ
911 3152 1002 3204 ἐπὶ
1034 3153 1134 3222 τῆς
1170 3153 1272 3223 γῆς
1302 3155 1544 3226 πατέρας
1571 3156 1940 3231 διαμαρτύρεη

2048 3177 2172 3218 esse
2199 3160 2397 3214 dicitur
2426 3177 2442 3214 :
2470 3160 2596 3212 dum
2644 3169 2771 3210 vers
2801 3169 2866 3210 ac
2930 3151 3228 3222 spiritualis
3283 3150 3623 3219 regeneratio

375 3259 462 3295 ται
508 3241 710 3308 λέγων·
745 3243 983 3306 Ἄκουε,
1006 3244 1243 3311 οὐρανὲ,
1264 3247 1361 3299 καί
1394 3247 1688 3312 brut/(0v,
1726 3251 1822 3320 γῆ,
1854 3252 1943 3306 ὅτι

376 3334 590 3401 Κύριος
631 3333 943 3401 ἐλάλησεν
967 3350 979 3364 ·
1022 3335 1194 3401 Υἱοὺς
1230 3337 1530 3408 ἐγέννησα
1565 3341 1663 3395 καί
1707 3343 1946 3410 ῦψωσα,

375 3425 545 3479 αὐτοὶ
587 3424 655 3478 δέ
693 3443 769 3495 με
794 3425 1117 3494 ἠθέτησαν.
1161 3429 1467 3500 Είσδεχθεὶς
1508 3433 1617 3505 γὰρ
1660 3435 1690 3487 ὁ
1735 3435 1950 3506 Ἰσραὴλ

375 3517 463 3569 διὰ
509 3517 612 3586 τῆς
656 3518 901 3589 χάριτος,
952 3519 1047 3573 καὶ
1086 3519 1185 3589 τῆς
1224 3524 1338 3585 τοῖς
1376 3523 1586 3588 τέκνοις
1630 3527 1951 3598 πρεπούσης

377 3607 678 3677 ἠξιωμένος
710 3608 949 3677 φειδοῦς,
979 3611 1339 3683 γεγεννῆσθαι
1360 3613 1577 3683 λέγεται
1603 3617 1755 3688 παρά
1786 3615 1944 3682 Θεοῦ,

382 3696 481 3766 τῆς
532 3696 767 3767 ἀληθοῦς
810 3698 902 3751 καὶ
958 3701 1335 3771 πνευματικῆς
1394 3704 1806 3774 άναγεννήσεως
1862 3707 1950 3774 ἐφ’

379 3789 509 3858 ἡμῖν
541 3791 1053 3862 ὲκπεπερασμένης.
1085 3795 1184 3847 Διά
1214 3795 1446 3860 πίστεως
1479 3797 1534 3849 δὲ
1561 3797 1719 3866 δῆλον
1745 3800 1828 3853 ὅτι
1852 3800 1951 3870 τῆς

380 3880 436 3931 ὲν
475 3881 730 3952 Χριστῷ*
757 3885 1130 3956 γεγεννήμεθα
1171 3887 1277 3957 γὰρ
1325 3889 1382 3953 ἐξ
1419 3889 1611 3954 ὓδατος
1655 3893 1748 3944 καὶ
1793 3891 1956 3945 πνεύ-

384 3987 569 4039 ματος,
617 3974 712 4026 καὶ
754 3973 959 4028 δέδοται
1004 3977 1103 4046 μὲν
1146 3980 1257 4041 τοῖς
1308 3980 1684 4056 ἀρχαιοτέροις
1733 3983 1954 4053 πνεῦμα

380 4061 643 4127 δουλείας,
674 4066 722 4117 εἰ
752 4067 844 4119 καὶ
877 4068 1216 4136 πρωτότοκος
1251 4066 1317 4141 ἦν
1339 4073 1434 4124 καὶ
1457 4072 1774 4144 ὠνόμασται
1803 4074 1950 4138 λαός.

392 4153 555 4223 Ἡμῖν
579 4154 657 4216 δὲ,
689 4155 787 4224 τῆς
822 4158 1097 4221 υἱοθεσίας
1129 4159 1301 4230 ὄνομά
1343 4179 1402 4214 τε
1451 4163 1544 4216 καὶ
1586 4163 1822 4234 πνεῦμα,
1863 4181 1955 4217 κε-

383 4245 636 4316 χάρισται
660 4249 687 4300 ὁ
711 4248 1022 4311 Θεὸς.ι”οτι
1042 4250 1150 4321 γάρ
1176 4252 1316 4313 ἐστε,
1345 4272 1362 4304 ι
1393 4255 1605 4324 φησὶν,ι
1642 4255 1954 4319 alamann-

385 4337 667 4390 έστειλενό
693 4336 826 4401 Θεὸς
867 4339 928 4392 τὸ
963 4341 1180 4411 πνεῦμα
1219 4342 1312 4396 τοῦ
1350 4342 1483 4396 Υίοῦ
1514 4344 1704 4408 αὐτοῦ,
1740 4346 1821 4406 είς
1856 4345 1956 4407 τὰς

269 4479 281 4486 ,
385 4430 607 4500 καρδίας
636 4431 810 4501 ὑμῶν,
844 4432 1046 4500 κράζον
1084 4433 1250 4486 Ἀὁόὰ
1278 4437 1305 4488 ὁ
1340 4436 1544 4507 πατήρ.
1586 4453 1604 4487 ι
1639 4436 1678 4490 Γ
1681 4436 1952 4508 εγὲννηκα

2049 3253 2103 3308 in
2144 3252 2304 3308 nobis
2329 3265 2425 3321 per
2480 3247 2663 3313 ﬁdem,
2701 3260 2889 3316 nempe
2916 3245 2969 3302 in
3028 3243 3246 3298 Christo
3279 3256 3626 3296 consumma-

2051 3355 2156 3400 tur.
2211 3344 2390 3401 Geniti
2418 3343 2564 3399 enim
2591 3355 2777 3397 sumus
2816 3353 2883 3394 ex
2913 3353 3053 3409 aqua
3096 3345 3152 3390 et
3192 3336 3408 3406 spiritu.
3453 3333 3624 3404 Maio-

2052 3437 2200 3492 ribus
2230 3435 2446 3505 quidem
2490 3434 2650 3488 datss
2679 3440 2764 3487 est
2809 3431 3032 3501 spiritus
3083 3427 3384 3491 servitutis,
3444 3443 3627 3497 quan-

2051 3527 2247 3581 tumvis
2273 3525 2434 3579 fuerit
2462 3522 2872 3592 pritnogenitus.
2901 3530 2956 3576 et
2977 3519 3156 3575 dictus
3181 3518 3344 3574 etiam
3373 3517 3622 3586 populus:

2051 3618 2205 3673 nobis
2239 3627 2416 3674 autem
2457 3615 2597 3671 Detts
2650 3613 2900 3684 spiritum
2962 3610 3268 3680 adoptionis
3323 3618 3378 3664 et
3431 3622 3626 3664 nomen

2055 3708 2257 3763 tribuit.
2282 3724 2300 3758 ι
2338 3706 2597 3774 Quoniam
2635 3705 2801 3770 enim,
2825 3721 2847 3757 ι
2877 3704 3052 3773 inquit
3129 3701 3219 3756 lilii
3257 3701 3413 3765 estis,
3448 3700 3629 3755 emisit

2056 3800 2194 3856 Deus
2225 3800 2473 3869 spiritum
2497 3798 2616 3855 Filii
2659 3797 2741 3853 sui
2793 3797 2845 3851 iu
2908 3796 3070 3851 corda
3126 3804 3324 3858 vestra,
3391 3792 3629 3848 claman-

2055 3900 2188 3960 tem,
2220 3890 2373 3946 Abba
2432 3899 2585 3961 pater
2626 3890 2669 3944 ⁸.
2706 3907 2724 3941 ι
2787 3889 2992 3945 Idcirco
3023 3880 3193 3942 dicit:
3258 3884 3434 3940 Genui
3466 3882 3628 3942 ﬁlios.

2056 3991 2154 4031 nec
2179 3977 2232 4032 id
2287 3979 2466 4044 modo,
2532 3977 2624 4032 sed
2677 3975 2864 4043 Evexi,
2897 3976 2948 4030 id
3013 3984 3115 4037 est,
3169 3971 3443 4026 enutriti:
3503 3983 3627 4023 nam

2056 4069 2160 4125 hoc
2208 4070 2437 4124 aliorum
2469 4069 2820 4138 interpretqu
2845 4065 3115 4134 expositio
3168 4064 3349 4117 habet.
3410 4060 3629 4115 Libera-

2059 4171 2141 4216 tus
2209 4161 2408 4230 quippe
2474 4158 2661 4220 lsrael,
2736 4172 2842 4211 non
2922 4156 3168 4209 desertus
3221 4167 3286 4208 ac
3340 4152 3632 4211 destitutus

2056 4253 2254 4308 auxilio
2298 4253 2551 4317 deinceps
2592 4249 2709 4315 fuit,
2763 4264 2868 4303 non
2911 4248 3113 4302 amoris
3165 4247 3334 4301 divini
3381 4258 3624 4316 expers:

2057 4355 2239 4414 utpote
2293 4343 2384 4412 qui
2436 4351 2691 4412 tanquam
2747 4341 2891 4397 ﬁlius
2943 4356 2972 4395 a
3017 4351 3173 4411 patre
3231 4354 3354 4394 vere
3398 4340 3628 4393 liliorutn

2059 4444 2272 4491 amante
2299 4442 2354 4490 et
2412 4433 2886 4505 indulgentissimo
2956 4433 3315 4495 nutriebatur,
3371 4451 3389 4483 ι
3423 4429 3628 4484 Panem

387 4520 512 4591 γὰρ,
539 4523 723 4592 φησὶν,
759 4524 928 4587 υἱοὺς.
950 4526 1046 4578 καὶ
1073 4527 1133 4578 οὐ
1164 4525 1253 4579 διὰ
1289 4526 1446 4581 τοῦτο
1477 4529 1657 4598 μόνον,
1680 4528 1818 4582 άλλά
1845 4529 1946 4601 γὰρ

2059 4543 2295 4596 namque
2323 4526 2706 4594 cmlininquit,
2732 4543 2750 4577 ι
2783 4525 2927 4579 dedit
2960 4524 3083 4591 illis,
3111 4537 3301 4593 panem
3317 4522 3628 4590 angelorum

391 4609 480 4661 καὶ
507 4609 718 4679 ὖψωσα,
748 4612 894 4666 τοῦτ’
926 4612 1092 4677 ἔστιν,
1126 4615 1424 4684 ἀνέθρεψα.
1451 4615 1619 4670 Τοῦτο
1648 4618 1756 4689 γάρ
1784 4622 1818 4689 ἡ
1846 4619 1955 4673 τῶν

390 4699 593 4770 ἐτέρων
627 4703 875 4772 μηνυτῶν
901 4704 1137 4768 ἐπίδοσις
1167 4705 1302 4775 ἔχει.
1327 4707 1749 4779 Λελυτρωμένος
1792 4711 1901 4782 γὰρ
1927 4713 1955 4764 ὁ

401 4791 644 4862 Ἰσραὴλ,
700 4792 798 4846 οὐκ
840 4795 1268 4867 ἀνεπικούρητος
1317 4793 1384 4868 ἦν
1426 4799 1563 4869 μετὰ
1611 4799 1806 4865 τοῦτο,
1859 4803 1956 4856 καὶ⁵

387 4885 603 4954 ἀγάπης
637 4883 841 4954 ἔρημος
879 4887 978 4955 τῆς
1009 4890 1160 4957 παρά
1203 4888 1358 4943 Θεοῦ.
1407 4890 1693 4961 Τέθραπτο
1723 4893 1831 4965 γὰρ
1863 4911 1957 4947 κα-

390 4973 564 5046 θάπερ
593 4992 678 5039 τις
706 4975 823 5039 υίὸς
858 4979 921 5029 ἐκ
948 4977 1259 5045 φιλόπαιδος
1290 4980 1508 5053 άληθῶς
1560 4984 1653 5036 καὶ
1683 4985 1958 5056 φιλοστορ-

390 5068 627 5134 γωτάτου
693 5068 917 5142 πατρός.
968 5085 987 5119 ι
1038 5070 1235 5140 ’Ἄρτον
1281 5071 1390 5142 γὰρ
1420 5072 1672 5144 οὐρανοῦ,
1713 5093 1731 5126 ι
1759 5076 1944 5145 φησιν,

396 5160 625 5214 «ἔδωκεν
664 5161 869 5225 αὐτοῖς,
900 5162 1062 5233 ἄρτον
1090 5162 1335 5231 ἀγγέλων
1367 5163 1570 5233 ἔφαγεν
1598 5165 1952 5238 ἄνθρωπος.»

398 5245 686 5322 Ἐτρέφετο
725 5254 780 5306 δὲ
831 5254 1038 5323 ἑτέρως
1087 5255 1182 5308 καὶ
1213 5258 1293 5320 είς
1320 5255 1533 5324 εὐεξίαν
1580 5261 1958 5332 πνευματικὴν

386 5342 473 5395 διὰ
504 5342 605 5414 τῆς
638 5344 879 5414 ἐννόμως
914 5345 1108 5414 σοφίας
1138 5348 1231 5401 καί
1274 5349 1629 5419 προφητικῶν
1655 5351 1954 5421 παιδευμά⁶

384 5452 513 5498 των,
572 5437 1018 5508 ἀποκομιζόντων
1069 5441 1301 5504 ἀστείως
1352 5444 1431 5507 είς
1482 5443 1777 5511 ἐπίγνωσιν
1823 5445 1955 5515 ἀλη-

381 5525 557 5591 θείας,
602 5527 748 5580 τοῦτ’
779 5526 894 5580 ἐστι
933 5529 1189 5599 Χριστοῦ.
1225 5531 1429 5600 Γράφει
1473 5532 1601 5599 γοῦν
1651 5536 1679 5586 ὁ
1723 5534 1952 5598 Παῦλος,

2058 4622 2291 4678 comedit
2318 4623 2480 4677 homo
2501 4618 2569 4674 δ’.
2592 4633 2615 4672 ι
2640 4616 2780 4683 Quin
2807 4622 2862 4669 et
2913 4614 3020 4669 alio
3051 4615 3208 4669 modo
3229 4614 3494 4669 enutritus
3522 4621 3626 4674 est,

2036 4698 2391 4783 ‘vegetatione
2437 4726 2500 4766 ac
2545 4711 2740 4766 robore
2799 4706 3086 4777 spirituali,
3145 4721 3238 4774 per
3298 4703 3618 4771 sapientiam

2057 4805 2190 4874 legis
2233 4814 2288 4859 et
2335 4811 2600 4872 praecepta
2668 4801 3020 4867 institutaque
3059 4797 3468 4865 prophetarum,
3506 4810 3627 4863 quae

2061 4897 2125 4952 ad
2155 4895 2211 4968 4
2230 4895 2555 4965 agnitionem
2587 4893 2848 4953 veritatis,
2879 4890 3133 4943 nimirum
3161 4887 3389 4952 Christi,
3413 4887 3628 4955 placide

2056 5002 2119 5043 ac
2153 4987 2387 5043 molliter
2423 4985 2746 5053 provehunt.
2808 4979 3012 5036 Scribit
3071 4977 3335 5046 siquidem
3394 4975 3624 5029 Paulus:

2061 5078 2274 5144 «Itaque
2346 5075 2425 5127 lex
2482 5074 2804 5143 paedagogus
2868 5081 3053 5123 noster
3122 5068 3299 5122 factus
3366 5067 3417 5119 in
3473 5062 3632 5116 Citri-

2054 5179 2196 5223 stum
2227 5167 2270 5220 '.
2313 5185 2330 5218 »
2390 5165 2460 5218 At
2510 5164 2652 5219 enim
2696 5179 2816 5216 eunt
2873 5166 2964 5231 qui
3019 5155 3624 5232 genueratrepudiavit.

2056 5257 2124 5312 Et
2173 5259 2294 5328 quis
2349 5255 2563 5311 tandem
2624 5254 2784 5322 hujus
2824 5252 3031 5323 repudii
3097 5246 3331 5306 modus?
3391 5245 3629 5298 Aversus

2061 5358 2144 5404 est
2193 5349 2338 5402 enim
2385 5355 2442 5400 ut
2503 5345 2662 5398 etiam
2707 5343 2934 5397 coluerit
2991 5358 3084 5397 eos
3139 5339 3227 5409 qui
3301 5348 3490 5393 natura
3556 5337 3628 5394 dii

2062 5456 2172 5493 non
2246 5449 2423 5499 sunt,
2510 5434 2881 5502 laboravitque
2960 5432 3148 5486 morbo
3221 5429 3327 5483 alio
3425 5445 3632 5500 magna

2059 5531 2339 5599 cujusdam
2381 5525 2770 5588 etl'renatiouis,
2829 5537 2893 5576 ac
2920 5524 3063 5591 quod
3118 5523 3201 5578 bis
3257 5519 3415 5591 longe
3443 5522 3631 5576 absur.

378 5640 402 5672 ι
420 5620 577 5673 Ὥστε
591 5621 789 5685 ὀνόμος
801 5619 1144 5689 παιδαγωγὸς
1174 5623 1206 5693 ἡ
1213 5620 1329 5692 μῶν
1356 5623 1577 5691 γέγονεν
1601 5625 1678 5688 είς
1701 5626 1946 5696 Χριστόν.

2064 5624 2180 5679 dius
2238 5630 2344 5685 est,
2375 5635 2440 5675 ne
2468 5621 2746 5677 brutorum
2806 5614 3021 5685 quidem
3066 5613 3418 5671 animantium
3470 5614 3629 5666 hens-

449 5773 483 5805 "
519 5772 673 5830 Rom.
713 5791 827 5840 vm,
867 5777 950 5831 l5.
1027 5778 1064 5808 δ’
1102 5778 1240 5833 Psal.
1278 5795 1436 5846 ωιτν,
1466 5780 1555 5847 Ἡ,
1587 5781 1674 5835 25.
1754 5781 1774 5812 ⁸
1803 5782 1972 5836 Gal-at.
2015 5798 2093 5844 ut.
2127 5780 2216 5834 τι.
