4132 6316
503 380 573 436 19
1574 400 1632 453 S.
1674 396 1944 454 CYRILLI
1984 398 2456 457 ALEXANDRINI
2495 402 2815 460 ARCHIEP.
3691 416 3760 473 20

500 498 790 556 volentiam
852 516 1012 573 quam
1095 506 1184 561 illa
1237 521 1364 579 erga
1435 509 1684 569 dominos
1732 515 1952 581 habent,
2001 528 2067 570 esi

2198 517 2340 571 Ἀλλ’
2367 517 2601 590 ἡθέτησε
2631 521 2722 573 τὸν
2747 522 3103 593 γεννήσαντα.
3148 525 3258 579 Καὶ
3293 526 3377 591 τίς
3413 527 3442 579 6
3483 496 3583 599 τῆς
3628 532 3754 587 ἀθε-

498 590 756 647 Imitatus.
817 592 954 650 Hinc
1013 612 1117 652 nun
1197 599 1314 655 sine
1370 617 1535 660 causa
1598 607 1710 662 ait:
1745 623 1766 658 ι
1815 606 2067 678 Cognovit

2180 610 2391 680 τήσεως
2427 611 2628 682 τρόπος
2660 613 2746 683 εἴη
2780 611 2846 666 ἀν
2866 590 2905 679 ;“
2927 614 3199 684 ἐτράπετο
3224 616 3332 687 γὰρ
3362 590 3442 681 είς
3473 590 3629 687 γε’τὸ
3663 620 3756 674 θέ-

501 683 598 733 bus
656 695 1022 748 possessorem
1062 701 1242 754 suum,
1294 698 1350 745 et
1394 693 1577 748 asinus
1612 709 1851 764 praesepe
1903 695 2067 750 domi-

2180 700 2292 753 λειν
2314 703 2423 765 τοῖς
2461 701 2723 771 μὴηφύσει
2750 683 3035 777 λατρεύειν
3077 704 3240 774 θεοῖς,
3283 683 3543 779 νενόσηκε
3576 709 3635 762 δέ
3661 711 3757 764 καὶ

502 770 554 822 ui
605 773 709 838 sui;
738 772 901 829 Israel
922 786 1103 833 autem
1153 794 1239 835 me
1270 797 1375 836 non
1399 787 1668 854 cognovit,
1720 796 1777 843 et
1850 787 2067 856 populus

2179 791 2400 863 ἑτέρως,
2439 770 2581 846 πολὺν
2603 792 2665 845 τὸ
2697 770 2927 864 ὲξήνιον,
2960 795 3054 848 καὶ
3082 795 3144 848 τὸ
3166 770 3247 849 ἔτι
3274 770 3479 850 τούτων
3511 799 3591 862 είς
3630 798 3758 853 ἀτο-

500 875 588 917 me
626 878 731 918 non
785 866 1068 921 intellexit.
1109 887 1132 922 ι
1165 870 1316 926 .Nam
1366 875 1409 928 si
1460 887 1606 930 emat
1662 878 1784 945 quis
1860 878 2074 944 bovem.

499 951 647 1005 illum
688 953 874 1022 utique
904 955 1122 1013 habebit
1158 963 1225 1016 ad
1266 963 1341 1018 rei
1379 966 1598 1021 rustica:
1653 985 1878 1024 munera
1963 972 2074 1026 uti-

498 1043 785 1108 lissimum,
814 1045 928 1101 sive
985 1059 1183 1105 terram
1239 1068 1399 1110 arare
1463 1057 1609 1123 velit,
1663 1061 1777 1115 sive
1823 1063 1876 1117 in
1939 1080 2066 1121 area

495 1135 772 1201 triturare,
827 1148 882 1193 et
938 1138 1193 1198 frumenti
1251 1146 1458 1216 paleam
1515 1160 1791 1208 excutere.
1829 1154 1886 1209 Si
1944 1172 2075 1212 vero

494 1230 618 1296 quis
686 1233 900 1287 asinum
978 1246 1209 1302 coemat,
1302 1242 1509 1296 natura:
1560 1245 1726 1299 etiam
1790 1256 1938 1302 motu
2018 1259 2075 1305 et

455 1324 457 1327 ’
496 1322 730 1389 impulsu
769 1334 996 1380 vocatur
1028 1330 1094 1381 ad
1153 1330 1473 1400 obsequium
1549 1345 1604 1390 et
1677 1353 1772 1407 pro
1830 1341 1913 1395 his
1952 1356 2072 1410 qua:

489 1412 675 1480 jaccut
751 1415 803 1469 iu
852 1419 1183 1489 pnesepibus
1225 1422 1611 1492 subiectionem
1667 1431 1821 1497 quasi
1874 1447 2072 1500 repen-

495 1505 576 1558 dit
638 1515 691 1560 et
716 1506 1102 1567 obedientiam.
1166 1514 1315 1571 Onus
1390 1518 1535 1572 enim
1619 1520 1822 1588 baiulat
1861 1525 2070 1592 volens,

494 1605 550 1649 et
593 1597 782 1653 herilis
823 1600 1020 1659 laboris
1055 1605 1317 1664 ﬁtsocius
1347 1625 1413 1664 ac
1470 1613 1758 1682 particeps.
1819 1615 1889 1669 At
1959 1616 2074 1674 hzec

495 1689 710 1756 quidem
746 1691 818 1746 ita
861 1708 919 1749 se
946 1696 1139 1753 habent
1191 1699 1247 1756 in
1276 1702 1387 1758 his.
1430 1701 1797 1762 lsraelautem
1831 1710 2069 1779 sapiens,

496 1783 550 1835 in
594 1781 728 1853 legis
791 1786 1094 1858 paedagogia
1144 1794 1410 1861 initiatus,
1465 1811 1575 1865 quo
1623 1799 1676 1853 id
1736 1801 1884 1869 quod
1940 1817 1973 1857 e
2014 1818 2071 1858 re

2179 885 2310 937 πίαν
2347 885 2626 948 ἐπέκεινα,
2666 884 2789 940 οὔτε
2833 887 3003 959 αὐτὴν
3038 888 3346 961 μεμίμηται
3390 889 3498 944 τῶν
3544 890 3754 959 ἀλόγων

2178 973 2331 1039 ζώων
2360 975 2460 1047 τὴν
2501 975 2736 1041 εὔνοιαν,
2783 977 2851 1048 ἣν
2898 977 2965 1031 ἂν
3004 978 3178 1049 ἔχοιεν
3212 981 3394 1034 ἐκεῖνα
3443 981 3580 1053 πρὸς
3624 983 3756 1047 τοὺς

2175 1065 2457 1130 δεσπότας.
2494 1067 2681 1140 Ταύτῃ
2700 1084 2782 1120 τοι
2814 1067 3005 1137 φησίν·
3041 1087 3061 1120 ι
3098 1070 3280 1138 Ἔγνω
3326 1070 3451 1140 βοῦς
3493 1071 3585 1125 τὸν
3614 1089 3751 1143 κτη-

2183 1157 2437 1227 σάμενον,
2485 1159 2581 1211 καὶ
2636 1158 2757 1221 ὄνος
2797 1158 2894 1229 τὴν
2943 1160 3150 1230 φάτνην
3191 1161 3284 1214 τοῦ
3322 1163 3512 1234 κυρίου
3560 1163 3749 1229 αὐτοῦ,

2189 1248 2404 1318 Ἰσραὴλ
2432 1248 2488 1301 δέ
2520 1266 2586 1319 με
2613 1249 2712 1302 οῦκ
2735 1249 2895 1317 ἔγνω,
2927 1250 3023 1303 καὶ
3047 1252 3074 1304 ὁ
3101 1250 3228 1315 λαός
3257 1270 3322 1322 με
3349 1253 3409 1305 ού
3440 1257 3692 1325 συνῆκεν.
3724 1275 3744 1308 ι

2178 1338 2499 1409 Ἀνθρωπος
2531 1340 2627 1409 μὲν
2650 1339 2756 1410 γὰρ
2784 1342 2832 1392 εί
2868 1341 3153 1411 ἐκπρίαιτο
3182 1341 3330 1412 βοῦν,
3376 1343 3489 1408 ἕξει
3515 1345 3578 1416 δὴ
3607 1346 3748 1400 πάν-

2174 1449 2283 1495 τως
2314 1431 2474 1484 αὑτὸν
2511 1433 2593 1494 εἰς
2638 1431 2706 1484 τὰ
2757 1432 2856 1501 τῆς
2889 1433 3195 1501 γεωπονίας
3238 1434 3374 1505 ἔργα
3405 1437 3749 1507 χρησιμώτα-

2174 1540 2286 1584 τον,
2320 1521 2477 1575 τοῦτο
2527 1522 2624 1593 μὲν
2668 1522 2857 1593 ἀροῦν,
2910 1527 2958 1578 εί
2987 1525 3178 1589 ἐλοιτο,
3212 1525 3310 1596 τὴν
3336 1527 3462 1597 γῆν,
3496 1526 3653 1581 τοῦτο
3691 1529 3748 1582 δὲ

2175 1615 2254 1678 είς
2278 1614 2376 1682 τὴν
2415 1612 2528 1666 ἅλω
2569 1613 3018 1681 καταλεπτύνειν,
3052 1617 3144 1669 καὶ
3180 1617 3501 1687 ἀποκρίνειν
3530 1618 3626 1672 τοῦ
3662 1619 3746 1671 σί-

2173 1723 2267 1759 του
2291 1706 2351 1759 τδ
2384 1706 2604 1776 ἄχυρον.
2634 1706 2697 1758 Εἰ
2735 1705 2790 1758 δέ
2819 1705 2882 1776 δή
2914 1723 2997 1769 τις
3027 1706 3246 1778 πρίαιτο
3301 1710 3396 1761 καὶ
3423 1707 3564 1768 ὄνον,
3594 1727 3747 1778 φυσι-

2174 1798 2291 1857 κοῖς
2320 1795 2412 1849 καὶ
2438 1795 2599 1858 αὐτὸς
2633 1796 2931 1865 κινήμασιν
2961 1796 3206 1849 καλεῖται
3237 1797 3375 1868 πρὸς
3412 1798 3743 1863 εὐπείθειαν,

494 1881 596 1937 est,
639 1874 937 1945 intelligere
985 1893 1186 1951 posset,
1235 1885 1575 1953 maiestatem
1640 1890 1735 1944 Dei
1780 1892 1964 1948 uutltis
2016 1904 2067 1948 et

2176 1887 2271 1940 καὶ
2299 1882 2410 1940 οἷόν
2450 1904 2571 1941 τινα
2612 1887 2721 1940 τῶν
2752 1889 2808 1940 ὲν
2840 1887 3070 1954 φάτναις
3113 1887 3262 1958 αὐτῷ
3295 1889 3561 1958 κειμένων
3593 1891 3746 1944 ἀντί-

497 1962 910 2022 admirabilibus
964 1971 1133 2040 signis
1219 1976 1461 2039 edoctus,
1497 1979 1650 2034 asino
1683 1989 1734 2034 et
1783 1982 1919 2036 bove
1989 1983 2067 2038 in-

2172 1979 2318 2032 δοσιν
2348 1982 2581 2032 ποιεῖται
2620 1978 2721 2050 τὴν
2768 1978 3044 2043 ὑπόταξιν.
3082 1979 3402 2050 Ἀχθοφορεῖ
3441 1979 3550 2051 γάρ
3580 1979 3743 2044 ἑκὼν,

500 2057 745 2112 leviorem
811 2073 869 2114 se
902 2072 1152 2132 praestat,
1215 2074 1269 2119 et
1339 2081 1369 2119 a
1438 2067 1611 2124 brutis
1665 2073 2067 2129 mansuetudine

2173 2071 2385 2126 καὶτὸν
2420 2070 2513 2125 τοῦ
2543 2070 2803 2125 δεσπότου
2842 2072 3122 2141 μερίζεται
3158 2072 3339 2126 πόνον.
3382 2071 3541 2125 Ἀλλά
3586 2074 3741 2126 ταυτὶ

494 2159 548 2202 et
581 2152 850 2220 probitate
893 2168 1198 2225 superatus,
1250 2158 1535 2215 Dominum
1599 2163 1886 2234 ignoravit.
1928 2165 2067 2223 Bene

2175 2162 2274 2234 μὲν
2300 2165 2356 2216 ἐν
2384 2161 2615 2226 τούτοις.
2664 2162 2721 2215 '0
2752 2163 2809 2215 δέ
2838 2163 3000 2232 σοφὸς
3042 2163 3257 2234 Ἰσραὴλ
3287 2164 3346 2216 ἐν
3370 2163 3518 2233 νόμῳ
3544 2164 3744 2216 παιδα-

492 2257 623 2298 sane
674 2245 803 2302 illud
843 2248 1164 2305 dixit:Non
1227 2253 1397 2320 novit,
1456 2269 1563 2310 non
1630 2257 1909 2314 intellexit.
1965 2259 2066 2313 Ta-

495 2337 645 2391 metsi
679 2340 845 2410 enim,
877 2351 938 2397 ut
981 2343 1114 2411 dixi,
1185 2346 1410 2417 gloriam
1448 2358 1503 2404 et
1563 2352 1900 2421 majestatem
1971 2356 2065 2410 Dei

490 2426 774 2497 didicerat,
850 2443 1029 2489 tamen
1108 2440 1249 2506 quod
1278 2439 1332 2493 in
1388 2439 1704 2496 eﬂrenatam
1763 2446 2055 2514 quamdam

495 2519 898 2583 perversitatem
969 2523 1249 2593 prolapsus
1337 2535 1441 2591 est,
1516 2540 1804 2599 propterea
1879 2536 1927 2587 ei
1972 2537 2066 2603 qui

491 2621 596 2660 non
665 2621 907 2675 noverat,
976 2628 1085 2667 non
1137 2616 1421 2672 dissimilis
1504 2620 1626 2673 l'uit.
1688 2619 1841 2687 Quod
1883 2624 1936 2677 ni
1988 2626 2063 2681 ita

490 2711 621 2753 vere
663 2711 827 2764 esset,
859 2703 1173 2773 neutiquam
1217 2707 1444 2763 dixisset
1481 2708 1668 2779 ligno:
1717 2713 1891 2767 «Deus
1919 2731 2068 2772 meus

487 2802 550 2841 es
601 2796 676 2855 tu,
705 2807 727 2841 ι
787 2800 842 2844 et
879 2790 1039 2860 lapidi
1080 2811 1095 2846 :
1129 2812 1148 2845 ι
1185 2793 1266 2849 Tu
1310 2799 1539 2866 genuisti
1606 2815 1712 2855 me.
1751 2819 1771 2853 ι
1841 2801 1995 2859 Unde
2017 2814 2070 2859 et

494 2878 831 2947 «obstupuit,
867 2900 886 2932 ι
917 2881 1112 2951 inquit,
1138 2901 1156 2934 ι
1189 2884 1386 2940 caelum
1433 2902 1595 2956 super
1645 2889 1776 2954 hoc,
1809 2900 1865 2946 et
1911 2891 2071 2947 vehe-

489 2968 702 3026 m’euter
755 2987 916 3042 supra
962 2975 1178 3029 modum
1232 2976 1542 3046 inhorruit,
1598 2980 1730 3035 dicit
1783 2981 2065 3043 Dominus.

486 3062 620 3130 Quia
684 3066 787 3120 duo
890 3068 1028 3122 mala
1094 3070 1328 3138 patravit
1396 3073 1623 3142 populus
1688 3091 1897 3132 meus:
1984 3094 2069 3134 me

486 3159 885 3229 dereliquerunt
966 3160 1168 3216 fontem
1251 3177 1406 3232 aqua:
1465 3165 1628 3235 vivae,
1678 3176 1733 3222 et
1810 3167 2138 3260 foderuntc

486 3249 588 3303 sibi
641 3250 903 3305 cisternas
925 3252 1206 3317 contritas,
1255 3269 1375 3322 quae
1414 3270 1520 3309 non
1573 3265 1826 3326 poterunt
1868 3274 2062 3329 aquam

492 3341 777 3397 continere
807 3342 847 3395 ⁸.
887 3361 905 3394 ›
939 3341 1128 3398 Posset
1176 3357 1357 3399 autem
1391 3346 1493 3400 hoc
1516 3347 1734 3405 Christo
1757 3365 2064 3406 accommo-

486 3434 600 3488 dari
653 3442 712 3488 ut
765 3435 910 3489 dicat
958 3435 1024 3490 de
1056 3434 1159 3489 illis
1189 3452 1202 3488 :
1232 3434 1397 3490 Israel
1428 3451 1556 3491 vero
1608 3455 1696 3495 me
1747 3455 1851 3496 non
1889 3444 2065 3507 novit,

485 3535 541 3580 et
578 3526 825 3595 'populus
885 3541 972 3581 me
1014 3542 1118 3582 non
1163 3527 1453 3583 intellexit.
1486 3528 1765 3601 Siquidem
1801 3534 2062 3603 perillum

488 3618 628 3671 facta
659 3626 742 3671 est
778 3618 865 3671 illa
921 3619 1087 3673 etiam
1139 3618 1362 3688 antiqua
1419 3621 1742 3692 redemptio.
1770 3625 1836 3679 Et
1888 3627 2065 3695 posita

485 3716 571 3760 est
629 3705 711 3760 lex
775 3706 840 3761 ad
912 3716 1123 3776 tempus
1211 3724 1382 3778 usque
1452 3713 1828 3779 correctionis,
1908 3715 2064 3782 sicuti

486 3799 751 3870 scriptum
812 3808 917 3855 est.
970 3800 1105 3855 Cum
1135 3810 1313 3856 autem
1351 3805 1540 3858 umbra
1593 3803 1741 3859 nullo
1772 3806 1934 3861 modo
1969 3821 2067 3863 uos

477 3889 782 3958 justilicare
802 3900 1010 3962 posset,
1072 3893 1248 3949 illuxit
1303 3896 1460 3951 nobis
1512 3895 1565 3949 in
1610 3909 1776 3951 carne
1823 3896 2069 3964 unigeni-

484 3992 598 4036 tum
640 3983 733 4038 Dei
762 3981 1021 4051 Verbum,
1063 3995 1122 4040 ttt
1194 3986 1301 4042 ﬁde
1362 3990 1428 4042 ad
1498 3986 1671 4056 ipsum
1746 3988 2067 4044 accedentes

479 4073 832 4143 justillcarct,
888 4086 992 4130 eta
1034 4087 1209 4132 morte
1233 4085 1397 4147 atque
1457 4087 1682 4149 peccato
1724 4078 1987 4135 liberaret
2019 4081 2062 4134 '.

485 4161 538 4230 5
565 4161 946 4219 Verumtamen
987 4179 1110 4220 eum
1148 4181 1252 4221 non
1306 4166 1455 4221 novit
1520 4166 1684 4221 Israel
1723 4169 2068 4236 quantumvis

488 4263 675 4321 aperte
720 4256 1025 4311 dicentem:
1075 4276 1093 4307 ι
1128 4258 1323 4322 Amen,
1353 4273 1510 4313 amen
1570 4259 1693 4314 dico
1755 4259 1929 4325 vobis,
1975 4261 2064 4329 qui

486 4356 792 4397 sermonem
830 4356 1006 4396 meum
1032 4344 1201 4409 audit,
1244 4354 1299 4400 et
1326 4347 1501 4401 credit
1547 4348 1596 4402 ei
1641 4349 1730 4417 qui
1768 4350 1914 4404 misit
1955 4365 2065 4414 me,

487 4431 646 4486 hibet
679 4433 845 4488 vitam
895 4443 1175 4499 aeternam,
1229 4444 1284 4490 et
1329 4436 1382 4489 iu
1427 4437 1689 4505 judicium
1735 4454 1839 4493 non
1891 4442 2062 4504 venit,

486 4526 580 4578 sed
609 4526 829 4581 transiit
885 4542 949 4580 ex
1022 4536 1193 4581 morte
1235 4528 1300 4582 ad
1333 4529 1500 4581 vitam
1531 4566 1546 4583 .
1581 4529 1633 4581 ⁸»

2170 2251 2539 2323 γωγούμενος,
2573 2254 2668 2306 ἐπὶ
2711 2252 2770 2305 τὸ
2801 2252 2910 2305 δεῖν
2940 2253 3139 2307 εἰδέναι
3187 2255 3248 2307 τὸ
3290 2251 3555 2320 ὠφελοῦν,
3577 2255 3605 2306 6
3646 2255 3745 2324 τὴν

2168 2345 2265 2398 τοῦ
2296 2344 2430 2398 Θεοῦ
2464 2344 2621 2409 δόξαν
2648 2345 2735 2397 διὰ
2766 2344 2977 2398 πολλῶν
3000 2346 3090 2398 καὶ
3121 2345 3470 2414 ἁξιαγάςτων
3502 2344 3743 2416 σημείων

2169 2434 2595 2507 ἐκμεμαθηκὼς,
2651 2434 2775 2489 ὄνου
2822 2435 2916 2488 καὶ
2953 2434 3074 2504 βοὸς
3103 2436 3335 2488 κατόπιν
3367 2433 3606 2506 ἔρχεται,
3648 2434 3742 2486 καὶ

2168 2527 2268 2596 τῆς
2309 2528 2415 2580 τῶν
2449 2528 2659 2595 ἀλόγων
2706 2526 3008 2591 ἐπιεικείας
3037 2525 3347 2596 ἡττώμενος
3381 2525 3620 2595 ἠγνόηκε
3650 2524 3741 2576 τὶν

2169 2615 2456 2687 δεσπότην.
2488 2614 2560 2669 Εὖ
2594 2618 2650 2670 δὲ
2681 2617 2745 2690 δὴ
2776 2616 2979 2687 σφόδρα
3012 2617 3092 2680 τὸ,
3121 2617 3221 2668 οὐκ
3262 2612 3423 2684 ἔγνω,
3455 2615 3642 2684 φησὶν,
3675 2615 3737 2666 οὐ

2173 2705 2423 2774 συνῆκεν.
2453 2704 2643 2757 Καίτοι
2676 2706 2784 2775 γὰρ
2828 2704 3186 2776 μεμαθηκὼς,
3223 2705 3298 2768 ὡς
3331 2703 3489 2775 ἔφην,
3514 2705 3613 2774 τὴν
3644 2702 3739 2755 τοῦ

2170 2793 2305 2847 Θεοῦ
2353 2793 2531 2857 δόξαν,
2569 2796 2665 2847 καὶ
2696 2794 2786 2846 διὰ
2808 2796 2870 2847 τὸ
2897 2796 3195 2848 ἀπονεῦσαι
3226 2795 3346 2848 λίαν
3375 2796 3455 2856 εἰς
3485 2792 3739 2863 ἀχάλινον

2170 2884 2464 2957 ἐκτροπὴν,
2495 2885 2552 2937 ἐν
2584 2885 2683 2955 ἴσῳ
2722 2885 2944 2952 γέγονεν
2973 2886 3050 2954 τῷ
3086 2886 3396 2954 ἠγνοηκότι.
3431 2886 3493 2938 Ei
3525 2884 3631 2956 γὰρ
3665 2885 3738 2955 μὴ

2169 2977 2327 3031 τοῦτό
2368 2979 2517 3031 ἐστιν
2546 2975 2783 3046 ἀληθῶς,
2833 2976 2933 3028 οὐκ
2963 2975 3029 3029 ἂν
3076 2976 3178 3043 ἔφη
3213 2975 3290 3044 τῷ
3324 2975 3480 3042 ξύλῳ,
3537 2994 3556 3027 ι
3608 2974 3740 3036 Θεός

2173 3088 2275 3142 μου
2318 3066 2369 3123 εἶ
2396 3068 2460 3121 σύ
2484 3086 2499 3100 ο
2534 3087 2551 3119 ι
2588 3069 2682 3121 καὶ
2721 3066 2799 3137 τῷ
2843 3065 2976 3136 λίθῳ
3004 3106 3018 3125 ,
3057 3084 3075 3116 ι
3118 3068 3191 3120 Σὺ
3245 3065 3540 3134 ἐγέννησάς
3586 3083 3672 3135 με.
3716 3083 3734 3116 ι

2170 3161 2333 3215 Ὅθεν
2367 3179 2384 3210 ι
2415 3159 2625 3227 ἐξέστη,
2657 3177 2675 3207 ι
2707 3159 2894 3227 φησιν,
2931 3177 2947 3207 ι
2988 3157 3016 3209 ὁ
3045 3156 3272 3227 ούρανδς
3302 3156 3393 3207 ἐπί
3426 3156 3620 3225 τούτῳ,
3642 3157 3740 3209 καὶ

2168 3250 2386 3323 ἔφριξεν
2433 3250 2525 3302 ἐπὶ
2566 3250 2748 3303 πλεῖον
2780 3248 3006 3318 σφόδρα,
3040 3246 3185 3315 λέγει
3228 3245 3451 3317 Κύριος.
3490 3247 3611 3298 Ὅτι
3649 3245 3743 3297 δύο

2168 3343 2263 3397 καὶ
2308 3343 2519 3413 πονηρά
2549 3341 2801 3411 ἐποίησεν
2825 3341 2853 3393 6
2880 3339 3010 3402 λαός
3067 3356 3166 3409 μου
3191 3378 3204 3400 ,
3250 3337 3348 3409 ἐμὲ
3385 3336 3741 3405 ἐγκατέλιπον

2169 3434 2353 3505 πηγὴν
2397 3432 2588 3497 ὓδατος
2635 3431 2857 3496 ζῶντος,
2910 3430 3003 3484 καὶ
3037 3429 3251 3502 ὤρυξαν
3294 3430 3475 3491 αὐτοῖς
3505 3428 3742 3492 λάκκους

2171 3524 2691 3596 συντετριμμένους,
2724 3523 2773 3575 οἳ
2801 3523 2860 3576 ού
2891 3522 3207 3593 δυνήσονται
3242 3519 3386 3589 ὕδωρ
3414 3519 3680 3590 συνέχειν.
3715 3539 3734 3570 ι

2169 3619 2380 3689 Πρέποι
2423 3618 2465 3670 δ’
2518 3615 2582 3670 ἂν
2616 3616 2710 3670 καὶ
2743 3614 2891 3685 αὐτῷ
2926 3613 3002 3685 τῷ
3031 3613 3250 3685 Χριστῷ
3297 3612 3358 3665 τὸ
3403 3612 3567 3680 φάναι
3612 3610 3740 3680 περὶ

2169 3711 2347 3765 αὐτῶν
2402 3710 2482 3776 τὸ,
2526 3708 2742 3782 Ἰσραὴλ
2771 3707 2829 3760 δὲ
2874 3707 2972 3760 οὐκ
3004 3705 3166 3776 ἔγνω,
3198 3705 3290 3758 καὶ
3335 3706 3362 3757 6
3402 3703 3530 3766 λαός
3582 3718 3648 3772 με
3676 3701 3736 3754 οὐ

2170 3806 2424 3875 συνῆκεν.
2472 3803 2667 3872 Γέγονε
2706 3801 2805 3872 μὲν
2831 3801 2941 3872 γὰρ
2971 3800 3064 3853 καὶ
3096 3802 3129 3869 ή
3164 3799 3333 3852 πάλαι
3375 3798 3642 3866 λύτρωσις
3671 3793 3737 3846 δι’

2168 3892 2349 3948 αὐτοῦ.
2390 3892 2637 3947 Τέθειται
2663 3892 2718 3945 δὲ
2747 3893 2840 3946 καὶ
2867 3894 2895 3945 6
2917 3892 3081 3977 νόμρς
3110 3890 3272 3960 μέχρι
3302 3886 3497 3959 καιροῦ
3515 3883 3739 3956 διορθώ-

2170 4001 2346 4049 σεως,
2382 3983 2525 4037 καθὰ
2578 3985 2909 4054 γέγραπται.
2958 3976 3174 4052 Ἐπειδὴ
3219 3981 3295 4034 δὲ.
3343 4020 3357 4033 .
3402 4018 3414 4032 .
3450 3976 3738 4045 ἀνέφικτον

2166 4076 2407 4132 δικαιοῦν
2439 4077 2586 4147 ἡμᾶς
2615 4074 2877 4128 δύνασθαι
2911 4074 3009 4142 τὴν
3062 4072 3242 4136 σκιάν,
3291 4070 3559 4138 ἐπέφανεν
3603 4068 3737 4137 ἡμῖν

2171 4167 2309 4238 μετὰ
2358 4166 2559 4236 σαρκὸς
2590 4167 2618 4218 ό
2650 4163 2944 4235 μονογενὴς
2992 4163 3085 4217 τοῦ
3133 4161 3267 4215 Θεοῦ
3317 4161 3506 4227 Λόγος,
3537 4157 3624 4211 ἵνα
3660 4157 3740 4209 δι·-

2168 4256 2379 4331 καιώσῃ
2410 4259 2477 4327 τῇ
2509 4257 2688 4309 πίστει
2735 4256 2860 4318 τοὺς
2893 4253 3221 4325 προσιόντας
3255 4250 3424 4320 αὐτῷ,
3450 4251 3545 4303 καὶ
3571 4247 3740 4302 ἀπα).-

2167 4348 2301 4420 λάξῃ
2345 4348 2578 4402 θανάτου
2627 4346 2723 4400 καὶ
2758 4346 3052 4416 ἁμαρτίας.
3105 4343 3242 4396 Ἀλλ’
3275 4342 3334 4394 ού
3371 4340 3600 4407 συνῆκεν
3638 4338 3738 4391 αύ-

2166 4442 2257 4494 τδν
2280 4439 2560 4511 ὁἸσραὴλ,
2597 4437 2777 4491 καίτοι
2802 4437 3053 4506 λέγοντος
3080 4433 3267 4502 σαφῶς
3283 4450 3298 4465 ο
3323 4451 3341 4482 ι
3366 4432 3556 4502 Ἀμὴν,
3591 4431 3739 4500 ἀμὴν

2106 4528 2149 4583 D
2171 4531 2317 4598 λέγω
2346 4531 2513 4601 ὑμῖν,
2548 4530 2578 4581 6
2616 4530 2706 4583 τὸν
2746 4528 2903 4597 λόγον
2952 4544 3052 4598 μου
3098 4524 3312 4579 ἁκούων
3349 4524 3439 4577 καὶ
3469 4519 3739 4574 πιστεύων

484 4617 563 4688 τῷ
603 4619 877 4691 πέμψαντί
910 4637 997 4692 με,
1026 4620 1139 4692 ἔχει
1168 4622 1313 4694 ζωὴν
1357 4621 1591 4688 αἰώνιον,
1624 4623 1716 4678 καὶ
1756 4626 1834 4690 είς
1889 4626 2070 4697 κρίσιν
2107 4627 2207 4680 οὐκ
2233 4625 2471 4697 ἔρχεται,
2518 4623 2655 4678 ἀλλὰ
2723 4622 3099 4695 μεταϐέϐηκεν
3133 4622 3198 4673 ἐκ
3236 4618 3329 4673 τοῦ
3390 4616 3621 4673 θανάτου
3660 4618 3740 4680 εἰς

484 4712 585 4784 τὴν
615 4711 778 4786 ζωήν.
811 4735 831 4768 ι

560 4808 721 4862 Vens.
747 4809 801 4863 4.
821 4807 914 4863 Va:
930 4826 1053 4879 gens
1083 4813 1367 4878 peccatrix,
1383 4815 1603 4879 populus
1620 4814 1800 4882 plenus
1818 4814 2063 4884 peccatis,

482 4901 658 4953 semen
682 4916 922 4971 nequam,
954 4903 1055 4970 ﬁiii
1088 4903 1311 4969 scelesti,
1365 4902 1716 4973 dereliquisti:
1761 4904 2062 4971 Dominum,

483 4999 532 5042 ct
563 4991 864 5045 concitasti:
899 4992 969 5044 ad
994 4994 1325 5048 iracundiam
1351 4993 1604 5049 Sanctum
1624 4994 1810 5050 Israel.

552 5082 778 5155 Repudii
798 5085 957 5140 modo
983 5087 1302 5157 optimejatn
1326 5087 1590 5157 exposito,
1621 5096 1674 5143 et
1704 5088 2068 5159 magnitudine

482 5175 654 5230 brutte
678 5189 863 5229 eorum
894 5175 1211 5230 insulsitatis
1252 5176 1635 5241 demonstrata,
1667 5177 1923 5231 transfert
1952 5189 2063 5231 sta-

486 5265 580 5318 tim
616 5265 912 5320 oratiouem
945 5265 1139 5333 partim
1197 5265 1262 5318 ad
1302 5280 1487 5320 eorum
1514 5267 1745 5321 miserim
1792 5268 2055 5336 praedica-

483 5354 705 5417 tionem,
743 5356 939 5425 partim
972 5356 1037 5409 ad
1091 5356 1500 5409 territatiouetn.
1554 5357 1717 5410 Decet
1753 5358 1919 5419 enim,
1945 5356 2060 5424 opi-

482 5460 607 5506 nor,
642 5445 694 5496 iu
722 5447 911 5514 primis
945 5460 1228 5516 personam
1254 5447 1548 5516 propheta,
1589 5455 1795 5499 tantum
1838 5462 1942 5501 uou
1968 5462 2062 5500 eos

483 5536 784 5603 deplorare,
812 5547 868 5590 et
904 5552 970 5590 ex
1005 5537 1271 5592 iutmeuso
1310 5540 1425 5592 zelo
1454 5537 1672 5606 pietatis
1704 5538 1983 5608 insurgere
1998 5552 2063 5592 ac

482 5626 703 5683 dicere:
743 5625 829 5682 Va:
850 5629 997 5696 genti
1029 5629 1307 5699 improbas,
1332 5628 1527 5698 populo
1552 5629 1696 5683 vitiis
1726 5638 1944 5691 onusto.
1975 5642 2064 5682 se-

556 5781 802 5842 ueram.
834 5801 892 5853 tt,
930 5786 994 5841 12
1024 5800 1135 5851 seq.
1214 5787 1232 5816 ⁷
1269 5786 1428 5840 ΙΙρΙιτ.
1473 5802 1544 5847 is,
1592 5788 1669 5841 l0.

1749 5787 1768 5811 ⁸
1798 5784 1952 5841 Jtttlﬂ'.
1989 5799 2037 5849 ν,
2072 5782 2141 5837 24

2236 4810 2378 4864 Οὐαὶ
2404 4811 2579 4873 ἔθνος
2592 4805 2961 4876 ἁμαρτωλὸν,
2978 4804 3130 4870 λαὸς
3150 4805 3389 4873 πλήρης
3419 4806 3737 4876 ἁμαρτιῶν,

2160 4901 2396 4970 σπέρμα
2423 4897 2710 4967 πονηρὸν,
2743 4896 2856 4950 υἱοὶ
2886 4894 3120 4964 ἄνομοι*
3170 4895 3618 4964 ἐγκατελείπετε
3635 4897 3741 4949 τὸν

2144 4988 2396 5061 ’Κύριον,
2421 4992 2519 5045 καὶ
2550 4989 2959 5058 παρωργίσατε
2979 4987 3086 5040 τὸν
3106 4987 3307 5056 "Ag-tor
3336 4988 3440 5041 τοῦ
3469 4986 3736 5054 Ἰσραήλ.

2233 5087 2336 5138 Τὸν
2356 5086 2453 5156 τῆς
2485 5083 2793 5153 ἀθετήσεως
2837 5080 3036 5151 τρόπον
3090 5073 3150 5133 εὖ
3193 5079 3335 5150 μάλα
3383 5078 3737 5149 διηγγελκὼς,

2167 5176 2259 5229 καὶ
2299 5178 2397 5248 τῆς
2429 5174 2653 5243 ἐνούσης
2691 5172 2872 5235 αὐτοῖς
2904 5171 3126 5240 ἀλογίας
3180 5170 3510 5242 παραδείξας
3556 5171 3616 5222 τὸ
3649 5169 3744 5238 μέ-

2163 5269 2341 5338 γεθος,
2382 5267 2664 5338 μεθίστησι
2704 5265 3043 5336 παραχρῆμα
3084 5265 3176 5318 τὸν
3218 5264 3397 5332 λόγον,
3446 5261 3603 5315 τοῦτο
3644 5264 3742 5329 μὲν

2163 5362 2241 5422 είς
2297 5356 2623 5428 ταλανισμὺν
2679 5357 2766 5408 ἐπ’
2816 5357 3000 5419 αὐτοῖς
3042 5353 3306 5425 δηλονότι,
3363 5351 3522 5403 τοῦτο
3561 5351 3607 5403 δ’
3672 5346 3740 5404 αὖ

2165 5451 2325 5504 πάλιν
2358 5449 2492 5520 πρὸς
2513 5446 2821 5517 ἐπίπληξιν.
2848 5447 3053 5518 Πρέποι
3088 5445 3132 5497 δ’
3163 5443 3250 5508 ἂν,
3286 5438 3460 5511 οἶμαι,
3506 5440 3583 5511 τῷ
3608 5458 3742 5511 προ-

2168 5537 2380 5608 φητικῷ
2434 5534 2712 5607 προσώπῳ
2765 5535 2998 5606 μάλιστα
3064 5532 3123 5586 τὸ
3215 5529 3497 5601 μονονουχὶ
3551 5544 3741 5583 κατοι-

2169 5626 2371 5696 μώζειν
2417 5625 2631 5688 αὐτοὺς,
2686 5628 2774 5679 καῖ
2807 5627 2869 5678 ἐκ
2898 5623 3098 5694 πολλῆς
3140 5620 3278 5688 ἄγαν
3307 5618 3582 5688 φιλοθείιις
3614 5632 3744 5672 κατα
