4132 6316
336 348 402 422 2t

1542 365 1612 424 IN
1652 367 1889 425 ISAIAII
1929 368 2057 425 LIB.
2098 368 2138 424 1.
2176 368 2384 426 ORAT.
2426 373 2467 426 ῐ.

3528 360 3614 415 23‘

335 478 719 547 οξινίστασθαί
745 496 805 533 τε
834 480 926 535 καὶ
958 481 1137 552 λέγειν
1156 497 1168 511 ·
1217 482 1354 537 Οὐαὶ
1386 483 1537 550 ἔθνος
1584 487 1928 559 ἁμαρτωλὸν,

2051 490 2162 544 nini
2220 488 2485 552 maleﬁco,
2543 485 2668 540 iiiiis
2730 483 2973 555 perditis.
3014 479 3249 536 Omnino
3289 486 3465 531 autem
3505 483 3595 543 qui

333 569 464 633 λαὸς
502 568 712 640 πλήρης
732 571 1038 643 ἁμαρτιῶν,
1074 574 1293 644 σπέρμα
1341 575 1601 645 πονηρὸν,
1648 576 1756 628 υἱοὶ
1795 575 1918 630 ἄνο-

337 678 449 731 μοι.
479 660 705 714 Ἕπεται
727 662 858 729 γοῦν
890 663 1110 727 πάντως
1157 664 1271 728 τοῖς
1294 662 1508 717 ἀθετεῖν
1549 681 1617 735 με
1650 664 1916 729 θέλουσιν,

335 754 427 807 τὸν
444 756 703 811 ἁπάντων
735 756 872 826 ἡμῖν
919 753 1141 822 ἀγαθῶν
1171 754 1388 827 δωτῆρα
1414 754 1568 822 Θεὸν,
1603 756 1664 809 τὸ
1715 755 1919 810 ἀναπόο

335 862 521 900 νιπτον
544 846 691 917 ἔχειν
713 847 814 916 τὴν
864 845 1158 919 ἁμαρτίαν,
1214 847 1309 899 καὶ
1336 846 1696 918 πεφορτῑσθαι
1726 848 1919 913 δεινοῖς

336 936 599 1006 ἀφύκτοις
621 938 982 1009 ἐγκλήμασιν.
1012 939 1182 992 Νοσεϊ
1209 940 1317 1010 γάρ
1346 957 1464 1003 πως
1491 939 1580 995 ἀεὶ
1602 941 1637 1010 ἡ
1659 939 1918 1010 ἀθέτησις

337 1024 433 1096 τὴν
459 1026 779 1091 ἀπόστασιν,
810 1026 910 1097 τῆς
937 1028 1017 1091 είς
1041 1028 1148 1080 πᾶν
1178 1027 1360 1081 ὁτιοῦν
1384 1027 1493 1080 τῶν
1516 1030 1580 1080 ἐκ
1605 1029 1789 1082 τόπων
1824 1046 1920 1100 με·

340 1116 589 1189 τασολήν.
633 1117 818 1190 Ταύτῃ
856 1135 941 1172 τοι
982 1119 1075 1173 καὶ
1107 1119 1387 1190 ἐπήγαγεν
1410 1117 1571 1183 εὐθὺς
1620 1116 1703 1187 τὸ,
1726 1118 1920 1187 ἐγκατ-

341 1207 583 1263 ελείπετε
608 1208 700 1264 τὸν
741 1209 971 1281 Κύριον.
1013 1210 1243 1282 Σπέρμα
1269 1210 1328 1264 δέ
1369 1210 1629 1283 ὀνομάζει
1662 1208 1916 1280 πονηρὸν,

341 1299 437 1370 οὐχ
473 1299 551 1364 ὡς
600 1300 781 1366 ὄντας,
819 1301 853 1371 ἥ
896 1302 1302 1373 πεποιημένους
1342 1301 1483 1356 κατὰ
1528 1304 1690 1372 φύσιν
1742 1300 1920 1355 τοιού-

340 1408 487 1458 τους,
515 1392 631 1447 άλλ⁹
681 1394 764 1448 ὅτι
818 1393 1109 1463 γεγόνασιν
1140 1395 1207 1447 ἐκ
1236 1393 1483 1466 πονηρῶν
1520 1393 1770 1466 πατέρων
1813 1394 1922 1447 υίοὶ

344 1486 591 1557 πονηροὶ,
618 1485 763 1540 κατά
794 1500 860 1554 γε
891 1485 992 1557 τὴν
1029 1484 1272 1541 Ἰωάννου
1307 1487 1515 1556 φωνήν⁹
1547 1487 1651 1558 ἔφη
1688 1485 1797 1559 γὰρ
1826 1486 1921 1539 καὶ

346 1573 529 1637 αὐτοῖς
560 1576 674 1638 τοῖς
700 1572 1089 1647 γραμματεῦσι
1133 1574 1227 1629 καὶ
1260 1573 1576 1645 Φαρισαίοις
1607 1573 1923 1644 ἐρχομένοις

348 1666 441 1719 ἐπὶ
468 1665 529 1719 τὸ
560 1666 657 1736 τῆς
687 1665 972 1737 μετανοίας
1016 1665 1318 1737 βάπτισμα,
1360 1684 1380 1717 ι
1425 1666 1741 1736 γεννήματα
1780 1663 1921 1734 ἐχιδ-

346 1755 476 1812 νῶν.
515 1774 535 1807 ι
580 1756 759 1824 Ἀγιοι
793 1757 891 1827 μὲν
915 1756 1024 1827 γὰρ
1053 1755 1505 1825 ὁμολογουμένως
1547 1755 1597 1808 οἱ
1628 1752 1833 1825 πρῶτοί
1864 1769 1923 1806 τε

2023 582 2266 636 omnium
2339 579 2652 649 largitorem
2683 579 2943 630 bonorum
2974 571 3140 624 Deum
3193 567 3474 637 repudiare
3506 580 3597 617 vo-

2021 678 2154 742 lunt,
2217 674 2268 729 bi
2334 682 2394 728 ut
2433 671 2579 726 vitiis
2606 669 3062 727 contaminentur,
3123 674 3395 727 nunquam
3416 656 3600 712 eluen-

2020 768 2124 834 dis,
2169 765 2527 837 gravibusque
2557 774 2719 832 atque
2764 755 3186 827 inexpiabilibus
3234 752 3447 821 ﬂagitiis
3473 764 3601 803 one-

2023 834 2228 921 rentur,
2270 870 2493 913 necesse
2520 864 2621 910 est.
2652 851 2844 906 Trahit
2874 850 3016 904 enim
3074 859 3285 913 semper
3339 841 3602 911 qnodam—
3654 834 3661 851 '

2022 946 2181 999 modo
2210 944 2326 998 haec
2353 942 2653 1012 repudiatio
2682 940 2930 994 morbum
2972 934 3289 991 defectionis
3314 944 3365 985 et
3385 938 3598 998 aposta-

2024 1037 2139 1099 siaa,
2166 1033 2557 1103 demigratione
2575 1032 2626 1085 in
2648 1044 2813 1084 omne
2833 1042 2999 1097 genus
3026 1024 3302 1080 fmditatis.
3325 1021 3459 1074 llinc
3479 1018 3609 1072 illud

2021 1123 2394 1186 moxinducit,-
2415 1139 2434 1173 ι
2458 1118 2828 1189 Dereliquistis
2857 1117 3160 1173 Dominum.
3193 1133 3211 1165 ι
3230 1113 3424 1167 Semen
3445 1123 3607 1179 porro

2023 1213 2322 1269 maleficum
2349 1211 2503 1276 dicit,
2540 1225 2645 1266 non
2693 1209 2818 1279 quia
2853 1217 3037 1264 essent
3062 1216 3155 1258 aut
3190 1204 3383 1257 tierent
3406 1216 3471 1255 ex
3506 1215 3602 1253 ua-

2024 1315 2141 1360 tura
2168 1304 2325 1368 tales,
2377 1302 2472 1358 sed
2496 1301 2639 1372 quod
2676 1300 2786 1356 nati
2815 1308 2945 1355 sunt
2985 1313 3051 1352 ex
3079 1295 3320 1365 patribus
3350 1290 3610 1359 improbis

2022 1395 2117 1450 ﬁlii
2158 1410 2371 1466 quoque
2392 1393 2640 1464 improbi,
2671 1394 2821 1461 juxta
2860 1403 3048 1446 vocem
3088 1386 3336 1442 Joannis.
3369 1384 3417 1437 Is
3451 1382 3604 1437 enim

2023 1484 2229 1541 Scribis
2256 1494 2308 1540 et
2341 1483 2630 1539 Pharisaeis
2658 1483 2724 1537 ad
2747 1482 3067 1553 baptismum
3096 1474 3423 1549 poenitentiae
3456 1486 3612 1527 acce-

2021 1573 2305 1629 dentibus:
2334 1572 2674 1642 «Progenies,
2693 1569 2887 1640 inquit,
2912 1566 3307 1638 viperarum’.»
3331 1562 3497 1619 Primi
3521 1561 3605 1615 ni-

2022 1667 2220 1722 mirum
2251 1666 2325 1721 illi
2353 1666 2419 1720 ab
2448 1664 2604 1719 initio
2629 1673 2831 1733 patres,
2864 1661 3021 1730 plane
3049 1658 3220 1714 sancti
3246 1656 3605 1712 exstiterunt:

2025 1757 2117 1829 qui
2164 1772 2292 1811 vero
2342 1756 2461 1812 illos
2491 1756 2660 1811 secuti
2711 1763 2858 1821 sunt,
2912 1750 3315 1807 sceleratissimi
3365 1747 3605 1802 fuerunt.

348 1847 445 1900 καὶ
471 1847 532 1912 ἐξ
553 1848 726 1918 ἀρχῆς
752 1848 1003 1918 πατέρες,
1036 1847 1280 1918 βδελυροὶ
1308 1846 1366 1901 δέ
1395 1846 1516 1900 λίαν
1556 1845 1607 1899 οἱ
1647 1847 1761 1916 μετ’
1785 1842 1926 1898 ὲκεί-

2056 1847 2327 1901 unutritos
2346 1862 2477 1918 ergo
2504 1846 2694 1916 patriis
2718 1844 2978 1909 moribus,
3014 1850 3069 1896 et
3098 1840 3296 1895 avitam
3338 1841 3612 1891 sectantes

348 1954 490 2001 γους.
533 1936 1020 2008 Ἐντεθραμμένοις
1078 1936 1143 2007 δὴ
1204 1931 1298 1991 οὖν
1349 1938 1464 1999 τοῖς
1507 1934 1617 1988 τῶν
1674 1932 1927 2005 πατέρων

350 2028 515 2091 ἔθεσι.
549 2030 643 2082 καὶ
664 2026 997 2100 προγονικὴν
1018 2027 1316 2098 ζηλοῦντας
1340 2027 1682 2098 ἀνοσιότητα,
1707 2024 1929 2096 σπέρμα

352 2120 583 2193 πονηρὸν
609 2120 892 2191 ὠνόμασεν
953 2118 1199 2184 εἰκότως.
1250 2116 1774 2188 Ἐγκαταλελοίπασι
1818 2115 1930 2185 γάρ

352 2213 442 2265 τὸν
481 2211 702 2283 Κύριον,
734 2211 825 2264 καὶ
866 2210 1298 2283 παροτρύνοντες
1343 2211 1444 2264 οὐκ
1489 2208 1798 2263 ἐπαύσαντο
1837 2207 1930 2259 τὸν

353 2302 506 2371 ἅγιον
524 2302 616 2356 τοῦ
660 2302 896 2374 Ἰσραὴλ,
935 2302 1180 2356 τουτέστι
1212 2302 1465 2374 Χριστόν.
1516 2302 1593 2355 Οὐ
1652 2301 1761 2373 γὰρ
1808 2316 1931 2354 συν-

354 2394 495 2464 ῆκαν
526 2393 587 2447 τὸ
620 2395 707 2447 ἐπ’
737 2394 888 2466 αύτῷ
910 2395 1226 2466 μυστήριον.
1255 2392 1542 2465 Τοιγάρτοι
1572 2395 1668 2447 καὶ
1700 2393 1930 2463 μεμενή⁴

357 2497 514 2535 κασιν
569 2483 626 2535 ἐν
681 2482 1009 2555 πληρώματι
1069 2483 1180 2536 τῶν
1239 2484 1384 2537 ίδίων
1458 2482 1764 2553 ἁμαρτιῶν.
1824 2483 1934 2537 Καὶ

357 2571 514 2625 τοῦτο
537 2573 719 2636 αὐτοῖς
748 2573 986 2643 ἔφασκεν
1004 2576 1034 2627 ὁ
1051 2574 1287 2643 Χριστός
1307 2590 1320 2604 ·
1355 2592 1373 2625 ι
1400 2574 1594 2646 Ἀμὴν,
1623 2575 1769 2647 ἀμὴν
1792 2574 1935 2642 λέγω

358 2662 511 2733 ὑμῖν,
549 2663 642 2718 ἐὰν
699 2664 775 2735 μὴ
834 2664 1185 2734 πιστεύσητε,
1241 2664 1325 2718 ὅτι
1378 2664 1490 2733 ἐγὼ
1535 2666 1668 2735 εἰμὶ,
1722 2668 1779 2719 ἐν
1815 2667 1934 2729 ταῖς

360 2753 660 2824 ἁμαρτίαις
715 2756 871 2824 ὑμῶν
944 2755 1319 2810 ἀποθανεῖσθε.
1384 2775 1403 2809 ι
1471 2757 1689 2828 Πλήρης
1750 2759 1932 2811 τοίνυν

362 2844 648 2915 ἁμαρτιῶν
674 2847 703 2897 ὁ
737 2845 972 2914 Ἰσραὴλ,
1010 2847 1101 2903 καὶ
1122 2848 1200 2914 είς
1231 2845 1386 2905 τοῦτο
1420 2845 1602 2905 λοιπον
1634 2849 1936 2923 ἀφιγμένος

367 2940 701 3010 φαυλότητος
725 2983 739 3008 ,
776 2935 851 3005 ὡς
887 2940 1299 3012 πρέπεινάύτῷ
1345 2942 1407 2995 τὸ
1451 2943 1774 3007 κολάζεσθαι
1803 2945 1932 2997 δεῖν.

368 3031 764 3103 ιἰεπληρώκασι
809 3031 917 3101 γὰρ
960 3033 1054 3084 καὶ
1100 3031 1255 3084 αὐτοὶ
1310 3031 1373 3084 τὸ
1417 3032 1612 3103 μέτρον
1638 3033 1744 3086 τῶν
1794 3034 1937 3088 ίδίων

2034 1936 2384 2008 impietatem.
2411 1952 2595 1994 semen
2638 1936 2940 1992 maleﬁcum
2982 1948 3090 1988 non
3142 1930 3410 1985 immerito
3439 1925 3612 1980 nomi—

2036 2032 2204 2089 navit.
2231 2030 2644 2100 Dereliquerunt
2670 2042 2903 2098 namque
2937 2027 3239 2087 Dominum,
3279 2031 3333 2077 et
3362 2019 3617 2075 Sanctum

2037 2121 2269 2188 Israelis,
2294 2121 2503 2178 scilicet
2533 2120 2830 2186 Christum,
2852 2117 3127 2175 concitare
3148 2128 3254 2170 non
3275 2111 3616 2168 destiterunt.

2038 2212 2354 2284 Mysterium'
2373 2215 2518 2268 enim
2554 2213 2619 2269 de
2646 2214 2738 2268 illo
2766 2228 2871 2268 non
2906 2210 3322 2267 intellexerunt:
3357 2204 3539 2273 itaque
3565 2200 3619 2255 in

2036 2304 2252 2359 cumulo
2266 2320 2328 2359 ac
2355 2305 2682 2374 plenitudine
2705 2318 2923 2358 suorum
2953 2309 3298 2371 peccatorum
3325 2299 3619 2350 haeserunt.

2038 2397 2189 2465 Quod
2232 2398 2393 2453 etiam
2426 2397 2529 2452 illis
2548 2396 2795 2452 Christus
2846 2395 3012 2450 dixit:
3057 2393 3278 2453 «Amen,
3311 2402 3469 2444 amen
3503 2385 3626 2440 dico

2041 2489 2211 2555 vobis,
2247 2491 2289 2545 si
2333 2504 2439 2545 non
2479 2489 2840 2552 credideritis,
2870 2487 2992 2556 quia
3030 2500 3130 2556 ego
3160 2499 3301 2550 sum,
3342 2483 3397 2536 in
3431 2493 3624 2550 pecca-

2028 2584 2111 2638 tis
2144 2585 2334 2638 vestris
2363 2581 2664 2637 moriemini
2691 2581 2787 2633 ¹⁰.›
2818 2578 3059 2636 Onustus
3079 2580 3261 2648 itaque
3284 2575 3426 2631 vitiis
3462 2569 3623 2638 Israel

2040 2692 2111 2731 ea
2136 2678 2345 2731 demum
2383 2676 2626 2747 pervenit
2662 2674 2938 2745 nequitiae,
2977 2681 3036 2727 ut
3071 2686 3259 2741 ptenas
3305 2684 3426 2724 eum
3478 2665 3628 2721 luere

2044 2764 2205 2820 fuerit
2229 2766 2612 2835 aequissimum.
2643 2765 2850 2821 Etenim
2886 2763 3237 2834 expleverunt
3261 2769 3313 2814 et
3342 2759 3440 2829 ipsi
3477 2772 3629 2813 men.-

2043 2873 2224 2915 suram
2256 2867 2465 2926 patrum
2502 2871 2743 2922 suorum,
2786 2858 2940 2928 juxta
2985 2870 3167 2911 vocem
3207 2849 3627 2908 Servutoris‘”.

2043 2956 2098 3026 6
2116 2954 2193 3008 Ad
2209 2952 2424 3023 aliquod
2439 2952 2579 3007 enim
2601 2959 2808 3020 tempus
2826 2961 2880 3005 et
2898 2962 3203 3004 mensuram
3226 2945 3328 2999 l‘crt
3353 2946 3489 2999 Dens
3501 2958 3632 2998 con-

2049 3055 2308 3113 tetnptnm
2364 3042 2825 3112 delinquentium:
2868 3055 2990 3097 eum
3034 3049 3215 3094 autem
3243 3039 3305 3090 ad
3342 3035 3629 3104 plenitudi-

367 3125 636 3195 πατέριον,
666 3123 807 3179 κατὰ
846 3123 945 3194 τὴν
965 3122 1057 3175 τοῦ
1082 3124 1331 3194 Σωτῆρος
1362 3126 1543 3195 φωνήν
1564 3165 1577 3178 .
1626 3125 1802 3196 Μέχρι
1840 3126 1939 3196 μέν

2050 3153 2169 3191 nent
2198 3143 2252 3191 et
2297 3134 2662 3190 maturitatem
2717 3132 2919 3201 peccati
2966 3137 3147 3185 notam
3172 3128 3274 3182 sibi
3323 3136 3373 3181 et
3412 3138 3633 3194 perspe-

372 3217 475 3288 γάρ
524 3232 671 3278 τινος
703 3215 897 3285 καιροῦ
947 3215 1040 3267 καὶ
1088 3215 1289 3285 μέτρου
1349 3214 1591 3286 φορητὴν
1637 3221 1866 3270 ποιεῖται
1916 3220 1944 3270 ὁ

2049 3240 2190 3285 ctam
2209 3227 2319 3297 jam
2342 3225 2681 3295 pertigcrint,
2704 3222 3021 3294 supplicium
3039 3220 3256 3291 irrogat,
3276 3232 3337 3273 ac
3364 3232 3457 3286 pro
3481 3217 3661 3270 modm

368 3307 498 3371 Θεὸς
558 3307 668 3360 τῶν
713 3304 1177 3378 πλημμελούντων
1217 3305 1314 3378 τὴν
1362 3309 1797 3380 καταφρόνησινο
1839 3311 1944 3378 ἁφ-

374 3399 597 3471 ιίμένης
624 3397 680 3452 δὲ
701 3398 799 3469 ήδη
830 3396 967 3468 πρὸς
990 3397 1267 3468 πλήρωσιν
1286 3395 1386 3468 τὴν
1414 3399 1761 3469 ἐγνωσμένην
1797 3398 1946 3470 αὐτῷ

374 3493 472 3562 τῆς
523 3489 813 3563 ἁμαρτίας,
848 3489 1102 3560 ἐπιφέρει
1149 3490 1247 3554 τὰς
1299 3489 1474 3555 δίκας,
1531 3491 1625 3545 καὶ
1672 3491 1949 3560 ἀναλόγως

376 3586 486 3647 τοῖς
536 3581 970 3653 πλημμελήμασι
1016 3580 1234 3645 κολάζει
1272 3580 1364 3635 τὸν
1403 3582 1623 3652 ἀπειθῆ.
1667 3584 1777 3637 Καὶ
1820 3584 1950 3653 γοῦν

377 3675 406 3727 ὁ
435 3673 717 3744 προφήτης
747 3672 1023 3743 Ζαχαρίας
1047 3672 1244 3743 μέτρον
1274 3670 1621 3742 τεθεαμένος,
1652 3675 1816 3747 ήρετο
1852 3674 1953 3744 μὲν

379 3764 470 3817 τὸν
496 3763 764 3848 μακάριον
795 3763 1044 3833 ἄγγελον,
1066 3764 1095 3817 ὃ
1123 3780 1176 3816 τι
1209 3763 1273 3836 δὴ
1298 3763 1455 3817 τοῦτό
1481 3766 1601 3818 ἐστι
1638 3766 1700 3819 τὸ
1752 3765 1955 3837 μέτρον

381 3859 441 3909 τὸ
471 3856 923 3927 ἐκπορευόμενον.
956 3855 1013 3909 '0
1032 3856 1091 3909 δὲ
1134 3855 1269 3927 πρὸς
1298 3857 1481 3924 αὑτὸν,
1514 3858 1665 3930 Αὕτη
1701 3861 1735 3931 ή
1772 3859 1957 3914 ἀδικία

384 3947 562 4002 αὐτῶν
591 3948 649 4001 ἐν
701 3947 852 4020 πάσῃ
880 3949 946 4019 τῇ
980 3949 1073 4019 γῇ.
1106 3948 1399 4021 Μεμένηκε
1442 3951 1619 4005 τοίνυν
1670 3952 1963 4024 άναπότρι-

387 4056 517 4093 πτον
565 4038 705 4110 ἔχων
760 4040 859 4113 τὴν
924 4040 1199 4110 ἁμαρτίαν
1226 4043 1255 4093 ὁ
1303 4041 1538 4114 Ἰσραὴλ,
1593 4044 1687 4098 καὶ⁵
1742 4045 1841 4115 τὴν
1873 4044 1963 4098 διὰ

386 4132 623 4203 Χριστοῦ
678 4132 945 4206 κάθαρσιν
994 4133 1095 4187 οὐκ
1144 4133 1378 4205 ⁴ίὶθέλησε
1424 4134 1626 4201 λαϐεῖν,
1674 4137 1811 4190 ἀλλὰ
1854 4137 1962 4211 γὰρ

2050 3330 2104 3375 et
2142 3321 2350 3373 ratione
2374 3318 2689 3374 delictorum
2727 3315 3096 3371 inobedientes
3132 3326 3287 3383 paena
3331 3312 3515 3364 allicit.
3543 3307 3641 3362 Ni-

2056 3412 2249 3465 ntirntn
2282 3411 2418 3464 hanc
2444 3423 2747 3463 mensuram
2766 3407 3109 3477 conspicatus
3137 3403 3396 3475 propheta
3430 3402 3638 3456 Zacha-

2058 3503 2187 3566 rias,
2219 3499 2566 3568 interrogavit
2621 3499 2834 3552 beatum
2890 3496 3156 3567 angelum,
3201 3506 3449 3564 quaenam
3499 3500 3663 3546 esset

2058 3590 2171 3645 haec
2190 3604 2439 3643 mensura
2460 3603 2580 3659 quae
2612 3588 2924 3656 egreditur:
2946 3585 3034 3640 hic
3057 3597 3186 3639 vero
3207 3581 3271 3637 ad
3306 3581 3477 3646 illum,
3520 3578 3643 3634 Haec

2059 3689 2143 3735 est
2172 3679 2427 3750 iniquitas
2457 3693 2645 3734 eorum
2679 3677 2768 3747 qui
2801 3687 2926 3733 sunt
2956 3676 3008 3730 iu
3055 3675 3307 3729 universa
3334 3683 3492 3728 terra.
3527 3669 3646 3723 lier-

2060 3770 2370 3843 sitproinde
2398 3771 2560 3827 Israel
2591 3771 2644 3825 in
2677 3777 2898 3841 peccato
2922 3768 3219 3831 iudelehili,
3243 3780 3342 3823 nee
3362 3762 3645 3822 emundari

2065 3865 2235 3919 voluit
2302 3878 2399 3934 per
2442 3864 2757 3920 Christum:
2800 3864 2911 3918 imo
2959 3877 3089 3917 vero
3139 3863 3305 3917 etiam
3359 3857 3649 3925 dereliquit

2065 3969 2211 4022 eum,
2246 3970 2367 4010 cum
2427 3955 2584 4012 iidem
2632 3969 2755 4024 qua:
2782 3954 2836 4008 in
2872 3954 3020 4007 illum
3051 3960 3133 4007 est
3162 3966 3267 4005 non
3315 3947 3646 4017 recipiendo,

2069 4056 2181 4102 tum
2223 4049 2286 4104 ad
2328 4049 2442 4103 hac
2480 4047 2744 4102 dicendo:
2806 4044 2977 4107 Tolle,
3018 4043 3164 4108 tolle,
3214 4040 3470 4110 crucifige
3502 4054 3648 4101 eum,

2069 4149 2156 4195 et:
2190 4138 2305 4194 Non
2351 4140 2615 4195 habemus
2640 4151 2821 4205 regem
2851 4134 2952 4189 nisi
2993 4134 3260 4190 Cursarem
3285 4133 3351 4186 ¹¹.

389 4227 527 4298 πρὸς
548 4225 720 4296 τούτῳ
758 4225 1159 4290 καταλελοιπὼς
1220 4227 1404 4293 αὑτὸν,
1435 4227 1523 4282 διὰ
1567 4227 1661 4282 τοῦ
1702 4229 1840 4300 μήτε
1898 4230 1999 4303 τὴν
2034 4233 2115 4296 είς
2142 4232 2304 4287 αὐτὸν
2372 4228 2751 4302 προσήκασθαι
2784 4227 2984 4294 πίστιν,
3014 4227 3185 4281 είπεϊν
3210 4243 3267 4281 τε
3296 4225 3430 4299 πρὸς
3459 4225 3633 4294 τούτῳ

386 4317 632 4392 τδ,Δῖρε,
663 4314 808 4389 αἶρε,
839 4318 1072 4390 σταύρου
1107 4320 1287 4387 αὐτὸν,
1337 4321 1452 4387 καὶ,
1493 4322 1607 4376 Οὐκ
1639 4322 1835 4393 ἔχομεν
1863 4323 2085 4394 βασιλέα
2113 4328 2162 4380 εί
2197 4325 2272 4397 μὴ
2303 4324 2578 4394 Καίσαρα.

468 4411 529 4465 Τί
565 4409 654 4463 ἔτι
707 4408 981 4476 πληγῆτε
1027 4408 1450 4477 προστιθέντες
1472 4410 1766 4480 ἀνομίαν;
1807 4411 1944 4468 πᾶσι

2048 4446 2050 4457 ι
2148 4414 2317 4470 Vsus.
2360 4414 2413 4470 5.
2443 4414 2586 4482 Quid
2617 4415 2982 4485 percutiamini
3027 4413 3188 4480 ultra,
3251 4413 3501 4466 addentes
3551 4414 3660 4464 ini-

396 4498 627 4571 κεφαλὴ
650 4501 739 4566 είς
774 4499 988 4564 πόνον,
1031 4501 1129 4553 καὶ
1169 4499 1339 4555 πᾶσα
1360 4500 1574 4569 καρδία
1601 4504 1689 4568 εις
1726 4504 1931 4573 λύπην
1959 4522 1972 4539 ·

2078 4509 2373 4581 quitatem?
2405 4506 2573 4563 Omne
2612 4519 2769 4577 caput
2795 4510 2848 4562 in
2869 4508 3046 4561 labore
3071 4516 3117 4560 et
3150 4520 3300 4559 omne
3326 4519 3417 4556 cor
3451 4504 3503 4555 in
3529 4516 3656 4554 mm-

409 4592 555 4648 ’Λπὸ
586 4590 788 4644 ποδῶν
817 4591 929 4656 ἕως
959 4590 1250 4660 κεφαλῆς,
1282 4595 1395 4646 οὐκ
1438 4593 1610 4648 ἐστιν
1639 4594 1732 4648 ἐπ’
1774 4597 1944 4650 abte?

2080 4615 2198 4654 rore
2212 4614 2232 4654 :
2248 4616 2279 4652 a
2295 4597 2509 4668 pedibus
2535 4597 2609 4651 ad
2634 4605 2789 4667 caput
2812 4614 2971 4667 usque
2987 4614 3091 4651 non
3112 4605 3186 4649 est
3201 4598 3254 4649 in
3271 4609 3329 4649 eo
3356 4592 3655 4660 integritas,

400 4684 752 4752 ὁλοκληρία,
805 4684 940 4737 οὔτε
989 4684 1238 4754 τραῦμα,
1318 4685 1456 4739 οὔτε
1520 4687 1771 4757 mauu,
1842 4690 1944 4743 οὔτ

2082 4706 2243 4761 neque
2262 4690 2471 4754 vulnus,
2499 4706 2663 4761 neque
2685 4691 2838 4757 livor,
2860 4706 3020 4759 neque
3039 4689 3192 4758 plaga
3215 4697 3438 4750 tumens,
3455 4700 3558 4738 non
3585 4694 3660 4737 est

401 4774 609 4846 πληγὴ
637 4774 1121 4845 φλεγμαίνουσα;
1155 4778 1266 4830 οὐκ
1302 4775 1475 4831 ἐστιν
1511 4779 1799 4848 μάλαγμα
1849 4779 1982 4833 ἐπι-

401 4867 607 4931 θεῖναι,
641 4866 779 4922 οὔτε
812 4867 1035 4929 ἔλαιον.
1065 4867 1201 4920 οὔτε
1234 4866 1666 4936 καταδέσμους.

452 4988 455 4989 ν
486 4958 574 5024 Ὣς
609 4959 699 5030 ἐφ’
741 4959 859 5022 sva;
904 4959 1155 5030 σώματος
1184 4958 1291 5012 τῶν
1357 4959 1661 5013 Ἰουδαϊκῶν
1708 4960 1986 5031 συστημά-

404 5069 532 5117 των,
588 5049 802 5123 μικρῶν
852 5050 911 5103 τέ
963 5067 1104 5120 φημι
1150 5051 1244 5103 καὶ
1299 5051 1570 5121 μεγάλων,
1626 5051 1718 5104 καὶ
1772 5051 1880 5104 τῶν
1929 5053 1987 5103 ἐν

410 5144 665 5214 μεσότητι
708 5143 1014 5214 νοουμένων
1044 5143 1279 5195 ποιεῖται
1311 5143 1439 5205 τοὺς
1465 5142 1675 5210 λόγους.
1708 5143 1890 5198 Ἔοικε
1932 5143 1989 5197 δέ

409 5231 646 5302 κεφαλὴν
679 5232 775 5303 μὲν
825 5232 1136 5304 ὀνομάζειν,
1196 5232 1289 5287 τὸν
1333 5234 1447 5296 τοῖς
1497 5231 1775 5303 βασιλείας
1822 5234 1992 5306 αὐχή-

414 5339 578 5392 μασιν
623 5323 894 5395 εὐπρεπῆ.
932 5324 1176 5394 Καρδίαν
1220 5323 1299 5389 δὲ,
1352 5322 1454 5391 τὴν
1516 5322 1669 5393 ἱερὰν
1714 5324 1809 5377 καὶ
1854 5323 1991 5377 ἁπό-

412 5413 601 5469 λεκτον
631 5414 825 5486 φυλὴν,
852 5412 1096 5468 τουτέστι
1144 5413 1240 5486 τὴν
1266 5411 1575 5484 Λευῖτικὴν,
1625 5414 1700 5476 ὡς
1736 5413 1812 5483 τῷ
1845 5413 1995 5484 νόμῳ

418 5504 831 5574 σεσοφισμένην,
861 5506 954 5558 καὶ
997 5502 1092 5558 τοῦ
1125 5504 1324 5568 παντὸς
1356 5502 1607 5570 σώματος
1640 5502 1865 5573 ἔχουσαν
1898 5506 1994 5574 τὴν

421 5595 698 5666 φροντίδα.
727 5616 745 5647 ι
780 5597 947 5669 Χείλη
978 5596 1087 5669 γὰρ
1120 5595 1332 5665 ἱερέως,
1377 5615 1391 5643 ι
1430 5597 1613 5666 φησὶν,
1651 5615 1666 5646 ι
1700 5595 1993 5664 φυλάξεται

491 5778 513 5809 ⁹
543 5775 729 5832 Matth.
765 5792 847 5844 ιιι,
889 5777 939 5833 7.
1020 5776 1063 5810 ⁸⁸
1096 5774 1255 5830 Joan.
1296 5787 1410 5841 Vill,
1444 5774 1532 5829 2|.
1613 5775 1674 5807 ’θ’
1703 5774 1892 5831 Matth.
1922 5790 2078 5846 χχιιι,
2109 5774 2198 5830 '52.
2278 5774 2313 5805 "
2340 5771 2495 5828 Joan.
2528 5787 2639 5841 xIx,
2679 5771 2763 5829 l5.

2082 4780 2344 4852 malagma
2375 4782 2657 4852 imponere,
2688 4796 2851 4852 neque
2908 4781 3099 4842 oleum,
3136 4792 3297 4847 neque
3322 4775 3683 4846 alligaturus.‘

2160 4958 2235 5016 De
2272 4974 2379 5016 uno
2402 4958 2548 5014 velut
2581 4972 2808 5026 corpore
2848 4953 3083 5008 Judaiczn
3118 4951 3414 5015 societatis,
3449 4951 3512 5003 de
3543 4963 3666 5016 pra-

2088 5050 2193 5119 vis,
2221 5052 2460 5119 inquam,
2512 5057 2567 5103 et
2606 5046 2816 5117 magnis
2863 5052 2917 5099 et
2954 5042 3208 5098 mediocri
3244 5049 3390 5096 sorte
3426 5036 3668 5108 praeditis

2091 5140 2400 5196 hominibus
2428 5152 2731 5193 sermonem
2758 5136 3009 5191 instituit.
3041 5134 3216 5201 Caput
3246 5132 3459 5186 videtur
3488 5127 3669 5182 dicere

2093 5247 2238 5298 cum,
2261 5231 2351 5300 qui
2384 5229 2532 5300 regni
2572 5228 2938 5298 pmrogativis
2968 5235 3200 5283 ornatus
3228 5231 3309 5279 est
3336 5238 3351 5275 :
3392 5235 3486 5277 cor
3515 5234 3665 5286 vero,

2095 5327 2494 5377 sacrosanctam
2524 5325 2579 5373 et
2635 5319 2888 5373 selectam
2952 5316 3171 5379 tribum,
3214 5313 3265 5368 id
3320 5321 3425 5374 est,
3468 5308 3670 5365 Leviti-

2097 5426 2242 5477 cam,
2273 5410 2435 5465 veluti
2457 5409 2574 5480 lege
2601 5411 2891 5473 eruditam,
2924 5420 2980 5461 et
3019 5419 3205 5460 curam
3246 5403 3405 5459 totius
3427 5398 3670 5471 corporis

2102 5513 2398 5573 gerentem.
2438 5501 2631 5555 «Labia
2667 5501 2807 5554 enim
2832 5498 3153 5562 sacerdotis,
3182 5514 3200 5549 ι
3225 5496 3416 5565 inquit,
3442 5513 3461 5546 ι
3485 5506 3672 5547 (βαδιο-

2106 5596 2248 5649 dieut
2284 5591 2567 5659 judicium,
2598 5601 2651 5644 et
2687 5591 2854 5659 legent
2888 5589 3159 5658 requirent
3189 5603 3253 5642 ex
3282 5603 3377 5644 ore
3409 5581 3668 5656 ejtts“'.n

2842 5770 2904 5803 ¹¹⁹
2944 5769 3149 5827 Malach
3212 5785 3270 5835 tt,
3298 5769 3368 5833 ‘7.
