4134 6304
453 356 527 420 εὖ
1452 367 1511 425 Β.
1550 365 1821 426 CYRILLI
1863 367 2018 426 ALE}

2120 370 2329 425 lDRlNi
2369 369 2688 426 ARClﬂEP.
3632 371 3707 429 24

459 478 629 541 l’edos
651 485 865 542 demum
907 500 999 542 eos
1018 499 1137 541 esse
1162 486 1258 554 ait,
1289 487 1380 557 qui
1400 487 1452 542 in
1481 490 1768 558 postremis
1795 497 1945 553 sunt,
1971 498 2018 547 et

2132 488 2333 560 κρίσιν,
2392 490 2485 544 καὶ
2546 488 2709 560 νόμον
2769 487 3163 559 ἐκζητήσωσιν
3217 490 3282 543 ιιι
3324 487 3589 560 στόματος
3612 490 3706 545 αδ-

458 581 549 642 qui
586 585 837 646 tanquam
861 577 1098 632 infimam
1123 577 1177 632 in
1211 579 1405 649 popqu
1442 581 1727 635 stationem
1761 580 2026 636 obtinent.

458 665 690 722 Proinde
718 682 840 723 cum
868 677 1006 721 terra
1031 664 1251 723 Iudaica
1278 670 1613 727 calamitates
1650 687 1751 726 non
1783 670 2029 728 ferendas

460 758 835 822 sustinuisset,
873 758 1320 827 depopulantibns
1357 773 1475 815 eam
1513 776 1656 817 nunc
1689 742 2026 832 Babyloniis,

462 862 604 902 nunc
621 847 860 904 finitimis
872 851 1140 919 gentibus,
1156 860 1212 904 et
1225 860 1444 919 propter
1460 851 1783 922 impietatem
1803 853 1854 907 in
1872 853 2029 909 Chri-

458 948 624 1001 stum,
649 939 1009 996 Romanorum
1033 942 1278 997 manibus
1291 950 1437 999 esset
1467 946 1880 1011 concremanda,
1904 960 2025 1000 cum

458 1041 642 1084 eorum
670 1032 831 1085 etiam
881 1033 1468 1100 regunmevertendum
1498 1042 1664 1100 esset,
1693 1033 2027 1105 (alienigenae

456 1124 597 1178 enim
619 1137 713 1178 eos
747 1123 1092 1194 subegerunt)
1119 1140 1349 1196 cumque
1373 1127 1661 1181 sacerdotii
1685 1127 1864 1181 munia
1885 1127 2025 1195 apud

454 1229 547 1268 ens
577 1221 874 1278 cessarent,
908 1212 1188 1267 sacrificiis
1233 1214 1526 1279 subversis,
1576 1215 1776 1283 templo
1811 1214 2026 1271 sublato

452 1316 559 1357 non
606 1304 717 1359 aris
749 1304 1112 1366 manentibus,
1139 1320 1243 1359 non
1279 1306 1601 1371 sacerdotio,
1628 1306 1756 1376 fnon
1783 1307 2026 1362 declara-

455 1393 711 1458 tionibus,
751 1393 905 1463 juxta
934 1394 1209 1464 prepbetm
1255 1408 1467 1461 vocem,
1507 1395 1635 1449 hinc
1678 1395 1809 1449 dicit
1838 1408 1854 1449 :
1887 1395 2026 1462 Quid

453 1484 826 1552 pereutiamini
850 1483 1013 1550 ultra,
1045 1486 1306 1541 addentes
1342 1486 1720 1555 iniquitatem?
1759 1484 2023 1542 lnﬂictum

450 1585 555 1641 est,
584 1574 780 1646 inquit,
808 1576 959 1631 vobis
989 1591 1148 1632 omne
1164 1591 1333 1647 genus
1356 1577 1448 1632 ira:
1473 1586 1529 1632 et
1561 1578 1805 1648 supplicii
1837 1594 1866 1632 a
1893 1578 2021 1645 Deo,

451 1669 597 1723 diras
640 1669 1029 1737 continuasque
1064 1668 1197 1725 alias
1246 1683 1410 1739 super
1452 1670 1588 1726 alias
1634 1684 1823 1739 poenas
1857 1671 2024 1742 depo-

451 1767 636 1815 scente
669 1777 686 1814 :
724 1759 776 1830 7
824 1759 988 1814 nihilo
1020 1769 1197 1815 tamen
1242 1763 1417 1815 minus
1443 1769 1838 1832 contemptores
1865 1762 2020 1826 estis,

2128 580 2244 635 τοῦ.
2280 602 2299 634 ι
2328 581 2498 645 Πόδας
2521 580 2577 634 δὲ
2607 576 2745 633 εἷναί
2774 597 2905 651 φησι
2930 581 3053 644 τοὺς
3085 582 3143 633 ιν
3170 581 3439 654 ἐσχάτοις.
3470 580 3562 635 καὶ
3600 576 3711 636 οἷον

2130 672 2427 726 κατωτάτω
2473 671 2736 741 λαχόντας
2783 670 2938 736 τάξιν
2992 673 3049 725 ἑν
3097 673 3211 735 τοῖς
3266 671 3438 734 λαοῖς.
3498 670 3711 725 Οὐκοῦν

2127 762 2421 835 ἐπειδήπερ
2467 761 2744 816 δύσοιστον
2791 761 2892 832 μὲν
2959 761 3062 832 ήδη
3116 761 3489 831 ταλαιπωρίαν
3532 762 3566 833 ἡ
3601 759 3711 814 τῶν

2140 853 2409 907 Ἰουδαίων
2438 854 2823 924 ὑπομεμένηκε
2846 853 2941 922 γῆ,
2970 852 3386 926 καταδῃούντων
3405 851 3591 923 αὐτὴν,
3620 853 3710 905 ὅτε

2130 944 2229 1015 μὲν
2288 943 2663 1012 Βασυλωνίων,
2720 945 2809 997 ὅτε
2870 944 2927 998 δὲ
2981 943 3090 997 τῶν
3139 943 3449 1014 προσοίκων
3513 944 3707 1008 ἐθνῶν,

2125 1036 2317 1107 ἔμελλε
2366 1036 2861 1109 καταπίμπρασθαι
2893 1038 3013 1099 ταῖς
3050 1034 3333 1106 Ῥωμαίων
3389 1035 3578 1106 χερσὶν
3620 1034 3710 1088 διὰ

2123 1128 2223 1200 τὴν
2254 1129 2335 1191 εἰς
2361 1129 2595 1200 Χριστὸν
2624 1129 2899 1192 ἀσέϐειαν,
2934 1127 3029 1180 καὶ
3078 1126 3560 1196 άνατραπήσεσοαι
3609 1125 3709 1195 μὲν

2123 1220 2157 1288 ἠ
2187 1219 2316 1291 παρ’
2372 1222 2554 1284 αὐτοῖς
2611 1218 2880 1290 βασιλεία,
2935 1218 3313 1288 κεκρατήκασι
3364 1216 3474 1284 γὰρ
3526 1214 3708 1269 αὐτῶν

2125 1308 2462 1378 ἀλλογενεῖς,
2527 1311 2910 1380 ἀπρακτήσειν
2955 1308 3014 1361 δὲ
3061 1308 3193 1378 παρ’
3244 1309 3449 1371 αὐτοῖς,
3494 1308 3588 1360 καὶ
3635 1306 3708 1361 τὰ

2123 1397 2223 1467 τῆς
2248 1396 2549 1468 ἱερωσύνης
2588 1397 2745 1468 ἔργα,
2774 1399 2973 1456 θυσιῶν
3014 1397 3532 1469 άνατετραμμένων,
3572 1395 3708 1450 καθ⁴

2125 1488 2405 1561 ῃρημένου
2442 1488 2536 1542 τοῦ
2586 1488 2736 1553 ναοῦ,
2773 1488 3175 1560 θυσιαστηρίων
3204 1489 3309 1542 οὐκ
3352 1487 3542 1549 ὄντων,
3581 1484 3707 1539 οὔτε

2128 1579 2418 1650 ίερατείας,
2442 1579 2565 1633 οὔτε
2591 1579 2784 1647 δήλων,
2827 1579 2971 1633 κατὰ
3002 1579 3103 1650 τὴν
3146 1579 3240 1633 τοῦ
3282 1579 3561 1649 προφήτου
3591 1594 3706 1647 φω-

2123 1671 2243 1743 νὴν,
2290 1670 2460 1740 ταύτῃ
2495 1670 2579 1723 τοί
2630 1686 2785 1741 φησι,
2804 1669 2869 1724 Τί
2913 1669 2996 1724 ἔτι
3034 1670 3279 1740 πληγῆτε
3324 1668 3708 1739 προστιθέντες

2124 1763 2357 1833 ἀνομίαν
2382 1779 2396 1827 ;
2425 1763 2803 1834 ἐπενήνεκται,
2826 1761 3012 1833 φησὶν,
3042 1761 3172 1831 ὑμῖν
3201 1762 3310 1814 πᾶν
3340 1756 3479 1822 είδος
3512 1760 3704 1830 ὀργῆς,

453 1860 510 1906 et
538 1824 1086 1920 alumniiniquitatis.
1112 1850 1253 1921 Ergo
1275 1851 1403 1921 quid
1430 1824 1800 1920 percutientini
1840 1824 2018 1906 ultra‘l

2126 1824 2240 1911 καὶ.
2272 1824 2425 1910 αἰκία
2477 1824 2626 1926 παρὰ
2665 1824 3095 1926 Θεοῦίσκληρὰς
3136 1853 3233 1906 καὶ
3273 1824 3707 1923 ἀλλεπαλλήλους

449 1956 694 2013 quanam
717 1942 938 1998 ultionis
968 1958 1220 1998 mensura
1247 1943 1402 1998 vobis
1438 1944 1543 1996 erit
1570 1943 1702 1997 satis
1733 1943 1798 1998 ad
1829 1957 2018 1998 emen~

449 2035 767 2090 dationem?
804 2034 863 2089 in
885 2050 1094 2089 summa
1124 2048 1247 2104 quae
1275 2033 1567 2095 acerbitas,
1590 2048 1711 2103 quae
1742 2033 2020 2089 calamitas

450 2126 635 2181 inferri
666 2126 856 2194 possit,
893 2140 1012 2195 quae
1040 2123 1153 2191 jam
1193 2138 1300 2180 non
1339 2124 1574 2179 accidit?
1622 2124 1795 2180 Omne
1859 2136 2020 2193 caput

448 2218 614 2286 dolet,
644 2232 805 2273 omne
838 2232 933 2271 cor
969 2224 1183 2283 moeret,
1228 2231 1257 2269 a
1301 2216 1528 2285 pedibus
1554 2217 1620 2272 ad
1645 2226 1803 2287 caput
1824 2232 2013 2288 usque.

446 2309 655 2365 Etenim
673 2309 763 2381 qui
786 2310 930 2380 regia
960 2309 1223 2381 dignitate
1247 2306 1539 2378 pollebaitt,
1564 2309 1840 2366 laboribus
1869 2309 2009 2364 haud

449 2419 635 2461 narum
668 2402 1087 2469 aﬂiictabantur,
1120 2417 1243 2458 cum
1284 2403 1349 2458 ad
1380 2403 1738 2460 resistendum
1778 2404 2012 2475 impres-

449 2492 693 2551 sionibus
714 2496 954 2551 hostium
976 2512 1134 2566 pares
1156 2510 1266 2551 non
1293 2504 1504 2551 essent.
1531 2496 1856 2551 Sacerdotes
1880 2498 2011 2551 item

449 2587 642 2640 dolore
670 2586 855 2640 affecti
886 2586 1183 2655 aliiictique
1209 2592 1337 2641 sunt
1374 2585 1599 2649 abolito,
1624 2594 1684 2639 ut
1737 2585 2010 2649 dixeram,

449 2671 742 2726 sacrificio.
777 2671 951 2726 Pedes
973 2687 1213 2742 quoque,
1262 2670 1368 2726 hoc
1398 2681 1503 2736 est,
1535 2672 1763 2727 extremi
1831 2672 2014 2728 homi-

454 2778 550 2818 nes
591 2772 647 2817 et
702 2764 877 2819 intimi
932 2763 1399 2833 percutiebantur,
1435 2771 1543 2818 tam
1601 2763 1785 2819 hostili
1833 2763 2014 2831 gladio

449 2837 690 2916 οοῑῗὲἷεείῖ
709 2867 871 2921 quam
905 2853 1047 2907 fame
1077 2860 1134 2907 et
1152 2852 1441 2908 sterilitate
1465 2852 1678 2916 domiti,
1705 2861 1762 2908 et
1786 2853 1839 2908 in
1863 2868 2014 2908 sum-

449 2958 552 3000 mae
575 2943 812 3000 miseria
830 2944 1124 2999 discrimen
1150 2944 1393 3000 adducti.
1451 2945 1597 3001 Dicit
1633 2946 1816 3016 itaque
1846 2962 1862 3004 :
1893 2946 2013 3002 Non

446 3046 532 3092 est
570 3038 790 3103 vulnus,
827 3037 988 3104 livor,
1016 3036 1171 3108 plaga
1201 3046 1441 3104 tumens,
1497 3053 1603 3094 nec
1634 3048 1718 3096 est
1748 3039 2013 3109 malagma

442 3127 584 3192 quod
616 3143 876 3199 apponas,
925 3145 1030 3184 non
1055 3128 1255 3193 oleum,
1289 3144 1396 3186 non
1431 3130 1754 3200 alligatur-az.
1786 3132 2012 3199 Quando
2041 3170 2083 3228 ε

445 3220 654 3275 scilicet
679 3221 903 3275 modica:
960 3220 1131 3290 plagae
1161 3220 1458 3275 humanum
1490 3235 1689 3292 corpus
1737 3224 2011 3289 infestant,

442 3320 498 3365 et
535 3325 700 3365 unum
750 3313 1121 3368 tantummodo
1181 3315 1480 3370 membrum
1554 3315 1788 3383 pervasit
1830 3315 2011 3381 lazsio;

445 3412 574 3457 tunc
625 3402 917 3460 moderatae
971 3407 1281 3462 curationes
1328 3421 1513 3461 eorum
1549 3407 1639 3475 qui
1688 3406 1764 3460 rei
1796 3405 2015 3460 medicae

443 3495 595 3563 gnari
630 3503 773 3561 sunt,
804 3503 928 3563 puta
961 3496 1258 3567 malagma),
1292 3496 1606 3567 ligamenta,
1641 3508 1697 3552 et
1730 3495 1834 3553 olei
1869 3497 2014 3553 inun-

442 3581 552 3638 ctio
587 3593 870 3641 contentas
897 3598 1076 3656 partes
1106 3603 1170 3644 ac
1195 3589 1397 3659 rigidas
1427 3589 1723 3656 resolvens,
1761 3604 1885 3647 esse
1920 3604 2014 3661 po-

442 3666 624 3727 terunt
647 3675 785 3728 usui.
824 3674 956 3730 Cum
998 3686 1176 3731 autem
1207 3693 1416 3749 corpus
1455 3686 1625 3733 totum
1699 3689 2012 3747 corruptum

438 3774 546 3832 est,
580 3767 874 3835 'quodnam
925 3770 1229 3826 curationis
1263 3786 1432 3841 genus
1474 3770 1753 3841 proderit?
1783 3771 2015 3841 Superat

438 3856 844 3917 enim_omnem
900 3862 1264 3917 remediorum
1313 3862 1420 3916 vim
1462 3876 1527 3916 ac
1581 3862 1835 3917 virtutem
1878 3862 2013 3917 artis

438 3949 753 4018 magnitudo
796 3952 992 4007 morbi.
1046 3953 1232 4024 Itaque
1292 3953 1516 4025 populus
1579 3951 1837 4009 Judaicus
1896 3953 2007 4023 jam

438 4043 818 4101 consauciatus
866 4046 1052 4101 sanari
1119 4061 1228 4101 non
1289 4054 1465 4115 potest
1513 4062 1528 4101 :
1598 4055 1653 4101 et
1698 4046 2012 4101 inveteratis

440 4135 645 4190 morbis
682 4152 805 4191 cum
832 4136 1042 4194 laboret
1090 4136 1526 4203 intolerabiliter,
1571 4151 1670 4192 nec
1698 4136 1807 4191 ullo
1851 4137 2010 4192 modo

438 4225 486 4278 ei
518 4228 760 4282 succurri
790 4230 976 4297 possit,
1005 4230 1223 4284 omnino
1242 4229 1421 4299 periit.
1454 4229 1601 4284 Unde
1625 4228 1859 4284 etdivini
1884 4243 2001 4298 pro-

2124 1946 2388 2020 ὲξῄτησθε
2454 1947 2629 2013 δίκας,
2659 1945 2773 1999 ἀλλ’
2805 1944 2957 1998 οὐδὲν
3001 1939 3162 2016 ἧττον
3201 1944 3325 1997 ἐστὲ
3364 1959 3709 2015 καταφρονηά

2122 2036 2214 2092 ταὶ
2286 2037 2381 2091 καὶ
2436 2037 2668 2107 ἀνομίας
2715 2034 3023 2108 σύντροφοι.
3066 2032 3133 2088 Τί
3182 2030 3275 2087 οὖν
3306 2032 3386 2086 ἔτι
3422 2032 3703 2102 πληγῆτες

2125 2132 2275 2184 ποῖον
2299 2128 2425 2199 ὑμῖν
2462 2128 2645 2191 αίκίας
2675 2127 2898 2198 ἀρκέσει
2934 2128 3134 2198 μέτρον
3175 2126 3256 2189 είς
3293 2123 3703 2194 ὲπανόρθωσιν;

2120 2220 2176 2275 τί
2227 2220 2281 2274 δὲ
2316 2220 2453 2283 ὅλως
2510 2218 2931 2290 ὲπενεχθήσεται
2969 2218 3078 2272 τῶν
3131 2216 3339 2279 δεινῶν,
3376 2214 3404 2269 ὃ
3458 2215 3533 2285 μή
3589 2228 3707 2278 πως

2123 2310 2503 2383 συμϐέϐηκενς
2567 2312 2715 2364 πᾶσα
2769 2310 2980 2381 κεφαλὴ
3033 2311 3116 2372 είς
3167 2309 3347 2371 πόνον,
3406 2307 3503 2359 καὶ
3551 2307 3706 2359 πᾶσα

2120 2403 2316 2474 καρδία
2341 2404 2422 2466 εἰς
2450 2401 2626 2471 λύπην
2672 2401 2780 2454 ἀπὸ
2833 2400 3008 2453 ποδῶν
3039 2399 3148 2463 ἓως
3187 2396 3448 2468 κεφαλῆς.
3501 2396 3563 2447 Οἱ
3607 2393 3704 2465 μὲν

2118 2495 2229 2564 γὰρ
2273 2496 2372 2566 τὴν
2423 2494 2672 2565 βασιλίδα
2710 2493 2887 2564 τιμὴν»
2927 2492 3182 2562 λαχόντες
3222 2490 3591 2556 πεπονήκασιν
3639 2487 3704 2538 οὐ

2122 2584 2378 2653 μετρίως,
2423 2584 2695 2652 ἀντισχεῖν
2737 2583 2836 2635 οὐκ
2882 2580 3097 2651 ἔχοντες
3140 2581 3257 2642 ταῖς
3285 2577 3394 2631 τῶν
3429 2576 3704 2646 πολεμίων

2119 2673 2398 2743 ἐμϐολαῖς.
2449 2673 2790 2743 Λελύπήνται
2842 2673 2938 2726 καὶ
2991 2672 3041 2725 οἱ
3098 2672 3263 2741 ἱερεῖς
3309 2667 3586 2741 ἀργούσης
3627 2667 3703 2729 ὡς

2118 2760 2254 2829 ἔφην
2289 2759 2499 2824 θυσίας.
2542 2762 2898 2831 Ἐπλήττοντο
2919 2762 2975 2814 δὲ
3000 2762 3093 2815 καὶ
3122 2762 3172 2815 οἱ
3197 2760 3376 2824 πόδες,
3420 2758 3701 2813 τουτέστιν

2117 2850 2167 2902 oi
2206 2847 2505 2901 τελευταῖοι
2544 2849 2636 2901 καὶ
2685 2848 3007 2902 κατώτατοι.
3067 2849 3238 2902 Τοῦτο
3303 2848 3401 2918 μὲν
3445 2849 3556 2909 τοῖς
3590 2845 3702 2899 τῶν

2119 2939 2393 3010 πολεμίων
2429 2938 2606 3006 ξίφεσι
2644 2937 3044 3008 δαπανώμενοι,
3085 2940 3245 2991 τοῦτο
3292 2939 3350 2991 δὲ
3399 2938 3495 2993 καὶ
3520 2936 3700 3007 >.ιμοῖς

2117 3049 2177 3086 τε
2208 3032 2302 3086 καὶ
2339 3031 2642 3104 ἁκαρπίαις
2670 3028 3162 3101 κατατρυχόμενοι,
3189 3029 3282 3080 καὶ
3324 3029 3420 3097 τῆς
3459 3029 3698 3099 ἀκράτου

2116 3123 2487 3194 ταλαιπωρίας
2523 3124 2601 3187 είς
2644 3124 2840 3192 πεῖραν
2875 3119 3246 3189 ἐνηνεγμένοι.
3278 3117 3569 3186 Τοιγάρτοι
3597 3133 3699 3186 φη-

2118 3213 2223 3278 σὶν,
2247 3215 2358 3270 Οὐκ
2389 3214 2503 3267 ἔστι
2545 3213 2810 3283 μάλαγμα
2848 3210 3135 3275 ἐπιθεῖναι,
3186 3207 3296 3261 οὔτ’
3341 3207 3539 3271 ἔλαιον,
3575 3206 3700 3261 οὔτε

2115 3302 2514 3375 καταδέσμους.
2563 3304 2680 3355 Ὃτ’
2708 3301 2774 3356 ἂν
2826 3301 2924 3373 μὲν
2959 3298 3067 3372 γὰρ
3113 3297 3415 3369 σύμμετροί
3451 3314 3594 3361 τινες
3621 3297 3700 3368 τῷ

2116 3394 2441 3465 ἀνθρωπίνῳ
2491 3393 2701 3465 σώματι
2755 3392 3094 3463 συμϐαίνωσι
3147 3390 3372 3460 πληγαὶ,
3417 3391 3511 3442 καὶ
3576 3389 3699 3443 καθ’

2116 3484 2232 3549 ἐνὸς
2268 3486 2337 3539 ίόι
2382 3474 2573 3556 μέλους
2632 3485 2667 3555 ή
2714 3482 2914 3554 βλάϐη,
2958 3480 3280 3553 τοτηνικάδε
3321 3481 3569 3551 χρήσιμα
3599 3481 3697 3550 τῆς

2113 3578 2223 3631 τῶν
2249 3575 2609 3647 θεραπεύσειν.
2654 3575 2870 3629 εἰδότων
2921 3571 3223 3635 ἐπιεικείας
3269 3570 3338 3624 τά
3384 3573 3693 3642 εὑρήματα.

2114 3664 2226 3724 οἷον
2273 3669 2555 3740 μάλαγμα,
2593 3669 2688 3722 καὶ
2731 3666 3082 3736 κατάδεσμοι,
3140 3665 3236 3718 καὶ
3292 3664 3471 3718 ἐλαίου
3518 3664 3696 3735 χρίσις

2113 3760 2327 3831 χολῶσα
2377 3760 2445 3814 τὰ
2468 3759 2867 3829 συντεινόμενα.
2894 3759 3062 3811 Ὅταν
3104 3755 3161 3808 δὲ
3196 3754 3264 3808 δι’
3290 3756 3409 3808 ὅλον
3444 3755 3505 3808 τὸ
3537 3754 3698 3823 σῶμα

2114 3851 2264 3922 νοσῇ.
2294 3850 2387 3904 καὶ
2413 3848 2496 3918 ἐφ’
2527 3847 2703 3919 ἐαυτῷ
2753 3844 3203 3917 καταφθείρηται,
3246 3846 3397 3908 ποῖος
3431 3843 3579 3914 αὐτῷ
3607 3843 3697 3895 θε-

2118 3942 2345 4013 ραπείας
2381 3940 2588 4012 ὀνίνησι
2635 3938 2873 4010 τρόπος;
2908 3938 3035 4007 νικᾷ
3087 3936 3199 4007 γὰρ
3246 3938 3461 3999 πάντως
3498 3936 3696 3988 τῶνὲκ

2111 4032 2307 4104 τέχνης
2363 4030 2819 4103 ὲπικουρημάτων
2874 4030 2973 4100 τὴν
3006 4028 3253 4098 δύναμιν,
3296 4028 3394 4097 τῆς
3434 4026 3587 4079 νόσου
3625 4025 3688 4077 τὸ

2117 4123 2366 4195 μέγεθος.
2413 4122 2656 4185 Ἀνίατος
2688 4118 2976 4190 τοιγαροῦν
3017 4121 3051 4189 ή
3090 4117 3200 4170 τῶν
3247 4115 3513 4169 Ἰουδαίων
3557 4114 3694 4182 πλη-

2113 4216 2209 4280 θὺς
2243 4213 2611 4285 περιπεσοῦσα
2638 4211 2969 4283 τραύμασιν,
3017 4209 3110 4262 καὶ
3145 4208 3436 4278 άφορήτως
3464 4204 3693 4259 νοσοῦσα

439 4317 613 4380 pheta:
636 4316 890 4372 dixerunt
923 4333 937 4372 :
990 4335 1010 4369 ι
1042 4297 1363 4373 Curavimus
1401 4318 1750 4390 Babylonem,
1781 4297 1895 4375 non
1920 4329 2011 4375 est

2120 4306 2182 4360 τὰ
2220 4305 2278 4373 ἐξ
2322 4304 2514 4377 ὀργῆς,
2548 4302 2827 4358 ἀπόλωλεν
2859 4299 3189 4372 ὁλοτρόπως,
3238 4297 3466 4367 μηδενὸς
3508 4297 3692 4359 αὐτοῖς

437 4417 651 4475 sanata,
700 4408 1034 4464 deseruimus
1094 4424 1215 4463 eam
1269 4411 1333 4465 η.
1368 4428 1388 4463 s
1422 4388 1685 4478 Babyloni
1740 4413 2007 4481 siquidem

2120 4398 2477 4469 βοηθήσαντος
2501 4396 2723 4468 τρόπου.
2765 4392 3053 4461 Τοιγάρτοι
3092 4390 3328 4459 ἔφασκον
3375 4394 3469 4440 καὶ
3517 4389 3565 4439 οἱ
3610 4388 3694 4439 θε-

438 4501 678 4570 gentium
714 4501 856 4565 urbi;
898 4509 955 4557 et
1004 4500 1119 4557 haec
1165 4502 1295 4556 urbs
1334 4501 1461 4557 licet
1503 4476 1689 4558 sancta
1723 4476 1864 4557 dicta
1911 4502 2003 4566 sit,

2120 4489 2323 4541 σπέσιοι
2377 4489 2689 4559 προφῆται’
2752 4503 2771 4536 ι
2819 4480 3209 4550 ’ἰατρεύσαμεν
3243 4478 3342 4550 τὴν
3372 4476 3688 4570 Βαϐυλῶνα,

437 4568 661 4661 propter
705 4591 1039 4660 impietatem
1074 4592 1126 4646 in
1151 4590 1429 4647 Christum
1480 4592 1734 4659 maxime,
1775 4601 1829 4649 et
1882 4593 2007 4662 quia

2120 4581 2201 4635 καὶ
2260 4581 2360 4634 οὐκ
2404 4580 2549 4649 ἰάθη,
2607 4575 3069 4646 ὲγκατελείπομεν
3121 4571 3310 4639 αύτήν.
3345 4588 3364 4621 ι
3405 4568 3688 4622 Βαϐυλῶνι

441 4697 564 4737 eam
625 4682 951 4739 manufactis
1009 4683 1379 4752 oppleverunt,
1422 4694 1727 4754 comparata
1757 4693 1841 4739 est
1875 4661 2010 4739 aut-

2120 4674 2212 4745 γὰρ
2246 4675 2311 4744 τῇ
2360 4671 2466 4725 τῶν
2513 4669 2680 4723 ἐθνῶν
2710 4666 3124 4741 παρεικάζεται,
3169 4662 3344 4716 καίτοι
3379 4661 3532 4724 πόλις
3558 4661 3688 4730 ἁγία

436 4784 561 4844 pote
592 4788 712 4830 cum
738 4791 769 4831 a
796 4776 1185 4833 consuetudine
1208 4752 1563 4847 institutoque
1592 4775 2008 4848 Babyloniorum

2120 4762 2594 4835 ιιατωνομασμένη,
2648 4760 2738 4815 διά
2770 4777 2852 4813 τοι
2894 4757 3130 4829 μάλιστα
3185 4753 3282 4825 τὴν
3316 4754 3397 4816 είς
3453 4752 3687 4821 Χριστὸν

438 4864 752 4934 neutiquam
781 4866 1097 4922 recederet:
1132 4881 1257 4937 quae
1298 4867 1442 4923 dicta
1491 4878 1577 4923 est
1623 4870 1784 4925 etiam
1813 4870 2010 4926 civitas

2120 4855 2383 4917 ioé6atav,
2410 4854 2555 4926 ἢκαὶ
2583 4854 2666 4906 ὅτι
2704 4850 2815 4904 τῶν
2855 4846 3241 4920 χειροποιήτων
3274 4844 3686 4915 ἐνεπίμπλασαν

436 4956 787 5030 sculptilium.
1149 4934 1168 4937 ἡ
1742 5019 1747 5023 _

2120 4947 2298 5020 ιύτὴν,
2329 4944 2405 5009 ὡς
2429 4944 2549 4998 κατ’
2577 4941 2765 4996 οὐδένα
2799 4939 2998 5008 τρόπον
3017 4939 3083 5008 τῇ
3115 4934 3470 4990 Βαϐυλωνίων
3518 4949 3687 5005 παραο

2110 5040 2399 5111 χωρήσειν,
2425 5036 2461 5108 ἦ
2492 5034 2588 5090 καὶ
2636 5032 2950 5103 ὠνόμασται
2973 5029 3046 5099 γῆ
3079 5027 3189 5082 τῶν
3216 5025 3488 5096 γλυπτῶν.

2184 5129 2246 5184 Ἠ
2287 5126 2362 5198 τῆ
2387 5124 2556 5195 ὑμῶν
2582 5124 2821 5194 ἕρημος,
2857 5123 2916 5174 αὶ
2950 5119 3157 5184 πόλεις
3203 5116 3369 5187 ὑμῶν
3398 5113 3685 5183 πυρίκαυ-

2109 5233 2262 5282 στοι,
2322 5216 2435 5283 τὴν
2481 5216 2678 5287 χώραν
2733 5210 2901 5284 ὑμῶν
2959 5210 3213 5265 ἐνώπιον
3274 5205 3441 5276 ὑμῶν
3496 5203 3683 5259 ἁλλό-

2110 5325 2255 5376 τριοι
2322 5307 2749 5361 κατεσθίωσιν
2796 5298 3012 5371 αὐτὴν,
3067 5299 3176 5354 Καὶ
3209 5296 3509 5366 ἠρήμωται
3549 5309 3682 5347 κατ-

814 5468 819 5475 ,
2109 5393 2481 5465 εστραμμένη
2512 5393 2631 5448 ὑπὸ
2662 5390 2829 5448 λαῶν
2857 5389 3208 5457 ἀλλοτρίων.

502 5483 655 5551 Quod
710 5470 912 5541 dictum
948 5483 1231 5543 videbatur
1262 5485 1659 5559 quodammodo
1697 5485 2002 5553 obscurius,

2181 5486 2255 5540 Τὸ
2297 5484 2664 5556 ἁσαφέστερόν
2714 5500 2830 5547 πως
2897 5482 2930 5553 ἢ
2988 5480 3127 5553 χρῆν
3179 5476 3429 5546 εἰρῆσθαι
3490 5470 3680 5527 δοκοῦν

432 5586 597 5645 quam
644 5574 751 5630 dici
804 5580 1061 5643 oportuit,
1097 5578 1148 5633 id
1201 5558 1417 5650 planum
1466 5587 1521 5633 et
1562 5586 1804 5648 apertum
1840 5577 1988 5633 facit.

2120 5576 2433 5646 καθίστησιν
2465 5573 2709 5646 ἐναργές.
2745 5572 2810 5625 Τί
2858 5572 2965 5641 γὰρ
3001 5569 3066 5623 ἂν
3113 5566 3354 5637 βούλοιτο
3388 5561 3580 5635 δηλοῦν
3597 5558 3678 5618 τὸ.

433 5666 573 5734 Quid
629 5665 774 5722 enim
826 5670 927 5724 hoc
955 5668 1240 5739 signiﬁcat,
1275 5686 1379 5726 non
1422 5678 1506 5726 est
1543 5668 1806 5740 malagma
1846 5668 1989 5740 quod

2120 5669 2197 5724 ιύκ
2218 5665 2330 5721 εστι
2372 5664 2634 5735 μάλαγμα
2670 5662 2956 5725 ἐπιθεῖναι,
2982 5657 3106 5712 οὔτε
3127 5657 3322 5721 ἔλαιον,
3360 5654 3482 5707 οὗτε
3516 5667 3680 5707 καταο

505 5116 669 5176 Vsus.
704 5118 756 5175 7.
799 5115 962 5174 Terra
1012 5129 1179 5175 vestra
1237 5116 1465 5184 deserta,
1520 5120 1758 5177 civitates
1820 5132 2006 5177 vestra

433 5210 544 5279 igni
576 5221 820 5267 cremata
863 5219 1008 5277 sunt,
1060 5211 1315 5281 regionem
1366 5222 1599 5266 nostram
1638 5213 2004 5282 incomperta:

438 5312 602 5355 restro
625 5303 781 5357 alieni
810 5302 1084 5358 devorant.
1129 5302 1196 5356 Et
1224 5311 1426 5357 vastata
1460 5312 1557 5366 est,
1586 5318 1765 5357 eversa
1785 5319 1817 5358 a
1844 5318 2006 5373 papu-

433 5392 498 5447 lis
528 5392 733 5448 alienis.

510 5816 555 5856 "
594 5813 792 5878 Jerctn.
829 5832 899 5878 tu.
929 5819 980 5876 9.
