  <div class='ocr_page' id='page_1' title='image "/cluster/home/n/w/nwhite01/storage/ocr_20150623/70/mdp.39015078384453/021.png"; bbox 0 0 4134 6304; ppageno 0'>
   <div class='ocr_carea' id='block_1_1' title="bbox 449 287 3696 356">
    <p class='ocr_par' dir='ltr' id='par_1_1' title="bbox 449 287 3696 356">
     <span class='ocr_line' id='line_1_1' title="bbox 449 287 3696 356; baseline 0.004 -12"><span class='ocrx_word' id='word_1_1' title='bbox 449 288 517 344; x_wconf 67' lang='grc' dir='ltr'>τί</span> <span class='ocrx_word' id='word_1_2' title='bbox 1450 287 1507 344; x_wconf 81' lang='lat'><strong>5.</strong></span> <span class='ocrx_word' id='word_1_3' title='bbox 1550 288 1822 344; x_wconf 71' lang='lat' dir='ltr'><strong>CYBILLI</strong></span> <span class='ocrx_word' id='word_1_4' title='bbox 1864 289 2333 347; x_wconf 79' lang='lat' dir='ltr'><strong>ALEXANDRINI</strong></span> <span class='ocrx_word' id='word_1_5' title='bbox 2371 293 2690 351; x_wconf 76' lang='lat' dir='ltr'><strong>ARCHIEP.</strong></span> <span class='ocrx_word' id='word_1_6' title='bbox 3626 302 3696 356; x_wconf 65' lang='grc' dir='ltr'><strong>ΩΒ</strong></span> 
     </span>
    </p>
   </div>
   <div class='ocr_carea' id='block_1_2' title="bbox 449 401 2006 486">
    <p class='ocr_par' dir='ltr' id='par_1_2' title="bbox 449 401 2006 473">
     <span class='ocr_line' id='line_1_2' title="bbox 449 401 2006 473; baseline -0.001 -16"><span class='ocrx_word' id='word_1_7' title='bbox 449 418 595 473; x_wconf 81' lang='lat' dir='ltr'><strong>que,</strong></span> <span class='ocrx_word' id='word_1_8' title='bbox 630 401 723 471; x_wconf 83' lang='lat' dir='ltr'><strong>qui</strong></span> <span class='ocrx_word' id='word_1_9' title='bbox 776 414 840 457; x_wconf 84' lang='lat' dir='ltr'><strong>ea</strong></span> <span class='ocrx_word' id='word_1_10' title='bbox 871 401 1204 473; x_wconf 76' lang='lat' dir='ltr'><strong>perlustrare</strong></span> <span class='ocrx_word' id='word_1_11' title='bbox 1251 401 1520 456; x_wconf 76' lang='lat' dir='ltr'><strong>voluerint</strong></span> <span class='ocrx_word' id='word_1_12' title='bbox 1549 443 1564 456; x_wconf 94' lang='lat'><strong>.</strong></span> <span class='ocrx_word' id='word_1_13' title='bbox 1602 402 1731 457; x_wconf 86' lang='lat' dir='ltr'><strong>Tale</strong></span> <span class='ocrx_word' id='word_1_14' title='bbox 1761 404 2006 472; x_wconf 82' lang='lat' dir='ltr'><strong>quiddam</strong></span> 
     </span>
    </p>
   </div>
   <div class='ocr_carea' id='block_1_3' title="bbox 2105 401 3692 486">
    <p class='ocr_par' dir='ltr' id='par_1_3' title="bbox 2120 404 3692 486">
     <span class='ocr_line' id='line_1_3' title="bbox 2120 404 3692 486; baseline 0.008 -30"><span class='ocrx_word' id='word_1_15' title='bbox 2120 404 2336 458; x_wconf 80' lang='grc' dir='ltr'>λοιπόν·</span> <span class='ocrx_word' id='word_1_16' title='bbox 2376 405 2428 459; x_wconf 76' lang='grc' dir='ltr'>οἳ</span> <span class='ocrx_word' id='word_1_17' title='bbox 2467 407 2562 459; x_wconf 79' lang='grc' dir='ltr'>καὶ</span> <span class='ocrx_word' id='word_1_18' title='bbox 2606 406 2776 471; x_wconf 78' lang='grc' dir='ltr'>αὐτὰς</span> <span class='ocrx_word' id='word_1_19' title='bbox 2821 408 3050 477; x_wconf 71' lang='grc' dir='ltr'>ἀφέντες</span> <span class='ocrx_word' id='word_1_20' title='bbox 3079 410 3177 474; x_wconf 80' lang='grc' dir='ltr'><strong>τὰς</strong></span> <span class='ocrx_word' id='word_1_21' title='bbox 3220 411 3428 466; x_wconf 69' lang='grc' dir='ltr'>ἑαυτῶν</span> <span class='ocrx_word' id='word_1_22' title='bbox 3468 416 3692 486; x_wconf 73' lang='grc' dir='ltr'>σκηνάς.</span> 
     </span>
    </p>
   </div>
   <div class='ocr_carea' id='block_1_4' title="bbox 450 488 2006 575">
    <p class='ocr_par' dir='ltr' id='par_1_4' title="bbox 450 488 2006 558">
     <span class='ocr_line' id='line_1_4' title="bbox 450 488 2006 558; baseline -0.001 -13"><span class='ocrx_word' id='word_1_23' title='bbox 450 488 587 546; x_wconf 86' lang='lat' dir='ltr'><strong>etin</strong></span> <span class='ocrx_word' id='word_1_24' title='bbox 644 490 842 546; x_wconf 80' lang='lat' dir='ltr'><strong>misera</strong></span> <span class='ocrx_word' id='word_1_25' title='bbox 893 488 1024 544; x_wconf 90' lang='lat' dir='ltr'><strong>Sion</strong></span> <span class='ocrx_word' id='word_1_26' title='bbox 1061 489 1174 543; x_wconf 75' lang='lat' dir='ltr'><strong>ﬁeri</strong></span> <span class='ocrx_word' id='word_1_27' title='bbox 1203 489 1549 558; x_wconf 74' lang='lat' dir='ltr'><strong>propheticus</strong></span> <span class='ocrx_word' id='word_1_28' title='bbox 1597 506 1693 546; x_wconf 90' lang='lat' dir='ltr'><strong>nos</strong></span> <span class='ocrx_word' id='word_1_29' title='bbox 1720 505 1900 545; x_wconf 85' lang='lat' dir='ltr'><strong>sermo</strong></span> <span class='ocrx_word' id='word_1_30' title='bbox 1931 491 2006 544; x_wconf 89' lang='lat' dir='ltr'><strong>do</strong></span> 
     </span>
    </p>
   </div>
   <div class='ocr_carea' id='block_1_5' title="bbox 2105 488 3695 575">
    <p class='ocr_par' dir='ltr' id='par_1_5' title="bbox 2121 496 3695 575">
     <span class='ocr_line' id='line_1_5' title="bbox 2121 496 3695 575; baseline 0.01 -27"><span class='ocrx_word' id='word_1_31' title='bbox 2121 496 2413 568; x_wconf 76' lang='grc' dir='ltr'>ἐλευθέραν</span> <span class='ocrx_word' id='word_1_32' title='bbox 2463 501 2575 563; x_wconf 90' lang='grc' dir='ltr'>τοῖς</span> <span class='ocrx_word' id='word_1_33' title='bbox 2626 498 2869 554; x_wconf 73' lang='grc' dir='ltr'>ἐθέλουσι</span> <span class='ocrx_word' id='word_1_34' title='bbox 2920 503 3383 575; x_wconf 66' lang='grc' dir='ltr'><strong>περιεργάζεσθαι</strong></span> <span class='ocrx_word' id='word_1_35' title='bbox 3428 506 3494 560; x_wconf 84' lang='grc' dir='ltr'><strong>τά</strong></span> <span class='ocrx_word' id='word_1_36' title='bbox 3536 508 3695 563; x_wconf 86' lang='grc' dir='ltr'>λοιπά</span> 
     </span>
    </p>
   </div>
   <div class='ocr_carea' id='block_1_6' title="bbox 451 579 2006 668">
    <p class='ocr_par' dir='ltr' id='par_1_6' title="bbox 451 579 2006 652">
     <span class='ocr_line' id='line_1_6' title="bbox 451 579 2006 652; baseline 0.001 -16"><span class='ocrx_word' id='word_1_37' title='bbox 451 591 555 637; x_wconf 85' lang='lat' dir='ltr'><strong>cet.</strong></span> <span class='ocrx_word' id='word_1_38' title='bbox 589 579 726 637; x_wconf 84' lang='lat' dir='ltr'><strong>Dum</strong></span> <span class='ocrx_word' id='word_1_39' title='bbox 754 581 895 635; x_wconf 89' lang='lat' dir='ltr'><strong>enim</strong></span> <span class='ocrx_word' id='word_1_40' title='bbox 928 581 1103 636; x_wconf 77' lang='lat' dir='ltr'><strong>adhuc</strong></span> <span class='ocrx_word' id='word_1_41' title='bbox 1151 582 1361 637; x_wconf 80' lang='lat' dir='ltr'><strong>fructus</strong></span> <span class='ocrx_word' id='word_1_42' title='bbox 1396 582 1621 652; x_wconf 66' lang='lat' dir='ltr'><strong>justitia:</strong></span> <span class='ocrx_word' id='word_1_43' title='bbox 1648 582 1893 649; x_wconf 91' lang='lat' dir='ltr'><strong>haberet,</strong></span> <span class='ocrx_word' id='word_1_44' title='bbox 1936 597 2006 638; x_wconf 86' lang='lat' dir='ltr'><strong>se-</strong></span> 
     </span>
    </p>
   </div>
   <div class='ocr_carea' id='block_1_7' title="bbox 2105 579 3696 668">
    <p class='ocr_par' dir='ltr' id='par_1_7' title="bbox 2122 590 3696 668">
     <span class='ocr_line' id='line_1_7' title="bbox 2122 590 3696 668; baseline 0.006 -23"><span class='ocrx_word' id='word_1_45' title='bbox 2122 590 2399 645; x_wconf 82' lang='grc' dir='ltr'>ποιοῦνται</span> <span class='ocrx_word' id='word_1_46' title='bbox 2431 591 2530 663; x_wconf 83' lang='grc' dir='ltr'>τὴν</span> <span class='ocrx_word' id='word_1_47' title='bbox 2562 593 2830 662; x_wconf 73' lang='grc' dir='ltr'>εἰσϐολήν.</span> <span class='ocrx_word' id='word_1_48' title='bbox 2864 596 3186 668; x_wconf 86' lang='grc' dir='ltr'>Πεπράχθαι</span> <span class='ocrx_word' id='word_1_49' title='bbox 3235 615 3289 652; x_wconf 88' lang='grc' dir='ltr'><strong>τι</strong></span> <span class='ocrx_word' id='word_1_50' title='bbox 3333 599 3575 653; x_wconf 87' lang='grc' dir='ltr'>τοιοῦτον</span> <span class='ocrx_word' id='word_1_51' title='bbox 3600 602 3696 654; x_wconf 73' lang='grc' dir='ltr'>καὶ</span> 
     </span>
    </p>
   </div>
   <div class='ocr_carea' id='block_1_8' title="bbox 451 682 2019 739">
    <p class='ocr_par' dir='ltr' id='par_1_8' title="bbox 451 682 2019 739">
     <span class='ocr_line' id='line_1_8' title="bbox 451 682 2019 739; baseline 0.001 -4"><span class='ocrx_word' id='word_1_52' title='bbox 451 697 579 736; x_wconf 88' lang='lat' dir='ltr'><strong>cura</strong></span> <span class='ocrx_word' id='word_1_53' title='bbox 622 682 919 735; x_wconf 74' lang='lat' dir='ltr'><strong>munitione</strong></span> <span class='ocrx_word' id='word_1_54' title='bbox 940 691 996 735; x_wconf 92' lang='lat' dir='ltr'><strong>et</strong></span> <span class='ocrx_word' id='word_1_55' title='bbox 1023 683 1269 737; x_wconf 89' lang='lat' dir='ltr'><strong>custodia</strong></span> <span class='ocrx_word' id='word_1_56' title='bbox 1301 692 1356 736; x_wconf 90' lang='lat' dir='ltr'><strong>et</strong></span> <span class='ocrx_word' id='word_1_57' title='bbox 1383 684 1532 738; x_wconf 90' lang='lat' dir='ltr'><strong>omni</strong></span> <span class='ocrx_word' id='word_1_58' title='bbox 1564 698 1683 738; x_wconf 89' lang='lat' dir='ltr'><strong>eam</strong></span> <span class='ocrx_word' id='word_1_59' title='bbox 1718 685 2019 739; x_wconf 89' lang='lat' dir='ltr'><strong>misericor-</strong></span> 
     </span>
    </p>
   </div>
   <div class='ocr_carea' id='block_1_9' title="bbox 449 773 2014 845">
    <p class='ocr_par' dir='ltr' id='par_1_9' title="bbox 449 773 2014 845">
     <span class='ocr_line' id='line_1_9' title="bbox 449 773 2014 845; baseline 0.001 -19"><span class='ocrx_word' id='word_1_60' title='bbox 449 773 537 827; x_wconf 86' lang='lat' dir='ltr'><strong>dia</strong></span> <span class='ocrx_word' id='word_1_61' title='bbox 563 773 814 841; x_wconf 78' lang='lat' dir='ltr'><strong>dignatus</strong></span> <span class='ocrx_word' id='word_1_62' title='bbox 853 783 936 827; x_wconf 88' lang='lat' dir='ltr'><strong>est</strong></span> <span class='ocrx_word' id='word_1_63' title='bbox 965 773 1131 827; x_wconf 85' lang='lat' dir='ltr'><strong>Deus.</strong></span> <span class='ocrx_word' id='word_1_64' title='bbox 1166 774 1309 829; x_wconf 80' lang='lat' dir='ltr'><strong>Dixit</strong></span> <span class='ocrx_word' id='word_1_65' title='bbox 1336 776 1477 828; x_wconf 88' lang='lat' dir='ltr'><strong>enim</strong></span> <span class='ocrx_word' id='word_1_66' title='bbox 1518 792 1534 830; x_wconf 90' lang='lat'><strong>:</strong></span> <span class='ocrx_word' id='word_1_67' title='bbox 1582 792 1601 826; x_wconf 82' lang='grc' dir='ltr'><strong>ι</strong></span> <span class='ocrx_word' id='word_1_68' title='bbox 1642 775 1753 845; x_wconf 84' lang='lat' dir='ltr'><strong>Ego</strong></span> <span class='ocrx_word' id='word_1_69' title='bbox 1783 790 1877 831; x_wconf 86' lang='lat' dir='ltr'><strong>ero</strong></span> <span class='ocrx_word' id='word_1_70' title='bbox 1916 775 2014 842; x_wconf 88' lang='lat' dir='ltr'><strong>illi,</strong></span> 
     </span>
    </p>
   </div>
   <div class='ocr_carea' id='block_1_10' title="bbox 448 861 2014 935">
    <p class='ocr_par' dir='ltr' id='par_1_10' title="bbox 448 861 2014 935">
     <span class='ocr_line' id='line_1_10' title="bbox 448 861 2014 935; baseline 0.001 -17"><span class='ocrx_word' id='word_1_71' title='bbox 448 862 526 918; x_wconf 77' lang='lat' dir='ltr'><strong>ait</strong></span> <span class='ocrx_word' id='word_1_72' title='bbox 566 861 853 929; x_wconf 79' lang='lat' dir='ltr'><strong>Dominus,</strong></span> <span class='ocrx_word' id='word_1_73' title='bbox 889 879 1078 919; x_wconf 88' lang='lat' dir='ltr'><strong>murus</strong></span> <span class='ocrx_word' id='word_1_74' title='bbox 1110 865 1246 935; x_wconf 79' lang='lat' dir='ltr'><strong>ignis</strong></span> <span class='ocrx_word' id='word_1_75' title='bbox 1273 865 1666 920; x_wconf 89' lang='lat' dir='ltr'><strong>circumclusus</strong></span> <span class='ocrx_word' id='word_1_76' title='bbox 1689 905 1705 931; x_wconf 93' lang='lat'><strong>,</strong></span> <span class='ocrx_word' id='word_1_77' title='bbox 1752 876 1806 921; x_wconf 92' lang='lat' dir='ltr'><strong>et</strong></span> <span class='ocrx_word' id='word_1_78' title='bbox 1841 866 2014 935; x_wconf 80' lang='lat' dir='ltr'><strong>gloria</strong></span> 
     </span>
    </p>
   </div>
   <div class='ocr_carea' id='block_1_11' title="bbox 446 955 2012 1025">
    <p class='ocr_par' dir='ltr' id='par_1_11' title="bbox 446 955 2012 1025">
     <span class='ocr_line' id='line_1_11' title="bbox 446 955 2012 1025; baseline 0.001 -14"><span class='ocrx_word' id='word_1_79' title='bbox 446 969 543 1011; x_wconf 80' lang='lat' dir='ltr'><strong>ero</strong></span> <span class='ocrx_word' id='word_1_80' title='bbox 578 957 629 1009; x_wconf 92' lang='lat' dir='ltr'><strong>in</strong></span> <span class='ocrx_word' id='word_1_81' title='bbox 663 956 839 1010; x_wconf 86' lang='lat' dir='ltr'><strong>medio</strong></span> <span class='ocrx_word' id='word_1_82' title='bbox 867 956 985 1025; x_wconf 83' lang='lat' dir='ltr'><strong>ejus</strong></span> <span class='ocrx_word' id='word_1_83' title='bbox 1013 956 1080 1012; x_wconf 74' lang='lat'><strong>“.</strong></span> <span class='ocrx_word' id='word_1_84' title='bbox 1115 974 1134 1008; x_wconf 73' lang='grc' dir='ltr'><strong>ι</strong></span> <span class='ocrx_word' id='word_1_85' title='bbox 1182 955 1341 1011; x_wconf 82' lang='lat' dir='ltr'><strong>Canit</strong></span> <span class='ocrx_word' id='word_1_86' title='bbox 1392 958 1555 1011; x_wconf 89' lang='lat' dir='ltr'><strong>etiam</strong></span> <span class='ocrx_word' id='word_1_87' title='bbox 1589 959 1777 1012; x_wconf 88' lang='lat' dir='ltr'><strong>beatus</strong></span> <span class='ocrx_word' id='word_1_88' title='bbox 1813 958 2012 1012; x_wconf 83' lang='lat' dir='ltr'><strong>David:</strong></span> 
     </span>
    </p>
   </div>
   <div class='ocr_carea' id='block_1_12' title="bbox 450 1046 2017 1118">
    <p class='ocr_par' dir='ltr' id='par_1_12' title="bbox 450 1046 2017 1118">
     <span class='ocr_line' id='line_1_12' title="bbox 450 1046 2017 1118; baseline 0.004 -21"><span class='ocrx_word' id='word_1_89' title='bbox 450 1063 472 1097; x_wconf 71' lang='grc' dir='ltr'><strong>ι</strong></span> <span class='ocrx_word' id='word_1_90' title='bbox 509 1046 645 1101; x_wconf 84' lang='lat' dir='ltr'><strong>Ecce</strong></span> <span class='ocrx_word' id='word_1_91' title='bbox 691 1062 794 1100; x_wconf 92' lang='lat' dir='ltr'><strong>non</strong></span> <span class='ocrx_word' id='word_1_92' title='bbox 849 1048 1201 1114; x_wconf 79' lang='lat' dir='ltr'><strong>dorniitabit,</strong></span> <span class='ocrx_word' id='word_1_93' title='bbox 1237 1061 1339 1101; x_wconf 90' lang='lat' dir='ltr'><strong>nec</strong></span> <span class='ocrx_word' id='word_1_94' title='bbox 1366 1048 1617 1110; x_wconf 88' lang='lat' dir='ltr'><strong>dormiet,</strong></span> <span class='ocrx_word' id='word_1_95' title='bbox 1650 1048 1744 1118; x_wconf 91' lang='lat' dir='ltr'><strong>qui</strong></span> <span class='ocrx_word' id='word_1_96' title='bbox 1780 1050 2017 1103; x_wconf 75' lang='lat' dir='ltr'><strong>custodit</strong></span> 
     </span>
    </p>
   </div>
   <div class='ocr_carea' id='block_1_13' title="bbox 446 1136 2013 1205">
    <p class='ocr_par' dir='ltr' id='par_1_13' title="bbox 446 1136 2013 1205">
     <span class='ocr_line' id='line_1_13' title="bbox 446 1136 2013 1205; baseline 0.002 -15"><span class='ocrx_word' id='word_1_97' title='bbox 446 1136 613 1191; x_wconf 90' lang='lat' dir='ltr'><strong>Israel</strong></span> <span class='ocrx_word' id='word_1_98' title='bbox 643 1137 711 1191; x_wconf 81' lang='lat'><strong>&quot;.</strong></span> <span class='ocrx_word' id='word_1_99' title='bbox 752 1156 771 1190; x_wconf 73' lang='grc' dir='ltr'><strong>ι</strong></span> <span class='ocrx_word' id='word_1_100' title='bbox 824 1137 1073 1205; x_wconf 84' lang='lat' dir='ltr'><strong>Quaudiu</strong></span> <span class='ocrx_word' id='word_1_101' title='bbox 1113 1148 1233 1193; x_wconf 86' lang='lat' dir='ltr'><strong>erat</strong></span> <span class='ocrx_word' id='word_1_102' title='bbox 1253 1138 1441 1204; x_wconf 90' lang='lat' dir='ltr'><strong>Israel,</strong></span> <span class='ocrx_word' id='word_1_103' title='bbox 1481 1138 1639 1192; x_wconf 87' lang='lat' dir='ltr'><strong>vinea</strong></span> <span class='ocrx_word' id='word_1_104' title='bbox 1673 1140 1879 1193; x_wconf 88' lang='lat' dir='ltr'><strong>Domini</strong></span> <span class='ocrx_word' id='word_1_105' title='bbox 1909 1139 2013 1193; x_wconf 85' lang='lat' dir='ltr'><strong>Sa-</strong></span> 
     </span>
    </p>
   </div>
   <div class='ocr_carea' id='block_1_14' title="bbox 444 1228 2008 1300">
    <p class='ocr_par' dir='ltr' id='par_1_14' title="bbox 444 1228 2008 1300">
     <span class='ocr_line' id='line_1_14' title="bbox 444 1228 2008 1300; baseline 0.003 -17"><span class='ocrx_word' id='word_1_106' title='bbox 444 1228 629 1293; x_wconf 83' lang='lat' dir='ltr'><strong>baoth,</strong></span> <span class='ocrx_word' id='word_1_107' title='bbox 659 1229 1034 1282; x_wconf 80' lang='lat' dir='ltr'><strong>obvallabatur</strong></span> <span class='ocrx_word' id='word_1_108' title='bbox 1062 1238 1117 1283; x_wconf 90' lang='lat' dir='ltr'><strong>et</strong></span> <span class='ocrx_word' id='word_1_109' title='bbox 1143 1229 1442 1298; x_wconf 89' lang='lat' dir='ltr'><strong>sepimento</strong></span> <span class='ocrx_word' id='word_1_110' title='bbox 1458 1231 1617 1300; x_wconf 75' lang='lat' dir='ltr'><strong>digna</strong></span> <span class='ocrx_word' id='word_1_111' title='bbox 1644 1229 2008 1300; x_wconf 83' lang='lat' dir='ltr'><strong>jndicabatur.</strong></span> 
     </span>
    </p>
   </div>
   <div class='ocr_carea' id='block_1_15' title="bbox 445 1320 2009 1394">
    <p class='ocr_par' dir='ltr' id='par_1_15' title="bbox 445 1320 2009 1394">
     <span class='ocr_line' id='line_1_15' title="bbox 445 1320 2009 1394; baseline 0.003 -21"><span class='ocrx_word' id='word_1_112' title='bbox 445 1320 662 1390; x_wconf 88' lang='lat' dir='ltr'><strong>Peperit</strong></span> <span class='ocrx_word' id='word_1_113' title='bbox 708 1331 884 1375; x_wconf 89' lang='lat' dir='ltr'><strong>autem</strong></span> <span class='ocrx_word' id='word_1_114' title='bbox 927 1322 1143 1390; x_wconf 89' lang='lat' dir='ltr'><strong>spinas,</strong></span> <span class='ocrx_word' id='word_1_115' title='bbox 1183 1323 1490 1392; x_wconf 87' lang='lat' dir='ltr'><strong>traditaque</strong></span> <span class='ocrx_word' id='word_1_116' title='bbox 1511 1332 1647 1378; x_wconf 88' lang='lat' dir='ltr'><strong>esta</strong></span> <span class='ocrx_word' id='word_1_117' title='bbox 1687 1324 1793 1377; x_wconf 82' lang='lat' dir='ltr'><strong>Deo</strong></span> <span class='ocrx_word' id='word_1_118' title='bbox 1822 1328 2009 1394; x_wconf 79' lang='lat' dir='ltr'><strong>oppri-</strong></span> 
     </span>
    </p>
   </div>
   <div class='ocr_carea' id='block_1_16' title="bbox 441 1410 2011 1484">
    <p class='ocr_par' dir='ltr' id='par_1_16' title="bbox 441 1410 2011 1484">
     <span class='ocr_line' id='line_1_16' title="bbox 441 1410 2011 1484; baseline 0.001 -16"><span class='ocrx_word' id='word_1_119' title='bbox 441 1414 750 1478; x_wconf 88' lang='lat' dir='ltr'><strong>mentibus;</strong></span> <span class='ocrx_word' id='word_1_120' title='bbox 781 1413 955 1483; x_wconf 88' lang='lat' dir='ltr'><strong>inquit</strong></span> <span class='ocrx_word' id='word_1_121' title='bbox 986 1414 1131 1467; x_wconf 89' lang='lat' dir='ltr'><strong>enim</strong></span> <span class='ocrx_word' id='word_1_122' title='bbox 1168 1430 1182 1467; x_wconf 93' lang='lat'><strong>:</strong></span> <span class='ocrx_word' id='word_1_123' title='bbox 1219 1432 1236 1465; x_wconf 82' lang='grc' dir='ltr'><strong>ι</strong></span> <span class='ocrx_word' id='word_1_124' title='bbox 1270 1410 1523 1467; x_wconf 78' lang='lat' dir='ltr'><strong>Auieram</strong></span> <span class='ocrx_word' id='word_1_125' title='bbox 1557 1428 1738 1482; x_wconf 84' lang='lat' dir='ltr'><strong>sepem</strong></span> <span class='ocrx_word' id='word_1_126' title='bbox 1777 1414 1925 1484; x_wconf 87' lang='lat' dir='ltr'><strong>ejus,</strong></span> <span class='ocrx_word' id='word_1_127' title='bbox 1955 1424 2011 1470; x_wconf 89' lang='lat' dir='ltr'><strong>et</strong></span> 
     </span>
    </p>
   </div>
   <div class='ocr_carea' id='block_1_17' title="bbox 444 1507 2012 1580">
    <p class='ocr_par' dir='ltr' id='par_1_17' title="bbox 444 1507 2012 1580">
     <span class='ocr_line' id='line_1_17' title="bbox 444 1507 2012 1580; baseline 0.004 -17"><span class='ocrx_word' id='word_1_128' title='bbox 444 1509 552 1563; x_wconf 90' lang='lat' dir='ltr'><strong>erit</strong></span> <span class='ocrx_word' id='word_1_129' title='bbox 580 1507 865 1576; x_wconf 88' lang='lat' dir='ltr'><strong>direptioni</strong></span> <span class='ocrx_word' id='word_1_130' title='bbox 901 1527 915 1562; x_wconf 90' lang='lat'><strong>:</strong></span> <span class='ocrx_word' id='word_1_131' title='bbox 952 1517 1006 1563; x_wconf 86' lang='lat' dir='ltr'><strong>et</strong></span> <span class='ocrx_word' id='word_1_132' title='bbox 1035 1509 1277 1564; x_wconf 79' lang='lat' dir='ltr'><strong>auferam</strong></span> <span class='ocrx_word' id='word_1_133' title='bbox 1313 1512 1603 1567; x_wconf 85' lang='lat' dir='ltr'><strong>maceriam</strong></span> <span class='ocrx_word' id='word_1_134' title='bbox 1635 1514 1786 1580; x_wconf 89' lang='lat' dir='ltr'><strong>ejus,</strong></span> <span class='ocrx_word' id='word_1_135' title='bbox 1821 1522 1875 1568; x_wconf 90' lang='lat' dir='ltr'><strong>et</strong></span> <span class='ocrx_word' id='word_1_136' title='bbox 1905 1515 2012 1569; x_wconf 90' lang='lat' dir='ltr'><strong>erit</strong></span> 
     </span>
    </p>
   </div>
   <div class='ocr_carea' id='block_1_18' title="bbox 443 1597 2007 1668">
    <p class='ocr_par' dir='ltr' id='par_1_18' title="bbox 443 1597 2007 1668">
     <span class='ocr_line' id='line_1_18' title="bbox 443 1597 2007 1668; baseline 0.004 -17"><span class='ocrx_word' id='word_1_137' title='bbox 443 1597 841 1652; x_wconf 86' lang='lat' dir='ltr'><strong>conculcatioui</strong></span> <span class='ocrx_word' id='word_1_138' title='bbox 867 1639 881 1661; x_wconf 84' lang='lat'><strong>,</strong></span> <span class='ocrx_word' id='word_1_139' title='bbox 912 1607 964 1653; x_wconf 85' lang='lat' dir='ltr'><strong>et.</strong></span> <span class='ocrx_word' id='word_1_140' title='bbox 996 1599 1295 1668; x_wconf 79' lang='lat' dir='ltr'><strong>relinquam</strong></span> <span class='ocrx_word' id='word_1_141' title='bbox 1333 1600 1544 1654; x_wconf 88' lang='lat' dir='ltr'><strong>vineam</strong></span> <span class='ocrx_word' id='word_1_142' title='bbox 1591 1616 1793 1667; x_wconf 85' lang='lat' dir='ltr'><strong>meatu,</strong></span> <span class='ocrx_word' id='word_1_143' title='bbox 1822 1612 1875 1657; x_wconf 82' lang='lat' dir='ltr'><strong>et</strong></span> <span class='ocrx_word' id='word_1_144' title='bbox 1902 1620 2007 1658; x_wconf 87' lang='lat' dir='ltr'><strong>non</strong></span> 
     </span>
    </p>
   </div>
   <div class='ocr_carea' id='block_1_19' title="bbox 445 1686 2005 1756">
    <p class='ocr_par' dir='ltr' id='par_1_19' title="bbox 445 1686 2005 1756">
     <span class='ocr_line' id='line_1_19' title="bbox 445 1686 2005 1756; baseline 0.006 -19"><span class='ocrx_word' id='word_1_145' title='bbox 445 1686 742 1754; x_wconf 83' lang='lat' dir='ltr'><strong>potabitur,</strong></span> <span class='ocrx_word' id='word_1_146' title='bbox 793 1701 966 1756; x_wconf 82' lang='lat' dir='ltr'><strong>neque</strong></span> <span class='ocrx_word' id='word_1_147' title='bbox 1005 1686 1241 1742; x_wconf 77' lang='lat' dir='ltr'><strong>fodietur</strong></span> <span class='ocrx_word' id='word_1_148' title='bbox 1270 1689 1335 1742; x_wconf 79' lang='lat'><strong>“.</strong></span> <span class='ocrx_word' id='word_1_149' title='bbox 1378 1707 1397 1742; x_wconf 72' lang='grc' dir='ltr'><strong>ι</strong></span> <span class='ocrx_word' id='word_1_150' title='bbox 1447 1689 1635 1746; x_wconf 87' lang='lat' dir='ltr'><strong>Fuisse</strong></span> <span class='ocrx_word' id='word_1_151' title='bbox 1667 1694 1829 1747; x_wconf 88' lang='lat' dir='ltr'><strong>etiam</strong></span> <span class='ocrx_word' id='word_1_152' title='bbox 1862 1695 2005 1747; x_wconf 89' lang='lat' dir='ltr'><strong>illam</strong></span> 
     </span>
    </p>
   </div>
   <div class='ocr_carea' id='block_1_20' title="bbox 443 1779 2007 1855">
    <p class='ocr_par' dir='ltr' id='par_1_20' title="bbox 443 1779 2007 1855">
     <span class='ocr_line' id='line_1_20' title="bbox 443 1779 2007 1855; baseline 0.006 -24"><span class='ocrx_word' id='word_1_153' title='bbox 443 1779 511 1832; x_wconf 86' lang='lat' dir='ltr'><strong>ab</strong></span> <span class='ocrx_word' id='word_1_154' title='bbox 545 1792 676 1849; x_wconf 89' lang='lat' dir='ltr'><strong>apro</strong></span> <span class='ocrx_word' id='word_1_155' title='bbox 709 1780 944 1833; x_wconf 85' lang='lat' dir='ltr'><strong>silvestri</strong></span> <span class='ocrx_word' id='word_1_156' title='bbox 982 1780 1383 1849; x_wconf 85' lang='lat' dir='ltr'><strong>depopulatam,</strong></span> <span class='ocrx_word' id='word_1_157' title='bbox 1421 1792 1476 1837; x_wconf 90' lang='lat' dir='ltr'><strong>et</strong></span> <span class='ocrx_word' id='word_1_158' title='bbox 1524 1785 1592 1837; x_wconf 88' lang='lat' dir='ltr'><strong>ab</strong></span> <span class='ocrx_word' id='word_1_159' title='bbox 1626 1786 1777 1839; x_wconf 85' lang='lat' dir='ltr'><strong>asino</strong></span> <span class='ocrx_word' id='word_1_160' title='bbox 1807 1788 2007 1855; x_wconf 78' lang='lat' dir='ltr'><strong>agresti</strong></span> 
     </span>
    </p>
   </div>
   <div class='ocr_carea' id='block_1_21' title="bbox 441 1869 2007 1944">
    <p class='ocr_par' dir='ltr' id='par_1_21' title="bbox 441 1869 2007 1944">
     <span class='ocr_line' id='line_1_21' title="bbox 441 1869 2007 1944; baseline 0.003 -20"><span class='ocrx_word' id='word_1_161' title='bbox 441 1869 741 1940; x_wconf 73' lang='lat' dir='ltr'><strong>depastum,</strong></span> <span class='ocrx_word' id='word_1_162' title='bbox 767 1871 1144 1941; x_wconf 84' lang='lat' dir='ltr'><strong>desertamque</strong></span> <span class='ocrx_word' id='word_1_163' title='bbox 1162 1888 1189 1926; x_wconf 89' lang='lat' dir='ltr'><strong>a</strong></span> <span class='ocrx_word' id='word_1_164' title='bbox 1206 1872 1314 1927; x_wconf 90' lang='lat' dir='ltr'><strong>Deo</strong></span> <span class='ocrx_word' id='word_1_165' title='bbox 1338 1875 1550 1928; x_wconf 84' lang='lat' dir='ltr'><strong>vineam</strong></span> <span class='ocrx_word' id='word_1_166' title='bbox 1575 1891 1639 1930; x_wconf 89' lang='lat' dir='ltr'><strong>ac</strong></span> <span class='ocrx_word' id='word_1_167' title='bbox 1672 1877 2007 1944; x_wconf 83' lang='lat' dir='ltr'><strong>derelictam,</strong></span> 
     </span>
    </p>
   </div>
   <div class='ocr_carea' id='block_1_22' title="bbox 441 1961 2010 2032">
    <p class='ocr_par' dir='ltr' id='par_1_22' title="bbox 441 1961 2010 2032">
     <span class='ocr_line' id='line_1_22' title="bbox 441 1961 2010 2032; baseline 0.003 -15"><span class='ocrx_word' id='word_1_168' title='bbox 441 1961 698 2017; x_wconf 86' lang='lat' dir='ltr'><strong>Servator</strong></span> <span class='ocrx_word' id='word_1_169' title='bbox 728 1962 884 2017; x_wconf 89' lang='lat' dir='ltr'><strong>docet</strong></span> <span class='ocrx_word' id='word_1_170' title='bbox 915 1964 1065 2017; x_wconf 88' lang='lat' dir='ltr'><strong>hisce</strong></span> <span class='ocrx_word' id='word_1_171' title='bbox 1105 1964 1284 2018; x_wconf 80' lang='lat' dir='ltr'><strong>verbis</strong></span> <span class='ocrx_word' id='word_1_172' title='bbox 1317 1982 1332 2018; x_wconf 91' lang='lat'><strong>:</strong></span> <span class='ocrx_word' id='word_1_173' title='bbox 1380 1984 1399 2017; x_wconf 80' lang='grc' dir='ltr'><strong>ι</strong></span> <span class='ocrx_word' id='word_1_174' title='bbox 1432 1965 1757 2032; x_wconf 83' lang='lat' dir='ltr'><strong>Jerusalem,</strong></span> <span class='ocrx_word' id='word_1_175' title='bbox 1790 1967 2010 2023; x_wconf 64' lang='lat' dir='ltr'><strong>Jerusa~</strong></span> 
     </span>
    </p>
   </div>
   <div class='ocr_carea' id='block_1_23' title="bbox 439 2051 2009 2130">
    <p class='ocr_par' dir='ltr' id='par_1_23' title="bbox 439 2051 2009 2130">
     <span class='ocr_line' id='line_1_23' title="bbox 439 2051 2009 2130; baseline 0.006 -24"><span class='ocrx_word' id='word_1_176' title='bbox 439 2051 567 2115; x_wconf 89' lang='lat' dir='ltr'><strong>lem,</strong></span> <span class='ocrx_word' id='word_1_177' title='bbox 597 2067 715 2122; x_wconf 85' lang='lat' dir='ltr'><strong>quae</strong></span> <span class='ocrx_word' id='word_1_178' title='bbox 743 2053 947 2108; x_wconf 87' lang='lat' dir='ltr'><strong>occidis</strong></span> <span class='ocrx_word' id='word_1_179' title='bbox 977 2056 1287 2124; x_wconf 77' lang='lat' dir='ltr'><strong>prOpbetas,</strong></span> <span class='ocrx_word' id='word_1_180' title='bbox 1313 2066 1368 2111; x_wconf 91' lang='lat' dir='ltr'><strong>et</strong></span> <span class='ocrx_word' id='word_1_181' title='bbox 1405 2057 1611 2127; x_wconf 88' lang='lat' dir='ltr'><strong>lapidas</strong></span> <span class='ocrx_word' id='word_1_182' title='bbox 1646 2075 1739 2114; x_wconf 89' lang='lat' dir='ltr'><strong>eos</strong></span> <span class='ocrx_word' id='word_1_183' title='bbox 1770 2062 1862 2130; x_wconf 86' lang='lat' dir='ltr'><strong>qui</strong></span> <span class='ocrx_word' id='word_1_184' title='bbox 1887 2063 2009 2115; x_wconf 88' lang='lat' dir='ltr'><strong>mlt-</strong></span> 
     </span>
    </p>
   </div>
   <div class='ocr_carea' id='block_1_24' title="bbox 438 2144 2000 2221">
    <p class='ocr_par' dir='ltr' id='par_1_24' title="bbox 438 2144 2000 2221">
     <span class='ocr_line' id='line_1_24' title="bbox 438 2144 2000 2221; baseline 0.008 -25"><span class='ocrx_word' id='word_1_185' title='bbox 438 2150 626 2198; x_wconf 91' lang='lat' dir='ltr'><strong>tuntur</strong></span> <span class='ocrx_word' id='word_1_186' title='bbox 661 2144 726 2198; x_wconf 92' lang='lat' dir='ltr'><strong>ad</strong></span> <span class='ocrx_word' id='word_1_187' title='bbox 756 2153 807 2198; x_wconf 92' lang='lat' dir='ltr'><strong>te</strong></span> <span class='ocrx_word' id='word_1_188' title='bbox 838 2165 852 2200; x_wconf 84' lang='lat'><strong>:</strong></span> <span class='ocrx_word' id='word_1_189' title='bbox 887 2147 1096 2214; x_wconf 90' lang='lat' dir='ltr'><strong>quoties</strong></span> <span class='ocrx_word' id='word_1_190' title='bbox 1127 2147 1270 2202; x_wconf 84' lang='lat' dir='ltr'><strong>volui</strong></span> <span class='ocrx_word' id='word_1_191' title='bbox 1300 2163 1630 2221; x_wconf 72' lang='lat' dir='ltr'><strong>congregare</strong></span> <span class='ocrx_word' id='word_1_192' title='bbox 1673 2151 1812 2207; x_wconf 81' lang='lat' dir='ltr'><strong>iiiios</strong></span> <span class='ocrx_word' id='word_1_193' title='bbox 1844 2163 1962 2208; x_wconf 86' lang='lat' dir='ltr'><strong>tuos</strong></span> <span class='ocrx_word' id='word_1_194' title='bbox 1985 2196 2000 2218; x_wconf 88' lang='lat'><strong>,</strong></span> 
     </span>
    </p>
   </div>
   <div class='ocr_carea' id='block_1_25' title="bbox 437 2236 2007 2321">
    <p class='ocr_par' dir='ltr' id='par_1_25' title="bbox 437 2236 2007 2321">
     <span class='ocr_line' id='line_1_25' title="bbox 437 2236 2007 2321; baseline 0.008 -34"><span class='ocrx_word' id='word_1_195' title='bbox 437 2236 887 2304; x_wconf 87' lang='lat' dir='ltr'><strong>quemadmodum</strong></span> <span class='ocrx_word' id='word_1_196' title='bbox 924 2236 1119 2306; x_wconf 75' lang='lat' dir='ltr'><strong>gallina</strong></span> <span class='ocrx_word' id='word_1_197' title='bbox 1167 2249 1460 2309; x_wconf 80' lang='lat' dir='ltr'><strong>congregat</strong></span> <span class='ocrx_word' id='word_1_198' title='bbox 1499 2242 1676 2321; x_wconf 80' lang='lat' dir='ltr'><strong>pullos</strong></span> <span class='ocrx_word' id='word_1_199' title='bbox 1732 2259 1861 2299; x_wconf 89' lang='lat' dir='ltr'><strong>suos</strong></span> <span class='ocrx_word' id='word_1_200' title='bbox 1905 2245 2007 2301; x_wconf 89' lang='lat' dir='ltr'><strong>sub</strong></span> 
     </span>
    </p>
   </div>
   <div class='ocr_carea' id='block_1_26' title="bbox 438 2329 2007 2404">
    <p class='ocr_par' dir='ltr' id='par_1_26' title="bbox 438 2329 2007 2404">
     <span class='ocr_line' id='line_1_26' title="bbox 438 2329 2007 2404; baseline 0.005 -21"><span class='ocrx_word' id='word_1_201' title='bbox 438 2329 584 2394; x_wconf 89' lang='lat' dir='ltr'><strong>alas,</strong></span> <span class='ocrx_word' id='word_1_202' title='bbox 637 2339 692 2387; x_wconf 85' lang='lat' dir='ltr'><strong>et</strong></span> <span class='ocrx_word' id='word_1_203' title='bbox 736 2330 1021 2389; x_wconf 70' lang='lat' dir='ltr'><strong>noluistisd</strong></span> <span class='ocrx_word' id='word_1_204' title='bbox 1067 2332 1206 2388; x_wconf 87' lang='lat' dir='ltr'><strong>Ecce</strong></span> <span class='ocrx_word' id='word_1_205' title='bbox 1252 2334 1576 2404; x_wconf 72' lang='lat' dir='ltr'><strong>relinquitur</strong></span> <span class='ocrx_word' id='word_1_206' title='bbox 1625 2337 1777 2391; x_wconf 83' lang='lat' dir='ltr'><strong>vobis</strong></span> <span class='ocrx_word' id='word_1_207' title='bbox 1815 2339 2007 2393; x_wconf 80' lang='lat' dir='ltr'><strong>donius</strong></span> 
     </span>
    </p>
   </div>
   <div class='ocr_carea' id='block_1_27' title="bbox 438 2421 2006 2496">
    <p class='ocr_par' dir='ltr' id='par_1_27' title="bbox 438 2421 2006 2496">
     <span class='ocr_line' id='line_1_27' title="bbox 438 2421 2006 2496; baseline 0.007 -26"><span class='ocrx_word' id='word_1_208' title='bbox 438 2431 614 2475; x_wconf 88' lang='lat' dir='ltr'><strong>vestra</strong></span> <span class='ocrx_word' id='word_1_209' title='bbox 645 2421 858 2475; x_wconf 88' lang='lat' dir='ltr'><strong>deserta</strong></span> <span class='ocrx_word' id='word_1_210' title='bbox 884 2422 950 2477; x_wconf 84' lang='grc'><strong>¹⁷.</strong></span> <span class='ocrx_word' id='word_1_211' title='bbox 985 2441 1004 2474; x_wconf 69' lang='grc' dir='ltr'><strong>ι</strong></span> <span class='ocrx_word' id='word_1_212' title='bbox 1043 2423 1380 2477; x_wconf 79' lang='lat' dir='ltr'><strong>Exclamavit</strong></span> <span class='ocrx_word' id='word_1_213' title='bbox 1408 2435 1460 2477; x_wconf 93' lang='lat' dir='ltr'><strong>et</strong></span> <span class='ocrx_word' id='word_1_214' title='bbox 1487 2426 1590 2479; x_wconf 90' lang='lat' dir='ltr'><strong>hoc</strong></span> <span class='ocrx_word' id='word_1_215' title='bbox 1621 2437 1745 2481; x_wconf 89' lang='lat' dir='ltr'><strong>ante</strong></span> <span class='ocrx_word' id='word_1_216' title='bbox 1774 2443 1869 2496; x_wconf 84' lang='lat' dir='ltr'><strong>per</strong></span> <span class='ocrx_word' id='word_1_217' title='bbox 1913 2445 2006 2481; x_wconf 78' lang='lat' dir='ltr'><strong>vo-</strong></span> 
     </span>
    </p>
   </div>
   <div class='ocr_carea' id='block_1_28' title="bbox 437 2511 2004 2587">
    <p class='ocr_par' dir='ltr' id='par_1_28' title="bbox 437 2511 2004 2587">
     <span class='ocr_line' id='line_1_28' title="bbox 437 2511 2004 2587; baseline 0.006 -24"><span class='ocrx_word' id='word_1_218' title='bbox 437 2524 552 2564; x_wconf 86' lang='lat' dir='ltr'><strong>cem</strong></span> <span class='ocrx_word' id='word_1_219' title='bbox 581 2511 874 2580; x_wconf 68' lang='lat' dir='ltr'><strong>prophetaa,</strong></span> <span class='ocrx_word' id='word_1_220' title='bbox 900 2512 1083 2565; x_wconf 84' lang='lat' dir='ltr'><strong>dicens</strong></span> <span class='ocrx_word' id='word_1_221' title='bbox 1117 2530 1132 2567; x_wconf 88' lang='lat'><strong>:</strong></span> <span class='ocrx_word' id='word_1_222' title='bbox 1169 2532 1187 2564; x_wconf 86' lang='grc'><em>‹</em></span> <span class='ocrx_word' id='word_1_223' title='bbox 1226 2513 1500 2583; x_wconf 88' lang='lat' dir='ltr'><strong>Dereliqui</strong></span> <span class='ocrx_word' id='word_1_224' title='bbox 1541 2516 1761 2570; x_wconf 89' lang='lat' dir='ltr'><strong>domum</strong></span> <span class='ocrx_word' id='word_1_225' title='bbox 1792 2533 2004 2587; x_wconf 89' lang='lat' dir='ltr'><strong>meam,</strong></span> 
     </span>
    </p>
   </div>
   <div class='ocr_carea' id='block_1_29' title="bbox 437 2601 2004 2666">
    <p class='ocr_par' dir='ltr' id='par_1_29' title="bbox 437 2601 2004 2666">
     <span class='ocr_line' id='line_1_29' title="bbox 437 2601 2004 2666; baseline 0.006 -12"><span class='ocrx_word' id='word_1_226' title='bbox 437 2601 613 2654; x_wconf 88' lang='lat' dir='ltr'><strong>dimisi</strong></span> <span class='ocrx_word' id='word_1_227' title='bbox 638 2601 999 2655; x_wconf 69' lang='lat' dir='ltr'><strong>bmreditatem</strong></span> <span class='ocrx_word' id='word_1_228' title='bbox 1030 2616 1225 2666; x_wconf 86' lang='lat' dir='ltr'><strong>meam,</strong></span> <span class='ocrx_word' id='word_1_229' title='bbox 1246 2604 1365 2657; x_wconf 83' lang='lat' dir='ltr'><strong>dedi</strong></span> <span class='ocrx_word' id='word_1_230' title='bbox 1398 2604 1654 2659; x_wconf 89' lang='lat' dir='ltr'><strong>dilectam</strong></span> <span class='ocrx_word' id='word_1_231' title='bbox 1694 2608 1929 2662; x_wconf 87' lang='lat' dir='ltr'><strong>animam</strong></span> <span class='ocrx_word' id='word_1_232' title='bbox 1952 2611 2004 2663; x_wconf 93' lang='lat' dir='ltr'><strong>in</strong></span> 
     </span>
    </p>
   </div>
   <div class='ocr_carea' id='block_1_30' title="bbox 439 2690 2002 2753">
    <p class='ocr_par' dir='ltr' id='par_1_30' title="bbox 439 2690 2002 2753">
     <span class='ocr_line' id='line_1_30' title="bbox 439 2690 2002 2753; baseline 0.006 -10"><span class='ocrx_word' id='word_1_233' title='bbox 439 2704 628 2745; x_wconf 86' lang='lat' dir='ltr'><strong>manus</strong></span> <span class='ocrx_word' id='word_1_234' title='bbox 648 2690 991 2746; x_wconf 82' lang='lat' dir='ltr'><strong>inimicorum</strong></span> <span class='ocrx_word' id='word_1_235' title='bbox 1025 2706 1264 2746; x_wconf 88' lang='lat' dir='ltr'><strong>suorum.</strong></span> <span class='ocrx_word' id='word_1_236' title='bbox 1295 2692 1458 2747; x_wconf 88' lang='lat' dir='ltr'><strong>Facta</strong></span> <span class='ocrx_word' id='word_1_237' title='bbox 1476 2705 1557 2749; x_wconf 92' lang='lat' dir='ltr'><strong>est</strong></span> <span class='ocrx_word' id='word_1_238' title='bbox 1575 2695 1866 2753; x_wconf 70' lang='lat' dir='ltr'><strong>bmreditas</strong></span> <span class='ocrx_word' id='word_1_239' title='bbox 1888 2715 2002 2753; x_wconf 73' lang='lat' dir='ltr'><strong>mea</strong></span> 
     </span>
    </p>
   </div>
   <div class='ocr_carea' id='block_1_31' title="bbox 436 2782 2004 2854">
    <p class='ocr_par' dir='ltr' id='par_1_31' title="bbox 436 2782 2004 2854">
     <span class='ocr_line' id='line_1_31' title="bbox 436 2782 2004 2854; baseline 0.003 -18"><span class='ocrx_word' id='word_1_240' title='bbox 436 2782 591 2847; x_wconf 84' lang='lat' dir='ltr'><strong>mihi,</strong></span> <span class='ocrx_word' id='word_1_241' title='bbox 622 2792 680 2837; x_wconf 87' lang='lat' dir='ltr'><strong>ut</strong></span> <span class='ocrx_word' id='word_1_242' title='bbox 712 2784 798 2837; x_wconf 90' lang='lat' dir='ltr'><strong>leo</strong></span> <span class='ocrx_word' id='word_1_243' title='bbox 826 2784 878 2837; x_wconf 91' lang='lat' dir='ltr'><strong>in</strong></span> <span class='ocrx_word' id='word_1_244' title='bbox 908 2783 1042 2837; x_wconf 82' lang='lat' dir='ltr'><strong>silva</strong></span> <span class='ocrx_word' id='word_1_245' title='bbox 1064 2802 1079 2851; x_wconf 89' lang='lat'>;</span> <span class='ocrx_word' id='word_1_246' title='bbox 1102 2785 1271 2838; x_wconf 86' lang='lat' dir='ltr'><strong>edidit</strong></span> <span class='ocrx_word' id='word_1_247' title='bbox 1290 2796 1475 2839; x_wconf 89' lang='lat' dir='ltr'><strong>contra</strong></span> <span class='ocrx_word' id='word_1_248' title='bbox 1505 2801 1589 2840; x_wconf 89' lang='lat' dir='ltr'><strong>me</strong></span> <span class='ocrx_word' id='word_1_249' title='bbox 1618 2802 1804 2842; x_wconf 81' lang='lat' dir='ltr'><strong>vocem</strong></span> <span class='ocrx_word' id='word_1_250' title='bbox 1829 2804 2004 2854; x_wconf 88' lang='lat' dir='ltr'><strong>suam,</strong></span> 
     </span>
    </p>
   </div>
   <div class='ocr_carea' id='block_1_32' title="bbox 435 2873 2005 2944">
    <p class='ocr_par' dir='ltr' id='par_1_32' title="bbox 435 2873 2005 2944">
     <span class='ocr_line' id='line_1_32' title="bbox 435 2873 2005 2944; baseline 0.006 -19"><span class='ocrx_word' id='word_1_251' title='bbox 435 2884 717 2942; x_wconf 73' lang='lat' dir='ltr'><strong>propterea</strong></span> <span class='ocrx_word' id='word_1_252' title='bbox 739 2873 826 2928; x_wconf 91' lang='lat' dir='ltr'><strong>odi</strong></span> <span class='ocrx_word' id='word_1_253' title='bbox 857 2889 973 2928; x_wconf 89' lang='lat' dir='ltr'><strong>eam</strong></span> <span class='ocrx_word' id='word_1_254' title='bbox 1005 2875 1067 2930; x_wconf 82' lang='lat'><strong>&quot;.</strong></span> <span class='ocrx_word' id='word_1_255' title='bbox 1105 2894 1124 2928; x_wconf 73' lang='grc' dir='ltr'><strong>ι</strong></span> <span class='ocrx_word' id='word_1_256' title='bbox 1159 2873 1423 2944; x_wconf 85' lang='lat' dir='ltr'><strong>Josepbus</strong></span> <span class='ocrx_word' id='word_1_257' title='bbox 1455 2878 1584 2931; x_wconf 89' lang='lat' dir='ltr'><strong>item</strong></span> <span class='ocrx_word' id='word_1_258' title='bbox 1615 2879 1857 2935; x_wconf 76' lang='lat' dir='ltr'><strong>Judaicze</strong></span> <span class='ocrx_word' id='word_1_259' title='bbox 1893 2890 2005 2936; x_wconf 88' lang='lat' dir='ltr'><strong>ter-</strong></span> 
     </span>
    </p>
   </div>
   <div class='ocr_carea' id='block_1_33' title="bbox 434 2965 2007 3041">
    <p class='ocr_par' dir='ltr' id='par_1_33' title="bbox 434 2965 2007 3041">
     <span class='ocr_line' id='line_1_33' title="bbox 434 2965 2007 3041; baseline 0.004 -20"><span class='ocrx_word' id='word_1_260' title='bbox 434 2981 509 3021; x_wconf 63' lang='lat' dir='ltr'><strong>ra:</strong></span> <span class='ocrx_word' id='word_1_261' title='bbox 536 2965 673 3019; x_wconf 90' lang='lat' dir='ltr'><strong>maia</strong></span> <span class='ocrx_word' id='word_1_262' title='bbox 712 2967 914 3032; x_wconf 71' lang='lat' dir='ltr'><strong>tragice</strong></span> <span class='ocrx_word' id='word_1_263' title='bbox 957 2967 1331 3034; x_wconf 82' lang='lat' dir='ltr'><strong>ampliﬁcans,</strong></span> <span class='ocrx_word' id='word_1_264' title='bbox 1383 2983 1503 3022; x_wconf 87' lang='lat' dir='ltr'><strong>cum</strong></span> <span class='ocrx_word' id='word_1_265' title='bbox 1532 2970 1644 3039; x_wconf 86' lang='lat' dir='ltr'><strong>jam</strong></span> <span class='ocrx_word' id='word_1_266' title='bbox 1684 2972 1733 3025; x_wconf 92' lang='lat' dir='ltr'><strong>in</strong></span> <span class='ocrx_word' id='word_1_267' title='bbox 1761 2975 2007 3041; x_wconf 78' lang='lat' dir='ltr'><strong>proximo</strong></span> 
     </span>
    </p>
   </div>
   <div class='ocr_carea' id='block_1_34' title="bbox 433 3057 2078 3137">
    <p class='ocr_par' dir='ltr' id='par_1_34' title="bbox 433 3057 2078 3137">
     <span class='ocr_line' id='line_1_34' title="bbox 433 3057 2078 3137; baseline 0.005 -27"><span class='ocrx_word' id='word_1_268' title='bbox 433 3067 550 3111; x_wconf 88' lang='lat' dir='ltr'><strong>erat</strong></span> <span class='ocrx_word' id='word_1_269' title='bbox 593 3066 649 3112; x_wconf 93' lang='lat' dir='ltr'><strong>ut</strong></span> <span class='ocrx_word' id='word_1_270' title='bbox 696 3068 982 3128; x_wconf 84' lang='lat' dir='ltr'><strong>caperetur</strong></span> <span class='ocrx_word' id='word_1_271' title='bbox 1025 3057 1357 3126; x_wconf 79' lang='lat' dir='ltr'><strong>Jerusalem,</strong></span> <span class='ocrx_word' id='word_1_272' title='bbox 1415 3073 1800 3119; x_wconf 88' lang='lat' dir='ltr'><strong>commemorat</strong></span> <span class='ocrx_word' id='word_1_273' title='bbox 1849 3067 2004 3118; x_wconf 68' lang='lat' dir='ltr'><strong>audi-</strong></span> <span class='ocrx_word' id='word_1_274' title='bbox 2033 3079 2078 3137; x_wconf 72' lang='grc' dir='ltr'>ο</span> 
     </span>
    </p>
   </div>
   <div class='ocr_carea' id='block_1_35' title="bbox 435 3150 2003 3227">
    <p class='ocr_par' dir='ltr' id='par_1_35' title="bbox 435 3150 2003 3227">
     <span class='ocr_line' id='line_1_35' title="bbox 435 3150 2003 3227; baseline 0.007 -26"><span class='ocrx_word' id='word_1_275' title='bbox 435 3150 578 3205; x_wconf 89' lang='lat' dir='ltr'><strong>visse</strong></span> <span class='ocrx_word' id='word_1_276' title='bbox 603 3150 655 3205; x_wconf 93' lang='lat' dir='ltr'><strong>in</strong></span> <span class='ocrx_word' id='word_1_277' title='bbox 689 3153 888 3218; x_wconf 88' lang='lat' dir='ltr'><strong>templo</strong></span> <span class='ocrx_word' id='word_1_278' title='bbox 923 3167 1110 3207; x_wconf 83' lang='lat' dir='ltr'><strong>vocem</strong></span> <span class='ocrx_word' id='word_1_279' title='bbox 1144 3155 1480 3218; x_wconf 87' lang='lat' dir='ltr'><strong>sacerdotes,</strong></span> <span class='ocrx_word' id='word_1_280' title='bbox 1507 3154 1652 3209; x_wconf 89' lang='lat' dir='ltr'><strong>velut</strong></span> <span class='ocrx_word' id='word_1_281' title='bbox 1692 3158 2003 3227; x_wconf 78' lang='lat' dir='ltr'><strong>angelorum</strong></span> 
     </span>
    </p>
   </div>
   <div class='ocr_carea' id='block_1_36' title="bbox 435 3240 2005 3312">
    <p class='ocr_par' dir='ltr' id='par_1_36' title="bbox 435 3240 2005 3312">
     <span class='ocr_line' id='line_1_36' title="bbox 435 3240 2005 3312; baseline 0.006 -18"><span class='ocrx_word' id='word_1_282' title='bbox 435 3241 488 3295; x_wconf 87' lang='lat' dir='ltr'><strong>in</strong></span> <span class='ocrx_word' id='word_1_283' title='bbox 518 3256 583 3296; x_wconf 92' lang='lat' dir='ltr'><strong>eo</strong></span> <span class='ocrx_word' id='word_1_284' title='bbox 608 3240 952 3296; x_wconf 89' lang='lat' dir='ltr'><strong>clamantium</strong></span> <span class='ocrx_word' id='word_1_285' title='bbox 985 3261 998 3296; x_wconf 89' lang='lat'><strong>:</strong></span> <span class='ocrx_word' id='word_1_286' title='bbox 1036 3243 1141 3312; x_wconf 78' lang='lat' dir='ltr'><strong>lo</strong></span> <span class='ocrx_word' id='word_1_287' title='bbox 1159 3242 1448 3311; x_wconf 78' lang='lat' dir='ltr'><strong>Migremus</strong></span> <span class='ocrx_word' id='word_1_288' title='bbox 1466 3245 1612 3297; x_wconf 82' lang='lat' dir='ltr'><strong>hinc.</strong></span> <span class='ocrx_word' id='word_1_289' title='bbox 1630 3243 1859 3301; x_wconf 81' lang='lat' dir='ltr'><strong>Obsessa</strong></span> <span class='ocrx_word' id='word_1_290' title='bbox 1878 3264 2005 3303; x_wconf 83' lang='lat' dir='ltr'><strong>vero</strong></span> 
     </span>
    </p>
   </div>
   <div class='ocr_carea' id='block_1_37' title="bbox 434 3333 2002 3406">
    <p class='ocr_par' dir='ltr' id='par_1_37' title="bbox 434 3333 2002 3406">
     <span class='ocr_line' id='line_1_37' title="bbox 434 3333 2002 3406; baseline 0.006 -20"><span class='ocrx_word' id='word_1_291' title='bbox 434 3335 587 3396; x_wconf 87' lang='lat' dir='ltr'><strong>urbe,</strong></span> <span class='ocrx_word' id='word_1_292' title='bbox 616 3336 829 3388; x_wconf 90' lang='lat' dir='ltr'><strong>modum</strong></span> <span class='ocrx_word' id='word_1_293' title='bbox 875 3333 1057 3406; x_wconf 76' lang='lat' dir='ltr'><strong>et&#39;fugii</strong></span> <span class='ocrx_word' id='word_1_294' title='bbox 1097 3336 1166 3390; x_wconf 90' lang='lat' dir='ltr'><strong>ab</strong></span> <span class='ocrx_word' id='word_1_295' title='bbox 1195 3338 1448 3392; x_wconf 88' lang='lat' dir='ltr'><strong>omnibus</strong></span> <span class='ocrx_word' id='word_1_296' title='bbox 1493 3340 1585 3406; x_wconf 92' lang='lat' dir='ltr'><strong>qui</strong></span> <span class='ocrx_word' id='word_1_297' title='bbox 1641 3339 1695 3393; x_wconf 92' lang='lat' dir='ltr'><strong>in</strong></span> <span class='ocrx_word' id='word_1_298' title='bbox 1728 3355 1789 3395; x_wconf 89' lang='lat' dir='ltr'><strong>ea</strong></span> <span class='ocrx_word' id='word_1_299' title='bbox 1822 3352 2002 3406; x_wconf 86' lang='lat' dir='ltr'><strong>erant,</strong></span> 
     </span>
    </p>
   </div>
   <div class='ocr_carea' id='block_1_38' title="bbox 433 3426 2005 3501">
    <p class='ocr_par' dir='ltr' id='par_1_38' title="bbox 433 3426 2005 3501">
     <span class='ocr_line' id='line_1_38' title="bbox 433 3426 2005 3501; baseline 0.006 -23"><span class='ocrx_word' id='word_1_300' title='bbox 433 3426 713 3494; x_wconf 68' lang='lat' dir='ltr'><strong>qumsitum</strong></span> <span class='ocrx_word' id='word_1_301' title='bbox 766 3426 934 3483; x_wconf 79' lang='lat' dir='ltr'><strong>fuisse</strong></span> <span class='ocrx_word' id='word_1_302' title='bbox 958 3468 974 3494; x_wconf 94' lang='lat'><strong>,</strong></span> <span class='ocrx_word' id='word_1_303' title='bbox 1010 3429 1099 3496; x_wconf 90' lang='lat' dir='ltr'><strong>qui</strong></span> <span class='ocrx_word' id='word_1_304' title='bbox 1132 3428 1352 3483; x_wconf 87' lang='lat' dir='ltr'><strong>dubium</strong></span> <span class='ocrx_word' id='word_1_305' title='bbox 1385 3430 1435 3483; x_wconf 90' lang='lat' dir='ltr'><strong>id</strong></span> <span class='ocrx_word' id='word_1_306' title='bbox 1468 3433 1725 3499; x_wconf 87' lang='lat' dir='ltr'><strong>quiddam</strong></span> <span class='ocrx_word' id='word_1_307' title='bbox 1751 3447 1876 3488; x_wconf 85' lang='lat' dir='ltr'><strong>esse</strong></span> <span class='ocrx_word' id='word_1_308' title='bbox 1911 3449 2005 3501; x_wconf 90' lang='lat' dir='ltr'><strong>po-</strong></span> 
     </span>
    </p>
   </div>
   <div class='ocr_carea' id='block_1_39' title="bbox 434 3515 2004 3594">
    <p class='ocr_par' dir='ltr' id='par_1_39' title="bbox 434 3515 2004 3594">
     <span class='ocr_line' id='line_1_39' title="bbox 434 3515 2004 3594; baseline 0.008 -25"><span class='ocrx_word' id='word_1_309' title='bbox 434 3515 583 3571; x_wconf 77' lang='lat' dir='ltr'><strong>test?</strong></span> <span class='ocrx_word' id='word_1_310' title='bbox 618 3515 752 3572; x_wconf 92' lang='lat' dir='ltr'><strong>llinc</strong></span> <span class='ocrx_word' id='word_1_311' title='bbox 782 3517 1052 3585; x_wconf 90' lang='lat' dir='ltr'><strong>conjicere</strong></span> <span class='ocrx_word' id='word_1_312' title='bbox 1105 3519 1264 3584; x_wconf 89' lang='lat' dir='ltr'><strong>licet,</strong></span> <span class='ocrx_word' id='word_1_313' title='bbox 1318 3536 1439 3590; x_wconf 69' lang='lat' dir='ltr'><strong>quae</strong></span> <span class='ocrx_word' id='word_1_314' title='bbox 1481 3520 1720 3577; x_wconf 66' lang='lat' dir='ltr'><strong>Judaicm</strong></span> <span class='ocrx_word' id='word_1_315' title='bbox 1762 3526 2004 3594; x_wconf 76' lang='lat' dir='ltr'><strong>regionis</strong></span> 
     </span>
    </p>
   </div>
   <div class='ocr_carea' id='block_1_40' title="bbox 431 3604 2001 3683">
    <p class='ocr_par' dir='ltr' id='par_1_40' title="bbox 431 3604 2001 3683">
     <span class='ocr_line' id='line_1_40' title="bbox 431 3604 2001 3683; baseline 0.008 -25"><span class='ocrx_word' id='word_1_316' title='bbox 431 3605 570 3659; x_wconf 84' lang='lat' dir='ltr'><strong>maia</strong></span> <span class='ocrx_word' id='word_1_317' title='bbox 608 3604 829 3662; x_wconf 82' lang='lat' dir='ltr'><strong>iuerint.</strong></span> <span class='ocrx_word' id='word_1_318' title='bbox 869 3607 1002 3662; x_wconf 87' lang='lat' dir='ltr'><strong>Nam</strong></span> <span class='ocrx_word' id='word_1_319' title='bbox 1036 3610 1279 3666; x_wconf 89' lang='lat' dir='ltr'><strong>obsessis</strong></span> <span class='ocrx_word' id='word_1_320' title='bbox 1315 3621 1397 3666; x_wconf 91' lang='lat' dir='ltr'><strong>ter</strong></span> <span class='ocrx_word' id='word_1_321' title='bbox 1423 3613 1660 3682; x_wconf 86' lang='lat' dir='ltr'><strong>optabile</strong></span> <span class='ocrx_word' id='word_1_322' title='bbox 1694 3615 2001 3683; x_wconf 85' lang='lat' dir='ltr'><strong>videbatur,</strong></span> 
     </span>
    </p>
   </div>
   <div class='ocr_carea' id='block_1_41' title="bbox 432 3690 2001 3760">
    <p class='ocr_par' dir='ltr' id='par_1_41' title="bbox 432 3690 2001 3760">
     <span class='ocr_line' id='line_1_41' title="bbox 432 3690 2001 3760; baseline 0.011 -17"><span class='ocrx_word' id='word_1_323' title='bbox 432 3690 516 3745; x_wconf 80' lang='lat' dir='ltr'><strong>vel</strong></span> <span class='ocrx_word' id='word_1_324' title='bbox 565 3691 728 3745; x_wconf 89' lang='lat' dir='ltr'><strong>vitam</strong></span> <span class='ocrx_word' id='word_1_325' title='bbox 761 3707 1088 3750; x_wconf 87' lang='lat' dir='ltr'><strong>conservare</strong></span> <span class='ocrx_word' id='word_1_326' title='bbox 1117 3713 1132 3752; x_wconf 89' lang='lat'><strong>:</strong></span> <span class='ocrx_word' id='word_1_327' title='bbox 1164 3698 1229 3752; x_wconf 87' lang='lat' dir='ltr'><strong>de</strong></span> <span class='ocrx_word' id='word_1_328' title='bbox 1251 3698 1407 3753; x_wconf 92' lang='lat' dir='ltr'><strong>domo</strong></span> <span class='ocrx_word' id='word_1_329' title='bbox 1439 3710 1617 3754; x_wconf 90' lang='lat' dir='ltr'><strong>autem</strong></span> <span class='ocrx_word' id='word_1_330' title='bbox 1647 3712 1702 3758; x_wconf 90' lang='lat' dir='ltr'><strong>et</strong></span> <span class='ocrx_word' id='word_1_331' title='bbox 1724 3702 2001 3760; x_wconf 78' lang='lat' dir='ltr'><strong>facultati-</strong></span> 
     </span>
    </p>
   </div>
   <div class='ocr_carea' id='block_1_42' title="bbox 430 3782 2001 3851">
    <p class='ocr_par' dir='ltr' id='par_1_42' title="bbox 430 3782 2001 3851">
     <span class='ocr_line' id='line_1_42' title="bbox 430 3782 2001 3851; baseline 0.009 -14"><span class='ocrx_word' id='word_1_332' title='bbox 430 3782 552 3849; x_wconf 86' lang='lat' dir='ltr'><strong>bus,</strong></span> <span class='ocrx_word' id='word_1_333' title='bbox 581 3783 664 3839; x_wconf 84' lang='lat' dir='ltr'><strong>vel</strong></span> <span class='ocrx_word' id='word_1_334' title='bbox 691 3784 854 3839; x_wconf 87' lang='lat' dir='ltr'><strong>etiam</strong></span> <span class='ocrx_word' id='word_1_335' title='bbox 895 3785 963 3840; x_wconf 89' lang='lat' dir='ltr'><strong>de</strong></span> <span class='ocrx_word' id='word_1_336' title='bbox 1007 3787 1226 3842; x_wconf 79' lang='lat' dir='ltr'><strong>civitate</strong></span> <span class='ocrx_word' id='word_1_337' title='bbox 1279 3789 1421 3843; x_wconf 88' lang='lat' dir='ltr'><strong>nulla</strong></span> <span class='ocrx_word' id='word_1_338' title='bbox 1460 3791 1564 3847; x_wconf 88' lang='lat' dir='ltr'><strong>illis</strong></span> <span class='ocrx_word' id='word_1_339' title='bbox 1609 3795 1832 3849; x_wconf 89' lang='lat' dir='ltr'><strong>omnino</strong></span> <span class='ocrx_word' id='word_1_340' title='bbox 1873 3812 2001 3851; x_wconf 85' lang='lat' dir='ltr'><strong>cura</strong></span> 
     </span>
    </p>
   </div>
   <div class='ocr_carea' id='block_1_43' title="bbox 430 3874 2001 3947">
    <p class='ocr_par' dir='ltr' id='par_1_43' title="bbox 430 3874 2001 3947">
     <span class='ocr_line' id='line_1_43' title="bbox 430 3874 2001 3947; baseline 0.01 -19"><span class='ocrx_word' id='word_1_341' title='bbox 430 3884 570 3928; x_wconf 84' lang='lat' dir='ltr'><strong>erat.</strong></span> <span class='ocrx_word' id='word_1_342' title='bbox 608 3874 897 3930; x_wconf 89' lang='lat' dir='ltr'><strong>Sciendum</strong></span> <span class='ocrx_word' id='word_1_343' title='bbox 928 3887 1189 3947; x_wconf 60' lang='lat' dir='ltr'><strong>praterea</strong></span> <span class='ocrx_word' id='word_1_344' title='bbox 1219 3880 1455 3936; x_wconf 87' lang='lat' dir='ltr'><strong>hominis</strong></span> <span class='ocrx_word' id='word_1_345' title='bbox 1498 3884 1733 3939; x_wconf 90' lang='lat' dir='ltr'><strong>animam</strong></span> <span class='ocrx_word' id='word_1_346' title='bbox 1767 3888 2001 3943; x_wconf 61' lang='lat' dir='ltr'><strong>dereliuo</strong></span> 
     </span>
    </p>
   </div>
   <div class='ocr_carea' id='block_1_44' title="bbox 428 3964 1999 4045">
    <p class='ocr_par' dir='ltr' id='par_1_44' title="bbox 428 3964 1999 4045">
     <span class='ocr_line' id='line_1_44' title="bbox 428 3964 1999 4045; baseline 0.01 -27"><span class='ocrx_word' id='word_1_347' title='bbox 428 3967 517 4034; x_wconf 85' lang='lat' dir='ltr'><strong>qui</strong></span> <span class='ocrx_word' id='word_1_348' title='bbox 551 3978 581 4019; x_wconf 85' lang='lat' dir='ltr'><strong>a</strong></span> <span class='ocrx_word' id='word_1_349' title='bbox 613 3964 724 4021; x_wconf 89' lang='lat' dir='ltr'><strong>Deo</strong></span> <span class='ocrx_word' id='word_1_350' title='bbox 755 3968 1140 4026; x_wconf 78' lang='lat' dir='ltr'><strong>multifariam:</strong></span> <span class='ocrx_word' id='word_1_351' title='bbox 1173 3972 1273 4028; x_wconf 89' lang='lat' dir='ltr'><strong>nisi</strong></span> <span class='ocrx_word' id='word_1_352' title='bbox 1313 3975 1627 4045; x_wconf 60' lang='lat' dir='ltr'><strong>praescripta</strong></span> <span class='ocrx_word' id='word_1_353' title='bbox 1652 3987 1798 4033; x_wconf 89' lang='lat' dir='ltr'><strong>recte</strong></span> <span class='ocrx_word' id='word_1_354' title='bbox 1833 3995 1999 4034; x_wconf 76' lang='lat' dir='ltr'><strong>exse-</strong></span> 
     </span>
    </p>
   </div>
   <div class='ocr_carea' id='block_1_45' title="bbox 428 4060 2002 4142">
    <p class='ocr_par' dir='ltr' id='par_1_45' title="bbox 428 4060 2002 4142">
     <span class='ocr_line' id='line_1_45' title="bbox 428 4060 2002 4142; baseline 0.013 -35"><span class='ocrx_word' id='word_1_355' title='bbox 428 4068 644 4125; x_wconf 85' lang='lat' dir='ltr'><strong>quatur,</strong></span> <span class='ocrx_word' id='word_1_356' title='bbox 672 4068 727 4113; x_wconf 89' lang='lat' dir='ltr'><strong>et</strong></span> <span class='ocrx_word' id='word_1_357' title='bbox 755 4060 961 4114; x_wconf 87' lang='lat' dir='ltr'><strong>Domini</strong></span> <span class='ocrx_word' id='word_1_358' title='bbox 1000 4063 1234 4118; x_wconf 86' lang='lat' dir='ltr'><strong>oraculis</strong></span> <span class='ocrx_word' id='word_1_359' title='bbox 1264 4066 1534 4121; x_wconf 85' lang='lat' dir='ltr'><strong>cervicem</strong></span> <span class='ocrx_word' id='word_1_360' title='bbox 1556 4069 1868 4136; x_wconf 89' lang='lat' dir='ltr'><strong>submittat,</strong></span> <span class='ocrx_word' id='word_1_361' title='bbox 1890 4073 2002 4142; x_wconf 88' lang='lat' dir='ltr'><strong>pie-</strong></span> 
     </span>
    </p>
   </div>
   <div class='ocr_carea' id='block_1_46' title="bbox 430 4146 1993 4228">
    <p class='ocr_par' dir='ltr' id='par_1_46' title="bbox 430 4146 1993 4228">
     <span class='ocr_line' id='line_1_46' title="bbox 430 4146 1993 4228; baseline 0.013 -31"><span class='ocrx_word' id='word_1_362' title='bbox 430 4146 657 4215; x_wconf 89' lang='lat' dir='ltr'><strong>tatisque</strong></span> <span class='ocrx_word' id='word_1_363' title='bbox 681 4148 883 4206; x_wconf 85' lang='lat' dir='ltr'><strong>fructus</strong></span> <span class='ocrx_word' id='word_1_364' title='bbox 911 4153 1104 4221; x_wconf 86' lang='lat' dir='ltr'><strong>pariat.</strong></span> <span class='ocrx_word' id='word_1_365' title='bbox 1136 4151 1393 4226; x_wconf 83' lang='lat' dir='ltr'><strong>[Etenim</strong></span> <span class='ocrx_word' id='word_1_366' title='bbox 1421 4158 1466 4211; x_wconf 91' lang='lat' dir='ltr'><strong>si</strong></span> <span class='ocrx_word' id='word_1_367' title='bbox 1495 4159 1618 4228; x_wconf 89' lang='lat' dir='ltr'><strong>quis</strong></span> <span class='ocrx_word' id='word_1_368' title='bbox 1649 4171 1895 4217; x_wconf 89' lang='lat' dir='ltr'><strong>nostrum</strong></span> <span class='ocrx_word' id='word_1_369' title='bbox 1925 4165 1993 4219; x_wconf 89' lang='lat' dir='ltr'><strong>ab</strong></span> 
     </span>
    </p>
   </div>
   <div class='ocr_carea' id='block_1_47' title="bbox 429 4238 1994 4316">
    <p class='ocr_par' dir='ltr' id='par_1_47' title="bbox 429 4238 1994 4316">
     <span class='ocr_line' id='line_1_47' title="bbox 429 4238 1994 4316; baseline 0.012 -25"><span class='ocrx_word' id='word_1_370' title='bbox 429 4238 583 4291; x_wconf 92' lang='lat' dir='ltr'><strong>initio</strong></span> <span class='ocrx_word' id='word_1_371' title='bbox 609 4241 807 4305; x_wconf 88' lang='lat' dir='ltr'><strong>probus</strong></span> <span class='ocrx_word' id='word_1_372' title='bbox 842 4243 1022 4308; x_wconf 78' lang='lat' dir='ltr'><strong>fuerit,</strong></span> <span class='ocrx_word' id='word_1_373' title='bbox 1054 4242 1075 4315; x_wconf 93' lang='lat'>]</span> <span class='ocrx_word' id='word_1_374' title='bbox 1106 4246 1149 4299; x_wconf 89' lang='lat' dir='ltr'><strong>si</strong></span> <span class='ocrx_word' id='word_1_375' title='bbox 1184 4258 1528 4316; x_wconf 89' lang='lat' dir='ltr'><strong>nuncupatus</strong></span> <span class='ocrx_word' id='word_1_376' title='bbox 1560 4250 1703 4307; x_wconf 75' lang='lat' dir='ltr'><strong>[ilius</strong></span> <span class='ocrx_word' id='word_1_377' title='bbox 1751 4263 1844 4307; x_wconf 88' lang='lat' dir='ltr'><strong>aut</strong></span> <span class='ocrx_word' id='word_1_378' title='bbox 1890 4256 1994 4310; x_wconf 83' lang='lat' dir='ltr'><strong>tilia</strong></span> 
     </span>
    </p>
   </div>
   <div class='ocr_carea' id='block_1_48' title="bbox 426 4326 1992 4410">
    <p class='ocr_par' dir='ltr' id='par_1_48' title="bbox 426 4326 1992 4410">
     <span class='ocr_line' id='line_1_48' title="bbox 426 4326 1992 4410; baseline 0.013 -30"><span class='ocrx_word' id='word_1_379' title='bbox 426 4326 545 4391; x_wconf 85' lang='lat' dir='ltr'><strong>Dei,</strong></span> <span class='ocrx_word' id='word_1_380' title='bbox 577 4328 620 4410; x_wconf 81' lang='lat' dir='ltr'><strong>si</strong></span> <span class='ocrx_word' id='word_1_381' title='bbox 653 4330 817 4382; x_wconf 86' lang='lat' dir='ltr'><strong>etiam</strong></span> <span class='ocrx_word' id='word_1_382' title='bbox 849 4330 1001 4397; x_wconf 89' lang='lat' dir='ltr'><strong>Sion,</strong></span> <span class='ocrx_word' id='word_1_383' title='bbox 1034 4333 1135 4386; x_wconf 84' lang='lat' dir='ltr'><strong>hoc</strong></span> <span class='ocrx_word' id='word_1_384' title='bbox 1156 4344 1234 4389; x_wconf 86' lang='lat' dir='ltr'><strong>est</strong></span> <span class='ocrx_word' id='word_1_385' title='bbox 1261 4374 1277 4399; x_wconf 89' lang='lat'><strong>,</strong></span> <span class='ocrx_word' id='word_1_386' title='bbox 1332 4339 1549 4405; x_wconf 86' lang='lat' dir='ltr'><strong>specula</strong></span> <span class='ocrx_word' id='word_1_387' title='bbox 1579 4344 1869 4410; x_wconf 78' lang='lat' dir='ltr'><strong>exstiterit,</strong></span> <span class='ocrx_word' id='word_1_388' title='bbox 1908 4348 1992 4400; x_wconf 85' lang='lat' dir='ltr'><strong>tti-</strong></span> 
     </span>
    </p>
   </div>
   <div class='ocr_carea' id='block_1_49' title="bbox 427 4401 1995 4505">
    <p class='ocr_par' dir='ltr' id='par_1_49' title="bbox 427 4401 1995 4505">
     <span class='ocr_line' id='line_1_49' title="bbox 427 4401 1995 4505; baseline 0.013 -35"><span class='ocrx_word' id='word_1_389' title='bbox 427 4401 623 4470; x_wconf 73' lang='lat' dir='ltr'><strong>miruih</strong></span> <span class='ocrx_word' id='word_1_390' title='bbox 652 4421 832 4471; x_wconf 73' lang='lat' dir='ltr'><strong>mutuo</strong></span> <span class='ocrx_word' id='word_1_391' title='bbox 858 4421 1070 4476; x_wconf 78' lang='lat' dir='ltr'><strong>excelso</strong></span> <span class='ocrx_word' id='word_1_392' title='bbox 1091 4433 1146 4476; x_wconf 88' lang='lat' dir='ltr'><strong>et</strong></span> <span class='ocrx_word' id='word_1_393' title='bbox 1181 4433 1362 4479; x_wconf 90' lang='lat' dir='ltr'><strong>mente</strong></span> <span class='ocrx_word' id='word_1_394' title='bbox 1401 4429 1709 4495; x_wconf 88' lang='lat' dir='ltr'><strong>purissima,</strong></span> <span class='ocrx_word' id='word_1_395' title='bbox 1735 4440 1995 4505; x_wconf 83' lang='lat' dir='ltr'><strong>mysteria</strong></span> 
     </span>
    </p>
   </div>
   <div class='ocr_carea' id='block_1_50' title="bbox 425 4506 1999 4592">
    <p class='ocr_par' dir='ltr' id='par_1_50' title="bbox 425 4506 1999 4592">
     <span class='ocr_line' id='line_1_50' title="bbox 425 4506 1999 4592; baseline 0.013 -31"><span class='ocrx_word' id='word_1_396' title='bbox 425 4506 666 4562; x_wconf 89' lang='lat' dir='ltr'><strong>intuente</strong></span> <span class='ocrx_word' id='word_1_397' title='bbox 699 4524 762 4563; x_wconf 91' lang='lat' dir='ltr'><strong>ac</strong></span> <span class='ocrx_word' id='word_1_398' title='bbox 791 4512 1167 4568; x_wconf 89' lang='lat' dir='ltr'><strong>considerante</strong></span> <span class='ocrx_word' id='word_1_399' title='bbox 1201 4532 1216 4569; x_wconf 89' lang='lat'><strong>:</strong></span> <span class='ocrx_word' id='word_1_400' title='bbox 1257 4516 1302 4569; x_wconf 89' lang='lat' dir='ltr'><strong>si</strong></span> <span class='ocrx_word' id='word_1_401' title='bbox 1336 4531 1464 4572; x_wconf 82' lang='lat' dir='ltr'><strong>vero</strong></span> <span class='ocrx_word' id='word_1_402' title='bbox 1512 4518 1730 4587; x_wconf 88' lang='lat' dir='ltr'><strong>deinde,</strong></span> <span class='ocrx_word' id='word_1_403' title='bbox 1762 4539 1883 4592; x_wconf 74' lang='lat' dir='ltr'><strong>qua:</strong></span> <span class='ocrx_word' id='word_1_404' title='bbox 1919 4527 1999 4583; x_wconf 78' lang='lat' dir='ltr'><strong>fas</strong></span> 
     </span>
    </p>
   </div>
   <div class='ocr_carea' id='block_1_51' title="bbox 425 4608 2046 4674">
    <p class='ocr_par' dir='ltr' id='par_1_51' title="bbox 425 4608 2046 4674">
     <span class='ocr_line' id='line_1_51' title="bbox 425 4608 2046 4674; baseline 0.014 -22"><span class='ocrx_word' id='word_1_405' title='bbox 425 4611 532 4653; x_wconf 93' lang='lat' dir='ltr'><strong>non</strong></span> <span class='ocrx_word' id='word_1_406' title='bbox 573 4610 659 4655; x_wconf 82' lang='lat' dir='ltr'><strong>est</strong></span> <span class='ocrx_word' id='word_1_407' title='bbox 701 4613 1048 4671; x_wconf 84' lang='lat' dir='ltr'><strong>perpetrare,</strong></span> <span class='ocrx_word' id='word_1_408' title='bbox 1080 4614 1135 4659; x_wconf 90' lang='lat' dir='ltr'><strong>et</strong></span> <span class='ocrx_word' id='word_1_409' title='bbox 1170 4615 1415 4662; x_wconf 89' lang='lat' dir='ltr'><strong>sanctum</strong></span> <span class='ocrx_word' id='word_1_410' title='bbox 1459 4608 1624 4665; x_wconf 83' lang='lat' dir='ltr'><strong>Israel</strong></span> <span class='ocrx_word' id='word_1_411' title='bbox 1666 4616 1998 4674; x_wconf 76' lang='lat' dir='ltr'><strong>exacerbare</strong></span> <span class='ocrx_word' id='word_1_412' title='bbox 2040 4636 2046 4642; x_wconf 93' lang='grc'><strong>·</strong></span> 
     </span>
    </p>
   </div>
   <div class='ocr_carea' id='block_1_52' title="bbox 422 4690 1995 4765">
    <p class='ocr_par' dir='ltr' id='par_1_52' title="bbox 422 4690 1995 4765">
     <span class='ocr_line' id='line_1_52' title="bbox 422 4690 1995 4765; baseline 0.013 -21"><span class='ocrx_word' id='word_1_413' title='bbox 422 4690 785 4759; x_wconf 87' lang='lat' dir='ltr'><strong>conspiciatur</strong></span> <span class='ocrx_word' id='word_1_414' title='bbox 826 4709 839 4746; x_wconf 88' lang='lat'><strong>:</strong></span> <span class='ocrx_word' id='word_1_415' title='bbox 901 4697 967 4749; x_wconf 89' lang='lat' dir='ltr'><strong>ab</strong></span> <span class='ocrx_word' id='word_1_416' title='bbox 996 4695 1114 4765; x_wconf 92' lang='lat' dir='ltr'><strong>ipso</strong></span> <span class='ocrx_word' id='word_1_417' title='bbox 1136 4698 1437 4765; x_wconf 87' lang='lat' dir='ltr'><strong>deseretur,</strong></span> <span class='ocrx_word' id='word_1_418' title='bbox 1471 4716 1535 4756; x_wconf 88' lang='lat' dir='ltr'><strong>ac</strong></span> <span class='ocrx_word' id='word_1_419' title='bbox 1565 4703 1713 4758; x_wconf 87' lang='lat' dir='ltr'><strong>velut</strong></span> <span class='ocrx_word' id='word_1_420' title='bbox 1753 4706 1995 4764; x_wconf 86' lang='lat' dir='ltr'><strong>incusto-</strong></span> 
     </span>
    </p>
   </div>
   <div class='ocr_carea' id='block_1_53' title="bbox 424 4780 1994 4865">
    <p class='ocr_par' dir='ltr' id='par_1_53' title="bbox 424 4780 1994 4865">
     <span class='ocr_line' id='line_1_53' title="bbox 424 4780 1994 4865; baseline 0.015 -32"><span class='ocrx_word' id='word_1_421' title='bbox 424 4780 537 4834; x_wconf 84' lang='lat' dir='ltr'><strong>dita</strong></span> <span class='ocrx_word' id='word_1_422' title='bbox 592 4781 750 4836; x_wconf 86' lang='lat' dir='ltr'><strong>vinea</strong></span> <span class='ocrx_word' id='word_1_423' title='bbox 781 4786 1038 4853; x_wconf 88' lang='lat' dir='ltr'><strong>prodetur</strong></span> <span class='ocrx_word' id='word_1_424' title='bbox 1076 4787 1324 4858; x_wconf 65' lang='lat' dir='ltr'><strong>Satanae,</strong></span> <span class='ocrx_word' id='word_1_425' title='bbox 1357 4802 1408 4847; x_wconf 89' lang='lat' dir='ltr'><strong>et</strong></span> <span class='ocrx_word' id='word_1_426' title='bbox 1464 4795 1646 4850; x_wconf 86' lang='lat' dir='ltr'><strong>carnis</strong></span> <span class='ocrx_word' id='word_1_427' title='bbox 1677 4795 1955 4855; x_wconf 77' lang='lat' dir='ltr'><strong>aﬂ‘ectibus</strong></span> <span class='ocrx_word' id='word_1_428' title='bbox 1979 4841 1994 4865; x_wconf 87' lang='lat'><strong>,</strong></span> 
     </span>
    </p>
   </div>
   <div class='ocr_carea' id='block_1_54' title="bbox 420 4871 1996 4954">
    <p class='ocr_par' dir='ltr' id='par_1_54' title="bbox 420 4871 1996 4954">
     <span class='ocr_line' id='line_1_54' title="bbox 420 4871 1996 4954; baseline 0.011 -28"><span class='ocrx_word' id='word_1_429' title='bbox 420 4871 673 4941; x_wconf 88' lang='lat' dir='ltr'><strong>omnique</strong></span> <span class='ocrx_word' id='word_1_430' title='bbox 711 4875 908 4930; x_wconf 86' lang='lat' dir='ltr'><strong>virtute</strong></span> <span class='ocrx_word' id='word_1_431' title='bbox 955 4891 1176 4943; x_wconf 84' lang='lat' dir='ltr'><strong>vacuus,</strong></span> <span class='ocrx_word' id='word_1_432' title='bbox 1230 4884 1613 4954; x_wconf 64' lang='lat' dir='ltr'><strong>praeclarisque</strong></span> <span class='ocrx_word' id='word_1_433' title='bbox 1664 4887 1786 4942; x_wconf 67' lang='lat' dir='ltr'><strong>vite</strong></span> <span class='ocrx_word' id='word_1_434' title='bbox 1839 4888 1996 4944; x_wconf 85' lang='lat' dir='ltr'><strong>iusti-</strong></span> 
     </span>
    </p>
   </div>
   <div class='ocr_carea' id='block_1_55' title="bbox 422 4962 1989 5043">
    <p class='ocr_par' dir='ltr' id='par_1_55' title="bbox 422 4962 1989 5043">
     <span class='ocr_line' id='line_1_55' title="bbox 422 4962 1989 5043; baseline 0.015 -31"><span class='ocrx_word' id='word_1_435' title='bbox 422 4962 635 5016; x_wconf 67' lang='lat' dir='ltr'><strong>tuenda:</strong></span> <span class='ocrx_word' id='word_1_436' title='bbox 659 4977 723 5018; x_wconf 87' lang='lat' dir='ltr'><strong>ac</strong></span> <span class='ocrx_word' id='word_1_437' title='bbox 749 4972 1177 5027; x_wconf 84' lang='lat' dir='ltr'><strong>conversationis</strong></span> <span class='ocrx_word' id='word_1_438' title='bbox 1198 4973 1482 5030; x_wconf 88' lang='lat' dir='ltr'><strong>decoribus</strong></span> <span class='ocrx_word' id='word_1_439' title='bbox 1509 4975 1706 5043; x_wconf 87' lang='lat' dir='ltr'><strong>nudus,</strong></span> <span class='ocrx_word' id='word_1_440' title='bbox 1734 4980 1989 5035; x_wconf 87' lang='lat' dir='ltr'><strong>oumibns</strong></span> 
     </span>
    </p>
   </div>
   <div class='ocr_carea' id='block_1_56' title="bbox 419 5056 1130 5119">
    <p class='ocr_par' dir='ltr' id='par_1_56' title="bbox 419 5056 1130 5119">
     <span class='ocr_line' id='line_1_56' title="bbox 419 5056 1130 5119; baseline 0.025 -18"><span class='ocrx_word' id='word_1_441' title='bbox 419 5062 647 5108; x_wconf 82' lang='lat' dir='ltr'><strong>onustus</strong></span> <span class='ocrx_word' id='word_1_442' title='bbox 672 5056 827 5111; x_wconf 87' lang='lat' dir='ltr'><strong>malis</strong></span> <span class='ocrx_word' id='word_1_443' title='bbox 849 5058 1130 5119; x_wconf 71' lang='lat' dir='ltr'><strong>calcietur.</strong></span> 
     </span>
    </p>
   </div>
   <div class='ocr_carea' id='block_1_57' title="bbox 2118 681 3693 758">
    <p class='ocr_par' dir='ltr' id='par_1_57' title="bbox 2118 681 3693 758">
     <span class='ocr_line' id='line_1_57' title="bbox 2118 681 3693 758; baseline 0.006 -25"><span class='ocrx_word' id='word_1_444' title='bbox 2118 681 2212 734; x_wconf 74' lang='grc' dir='ltr'>ἐπὶ</span> <span class='ocrx_word' id='word_1_445' title='bbox 2236 684 2300 753; x_wconf 80' lang='grc' dir='ltr'><strong>τῇ</strong></span> <span class='ocrx_word' id='word_1_446' title='bbox 2333 681 2661 753; x_wconf 83' lang='grc' dir='ltr'><strong>ταλαιπώρῳ</strong></span> <span class='ocrx_word' id='word_1_447' title='bbox 2690 682 2829 737; x_wconf 88' lang='grc' dir='ltr'>Σιὼν</span> <span class='ocrx_word' id='word_1_448' title='bbox 2852 683 2881 736; x_wconf 99' lang='lat'><strong>6</strong></span> <span class='ocrx_word' id='word_1_449' title='bbox 2910 686 3247 757; x_wconf 82' lang='grc' dir='ltr'>προφητικδς</span> <span class='ocrx_word' id='word_1_450' title='bbox 3283 688 3429 758; x_wconf 81' lang='grc' dir='ltr'>ἡμᾶς</span> <span class='ocrx_word' id='word_1_451' title='bbox 3453 689 3693 743; x_wconf 83' lang='grc' dir='ltr'><strong>διδάσκει</strong></span> 
     </span>
    </p>
   </div>
   <div class='ocr_carea' id='block_1_58' title="bbox 2117 771 3693 851">
    <p class='ocr_par' dir='ltr' id='par_1_58' title="bbox 2117 771 3693 851">
     <span class='ocr_line' id='line_1_58' title="bbox 2117 771 3693 851; baseline 0.006 -27"><span class='ocrx_word' id='word_1_452' title='bbox 2117 771 2296 840; x_wconf 82' lang='grc' dir='ltr'><strong>λόγος.</strong></span> <span class='ocrx_word' id='word_1_453' title='bbox 2337 774 2453 828; x_wconf 86' lang='grc' dir='ltr'>Ἔτι</span> <span class='ocrx_word' id='word_1_454' title='bbox 2507 773 2607 844; x_wconf 85' lang='grc' dir='ltr'>μὲν</span> <span class='ocrx_word' id='word_1_455' title='bbox 2635 772 2743 845; x_wconf 88' lang='grc' dir='ltr'><strong>γὰρ</strong></span> <span class='ocrx_word' id='word_1_456' title='bbox 2772 773 2898 839; x_wconf 78' lang='grc' dir='ltr'>τοὺς</span> <span class='ocrx_word' id='word_1_457' title='bbox 2943 775 3045 845; x_wconf 83' lang='grc' dir='ltr'>τῆς</span> <span class='ocrx_word' id='word_1_458' title='bbox 3089 776 3431 851; x_wconf 83' lang='grc' dir='ltr'><strong>δικαιοσύνης</strong></span> <span class='ocrx_word' id='word_1_459' title='bbox 3463 779 3693 850; x_wconf 82' lang='grc' dir='ltr'>ἔχουσαν</span> 
     </span>
    </p>
   </div>
   <div class='ocr_carea' id='block_1_59' title="bbox 2119 862 3691 939">
    <p class='ocr_par' dir='ltr' id='par_1_59' title="bbox 2119 862 3691 939">
     <span class='ocr_line' id='line_1_59' title="bbox 2119 862 3691 939; baseline 0.005 -23"><span class='ocrx_word' id='word_1_460' title='bbox 2119 862 2382 932; x_wconf 80' lang='grc' dir='ltr'>καρποὺς,</span> <span class='ocrx_word' id='word_1_461' title='bbox 2423 864 2726 932; x_wconf 82' lang='grc' dir='ltr'>ἀσφαλείας</span> <span class='ocrx_word' id='word_1_462' title='bbox 2771 881 2831 917; x_wconf 86' lang='grc' dir='ltr'><strong>τε</strong></span> <span class='ocrx_word' id='word_1_463' title='bbox 2865 865 2958 918; x_wconf 75' lang='grc' dir='ltr'>καὶ</span> <span class='ocrx_word' id='word_1_464' title='bbox 3004 867 3400 938; x_wconf 84' lang='grc' dir='ltr'>παραφυλακῆς</span> <span class='ocrx_word' id='word_1_465' title='bbox 3434 871 3528 922; x_wconf 76' lang='grc' dir='ltr'>καὶ</span> <span class='ocrx_word' id='word_1_466' title='bbox 3571 887 3691 939; x_wconf 74' lang='grc' dir='ltr'>φεισ-</span> 
     </span>
    </p>
   </div>
   <div class='ocr_carea' id='block_1_60' title="bbox 2114 952 3690 1031">
    <p class='ocr_par' dir='ltr' id='par_1_60' title="bbox 2114 952 3690 1031">
     <span class='ocr_line' id='line_1_60' title="bbox 2114 952 3690 1031; baseline 0.005 -25"><span class='ocrx_word' id='word_1_467' title='bbox 2114 952 2237 1015; x_wconf 87' lang='grc' dir='ltr'>δοῦς</span> <span class='ocrx_word' id='word_1_468' title='bbox 2271 954 2490 1025; x_wconf 86' lang='grc' dir='ltr'>ἀπάσης</span> <span class='ocrx_word' id='word_1_469' title='bbox 2517 954 2670 1025; x_wconf 79' lang='grc' dir='ltr'>ἠξίου</span> <span class='ocrx_word' id='word_1_470' title='bbox 2702 955 2855 1020; x_wconf 84' lang='grc' dir='ltr'>Θεός.</span> <span class='ocrx_word' id='word_1_471' title='bbox 2900 958 3043 1028; x_wconf 85' lang='grc' dir='ltr'><strong>Ἔφη</strong></span> <span class='ocrx_word' id='word_1_472' title='bbox 3098 958 3208 1028; x_wconf 82' lang='grc' dir='ltr'>γὰρ</span> <span class='ocrx_word' id='word_1_473' title='bbox 3247 959 3328 1012; x_wconf 84' lang='grc' dir='ltr'>ὅτι</span> <span class='ocrx_word' id='word_1_474' title='bbox 3396 978 3416 1012; x_wconf 78' lang='grc' dir='ltr'><strong>ι</strong></span> <span class='ocrx_word' id='word_1_475' title='bbox 3457 962 3690 1031; x_wconf 86' lang='grc' dir='ltr'>Ἐσομαι</span> 
     </span>
    </p>
   </div>
   <div class='ocr_carea' id='block_1_61' title="bbox 2115 1044 3691 1122">
    <p class='ocr_par' dir='ltr' id='par_1_61' title="bbox 2115 1044 3691 1122">
     <span class='ocr_line' id='line_1_61' title="bbox 2115 1044 3691 1122; baseline 0.006 -26"><span class='ocrx_word' id='word_1_476' title='bbox 2115 1045 2275 1115; x_wconf 79' lang='grc' dir='ltr'>αὐτῇ,</span> <span class='ocrx_word' id='word_1_477' title='bbox 2305 1044 2452 1113; x_wconf 82' lang='grc' dir='ltr'>λέγει</span> <span class='ocrx_word' id='word_1_478' title='bbox 2484 1045 2707 1118; x_wconf 82' lang='grc' dir='ltr'>Κύριος,</span> <span class='ocrx_word' id='word_1_479' title='bbox 2748 1050 2926 1119; x_wconf 82' lang='grc' dir='ltr'>τεῖχος</span> <span class='ocrx_word' id='word_1_480' title='bbox 2955 1049 3126 1122; x_wconf 81' lang='grc' dir='ltr'>πυρὸς</span> <span class='ocrx_word' id='word_1_481' title='bbox 3149 1050 3446 1115; x_wconf 82' lang='grc' dir='ltr'>κύκλωθεν,</span> <span class='ocrx_word' id='word_1_482' title='bbox 3487 1053 3582 1106; x_wconf 79' lang='grc' dir='ltr'>καὶ</span> <span class='ocrx_word' id='word_1_483' title='bbox 3611 1054 3691 1117; x_wconf 85' lang='grc' dir='ltr'><strong>είς</strong></span> 
     </span>
    </p>
   </div>
   <div class='ocr_carea' id='block_1_62' title="bbox 2112 1136 3691 1213">
    <p class='ocr_par' dir='ltr' id='par_1_62' title="bbox 2112 1136 3691 1213">
     <span class='ocr_line' id='line_1_62' title="bbox 2112 1136 3691 1213; baseline 0.004 -23"><span class='ocrx_word' id='word_1_484' title='bbox 2112 1136 2271 1201; x_wconf 81' lang='grc' dir='ltr'>δόξαν</span> <span class='ocrx_word' id='word_1_485' title='bbox 2308 1136 2501 1206; x_wconf 71' lang='grc' dir='ltr'>ἔσομαι</span> <span class='ocrx_word' id='word_1_486' title='bbox 2532 1138 2589 1191; x_wconf 82' lang='grc' dir='ltr'><strong>ἐν</strong></span> <span class='ocrx_word' id='word_1_487' title='bbox 2624 1138 2772 1209; x_wconf 81' lang='grc' dir='ltr'>μέσῳ</span> <span class='ocrx_word' id='word_1_488' title='bbox 2804 1139 2994 1210; x_wconf 84' lang='grc' dir='ltr'>αὐτῆς.</span> <span class='ocrx_word' id='word_1_489' title='bbox 3056 1160 3074 1195; x_wconf 76' lang='grc' dir='ltr'><strong>ι</strong></span> <span class='ocrx_word' id='word_1_490' title='bbox 3122 1141 3329 1195; x_wconf 82' lang='grc' dir='ltr'>Ψάλλει</span> <span class='ocrx_word' id='word_1_491' title='bbox 3372 1142 3482 1213; x_wconf 85' lang='grc' dir='ltr'><strong>γὰρ</strong></span> <span class='ocrx_word' id='word_1_492' title='bbox 3525 1142 3621 1196; x_wconf 79' lang='grc' dir='ltr'>καὶ</span> <span class='ocrx_word' id='word_1_493' title='bbox 3662 1145 3691 1196; x_wconf 91' lang='lat'><strong>6</strong></span> 
     </span>
    </p>
   </div>
   <div class='ocr_carea' id='block_1_63' title="bbox 2117 1229 3689 1300">
    <p class='ocr_par' dir='ltr' id='par_1_63' title="bbox 2117 1229 3689 1300">
     <span class='ocr_line' id='line_1_63' title="bbox 2117 1229 3689 1300; baseline 0.004 -19"><span class='ocrx_word' id='word_1_494' title='bbox 2117 1229 2385 1300; x_wconf 84' lang='grc' dir='ltr'>μακάριος</span> <span class='ocrx_word' id='word_1_495' title='bbox 2412 1230 2604 1284; x_wconf 74' lang='grc' dir='ltr'>Δαϐίδ·</span> <span class='ocrx_word' id='word_1_496' title='bbox 2644 1248 2664 1282; x_wconf 74' lang='grc' dir='ltr'><strong>ι</strong></span> <span class='ocrx_word' id='word_1_497' title='bbox 2714 1231 2844 1285; x_wconf 79' lang='grc' dir='ltr'>Ἰδοὺ</span> <span class='ocrx_word' id='word_1_498' title='bbox 2894 1233 2955 1285; x_wconf 80' lang='grc' dir='ltr'>οὐ</span> <span class='ocrx_word' id='word_1_499' title='bbox 2984 1233 3262 1300; x_wconf 84' lang='grc' dir='ltr'>νυστάξει,</span> <span class='ocrx_word' id='word_1_500' title='bbox 3299 1234 3419 1288; x_wconf 77' lang='grc' dir='ltr'>οὐδὲ</span> <span class='ocrx_word' id='word_1_501' title='bbox 3452 1234 3689 1288; x_wconf 82' lang='grc' dir='ltr'>ὑπνώσει</span> 
     </span>
    </p>
   </div>
   <div class='ocr_carea' id='block_1_64' title="bbox 2111 1318 3687 1396">
    <p class='ocr_par' dir='ltr' id='par_1_64' title="bbox 2111 1318 3687 1396">
     <span class='ocr_line' id='line_1_64' title="bbox 2111 1318 3687 1396; baseline 0.006 -24"><span class='ocrx_word' id='word_1_502' title='bbox 2111 1320 2140 1372; x_wconf 90' lang='lat'><strong>6</strong></span> <span class='ocrx_word' id='word_1_503' title='bbox 2165 1318 2451 1387; x_wconf 81' lang='grc' dir='ltr'><strong>φυλάσσων</strong></span> <span class='ocrx_word' id='word_1_504' title='bbox 2481 1319 2570 1373; x_wconf 82' lang='grc' dir='ltr'>τὸν</span> <span class='ocrx_word' id='word_1_505' title='bbox 2608 1322 2847 1392; x_wconf 75' lang='grc' dir='ltr'>Ἰσραήλ.</span> <span class='ocrx_word' id='word_1_506' title='bbox 2886 1340 2905 1373; x_wconf 72' lang='grc' dir='ltr'><strong>ι</strong></span> <span class='ocrx_word' id='word_1_507' title='bbox 2955 1322 3173 1395; x_wconf 84' lang='grc' dir='ltr'>Ἐπειδὴ</span> <span class='ocrx_word' id='word_1_508' title='bbox 3222 1325 3277 1378; x_wconf 83' lang='grc' dir='ltr'>δὲ</span> <span class='ocrx_word' id='word_1_509' title='bbox 3305 1326 3481 1380; x_wconf 88' lang='grc' dir='ltr'>καίτοι</span> <span class='ocrx_word' id='word_1_510' title='bbox 3527 1343 3687 1396; x_wconf 85' lang='grc' dir='ltr'>γεγο-</span> 
     </span>
    </p>
   </div>
   <div class='ocr_carea' id='block_1_65' title="bbox 2110 1410 3689 1491">
    <p class='ocr_par' dir='ltr' id='par_1_65' title="bbox 2110 1410 3689 1491">
     <span class='ocr_line' id='line_1_65' title="bbox 2110 1410 3689 1491; baseline 0.006 -27"><span class='ocrx_word' id='word_1_511' title='bbox 2110 1410 2218 1472; x_wconf 86' lang='grc' dir='ltr'>νὼς</span> <span class='ocrx_word' id='word_1_512' title='bbox 2245 1414 2274 1465; x_wconf 89' lang='lat'><strong>6</strong></span> <span class='ocrx_word' id='word_1_513' title='bbox 2317 1410 2530 1482; x_wconf 83' lang='grc' dir='ltr'>Ἰσραὴλ</span> <span class='ocrx_word' id='word_1_514' title='bbox 2591 1413 2848 1480; x_wconf 88' lang='grc' dir='ltr'>ἀμπελὼν</span> <span class='ocrx_word' id='word_1_515' title='bbox 2891 1417 3097 1487; x_wconf 78' lang='grc' dir='ltr'>Κυρίου</span> <span class='ocrx_word' id='word_1_516' title='bbox 3148 1416 3397 1482; x_wconf 81' lang='grc' dir='ltr'>Σαϐαὼθ,</span> <span class='ocrx_word' id='word_1_517' title='bbox 3446 1421 3689 1491; x_wconf 89' lang='grc' dir='ltr'>κεχαρά-</span> 
     </span>
    </p>
   </div>
   <div class='ocr_carea' id='block_1_66' title="bbox 2111 1502 3684 1576">
    <p class='ocr_par' dir='ltr' id='par_1_66' title="bbox 2111 1502 3684 1576">
     <span class='ocr_line' id='line_1_66' title="bbox 2111 1502 3684 1576; baseline 0.006 -21"><span class='ocrx_word' id='word_1_518' title='bbox 2111 1519 2287 1556; x_wconf 87' lang='grc' dir='ltr'>κωται</span> <span class='ocrx_word' id='word_1_519' title='bbox 2320 1502 2416 1573; x_wconf 82' lang='grc' dir='ltr'>μὲν</span> <span class='ocrx_word' id='word_1_520' title='bbox 2441 1504 2534 1556; x_wconf 79' lang='grc' dir='ltr'><strong>καὶ</strong></span> <span class='ocrx_word' id='word_1_521' title='bbox 2556 1503 2760 1576; x_wconf 76' lang='grc' dir='ltr'>ἠξιώθη</span> <span class='ocrx_word' id='word_1_522' title='bbox 2791 1506 3070 1575; x_wconf 75' lang='grc' dir='ltr'>φραγμοῦ.</span> <span class='ocrx_word' id='word_1_523' title='bbox 3100 1508 3299 1562; x_wconf 81' lang='grc' dir='ltr'>Τέτοκε</span> <span class='ocrx_word' id='word_1_524' title='bbox 3325 1509 3380 1562; x_wconf 86' lang='grc' dir='ltr'>δὲ</span> <span class='ocrx_word' id='word_1_525' title='bbox 3419 1510 3684 1575; x_wconf 74' lang='grc' dir='ltr'>ἀκάνθας,</span> 
     </span>
    </p>
   </div>
   <div class='ocr_carea' id='block_1_67' title="bbox 2111 1593 3682 1666">
    <p class='ocr_par' dir='ltr' id='par_1_67' title="bbox 2111 1593 3682 1666">
     <span class='ocr_line' id='line_1_67' title="bbox 2111 1593 3682 1666; baseline 0.005 -20"><span class='ocrx_word' id='word_1_526' title='bbox 2111 1593 2432 1647; x_wconf 47' lang='grc' dir='ltr'>καὶδέδοται</span> <span class='ocrx_word' id='word_1_527' title='bbox 2459 1595 2609 1666; x_wconf 83' lang='grc' dir='ltr'>παρά</span> <span class='ocrx_word' id='word_1_528' title='bbox 2631 1595 2766 1648; x_wconf 85' lang='grc' dir='ltr'>Θεοῦ</span> <span class='ocrx_word' id='word_1_529' title='bbox 2796 1598 2908 1660; x_wconf 89' lang='grc' dir='ltr'>τοῖς</span> <span class='ocrx_word' id='word_1_530' title='bbox 2936 1597 3139 1650; x_wconf 84' lang='grc' dir='ltr'>ἀδικεῖν</span> <span class='ocrx_word' id='word_1_531' title='bbox 3170 1599 3435 1663; x_wconf 74' lang='grc' dir='ltr'>εἰωθόσιν,</span> <span class='ocrx_word' id='word_1_532' title='bbox 3468 1620 3485 1651; x_wconf 81' lang='grc' dir='ltr'><strong>ι</strong></span> <span class='ocrx_word' id='word_1_533' title='bbox 3539 1601 3682 1654; x_wconf 76' lang='grc' dir='ltr'>Καθ-</span> 
     </span>
    </p>
   </div>
   <div class='ocr_carea' id='block_1_68' title="bbox 2112 1683 3688 1758">
    <p class='ocr_par' dir='ltr' id='par_1_68' title="bbox 2112 1683 3688 1758">
     <span class='ocr_line' id='line_1_68' title="bbox 2112 1683 3688 1758; baseline 0.006 -21"><span class='ocrx_word' id='word_1_534' title='bbox 2112 1683 2219 1737; x_wconf 91' lang='grc' dir='ltr'><strong>ελῶ</strong></span> <span class='ocrx_word' id='word_1_535' title='bbox 2255 1685 2383 1756; x_wconf 81' lang='grc' dir='ltr'>γὰρ,</span> <span class='ocrx_word' id='word_1_536' title='bbox 2434 1688 2586 1756; x_wconf 82' lang='grc' dir='ltr'>φησὶ,</span> <span class='ocrx_word' id='word_1_537' title='bbox 2641 1686 2731 1739; x_wconf 82' lang='grc' dir='ltr'>τὸν</span> <span class='ocrx_word' id='word_1_538' title='bbox 2775 1688 3026 1758; x_wconf 78' lang='grc' dir='ltr'>φραγμὸν</span> <span class='ocrx_word' id='word_1_539' title='bbox 3072 1689 3257 1756; x_wconf 84' lang='grc' dir='ltr'>αὑτοῦ,</span> <span class='ocrx_word' id='word_1_540' title='bbox 3291 1692 3384 1745; x_wconf 73' lang='grc' dir='ltr'>καὶ</span> <span class='ocrx_word' id='word_1_541' title='bbox 3425 1692 3576 1746; x_wconf 77' lang='grc' dir='ltr'>ἔσται</span> <span class='ocrx_word' id='word_1_542' title='bbox 3608 1697 3688 1757; x_wconf 87' lang='grc' dir='ltr'><strong>είς</strong></span> 
     </span>
    </p>
   </div>
   <div class='ocr_carea' id='block_1_69' title="bbox 2108 1776 3684 1849">
    <p class='ocr_par' dir='ltr' id='par_1_69' title="bbox 2108 1776 3684 1849">
     <span class='ocr_line' id='line_1_69' title="bbox 2108 1776 3684 1849; baseline 0.006 -20"><span class='ocrx_word' id='word_1_543' title='bbox 2108 1776 2435 1848; x_wconf 76' lang='grc' dir='ltr'>διαρπαγὴν,</span> <span class='ocrx_word' id='word_1_544' title='bbox 2473 1777 2565 1830; x_wconf 80' lang='grc' dir='ltr'>καὶ</span> <span class='ocrx_word' id='word_1_545' title='bbox 2595 1777 2808 1831; x_wconf 78' lang='grc' dir='ltr'>καθελῶ</span> <span class='ocrx_word' id='word_1_546' title='bbox 2839 1778 2929 1831; x_wconf 84' lang='grc' dir='ltr'>τὸν</span> <span class='ocrx_word' id='word_1_547' title='bbox 2972 1781 3150 1849; x_wconf 82' lang='grc' dir='ltr'>τοῖχον</span> <span class='ocrx_word' id='word_1_548' title='bbox 3179 1781 3365 1844; x_wconf 76' lang='grc' dir='ltr'>αὑτοῦ,</span> <span class='ocrx_word' id='word_1_549' title='bbox 3399 1785 3495 1836; x_wconf 67' lang='grc' dir='ltr'>καὶ</span> <span class='ocrx_word' id='word_1_550' title='bbox 3532 1784 3684 1838; x_wconf 82' lang='grc' dir='ltr'>ἐσται</span> 
     </span>
    </p>
   </div>
   <div class='ocr_carea' id='block_1_70' title="bbox 2109 1869 3687 1942">
    <p class='ocr_par' dir='ltr' id='par_1_70' title="bbox 2109 1869 3687 1942">
     <span class='ocr_line' id='line_1_70' title="bbox 2109 1869 3687 1942; baseline 0.004 -21"><span class='ocrx_word' id='word_1_551' title='bbox 2109 1870 2189 1932; x_wconf 89' lang='grc' dir='ltr'><strong>είς</strong></span> <span class='ocrx_word' id='word_1_552' title='bbox 2219 1869 2612 1940; x_wconf 85' lang='grc' dir='ltr'>καταπάτημα,</span> <span class='ocrx_word' id='word_1_553' title='bbox 2640 1871 2735 1924; x_wconf 79' lang='grc' dir='ltr'>καὶ</span> <span class='ocrx_word' id='word_1_554' title='bbox 2765 1870 2951 1941; x_wconf 86' lang='grc' dir='ltr'>ἀνήσω</span> <span class='ocrx_word' id='word_1_555' title='bbox 2978 1871 3069 1923; x_wconf 81' lang='grc' dir='ltr'><strong>τὸν</strong></span> <span class='ocrx_word' id='word_1_556' title='bbox 3115 1873 3412 1941; x_wconf 85' lang='grc' dir='ltr'>ἀμπελῶνά</span> <span class='ocrx_word' id='word_1_557' title='bbox 3440 1890 3561 1942; x_wconf 81' lang='grc' dir='ltr'>μου,</span> <span class='ocrx_word' id='word_1_558' title='bbox 3591 1875 3687 1927; x_wconf 76' lang='grc' dir='ltr'>καὶ</span> 
     </span>
    </p>
   </div>
   <div class='ocr_carea' id='block_1_71' title="bbox 2107 1959 3684 2037">
    <p class='ocr_par' dir='ltr' id='par_1_71' title="bbox 2107 1959 3684 2037">
     <span class='ocr_line' id='line_1_71' title="bbox 2107 1959 3684 2037; baseline 0.003 -24"><span class='ocrx_word' id='word_1_559' title='bbox 2107 1959 2169 2013; x_wconf 83' lang='grc' dir='ltr'>οὐ</span> <span class='ocrx_word' id='word_1_560' title='bbox 2243 1960 2317 2030; x_wconf 82' lang='grc' dir='ltr'>μὴ</span> <span class='ocrx_word' id='word_1_561' title='bbox 2365 1960 2570 2031; x_wconf 82' lang='grc' dir='ltr'><strong>τμηθῇ,</strong></span> <span class='ocrx_word' id='word_1_562' title='bbox 2635 1960 2757 2014; x_wconf 77' lang='grc' dir='ltr'>οὐδὲ</span> <span class='ocrx_word' id='word_1_563' title='bbox 2808 1962 2882 2032; x_wconf 82' lang='grc' dir='ltr'>μὴ</span> <span class='ocrx_word' id='word_1_564' title='bbox 2930 1965 3132 2032; x_wconf 77' lang='grc' dir='ltr'>σκαφῇ.</span> <span class='ocrx_word' id='word_1_565' title='bbox 3191 1979 3209 2012; x_wconf 74' lang='grc' dir='ltr'><strong>ι</strong></span> <span class='ocrx_word' id='word_1_566' title='bbox 3262 1964 3547 2037; x_wconf 85' lang='grc' dir='ltr'>Τοιγάρτοι</span> <span class='ocrx_word' id='word_1_567' title='bbox 3590 1965 3684 2018; x_wconf 76' lang='grc' dir='ltr'>καὶ</span> 
     </span>
    </p>
   </div>
   <div class='ocr_carea' id='block_1_72' title="bbox 2107 2051 3681 2125">
    <p class='ocr_par' dir='ltr' id='par_1_72' title="bbox 2107 2051 3681 2125">
     <span class='ocr_line' id='line_1_72' title="bbox 2107 2051 3681 2125; baseline 0.004 -21"><span class='ocrx_word' id='word_1_568' title='bbox 2107 2051 2410 2123; x_wconf 81' lang='grc' dir='ltr'>ἐλυμήνατο</span> <span class='ocrx_word' id='word_1_569' title='bbox 2482 2052 2650 2124; x_wconf 78' lang='grc' dir='ltr'>αὐτὴν</span> <span class='ocrx_word' id='word_1_570' title='bbox 2691 2053 2904 2124; x_wconf 80' lang='grc' dir='ltr'>κάπρος</span> <span class='ocrx_word' id='word_1_571' title='bbox 2974 2055 3040 2107; x_wconf 80' lang='grc' dir='ltr'><strong>ἐκ</strong></span> <span class='ocrx_word' id='word_1_572' title='bbox 3104 2054 3332 2125; x_wconf 82' lang='grc' dir='ltr'>δρυμοῦ,</span> <span class='ocrx_word' id='word_1_573' title='bbox 3406 2056 3501 2109; x_wconf 74' lang='grc' dir='ltr'>καὶ</span> <span class='ocrx_word' id='word_1_574' title='bbox 3564 2057 3681 2121; x_wconf 77' lang='grc' dir='ltr'>ὄνος</span> 
     </span>
    </p>
   </div>
   <div class='ocr_carea' id='block_1_73' title="bbox 2107 2140 3686 2219">
    <p class='ocr_par' dir='ltr' id='par_1_73' title="bbox 2107 2140 3686 2219">
     <span class='ocr_line' id='line_1_73' title="bbox 2107 2140 3686 2219; baseline 0.004 -24"><span class='ocrx_word' id='word_1_575' title='bbox 2107 2141 2298 2211; x_wconf 83' lang='grc' dir='ltr'>ἄγριος</span> <span class='ocrx_word' id='word_1_576' title='bbox 2319 2157 2509 2195; x_wconf 86' lang='grc' dir='ltr'>κατενε</span> <span class='ocrx_word' id='word_1_577' title='bbox 2518 2142 2728 2213; x_wconf 82' lang='grc' dir='ltr'>μήσατο</span> <span class='ocrx_word' id='word_1_578' title='bbox 2738 2140 2943 2213; x_wconf 74' lang='grc' dir='ltr'>ἀὑτὴν,</span> <span class='ocrx_word' id='word_1_579' title='bbox 2983 2143 3065 2197; x_wconf 87' lang='grc' dir='ltr'>ὃτι</span> <span class='ocrx_word' id='word_1_580' title='bbox 3093 2142 3149 2197; x_wconf 87' lang='grc' dir='ltr'><strong>δέ</strong></span> <span class='ocrx_word' id='word_1_581' title='bbox 3174 2144 3344 2215; x_wconf 82' lang='grc' dir='ltr'>ἀνῆκε</span> <span class='ocrx_word' id='word_1_582' title='bbox 3386 2146 3479 2200; x_wconf 83' lang='grc' dir='ltr'>τὸν</span> <span class='ocrx_word' id='word_1_583' title='bbox 3505 2149 3686 2219; x_wconf 80' lang='grc' dir='ltr'>ἀμπε-</span> 
     </span>
    </p>
   </div>
   <div class='ocr_carea' id='block_1_74' title="bbox 2107 2231 3683 2307">
    <p class='ocr_par' dir='ltr' id='par_1_74' title="bbox 2107 2231 3683 2307">
     <span class='ocr_line' id='line_1_74' title="bbox 2107 2231 3683 2307; baseline 0.004 -22"><span class='ocrx_word' id='word_1_584' title='bbox 2107 2231 2253 2287; x_wconf 86' lang='grc' dir='ltr'>λῶνα</span> <span class='ocrx_word' id='word_1_585' title='bbox 2272 2231 2425 2297; x_wconf 80' lang='grc' dir='ltr'>Θεὸς,</span> <span class='ocrx_word' id='word_1_586' title='bbox 2455 2234 2550 2287; x_wconf 76' lang='grc' dir='ltr'>καὶ</span> <span class='ocrx_word' id='word_1_587' title='bbox 2577 2234 3065 2303; x_wconf 79' lang='grc' dir='ltr'>ἐγκαταλέλειπται</span> <span class='ocrx_word' id='word_1_588' title='bbox 3093 2235 3226 2307; x_wconf 86' lang='grc' dir='ltr'>παρ’</span> <span class='ocrx_word' id='word_1_589' title='bbox 3249 2236 3413 2290; x_wconf 78' lang='grc' dir='ltr'>αὑτοῦ</span> <span class='ocrx_word' id='word_1_590' title='bbox 3443 2237 3683 2293; x_wconf 84' lang='grc' dir='ltr'>διδάσκει</span> 
     </span>
    </p>
   </div>
   <div class='ocr_carea' id='block_1_75' title="bbox 2105 2321 3681 2402">
    <p class='ocr_par' dir='ltr' id='par_1_75' title="bbox 2105 2321 3681 2402">
     <span class='ocr_line' id='line_1_75' title="bbox 2105 2321 3681 2402; baseline 0.004 -27"><span class='ocrx_word' id='word_1_591' title='bbox 2105 2321 2282 2393; x_wconf 80' lang='grc' dir='ltr'>λέγων</span> <span class='ocrx_word' id='word_1_592' title='bbox 2326 2326 2355 2376; x_wconf 91' lang='lat'><strong>6</strong></span> <span class='ocrx_word' id='word_1_593' title='bbox 2409 2325 2640 2395; x_wconf 87' lang='grc' dir='ltr'>Σωτήρ·</span> <span class='ocrx_word' id='word_1_594' title='bbox 2686 2341 2705 2375; x_wconf 83' lang='grc' dir='ltr'><strong>ι</strong></span> <span class='ocrx_word' id='word_1_595' title='bbox 2767 2325 3142 2395; x_wconf 82' lang='grc' dir='ltr'>Ἰερουσαλὴμ,</span> <span class='ocrx_word' id='word_1_596' title='bbox 3209 2327 3582 2399; x_wconf 81' lang='grc' dir='ltr'>Ἰερουσαλὴμ,</span> <span class='ocrx_word' id='word_1_597' title='bbox 3647 2333 3681 2402; x_wconf 77' lang='grc' dir='ltr'><strong>ἡ</strong></span> 
     </span>
    </p>
   </div>
   <div class='ocr_carea' id='block_1_76' title="bbox 2106 2412 3681 2486">
    <p class='ocr_par' dir='ltr' id='par_1_76' title="bbox 2106 2412 3681 2486">
     <span class='ocr_line' id='line_1_76' title="bbox 2106 2412 3681 2486; baseline 0.005 -20"><span class='ocrx_word' id='word_1_598' title='bbox 2106 2412 2477 2466; x_wconf 86' lang='grc' dir='ltr'>ἀποκτενοῦσα</span> <span class='ocrx_word' id='word_1_599' title='bbox 2514 2414 2638 2477; x_wconf 85' lang='grc' dir='ltr'>τοὺς</span> <span class='ocrx_word' id='word_1_600' title='bbox 2683 2416 2984 2486; x_wconf 82' lang='grc' dir='ltr'>προφήτας,</span> <span class='ocrx_word' id='word_1_601' title='bbox 3019 2415 3112 2469; x_wconf 76' lang='grc' dir='ltr'>καὶ</span> <span class='ocrx_word' id='word_1_602' title='bbox 3160 2415 3511 2472; x_wconf 75' lang='grc' dir='ltr'>λιθοϐολοῦσα</span> <span class='ocrx_word' id='word_1_603' title='bbox 3556 2421 3681 2484; x_wconf 78' lang='grc' dir='ltr'>τοὺς</span> 
     </span>
    </p>
   </div>
   <div class='ocr_carea' id='block_1_77' title="bbox 2105 2504 3679 2581">
    <p class='ocr_par' dir='ltr' id='par_1_77' title="bbox 2105 2504 3679 2581">
     <span class='ocr_line' id='line_1_77' title="bbox 2105 2504 3679 2581; baseline 0.005 -24"><span class='ocrx_word' id='word_1_604' title='bbox 2105 2504 2547 2574; x_wconf 82' lang='grc' dir='ltr'>ἀπεσταλμένους</span> <span class='ocrx_word' id='word_1_605' title='bbox 2576 2506 2712 2577; x_wconf 71' lang='grc' dir='ltr'>πρὸς</span> <span class='ocrx_word' id='word_1_606' title='bbox 2756 2507 2947 2577; x_wconf 85' lang='grc' dir='ltr'>αὐτὴν,</span> <span class='ocrx_word' id='word_1_607' title='bbox 2996 2508 3227 2571; x_wconf 87' lang='grc' dir='ltr'>ποσάκις</span> <span class='ocrx_word' id='word_1_608' title='bbox 3276 2508 3517 2581; x_wconf 76' lang='grc' dir='ltr'>ἠθέλησα</span> <span class='ocrx_word' id='word_1_609' title='bbox 3560 2514 3679 2565; x_wconf 86' lang='grc' dir='ltr'>ἐπι-</span> 
     </span>
    </p>
   </div>
   <div class='ocr_carea' id='block_1_78' title="bbox 2106 2596 3681 2673">
    <p class='ocr_par' dir='ltr' id='par_1_78' title="bbox 2106 2596 3681 2673">
     <span class='ocr_line' id='line_1_78' title="bbox 2106 2596 3681 2673; baseline 0.007 -28"><span class='ocrx_word' id='word_1_610' title='bbox 2106 2599 2430 2662; x_wconf 87' lang='grc' dir='ltr'>συναγαγεῖν</span> <span class='ocrx_word' id='word_1_611' title='bbox 2449 2597 2517 2649; x_wconf 82' lang='grc' dir='ltr'><strong>τὰ</strong></span> <span class='ocrx_word' id='word_1_612' title='bbox 2538 2596 2704 2651; x_wconf 83' lang='grc' dir='ltr'>τέκνα</span> <span class='ocrx_word' id='word_1_613' title='bbox 2734 2615 2846 2664; x_wconf 91' lang='grc' dir='ltr'>σου,</span> <span class='ocrx_word' id='word_1_614' title='bbox 2876 2598 2936 2652; x_wconf 84' lang='grc' dir='ltr'>ὃν</span> <span class='ocrx_word' id='word_1_615' title='bbox 2971 2601 3172 2671; x_wconf 85' lang='grc' dir='ltr'>τρόπον</span> <span class='ocrx_word' id='word_1_616' title='bbox 3191 2602 3508 2671; x_wconf 78' lang='grc' dir='ltr'>ἐπισυνάγει</span> <span class='ocrx_word' id='word_1_617' title='bbox 3532 2603 3681 2673; x_wconf 75' lang='grc' dir='ltr'>ὅρνις</span> 
     </span>
    </p>
   </div>
   <div class='ocr_carea' id='block_1_79' title="bbox 2105 2683 3680 2763">
    <p class='ocr_par' dir='ltr' id='par_1_79' title="bbox 2105 2683 3680 2763">
     <span class='ocr_line' id='line_1_79' title="bbox 2105 2683 3680 2763; baseline 0.005 -26"><span class='ocrx_word' id='word_1_618' title='bbox 2105 2683 2174 2737; x_wconf 86' lang='grc' dir='ltr'><strong>τά</strong></span> <span class='ocrx_word' id='word_1_619' title='bbox 2217 2685 2403 2736; x_wconf 88' lang='grc' dir='ltr'>νοσσία</span> <span class='ocrx_word' id='word_1_620' title='bbox 2430 2685 2600 2754; x_wconf 82' lang='grc' dir='ltr'>αὐτῆς</span> <span class='ocrx_word' id='word_1_621' title='bbox 2624 2688 2729 2739; x_wconf 81' lang='grc' dir='ltr'><strong>ὑπὸ</strong></span> <span class='ocrx_word' id='word_1_622' title='bbox 2754 2688 2851 2751; x_wconf 87' lang='grc' dir='ltr'><strong>τὰς</strong></span> <span class='ocrx_word' id='word_1_623' title='bbox 2882 2691 3177 2762; x_wconf 80' lang='grc' dir='ltr'>πτέρυγας,</span> <span class='ocrx_word' id='word_1_624' title='bbox 3227 2690 3321 2743; x_wconf 78' lang='grc' dir='ltr'>καὶ</span> <span class='ocrx_word' id='word_1_625' title='bbox 3352 2692 3451 2744; x_wconf 79' lang='grc' dir='ltr'><strong>οὐκ</strong></span> <span class='ocrx_word' id='word_1_626' title='bbox 3486 2692 3680 2763; x_wconf 72' lang='grc' dir='ltr'>ἠθελή-</span> 
     </span>
    </p>
   </div>
   <div class='ocr_carea' id='block_1_80' title="bbox 2108 2774 3672 2854">
    <p class='ocr_par' dir='ltr' id='par_1_80' title="bbox 2108 2774 3672 2854">
     <span class='ocr_line' id='line_1_80' title="bbox 2108 2774 3672 2854; baseline 0.006 -28"><span class='ocrx_word' id='word_1_627' title='bbox 2108 2791 2274 2827; x_wconf 76' lang='grc' dir='ltr'>σατεο</span> <span class='ocrx_word' id='word_1_628' title='bbox 2337 2774 2445 2827; x_wconf 81' lang='grc' dir='ltr'>ἰδοὺ</span> <span class='ocrx_word' id='word_1_629' title='bbox 2494 2775 2713 2843; x_wconf 86' lang='grc' dir='ltr'>ἀφίεται</span> <span class='ocrx_word' id='word_1_630' title='bbox 2770 2778 2896 2846; x_wconf 80' lang='grc' dir='ltr'>ὑμῖν</span> <span class='ocrx_word' id='word_1_631' title='bbox 2946 2782 2976 2832; x_wconf 89' lang='lat'><strong>6</strong></span> <span class='ocrx_word' id='word_1_632' title='bbox 3005 2776 3154 2844; x_wconf 74' lang='grc' dir='ltr'>οἶκος</span> <span class='ocrx_word' id='word_1_633' title='bbox 3204 2782 3357 2852; x_wconf 80' lang='grc' dir='ltr'>ὑμῶν</span> <span class='ocrx_word' id='word_1_634' title='bbox 3389 2783 3610 2854; x_wconf 80' lang='grc' dir='ltr'>ἔρημος.</span> <span class='ocrx_word' id='word_1_635' title='bbox 3655 2802 3672 2835; x_wconf 70' lang='grc' dir='ltr'><strong>ι</strong></span> 
     </span>
    </p>
   </div>
   <div class='ocr_carea' id='block_1_81' title="bbox 2108 2862 3679 2944">
    <p class='ocr_par' dir='ltr' id='par_1_81' title="bbox 2108 2862 3679 2944">
     <span class='ocr_line' id='line_1_81' title="bbox 2108 2862 3679 2944; baseline 0.005 -26"><span class='ocrx_word' id='word_1_636' title='bbox 2108 2862 2590 2934; x_wconf 90' lang='grc' dir='ltr'>Προανακεκράγει</span> <span class='ocrx_word' id='word_1_637' title='bbox 2642 2863 2698 2916; x_wconf 85' lang='grc' dir='ltr'><strong>δέ</strong></span> <span class='ocrx_word' id='word_1_638' title='bbox 2744 2863 2903 2917; x_wconf 88' lang='grc' dir='ltr'>τοῦτο</span> <span class='ocrx_word' id='word_1_639' title='bbox 2953 2869 3044 2919; x_wconf 74' lang='grc' dir='ltr'>καὶ</span> <span class='ocrx_word' id='word_1_640' title='bbox 3075 2868 3165 2919; x_wconf 90' lang='grc' dir='ltr'><strong>διά</strong></span> <span class='ocrx_word' id='word_1_641' title='bbox 3193 2873 3374 2940; x_wconf 83' lang='grc' dir='ltr'>φωνῆς</span> <span class='ocrx_word' id='word_1_642' title='bbox 3402 2876 3679 2944; x_wconf 77' lang='grc' dir='ltr'>προφήτου</span> 
     </span>
    </p>
   </div>
   <div class='ocr_carea' id='block_1_82' title="bbox 2106 2952 3680 3034">
    <p class='ocr_par' dir='ltr' id='par_1_82' title="bbox 2106 2952 3680 3034">
     <span class='ocr_line' id='line_1_82' title="bbox 2106 2952 3680 3034; baseline 0.005 -26"><span class='ocrx_word' id='word_1_643' title='bbox 2106 2954 2281 3023; x_wconf 78' lang='grc' dir='ltr'>λέγων</span> <span class='ocrx_word' id='word_1_644' title='bbox 2304 2953 2827 3023; x_wconf 80' lang='grc' dir='ltr'>-ιῈγκαταλέλοιπα</span> <span class='ocrx_word' id='word_1_645' title='bbox 2876 2955 2967 3009; x_wconf 75' lang='grc' dir='ltr'>τὸν</span> <span class='ocrx_word' id='word_1_646' title='bbox 2998 2952 3145 3009; x_wconf 76' lang='grc' dir='ltr'>οἶκόν</span> <span class='ocrx_word' id='word_1_647' title='bbox 3180 2974 3302 3028; x_wconf 91' lang='grc' dir='ltr'>μου,</span> <span class='ocrx_word' id='word_1_648' title='bbox 3344 2962 3529 3030; x_wconf 85' lang='grc' dir='ltr'>ἀφῆκα</span> <span class='ocrx_word' id='word_1_649' title='bbox 3581 2963 3680 3034; x_wconf 79' lang='grc' dir='ltr'>τὴν</span> 
     </span>
    </p>
   </div>
   <div class='ocr_carea' id='block_1_83' title="bbox 2108 3046 3679 3122">
    <p class='ocr_par' dir='ltr' id='par_1_83' title="bbox 2108 3046 3679 3122">
     <span class='ocr_line' id='line_1_83' title="bbox 2108 3046 3679 3122; baseline 0.003 -23"><span class='ocrx_word' id='word_1_650' title='bbox 2108 3046 2475 3117; x_wconf 81' lang='grc' dir='ltr'>κληρονομίαν</span> <span class='ocrx_word' id='word_1_651' title='bbox 2519 3063 2643 3116; x_wconf 87' lang='grc' dir='ltr'>μου.</span> <span class='ocrx_word' id='word_1_652' title='bbox 2690 3046 2911 3100; x_wconf 81' lang='grc' dir='ltr'>Δέδωκα</span> <span class='ocrx_word' id='word_1_653' title='bbox 2940 3047 3052 3118; x_wconf 71' lang='grc' dir='ltr'>’τὴν</span> <span class='ocrx_word' id='word_1_654' title='bbox 3097 3048 3460 3118; x_wconf 73' lang='grc' dir='ltr'>ἠγαπημένην</span> <span class='ocrx_word' id='word_1_655' title='bbox 3505 3051 3679 3122; x_wconf 73' lang='grc' dir='ltr'>ψυχὴν</span> 
     </span>
    </p>
   </div>
   <div class='ocr_carea' id='block_1_84' title="bbox 2110 3136 3680 3210">
    <p class='ocr_par' dir='ltr' id='par_1_84' title="bbox 2110 3136 3680 3210">
     <span class='ocr_line' id='line_1_84' title="bbox 2110 3136 3680 3210; baseline 0.002 -20"><span class='ocrx_word' id='word_1_656' title='bbox 2110 3155 2211 3208; x_wconf 89' lang='grc' dir='ltr'><strong>μου</strong></span> <span class='ocrx_word' id='word_1_657' title='bbox 2242 3140 2321 3201; x_wconf 84' lang='grc' dir='ltr'><strong>είς</strong></span> <span class='ocrx_word' id='word_1_658' title='bbox 2360 3140 2547 3208; x_wconf 83' lang='grc' dir='ltr'>χεῖρας</span> <span class='ocrx_word' id='word_1_659' title='bbox 2577 3136 2786 3207; x_wconf 81' lang='grc' dir='ltr'>ἐχθρῶν</span> <span class='ocrx_word' id='word_1_660' title='bbox 2823 3139 3011 3207; x_wconf 82' lang='grc' dir='ltr'>αὐτῆς.</span> <span class='ocrx_word' id='word_1_661' title='bbox 3059 3136 3321 3208; x_wconf 82' lang='grc' dir='ltr'>Ἑγενήθη</span> <span class='ocrx_word' id='word_1_662' title='bbox 3360 3141 3392 3209; x_wconf 77' lang='grc' dir='ltr'>ἡ</span> <span class='ocrx_word' id='word_1_663' title='bbox 3426 3139 3680 3210; x_wconf 80' lang='grc' dir='ltr'>κληρονο-</span> 
     </span>
    </p>
   </div>
   <div class='ocr_carea' id='block_1_85' title="bbox 2110 3225 3679 3299">
    <p class='ocr_par' dir='ltr' id='par_1_85' title="bbox 2110 3225 3679 3299">
     <span class='ocr_line' id='line_1_85' title="bbox 2110 3225 3679 3299; baseline 0 -19"><span class='ocrx_word' id='word_1_664' title='bbox 2110 3229 2206 3299; x_wconf 89' lang='grc' dir='ltr'><strong>μία</strong></span> <span class='ocrx_word' id='word_1_665' title='bbox 2238 3244 2338 3297; x_wconf 87' lang='grc' dir='ltr'><strong>μου</strong></span> <span class='ocrx_word' id='word_1_666' title='bbox 2378 3227 2523 3295; x_wconf 78' lang='grc' dir='ltr'>ἐμοὶ,</span> <span class='ocrx_word' id='word_1_667' title='bbox 2554 3225 2630 3287; x_wconf 82' lang='grc' dir='ltr'>ὡς</span> <span class='ocrx_word' id='word_1_668' title='bbox 2677 3225 2812 3278; x_wconf 80' lang='grc' dir='ltr'>λέων</span> <span class='ocrx_word' id='word_1_669' title='bbox 2861 3227 2919 3278; x_wconf 84' lang='grc' dir='ltr'><strong>ἐν</strong></span> <span class='ocrx_word' id='word_1_670' title='bbox 2962 3225 3175 3296; x_wconf 85' lang='grc' dir='ltr'>δρυμῷ,</span> <span class='ocrx_word' id='word_1_671' title='bbox 3209 3225 3437 3279; x_wconf 81' lang='grc' dir='ltr'>δέδωκεν</span> <span class='ocrx_word' id='word_1_672' title='bbox 3463 3228 3552 3279; x_wconf 83' lang='grc' dir='ltr'><strong>ἐπ’</strong></span> <span class='ocrx_word' id='word_1_673' title='bbox 3581 3228 3679 3298; x_wconf 73' lang='grc' dir='ltr'>ἐμὲ</span> 
     </span>
    </p>
   </div>
   <div class='ocr_carea' id='block_1_86' title="bbox 2107 3315 3683 3389">
    <p class='ocr_par' dir='ltr' id='par_1_86' title="bbox 2107 3315 3683 3389">
     <span class='ocr_line' id='line_1_86' title="bbox 2107 3315 3683 3389; baseline -0.001 -18"><span class='ocrx_word' id='word_1_674' title='bbox 2107 3318 2291 3389; x_wconf 86' lang='grc' dir='ltr'>φωνὴν</span> <span class='ocrx_word' id='word_1_675' title='bbox 2322 3318 2513 3385; x_wconf 78' lang='grc' dir='ltr'>αὐτῆς,</span> <span class='ocrx_word' id='word_1_676' title='bbox 2558 3315 2646 3369; x_wconf 73' lang='grc' dir='ltr'><strong>διὰ</strong></span> <span class='ocrx_word' id='word_1_677' title='bbox 2716 3315 2875 3369; x_wconf 83' lang='grc' dir='ltr'>τοῦτο</span> <span class='ocrx_word' id='word_1_678' title='bbox 2921 3316 3160 3386; x_wconf 79' lang='grc' dir='ltr'>ἐμίσησα</span> <span class='ocrx_word' id='word_1_679' title='bbox 3197 3318 3385 3387; x_wconf 86' lang='grc' dir='ltr'>αὑτήν.</span> <span class='ocrx_word' id='word_1_680' title='bbox 3425 3335 3443 3368; x_wconf 72' lang='grc' dir='ltr'><strong>ι</strong></span> <span class='ocrx_word' id='word_1_681' title='bbox 3487 3319 3683 3388; x_wconf 77' lang='grc' dir='ltr'>Διαμέ-</span> 
     </span>
    </p>
   </div>
   <div class='ocr_carea' id='block_1_87' title="bbox 2109 3406 3681 3479">
    <p class='ocr_par' dir='ltr' id='par_1_87' title="bbox 2109 3406 3681 3479">
     <span class='ocr_line' id='line_1_87' title="bbox 2109 3406 3681 3479; baseline 0.003 -20"><span class='ocrx_word' id='word_1_682' title='bbox 2109 3424 2309 3479; x_wconf 82' lang='grc' dir='ltr'>μνηται</span> <span class='ocrx_word' id='word_1_683' title='bbox 2352 3406 2412 3459; x_wconf 71' lang='grc' dir='ltr'>δέ</span> <span class='ocrx_word' id='word_1_684' title='bbox 2458 3423 2562 3459; x_wconf 85' lang='grc' dir='ltr'><strong>που</strong></span> <span class='ocrx_word' id='word_1_685' title='bbox 2628 3406 2908 3477; x_wconf 79' lang='grc' dir='ltr'>Ἰώσηπος,</span> <span class='ocrx_word' id='word_1_686' title='bbox 2958 3409 2985 3460; x_wconf 84' lang='grc' dir='ltr'><strong>ὁ</strong></span> <span class='ocrx_word' id='word_1_687' title='bbox 3017 3407 3085 3461; x_wconf 84' lang='grc' dir='ltr'><strong>τὰ</strong></span> <span class='ocrx_word' id='word_1_688' title='bbox 3115 3409 3212 3473; x_wconf 79' lang='grc' dir='ltr'><strong>τῆς</strong></span> <span class='ocrx_word' id='word_1_689' title='bbox 3268 3408 3533 3463; x_wconf 83' lang='grc' dir='ltr'>Ἰουδαίων</span> <span class='ocrx_word' id='word_1_690' title='bbox 3578 3410 3681 3479; x_wconf 86' lang='grc' dir='ltr'>γῆς</span> 
     </span>
    </p>
   </div>
   <div class='ocr_carea' id='block_1_88' title="bbox 2109 3498 3681 3572">
    <p class='ocr_par' dir='ltr' id='par_1_88' title="bbox 2109 3498 3681 3572">
     <span class='ocr_line' id='line_1_88' title="bbox 2109 3498 3681 3572; baseline 0.011 -23"><span class='ocrx_word' id='word_1_691' title='bbox 2109 3499 2532 3570; x_wconf 75' lang='grc' dir='ltr'>ἐκτραγῳδήσας</span> <span class='ocrx_word' id='word_1_692' title='bbox 2581 3498 2748 3569; x_wconf 81' lang='grc' dir='ltr'>πάθη,</span> <span class='ocrx_word' id='word_1_693' title='bbox 2854 3498 2931 3553; x_wconf 69' lang='grc' dir='ltr'>ὅτι</span> <span class='ocrx_word' id='word_1_694' title='bbox 2984 3498 3281 3571; x_wconf 81' lang='grc' dir='ltr'>μελλούσης</span> <span class='ocrx_word' id='word_1_695' title='bbox 3332 3502 3536 3556; x_wconf 79' lang='grc' dir='ltr'>ἀλῶναι</span> <span class='ocrx_word' id='word_1_696' title='bbox 3580 3503 3681 3572; x_wconf 80' lang='grc' dir='ltr'>τῆς</span> 
     </span>
    </p>
   </div>
   <div class='ocr_carea' id='block_1_89' title="bbox 2117 3588 3679 3664">
    <p class='ocr_par' dir='ltr' id='par_1_89' title="bbox 2117 3588 3679 3664">
     <span class='ocr_line' id='line_1_89' title="bbox 2117 3588 3679 3664; baseline 0.001 -21"><span class='ocrx_word' id='word_1_697' title='bbox 2117 3588 2493 3661; x_wconf 76' lang='grc' dir='ltr'>Ἰερουσαλὴμ,</span> <span class='ocrx_word' id='word_1_698' title='bbox 2525 3589 2721 3660; x_wconf 78' lang='grc' dir='ltr'>ἤκουον</span> <span class='ocrx_word' id='word_1_699' title='bbox 2747 3591 2798 3642; x_wconf 87' lang='grc' dir='ltr'><strong>οί</strong></span> <span class='ocrx_word' id='word_1_700' title='bbox 2826 3592 2996 3660; x_wconf 75' lang='grc' dir='ltr'>ἱερεῖς</span> <span class='ocrx_word' id='word_1_701' title='bbox 3021 3592 3078 3645; x_wconf 87' lang='grc' dir='ltr'><strong>ἐν</strong></span> <span class='ocrx_word' id='word_1_702' title='bbox 3104 3591 3183 3660; x_wconf 83' lang='grc' dir='ltr'><strong>τῷ</strong></span> <span class='ocrx_word' id='word_1_703' title='bbox 3229 3591 3343 3661; x_wconf 84' lang='grc' dir='ltr'>ναῷ</span> <span class='ocrx_word' id='word_1_704' title='bbox 3371 3592 3574 3664; x_wconf 77' lang='grc' dir='ltr'>φωνῆς,</span> <span class='ocrx_word' id='word_1_705' title='bbox 3605 3592 3679 3657; x_wconf 81' lang='grc' dir='ltr'>ὡς</span> 
     </span>
    </p>
   </div>
   <div class='ocr_carea' id='block_1_90' title="bbox 2104 3676 3680 3752">
    <p class='ocr_par' dir='ltr' id='par_1_90' title="bbox 2104 3676 3680 3752">
     <span class='ocr_line' id='line_1_90' title="bbox 2104 3676 3680 3752; baseline 0.003 -22"><span class='ocrx_word' id='word_1_706' title='bbox 2104 3678 2213 3732; x_wconf 91' lang='grc' dir='ltr'><strong>τῶν</strong></span> <span class='ocrx_word' id='word_1_707' title='bbox 2251 3679 2308 3732; x_wconf 86' lang='grc' dir='ltr'><strong>ἐν</strong></span> <span class='ocrx_word' id='word_1_708' title='bbox 2351 3678 2499 3747; x_wconf 82' lang='grc' dir='ltr'>αὐτῷ</span> <span class='ocrx_word' id='word_1_709' title='bbox 2531 3676 2776 3749; x_wconf 84' lang='grc' dir='ltr'>βοώντων</span> <span class='ocrx_word' id='word_1_710' title='bbox 2819 3679 3087 3748; x_wconf 77' lang='grc' dir='ltr'>ἀγγέλων,</span> <span class='ocrx_word' id='word_1_711' title='bbox 3138 3680 3567 3752; x_wconf 81' lang='grc' dir='ltr'>Μεταόαίνωμεν</span> <span class='ocrx_word' id='word_1_712' title='bbox 3596 3684 3680 3735; x_wconf 82' lang='grc' dir='ltr'>ἐν·</span> 
     </span>
    </p>
   </div>
   <div class='ocr_carea' id='block_1_91' title="bbox 2103 3766 3677 3843">
    <p class='ocr_par' dir='ltr' id='par_1_91' title="bbox 2103 3766 3677 3843">
     <span class='ocr_line' id='line_1_91' title="bbox 2103 3766 3677 3843; baseline 0.001 -19"><span class='ocrx_word' id='word_1_713' title='bbox 2103 3770 2315 3825; x_wconf 87' lang='grc' dir='ltr'>τεῦθεν.</span> <span class='ocrx_word' id='word_1_714' title='bbox 2367 3770 2489 3823; x_wconf 83' lang='grc' dir='ltr'>Ὅτι</span> <span class='ocrx_word' id='word_1_715' title='bbox 2555 3769 2613 3823; x_wconf 80' lang='grc' dir='ltr'>δὲ</span> <span class='ocrx_word' id='word_1_716' title='bbox 2678 3766 2885 3834; x_wconf 84' lang='grc' dir='ltr'>πόλεως</span> <span class='ocrx_word' id='word_1_717' title='bbox 2953 3772 3435 3843; x_wconf 83' lang='grc' dir='ltr'>πολιορκουμένης,</span> <span class='ocrx_word' id='word_1_718' title='bbox 3500 3771 3677 3840; x_wconf 77' lang='grc' dir='ltr'>φυγῆς</span> 
     </span>
    </p>
   </div>
   <div class='ocr_carea' id='block_1_92' title="bbox 2104 3860 3679 3934">
    <p class='ocr_par' dir='ltr' id='par_1_92' title="bbox 2104 3860 3679 3934">
     <span class='ocr_line' id='line_1_92' title="bbox 2104 3860 3679 3934; baseline 0 -19"><span class='ocrx_word' id='word_1_719' title='bbox 2104 3860 2255 3933; x_wconf 87' lang='grc' dir='ltr'><strong>παρά</strong></span> <span class='ocrx_word' id='word_1_720' title='bbox 2311 3860 2530 3915; x_wconf 83' lang='grc' dir='ltr'>πάντων</span> <span class='ocrx_word' id='word_1_721' title='bbox 2576 3861 2820 3933; x_wconf 85' lang='grc' dir='ltr'>ζητεῖται</span> <span class='ocrx_word' id='word_1_722' title='bbox 2846 3863 3044 3934; x_wconf 82' lang='grc' dir='ltr'>τρόπος</span> <span class='ocrx_word' id='word_1_723' title='bbox 3094 3863 3205 3917; x_wconf 88' lang='grc' dir='ltr'><strong>τῶν</strong></span> <span class='ocrx_word' id='word_1_724' title='bbox 3259 3866 3317 3917; x_wconf 81' lang='grc' dir='ltr'><strong>ἐν</strong></span> <span class='ocrx_word' id='word_1_725' title='bbox 3369 3865 3528 3934; x_wconf 79' lang='grc' dir='ltr'>αὐτῇ,</span> <span class='ocrx_word' id='word_1_726' title='bbox 3562 3864 3679 3926; x_wconf 86' lang='grc' dir='ltr'><strong>πῶς</strong></span> 
     </span>
    </p>
   </div>
   <div class='ocr_carea' id='block_1_93' title="bbox 2102 3953 3674 4024">
    <p class='ocr_par' dir='ltr' id='par_1_93' title="bbox 2102 3953 3674 4024">
     <span class='ocr_line' id='line_1_93' title="bbox 2102 3953 3674 4024; baseline -0.001 -17"><span class='ocrx_word' id='word_1_727' title='bbox 2102 3954 2249 4007; x_wconf 75' lang='grc' dir='ltr'>ἐστιν</span> <span class='ocrx_word' id='word_1_728' title='bbox 2279 3953 2646 4023; x_wconf 79' lang='grc' dir='ltr'>ἀμφιϐαλεῖν;</span> <span class='ocrx_word' id='word_1_729' title='bbox 2699 3953 2949 4007; x_wconf 80' lang='grc' dir='ltr'>ἐντεῦθέν</span> <span class='ocrx_word' id='word_1_730' title='bbox 3003 3956 3118 4006; x_wconf 75' lang='grc' dir='ltr'>ἐστι</span> <span class='ocrx_word' id='word_1_731' title='bbox 3158 3954 3227 4007; x_wconf 81' lang='grc' dir='ltr'><strong>τά</strong></span> <span class='ocrx_word' id='word_1_732' title='bbox 3258 3954 3360 4024; x_wconf 75' lang='grc' dir='ltr'>τῆς</span> <span class='ocrx_word' id='word_1_733' title='bbox 3406 3955 3674 4007; x_wconf 74' lang='grc' dir='ltr'>Ἰουδαίων</span> 
     </span>
    </p>
   </div>
   <div class='ocr_carea' id='block_1_94' title="bbox 2104 4041 3677 4114">
    <p class='ocr_par' dir='ltr' id='par_1_94' title="bbox 2104 4041 3677 4114">
     <span class='ocr_line' id='line_1_94' title="bbox 2104 4041 3677 4114; baseline 0 -19"><span class='ocrx_word' id='word_1_734' title='bbox 2104 4042 2287 4114; x_wconf 84' lang='grc' dir='ltr'>χώρας</span> <span class='ocrx_word' id='word_1_735' title='bbox 2325 4042 2812 4113; x_wconf 83' lang='grc' dir='ltr'>διατεκμαίρεσθαι</span> <span class='ocrx_word' id='word_1_736' title='bbox 2854 4041 3021 4112; x_wconf 86' lang='grc' dir='ltr'>πάθη.</span> <span class='ocrx_word' id='word_1_737' title='bbox 3060 4042 3397 4112; x_wconf 74' lang='grc' dir='ltr'>Τριπόθητον</span> <span class='ocrx_word' id='word_1_738' title='bbox 3429 4041 3534 4111; x_wconf 82' lang='grc' dir='ltr'><strong>γάρ</strong></span> <span class='ocrx_word' id='word_1_739' title='bbox 3563 4045 3677 4104; x_wconf 85' lang='grc' dir='ltr'>τοῖς</span> 
     </span>
    </p>
   </div>
   <div class='ocr_carea' id='block_1_95' title="bbox 2101 4132 3675 4205">
    <p class='ocr_par' dir='ltr' id='par_1_95' title="bbox 2101 4132 3675 4205">
     <span class='ocr_line' id='line_1_95' title="bbox 2101 4132 3675 4205; baseline -0.003 -16"><span class='ocrx_word' id='word_1_740' title='bbox 2101 4135 2576 4205; x_wconf 64' lang='grc' dir='ltr'>πολιορκουμένοις</span> <span class='ocrx_word' id='word_1_741' title='bbox 2612 4134 2967 4204; x_wconf 82' lang='grc' dir='ltr'>κατεφαίνετο</span> <span class='ocrx_word' id='word_1_742' title='bbox 2994 4134 3088 4187; x_wconf 77' lang='grc' dir='ltr'>καὶ</span> <span class='ocrx_word' id='word_1_743' title='bbox 3117 4132 3176 4186; x_wconf 72' lang='grc' dir='ltr'><strong>τὸ</strong></span> <span class='ocrx_word' id='word_1_744' title='bbox 3206 4134 3375 4203; x_wconf 86' lang='grc' dir='ltr'>μόνην</span> <span class='ocrx_word' id='word_1_745' title='bbox 3415 4132 3675 4187; x_wconf 87' lang='grc' dir='ltr'>δύνασθαι</span> 
     </span>
    </p>
   </div>
   <div class='ocr_carea' id='block_1_96' title="bbox 2098 4223 3675 4297">
    <p class='ocr_par' dir='ltr' id='par_1_96' title="bbox 2098 4223 3675 4297">
     <span class='ocr_line' id='line_1_96' title="bbox 2098 4223 3675 4297; baseline -0.003 -17"><span class='ocrx_word' id='word_1_746' title='bbox 2098 4226 2359 4280; x_wconf 87' lang='grc' dir='ltr'>διασῶσαι</span> <span class='ocrx_word' id='word_1_747' title='bbox 2382 4225 2581 4297; x_wconf 71' lang='grc' dir='ltr'>ψυχήν.</span> <span class='ocrx_word' id='word_1_748' title='bbox 2613 4225 2776 4278; x_wconf 82' lang='grc' dir='ltr'>Οῑκου</span> <span class='ocrx_word' id='word_1_749' title='bbox 2805 4224 2861 4277; x_wconf 79' lang='grc' dir='ltr'><strong>δέ</strong></span> <span class='ocrx_word' id='word_1_750' title='bbox 2899 4225 2993 4278; x_wconf 82' lang='grc' dir='ltr'>καὶ</span> <span class='ocrx_word' id='word_1_751' title='bbox 3027 4224 3340 4295; x_wconf 85' lang='grc' dir='ltr'>περιουσίας</span> <span class='ocrx_word' id='word_1_752' title='bbox 3374 4224 3406 4294; x_wconf 83' lang='grc' dir='ltr'>ἢ</span> <span class='ocrx_word' id='word_1_753' title='bbox 3443 4224 3535 4277; x_wconf 75' lang='grc' dir='ltr'>καὶ</span> <span class='ocrx_word' id='word_1_754' title='bbox 3575 4223 3675 4291; x_wconf 73' lang='grc' dir='ltr'>τῆς</span> 
     </span>
    </p>
   </div>
   <div class='ocr_carea' id='block_1_97' title="bbox 2100 4309 3672 4387">
    <p class='ocr_par' dir='ltr' id='par_1_97' title="bbox 2100 4309 3672 4387">
     <span class='ocr_line' id='line_1_97' title="bbox 2100 4309 3672 4387; baseline -0.002 -17"><span class='ocrx_word' id='word_1_755' title='bbox 2100 4316 2308 4380; x_wconf 82' lang='grc' dir='ltr'>πόλεως</span> <span class='ocrx_word' id='word_1_756' title='bbox 2369 4316 2541 4387; x_wconf 84' lang='grc' dir='ltr'>αὐτῆς</span> <span class='ocrx_word' id='word_1_757' title='bbox 2593 4315 2767 4378; x_wconf 75' lang='grc' dir='ltr'>οὐδεὶς</span> <span class='ocrx_word' id='word_1_758' title='bbox 2821 4309 2889 4384; x_wconf 82' lang='grc' dir='ltr'>ἦν</span> <span class='ocrx_word' id='word_1_759' title='bbox 2940 4314 3120 4377; x_wconf 88' lang='grc' dir='ltr'>αὐτοῖς</span> <span class='ocrx_word' id='word_1_760' title='bbox 3173 4312 3452 4373; x_wconf 85' lang='grc' dir='ltr'>παντελῶς</span> <span class='ocrx_word' id='word_1_761' title='bbox 3495 4311 3672 4378; x_wconf 81' lang='grc' dir='ltr'>λόγος.</span> 
     </span>
    </p>
   </div>
   <div class='ocr_carea' id='block_1_98' title="bbox 2028 4399 3668 4475">
    <p class='ocr_par' dir='ltr' id='par_1_98' title="bbox 2028 4399 3668 4475">
     <span class='ocr_line' id='line_1_98' title="bbox 2028 4399 3668 4475; baseline -0.004 -17"><span class='ocrx_word' id='word_1_762' title='bbox 2028 4399 2075 4458; x_wconf 87' lang='lat' dir='ltr'><strong>D</strong></span> <span class='ocrx_word' id='word_1_763' title='bbox 2113 4408 2306 4461; x_wconf 81' lang='grc' dir='ltr'>’ἰστέον</span> <span class='ocrx_word' id='word_1_764' title='bbox 2335 4407 2393 4460; x_wconf 77' lang='grc' dir='ltr'>δὲ</span> <span class='ocrx_word' id='word_1_765' title='bbox 2420 4407 2503 4460; x_wconf 88' lang='grc' dir='ltr'>ὃτι</span> <span class='ocrx_word' id='word_1_766' title='bbox 2531 4405 2626 4459; x_wconf 79' lang='grc' dir='ltr'>καὶ</span> <span class='ocrx_word' id='word_1_767' title='bbox 2648 4404 2745 4475; x_wconf 77' lang='grc' dir='ltr'>τὴν</span> <span class='ocrx_word' id='word_1_768' title='bbox 2768 4403 2862 4457; x_wconf 88' lang='grc' dir='ltr'><strong>τοῦ</strong></span> <span class='ocrx_word' id='word_1_769' title='bbox 2896 4403 3184 4473; x_wconf 80' lang='grc' dir='ltr'>ἀνθρώπου</span> <span class='ocrx_word' id='word_1_770' title='bbox 3213 4403 3387 4472; x_wconf 76' lang='grc' dir='ltr'>ψυχὴν</span> <span class='ocrx_word' id='word_1_771' title='bbox 3422 4401 3668 4468; x_wconf 83' lang='grc' dir='ltr'>ἐγκατα-</span> 
     </span>
    </p>
   </div>
   <div class='ocr_carea' id='block_1_99' title="bbox 2102 4489 3674 4566">
    <p class='ocr_par' dir='ltr' id='par_1_99' title="bbox 2102 4489 3674 4566">
     <span class='ocr_line' id='line_1_99' title="bbox 2102 4489 3674 4566; baseline -0.006 -15"><span class='ocrx_word' id='word_1_772' title='bbox 2102 4496 2385 4551; x_wconf 87' lang='grc' dir='ltr'>λείπεσθαι</span> <span class='ocrx_word' id='word_1_773' title='bbox 2416 4495 2584 4566; x_wconf 73' lang='grc' dir='ltr'>,παρά</span> <span class='ocrx_word' id='word_1_774' title='bbox 2632 4493 2767 4548; x_wconf 85' lang='grc' dir='ltr'>Θεοῦ</span> <span class='ocrx_word' id='word_1_775' title='bbox 2819 4492 3107 4563; x_wconf 81' lang='grc' dir='ltr'>συμϐαίνει</span> <span class='ocrx_word' id='word_1_776' title='bbox 3169 4490 3445 4553; x_wconf 88' lang='grc' dir='ltr'>πολλάκις,</span> <span class='ocrx_word' id='word_1_777' title='bbox 3492 4490 3542 4541; x_wconf 85' lang='grc' dir='ltr'><strong>εί</strong></span> <span class='ocrx_word' id='word_1_778' title='bbox 3600 4489 3674 4557; x_wconf 75' lang='grc' dir='ltr'>μὴ</span> 
     </span>
    </p>
   </div>
   <div class='ocr_carea' id='block_1_100' title="bbox 2100 4581 3674 4656">
    <p class='ocr_par' dir='ltr' id='par_1_100' title="bbox 2100 4581 3674 4656">
     <span class='ocr_line' id='line_1_100' title="bbox 2100 4581 3674 4656; baseline -0.006 -15"><span class='ocrx_word' id='word_1_779' title='bbox 2100 4588 2273 4642; x_wconf 80' lang='grc' dir='ltr'>ἐλοιτο</span> <span class='ocrx_word' id='word_1_780' title='bbox 2322 4585 2568 4656; x_wconf 87' lang='grc' dir='ltr'>διορθοῦν</span> <span class='ocrx_word' id='word_1_781' title='bbox 2616 4583 2684 4638; x_wconf 88' lang='grc' dir='ltr'><strong>τά</strong></span> <span class='ocrx_word' id='word_1_782' title='bbox 2731 4584 3161 4654; x_wconf 81' lang='grc' dir='ltr'>διατεταγμένα,</span> <span class='ocrx_word' id='word_1_783' title='bbox 3207 4583 3301 4637; x_wconf 73' lang='grc' dir='ltr'>καὶ</span> <span class='ocrx_word' id='word_1_784' title='bbox 3337 4581 3674 4643; x_wconf 84' lang='grc' dir='ltr'>δεσποτικοῖς</span> 
     </span>
    </p>
   </div>
   <div class='ocr_carea' id='block_1_101' title="bbox 2102 4669 3673 4747">
    <p class='ocr_par' dir='ltr' id='par_1_101' title="bbox 2102 4669 3673 4747">
     <span class='ocr_line' id='line_1_101' title="bbox 2102 4669 3673 4747; baseline -0.006 -15"><span class='ocrx_word' id='word_1_785' title='bbox 2102 4678 2468 4747; x_wconf 87' lang='grc' dir='ltr'>θεσπίσμασιν</span> <span class='ocrx_word' id='word_1_786' title='bbox 2498 4674 2849 4746; x_wconf 84' lang='grc' dir='ltr'>ὑποφέρουσα</span> <span class='ocrx_word' id='word_1_787' title='bbox 2878 4674 2968 4728; x_wconf 82' lang='grc' dir='ltr'>τὸν</span> <span class='ocrx_word' id='word_1_788' title='bbox 3020 4673 3243 4743; x_wconf 81' lang='grc' dir='ltr'>αὐχένα,</span> <span class='ocrx_word' id='word_1_789' title='bbox 3288 4671 3414 4734; x_wconf 84' lang='grc' dir='ltr'>τοὺς</span> <span class='ocrx_word' id='word_1_790' title='bbox 3461 4669 3561 4741; x_wconf 80' lang='grc' dir='ltr'>τῆς</span> <span class='ocrx_word' id='word_1_791' title='bbox 3594 4671 3673 4731; x_wconf 81' lang='grc' dir='ltr'><strong>είς</strong></span> 
     </span>
    </p>
   </div>
   <div class='ocr_carea' id='block_1_102' title="bbox 2100 4761 3673 4835">
    <p class='ocr_par' dir='ltr' id='par_1_102' title="bbox 2100 4761 3673 4835">
     <span class='ocr_line' id='line_1_102' title="bbox 2100 4761 3673 4835; baseline -0.005 -11"><span class='ocrx_word' id='word_1_792' title='bbox 2100 4772 2264 4825; x_wconf 82' lang='grc' dir='ltr'>αὐτὸν</span> <span class='ocrx_word' id='word_1_793' title='bbox 2306 4769 2587 4832; x_wconf 79' lang='grc' dir='ltr'>εὑσεὸείας</span> <span class='ocrx_word' id='word_1_794' title='bbox 2619 4767 2901 4822; x_wconf 87' lang='grc' dir='ltr'>ἀποτίκτει</span> <span class='ocrx_word' id='word_1_795' title='bbox 2950 4763 3217 4835; x_wconf 77' lang='grc' dir='ltr'>καρπούς.</span> <span class='ocrx_word' id='word_1_796' title='bbox 3253 4762 3314 4814; x_wconf 87' lang='lat' dir='ltr'><strong>El</strong></span> <span class='ocrx_word' id='word_1_797' title='bbox 3347 4761 3441 4815; x_wconf 78' lang='grc' dir='ltr'>καὶ</span> <span class='ocrx_word' id='word_1_798' title='bbox 3468 4778 3673 4834; x_wconf 85' lang='grc' dir='ltr'>κεχρη-</span> 
     </span>
    </p>
   </div>
   <div class='ocr_carea' id='block_1_103' title="bbox 2105 4850 3673 4931">
    <p class='ocr_par' dir='ltr' id='par_1_103' title="bbox 2105 4850 3673 4931">
     <span class='ocr_line' id='line_1_103' title="bbox 2105 4850 3673 4931; baseline -0.008 -15"><span class='ocrx_word' id='word_1_799' title='bbox 2105 4862 2328 4931; x_wconf 86' lang='grc' dir='ltr'>μάτικεν</span> <span class='ocrx_word' id='word_1_800' title='bbox 2360 4861 2474 4925; x_wconf 83' lang='grc' dir='ltr'>υίὸς</span> <span class='ocrx_word' id='word_1_801' title='bbox 2521 4859 2555 4930; x_wconf 75' lang='grc' dir='ltr'>ἢ</span> <span class='ocrx_word' id='word_1_802' title='bbox 2603 4858 2848 4929; x_wconf 83' lang='grc' dir='ltr'>θυγάτηρ</span> <span class='ocrx_word' id='word_1_803' title='bbox 2881 4854 3039 4918; x_wconf 89' lang='grc' dir='ltr'>Θεοῦ,</span> <span class='ocrx_word' id='word_1_804' title='bbox 3073 4856 3122 4907; x_wconf 82' lang='grc' dir='ltr'><strong>εί</strong></span> <span class='ocrx_word' id='word_1_805' title='bbox 3158 4854 3251 4908; x_wconf 77' lang='grc' dir='ltr'>καὶ</span> <span class='ocrx_word' id='word_1_806' title='bbox 3288 4854 3481 4922; x_wconf 84' lang='grc' dir='ltr'>γέγονε</span> <span class='ocrx_word' id='word_1_807' title='bbox 3514 4850 3673 4915; x_wconf 87' lang='grc' dir='ltr'>Σιὼν,</span> 
     </span>
    </p>
   </div>
   <div class='ocr_carea' id='block_1_104' title="bbox 2099 4941 3673 5020">
    <p class='ocr_par' dir='ltr' id='par_1_104' title="bbox 2099 4941 3673 5020">
     <span class='ocr_line' id='line_1_104' title="bbox 2099 4941 3673 5020; baseline -0.009 -13"><span class='ocrx_word' id='word_1_808' title='bbox 2099 4954 2128 5007; x_wconf 86' lang='grc' dir='ltr'><strong>ὅ</strong></span> <span class='ocrx_word' id='word_1_809' title='bbox 2165 4954 2281 5007; x_wconf 86' lang='grc' dir='ltr'>ἐστι</span> <span class='ocrx_word' id='word_1_810' title='bbox 2315 4951 2728 5020; x_wconf 78' lang='grc' dir='ltr'>σκοπευτήριον,</span> <span class='ocrx_word' id='word_1_811' title='bbox 2760 4947 2906 5002; x_wconf 84' lang='grc' dir='ltr'>τοῦτ’</span> <span class='ocrx_word' id='word_1_812' title='bbox 2958 4946 3104 5000; x_wconf 79' lang='grc' dir='ltr'>ἔστιν</span> <span class='ocrx_word' id='word_1_813' title='bbox 3148 4946 3206 4998; x_wconf 79' lang='grc' dir='ltr'><strong>ἐν</strong></span> <span class='ocrx_word' id='word_1_814' title='bbox 3251 4944 3427 5015; x_wconf 76' lang='grc' dir='ltr'>ὑψηλῇ</span> <span class='ocrx_word' id='word_1_815' title='bbox 3471 4941 3673 5013; x_wconf 71' lang='grc' dir='ltr'>διανοίᾳ</span> 
     </span>
    </p>
   </div>
   <div class='ocr_carea' id='block_1_105' title="bbox 2104 5028 3673 5115">
    <p class='ocr_par' dir='ltr' id='par_1_105' title="bbox 2104 5028 3673 5115">
     <span class='ocr_line' id='line_1_105' title="bbox 2104 5028 3673 5115; baseline -0.011 -14"><span class='ocrx_word' id='word_1_816' title='bbox 2104 5046 2201 5101; x_wconf 83' lang='grc' dir='ltr'><strong>καί</strong></span> <span class='ocrx_word' id='word_1_817' title='bbox 2227 5044 2303 5115; x_wconf 81' lang='grc' dir='ltr'>νῷ</span> <span class='ocrx_word' id='word_1_818' title='bbox 2334 5042 2705 5115; x_wconf 80' lang='grc' dir='ltr'>καθαρωτάτῳ</span> <span class='ocrx_word' id='word_1_819' title='bbox 2734 5042 2828 5094; x_wconf 77' lang='grc' dir='ltr'>καὶ</span> <span class='ocrx_word' id='word_1_820' title='bbox 2853 5042 2984 5111; x_wconf 74' lang='grc' dir='ltr'>ὁρᾷν</span> <span class='ocrx_word' id='word_1_821' title='bbox 3014 5040 3174 5092; x_wconf 78' lang='grc' dir='ltr'>εἰδότι</span> <span class='ocrx_word' id='word_1_822' title='bbox 3208 5038 3502 5108; x_wconf 82' lang='grc' dir='ltr'>μυστήρια·</span> <span class='ocrx_word' id='word_1_823' title='bbox 3560 5028 3673 5091; x_wconf 80' lang='grc' dir='ltr'>εἶτα</span> 
     </span>
    </p>
   </div>
   <div class='ocr_carea' id='block_1_106' title="bbox 418 5139 3672 5237">
    <p class='ocr_par' dir='ltr' id='par_1_106' title="bbox 418 5139 3672 5237">
     <span class='ocr_line' id='line_1_106' title="bbox 418 5139 3672 5237; baseline 0.011 -44"><span class='ocrx_word' id='word_1_824' title='bbox 418 5139 580 5210; x_wconf 80' lang='grc' dir='ltr'>δρῶν,</span> <span class='ocrx_word' id='word_1_825' title='bbox 617 5143 653 5197; x_wconf 81' lang='grc' dir='ltr'><strong>ἀ</strong></span> <span class='ocrx_word' id='word_1_826' title='bbox 705 5146 779 5218; x_wconf 79' lang='grc' dir='ltr'>μὴ</span> <span class='ocrx_word' id='word_1_827' title='bbox 814 5146 987 5219; x_wconf 80' lang='grc' dir='ltr'>θέμις,</span> <span class='ocrx_word' id='word_1_828' title='bbox 1003 5152 1355 5224; x_wconf 76' lang='grc' dir='ltr'>παροτρύνων</span> <span class='ocrx_word' id='word_1_829' title='bbox 1380 5155 1550 5225; x_wconf 76' lang='grc' dir='ltr'>ὁρῷτο</span> <span class='ocrx_word' id='word_1_830' title='bbox 1576 5156 1666 5211; x_wconf 68' lang='grc' dir='ltr'>τὸν</span> <span class='ocrx_word' id='word_1_831' title='bbox 1700 5158 1853 5227; x_wconf 77' lang='grc' dir='ltr'>ἅγιον</span> <span class='ocrx_word' id='word_1_832' title='bbox 1885 5164 1980 5218; x_wconf 80' lang='grc' dir='ltr'><strong>τοῦ</strong></span> <span class='ocrx_word' id='word_1_833' title='bbox 2017 5162 2256 5237; x_wconf 69' lang='grc' dir='ltr'>Ἰσραὴλ,</span> <span class='ocrx_word' id='word_1_834' title='bbox 2300 5155 2858 5226; x_wconf 74' lang='grc' dir='ltr'>ἐγκαταλειφθήσεται</span> <span class='ocrx_word' id='word_1_835' title='bbox 2902 5152 3033 5222; x_wconf 67' lang='grc' dir='ltr'><strong>παρ’</strong></span> <span class='ocrx_word' id='word_1_836' title='bbox 3108 5150 3294 5216; x_wconf 61' lang='grc' dir='ltr'><strong>αὑτοῦ,</strong></span> <span class='ocrx_word' id='word_1_837' title='bbox 3349 5151 3442 5204; x_wconf 39' lang='grc' dir='ltr'><strong>κατ’</strong></span> <span class='ocrx_word' id='word_1_838' title='bbox 3464 5140 3554 5201; x_wconf 56' lang='grc' dir='ltr'><strong>οἶά</strong></span> <span class='ocrx_word' id='word_1_839' title='bbox 3590 5162 3672 5237; x_wconf 43' lang='grc' dir='ltr'><strong>τις</strong></span> 
     </span>
    </p>
   </div>
   <div class='ocr_carea' id='block_1_107' title="bbox 423 5232 3671 5320">
    <p class='ocr_par' dir='ltr' id='par_1_107' title="bbox 423 5232 3671 5320">
     <span class='ocr_line' id='line_1_107' title="bbox 423 5232 3671 5320; baseline 0.003 -33"><span class='ocrx_word' id='word_1_840' title='bbox 423 5232 764 5303; x_wconf 66' lang='grc' dir='ltr'>ἀφρούρητος</span> <span class='ocrx_word' id='word_1_841' title='bbox 809 5237 1071 5308; x_wconf 86' lang='grc' dir='ltr'>ἀμπελὼν</span> <span class='ocrx_word' id='word_1_842' title='bbox 1115 5242 1462 5312; x_wconf 78' lang='grc' dir='ltr'>ἐκδοθήσεται</span> <span class='ocrx_word' id='word_1_843' title='bbox 1508 5245 1585 5316; x_wconf 83' lang='grc' dir='ltr'>τῷ</span> <span class='ocrx_word' id='word_1_844' title='bbox 1614 5248 1849 5320; x_wconf 82' lang='grc' dir='ltr'>Σατανᾷ,</span> <span class='ocrx_word' id='word_1_845' title='bbox 1896 5253 1991 5305; x_wconf 72' lang='grc' dir='ltr'><strong>καὶ</strong></span> <span class='ocrx_word' id='word_1_846' title='bbox 2027 5232 2139 5317; x_wconf 75' lang='grc' dir='ltr'>τοῖς</span> <span class='ocrx_word' id='word_1_847' title='bbox 2194 5232 2396 5305; x_wconf 84' lang='grc' dir='ltr'>πάθεσι</span> <span class='ocrx_word' id='word_1_848' title='bbox 2433 5247 2533 5315; x_wconf 78' lang='grc' dir='ltr'><strong>τῆς</strong></span> <span class='ocrx_word' id='word_1_849' title='bbox 2582 5243 2802 5313; x_wconf 74' lang='grc' dir='ltr'>σαρκὸς.</span> <span class='ocrx_word' id='word_1_850' title='bbox 2844 5243 3045 5314; x_wconf 74' lang='grc' dir='ltr'>ἔρημός</span> <span class='ocrx_word' id='word_1_851' title='bbox 3092 5259 3151 5296; x_wconf 79' lang='grc' dir='ltr'><strong>τε</strong></span> <span class='ocrx_word' id='word_1_852' title='bbox 3190 5242 3408 5311; x_wconf 74' lang='grc' dir='ltr'>ἁπάσης</span> <span class='ocrx_word' id='word_1_853' title='bbox 3475 5235 3671 5307; x_wconf 79' lang='grc' dir='ltr'>ἀρετῆς</span> 
     </span>
    </p>
   </div>
   <div class='ocr_carea' id='block_1_108' title="bbox 421 5322 3353 5409">
    <p class='ocr_par' dir='ltr' id='par_1_108' title="bbox 421 5322 3353 5409">
     <span class='ocr_line' id='line_1_108' title="bbox 421 5322 3353 5409; baseline 0.008 -34"><span class='ocrx_word' id='word_1_854' title='bbox 421 5322 880 5395; x_wconf 75' lang='grc' dir='ltr'>ἀναδειχθήσετασ.</span> <span class='ocrx_word' id='word_1_855' title='bbox 915 5332 1009 5383; x_wconf 70' lang='grc' dir='ltr'><strong>καί⁵</strong></span> <span class='ocrx_word' id='word_1_856' title='bbox 1072 5332 1274 5401; x_wconf 75' lang='grc' dir='ltr'>γυμνὸς</span> <span class='ocrx_word' id='word_1_857' title='bbox 1340 5336 1671 5405; x_wconf 79' lang='grc' dir='ltr'>αὐχημάτων</span> <span class='ocrx_word' id='word_1_858' title='bbox 1708 5341 1816 5393; x_wconf 88' lang='grc' dir='ltr'><strong>τῶν</strong></span> <span class='ocrx_word' id='word_1_859' title='bbox 1845 5345 1909 5395; x_wconf 83' lang='grc' dir='ltr'><strong>ἐκ</strong></span> <span class='ocrx_word' id='word_1_860' title='bbox 1937 5345 2206 5407; x_wconf 82' lang='grc' dir='ltr'>πολιτείας</span> <span class='ocrx_word' id='word_1_861' title='bbox 2232 5340 2460 5409; x_wconf 78' lang='grc' dir='ltr'>ἀγαθῆς.</span> <span class='ocrx_word' id='word_1_862' title='bbox 2498 5337 2590 5390; x_wconf 61' lang='grc' dir='ltr'>καὶ</span> <span class='ocrx_word' id='word_1_863' title='bbox 2621 5339 2819 5398; x_wconf 69' lang='grc' dir='ltr'>παντὸς</span> <span class='ocrx_word' id='word_1_864' title='bbox 2848 5336 3129 5397; x_wconf 76' lang='grc' dir='ltr'>ἀνάπλεως</span> <span class='ocrx_word' id='word_1_865' title='bbox 3162 5334 3353 5387; x_wconf 71' lang='grc' dir='ltr'><strong>καικοῦ-</strong></span> 
     </span>
    </p>
   </div>
   <div class='ocr_carea' id='block_1_109' title="bbox 500 5416 2006 5502">
    <p class='ocr_par' dir='ltr' id='par_1_109' title="bbox 500 5416 1986 5502">
     <span class='ocr_line' id='line_1_109' title="bbox 500 5416 1986 5502; baseline 0.016 -35"><span class='ocrx_word' id='word_1_866' title='bbox 500 5416 661 5471; x_wconf 71' lang='lat' dir='ltr'><strong>\&#39;t:u~&#39;.</strong></span> <span class='ocrx_word' id='word_1_867' title='bbox 688 5418 742 5471; x_wconf 82' lang='lat'><strong>9.</strong></span> <span class='ocrx_word' id='word_1_868' title='bbox 782 5419 844 5471; x_wconf 74' lang='lat' dir='ltr'><strong>Et</strong></span> <span class='ocrx_word' id='word_1_869' title='bbox 878 5426 980 5476; x_wconf 75' lang='grc' dir='ltr'><strong>ηἰκὶ</strong></span> <span class='ocrx_word' id='word_1_870' title='bbox 1014 5425 1263 5481; x_wconf 65' lang='lat' dir='ltr'><strong>Dominus</strong></span> <span class='ocrx_word' id='word_1_871' title='bbox 1295 5429 1526 5484; x_wconf 80' lang='lat' dir='ltr'><strong>Sabaoth</strong></span> <span class='ocrx_word' id='word_1_872' title='bbox 1570 5434 1860 5502; x_wconf 71' lang='lat' dir='ltr'><strong>reliquisset</strong></span> <span class='ocrx_word' id='word_1_873' title='bbox 1896 5455 1986 5490; x_wconf 82' lang='lat' dir='ltr'><strong>no-</strong></span> 
     </span>
    </p>
   </div>
   <div class='ocr_carea' id='block_1_110' title="bbox 2105 5416 3670 5502">
    <p class='ocr_par' dir='ltr' id='par_1_110' title="bbox 2165 5422 3670 5501">
     <span class='ocr_line' id='line_1_110' title="bbox 2165 5422 3670 5501; baseline -0.011 -10"><span class='ocrx_word' id='word_1_874' title='bbox 2165 5436 2271 5491; x_wconf 83' lang='lat' dir='ltr'><strong>Kal</strong></span> <span class='ocrx_word' id='word_1_875' title='bbox 2312 5437 2362 5487; x_wconf 83' lang='grc' dir='ltr'><strong>εί</strong></span> <span class='ocrx_word' id='word_1_876' title='bbox 2404 5432 2487 5501; x_wconf 73' lang='grc' dir='ltr'>μὴ</span> <span class='ocrx_word' id='word_1_877' title='bbox 2538 5431 2754 5500; x_wconf 78' lang='grc' dir='ltr'>Κύριος</span> <span class='ocrx_word' id='word_1_878' title='bbox 2786 5431 3025 5485; x_wconf 56' lang='grc' dir='ltr'>Σαϐαὼθ</span> <span class='ocrx_word' id='word_1_879' title='bbox 3063 5429 3486 5499; x_wconf 57' lang='grc' dir='ltr'>ἐγκατέλειπεν</span> <span class='ocrx_word' id='word_1_880' title='bbox 3530 5422 3670 5492; x_wconf 73' lang='grc' dir='ltr'>ἡμῖν</span> 
     </span>
    </p>
   </div>
   <div class='ocr_carea' id='block_1_111' title="bbox 502 5679 2006 5760">
    <p class='ocr_par' dir='ltr' id='par_1_111' title="bbox 502 5679 1995 5760">
     <span class='ocr_line' id='line_1_111' title="bbox 502 5679 1995 5760; baseline 0.008 -26"><span class='ocrx_word' id='word_1_881' title='bbox 502 5679 544 5712; x_wconf 72' lang='grc'>³⁸</span> <span class='ocrx_word' id='word_1_882' title='bbox 568 5679 733 5736; x_wconf 76' lang='lat' dir='ltr'><strong>Zacb.</strong></span> <span class='ocrx_word' id='word_1_883' title='bbox 767 5696 827 5747; x_wconf 86' lang='grc' dir='ltr'><strong>ιι,</strong></span> <span class='ocrx_word' id='word_1_884' title='bbox 882 5682 934 5737; x_wconf 84' lang='grc'><strong>5.</strong></span> <span class='ocrx_word' id='word_1_885' title='bbox 1018 5685 1058 5715; x_wconf 76' lang='grc'><strong>’⁸</strong></span> <span class='ocrx_word' id='word_1_886' title='bbox 1087 5684 1226 5739; x_wconf 72' lang='lat' dir='ltr'><strong>Psal.</strong></span> <span class='ocrx_word' id='word_1_887' title='bbox 1270 5704 1395 5755; x_wconf 75' lang='lat' dir='ltr'><strong>cu,</strong></span> <span class='ocrx_word' id='word_1_888' title='bbox 1428 5692 1481 5745; x_wconf 79' lang='grc'>5.</span> <span class='ocrx_word' id='word_1_889' title='bbox 1562 5694 1601 5725; x_wconf 68' lang='grc'><strong>⁸³</strong></span> <span class='ocrx_word' id='word_1_890' title='bbox 1641 5692 1738 5747; x_wconf 70' lang='lat' dir='ltr'><strong>Isa.</strong></span> <span class='ocrx_word' id='word_1_891' title='bbox 1769 5710 1819 5760; x_wconf 75' lang='grc' dir='ltr'><strong>ν,</strong></span> <span class='ocrx_word' id='word_1_892' title='bbox 1849 5698 1900 5748; x_wconf 78' lang='lat' dir='ltr'><strong>t5.</strong></span> <span class='ocrx_word' id='word_1_893' title='bbox 1980 5695 1995 5727; x_wconf 78' lang='lat'>&#39;</span> 
     </span>
    </p>
   </div>
   <div class='ocr_carea' id='block_1_112' title="bbox 2105 5679 3460 5760">
    <p class='ocr_par' dir='ltr' id='par_1_112' title="bbox 2114 5694 3460 5760">
     <span class='ocr_line' id='line_1_112' title="bbox 2114 5694 3460 5760; baseline -0.002 -11"><span class='ocrx_word' id='word_1_894' title='bbox 2114 5696 2246 5749; x_wconf 84' lang='lat' dir='ltr'><strong>altb.</strong></span> <span class='ocrx_word' id='word_1_895' title='bbox 2310 5711 2462 5756; x_wconf 77' lang='lat' dir='ltr'><strong>mn.</strong></span> <span class='ocrx_word' id='word_1_896' title='bbox 2517 5696 2605 5760; x_wconf 76' lang='lat'><strong>&#39;57,</strong></span> <span class='ocrx_word' id='word_1_897' title='bbox 2639 5696 2726 5749; x_wconf 72' lang='lat'><strong>38.</strong></span> <span class='ocrx_word' id='word_1_898' title='bbox 2806 5696 2847 5727; x_wconf 82' lang='lat'>&quot;</span> <span class='ocrx_word' id='word_1_899' title='bbox 2905 5701 3106 5749; x_wconf 63' lang='grc' dir='ltr'>δεδι-ειη.</span> <span class='ocrx_word' id='word_1_900' title='bbox 3162 5708 3255 5758; x_wconf 76' lang='lat' dir='ltr'><strong>xu,</strong></span> <span class='ocrx_word' id='word_1_901' title='bbox 3322 5694 3374 5759; x_wconf 85' lang='lat'><strong>7,</strong></span> <span class='ocrx_word' id='word_1_902' title='bbox 3407 5695 3460 5746; x_wconf 78' lang='lat'><strong>8.</strong></span> 
     </span>
    </p>
   </div>
  </div>
