4132 6316
364 257 436 318 5|
1370 266 1427 324 8.
1473 264 1753 324 οἵιιιιιι
1786 268 1957 326 Αιιιι

2063 268 2262 328 lDRlNl
2300 274 2620 331 ARCHIEP.
3572 284 3647 337 δε

371 369 608 424 temnis‘l
695 386 948 439 ignorans
967 377 1222 445 quoniam
1246 376 1553 447 benignitas
1580 378 1671 435 Dei
1692 380 1758 433 ad
1784 382 1957 452 pinni-

2066 385 2162 439 καὶ
2212 386 2610 441 δυσαπόνιπτον
2664 385 2808 459 ἔχειν
2860 394 2959 461 τὴν
2999 390 3294 463 ἁμαρτίαν.
3352 393 3465 448 Καὶ
3499 392 3645 464 μάλα

370 461 593 515 tentiam
618 463 935 520 Ieaddueiti
956 466 1263 522 Secundum
1292 478 1471 524 autem
1494 470 1751 526 duritiam
1784 483 1952 542 tuam,

366 560 424 602 et
452 550 801 616 imptenitens
838 570 932 610 cor
968 559 1308 614 tliesaurizas
1339 562 1432 614 tibi
1461 561 1595 615 iram
1637 562 1690 616 in
1724 563 1811 619 die
1860 565 1954 619 irae

367 648 425 694 et
462 642 805 698 revelatiouis
835 645 965 714 justi
992 647 1181 711 judicii
1215 648 1391 706 ῦθίε³¹
1431 648 1631 707 Omnes
1660 654 1803 707 enim
1850 670 1953 711 nos

373 736 745 803 repraesentari
786 750 995 804 oportet
1028 740 1166 808 apud
1203 741 1434 795 tribunal
1464 742 1691 811 Christi,
1732 756 1789 798 ut
1813 745 1952 800 rele-

370 833 460 877 rat
494 826 864 896 unusquisque
880 844 998 896 quae
1018 845 1113 898 per
1151 847 1349 903 corpus
1379 834 1565 903 gessit,
1584 836 1699 890 sive
1722 836 1945 904 bonum,

370 913 489 969 sive
513 915 783 972 malum."
819 936 838 969 ι

2064 474 2239 547 ὀρθῶς
2260 478 2537 548 εἰρήσεται
2565 478 2700 549 πρὸς
2732 478 2891 551 ἡμῶν
2912 497 2924 511 ·
2973 498 2993 532 ‹
3058 480 3113 534 ’Β
3142 481 3237 536 τοῦ
3284 482 3514 538 πλούτου
3544 487 3644 557 τῆς

2063 572 2430 642 χρηστότητος
2481 571 2669 635 αὑτοῦ,
2716 574 2811 627 καὶ
2856 570 2957 643 τῆς
2991 574 3208 646 ἀνοχῆς,
3260 577 3485 647 καὶτῆς
3536 595 3645 649 μα-

2063 659 2370 730 κροθυμίας
2395 663 2756 733 καταφρονεῖς
2781 679 2796 728 ;
2827 661 3034 731 ἀγνοῶν
3064 665 3145 717 ὅτι
3187 664 3246 718 τὸ
3279 666 3514 738 χρηστὸν
3549 668 3642 722 τοῦ

2058 748 2195 803 Θεοῦ
2233 753 2313 814 είς
2351 754 2640 822 μετάνοιάν
2686 771 2743 807 σε
2796 753 2941 823 ἄγει.
2976 755 3134 808 Κατά
3173 756 3230 809 δὲ
3277 758 3376 827 τὴν
3413 758 3643 830 σκληρόο

2054 840 2195 911 τητά
2252 858 2370 904 σου,
2424 846 2519 897 καὶ
2569 845 2939 917 ἀμετανόητον
2987 846 3235 917 καρδίαν,
3290 848 3643 920 θησαυρίζεις

2065 929 2277 1000 σεαυτῷ
2313 931 2481 1004 ὀργὴν
2534 934 2593 987 ὲν
2642 935 2827 1006 ἡμέρᾳ
2871 936 3043 1007 ὀργῆς
3082 937 3177 991 καὶ
3225 938 3639 1008 ἀποκαλύψεως,

372 1005 468 1058 καὶ
500 1005 890 1079 δικαιοκρισξας
926 1010 1018 1063 τοῦ
1057 1002 1215 1103 Θεοῦ.
1252 1014 1392 1079 Τοὺς
1424 1016 1533 1090 γὰρ
1601 1019 1807 1085 πάντας
1830 1022 1979 1091 ἡμᾶς
2016 1023 2096 1076 δεῖ
2122 1002 2504 1097 φανερωθῆναι
2574 1002 2882 1099 ἔμπροσθεν
2905 1002 3012 1083 ⁷τοῦ
3049 1031 3287 1100 Χριστοῦ
3313 1069 3328 1094 ,
3363 1031 3450 1086 ἵνα
3482 1002 3642 1103 κομίέ

374 1109 531 1167 σηται
561 1097 785 1163 ἕκαστος
832 1102 900 1153 τὰ
928 1102 1016 1155 διὰ
1044 1101 1138 1156 τοῦ
1168 1104 1417 1175 σώματος
1453 1110 1589 1181 πρὸς
1618 1111 1654 1164 ἃ.
1682 1111 1938 1184 ἔπραξεν,
1980 1117 2089 1169 εἴτε
2116 1118 2342 1185 ἀγαθὸν,
2376 1120 2486 1172 εἴτε
2519 1097 2740 1188 φαῦλον.
2795 1138 2814 1172 ι

448 1206 603 1263 Vens.
638 1209 836 1264 10-”.
859 1211 1051 1266 Audite
1091 1215 1299 1270 verbum
1333 1218 1540 1275 Domini
1559 1225 1818 1292 principes
1846 1224 1949 1281 So-

370 1300 663 1357 domorum.
690 1301 944 1355 attendite
971 1305 1128 1370 legem
1181 1304 1299 1368 Dei,
1325 1310 1545 1375 populus
1610 1312 1942 1371 Gomorrltre.

375 1386 494 1451 Quo
557 1389 686 1440 mihi
750 1391 1135 1446 multitudinem
1197 1397 1580 1460 sacriﬁciorum
1634 1414 1944 1464 vestrorum.

372 1478 499 1531 dicit
553 1478 846 1535 Dominus?
882 1482 1062 1550 plenus
1116 1501 1228 1538 sum
1293 1488 1510 1541 victimis
1571 1491 1814 1545 arietum.
1845 1492 1948 1563 12

2141 1208 2465 1264 Ἀκούσατε
2508 1211 2696 1278 λόγον
2730 1212 2950 1279 Kvplov
3000 1211 3289 1280 ἄρχοντες
3341 1212 3639 1283 Σοδόμων,

2054 1301 2382 1368 προσέχετε
2427 1306 2616 1370 νόμον
2662 1304 2812 1357 Θεοῦ
2852 1306 3004 1370 λαός
3049 1306 3381 1373 Γομόρῤας.
3433 1303 3500 1359 Τί
3537 1321 3644 1375 μοι

2055 1390 2289 1455 πλῆθος
2313 1389 2432 1443 τῶν
2454 1391 2681 1446 θυσιῶν
2711 1394 2897 1463 ὑμῶν,
2928 1395 3091 1464 λέγει
3118 1397 3369 1464 Κύριος;
3399 1394 3640 1463 πλήρης

2055 1478 2173 1547 eiul
2200 1480 2708 1550 ὁλοκαυτωμάτων
2736 1484 2940 1551 κριῶν,
2959 1486 3055 1539 καὶ
3078 1485 3263 1555 στέαρ
3290 1482 3508 1553 ἀρνῶν,
3541 1485 3642 1539 καί

375 1570 596 1635 Αάὶρεηι
634 1588 887 1639 agnorum
912 1584 959 1628 et
1003 1578 1307 1641 sanguinem
1337 1593 1630 1646 taurorum,
1682 1594 1729 1635 et
1766 1586 1945 1639 hirco--

2063 1567 2203 1639 αἷμα
2227 1572 2459 1639 ταύρων
2496 1571 2594 1626 καὶ
2632 1573 2862 1642 τράγων
2903 1576 2976 1628 οὐ
3025 1574 3347 1643 βούλομαι.
3390 1575 3528 1629 Οὐδ’
3563 1574 3643 1630 ἂν

375 1676 493 1713 rum
536 1662 693 1722 nolo;
719 1679 878 1732 neque
914 1666 1152 1731 veniatis,
1186 1678 1241 1721 ut
1291 1674 1587 1737 nppweatis
1614 1675 1765 1731 milii.
1822 1676 1952 1742 Qui:

372 1752 512 1805 enim
569 1753 806 1821 quwsivit
881 1755 992 1808 lm'c
1023 1759 1087 1811 de
1153 1762 1392 1813 manibus
1460 1765 1686 1819 vestris?
1736 1766 1954 1822 Calcare

372 1842 569 1895 atrium
619 1859 786 1897 meum
827 1862 889 1899 ne
932 1852 1288 1914 perrexeritis.
1328 1852 1386 1907 Si
1426 1856 1662 1924 offeratis
1700 1857 1950 1923 similam,

375 1947 563 1987 vanum
594 1935 883 1999 incensum,
922 1939 1240 1995 abominatio
1284 1945 1408 1996 milii
1465 1956 1558 1999 est.
1636 1945 1952 2004 Neomenias

374 2037 593 2091 vestras,
632 2037 680 2081 et
717 2030 957 2093 sabbata,
996 2041 1042 2083 et
1086 2035 1220 2085 diem
1260 2051 1501 2104 magnum
1546 2054 1647 2092 non
1686 2039 1834 2103 fero:
1869 2041 1957 2110 je-

370 2114 605 2183 junium,
647 2126 696 2172 et
738 2123 921 2185 otium,
971 2121 1108 2191 festa
1158 2135 1324 2178 vestra
1382 2129 1492 2179 odit
1542 2131 1722 2183 anima
1810 2148 1952 2186 mea.

441 2292 574 2349 Cum
599 2295 904 2352 futurorum
927 2298 1184 2355 malorum
1208 2304 1627 2359 comminatione
1662 2309 1795 2363 satis
1829 2326 1953 2374 pcr-

375 2386 644 2447 terruerit,
674 2396 729 2440 et
778 2387 885 2442 illis
927 2391 1038 2446 haec
1077 2395 1298 2448 omnino
1351 2411 1414 2452 ac
1468 2399 1774 2453 certissime
1792 2418 1956 2456 even—

376 2484 517 2543 tura,
585 2494 683 2533 suo
760 2487 1512 2553 tempore,praenuntiaverit,
1568 2491 1667 2544 nisi
1734 2494 1955 2548 meliora

373 2580 585 2635 sapere,
639 2570 910 2641 simulque
938 2577 1180 2646 exsequi,
1236 2592 1354 2646 quae
1417 2578 1611 2633 divinae
1656 2581 1799 2652 leges
1834 2600 1958 2653 pos-

375 2660 570 2718 tulant,
622 2661 1247 2721 voluerint:commode
1306 2669 1565 2724 transfert
1629 2687 1955 2740 sermonem,

372 2750 719 2818 ostenditque
755 2755 894 2821 quod
952 2755 1002 2808 in
1036 2772 1149 2812 rem
1194 2766 1275 2811 est
1312 2769 1370 2813 ut
1433 2762 1657 2816 meliora
1702 2766 1942 2835 cogitare

374 2847 428 2894 et
460 2842 660 2896 sentire
692 2844 875 2910 velint,
901 2862 1009 2915 quo
1032 2850 1099 2902 ab
1136 2850 1476 2918 impendente
1503 2869 1591 2921 pte
1614 2872 1660 2907 ia
1702 2856 1953 2911 liberen-

377 2937 487 2984 tur.
510 2929 636 2983 Nam
668 2933 790 3001 quia
821 2935 871 2988 in
901 2936 1173 2991 Christum
1194 2939 1507 2995 debaeclmti
1532 2954 1657 2998 sunt
1682 2944 1956 3013 Israelita,

375 3021 683 3090 perierunt:
714 3033 767 3078 et
791 3040 1048 3095 praeterea
1099 3031 1350 3100 dicimus,
1378 3050 1472 3089 eos
1516 3047 1740 3104 propter
1769 3038 1960 3107 impie-

380 3124 543 3169 tatem
583 3132 765 3171 eorum
820 3124 909 3190 qui
936 3124 1610 3190 prmlicieiiautnrdocendi
1640 3132 1956 3198 provincia,

379 3209 658 3264 cecidisse.
684 3209 833 3266 Licet
864 3216 1006 3267 enim
1041 3216 1189 3268 illum
1224 3219 1489 3274 hatredem
1532 3237 1654 3274 esse
1677 3225 1951 3289 noverint,

381 3295 771 3354 interfecerunt
847 3312 1062 3360 tamen:
1114 3321 1234 3358 nam
1297 3307 1413 3371 ejus
1473 3311 1706 3377 vineam,
1750 3322 1956 3367 sortem

379 3404 534 3444 suam
589 3387 767 3445 facere
842 3394 1150 3452 voluerunt.
1206 3396 1358 3463 Quod
1451 3409 1631 3453 autem
1708 3405 1960 3470 stupidus

381 3477 568 3546 Israel,
608 3483 910 3553 principmn
974 3484 1293 3556 malignitati
1351 3487 1667 3558 obsecutus,
1700 3508 1730 3546 a
1766 3507 1860 3562 spe
1902 3492 1958 3547 in

380 3574 656 3633 Christum
706 3578 988 3643 deciderit,
1032 3582 1319 3635 conlirmat
1371 3583 1742 3638 universitatis
1796 3584 1958 3640 Deus»

382 3682 514 3722 voce
542 3669 922 3737 prophetarum
959 3671 1214 3741 loquens:
1252 3692 1271 3726 ι
1299 3675 1550 3731 Pastores
1580 3677 1729 3730 multi
1763 3692 1954 3733 corru-

382 3768 577 3828 perunt
598 3760 805 3815 vineam
827 3778 1021 3828 meam,
1040 3764 1343 3832 polluerunt
1361 3767 1732 3822 haereditatem
1754 3785 1952 3833 meam,
2006 3827 2013 3833 ,

382 3850 907 3919 ᾱεάθιιιιιιλριιισιειιι
970 3869 1143 3909 nteam
1208 3856 1620 3913 desiderabilem
1657 3859 1708 3913 in
1770 3859 1958 3915 solitu-

381 3943 560 4000 dinem
605 3945 831 4012 iuviam,
888 3945 1105 4001 redacta
1141 3957 1223 4000 est
1285 3946 1352 4001 ad
1429 3948 1704 4004 interitum
1786 3950 1959 4019 pessi-

381 4051 529 4094 mum
566 4040 752 4098 ²⁹.ιΕι
805 4055 1025 4094 rursus:
1071 4039 1239 4107 «Quia
1285 4049 1534 4108 pastores
1581 4042 1952 4111 desipuerunt,

379 4142 435 4189 et
475 4130 759 4186 Dominum
823 4147 928 4186 non
988 4133 1318 4201 quaesierunt
1359 4170 1376 4196 ,
1423 4142 1711 4204 prepterea
1766 4138 1944 4193 omnis

2053 1661 2313 1731 ἕρχησθε
2356 1662 2620 1733 ὀφθῆναί
2647 1682 2771 1734 μοι.
2815 1665 2909 1726 Τί(-
2958 1664 3065 1733 rd]:
3088 1663 3409 1733 ἐξεζήτησε
3452 1665 3642 1719 ταῦτα

2052 1754 2122 1808 ἐκ
2163 1754 2282 1808 τῶν
2305 1754 2519 1824 χειρῶν
2544 1754 2712 1825 ὑμῶν
2727 1773 2748 1822 ;
2790 1757 3012 1811 Πατεῑν
3046 1758 3160 1824 τὴν
3188 1758 3391 1827 αὐλήν
3410 1775 3535 1826 μου
3567 1758 3640 1812 οὐ

2055 1844 2503 1913 προσθήσεσθε.
2558 1848 2701 1902 Ἒὰν
2738 1848 2959 1918 φέρητε
2994 1848 3336 1915 σεμίδαλιν,
3385 1847 3642 1917 μάταιον

2054 1939 2338 2008 θυμίαμα,
2363 1937 2685 2007 βδέλυγμά
2761 1956 2865 2008 μοι
2911 1939 3103 2001 ἐστὶν,
3140 1939 3247 2004 τὰς
3287 1939 3635 2009 Νουμηνίας

2056 2028 2241 2097 ὑμῶν,
2287 2031 2384 2084 καὶ
2420 2030 2493 2082 τὰ
2523 2028 2809 2093 σάϐϐατα,
2838 2030 2936 2083 καὶ
2969 2029 3199 2098 ἡμέραν
3222 2028 3494 2099 μεγάλην
3529 2032 3640 2084 οὐκ

2053 2122 2361 2190 ἀνέχομαι,
2402 2124 2696 2189 νηστείαν
2736 2123 2833 2175 καί
2874 2123 3108 2191 ἀρτίαν,
3153 2124 3249 2178 καί
3294 2124 3398 2189 τὰς
3431 2123 3641 2192 ἑορτὰς

2053 2213 2222 2284 ὑμῶν
2258 2213 2433 2284 μισεῖ
2459 2216 2496 2284 ἠ
2526 2214 2699 2283 ψυχή
2734 2232 2875 2283 μου.

2124 2307 2526 2379 Καταπτοήσας
2556 2307 2869 2378 ἀρκούντως
2895 2310 3016 2372 ταῖς
3043 2309 3151 2362 τῶν
3182 2309 3453 2380 ἐσομένων
3483 2308 3640 2362 ἀπει-

2054 2399 2190 2463 λαῖς,
2243 2400 2336 2453 καὶ
2384 2399 2831 2470 προσαγορεύσας
2880 2401 3062 2465 αὐτοῖς
3124 2403 3193 2455 τά
3238 2403 3415 2474 πάντη
3441 2419 3501 2456 τε
3546 2403 3641 2457 καὶ

2056 2490 2273 2554 πάντως
2319 2490 2556 2561 ἐσόμενα
2591 2491 2734 2545 κατὰ
2782 2494 3029 2563 καιροὺς,
3076 2495 3124 2546 εί
3161 2493 3236 2564 μὴ
3268 2493 3475 2547 ἕλοιντο
3509 2510 3642 2564 φρο-

2055 2584 2163 2634 νεῖν
2207 2597 2266 2634 τε
2313 2583 2448 2651 ὁμοῦ
2494 2582 2564 2635 τὰ
2596 2583 2807 2654 ἀμείνω
2861 2584 2956 2637 καὶ
2983 2584 3138 2656 δρᾲν,
3187 2586 3283 2638 καὶ
3327 2588 3442 2648 τοῖς
3475 2583 3642 2649 θείοις

2055 2671 2261 2742 νόμοις,
2300 2672 2585 2743 μεθίστησι
2644 2674 2734 2727 τὸν
2768 2674 2926 2744 λόγον
2975 2676 3069 2728 ἐπὶ
3114 2675 3325 2747 καιροῦ,
3384 2676 3478 2728 καὶ
3528 2678 3642 2728 εἰσι

2054 2764 2277 2833 ηγεῖται
2297 2762 2357 2814 τὸ
2392 2764 2684 2831 χρήσιμον,
2717 2762 2803 2815 ἵνα
2837 2764 2905 2816 τά
2941 2763 3134 2833 βελτίω
3165 2765 3379 2835 φρονεῖν
3426 2761 3641 2834 ᾑρημέ-

2061 2872 2164 2919 νοι,
2200 2854 2296 2924 τῆς
2348 2853 2736 2925 ἐπηρτημένης
2767 2855 2952 2915 αὐτοῖς
2995 2855 3423 2909 ἀπαλλάττοιντο
3463 2854 3639 2924 δίκης.

2079 2946 2620 3018 Ἐμπαροινήσαντες
2654 2945 2764 3017 γάρ
2793 2947 2849 2998 ἐν
2878 2945 3121 3016 Χριστῷ,
3152 2945 3466 2998 διολώλασιν
3511 2948 3559 2999 ei
3586 2929 3645 3011 ὲἘ

2078 3037 2312 3110 Ἰσραὴλ,
2347 3040 2528 3091 πεσεῖν
2549 3054 2609 3090 τε
2635 3037 2770 3108 πρὸς
2800 3036 2956 3091 τοῦτο
2987 3036 3166 3106 φαμὲν
3190 3037 3407 3098 αὐτοὺς.
3429 3035 3518 3089 διὰ
3545 3036 3645 3107 τὴν

2064 3132 2173 3185 τῶν
2221 3129 2582 3199 καθηγεῖσθαι
2613 3128 2885 3198 λαχόντων
2913 3127 3257 3196 ἀνοσιότητα.
3292 3126 3488 3181 Καίτοι
3533 3125 3645 3197 γὰρ

2065 3223 2459 3289 ἐπεγνωκότες,
2487 3222 2568 3273 ὅτι
2597 3220 2757 3282 αὐτός
2791 3220 2937 3271 ἐστιν
2965 3221 2993 3272 ὁ
3020 3218 3374 3290 κληρονόμος,
3407 3218 3645 3273 ἀπεκτό-

2050 3300 2218 3364 ’νασιν
2245 3311 2427 3364 αὐτόν.
2466 3309 2692 3363 Ἠθελον
2726 3311 2834 3380 γὰρ
2861 3309 2990 3363 ῖδιον
3024 3308 3291 3387 ποιεῖσθαι
3318 3309 3516 3379 κλῆρον
3548 3308 3642 3361 τὸν

2064 3397 2360 3468 ἀμπελῶνα
2378 3396 2561 3452 αὑτοῦ.
2581 3399 2700 3451 Ὅτι
2731 3398 2788 3451 δὲ
2803 3401 2925 3461 ταῖς
2949 3397 3055 3451 τῶν
3073 3399 3388 3469 ἡγουμένων
3416 3399 3645 3471 δυστρό-

2064 3488 2216 3550 πίσις
2232 3486 2558 3550 ἀκολουθῶν,
2575 3489 2672 3558 τῆς
2687 3489 2767 3552 είς
2783 3489 3018 3560 Χριστὸν
3034 3488 3249 3552 ἐλπίδος
3271 3489 3355 3558 διη
3365 3490 3644 3561 μάρτηκεν

2062 3577 2091 3631 ό
2132 3577 2479 3646 ἀπόπληκτος
2513 3577 2730 3648 Ἰσραὴλ
2757 3576 3086 3630 πιστώσεται
3112 3577 3284 3647 λέγων
3325 3578 3353 3630 ὁ
3372 3579 3477 3631 τῶν
3507 3577 3643 3630 ὅλων

2061 3667 2213 3732 Θεὺς,
2226 3668 2313 3720 διὰ
2336 3668 2518 3739 φωνῆς
2537 3667 2850 3739 προφητῶν.
2871 3686 2888 3717 ι
2929 3669 3191 3735 Ποιμένες
3207 3668 3391 3722 πολλοὶ
3405 3669 3641 3738 διέφθει-

2062 3778 2162 3834 ραν
2177 3758 2267 3814 τὸν
2285 3758 2582 3831 ἀμπελῶνα
2597 3776 2695 3830 μου
2708 3759 2998 3830 ,ἐμόλυναν
3019 3758 3116 3830 τὴν
3135 3759 3494 3830 κληρονομίαν
3515 3775 3639 3830 μου,

2060 3852 2264 3906 ἔδωκαν
2300 3851 2492 3923 μερίδα
2519 3851 2858 3921 ἐπιθυμητήν
2904 3866 3005 3920 μου
3052 3852 3130 3912 είς
3180 3850 3386 3921 ἔρημον
3422 3849 3639 3905 ἄϐατον.

2072 3942 2330 4014 Ἐγενήθη
2347 3946 2426 4008 είς
2441 3942 2744 4012 ἀφανισμὸν
2760 3939 3050 3999 ἀπωλείας.
3076 3958 3094 3990 ι
3112 3941 3220 3992 Καὶ
3249 3940 3408 3992 πάλιν
3429 3955 3441 3966 ·
3466 3958 3485 3991 ι
3522 3940 3643 3994 Ὀτι

2060 4037 2314 4107 ποιμένες
2333 4035 2755 4106 ἡφρονεύσαντο,
2770 4033 2863 4085 καὶ
2883 4032 2974 4085 τὸν
2996 4030 3200 4104 Κύριον
3229 4032 3328 4085 οὐκ
3350 4031 3643 4101 ἐζήτησαν,

2058 4129 2149 4183 διά
2172 4129 2328 4183 τοῦτο
2348 4131 2447 4182 οὐκ
2471 4129 2662 4199 ἐνόησε
2683 4128 2831 4182 πᾶσα
2853 4127 2887 4196 ἡ
2913 4126 3072 4196 νομὴ,
3101 4126 3194 4178 καί
3228 4123 3643 4194 διεσκορπίσθη-

379 4238 509 4292 grex
546 4240 650 4278 non
699 4222 982 4288 intellexit,
1007 4231 1062 4277 et
1100 4223 1330 4293 dispersi
1368 4233 1498 4279 sunt
1536 4224 1780 4287 ".iVere
1811 4227 1953 4280 enim

2066 4238 2188 4277 σαν.
2222 4240 2242 4272 ι
2293 4220 2728 4291 Ἡφρονεύσαντο
2763 4220 2873 4291 γὰρ
2903 4221 2950 4272 οἱ
2983 4218 3239 4288 ποιμένες
3271 4215 3507 4286 ἀληθῶς,
3552 4214 3648 4323 καὶ

381 4311 733 4378 desipueruut
803 4320 1071 4378 pastores,
1145 4321 1200 4364 et
1259 4310 1465 4380 p0pulo'
1522 4329 1621 4368 suo
1682 4314 1957 4370 iuteritmn

2063 4316 2177 4377 τοῖς
2231 4313 2337 4367 ὑπὸ
2383 4315 2540 4384 χεῖρα
2589 4311 2739 4376 λαοῖς
2793 4311 3014 4383 ὀλέθρου
3064 4310 3349 4379 γεγόνασιν
3396 4309 3643 4378 ἀφορμή.

384 4400 808 4456 accersiverunt.
856 4402 1043 4452 Annon
1078 4399 1303 4454 decebat
1350 4416 1446 4456 eos
1500 4405 1717 4471 potius,
1778 4418 1961 4473 utpote

382 4507 480 4563 per
517 4490 687 4561 legem
731 4504 795 4545 ac
829 4488 1119 4558 prophetas
1159 4486 1365 4544 Christi
1402 4493 1720 4560 mysterium
1790 4496 1960 4561 probe

382 4585 591 4647 doctos,
628 4580 749 4635 aliis
784 4581 927 4634 viam
969 4580 1036 4633 ad
1072 4577 1148 4633 illi
1212 4581 1544 4637 credendum
1608 4581 1962 4653 patefacere?

380 4674 542 4742 Atqui
592 4672 850 4726 Servator
912 4670 1061 4735 dicit,
1098 4669 1326 4739 gloriam
1370 4687 1464 4727 eos
1518 4673 1587 4726 ab
1656 4675 1964 4729 hominibus

382 4764 674 4833 accepisse,
700 4764 924 4834 gloriam
950 4778 1098 4830 vero,
1121 4778 1240 4834 «pne
1259 4772 1340 4817 est
1363 4779 1391 4816 ιι
1410 4763 1525 4818 solo
1551 4763 1678 4830 Deo,
1700 4779 1803 4819 ιιοιι
1819 4780 1967 4836 qua:-

383 4858 597 4913 sivisse.
627 4856 684 4911 Si
710 4857 852 4910 enim
885 4855 1015 4911 Mosi
1065 4856 1444 4921 credidissent,
1500 4858 1857 4912 credidissent
1912 4869 1966 4911 et

386 4950 487 5006 illi.
508 4949 689 5004 Deillo
709 4949 853 5004 enim
886 4946 931 5001 is
945 4946 1346 5017 scripsit.Facti
1390 4948 1712 5019 suntﬁgitur
1740 4948 1891 5014 caeci,
1912 4956 1967 5003 ul

387 5056 547 5098 ruces
594 5055 884 5106 caecorum,
924 5042 1103 5112 itaque
1136 5043 1455 5112 praecipitati
1493 5052 1644 5107 sunt,
1684 5040 1821 5096 etin
1873 5055 1965 5095 νο-

387 5134 632 5203 daginem
655 5134 807 5190 exitii
836 5146 1179 5191 corruerunt.
1211 5133 1349 5200 Quid
1385 5149 1514 5204 ergo
1557 5145 1785 5189 conatur
1841 5149 1967 5204 pro-

387 5226 547 5295 pheta
596 5227 750 5281 bonis
802 5243 897 5283 eos
943 5228 1160 5283 monitis
1209 5228 1461 5280 mutare?
1530 5225 1602 5281 Ut
1635 5227 1826 5281 melius
1874 5241 1967 5280 sa-

388 5316 562 5387 piant,
577 5328 632 5371 et
652 5317 959 5374 Servatoris
977 5320 1123 5375 dicto
1143 5317 1423 5372 audientes
1451 5316 1580 5370 sint.
1602 5318 1696 5371 llis
1733 5330 1861 5371 vero
1880 5314 1975 5368 ad-

388 5408 771 5465 monitionibus
788 5410 1176 5465 territationem
1199 5421 1413 5478 quoque
1447 5405 1652 5460 utiliter
1669 5406 1960 5460 admiscet:

393 5499 495 5571 13
523 5499 687 5554 variis
714 5501 1111 5570 quodammodo
1141 5498 1449 5570 pharmacis
1478 5496 1754 5563 adhibitis,
1772 5509 1969 5549 curans

2065 4405 2261 4459 Καίτοι
2310 4406 2428 4469 πῶς
2465 4405 2566 4459 οὐκ
2597 4406 2704 4460 ἔδει
2753 4404 2953 4475 μᾶλλον
2999 4397 3195 4466 αὐτοὺς
3233 4403 3306 4464 ὡς
3345 4401 3435 4454 διὰ
3477 4399 3645 4470 νόμου

2065 4495 2159 4547 καὶ
2206 4493 2500 4564 προφητῶν
2537 4495 2598 4547 τὸ
2644 4493 2880 4566 Χριστοῦ
2916 4491 3212 4563 μυστήριον
3251 4488 3397 4571 μάλα
3447 4504 3648 4540 πεπαι-

2065 4584 2381 4655 δευμένους,
2422 4583 2540 4637 ὁδὸν
2569 4584 2823 4652 γενέσθαι
2869 4585 2982 4646 τοῖς
3013 4581 3193 4642 ἀλλοις
3225 4580 3316 4632 ἐπὶ
3358 4576 3419 4631 τὸ
3450 4577 3647 4648 χρῆναι

2072 4666 2347 4728 πιστεύειν
2374 4672 2554 4745 aliti);
2591 4674 2726 4729 Ἀλλ’
2756 4674 2789 4744 ἢ
2826 4675 2990 4746 φησιν
3021 4676 3050 4727 ὁ
3071 4670 3282 4742 Σωτὴρ,
3309 4670 3464 4736 δόξαν
3496 4667 3649 4738 παρά

2073 4763 2362 4836 ἀνθρώπου
2393 4762 2717 4833 ἐλάμϐανον,
2763 4765 2854 4817 καὶ
2901 4764 3001 4834 τὴν
3033 4760 3193 4826 δόξαν
3236 4760 3336 4831 τὴν
3364 4757 3516 4829 παρά
3551 4755 3644 4810 τοῦ

2074 4855 2237 4926 μόνου
2291 4853 2385 4908 τοῦ
2441 4853 2575 4909 Θεοῦ
2624 4854 2725 4909 οὐκ
2772 4855 3020 4925 ἐζήτουν.
3089 4853 3152 4905 El
3202 4850 3311 4922 γὰρ
3358 4850 3644 4902 ἐπίστευον

2071 4951 2267 5022 Mincii,
2302 4948 2587 5003 ἐπίστευον
2621 4948 2687 5003 ἂν
2724 4947 2894 5019 αὐτῷ,
2930 4946 3062 5016 περὶ
3094 4944 3202 5016 γὰρ
3233 4943 3398 4998 αὑτοῦ
3442 4944 3648 5003 ἐκεῖνος

2071 5040 2330 5113 ἔγραψεν.
2367 5038 2627 5108 Γεγόνασι
2658 5038 2838 5092 τοίνυν
2864 5035 3054 5106 τυφλοὶ⁴
3084 5036 3180 5089 καὶ
3201 5034 3415 5104 τυφλῶν
3441 5030 3643 5103 ὁδηγοί.

2073 5131 2260 5204 Ταύτῃ
2284 5147 2366 5184 τοι
2390 5130 2484 5183 καὶ
2511 5127 2923 5199 διωλισθήκασι,
2963 5125 3058 5180 καὶ
3098 5128 3178 5190 είς
3205 5126 3329 5188 τοὺς
3359 5125 3457 5195 τῆς
3494 5123 3648 5174 dmo-

2075 5221 2224 5285 λείας
2253 5220 2575 5274 πεπτώκασι
2618 5220 2865 5290 βόθρους.
2896 5219 2962 5272 Τί
3007 5214 3101 5273 οὖν
3133 5220 3162 5270 ό
3193 5218 3476 5289 προφήτης
3506 5214 3647 5282 ἀγα-

2079 5310 2199 5375 θαῖς
2259 5311 2455 5373 αὐτοὺς
2504 5309 2807 5373 νουθεσίαις
2870 5309 3301 5380 μετασκευάζειν
3356 5307 3645 5377 πειρᾶταις

2076 5403 2212 5473 πρὸς
2253 5403 2315 5456 τὸ
2350 5401 2458 5455 δεῖν
2507 5401 2726 5456 ἑλέσθαι
2773 5400 2843 5455 τά
2888 5402 3095 5474 ἀμείνω
3141 5402 3377 5473 φρονεῖν,
3416 5396 3649 5459 καὶτοῖς

2078 5492 2175 5547 τοῦ
2210 5493 2459 5564 Σωτῆρος
2496 5495 2786 5565 πειρᾶσθαι
2820 5494 3019 5564 λόγοις.
3057 5492 3373 5563 Ἀναμίσγει
3414 5489 3472 5544 δδ
3516 5504 3648 5559 χρη-

462 5682 504 5713 ¹¹
539 5681 670 5736 Rom
716 5682 850 5746 ",5.
886 5682 939 5734 Β.
1018 5683 1062 5713 ³³
1092 5682 1128 5736 Il
1162 5683 1287 5740 Cor.
1330 5701 1383 5749 τ,
1412 5684 1496 5737 l0.
1575 5682 1619 5714 “
1659 5680 1957 5746 Jerenuu,

2064 5717 2079 5733 .
2156 5681 2199 5712 "
2256 5679 2456 5737 iorem.
2513 5696 2564 5745 τ,
2615 5680 2703 5733 2|.
