4134 6304
400 394 471 449 κ
1536 383 1603 437 ut
1645 380 1899 439 lSAlAl‘.
1945 379 2072 436 us.
2117 379 2154 435 ι.
2196 378 2406 437 ortu.
2449 378 2491 434 ι.
3597 381 3669 436 st

405 513 578 584 σίμως
632 507 752 568 ταῖς
808 505 888 567 τίς
943 500 1103 556 τοῦτο
1153 498 1458 563 νουθεσίαις
1513 498 1612 569 τὴν
1676 495 1986 564 ιπίπληξιν,

2096 495 2149 548 in
2185 494 2292 549 illis
2324 494 2438 548 haec
2469 491 2714 549 stultitia
2746 494 2988 549 vulnera.
3014 491 3245 564 Ideoque
3279 495 3409 550 dicit
3432 513 3446 550 :
3473 495 3665 552 Audita

408 599 685 673 μονονουχὶ
713 594 973 655 ποικίλως
1016 590 1405 660 ἐσκευασμένῳ
1440 589 1717 660 φαρμάκῳ
1780 587 1851 640 τὰ
1886 585 1988 655 τῆς

405 694 462 746 ιν
491 691 671 752 αὐτοῖς
707 684 1030 746 δυσϐουλίας
1082 680 1401 752 Θεραπεύων
1441 679 1752 750 τραύματα.
1801 676 1987 746 Ταύτῃ

403 801 501 847 τοι,
529 782 712 851 φησὶν,
732 777 1002 833 ἀκούσατε
1020 775 1173 842 λόγον
1199 773 1424 843 Κυρίου,
1441 771 1700 842 ἄρχοντες
1716 769 1985 838 Σοδόμων,

404 876 697 946 προσέχετε
721 872 884 941 νόμον
903 866 1062 931 Θεοῦ,
1080 865 1207 929 λαὸς
1229 864 1529 936 Γομόρρας.
1571 862 1817 924 Ἀκούεις
1840 863 1988 924 ὅπως

403 965 591 1036 δήμοις
629 963 725 1017 καὶ
754 962 983 1030 ἄρχουσι
1011 957 1110 1027 τήν
1142 956 1201 1022 ἐξ
1231 957 1451 1025 ἀγάπης
1495 953 1632 1025 ὁμοῦ
1672 955 1765 1005 καὶ
1805 952 1988 1021 θεοφι-

405 1050 527 1112 λοῦς
560 1049 906 1119 φρονήματος
934 1044 1187 1114 ἐπιφέρει
1216 1044 1433 1114 ῥάϐδον,
1466 1044 1563 1095 καὶ
1598 1042 1824 1112 πλήττει
1853 1042 1988 1096 πολὺ

406 1138 693 1199 νοσοῦντας
720 1137 780 1190 τὸ
811 1133 1057 1197 ἀπειθές.
1082 1133 1278 1186 Πόλεσι
1303 1131 1359 1184 δὲ
1386 1133 1507 1194 ταῖς
1534 1129 1989 1192 δυσσεδεστάταις

406 1229 728 1300 παρεικάζει
772 1229 872 1298 τὴν
907 1225 1288 1296 Ἰερουσαλὴμ,
1333 1224 1410 1286 ὠς
1441 1223 1701 1292 πλείστης
1737 1222 1832 1290 μὲν
1856 1223 1989 1292 ὅσης

405 1322 709 1390 ἀνάμεστον
736 1319 1035 1390 ἁμαρτίας,
1066 1318 1159 1371 καὶ
1199 1317 1275 1380 ὡς
1305 1316 1494 1370 οὐδένα
1525 1313 1802 1376 παντελῶς
1834 1313 1987 1384 ἐχου-

405 1414 1983 1483 σανὲνὲαυτῇ.............

1527 1496 1843 1551 ἐϐουλεύετο
1890 1496 1987 1566 μὲν

408 1594 516 1666 γὰρ
541 1594 570 1645 6
597 1592 709 1645 τῶν
743 1591 878 1645 ὅλων
905 1590 1037 1653 Θεὸς
1069 1590 1167 1652 τὰς
1193 1588 1300 1641 τῶν
1328 1587 1631 1658 Σοδομιτῶν
1664 1604 1794 1640 κατε
1804 1585 1987 1656 μπρῆ-

410 1701 499 1736 σαι
530 1681 735 1743 πόλεις,
760 1681 852 1734 καὶ
882 1677 1272 1732 ἀνεκοινώσατο
1289 1677 1349 1729 τὸ
1369 1676 1561 1746 χρῆμα
1591 1675 1670 1746 τῷ
1704 1674 1983 1745 Ἀδραάμς

407 1772 435 1822 6
481 1769 539 1822 δὲ
577 1768 712 1840 πρὸς
751 1767 934 1821 αὐτόν’
963 1785 982 1818 ι
1017 1767 1107 1836 Μὴ
1145 1764 1416 1835 ἀπολέσῃς
1451 1765 1661 1818 δίκαιον
1707 1764 1822 1833 μετ’
1855 1764 1984 1816 ἀσε-

2095 599 2401 640 sermonem
2444 584 2678 650 Domini,
2714 586 2984 654 principes
3026 585 3404 654 Sodomorum,
3451 590 3666 643 attendo

2096 674 2268 746 legem
2325 677 2440 739 Dei,
2476 676 2703 745 populus
2746 676 3081 732 Gomorrltaz.
3131 677 3367 731 Audisne
3397 678 3664 747 quomoda

2095 765 2237 836 plebi
2285 774 2340 818 et
2379 765 2717 833 principibus
2740 782 2805 820 ex
2839 782 3024 821 amore
3067 767 3227 821 simul
3271 776 3325 822 et
3358 767 3447 836 pio
3474 765 3665 823 aﬂ'ecttt

2095 857 2300 924 virgam
2360 853 2593 918 inferat,
2642 866 2696 908 et
2747 856 3125 910 incbedientim
3166 858 3355 911 tuorbo
3389 867 3671 926 corruptos

2094 943 2250 998 feriat
2279 945 2301 998 ?
2334 944 2569 1000 Urbibus
2599 958 2776 999 autem
2810 948 3184 1015 perditissimis
3215 959 3268 1001 et
3302 951 3533 1003 maxime
3571 949 3673 1004 im-

2094 1036 2199 1105 piis
2224 1035 2523 1090 Jerusalem
2548 1047 2846 1105 comparat,
2873 1047 2930 1091 ut
2956 1040 3143 1092 multis
3170 1050 3475 1106 coopertum
3502 1040 3666 1104 vitiis,

2094 1140 2195 1180 nec
2218 1127 2512 1196 quidquam
2538 1127 2694 1194 plane
2717 1126 2770 1179 in
2798 1143 2855 1182 se
2885 1131 3192 1191 habentem,
3217 1135 3355 1184 unde
3384 1132 3671 1186 verisimile

2093 1225 2238 1270 esset
2259 1230 2416 1284 posse
2437 1232 2555 1270 eam
2584 1219 2847 1271 minarum
2873 1219 2977 1270 vim
3022 1219 3387 1290 impetumque
3413 1221 3666 1289 effugere.

2093 1305 2276 1361 Voluit
2308 1308 2453 1361 enim
2491 1308 2863 1362 universitatis
2911 1309 3052 1362 Deus
3084 1311 3242 1364 urbes
3282 1313 3668 1366 Sodomita-no-

2095 1412 2214 1451 runt
2258 1398 2568 1461 incendere,
2604 1414 2825 1466 remque
2856 1415 2978 1455 cum
3022 1402 3334 1456 Altraltamo
3367 1405 3670 1458 communi-

2103 1478 2266 1543 cavit.
2294 1490 2391 1543 Cui
2426 1491 2514 1543 ille
2543 1507 2556 1543 :
2594 1508 2613 1542 ι
2660 1492 2912 1558 Nunquid
2945 1498 3132 1560 perdes
3162 1493 3365 1560 justum
3397 1510 3520 1548 cum
3570 1497 3670 1548 itn.

2093 1579 2219 1649 pio?
2254 1579 2320 1634 Et
2344 1582 2447 1635 erit
2471 1582 2649 1650 justus
2677 1584 2902 1650 perinde
2944 1595 3001 1638 ut
3033 1584 3231 1654 impius
3252 1585 3335 1639 ⁸⁸2
3371 1604 3390 1638 ι
3422 1586 3670 1639 Promisit

2092 1682 2272 1724 autem
2299 1672 2460 1735 Deus,
2480 1673 2523 1726 si
2556 1674 2606 1726 in
2634 1674 2882 1730 Sodomis
2905 1677 3087 1729 tierent
3109 1677 3238 1743 justi
3274 1679 3667 1741 invenirentur,

2092 1776 2152 1816 se
2169 1763 2237 1817 ab
2260 1762 2337 1814 ira
2362 1761 2712 1818 destiturum.
2736 1766 2898 1830 Atqui
2926 1782 3030 1820 non
3059 1779 3187 1821 sunt
3213 1768 3413 1821 inventi
3443 1785 3456 1820 :
3489 1770 3670 1834 itaque

408 1860 574 1924 ϐοῦςς
605 1862 695 1913 καὶ
725 1859 875 1911 ἔσται
903 1860 931 1910 6
954 1859 1162 1920 δίκαιος
1191 1857 1268 1920 ὡς
1296 1858 1325 1909 6
1356 1856 1597 1924 ἀσεδής;
1627 1873 1646 1906 ι
1690 1853 1990 1925 Ἐπηγγέλ-

2096 1853 2283 1923 dignas
2312 1870 2376 1909 ac
2411 1856 2527 1908 suis
2565 1854 2781 1920 ﬂagitiis
2811 1872 2967 1924 pares
3007 1873 3193 1926 pinnas
3222 1861 3503 1912 dederunt.
3526 1859 3669 1913 Talis

406 1950 527 2002 λετο
557 1949 613 2002 δὲ
646 1948 798 2013 Θεὸς,
837 1950 885 2000 εί
917 1946 1189 2016 εὑρεθεῖεν
1218 1947 1277 1998 ὲν
1306 1944 1559 2014 Σοδόμοις
1600 1943 1731 1997 δέκα
1768 1943 1992 2006 δίκαιοι,

403 2044 504 2110 τῆς
530 2043 613 2093 ἐπ’
643 2041 828 2100 αὐτοῖς
857 2037 1224 2107 καταπλήξειν
1257 2037 1452 2107 ὀργῆς.
1496 2035 1636 2089 Ἀλλ’
1667 2035 1767 2101 οὐχ
1791 2034 1996 2106 ηὕρην-

405 2150 515 2185 ται.
551 2132 840 2202 Τοιγάρτοι
873 2130 968 2183 καὶ
994 2127 1308 2181 ὲκτετίκασι
1360 2128 1460 2190 τὰς
1493 2129 1607 2190 τοῖς
1631 2124 1839 2179 ἑαυτῶν
1865 2125 1995 2178 δυσ-

408 2226 538 2289 σεῦή
550 2240 712 2294 μασιν
746 2222 1067 2292 ἰσομέτρους
1092 2219 1268 2282 δίκας.
1292 2220 1528 2286 Τοιαύτη
1550 2235 1633 2281 τις
1654 2213 1723 2288 ἦν
1747 2218 1780 2288 ή
1812 2234 1996 2288 κυριο-

405 2317 591 2377 κτόνος
630 2313 986 2384 Ἰερουσαλὴμ
1015 2310 1214 2381 πολλὴν
1256 2310 1453 2380 ἔχουσα
1491 2309 1600 2364 τῶν
1641 2309 1863 2363 δικαίων
1897 2309 1994 2380 τὴν

409 2407 622 2459 σπάνιν.
658 2404 764 2456 Καὶ
791 2401 921 2472 γοῦν
949 2402 1196 2471 ἐλιπάρει
1223 2401 1323 2470 μὲν
1348 2402 1376 2453 6
1404 2400 1692 2471 προφήτης
1726 2399 1995 2469 Ἱερεμίας

409 2499 536 2566 περὶ
568 2496 757 2565 αὐτῆς.
799 2496 943 2566 Ἔφη
988 2493 1044 2547 δὲ
1089 2493 1241 2556 Θεόςο
1289 2510 1307 2543 ι
1356 2489 1731 2562 Περιδράμετε
1776 2491 1834 2542 ὲν
1877 2492 1995 2553 ταῖς

407 2590 546 2652 ὁδοῖς
587 2586 961 2657 Ἰερουσαλὴμ,
995 2587 1091 2638 καὶ
1117 2586 1279 2646 ι’δετε,
1310 2584 1406 2636 καὶ¹
1452 2581 1647 2650 γνῶτε,
1692 2583 1784 2635 καὶ
1831 2583 1994 2654 ζητή-

410 2694 543 2730 σατε
576 2679 632 2729 ὲν
661 2679 779 2739 ταῖς
811 2677 1095 2737 πλατείαις
1131 2675 1324 2744 αὐτῆς,
1360 2674 1455 2726 ἐὰν
1500 2671 1694 2742 εὕρητε
1721 2672 1910 2743 ἄνδρα,
1944 2674 1993 2725 εί

411 2767 529 2820 ἔστι
574 2767 745 2819 ποιῶν
775 2768 972 2836 κρῖμα,
1001 2765 1092 2818 καὶ
1117 2764 1295 2834 ζητῶν
1330 2763 1530 2824 πίστιν,
1558 2764 1650 2815 καὶ
1677 2762 1833 2824 ἵλεως
1872 2761 1994 2814 ἐσο-

419 2877 517 2928 μαι
556 2861 721 2929 αὐτῇ,
765 2857 915 2926 λέγει
963 2857 1180 2927 Κύριος.
1213 2876 1231 2907 ›
1268 2855 1387 2909 ὀτι
1420 2853 1619 2917 τοίνυν,
1652 2853 1881 2924 ῥυπῶσά
1909 2870 1992 2918 τε,

415 2951 514 3002 καὶ
542 2951 655 3012 τοῖς
688 2951 752 3002 ὲκ
775 2947 1102 3016 φαυλότητος
1132 2946 1423 3016 μολυσμοῖς
1455 2942 1809 3013 πολυτρόπως
1837 2959 1996 3011 κεκη-

417 3039 706 3109 λιδωμένη,
739 3039 828 3090 καὶ
850 3037 1047 3107 πολλὴν
1077 3036 1273 3106 ἔχουσα
1299 3035 1408 3087 τῶν
1432 3033 1605 3100 ἁγίων
1642 3033 1741 3103 τὴν
1773 3032 1991 3096 σπάνιν,

419 3129 627 3199 Σόδομά
660 3145 720 3182 τε
767 3128 938 3199 αὐτὴν
972 3129 1065 3180 καὶ
1098 3127 1352 3197 Γομόρρα
1391 3123 1568 3186 καλεῖ,
1609 3122 1756 3186 λαοῖς
1799 3141 1856 3177 τε
1896 3124 1990 3177 καὶ

414 3220 757 3290 ἡγουμένοις,
778 3219 877 3287 τῆς
913 3216 1216 3285 Σοδομιτῶν
1243 3212 1586 3284 ἀκαθαρσίας
1619 3213 1871 3283 ἐπιφέρει
1899 3214 1990 3266 τὸν

417 3311 626 3381 μῶμον.
653 3309 717 3362 Τί
747 3310 802 3363 δὲ
827 3309 891 3378 δή
915 3308 1009 3362 καί
1040 3323 1203 3376 φησιν
1229 3323 1242 3370 ;
1275 3304 1544 3358 ἀκούσατε
1577 3302 1731 3370 λόγον
1767 3304 1993 3375 Κυρίου,

411 3403 670 3472 ἄρχοντες
712 3401 982 3471 Σοδόμων,
1032 3398 1326 3468 προσέχετε
1371 3397 1533 3466 νόμον
1566 3396 1700 3450 Θεοῦ
1740 3396 1867 3460 λαὸς
1902 3398 1998 3449 Γο-

415 3495 648 3566 μόρρας.
701 3491 1060 3561 Ἀνανήψατε,
1108 3491 1291 3558 φησὶν,
1336 3489 1529 3560 βραχύ,
1582 3491 1689 3545 Καὶ
1744 3491 1864 3551 ταῖς
1900 3486 1994 3540 τοῦ

414 3587 696 3654 πανσόφου
734 3582 978 3646 Μωσέως
1027 3583 1250 3650 φωναῖς,
1283 3582 1377 3650 τῆς
1408 3582 1617 3635 ἑαυτῶν
1639 3581 1878 3642 διανοίας
1904 3581 1996 3633 τὸν

413 3674 692 3744 ὀφθαλμὸν
734 3672 1016 3736 ἐνιδόντες,
1060 3671 1120 3722 τδ
1158 3670 1394 3741 Χριστοῦ
1442 3675 1617 3729 νοεῖτε
1673 3674 1988 3743 μυστήριον.

421 3768 563 3835 Ἔφη
588 3765 698 3836 γὰρ
717 3767 746 3818 6
774 3765 997 3833 Μωσῆς·
1033 3781 1052 3814 t
1079 3763 1199 3814 Ὅτι
1225 3763 1512 3833 προφήτην
1543 3764 1670 3832 ὑμῖν
1702 3764 1996 3832 ἀναστήσει

419 3859 615 3930 Κύριος
658 3858 687 3911 6
719 3856 852 3920 Θεὸς
886 3854 1038 3925 ὑμῶν
1079 3856 1143 3907 ὲκ
1175 3855 1283 3908 τῶν
1318 3855 1561 3923 ἀδελφῶν
1590 3854 1742 3925 ὑμῶν
1767 3855 1843 3917 ὼς
1873 3854 1993 3923 ἐμὲ·

417 3948 583 4004 αὐτοῦ
626 3946 925 4002 ἀκούσεσθε
969 3947 1112 4000 κατὰ
1153 3945 1335 4000 πάντα
1370 3947 1472 3999 ὅσα
1504 3945 1572 3999 ἂν
1607 3945 1818 4017 λαλήσῃ
1860 3944 1998 4013 πρὸς

417 4043 582 4110 ὑμᾶς.
619 4059 637 4092 t
680 4037 976 4092 Ἀκούσατε
1006 4037 1184 4090 τοίνυν
1234 4037 1389 4104 λόγον
1423 4036 1651 4108 Κυρίου,
1700 4035 1997 4104 προσέχετε

415 4135 507 4188 τὸν
551 4131 647 4186 τοῦ
688 4130 823 4185 Θεοῦ
859 4130 1061 4200 νόμονο
1093 4128 1234 4181 τοῦτ’
1269 4128 1408 4193 ἐστι,
1443 4129 1670 4197 νοήσατε
1707 4127 1802 4180 καὶ
1843 4126 1999 4179 αὐτοὶ

418 4225 530 4279 τῶν
574 4223 945 4294 εὐαγγελικῶν
990 4220 1377 4289 θεσπισμάτων
1416 4218 1514 4289 τὴν
1543 4218 1792 4287 δύναμιν.
1827 4216 1998 4270 Τοῦτο

419 4319 792 4389 προστέταχεν
817 4319 846 4370 6
866 4316 1092 4384 Μωσῆς·
1129 4312 1466 4380 παιδαγωγεῖ
1489 4311 1598 4381 γὰρ
1622 4311 1717 4363 ἐπὶ
1741 4310 1995 4378 Χριστὸν,

419 4413 514 4463 καὶ
558 4406 670 4461 τῶν
707 4406 948 4477 νομικῶν
983 4404 1369 4474 Θεσπισμάτων
1411 4401 1473 4453 τὸ
1507 4400 1680 4468 πέρας
1709 4400 1789 4462 εἰς
1818 4398 1878 4451 τὸ
1910 4398 1994 4451 ἐπ’

2097 1962 2310 2017 quoque
2350 1947 2453 2002 fuit
2484 1949 2597 2002 haec
2636 1948 2937 2003 Jerusalem
2968 1951 3177 2005 Domini
3221 1953 3578 2012 interfectrix,
3615 1955 3669 2005 in

2096 2054 2200 2109 qua
2234 2054 2428 2109 magna
2461 2052 2578 2093 erat
2612 2039 2884 2106 justorutn
2936 2042 3212 2094 hominum
3242 2045 3482 2109 penuria.
3530 2041 3667 2095 Nam

2095 2145 2217 2184 cum
2260 2145 2359 2199 pro
2390 2146 2450 2183 ea
2497 2129 2763 2186 Jcretnias
2810 2134 3072 2201 propheta
3123 2135 3484 2201 supplicaret,
3527 2134 3668 2189 dixit

2098 2219 2244 2273 Deus
2274 2237 2290 2273 :
2329 2239 2348 2270 ι
2382 2221 2815 2276 Circumcursate
2845 2224 2897 2276 in
2930 2223 3032 2276 viis
3058 2220 3359 2275 Jerusaleut
3387 2232 3441 2276 et
3464 2223 3661 2290 videte,
3702 2272 3703 2275 η

2095 2320 2149 2365 et
2196 2313 2542 2381 cognoscite,
2592 2326 2794 2380 perque
2845 2314 3049 2381 plateas
3096 2316 3213 2381 ejus
3261 2314 3586 2378 conquirite,
3620 2313 3667 2366 si

2093 2416 2255 2470 quem
2299 2404 2642 2469 comperiens
2679 2406 2886 2467 virum,
2933 2405 3021 2471 qui
3063 2403 3154 2474 jus
3202 2404 3366 2458 faciat
3404 2414 3459 2457 et
3507 2403 3667 2457 tidem

2094 2500 2335 2558 qumrat,
2380 2501 2435 2545 et
2484 2493 2750 2559 propitius
2793 2507 2888 2546 ero
2935 2492 3032 2554 illi,
3070 2493 3199 2547 dicit
3244 2494 3500 2548 Dominus
3541 2493 3606 2546 ".
3640 2511 3661 2546 ι

2093 2581 2230 2648 Quia
2249 2590 2392 2652 ergo
2422 2583 2700 2650 inquinata
2734 2595 2900 2643 esset.
2930 2594 2983 2637 et
3019 2586 3070 2636 itt
3115 2586 3380 2639 scelerum
3419 2585 3668 2639 sordzbns

2095 2674 2446 2727 multifariam
2493 2673 2752 2737 volutata,
2785 2690 3087 2745 magnaque
3133 2676 3401 2731 laboraret
3444 2687 3667 2731 sancto-

2097 2779 2216 2818 rum
2250 2765 2449 2833 inopia,
2483 2763 2777 2819 Sodomant
2809 2777 2962 2820 vocat
3000 2782 3153 2828 eam,
3194 2777 3248 2820 ct
3287 2768 3665 2835 Gotuorrltsm,

2093 2865 2149 2908 et
2182 2870 2304 2908 cum
2348 2857 2541 2923 populo
2572 2867 2683 2908 tuttt
2721 2857 3056 2924 principibus
3097 2858 3441 2912 Suduuiitica:
3488 2860 3668 2926 impu-

2097 2945 2271 2999 ritatis
2313 2946 2487 2999 labem
2522 2948 2781 3014 aspergit.
2816 2948 2958 3012 Quid
2992 2951 3135 3001 enim
3166 2951 3282 3002 ait?
3325 2951 3516 3004 Audue
3549 2967 3670 3004 ver-

2097 3035 2223 3089 bum
2263 3036 2496 3096 Domini,
2536 3038 2805 3103 principes
2838 3037 3218 3092 Sodomorum.
3250 3045 3465 3092 attende
3499 3042 3668 3107 legem

2100 3129 2211 3190 Dei,
2241 3127 2434 3194 popule
2461 3126 2796 3181 (‘mntorrlta
2831 3127 3110 3195 Evigilate.
3137 3130 3333 3196 inqttit,
3360 3145 3668 3199 parumper,

2095 3230 2147 3272 et
2194 3217 2580 3284 sapientissimi
2623 3216 2788 3270 Musis
2823 3218 3000 3271 rerliis
3039 3219 3194 3271 oenlo
3240 3223 3437 3272 utentis
3478 3234 3670 3277 vestr-.e

2097 3310 2323 3373 intento,
2357 3309 2557 3361 (lltristi
2593 3311 2907 3377 mysterium
2950 3310 3254 3377 intclligite.
3308 3313 3447 3365 Dixit
3473 3316 3670 3381 quippe

2097 3401 2270 3456 Moses
2305 3420 2317 3454 :
2357 3419 2376 3451 ι
2413 3401 2738 3467 l’mplietatn
2765 3403 3026 3456 excitabit
3053 3406 3203 3457 thills
3243 3404 3502 3460 Dominus
3530 3408 3669 3460 Dens

2092 3504 2277 3546 Vester
2360 3506 2425 3546 ex
2474 3493 2732 3547 fratribus
2782 3497 2977 3548 vestris
3025 3495 3253 3549 similem
3314 3499 3438 3550 ntei.
3491 3498 3666 3563 Ipsum

2095 3586 2331 3639 audietis
2362 3586 2414 3639 iu
2445 3589 2697 3640 omnibus
2730 3602 3063 3656 quaecunque
3112 3589 3324 3642 locutus
3365 3588 3524 3643 fuerit
3575 3606 3669 3644 νο-

2095 3677 2178 3731 bis
2223 3678 2363 3730 ⁸⁸·²⁹.
2395 3696 2413 3728 i
2446 3679 2640 3734 Audite
2681 3681 2842 3748 igitur
2879 3682 3097 3736 verbum
3137 3682 3368 3747 Domini,
3406 3687 3669 3741 attendite

2097 3767 2268 3838 legem
2300 3767 2414 3832 Dei,
2458 3771 2641 3833 idest,
2689 3770 2972 3839 intelligite
3004 3774 3164 3825 etiam
3210 3775 3418 3843 ipsitttel
3464 3777 3670 3844 angeli-

2098 3875 2285 3912 corum
2315 3861 2658 3915 oraculorum
2686 3865 2815 3916 vim.
2851 3863 2958 3915 Hoc
2988 3862 3161 3918 Muses
3189 3868 3460 3934 pra'cepit,
3489 3868 3662 3933 pretia-

2094 3964 2262 4019 gogus
2295 3952 2439 4005 enim
2471 3963 2552 4005 est
2588 3951 2654 4006 ad
2683 3953 2991 4016 Christum,
3026 3966 3079 4007 et
3111 3956 3232 4008 linis
3267 3957 3512 4022 legalium
3543 3973 3669 4010 ora-

2097 4040 2338 4092 culururu
2372 4043 2625 4109 'pertinet
2669 4043 2736 4094 ad
2784 4043 2882 4095 ltoc
2910 4043 2977 4096 de
3014 4044 3101 4094 illo
3134 4045 3473 4112 mysterium.
3577 4046 3668 4099 Vel

2097 4131 2267 4201 legem
2309 4132 2428 4198 Dei,
2467 4133 2939 4200 reprehensionem
2974 4135 3101 4185 dicit
3128 4134 3226 4200 (l).
3309 4133 3505 4189 Verum
3549 4139 3668 4190 exi-

2096 4224 2350 4284 stimatis.
2389 4224 2584 4290 inquit,
2615 4237 2710 4275 vos
2746 4222 2967 4289 pulchre
2991 4222 3204 4290 placere
3235 4225 3360 4291 Deo,
3395 4230 3536 4298 quod
3566 4227 3671 4299 ιε,

2100 4315 2276 4384 typiea
2311 4323 2365 4366 et
2400 4312 2698 4365 umbratica
2738 4311 2965 4376 implere
2995 4315 3279 4370 studentis.
3321 4316 3517 4370 Audite
3547 4334 3669 4371 eum

2099 4404 2408 4468 loquentem
2466 4401 2743 4468 antiquam
2800 4401 3006 4470 legem,
3061 4405 3319 4473 cultisque
3374 4407 3669 4471 dicentem,

420 4499 569 4568 αὐτῷ
606 4498 790 4569 βλέπε-ι
822 4497 1140 4566 μυστήριον.
1184 4492 1323 4546 Ἀλλ’
1348 4491 1550 4555 οίεσθε,
1588 4490 1773 4558 φησὶν,
1804 4489 1992 4560 εὐαρε-

2096 4492 2365 4560 Quorsutn
2401 4494 2532 4545 tttilti
2569 4493 2854 4548 multitudo
2888 4495 3284 4549 sacrificiorum
3328 4497 3671 4550 vestrm-um?

425 4592 565 4641 στεῖν
597 4588 675 4659 τῷ
699 4588 839 4657 Θεῷ,
869 4586 957 4639 διὰ
989 4584 1085 4639 τοῦ
1121 4583 1363 4654 πληροῦν
1394 4581 1599 4637 ἐθέλειν
1624 4579 1693 4635 τὰ
1720 4582 1779 4633 ἐν
1803 4579 1997 4642 τύποις

423 4682 518 4733 καὶ
558 4683 754 4743 σκιαῖς.
806 4678 1103 4733 ’Δκούσατε
1139 4676 1388 4744 λέγοντος
1423 4673 1514 4728 τοῦ
1544 4674 1638 4728 καὶ
1673 4673 1837 4728 αὐτὸν
1868 4672 1996 4742 ὑμῖν

420 4771 516 4824 τὸν
547 4770 712 4823 πάλαι
742 4770 1071 4840 λαλήσαντος
1104 4768 1284 4836 νόμον.
1322 4765 1388 4819 Τί
1416 4781 1508 4833 μοι
1540 4763 1741 4834 ’ὑιῆίιος
1768 4762 1876 4816 τῶν
1904 4761 1997 4814 θυρ-

425 4863 557 4916 σιῶν
595 4861 765 4931 ὑμῶν,
794 4861 939 4928 λέγει
969 4859 1189 4929 Κύριος.
1225 4857 1445 4926 Πλήρης
1482 4856 1617 4925 είμί.
1664 4855 1726 4909 E1
1761 4855 1859 4922 μὲν
1886 4852 1995 4923 γὰρ

419 4954 497 5016 ὡς
524 4951 765 5022 δεομένῳ
800 4949 1127 5022 προσάγετε,
1153 4945 1501 5016 πεπλάνησθε
1525 4944 1618 4998 τοῦ
1648 4944 1878 5005 εἰκότος,
1908 4959 1995 4994 σοι

421 5044 522 5112 φοῦ
560 5061 621 5096 τε
664 5043 759 5095 καὶ
791 5040 1024 5109 ἀληθοῦς
1062 5038 1473 5110 διημαρτήκατε
1512 5034 1794 5104 λογισμοῦ.
1830 5033 1997 5087 Ἐνδεῖ

423 5135 529 5205 γάρ
571 5135 706 5196 ὅλως
747 5132 901 5186 οὐδὲν
937 5133 1004 5201 τῇ
1044 5129 1114 5183 τά
1162 5129 1343 5185 πάντα
1391 5126 1678 5199 πληρούση
1701 5126 1880 5194 φύσει,
1914 5126 1995 5178 ὅτι

421 5226 586 5295 αὐτῆς
605 5223 673 5278 τά
694 5223 893 5285 πάντα,
919 5224 1016 5278 καὶ
1040 5223 1171 5289 παρ’
1193 5221 1364 5290 αὐτῆς
1382 5221 1496 5282 τοῖς
1519 5217 1720 5280 ἄλλοις.
1756 5234 1776 5266 ι
1804 5215 1868 5268 Τί
1889 5215 1997 5286 γὰρ

421 5316 561 5384 ἔχεις
601 5315 632 5369 δ
674 5315 774 5368 οὐκ
801 5311 1074 5380 Magn
1114 5314 1317 5381 πρέποι
1356 5311 1425 5364 ἂν
1455 5308 1709 5376 λέγεσθαι
1737 5308 1803 5377 τῇ
1837 5306 1997 5373 φύσει

421 5409 612 5462 κτίσει.
668 5407 888 5478 ’Δπέχω
937 5403 1049 5475 γὰρ
1091 5404 1206 5466 νῦν,
1245 5401 1434 5472 φησιν,
1474 5401 1567 5459 καὶ
1605 5398 1994 5470 πεπλήρωμαι,

421 5502 511 5554 καὶ
535 5501 636 5554 οὐκ
655 5500 718 5555 ἂν
740 5501 965 5572 ἑλοίμην
989 5500 1072 5553 ἔτι
1101 5499 1198 5562 τὰς
1222 5497 1353 5568 παρ’
1376 5495 1556 5551 αὐτῶν
1586 5495 1797 5558 θυσίας.
1847 5495 1996 5565 Ὀνή-

2102 4586 2227 4639 dicit
2255 4585 2533 4639 Dominus.
2569 4584 2764 4639 Plenus
2794 4604 2934 4639 sunt.
2973 4589 3104 4642 Nam
3135 4591 3177 4638 si
3213 4599 3465 4651 tanquam
3490 4590 3669 4650 egenti

2098 4673 2324 4736 oﬂ‘ertis.
2361 4673 2474 4740 jam
2519 4675 2586 4730 ab
2619 4676 2801 4729 efﬁcio
2837 4678 3158 4738 ret-eSsistis,
3189 4688 3245 4731 et
3271 4696 3298 4728 a
3328 4679 3668 4730 considerant

2095 4779 2330 4834 veraque
2396 4767 2607 4820 ratione
2659 4767 2977 4822 aberrastis.
3037 4766 3270 4821 Omnino
3325 4770 3472 4820 cnim
3535 4768 3671 4822 nihil

2097 4854 2248 4908 deest
2297 4855 2345 4908 ei
2395 4865 2634 4922 naturae,
2672 4872 2794 4926 quae
2842 4859 3074 4923 complet
3123 4857 3330 4922 omnia,
3381 4860 3503 4925 quia
3555 4861 3670 4926 ejus

2094 4956 2224 5001 sunt
2248 4947 2454 5010 omnia,
2477 4957 2534 5001 et
2554 4948 2621 5001 ab
2643 4962 2707 5001 ea
2741 4947 2859 5000 aliis
2891 4948 3284 5015 suppeditatur.
3313 4968 3333 5000 ι
3359 4949 3499 5015 Quid
3524 4951 3668 5004 enim

2095 5037 2286 5102 babes,
2318 5039 2464 5105 quod
2495 5052 2601 5090 non
2632 5037 2928 5104 accepisti!
2953 5037 2999 5068 ³⁸
3028 5056 3048 5089 ι
3086 5037 3145 5093 ω
3174 5041 3314 5094 enim
3344 5040 3541 5092 merito
3564 5039 3668 5092 diol

2094 5129 2299 5195 poterit
2343 5137 2625 5182 creatum.
2671 5125 2910 5182 Fastidio
2959 5129 3104 5182 enim
3152 5143 3314 5192 nunc,
3369 5128 3566 5196 inquit,
3612 5137 3671 5182 et

2099 5219 2287 5288 plenus
2336 5234 2457 5274 sum
2491 5234 2506 5272 :
2535 5232 2635 5273 nec
2680 5234 2933 5288 cupenem
2981 5220 3048 5273 ab
3100 5220 3204 5277 illis
3248 5220 3515 5275 sacriﬁcia
3555 5232 3670 5271 am-

2098 5309 2262 5377 plius.
2291 5306 2474 5374 Quid?
2504 5309 2590 5363 dic
2617 5310 2770 5374 mihi,
2803 5309 2999 5378 ecquid
3026 5309 3267 5379 proderit
3302 5307 3670 5362 universitatis

2107 5401 2212 5454 Deo
2256 5401 2399 5456 aries
2444 5400 2820 5459 Sanctiﬁcatus?
2862 5399 3071 5468 Ecquid
3117 5398 3359 5468 proderit
3407 5410 3668 5466 agnorunt

2100 5490 2302 5560 adeps?
2322 5492 2385 5546 Et
2407 5493 2452 5548 si
2483 5503 2759 5549 taurorum
2783 5501 2837 5546 et
2861 5493 3130 5547 hircorum
3151 5490 3666 5564 songuisutferatur,

491 5653 536 5684 “
584 5651 718 5707 Gen.
755 5669 911 5716 xrttt,
960 5652 1051 5707 9.5.
1132 5649 1402 5705 "Jerem.
1434 5667 1487 5716 ν,
1513 5651 1566 5705 l.
1641 5650 1772 5722 ”"’_
1811 5649 1969 5704 Deut.
2010 5664 2163 5715 xvnt,
2201 5650 2286 5703 l5.
2365 5650 2408 5682 ⁸⁸
2437 5652 2453 5704 ι
2484 5649 2610 5704 Cor.
2654 5666 2728 5717 ιν,
2762 5650 2815 5703 7.

488 5791 561 5859 (ι)
601 5791 797 5846 Desunt
835 5793 949 5848 haec
986 5790 1144 5847 verba
1184 5790 1234 5843 in
1269 5787 1456 5843 εἶτ-ωσι)
1487 5789 1606 5842 ccd.
