4132 6316
435 372 502 426 35
1073 411 1096 422 ρ
1426 366 1483 423 S.
1526 366 1801 423 CYRILLI
1843 363 2310 421 ALEXANDRIM
2348 366 2667 422 ARCI‘HEP.
3616 370 3684 421 3ιῦ

443 501 604 556 quam
635 484 961 552 voluptatem
990 497 1054 538 ex
1086 481 1200 537 istis
1227 493 1445 550 caperet
1475 484 1650 537 Deus?
1678 482 1808 548 Quis
1834 481 2005 549 exegit

2113 496 2194 533 σει
2239 480 2347 552 γάρ
2386 482 2554 546 ὅπως,
2596 481 2714 533 είπὲ
2749 497 2858 550 μοι,
2897 479 2987 532 τὸν
3031 478 3139 532 τῶν
3181 478 3316 533 ὅλων
3362 480 3492 534 Θεὸν
3533 484 3684 552 κριὸς

440 579 554 632 Ιιιεο
587 578 652 630 de
711 575 954 629 manilius
983 574 1216 628 vestris?
1256 574 1363 627 Etsi
1399 575 1539 626 enim
1585 573 1759 626 Moses
1797 572 2006 624 locutus

435 681 522 725 est
564 670 630 723 de
675 667 908 721 victimis
957 674 1009 718 cl
1046 665 1268 730 hostiis,
1307 680 1369 720 ea
1419 675 1598 717 tamen
1645 663 1822 717 cultus
1871 661 2007 714 ratio

436 763 735 832 antiquitus
769 761 876 814 Deo
912 759 1130 812 minime
1163 757 1260 811 fuit
1297 767 1537 824 accepta.
1578 755 1847 809 Nimirum
1881 757 2004 822 quia

437 871 531 923 per
563 858 784 921 lignram
815 862 867 906 et
892 853 1136 905 umbram
1168 851 1234 902 ad
1266 850 1546 901 veritatem
1589 849 1792 900 ermliri
1844 863 2005 914 opor-

437 947 602 1010 tebat,
635 944 821 1011 legalia
849 942 1139 996 constituta
1175 953 1301 993 sunt
1333 955 1506 1009 usque
1550 940 1615 992 ad
1660 949 1870 1007 tempus
1916 940 2003 991 in-

434 1035 803 1095 staurationis.
845 1047 941 1086 nec
987 1033 1058 1085 ita
1107 1040 1282 1083 tamen
1325 1030 1648 1093 constituta,
1691 1030 1842 1098 quasi
1881 1043 2005 1081 vere

434 1125 542 1179 Deo
585 1136 755 1191 grata.
809 1123 916 1177 Nec
964 1122 1184 1176 omnino
1228 1133 1282 1175 et
1326 1121 1568 1175 absolute
1613 1123 1679 1174 de
1725 1120 2004 1174 sacriﬁciis

431 1215 691 1285 legalibus
733 1224 816 1268 est
867 1215 1080 1267 locutus
1115 1231 1128 1266 :
1162 1221 1216 1263 at
1261 1212 1383 1280 quia
1428 1212 1639 1264 inﬁrma
1688 1227 1840 1264 mens
1887 1221 2004 1263 erat

439 1320 650 1365 eorum,
684 1305 773 1372 qui
824 1305 972 1357 hisce
1023 1305 1340 1356 rudimentis
1389 1313 1514 1355 tunc
1566 1302 2001 1364 instituebantur,

434 1409 530 1462 per
557 1405 740 1464 typum
768 1403 823 1447 et
855 1393 1098 1446 umbram
1129 1394 1194 1446 ad
1227 1393 1506 1446 veritatem
1531 1393 1682 1460 quasi
1716 1407 1874 1444 manu
1903 1393 2003 1444 dn-

434 1485 718 1538 cehantur.
777 1482 881 1537 Sed
926 1485 1250 1536 adventante
1295 1493 1565 1550 tempore,
1613 1497 1720 1552 quo
1759 1483 2003 1534 veritatis

433 1575 882 1644 pulchritudinem
927 1575 1206 1642 oportebat
1244 1575 1566 1635 enitescere,
1619 1584 1772 1642 typus
1818 1573 2003 1627 irritus

432 1675 538 1729 est,
573 1665 759 1718 umbra
810 1665 1032 1717 inutilis.
1070 1665 1194 1719 ldeo
1225 1666 1302 1717 ait
1332 1687 1344 1720 :
1371 1664 1592 1719 Calcare
1619 1667 1752 1718 atria
1784 1681 1897 1718 mea
1935 1680 2003 1720 ne

434 1755 806 1823 perrexeritis.
853 1755 908 1808 Si
955 1755 1263 1809 obtuleritis
1298 1755 1678 1823 similaginem,
1711 1757 1871 1809 inane
1914 1757 1999 1809 in—

2105 571 2592 643 ὼλοκαυτωμένος;
2625 572 2677 624 τί
2705 572 2759 625 δὲ
2790 571 2849 624 τὸ
2887 571 2994 624 τῶν
3025 572 3203 642 ἀρνῶν
3238 573 3359 642 ἥσει
3398 575 3594 646 στέαρ;
3634 578 3682 630 εί

2104 661 2160 712 δὲ
2180 662 2244 732 δὴ
2269 663 2363 714 καὶ
2391 662 2608 734 τράγων
2630 662 2721 714 καὶ
2749 658 2962 732 ταύρων
2988 657 3125 732 αἷμα
3159 663 3533 732 προσφέροιτο,
3569 664 3684 728 πῶς

2105 751 2299 820 ἡσθείη
2332 752 2421 805 διὰ
2445 752 2602 804 τοῦτο
2639 751 2804 816 Θεός;
2839 751 2920 813 τίς
2956 751 3065 820 γὰρ
3093 751 3383 822 ἐξεζήτησε
3416 752 3588 805 ταῦτα
3617 754 3681 806 ἐκ

2103 841 2213 894 τῶν
2248 842 2446 910 χειρῶν
2477 842 2668 910 ὑμῶνς
2713 843 2762 894 εί
2804 841 2912 909 γὰρ
2943 841 3037 895 καὶ
3081 843 3377 911 λελάληκεν
3414 846 3442 897 ὁ
3476 846 3681 914 Μωσῆς

2105 933 2230 1000 περὶ
2261 933 2720 999 ὁλοκαυτωμάτων
2758 933 2852 984 καὶ
2888 933 3106 992 θυσιῶν,
3147 933 3260 985 ἀλλ’
3287 931 3352 1004 ἦν
3384 936 3475 987 καὶ
3510 935 3681 988 πάλαι

2103 1022 2202 1090 τῆς
2249 1023 2459 1075 τοιᾶσδε
2503 1022 2756 1091 λατρείας
2795 1023 2823 1073 ὁ
2863 1022 3061 1091 τρόπος
3097 1023 3396 1093 ἀϐούλητος
3424 1025 3502 1093 τῷ
3531 1026 3674 1094 Θεῷ.

2117 1111 2330 1180 Ἐπειδὴ
2378 1112 2435 1164 δὲ
2473 1111 2561 1165 διὰ
2596 1111 2767 1164 τύπου
2811 1111 2904 1163 καὶ
2947 1112 3101 1174 σκιᾶς
3151 1113 3513 1180 παιδαγωγεῖν
3571 1115 3682 1166 ἔδει

2105 1197 2242 1268 πρὸς
2272 1197 2724 1268 ἀλήθειαν.μέχρι
2753 1198 2948 1269 καιροῦ
2983 1197 3319 1268 διορθώσεως
3345 1201 3580 1254 τέθειται
3611 1203 3679 1255 τὰ

2104 1287 2162 1338 ὲν
2183 1289 2350 1356 νόμῳ,
2387 1285 2580 1340 ούκοῦν
2611 1289 2734 1342 ὅσον
2765 1285 2898 1360 ἦκεν
2924 1289 3002 1350 είς
3028 1307 3091 1356 γε
3118 1289 3176 1340 τὸ
3203 1289 3398 1358 ἀληθὲς
3421 1294 3678 1360 ἀρέσκειν

2103 1379 2181 1448 τῷ
2210 1379 2350 1448 Θεῷο
2387 1379 2492 1430 οὐδ’
2525 1379 2589 1431 ἂν
2620 1380 2754 1444 ὅλως
2782 1380 3006 1450 ἐλάλησε
3037 1381 3162 1452 περί¹
3191 1381 3388 1433 θυσιῶν
3411 1383 3516 1434 τῶν
3541 1383 3679 1436 κατᾶ

2104 1469 2285 1537 νόμον.
2330 1469 2545 1539 Ἐπειδὴ
2570 1470 2624 1521 δὲ
2655 1472 2761 1524 τῶν
2786 1473 2846 1524 τὸ
2868 1473 3120 1541 τηνικάδε
3153 1473 3496 1540 παιδαγωγου
3506 1475 3680 1542 μένων

2103 1560 2334 1631 ἀσθενὴς
2366 1556 2433 1630 ἦν
2477 1562 2505 1613 ὁ
2545 1560 2688 1624 νοῦς,
2729 1563 3202 1632 κεχειραγώγηντο
3243 1564 3331 1616 διὰ
3373 1563 3543 1616 τύπου
3587 1565 3682 1617 καὶ

2103 1651 2201 1720 τῆς
2238 1651 2377 1703 κατὰ
2405 1651 2464 1704 τὸ
2488 1651 2722 1722 γράμμα
2751 1655 2907 1715 σκιᾶς
2936 1655 3012 1716 είς
3037 1653 3318 1724 ἀλήθειαν.
3363 1656 3678 1724 Ἐνεστηκό-

2104 1759 2194 1804 τος
2218 1743 2275 1794 δὲ
2304 1742 2398 1794 τοῦ
2432 1746 2646 1812 καιροῦ,
2677 1744 2796 1795 καθ’
2823 1744 2880 1796 ὃν
2909 1743 3016 1796 ἔδει
3041 1744 3101 1796 τὸ
3135 1743 3316 1798 λοιπὸν
3343 1745 3401 1797 τὸ
3431 1747 3528 1814 τῆς
3553 1745 3682 1814 ἁλην-

434 1859 656 1899 Censum
688 1855 792 1908 est,
821 1846 1152 1899 ahominatio
1186 1847 1316 1900 mihi
1350 1857 1454 1900 est.
1491 1846 1600 1900 Nos
1630 1847 1773 1900 enim
1809 1848 1910 1901 [ide
1951 1847 2003 1901 in

2109 1834 2258 1895 Θείας
2306 1833 2656 1902 ἐκφαίνεσθαι
2690 1834 2903 1896 κάλλος,
2933 1835 3182 1905 περιττὸς
3211 1838 3238 1888 ὁ
3269 1836 3456 1898 τύπος,
3493 1837 3684 1906 ἀνόνη-

433 1931 706 1986 Christum
737 1934 1006 1996 illustrati,
1041 1936 1351 2001 spirituales
1391 1936 1598 1989 hostias
1631 1937 1745 1992 Deo
1779 1938 2009 1992 offeren-

439 2025 540 2082 tes,
571 2029 756 2072 sancta
790 2021 908 2087 ejus
934 2021 1217 2090 implcmus
1246 2025 1406 2086 atria,
1441 2025 1691 2078 nimirum
1725 2027 2002 2082 ecclesias.

435 2107 685 2163 Christus
736 2120 913 2163 autem
969 2113 1022 2164 in
1066 2113 1314 2167 ecclesiis
1359 2115 1562 2169 Judaici
1613 2117 1791 2172 cultus
1845 2119 2004 2173 ritum

437 2199 657 2251 minime
687 2199 895 2268 recipit.
933 2198 1066 2253 Nam
1099 2203 1190 2270 qui
1240 2203 1595 2273 similaginem
1623 2205 1743 2259 oleo
1770 2222 2007 2261 macera-

438 2299 547 2344 tam
574 2300 627 2344 et
666 2292 943 2347 incensum
971 2295 1170 2348 cadens
1199 2296 1301 2350 sub
1329 2311 1547 2352 sensum
1580 2297 1774 2353 oﬂ'erre
1803 2301 2003 2364 volent,

437 2383 743 2452 neutiquam
778 2385 1150 2442 admittentur.
1180 2387 1521 2442 Meminimus
1549 2391 1693 2443 enim
1727 2392 1793 2444 de
1828 2405 1895 2445 eo
1927 2391 2007 2446 lo-

433 2482 616 2524 cutum
667 2487 788 2525 esse
833 2472 1042 2527 Deum:
1078 2474 1420 2528 Abominatio
1465 2486 1546 2528 est
1599 2477 1753 2529 mihi.
1798 2476 1862 2528 Et
1909 2491 2007 2530 nos

432 2563 650 2629 quidem
685 2572 830 2616 certe
861 2575 1204 2616 sacrosancta
1238 2564 1288 2616 in
1325 2565 1544 2618 Christo
1585 2564 1719 2618 festa
1763 2565 2008 2620 celebra-

443 2667 584 2705 mus.
619 2652 688 2704 At
722 2651 890 2705 Judaei
918 2669 945 2704 a
979 2654 1172 2722 typicis
1201 2655 1682 2720 significationibus
1720 2671 1824 2708 non
1857 2671 2009 2710 rece-

435 2743 648 2804 dentes,
690 2744 740 2795 in
790 2742 1098 2799 Neomeniis
1138 2744 1292 2796 tubas
1328 2743 1534 2809 inﬂant,
1581 2747 1720 2798 diem
1758 2744 2008 2798 feriatum

437 2843 629 2901 putant
663 2849 784 2888 esse
815 2834 1130 2901 Sabbatum,
1159 2845 1213 2888 et
1241 2834 1381 2888 diem
1409 2851 1528 2904 quae
1568 2851 1756 2902 magna
1787 2837 2004 2901 dicitur,

435 2926 638 2980 colunt.
665 2926 741 2979 Ea
770 2941 898 2979 vero
923 2937 1005 2980 est
1031 2925 1178 2989 festi,
1210 2928 1350 2995 quod
1384 2926 1854 2980 tabernaculorum
1881 2927 2008 2980 [ixio

437 3027 684 3082 vocatur,
714 3017 832 3072 dies
858 3026 1120 3072 extrema.
1142 3017 1368 3072 Etiamsi
1401 3019 1505 3072 Deo
1522 3018 1788 3086 jejnnent,
1815 3020 2007 3088 pugnis

439 3109 714 3163 humiliter
744 3125 802 3164 se
835 3111 1141 3164 verberant.
1183 3111 1541 3177 Quamobrem
1574 3113 1798 3165 audiant
1831 3113 2004 3179 ipsum

436 3200 704 3256 dicentem
736 3217 750 3254 :
786 3202 886 3271 15
925 3203 1082 3256 Festa
1119 3213 1298 3256 vestra
1339 3205 1452 3257 odit
1484 3204 1662 3256 anima
1693 3219 1831 3257 mea.
1882 3203 2007 3258 Haec

442 3301 621 3346 autem
679 3293 992 3367 dit-it,.qtto
1035 3308 1063 3345 a
1111 3293 1247 3363 typis
1293 3294 1358 3345 ad
1405 3293 1686 3346 veritatem
1742 3295 2002 3359 traducat,

433 3383 864 3452 persuadeatquc
912 3395 970 3437 ut
995 3383 1197 3437 Christi
1236 3384 1470 3437 oraculis
1501 3384 1770 3438 cervicem
1814 3387 2009 3440 mentis

437 3484 775 3541 supponunt,
818 3484 869 3528 ut
923 3475 1202 3529 nobiscum
1256 3475 1568 3545 erangelice
1617 3488 1918 3540 versentur,
1955 3487 2011 3530 et

433 3564 703 3618 suavitate
750 3565 972 3617 odorum
1029 3564 1352 3634 spiritalium
1412 3565 1574 3619 Deum
1616 3569 2006 3635 permulceant,

438 3656 706 3725 quasique
733 3657 1026 3725 thymiama
1061 3657 1339 3725 spirituale
1365 3657 1414 3712 ei
1450 3667 1768 3712 consecrent
1794 3673 2002 3713 morum

439 3746 793 3807 modestiam,
827 3748 1178 3812 charitatem,
1212 3759 1450 3801 mutuum
1483 3764 1751 3812 amorem,
1799 3751 2006 3818 patien—

439 3838 593 3902 tiam,
632 3839 1064 3906 temperantiam,
1094 3849 1147 3892 et
1175 3850 1302 3893 ante
1335 3840 1464 3903 alia,
1487 3839 1666 3895 ﬁdem.
1699 3841 1792 3895 His
1815 3843 2008 3896 hostiis

437 3931 682 3998 placatur
707 3930 869 3995 Deus,
894 3943 946 3986 et
968 3932 1402 4000 evangelicorum
1432 3934 1810 3989 vaticiniorum
1835 3936 2006 3992 virtus

437 4022 518 4076 his
548 4023 880 4078 ornamentis
911 4035 1135 4078 coronat
1165 4025 1465 4079 credentes.

2108 1943 2198 1989 τος
2243 1927 2276 1995 ἡ
2302 1925 2450 1978 σκιά.
2491 1924 2673 1995 Ταύτῃ
2694 1941 2776 1977 τοι
2810 1926 2992 1995 φησὶν,
3020 1926 3100 1978 ὅτι
3127 1926 3318 1978 Πατεῖν
3342 1927 3439 1998 τὴν
3471 1929 3684 1982 αὺλῶνά

2111 2034 2211 2086 μου
2247 2018 2307 2068 οὐ
2350 2017 2744 2088 προσθήσεσθε.
2792 2019 2918 2070 Ἐάν
2957 2017 3194 2088 φέρησθε
3237 2019 3534 2086 σεμίδαλιν,
3584 2022 3684 2089 μά-

2107 2124 2255 2160 ταιον
2283 2108 2555 2177 θυμίαμα,
2589 2108 2863 2177 βδέλυγμά
2887 2109 2978 2178 μοί
3014 2111 3180 2163 ἐστιν.
3224 2110 3414 2178 Ἡμεῖς
3445 2111 3541 2178 μὲν
3575 2112 3685 2179 γὰρ

2107 2199 2156 2250 oi
2221 2199 2402 2250 πίστει
2453 2201 2518 2268 τῇ
2562 2200 2637 2260 εἰς
2686 2199 2918 2269 Χριστὸν
2972 2199 3531 2272 ὲκλελαμπρυσμένοι,
3585 2203 3683 2264 τὰς

2108 2289 2482 2359 πνευματικὰς
2529 2288 2717 2350 θυσίας
2763 2290 3221 2359 προσκομιοῦντες
3265 2291 3342 2360 τῷ
3387 2291 3528 2362 Θεῷ,
3586 2293 3684 2354 τὰς

2107 2380 2270 2448 ἁγίας
2309 2379 2472 2433 αὑτοῦ
2524 2380 2839 2451 πληροῦμεν
2886 2380 3072 2441 αὐλὰς,
3119 2383 3263 2433 τοῦτ’
3297 2383 3442 2434 ἔστιν
3486 2383 3683 2453 ἐκκλη-

2109 2473 2248 2532 σίας.
2306 2472 2704 2542 Ἀπαράδεκτος
2758 2472 2813 2524 δὲ
2861 2471 3013 2541 παρὰ
3046 2472 3283 2542 Χριστοῦ
3323 2473 3596 2535 παντελῶς
3628 2475 3684 2524 ἐν

2107 2565 2424 2632 ἐκκλησίαις
2453 2567 2549 2635 τῆς
2589 2565 2882 2632 Ἰουδαϊκῆς
2911 2564 3168 2634 λατρείας
3199 2567 3227 2617 ὁ
3255 2565 3470 2634 τρόπος.
3502 2564 3686 2618 Είσδεο

2108 2655 2283 2723 χθεῖεν
2309 2657 2418 2724 γάρ
2457 2657 2522 2707 ἂν
2558 2655 2761 2723 ἣκιστά
2801 2672 2862 2722 γε
2903 2655 3178 2724 σεμίδαλιν
3207 2655 3560 2718 ἐλαιόδευτον,
3592 2656 3688 2707 καὶ

2107 2745 2168 2795 τὸ
2208 2743 2460 2810 αἰσθητὸν
2505 2743 2756 2812 θυμίαμα
2793 2745 3087 2814 προσάγειν
3122 2744 3417 2808 ἐθέλοντες.
3461 2745 3688 2812 Μεμνὴ-

2113 2835 2249 2904 μεθα
2280 2833 2388 2903 γὰρ
2434 2833 2566 2884 Θεοῦ
2611 2835 2855 2901 λέγοντος
2893 2838 3018 2906 περὶ
3060 2837 3243 2889 αὐτοῦ’
3289 2836 3568 2903 Βδέλυγμά
3597 2836 3685 2905 μοί

2109 2927 2275 2977 ἐστιν.
2307 2924 2415 2978 Καὶ
2436 2926 2595 2994 ἡμεῖς
2622 2925 2720 2993 μὲν
2754 2925 2847 2985 τὰς
2879 2927 3035 2992 ἁγίας
3067 2928 3158 2979 ἐπὶ
3189 2927 3405 2996 Χριστῷ
3429 2926 3686 2996 τελοῦμεν

2109 3017 2319 3088 ἑορτάς.
2363 3016 2604 3069 Ἰουδαῖοί
2634 3034 2696 3084 γε
2737 3017 2842 3088 μὴν
2869 3017 2976 3070 τῶν
3016 3018 3074 3068 ἐν
3103 3019 3296 3079 τύποις
3333 3020 3433 3070 οὐκ
3476 3017 3688 3082 ἐξιστά-

2113 3127 2282 3180 μενοι,
2347 3109 2695 3172 σαλπίζουσιν
2758 3111 2817 3161 ὲν
2881 3109 3189 3178 Νεομηνίας
3256 3110 3458 3178 ἡμέρᾳ,
3519 3108 3688 3178 ἀργὸν

2110 3201 2367 3270 ἡγοῦνται
2401 3200 2459 3251 τὸ
2491 3199 2783 3264 Σάϐϐατον,
2819 3200 2912 3251 καὶ
2947 3201 3042 3268 τὴν
3077 3199 3415 3268 καλουμένην
3449 3198 3688 3268 μεγάλην

2108 3291 2342 3362 τιμῶσιν
2374 3293 2609 3361 ἡμέραν.
2644 3291 2798 3342 Ἔστι
2830 3290 2890 3344 δὲ
2927 3290 3064 3359 αῦτη
3099 3291 3194 3358 τῆς
3233 3293 3422 3360 ἑορτῆς
3456 3291 3552 3359 τῆς
3593 3307 3691 3342 κα-

2109 3383 2376 3454 λουμένης
2411 3381 2783 3451 σκηνοπηγίας
2827 3383 2858 3450 ή
2891 3381 3194 3446 τελευταία,
3231 3383 3332 3433 κᾶν
3375 3384 3422 3434 εἰ
3465 3381 3689 3450 νηστεύο

2113 3492 2262 3528 σειαν
2295 3473 2370 3543 τῷ
2401 3472 2539 3543 Θεῷ,
2581 3472 2844 3524 τύπτουσι
2885 3477 3129 3542 πυγμαῖς
3178 3473 3448 3526 ταπεινόν.
3482 3471 3688 3525 Οὐκοῦν

2110 3565 2457 3620 ἀκουέτωσαν
2485 3564 2735 3631 λέγοντος
2765 3563 2950 3615 αὑτοῦ·
2988 3565 3100 3626 Τάς
3133 3564 3322 3634 ἑορτὰς
3361 3564 3512 3633 ὑμῶν
3543 3565 3691 3632 μισεῖ

2111 3659 2144 3728 ἡ
2177 3657 2321 3726 ψυχή
2355 3673 2476 3725 μου.
2510 3655 2695 3710 Ταῦτα
2729 3655 2784 3708 δέ
2826 3672 2958 3725 φησι
2999 3655 3254 3725 μεθιστὰς
3286 3659 3350 3709 ὲκ
3381 3656 3564 3708 τύπων
3595 3653 3688 3706 ἐπὶ

2110 3749 2170 3802 τὸ
2194 3749 2408 3818 ἀληθὲς,
2439 3747 2533 3800 καὶ
2563 3750 2674 3808 τοῖς
2704 3746 2791 3799 διὰ
2817 3746 3052 3815 Χριστοῦ
3086 3746 3446 3816 θεσπίσμασιν
3483 3745 3685 3813 ὑποφέ-

2115 3857 2225 3912 ρειν
2261 3840 2569 3894 ἀναπείθων
2611 3839 2702 3890 τὸν
2739 3837 2839 3907 τῆς
2877 3837 3114 3900 διανοίας
3151 3838 3369 3907 αὐχένα,
3405 3838 3490 3890 ἵνα
3534 3837 3686 3888 πολι-

2110 3931 2349 3985 τεύοιντο
2395 3933 2512 4001 μεθ’
2552 3929 2708 4000 ἡμῶν
2749 3927 3137 3996 εὑαγγελικῶς.
3178 3929 3308 3990 Ταῖς
3345 3930 3561 3998 νοηταῖς
3606 3926 3688 3977 εύ-

2109 4029 2328 4098 οσμίαις
2349 4025 2835 4095 κατευφραί·.·οντες
2854 4017 3006 4077 Θεόν.
3032 4025 3139 4076 Καὶ
3160 4022 3347 4094 ὥσπερ
3370 4042 3419 4074 τι
3438 4023 3688 4092 θυμίαμα

434 4113 800 4182 πνευματικὸν
843 4113 1184 4176 ἀνατιθέντες
1225 4112 1374 4183 αὐτῷ
1411 4115 1472 4167 τὸ
1549 4115 1787 4179 ἐπιεικὲς
1818 4117 1898 4180 είς
1932 4117 2188 4189 τρόπους,
2221 4117 2320 4188 τὴν
2367 4116 2606 4186 ἀγάπην,
2674 4117 2771 4186 τὴν
2811 4113 3182 4184 φιλάλληλίαν,
3224 4114 3322 4182 τὴν
3389 4113 3685 4182 ὑπομονὴν,

429 4208 529 4278 τὴν
559 4209 904 4278 ἐγκράτειαν,
935 4210 1027 4260 καὶ
1062 4206 1170 4278 πρό
1213 4224 1277 4275 γε
1308 4207 1417 4260 τῶν
1445 4207 1618 4262 ἄλλων
1663 4210 1761 4280 τὴν
1801 4211 2006 4265 πίστιν.
2047 4211 2338 4274 Τοιαύταις
2397 4209 2609 4271 θυσίαις
2640 4209 3010 4280 εὐαρεστεῖται
3075 4208 3228 4270 Θεὸς,
3265 4207 3359 4261 καὶ
3395 4206 3502 4261 τῶν
3531 4207 3687 4272 εὐαγο

430 4300 664 4364 γελικῶν
700 4299 1086 4367 θεσπισμάτων
1109 4303 1142 4369 ἠ
1165 4301 1395 4371 δύναμις
1418 4305 1528 4365 τοῖς
1553 4303 1817 4368 τοιούτοις
1839 4307 2155 4378 αὐχήμασιν
2200 4305 2326 4367 τοὺς
2347 4303 2698 4366 πιστεύοντας
2733 4306 3003 4371 στεφανοῖ.

509 4394 671 4450 Vsus.
711 4394 796 4447 15.
833 4392 986 4446 Facti
1017 4396 1138 4448 estis
1175 4397 1302 4448 mihi
1325 4397 1379 4449 in
1429 4401 1751 4468 satietatem,
1805 4419 2005 4472 nequa-
2036 4406 2083 4461 D

430 4502 588 4556 qttam
626 4485 764 4538 ultra
815 4484 1078 4537 dimittam
1131 4496 1343 4552 peccata
1377 4498 1573 4543 vestra.
1627 4489 1760 4544 Cum
1816 4509 2003 4547 manus

429 4577 786 4645 expanderilis
819 4576 888 4628 ad
931 4591 1031 4642 me,
1069 4586 1300 4630 avertam
1351 4579 1528 4632 oculos
1578 4596 1778 4634 mensa
1829 4582 2000 4634 vobis.

431 4668 500 4722 Et
549 4669 595 4721 si
643 4670 936 4722 orationem
970 4666 1332 4732 multiplicatis
1360 4707 1374 4731 ,
1426 4685 1528 4722 non
1573 4672 1857 4725 exaudiam
1895 4687 2002 4726 vos.

431 4757 624 4814 Nam
649 4760 784 4812 enim
811 4768 994 4814 vestri:
1016 4759 1183 4827 plena!
1205 4768 1327 4813 sunt
1367 4761 1642 4828 sanguine.

500 4931 630 4998 Quae
650 4946 735 4987 res
761 4933 1064 4988 satietatem
1087 4943 1142 4988 et
1176 4949 1436 4989 nauseam
1483 4936 1720 5006 pariunt,
1765 4937 1996 4993 fastidiri

427 5024 645 5089 debent,
680 5033 736 5078 et
781 5025 1002 5080 omnino
1033 5029 1181 5094 parvi
1219 5027 1386 5092 (lunt,
1425 5027 1533 5082 imo
1571 5030 1623 5083 in
1675 5031 1856 5085 odium
1900 5047 1997 5087 ve-

429 5116 600 5169 niunt.
633 5115 912 5186 Siquidem
965 5118 1396 5186 sapientissimus
1443 5119 1723 5187 Salomon,
1769 5124 1943 5192 inquit
1980 5139 1994 5177 :

431 5223 450 5258 ι
495 5206 670 5264 Tarde
696 5209 837 5264 infer
879 5209 1066 5278 pedem
1115 5221 1262 5263 tuum
1315 5211 1379 5264 ad
1412 5213 1644 5266 amicum
1677 5223 1824 5267 tuum
1854 5257 1868 5280 ,
1929 5231 1999 5268 ne

427 5305 580 5352 satur
606 5300 679 5351 tui
714 5301 887 5353 oderit
921 5309 971 5353 te
1022 5301 1088 5353 ³ι.
1126 5319 1146 5352 ι
1201 5299 1344 5354 Dicit
1393 5301 1576 5370 itaque
1629 5306 1999 5360 universitatis

419 5387 572 5441 Deus
618 5387 816 5446 Judais
854 5413 867 5447 :
905 5393 1262 5448 Exsaturatus
1312 5408 1434 5448 sum
1491 5395 1734 5449 exsoleta
1781 5397 1996 5459 umbra,

429 5489 630 5543 vosque
652 5480 904 5536 molestos
935 5481 1065 5537 mihi
1099 5497 1223 5538 esse
1247 5482 1410 5548 duco,
1431 5483 1475 5538 si
1500 5485 1885 5554 ingrediamini
1922 5486 1988 5538 ad

425 5572 844 5636 comparandum
871 5587 1049 5628 coram
1075 5590 1181 5629 me.
1217 5578 1453 5631 Aversor
1467 5579 1627 5631 etiam
1660 5578 1832 5633 solum
1859 5592 1997 5633 con-

504 5748 547 5780 “
572 5746 729 5803 Prov.
771 5765 895 5815 xxv,
927 5753 1012 5806 l7.

2194 4399 2546 4471 Ἐγενήθητέ
2569 4418 2671 4469 μοι
2699 4402 2786 4466 εις
2813 4397 3200 4467 πλησμονὴν,
3223 4416 3334 4452 ουκ
3363 4401 3450 4453 ἔτι
3478 4404 3688 4466 ἀνήσω

2104 4489 2213 4554 τὰς
2257 4489 2546 4556 ἁμαρτίας
2586 4486 2770 4556 ὑμῶν.
2807 4488 2989 4539 Ὅταν
3025 4485 3131 4552 τὰς
3161 4487 3361 4555 χεῖρας
3383 4489 3688 4554 ἐκτείνητε

2106 4577 2256 4644 πρός
2292 4593 2391 4645 με,
2424 4577 2798 4646 Ρὰποστρέψω
2848 4575 2989 4639 τοὺς
3038 4575 3385 4644 ὀφθαλμούς
3428 4593 3546 4644 μου
3585 4577 3684 4644 ἀφ’

2104 4666 2292 4735 ὑμῶν.
2354 4668 2461 4721 Καὶ
2523 4667 2630 4720 ἐὰν
2693 4666 3040 4745 πληθύνητσ
3101 4663 3217 4733 τὴν
3283 4663 3517 4730 δέησιν,
3574 4668 3685 4719 οὐκ

2106 4758 2442 4827 ἀκούσομαι
2493 4758 2679 4828 ὑμῶν.
2727 4761 2797 4811 Αἱ
2851 4759 2960 4829 τὰρ
3008 4757 3200 4827 χεῖρες
3232 4757 3398 4826 ὑμῶν
3440 4760 3686 4827 αἵματος

2108 4848 2385 4916 πλήρεις.

2178 4942 2258 4994 Τά
2285 4945 2364 5005 είς
2393 4939 2706 5010 πλησμονὴν
2726 4940 2844 5008 ἦτοι
2872 4938 3032 5008 κόρον
3055 4940 3256 5007 ¹ἥκοντα
3283 4939 3392 4994 τῶν
3426 4942 3686 5010 πραγμά-

2105 5051 2214 5087 των
2282 5030 2738 5102 καταφρονεῖσθαι
2794 5029 2956 5098 φιλεῖ,
3010 5030 3104 5082 καὶ
3161 5031 3340 5098 ὀλίγου
3407 5032 3685 5093 παντελῶς

2105 5126 2351 5191 ἀξιοῦται
2380 5125 2558 5190 λόγου,
2593 5122 2792 5193 μᾶλλον
2823 5122 2878 5175 δὲ
2911 5122 3009 5191 ἤδη
3051 5122 3144 5175 καὶ
3177 5123 3266 5176 διὰ
3297 5124 3486 5194 μίσους
3531 5125 3681 5196 ἔρχεο

2103 5237 2214 5275 ται.
2229 5220 2337 5273 Καὶ
2358 5217 2488 5285 γοῦν
2506 5221 2534 5270 ὁ
2548 5215 2854 5285 σοφώτατος
2873 5214 3139 5283 Σολομὼν,
3167 5235 3184 5264 ι
3207 5215 3454 5286 Βραδέως
3476 5217 3682 5281 εἴσαγε,

2105 5311 2256 5378 φησὶ,
2292 5308 2383 5361 σὺν
2431 5307 2564 5360 πόδα
2621 5306 2757 5377 πρὸς
2807 5305 2896 5358 τὸν
2936 5305 3120 5372 φίλον,
3167 5307 3254 5358 ἵνα
3306 5304 3378 5374 μὴ
3423 5304 3678 5372 πλησθεὶς

2108 5419 2202 5455 σου
2240 5402 2444 5472 μισήσῃ
2476 5417 2556 5453 σε.
2597 5418 2616 5450 ι
2655 5400 2798 5468 Ἔφη
2828 5400 3008 5451 τοίνυν
3053 5397 3326 5460 Ἰουδαίοις
3355 5399 3384 5450 ὁ
3410 5397 3516 5449 τῶν
3545 5398 3680 5450 ὅλων

2105 5491 2259 5554 Θεὸς,
2283 5493 2774 5561 Κατακεκόρεσμαι
2811 5491 2908 5559 τῆς
2944 5489 3109 5544 ἑώλου
3144 5487 3321 5551 σκιᾶς,
3353 5485 3592 5558 ἡγοῦμαι
3623 5487 3682 5540 δὲ

2105 5582 2203 5653 ἤδη
2253 5584 2560 5653 φορτικοὺς,
2603 5581 2706 5634 κᾶν
2753 5581 3070 5652 εἰσέρχησθε
3117 5579 3343 5651 ὀᾳθῆναί
3396 5597 3503 5652 μοι.
3537 5582 3677 5650 Παρ-
