4132 6316
384 359 454 413 57
1518 349 1582 404 IN
1622 349 1852 407 iSAIAM
1891 348 2021 405 LIB.
2067 352 2107 406 l.
2145 348 2361 407 ORAT.
2400 350 2421 405 ι

3581 359 3648 413 33

384 471 645 545 αιτοῢμαι
667 471 723 524 δὲ
752 470 847 524 καὶ
869 468 1040 542 μόνην
1069 469 1223 540 ὑμῶν
1248 470 1346 542 τὴν
1375 470 1525 524 θέανο
1548 471 1648 524 οὐκ
1679 470 1760 525 ἔτι
1786 471 1967 541 ἀνήσω

2077 477 2320 536 spectum
2357 468 2548 536 vestri,
2584 482 2691 523 non
2734 466 3009 523 remittam
3034 466 3263 537 amplius
3292 479 3512 537 peccata
3550 484 3645 527 vs-

387 564 487 627 τὰς
533 563 802 633 ἁμαρτίας
849 562 1025 632 ὑμῶν.
1066 562 1242 617 Πάλαι
1277 562 1375 632 μὲν
1412 561 1522 631 γὰρ
1562 563 1614 614 οἱ
1653 563 1713 628 ἐξ
1752 561 1971 633 Ἰσραὴλ

387 654 618 717 ἀνοσίως
645 652 1068 711 ἀπονενευκότες
1109 652 1204 704 ἐπὶ
1241 651 1301 704 τὸ
1338 651 1554 705 ἑλέσθαι
1594 652 1703 705 δεῖν
1740 652 1833 705 τὸν
1861 651 1970 705 τῶν

389 745 526 799 ὅλων
550 744 694 797 Θεὸν
709 743 1068 814 παροτρύνειν
1088 743 1172 812 ἐφ’
1194 743 1439 806 ἑαυτοὺς,
1462 743 1549 796 διά
1569 742 1661 797 τοῦ
1686 742 1969 814 λατρεύειν

384 839 449 906 τῇ
485 837 680 898 κτίσει,
714 837 1037 905 προσκυνεῖν
1066 834 1123 888 δὲ
1154 836 1247 886 καὶ
1281 835 1464 896 αὐτοῖς
1495 837 1607 898 τοῖς
1639 833 1826 906 ἔργοις
1857 835 1969 888 τῶν

388 928 532 978 ἰδίων
559 925 779 996 χειρῶν,
817 926 1054 981 δέδονται
1084 928 1196 988 τοῖς
1236 925 1598 988 Βαϐυλωνίοις
1644 927 1736 980 καὶ
1766 929 1967 981 ἀπεκο-

389 1016 660 1087 μίσθὴςαν
701 1017 802 1084 τῆς
842 1017 1098 1080 ἰουδαίας
1129 1018 1485 1088 αἰχμάλωτοι,
1516 1018 1608 1071 καὶ
1642 1020 1969 1089 κατῳκήκα-

387 1124 469 1159 σιν
502 1110 559 1160 ὲν
588 1109 699 1171 τοῖς
736 1106 919 1177 ὄρεσιν
963 1107 1188 1179 Περσῶν
1231 1108 1323 1162 καὶ
1368 1108 1589 1178 Μήδων,
1626 1107 1829 1179 πικρὰν
1872 1107 1968 1162 καὶ

384 1197 661 1250 δύσοιστον
712 1197 1040 1262 ἀνατλάντες
1085 1198 1345 1254 δουλείαν.
1403 1198 1617 1268 Ἐπειδὴ
1668 1199 1726 1252 δὲ
1786 1199 1969 1262 αὐτοῖς

386 1285 785 1357 ἑϐδομηκοστὸν
812 1285 931 1351 ἔτος
956 1286 1287 1349 τετέλεσται,
1316 1285 1565 1355 κατηλέει
1595 1284 1756 1339 πάλιν
1785 1287 1813 1337 6
1844 1284 1967 1354 φιλ-

384 1374 711 1446 οικτείρμων
764 1374 918 1437 Θεός.
966 1375 1079 1427 Καὶ
1124 1374 1256 1442 γοῦν
1302 1373 1377 1437 ὼς
1411 1376 1468 1427 ἐν
1499 1373 1575 1443 τῷ
1607 1372 1852 1444 Ζαχαρία
1878 1372 1968 1440 γέ-

385 1483 655 1535 γραπται,
689 1467 790 1529 τὰς
820 1467 960 1537 ὑπὲρ
989 1466 1168 1519 αὐτῶν
1195 1468 1425 1518 ἐποιεῖτο
1453 1465 1604 1529 λιτὰς
1632 1467 1661 1518 6
1697 1466 1967 1536 μακάριος

387 1556 645 1624 ἄγγελος,
678 1555 876 1624 λέγων·
913 1575 931 1607 ι
966 1556 1135 1625 Κύριε
1167 1556 1577 1627 παντοκράτωρ,
1599 1555 1704 1618 ἕως
1728 1553 1870 1619 τίνος
1902 1554 1963 1607 οὐ

392 1649 466 1717 μὴ
494 1639 740 1716 ὲλεήσέις
766 1646 863 1718 τὴν
892 1646 1262 1718 Ἰερουσαλὴμ,
1297 1648 1389 1699 καὶ
1421 1647 1518 1710 τὰς
1556 1645 1738 1707 πόλεις
1773 1644 1963 1709 Ἰούδα,

385 1737 453 1801 ἂς
482 1738 775 1809 ὑπὲριδες;
815 1736 970 1790 τοῦτο
1015 1736 1413 1807 ἑϐδομηκοστὸν
1454 1734 1593 1799 ἔτος·
1632 1753 1652 1786 ι
1696 1735 1789 1787 καὶ
1830 1733 1965 1803 πρός

2078 567 2214 613 stra.
2250 557 2389 614 Olim
2425 558 2569 613 enim
2614 557 2873 622 istaelitae
2904 573 3024 612 cum
3060 557 3222 627 impie
3264 557 3644 625 descivissent,

2076 650 2151 704 ita
2179 660 2235 704 ut
2263 650 2638 707 universitatis
2668 650 2834 706 Deum
2861 652 2913 705 in
2946 665 3008 705 se
3045 649 3463 714 exacerbarent,
3490 667 3644 706 crea-

2075 749 2253 794 turam
2306 740 2573 808 colendo,
2613 741 2836 811 ipsaque
2898 755 3065 809 opera
3115 754 3367 794 manuum
3418 756 3640 795 suarum

2070 831 2383 898 adorando,
2441 832 2626 887 traditi
2672 839 2801 888 sunt
2830 832 3143 901 Babyloniis
3171 871 3188 897 ,
3241 842 3296 885 et
3339 847 3407 886 ex
3455 830 3639 888 Judtea

2072 921 2295 976 abducti
2314 931 2441 976 sunt
2464 923 2685 991 captivi,
2709 932 2764 979 et
2785 922 2838 976 in
2861 921 3151 976 Persarum
3179 937 3340 991 atque
3366 922 3641 978 Medorum

2074 1013 2270 1068 ﬁnibus
2297 1013 2704 1079 habitaverunt,
2729 1014 2981 1068 acerbam
3005 1029 3068 1068 ac
3089 1028 3194 1069 non
3231 1014 3504 1069 ferendam
3528 1031 3645 1070 ser-

2070 1104 2301 1158 vitutem
2348 1102 2663 1158 subeuntes.
2712 1104 2922 1159 Exacto
2970 1104 3185 1158 demum
3241 1108 3641 1175 septuagesimo

2069 1207 2238 1256 anno,
2289 1191 2487 1246 iterum
2533 1192 2844 1247 misericors
2875 1193 3016 1248 Deus
3073 1195 3487 1250 commiseratus
3539 1206 3639 1250 est.

2070 1281 2348 1353 Siquidem
2400 1293 2460 1338 ut
2504 1283 2557 1337 in
2609 1283 2881 1339 Zacharia
2932 1284 3204 1355 scriptum
3252 1294 3376 1353 est,
3454 1300 3641 1356 preces

2067 1373 2337 1444 supplices
2388 1388 2484 1443 pro
2516 1374 2621 1429 illis
2673 1376 2809 1430 fudit
2852 1377 3042 1431 beatus
3089 1376 3352 1446 angelus,
3403 1378 3636 1432 dicens:

2073 1483 2093 1517 ι
2132 1465 2358 1520 Domine
2385 1466 2750 1536 omnipotens,
2774 1482 3057 1537 quousque
3083 1477 3135 1522 tu
3182 1484 3289 1522 non
3341 1469 3639 1523 miserebe-

2068 1557 2143 1612 ris
2168 1555 2491 1620 Jerusalem.
2555 1568 2610 1612 et
2641 1558 2854 1612 urbium
2897 1557 3057 1621 Juda,
3107 1574 3243 1628 quas
3274 1558 3576 1628 despexisti
3614 1559 3639 1612 2

2066 1646 2166 1701 Hic
2196 1663 2369 1702 annus
2402 1657 2485 1702 est
2522 1650 2976 1716 septuagesimus.
3010 1667 3028 1700 ι
3066 1648 3134 1704 Ει
3183 1650 3250 1704 ad
3295 1650 3409 1704 haec
3450 1650 3590 1705 Deus
3622 1664 3638 1702 :

2074 1757 2092 1790 ι
2122 1738 2339 1795 Zelatus
2359 1755 2475 1794 sum
2504 1737 2801 1795 Jerusalem
2828 1751 2886 1795 et
2914 1740 3043 1795 Sion
3097 1740 3222 1795 zelo
3245 1751 3535 1810 magno,et
3560 1742 3641 1796 ira

387 1846 452 1898 γε
482 1828 653 1882 ταῦτα
686 1828 813 1890 Θεός
868 1847 887 1879 ι
923 1827 1203 1898 Ἐζήλωσα
1230 1827 1327 1897 τὴν
1362 1825 1716 1897 Ἰερουσαλὴμ
1745 1825 1837 1877 καὶ
1868 1824 1966 1895 τὴν

2070 1848 2262 1900 magna
2291 1833 2497 1887 irascor
2535 1846 2699 1900 super
2748 1840 2934 1901 gentes
2977 1847 3096 1901 qua:
3148 1849 3255 1887 una
3295 1835 3637 1902 conspirant.

388 1919 526 1971 Σιὼν
558 1918 717 1987 ζῆλον
747 1918 943 1988 μέγαν,
975 1919 1068 1970 καὶ
1099 1915 1254 1987 θυμῷ
1283 1918 1504 1987 μεγάλῳ
1534 1915 1645 1985 ἐγὼ
1681 1916 1972 1987 ὀργίζομαι

387 2008 480 2061 ἐπὶ
502 2007 571 2061 τὰ
596 2007 726 2076 ἔθνη
758 2007 827 2060 τὰ
858 2005 1334 2075 συνεπιτιθέμενα,
1362 2004 1478 2059 ἀνθ’
1507 1997 1583 2058 ὧν
1608 2003 1719 2073 ἐγὼ
1751 2005 1848 2074 μὲν
1875 2002 1970 2074 69-

388 2099 581 2169 γίσθην
601 2097 776 2166 ὀλίγα,
807 2094 969 2151 aia-to?
988 2097 1044 2150 δὲ
1075 2096 1428 2150 συνεπέθεντο
1455 2097 1533 2158 εἰς
1564 2094 1710 2149 κακά
1731 2092 1972 2148 ιδυύκοῦν

390 2190 630 2261 ἀνῄρηκε
664 2190 760 2259 μὲν
791 2188 912 2241 τότε
948 2190 1047 2250 τάς
1085 2186 1355 2258 ἁμαρτίας
1395 2186 1596 2252 αὐτῶν,
1641 2184 1971 2256 λελύτρωται

388 2282 518 2352 γὰρ,
549 2284 646 2335 καὶ
669 2280 1002 2351 ἀνεκομίσθη
1034 2280 1195 2332 πάλιν
1226 2280 1306 2342 εἰς
1339 2279 1437 2349 τὴν
1463 2277 1696 2331 ἑαυτῶν.
1731 2276 1888 2331 Μετά
1912 2276 1972 2330 δέ

387 2389 451 2441 γε
493 2373 583 2425 τὸν
627 2371 720 2425 τοῦ
768 2373 1022 2443 Σωτῆρος
1062 2371 1314 2443 σταυρὸν,
1344 2370 1528 2423 οὐκέτι
1564 2368 1664 2432 τὰς
1692 2369 1969 2440 ἁμαρτίας

387 2464 570 2526 αὐτοῖς
593 2463 810 2533 ἀνήσειν
841 2462 1255 2530 ἐπαγγέλλεται,
1289 2461 1379 2515 διά
1405 2478 1487 2515 ¹τοι
1514 2462 1575 2514 τὸ
1607 2461 1855 2531 μακροὺς
1886 2457 1969 2527 ἐφ’

387 2557 597 2617 ἑαυτοῖς
621 2553 963 2621 διαγενέσθαι
996 2553 1244 2624 καιροὺς,
1273 2550 1457 2614 καθὼς
1489 2552 1834 2620 μεμενήκασι
1859 2551 1971 2614 τοῖς

387 2645 449 2711 ἐξ
476 2646 644 2717 ὀργῆς
679 2646 976 2716 κινήμασιν
1014 2643 1466 2714 ὑπενηνεγμένοι.
1492 2644 1613 2695 Ὅτι
1648 2643 1745 2712 μὲν
1773 2642 1882 2715 γὰρ
1910 2646 1969 2698 ἐν

387 2738 637 2809 ἐσχάτοις
666 2737 1054 2805 ἐλεηθήσονται
1084 2738 1315 2805 καιροῖς,
1340 2737 1404 2805 τῇ
1429 2736 1507 2798 είς
1531 2735 1761 2806 Χριστὸν
1787 2736 1969 2807 χάριτι

390 2827 509 2897 μεθ’
542 2826 704 2898 ήμῶν
744 2824 1129 2894 δικαιούμενοι,
1175 2826 1458 2896 διεκήρυξε
1510 2825 1570 2877 τὸ
1622 2826 1858 2897 γράμμα
1908 2828 1970 2880 τὸ

390 2917 540 2990 ἱερὸν
565 2956 581 2980 ,
604 2915 792 2986 ἐπειδὴ
819 2916 894 2978 δὲ,
922 2916 998 2979 ὡς
1021 2916 1176 2986 ἔφην,
1206 2916 1338 2970 πολὺ
1364 2916 1472 2970 τῶν
1508 2916 1674 2971 πάλαι
1707 2920 1966 2989 μακρότε-

392 3029 477 3082 ροι
509 3010 792 3078 γεγόνασιν
814 3009 899 3061 ἐπ’
926 3009 1120 3071 αὐτοὺς
1144 3011 1192 3062 οἱ
1220 3009 1316 3080 τῆς
1337 3009 1504 3079 ὀργῆς
1556 3010 1756 3079 χρόνοι.
1783 3010 1963 3081 Ταύτῃ

387 3100 475 3153 τοί
525 3118 703 3171 φησιν·
741 3099 934 3154 οὐκέτι
977 3101 1161 3172 ἀνήσω
1216 3103 1315 3162 τὰς
1360 3099 1632 3171 ἁμαρτίας
1665 3100 1841 3169 ὑμῶν·
1873 3106 1965 3154 καὶ

390 3192 514 3245 καθ’
542 3192 726 3262 ἕτερον
761 3192 838 3254 δὲ,
866 3194 914 3244 εἰ
939 3191 1140 3261 βούλει,
1169 3191 1391 3262 τρόπον,
1424 3193 1488 3262 τῇ
1522 3192 1629 3244 τῶν
1666 3192 1962 3263 προκειμέ-

386 3302 491 3336 νων
539 3283 716 3354 ἐννοίᾳ
758 3282 1102 3354 προσόαλεῖς.
1148 3280 1556 3353 Προσεκόμιζον
1601 3281 1791 3347 θυσίας
1824 3283 1967 3337 κατὰ

385 3374 474 3426 τὸν
503 3373 671 3425 πᾶλαι
691 3372 853 3442 νόμον
877 3373 927 3424 οἱ
953 3372 1013 3437 ἐξ
1040 3371 1278 3443 Ἰσραὴλ,
1303 3371 1401 3434 τὰς
1427 3371 1567 3442 ὑπέρ
1592 3387 1656 3440 γε
1683 3371 1791 3425 τῶν
1818 3371 1965 3426 ἰδίων

386 3466 891 3535 πλημμελημάτων.
915 3466 1140 3534 Ἔριφος
1167 3464 1223 3517 δὲ
1246 3464 1338 3517 καὶ
1360 3465 1531 3535 ἀμνὸς
1558 3464 1846 3533 ἐσφάζετο,
1872 3465 1966 3518 καὶ

387 3556 682 3628 συνεχώρει
711 3556 861 3619 Θεὸς.
893 3556 1005 3609 Οὐκ
1025 3557 1293 3619 ἁνικάνως
1319 3555 1534 3626 ἔχοντος
1562 3556 1657 3609 καὶ
1683 3556 1852 3610 πάλαι
1870 3553 1965 3608 τοῦ

386 3648 551 3719 νόμου
581 3647 796 3718 βοηθεῖν
820 3646 1213 3718 ἀρχαιοτέροις,
1253 3645 1557 3723 ἐμορφοῦτο
1587 3646 1697 3717 γὰρ
1728 3648 1787 3700 ὲν
1816 3646 1968 3718 αὐτῷ

385 3737 447 3790 τὸ
472 3734 707 3807 Χριστοῦ
742 3737 1060 3808 μυστήριον.
1105 3734 1325 3807 Ἐπεώὴ
1359 3735 1416 3788 δὲ
1456 3736 1728 3805 ὲπέφανεν
1771 3738 1801 3789 6
1835 3737 1969 3808 X9t-

389 3824 534 3889 στὸς,
566 3827 870 3895 ἀπρακτεῖν
906 3824 1014 3876 ἔδει
1057 3824 1240 3877 λοιπὸν
1267 3826 1366 3896 τὴν
1396 3825 1453 3878 ὲν
1482 3824 1639 3895 τύπῳ
1677 3824 1961 3895 κάθαρσιν,

383 3918 461 3982 ὼς
491 3917 588 3987 τῆς
615 3915 877 3985 ἀληθείας
907 3914 1008 3986 ήδη
1054 3914 1352 3986 παρούσης.
1385 3915 1505 3968 Ὅτι
1542 3914 1721 3967 τοίνυν
1744 3915 1842 3968 οὐκ
1868 3916 1967 3985 ἀρ-

389 4010 538 4064 κέσει
568 4009 706 4077 πρὸς
733 4009 925 4077 ἄφεσιν
950 4008 1132 4071 αὐτοῖς
1176 4009 1209 4078 ή
1247 4008 1411 4078 νόμου
1442 4007 1568 4061 σκιά
1597 4007 1695 4080 τὴν
1722 4007 1807 4061 διά
1832 4009 1967 4078 Χρι-

391 4102 516 4155 erat“;
559 4102 849 4172 λύτρωσιν,
899 4100 961 4152 οὐ
1017 4101 1415 4171 προσιεμένοις,
1461 4100 1725 4166 διδάσκει,
1770 4101 1962 4169 λέγων·

388 4194 588 4249 Οὐκέτι
619 4193 806 4262 ἀνήσω
840 4190 937 4254 τὰς
971 4191 1246 4263 ἁμαρτίας
1289 4191 1462 4261 ὑμῶν.
1513 4191 1679 4246 Οὔπω
1725 4192 1822 4264 μὲν
1856 4193 1965 4264 γὰρ

390 4283 674 4354 παρούσης
722 4281 823 4350 τῆς
863 4280 1139 4352 ἀληθείας,
1188 4284 1375 4352 φησὶν,
1419 4282 1818 4354 συγκεχώρηκα
1855 4288 1967 4349 τοῖς

387 4373 580 4437 τύποις
635 4371 864 4443 ὠφελεῖν
904 4370 1158 4427 δύνασθαι
1200 4373 1328 4435 τοὺς
1372 4372 1587 4444 ἐνόχους
1631 4375 1962 4445 ἁμαρτίαις,

391 4471 525 4525 altior.
546 4473 612 4543 τῇ
647 4470 784 4542 πρὸς
811 4470 911 4542 τὴν
940 4469 1195 4541 ἀλήθειαν
1233 4470 1326 4523 καὶ
1354 4469 1514 4524 τοῦτο
1544 4468 1734 4536 ποιῶν,
1762 4469 1964 4539 παρού-
1996 4503 2039 4557 D

393 4583 492 4637 σης
538 4565 596 4619 δὲ
641 4566 739 4638 ήδη
790 4566 884 4620 καὶ
935 4564 1410 4635 ἀναδεδειγμένης,
1439 4563 1673 4635 ἀδρανὴς
1715 4564 1744 4616 6
1770 4562 1958 4629 τύπος,

391 4656 648 4720 ἀνόνητος
684 4657 718 4726 ή
766 4655 913 4709 σκιά.
944 4655 1055 4708 Καὶ
1090 4655 1276 4725 ἀνήσω
1314 4653 1413 4724 μὲν
1440 4653 1623 4707 οὐκέτι
1653 4653 1750 4717 τὰς
1783 4654 1962 4725 ἀμαρ-

388 4745 514 4808 τίας
569 4744 742 4815 ὑμῶν,
791 4744 1125 4811 ἐπαιρόντων
1172 4743 1229 4797 δὲ
1262 4743 1361 4808 τὰς
1396 4747 1604 4816 χεῖρας,
1631 4744 1961 4816 ἀποστρέψει)

386 4835 516 4898 τοὺς
558 4834 863 4905 ὀφθαλμούς
909 4851 1033 4904 μου,
1073 4833 1176 4887 κᾶν
1227 4835 1275 4887 εί
1319 4833 1573 4898 πλείστας
1611 4834 1742 4896 ὅσας
1786 4834 1961 4886 ποιεῖν

385 4923 595 4978 ἕλοισθε
628 4923 729 4986 τὰς
766 4922 937 4986 λιτὰς,
969 4924 1068 4977 οὐκ
1096 4923 1420 4995 εἰσδέξομαι.
1451 4920 1577 4995 'Ap’
1607 4920 1701 4979 οὖν
1748 4924 1959 4995 ἀπέστη

383 5014 480 5069 τοῦ
539 5010 679 5067 εῖναι
733 5014 966 5085 χρηστὸς
1011 5016 1041 5067 6
1082 5014 1189 5068 τῶν
1225 5015 1361 5071 ὅλων
1397 5015 1760 5087 δημιουργός;
1792 5016 1962 5088 ήγουν

382 5104 679 5159 ἐπελάθετο
720 5104 813 5157 τοῦ
848 5106 1179 5176 οίκτειρῆσαι
1214 5105 1385 5172 Θεύς;
1416 5106 1702 5179 Οὐδαμῶς,
1754 5106 1919 5177 φησιν
1940 5142 1959 5172 ,

384 5196 502 5265 είμὶ
517 5195 790 5266 γὰιρ,,είμ)⁸
820 5197 1051 5266 χρηστός
1085 5215 1143 5251 τε
1171 5198 1264 5252 καὶ
1297 5197 1500 5268 ἀγαθὸς
1529 5200 1625 5251 καὶ
1661 5197 1958 5268 φιλοικτίρ-

385 5305 525 5358 μων,
578 5286 741 5358 μόνον
783 5286 842 5359 δὲ
882 5288 1002 5358 οὐχὶ
1039 5288 1187 5343 ἀκων
1226 5288 1558 5359 ἀποστρέφω
1593 5288 1719 5352 τοὺς
1754 5287 1960 5357 ὀφθαλ-

382 5377 539 5448 μούς.
568 5380 632 5431 Αἱ
660 5377 769 5451 γὰρ
800 5380 982 5451 χεῖρες
1007 5379 1157 5451 ὑμῶν
1182 5379 1415 5450 αἵματος
1438 5378 1686 5449 πλήρεις.
1717 5379 1961 5442 Ἀκούεις

381 5470 531 5533 ὅπως
550 5468 608 5522 τὸ
632 5469 732 5539 τῆς
752 5470 1063 5543 μιαιφονίας
1089 5471 1270 5534 αὐτοῖς
1289 5469 1670 5538 είσκεκὸμικεν
1687 5469 1852 5539 ἔγκλη
1862 5488 1959 5540 μα,

385 5561 668 5631 σιωπήσας
690 5560 760 5614 τὰ
787 5560 951 5632 ἕτερα
979 5561 1090 5617 τῶν
1119 5563 1511 5633 πταισμάτων;
1541 5561 1718 5617 καίτοι
1747 5562 1960 5625 πολλοῖς

455 5711 747 5769 "Zachar.
781 5730 818 5768 t.
857 5715 1036 5771 {245.

2070 1924 2175 1979 Pro
2198 1940 2263 1980 eo
2292 1926 2433 1994 quod
2466 1941 2565 1995 ego
2589 1927 2757 1978 iratus
2786 1941 2903 1978 sum
2934 1941 3123 1994 parum
3148 1964 3166 1993 ,
3215 1925 3316 1992 ipsi
3350 1941 3454 1979 una
3491 1941 3632 1982 con-

2071 2019 2348 2087 spirarnnt
2380 2019 2445 2071 ad
2483 2019 2621 2072 mala
2653 2018 2720 2068 ³⁸.
2762 2036 2783 2070 ι
2824 2018 3010 2086 Itaque
3040 2028 3150 2071 tum
3176 2019 3388 2073 remisit
3419 2019 3636 2074 illorum

2074 2116 2329 2176 peccata;
2363 2106 2622 2161 liberatus
2656 2107 2761 2178 16
2803 2107 2946 2161 enim
2979 2117 3083 2171 est,
3116 2117 3169 2160 et
3193 2108 3368 2161 denuo
3392 2108 3445 2161 in
3481 2122 3639 2174 suam

2076 2198 2313 2268 ipsorum
2333 2199 2819 2254 terramreductus.
2846 2198 2973 2255 Post
3025 2201 3439 2257 cruciﬁxiouem
3485 2201 3636 2261 deni-

2070 2305 2177 2361 que
2203 2287 2538 2356 Servatoris,
2564 2306 2669 2346 non
2693 2293 2925 2361 amplius
2952 2308 3010 2348 se
3033 2303 3255 2361 peccata
3280 2293 3639 2348 remissurum

2068 2383 2389 2449 denuntiat,
2433 2392 2720 2453 propterea
2767 2384 2910 2453 quod
2964 2385 3017 2438 in
3073 2384 3181 2438 illis
3226 2391 3641 2452 perseverarent

2069 2474 2229 2545 longo
2264 2484 2525 2545 tempore,
2550 2490 2658 2544 quo
2732 2477 2948 2543 quidem
3003 2476 3287 2531 intervallo
3323 2485 3642 2531 manserunt

2070 2566 2164 2622 ira
2189 2567 2308 2635 ejus
2347 2568 2513 2621 furori
2555 2577 2609 2621 et
2657 2567 2787 2621 ictui
2827 2566 3073 2622 obnoxii.
3117 2567 3270 2634 Quod
3328 2575 3506 2621 tamen
3543 2583 3639 2621 no-

2069 2658 2307 2715 vissimis
2341 2658 2670 2727 temporibus
2693 2657 3121 2713 misericordiam
3147 2668 3636 2727 consequerentur,

2067 2754 2236 2821 gratia
2294 2753 2345 2807 in
2406 2752 2688 2810 Christum
2747 2754 3024 2809 uobiscum
3075 2753 3400 2822 iustiﬁcati,
3464 2767 3635 2809 sacra

2074 2841 2292 2897 Littera:
2317 2845 2642 2912 praedicant;
2667 2844 2784 2909 sed,
2810 2851 2869 2896 ιιι
2899 2843 3032 2902 dixi,
3054 2844 3209 2911 longe
3241 2844 3441 2897 diutius
3473 2858 3637 2912 quam

2067 2944 2211 2999 ante,
2245 2934 2339 2990 irae
2367 2945 2579 3004 tempus
2610 2935 2855 3000 duravit;
2901 2926 3108 2988 idcirco
3162 2934 3337 2988 dicit:
3371 2934 3486 2991 Non
3515 2950 3637 2988 am,-

2069 3026 2207 3094 plius
2227 3027 2734 3094 remittampeccata
2759 3034 2962 3079 vestra.
2988 3026 3171 3079 Addas
3207 3034 3386 3078 autem
3427 3026 3471 3079 si
3521 3025 3638 3094 pla-

2066 3125 2153 3168 cet
2176 3124 2230 3169 et
2248 3114 2397 3167 aliud
2435 3116 2564 3168 huic
2594 3114 2899 3170 sententiae.
2954 3113 3293 3168 Israelitaeex
3318 3115 3484 3168 veteri
3520 3115 3627 3170 ritu
3668 3141 3677 3149 -

2070 3203 2427 3273 institutoque
2475 3202 2608 3271 legis
2669 3200 2938 3256 sacriﬁcia
2997 3198 3331 3266 oﬁerebant,
3368 3215 3465 3270 pro
3521 3200 3637 3256 suis

2066 3292 2321 3356 delictis,
2383 3292 2571 3347 bardus
2630 3301 2806 3345 autem
2863 3301 2918 3344 et
2959 3303 3129 3360 agnus
3173 3292 3533 3355 mactabatur,
3583 3301 3639 3350 et

2067 3381 2383 3453 indulgebat
2424 3382 2585 3437 Deus.
2617 3381 2826 3449 Quippe
2849 3397 2972 3435 cum
3010 3393 3166 3436 vetns
3195 3381 3361 3435 etiam
3398 3381 3479 3437 lex
3529 3397 3635 3437 non

2066 3472 2315 3529 ineﬁicax
2347 3473 2508 3529 fuerit
2536 3474 2600 3526 ad
2628 3472 3000 3542 epitulandum
3034 3472 3352 3542 majoribus,
3383 3473 3627 3528 delinea-

2065 3565 2226 3620 batur
2257 3564 2403 3621 enim
2433 3565 2486 3620 in
2517 3579 2578 3619 ea
2602 3562 2804 3619 Christi
2853 3562 3196 3633 mysterium.
3249 3562 3476 3629 Quando
3506 3579 3635 3619 vero

2065 3658 2317 3726 apparuit
2354 3657 2626 3720 Christus,
2678 3670 2929 3711 enervem
2989 3669 3111 3709 esse
3157 3655 3446 3722 Oportebat
3483 3655 3637 3711 dein-

2067 3761 2196 3815 ceps
2250 3745 2474 3817 legalem
2514 3746 2966 3815 puriﬁcationem,
2997 3733 3325 3815 utpote'cum
3343 3746 3636 3815 jamades-

2068 3844 2150 3891 set
2186 3838 2406 3891 veritas.
2468 3832 2586 3888 Non
2636 3850 2765 3901 ergo
2796 3835 2928 3889 satis
2984 3849 3107 3889 esse
3145 3836 3210 3887 ad
3256 3835 3633 3888 remissionem

2069 3926 2199 3998 legis
2229 3928 2496 3992 umbram,
2532 3926 2638 3981 illis
2666 3925 2867 3981 Christi
2898 3925 3328 3993 redemptionem
3358 3939 3463 3977 non
3513 3937 3630 3977 am-

2068 4017 2455 4086 plectentibus,
2483 4017 2660 4081 docet,
2690 4014 2941 4083 inquiens
2972 4029 2985 4065 :
3024 4012 3138 4065 Non
3186 4012 3463 4076 remittam
3517 4026 3634 4068 am-

2066 4109 2209 4180 plius
2223 4117 2443 4178 peccata
2473 4117 2675 4161 vestra.
2713 4102 2953 4157 Veritate
2975 4101 3141 4166 enim,
3166 4101 3359 4169 inquit,
3392 4103 3629 4157 nondum

2066 4208 2357 4271 praesente,
2397 4197 2669 4258 concessi.
2701 4203 2760 4247 ut
2789 4193 2896 4261 typi
2918 4190 3108 4258 iuvare
3134 4200 3355 4259 possent
3397 4193 3636 4258 peccatis

2069 4289 2360 4358 implicitos
2388 4325 2404 4350 ,
2466 4285 2637 4355 ipsius
2681 4281 2930 4338 veritatis
2976 4282 3274 4336 reverentia
3323 4282 3485 4337 etiam
3534 4283 3636 4349 hoc

2067 4379 2295 4441 faciens,
2323 4390 2431 4447 qua
2471 4384 2736 4444 praesente
2754 4372 2866 4444 jam
2923 4388 2987 4428 ac
3027 4371 3396 4427 demonstrata
3432 4412 3448 4436 ,
3510 4373 3619 4428 im-

2067 4468 2274 4526 becillis
2305 4468 2474 4539 ﬁgura
2504 4475 2607 4531 est,
2637 4475 2691 4519 et
2711 4468 2898 4522 umbra
2938 4480 3124 4535 parum
3157 4464 3373 4519 efﬁcax.
3423 4464 3485 4516 Et
3520 4480 3626 4519 non

2069 4560 2342 4617 remittam
2373 4558 2602 4628 amplius
2631 4565 2855 4626 peccata
2891 4567 3101 4629 vestra;
3142 4555 3237 4613 sed
3284 4554 3335 4609 si
3357 4554 3631 4623 expande-

2068 4649 2190 4706 ritis
2237 4663 2451 4712 manus,
2496 4652 2737 4700 avertam
2781 4642 2967 4698 oculus
3021 4659 3193 4709 meos,
3232 4655 3287 4698 et
3337 4642 3380 4697 si
3442 4657 3634 4713 preces

2067 4738 2604 4811 multiplicaveritis,
2670 4749 2776 4790 non
2835 4735 3149 4803 suscipiam.
3212 4734 3422 4803 Ergone
3473 4734 3634 4789 desiit

2067 4847 2188 4889 esse
2234 4830 2496 4900 benignus
2563 4827 2650 4881 hie
2700 4825 3073 4879 universitatis
3131 4822 3370 4893 opifex?
3423 4826 3634 4896 Ergone

2067 4925 2267 4981 oblitus
2298 4933 2387 4977 est
2430 4920 2676 4977 misereri
2715 4919 2900 4975 Deus?
2932 4918 3304 4986 Nequaquam
3331 4959 3347 4986 ,
3406 4904 3627 4990 inquit:

2081 5033 2200 5073 sum
2231 5016 2403 5077 enim,
2433 5029 2550 5069 sum
2577 5023 2631 5067 et
2656 5014 2944 5075 humamts,
2993 5019 3050 5065 et
3082 4998 3290 5077 bonus,
3343 5019 3399 5065 et
3420 5010 3635 5065 miseri-

2064 5118 2216 5165 cors,
2248 5111 2453 5157 tantum
2506 5115 2611 5155 non
2658 5099 2862 5154 invitus
2890 5108 3141 5155 avertens
3193 5100 3400 5161 oculos.
3441 5098 3633 5156 Manus

2053 5182 2339 5263 'siqnidem
2398 5201 2597 5265 vestra:
2644 5190 2816 5263 plena:
2856 5200 2984 5245 sunt
3049 5192 3333 5260 sanguine.
3392 5191 3631 5251 Audisne

2072 5301 2194 5341 eum
2249 5283 2462 5345 czcteris
2511 5282 2829 5343 criminibus
2864 5283 3179 5353 praeteritis,
3237 5281 3400 5336 caedis
3455 5281 3632 5339 dicam

2071 5377 2378 5448 impingere
2405 5376 2429 5431 ί
2468 5374 2709 5439 Tametsi
2741 5377 2987 5445 pluribus
3017 5390 3113 5431 eos
3138 5374 3282 5429 vitiis
3323 5374 3629 5445 implicatos

2068 5485 2188 5526 esse
2227 5469 2697 5539 deprehendimus.
2744 5466 2878 5521 Nam
2929 5466 3251 5520 audiverunt
3278 5487 3319 5531 _:
3352 5464 3445 5522 Vae
3488 5466 3635 5534 genti

2071 5562 2347 5631 improbae,
2412 5560 2606 5630 popqu
2663 5558 2809 5613 vitiis
2839 5565 3038 5613 onusto
3064 5596 3079 5622 ,
3129 5556 3325 5614 semini
3365 5555 3633 5622 maleﬁco,
