4132 6316
439 367 513 426 89
1437 361 1496 416 8.
1537 359 1809 418 CYBILLI
1851 357 2318 415 ALEXANDRINI
2357 357 2673 413 ARClllEP.
3628 363 3695 416 ω

441 480 564 537 ﬁliis
600 476 844 550 perditis.
875 474 1008 532 Cum
1061 490 1191 531 vero
1226 475 1391 531 etiam
1416 478 1709 546 prophetas
1763 477 2007 531 trucida-

2119 474 2433 547 αἰτιάμασιν
2474 477 2694 546 ἐνόχους
2727 476 2885 540 ὄντας
2925 477 3248 548 εὑρήσομεν.
3290 478 3524 530 Ἤκουον
3565 480 3694 550 γὰρ.

440 573 592 637 rint,
639 569 848 639 ipsique
889 567 1124 631 Christo,
1164 568 1404 622 omnium
1453 579 1697 623 nostrum
1740 567 2014 623 Servatori

439 664 636 733 impias
689 676 880 715 manus
913 660 1198 715 attulerint
1230 676 1246 713 :
1279 661 1404 714 hinc
1433 669 1488 714 et
1510 660 1727 729 quidem
1753 659 1878 729 jure
1921 673 2014 728 op-

443 757 572 809 timo
588 753 957 822 gravissimam
977 751 1374 805 accusationem
1387 758 1440 803 et
1455 750 1520 804 ad
1545 749 2011 804 condemnandum

440 845 572 900 eatis
597 841 880 912 capitalem
907 825 1280 904 illisintendit,
1321 839 1508 891 dicens
1533 855 1548 891 :
1584 835 1773 889 Manus
1803 844 2004 888 vestrae

438 936 611 1006 plena:
649 943 777 988 sunt
817 932 1101 999 sanguine.
1133 930 1342 985 Avertit
1390 938 1570 982 autem
1617 925 1812 982 faciem
1842 925 2007 989 Deus,

437 1038 493 1082 et
537 1026 717 1088 Pater,
751 1024 854 1093 17
879 1023 1077 1092 quippe
1124 1036 1232 1075 non
1281 1021 1558 1075 sustinens
1595 1018 1779 1072 videre
1823 1029 2012 1070 manus

436 1117 831 1173 homicidarum
881 1115 972 1168 lilii
997 1115 1075 1168 sui
1102 1112 1365 1177 sanguine
1401 1112 1678 1164 rubentes.

2118 568 2259 621 Οὐαὶ
2301 567 2454 630 ἔθνος
2512 568 2855 638 ἁμαρτωλὸν,
2915 568 3044 630 λαὸς
3106 568 3322 639 πλήρης
3389 571 3693 641 ἁμαρτιῶν,

2119 657 2340 729 σπέρμα
2377 660 2632 731 πονηρὸν,
2665 661 2772 712 υίοὶ
2795 661 3003 730 ἄνομοι.
3046 661 3260 731 Ἐπειδὴ
3285 661 3339 714 δὲ
3364 663 3693 716 ἀπεκτόνασι

2115 749 2244 810 τοὺς
2293 751 2597 821 προφήτας,
2641 751 2735 803 καὶ
2787 752 2936 822 αύτῷ
2974 750 3072 814 τὰς
3118 754 3368 815 ἀνοσίους
3418 755 3694 823 ἐπήγαγον

2115 839 2304 906 χεῖρας
2346 838 2424 907 τῷ
2458 844 2675 893 πάντων
2706 840 2863 910 ἡμῶν
2903 843 3108 913 σωτῆρι
3141 844 3394 913 Χριστῷ,
3427 843 3594 915 ταύτῃ
3611 861 3692 896 τοι

2116 927 2208 979 καὶ
2235 928 2378 996 μάλα
2409 931 2633 994 είκότως
2659 931 2719 984 τὺ
2744 933 3089 1003 παγχάλεπον
3115 933 3383 1005 ἔγκλημα,
3411 936 3503 987 καὶ
3525 935 3584 987 τὸ
3613 938 3690 998 είς

2120 1016 2302 1070 πᾶσαν
2350 1019 2673 1088 κατάκρισιν
2716 1020 2918 1091 ἀρκοῦν
2962 1022 3142 1084 αὐτοῖς
3185 1023 3454 1092 ἐπιφέρει,
3495 1021 3688 1088 λέγων’

2115 1106 2182 1156 Δί
2208 1107 2386 1176 χεῖρες
2426 1107 2580 1178 ὑμῶν
2625 1111 2853 1180 αἵματος
2886 1111 3133 1180 πλήρεις.
3175 1111 3606 1182 Ἀποστρέφειδὲ
3635 1113 3692 1166 τὸ

436 1214 724 1280 πρόσωπον
749 1210 778 1262 6
799 1206 931 1270 Θεὸς
956 1207 1050 1260 καὶ
1078 1205 1289 1276 Πατὴρ,
1315 1205 1390 1266 ὡς
1413 1203 1544 1274 ὁρᾷν
1569 1200 1667 1254 οὐκ
1721 1196 2045 1268 ἀνεχόμενος
2082 1192 2160 1266 τῷ
2205 1197 2396 1267 αἵματι
2432 1199 2525 1252 τοῦ
2561 1200 2693 1254 Υίοῦ
2758 1203 3177 1273 πεφοινιγμένας
3215 1202 3292 1254 ἔτι
3320 1202 3428 1256 τῶν
3471 1209 3692 1273 μιαιφό-

435 1318 540 1354 νων
569 1302 665 1363 τὰς
685 1301 894 1370 χεῖρας.

506 1394 671 1447 V'ens.
713 1393 798 1444 16.
826 1388 1125 1452 Lavamini,
1165 1385 1348 1440 mundi
1370 1395 1551 1439 estote.

427 1492 432 1496 ’
513 1483 756 1539 Peccatis
794 1482 845 1533 in
885 1479 1201 1533 memoriam
1233 1478 1527 1540 revocatis,
1557 1489 1651 1530 eos
1679 1473 2010 1541 despondere

441 1575 681 1630 animum
718 1587 822 1624 non
858 1569 1008 1631 sinit,
1051 1569 1144 1622 sed
1177 1568 1406 1638 gratiam
1437 1582 1502 1620 ex
1539 1566 1772 1620 bonitate
1801 1573 1856 1618 et
1900 1563 2012 1618 cle-

442 1665 642 1720 meutia
689 1660 983 1730 profectam
1028 1659 1408 1729 percommode
1448 1657 1628 1724 infert,
1666 1670 1765 1712 nec
1801 1653 2011 1709 fraudat

2183 1379 2523 1443 Λούσασθε,
2551 1379 2798 1448 καθαροὶ
2829 1380 3090 1449 γίνεσθε.

2184 1468 2354 1522 Πάλιν
2391 1469 2586 1532 αὐτοὺς
2625 1472 2705 1534 εἰς
2732 1472 3036 1541 ἀνάμνησιν
3063 1473 3171 1526 τῶν
3205 1473 3559 1544 ἠσεϐημένων
3590 1479 3688 1531 αὑ-

2111 1561 2226 1622 τοῖς
2277 1559 2520 1627 ἐνεγκὼν
2572 1560 2970 1628 ἀπογινώσκειν
3012 1565 3112 1616 οὐκ
3166 1565 3248 1634 ἐᾷ.
3304 1565 3583 1637 Ἐπιφέρει
3633 1569 3687 1622 δὲ

2113 1649 2404 1720 χρησίμως
2425 1651 2525 1722 τὴν
2545 1650 2605 1716 ἐξ
2635 1653 2968 1722 ἡμερότητος
2998 1657 3154 1724 χάριν
3202 1657 3309 1710 Καὶ
3333 1659 3433 1712 οὐκ
3456 1659 3689 1732 ἐξείργει

440 1772 536 1810 cos
564 1753 847 1815 beneficio,
885 1751 1026 1819 quod
1063 1764 1159 1819 per
1181 1747 1456 1803 Christum
1480 1748 1732 1802 omnibus
1759 1760 1856 1815 per
1890 1743 2006 1797 uni-

2119 1741 2215 1811 τῆς
2246 1742 2455 1812 δωρεᾶς
2495 1742 2599 1810 τῆς
2639 1743 2995 1816 προτεθείσης
3027 1747 3114 1799 διὰ
3156 1749 3392 1818 Χριστοῦ
3430 1753 3542 1814 τοῖς
3587 1753 3689 1805 ἀνὰ

439 1859 655 1900 versum
701 1854 967 1897 terrarum
1008 1840 1194 1894 orbem
1226 1848 1312 1894 est
1357 1839 1716 1908 propositum.
1763 1855 1782 1887 ι
1817 1834 2014 1890 Omnes

439 1939 583 1994 enim
630 1935 1067 1997 declinaverunt,
1109 1932 1272 1987 simul
1304 1933 1522 1986 inutiles
1562 1929 1688 1985 facti
1732 1937 1857 1984 sunt
1888 1928 1952 1982 ³³.
1991 1946 2009 1978 ι

440 2029 510 2084 Et
546 2028 811 2081 obnoxius
863 2023 1038 2078 factus
1078 2032 1164 2077 est
1203 2025 1432 2076 mundus
1481 2025 1607 2087 Deo,
1663 2023 1787 2090 quia
1829 2028 2016 2090 gentes

439 2130 747 2174 creaturam
776 2116 1078 2179 coluerunt,
1123 2113 1380 2168 lsraelita:
1416 2113 1593 2185 legem
1639 2112 1740 2167 sibi
1775 2124 1874 2180 per
1904 2108 2017 2164 Mo-

439 2225 551 2266 sem
605 2209 784 2264 datam
851 2206 1144 2260 violarunt.
1199 2205 1468 2260 Caeterum
1520 2206 1773 2274 gentibus
1836 2207 2014 2261 illuxit

437 2301 706 2363 Christus,
735 2310 789 2354 et
834 2299 902 2351 ad
945 2299 1242 2353 mirabilem
1269 2299 1389 2368 ejus
1431 2299 1606 2353 lucem
1629 2307 1836 2354 vocata:
1868 2307 2015 2365 sunt,

436 2403 494 2449 et
531 2396 620 2462 qui
669 2407 771 2445 non
807 2390 1032 2461 populus
1069 2392 1378 2459 quondam,
1430 2389 1558 2444 facti
1599 2399 1725 2444 sunt
1759 2389 2006 2458 populus.

438 2480 604 2535 Judaai
635 2492 814 2534 autem
867 2477 1050 2532 miseri
1101 2479 1153 2531 in
1187 2479 1362 2546 ipsum
1409 2477 1727 2531 debaccltati
1775 2485 1920 2541 sunt,
1963 2485 2018 2530 et

438 2570 744 2639 Principem
775 2570 896 2620 vitae
936 2570 1050 2621 neci
1081 2568 1344 2621 dederunt
1376 2566 1558 2634 impie,
1583 2566 1798 2619 etiamsi
1828 2579 2016 2620 rursus

439 2669 500 2715 ut
533 2661 670 2713 Deus
718 2659 930 2712 revixit.
957 2656 1097 2722 Quia
1131 2671 1258 2708 vero
1290 2656 1460 2708 bonus
1489 2663 1591 2716 est,
1623 2664 1675 2708 et
1695 2669 1883 2710 omnes
1917 2655 2016 2707 lio-

439 2750 616 2804 mines
647 2747 847 2802 servari
885 2747 1019 2808 vult,
1064 2755 1119 2798 et
1167 2745 1233 2796 ad
1277 2744 1606 2812 agnitionem
1637 2743 1883 2797 veritatis
1921 2758 2017 2795 ve-

440 2840 582 2903 nire,
619 2839 830 2906 illisque
856 2840 992 2910 adeo
1016 2835 1154 2888 viam
1177 2835 1368 2888 salutis
1392 2831 1736 2900 patefacere:
1766 2847 1859 2888 eos
1884 2847 2018 2902 quo-

435 2944 549 3000 que
579 2931 735 2999 jubet
767 2934 984 2996 peccata
1008 2925 1261 2993 abjicere,
1284 2923 1607 2993 justilicatos
1627 2923 1795 2991 gratis
1823 2933 1879 2976 et
1910 2939 2014 2976 non

431 3033 510 3074 ex
541 3018 794 3088 Operibus
834 3016 986 3084 legis,
1032 3016 1140 3068 imo
1180 3015 1351 3083 magis
1391 3028 1483 3082 per
1513 3012 1672 3066 fidem
1715 3023 1771 3066 et
1798 3027 2014 3066 sacrum

2117 1835 2296 1886 πᾶσαν
2344 1836 2444 1904 τὴν
2499 1836 2589 1888 ὑπ’
2638 1835 2881 1904 οὐρανόν.
2937 1856 2954 1888 t
2991 1838 3199 1901 Πάντες
3238 1839 3346 1911 γὰρ
3390 1841 3685 1906 ἐξέκλιναν,

2117 1924 2236 1994 ἅμα
2263 1923 2662 1996 ὴχρειώθησαν.
2698 1945 2715 1977 ι
2759 1928 2868 1980 Καὶ
2895 1927 3143 1991 ὑπόδικος
3169 1929 3388 1997 γέγονεν
3427 1933 3454 1983 ό
3486 1932 3689 2003 κόσμος

2115 2014 2191 2084 τῷ
2228 2013 2366 2084 Θεῷ,
2401 2014 2509 2067 τῶν
2557 2015 2656 2086 μὲν
2695 2015 2865 2068 ἐθνῶν
2907 2020 2970 2086 τῇ
3013 2019 3184 2098 κτίσει
3234 2019 3685 2091 λελατρευκότων,

2115 2104 2222 2157 τῶν
2248 2123 2310 2172 γε
2336 2106 2438 2175 μὴν
2471 2106 2758 2179 ἐξἸσραὴλ
2779 2109 2869 2162 τὸν
2888 2109 2977 2162 διὰ
2998 2111 3239 2174 Μωσέως
3267 2112 3444 2175 αὐτοῖς
3471 2112 3687 2167 δοθέντα

2116 2193 2579 2264 παραϐεϐηκότων
2628 2197 2808 2265 νόμον.
2853 2197 2988 2250 Ἀλλ’
3022 2198 3332 2267 ἐπέλαμψεν
3378 2201 3406 2252 6
3456 2202 3687 2270 Χριστὸς

2114 2287 2226 2347 τοῖς
2259 2284 2455 2352 ἔθνεσι,
2492 2289 2588 2340 καὶ
2627 2287 2887 2357 κέκληται
2931 2289 3066 2358 πρὸς
3098 2289 3158 2341 τὸ
3188 2289 3495 2360 θαυμαστὸν
3521 2292 3686 2344 αὑτοῦ

2116 2376 2252 2445 φῶς·
2289 2377 2382 2429 καὶ
2405 2379 2432 2430 6
2461 2377 2589 2430 ποτέ
2618 2380 2678 2430 οὐ
2701 2379 2850 2443 λαὸς,
2886 2381 3138 2448 γεγόνασι
3166 2380 3309 2445 λαός.
3361 2381 3600 2435 Ἰουδαῖοί
3623 2399 3686 2450 γε

2119 2466 2227 2536 μὴν
2279 2467 2330 2519 οἱ
2365 2467 2592 2530 τάλανες
2644 2470 3113 2540 πεπαροινήκασιν
3157 2471 3236 2533 εἰς
3291 2471 3546 2540 Χριστὸν,
3594 2473 3688 2524 καὶ

2117 2558 2360 2627 ἀρχηγὸν
2389 2558 2516 2612 ὄντα
2545 2559 2643 2628 τῆς
2668 2559 2811 2630 ζωῆς
2839 2561 3204 2614 ἀπεκτόνασιν
3238 2562 3486 2625 ἀνοσίως,
3517 2564 3564 2617 εἰ
3596 2563 3687 2618 καὶ

2116 2649 2315 2702 ἀνεϐίω
2349 2649 2509 2703 πάλιν
2528 2651 2604 2715 ὡς
2629 2652 2780 2712 Θεός.
2825 2652 3039 2723 Ἐπειδὴ
3071 2653 3128 2706 δέ
3163 2655 3310 2706 ἐστιν
3336 2653 3555 2720 ἀγαθὸς.
3595 2655 3688 2706 καὶ

2118 2740 2326 2801 πάντας
2360 2740 2676 2810 ἀνθρώπους
2709 2743 2853 2795 θέλει
2889 2744 3146 2814 σωθῆναι,
3173 2744 3268 2796 καὶ
3293 2745 3370 2806 εἰς
3397 2744 3688 2812 ἐπίγνωσιν

2119 2829 2374 2900 ἀληθείας
2401 2829 2880 2902 ἐλθεῖν,ἀνευρύνει
2907 2836 2998 2887 καὶ
3036 2835 3197 2897 αὐτὸς
3239 2835 3340 2904 τὴν
3375 2835 3476 2904 τῆς
3512 2852 3688 2907 σωτης

2121 2921 2243 2992 ρίας
2285 2921 2404 2972 ὁδὸν
2445 2921 2538 2973 καὶ
2564 2922 2962 2992 ἀποκρούεσθαι
2993 2925 3206 2979 κελεύει
3253 2927 3320 2979 τὰ
3346 2926 3686 2996 ἐγκλήματα,

2117 3012 2495 3082 δικαιουμένου
2525 3012 2730 3084 δωρεὰν
2774 3015 2867 3067 καὶ
2895 3016 2995 3071 οὐκ
3034 3017 3091 3080 ἐξ
3117 3016 3291 3085 ἔργων
3319 3019 3501 3087 νόμου.
3539 3021 3692 3074 Μᾶλ-

439 3110 726 3179 baptisma,
761 3109 986 3176 ideoque
1015 3107 1090 3158 ait
1119 3122 1132 3158 :
1159 3124 1177 3156 ι
1212 3103 1511 3171 Lavamini,
1546 3104 1732 3157 mundi
1765 3113 1958 3157 estote.
1992 3122 2010 3154 ι

2119 3103 2207 3156 λον
2243 3103 2299 3156 δὲ
2321 3103 2409 3156 διὰ
2445 3105 2544 3174 τῆς
2573 3105 2827 3168 πίστεως,
2855 3107 2947 3162 καὶ
2979 3107 3073 3160 τοῦ
3104 3109 3259 3175 ἁγίου
3295 3108 3686 3182 βαπτίσματος,

440 3200 592 3267 Quod
625 3210 776 3252 vetus
806 3199 889 3252 lex
931 3197 1095 3251 etiam
1134 3195 1238 3249 illis
1268 3210 1363 3263 per
1390 3197 1609 3248 umbras
1646 3195 1924 3263 figuravit,
1957 3204 2012 3247 et

443 3293 672 3360 gratiam
705 3305 798 3356 per
826 3296 1039 3342 sacrum
1065 3287 1338 3340 lavacrum
1375 3298 1501 3339 ante
1523 3289 1851 3354 przmlicavit.
1879 3288 2020 3339 Di-xit

443 3383 586 3436 enim
621 3381 816 3433 alicubi
863 3381 1003 3431 Deus
1040 3381 1106 3430 ad
1131 3380 1464 3430 sacerdotem
1503 3376 1740 3430 Mosem:
1776 3395 1794 3427 ι
1823 3377 2019 3445 Accipe

445 3474 665 3529 Levitas
694 3472 760 3526 de
796 3471 972 3526 medio
1003 3469 1233 3523 filiorum
1266 3468 1450 3532 Israel,
1480 3481 1531 3523 et
1557 3469 1868 3538 puriliCabis
1901 3485 2016 3535 eos,

443 3575 500 3620 et
538 3566 616 3620 sic
647 3564 814 3619 facies
847 3563 976 3631 ipsis
1025 3562 1454 3630 purificationem
1505 3577 1716 3616 eorum.
1755 3563 2018 3632 Asper-ges

444 3673 540 3714 eos
582 3673 718 3726 aqua
771 3655 1192 3725 puriticationis,
1249 3663 1302 3708 et
1359 3655 1707 3723 superveniet
1759 3656 2017 3707 novacula

445 3763 609 3817 super
647 3757 816 3800 totum
845 3762 1041 3814 corpus
1063 3761 1272 3810 eorum,
1301 3756 1354 3799 et
1380 3745 1636 3798 laVabunt
1667 3753 1844 3798 vestes
1867 3759 2016 3806 suas,

447 3855 510 3894 ac
534 3839 715 3891 mundi
745 3837 990 3892 erunt“.
1017 3855 1038 3888 ι
1073 3837 1202 3890 Dein
1233 3836 1535 3902 cuiusmodi
1561 3836 1785 3903 sitaqua
1828 3833 2014 3902 puriﬁ-

444 3931 697 3996 cationis,
741 3929 937 3984 Paulus
978 3929 1409 3998 sapientissimus
1463 3925 1679 3981 docebit
1727 3927 1874 3980 liisce
1903 3941 2020 3980 ver-

444 4025 530 4080 bis
566 4046 578 4081 :
617 4044 636 4076 ι
681 4024 736 4079 Si
767 4027 909 4079 enim
938 4026 1159 4096 sanguis
1191 4024 1467 4078 bin-orum
1497 4031 1552 4076 et
1590 4021 1910 4085 vitulorum,
1965 4029 2020 4074 et

443 4115 583 4169 cinis
625 4116 869 4184 juventae
919 4118 1176 4184 aspersus
1223 4114 1532 4181 inquinatos
1599 4111 1907 4167 sanctiﬁcat
1953 4112 2019 4166 ad

445 4209 628 4263 carnis
689 4209 1128 4261 emundationem
1190 4225 1204 4259 :
1269 4214 1473 4275 quanto
1549 4205 1720 4273 magis
1794 4202 2018 4271 sanguis

444 4301 648 4353 Christi
684 4299 764 4350 “?
793 4318 809 4348 ι
837 4300 1102 4364 Quocirca
1141 4299 1414 4352 carnalem
1460 4297 1675 4367 quidem
1709 4296 1795 4350 lex
1826 4311 2022 4349 emun-

2118 3196 2289 3266 ταύτῃ
2311 3213 2392 3248 τοι
2416 3198 2572 3266 φησί·
2601 3215 2619 3246 ι
2647 3197 2944 3256 Λούσασθε,
2975 3198 3203 3269 καθαροὶ
3223 3201 3496 3264 γένεσθε.)
3523 3202 3690 3257 Τοῦτο

2119 3285 2212 3338 καὶ
2242 3288 2270 3338 ὁ
2308 3284 2473 3338 πάλαι
2497 3286 2662 3355 νόμος
2692 3287 2874 3348 αὐτοῖς
2899 3287 2974 3348 ὡς
3004 3288 3060 3338 ἐν
3090 3290 3268 3351 σκιαῖς
3293 3290 3564 3355 διετύπου,
3597 3291 3690 3345 καὶ

2121 3379 2560 3448 προανεκήρυττε
2589 3379 2689 3448 τὴν
2713 3381 2871 3450 χάριν
2912 3381 3012 3450 τὴν
3049 3380 3137 3434 διὰ
3176 3383 3269 3434 τοῦ
3303 3383 3459 3452 ἁγίου
3499 3383 3691 3454 βαπτίσι

2122 3487 2344 3539 σματος.
2397 3471 2539 3541 Ἔφη
2571 3473 2679 3542 γάρ
2717 3489 2818 3525 που
2864 3473 2993 3537 Θεὸς
3047 3473 3184 3545 πρὸς
3229 3475 3320 3527 τὸν
3369 3477 3692 3547 ἱεροφάντην

2119 3563 2344 3615 Μωσέαο
2399 3581 2417 3614 ιι
2454 3562 2599 3616 Λάϐε
2655 3565 2782 3627 τοὺς
2824 3566 3056 3630 Λευττας
3098 3568 3161 3619 ἐκ
3203 3567 3368 3636 μέσου
3413 3569 3522 3620 τῶν
3558 3569 3691 3620 υἱῶν

2134 3654 2366 3726 Ἰσραὴλ,
2410 3657 2504 3709 καὶ⁹
2527 3657 2707 3722 ἁγνιεῖ
2738 3659 2956 3722 αὐτοὺς,
2985 3659 3078 3711 καὶ
3103 3657 3276 3720 οὕτως
3315 3661 3561 3728 ποιήσεις
3590 3664 3688 3715 αὺ-

2119 3747 2230 3808 τοῖς
2273 3746 2364 3798 τὸν
2401 3746 2664 3815 ἁγνισμὸν
2691 3746 2888 3801 αὐτῶν.
2937 3748 3294 3819 Περιρῥανεῖς
3320 3748 3515 3811 αὐτοὺς
3549 3749 3691 3820 ὕδωρ

2121 3835 2410 3906 ἁγνισμοῦ,
2457 3838 2551 3889 καὶ
2597 3837 2946 3890 ἐπελεύσεται
2989 3837 3151 3909 ξυρὸν
3183 3839 3274 3890 ἐπὶ
3305 3840 3411 3892 πᾶν
3441 3839 3501 3892 τὸ
3533 3840 3690 3910 σῶμα

2120 3929 2318 3983 αὐτῶν.
2353 3930 2462 3982 Καὶ
2489 3929 2748 3983 πλυνοῦσι
2782 3931 2849 3984 τὰ
2883 3933 3072 4001 ἱμάτια
3101 3933 3299 3996 αὐτῶν,
3338 3935 3430 3985 καὶ
3463 3934 3691 4004 καθαροὶ

2120 4020 2355 4077 ἔσονται.
2399 4039 2419 4073 ι
2459 4019 2591 4075 Εἶτα
2617 4025 2768 4075 ποῖον
2797 4024 2915 4078 ἐστι
2932 4023 2990 4074 τὸ
3022 4023 3163 4094 ὕδωρ
3194 4023 3287 4076 τοῦ
3323 4025 3585 4094 ἁγνισμοῦ
3615 4026 3692 4079 δι·-

2119 4113 2268 4176 δάξει
2299 4112 2469 4180 λέγων
2502 4115 2530 4165 6
2563 4113 2870 4182 σοφώτατος
2900 4113 3132 4176 Παῦλος·
3173 4133 3190 4164 ι
3237 4115 3298 4167 Εἰ
3328 4116 3434 4184 γάρ
3461 4115 3520 4166 τὸ
3552 4109 3691 4185 αἷμα

2119 4203 2338 4274 τράγων
2361 4203 2453 4255 καὶ
2485 4202 2718 4272 μόσχων,
2738 4205 2830 4256 καὶ
2853 4203 3046 4266 σποδὸς
3069 4203 3348 4272 δαμάλεως
3373 4206 3690 4273 ῥαντίζουσα

2119 4295 2246 4357 τοὺς
2297 4294 2725 4363 κεκοινωμένους
2772 4292 2985 4362 ἁγιάζει
3029 4294 3164 4369 πρὸς
3199 4295 3296 4365 τὴν
3350 4295 3450 4364 τῆς
3493 4296 3693 4367 σαρκὸς

446 4389 717 4444 datiouem
745 4404 839 4456 per
865 4404 1060 4456 aquam
1088 4389 1484 4456 purificationis
1511 4388 1690 4443 effecit
1719 4407 1736 4442 :
1769 4387 2015 4442 Christus

2121 4387 2486 4457 καθαρότητα,
2518 4387 2668 4456 πόσῳ
2703 4385 2902 4456 μᾶλλον
2942 4387 3003 4439 τὸ
3025 4381 3165 4457 αἷμα
3198 4389 3238 4439 Χ
3250 4387 3465 4457 ριστοῦ;
3495 4405 3513 4439 ι
3549 4389 3693 4441 Οὐκ-ν

447 4491 628 4533 autem
667 4494 760 4548 per
800 4480 1124 4547 baptismum
1165 4492 1356 4530 omnes
1401 4480 1590 4531 sordes
1629 4479 1797 4530 animi
1836 4480 2017 4531 deter-

447 4571 544 4641 git.
578 4569 838 4636 Ba-ptilali
877 4567 1020 4620 enim
1061 4582 1247 4620 sumus
1294 4567 1499 4634 Spiritu
1546 4579 1734 4620 saneto
1777 4576 1830 4620 et
1872 4567 2017 4634 igne.

450 4664 542 4730 qui
574 4659 828 4726 excoquit
860 4673 1021 4713 Omne
1056 4659 1166 4711 vitii
1195 4673 1361 4728 genus
1394 4659 1446 4711 in
1496 4660 1650 4712 nobis
1684 4667 1739 4712 et
1767 4661 2011 4728 collique-

445 4751 578 4806 facit
601 4751 1018 4819 quodammodo,
1054 4759 1110 4802 et
1153 4762 1210 4804 iit
1237 4750 1482 4802 inutilem
1515 4751 2018 4820 materiam,quasl-

447 4856 552 4912 que
576 4841 898 4910 quisquilias
942 4841 1201 4894 absumit.
1255 4839 1388 4893 Nam
1423 4840 1527 4894 hoc
1576 4842 1714 4906 ignis
1763 4857 1900 4911 opus
1937 4852 2020 4897 est

443 4941 499 4986 et
534 4933 828 5001 proprium.
867 4929 1093 4984 Planum
1123 4929 1252 4984 facit
1281 4931 1381 4984 lioc
1423 4929 1483 4987 Β.
1511 4930 1732 5000 Paulus,
1779 4934 1966 4987 dicens
2000 4953 2014 4987 :

449 5042 472 5077 ι
510 5022 613 5078 Per
644 5023 802 5076 ﬁdem
825 5023 1089 5076 divinitus
1123 5023 1436 5076 admonitus
1467 5022 1578 5077 Noe
1608 5025 1814 5092 aptavit
1834 5039 2016 5077 arcam

440 5115 500 5170 lu
519 5115 744 5170 salutem
764 5115 954 5170 domus
976 5129 1090 5169 sua:
1113 5113 1179 5180 ",
1211 5132 1230 5166 ι
1268 5115 1320 5168 in
1339 5130 1441 5182 qua
1461 5129 1642 5183 paucae
1672 5105 1772 5169 ltoc
1788 5125 1891 5179 est,
1915 5116 2021 5189 ιε

443 5217 569 5262 octo
592 5208 785 5262 anima:
816 5218 1151 5262 conservata:
1178 5215 1305 5261 sunt
1333 5207 1384 5259 in
1411 5222 1548 5275 aqua
1579 5224 1592 5263 :
1623 5225 1642 5259 ι
1671 5207 1827 5277 cujus
1848 5208 2017 5276 figura

443 5297 768 5364 baptismus,
795 5313 940 5353 nunc
973 5307 1156 5354 servat
1172 5313 1290 5366 nos,
1317 5299 1406 5368 qui
1443 5314 1551 5354 non
1577 5308 1663 5355 est
1688 5301 1869 5354 carnis
1898 5314 2017 5353 sor-

445 5386 596 5440 dium
625 5390 919 5458 depositio,
957 5389 1050 5442 sed
1083 5389 1427 5444 conscientia.-
1477 5391 1629 5444 bona:
1667 5389 2017 5459 interrogatio

447 5474 503 5532 ln
535 5478 702 5533 Deum
729 5479 796 5532 ³τ.
830 5497 849 5531 i
881 5480 1034 5547 Quod
1067 5477 1357 5534 Judaicum
1399 5480 1655 5549 papulum
1699 5481 1879 5535 facere
1913 5496 2022 5535 mo-

446 5573 539 5623 net
566 5607 581 5630 ,
646 5567 871 5624 dicens:
910 5588 930 5621 ι
969 5569 1188 5634 Lavate,
1241 5571 1423 5624 mundi
1468 5580 1683 5624 estate:
1723 5590 1741 5622 ι
1780 5572 1884 5626 hoc
1911 5583 2015 5636 est,

518 5746 567 5783 ”
592 5744 736 5806 Paal.
773 5759 890 5808 vui,
925 5745 978 5798 3.
1054 5747 1100 5777 ³⁸
1126 5745 1286 5803 Nam.
1322 5763 1441 5809 vni,
1472 5747 1503 5798 7
1525 5763 1639 5817 seq.

1746 5750 1789 5781 "
1821 5748 1986 5804 Hebr.
2018 5765 2093 5817 ix,
2125 5750 2208 5818 l3,
2248 5750 2334 5803 Η.
2414 5750 2458 5781 ³⁸
2492 5749 2655 5804 Hebr.
2699 5765 2772 5814 xi,
2808 5749 2857 5800 7.

2121 4476 2216 4529 οῦν
2255 4475 2522 4546 σαρκικὴν
2555 4475 2652 4545 μὲν
2680 4476 2707 4526 6
2737 4477 2896 4545 νόμος
2926 4477 3159 4529 ἐποιεῖτο
3181 4476 3278 4546 τὴν
3306 4477 3572 4546 κάθαρσιν
3603 4479 3695 4537 διὰ

2116 4568 2216 4625 τοῦ
2242 4567 2430 4630 ὕδατος
2447 4567 2541 4620 τοῦ
2577 4555 2862 4636 ἁγνισμοῦ.
2889 4568 3187 4636 Διασμήχει
3211 4567 3264 4619 δὲ
3292 4570 3320 4622 6
3347 4568 3578 4640 Χριστὸς
3605 4569 3693 4627 διὰ

2119 4660 2214 4714 τοῦ
2243 4661 2397 4727 ἁγίου
2433 4659 2806 4729 βαπτίσματος
2863 4661 3038 4712 πάντα
3065 4659 3236 4729 ῥύπον
3263 4659 3417 4730 ἡμῶν
3442 4659 3688 4729 ψυχικόν.

2121 4751 2542 4820 Βεϐαπτξσμεθα
2573 4752 2682 4820 γὰρ
2711 4753 2768 4803 ἐν
2795 4751 3068 4821 Πνεύματι
3097 4751 3235 4820 ἁγίῳ
3267 4751 3361 4804 καὶ
3401 4752 3553 4821 πυρὶ,
3586 4753 3692 4806 πᾶν

2121 4839 2260 4905 εἶδος
2289 4842 2386 4912 τῆς
2411 4843 2468 4893 ὲν
2492 4844 2624 4912 ἡμῖν
2645 4839 2977 4910 φαυλότητος
3006 4841 3285 4909 μονονουχὶ
3317 4843 3691 4912 συντήκοντος,

2124 4935 2218 4990 καὶ
2259 4935 2335 4997 ὡς
2389 4935 2659 5004 ἄχρηστον
2697 4931 3042 4994 δαπανῶντός
3074 4948 3194 4986 τινα
3235 4932 3498 5003 συρφετὸν
3539 4932 3690 5000 ὕληνν

2124 5027 2284 5097 ἔργον
2329 5026 2438 5096 γὰρ
2469 5025 2624 5079 τοῦτο
2669 5025 2856 5096 πυρός.
2901 5022 3069 5075 Τοῦτό
3112 5040 3192 5080 τοι
3227 5024 3319 5076 καὶ
3362 5027 3390 5075 6
3424 5023 3694 5092 μακάριος

2125 5119 2337 5183 Παῦλος
2365 5121 2637 5185 διασαφεῖ,
2669 5117 2859 5187 λέγων·
2893 5133 2911 5166 ι
2945 5116 3129 5168 Πίστει
3152 5113 3543 5185 χρηματισθεὶς
3569 5111 3692 5165 Νῶε

2125 5206 2495 5263 κατεσκεύασε
2548 5205 2777 5258 κιϐωτὸν
2829 5206 2909 5268 είς
2954 5204 3227 5273 σωτηρίαν
3271 5203 3364 5256 τοῦ
3401 5203 3548 5256 οἴκου
3592 5201 3692 5252 αὑ.

2121 5299 2238 5361 τοῦ,
2284 5319 2302 5350 ι
2338 5300 2417 5361 είς
2440 5298 2508 5369 ἡν
2538 5297 2737 5365 ὀλίγαι,
2769 5295 2914 5349 τοῦτ’
2945 5295 3112 5361 ἐστιν,
3139 5293 3281 5348 ὀκτὼ
3309 5292 3479 5362 ψυχαὶ
3508 5289 3696 5344 διεσώ-

2125 5389 2297 5458 θησαν
2321 5387 2384 5442 δι’
2409 5386 2617 5452 ὓδατος.
2653 5406 2671 5439 ι
2709 5388 2776 5439 Ὅ
2799 5386 2892 5438 καὶ
2919 5387 3066 5456 ἡμᾶς
3096 5384 3386 5438 ἀντίτυπον
3414 5381 3510 5437 νῦν
3535 5379 3694 5444 σώζει

2128 5479 2433 5552 βάπτισμα,
2466 5482 2526 5534 οὐ
2553 5480 2755 5551 σαρκὸς
2784 5479 3039 5541 ἀπόθεσις
3065 5475 3258 5548 ῥύπου,
3293 5473 3428 5527 ἀλλὰ
3459 5473 3695 5542 συνειδή-

2128 5587 2267 5635 σεως
2295 5571 2504 5640 ἀγαθῆς
2543 5571 2874 5642 ἐπερώτημα
2899 5573 2977 5634 εἰς
2995 5569 3148 5622 Θεόν.
3181 5586 3200 5620 ι
3234 5567 3298 5619 ’0
3324 5565 3386 5636 δὴ
3410 5566 3500 5621 καὶ
3513 5565 3692 5634 αὐτοῖς

2914 5745 3148 5807 "lPetr.
3181 5761 3261 5813 in,
3287 5743 3380 5805 ει.
