4134 6304
379 443 442 498 il
1237 467 1243 471 -
1537 432 1606 486 IN
1647 430 1880 487 lSAlAM
1922 431 2049 488 LIB.
2092 432 2133 488 l.
2175 431 2383 489 ORAT.
2424 431 2466 486 1.
3550 433 3624 491 ις

379 557 596 612 ἑλέσθαι
621 558 751 630 δρᾷν
775 559 886 621 τοῖς
919 555 1184 609 Ἰουδαίων
1212 553 1402 624 δήμοις
1451 552 1828 622 συμϐουλεύει,
1861 553 1949 605 λέ-

2059 552 2261 608 abluite
2310 551 2596 614 maculam,
2645 549 2979 620 jnstiiicante
3004 562 3102 605 vos
3138 561 3209 604 ex
3257 545 3543 603 clementia
3571 558 3630 605 et

379 666 510 717 γωιν
556 669 576 701 t
623 648 921 711 Λούσασθε,
971 646 1202 716 καθαροὶ
1248 645 1490 712 γένεσθε·
1528 662 1547 694 ι
1589 643 1735 697 τοῦτ’
1775 644 1945 706 ἔστιν,

379 736 711 807 ἀπονίψασθε
738 736 835 806 τὴν
866 735 1076 805 κηλῖδα,
1116 733 1448 795 δικαιοῦντος
1475 734 1624 804 ἡμᾶς
1656 733 1714 800 ἐξ
1744 733 1948 803 ήμερό-

376 846 536 898 τητος
569 828 661 881 καὶ
692 827 1100 897 φιλανθρωπίας
1135 825 1227 878 τοῦ
1257 827 1383 896 παρ’
1415 824 1568 895 ὑμῶν
1594 824 1943 895 ὑϐρισμένου.

375 921 717 990 Εὑρίσκομεν
741 919 796 972 δὲ
827 921 920 972 καὶ
947 918 1037 971 τὸν
1059 916 1342 971 θεσπέσιον
1361 916 1566 987 Πέτρον
1594 916 1950 986 ἐπιπλήττον-

375 1030 444 1065 τα
467 1012 570 1084 μὲν
601 1014 782 1075 αὐτοῖς
807 1011 882 1074 ὡς
914 1010 1236 1064 ἀπεκτονόσι
1270 1010 1360 1062 τὸν
1393 1009 1493 1080 τῆς
1519 1007 1666 1077 ζωῆς
1686 1007 1946 1078 ἀρχηγὸν,

373 1104 472 1159 καὶ
500 1105 783 1175 αἰτήσασιν
816 1101 982 1174 ἄνδρα
1012 1101 1175 1170 φονέα
1204 1099 1533 1172 χαρισθῆναι
1573 1099 1774 1163 αὐτοῖς,
1806 1099 1946 1152 τοῦτ’

2057 645 2407 714 benignitate,
2448 657 2535 707 eo,
2561 642 2652 712 qui
2701 643 2840 711 apud
2880 656 2975 697 vos
3012 640 3355 697 contumeliis
3399 638 3626 696 all'ectus

2055 745 2160 793 est.
2215 735 2469 792 Videmus
2510 737 2672 792 etiam
2729 738 2968 793 divinum
3036 736 3256 793 Petrum
3300 752 3396 795 eos
3446 738 3627 793 incre-

2055 841 2204 896 pare,
2234 826 2377 895 quod
2426 828 2548 882 vitae
2601 829 2902 899 principem
2953 828 3346 896 interfecerint,
3389 841 3445 887 et
3481 829 3627 900 quod

2060 915 2420 979 homicidam,
2478 917 2688 972 scilicet
2743 916 3080 983 Barsbbam,
3128 917 3230 973 sibi
3285 919 3474 975 donari
3533 933 3628 987 po-

2057 1005 2398 1062 stulaverint.
2440 1007 2490 1063 is
2535 1017 2714 1063 tamen
2769 1010 2933 1064 etiam
2983 1011 3185 1066 excitat
3233 1009 3300 1064 ad
3357 1011 3628 1080 peniten-

2057 1097 2228 1165 tiam;
2290 1098 2364 1152 ait
2425 1101 2568 1154 enim
2613 1115 2627 1152 :
2671 1117 2692 1152 ι
2737 1100 2803 1155 Et
2852 1117 3033 1165 nunc,
3084 1102 3305 1168 fratres,
3361 1101 3477 1157 scio
3531 1116 3630 1157 vos

375 1194 492 1248 ἔστι
518 1196 608 1249 τὸν
627 1194 916 1267 Βαραῦἀμ.
950 1195 1098 1265 Πλὴν
1123 1193 1495 1247 διανίστανται
1523 1190 1657 1261 πρὸς
1679 1191 1952 1260 μετάγνω-

2054 1206 2144 1261 per
2174 1191 2530 1261 ignorantiam
2579 1190 2791 1257 fecisse,
2834 1192 2974 1246 sicut
3016 1201 3073 1247 et
3113 1192 3384 1262 principes
3433 1193 3625 1250 vestri.

377 1303 500 1340 σινο
531 1287 635 1359 ἔφη
689 1287 800 1358 γάρ
826 1303 838 1315 ο
882 1305 899 1338 t
934 1287 1044 1340 Καὶ
1083 1284 1201 1350 νῦν,
1241 1279 1633 1352 ἀδελφοὶ,ὀῖδα
1683 1283 1762 1335 ὅτι
1815 1282 1957 1336 κατὰ

375 1377 599 1446 ἄγνοιαν
661 1377 936 1445 ἐπράξατε
991 1376 1184 1446 ὥσπερ
1229 1375 1325 1428 καὶ
1379 1376 1426 1427 οἱ
1462 1374 1716 1444 ἄρχοντες
1774 1373 1950 1443 ὑμῶν.

375 1470 768 1540 Μετανοήσατε
796 1463 890 1520 οῦν
921 1466 1018 1518 καὶ
1048 1466 1393 1535 βαπτισθήτω
1417 1464 1643 1527 ἕκαστος
1674 1462 1831 1534 ὑμῶν
1861 1465 1955 1517 ἐπὶ

378 1561 456 1631 τῷ
498 1562 724 1631 ὀνόματι
771 1559 865 1612 τοῦ
914 1559 1116 1630 Κυρίου
1160 1559 1311 1629 ήμῶν
1357 1557 1527 1629 Ἰησοῦ
1566 1557 1825 1628 Χριστοῦ,
1862 1559 1959 1612 καὶ

2055 1282 2378 1352 Resipiscite
2426 1282 2611 1354 igitur,
2664 1293 2721 1339 et
2774 1284 3079 1354 baptizetur
3126 1285 3496 1355 unusquisque
3536 1300 3632 1340 ve-

2052 1379 2223 1427 strum
2259 1374 2311 1427 in
2343 1377 2560 1429 nomine
2605 1374 2816 1432 Domini
2849 1376 3015 1430 nostri
3038 1373 3166 1431 Jesu
3199 1375 3422 1443 Christi,
3449 1385 3504 1431 et
3531 1391 3630 1432 ac-

2051 1465 2266 1535 cipietis
2313 1466 2512 1521 donum
2567 1468 2804 1537 Spiritus
2860 1469 3056 1523 sancti.
3087 1467 3256 1524 Vobis
3301 1468 3445 1525 enim
3501 1478 3629 1524 sunt

2066 1560 2452 1628 promissiones
2472 1570 2527 1617 et
2556 1562 2681 1622 (iliis
2714 1563 2906 1618 vestris
2937 1563 3001 1618 “.
3043 1581 3064 1616 θ

378 1651 619 1723 λήψεσθε
678 1651 775 1722 τὴν
796 1649 1000 1722 δωρεὰν
1025 1650 1114 1702 τοῦ
1170 1649 1324 1717 ἁγίου
1355 1650 1686 1719 Πνεύματος.
1722 1648 1881 1719 Ὑμῖν
1907 1648 2016 1720 γάρ
2042 1649 2178 1702 εἰσιν
2202 1652 2258 1703 αἱ
2284 1651 2604 1720 ἐπαγγελίαι
2632 1653 2727 1706 καὶ
2754 1655 2866 1717 τοῖς
2891 1654 3101 1718 τέκνοις
3131 1653 3304 1724 ὑμῶν.
3343 1674 3364 1707 ι

465 1744 741 1813 Ἀερέλετε
780 1743 884 1809 τὰς
924 1742 1212 1810 πονηρίας
1246 1740 1363 1795 ἀπὸ
1398 1741 1514 1795 τῶν
1538 1740 1758 1818 ψυχῶν
1788 1738 1949 1810 ὑμῶν

2124 1741 2288 1796 Vens.
2330 1743 2417 1798 16.
2445 1745 2665 1814 Auferte
2705 1746 2847 1800 mala
2879 1762 2945 1800 ea:
2984 1746 3260 1801 animabus
3309 1747 3519 1814 vestris,
3559 1747 3626 1799 ab

383 1833 669 1888 ἀπέναντι
697 1833 811 1887 τῶν
840 1833 1156 1903 ὀφθαλμῶν
1185 1849 1327 1902 μου·
1355 1833 1674 1887 παύσασθε
1698 1833 1814 1886 ἀπὸ
1835 1832 1956 1886 τῶν

381 1922 675 1992 πονηριῶν
704 1921 889 1992 ὑμῶν.

458 2015 694 2084 Ἀπόχρη
728 2015 824 2084 μὲν
847 2012 980 2085 πρὸς
1013 2013 1271 2082 ἀπόνιψιν
1301 2012 1574 2083 ἁμαρτίας
1604 2010 1666 2064 τὸ
1688 2013 1954 2082 σωτήριον

374 2107 468 2161 καὶ
500 2106 652 2174 ἀγιον
684 2105 984 2175 βάπτισμα,
1013 2105 1106 2158 καὶ
1133 2104 1233 2174 τὴν
1268 2103 1373 2156 τῶν
1412 2103 1513 2174 ήδη
1548 2104 1956 2175 προεπταισμέ-

372 2216 479 2253 νων
532 2197 818 2269 διασμήχει
875 2194 1085 2266 κηλῖδα.
1122 2193 1334 2264 Χρῆναι
1380 2192 1437 2246 δέ
1478 2210 1619 2263 φημι
1646 2193 1771 2256 τοὺς
1803 2194 1955 2258 ἅπαξ

371 2291 754 2362 ήγιασμένους,
793 2285 1039 2358 καθαρὰς
1094 2287 1188 2340 καὶ
1227 2284 1512 2356 ἀμώμους,
1552 2285 1628 2348 ὠς
1661 2285 1726 2338 ἂν
1753 2280 1855 2338 οἷοί
1893 2301 1951 2337 τε

311 2383 325 2407 ‘
371 2378 503 2448 εἷεν,
533 2381 631 2444 τὰς
655 2379 860 2434 ἑαυτῶν
885 2379 1174 2449 φυλάττειν
1211 2376 1389 2446 ψυχὰς
1431 2374 1524 2429 καὶ⁵
1552 2374 1954 2444 διαμεμνῆσθαι

377 2475 475 2544 μὲν
521 2473 614 2526 τοῦ
652 2472 922 2541 λέγοντος·
959 2489 978 2522 t
1017 2470 1174 2541 Πάσῃ
1215 2469 1430 2538 φυλακῇ
1474 2469 1632 2537 τήρει
1683 2468 1781 2537 σὴν
1822 2484 1956 2538 καρο

374 2567 513 2619 δίαν.
546 2584 567 2618 ι
592 2567 704 2618 Καὶ
736 2565 918 2616 πάλιν·
967 2581 987 2614 t
1027 2563 1152 2616 Ἐὰν
1175 2560 1395 2629 πνεῦμα
1426 2559 1520 2611 τοῦ
1553 2558 1954 2624 ὲξουσιάζοντος

379 2657 556 2727 ἀναϐῇ
587 2657 680 2708 επὶ
710 2655 793 2720 σὲ,
819 2655 984 2707 τόπον
1015 2670 1109 2704 σου
1135 2651 1209 2721 (ι)
1243 2651 1318 2720 μὴ
1346 2650 1508 2719 ἀφῇς,
1531 2649 1608 2702 ὅτι
1634 2648 1764 2719 ἴαμα
1787 2665 1954 2702 κατα-

380 2748 583 2802 παύσει
609 2746 881 2816 ἀμαρτίας
920 2742 1182 2813 μεγάλας.
1224 2761 1241 2793 ι
1267 2741 1514 2793 Πλεῖσται
1542 2739 1640 2810 μὲν
1666 2741 1787 2793 ὅσαι
1817 2739 1954 2811 πρὸς

379 2841 447 2895 τὰ
468 2838 671 2909 αἰσχίω
701 2837 990 2907 βλέπουσαι
1020 2833 1114 2905 τὴν
1145 2832 1235 2885 τοῦ
1263 2831 1542 2901 ἀνθρώπου
1570 2830 1743 2902 ψυχὴν
1779 2848 1953 2885 κατα..

386 2930 625 2984 σείουσιν
675 2927 890 2998 ἡδοναὶ,
927 2925 1017 2978 καὶ
1064 2923 1167 2995 πρό
1200 2941 1260 2993 γε
1299 2923 1405 2976 τῶν
1449 2921 1643 2990 ἄλλων,
1688 2925 1717 2977 ὁ
1754 2925 1811 2978 ὲν
1840 2925 1954 2988 τοῖς

389 3021 580 3093 μέλεσι
615 3021 711 3091 τῆς
737 3017 930 3090 σαρκὸς
961 3015 1200 3088 ἔμφυτός
1227 3032 1286 3070 τε
1316 3017 1409 3070 καὶ
1444 3015 1739 3086 ἀγριαίνων
1767 3016 1947 3086 νόμος·

2058 1830 2222 1886 oculis
2255 1836 2423 1900 meis;
2458 1836 2706 1905 quiescit:
2735 1852 2768 1889 α
2796 1837 3009 1891 malitiis
3035 1837 3241 1892 vestris.

2127 2011 2205 2065 Ad
2241 2012 2445 2080 peccati
2486 2025 2718 2080 namque
2771 2011 3103 2066 ablutionem
3141 2009 3340 2066 sumsit
3381 2009 3624 2066 salutare

2055 2113 2111 2160 et
2148 2119 2362 2159 sacrum
2401 2103 2695 2168 lavacrum,
2742 2103 3109 2173 abstergitque
3156 2103 3496 2172 superiorum
3531 2106 3626 2159 de-

2056 2195 2303 2251 lictorum
2335 2195 2620 2251 maculam.
2646 2196 2746 2263 Qui
2771 2210 2901 2250 vero
2922 2195 3090 2250 semel
3118 2195 3443 2252 sanetillcati
3472 2205 3621 2260 sunt,

2054 2288 2262 2341 animas
2300 2302 2426 2342 suas
2456 2289 2633 2358 quoad
2682 2286 2797 2354 ejus
2826 2287 2939 2342 fieri
2980 2296 3182 2357 potest,
3219 2301 3384 2355 puras
3425 2296 3482 2341 et
3513 2286 3620 2342 illl-

2053 2377 2207 2432 batas
2240 2392 2459 2433 servare
2504 2385 2754 2447 oportere
2803 2378 2901 2443 ait,
2940 2389 2996 2431 et
3042 2391 3312 2432 memores
3339 2390 3461 2432 esse
3503 2374 3620 2444 eius

2054 2471 2142 2539 qui
2178 2471 2308 2525 dicit
2338 2487 2352 2523 :
2385 2489 2404 2522 ι
2446 2469 2604 2525 Omni
2637 2469 2878 2526 custodia
2910 2470 3068 2526 serva
3096 2483 3189 2527 cor
3219 2477 3370 2524 tuum
3393 2468 3462 2524 ³⁹.
3501 2487 3522 2523 ι
3558 2469 3625 2525 Et

2055 2574 2244 2616 rursus
2275 2577 2288 2614 :
2334 2578 2354 2611 ι
2405 2557 2463 2615 Si
2507 2561 2734 2631 spiritus
2766 2560 3098 2618 dominantis
3128 2561 3432 2618 ascenderit
3457 2560 3513 2615 in
3545 2570 3619 2626 te,

2054 2669 2148 2708 cer
2184 2663 2329 2707 tuum
2373 2668 2439 2708 ne
2478 2654 2741 2720 dimittas,
2777 2653 2904 2724 quia
2949 2653 3158 2712 medela
3204 2654 3465 2724 reprimet
3493 2668 3623 2723 pec.

2055 2755 2173 2799 cata
2220 2745 2383 2800 multa
2412 2746 2477 2802 ⁸ο.
2512 2763 2531 2798 ι
2565 2744 2821 2816 Voluptas
2870 2747 3012 2802 enim
3057 2760 3246 2817 magna
3292 2761 3413 2818 quae
3456 2748 3623 2803 etiam

2054 2851 2176 2893 cum
2228 2837 2560 2908 turpitudine
2608 2840 2896 2910 conjuncta
2943 2849 3050 2906 est,
3096 2840 3334 2896 hominis
3382 2839 3622 2895 animam

2055 2929 2366 2994 labefactat,
2403 2929 2774 3000 imprimisque
2818 2945 2928 3001 pra:
2976 2930 3095 2986 aliis
3138 2930 3223 2986 lex
3263 2931 3315 2985 in
3360 2933 3624 2988 membris

2056 3024 2239 3077 carnis
2287 3023 2447 3077 insita
2486 3034 2538 3076 et
2580 3021 2838 3089 efferata;
2887 3023 2952 3077 ad
3007 3023 3142 3090 haec,
3190 3038 3371 3092 prava
3414 3024 3622 3095 cogita.

383 3085 504 3166 εἶτα
530 3085 894 3183 πρὸς-τούτοις
917 3085 1258 3178 διαλογισμοὶ
1289 3085 1538 3180 πονηροὶ,
1567 3106 1701 3178 πρὸς
1735 3085 1843 3157 πᾶν
1877 3101 1952 3158 εἷ-

2058 3116 2236 3170 tiones
2283 3116 2336 3170 in
2378 3129 2539 3169 omne
2588 3116 2839 3168 vitiorum
2875 3129 3046 3184 genus
3091 3125 3329 3170 mentem
3379 3124 3623 3173 nostram

378 3205 467 3268 δος
498 3202 824 3273 φαυλότητος
853 3201 954 3254 οὐκ
980 3199 1222 3269 ἀγεννῶς
1251 3196 1765 3270 καταϐροχιζόμενοι
1786 3197 1874 3252 τὸν
1896 3200 1954 3251 έν

374 3299 506 3368 ήμῖν
527 3296 655 3350 ὄντα
682 3294 826 3347 νοῦν.
850 3295 942 3346 Δεῖ
964 3292 1028 3364 δὴ
1050 3288 1142 3346 οὖν
1163 3291 1270 3344 τῶν
1291 3289 1547 3344 τοιούτων
1573 3290 1828 3344 ἁπάντων
1855 3292 1956 3344 ἀπ-

373 3390 591 3462 έχεσθαι
609 3387 796 3441 κακῶν
810 3387 934 3448 τοὺς
960 3384 1444 3457 βεδαπτισμένους,
1466 3384 1672 3448 καὶτὰς
1689 3383 1955 3454 πονηρίας

371 3481 593 3550 ἀφελεῖν
623 3479 731 3532 ἀπὸ
750 3480 849 3548 τῆς
877 3477 1012 3540 ἰδίας
1030 3475 1226 3546 ψυχῆς·
1256 3475 1348 3528 καὶ
1364 3474 1479 3530 oft-st
1507 3474 1666 3545 μόνον
1683 3476 1740 3528 ὲν
1756 3474 1955 3543 ὀφθαλ-

375 3575 496 3643 μοῖς
525 3570 847 3642 ἀνθρῶπων,
877 3569 1016 3622 ἀλλά
1046 3569 1139 3620 καὶ
1169 3569 1225 3619 ὲν
1253 3565 1551 3637 ὀφθαλμοῖς
1586 3565 1822 3636 μάλιστα
1859 3562 1952 3617 τοῦ

371 3664 550 3717 πάντα
570 3661 770 3722 εἰδότος
787 3676 849 3712 τε
868 3660 962 3711 καὶ
978 3657 1279 3729 ἐφορῶντος
1300 3656 1455 3712 Θεοῦ.
1489 3657 1953 3711 ’Υποπλάττονται

375 3755 476 3825 μὲν
489 3752 598 3823 γὰρ
613 3752 722 3805 ἔσθ’
735 3753 820 3804 ὅτε
834 3751 892 3804 τὸ
904 3747 1041 3805 εἶναι
1057 3750 1302 3822 χρηστοὶ,
1317 3749 1410 3802 καὶ
1425 3747 1523 3820 τὴν
1539 3749 1636 3819 τῆς
1652 3746 1954 3811 ἐπιεικείας

369 3845 590 3915 δόκησιν
614 3842 1107 3915 παρακλέπτοντες,
1134 3840 1332 3894 ἔσωθεν
1359 3839 1415 3893 δέ
1443 3841 1580 3894 εἰσιν
1607 3839 1761 3893 λύκοι
1784 3839 1954 3908 ἅρπα-

370 3954 488 4007 γες,
524 3935 666 3990 κατὰ
695 3935 757 3987 τὸ
792 3933 1194 4005 γεγραμμένον.
1224 3933 1333 3985 Καὶ
1366 3933 1496 4002 περὶ
1526 3933 1745 3998 παντὸς,
1777 3930 1950 4003 οἶμαι,

370 4027 612 4082 τοιούτου
633 4026 724 4080 τὸν
746 4026 854 4078 τῶν
874 4025 1009 4078 ὅλων
1031 4023 1182 4088 Θεὸν,
1207 4022 1293 4077 διὰ
1315 4023 1498 4094 φωνῆς
1525 4022 1790 4094 Ἱερεμίου
1819 4039 1960 4092 προ·-

371 4121 545 4191 φήτου
567 4119 765 4187 λέγειν·
799 4137 818 4168 t
844 4116 935 4186 Τῷ
960 4116 1187 4185 στόματι
1209 4115 1371 4170 αὐτοῦ
1393 4114 1545 4168 λαλεῖ
1564 4112 1835 4186 εἰρηνικὰ,
1859 4114 1954 4168 καὶ

372 4212 430 4263 ὲν
461 4209 635 4281 ἑαυτῷ
667 4208 776 4278 ἔχει
801 4207 900 4278 τὴν
929 4207 1149 4278 ἔχθραν.
1180 4225 1197 4257 ι
1247 4207 1357 4262 Καὶ
1393 4207 1499 4277 μὴν
1529 4206 1622 4258 καὶ
1648 4205 1832 4274 φωνῆς
1854 4201 1950 4255 τοῦ

372 4303 540 4358 Δαῦίδ
561 4318 572 4332 ·
635 4320 653 4352 ι
687 4300 1101 4370 Ἠπαλύνθησαν
1125 4299 1173 4352 οἰ
1195 4299 1340 4367 λόγοι
1366 4299 1545 4352 αὐτῶν
1572 4298 1709 4366 ὑπὲρ
1750 4297 1950 4362 ἔλαιον,

374 4394 464 4447 καὶ
493 4391 648 4446 αύτοί
672 4393 776 4444 είσι
806 4390 1030 4461 βολίδες.
1055 4410 1073 4441 ι
1127 4389 1263 4442 Ἀλλ’
1293 4392 1342 4442 εί
1371 4390 1467 4442 καὶ
1496 4390 1679 4440 πᾶσαν
1716 4391 1952 4441 ποιοῖντο
1983 4430 2027 4485 D

375 4485 607 4556 σπουδὴν
637 4485 716 4548 εἷς
751 4501 813 4553 γε
844 4482 906 4537 τὸ
940 4485 1050 4538 δεῖν
1081 4481 1338 4536 δύνασθαι
1372 4477 1584 4542 λαθεῖν,
1609 4480 1638 4531 ὁ
1680 4479 1945 4533 κατοικῶν

372 4583 429 4633 ἐν
466 4580 713 4650 οὐρανοῖς
760 4577 1117 4646 ὲκγελάσεται
1168 4575 1386 4637 αὐτοὺς,
1436 4572 1530 4624 καὶ
1553 4573 1581 4625 ὀ
1610 4571 1813 4642 Κύριος
1851 4574 1945 4624 ὲκ-

375 4673 665 4740 μυκτηριεῖ
690 4670 903 4732 αὐτούς.
940 4664 1090 4722 Οἶδεν
1119 4666 1250 4737 γὰρ,
1288 4660 1429 4718 οἶδεν
1479 4665 1705 4736 καρδίαν
1735 4666 1828 4718 καὶ
1855 4682 1944 4716 νε-

372 4760 566 4831 φρούς.
596 4761 654 4813 '0
675 4761 729 4813 δὲ
759 4759 971 4829 ἀληθῶς
998 4757 1199 4826 ἀγαθὸς
1220 4756 1455 4821 τοιοῦτος
1481 4755 1631 4809 ἔσται
1658 4757 1792 4826 μετά
1813 4753 1945 4808 Θεοῦ

369 4852 466 4904 καὶ
494 4848 814 4920 ἀνθρώπων,
840 4850 914 4911 ὡς
936 4848 1043 4918 γάρ
1070 4850 1097 4901 ὁ
1119 4847 1327 4909 Παῦλος
1350 4846 1540 4916 φησίψ
1575 4865 1591 4897 ι
1613 4845 1948 4916 Προνοούμε-

368 4960 447 4995 νοι
474 4942 617 4996 καλὰ
658 4940 884 4994 ἐνώπιον
914 4941 1140 5011 Κυρίου,
1190 4939 1324 4993 ἀλλὰ
1360 4944 1452 4993 καὶ
1476 4938 1704 4992 ἐνώπιον
1733 4935 1946 5008 ἀνθρὼ-

369 5051 504 5087 πων.
528 5053 547 5084 ι
583 5033 748 5101 Μέγα
777 5033 954 5086 τοίνυν
975 5033 1036 5085 τὸ
1062 5031 1252 5103 ἐξᾶραι
1280 5031 1378 5094 τὰς
1398 5031 1661 5100 πονηρίας
1690 5030 1947 5082 ἀπέναντι

367 5128 473 5181 τῶν
505 5125 800 5195 ὀφθαλμῶν
834 5125 926 5178 τοῦ
969 5124 1124 5178 Θεοῦ.
1160 5124 1269 5176 Kal
1293 5124 1434 5193 τάχα
1474 5139 1576 5175 που
1603 5120 1838 5182 τοιοῦτός
1866 5137 1948 5182 τις

364 5212 432 5288 ἦν
479 5221 508 5272 ὁ
554 5218 867 5288 Ναθαναὴλ,
930 5217 1056 5288 περὶ
1102 5209 1165 5269 οὗ
1206 5233 1368 5285 φησιν
1412 5216 1439 5266 ὁ
1485 5214 1751 5285 Χριστόςο
1795 5230 1814 5263 t
1843 5211 1947 5264 Ἴδε

366 5308 578 5380 ἀληθῶς
595 5309 955 5380 ’ῐσραηλίτης,
980 5309 1037 5360 ὲν
1054 5300 1098 5375 ᾧ
1122 5307 1268 5370 δόλος
1283 5308 1383 5358 οὐκ
1403 5305 1568 5360 ἔστιν.
1597 5325 1615 5358 ›
1642 5304 1951 5369 Παύσασθε,

366 5402 549 5470 φησιν,
605 5402 714 5455 ἀπὸ
760 5401 872 5453 τῶν
907 5398 1180 5469 πονηριῶν
1210 5397 1390 5469 ὑμῶν,
1433 5398 1576 5452 τοῦτ’
1604 5399 1740 5465 ἔστι,
1781 5416 1953 5452 κατα-

365 5491 581 5545 λείπετε
610 5493 709 5561 τῆς
733 5493 1033 5563 συντρόφου
1063 5509 1123 5545 τε
1148 5493 1277 5563 ὑμῖν
1304 5492 1397 5546 καὶ
1424 5491 1703 5561 ὲντριϐοῦς
1732 5492 1954 5560 δύστρο-

347 5585 517 5663 πίας,
553 5588 928 5655 μεταστήσατε
961 5586 1097 5657 πρὸς
1126 5585 1195 5637 τὰ
1215 5585 1420 5656 ἀμείνω
1449 5585 1548 5654 τὴν
1583 5583 1789 5634 ἑαυτῶν
1822 5582 1950 5633 δυσ-

430 5706 626 5760 ³⁸Αειι.
675 5720 758 5769 ιιι,
805 5708 907 5770 l7;
946 5725 1005 5768 Il,
1051 5709 1161 5772 58,
1198 5708 1285 5760 39.
1397 5707 1441 5737 ³³
1481 5685 1640 5759 Prov.
1672 5719 1753 5764 tv,
1801 5702 1890 5753 ‘25.

346 5758 406 5829 in
440 5758 859 5840 Psalletv—fﬂ.‘
893 5758 1161 5832 "illum:
1192 5758 1290 5842 in,
1331 5779 1418 5830 17.
1494 5775 1536 5806 ⁸³
1577 5758 1751 5827 ,Ιόειηί
1783 5786 1820 5833 ι,
1853 5771 1939 5824 47.

427 5868 512 5939 (Ι)
537 5862 870 5923 Humfredus
901 5869 1027 5937 legit
1065 5870 1291 5940 καρδίαν
1324 5887 1440 5924 σου.

718 5965 998 6024 Panos.
1048 5967 1092 6026 (ἱ
1107 5985 1164 6024 ιι.
1214 5967 1321 6025 LX
1337 5967 1412 6024 Χ.

2002 5702 2045 5731 "°
2082 5704 2230 5759 Eccl.
2264 5720 2315 5771 Χ,
2348 5706 2398 5759 4.

2056 3209 2212 3277 plane
2243 3209 2638 3278 demergentcs.
2689 3206 2995 3276 Baptizatos
3028 3208 3189 3277 igitur
3213 3216 3426 3277 oportet
3457 3208 3525 3264 ab
3553 3208 3623 3265 il-

2054 3298 2305 3354 liusmodi
2355 3299 2650 3355 sceleribus
2710 3300 2959 3355 omnibus
3009 3300 3323 3357 desistere:
3382 3315 3481 3357 nec
3527 3315 3621 3356 so-

2054 3391 2164 3444 lum
2198 3391 2265 3445 ab
2289 3391 2372 3446 his
2397 3391 2640 3462 partibus
2668 3406 2786 3461 quae
2809 3399 3026 3446 exstant
3054 3400 3109 3446 et
3134 3392 3186 3446 in
3207 3401 3497 3463 conspectu
3527 3407 3623 3464 po-

2055 3483 2173 3537 sita:
2221 3491 2369 3547 sunt,
2412 3484 2506 3538 sed
2547 3493 2601 3539 et
2643 3483 2712 3537 ab
2743 3483 2920 3536 anima
2962 3496 3058 3537 sua
3103 3483 3399 3552 nequitiam
3438 3497 3620 3538 remo-

2054 3587 2178 3627 vere
2213 3587 2229 3626 :
2268 3574 2499 3629 tnaxime
2530 3589 2653 3629 cum
2690 3574 2866 3629 videat
2892 3575 3031 3629 Deus
3057 3583 3113 3629 et
3137 3573 3388 3645 inspiciat
3412 3575 3620 3631 omnia.

2055 3662 2324 3718 Simulant
2350 3666 2551 3719 etenim
2592 3679 2978 3736 nonnunquam
3010 3664 3205 3730 bonos,
3241 3673 3297 3720 et
3333 3666 3621 3736 probitatis

2053 3758 2362 3825 opinionem
2395 3767 2734 3828 aucupantur
2781 3767 2836 3812 et
2871 3756 3022 3826 quasi
3070 3754 3425 3824 sull‘urautur,
3470 3757 3618 3811 intus

2054 3859 2174 3899 cum
2203 3845 2311 3898 sint
2338 3845 2446 3915 lupi
2479 3860 2722 3916 rapaces,
2756 3847 3050 3900 secundum
3078 3846 3132 3900 id
3177 3845 3318 3915 quod
3350 3845 3616 3914 scriptum

2054 3943 2137 3989 est
2188 3935 2255 3988 “.
2308 3935 2382 3989 De
2432 3935 2630 4007 quibus
2675 3937 2926 3990 omnibus
2973 3938 3208 3991 arbitror
3249 3935 3621 3990 universitatis

2055 4026 2218 4082 Deum
2249 4043 2382 4083 voce
2415 4029 2661 4084 Jeremize
2697 4029 2874 4083 dicere
2902 4045 2915 4081 :
2955 4046 2975 4079 ι
3004 4027 3108 4082 Ore
3133 4041 3232 4081 suo
3262 4026 3498 4095 loquitur
3524 4041 3623 4095 pa-

2053 4118 2229 4183 cifica,
2268 4128 2322 4172 et
2355 4118 2460 4188 19
2492 4121 2631 4188 apud
2671 4132 2790 4173 sese
2827 4117 2990 4171 habet
3017 4117 3200 4170 odium
3226 4117 3296 4172 δ’.
3340 4135 3361 4168 ι
3393 4116 3533 4183 Quin
3564 4128 3623 4174 et

2051 4223 2184 4264 voce
2240 4209 2456 4263 Davidis
2512 4223 2530 4261 ι
2592 4225 2611 4258 ι
2658 4207 2843 4261 Molliti
2904 4216 3032 4261 sunt
3092 4221 3372 4264 sermones
3427 4222 3619 4264 eorum

2052 4315 2216 4371 super
2239 4301 2510 4363 nleum,et
2538 4299 2638 4367 ipsi
2679 4307 2806 4353 sunt
2826 4297 3001 4366 iacula
3030 4298 3097 4352 “.
3129 4316 3150 4351 ι
3187 4297 3299 4355 lmo
3328 4309 3622 4371 quantum-

2051 4394 2134 4446 vis
2181 4392 2350 4445 latere
2400 4390 2639 4460 cupiant,
2681 4389 2769 4460 qui
2810 4390 3018 4445 habitat
3073 4390 3127 4445 in
3172 4389 3328 4447 caelis
3373 4391 3622 4446 irridebit

2053 4497 2148 4538 eos
2207 4493 2262 4536 et
2318 4481 2578 4537 Dominus
2634 4481 2986 4538 subsannabit
3054 4496 3168 4537 eos.
3233 4480 3395 4536 Novit
3472 4482 3621 4537 enim

2055 4573 2163 4638 ille,
2210 4573 2357 4626 novit
2414 4574 2574 4627 corda
2633 4583 2689 4628 et
2754 4588 2929 4629 renes.
2994 4573 3066 4626 At
3119 4573 3210 4643 qui
3260 4587 3388 4627 vere
3443 4572 3624 4626 bonus

2051 4676 2153 4730 est,
2213 4667 2285 4720 ita
2326 4667 2432 4720 erit
2471 4674 2524 4721 et
2575 4667 2716 4738 apud
2772 4669 2937 4722 Deum
2980 4676 3038 4720 et
3080 4667 3219 4736 apud
3261 4664 3528 4728 homines,
3563 4674 3623 4718 ut

2053 4770 2105 4813 et
2140 4759 2273 4814 dicit
2319 4759 2519 4815 Paulus
2565 4777 2579 4814 :
2636 4779 2654 4812 ι
2697 4759 3044 4814 Providentes
3093 4758 3232 4810 bona
3282 4771 3387 4810 non
3447 4756 3621 4811 solum

2053 4867 2235 4906 coram
2271 4851 2522 4916 Domino,
2567 4852 2659 4907 sed
2690 4861 2743 4905 et
2792 4865 2973 4906 coram
3014 4848 3321 4903 hominibus
3353 4847 3421 4903 ιδ.
3448 4865 3468 4899 ι
3505 4846 3622 4901 Ma-

2055 4958 2216 5011 gnum
2268 4943 2449 5011 itaque
2508 4943 2612 4996 hoc
2659 4950 2759 5006 est,
2813 4940 3126 5009 iniquitates
3167 4941 3235 4994 ab
3285 4939 3460 4995 oculis
3527 4938 3620 4991 Dei

2055 5036 2393 5090 submovere.
2422 5035 2607 5101 Qualis
2631 5043 2750 5087 erat
2770 5032 3090 5097 Nathanael,
3116 5035 3182 5088 de
3201 5049 3309 5102 quo
3329 5033 3577 5088 Christus
3604 5047 3620 5082 :

2061 5145 2078 5174 σ
2121 5126 2260 5178 Ecce
2303 5139 2431 5179 vere
2472 5123 2742 5187 Israelita,
2789 5123 2840 5177 in
2883 5138 2989 5192 quo
3036 5123 3192 5176 dolus
3235 5138 3340 5177 non
3374 5131 3457 5175 est
3482 5119 3552 5174 ⁴³,
3595 5140 3614 5170 ι

2058 5216 2314 5270 Desistite
2349 5215 2534 5283 igitur,
2567 5216 2761 5285 inquit,
2796 5216 2864 5270 ab
2899 5216 3268 5285 iniquitatibus
3301 5213 3495 5268 vestris
3522 5230 3534 5265 :
3564 5209 3617 5266 icl

2054 5317 2159 5374 est,
2190 5308 2422 5364 desinite
2463 5309 2806 5364 committere
2852 5321 3134 5379 peccatum
3168 5307 3310 5376 quod
3338 5304 3619 5358 nobiscum

2055 5417 2156 5454 una
2206 5403 2463 5457 coalescit
2510 5411 2564 5456 et
2606 5402 2949 5465 inhaerescit;
3005 5401 3070 5455 ad
3123 5399 3342 5453 meliora
3384 5412 3482 5452 cor
3528 5384 3656 5450 ve?

2052 5502 2225 5546 strum
2276 5495 2593 5550 convertite.
2628 5493 2780 5560 Quod
2825 5494 2868 5546 si
2913 5493 3028 5547 hmo
3071 5492 3318 5546 Christus
3357 5487 3614 5557 loquitur,

2051 5581 2267 5636 Judacos
2318 5587 2547 5639 crimine
2606 5599 2916 5650 arcessens,
2970 5584 3142 5654 cogita
3220 5598 3340 5654 quae
3388 5577 3619 5634 fecerint

2503 5705 2542 5734 *ί
2582 5704 2769 5758 Matth.
2803 5721 2907 5773 vn,
2947 5705 3030 5761 15.
3137 5705 3183 5736 “
3212 5704 3412 5760 Jeretn.
3443 5717 3486 5753 ιι
3518 5741 3529 5760 ,
3562 5701 3613 5756 8.

3187 5959 3226 6016 2
