4132 6316
470 389 541 451 45
1492 381 1549 436 S.
1592 373 1866 436 CYRlLLl
1902 370 2373 432 ALEXANDRINI
2413 370 2733 428 ARClllEP.
3653 382 3719 439 ,ιι

470 519 595 559 eum
627 499 1092 557 deltaccitarentur
1127 495 1181 550 in
1214 508 1358 560 eum,
1402 494 1625 565 laqueos
1650 499 1933 562 ponerent,
1964 489 2025 543 fo

2146 487 2395 558 τροπίαν.
2431 488 2494 541 Ei
2533 487 2589 541 δὲ
2633 487 2696 558 δὴ
2742 486 2909 542 ταῦτα
2942 488 3086 557 λέγοι
3120 491 3373 561 Χριστὸς,
3408 494 3500 546 καὶ
3534 510 3723 548 καται-

468 608 597 650 veas
629 593 894 656 loderent,
936 602 1169 658 cumque
1208 587 1384 641 modis
1415 584 1668 641 omnibus
1707 596 1771 636 ac
1803 580 1928 636 totis
1957 580 2033 632 vi-

424 698 431 721 π
468 688 626 743 ribus
649 697 810 739 omne
832 696 1002 753 genus
1028 678 1383 735 immanitatis
1414 678 1468 731 in
1500 690 1622 731 eum
1652 672 2035 729 machinaren-

467 788 579 834 tur.
604 776 758 831 Nunc
790 773 991 829 etenim
1027 771 1294 842 quosdam
1329 783 1359 823 e
1393 768 1506 823 suis
1537 763 1814 835 discipulis
1848 762 2038 817 subor-

465 876 599 924 nant
636 881 760 923 cum
793 865 878 921 bis
918 863 1010 934 qui
1047 870 1311 917 vocantur
1345 857 1661 924 Herodiani,
1708 863 1768 910 ut
1812 854 2043 908 interro-

470 966 664 1032 garent
684 968 749 1012 et
778 956 1021 1012 dicerent
1044 969 1057 1005 :
1084 971 1102 1004 ι
1129 950 1351 1007 Licetne
1377 950 1505 1006 dare
1532 948 1790 1004 tributum
1817 941 2040 1007 Caesari,

465 1066 533 1106 an
579 1063 686 1104 non
710 1045 800 1101 ἰθῖ
826 1064 848 1098 ι
889 1044 1045 1099 Nunc
1089 1043 1255 1098 etiam
1289 1043 1487 1097 iterum
1537 1037 1802 1094 accedunt
1847 1043 1904 1088 et
1954 1034 2040 1087 in-

463 1141 659 1211 quiunt
704 1158 718 1194 :
777 1155 797 1190 ι
831 1135 913 1191 An
945 1135 1070 1192 licet
1097 1148 1299 1190 curare
1338 1130 1613 1187 Sabbato?
1638 1139 1695 1183 ut
1722 1132 2041 1181 accusarent

460 1247 584 1288 eum
629 1229 701 1283 δῖ.
732 1247 752 1281 ι
797 1227 1036 1282 Audiant
1083 1225 1314 1295 proinde
1361 1222 1625 1278 dicentem
1661 1237 1676 1273 :
1726 1236 1745 1269 ι
1777 1216 2038 1270 Amovete

463 1321 671 1378 scelera
705 1319 1006 1374 animarum
1035 1324 1337 1372 vestrarum
1369 1312 1438 1369 ab
1470 1312 1641 1369 oculis
1682 1309 1837 1373 meis,
1888 1305 2030 1360 desi-

460 1415 586 1469 stite
615 1412 683 1466 ab
708 1409 1081 1480 iniquitatibus
1110 1406 1325 1462 vestris.
1363 1423 1384 1458 ›

2132 578 2296 649 τιῷτο
2346 578 2474 642 τοὺς
2520 580 2829 643 Ἰουδαίους,
2886 581 3159 653 ἐννοήσεις
3219 583 3318 635 ὅσα
3379 584 3724 656 πεπράκασιν

2136 669 2598 741 ὲμπαροινοῦντες
2650 670 2819 741 αύτῷ,
2878 672 2974 726 καὶ
3037 672 3237 742 παγίδα
3305 674 3568 741 ἱστάντες,
3629 676 3725 730 καὶ

2138 762 2504 834 διορύττοντες
2554 761 2800 835 βόθρους.
2853 764 2965 819 Καὶ
3009 766 3069 819 τό
3108 783 3172 835 γε
3210 758 3346 839 ἦκον
3392 768 3472 830 εἰς
3502 769 3722 835 αὐτοὺς,

2140 854 2235 906 καὶ
2266 855 2346 917 είς
2371 853 2601 924 δύναμιν
2625 855 3070 926 ἐπιχειρημάτων
3104 860 3211 910 πᾶν
3239 851 3379 922 εἶδος
3406 858 3723 930 σκαιότητος

2144 942 2437 1014 ἀρτύοντες
2465 945 2552 997 ἐπ’
2582 945 2752 1016 αὐτῷ.
2786 947 2924 1000 Ποτὲ
2959 948 3056 1018 μὲν
3098 949 3207 1020 γάρ
3233 948 3605 1003 ἀπεστάλκασί
3641 968 3723 1003 τι·

2141 1052 2236 1097 νας
2263 1035 2369 1087 τῶν
2400 1035 2546 1089 ίδίων
2578 1036 2853 1108 μαθητῶν,
2877 1039 3014 1110 μετά
3039 1040 3146 1095 τῶν
3176 1040 3524 1112 καλουμένων
3550 1042 3723 1114 Ἥρω-

2141 1123 2355 1191 διανῶν,
2388 1127 2678 1198 ὲρομένους
2711 1145 2771 1181 τε
2800 1129 2892 1183 καὶ
2915 1130 3172 1199 λέγοντας
3193 1148 3206 1164 ·
3242 1152 3261 1184 ι
3285 1129 3500 1197 Ἔξεστι
3537 1132 3720 1187 δοῦναι

2139 1214 2339 1286 φόρους
2381 1218 2703 1290 Καίσαρι,ἢ
2750 1218 2810 1272 οῦ
2836 1237 2852 1287 ;
2878 1239 2897 1273 ι
2945 1222 3082 1275 Ποτὲ
3125 1218 3180 1275 δὲ
3219 1221 3381 1277 πάλιν
3429 1225 3723 1295 προσίεσαν

2136 1302 2405 1371 λέγοντες,
2442 1324 2461 1358 ι
2481 1302 2547 1362 Ei
2576 1307 2752 1375 ἔξεστι
2790 1309 2870 1381 τῷ
2904 1308 3167 1384 Σαϐϐάτῳ
3199 1312 3572 1385 θεραπεῦσαι;
3606 1316 3722 1371 Ἵνα

2128 1399 2581 1469 κατηγορήσωσιν
2601 1399 2787 1454 αὑτοῦ.
2810 1420 2828 1452 ι
2849 1403 3222 1457 Ἀκουέτωσαν
3246 1405 3425 1458 τοίνυν
3441 1404 3717 1476 λέγοντος,

465 1521 486 1555 ι
510 1502 798 1573 ’Δφέλεσθε
813 1501 911 1565 τὰς
929 1499 1187 1571 πονηρίας
1203 1499 1310 1553 ἀπὸ
1320 1498 1427 1552 τῶν
1448 1497 1635 1569 ψυχῶν
1657 1494 1810 1568 ὑμῶν
1824 1491 2083 1547 ἀπέναντι
2104 1487 2212 1542 τῶν
2227 1490 2521 1564 ὀφθαλμῶν
2536 1496 2949 1565 μου.ῐιαύσασθε
2968 1498 3076 1553 ἀπὸ
3091 1497 3199 1553 τῶν
3214 1500 3486 1570 πονηριῶν
3506 1503 3677 1573 ὑμῶν.
3693 1522 3712 1553 ι

533 1599 697 1654 Vsus.
732 1598 818 1666 17,
845 1597 933 1652 18.
964 1596 1164 1651 Discite
1194 1595 1365 1665 facere
1396 1594 1608 1659 bonum,
1635 1592 1854 1662 quaerite
1884 1586 2034 1658 judi-

2212 1584 2439 1641 Μάθετε
2476 1589 2668 1643 καλὸν
2697 1591 2910 1656 ποιεῖν,
2965 1591 3329 1661 ἐκζητήσατε
3357 1596 3581 1664 κρίσιν,
3611 1599 3721 1665 ρύ-
3836 1608 3841 1613 ’

461 1693 598 1747 cium
623 1729 639 1754 ,
671 1705 970 1759 oppressum
1000 1689 1239 1752 liberate,
1271 1687 1514 1757 judicate
1546 1683 1770 1754 pupillos
1806 1691 1852 1735 et
1871 1680 2025 1751 justi-

2141 1678 2335 1729 σασθε
2367 1675 2781 1747 ἀδικούμενον,
2812 1681 3050 1748 κρίνατε
3077 1681 3334 1751 ὀρφανῷ,
3356 1684 3454 1738 καὶ
3481 1684 3716 1741 δικαιώ-

459 1782 614 1849 ﬁcate
643 1780 943 1845 viduam,et
970 1779 1156 1842 uenite,
1180 1787 1228 1832 et
1258 1791 1568 1847 arguantur,
1593 1774 1718 1827 dicit
1749 1771 2030 1825 Dominus.

459 1868 529 1923 Et
555 1870 601 1924 si
623 1870 728 1924 sint
763 1876 976 1938 peccata
1015 1876 1183 1923 vestra
1208 1867 1359 1938 quasi
1408 1867 1751 1935 pltmniceum,
1774 1864 1908 1917 sicut
1948 1864 2031 1916 ni-

459 1975 572 2014 vem
600 1957 877 2014 dealbabo.
921 1957 992 2011 Et
1037 1958 1082 2011 si
1126 1957 1228 2023 sint
1267 1966 1323 2010 ut
1353 1955 1637 2019 coccinum,
1675 1952 1808 2008 velut
1855 1952 2034 2005 lanam

458 2050 735 2105 dealbabo.

494 2140 963 2197 imbecillitatem
997 2138 1174 2196 cultus
1202 2138 1388 2207 legalis
1423 2137 1689 2203 deﬁnivit,
1731 2150 1855 2191 cum
1901 2133 1976 2188 ait
2014 2151 2028 2187 :

465 2250 484 2285 ι
520 2231 792 2298 Quorsum
816 2230 946 2285 mihi
976 2229 1263 2285 multitudo
1289 2228 1680 2286 sacriﬁciorum
1704 2237 2028 2291 vestrorum,

458 2323 592 2381 dicit
625 2321 923 2378 Dominus?
973 2319 1135 2378 Satur
1193 2336 1331 2376 sum.
1366 2340 1386 2372 ι
1424 2320 1490 2375 Et
1540 2319 1629 2375 ubi
1681 2317 1972 2374 subintulit
2014 2334 2027 2371 :

465 2435 483 2469 ι
515 2414 649 2483 Quis
673 2416 815 2471 enim
843 2414 1026 2484 exegit
1052 2415 1164 2468 Ilaec
1191 2413 1257 2468 de
1285 2413 1536 2469 manibus
1562 2410 1794 2467 vestris?
1823 2429 1843 2464 ι
1871 2410 2032 2466 Com-

458 2510 619 2569 mode
647 2506 758 2576 jam
800 2507 977 2562 denuo
1017 2504 1343 2574 evangelicae
1389 2503 1826 2559 conversationis
1855 2502 2031 2574 digni-

461 2608 650 2664 tatem,
688 2608 743 2653 et
788 2598 956 2666 quasi
983 2596 1303 2666 elegantiam
1332 2595 1575 2664 exponit,
1598 2604 1653 2650 et
1687 2604 1887 2650 sanctte
1914 2595 2035 2649 vitae

462 2689 603 2747 viam
633 2688 875 2745 ostendit
903 2702 1049 2753 vere,
1084 2702 1204 2756 quae
1253 2701 1359 2740 non
1397 2686 1452 2741 in
1493 2687 1633 2757 typis
1657 2701 1820 2756 porro
1858 2698 1950 2741 aut
1979 2687 2032 2741 in

460 2782 695 2846 umbris,
721 2780 818 2836 sed
845 2793 913 2834 ex
944 2778 1106 2833 rebus
1149 2777 1281 2848 ipsis
1314 2777 1753 2846 ornamentisque
1779 2778 2033 2831 virtutum

462 2874 674 2928 laudent
701 2872 861 2928 habet
877 2878 932 2926 et
953 2869 1417 2940 approbationem.
1454 2868 1593 2936 Quid
1609 2868 1750 2925 enim
1773 2868 1882 2923 ait:
1913 2866 2034 2921 «Di-

461 2965 601 3022 scite
629 2963 765 3019 bene
794 2962 1010 3019 facerei
1032 2980 1051 3013 ι
1084 2960 1166 3016 An
1200 2962 1384 3031 igitur,
1429 2976 1632 3032 qumso,
1653 2961 1849 3016 dixerit
1879 2960 2031 3028 quis-

458 3056 637 3127 piam,
680 3054 872 3110 eximit
900 3052 1117 3108 omnino
1140 3053 1249 3122 20
1277 3067 1305 3106 a
1349 3052 1480 3121 legis
1511 3062 1807 3123 praecepto,
1853 3066 2026 3121 neque

459 3147 586 3202 sinit
610 3145 838 3201 omnino
887 3145 952 3198 ad
1000 3143 1091 3197 illa
1138 3159 1236 3213 per
1286 3142 1470 3199 Mosen
1512 3142 1772 3198 divinitus
1826 3142 2024 3197 tradita

456 3246 727 3309 praecepta
789 3233 1106 3304 respicere?
1163 3233 1232 3286 At
1280 3234 1370 3302 qui
1422 3235 1484 3287 ﬁt
1535 3242 1596 3287 ut
1644 3241 1831 3302 postea
1880 3231 2026 3287 dicat

456 3329 709 3387 Christus
742 3345 758 3384 :
788 3345 807 3381 ι
841 3326 1021 3383 Nolite
1051 3335 1241 3397 putare
1266 3324 1520 3395 quoniam
1556 3325 1675 3379 veni
1709 3325 1920 3379 solvere
1948 3323 2024 3378 le-

457 3438 578 3493 gem
609 3431 705 3475 ant
748 3420 1073 3491 prophetas;
1124 3433 1233 3473 non
1281 3419 1400 3472 veni
1447 3415 1680 3482 solvere,
1715 3416 1809 3471 sed
1854 3416 2024 3469 adim-

454 3511 610 3582 plere
636 3510 704 3565 ⁸³.
738 3528 759 3562 ι
797 3508 866 3564 Ει
898 3508 1172 3578 quomodo
1197 3508 1361 3562 etiam
1402 3508 1479 3563 ait
1523 3505 1719 3561 Paulus
1748 3523 1761 3560 :
1795 3524 1814 3557 ι
1847 3506 2025 3574 Quare

453 3603 540 3660 lex
568 3600 786 3673 quidem
835 3608 1049 3665 sancta,
1083 3607 1139 3654 et
1168 3607 1494 3668 praeceptum
1529 3608 1798 3664 sanctum,
1833 3609 1886 3653 et
1906 3601 2025 3666 jus-

454 3703 590 3758 tum,
618 3702 675 3749 et
702 3692 902 3747 bonum
943 3689 1031 3744 “‘2
1060 3708 1079 3742 ι
1113 3690 1194 3745 Ad
1222 3705 1341 3760 quae
1374 3705 1474 3746 nos
1505 3706 1716 3746 rursum
1754 3690 2020 3755 dicemus,

450 3787 647 3842 bonam
683 3783 898 3854 quidem
937 3796 1057 3838 esse
1112 3781 1306 3850 legem,
1353 3781 1399 3836 si
1442 3782 1658 3851 quidem
1695 3780 2021 3850 intelligatur

450 3875 823 3948 spiritualiter,
855 3888 1032 3951 neque
1058 3872 1251 3927 eximit
1278 3886 1377 3927 nos
1406 3873 1633 3928 omnino
1655 3887 1686 3927 a
1717 3872 1832 3942 lege
1860 3870 2024 3927 Chri-

449 3981 587 4035 stus,
623 3966 734 4021 imo
786 3963 964 4035 magis
1006 3963 1225 4018 deducit
1267 3961 1333 4017 ad
1384 3962 1438 4017 id
1476 3964 1623 4032 quod
1663 3962 2023 4019 excellentius

446 4078 533 4126 est
559 4077 616 4125 et
639 4065 985 4139 praestantius
1022 4083 1035 4119 :
1065 4080 1189 4121 cum
1215 4062 1582 4136 paedagogiam
1614 4059 1747 4129 legis
1768 4072 1866 4114 ceu
1900 4055 2023 4110 l'un-

447 4163 762 4217 damentum
800 4158 855 4212 in
906 4156 1065 4212 nobis
1110 4154 1504 4226 praestruxerit,
1552 4160 1610 4208 et
1651 4149 1873 4206 umbras
1902 4147 2022 4204 illas

448 4251 603 4322 quasi
641 4262 820 4320 typos,
858 4250 969 4304 veri
1002 4248 1182 4303 cultus
1215 4242 1476 4316 tanquam
1504 4253 1923 4315 progymnasma
1954 4253 2018 4294 ac

2135 1778 2285 1820 σατε
2321 1767 2537 1837 χήραν,
2574 1770 2672 1824 καὶ
2707 1770 2900 1838 δεῦτε,
2934 1772 3034 1827 καὶ
3067 1770 3519 1845 διελεγχθιῖψεν,
3553 1776 3717 1847 λέγει

2134 1858 2368 1927 Κύριος.
2394 1861 2506 1914 Καὶ
2529 1860 2636 1915 ἐὰν
2664 1856 2818 1916 ὦσιν
2844 1865 2906 1916 al
2932 1863 3206 1933 ἁμαρτίαι
3239 1865 3406 1934 ὑμῶν
3425 1868 3505 1931 ὡς
3526 1886 3716 1937 φοινι-

2134 1949 2304 2013 κοῦν,
2334 1952 2416 2016 ὡς
2446 1954 2622 2021 χιόνα
2644 1952 2940 2008 levatam").
2991 1954 3126 2008 Ἐὰν
3165 1954 3234 2008 δὲ
3260 1951 3413 2011 ὦσιν
3448 1958 3528 2023 ὡς
3569 1961 3711 2015 κόκ-

2135 2056 2324 2108 κινον,
2353 2043 2496 2097 ὡσεὶ
2525 2043 2689 2114 ἔριον
2712 2044 3007 2101 λευκανῶ.

2206 2130 2316 2203 Τῆς
2346 2134 2403 2187 ἐν
2424 2133 2573 2206 νόμῳ
2603 2135 2859 2207 λατρείας
2886 2136 2948 2190 τὸ
2970 2137 3198 2209 ἀδρανὲς
3223 2139 3713 2212 καθορίσας,διάτε

2132 2222 2226 2277 τοῦ
2255 2224 2441 2293 φάναι,
2494 2247 2513 2278 ι
2533 2227 2597 2280 Τί
2634 2229 2724 2300 μοὶ
2764 2228 2965 2299 πλῆθος
2992 2232 3099 2287 τῶν
3126 2232 3325 2287 θυσιῶν
3364 2234 3537 2306 ὑμῶν,
3565 2235 3712 2300 λέγει

2132 2315 2366 2388 Κύριος;
2392 2318 2612 2390 Πλήρης
2641 2319 2779 2391 είμί.
2807 2340 2826 2375 ι
2852 2322 2962 2375 Καὶ
2989 2322 3196 2389 τούτοις
3224 2326 3554 2395 ἐπενεγκὼν,
3577 2345 3596 2378 ι
3616 2327 3713 2390 Τίς

2132 2407 2241 2479 γὰρ
2291 2408 2581 2481 ἐξεζήτησε
2607 2411 2777 2466 ταῦτα
2812 2413 2877 2466 ἐκ
2917 2414 3025 2468 τῶν
3073 2415 3271 2487 χειρῶν
3304 2417 3456 2488 ὑμῶν
3480 2435 3496 2484 ;
3520 2437 3541 2471 ι
3588 2417 3714 2471 Ἐπὶ

2134 2501 2326 2570 καιροῦ
2371 2500 2532 2556 πάλιν
2573 2503 2672 2575 τῆς
2719 2503 3077 2576 εύαγγελικῆς
3130 2506 3403 2572 πολιτείας
3430 2509 3711 2581 ἐξηγεῖται

2132 2590 2229 2662 τὴν
2260 2592 2601 2665 ἀστειότητα,
2652 2596 2747 2650 καὶ
2781 2597 2879 2669 τῆς
2914 2598 3128 2669 ἀληθῶς
3171 2599 3330 2668 ἁγίας
3355 2599 3498 2672 ζωῆς
3535 2619 3708 2656 κατα-

2133 2682 2370 2738 δείκνυσι
2396 2685 2493 2755 τὴν
2524 2686 2662 2751 ὁδὸν,
2699 2689 2799 2742 οὐκ
2823 2692 2879 2743 ὲν
2905 2690 3096 2754 τύποις
3130 2690 3210 2745 ἔτι
3239 2693 3332 2746 καὶ
3363 2696 3561 2761 σκιαῖς,
3593 2693 3709 2747 ἀλλ’

2135 2775 2192 2828 ὲν
2220 2775 2406 2838 αὐτοῖς
2432 2776 2743 2848 πράγμασι,
2778 2781 2873 2833 καὶ
2892 2785 3003 2846 τοῖς
3031 2782 3150 2838 κατ’
3178 2783 3378 2856 ἀρετὴν
3401 2785 3707 2856 νοουμένοις

2134 2866 2446 2937 αὐχήμασιν
2479 2867 2658 2939 ἔχουσι
2689 2870 2750 2923 τὸ
2783 2870 3086 2943 εὐδόκιμον.
3129 2876 3193 2929 Τί
3222 2878 3329 2949 γάρ
3355 2895 3508 2950 φησι,
3546 2896 3565 2929 ‹
3588 2877 3707 2931 Μά-

2137 2957 2256 3011 θετε
2290 2959 2453 3015 καλὸν
2482 2964 2691 3030 ποιεῖν;
2719 2981 2736 3015 i
2763 2958 2890 3035 Ἆρ’
2910 2960 3022 3029 οὖν,
3052 2965 3171 3019 είπέ
3200 2985 3310 3037 μοι,
3341 2970 3471 3042 φαίη
3503 2987 3586 3033 τις
3616 2969 3703 3034 ἂν,

2132 3048 2376 3121 ἐξίστησι
2402 3050 2681 3120 παντελῶς
2710 3054 2809 3125 τῆς
2834 3054 3065 3125 νομικῆς
3096 3056 3345 3127 ἐντολῆς;
3374 3059 3472 3112 οὐκ
3498 3062 3562 3131 ὲᾷ
3595 3063 3708 3122 τοῖς

2124 3140 2211 3194 διὰ
2243 3142 2487 3208 Μωσέως
2526 3145 2972 3216 τεθεσπισμὲνοις
3008 3147 3332 3211 ὲνατενίζειν
3370 3148 3542 3213 ὄλως;
3574 3148 3707 3206 Εἶτα

2124 3231 2242 3295 πῶς
2274 3231 2479 3301 ἔφασκε
2508 3236 2762 3306 Χριστός·
2802 3255 2821 3288 ε
2845 3237 2937 3308 Μὴ
2962 3238 3216 3308 νομίσητε
3255 3239 3335 3294 ὅτι
3354 3234 3516 3310 ἦλθον
3545 3259 3707 3296 κατα-

2124 3320 2282 3375 λῦσαι
2302 3322 2393 3376 τὸν
2426 3323 2589 3394 νόμον
2612 3324 2646 3396 ἢ
2671 3328 2797 3389 τοὺς
2825 3328 3128 3400 προφήτας*
3152 3329 3251 3383 οὐκ
3277 3325 3439 3402 ἦλθον
3470 3331 3707 3386 καταλῦ-

2127 3429 2236 3478 σαι,
2261 3414 2394 3469 ἀλλὰ
2417 3415 2723 3488 πληρῶσαι.
2757 3436 2777 3471 ›
2811 3418 2935 3483 Πῶς
2960 3420 3015 3474 δὲ
3036 3422 3129 3475 καὶ
3154 3423 3181 3475 6
3201 3422 3411 3488 Παῦλος
3429 3423 3664 3494 ἔφασκεν
3687 3443 3700 3457 ·

2131 3521 2149 3555 ι
2173 3503 2335 3557 Ὥστε
2369 3507 2398 3558 6
2434 3506 2530 3574 μὲν
2560 3506 2722 3578 νόμος
2764 3508 2936 3576 ἅγιος,
2970 3511 3064 3589 καὶ
3113 3512 3144 3582 ή
3189 3511 3374 3584 ἐντολὴ
3414 3513 3568 3584 ἀγία,
3611 3516 3704 3570 καὶ

2124 3593 2326 3659 δικαία,
2349 3597 2442 3650 καὶ
2459 3597 2635 3670 ἀγαθή
2656 3618 2670 3667 ;
2692 3617 2712 3651 ι
2739 3600 2882 3672 Πρὸς
2899 3601 2963 3673 δὴ
2982 3602 3052 3655 τὰ
3074 3603 3247 3659 τοιάδε
3268 3605 3427 3660 πάλιν
3448 3607 3700 3679 ἐροῦμεν,

2124 3683 2204 3738 ὅτι
2235 3685 2398 3750 καλὸς
2440 3689 2469 3741 6
2504 3687 2687 3759 νόμος,
2735 3691 2784 3744 εἰ
2822 3691 2888 3762 δὴ
2923 3694 3094 3746 νοοῖτο
3143 3695 3550 3765 πνευματικῶς,
3602 3695 3704 3750 οὐκ

2124 3775 2401 3849 ἐξίστησιν
2430 3781 2578 3850 ἡμᾶς
2620 3780 2926 3853 ὁλοτρόπως
2953 3782 3046 3837 τοῦ
3078 3784 3244 3855 νόμου
3275 3787 3543 3857 Χριστός;
3571 3788 3703 3841 ἀνα-

2125 3868 2337 3933 ϐιϐάζει
2374 3869 2431 3924 δὲ
2467 3871 2667 3941 μᾶλλον
2699 3874 2790 3926 ἐπὶ
2821 3873 2882 3927 τὸ
2913 3875 3146 3947 προῦχον
3168 3877 3264 3931 καὶ
3299 3876 3539 3948 ἄμεινον,
3565 3878 3699 3932 ὑπο-

2092 3961 2332 4034 ,6άθραν
2378 3962 2567 4035 ὥσπερ
2617 3964 2741 4018 τινὰ
2772 3969 3133 4037 προκαταθεὶς
3190 3970 3248 4022 ἐν
3292 3972 3426 4041 ἡμῖν
3474 3969 3572 4042 τὴν
3613 3971 3702 4025 διὰ

2122 4054 2288 4125 νόμου
2326 4054 2718 4125 παιδαγωγίαν,
2754 4057 2849 4112 καὶ
2876 4058 2973 4129 τῆς
2997 4058 3227 4131 ἀληθοῦς
3254 4059 3507 4132 λατρείας
3534 4062 3700 4115 οἱονεὶ

2123 4146 2529 4237 προγύμνασμα
2555 4149 2941 4221 προαναδείξας
2982 4152 3096 4214 τοῖς
3125 4152 3495 4222 ἀρχαιοτέροις
3525 4154 3593 4206 τὰ
3622 4152 3699 4216 ὡς

2122 4236 2180 4290 ὲν
2231 4239 2409 4303 σκιαῖς
2463 4239 2557 4291 καὶ
2588 4238 2798 4301 τύποις.
2847 4238 3058 4304 Ἄλλως
3117 4257 3177 4294 τε
3226 4240 3445 4294 κάκεῖνο
3489 4239 3699 4305 τούτοις

451 4338 779 4412 tyroeinium
806 4336 1080 4392 veteribus
1100 4334 1618 4405 praemonstraverit.
1647 4331 1782 4392 Illud
1804 4329 1870 4386 ad
1902 4330 2017 4384 haec

2129 4327 2436 4399 ἀναγκαίως
2464 4328 2576 4382 ἔστ’
2610 4332 2816 4384 εἰπεῖν’
2862 4330 2920 4384 '0
2951 4332 3046 4401 μὲν
3077 4331 3239 4403 νόμος
3268 4332 3296 4384 6
3320 4332 3407 4386 διὰ
3432 4332 3695 4399 Μωσέως,

453 4426 659 4498 alioqui
690 4425 980 4483 dicendum
1007 4432 1093 4479 est
1120 4440 1140 4478 :
1169 4421 1283 4478 Lex
1307 4421 1536 4478 Mosaica
1559 4422 1718 4477 docet
1739 4436 1770 4474 a
1795 4421 1925 4475 vitio
1952 4433 2019 4475 ac

446 4528 675 4591 peccato
715 4516 1015 4580 abstinere,
1048 4522 1105 4568 et
1136 4511 1618 4571 commonstratrix
1661 4520 1746 4565 est
1786 4510 2018 4577 turpitu-

446 4611 610 4666 dinis.
654 4607 856 4664 Paulus
895 4607 1077 4674 itaque
1109 4604 1189 4659 ait
1222 4621 1236 4657 :
1275 4621 1295 4656 ι
1331 4603 1622 4659 Peccatum
1662 4616 1768 4656 non
1790 4602 2015 4671 cognovi

447 4700 551 4756 nisi
607 4713 704 4769 per
743 4698 914 4769 legem
965 4696 1035 4753 ".
1067 4715 1087 4750 ο
1123 4693 1324 4750 Verum
1373 4693 1690 4763 praedicatio
1738 4690 2016 4762 Evangelii

447 4791 626 4847 reddit
654 4805 752 4846 nos
783 4790 964 4847 omnis
987 4787 1208 4845 virtutis
1240 4786 1536 4843 studiosos.
1575 4783 1786 4840 ideirco
1824 4784 2017 4839 merito

447 4892 503 4939 et
532 4882 774 4953 proprie,
806 4892 860 4938 et
888 4897 1013 4937 vere
1052 4882 1250 4938 bonum
1301 4877 1478 4950 reipsa
1507 4876 1614 4933 dici
1644 4886 1841 4947 potest.
1878 4874 2013 4931 Nam

444 4975 598 5042 illud,
625 4992 644 5027 ι
666 4971 784 5029 Νοη
801 4974 1037 5040 occides,
1059 4972 1173 5030 Non
1202 4970 1553 5039 adulterabis,
1573 4988 1593 5022 ι
1627 4969 1870 5026 initiatos
1895 4968 2015 5038 qui-

445 5069 567 5123 dem
606 5066 915 5122 deterrebat
945 5083 974 5120 a
998 5074 1243 5135 peccato,
1278 5080 1385 5120 non
1412 5073 1589 5119 tamen
1620 5062 1750 5133 quid
1780 5060 2017 5131 perfecte

446 5170 646 5210 nonum
700 5155 773 5211 sit
815 5155 1168 5221 ostendebat,
1221 5154 1476 5209 nimirum
1533 5154 1687 5209 fratri
1747 5168 1854 5209 non
1895 5167 2017 5209 esse

444 5248 814 5312 irascendum,
848 5262 955 5303 non
985 5248 1499 5317 concupiscendum,
1540 5263 1641 5304 nec
1693 5247 1761 5301 ad
1796 5247 2012 5302 virtutis

442 5340 651 5408 apicem
674 5348 728 5394 et
745 5347 1127 5395 ornamentum
1150 5337 1499 5408 perducebat.
1520 5338 1790 5393 Eximium
1813 5340 2012 5409 quippe

444 5439 533 5485 est
577 5428 715 5483 iram
766 5418 981 5486 vincere
1017 5449 1033 5486 :
1077 5428 1393 5490 admirabile
1433 5440 1515 5484 est
1547 5443 1706 5498 posse
1753 5430 2011 5486 revellere

445 5518 573 5571 mali
613 5517 953 5585 cupiditates,
998 5534 1097 5574 nec
1137 5519 1452 5588 permittere
1496 5528 1730 5575 mentem
1765 5521 1832 5575 ad
1862 5530 2010 5576 tetra:

446 5616 501 5662 et
547 5606 1003 5663 exsecratissimae
1068 5609 1382 5675 cupiditatis
1446 5608 1711 5679 principia
1771 5613 2006 5683 evagari.

2125 4419 2459 4492 φαυλότητός
2506 4437 2565 4474 τε
2607 4423 2703 4475 καὶ
2734 4421 3008 4493 ἁμαρτίας
3055 4422 3389 4493 ἀποσχέσθαι
3435 4422 3694 4488 διδάσκει,

2124 4510 2220 4564 καὶ
2259 4511 2366 4565 τῶν
2395 4512 2679 4583 αἰσχιόνων
2728 4514 2843 4567 ἐστὶ
2891 4515 3329 4586 παραδεικτικός.
3409 4514 3519 4567 Καὶ
3564 4514 3696 4584 γοῦν

2124 4603 2153 4655 6
2173 4604 2384 4669 Παῦλός
2416 4622 2578 4677 φησν
2621 4624 2639 4657 ι
2669 4606 2781 4677 Τὴν
2810 4605 2867 4659 δὲ
2897 4608 3170 4679 ἁμαρτίαν
3197 4608 3296 4661 οὐκ
3327 4606 3496 4676 ἔγνων
3539 4608 3588 4661 εί
3619 4607 3695 4679 μὴ

2124 4696 2211 4750 διὰ
2230 4696 2321 4749 τοῦ
2350 4697 2535 4766 νόμου.
2559 4716 2578 4750 ι
2610 4698 2684 4752 T6
2725 4699 2782 4752 δὲ
2812 4701 3072 4771 κήρυγμα
3099 4700 3162 4754 τὸ
3195 4700 3545 4770 εύαγγελικὺν
3570 4702 3697 4772 ἀρε-

2123 4788 2223 4859 τῆς
2256 4790 2472 4862 ἀπάσης
2508 4791 2654 4862 ἡμᾶς
2698 4792 3030 4864 ἐπιμελητὰς
3056 4793 3367 4861 ἀποφαίνει.
3405 4794 3587 4864 Ταύτῃ
3613 4809 3694 4845 τοι

2123 4879 2218 4934 καὶ
2262 4879 2579 4951 ὀνομάζοιτο
2623 4881 2688 4934 ἂν
2730 4881 2975 4946 εἰκότως,
3024 4882 3227 4951 κυρίως
3260 4899 3318 4936 τε
3347 4883 3441 4937 καί⁸
3478 4881 3695 4952 ἀληθῶς

2123 4971 2254 5026 αὐτὸ
2286 4973 2471 5044 χρῆμα
2502 4972 2563 5026 τὸ
2608 4972 2791 5026 καλόν.
2838 4973 2912 5025 Τὸ
2948 4972 3077 5044 γὰρ,
3131 4972 3240 5027 «ού
3295 4974 3595 5045 φονεύσεις,
3629 4975 3692 5028 ού

2131 5063 2454 5134 μοιχεύσεις,
2481 5083 2500 5115 ι
2555 5062 2772 5134 ἐξιστᾷν
2797 5058 2866 5135 ἦν
2898 5064 3167 5135 ἁμαρτίας
3198 5066 3322 5129 τοὺς
3371 5066 3693 5139 παιδευομέ-

2122 5173 2265 5222 νους,
2296 5155 2449 5211 οῠπω
2474 5171 2538 5223 γε
2568 5154 2673 5224 μὴν
2694 5155 2722 5207 ὃ
2742 5153 2794 5207 τί
2814 5154 2943 5208 ποτέ
2970 5150 3079 5209 ἐστι
3095 5156 3155 5210 τὸ
3178 5156 3341 5212 καλὸν
3362 5157 3579 5221 τελείως
3608 5160 3695 5212 ὲκ-

2126 5248 2426 5318 φαίνοντος.
2460 5246 2533 5299 Τὸ
2563 5245 2621 5299 δὲ
2639 5245 2747 5299 δεῖν
2766 5245 2900 5323 ὅλως
2934 5248 3069 5319 μήτε
3093 5248 3406 5320 ὀργίζεσθαι
3432 5248 3509 5319 τῷ
3534 5248 3691 5302 ἀδελ-

2111 5340 2216 5411 φῷ,
2247 5340 2385 5410 μήτε
2423 5339 2530 5410 μὴν
2551 5339 2857 5410 ἐπιθυμεῖν,
2886 5343 2997 5404 τοῖς
3028 5341 3127 5413 τῆς
3154 5340 3352 5411 ἀρετῆς
3379 5340 3692 5410 αὐχήμασιν

2109 5432 2510 5503 ὲμ6ι6άζοντος.
2570 5431 2878 5503 Ἐξαίρετον
2927 5430 3037 5504 γὰρ
3080 5432 3139 5483 τὸ
3184 5428 3469 5484 καταθλεῖν
3498 5430 3688 5503 ὀργῆς,

2108 5524 2432 5591 ἀξιάγαστον
2473 5522 2529 5574 δὲ
2561 5522 2698 5594 πρὸς
2725 5522 2882 5575 τοῦτο
2923 5523 2984 5575 τὸ
3008 5519 3391 5592 ἀνασειράζειν
3432 5520 3691 5577 δύνασθαι

2107 5613 2203 5675 τὰς
2244 5614 2321 5674 είς
2369 5614 2429 5664 τὸ
2473 5610 2676 5680 φαῦλον
2724 5612 3042 5682 ἐπιθυμίας,
3094 5612 3190 5665 καὶ
3247 5612 3324 5684 μὴ
3375 5612 3692 5684 ἐπιτρέπειν

487 5769 529 5800 ⁸³
577 5786 747 5834 Mare.
776 5794 873 5847 xu,
918 5779 1005 5836 14.
1084 5782 1127 5813 ⁸⁷
1169 5781 1356 5837 Matth.
1399 5799 1503 5853 xu,
1542 5785 1626 5841 l0.
1702 5787 1747 5819 "
1787 5786 2025 5844 Matth.‘

2136 5791 2165 5842 7
2266 5792 2308 5823 ⁸9
2350 5790 2504 5844 Rom.
2535 5805 2629 5857 vn,
2657 5790 2743 5844 l2.
2821 5788 2867 5823 '°
2902 5788 3033 5844 ibid.
3072 5790 3123 5843 7.
