4134 6304
393 406 465 465 £5
1539 393 1604 451 IN
1643 393 1877 454 ISAIAM
1915 393 2042 450 LIB.
2082 390 2124 447 1.
2168 390 2377 450 ΟΒᾹΤ.
2417 392 2459 447 1.
3579 388 3652 447 ιο

396 521 487 574 τὺν
511 515 655 582 νοῦν,
692 518 794 572 κᾶν
824 516 952 586 γοῦν
1002 517 1081 578 εἰς
1110 503 1283 585 ἀρχὰς
1326 513 1461 565 ἰέναι
1490 515 1588 583 τῆς
1617 511 1847 565 ὲκτόπου
1877 510 1972 563 καὶ

2080 509 2312 564 Proinde
2340 521 2468 561 vere
2487 471 2627 558 bona
2662 514 2746 559 est
2775 502 3056 574 disciplina
3087 503 3384 577 Evangelii,
3413 513 3467 560 et
3492 503 3652 562 Cbri-

400 611 801 682 βδελυρωτάτης
850 608 1164 679 ἐπιθυμίας.
1211 605 1417 660 Οὐκοῦν
1449 606 1511 658 τὸ
1555 605 1718 658 καλὸν
1755 605 1970 674 ἀληθῶς

397 697 481 767 εἴη
503 697 568 750 ἂν
586 697 646 750 τὸ
678 697 908 767 μάθημα
930 696 991 748 τὸ
1016 694 1387 763 εὐαγγελικὸν,
1419 697 1514 747 καὶ
1536 694 1638 763 τῆς
1663 696 1720 748 ὲν
1749 692 1971 763 Χριστῷ

396 787 667 852 πολιτείας
693 791 727 860 ἡ
759 789 1004 858 δύναμις.
1074 785 1471 857 Ἐπιφωνητέον
1500 785 1563 855 δὴ
1599 781 1694 838 οὖν
1729 787 1842 846 τοῖς
1873 782 1969 836 τοῦ

395 878 717 949 γράμματος
744 879 914 948 φίλοις
936 918 950 941 ,
987 897 1006 930 ι
1035 877 1249 932 Μάθετε
1285 876 1449 928 καλὸν
1492 878 1699 938 ποιεῖν,
1738 871 1970 943 ἐκζητή-

400 987 524 1025 σατε
557 971 802 1041 κρίσιν,›
861 970 1003 1023 τοῦτ’
1050 969 1186 1035 ἔστι,
1242 968 1305 1020 τὸ
1349 967 1554 1038 κρίνειν
1599 963 1797 1035 ὀρθῶς.
1828 958 1970 1034 Πρὸς

397 1059 503 1129 γὰρ
522 1062 634 1123 τοῖς
659 1060 838 1123 ἄλλοις
860 1060 1208 1131 ἀτοπήμασιν
1243 1058 1468 1123 ἅπασιν,
1512 1056 1834 1126 νενοσήκασι
1881 1054 1973 1106 καὶ

396 1151 550 1204 τοῦτο
598 1153 699 1222 τῆς
729 1153 995 1206 Ἰουδαίων
1040 1150 1366 1220 συναγωγῆς
1409 1151 1458 1202 οἱ
1501 1141 1850 1217 καθηγεῖσθαι
1878 1145 1974 1197 λα-

396 1243 599 1313 χόντες,
633 1245 695 1296 τὸ
727 1245 802 1315 μὴ
848 1245 1038 1316 ὀρθὰς,
1085 1243 1254 1315 φημὶ,
1301 1240 1572 1295 ποιεῖσθαι
1606 1240 1700 1303 τὰς
1738 1239 1821 1307 ἐφ’
1851 1237 1975 1291 έκάο

399 1351 507 1404 στῳ
545 1335 833 1404 πράγματι
864 1336 1110 1406 κρίσεις’
1156 1332 1491 1403 ψηφοφορείν
1531 1330 1586 1382 δὲ
1620 1329 1818 1398 μᾶλλον
1853 1326 1970 1380 ἀδί-

398 1443 529 1490 κως,
560 1426 657 1479 καὶ
684 1425 874 1496 δώρων
900 1427 1167 1497 ἡττᾶσθαι
1194 1425 1287 1478 καὶ
1309 1422 1602 1493 χρημάτων
1632 1420 1844 1490 ἡδονῆς,
1879 1417 1974 1471 καὶ

398 1520 511 1579 τοῖς
540 1517 750 1569 ἀδικεῖν
780 1515 1027 1568 ἐθέλουσι
1050 1514 1388 1569 καταπωλείν
1409 1513 1504 1582 τῆς
1523 1509 1731 1564 ἑαυτῶν
1756 1509 1972 1562 ἀνοσίου

407 1606 602 1676 βουλῆς
649 1603 750 1674 τὴν
808 1603 1036 1659 σύνεσιν.
1082 1605 1165 1667 Ὠς
1218 1603 1324 1675 γάρ
1362 1619 1524 1674 φησιν
1568 1603 1597 1655 6
1647 1601 1971 1672 προφήτης,

411 1715 430 1749 ι
455 1698 517 1750 Oi.
570 1695 861 1766 ἡγούμενοι
903 1695 1067 1764 αὐτῆς
1094 1693 1228 1764 μετά
1249 1692 1436 1764 δώρων
1470 1694 1702 1764 ἔκρινον.
1725 1709 1743 1741 ι
1780 1691 1975 1758 Ἀναγ-

406 1788 538 1841 καία
595 1784 878 1856 τοιγαροῦν
934 1787 966 1854 ἡ
1027 1784 1251 1855 ἐντολὴ,
1301 1785 1398 1837 καὶ
1446 1786 1559 1846 τοῖς
1603 1779 1975 1850 εὐαγγελικῶς

2073 599 2265 653 ειίιιιιεε
2300 595 2658 652 institutionis
2692 596 2865 651 virtus
2913 606 3076 666 atque
3105 595 3361 651 eﬂicacia.
3394 596 3647 654 Claman-

2076 689 2201 742 dum
2231 697 2314 742 est
2358 688 2520 756 igitur
2549 687 2742 742 litterae
2772 688 3107 743 amatoribus
3137 707 3150 742 :
3195 707 3214 741 ι
3241 688 3448 746 Discite
3479 688 3648 748 bene-

2076 779 2278 844 facere,
2308 779 2576 848 exquirite
2601 778 2887 848 judicium,
2929 797 2948 832 ι
2980 779 3210 846 scilicet,
3237 789 3296 837 ut
3327 792 3474 837 recte
3502 780 3649 850 judi-
3676 769 3680 780 ’

2075 870 2227 923 cetis.
2256 869 2393 924 Nam
2421 878 2617 940 prater
2643 869 2778 924 alias
2812 870 3092 926 foeditates
3112 886 3319 938 omnes,
3347 872 3454 927 hoc
3485 874 3650 928 etiam

2075 963 2265 1015 morbo
2313 959 2638 1016 laborabant
2678 958 2914 1017 Judaica:
2945 963 3243 1035 Synagogte
3273 966 3416 1020 nacti
3448 965 3652 1036 princi-

2075 1058 2283 1116 patum,
2330 1051 2473 1118 quod
2501 1060 2648 1103 recte
2679 1048 2888 1105 scilicet
2922 1053 3530 1124 nusquamjudicarent,
3553 1054 3648 1110 sed

2077 1134 2279 1205 injuste
2308 1135 2488 1206 potius
2520 1135 2731 1191 ferrent
2763 1138 3026 1205 calculos,
3072 1151 3127 1196 et
3160 1156 3444 1197 munerum
3483 1150 3649 1214 atque

2075 1226 2343 1279 donorum
2398 1223 2653 1281 illecebra
2694 1241 3205 1300 corrumperentur,
3237 1233 3653 1306 volentibusque

2078 1317 2283 1372 inferre
2306 1317 2584 1386 iniuriam,
2616 1321 2781 1391 impio
2809 1335 2910 1377 suo
2935 1323 3161 1378 consilio
3195 1324 3646 1398 suﬂragarcntur.

2079 1406 2148 1465 Ut
2195 1410 2339 1465 enim
2370 1412 2630 1480 propheta
2684 1413 2861 1482 inquit
2912 1431 2927 1468 :
2970 1432 2989 1467 ι
3050 1414 3228 1474 Duces
3266 1418 3385 1489 ejus
3429 1431 3649 1490 propter

2076 1517 2300 1558 munera
2327 1504 2647 1574 judicabant
2688 1506 2757 1562 ".
2805 1525 2826 1560 ι
2866 1507 3182 1565 Necessaria
3234 1512 3395 1582 igitur
3441 1529 3648 1582 praece-

2075 1595 2190 1666 ptio
2235 1604 2338 1660 est,
2373 1599 2536 1652 etiam
2583 1598 2686 1665 bis,
2719 1601 2808 1669 qui
2835 1601 3148 1671 evangelice
3190 1604 3413 1674 cupiunt
3448 1598 3649 1671 vivere,

2077 1697 2180 1737 nec
2216 1684 2283 1738 ad
2305 1684 2572 1754 justitiam
2604 1688 2834 1754 inutilis,
2870 1691 3306 1762 rectejudicare,
3343 1711 3446 1750 non
3483 1697 3532 1752 in
3555 1713 3654 1753 ex-

2079 1777 2250 1831 ternis
2288 1776 2462 1832 solum
2496 1779 2678 1845 rebus,
2719 1780 2826 1850 2],
2869 1782 2962 1837 sed
2992 1783 3045 1837 in
3077 1783 3200 1840 aliis
3235 1787 3400 1840 etiam
3441 1802 3559 1857 quae
3583 1788 3651 1845 ad

406 1878 645 1931 ἐθέλουσι
677 1877 777 1948 ζῇν
813 1878 910 1931 οὐκ
941 1877 1237 1947 ἀσυντελὴς
1269 1877 1348 1939 είς
1375 1873 1721 1944 δικαιοσύνην
1765 1874 1826 1926 τὸ
1855 1872 1972 1943 κρί-

2080 1867 2319 1922 animum
2340 1873 2396 1924 et
2427 1870 2494 1925 ad
2519 1885 2616 1925 cor
2647 1881 2897 1940 spectant
2933 1890 2947 1926 :
2986 1885 3135 1940 puta,
3159 1891 3280 1931 cum
3300 1877 3439 1934 Deus
3462 1881 3651 1936 vitium

401 1987 510 2025 νειν
555 1954 754 2042 όρθὶῦς,
783 1971 883 2022 οὐκ
933 1968 990 2023 έν
1039 1986 1103 2039 γε
1151 1969 1308 2040 μόνον
1352 1970 1464 2031 τοῖς
1496 1966 1600 2031 ἔξω
1632 1965 1974 2038 πράγμασιν,

396 2063 532 2117 ἀλλά
554 2063 648 2118 καὶ
677 2065 788 2125 τοῖς
819 2064 897 2126 είς
921 2062 1046 2116 νοῦν
1068 2063 1163 2116 καὶ
1191 2062 1442 2133 καρδίαν.
1477 2056 1600 2116 Οἷον
1626 2062 1688 2131 δή
1716 2060 1768 2112 τί
1796 2078 1940 2131 φημι
1961 2075 1974 2090 δ

395 2152 525 2205 Θεοῦ
555 2151 655 2224 τὴν
678 2152 987 2222 φαυλότητα
1026 2152 1446 2222 καταψέγοντος,
1477 2153 1686 2205 ἐπαινεί
1715 2151 1918 2220 ταύτην
1949 2152 1979 2204 6

396 2245 658 2306 Σατανᾶς.
708 2244 819 2298 Καὶ
862 2245 889 2297 6
932 2244 1030 2315 μὲν
1076 2244 1170 2297 τοῦ
1219 2245 1470 2314 Σωτῆρος
1497 2247 1646 2315 ἡμᾶς
1694 2243 1978 2298 ἀναπείθει

395 2335 578 2405 νόμος,
602 2334 924 2405 ἀξιέραστον
942 2333 1211 2387 ποιεῖσθαι
1235 2333 1294 2386 τὸ
1316 2333 1520 2402 ἀγαθόν
1536 2350 1548 2363 '
1569 2332 1816 2386 ἀνθέλκει
1841 2332 1977 2403 πρὸς

396 2427 455 2481 τὺ
485 2428 725 2481 ἐναντίον
772 2428 996 2490 ἐκεῖνος.
1028 2426 1163 2479 Τότε
1204 2426 1268 2497 δὴ
1294 2427 1413 2480 τότε
1443 2426 1640 2496 κριτὴς
1672 2424 1860 2492 ὥσπερ
1894 2424 1976 2488 τίς

398 2518 514 2570 ἐστι
548 2519 644 2570 καὶ
668 2517 922 2588 δικαστὴς
948 2519 1006 2570 ὲν
1033 2519 1166 2587 ἡμῖν
1193 2519 1221 2570 6
1247 2516 1370 2579 νοῦς
1391 2532 1403 2545 ·
1435 2517 1534 2568 καὶ
1567 2515 1853 2578 ἐπαινέσας
1880 2515 1977 2584 μὲν

400 2606 461 2659 τό
489 2608 714 2674 ἀγαθὸν,
761 2608 853 2659 καὶ⁸
892 2607 1024 2660 αὐτὸ
1069 2607 1130 2659 τὸ
1175 2607 1369 2676 χρῆναι
1409 2607 1629 2676 κρατεῖν
1669 2606 1972 2675 ἀπονέμων,

405 2697 701 2769 έξεζήτησε
731 2699 931 2768 κρίσιν.
966 2697 1216 2760 Ἐπιδούς
1242 2713 1304 2765 γε
1346 2696 1451 2767 μὴν
1480 2696 1770 2766 φαυλότητι
1809 2696 1870 2749 τὸ
1899 2715 1977 2750 νι-

406 2791 530 2861 κᾷν,
564 2788 672 2852 ἔξω
700 2787 892 2854 γέγονε
934 2785 1027 2838 τοῦ
1079 2787 1279 2858 κρίνειν
1314 2785 1504 2857 ὀρθῶς,
1557 2785 1647 2838 καὶ
1684 2782 1975 2839 ἀκούσεται

404 2880 633 2943 δικαίως
657 2895 673 2910 ⁶

411 2972 575 3026 καλὸν
613 2975 844 3042 πονηρόν
865 2988 881 3003 ·
918 2971 1038 3024 οὐαὶ
1068 2972 1115 3024 oi
1146 2971 1393 3039 λέγοντες
1438 2971 1501 3025 τὸ
1549 2973 1745 3043 πικρδν
1778 2972 1973 3040 γλυκὺ,

413 3066 505 3118 καὶ
536 3063 594 3117 τδ
614 3063 783 3133 γλυκὺ
822 3062 1015 3133 πικρόν
1034 3079 1046 3093 ·
1085 3065 1132 3116 οἱ
1158 3062 1398 3127 τιθέντες
1428 3064 1489 3117 τὸ
1510 3064 1699 3127 σκότος
1728 3066 1807 3127 εἰς
1839 3064 1974 3133 φῶς,

410 3156 499 3208 καὶ
526 3155 583 3208 τὸ
615 3155 730 3222 φῶς
752 3154 832 3218 είς
862 3156 1070 3220 σκότος.
1098 3175 1117 3207 ι
1158 3154 1395 3227 Αῦχημα
1417 3157 1594 3208 τοίνυν
1627 3155 1975 3224 εὐαγγελικὸν

404 3247 460 3299 τὸ
482 3247 683 3318 κρίνειν
705 3246 902 3317 ὀρθῶς,
934 3249 1030 3302 καὶ
1059 3249 1359 3318 ἐπαμύνειν
1385 3247 1777 3318 ἀδικουμένοις.
1803 3246 1975 3299 Τοῦτο

402 3338 529 3410 γάρ,
552 3335 726 3410 οἶμαι,
747 3339 882 3403 ἐστὶ,
903 3340 981 3406 τὸ,
1002 3358 1021 3391 ι
1044 3339 1305 3393 Ῥύσασθε
1331 3338 1698 3408 ἀδικούμενον.
1715 3358 1734 3391 ι
1755 3340 1974 3408 Ἐπιτη-

399 3429 572 3483 δεύειν
599 3428 654 3482 δὲ
675 3430 781 3500 χρὴ
808 3429 941 3500 πρὸς
958 3430 1130 3500 τούτῳ
1147 3429 1206 3483 τὸ
1231 3428 1532 3500 συμπαθὲς,
1564 3429 1656 3481 καὶ
1679 3430 1738 3481 τὸ
1768 3429 1973 3498 ἀπροσ-

402 3521 772 3591 ωπόληπτον.ι
792 3522 1029 3592 Κρίνατε
1040 3522 1310 3593 ὀρφανῷ,ι
1331 3522 1515 3593 φησὶ,ι
1538 3522 1630 3575 καὶ
1650 3520 1973 3574 δικαιώσατε

402 3612 574 3682 χήραν
596 3626 608 3639 '
636 3611 729 3666 καὶ
747 3612 922 3677 δεῦτε,
959 3613 1053 3666 καὶ
1076 3612 1494 3684 διελεγχθῶμεν,
1521 3612 1667 3681 λέγει
1693 3612 1898 3680 Κύριος
1922 3629 1967 3663 ἰ

374 3760 377 3765 λ
401 3703 498 3772 οὐχ
516 3703 590 3766 ὡς
611 3701 922 3772 κρινόμενοι
942 3702 1018 3772 τῷ
1037 3701 1280 3773 Δεσπότῃ
1304 3719 1318 3765 ;
1353 3719 1369 3751 ι
1393 3701 1819 3771 Δικαιωθήσεται
1840 3706 1972 3772 γὰρ,

403 3795 556 3866 φησι,
586 3795 802 3859 πάντως
827 3797 886 3847 ὲν
916 3797 1028 3858 τοῖς
1053 3795 1230 3864 λόγοις
1257 3794 1442 3858 αὑτοῦ,
1478 3795 1570 3847 καί⁵
1597 3795 1811 3864 νικήσει
1850 3810 1974 3864 κρι-

402 3886 684 3955 νόμενος.»
727 3886 921 3953 Ἔσται
955 3886 1061 3956 γὰρ
1111 3886 1285 3948 οὐδεὶς
1333 3886 1442 3939 ἀπὸ
1485 3886 1657 3957 ῥύπου
1708 3886 1970 3957 καθαρὸς,

399 3977 515 4030 ἀλλ’
542 3977 661 4030 οὐδὲ
706 3977 1038 4049 καυχήσεται
1078 3992 1161 4040 τις
1205 3976 1372 4047 ἁγνὴν
1407 3976 1548 4048 ἔχειν
1577 3977 1677 4048 τὴν
1723 3977 1971 4047 καρδίαν,

400 4069 791 4140 διελεγχόμενοι
851 4069 909 4122 δὲ
962 4068 1180 4139 μᾶλλον,
1229 4070 1320 4122 καὶ
1370 4069 1532 4122 οἱονεὶ
1583 4067 1703 4121 καθ’
1747 4069 1973 4131 ἑαυτοὺς

402 4160 800 4229 δοκιμάζοντες,
844 4163 894 4215 εί
945 4161 1022 4232 μὴ
1068 4164 1165 4232 τῆς
1208 4161 1356 4224 θείας
1391 4160 1698 4230 φιλοτιμίας
1744 4161 1972 4232 μέγεθος

405 4254 539 4306 πολύ
577 4254 638 4306 τέ
688 4255 801 4306 ὲστι
843 4253 937 4306 καὶ
966 4252 1308 4323 ἁξιόληπτον.
1342 4253 1438 4315 Ὦς
1475 4270 1538 4321 γε
1583 4255 1611 4306 6
1649 4252 1810 4321 σοφὸς
1838 4255 1971 4323 ἡμῖν

402 4347 603 4416 γράφει
649 4345 892 4408 Παῦλος·
939 4364 958 4397 ι
990 4345 1102 4398 Οὐκ
1149 4345 1273 4408 ἀξια
1323 4343 1392 4397 τὰ
1422 4345 1721 4415 παθήματα
1745 4345 1837 4396 τοῦ
1877 4345 1972 4397 νῦν

402 4436 592 4507 καιροῦ
614 4435 748 4507 πρὸς
777 4441 874 4506 τὴν
903 4435 1208 4507 μέλλουσαν
1231 4433 1387 4498 δόξαν
1414 4434 1865 4504 ἀποκαλυφθῆναι
1892 4438 1972 4498 εἰς

709 2899 727 2930 ι
749 2880 882 2932 Οὐαὶ
905 2880 952 2932 οἱ
973 2879 1216 2947 λέγοντες
1241 2879 1299 2930 τὸ
1329 2877 1562 2949 πονηρὸν
1590 2878 1774 2943 καλὸν,
1805 2878 1977 2932 καὶτὸ

2079 1957 2325 2027 damnat,
2354 1957 2585 2017 Satanas
2615 1962 2834 2031 laudat;
2887 1979 3010 2019 cum
3051 1966 3135 2022 lex
3179 1967 3484 2027 Servatoris
3520 1986 3651 2027 sua-

2080 2049 2170 2104 det
2203 2051 2400 2107 bonum
2461 2067 2584 2110 esse
2613 2057 2863 2123 amabile,
2896 2057 2984 2112 ille
3015 2060 3182 2114 trabit
3206 2063 3271 2116 ad
3296 2062 3652 2121 contrarium.

2080 2139 2231 2197 Tunc
2261 2143 2314 2196 in
2357 2144 2512 2200 nobis
2537 2161 2690 2202 mens
2713 2149 2876 2203 veluti
2906 2146 3072 2219 judex
3113 2162 3195 2207 est
3236 2162 3292 2207 et
3321 2156 3546 2210 arbiter.
3590 2155 3648 2211 Si

2079 2235 2223 2303 quod
2253 2234 2454 2290 bonum
2480 2247 2562 2291 est
2593 2240 2874 2308 probarit,
2919 2243 3078 2311 eique
3130 2245 3437 2313 superiores
3469 2257 3650 2316 partes

2082 2325 2304 2393 tribuat,
2332 2325 2444 2394 jam
2473 2330 2767 2396 exquisivit
2806 2331 3088 2399 judicium.
3128 2335 3223 2390 Sin
3268 2337 3400 2391 vitio
3437 2338 3651 2408 adjudi-

2078 2427 2166 2471 cet
2199 2418 2507 2485 victoriam,
2545 2422 2774 2475 discedit
2825 2433 2935 2477 tum
2988 2440 3017 2479 a
3068 2427 3554 2498 rertejudicando,
3597 2441 3652 2488 et

2078 2509 2273 2563 merito
2301 2510 2487 2565 audiet
2521 2528 2535 2567 :
2569 2530 2586 2562 ι
2622 2509 2716 2568 τω
2748 2513 2832 2569 bis
2862 2516 2952 2585 qui
2990 2517 3173 2572 dicunt
3200 2520 3397 2575 malum
3427 2522 3648 2592 bonum,

2078 2609 2133 2652 et
2181 2600 2380 2655 bonum
2435 2602 2634 2657 malum
2683 2621 2698 2661 :
2743 2606 2834 2674 qui
2869 2608 3055 2664 dicunt
3102 2625 3349 2666 amarum
3382 2615 3558 2681 dulce,
3598 2629 3656 2671 et

2079 2692 2232 2747 dulce
2261 2708 2505 2750 amarum
2542 2715 2556 2749 :
2592 2697 2682 2765 qui
2719 2707 2936 2753 vertunt
2976 2703 3228 2759 tenebras
3263 2704 3315 2758 in
3365 2704 3560 2774 lucem,
3595 2718 3652 2764 et

2079 2782 2252 2838 lucem
2282 2783 2333 2838 in
2368 2787 2619 2841 tenebras
2661 2787 2725 2840 ⁵¹.
2764 2806 2783 2839 ι
2820 2789 3003 2846 Gloria
3039 2792 3205 2862 igitur
3233 2805 3287 2847 et
3322 2793 3438 2850 laus
3474 2795 3649 2851 Evan-

2079 2875 2203 2942 gelii
2247 2884 2354 2941 est,
2404 2891 2551 2931 reete
2594 2879 2862 2948 judicare,
2911 2889 2966 2934 et
2998 2896 3288 2951 Oppressos
3341 2884 3650 2946 defendere.

2080 2964 2194 3019 lloc
2248 2967 2431 3032 enim,
2474 2970 2687 3036 Opinor,
2736 2977 2853 3035 est,
2896 2988 2915 3021 ι
2951 2969 3200 3029 Liberale
3258 2991 3595 3045 oppressum.
3627 2999 3648 3033 ι

2082 3056 2399 3112 Exercenda
2429 3069 2507 3113 est
2545 3070 2806 3129 prznterea
2835 3064 3234 3119 commiseratio
3261 3070 3524 3135 quaedam,
3553 3086 3653 3127 nec

2081 3166 2440 3219 personarum
2469 3161 2749 3221 reSpectus
2773 3153 3072 3208 babeudus.
3100 3154 3544 3229 Patrocinamini,
3570 3163 3652 3217 in-

2082 3244 2221 3313 quit,
2251 3244 2475 3314 pupillo,
2517 3253 2572 3300 et
2596 3246 2769 3300 viduae
2807 3257 3026 3301 causam
3070 3252 3233 3319 agite,
3267 3259 3322 3305 et
3356 3251 3565 3322 adeste,
3597 3266 3652 3312 et

2083 3337 2440 3408 disputemus,
2473 3337 2609 3393 dicit
2651 3338 2934 3404 Dominus,
2981 3355 3088 3395 non
3139 3344 3291 3412 quasi
3316 3344 3520 3415 judicio
3554 3350 3648 3403 dco

2083 3439 2353 3484 certantes
2388 3445 2510 3484 cum
2557 3430 2827 3487 Domino:
2879 3449 2898 3483 ι
2929 3430 3323 3490 Justiﬁcabitur
3359 3438 3503 3493 enim
3532 3457 3650 3495 om-

2083 3523 2212 3576 nino
2261 3522 2315 3575 in
2363 3522 2702 3578 sermonibus
2752 3525 2887 3589 suis,
2919 3534 2975 3580 et
3009 3526 3188 3582 vincet
3235 3543 3357 3584 cum
3384 3531 3653 3601 judicabi-

2084 3623 2170 3669 tur
2201 3613 2270 3667 ⁸³.
2307 3633 2326 3666 ι
2365 3613 2536 3670 Nemo
2568 3617 2767 3687 quippe
2804 3619 2910 3673 erit
2938 3619 3148 3690 integer
3177 3624 3529 3696 aordiumque
3552 3642 3653 3696 pu-

2080 3718 2197 3768 rus,
2228 3706 2323 3759 sed
2376 3719 2551 3775 neque
2596 3704 2913 3776 gloriabitur
2953 3710 3237 3779 quisquam
3285 3716 3541 3768 mundum
3583 3731 3642 3769 se

2081 3794 2285 3850 habere
2340 3810 2487 3851 cor:
2544 3807 2599 3849 at
2636 3796 2814 3865 potius
2871 3811 3160 3869 arguentes
3207 3811 3260 3856 et
3311 3803 3458 3857 velut
3510 3808 3650 3874 apud

2081 3891 2286 3958 seipsos
2319 3889 2631 3959 probantes,
2665 3890 2806 3945 sitne
2860 3891 3169 3962 magnitudo
3204 3893 3398 3948 divina
3441 3897 3651 3966 magni-

2084 3982 2313 4036 ﬁcentia:
2344 3981 2533 4050 multa,
2567 3991 2621 4037 et
2645 3982 3038 4052 amplectenda.
3083 3981 3234 4036 Sicut
3277 3994 3331 4037 et
3360 3985 3515 4040 nobis
3557 4001 3650 4042 sa-

2083 4073 2234 4142 piens
2269 4071 2465 4128 Paulus
2495 4074 2685 4129 scribit
2716 4092 2730 4127 :
2765 4092 2782 4124 ι
2818 4072 2932 4126 Non
2964 4084 3091 4128 sunt
3121 4074 3406 4145 condignae
3439 4080 3649 4148 passio-

2083 4182 2176 4220 nes
2201 4164 2359 4233 bujus
2394 4165 2650 4229 temporis
2680 4167 2744 4216 ad
2782 4166 3018 4224 futuram
3049 4164 3272 4235 gloriam
3303 4182 3422 4237 qua
3446 4170 3654 4225 revela.

2081 4259 2228 4311 bitur
2255 4258 2305 4309 in
2339 4255 2492 4307 nobis
2525 4254 2590 4306 ⁸⁵.
2625 4272 2643 4304 ι
2679 4253 2781 4319 Qui
2811 4267 2938 4322 ergo
2980 4269 3010 4307 a
3054 4254 3189 4324 legis
3227 4255 3566 4315 institutione
3596 4272 3653 4317 et

2081 4347 2495 4403 conversatione
2543 4344 2608 4398 ad
2659 4346 2979 4401 Christianae
3020 4347 3142 4403 vita:
3190 4347 3511 4422 elegantiam
3555 4369 3653 4424 per

2083 4440 2238 4494 tidem
2269 4437 2666 4507 quodammodo
2709 4438 3083 4505 traducuntur,
3135 4439 3219 4494 his
3255 4443 3525 4509 promittit
3561 4459 3647 4498 re-

403 4531 608 4599 ἡμᾶς(
683 4529 1049 4598 Ὑπισχνεῖται
1105 4528 1392 4599 τοιγαροῦν
1447 4531 1559 4591 τοῖς
1614 4528 1679 4581 ὲκ
1741 4529 1970 4599 νομικῆς

2081 4532 2492 4600 promissionem
2528 4545 2737 4596 eorum,
2776 4533 2827 4586 in
2861 4533 3056 4602 quibus
3084 4532 3198 4602 jam
3243 4542 3370 4588 ante
3401 4533 3650 4590 offende--

404 4621 621 4690 ἀγωγῆς
673 4620 1152 4691 μεθορμιζομένοις
1198 4623 1400 4691 τρόπον
1450 4620 1570 4673 τε.νά
1603 4619 1692 4674 διὰ
1732 4620 1832 4690 τῆς
1878 4622 1970 4673 πί-

405 4731 573 4776 στεως
602 4717 680 4777 είς
704 4715 1021 4785 ἁστειότητα
1053 4714 1170 4785 βίου
1196 4714 1288 4767 τοῦ
1321 4714 1461 4768 κατὰ
1488 4714 1743 4785 Χριστὸν,
1780 4713 1974 4782 ἄφεσιν

401 4806 509 4859 τῶν
570 4807 668 4879 ῆδη
723 4808 1222 4878 προεπταισμένων.
1258 4808 1401 4879 Αὕτη
1447 4808 1553 4877 γὰρ
1601 4807 1829 4878 ἡμῶνή
1877 4806 1976 4875 τῆς

395 4896 615 4958 ἐλπίδος
641 4896 880 4967 εἰσὸολὴ,
919 4897 1012 4951 καὶ
1036 4901 1134 4967 τῆς
1164 4897 1312 4960 θείας
1344 4900 1421 4959 είς
1454 4899 1599 4966 ἡμᾶς
1638 4899 1976 4967 ἡμερότητος

393 4991 638 5060 ἀπαρχὴ,
691 4988 831 5059 θύρα
874 5007 933 5043 τε
965 4990 1154 5060 ὥσπερ
1184 4990 1277 5042 καὶ
1327 4989 1462 5050 ὁδός.
1504 4989 1626 5040 Ὅτι
1655 4990 1710 5040 δὲ
1739 4990 1830 5040 καὶ
1860 4991 1970 5051 τοῖς

392 5084 621 5149 εἰσάγαν
672 5081 1133 5152 μεμολυσμένοις,
1193 5080 1367 5134 καίτοι
1414 5081 1500 5133 ἐπ’
1546 5080 1766 5132 ἔλαττον
1813 5082 1970 5133 τοῦτο

392 5173 760 5244 νενοσηκόσιν,
811 5173 1036 5242 ἀρκέσει
1071 5172 1207 5242 πρὸς
1237 5171 1613 5241 ἀποκάθαρσιν
1665 5173 1697 5240 ἡ
1742 5171 1830 5223 διὰ
1877 5171 1963 5222 πί·

390 5283 563 5328 στεως
589 5266 770 5335 χάρις,
802 5262 1085 5318 ἀναπείθει
1111 5262 1283 5330 λέγων
1303 5280 1316 5292 ο
1350 5279 1367 5312 ι
1401 5263 1525 5315 Ἐὰν
1559 5257 1689 5315 ὦσιν
1711 5264 1764 5315 αἱ
1798 5264 1974 5332 ἀμαρ-

379 5361 501 5413 τίαι
529 5359 680 5430 ὑμῶν
710 5358 787 5422 ὡς
819 5355 1117 5427 φοινικοῦν,
1158 5356 1232 5419 ὡς
1282 5356 1435 5425 χιόνα
1459 5355 1704 5409 λευκανῶ
1725 5375 1736 5384 ·
1771 5357 1865 5409 ἐὰν
1914 5357 1971 5409 δὲ

379 5447 520 5505 ὦσιν
551 5453 623 5514 ὠς
653 5453 930 5513 κόκκινον,
951 5449 1026 5512 ὡς
1048 5449 1190 5518 ἔριον
1216 5448 1481 5502 λευκανῶ.
1520 5468 1538 5499 ι
1590 5450 1968 5503 Δυσέκπλυτον

375 5544 495 5614 γὰρ
547 5544 695 5597 οὐδὲν
736 5543 875 5597 Θεοῦ
930 5542 1340 5611 διασμήχοντος.
1400 5542 1485 5604 Ὠς
1535 5543 1643 5611 γὰρ
1690 5544 1718 5593 ὁ
1760 5544 1968 5604 Παῦλος

370 5638 568 5706 φησὶν,
613 5628 726 5689 «οὗ
763 5634 821 5687 δὲ
863 5633 1193 5687 ἐπλεόνασεν
1231 5633 1264 5701 ἡ
1307 5632 1567 5703 ἁμαρτία,
1605 5632 1965 5702 ὑπερεπερίσ-

2078 4633 2219 4678 runt.
2259 4622 2349 4678 llla
2381 4623 2523 4678 enim
2551 4633 2635 4678 est
2671 4633 2866 4678 nostra:
2902 4625 3014 4694 Spei
3061 4625 3336 4691 introitus,
3372 4634 3425 4680 et
3453 4625 3649 4683 divina:

2075 4732 2198 4786 erga
2233 4732 2328 4771 nos
2351 4716 2651 4771 clementia:
2683 4717 2953 4786 primitiae,
2986 4725 3041 4770 et
3068 4716 3229 4770 veluti
3253 4715 3418 4782 janua
3449 4732 3514 4772 ac
3537 4718 3645 4773 via.

2074 4809 2223 4863 Fidei
2257 4817 2436 4862 autem
2481 4809 2707 4877 gratiam
2757 4809 2992 4862 cumbis
3029 4807 3120 4874 qui
3175 4807 3333 4864 valde
3376 4809 3649 4880 inquinati

2075 4908 2217 4964 sunt,
2256 4908 2368 4952 tum
2422 4901 2586 4952 etiam
2630 4898 2847 4966 paulum
2893 4897 3084 4951 morbo
3122 4895 3348 4965 allectis,
3403 4903 3536 4957 satis
3576 4905 3644 4956 ad

2077 4993 2514 5048 emundationem
2545 4992 2829 5044 valituram
2860 5005 3001 5052 esse,
3039 4991 3196 5046 ﬁdem
3232 4993 3383 5059 facit,
3409 4995 3596 5050 dicens
3627 5014 3642 5049 :

2082 5102 2099 5134 ι
2143 5084 2197 5136 Si
2233 5084 2343 5137 sint
2393 5093 2610 5151 peccata
2645 5090 2823 5134 vestra
2865 5089 2922 5134 ut
2973 5097 3230 5151 purpura,
3268 5083 3413 5137 velut
3468 5085 3646 5139 nivem

2078 5172 2329 5241 inalbabo
2365 5191 2379 5223 ι
2409 5174 2528 5226 etsi
2557 5173 2665 5224 sint
2698 5182 2755 5224 ut
2780 5173 3084 5239 coccinum,
3117 5174 3270 5241 quasi
3309 5174 3489 5228 lanam
3514 5175 3650 5229 inal-

2079 5265 2235 5318 babo.
2275 5283 2293 5314 ι
2345 5263 2488 5316 Nihil
2549 5263 2691 5316 enim
2731 5263 3018 5318 dilliculter
3063 5265 3284 5330 eluitur,
3320 5264 3430 5320 Deo
3464 5266 3649 5322 deter-

2080 5366 2258 5427 gentc.
2292 5354 2752 5420 Qucu‘iadmodum
2800 5364 2854 5410 et
2888 5354 3086 5409 Paulus
3122 5356 3196 5409 ait
3233 5374 3246 5409 :
3295 5355 3429 5411 (Ubi
3471 5358 3646 5414 abun-

2079 5449 2227 5503 davit
2267 5457 2571 5516 peccatum,
2623 5446 3082 5516 superabundavit
3124 5453 3180 5499 et
3207 5447 3377 5515 gratia
3405 5449 3474 5502 ⁸⁵.
3521 5468 3541 5501 ι
3585 5450 3650 5502 Et

2080 5556 2268 5594 rursus
2309 5559 2321 5594 :
2367 5559 2384 5589 ι
2417 5541 2549 5605 Quis
2603 5539 2880 5593 accusabit
2936 5537 3197 5594 adversus
3257 5541 3461 5596 electos
3516 5542 3648 5596 Dei?

2079 5635 2218 5688 Deus
2241 5635 2329 5702 qui
2358 5634 2640 5702 justilicat,
2665 5633 2788 5699 quis
2819 5640 2901 5684 est
2934 5631 3023 5700 qui
3061 5632 3383 5688 condemnet
3410 5633 3491 5684 “?
3521 5653 3539 5682 ι

372 5749 572 5789 σευσεν
605 5735 637 5803 ἡ
673 5732 856 5803 χάρις.
911 5731 1022 5784 Kal
1064 5728 1258 5782 πάλιν·
1305 5747 1322 5779 ι
1348 5728 1441 5790 Τίς
1473 5728 1754 5795 ἐγκαλέσει
1809 5731 1944 5798 μετὰ
1985 5730 2251 5785 ἐκλεκτῶν
2282 5728 2415 5781 Θεοῦ
2441 5747 2453 5793 ;
2480 5727 2610 5790 Θεὸς
2639 5729 2666 5778 ὁ
2695 5725 2939 5792 δικαιῶν,
2978 5726 3060 5788 τίς
3092 5728 3119 5778 ὁ
3158 5727 3498 5798 κατακρίνων
3523 5742 3570 5787 ς»

457 5849 497 5881 ⁸⁸
536 5848 641 5904 lsa.
669 5865 723 5920 v,
750 5849 847 5901 25.

929 5847 974 5878 "
1005 5846 1105 5902 lsa.
1151 5861 1202 5910 v,
1237 5843 1328 5898 ΞΟ.
1407 5844 1450 5874 ⁵³
1489 5843 1625 5897 Psal.
1675 5862 1723 5906 1,,
1772 5844 1819 5894 fi.
1901 5846 1941 5875 5‘
1987 5847 2139 5901 Rom.
2191 5863 2304 5911 vm,
2346 5848 2426 5899 18.

2482 5848 2548 5917 ,ετ
2584 5846 2737 5900 Rom.
2783 5861 2834 5911 v,
2876 5845 2964 5898 20.
3010 5846 3052 5877 ⁵⁸
3086 5844 3242 5898 Rom.
3286 5859 3402 5910 vm,
3439 5840 3527 5896 55,
3558 5836 3649 5888 δι.
