4132 6316
443 385 510 439 Π
1458 372 1513 427 S.
1557 370 1835 428 CYRILLI
1876 368 2010 424 ALE

2115 367 2351 421 NDRINI
2390 366 2708 423 ARCIHEP.
3639 370 3709 426 48

508 504 671 559 Vsus.
720 502 810 566 i9,
840 500 929 555 εο.
986 498 1050 552 Et
1101 499 1146 552 si
1191 495 1478 561 volueritis,
1518 506 1565 548 et
1613 495 1659 548 si
1720 492 2014 557 audieritis,

2199 489 2307 545 Kal
2331 490 2441 543 ἐὰν
2460 488 2689 556 θέλητε,
2716 487 2811 540 καί
2836 486 3236 554 είσακούσητέ
3255 502 3400 556 μου,
3424 485 3495 539 τὰ
3515 485 3707 555 ἀγαθὰ

435 592 574 651 bona
610 592 718 663 22
759 602 910 645 terra:
937 589 1235 643 comedetis.
1263 587 1325 643 Si
1354 603 1470 642 vero
1504 586 1796 650 nolueritis,
1831 592 1880 638 et
1917 600 2020 638 non

439 686 748 740 audiveritis
791 699 891 746 me,
928 681 1138 750 gladius
1167 696 1256 735 uos
1296 678 1587 735 devorabit.
1630 677 1703 731 Os
1746 679 1882 732 enim
1915 677 2022 731 Do-

408 773 571 872 ;mini
603 772 836 827 locutum
868 779 941 825 est
971 770 1103 823 Ita’c.

508 900 716 958 Atratus
743 897 828 957 est
864 897 1137 954 Israelitas
1181 897 1553 953 universitatis
1596 897 1762 960 Deus,
1803 911 1899 966 per
1932 911 2018 951 sa-

440 992 830 1063 pientissimum
852 988 1108 1060 Moysen:
1134 1007 1152 1041 ‹
1178 989 1316 1045 Ecce
1344 1003 1444 1059 ego
1468 988 1622 1059 posui
1654 988 1704 1042 in
1727 998 2018 1058 eonsqectu

447 1094 540 1141 tuo
573 1085 712 1138 viam
746 1082 868 1137 vita:
895 1091 950 1136 et
991 1080 1131 1135 viam
1168 1081 1360 1135 mortis
1387 1079 1455 1133 ’⁷.
1487 1097 1505 1131 ι
1542 1078 1720 1133 Posita
1762 1078 1905 1134 enim
1935 1087 2019 1133 est

436 1178 595 1234 nobis
638 1175 706 1231 ad
748 1184 1040 1244 utrumque
1071 1172 1288 1240 semita,
1339 1179 1393 1227 et
1441 1169 1649 1227 fructus
1680 1170 2016 1227 voluntatum

440 1270 704 1341 cujusque
745 1282 844 1324 ceu
881 1264 1232 1322 flosculorum
1268 1274 1353 1319 est
1382 1263 1641 1333 praeclare
1670 1271 1725 1318 et
1757 1261 2014 1333 legitime,

440 1372 533 1418 aut
557 1369 749 1417 contra
786 1357 999 1428 culpate
1033 1356 1234 1413 vivere.
1278 1354 1387 1411 Sed
1418 1369 1517 1410 nec
1542 1367 1661 1411 esse
1696 1362 1872 1424 potest
1900 1354 2015 1406 cui-

440 1467 602 1521 quam
652 1450 900 1515 duhium,
941 1448 1075 1519 quin
1121 1447 1175 1501 hi
1226 1448 1315 1518 qui
1349 1445 1569 1516 probam
1602 1455 1658 1499 et
1699 1444 2013 1514 praeclaram

441 1545 659 1612 Deoque
679 1539 1111 1609 acceptissimam
1130 1537 1317 1591 vivunt
1331 1536 1517 1601 vitam,
1542 1549 1756 1605 semper
1771 1535 1837 1589 ad
1852 1534 2014 1588 vitam

440 1632 855 1689 subvehantur:
892 1628 984 1700 qui
1036 1638 1214 1682 autem
1255 1625 1625 1694 voluptatibus
1664 1623 1820 1679 malis
1848 1623 2014 1677 dediti

439 1732 641 1780 suntet
662 1719 887 1783 addicti,
914 1717 1117 1774 exitum
1151 1715 1349 1770 habent
1375 1715 1682 1769 tendentem
1707 1713 1760 1767 in
1787 1712 2011 1767 exitium

443 1825 498 1871 et
536 1812 836 1868 interitum.
874 1809 1057 1879 Itaque
1101 1807 1310 1863 fructus
1352 1805 1675 1861 obedientite
1707 1803 1835 1868 erit,
1870 1802 2013 1858 bona

2121 581 2233 651 τῆς
2259 580 2372 651 γῆς
2393 581 2678 651 φάγεσθε.
2722 579 2862 634 Ἐὰν
2893 578 2962 633 δὲ
2999 577 3079 647 μὴ
3114 580 3352 646 θέλητε,
3380 579 3539 647 μηδὲ
3575 582 3707 633 εισ-

2122 673 2426 740 ακούσητέ
2471 688 2612 741 μου,
2660 670 2925 740 μάχαιρα
2953 668 3109 740 ὑμᾶς
3138 668 3464 724 κατέδεται.
3499 670 3569 725 Τὸ
3596 673 3708 741 γὰρ

2122 764 2317 832 στόμα
2353 761 2576 832 Κυρίου
2599 761 2867 830 ἐλάλησε
2903 761 3107 816 ταῦτα.

2191 896 2632 967 Προσπεφώνηκέ
2679 913 2781 953 που
2826 897 2936 960 τοῖς
2984 895 3044 963 ἐξ
3082 895 3300 968 Ἰσραὴλ
3344 897 3373 950 ὁ
3403 897 3513 950 τῶν
3568 897 3707 951 ὅλων

2118 988 2249 1051 Θεὸς
2288 987 2375 1041 διὰ
2407 986 2500 1041 τοῦ
2533 987 2807 1056 πανσόφου
2833 987 3095 1051 Μωσέως⁹
3136 1004 3155 1038 t
3200 988 3330 1042 Ἰδοὺ
3356 988 3567 1043 δέδωκα
3600 989 3706 1062 πρὸ

2118 1075 2411 1148 προσώπου
2447 1094 2541 1130 σου
2570 1077 2668 1148 τὴν
2697 1076 2815 1131 ὁδὸν
2844 1078 2945 1148 τῆς
2982 1076 3150 1149 ζωῆς,
3192 1077 3288 1132 καὶ
3312 1078 3411 1150 τὴν
3441 1078 3560 1133 ὁδὸν
3607 1069 3703 1133 τοῦ

2119 1168 2370 1224 θανάτου.
2394 1188 2412 1221 ι
2442 1168 2693 1224 Τέθειται
2733 1168 2844 1242 γὰρ
2872 1170 2930 1223 ὲν
2960 1170 3091 1239 ἡμῖν
3132 1170 3165 1241 ἡ
3195 1170 3282 1224 ἐπ’
3305 1170 3472 1242 ἄμφω
3494 1171 3700 1243 τρίϐος,

2117 1257 2213 1313 καὶ⁵
2254 1258 2363 1312 τῶν
2404 1259 2637 1314 ἑκάστου
2684 1260 3104 1330 διανευμάτων,
3162 1262 3332 1334 ἤγουν
3380 1263 3700 1335 θελημάτων

2117 1350 2330 1418 καρπὸς
2356 1349 2423 1404 ἂν
2455 1350 2663 1420 γένοιτο
2692 1351 2752 1405 τὸ
2794 1352 3079 1406 διαϐιῶναι
3123 1354 3395 1426 λαμπρῶς
3425 1355 3520 1409 καὶ
3555 1355 3701 1410 ἐννό-

2120 1458 2254 1512 μως,
2293 1442 2461 1513 ἤγουν
2508 1443 2758 1512 ἐτεροίως
2797 1445 3247 1515 κατεψεγμένως.
3300 1445 3443 1499 Ἀλλ’
3489 1446 3589 1500 οὐκ
3632 1445 3701 1500 ἂν

2116 1531 2407 1586 ὲνδοιάσειέ
2431 1550 2534 1597 τις,
2573 1533 2648 1597 ώς
2685 1535 2734 1587 οί
2771 1536 2869 1605 μὲν
2907 1535 2999 1589 τὸν
3031 1535 3232 1605 ἀγαθὸν
3266 1538 3359 1591 καὶ
3393 1536 3694 1591 ἀπόλεκτον

2116 1624 2210 1676 καὶ
2234 1621 2352 1693 Θεῷ
2374 1622 2688 1692 φιλαίτατον
2714 1623 2957 1694 βιοῦντες
2984 1625 3116 1696 βίον,
3155 1627 3331 1695 πάντη
3354 1645 3414 1680 τε
3436 1628 3531 1681 καὶ
3558 1628 3697 1681 πάν-

2115 1731 2223 1778 τως
2252 1713 2604 1785 καταίρουσιν
2629 1717 2710 1778 είς
2739 1715 2905 1787 ζωήν.
2934 1717 3061 1787 Οἶγε
3092 1717 3197 1789 μὴν
3222 1720 3343 1782 ταῖς
3371 1719 3451 1783 είς
3478 1718 3539 1771 τὸ
3567 1717 3713 1788 φαῦ-

2115 1806 2205 1858 λον
2233 1804 2445 1875 ἡδοναῖς
2474 1805 2796 1876 ἡττώμενοι,
2825 1808 2884 1860 τὸ
2929 1806 3082 1872 τέλος
3108 1808 3320 1878 ἔχουσιν
3348 1809 3430 1873 είς
3474 1808 3694 1880 ὄλεθρον

443 1917 601 1961 terra:
634 1900 940 1964 comedere,
968 1911 1089 1968 qua:
1137 1896 1339 1952 sanctis
1368 1901 1681 1964 praeparata
1732 1900 1841 1958 est;
1867 1889 2014 1959 cujus

2123 1896 2216 1950 καὶ
2243 1895 2540 1951 ἀπώλειαν.
2567 1897 2891 1964 Εὐπειθείας
2917 1895 3010 1954 οὖν
3033 1898 3141 1972 ἄρα
3167 1899 3378 1972 καρπὸς
3397 1900 3459 1953 τὸ
3498 1902 3694 1969 φαγεῖν

440 1992 692 2049 meminit
714 1990 878 2046 etiam
909 1987 1027 2059 ipse
1048 1986 1313 2040 Dominus
1347 1992 1532 2039 noster
1558 1981 1718 2039 Jesu’s
1743 1982 2013 2046 Christus,

440 2089 497 2142 in
529 2085 671 2140 hanc
699 2080 1021 2137 sententiam
1062 2095 1075 2132 :
1115 2095 1134 2130 ι
1164 2077 1315 2132 Beati
1349 2077 1526 2143 mites,
1551 2076 1675 2145 quia
1706 2074 1809 2146 ipsi
1842 2075 2014 2129 haere-

448 2175 699 2232 ditahunt
722 2184 922 2229 terram
948 2170 1016 2226 ⁸⁸.
1051 2187 1071 2223 ι
1102 2168 1339 2225 Fructus
1369 2177 1549 2223 autem
1579 2166 1797 2222 malitiae
1823 2176 1875 2221 et
1894 2166 2016 2220 vita:

438 2269 739 2341 ﬂagitiosae,
779 2272 863 2321 est
904 2263 1112 2319 inutilis
1150 2261 1490 2333 pteniteutia,
1526 2269 1584 2316 et
1613 2273 1681 2315 ex
1711 2259 1894 2313 divina
1937 2258 2015 2312 ira

439 2360 649 2434 gladius
678 2365 733 2413 et
767 2355 1034 2420 interitus,
1064 2363 1124 2407 ut
1165 2354 1369 2408 dietum
1402 2355 1505 2417 est,
1545 2358 1599 2405 et
1637 2350 1764 2419 quid
1799 2363 1904 2403 non
1935 2349 2013 2404 is-

441 2449 696 2506 tiusmodi
744 2444 1045 2502 malorum?
1072 2441 1384 2499 Orationem
1420 2453 1548 2495 vero
1592 2453 1743 2495 suam
1787 2438 1894 2493 fide
1922 2437 2010 2492 di-

439 2556 597 2613 gnam
628 2553 749 2596 esse
776 2538 1113 2593 demonstrat
1162 2532 1446 2602 propheta,
1489 2544 1610 2585 cum
1643 2545 1767 2591 mox
1799 2528 1963 2584 infert
1997 2547 2009 2581 :

447 2655 465 2688 ι
498 2632 572 2690 Os
612 2629 824 2688 Domini
880 2628 1123 2682 locutum
1169 2632 1253 2680 est
1299 2623 1437 2678 hazc.
1475 2640 1495 2674 ι
1538 2621 1672 2677 Cum
1727 2620 1869 2677 enim
1898 2620 2012 2703 ﬁeri

340 2719 353 2735 ’
440 2742 549 2782 non
577 2722 751 2796 possit
787 2729 847 2775 ut
892 2719 1033 2774 Deus
1060 2716 1374 2782 mentiatur,
1410 2721 1593 2769 manet
1620 2714 1764 2769 enim
1804 2726 2016 2781 semper

441 2820 582 2873 idem
617 2813 762 2885 quod
797 2821 900 2875 est,
947 2823 1138 2878 nempe
1177 2806 1378 2862 veritas
1409 2823 1424 2860 :
1468 2818 1648 2860 annon
1701 2812 1786 2859 est
1827 2817 2018 2858 neces-

440 2910 585 2965 sario
622 2903 1022 2974 intelligendum
1057 2915 1120 2957 ea
1157 2913 1276 2970 qua:
1307 2895 1664 2970 praenuntiata
1696 2905 1843 2963 sunt,
1892 2909 2013 2950 cer-

442 3000 650 3057 tissime
681 2999 747 3052 ad
775 2996 936 3050 finem
966 3007 1089 3048 esse
1122 2989 1489 3062 perventura?
1516 2986 1729 3044 Etenim
1758 2986 1886 3040 illud
1917 3001 2014 3041 ue-

439 3106 652 3149 ccssum
725 3095 809 3144 est
870 3083 1243 3149 considerare,
1328 3082 1557 3137 mirifice
1618 3089 1675 3134 et
1735 3078 2017 3148 insigniter

439 3183 697 3254 prodesse
760 3190 1064 3233 sermonem
1138 3172 1555 3245 propheticum,
1629 3185 1752 3225 cum
1817 3168 2015 3223 animis

439 3271 804 3346 perfecturum
869 3273 924 3322 et
985 3274 1361 3326 maturorum,
1421 3269 1533 3315 tum
1591 3274 1779 3314 eorum
1846 3259 2011 3312 etiam
2041 3259 2082 3288 “

439 3362 533 3435 qui
603 3358 833 3432 genuina
900 3368 1263 3429 germanaque
1334 3351 1440 3406 fide
1507 3349 1741 3404 nondum
1817 3350 2015 3403 contir-

440 3463 676 3511 mantur.
738 3450 872 3507 Cum
935 3449 1079 3505 enim
1150 3442 1391 3516 posuerit
1434 3439 1807 3496 universitatis
1867 3440 2011 3495 Deus

441 3548 499 3602 in
561 3543 919 3616 propensione
966 3554 1175 3606 eorum,
1232 3536 1325 3607 qui
1379 3534 1712 3598 erudiantur,
1753 3548 1878 3588 cum
1918 3533 2014 3588 bo-

439 3652 569 3694 num
602 3636 820 3708 eligere,
859 3642 970 3689 tum
1009 3646 1039 3686 a
1076 3629 1231 3685 malis
1266 3626 1542 3693 recedere,
1579 3624 1787 3694 liquido
1821 3626 2015 3696 probat

440 3742 626 3784 rerum
654 3724 1027 3782 faciendarum
1058 3727 1114 3775 et
1143 3715 1516 3789 fugiendorum
1547 3715 1788 3770 habenas
1817 3716 2014 3786 cuique

438 3818 751 3875 mortalium
779 3814 1017 3877 dedisse,
1058 3819 1118 3865 ut
1147 3811 1213 3863 ad
1251 3810 1302 3863 id
1342 3808 1485 3878 quod
1518 3806 1744 3878 elegerit
1777 3808 1919 3876 quis,
1951 3807 2013 3862 li-

438 3911 569 3965 bere
600 3909 680 3963 ire
710 3912 916 3977 posset.
946 3901 1082 3956 Cum
1116 3900 1219 3954 hoc
1257 3913 1440 3954 verum
1474 3898 1565 3963 sit,
1594 3911 1729 3952 vana
1758 3898 2011 3952 nimirum

438 4009 495 4055 et
524 3997 720 4067 frigida
745 3992 917 4050 sutela
942 3998 1046 4058 est,
1077 3988 1410 4046 contendere
1436 4004 1503 4045 ac
1530 3990 1734 4058 dicere,
1767 3990 2014 4046 naturale

438 4105 557 4147 esse
605 4091 659 4144 lu
708 4086 929 4143 homine
965 4082 1189 4149 malum,
1224 4082 1309 4138 vel
1342 4079 1614 4137 fortunam
1669 4091 1763 4137 aut
1812 4080 2009 4148 fatum,

439 4195 535 4239 aut
559 4182 899 4238 nativitatem
931 4176 1143 4233 clavum
1179 4189 1359 4231 rerum
1407 4174 1771 4230 humanarum
1813 4174 2013 4244 guber-

438 4288 607 4338 nare,
639 4279 694 4325 et
737 4269 806 4324 ad
853 4269 996 4340 quod
1031 4266 1227 4337 cuique
1260 4280 1449 4321 eorum
1487 4265 1701 4337 placet,
1738 4264 2011 4336 quoslibet

438 4380 539 4437 pro
573 4377 670 4420 suo
706 4361 970 4418 arbitratu
996 4360 1238 4430 adigere,
1285 4368 1345 4411 ut
1372 4358 1590 4423 vitium,
1631 4368 1723 4412 aut
1755 4357 2009 4412 virtutem

437 4457 642 4522 colant,
673 4468 780 4509 non
815 4454 882 4509 ad
920 4453 974 4507 id
1009 4448 1314 4506 voluntario
1341 4449 1597 4517 impulsu,
1629 4451 1727 4504 sed
1754 4459 2008 4519 tanquam

2116 1988 2360 2044 ἔσταιτά
2389 1989 2567 2061 ἀγαθὰ
2609 1991 2711 2063 τῆς
2761 1991 2864 2062 γῆς
2912 1993 3012 2064 τῆς
3052 1995 3165 2057 τοῖς
3210 1992 3385 2062 ἁγίοις
3428 1992 3693 2064 ηὐτρεπι-

2119 2082 2343 2153 σμένης,
2388 2077 2457 2155 ἦς
2498 2082 2595 2137 καὶ
2624 2083 2785 2148 αὐτὸς
2810 2085 3174 2157 διαμέμνηται
3213 2084 3386 2154 λέγων
3432 2087 3460 2139 ὁ
3490 2084 3693 2157 Κύριος

2116 2173 2273 2245 ἡμῶν
2302 2173 2507 2244 Ἰησοῦς
2527 2174 2761 2245 Χριστός
2779 2192 2793 2207 ο
2826 2193 2844 2226 ι
2866 2174 3138 2245 Μακάριοι
3168 2176 3217 2228 οἱ
3244 2177 3460 2247 πραεῖς,
3485 2175 3566 2230 ὄτι
3596 2177 3696 2231 αὐ-

2115 2265 2198 2318 τοὶ
2244 2265 2711 2338 κληρονομήσουσι
2756 2266 2855 2337 τὴν
2901 2266 3024 2338 γῆν.
3052 2285 3072 2319 ι
3121 2267 3446 2338 Σκαιότητος
3493 2266 3551 2321 δὲ
3597 2268 3693 2322 καὶ

2119 2355 2236 2426 βίου
2271 2357 2752 2429 φιλαμαρτήμονος
2793 2359 2826 2428 ἡ
2864 2357 3119 2429 ἀνόνητος
3162 2359 3566 2430 ὁστεροδουλία,
3597 2362 3693 2415 καὶ

2114 2443 2183 2499 τά
2214 2446 2277 2499 ὲκ
2308 2444 2457 2510 θείας
2478 2446 2666 2516 ὀργῆς.
2697 2444 2942 2518 μάχαιρά
2966 2463 3025 2500 τε
3048 2448 3142 2501 καὶ
3168 2448 3407 2520 ὄλεθρος,
3432 2449 3508 2513 ὡς
3534 2450 3690 2521 ἔφην,

2118 2536 2214 2590 καὶ
2241 2537 2296 2590 τί
2325 2538 2433 2609 γὰρ
2457 2537 2578 2609 οὐχὶ
2600 2538 2854 2594 τοιούτων
2897 2539 3116 2608 κακῶν;
3154 2538 3488 2607 Ἀξιόπιστον
3519 2542 3575 2595 δὲ
3601 2543 3694 2597 τὸν

2118 2625 2311 2679 ἑαυτοῦ
2360 2627 2518 2694 λόγον
2565 2630 2593 2681 ὁ
2645 2629 2929 2700 προφήτης
2971 2628 3282 2698 ἀποφαίνει,
3330 2629 3693 2699 προσεπάγων

2119 2717 2299 2781 εὐθὺς,
2365 2718 2446 2772 ὅτι
2504 2735 2523 2768 ι
2567 2718 2640 2771 Τὸ
2697 2719 2871 2791 στόμα
2923 2721 3126 2792 Κυρίου
3170 2719 3396 2791 ὲ).άλησε
3449 2719 3689 2773 ταῦτα.ι

2107 2807 2348 2878 ’Ἐπειδὴ
2392 2806 2448 2859 δὲ
2485 2807 2767 2877 ἀμήχανον
2808 2809 2868 2862 τὸ
2891 2810 3192 2878 ψεύσασθαι
3218 2812 3309 2864 τὸν
3345 2810 3478 2865 Θεὸν
3516 2810 3694 2882 (μένει

2118 2900 2227 2970 γάρ
2257 2899 2345 2952 ἀεὶ
2380 2896 2529 2952 τοῦθ’
2550 2898 2686 2970 ὅπερ
2716 2898 2880 2963 ἐστὶν,
2910 2896 3137 2971 ἀλήθεια
3173 2901 3230 2953 δὲ
3259 2901 3545 2973 δηλονότι),
3576 2900 3695 2965 πῶς

2116 2991 2217 3044 οὐκ
2249 2989 2459 3061 ἀνάγκη
2487 2991 2627 3045 νοεῖν
2652 2989 2733 3043 ὅτι
2761 2988 2936 3060 πάντη
2960 3006 3021 3042 τε
3052 2989 3148 3042 καὶ¹
3174 2989 3390 3054 πάντως
3417 2994 3497 3056 είς
3519 2991 3694 3062 πέρας

2118 3082 2409 3153 ἐκϐήσεται
2424 3081 2491 3136 τὰ
2511 3081 2929 3155 προηγγελμένα
2953 3099 2967 3150 ;
2989 3083 3136 3154 Πλὴν
3170 3084 3345 3137 ἐκεῖνο
3377 3085 3696 3157 περιαθρεῖν

2118 3178 2435 3245 ἀναγκαῖον,
2465 3176 2541 3238 ὡς
2567 3176 2775 3247 ὀνίνησι
2796 3176 3066 3238 πλουσίως
3097 3177 3126 3228 ὁ
3151 3175 3486 3246 προφητικδς
3513 3176 3692 3245 λόγος,

2115 3269 2213 3331 τάς
2234 3285 2293 3321 τε
2324 3267 2432 3322 τῶν
2460 3269 2865 3338 ἀκεραιοτέρων
2894 3265 2973 3320 ἔτι
2993 3265 3191 3338 ψυχὰς,
3221 3265 3315 3320 καὶ
3340 3265 3444 3338 μὴν
3475 3266 3571 3321 καὶ
3593 3267 3691 3331 τὰς

2114 3358 2221 3411 τῶν
2253 3359 2355 3430 ήδη
2383 3358 2620 3429 γνησίων
2649 3357 2745 3412 καὶ
2785 3357 3084 3429 ἱδρυμένων
3134 3358 3194 3411 ὲν
3221 3356 3425 3414 πίστει.
3467 3356 3690 3430 Ἐπειδὴ

2114 3432 2222 3519 γὰρ
2247 3447 2489 3502 τέθεικεν
2519 3450 2548 3501 ὁ
2575 3446 2684 3501 τῶν
2712 3447 2850 3501 ὅλων
2883 3446 3014 3511 Θεὸς
3043 3448 3102 3500 ὲν
3131 3448 3252 3510 ταῖς
3281 3445 3389 3501 τῶν
3417 3446 3692 3516 παιδαγω-

2114 3535 2394 3605 γουμένων
2429 3537 2624 3608 ῥοπαῖς
2642 3535 2704 3590 τὸ
2730 3534 2947 3590 ἑλέσθαι
2983 3535 3084 3607 μὲν
3106 3535 3168 3589 τὸ
3196 3536 3423 3606 ἀγαθὸν,
3463 3537 3690 3607 ἀποφοι-

2114 3628 2213 3699 τᾷν
2257 3626 2315 3680 δὲ
2365 3627 2473 3680 τῶν
2508 3627 2747 3697 φαύλων,
2805 3627 3292 3699 πεπληροφόρηκεν
3334 3629 3416 3682 ὅτι
3449 3627 3549 3693 τὰς
3579 3628 3691 3684 τῶν

2115 3720 2404 3791 πρακτέων
2432 3719 2465 3789 ἢ
2502 3720 2577 3792 μὴ
2601 3720 2830 3774 δέδωκεν
2861 3719 3075 3791 ἑκάστῳ
3105 3720 3213 3774 τῶν
3258 3719 3351 3773 ἐπὶ
3374 3720 3479 3792 γῆς
3509 3723 3686 3793 ἡνίας,

2114 3813 2210 3865 καὶ
2250 3813 2335 3881 ἐφ’
2366 3815 2504 3883 ὅπερ
2553 3814 2619 3866 ἂν
2675 3812 2846 3867 ἓλοιτό
2884 3831 2991 3881 τις,
3041 3813 3223 3867 ἐλάσει
3272 3815 3390 3884 μετ’
3419 3814 3686 3880 ἐξουσίας.

2126 3903 2343 3975 Ἐπειδὴ
2371 3904 2428 3957 δὲ
2449 3904 2608 3958 τοῦτό
2649 3907 2797 3958 ἐστιν
2839 3904 3056 3976 ἀληθὲς,
3096 3905 3302 3958 εἰκαῖον
3330 3905 3433 3977 ἤδη
3458 3906 3551 3959 καὶ
3582 3905 3689 3976 ψυ-

2114 3996 2263 4067 χρὸν,
2297 3996 2391 4049 καὶ
2430 3996 2736 4067 ραψῴδημα
2764 3996 2825 4050 τὸ
2871 3996 3233 4052 διατείνεσθαί
3276 4014 3338 4051 τε
3363 3998 3458 4050 καὶ
3484 3997 3690 4068 λέγειν,

2120 4087 2201 4139 ὃτι
2243 4088 2470 4157 φυσικὸν
2495 4089 2551 4141 ὲν
2578 4087 2848 4159 ἀνθρώπῳ
2876 4089 2938 4141 τὸ
2968 4088 3136 4143 κακόν
3157 4104 3171 4119 ·
3220 4090 3386 4160 ἡγουν
3428 4089 3510 4143 ὅτι
3550 4090 3686 4159 τύχη

2113 4197 2173 4232 τε
2202 4180 2294 4232 καὶ
2313 4178 2642 4250 εἱμαρμένη,
2677 4179 2773 4235 καὶ
2801 4181 3018 4249 γένεσις
3049 4179 3470 4252 πηδαλιουχοῦσι
3498 4180 3567 4234 τά
3596 4182 3691 4234 ἀν-

2122 4271 2406 4345 θρώπινα,
2457 4273 2550 4326 καὶ
2595 4260 2730 4346 πρός
2759 4289 2822 4342 γε
2873 4273 2934 4326 τὸ
2989 4274 3193 4344 ἑκάστῃ
3225 4272 3434 4340 δοκοῦν,
3488 4271 3581 4336 οὒς
3622 4271 3689 4326 ἂν

2111 4365 2316 4421 ἕλοιντο
2369 4365 2841 4436 κατασφίγγουσαι
2886 4364 3218 4438 φαυλότητός
3255 4381 3315 4418 τε
3361 4365 3452 4418 καὶ
3486 4363 3688 4436 ἀρετῆς

2112 4454 2462 4513 ἀποτελοῦσιν
2494 4459 2750 4529 ἐργάτας,
2791 4458 2892 4512 οὐκ
2929 4458 3252 4521 ὲθελουσίοις
3291 4459 3483 4529 ῥοπαῖς
3511 4458 3689 4520 ἰόντας

437 4548 739 4607 inevitabili
781 4545 935 4603 nutui
989 4543 1257 4615 subjugati
1306 4551 1363 4597 et
1408 4540 1633 4603 subditi,
1683 4543 2008 4597 necessitate

2115 4551 2193 4612 είς
2213 4550 2390 4616 τοῦτο,
2418 4550 2888 4622 κατεζευγμένους
2931 4549 2989 4603 δὲ
3035 4549 3225 4621 ὥσπερ
3260 4548 3525 4618 ἀφύκτοις
3563 4547 3687 4602 νεύ-

435 4639 831 4699 dominantium
866 4649 1010 4707 aegre
1039 4648 1103 4688 ae.
1138 4632 1424 4689 difﬁculter
1446 4631 1686 4701 impulsi.
1721 4631 1932 4686 Etenim
1963 4632 2009 4688 si

434 4734 638 4790 malum
678 4742 870 4786 natura
906 4738 1010 4794 est,
1057 4725 1164 4797 23
1208 4740 1272 4781 ac
1317 4725 1371 4780 in
1412 4724 1715 4780 substantia
1760 4724 2010 4789 inheret,

435 4835 495 4881 ut
528 4824 618 4878 isti
669 4832 962 4893 nugautnr,
998 4819 1265 4891 quomodo
1305 4831 1402 4888 pro
1443 4816 1860 4887 uniuscujusque
1917 4831 2014 4872 vo-

437 4920 660 4981 luntate,
708 4915 792 4971 vel
818 4912 1120 4978 invalescit,
1152 4910 1237 4967 vel
1272 4908 1625 4966 debilitatur?
1651 4908 1708 4963 Si
1730 4909 1877 4964 enim
1902 4907 2015 4963 vel-

435 5011 537 5063 lem
574 5008 748 5063 bonus
782 5018 922 5070 esse,
957 5002 1089 5058 nihil
1139 5000 1323 5058 obstat
1374 4999 1665 5070 quominus
1706 4999 1831 5056 talis
1874 5013 2009 5071 quo-

434 5098 538 5170 que
565 5100 768 5153 videar.
820 5091 875 5149 δί
940 5096 1066 5151 item
1124 5092 1323 5158 malus,
1373 5091 1507 5147 nihil
1556 5092 1718 5146 etiam
1757 5092 2015 5163 impediet

434 5190 724 5259 quominus
779 5187 847 5241 ad
886 5185 940 5241 id
982 5185 1146 5240 etiam
1187 5181 1427 5238 delabar.
1467 5181 1565 5237 Ubi
1622 5183 1833 5238 tandem
1898 5183 2011 5239 for-

434 5285 582 5332 tuna:
639 5287 695 5334 et
756 5276 855 5331 fati
914 5272 1126 5329 virtus?
1157 5271 1223 5325 Et
1275 5286 1396 5341 qua:
1450 5282 1535 5327 est
1585 5271 1671 5325 illa
1732 5273 2006 5339 nativitas,

435 5383 555 5440 quae
610 5368 704 5422 ulli
760 5368 1041 5424 hominum
1097 5362 1440 5418 necessitatis
1490 5363 1677 5433 jugum
1734 5364 2003 5433 imponit,

2113 4652 2267 4706 μασι,
2302 4637 2398 4689 καὶ
2436 4637 2788 4709 δυσφορήτως
2817 4638 3043 4710 ἔχοντας
3079 4641 3146 4710 τῇ
3190 4638 3299 4692 τῶν
3341 4637 3689 4710 κρατούντων

2110 4728 2342 4798 ἀνάγκη.
2395 4728 2458 4781 Et
2487 4728 2597 4800 γὰρ
2644 4731 2804 4798 φύσει
2837 4732 2898 4785 τὸ
2944 4730 3133 4796 κακὸν,
3187 4731 3282 4784 καὶ
3323 4729 3689 4784 ἐνυπόστατόν

2110 4816 2279 4880 ἐστιν,
2331 4816 2406 4880 ὡς
2445 4818 2575 4885 γοῦν
2621 4819 2816 4872 ἐκεῖνοι
2862 4819 3153 4890 ληροῦντές
3199 4834 3364 4887 φασι·
3413 4819 3530 4883 πῶς
3577 4821 3689 4883 τοῖς

2111 4909 2344 4963 ἑκάστου
2373 4909 2642 4981 θελήμασι
2672 4910 2996 4982 κρατύνεται
3022 4928 3082 4965 τε
3105 4911 3199 4964 καί¹
3228 4911 3473 4977 ἀσθενεί;
3507 4912 3555 4964 εί
3579 4912 3692 4980 γὰρ

2112 5001 2335 5075 ἑλοίμην
2387 4998 2529 5055 εῖναι
2575 5002 2826 5074 χρηστὸς,
2896 5003 2956 5056 τὸ
3002 5002 3212 5057 κωλύον
3260 5005 3412 5058 οὐδὲν
3459 5002 3689 5074 ὁρᾶσθαι

2110 5091 2370 5147 τοιοῦτον.
2406 5093 2468 5146 El.
2507 5092 2567 5147 δὲ
2598 5093 2662 5164 δὴ
2692 5095 2786 5146 καὶ
2814 5094 3066 5165 πονηρὸς,
3101 5096 3411 5167 ἀπείρξειεν
3446 5095 3513 5149 ἂν
3536 5094 3690 5149 οὐδὲν

2111 5185 2207 5238 καὶ
2231 5184 2367 5257 πρός
2404 5201 2467 5253 γε
2508 5184 2665 5239 τοῦτο
2688 5185 3045 5241 κατολισθεῖν.
3074 5187 3185 5242 Ποῦ
3228 5189 3287 5242 δὲ
3310 5187 3374 5259 δὴ
3400 5185 3567 5257 τύχης
3596 5186 3690 5241 καὶ

2109 5275 2452 5346 εἱμαρμένης
2479 5276 2512 5346 ἠ
2553 5274 2816 5346 δύναμις;
2851 5275 2885 5349 ἢ
2914 5275 3042 5330 ποία
3068 5293 3152 5341 τις
3179 5276 3392 5345 γένεσις
3436 5275 3689 5344 ἐπιφέρει

2108 5366 2219 5419 τισὶ
2244 5366 2336 5418 τὸν
2367 5365 2427 5431 ἐξ
2450 5366 2694 5438 ἀνάγκης
2716 5368 2899 5437 ζυγὸν,
2928 5371 2977 5422 εί
2999 5370 3112 5432 τοῖς
3134 5368 3363 5421 ἑκάστου
3389 5362 3691 5435 θελήμασιν

436 5459 482 5513 si
534 5459 694 5513 modo
737 5459 836 5512 hoc
892 5457 1158 5526 cujusque
1226 5452 1552 5508 voluntatem
1608 5464 1888 5522 sequatur,
1948 5462 2007 5507 ut

2115 5458 2413 5526 ἀκολουθεῖ,
2443 5461 2537 5514 καὶ
2561 5462 2622 5515 τὸ
2650 5463 2843 5531 φαγεῖν
2874 5461 2944 5516 τὰ
2974 5461 3153 5531 ἀγαθά
3186 5459 3283 5529 τῆς
3309 5459 3414 5528 γῆς
3445 5454 3691 5528 πληροῦν

437 5558 752 5623 praestantes
801 5548 1196 5613 obedientiam,
1266 5547 1405 5601 bona
1448 5555 1605 5601 terrae
1666 5546 2010 5601 comedam?

2115 5548 2401 5620 ἑλομένους
2431 5551 2527 5621 τὴν
2558 5552 2823 5624 ὑπακοὴν,
2859 5554 2954 5608 καὶ
2981 5551 3087 5623 μὴν
3132 5548 3225 5605 καὶ
3255 5547 3315 5604 τὸ
3344 5547 3506 5621 ἔργον
3534 5544 3685 5616 γινέ-

514 5760 558 5792 ⁵⁷
585 5768 741 5824 Deut.
769 5780 901 5830 xxx,
927 5766 1012 5821 l5.
1090 5766 1135 5796 "
1191 5764 1376 5819 Matth.
1410 5780 1462 5827 ν,
1490 5764 1545 5819 4.
