4134 6304
344 479 469 565 με)

1563 469 1628 525 [Ν
1671 465 1904 525 lSAlAM
1946 462 1986 516 L

2116 462 2158 520 Ι.
2200 460 2411 518 OllAT.
2451 459 2492 514 Ι.
3588 459 3656 515 50

357 574 363 603 ⁸
411 593 529 646 σθαι
569 593 666 663 τῆς
716 591 986 663 μαχαίρας
1033 588 1140 660 (l),
1188 592 1237 642 εἰ
1275 590 1383 652 τοῖς
1423 587 1585 650 θείοις
1628 583 1972 653 ἀντεξάγοιεν

2089 577 2318 647 Ideoque
2344 574 2522 645 gladio
2553 579 2799 643 pereant,
2843 572 2888 627 si
2930 584 3026 640 per
3075 567 3496 624 inobedientiam
3525 583 3650 639 pcr-

401 682 586 753 νόμοις
617 683 676 736 τὸ
706 682 925 747 ἀπειθὲς
954 682 1049 736 καὶ
1076 682 1374 751 δυσήκοονς

476 772 608 839 Πῶς
626 774 875 843 ἐγένετο
899 775 1091 841 πόρνη
1121 776 1300 837 πόλις
1329 771 1514 839 πιστὴ
1545 769 1717 834 Σιὼν,
1737 767 1977 836 πλήρης

410 865 698 932 κρίσεως;
727 867 873 935 πρὶν
904 867 943 934 ἡ
972 865 1324 934 δικαιοσύνη
1369 861 1655 932 ἐκοιμήθη
1685 861 1755 914 ἐν
1779 859 1933 927 αὐτῇ
1959 898 1974 924 ,

411 956 524 1010 νῦν
554 955 622 1008 δὲ
649 956 954 1025 φονευταί.

478 1043 905 1116 Καταθαυμάξει
954 1045 1154 1117 τρόπον
1204 1043 1328 1097 τινὰ
1377 1042 1482 1112 τῆς
1534 1040 1807 1095 Ἰουδαίων
1855 1056 1978 1093 συν-

413 1135 632 1205 αγωγῆς
659 1135 756 1206 τὴν
774 1134 918 1189 οὕτω
950 1135 1176 1206 σαθρὰν,
1202 1135 1296 1188 καὶ
1323 1133 1427 1186 οὐκ
1459 1134 1778 1202 εὐάφορμον
1811 1148 1976 1200 μετα-

411 1225 592 1296 δολὴν,
620 1226 721 1296 τῆς
754 1226 837 1291 εἷς
873 1245 937 1295 γε
967 1227 1037 1281 τά
1070 1228 1261 1299 χείρω,
1294 1226 1471 1297 φημὶ,
1511 1227 1605 1279 καὶ
1632 1225 1730 1295 τὴν
1778 1225 1841 1277 ἐκ
1871 1223 1981 1276 τῶν

411 1316 712 1385 ἀμεινόνων
739 1319 819 1380 είς
839 1319 908 1373 τὰ
941 1319 1139 1388 αἰσχίω
1177 1317 1529 1387 μετάστασιν.
1557 1316 1726 1387 Νόμῳ
1749 1316 1849 1386 μὲν
1869 1317 1979 1388 γὰρ

412 1408 491 1477 τῷ
520 1408 608 1461 διὰ
642 1410 890 1472 Μωσέως
933 1411 1036 1478 τὴν
1069 1409 1162 1463 τοῦ
1200 1410 1560 1481 συμφέροντος
1587 1408 1792 1477 γνῶσιν
1832 1411 1982 1462 ἐπαι-

412 1499 601 1552 δεύετο
622 1540 637 1563 ,
680 1501 775 1553 καὶ
803 1502 882 1562 είς
914 1500 1121 1554 ἕκαστα
1160 1501 1266 1554 τῶν
1310 1501 1595 1571 πρακτέων
1622 1500 1984 1571 διακομιστὴν

419 1587 651 1657 ἔχουσαν
683 1589 774 1643 τὸν
801 1589 895 1643 τοῦ
922 1589 1055 1643 Θεοῦ
1084 1591 1256 1658 λόγον,
1299 1590 1525 1662 λαμπρὰ
1557 1592 1650 1644 καὶ
1678 1591 1980 1660 εὐδοκιμω-

422 1679 556 1748 τάτη
583 1718 598 1740 ,
629 1679 724 1733 καὶ
764 1680 1082 1748 ἀξιάγαστος
1108 1677 1176 1753 ἦν
1196 1724 1212 1748 ,
1246 1682 1521 1746 πλείστοις
1566 1683 1712 1746 ὅσοις
1757 1682 1983 1753 ἀνδράσι

421 1767 755 1841 διαπρεπὴς,
788 1768 866 1833 οἷς
893 1774 919 1824 ό
948 1772 1045 1842 τῆς
1075 1772 1424 1842 δικαιοσύνης
1453 1773 1666 1844 καρπὸς
1708 1774 1982 1844 ἐπήνοησε

425 1859 715 1923 πλουσίως,
754 1861 844 1913 καὶ
879 1861 1205 1934 ἀξιόληπτος
1251 1858 1318 1933 ἦν
1352 1862 1430 1932 τῷ
1473 1862 1612 1933 Θεῷ.
1644 1858 1827 1916 Ἦσαν
1873 1864 1972 1933 μὲν

419 1950 524 2020 γὰρ
569 1951 628 2001 ἐν
661 1951 794 2021 αὐτῇ
828 1952 1103 2022 προφῆται
1153 1970 1213 2004 τε
1263 1954 1357 2006 καὶ
1390 1955 1574 2024 ίερεῖς,
1619 1953 1851 2007 καὶτῶν
1884 1953 1983 2023 τῆς

413 2039 758 2111 δικαιοσύνης
796 2039 971 2112 ἐργων
1004 2042 1331 2113 μελεδωνοὶ,
1374 2045 1466 2099 καὶ
1514 2044 1658 2098 λαῶν
1688 2044 1984 2116 ἡγούμενοι

413 2130 771 2197 φυλάττοντες
797 2132 995 2200 κρίσιν,
1020 2135 1115 2186 καὶ
1144 2134 1306 2205 νόμον
1338 2133 1554 2205 ἔχοντες
1582 2135 1676 2189 ἐπὶ
1707 2134 1983 2205 γλώττης,

412 2221 505 2272 καὶ
549 2220 736 2291 τρόπῳ
779 2221 943 2275 παντὶ
978 2222 1194 2294 χρηστῷ
1227 2240 1287 2277 τε
1335 2226 1429 2278 καὶ
1459 2223 1651 2295 ἀγαθῷ
1686 2224 1983 2294 κατηγλαῖ-

414 2309 624 2378 σμένοι.
675 2306 809 2364 Εἶτα
858 2312 968 2365 τῶν
1014 2313 1270 2367 τοιούτων
1313 2315 1571 2368 ἁπάντων
1620 2316 1982 2387 ἐστερημένη,

392 2399 397 2402 ’
415 2401 614 2471 μᾶλλον
650 2403 752 2472 τῆς
783 2403 1013 2474 ἀρχαίας
1045 2405 1262 2475 ἐκείνης
1294 2407 1597 2470 ἐπιεικείας
1628 2405 1842 2474 ἀλογείν
1868 2407 1985 2461 ἐλο-

416 2491 574 2563 μένη.
605 2493 702 2546 καὶ
739 2493 941 2565 Θεμένη
979 2498 1107 2567 παρ’
1143 2497 1296 2550 οὐδὲν
1318 2496 1418 2566 τὴν
1452 2499 1532 2559 είς
1556 2496 1691 2548 Θεὸν
1719 2497 1871 2563 αίδῶ,
1891 2499 1985 2552 καὶ

414 2583 693 2654 ἀγάπησιν
722 2587 828 2656 πρὸ
856 2587 955 2657 μὲν
972 2588 1068 2657 τῆς
1092 2587 1188 2638 τοῦ
1217 2587 1478 2658 Σωτῆρος
1502 2587 1662 2658 ἡμῶν
1691 2589 1986 2660 ἐπιδημίας

420 2677 834 2748 προσκεκύνηκε
873 2680 983 2741 τοῖς
1028 2679 1102 2748 μὴ
1142 2677 1301 2747 φύσει
1336 2678 1494 2744 θεοῖς,
1528 2679 1621 2731 τὸν
1660 2679 1755 2732 ἕνα
1801 2697 1860 2734 τε
1891 2683 1988 2734 καὶ

422 2766 642 2838 ἀληθῶς
680 2767 956 2838 Δεσπότην
981 2770 1098 2830 ταῖς
1145 2769 1224 2831 είς
1248 2767 1402 2821 τοῦτο
1437 2768 1712 2838 πορνείαις
1737 2770 1988 2834 ἐκτόπως

421 2857 875 2929 περιυϐρίζουσα.
904 2860 1013 2912 Kal
1038 2854 1125 2912 οἷά
1162 2876 1245 2923 τις
1270 2859 1584 2925 πολύκοινος
1626 2862 1720 2915 καὶ
1757 2861 1986 2932 σεσοϐη-

428 2949 566 3018 μένη
600 2949 733 3019 γυνὴ
767 2949 900 3002 κατά
948 2949 1168 3013 πολλοὺς
1196 2950 1431 3022 ἠσέϐησε
1467 2952 1724 3022 τρόπους.
1765 2951 1989 3004 Ἀλλοτε

428 3036 609 3100 ἄλλοις
648 3038 1006 3108 προσκειμένη
1047 3042 1419 3110 καθηγηταῖς,
1473 3043 1610 3112 πρὸς
1659 3043 1766 3094 πᾶν
1809 3041 1989 3094 ὁτιοῦν

427 3128 532 3180 τῶν
579 3128 974 3200 ἀπηχθημένων
1023 3132 1174 3203 παρὰ
1217 3132 1351 3185 Θεοῦ
1395 3133 1731 3205 διακομίζειν
1769 3134 1985 3188 εἰδόσιν.

421 3220 662 3272 Alt-titan
696 3219 825 3287 γοῦν
879 3220 1049 3292 αὐτὴν
1084 3222 1172 3276 διὰ
1217 3224 1400 3293 φωνῆς
1441 3224 1701 3296 Ἱερεμίου
1750 3226 1922 3295 λέγων
1961 3227 1988 3278 ό

418 3307 523 3359 τῶν
548 3307 684 3361 ὅλων
706 3308 839 3372 Θεός
858 3325 871 3338 ·
902 3327 924 3363 ι
965 3310 1069 3362 Ἴδε
1104 3310 1140 3365 ἃ
1168 3312 1389 3382 ἐποίησὲ
1421 3331 1512 3384 μοι
1543 3316 1575 3384 ή
1617 3317 1867 3369 κατοικία
1891 3316 1986 3368 τοῦ

428 3402 667 3474 Ἰσραὴλ,
720 3404 1062 3476 ἐπεπορεύθη
1113 3408 1204 3460 ἐπὶ
1269 3411 1378 3462 πᾶν
1430 3409 1554 3481 ὅρος
1607 3412 1834 3482 ὑψηλὸν,
1894 3415 1990 3467 καὶ

420 3495 676 3548 ὑποκάτω
723 3497 922 3561 παντὸς
964 3497 1121 3564 ξύλου
1171 3500 1464 3566 άλσώδους,
1514 3503 1607 3556 καὶ⁴
1663 3506 1989 3577 ἐπόρνευσεν

421 3588 553 3638 ἐκεῖ.
589 3606 607 3638 ι
642 3588 755 3641 Kal
791 3589 954 3644 πάλιν
998 3589 1074 3655 ὡς
1121 3593 1257 3663 πρὸς
1298 3593 1506 3666 αὐτήν·
1554 3614 1573 3647 ι
1619 3596 1745 3651 Ἐὰν
1795 3597 1991 3662 ἐξαπο-

424 3677 615 3750 στέλλῃ
648 3679 785 3750 ἀνὴρ
813 3680 909 3752 τὴν
937 3685 1168 3750 γυναῖκα
1196 3685 1384 3750 αὐτοῦ,
1415 3688 1509 3740 καὶ
1550 3687 1860 3742 ἀπελθοῦσα
1889 3689 1986 3743 ἀπ’

423 3770 585 3823 αὑτοῦ
614 3771 839 3843 γένηται
866 3774 1018 3844 ἀνδρὶ
1048 3775 1238 3847 ἐτέρῳ,
1265 3777 1337 3849 μὴ
1372 3777 1829 3835 άνακαλύπτουσα
1856 3783 1989 3836 ἀνα-

423 3859 652 3929 καλύψει
681 3861 816 3932 πρὸς
854 3862 1016 3916 αὑτὸν
1046 3864 1155 3930 Est;
1190 3867 1251 3918 οὐ
1295 3868 1594 3941 μαινομένη
1634 3871 1990 3943 μιανθήσεται

424 3953 557 4024 γυνὴ
594 3954 816 4025 ἐκείνη;
860 3955 951 4008 καὶ
977 3956 1041 4009 σὺ
1072 3956 1466 4029 ἐξεπόρνευσας
1501 3963 1559 4014 ἐν
1600 3963 1821 4033 ποιμέσι
1862 3965 1988 4019 πολο

420 4047 548 4112 λοίς,
571 4048 666 4100 καὶ
697 4047 1069 4112 ἀνεκάλυπτες
1099 4049 1234 4121 πρός
1274 4068 1362 4122 με,
1391 4053 1540 4122 λέγει
1574 4053 1802 4127 Κύριος.
1822 4052 1990 4129 Ἀρον

420 4140 546 4202 τοὺς
577 4140 883 4212 ὀφθαλμούς
922 4159 1014 4195 σου
1060 4145 1138 4206 είς
1180 4144 1417 4225 εὐθεῖαν,
1469 4147 1565 4201 καὶ
1610 4148 1705 4214 ίδε,
1749 4149 1853 4209 ποῦ
1891 4152 1990 4204 οὐκ

423 4230 747 4302 ἐξεφύρθης,
775 4235 868 4287 ἐπὶ
895 4236 1016 4298 ταῖς
1044 4236 1182 4299 ὁδοῖς
1210 4237 1469 4303 ἐκάθισας
1500 4240 1705 4306 αὐτοῖς,
1737 4241 1869 4294 ὡσεὶ
1899 4261 1988 4296 κο-

423 4320 570 4392 ρώνη
601 4323 658 4375 ἐν
684 4324 875 4395 ἐρήμῳ
906 4326 1058 4398 μόνῃ.
1098 4329 1204 4382 Kal
1240 4330 1471 4400 ἐμίανας
1508 4331 1606 4402 τὴν
1645 4335 1750 4403 γῆν
1782 4335 1839 4387 ἐν
1870 4338 1989 4399 ταῖς

422 4415 702 4484 πορνείαις
730 4434 842 4482 σου,
873 4418 966 4471 καὶ
1003 4422 1060 4472 ἐν
1106 4422 1226 4485 ταῖς
1259 4423 1478 4487 κακίαις
1529 4441 1642 4491 σου,
1691 4426 1786 4479 καὶ
1835 4427 1990 4498 ἔσχες

422 4506 682 4575 ποιμένας
716 4507 943 4572 πολλοὺς
971 4511 1050 4572 εἰς
1073 4509 1404 4582 πρόσκομμα
1431 4515 1822 4586 σεαυτῇ.’οψις
1857 4519 1989 4589 πόρ-

2079 669 2453 736 vicaciatnque
2484 666 2684 721 divinis
2716 664 2927 734 legibus
2951 661 3342 717 adversentur?

2151 758 2314 814 Vens.
2355 757 2447 815 2i.
2486 756 2759 822 Quomodo
2799 755 2944 824 facta
2977 764 3054 810 est
3101 755 3349 810 meretrix
3391 751 3542 819 Sion,
3581 757 3653 805 ri-

2077 850 2207 903 vitas
2235 847 2430 916 ﬁdelis,
2466 848 2617 916 plena
2638 847 2872 914 judicii.’
2902 845 2968 901 In
3003 862 3106 915 qua
3144 845 3357 917 justitia
3389 843 3653 907 dormivit,

2077 942 2135 993 in
2156 957 2217 993 ea
2248 955 2384 992 nunc
2420 939 2718 993 homicidae.

2148 1029 2462 1084 Admiratur
2485 1029 2881 1099 quodammodo
2915 1027 3153 1083 Judaicte
3182 1026 3480 1099 Synagugre
3523 1025 3658 1079 adeo

2077 1121 2359 1176 ﬂaccidam
2423 1130 2479 1175 et
2535 1120 2798 1175 lubricam
2856 1120 3230 1185 mutationem,
3293 1120 3656 1173 mulationem

2080 1215 2203 1269 dico
2229 1221 2285 1268 et
2320 1213 2603 1268 transitum
2639 1213 2691 1265 in
2730 1211 3023 1279 deteriora,
3056 1222 3108 1265 et
3155 1227 3220 1266 ex
3258 1211 3572 1265 melioribus
3603 1209 3656 1263 in

2081 1308 2352 1379 turpiora.
2393 1305 2470 1361 Ex
2543 1304 2707 1361 Mosis
2750 1304 3016 1374 siquidem
3068 1303 3202 1375 lege,
3244 1302 3490 1357 notitiam
3538 1298 3655 1369 ejus

2079 1403 2221 1470 quod
2253 1398 2382 1455 utile
2420 1406 2523 1463 est,
2565 1398 2858 1453 docebatur
2898 1413 2912 1452 :
2960 1403 3011 1451 et
3045 1411 3165 1450 cum
3208 1394 3302 1449 Dei
3348 1406 3655 1448 sermonem

2083 1492 2237 1562 quasi
2272 1489 2663 1545 internuntium
2697 1499 2751 1543 et
2782 1486 3121 1542 tabellarium
3154 1484 3398 1549 haberet,
3432 1483 3525 1554 qui
3547 1482 3662 1538 sine

2081 1588 2204 1658 gula
2243 1601 2363 1655 quze
2393 1585 2599 1655 agenda
2631 1591 2757 1639 sunt
2803 1581 3032 1637 referret
3077 1592 3131 1636 et
3175 1581 3507 1651 deportaret,
3548 1576 3665 1630 illu-

2082 1678 2211 1733 stris
2241 1692 2305 1732 ac
2356 1675 2771 1746 spectatissima,
2825 1683 2881 1729 et
2926 1672 3286 1727 admiratione
3326 1670 3487 1739 digna
3541 1668 3660 1729 fuit,

2082 1786 2146 1823 ae
2200 1767 2529 1840 percelebris
2594 1767 2732 1836 apud
2782 1764 3206 1836 quamplurimos
3265 1763 3553 1826 homines,
3609 1759 3662 1813 in

2083 1862 2278 1931 quibus
2321 1859 2543 1929 iustitia:
2597 1858 2805 1913 fructus
2849 1857 3127 1927 opulenter
3176 1863 3230 1909 et
3279 1852 3482 1908 affatim
3518 1851 3665 1905 eulo-

2087 1954 2215 2020 ruit,
2246 1961 2469 2022 eratque
2503 1951 2613 2006 Deo
2647 1957 2888 2018 accepta.
2924 1947 3264 2002 Exstlterunt
3318 1946 3462 2000 enim
3500 1943 3555 1998 in
3600 1957 3662 1996 ea

2089 2045 2366 2115 prophetae
2392 2058 2457 2098 ac
2479 2044 2810 2108 sacerdotes,
2841 2050 2896 2095 et
2933 2040 3022 2109 qui
3067 2038 3294 2110 iustitia}
3347 2035 3663 2091 muneribus

2087 2136 2483 2206 fungebantur:
2511 2133 2874 2188 multitudinis
2918 2144 3131 2202 quoque
3173 2128 3430 2200 prmfecti,
3477 2124 3662 2195 iudicii

2088 2236 2303 2283 tenaces
2355 2237 2410 2282 et
2470 2228 2722 2283 custodes
2781 2225 3020 2292 fuerunt,
3072 2225 3350 2292 legemque
3385 2222 3438 2275 in
3481 2220 3662 2288 lingua

2085 2320 2409 2381 habuerunt,
2455 2319 2611 2374 bonis
2661 2318 3071 2386 commodisque
3131 2313 3370 2369 moribus
3411 2311 3664 2366 oumibus

2088 2408 2360 2465 honestati
2388 2418 2442 2464 et
2487 2408 2752 2463 exornati.
2795 2407 2878 2462 Ad
2916 2416 3221 2462 extremum
3273 2417 3404 2459 vero
3446 2401 3536 2456 his
3583 2409 3664 2455 tot

2089 2515 2153 2557 ac
2185 2502 2349 2555 tantis
2408 2499 2598 2564 bouis,
2652 2510 2708 2555 et
2761 2500 2981 2569 antiqua
3042 2498 3176 2553 adeo
3230 2497 3314 2550 illa
3369 2495 3661 2566 probitate,

2088 2593 2239 2663 quasi
2277 2592 2493 2656 orbata,
2527 2591 2926 2648 inconsiderate
2966 2589 3157 2645 maluit
3205 2602 3384 2660 agere,
3436 2596 3491 2641 et
3539 2584 3666 2641 reli-

2088 2687 2298 2756 gionem
2330 2700 2391 2740 ac
2421 2685 2774 2740 reverentiam
2802 2699 2930 2754 erga
2961 2683 3125 2739 Deum
3171 2695 3520 2751 amoremque
3565 2694 3664 2749 pro

2091 2777 2258 2831 nihilo
2281 2778 2426 2831 duxit
2457 2787 2622 2848 atque
2662 2777 3007 2847 contempsit.
3056 2775 3331 2846 Siquidem
3371 2783 3496 2829 ante
3540 2771 3660 2828 Ser-

2090 2868 2295 2922 vatoris
2357 2867 2525 2922 nostri
2585 2867 2897 2929 adventum,
2949 2867 3194 2921 adoravit
3258 2865 3399 2921 haud
3471 2873 3667 2919 natum

2091 2959 2218 3013 deos
2248 2976 2262 3013 :
2297 2974 2461 3013 unum
2497 2968 2677 3014 autem
2712 2969 2767 3016 et
2798 2973 2927 3014 vere
2970 2958 3254 3014 Dominum
3285 2957 3665 3012 fornicationi-

2092 3051 2190 3104 bus
2225 3052 2277 3104 in
2309 3051 2410 3105 hoc
2440 3051 2671 3120 repertis
2705 3051 2866 3120 impie
2901 3050 3123 3113 laedens,
3159 3057 3212 3104 et
3241 3059 3497 3117 tanquam
3541 3062 3669 3117 pro-

2092 3142 2276 3195 stituta
2324 3144 2587 3209 qtuepium
2653 3156 2715 3194 ac
2766 3141 2964 3194 lasciva
3011 3141 3203 3193 mulier
3258 3139 3439 3194 multis
3474 3139 3669 3194 variis-

2014 3258 2058 3315 C
2093 3247 2199 3302 que
2240 3233 2409 3296 modis
2446 3233 2606 3303 impia
2646 3233 2764 3297 fuit,
2807 3232 2940 3288 alius
2979 3231 3100 3287 aliis
3147 3232 3520 3287 adharescens
3571 3233 3670 3287 do-

2094 3322 2474 3394 ctoribus,qui
2500 3324 2567 3380 ad
2605 3325 2820 3394 quidvis
2880 3325 2986 3380 lteo
3033 3325 3262 3380 invisum
3312 3323 3676 3393 infestumque

2095 3414 2357 3469 adducere
2380 3425 2668 3471 noverant.
2715 3416 2949 3470 Accusat
2984 3416 3164 3485 itaque
3211 3416 3357 3470 illam
3408 3415 3676 3470 universi.

2094 3504 2220 3559 tatis
2270 3504 2408 3558 Deus
2449 3519 2581 3560 voce
2612 3503 2863 3560 Jeremize
2903 3523 2916 3560 :
2961 3525 2979 3558 ι
3011 3505 3130 3560 Scis
3188 3520 3307 3575 quae
3368 3503 3495 3559 fecit
3540 3501 3674 3559 mihi

2092 3594 2282 3650 domus
2307 3595 2469 3651 Israel
2502 3614 2515 3651 :
2540 3597 2790 3653 abierunt
2817 3599 2882 3652 ad
2904 3612 3116 3653 omnem
3141 3607 3376 3653 montem
3399 3596 3672 3652 excelsum

2092 3695 2145 3740 et
2178 3687 2279 3743 sub
2312 3688 2458 3742 omni
2500 3687 2644 3758 ligno
2689 3686 2948 3744 frondoso
2994 3690 3216 3744 scortati
3253 3699 3394 3743 sunt
3429 3690 3494 3745 ”.
3543 3708 3561 3740 ι
3605 3687 3671 3742 Et

2096 3794 2280 3835 rursus
2311 3781 2461 3850 quasi
2491 3781 2557 3836 ad
2591 3781 2735 3837 illam
2764 3799 2777 3836 :
2819 3801 2836 3835 ι
2875 3781 2934 3837 Si
2968 3783 3232 3838 dimiserit
3278 3783 3400 3852 quis
3446 3795 3668 3835 uxorem

2094 3885 2265 3935 suam,
2283 3884 2456 3942 eaque
2480 3874 2738 3928 recedens
2764 3874 2966 3938 abillo,
2986 3876 3152 3928 nubat
3176 3874 3291 3927 viro
3313 3872 3488 3934 alteri,
3517 3886 3670 3924 num-

2092 3962 2218 4030 quid
2251 3973 2530 4019 revertens
2572 3975 2874 4021 revertetur
2908 3964 3016 4036 24
3052 3966 3117 4019 ad
3155 3963 3311 4018 eum?
3354 3976 3531 4016 nonne
3557 3961 3670 4030 pol-

2094 4052 2203 4106 luta
2229 4054 2498 4122 polluetur
2525 4071 2662 4111 uxor
2692 4056 2815 4110 illa?
2856 4056 2920 4108 Et
2963 4066 3016 4107 tu
3054 4055 3317 4108 fornicata
3368 4068 3428 4106 es
3479 4052 3531 4105 in
3579 4066 3672 4120 pa-

2093 4144 2335 4199 storibus
2366 4146 2568 4212 multis,
2601 4153 2655 4201 et
2687 4144 3047 4200 revertebaris
3076 4145 3141 4197 ad
3175 4159 3277 4208 me,
3316 4143 3448 4198 dicit
3479 4142 3666 4197 Domi.

2094 4250 2217 4292 nus.
2247 4235 2446 4289 Attolle
2475 4236 2662 4290 oculos
2710 4243 2831 4290 tuos
2881 4234 2934 4289 in
2985 4246 3216 4302 rectum,
3276 4243 3332 4289 et
3376 4235 3517 4300 vide,
3580 4233 3668 4289 ubi

2096 4341 2203 4381 non
2232 4335 2586 4394 conspurcata
2611 4326 2706 4382 sis.
2741 4326 2793 4380 In
2819 4326 2919 4382 viis
2951 4328 3176 4382 sedebas
3207 4327 3308 4395 eis,
3350 4328 3505 4397 quasi
3550 4343 3671 4381 cor-

2092 4417 2182 4470 nix
2238 4416 2519 4486 solitaria;
2575 4419 2812 4488 polluisti
2891 4428 3086 4474 terram
3137 4420 3190 4474 in
3252 4421 3671 4475 scortationihus

2093 4509 2220 4574 tuis,
2248 4521 2301 4565 et
2341 4510 2392 4564 in
2422 4512 2622 4567 malitia
2659 4523 2770 4567 tua.
2803 4531 2821 4563 ι
2884 4512 3124 4568 llabuisti
3171 4521 3416 4582 pastores
3478 4511 3672 4565 multos

423 4613 518 4664 νης
561 4599 774 4666 ἐγένετό
809 4617 922 4664 σοι,
966 4601 1514 4675 ἀπηνῃσχύνίτ]ησας
1561 4607 1698 4678 πρὸς
1732 4610 1986 4673 πάντας.ι

2101 4604 2151 4657 in
2185 4604 2535 4660 oll'cnsionetn
2557 4607 2650 4661 tibi
2684 4607 2806 4674 ipsi.
2838 4604 3029 4660 Facies
3061 4604 3366 4660 meretricis
3402 4603 3542 4655 facta
3589 4613 3673 4655 est

425 4689 898 4761 Καταφρονησασα
938 4692 1068 4763 γὰρ,
1115 4694 1189 4757 ὡς
1233 4695 1389 4765 ἔφην,
1434 4697 1534 4766 τῆς
1581 4700 1685 4753 ὑπὸ
1721 4701 1840 4771 Θεῷ
1872 4703 1993 4756 δου-

422 4777 594 4842 λείας,
624 4779 891 4850 ἐτράπετο
920 4782 1052 4854 πρὸς
1081 4784 1379 4839 ἀπόστασιν
1400 4788 1492 4840 καὶ
1513 4792 1625 4852 τοῖς
1653 4791 1991 4863 ἀκαθάρτοις

422 4871 719 4942 πνεύμασι,
743 4874 833 4926 καὶ
858 4877 969 4938 τοῖς
992 4877 1100 4931 τῶν
1121 4878 1354 4932 εἰδώλων
1381 4880 1766 4951 Θεραπευταίς,
1787 4886 1986 4955 ἐχρῆτο

422 4964 646 5035 ποιμέσι
683 4965 778 5018 xal
809 4966 1166 5034 διδασκάλοις.
1202 4971 1311 5024 Kal
1343 4974 1503 5027 ταυτὶ
1546 4975 1678 5044 μὲν,
1713 4976 1789 5039 ὡς
1831 4976 1988 5046 ἔφην,

421 5057 525 5124 πρὸ
579 5054 681 5123 τῆς
730 5055 825 5108 τοῦ
869 5057 1124 5130 Σωτῆρος
1176 5060 1332 5130 ἡμῶν
1386 5061 1682 5132 ἐπιδημίας
1732 5064 1829 5133 τῆς
1885 5065 1989 5117 τῶν

432 5145 698 5198 Ἰουδαίων
723 5146 1054 5219 Συναγωγῆς
1076 5149 1144 5202 τά
1170 5151 1506 5221 ἐγκλήματα.
1547 5152 1764 5225 Ἐπειδὴ
1796 5154 1851 5206 δὲ
1880 5159 1990 5219 τοῖς

420 5235 509 5287 ἐπὶ
559 5235 662 5305 τῆς
699 5237 803 5308 γῆς
855 5238 1173 5308 ἐπέλαμψεν
1221 5240 1249 5292 ὁ
1298 5240 1531 5310 Χριστὸς
1584 5241 1841 5310 (ἐπέφανε
1884 5243 1991 5314 γὰρ

419 5328 569 5394 ἡμῖν,
606 5330 747 5382 κατὰ
772 5330 832 5382 τὸ
855 5331 1260 5400 γεγραμμένον,
1281 5330 1411 5394 Θεὸς
1441 5330 1689 5402 Κύριος),
1718 5334 1818 5385 οὐκ
1843 5333 1992 5404 αὐτῷ

426 5418 622 5487 μᾶλλον
653 5422 854 5496 ἐχρῆτο
887 5424 1150 5496 παιδευτῇ
1175 5441 1188 5456 ⁸
1218 5425 1480 5494 τετίμηκε
1525 5425 1580 5476 δὲ
1624 5426 1990 5491 διδασκαλίας,

421 5511 727 5582 ἐντάλματα
775 5515 1113 5586 ἀνθρώπων*
1153 5518 1247 5569 καὶ
1293 5517 1381 5569 τὸν
1415 5516 1578 5570 καλὸν
1624 5519 1820 5586 ἀφεῖσα
1877 5536 1994 5570 ποι-

490 5691 534 5723 "
564 5688 763 5753 Jerem.
806 5709 890 5755 III,
916 5693 967 5748 6.
1047 5692 1246 5747 “ibid.
1288 5693 1334 5753 l,
1364 5693 1416 5758 2,
1453 5692 1503 5746 5.

494 5829 568 5894 (l)
606 5828 907 5894 llumfred..
934 5832 1156 5885 materia
1177 5839 1223 5883 et
1257 5846 1382 5891 opus
1415 5829 1542 5895 ﬁant
1571 5829 1754 5897 gladii.
1781 5828 1983 5880 Tritum

424 5900 560 5964 apud
590 5899 808 5955 ercus
852 5899 1103 5970 loquendi
1157 5917 1342 5967 genus.
1390 5899 1594 5953 llcliml.
1637 5900 1725 5952 Id).
1762 5915 1797 5962 ι,
1831 5899 1987 5963 ἔργον

2097 4695 2211 4760 tibi,
2245 4698 2363 4751 sine
2392 4697 2587 4752 rubore
2643 4697 2780 4752 facta
2825 4713 2884 4751 es
2916 4699 2980 4750 ad
3016 4711 3203 4750 omnes
3247 4695 3313 4748 ‘°.
3368 4711 3385 4742 ι
3430 4693 3665 4753 Etenim.

2097 4789 2170 4841 uti
2203 4788 2466 4855 dixeram,
2509 4789 2711 4842 cultum
2769 4788 3008 4842 divinum
3064 4793 3369 4853 aspernata,
3420 4783 3472 4837 in
3539 4798 3667 4852 apu-

2097 4879 2323 4933 stasiam
2352 4893 2613 4932 conversa
2640 4887 2722 4932 est
2770 4894 2783 4929 :
2817 4891 2879 4930 ac
2913 4875 3219 4946 pastoribus
3254 4875 3672 4939 doctorihusque

2101 4986 2195 5024 usa
2225 4979 2327 5035 cst,
2364 4970 2591 5038 impuris
2642 4967 2921 5038 spiritibus
2955 4975 3009 5020 ct
3052 4966 3315 5020 idolorum
3355 4963 3671 5019 cultoribus.

2101 5063 2241 5122 lltec,
2278 5062 2349 5114 ita
2369 5061 2581 5123 utdixi,
2608 5059 2974 5112 fueruntante
3023 5058 3332 5111 Scrvatoris
3377 5055 3668 5107 adventum

2099 5152 2335 5207 Judaicae
2369 5151 2664 5220 Synagogm
2696 5149 2925 5204 scelera.
2953 5148 3242 5216 Postquam
3273 5160 3402 5200 vero
3425 5146 3477 5197 iu
3514 5145 3674 5200 terris

2100 5243 2348 5298 Christus
2368 5240 2583 5308 effulsit,
2611 5242 2856 5313 apparuit
2883 5240 3025 5296 enim
3053 5237 3206 5292 nobis
3225 5237 3362 5290 Deus
3387 5235 3671 5300 Dominus,

2103 5347 2161 5391 ut
2196 5336 2455 5405 scriptum
2493 5343 2593 5399 est,
2638 5349 2742 5388 non
2788 5334 2937 5388 illmn
2973 5329 3215 5385 adhibuit
3264 5339 3668 5398 pra-ceptorent,

2103 5426 2195 5479 sed
2225 5424 2389 5479 coluit
2415 5424 2590 5493 potius
2628 5423 2921 5482 doctrinas,
2962 5420 3209 5473 mandata
3257 5419 3567 5483 hominum;
3613 5434 3676 5470 ac

2104 5520 2240 5572 bono
2267 5527 2481 5586 pastore
2512 5517 2812 5584 repudiato,
2847 5514 2934 5582 qui
2963 5514 3025 5566 ad
3052 5511 3229 5565 omnia
3265 5511 3674 5580 praeclarissima

2099 5826 2634 5892 γενέῖοκιλπολέμοα“
2672 5826 2883 5894 ΒγῃυδῚ
2928 5827 3081 5894 ἔργον
3120 5827 3363 5893 γ;νέπυχ;
3411 5824 3676 5886 δέκοὲάν-

2100 5914 2213 5951 του.

2928 5827 3081 5896 ἔργον
3120 5827 3363 5893 γενέσθαι
