4134 6304
444 446 511 505 51
1471 442 1529 499 S.
1571 441 1844 500 CYRILLI
1883 443 2353 499 ALEXANDRINI
2390 444 2709 500 ABClilEP.
3633 438 3704 494 52

447 559 698 616 instituta
750 560 1045 628 perducere
1095 566 1339 623 noverat,
1389 558 1594 616 Scribis
1637 572 1690 616 et
1730 560 2016 617 Pharisaeis

2127 565 2284 635 μένα,
2320 564 2410 617 τὸν
2441 565 2523 627 είς
2568 563 2677 616 πᾶν
2707 558 2883 615 ὁτιοῦν
2920 556 3031 611 τῶν
3064 558 3301 624 ἀρίστων
3344 552 3703 625 ἀποκομίζειν

448 648 783 721 agglutinata
817 658 921 713 est,
952 658 1007 703 et
1039 647 1279 704 addicta.
1324 647 1481 705 Hunc
1512 652 1587 705 ad
1620 651 1834 706 modum
1872 667 2022 706 scor-

449 748 559 795 tata
583 748 685 806 est,
712 739 924 794 etiamsi
956 738 1039 792 lex
1079 748 1135 793 et
1159 739 1437 809 prophetae
1466 739 1666 795 Christi
1709 742 2021 811 mysterium

445 829 496 884 ei
521 828 899 898 praedicerent,
929 837 983 882 et
1006 827 1181 897 ipsum
1211 826 1522 883 adfuturum
1554 830 1841 900 aliquando
1880 845 2021 902 pra:-

447 919 782 973 nuntiarent.
815 935 835 968 ι
870 915 1147 982 Quomodo
1169 917 1352 987 igitur,
1390 936 1408 968 ι
1450 919 1646 987 inquit,
1681 937 1698 969 ι
1749 919 1889 974 facta
1938 928 2024 975 est

445 1009 706 1064 meretrix
741 1009 935 1063 civitas
968 1007 1142 1062 fidelis
1171 1006 1324 1075 Sion,
1357 1009 1510 1077 plena
1553 1009 1793 1079 judicio?
1834 1028 1851 1062 ι
1886 1011 2018 1065 Per-

443 1098 572 1153 inde
613 1106 697 1153 est
722 1111 787 1152 ac
813 1098 859 1153 si
895 1098 1099 1153 diceret
1134 1116 1147 1154 :
1186 1098 1315 1165 Quae
1373 1107 1452 1155 tot
1494 1101 1561 1154 ad
1610 1101 2019 1172 intelligendum

447 1187 766 1245 occasiones
825 1189 1059 1259 accepit,
1123 1189 1232 1244 imo
1286 1204 1417 1246 vero
1477 1206 1596 1259 qure
1651 1192 2024 1262 spiritualibus

441 1277 769 1350 adjumentis
828 1280 1153 1344 abundavit,
1198 1282 1252 1337 in
1289 1282 1647 1340 defectionem
1702 1294 1758 1340 et
1805 1296 2023 1356 aposta-

445 1372 582 1427 siam
610 1372 855 1450 deﬂuxit,
874 1372 1001 1428 olim
1039 1374 1213 1431 ﬁdelis
1248 1385 1304 1430 et
1347 1376 1571 1446 justitiae
1603 1377 1918 1446 oper-atrix?
1965 1377 2021 1434 ln

447 1478 556 1534 qua
603 1462 816 1534 iustitia
852 1464 1137 1531 habitavit,
1165 1468 1268 1522 hoc
1301 1476 1403 1533 est,
1438 1468 1521 1523 lex
1554 1469 1861 1538 conquievit
1899 1471 2022 1541 (do-

450 1544 713 1611 micilium
759 1556 904 1612 enim
963 1559 1231 1627 quoddam
1284 1561 1400 1628 ejus
1448 1558 1569 1627 fuit,
1624 1560 1706 1616 his
1742 1560 2023 1618 elementis

450 1644 642 1713 primis
681 1647 890 1702 erudita
932 1647 1266 1719 multitudo),
1307 1665 1453 1706 nunc
1477 1651 1533 1705 in
1571 1665 1633 1706 ea
1678 1652 2021 1707 diversantur

448 1736 771 1797 homicidae?
806 1740 1049 1821 Audisne
1079 1756 1224 1807 eum,
1251 1743 1472 1812 reliquis
1505 1744 1756 1799 omnibus
1794 1752 2020 1815 praeter-

448 1828 652 1897 missis,
683 1830 952 1887 actionem
985 1834 1146 1889 caedis
1183 1833 1290 1889 illis
1324 1835 1628 1890 intentare?
1664 1836 2020 1893 Attraxerunt

446 1933 682 1990 namque
711 1921 765 1975 in
817 1933 979 1992 caput
1013 1938 1168 1979 suum
1218 1927 1515 1995 pretiosum
1557 1925 1760 1983 Christi
1803 1930 2020 1999 sangui-
2051 1906 2096 1967 Β

450 2021 603 2075 nem,
634 2023 755 2064 cum
787 2009 963 2067 Pilato
1006 2012 1292 2069 dicerent:
1342 2033 1362 2067 ι
1422 2013 1652 2086 Sanguis
1699 2017 1818 2089 ejus
1858 2034 2021 2089 super

447 2117 551 2157 nos
610 2110 661 2159 et
703 2118 866 2173 super
898 2103 1044 2161 ﬁlios
1078 2116 1294 2162 nostros
1344 2107 1410 2164 “.
1456 2127 1476 2160 ι
1516 2108 1654 2176 Quin
1702 2122 1756 2165 et
1801 2122 2019 2170 sanctos

445 2197 740 2267 prophetas
759 2197 1129 2266 sustulerunt;
1163 2200 1214 2254 id
1237 2201 1380 2270 quod
1420 2201 1529 2257 illis
1566 2203 1753 2260 beatus
1794 2205 2022 2275 Stepha-

444 2301 550 2341 nus
584 2285 779 2356 objecit
814 2307 829 2343 :
869 2306 889 2340 ι
932 2288 1071 2345 Dura
1107 2292 1320 2347 cervice
1349 2301 1402 2347 et
1428 2294 1690 2349 increduli
1722 2298 1901 2362 corde,
1923 2312 2019 2355 vos

443 2392 659 2449 semper
688 2378 914 2451 Spiritui
949 2393 1138 2439 sancto
1170 2384 1442 2440 resistitis.
1473 2386 1641 2452 Quem
1675 2403 1705 2443 e
1741 2392 2018 2460 prophetis

446 2484 552 2524 non
585 2470 971 2532 interfecerunt
993 2485 1171 2545 patres
1202 2478 1399 2534 vestri?
1425 2476 1491 2533 Ut
1516 2489 1694 2549 patres
1727 2483 1911 2548 vestri,
1945 2485 2016 2539 ita

446 2570 501 2614 et
530 2575 623 2616 vos
652 2561 719 2620 ⁸⁵.
764 2581 783 2616 ι

518 2735 689 2793 Vens.
710 2737 805 2805 22,
837 2737 928 2794 25.
966 2739 1250 2810 Argentum
1276 2754 1499 2799 vestrum
1528 2746 1826 2814 reprobnm.
1876 2747 2020 2803 Cau-

445 2844 606 2897 pones
633 2830 710 2884 tui
742 2831 958 2886 miscent
987 2833 1162 2887 vinum
1197 2851 1358 2905 aqua,
1405 2838 1667 2906 principes
1719 2840 1796 2892 tui
1846 2840 2021 2893 inobe-

453 2922 655 2976 dientes
679 2929 820 2991 sunt,
853 2925 985 2979 socii
1017 2925 1217 2995 furum,
1248 2927 1354 2998 25
1384 2927 1655 2999 diligentes
1677 2947 1913 2998 munera,
1936 2948 2021 2986 se-

448 3017 661 3079 quentes
713 3014 1137 3081 retributionem,
1188 3018 1404 3088 pupiltis
1452 3035 1553 3075 non
1597 3020 1923 3090 judicantes,
1972 3034 2020 3080 et

441 3102 646 3174 judicio
680 3104 851 3160 viduae
878 3122 981 3160 non
1012 3109 1355 3165 attendentes.

2125 654 2323 720 εἰδότα,
2362 648 2765 724 προσεκολλήθη
2796 650 2907 712 τοῖς
2945 643 3264 717 ἀρχιερεῦσι
3306 642 3400 696 καὶ
3443 643 3705 713 Γραμμα-

2125 745 2321 808 ταίοις,
2351 745 2447 797 καὶ
2478 744 2584 814 μὴν
2609 742 2666 795 δὲ
2699 742 2792 795 καὶ
2818 735 3614 809 Φαρισαίοις.Ἐκπεπόρνευκε
3646 734 3704 787 δὲ

2125 833 2267 887 κατὰ
2295 833 2482 887 τοῦτον
2516 832 2606 884 τὸν
2633 831 2856 902 τρόπον.
2889 826 3081 881 Καίτοι
3113 826 3207 879 καὶ
3240 824 3403 895 νόμον
3434 823 3526 877 καὶ
3560 841 3695 892 προ-

2126 925 2310 995 φητῶν
2342 921 2908 995 προανακεκραγότων
2939 920 3074 989 αὐτῇ
3114 917 3178 970 τὸ
3217 914 3452 986 Χριστοῦ
3487 914 3695 985 μυστή-

2127 1035 2262 1089 ριον,
2298 1017 2392 1071 καὶ
2425 1017 2506 1069 ὅτι
2541 1016 2813 1087 παρέσται
2858 1012 3000 1068 κατά
3045 1011 3270 1080 καιροὺς
3318 1007 3700 1080 προαπηγγελ-

2126 1110 2321 1162 κότων.
2355 1127 2373 1159 ι
2407 1108 2533 1171 Πῶς
2555 1103 2647 1161 οῦν
2682 1108 2918 1175 ἐγένετο.
2941 1104 3098 1174 φησὶ,
3133 1104 3307 1174 πόρνη
3343 1102 3497 1164 πόλις
3532 1099 3698 1170 πιστὴ

2125 1199 2264 1253 Σιὼν
2296 1200 2509 1270 πλήρης
2551 1199 2820 1271 κρίσεως;
2856 1217 2874 1249 ι
2915 1199 3141 1268 Ὅμοιον
3166 1195 3298 1249 ὡσεὶ
3323 1194 3499 1261 λέγοι·
3533 1191 3699 1252 Ποίας

2124 1292 2364 1347 λαῦοῦσα
2413 1293 2512 1355 τὰς
2561 1292 2655 1345 τοῦ
2702 1293 2879 1345 νοσεῖν
2926 1288 3217 1359 ἀφορμὰς,
3269 1286 3467 1356 μᾶλλον
3494 1284 3551 1337 δὲ
3582 1282 3700 1346 πῶς

2125 1383 2432 1452 ἀνάμεστος
2458 1377 2591 1454 οὖσα
2632 1379 3021 1451 πνευματικῶν
3060 1376 3524 1448 ὲπικουρημάτων
3563 1391 3698 1428 κατ-

2123 1471 2352 1527 ώλισθεν
2391 1473 2470 1535 είς
2503 1471 2803 1525 ἀπόστασιν
2836 1471 2870 1541 ἡ
2894 1469 3060 1522 πάλαι
3091 1467 3257 1537 πιστὴ
3288 1467 3384 1519 καὶ
3420 1462 3699 1517 δικαιοσύ-

2123 1581 2222 1634 νης
2252 1564 2510 1635 ἐργάτις,
2559 1556 2680 1636 ὲνῇ
2729 1561 3025 1615 κατέλυσεν
3067 1561 3100 1631 ἡ
3152 1556 3498 1626 δικαιοσύνη,
3547 1552 3697 1607 τοῦτ’

2122 1655 2292 1721 ἔστιν,
2335 1653 2682 1708 ἀνεπαύσατο
2723 1653 2919 1723 νόμος;
2956 1648 3102 1713 οἶκος
3132 1650 3239 1719 γὰρ
3271 1647 3459 1717 ῶσπερ
3485 1662 3568 1708 τις
3595 1645 3696 1698 αὺ-

2121 1745 2216 1801 τοῦ
2247 1745 2471 1815 γέγονεν
2509 1746 2543 1814 ή
2578 1743 2689 1797 τῶν
2736 1739 3272 1810 παιδαγωγουμένων
3311 1738 3554 1809 πληθὺς,
3599 1733 3694 1789 νῦν

2122 1837 2182 1893 δὲ
2209 1836 2611 1892 καταλελύκασι
2646 1832 2922 1903 φονευταί.
2970 1829 3213 1894 Ἀκούεις
3238 1831 3320 1883 ὅτι
3353 1828 3533 1882 πάντα
3554 1843 3695 1897 παρ-

2122 1929 2204 1991 εὶς
2227 1928 2297 1982 τά
2318 1927 2482 1998 ἕτερα
2507 1927 2606 1997 τὴν
2647 1923 2957 1996 μιαιφονίαν
2987 1924 3170 1985 αὐτοῖς
3190 1920 3445 1990 ὲγκαλεῖ;
3474 1922 3693 1989 Κατην-

2120 2021 2354 2094 τλήκασι
2399 2020 2509 2091 γὰρ
2553 2019 2654 2088 τῆς
2703 2016 2911 2071 ἑαυτῶν
2945 2015 3185 2085 κεφαλῆς
3224 2013 3284 2067 τὸ
3325 2013 3504 2083 τίμιον
3552 2004 3693 2080 αἷμα

2120 2112 2393 2186 Χριστοῦ,
2445 2110 2662 2182 Πιλάτῳ
2715 2110 2995 2178 λέγοντεςο
3034 2127 3053 2159 ι
3085 2106 3160 2160 Τὸ
3206 2100 3349 2176 αἷμα
3396 2100 3560 2157 αὑτοῦ
3607 2101 3690 2168 ἐφ’

2119 2207 2272 2278 ἡμᾶς
2314 2205 2410 2259 καὶ
2450 2203 2543 2258 ἐπὶ
2566 2202 2637 2256 τὰ
2675 2201 2842 2257 τέκνα
2867 2199 3047 2270 ἡμῶν.
3085 2216 3104 2250 ι
3148 2196 3484 2267 Ἀνῃρήκασι
3508 2193 3567 2247 δὲ
3599 2191 3694 2245 καὶ

2121 2297 2406 2369 προφήτας
2436 2295 2622 2364 ἁγίους
2642 2308 2657 2323 ·
2689 2290 2966 2345 καὶτοῦτο
2990 2289 3176 2351 αὐτοῖς
3207 2289 3235 2340 ό
3262 2284 3532 2357 μακάριος
3565 2281 3695 2336 Στέ-

2122 2407 2288 2459 φανος
2327 2388 2594 2451 ὠνείδισε,
2622 2385 2797 2452 λέγων
2817 2400 2832 2415 ο
2863 2400 2882 2433 ι
2906 2377 3382 2450 Σκληροτράχηλοι
3410 2376 3504 2429 καὶ
3535 2374 3695 2428 ἀπει-

2121 2482 2232 2541 θεῖς
2266 2482 2332 2552 τῇ
2379 2478 2612 2550 καρδίᾳ,
2663 2476 2823 2546 ὑμεῖς
2855 2472 2942 2527 ἀεὶ
2998 2470 3077 2541 τῷ
3123 2467 3404 2538 Πνεύματι
3439 2463 3517 2535 τῷ
3549 2462 3696 2533 ἀγίῳ

2120 2572 2497 2626 ἀντιπίπτετε.
2529 2567 2664 2622 Τίνα
2693 2565 2799 2619 τῶν
2826 2561 3118 2635 προφητῶν
3143 2559 3242 2615 οὐκ
3279 2556 3606 2611 ἀπέκτειναν
3640 2554 3692 2606 οἱ

2122 2663 2359 2729 πατέρες
2389 2662 2574 2731 ύμῶνς
2616 2661 2705 2721 Ὠς
2738 2656 2789 2711 οἱ
2817 2656 3053 2729 πατέρες
3081 2652 3233 2724 ὑμῶν
3260 2652 3354 2706 καὶ
3383 2651 3562 2721 ὑμεῖς.
3601 2666 3620 2699 ι

2199 2751 2271 2808 Τὸ
2306 2753 2589 2820 ἀργύριον
2613 2747 2780 2817 ὑμῶν
2825 2747 3130 2816 ἀδόκιμον.
3178 2738 3539 2807 Οὶςκάπηλοί
3574 2751 3692 2791 σου

2118 2847 2413 2917 μίσγουσι
2479 2842 2587 2896 τὸν
2636 2836 2803 2894 οἶνον
2844 2839 3055 2902 ὕδατι,
3115 2839 3171 2890 οὶ
3222 2831 3512 2903 ἄρχοντές
3569 2844 3689 2885 σου

2124 2935 2460 3000 ἀπειθοῦσι,
2500 2930 2774 3001 κοινωτοὶ
2805 2924 3101 2991 κλεπτῶν,
3124 2924 3469 2995 ἀγαπῶντες
3504 2919 3692 2987 δῶρα,

2124 3028 2439 3093 διώκοντες
2467 3022 2854 3092 ἀνταπόδομα
2878 3060 2893 3085 ,
2925 3016 3209 3088 ὀρφανοῖς
3253 3018 3323 3069 οὐ
3365 3013 3693 3083 κρίνοντες,

2125 3121 2222 3176 καὶ
2252 3121 2447 3188 κρίσει
2482 3115 2674 3186 χήρας
2699 3116 2771 3169 οὺ
2800 3111 3230 3182 προσέχοντες.

518 3184 725 3252 causas
750 3199 1064 3254 mutationis
1089 3201 1140 3254 in
1166 3202 1402 3257 deterius
1439 3201 1596 3272 plane
1638 3217 1921 3261 enumerat
1953 3222 2017 3262 ac

2197 3184 2310 3284 Τῆς
2343 3212 2435 3266 ἐπὶ
2478 3184 2761 3281 τ-ὰχείρω
2802 3203 3107 3278 μεταϐολῆς
3141 3201 3238 3264 τὰς
3285 3200 3463 3263 αἰτίας
3505 3200 3699 3304 ἀπαρι-

449 3287 730 3357 perspicue
763 3305 778 3342 :
819 3298 875 3342 et
912 3291 1364 3359 quemadmodum
1424 3295 1736 3363 potissimus
1781 3299 2020 3355 medicus

454 3379 720 3449 quispiam
772 3381 991 3451 tegrotis
1031 3381 1204 3437 morbi
1244 3384 1559 3440 occasiones
1605 3388 1800 3456 aperit,
1853 3389 1930 3444 sic
1974 3401 2027 3446 et

451 3471 543 3528 ille
567 3473 789 3542 cupiens
823 3493 841 3527 ι
880 3488 1068 3529 omnes
1110 3475 1357 3531 homines
1387 3477 1565 3532 salvos
1595 3478 1735 3546 ﬁeri,
1764 3490 1926 3549 atque
1957 3481 2026 3536 ad

452 3563 784 3636 agnitionem
815 3565 1062 3623 veritatis
1092 3568 1377 3636 pervenire
1400 3568 1466 3634 ⁸³,
1502 3589 1522 3621 ι
1557 3569 1642 3625 his
1675 3570 1767 3641 qui
1806 3587 1873 3626 ex
1920 3573 2026 3627 im-

452 3656 648 3729 peritia
696 3657 765 3712 ab
802 3657 1029 3713 honesto
1076 3660 1380 3731 decoroque
1428 3660 1783 3731 deﬂexerunt,
1834 3680 2027 3720 causas

453 3746 801 3803 amictionum
848 3757 904 3805 et
939 3749 1255 3805 delictorum
1293 3753 1538 3822 exponit.
1599 3772 1617 3806 ι
1655 3753 1964 3825 Reprobum
2002 3776 2021 3810 ι

454 3842 623 3907 enim,
667 3842 861 3912 inquit,
900 3852 982 3898 est
1019 3862 1039 3896 ι
1073 3856 1355 3915 argentum
1387 3855 1652 3902 vestrum.
1683 3867 1703 3901 ι
1731 3848 2026 3919 Argentum

451 3942 612 3990 vocat
637 3936 949 4005 reprobum,
981 3948 1272 4006 prmeepta,
1304 3952 1422 4007 qua:
1456 3939 1596 4010 apud
1628 3941 1774 4010 ipsos
1801 3942 2029 3998 inoleve-

453 4038 601 4093 runt,
628 4043 733 4084 non
764 4030 997 4100 ingenua
1043 4040 1135 4086 aut
1182 4031 1445 4100 liberalia,
1496 4033 1595 4088 sed
1647 4034 1793 4089 omni
1850 4037 2029 4105 potius

454 4118 812 4175 detestatione
856 4120 1078 4186 referta,
1119 4137 1183 4177 ac
1227 4137 1346 4191 quae
1369 4125 1579 4192 obesse,
1615 4139 1720 4181 non
1771 4128 2029 4197 prodesse

452 4210 790 4266 auditoribus
833 4222 1103 4281 poterant.
1148 4212 1298 4270 Solet
1338 4213 1593 4270 nimirum
1634 4214 1914 4286 Scriptura
1947 4216 2031 4272 di-

454 4301 659 4356 vinitus
696 4302 957 4370 aspirata,
1004 4304 1353 4361 catecheseos
1394 4321 1696 4373 sermones,
1740 4308 1832 4377 qui
1887 4309 2026 4377 apud

453 4392 711 4463 populum
759 4394 1030 4449 subditum
1060 4395 1352 4460 habentur,
1398 4408 1677 4468 argentum
1728 4400 2023 4470 appellare.

453 4486 525 4541 Et
547 4500 675 4541 sane
708 4486 967 4542 Dominus
998 4496 1181 4542 noster
1212 4485 1366 4543 Jesus
1396 4489 1645 4544 Christus
1698 4491 1876 4545 simile
1909 4507 2028 4546 esse

2128 3307 2348 3377 θμεῖται
2378 3299 2587 3371 σαφῶς.
2621 3298 2731 3352 Καὶ
2769 3297 2957 3367 ὥσπερ
3001 3311 3083 3357 τις
3125 3292 3234 3346 τῶν
3266 3288 3698 3360 εύτεχνεστάτων

2131 3395 2331 3467 ἰατρῶν
2382 3395 2498 3455 τοῖς
2555 3388 2939 3462 ὴρρωστηκόσι
3001 3387 3149 3455 λέγει
3205 3385 3305 3447 τὰς
3373 3379 3469 3434 τοῦ
3524 3380 3701 3432 νοσεῖν

2127 3487 2406 3561 ἀφορμὰς,
2453 3484 2596 3539 οὓτω
2631 3484 2726 3538 καὶ
2754 3483 2916 3546 αὐτὸς
2960 3482 2988 3534 ὁ
3028 3480 3237 3540 πάντας
3263 3472 3580 3561 ἀνθρώπους
3611 3469 3699 3522 θέ-

2126 3559 2252 3636 λων-
2281 3559 2556 3650 σωθῆναι,
2606 3575 2699 3629 καὶ
2729 3575 2807 3638 είς
2854 3572 3150 3640 ἐπίγνωσιν
3197 3564 3451 3636 ἀληθείας
3498 3559 3697 3624 ἐλθεῖν,

2126 3678 2239 3737 τοῖς
2278 3674 2335 3740 ἐξ
2378 3669 2619 3742 ἀμαθίας
2663 3664 3045 3738 ὴρρωστηκόσι
3092 3660 3185 3714 τοῦ
3237 3656 3538 3729 πρέποντος
3586 3651 3700 3705 δια-

2126 3768 2314 3839 τρανοῖ
2344 3763 2442 3826 τὰς
2493 3761 2670 3824 αἰτίας
2702 3760 2809 3811 τῶν
2844 3759 2900 3812 ὲν
2932 3756 3114 3817 αὐτοῖς
3166 3749 3352 3805 παθῶν
3383 3746 3481 3847 καλζ
3515 3743 3699 3847 πλημ-

2132 3837 2477 3931 μελημάτων.
2521 3872 2540 3904 ι
2591 3852 2872 3921 Ἀδόκιμον
2914 3848 3022 3917 γὰρ
3066 3846 3126 3897 τὸ
3155 3837 3695 3937 ἁργύ-ριονιύμῶνζ»

2131 3927 2283 4021 ιρησί.
2341 3947 2452 4000 Καὶ
2507 3943 2769 4016 ἀργύριον
2824 3942 2920 4012 μὲν
2966 3939 3223 4007 ἀδόκιμον
3281 3927 3701 4021 ὀνομάζεικτῶν

2130 4016 2261 4111 παρ’
2305 4040 2485 4100 αὐτοῖς
2518 4034 2856 4089 διδασκάλων
2893 4033 2982 4084 τὸν
3012 4029 3113 4083 οὐκ
3150 4026 3348 4094 εὐφυᾶ,
3399 4019 3597 4119 μᾶλλον
3643 4016 3701 4119 δὲ

2130 4110 2223 4186 καῖ
2252 4129 2532 4202 βδελυρίας
2575 4127 2793 4196 ἀπάσης
2836 4122 3129 4194 ὲπίμεστον
3161 4118 3316 4186 λόγον
3337 4133 3349 4146 ·
3383 4112 3479 4166 καὶ
3520 4110 3703 4202 ἀδικῆ-

2133 4243 2222 4279 σαι
2253 4200 2465 4294 μᾶλλον
2509 4220 2654 4291 ἥπερ
2692 4216 2884 4286 ὀνῆσαι
2931 4213 3223 4283 δυνάμενον
3263 4209 3389 4270 τοὺς
3424 4200 3703 4294 ἀκροωμέ-

2132 4290 2637 4379 νουςξΚατείθισται
2666 4307 2721 4361 δέ
2751 4323 2868 4369 πως
2895 4306 2930 4376 ἡ
2961 4303 3320 4363 θεόπνευστος
3350 4295 3544 4369 Γραφὴ
3573 4290 3705 4353 τοὺς

2130 4410 2231 4480 τῆς
2255 4406 2609 4477 κατηχήσεως
2640 4401 2852 4469 λόγους,
2896 4397 2988 4461 οὓς
3033 4396 3098 4450 ἂν
3140 4390 3376 4447 ποιοῖντό
3419 4386 3702 4480 τινεςῌτοῖς

2131 4476 2236 4554 ὑπὸ
2270 4501 2427 4569 χεῖρα
2460 4476 2624 4557 λαοῖς
2670 4490 2934 4562 ἀργύριον
2985 4484 3301 4540 ἀποκαλεῖν.
3351 4479 3463 4535 Καὶ
3505 4476 3705 4569 γοῦν-ὁ

418 4605 422 4609 ι
455 4578 657 4633 dicit“
692 4593 921 4650 regnum
966 4579 1225 4635 caelorum
1274 4580 1473 4634 homini
1508 4581 1902 4650 patrifamilias,
1937 4582 2025 4652 qui

2134 4562 2339 4660 Κύριος
2357 4562 2526 4655 ⁷ἡμῶν
2562 4580 2768 4651 Ἰησοῦς
2795 4580 2823 4632 ὁ
2852 4575 3083 4647 Χριστὸς
3116 4569 3432 4644 ὁμοιοῦσθαί
3453 4583 3586 4660 φησι
3604 4562 3704 4660 την

452 4671 798 4740 profecturus
840 4685 1067 4744 peregre
1114 4673 1328 4728 vocavit
1372 4688 1561 4728 servos
1601 4688 1728 4728 suos
1778 4685 1872 4729 :et
1909 4675 2025 4730 huic

2136 4653 2411 4751 βασιλείαν
2462 4673 2572 4727 τῶν
2619 4669 2861 4740 οὐρανῶν
2904 4665 3174 4737 ἀνθρώπῳ
3212 4659 3597 4727 οἰκοδεσπότῃ,
3645 4653 3704 4751 ὃς

348 4834 356 4839 ε
454 4761 673 4830 quidem
703 4763 1110 4835 deditquinque
1149 4764 1371 4829 talenta,
1407 4764 1484 4819 illl
1522 4780 1651 4821 vero
1696 4765 1819 4827 duo,
1870 4782 2031 4821 unum

2138 4746 2349 4842 μέλλων
2377 4764 2680 4835 ἀποδημεῖν
2709 4761 2935 4816 ἐκάλεσε
2960 4760 3084 4821 τοὺς
3116 4753 3312 4809 ἑαυτοῦ
3348 4751 3588 4813 δούλουςο
3612 4746 3707 4801 καὶ

453 4852 634 4918 alteri,
685 4855 883 4922 quibus
926 4855 1109 4912 labore
1146 4869 1244 4911 Suo
1284 4855 1571 4921 defunctis,
1621 4857 1809 4927 dignas
1849 4857 2025 4913 laudes

2130 4862 2175 4933 ᾧ
2207 4864 2302 4935 μὲν
2348 4860 2514 4914 ἔδωκε
2547 4858 2710 4910 πέντε
2739 4854 3000 4916 τάλαντα,
3032 4845 3075 4918 ᾧ
3101 4850 3157 4901 δὲ
3187 4848 3266 4914 ἓν,
3300 4845 3393 4900 καὶ
3422 4842 3708 4935 ἀπεδήμη-

454 4944 736 5000 reddens:
774 4964 793 4998 ι
835 4945 1002 5016 Euge,
1045 4948 1240 5019 inquit,
1287 4963 1443 5004 serve
1492 4949 1634 5005 bone
1665 4960 1718 5004 et
1770 4948 1961 5004 ildclis.
2008 4969 2026 5001 ι

452 5035 518 5092 Ei
545 5045 730 5093 autem
769 5038 859 5108 qui
888 5037 1172 5094 abscondit
1203 5040 1484 5106 talentum,
1521 5038 1762 5110 nihilque
1806 5039 2027 5093 omnino

452 5130 640 5187 labore
667 5131 988 5203 acquisivit:
1020 5149 1039 5184 ι
1074 5129 1261 5197 Serve,
1300 5150 1320 5185 ι
1357 5133 1451 5199 ait,
1482 5150 1501 5185 ι
1533 5147 1762 5204 nequam
1783 5141 1837 5187 et
1857 5132 2028 5202 piger,

451 5224 736 5288 oportebat
770 5231 820 5277 te
847 5222 1062 5278 mittere
1096 5230 1378 5290 argentum
1411 5238 1587 5279 meum
1627 5222 2026 5289 nummulariis,

453 5322 511 5365 et
544 5326 643 5381 ego
678 5327 930 5369 reversus
986 5328 1164 5367 meum
1214 5327 1334 5367 cum
1376 5314 1563 5369 fenore
1616 5314 1962 5383 recepissem.
2003 5330 2022 5364 ι

452 5403 614 5456 Canit
643 5405 806 5458 etiam
850 5405 1039 5462 beatus
1076 5403 1245 5460 David
1279 5423 1290 5458 :
1336 5422 1354 5455 ι
1393 5404 1615 5474 Eloquia
1653 5404 1887 5467 Domini,
1919 5403 2031 5458 elo-

454 5493 579 5561 quia
625 5509 783 5565 pura,
829 5508 1111 5568 argentum
1149 5498 1269 5569 igne
1315 5498 1702 5561 examinatum,
1745 5497 2025 5565 probatum

454 5596 617 5639 terra:
644 5585 715 5641 ".
756 5606 773 5637 ι
809 5589 1184 5645 Adulterinutn
1232 5593 1412 5661 itaque
1468 5599 1523 5643 et
1581 5606 1684 5643 non
1747 5590 2026 5656 probatum

456 5688 741 5747 argentum
767 5677 886 5745 luit,
918 5684 1061 5751 quod
1104 5685 1242 5752 apud
1280 5682 1491 5740 Judmos
1522 5693 1659 5748 erat,
1695 5682 1743 5735 id
1772 5691 1875 5746 est,
1911 5697 2029 5750 quae

2135 4933 2251 5008 σεν·
2288 4947 2621 5020 πεπονηκόσι
2649 4945 2706 4998 δὲ
2740 4944 2923 5005 αὐτοῖς
2951 4957 3075 5011 περ.
3120 4978 3134 4991 .
3180 4978 3192 4989 .
3238 4978 3250 4992 .
3292 4937 3418 4998 τοὺς
3452 4933 3706 4992 ἐπαίνους

2136 5039 2445 5101 ἀποδιδοὺς,
2483 5056 2501 5087 ι
2533 5030 2630 5099 Εὖ,
2661 5032 2809 5085 δοῦλε
2834 5029 3025 5098 ἀγαθὲ,
3064 5029 3157 5082 καὶ
3190 5026 3402 5090 more,»
3434 5021 3587 5093 φησί.
3617 5021 3708 5091 Τῷ

2138 5151 2200 5202 γε
2246 5131 2349 5202 μὴν
2396 5124 2776 5196 ἀποκρύψαντι
2801 5123 2863 5175 τὸ
2893 5122 3172 5186 τάλαντον,
3221 5114 3709 5190 προσειργασμένῳ

2136 5224 2192 5278 δὲ
2234 5219 2516 5281 παντελῶς
2545 5217 2718 5281 οὐδὲν,
2754 5234 2772 5267 ι
2816 5214 3034 5285 Πονηρὲ
3092 5212 3268 5275 δοῦλε,
3305 5230 3324 5263 ι
3357 5207 3513 5279 φησι,
3556 5226 3575 5257 ι
3616 5204 3709 5257 καὶ

2137 5314 2358 5385 ὀκνηρέ,
2388 5311 2493 5363 ἔδει
2538 5327 2596 5362 σε
2642 5308 2824 5378 βαλεῖν
2857 5308 2918 5361 τὸ
2947 5304 3210 5377 ἀργύριόν
3241 5318 3340 5374 μου
3366 5302 3477 5361 τοῖς
3504 5312 3707 5369 τραπε-

2140 5406 2349 5470 ζίταις,
2401 5401 2555 5471 κάγὼ
2606 5400 2776 5455 ἐλθὼν
2814 5398 3156 5468 ἐκομισάμην
3206 5394 3271 5447 ἂν
3322 5392 3383 5445 τὸ
3432 5389 3565 5460 ἐμὸν
3610 5387 3707 5439 σῦν

2136 5497 2300 5565 τόκῳ.
2341 5516 2357 5547 ι
2400 5494 2608 5548 Ψάλλει
2645 5494 2701 5546 δέ
2737 5509 2837 5544 που
2869 5491 2963 5544 καὶ
2987 5493 3014 5543 ό
3040 5485 3326 5548 θεσπέσιος
3353 5481 3545 5536 Δαϐίδ·
3576 5498 3595 5532 ι
3624 5478 3708 5531 Τὰ

2136 5590 2290 5657 λόγια
2336 5588 2559 5659 Κυρίου,
2608 5585 2765 5653 λόγια
2807 5583 2968 5652 ἁγνὰ,
3016 5579 3277 5649 ἀργύριον
3317 5571 3706 5644 πεπυρωμένον

2137 5682 2356 5751 δόκιμον
2388 5683 2453 5751 τῇ
2481 5681 2570 5749 γῇ.
2600 5676 2866 5747 Κίὸδηλον
2896 5669 2987 5726 οῦν
3014 5671 3121 5741 ἄρα
3152 5668 3247 5723 καὶ
3276 5667 3535 5734 ἀδόκιμον
3568 5678 3706 5716 παν-

533 5860 578 5897 ¹⁸
614 5861 801 5922 Matth.
850 5876 1020 5931 xxvii,
1054 5863 1144 5918 ‘25.
1218 5865 1261 5895 θ’
1289 5865 1408 5919 Act.
1453 5880 1549 5932 vn,
1592 5864 1680 5931 51,
1710 5864 1797 5919 52.
1876 5862 1968 5917 ⁸³1
2001 5863 2025 5918 'l

2127 5864 2235 5919 0th.
2281 5879 2337 5927 ll,
2378 5864 2426 5916 ei.
2507 5862 2547 5892 “
2579 5860 2765 5915 Mntth.
2798 5874 2924 5925 xxv,
2962 5854 3144 5910 LL29.
3226 5853 3262 5885 "
3292 5852 3432 5908 Psal.
3476 5862 3550 5915 XI,
3583 5844 3634 5899 7.
