  <div class='ocr_page' id='page_1' title='image "/cluster/home/n/w/nwhite01/storage/ocr_20150623/70/mdp.39015078384453/034.png"; bbox 0 0 4132 6316; ppageno 0'>
   <div class='ocr_carea' id='block_1_1' title="bbox 421 397 2003 491">
    <p class='ocr_par' dir='ltr' id='par_1_1' title="bbox 421 407 2003 491">
     <span class='ocr_line' id='line_1_1' title="bbox 421 407 2003 491; baseline -0.004 -22"><span class='ocrx_word' id='word_1_1' title='bbox 421 413 505 491; x_wconf 68' lang='grc'><strong>⁸53</strong></span> <span class='ocrx_word' id='word_1_2' title='bbox 1587 410 1652 467; x_wconf 82' lang='lat' dir='ltr'><strong>IN</strong></span> <span class='ocrx_word' id='word_1_3' title='bbox 1688 408 1932 467; x_wconf 81' lang='lat' dir='ltr'><strong>[SAIAM</strong></span> <span class='ocrx_word' id='word_1_4' title='bbox 1966 407 2003 463; x_wconf 88' lang='lat' dir='ltr'><strong>L</strong></span> 
     </span>
    </p>
   </div>
   <div class='ocr_carea' id='block_1_2' title="bbox 2106 397 3705 491">
    <p class='ocr_par' dir='ltr' id='par_1_2' title="bbox 2138 397 3705 463">
     <span class='ocr_line' id='line_1_2' title="bbox 2138 397 3705 463; baseline -0.004 -2"><span class='ocrx_word' id='word_1_5' title='bbox 2138 406 2181 461; x_wconf 82' lang='grc' dir='ltr'>Ι.</span> <span class='ocrx_word' id='word_1_6' title='bbox 2222 404 2433 463; x_wconf 75' lang='lat' dir='ltr'><strong>ORAT.</strong></span> <span class='ocrx_word' id='word_1_7' title='bbox 2470 403 2514 460; x_wconf 84' lang='grc'>1.</span> <span class='ocrx_word' id='word_1_8' title='bbox 3623 397 3705 454; x_wconf 52' lang='grc' dir='ltr'>δὲ</span> 
     </span>
    </p>
   </div>
   <div class='ocr_carea' id='block_1_3' title="bbox 420 504 2003 601">
    <p class='ocr_par' dir='ltr' id='par_1_3' title="bbox 420 504 2003 601">
     <span class='ocr_line' id='line_1_3' title="bbox 420 504 2003 601; baseline 0.002 -24"><span class='ocrx_word' id='word_1_9' title='bbox 420 504 604 590; x_wconf 61' lang='grc' dir='ltr'><strong>ζτελῶς</strong></span> <span class='ocrx_word' id='word_1_10' title='bbox 632 525 892 601; x_wconf 84' lang='grc' dir='ltr'>ἀργύριον</span> <span class='ocrx_word' id='word_1_11' title='bbox 919 526 982 581; x_wconf 82' lang='grc' dir='ltr'><strong>τδ</strong></span> <span class='ocrx_word' id='word_1_12' title='bbox 1006 525 1157 598; x_wconf 87' lang='grc' dir='ltr'><strong>παρά</strong></span> <span class='ocrx_word' id='word_1_13' title='bbox 1185 529 1298 592; x_wconf 88' lang='grc' dir='ltr'>τοῖς</span> <span class='ocrx_word' id='word_1_14' title='bbox 1340 526 1636 592; x_wconf 77' lang='grc' dir='ltr'><strong>Ἰουδαίοις,</strong></span> <span class='ocrx_word' id='word_1_15' title='bbox 1664 527 1810 582; x_wconf 83' lang='grc' dir='ltr'>τοῦτ’</span> <span class='ocrx_word' id='word_1_16' title='bbox 1834 527 2003 590; x_wconf 81' lang='grc' dir='ltr'>ἐστιν,</span> 
     </span>
    </p>
   </div>
   <div class='ocr_carea' id='block_1_4' title="bbox 2106 504 3688 601">
    <p class='ocr_par' dir='ltr' id='par_1_4' title="bbox 2110 518 3688 590">
     <span class='ocr_line' id='line_1_4' title="bbox 2110 518 3688 590; baseline -0.003 -13"><span class='ocrx_word' id='word_1_17' title='bbox 2110 538 2142 577; x_wconf 91' lang='lat' dir='ltr'><strong>a</strong></span> <span class='ocrx_word' id='word_1_18' title='bbox 2168 520 2374 579; x_wconf 84' lang='lat' dir='ltr'><strong>Scribis</strong></span> <span class='ocrx_word' id='word_1_19' title='bbox 2412 536 2478 577; x_wconf 88' lang='lat' dir='ltr'><strong>ac</strong></span> <span class='ocrx_word' id='word_1_20' title='bbox 2517 520 2808 577; x_wconf 75' lang='lat' dir='ltr'><strong>Pbarisaeis</strong></span> <span class='ocrx_word' id='word_1_21' title='bbox 2849 519 3293 590; x_wconf 81' lang='lat' dir='ltr'><strong>proﬁciscebatur</strong></span> <span class='ocrx_word' id='word_1_22' title='bbox 3336 518 3544 586; x_wconf 90' lang='lat' dir='ltr'><strong>oratio;</strong></span> <span class='ocrx_word' id='word_1_23' title='bbox 3594 518 3688 588; x_wconf 85' lang='lat' dir='ltr'><strong>qui</strong></span> 
     </span>
    </p>
   </div>
   <div class='ocr_carea' id='block_1_5' title="bbox 436 614 2007 692">
    <p class='ocr_par' dir='ltr' id='par_1_5' title="bbox 436 614 2007 692">
     <span class='ocr_line' id='line_1_5' title="bbox 436 614 2007 692; baseline 0.003 -23"><span class='ocrx_word' id='word_1_24' title='bbox 436 619 465 668; x_wconf 87' lang='grc' dir='ltr'>ὁ</span> <span class='ocrx_word' id='word_1_25' title='bbox 494 618 642 690; x_wconf 82' lang='grc' dir='ltr'>παρὰ</span> <span class='ocrx_word' id='word_1_26' title='bbox 668 618 775 671; x_wconf 92' lang='grc' dir='ltr'><strong>τῶν</strong></span> <span class='ocrx_word' id='word_1_27' title='bbox 812 619 1189 691; x_wconf 85' lang='grc' dir='ltr'>Γραμματέων</span> <span class='ocrx_word' id='word_1_28' title='bbox 1222 620 1317 674; x_wconf 77' lang='grc' dir='ltr'>καὶ</span> <span class='ocrx_word' id='word_1_29' title='bbox 1344 620 1656 692; x_wconf 74' lang='grc' dir='ltr'>Φαρισαίων</span> <span class='ocrx_word' id='word_1_30' title='bbox 1694 621 1852 689; x_wconf 86' lang='grc' dir='ltr'>λόγος</span> <span class='ocrx_word' id='word_1_31' title='bbox 1873 659 1887 682; x_wconf 92' lang='grc'><strong>,</strong></span> <span class='ocrx_word' id='word_1_32' title='bbox 1918 614 2007 673; x_wconf 73' lang='grc' dir='ltr'>οἶα</span> 
     </span>
    </p>
   </div>
   <div class='ocr_carea' id='block_1_6' title="bbox 437 706 2010 784">
    <p class='ocr_par' dir='ltr' id='par_1_6' title="bbox 437 706 2010 784">
     <span class='ocr_line' id='line_1_6' title="bbox 437 706 2010 784; baseline 0.002 -23"><span class='ocrx_word' id='word_1_33' title='bbox 437 709 498 778; x_wconf 89' lang='grc' dir='ltr'>δὴ</span> <span class='ocrx_word' id='word_1_34' title='bbox 528 710 621 762; x_wconf 81' lang='grc' dir='ltr'>καὶ</span> <span class='ocrx_word' id='word_1_35' title='bbox 649 709 915 780; x_wconf 82' lang='grc' dir='ltr'><strong>καπήλοις</strong></span> <span class='ocrx_word' id='word_1_36' title='bbox 936 711 1318 784; x_wconf 87' lang='grc' dir='ltr'>προσεοικότες</span> <span class='ocrx_word' id='word_1_37' title='bbox 1343 710 1495 765; x_wconf 80' lang='grc' dir='ltr'>ὕδατι</span> <span class='ocrx_word' id='word_1_38' title='bbox 1511 710 1603 766; x_wconf 74' lang='grc' dir='ltr'>τὸν</span> <span class='ocrx_word' id='word_1_39' title='bbox 1623 706 1765 764; x_wconf 75' lang='grc' dir='ltr'>οἶνον</span> <span class='ocrx_word' id='word_1_40' title='bbox 1796 710 2010 781; x_wconf 78' lang='grc' dir='ltr'><strong>μίσγειν</strong></span> 
     </span>
    </p>
   </div>
   <div class='ocr_carea' id='block_1_7' title="bbox 434 800 2011 875">
    <p class='ocr_par' dir='ltr' id='par_1_7' title="bbox 434 800 2011 875">
     <span class='ocr_line' id='line_1_7' title="bbox 434 800 2011 875; baseline 0.003 -23"><span class='ocrx_word' id='word_1_41' title='bbox 434 800 657 869; x_wconf 73' lang='grc' dir='ltr'>ἤθελον·</span> <span class='ocrx_word' id='word_1_42' title='bbox 706 802 852 855; x_wconf 82' lang='grc' dir='ltr'>τοῦτ’</span> <span class='ocrx_word' id='word_1_43' title='bbox 896 803 1034 867; x_wconf 75' lang='grc' dir='ltr'>ἔστι,</span> <span class='ocrx_word' id='word_1_44' title='bbox 1080 803 1495 875; x_wconf 85' lang='grc' dir='ltr'>νενοθευμένην,</span> <span class='ocrx_word' id='word_1_45' title='bbox 1532 805 1626 858; x_wconf 73' lang='grc' dir='ltr'>καὶ</span> <span class='ocrx_word' id='word_1_46' title='bbox 1653 805 1754 857; x_wconf 75' lang='grc' dir='ltr'>οὐκ</span> <span class='ocrx_word' id='word_1_47' title='bbox 1792 805 2011 875; x_wconf 85' lang='grc' dir='ltr'>ἀκαπή-</span> 
     </span>
    </p>
   </div>
   <div class='ocr_carea' id='block_1_8' title="bbox 435 889 2013 967">
    <p class='ocr_par' dir='ltr' id='par_1_8' title="bbox 435 889 2013 967">
     <span class='ocr_line' id='line_1_8' title="bbox 435 889 2013 967; baseline 0.005 -26"><span class='ocrx_word' id='word_1_48' title='bbox 435 889 624 945; x_wconf 88' lang='grc' dir='ltr'>λευτον</span> <span class='ocrx_word' id='word_1_49' title='bbox 673 891 956 946; x_wconf 69' lang='grc' dir='ltr'>ἐποιοῦντο</span> <span class='ocrx_word' id='word_1_50' title='bbox 1000 894 1096 948; x_wconf 88' lang='grc' dir='ltr'><strong>τοῦ</strong></span> <span class='ocrx_word' id='word_1_51' title='bbox 1141 894 1310 965; x_wconf 90' lang='grc' dir='ltr'>νόμου</span> <span class='ocrx_word' id='word_1_52' title='bbox 1342 894 1441 967; x_wconf 76' lang='grc' dir='ltr'>τὴν</span> <span class='ocrx_word' id='word_1_53' title='bbox 1485 894 1749 967; x_wconf 75' lang='grc' dir='ltr'><strong>ἐξήγησιν</strong></span> <span class='ocrx_word' id='word_1_54' title='bbox 1772 912 1786 926; x_wconf 84' lang='grc'><em>’</em></span> <span class='ocrx_word' id='word_1_55' title='bbox 1838 912 2013 966; x_wconf 82' lang='grc' dir='ltr'>παρα-</span> 
     </span>
    </p>
   </div>
   <div class='ocr_carea' id='block_1_9' title="bbox 436 979 2012 1059">
    <p class='ocr_par' dir='ltr' id='par_1_9' title="bbox 436 979 2012 1059">
     <span class='ocr_line' id='line_1_9' title="bbox 436 979 2012 1059; baseline 0.005 -27"><span class='ocrx_word' id='word_1_56' title='bbox 436 979 728 1044; x_wconf 86' lang='grc' dir='ltr'>πλέκοντές</span> <span class='ocrx_word' id='word_1_57' title='bbox 773 1001 827 1035; x_wconf 89' lang='grc' dir='ltr'><strong>τι</strong></span> <span class='ocrx_word' id='word_1_58' title='bbox 851 984 947 1037; x_wconf 77' lang='grc' dir='ltr'>καὶ</span> <span class='ocrx_word' id='word_1_59' title='bbox 983 984 1133 1038; x_wconf 85' lang='grc' dir='ltr'>ίδίων</span> <span class='ocrx_word' id='word_1_60' title='bbox 1180 986 1364 1050; x_wconf 80' lang='grc' dir='ltr'>αὐτοῖς</span> <span class='ocrx_word' id='word_1_61' title='bbox 1391 985 1738 1059; x_wconf 79' lang='grc' dir='ltr'>θελημάτων,</span> <span class='ocrx_word' id='word_1_62' title='bbox 1786 987 1879 1040; x_wconf 72' lang='grc' dir='ltr'>καὶ</span> <span class='ocrx_word' id='word_1_63' title='bbox 1907 987 2012 1057; x_wconf 71' lang='grc' dir='ltr'>ψυ-</span> 
     </span>
    </p>
   </div>
   <div class='ocr_carea' id='block_1_10' title="bbox 396 1069 2013 1150">
    <p class='ocr_par' dir='ltr' id='par_1_10' title="bbox 396 1069 2013 1150">
     <span class='ocr_line' id='line_1_10' title="bbox 396 1069 2013 1150; baseline 0.006 -28"><span class='ocrx_word' id='word_1_64' title='bbox 396 1094 403 1095; x_wconf 50' lang='grc' dir='ltr'>ί</span> <span class='ocrx_word' id='word_1_65' title='bbox 437 1069 586 1140; x_wconf 88' lang='grc' dir='ltr'>χρῶν</span> <span class='ocrx_word' id='word_1_66' title='bbox 610 1073 706 1128; x_wconf 73' lang='grc' dir='ltr'>καὶ</span> <span class='ocrx_word' id='word_1_67' title='bbox 734 1072 1109 1146; x_wconf 86' lang='grc' dir='ltr'>ὑδαρεστέρων</span> <span class='ocrx_word' id='word_1_68' title='bbox 1150 1075 1368 1130; x_wconf 77' lang='grc' dir='ltr'>ἐννοιῶν</span> <span class='ocrx_word' id='word_1_69' title='bbox 1411 1078 1889 1150; x_wconf 84' lang='grc' dir='ltr'>παρεισκρίνοντες</span> <span class='ocrx_word' id='word_1_70' title='bbox 1913 1079 2013 1132; x_wconf 83' lang='grc' dir='ltr'>οὐκ</span> 
     </span>
    </p>
   </div>
   <div class='ocr_carea' id='block_1_11' title="bbox 438 1163 2012 1238">
    <p class='ocr_par' dir='ltr' id='par_1_11' title="bbox 438 1163 2012 1238">
     <span class='ocr_line' id='line_1_11' title="bbox 438 1163 2012 1238; baseline 0.004 -23"><span class='ocrx_word' id='word_1_71' title='bbox 438 1163 629 1231; x_wconf 80' lang='grc' dir='ltr'><strong>ἀμιγεῖ</strong></span> <span class='ocrx_word' id='word_1_72' title='bbox 654 1163 750 1217; x_wconf 91' lang='grc' dir='ltr'><strong>τοῦ</strong></span> <span class='ocrx_word' id='word_1_73' title='bbox 784 1165 1025 1236; x_wconf 83' lang='grc' dir='ltr'>χείρονος</span> <span class='ocrx_word' id='word_1_74' title='bbox 1044 1204 1060 1231; x_wconf 91' lang='grc'><strong>,</strong></span> <span class='ocrx_word' id='word_1_75' title='bbox 1091 1167 1211 1220; x_wconf 76' lang='grc' dir='ltr'>οὐδὲ</span> <span class='ocrx_word' id='word_1_76' title='bbox 1241 1168 1318 1231; x_wconf 84' lang='grc' dir='ltr'>ὡς</span> <span class='ocrx_word' id='word_1_77' title='bbox 1348 1167 1414 1221; x_wconf 80' lang='grc' dir='ltr'>ἂν</span> <span class='ocrx_word' id='word_1_78' title='bbox 1462 1169 1602 1222; x_wconf 77' lang='grc' dir='ltr'>εἴποι</span> <span class='ocrx_word' id='word_1_79' title='bbox 1649 1186 1733 1233; x_wconf 90' lang='grc' dir='ltr'><strong>τις</strong></span> <span class='ocrx_word' id='word_1_80' title='bbox 1775 1170 2012 1238; x_wconf 77' lang='grc' dir='ltr'>ἄκρατον</span> 
     </span>
    </p>
   </div>
   <div class='ocr_carea' id='block_1_12' title="bbox 439 1255 2008 1329">
    <p class='ocr_par' dir='ltr' id='par_1_12' title="bbox 439 1255 2008 1329">
     <span class='ocr_line' id='line_1_12' title="bbox 439 1255 2008 1329; baseline 0.003 -23"><span class='ocrx_word' id='word_1_81' title='bbox 439 1255 723 1310; x_wconf 74' lang='grc' dir='ltr'>ἐποιοῦντο</span> <span class='ocrx_word' id='word_1_82' title='bbox 766 1258 868 1327; x_wconf 86' lang='grc' dir='ltr'>τῆς</span> <span class='ocrx_word' id='word_1_83' title='bbox 911 1256 1007 1311; x_wconf 86' lang='grc' dir='ltr'><strong>τοῦ</strong></span> <span class='ocrx_word' id='word_1_84' title='bbox 1038 1258 1330 1327; x_wconf 79' lang='grc' dir='ltr'>νομοθέτου</span> <span class='ocrx_word' id='word_1_85' title='bbox 1367 1257 1558 1328; x_wconf 80' lang='grc' dir='ltr'>βουλῆς</span> <span class='ocrx_word' id='word_1_86' title='bbox 1599 1259 1695 1329; x_wconf 80' lang='grc' dir='ltr'>τὴν</span> <span class='ocrx_word' id='word_1_87' title='bbox 1734 1258 2008 1313; x_wconf 88' lang='grc' dir='ltr'>ἀπόδοσιν.</span> 
     </span>
    </p>
   </div>
   <div class='ocr_carea' id='block_1_13' title="bbox 438 1345 2012 1419">
    <p class='ocr_par' dir='ltr' id='par_1_13' title="bbox 438 1345 2012 1419">
     <span class='ocr_line' id='line_1_13' title="bbox 438 1345 2012 1419; baseline 0.004 -22"><span class='ocrx_word' id='word_1_88' title='bbox 438 1345 551 1398; x_wconf 77' lang='grc' dir='ltr'><strong>Καὶ</strong></span> <span class='ocrx_word' id='word_1_89' title='bbox 607 1346 738 1414; x_wconf 80' lang='grc' dir='ltr'>γοῦν</span> <span class='ocrx_word' id='word_1_90' title='bbox 768 1348 1070 1419; x_wconf 78' lang='grc' dir='ltr'>προσίεσαν</span> <span class='ocrx_word' id='word_1_91' title='bbox 1106 1348 1203 1418; x_wconf 81' lang='grc' dir='ltr'>μὲν</span> <span class='ocrx_word' id='word_1_92' title='bbox 1231 1350 1280 1401; x_wconf 88' lang='grc' dir='ltr'>οἱ</span> <span class='ocrx_word' id='word_1_93' title='bbox 1307 1348 1657 1419; x_wconf 84' lang='grc' dir='ltr'>Γραμματεῖς</span> <span class='ocrx_word' id='word_1_94' title='bbox 1698 1350 1792 1403; x_wconf 61' lang='grc' dir='ltr'><strong>καῖ⁵</strong></span> <span class='ocrx_word' id='word_1_95' title='bbox 1819 1353 1866 1403; x_wconf 78' lang='lat' dir='ltr'><strong>oi</strong></span> <span class='ocrx_word' id='word_1_96' title='bbox 1905 1351 2012 1403; x_wconf 81' lang='grc' dir='ltr'>Φα-</span> 
     </span>
    </p>
   </div>
   <div class='ocr_carea' id='block_1_14' title="bbox 445 1435 2012 1511">
    <p class='ocr_par' dir='ltr' id='par_1_14' title="bbox 445 1435 2012 1511">
     <span class='ocr_line' id='line_1_14' title="bbox 445 1435 2012 1511; baseline 0.005 -25"><span class='ocrx_word' id='word_1_97' title='bbox 445 1437 643 1502; x_wconf 85' lang='grc' dir='ltr'>ρισαῖοι</span> <span class='ocrx_word' id='word_1_98' title='bbox 685 1435 763 1506; x_wconf 80' lang='grc' dir='ltr'>τῷ</span> <span class='ocrx_word' id='word_1_99' title='bbox 792 1437 1014 1507; x_wconf 76' lang='grc' dir='ltr'>Σωτῆρι</span> <span class='ocrx_word' id='word_1_100' title='bbox 1060 1437 1307 1506; x_wconf 82' lang='grc' dir='ltr'>λέγοντές</span> <span class='ocrx_word' id='word_1_101' title='bbox 1338 1456 1467 1492; x_wconf 88' lang='grc' dir='ltr'>ποτε</span> <span class='ocrx_word' id='word_1_102' title='bbox 1492 1458 1508 1472; x_wconf 85' lang='grc'><strong>·</strong></span> <span class='ocrx_word' id='word_1_103' title='bbox 1548 1458 1568 1492; x_wconf 78' lang='lat' dir='ltr'><strong>t</strong></span> <span class='ocrx_word' id='word_1_104' title='bbox 1608 1440 1706 1494; x_wconf 88' lang='grc' dir='ltr'>Διά</span> <span class='ocrx_word' id='word_1_105' title='bbox 1732 1441 1785 1495; x_wconf 87' lang='grc' dir='ltr'><strong>τί</strong></span> <span class='ocrx_word' id='word_1_106' title='bbox 1821 1443 1869 1494; x_wconf 78' lang='lat' dir='ltr'><strong>ot</strong></span> <span class='ocrx_word' id='word_1_107' title='bbox 1907 1458 2012 1511; x_wconf 85' lang='grc' dir='ltr'>μα-</span> 
     </span>
    </p>
   </div>
   <div class='ocr_carea' id='block_1_15' title="bbox 446 1524 2013 1603">
    <p class='ocr_par' dir='ltr' id='par_1_15' title="bbox 446 1524 2013 1603">
     <span class='ocr_line' id='line_1_15' title="bbox 446 1524 2013 1603; baseline 0.004 -25"><span class='ocrx_word' id='word_1_108' title='bbox 446 1524 607 1595; x_wconf 82' lang='grc' dir='ltr'>θηταί</span> <span class='ocrx_word' id='word_1_109' title='bbox 645 1544 738 1580; x_wconf 86' lang='grc' dir='ltr'><strong>σου</strong></span> <span class='ocrx_word' id='word_1_110' title='bbox 768 1528 1161 1599; x_wconf 82' lang='grc' dir='ltr'>παραϐαίνουσι</span> <span class='ocrx_word' id='word_1_111' title='bbox 1189 1532 1286 1600; x_wconf 80' lang='grc' dir='ltr'>τὴν</span> <span class='ocrx_word' id='word_1_112' title='bbox 1306 1531 1603 1603; x_wconf 78' lang='grc' dir='ltr'>παράδοσιν</span> <span class='ocrx_word' id='word_1_113' title='bbox 1632 1532 1742 1585; x_wconf 90' lang='grc' dir='ltr'><strong>τῶν</strong></span> <span class='ocrx_word' id='word_1_114' title='bbox 1770 1531 2013 1603; x_wconf 74' lang='grc' dir='ltr'>πρεσϐυ-</span> 
     </span>
    </p>
   </div>
   <div class='ocr_carea' id='block_1_16' title="bbox 449 1617 2013 1698">
    <p class='ocr_par' dir='ltr' id='par_1_16' title="bbox 449 1617 2013 1698">
     <span class='ocr_line' id='line_1_16' title="bbox 449 1617 2013 1698; baseline 0.004 -28"><span class='ocrx_word' id='word_1_115' title='bbox 449 1617 657 1688; x_wconf 83' lang='grc' dir='ltr'>τέρων;</span> <span class='ocrx_word' id='word_1_116' title='bbox 693 1619 752 1672; x_wconf 82' lang='grc' dir='ltr'>οὐ</span> <span class='ocrx_word' id='word_1_117' title='bbox 788 1619 897 1692; x_wconf 69' lang='grc' dir='ltr'><strong>γὰρ</strong></span> <span class='ocrx_word' id='word_1_118' title='bbox 940 1621 1212 1676; x_wconf 78' lang='grc' dir='ltr'>νίπτονται</span> <span class='ocrx_word' id='word_1_119' title='bbox 1262 1624 1364 1688; x_wconf 82' lang='grc' dir='ltr'>τὰς</span> <span class='ocrx_word' id='word_1_120' title='bbox 1406 1627 1597 1698; x_wconf 86' lang='grc' dir='ltr'>χεῖρας</span> <span class='ocrx_word' id='word_1_121' title='bbox 1645 1625 1845 1691; x_wconf 78' lang='grc' dir='ltr'>αὐτῶν,</span> <span class='ocrx_word' id='word_1_122' title='bbox 1885 1626 2013 1679; x_wconf 80' lang='grc' dir='ltr'>ὅταν</span> 
     </span>
    </p>
   </div>
   <div class='ocr_carea' id='block_1_17' title="bbox 448 1707 2015 1786">
    <p class='ocr_par' dir='ltr' id='par_1_17' title="bbox 448 1707 2015 1786">
     <span class='ocr_line' id='line_1_17' title="bbox 448 1707 2015 1786; baseline 0.007 -26"><span class='ocrx_word' id='word_1_123' title='bbox 448 1707 541 1761; x_wconf 83' lang='grc' dir='ltr'>τὸν</span> <span class='ocrx_word' id='word_1_124' title='bbox 569 1707 730 1775; x_wconf 80' lang='grc' dir='ltr'>ἄρτον</span> <span class='ocrx_word' id='word_1_125' title='bbox 759 1710 1044 1765; x_wconf 83' lang='grc' dir='ltr'>ἐσθίουσιν.</span> <span class='ocrx_word' id='word_1_126' title='bbox 1085 1712 1144 1766; x_wconf 90' lang='grc' dir='ltr'>Ὁ</span> <span class='ocrx_word' id='word_1_127' title='bbox 1185 1713 1243 1766; x_wconf 82' lang='grc' dir='ltr'>δὲ</span> <span class='ocrx_word' id='word_1_128' title='bbox 1273 1715 1411 1786; x_wconf 80' lang='grc' dir='ltr'>πρὸς</span> <span class='ocrx_word' id='word_1_129' title='bbox 1448 1716 1648 1780; x_wconf 85' lang='grc' dir='ltr'>αὐτούς</span> <span class='ocrx_word' id='word_1_130' title='bbox 1675 1734 1688 1747; x_wconf 91' lang='grc'><strong>·</strong></span> <span class='ocrx_word' id='word_1_131' title='bbox 1716 1716 1814 1771; x_wconf 86' lang='grc' dir='ltr'>Διά</span> <span class='ocrx_word' id='word_1_132' title='bbox 1840 1717 1893 1770; x_wconf 90' lang='grc' dir='ltr'><strong>τί</strong></span> <span class='ocrx_word' id='word_1_133' title='bbox 1920 1719 2015 1771; x_wconf 67' lang='grc' dir='ltr'>καὶ</span> 
     </span>
    </p>
   </div>
   <div class='ocr_carea' id='block_1_18' title="bbox 2113 608 3705 682">
    <p class='ocr_par' dir='ltr' id='par_1_18' title="bbox 2113 608 3705 682">
     <span class='ocr_line' id='line_1_18' title="bbox 2113 608 3705 682; baseline -0.004 -14"><span class='ocrx_word' id='word_1_134' title='bbox 2113 612 2445 682; x_wconf 83' lang='lat' dir='ltr'><strong>cauponibus</strong></span> <span class='ocrx_word' id='word_1_135' title='bbox 2481 611 2767 678; x_wconf 88' lang='lat' dir='ltr'><strong>assimiles,</strong></span> <span class='ocrx_word' id='word_1_136' title='bbox 2824 624 2963 681; x_wconf 81' lang='lat' dir='ltr'><strong>aqua</strong></span> <span class='ocrx_word' id='word_1_137' title='bbox 3003 611 3187 666; x_wconf 89' lang='lat' dir='ltr'><strong>vinum</strong></span> <span class='ocrx_word' id='word_1_138' title='bbox 3232 608 3705 680; x_wconf 49' lang='lat' dir='ltr'><strong>permiscuerunt,</strong></span> 
     </span>
    </p>
   </div>
   <div class='ocr_carea' id='block_1_19' title="bbox 2113 700 3752 775">
    <p class='ocr_par' dir='ltr' id='par_1_19' title="bbox 2113 700 3752 775">
     <span class='ocr_line' id='line_1_19' title="bbox 2113 700 3752 775; baseline 0 -16"><span class='ocrx_word' id='word_1_139' title='bbox 2113 706 2165 759; x_wconf 92' lang='lat' dir='ltr'><strong>id</strong></span> <span class='ocrx_word' id='word_1_140' title='bbox 2193 714 2301 771; x_wconf 90' lang='lat' dir='ltr'><strong>est,</strong></span> <span class='ocrx_word' id='word_1_141' title='bbox 2332 704 2468 775; x_wconf 90' lang='lat' dir='ltr'><strong>legis</strong></span> <span class='ocrx_word' id='word_1_142' title='bbox 2512 704 3021 773; x_wconf 73' lang='lat' dir='ltr'><strong>interpretationem</strong></span> <span class='ocrx_word' id='word_1_143' title='bbox 3065 703 3303 773; x_wconf 87' lang='lat' dir='ltr'><strong>spuriam</strong></span> <span class='ocrx_word' id='word_1_144' title='bbox 3339 709 3395 757; x_wconf 92' lang='lat' dir='ltr'><strong>et</strong></span> <span class='ocrx_word' id='word_1_145' title='bbox 3435 700 3691 757; x_wconf 83' lang='lat' dir='ltr'><strong>adulteri-</strong></span> <span class='ocrx_word' id='word_1_146' title='bbox 3741 747 3752 759; x_wconf 93' lang='lat'><em>.</em></span> 
     </span>
    </p>
   </div>
   <div class='ocr_carea' id='block_1_20' title="bbox 2114 793 3685 863">
    <p class='ocr_par' dir='ltr' id='par_1_20' title="bbox 2114 793 3685 863">
     <span class='ocr_line' id='line_1_20' title="bbox 2114 793 3685 863; baseline -0.002 -13"><span class='ocrx_word' id='word_1_147' title='bbox 2114 810 2239 850; x_wconf 88' lang='lat' dir='ltr'><strong>nam</strong></span> <span class='ocrx_word' id='word_1_148' title='bbox 2266 795 2585 851; x_wconf 83' lang='lat' dir='ltr'><strong>aﬂinxerunt</strong></span> <span class='ocrx_word' id='word_1_149' title='bbox 2615 812 2631 850; x_wconf 85' lang='lat'><strong>:</strong></span> <span class='ocrx_word' id='word_1_150' title='bbox 2674 802 2728 849; x_wconf 90' lang='lat' dir='ltr'><strong>et</strong></span> <span class='ocrx_word' id='word_1_151' title='bbox 2747 795 3049 851; x_wconf 87' lang='lat' dir='ltr'><strong>intexentes</strong></span> <span class='ocrx_word' id='word_1_152' title='bbox 3079 808 3174 849; x_wconf 87' lang='lat' dir='ltr'><strong>sua</strong></span> <span class='ocrx_word' id='word_1_153' title='bbox 3201 793 3443 863; x_wconf 64' lang='lat' dir='ltr'><strong>quaedam</strong></span> <span class='ocrx_word' id='word_1_154' title='bbox 3471 793 3685 863; x_wconf 83' lang='lat' dir='ltr'><strong>placita,</strong></span> 
     </span>
    </p>
   </div>
   <div class='ocr_carea' id='block_1_21' title="bbox 2115 887 3686 960">
    <p class='ocr_par' dir='ltr' id='par_1_21' title="bbox 2115 887 3686 960">
     <span class='ocr_line' id='line_1_21' title="bbox 2115 887 3686 960; baseline -0.003 -16"><span class='ocrx_word' id='word_1_155' title='bbox 2115 901 2180 944; x_wconf 87' lang='lat' dir='ltr'><strong>ac</strong></span> <span class='ocrx_word' id='word_1_156' title='bbox 2238 887 2463 960; x_wconf 81' lang='lat' dir='ltr'><strong>frigidos</strong></span> <span class='ocrx_word' id='word_1_157' title='bbox 2504 887 2808 957; x_wconf 89' lang='lat' dir='ltr'><strong>dilutosque</strong></span> <span class='ocrx_word' id='word_1_158' title='bbox 2867 900 3058 943; x_wconf 83' lang='lat' dir='ltr'><strong>sensus</strong></span> <span class='ocrx_word' id='word_1_159' title='bbox 3104 887 3527 955; x_wconf 84' lang='lat' dir='ltr'><strong>interponentes,</strong></span> <span class='ocrx_word' id='word_1_160' title='bbox 3578 898 3686 941; x_wconf 91' lang='lat' dir='ltr'><strong>non</strong></span> 
     </span>
    </p>
   </div>
   <div class='ocr_carea' id='block_1_22' title="bbox 2114 975 3688 1047">
    <p class='ocr_par' dir='ltr' id='par_1_22' title="bbox 2114 975 3688 1047">
     <span class='ocr_line' id='line_1_22' title="bbox 2114 975 3688 1047; baseline -0.001 -15"><span class='ocrx_word' id='word_1_161' title='bbox 2114 991 2343 1044; x_wconf 81' lang='lat' dir='ltr'><strong>meram,</strong></span> <span class='ocrx_word' id='word_1_162' title='bbox 2381 987 2439 1032; x_wconf 92' lang='lat' dir='ltr'><strong>ut</strong></span> <span class='ocrx_word' id='word_1_163' title='bbox 2478 978 2549 1033; x_wconf 85' lang='lat' dir='ltr'><strong>ita</strong></span> <span class='ocrx_word' id='word_1_164' title='bbox 2599 978 2851 1044; x_wconf 78' lang='lat' dir='ltr'><strong>dixerim,</strong></span> <span class='ocrx_word' id='word_1_165' title='bbox 2895 977 3194 1046; x_wconf 84' lang='lat' dir='ltr'><strong>simplicem</strong></span> <span class='ocrx_word' id='word_1_166' title='bbox 3244 991 3306 1032; x_wconf 86' lang='lat' dir='ltr'><strong>ac</strong></span> <span class='ocrx_word' id='word_1_167' title='bbox 3335 988 3567 1047; x_wconf 80' lang='lat' dir='ltr'><strong>puram,‘</strong></span> <span class='ocrx_word' id='word_1_168' title='bbox 3594 975 3688 1031; x_wconf 84' lang='lat' dir='ltr'><strong>sed</strong></span> 
     </span>
    </p>
   </div>
   <div class='ocr_carea' id='block_1_23' title="bbox 2114 1067 3695 1139">
    <p class='ocr_par' dir='ltr' id='par_1_23' title="bbox 2114 1067 3695 1139">
     <span class='ocr_line' id='line_1_23' title="bbox 2114 1067 3695 1139; baseline -0.004 -13"><span class='ocrx_word' id='word_1_169' title='bbox 2114 1084 2234 1126; x_wconf 87' lang='lat' dir='ltr'><strong>cum</strong></span> <span class='ocrx_word' id='word_1_170' title='bbox 2258 1069 2530 1125; x_wconf 86' lang='lat' dir='ltr'><strong>deteriore</strong></span> <span class='ocrx_word' id='word_1_171' title='bbox 2560 1069 2773 1123; x_wconf 86' lang='lat' dir='ltr'><strong>mistam</strong></span> <span class='ocrx_word' id='word_1_172' title='bbox 2799 1069 3123 1139; x_wconf 88' lang='lat' dir='ltr'><strong>legislatoris</strong></span> <span class='ocrx_word' id='word_1_173' title='bbox 3142 1069 3432 1124; x_wconf 80' lang='lat' dir='ltr'><strong>voluntatis</strong></span> <span class='ocrx_word' id='word_1_174' title='bbox 3449 1067 3695 1139; x_wconf 73' lang='lat' dir='ltr'><strong>explica-</strong></span> 
     </span>
    </p>
   </div>
   <div class='ocr_carea' id='block_1_24' title="bbox 2113 1157 3688 1214">
    <p class='ocr_par' dir='ltr' id='par_1_24' title="bbox 2113 1157 3688 1214">
     <span class='ocr_line' id='line_1_24' title="bbox 2113 1157 3688 1214; baseline 0 -2"><span class='ocrx_word' id='word_1_175' title='bbox 2113 1160 2314 1214; x_wconf 85' lang='lat' dir='ltr'><strong>tionem</strong></span> <span class='ocrx_word' id='word_1_176' title='bbox 2339 1157 2711 1214; x_wconf 89' lang='lat' dir='ltr'><strong>reddiderunt.</strong></span> <span class='ocrx_word' id='word_1_177' title='bbox 2746 1157 3009 1212; x_wconf 86' lang='lat' dir='ltr'><strong>Adierunt</strong></span> <span class='ocrx_word' id='word_1_178' title='bbox 3034 1158 3289 1213; x_wconf 83' lang='lat' dir='ltr'><strong>nimirum</strong></span> <span class='ocrx_word' id='word_1_179' title='bbox 3342 1158 3688 1214; x_wconf 83' lang='lat' dir='ltr'><strong>Servatorem</strong></span> 
     </span>
    </p>
   </div>
   <div class='ocr_carea' id='block_1_25' title="bbox 2115 1247 3689 1319">
    <p class='ocr_par' dir='ltr' id='par_1_25' title="bbox 2115 1247 3689 1319">
     <span class='ocr_line' id='line_1_25' title="bbox 2115 1247 3689 1319; baseline -0.003 -14"><span class='ocrx_word' id='word_1_180' title='bbox 2115 1249 2319 1305; x_wconf 61' lang='lat' dir='ltr'><strong>Scribat</strong></span> <span class='ocrx_word' id='word_1_181' title='bbox 2375 1263 2438 1305; x_wconf 86' lang='lat' dir='ltr'><strong>ac</strong></span> <span class='ocrx_word' id='word_1_182' title='bbox 2520 1247 2780 1304; x_wconf 77' lang='lat' dir='ltr'><strong>Pharistei</strong></span> <span class='ocrx_word' id='word_1_183' title='bbox 2854 1248 3145 1319; x_wconf 80' lang='lat' dir='ltr'><strong>aliquando</strong></span> <span class='ocrx_word' id='word_1_184' title='bbox 3179 1289 3194 1315; x_wconf 96' lang='lat'><strong>,</strong></span> <span class='ocrx_word' id='word_1_185' title='bbox 3252 1263 3317 1304; x_wconf 90' lang='lat' dir='ltr'><strong>ac</strong></span> <span class='ocrx_word' id='word_1_186' title='bbox 3375 1250 3689 1304; x_wconf 80' lang='lat' dir='ltr'><strong>dixerunt:</strong></span> 
     </span>
    </p>
   </div>
   <div class='ocr_carea' id='block_1_26' title="bbox 2119 1339 3688 1410">
    <p class='ocr_par' dir='ltr' id='par_1_26' title="bbox 2119 1339 3688 1410">
     <span class='ocr_line' id='line_1_26' title="bbox 2119 1339 3688 1410; baseline -0.001 -17"><span class='ocrx_word' id='word_1_187' title='bbox 2119 1359 2138 1393; x_wconf 73' lang='grc' dir='ltr'><strong>ι</strong></span> <span class='ocrx_word' id='word_1_188' title='bbox 2180 1342 2360 1408; x_wconf 86' lang='lat' dir='ltr'><strong>Quare</strong></span> <span class='ocrx_word' id='word_1_189' title='bbox 2399 1339 2650 1410; x_wconf 85' lang='lat' dir='ltr'><strong>discipuli</strong></span> <span class='ocrx_word' id='word_1_190' title='bbox 2695 1339 2767 1393; x_wconf 92' lang='lat' dir='ltr'><strong>ttti</strong></span> <span class='ocrx_word' id='word_1_191' title='bbox 2823 1339 3295 1407; x_wconf 81' lang='lat' dir='ltr'><strong>transgrediuntur</strong></span> <span class='ocrx_word' id='word_1_192' title='bbox 3345 1339 3688 1393; x_wconf 84' lang='lat' dir='ltr'><strong>traditionem</strong></span> 
     </span>
    </p>
   </div>
   <div class='ocr_carea' id='block_1_27' title="bbox 2115 1429 3703 1498">
    <p class='ocr_par' dir='ltr' id='par_1_27' title="bbox 2115 1429 3703 1498">
     <span class='ocr_line' id='line_1_27' title="bbox 2115 1429 3703 1498; baseline -0.003 -10"><span class='ocrx_word' id='word_1_193' title='bbox 2115 1432 2425 1489; x_wconf 78' lang='lat' dir='ltr'><strong>seniorum?</strong></span> <span class='ocrx_word' id='word_1_194' title='bbox 2452 1430 2566 1485; x_wconf 85' lang='lat' dir='ltr'><strong>Non</strong></span> <span class='ocrx_word' id='word_1_195' title='bbox 2591 1430 2733 1486; x_wconf 88' lang='lat' dir='ltr'><strong>enim</strong></span> <span class='ocrx_word' id='word_1_196' title='bbox 2764 1429 2947 1484; x_wconf 83' lang='lat' dir='ltr'><strong>lavant</strong></span> <span class='ocrx_word' id='word_1_197' title='bbox 2973 1444 3163 1484; x_wconf 90' lang='lat' dir='ltr'><strong>manus</strong></span> <span class='ocrx_word' id='word_1_198' title='bbox 3185 1443 3337 1494; x_wconf 86' lang='lat' dir='ltr'><strong>snas,</strong></span> <span class='ocrx_word' id='word_1_199' title='bbox 3360 1443 3479 1483; x_wconf 89' lang='lat' dir='ltr'><strong>cum</strong></span> <span class='ocrx_word' id='word_1_200' title='bbox 3499 1444 3703 1498; x_wconf 79' lang='lat' dir='ltr'><strong>panem</strong></span> 
     </span>
    </p>
   </div>
   <div class='ocr_carea' id='block_1_28' title="bbox 2114 1520 3688 1590">
    <p class='ocr_par' dir='ltr' id='par_1_28' title="bbox 2114 1520 3688 1590">
     <span class='ocr_line' id='line_1_28' title="bbox 2114 1520 3688 1590; baseline -0.003 -11"><span class='ocrx_word' id='word_1_201' title='bbox 2114 1524 2313 1580; x_wconf 88' lang='lat' dir='ltr'><strong>edunt?</strong></span> <span class='ocrx_word' id='word_1_202' title='bbox 2345 1541 2364 1574; x_wconf 75' lang='grc' dir='ltr'><strong>ι</strong></span> <span class='ocrx_word' id='word_1_203' title='bbox 2394 1522 2599 1590; x_wconf 82' lang='lat' dir='ltr'><strong>Quibus</strong></span> <span class='ocrx_word' id='word_1_204' title='bbox 2623 1520 2711 1575; x_wconf 92' lang='lat' dir='ltr'><strong>ille</strong></span> <span class='ocrx_word' id='word_1_205' title='bbox 2741 1538 2754 1575; x_wconf 92' lang='lat'><strong>:</strong></span> <span class='ocrx_word' id='word_1_206' title='bbox 2787 1539 2806 1572; x_wconf 77' lang='grc' dir='ltr'><strong>ι</strong></span> <span class='ocrx_word' id='word_1_207' title='bbox 2845 1520 3024 1588; x_wconf 83' lang='lat' dir='ltr'><strong>Quare</strong></span> <span class='ocrx_word' id='word_1_208' title='bbox 3048 1529 3103 1574; x_wconf 89' lang='lat' dir='ltr'><strong>et</strong></span> <span class='ocrx_word' id='word_1_209' title='bbox 3134 1534 3253 1584; x_wconf 90' lang='lat' dir='ltr'><strong>vos,</strong></span> <span class='ocrx_word' id='word_1_210' title='bbox 3286 1520 3478 1589; x_wconf 88' lang='lat' dir='ltr'><strong>inquit,</strong></span> <span class='ocrx_word' id='word_1_211' title='bbox 3515 1529 3688 1576; x_wconf 83' lang='lat' dir='ltr'><strong>trans-</strong></span> 
     </span>
    </p>
   </div>
   <div class='ocr_carea' id='block_1_29' title="bbox 2116 1611 3692 1685">
    <p class='ocr_par' dir='ltr' id='par_1_29' title="bbox 2116 1611 3692 1685">
     <span class='ocr_line' id='line_1_29' title="bbox 2116 1611 3692 1685; baseline -0.001 -17"><span class='ocrx_word' id='word_1_212' title='bbox 2116 1614 2398 1685; x_wconf 86' lang='lat' dir='ltr'><strong>gredimini</strong></span> <span class='ocrx_word' id='word_1_213' title='bbox 2433 1620 2758 1683; x_wconf 67' lang='lat' dir='ltr'><strong>praeceptum</strong></span> <span class='ocrx_word' id='word_1_214' title='bbox 2794 1612 2885 1667; x_wconf 88' lang='lat' dir='ltr'><strong>Dei</strong></span> <span class='ocrx_word' id='word_1_215' title='bbox 2929 1619 3149 1681; x_wconf 87' lang='lat' dir='ltr'><strong>propter</strong></span> <span class='ocrx_word' id='word_1_216' title='bbox 3200 1611 3543 1666; x_wconf 83' lang='lat' dir='ltr'><strong>traditionem</strong></span> <span class='ocrx_word' id='word_1_217' title='bbox 3595 1625 3692 1666; x_wconf 81' lang='lat' dir='ltr'><strong>ve-</strong></span> 
     </span>
    </p>
   </div>
   <div class='ocr_carea' id='block_1_30' title="bbox 2119 1699 3693 1771">
    <p class='ocr_par' dir='ltr' id='par_1_30' title="bbox 2119 1699 3693 1771">
     <span class='ocr_line' id='line_1_30' title="bbox 2119 1699 3693 1771; baseline 0.001 -15"><span class='ocrx_word' id='word_1_218' title='bbox 2119 1704 2325 1756; x_wconf 84' lang='lat' dir='ltr'><strong>stram?</strong></span> <span class='ocrx_word' id='word_1_219' title='bbox 2351 1701 2484 1757; x_wconf 87' lang='lat' dir='ltr'><strong>Nam</strong></span> <span class='ocrx_word' id='word_1_220' title='bbox 2536 1701 2680 1757; x_wconf 89' lang='lat' dir='ltr'><strong>Dens</strong></span> <span class='ocrx_word' id='word_1_221' title='bbox 2740 1700 2876 1758; x_wconf 86' lang='lat' dir='ltr'><strong>dixit</strong></span> <span class='ocrx_word' id='word_1_222' title='bbox 2913 1722 2925 1757; x_wconf 89' lang='lat'>:</span> <span class='ocrx_word' id='word_1_223' title='bbox 2959 1699 3176 1756; x_wconf 83' lang='lat' dir='ltr'><strong>Honora</strong></span> <span class='ocrx_word' id='word_1_224' title='bbox 3226 1710 3433 1771; x_wconf 86' lang='lat' dir='ltr'><strong>patrem</strong></span> <span class='ocrx_word' id='word_1_225' title='bbox 3484 1710 3539 1757; x_wconf 91' lang='lat' dir='ltr'><strong>et</strong></span> <span class='ocrx_word' id='word_1_226' title='bbox 3568 1716 3693 1757; x_wconf 69' lang='lat' dir='ltr'><strong>ans-</strong></span> 
     </span>
    </p>
   </div>
   <div class='ocr_carea' id='block_1_31' title="bbox 452 1794 2003 1880">
    <p class='ocr_par' dir='ltr' id='par_1_31' title="bbox 452 1800 2003 1880">
     <span class='ocr_line' id='line_1_31' title="bbox 452 1800 2003 1880; baseline 0.006 -28"><span class='ocrx_word' id='word_1_227' title='bbox 452 1800 607 1869; x_wconf 83' lang='grc' dir='ltr'>ὑμεῖς</span> <span class='ocrx_word' id='word_1_228' title='bbox 652 1801 1007 1871; x_wconf 80' lang='grc' dir='ltr'>παραϐαίνετε</span> <span class='ocrx_word' id='word_1_229' title='bbox 1045 1802 1144 1874; x_wconf 82' lang='grc' dir='ltr'>τὴν</span> <span class='ocrx_word' id='word_1_230' title='bbox 1188 1806 1410 1879; x_wconf 78' lang='grc' dir='ltr'>ἐντολὴν</span> <span class='ocrx_word' id='word_1_231' title='bbox 1444 1806 1539 1861; x_wconf 82' lang='grc' dir='ltr'><strong>τοῦ</strong></span> <span class='ocrx_word' id='word_1_232' title='bbox 1582 1807 1754 1872; x_wconf 86' lang='grc' dir='ltr'>Θεοῦ,</span> <span class='ocrx_word' id='word_1_233' title='bbox 1789 1808 1875 1862; x_wconf 79' lang='grc' dir='ltr'>διὰ</span> <span class='ocrx_word' id='word_1_234' title='bbox 1917 1808 2003 1880; x_wconf 62' lang='grc' dir='ltr'>τὴκ.</span> 
     </span>
    </p>
   </div>
   <div class='ocr_carea' id='block_1_32' title="bbox 2106 1794 3702 1880">
    <p class='ocr_par' dir='ltr' id='par_1_32' title="bbox 2120 1794 3702 1869">
     <span class='ocr_line' id='line_1_32' title="bbox 2120 1794 3702 1869; baseline -0.001 -18"><span class='ocrx_word' id='word_1_235' title='bbox 2120 1807 2289 1863; x_wconf 87' lang='lat' dir='ltr'><strong>trem;</strong></span> <span class='ocrx_word' id='word_1_236' title='bbox 2322 1798 2431 1869; x_wconf 74' lang='lat'><strong>26</strong></span> <span class='ocrx_word' id='word_1_237' title='bbox 2458 1806 2512 1853; x_wconf 90' lang='lat' dir='ltr'><strong>et</strong></span> <span class='ocrx_word' id='word_1_238' title='bbox 2536 1814 2550 1852; x_wconf 93' lang='lat'><strong>:</strong></span> <span class='ocrx_word' id='word_1_239' title='bbox 2574 1795 2676 1863; x_wconf 87' lang='lat' dir='ltr'><strong>Qui</strong></span> <span class='ocrx_word' id='word_1_240' title='bbox 2712 1794 2984 1851; x_wconf 79' lang='lat' dir='ltr'><strong>maledicit</strong></span> <span class='ocrx_word' id='word_1_241' title='bbox 3013 1797 3150 1864; x_wconf 90' lang='lat' dir='ltr'><strong>patri</strong></span> <span class='ocrx_word' id='word_1_242' title='bbox 3182 1804 3276 1850; x_wconf 90' lang='lat' dir='ltr'><strong>aut</strong></span> <span class='ocrx_word' id='word_1_243' title='bbox 3306 1795 3488 1862; x_wconf 84' lang='lat' dir='ltr'><strong>matri,</strong></span> <span class='ocrx_word' id='word_1_244' title='bbox 3516 1805 3702 1851; x_wconf 78' lang='lat' dir='ltr'><strong>morte</strong></span> 
     </span>
    </p>
   </div>
   <div class='ocr_carea' id='block_1_33' title="bbox 449 1866 2003 1973">
    <p class='ocr_par' dir='ltr' id='par_1_33' title="bbox 449 1866 2003 1973">
     <span class='ocr_line' id='line_1_33' title="bbox 449 1866 2003 1973; baseline 0.008 -30"><span class='ocrx_word' id='word_1_245' title='bbox 449 1866 738 1963; x_wconf 75' lang='grc' dir='ltr'>παράδοσιν</span> <span class='ocrx_word' id='word_1_246' title='bbox 756 1894 943 1965; x_wconf 84' lang='grc' dir='ltr'>ὑμῶν;</span> <span class='ocrx_word' id='word_1_247' title='bbox 968 1897 1026 1949; x_wconf 89' lang='lat'><strong>&#39;0</strong></span> <span class='ocrx_word' id='word_1_248' title='bbox 1046 1866 1155 1970; x_wconf 80' lang='grc' dir='ltr'><strong>γάρ</strong></span> <span class='ocrx_word' id='word_1_249' title='bbox 1175 1898 1308 1963; x_wconf 83' lang='grc' dir='ltr'>Θεὸς</span> <span class='ocrx_word' id='word_1_250' title='bbox 1326 1866 1498 1962; x_wconf 74' lang='grc' dir='ltr'>είπεν,</span> <span class='ocrx_word' id='word_1_251' title='bbox 1521 1901 1667 1972; x_wconf 87' lang='grc' dir='ltr'>Τίμα</span> <span class='ocrx_word' id='word_1_252' title='bbox 1687 1866 1778 1956; x_wconf 72' lang='grc' dir='ltr'><strong>τδν</strong></span> <span class='ocrx_word' id='word_1_253' title='bbox 1799 1866 2003 1973; x_wconf 59' lang='grc' dir='ltr'>πατέρο</span> 
     </span>
    </p>
   </div>
   <div class='ocr_carea' id='block_1_34' title="bbox 2106 1866 3693 1973">
    <p class='ocr_par' dir='ltr' id='par_1_34' title="bbox 2118 1866 3693 1957">
     <span class='ocr_line' id='line_1_34' title="bbox 2118 1866 3693 1957; baseline -0.002 -14"><span class='ocrx_word' id='word_1_254' title='bbox 2118 1866 2417 1944; x_wconf 53' lang='lat' dir='ltr'><strong>moriatur:</strong></span> <span class='ocrx_word' id='word_1_255' title='bbox 2439 1887 2510 1942; x_wconf 84' lang='lat' dir='ltr'><strong>At</strong></span> <span class='ocrx_word' id='word_1_256' title='bbox 2541 1901 2634 1943; x_wconf 90' lang='lat' dir='ltr'><strong>vos</strong></span> <span class='ocrx_word' id='word_1_257' title='bbox 2663 1887 2845 1942; x_wconf 87' lang='lat' dir='ltr'><strong>dicitis</strong></span> <span class='ocrx_word' id='word_1_258' title='bbox 2877 1902 2891 1939; x_wconf 92' lang='lat'>:</span> <span class='ocrx_word' id='word_1_259' title='bbox 2928 1885 2987 1941; x_wconf 89' lang='lat' dir='ltr'><strong>Si</strong></span> <span class='ocrx_word' id='word_1_260' title='bbox 3017 1887 3138 1955; x_wconf 87' lang='lat' dir='ltr'><strong>quis</strong></span> <span class='ocrx_word' id='word_1_261' title='bbox 3182 1886 3382 1941; x_wconf 77' lang='lat' dir='ltr'><strong>dixerit</strong></span> <span class='ocrx_word' id='word_1_262' title='bbox 3422 1887 3562 1957; x_wconf 86' lang='lat' dir='ltr'><strong>patri</strong></span> <span class='ocrx_word' id='word_1_263' title='bbox 3604 1888 3693 1943; x_wconf 83' lang='lat' dir='ltr'><strong>vel</strong></span> 
     </span>
    </p>
   </div>
   <div class='ocr_carea' id='block_1_35' title="bbox 444 1979 2015 2063">
    <p class='ocr_par' dir='ltr' id='par_1_35' title="bbox 444 1979 2015 2063">
     <span class='ocr_line' id='line_1_35' title="bbox 444 1979 2015 2063; baseline 0.011 -32"><span class='ocrx_word' id='word_1_264' title='bbox 444 1979 536 2032; x_wconf 82' lang='grc' dir='ltr'>καὶ</span> <span class='ocrx_word' id='word_1_265' title='bbox 567 1980 667 2051; x_wconf 78' lang='grc' dir='ltr'>τὴν</span> <span class='ocrx_word' id='word_1_266' title='bbox 701 1983 935 2054; x_wconf 86' lang='grc' dir='ltr'>μητέρα,</span> <span class='ocrx_word' id='word_1_267' title='bbox 983 1986 1097 2052; x_wconf 77' lang='grc' dir='ltr'>καὶ,</span> <span class='ocrx_word' id='word_1_268' title='bbox 1147 1989 1177 2040; x_wconf 91' lang='grc' dir='ltr'><strong>ό</strong></span> <span class='ocrx_word' id='word_1_269' title='bbox 1224 1988 1539 2058; x_wconf 80' lang='grc' dir='ltr'>κακολογῶν</span> <span class='ocrx_word' id='word_1_270' title='bbox 1575 1990 1788 2062; x_wconf 79' lang='grc' dir='ltr'>πατέρα</span> <span class='ocrx_word' id='word_1_271' title='bbox 1826 1991 1859 2062; x_wconf 74' lang='grc' dir='ltr'><strong>ἢ</strong></span> <span class='ocrx_word' id='word_1_272' title='bbox 1913 2009 2015 2063; x_wconf 88' lang='grc' dir='ltr'>μη-</span> 
     </span>
    </p>
   </div>
   <div class='ocr_carea' id='block_1_36' title="bbox 438 2071 2015 2150">
    <p class='ocr_par' dir='ltr' id='par_1_36' title="bbox 438 2071 2015 2150">
     <span class='ocr_line' id='line_1_36' title="bbox 438 2071 2015 2150; baseline 0.008 -27"><span class='ocrx_word' id='word_1_273' title='bbox 438 2071 589 2142; x_wconf 85' lang='grc' dir='ltr'>τέρα,</span> <span class='ocrx_word' id='word_1_274' title='bbox 626 2071 840 2145; x_wconf 85' lang='grc' dir='ltr'>θανάτῳ</span> <span class='ocrx_word' id='word_1_275' title='bbox 894 2074 1236 2131; x_wconf 74' lang='grc' dir='ltr'>τελευτάτω·</span> <span class='ocrx_word' id='word_1_276' title='bbox 1267 2077 1425 2150; x_wconf 78' lang='grc' dir='ltr'>ὑμεῖς</span> <span class='ocrx_word' id='word_1_277' title='bbox 1469 2079 1527 2133; x_wconf 84' lang='grc' dir='ltr'>δὲ</span> <span class='ocrx_word' id='word_1_278' title='bbox 1568 2078 1778 2149; x_wconf 86' lang='grc' dir='ltr'>λέγετε,</span> <span class='ocrx_word' id='word_1_279' title='bbox 1812 2082 1909 2146; x_wconf 88' lang='grc' dir='ltr'>Ὃς</span> <span class='ocrx_word' id='word_1_280' title='bbox 1948 2080 2015 2135; x_wconf 83' lang='grc' dir='ltr'>ἂν</span> 
     </span>
    </p>
   </div>
   <div class='ocr_carea' id='block_1_37' title="bbox 438 2162 2016 2242">
    <p class='ocr_par' dir='ltr' id='par_1_37' title="bbox 438 2162 2016 2242">
     <span class='ocr_line' id='line_1_37' title="bbox 438 2162 2016 2242; baseline 0.008 -29"><span class='ocrx_word' id='word_1_281' title='bbox 438 2162 565 2235; x_wconf 78' lang='grc' dir='ltr'>εἴπῃ</span> <span class='ocrx_word' id='word_1_282' title='bbox 588 2162 665 2234; x_wconf 84' lang='grc' dir='ltr'><strong>τῷ</strong></span> <span class='ocrx_word' id='word_1_283' title='bbox 686 2164 881 2237; x_wconf 85' lang='grc' dir='ltr'>πατέρι</span> <span class='ocrx_word' id='word_1_284' title='bbox 908 2166 941 2237; x_wconf 75' lang='grc' dir='ltr'>ἢ</span> <span class='ocrx_word' id='word_1_285' title='bbox 972 2167 1188 2239; x_wconf 82' lang='grc' dir='ltr'>μητέρι,</span> <span class='ocrx_word' id='word_1_286' title='bbox 1203 2169 1448 2240; x_wconf 84' lang='grc' dir='ltr'>Δῶρον,ὃ</span> <span class='ocrx_word' id='word_1_287' title='bbox 1471 2171 1537 2225; x_wconf 82' lang='grc' dir='ltr'>ἂν</span> <span class='ocrx_word' id='word_1_288' title='bbox 1559 2170 1619 2237; x_wconf 80' lang='grc' dir='ltr'>ἐξ</span> <span class='ocrx_word' id='word_1_289' title='bbox 1645 2170 1780 2238; x_wconf 78' lang='grc' dir='ltr'>ἐμοῦ</span> <span class='ocrx_word' id='word_1_290' title='bbox 1804 2171 2016 2242; x_wconf 80' lang='grc' dir='ltr'>ὠφελη-</span> 
     </span>
    </p>
   </div>
   <div class='ocr_carea' id='block_1_38' title="bbox 438 2250 2011 2337">
    <p class='ocr_par' dir='ltr' id='par_1_38' title="bbox 438 2250 2011 2337">
     <span class='ocr_line' id='line_1_38' title="bbox 438 2250 2011 2337; baseline 0.009 -32"><span class='ocrx_word' id='word_1_291' title='bbox 438 2251 556 2323; x_wconf 79' lang='grc' dir='ltr'>θῇς,</span> <span class='ocrx_word' id='word_1_292' title='bbox 579 2254 638 2308; x_wconf 84' lang='grc' dir='ltr'>οὐ</span> <span class='ocrx_word' id='word_1_293' title='bbox 668 2255 741 2327; x_wconf 80' lang='grc' dir='ltr'>μὴ</span> <span class='ocrx_word' id='word_1_294' title='bbox 773 2257 993 2329; x_wconf 85' lang='grc' dir='ltr'>τιμήσει</span> <span class='ocrx_word' id='word_1_295' title='bbox 1021 2258 1113 2313; x_wconf 83' lang='grc' dir='ltr'>τὸν</span> <span class='ocrx_word' id='word_1_296' title='bbox 1138 2261 1347 2333; x_wconf 80' lang='grc' dir='ltr'>πατέρα</span> <span class='ocrx_word' id='word_1_297' title='bbox 1378 2250 1543 2316; x_wconf 78' lang='grc' dir='ltr'>αὑτοῦ</span> <span class='ocrx_word' id='word_1_298' title='bbox 1569 2262 1602 2334; x_wconf 78' lang='grc' dir='ltr'><strong>ἦ</strong></span> <span class='ocrx_word' id='word_1_299' title='bbox 1638 2263 1736 2336; x_wconf 83' lang='grc' dir='ltr'>τὴν</span> <span class='ocrx_word' id='word_1_300' title='bbox 1764 2264 1977 2337; x_wconf 86' lang='grc' dir='ltr'>μητέρα.</span> <span class='ocrx_word' id='word_1_301' title='bbox 1996 2271 2011 2285; x_wconf 84' lang='grc'><strong><em>⁸</em></strong></span> 
     </span>
    </p>
   </div>
   <div class='ocr_carea' id='block_1_39' title="bbox 436 2343 2011 2427">
    <p class='ocr_par' dir='ltr' id='par_1_39' title="bbox 436 2343 2011 2427">
     <span class='ocr_line' id='line_1_39' title="bbox 436 2343 2011 2427; baseline 0.01 -32"><span class='ocrx_word' id='word_1_302' title='bbox 436 2343 531 2396; x_wconf 76' lang='grc' dir='ltr'>καὶ</span> <span class='ocrx_word' id='word_1_303' title='bbox 555 2345 877 2415; x_wconf 71' lang='grc' dir='ltr'>ὴκυρὼσατε</span> <span class='ocrx_word' id='word_1_304' title='bbox 907 2347 1007 2419; x_wconf 86' lang='grc' dir='ltr'><strong>τὴν</strong></span> <span class='ocrx_word' id='word_1_305' title='bbox 1039 2349 1258 2423; x_wconf 75' lang='grc' dir='ltr'>ἐντολὴν</span> <span class='ocrx_word' id='word_1_306' title='bbox 1283 2351 1378 2406; x_wconf 90' lang='grc' dir='ltr'><strong>τοῦ</strong></span> <span class='ocrx_word' id='word_1_307' title='bbox 1417 2352 1551 2407; x_wconf 85' lang='grc' dir='ltr'>Θεοῦ</span> <span class='ocrx_word' id='word_1_308' title='bbox 1593 2354 1683 2408; x_wconf 89' lang='grc' dir='ltr'><strong>διά</strong></span> <span class='ocrx_word' id='word_1_309' title='bbox 1710 2356 1811 2426; x_wconf 81' lang='grc' dir='ltr'>τὴν</span> <span class='ocrx_word' id='word_1_310' title='bbox 1837 2356 2011 2427; x_wconf 79' lang='grc' dir='ltr'>παρά-</span> 
     </span>
    </p>
   </div>
   <div class='ocr_carea' id='block_1_40' title="bbox 435 2432 2011 2522">
    <p class='ocr_par' dir='ltr' id='par_1_40' title="bbox 435 2432 2011 2522">
     <span class='ocr_line' id='line_1_40' title="bbox 435 2432 2011 2522; baseline 0.012 -38"><span class='ocrx_word' id='word_1_311' title='bbox 435 2432 593 2488; x_wconf 81' lang='grc' dir='ltr'>ὃασιν</span> <span class='ocrx_word' id='word_1_312' title='bbox 643 2435 817 2506; x_wconf 83' lang='grc' dir='ltr'>ὑμῶν.</span> <span class='ocrx_word' id='word_1_313' title='bbox 851 2458 870 2491; x_wconf 75' lang='grc' dir='ltr'><strong>ι</strong></span> <span class='ocrx_word' id='word_1_314' title='bbox 936 2438 1105 2513; x_wconf 82' lang='grc' dir='ltr'>Ὁρᾷς</span> <span class='ocrx_word' id='word_1_315' title='bbox 1162 2442 1221 2495; x_wconf 81' lang='grc' dir='ltr'><strong>έν</strong></span> <span class='ocrx_word' id='word_1_316' title='bbox 1283 2443 1499 2508; x_wconf 76' lang='grc' dir='ltr'>τούτοις</span> <span class='ocrx_word' id='word_1_317' title='bbox 1556 2448 1654 2517; x_wconf 80' lang='grc' dir='ltr'>τῆς</span> <span class='ocrx_word' id='word_1_318' title='bbox 1718 2446 2011 2522; x_wconf 76' lang='grc' dir='ltr'>Ἰουδαϊκῆς</span> 
     </span>
    </p>
   </div>
   <div class='ocr_carea' id='block_1_41' title="bbox 436 2527 2012 2609">
    <p class='ocr_par' dir='ltr' id='par_1_41' title="bbox 436 2527 2012 2609">
     <span class='ocr_line' id='line_1_41' title="bbox 436 2527 2012 2609; baseline 0.011 -32"><span class='ocrx_word' id='word_1_319' title='bbox 436 2527 740 2596; x_wconf 82' lang='grc' dir='ltr'>καπηλείας</span> <span class='ocrx_word' id='word_1_320' title='bbox 774 2528 922 2599; x_wconf 82' lang='grc' dir='ltr'>σοιφῆ</span> <span class='ocrx_word' id='word_1_321' title='bbox 971 2531 1042 2585; x_wconf 81' lang='grc' dir='ltr'>τὰ</span> <span class='ocrx_word' id='word_1_322' title='bbox 1087 2532 1446 2604; x_wconf 79' lang='grc' dir='ltr'>ἐγκλήματα;</span> <span class='ocrx_word' id='word_1_323' title='bbox 1496 2538 1617 2600; x_wconf 88' lang='grc' dir='ltr'>ταῖς</span> <span class='ocrx_word' id='word_1_324' title='bbox 1647 2538 1755 2609; x_wconf 83' lang='grc' dir='ltr'><strong>γὰρ</strong></span> <span class='ocrx_word' id='word_1_325' title='bbox 1786 2541 2012 2605; x_wconf 83' lang='grc' dir='ltr'>οἰκείαις</span> 
     </span>
    </p>
   </div>
   <div class='ocr_carea' id='block_1_42' title="bbox 436 2615 2010 2698">
    <p class='ocr_par' dir='ltr' id='par_1_42' title="bbox 436 2615 2010 2698">
     <span class='ocr_line' id='line_1_42' title="bbox 436 2615 2010 2698; baseline 0.011 -30"><span class='ocrx_word' id='word_1_326' title='bbox 436 2615 797 2685; x_wconf 78' lang='grc' dir='ltr'>παραδόσεσιν</span> <span class='ocrx_word' id='word_1_327' title='bbox 827 2618 1060 2673; x_wconf 71' lang='grc' dir='ltr'>ἔπεσθαι</span> <span class='ocrx_word' id='word_1_328' title='bbox 1107 2621 1218 2675; x_wconf 87' lang='grc' dir='ltr'>δεῖν</span> <span class='ocrx_word' id='word_1_329' title='bbox 1263 2622 1555 2691; x_wconf 77' lang='grc' dir='ltr'>ἐθέλοντες,</span> <span class='ocrx_word' id='word_1_330' title='bbox 1594 2626 1831 2698; x_wconf 84' lang='grc' dir='ltr'>ἀκύρους</span> <span class='ocrx_word' id='word_1_331' title='bbox 1873 2630 2010 2684; x_wconf 85' lang='grc' dir='ltr'>ἀπέ-</span> 
     </span>
    </p>
   </div>
   <div class='ocr_carea' id='block_1_43' title="bbox 438 2708 2010 2794">
    <p class='ocr_par' dir='ltr' id='par_1_43' title="bbox 438 2708 2010 2794">
     <span class='ocr_line' id='line_1_43' title="bbox 438 2708 2010 2794; baseline 0.012 -36"><span class='ocrx_word' id='word_1_332' title='bbox 438 2724 629 2775; x_wconf 80' lang='grc' dir='ltr'>φαινον</span> <span class='ocrx_word' id='word_1_333' title='bbox 653 2709 777 2772; x_wconf 78' lang='grc' dir='ltr'>τοὺς</span> <span class='ocrx_word' id='word_1_334' title='bbox 808 2708 903 2762; x_wconf 88' lang='grc' dir='ltr'><strong>τοῦ</strong></span> <span class='ocrx_word' id='word_1_335' title='bbox 951 2710 1090 2764; x_wconf 82' lang='grc' dir='ltr'>Θεοῦ</span> <span class='ocrx_word' id='word_1_336' title='bbox 1121 2712 1340 2784; x_wconf 88' lang='grc' dir='ltr'>νόμους.</span> <span class='ocrx_word' id='word_1_337' title='bbox 1386 2717 1875 2790; x_wconf 81' lang='grc' dir='ltr'>’Υποπλαττόμενοι</span> <span class='ocrx_word' id='word_1_338' title='bbox 1908 2723 2010 2794; x_wconf 76' lang='grc' dir='ltr'>μὲν</span> 
     </span>
    </p>
   </div>
   <div class='ocr_carea' id='block_1_44' title="bbox 437 2795 2009 2882">
    <p class='ocr_par' dir='ltr' id='par_1_44' title="bbox 437 2795 2009 2882">
     <span class='ocr_line' id='line_1_44' title="bbox 437 2795 2009 2882; baseline 0.013 -35"><span class='ocrx_word' id='word_1_339' title='bbox 437 2795 757 2867; x_wconf 77' lang='grc' dir='ltr'>ἐξηγεῖσθαι</span> <span class='ocrx_word' id='word_1_340' title='bbox 787 2797 881 2851; x_wconf 74' lang='grc' dir='ltr'><strong>καὶ</strong></span> <span class='ocrx_word' id='word_1_341' title='bbox 907 2799 1138 2867; x_wconf 80' lang='grc' dir='ltr'>αὐτοὺς,</span> <span class='ocrx_word' id='word_1_342' title='bbox 1186 2807 1626 2879; x_wconf 83' lang='grc' dir='ltr'>συνεισφέροντες</span> <span class='ocrx_word' id='word_1_343' title='bbox 1661 2810 1720 2863; x_wconf 84' lang='grc' dir='ltr'>δὲ</span> <span class='ocrx_word' id='word_1_344' title='bbox 1771 2812 2009 2882; x_wconf 79' lang='grc' dir='ltr'>παραδό-</span> 
     </span>
    </p>
   </div>
   <div class='ocr_carea' id='block_1_45' title="bbox 440 2888 2004 2976">
    <p class='ocr_par' dir='ltr' id='par_1_45' title="bbox 440 2888 2004 2976">
     <span class='ocr_line' id='line_1_45' title="bbox 440 2888 2004 2976; baseline 0.014 -37"><span class='ocrx_word' id='word_1_345' title='bbox 440 2905 553 2951; x_wconf 87' lang='grc' dir='ltr'>σεις</span> <span class='ocrx_word' id='word_1_346' title='bbox 584 2888 783 2952; x_wconf 80' lang='grc' dir='ltr'>ἑώλους</span> <span class='ocrx_word' id='word_1_347' title='bbox 806 2890 898 2943; x_wconf 78' lang='grc' dir='ltr'><strong>καὶ</strong></span> <span class='ocrx_word' id='word_1_348' title='bbox 930 2890 1157 2964; x_wconf 77' lang='grc' dir='ltr'>ψυχρὰς.</span> <span class='ocrx_word' id='word_1_349' title='bbox 1197 2896 1447 2952; x_wconf 62' lang='lat' dir='ltr'><strong>unam</strong></span> <span class='ocrx_word' id='word_1_350' title='bbox 1474 2900 1531 2953; x_wconf 85' lang='grc' dir='ltr'>δὲ</span> <span class='ocrx_word' id='word_1_351' title='bbox 1566 2902 1693 2966; x_wconf 78' lang='grc' dir='ltr'>τοὺς</span> <span class='ocrx_word' id='word_1_352' title='bbox 1716 2902 2004 2976; x_wconf 76' lang='grc' dir='ltr'>ἄρχοντας,</span> 
     </span>
    </p>
   </div>
   <div class='ocr_carea' id='block_1_46' title="bbox 438 2979 2005 3070">
    <p class='ocr_par' dir='ltr' id='par_1_46' title="bbox 438 2979 2005 3070">
     <span class='ocr_line' id='line_1_46' title="bbox 438 2979 2005 3070; baseline 0.013 -39"><span class='ocrx_word' id='word_1_353' title='bbox 438 2979 515 3042; x_wconf 79' lang='grc' dir='ltr'>ὡς</span> <span class='ocrx_word' id='word_1_354' title='bbox 552 2980 682 3033; x_wconf 81' lang='grc' dir='ltr'>πολὺ</span> <span class='ocrx_word' id='word_1_355' title='bbox 730 2981 1015 3048; x_wconf 83' lang='grc' dir='ltr'>νοσοῦντας</span> <span class='ocrx_word' id='word_1_356' title='bbox 1062 2985 1122 3038; x_wconf 87' lang='grc' dir='ltr'>τὸ</span> <span class='ocrx_word' id='word_1_357' title='bbox 1168 2986 1399 3059; x_wconf 81' lang='grc' dir='ltr'>ὲξήνιον,</span> <span class='ocrx_word' id='word_1_358' title='bbox 1449 2992 1546 3045; x_wconf 81' lang='grc' dir='ltr'>καὶ</span> <span class='ocrx_word' id='word_1_359' title='bbox 1579 2993 1785 3067; x_wconf 86' lang='grc' dir='ltr'>γαῦρον</span> <span class='ocrx_word' id='word_1_360' title='bbox 1815 2995 2005 3070; x_wconf 85' lang='grc' dir='ltr'>ὥσπερ</span> 
     </span>
    </p>
   </div>
   <div class='ocr_carea' id='block_1_47' title="bbox 439 3069 1998 3157">
    <p class='ocr_par' dir='ltr' id='par_1_47' title="bbox 439 3069 1998 3157">
     <span class='ocr_line' id='line_1_47' title="bbox 439 3069 1998 3157; baseline 0.013 -37"><span class='ocrx_word' id='word_1_361' title='bbox 439 3069 805 3134; x_wconf 87' lang='grc' dir='ltr'>ἀνατείνοντας</span> <span class='ocrx_word' id='word_1_362' title='bbox 844 3070 937 3126; x_wconf 88' lang='grc' dir='ltr'>τὸν</span> <span class='ocrx_word' id='word_1_363' title='bbox 965 3072 1188 3143; x_wconf 82' lang='grc' dir='ltr'>αὐχένα,</span> <span class='ocrx_word' id='word_1_364' title='bbox 1229 3078 1324 3131; x_wconf 72' lang='grc' dir='ltr'>καὶ</span> <span class='ocrx_word' id='word_1_365' title='bbox 1372 3079 1621 3137; x_wconf 78' lang='grc' dir='ltr'>ἀπειθεῖν</span> <span class='ocrx_word' id='word_1_366' title='bbox 1672 3069 1998 3157; x_wconf 75' lang='grc' dir='ltr'>ᾑρημένους.</span> 
     </span>
    </p>
   </div>
   <div class='ocr_carea' id='block_1_48' title="bbox 2114 1979 3686 2052">
    <p class='ocr_par' dir='ltr' id='par_1_48' title="bbox 2114 1979 3686 2052">
     <span class='ocr_line' id='line_1_48' title="bbox 2114 1979 3686 2052; baseline 0 -17"><span class='ocrx_word' id='word_1_367' title='bbox 2114 1979 2527 2047; x_wconf 83' lang='lat' dir='ltr'><strong>matri,Munus,</strong></span> <span class='ocrx_word' id='word_1_368' title='bbox 2552 1983 2914 2050; x_wconf 77' lang='lat' dir='ltr'><strong>quodcunque</strong></span> <span class='ocrx_word' id='word_1_369' title='bbox 2947 1987 3033 2034; x_wconf 89' lang='lat' dir='ltr'><strong>est</strong></span> <span class='ocrx_word' id='word_1_370' title='bbox 3059 1993 3125 2033; x_wconf 86' lang='lat' dir='ltr'><strong>ex</strong></span> <span class='ocrx_word' id='word_1_371' title='bbox 3159 1994 3268 2045; x_wconf 92' lang='lat' dir='ltr'><strong>me,</strong></span> <span class='ocrx_word' id='word_1_372' title='bbox 3299 1980 3395 2036; x_wconf 89' lang='lat' dir='ltr'><strong>tibi</strong></span> <span class='ocrx_word' id='word_1_373' title='bbox 3422 1979 3686 2052; x_wconf 90' lang='lat' dir='ltr'><strong>proderit,</strong></span> 
     </span>
    </p>
   </div>
   <div class='ocr_carea' id='block_1_49' title="bbox 2114 2068 3686 2140">
    <p class='ocr_par' dir='ltr' id='par_1_49' title="bbox 2114 2068 3686 2140">
     <span class='ocr_line' id='line_1_49' title="bbox 2114 2068 3686 2140; baseline -0.001 -14"><span class='ocrx_word' id='word_1_374' title='bbox 2114 2087 2219 2127; x_wconf 93' lang='lat' dir='ltr'><strong>non</strong></span> <span class='ocrx_word' id='word_1_375' title='bbox 2252 2070 2631 2127; x_wconf 75' lang='lat' dir='ltr'><strong>honorificabit</strong></span> <span class='ocrx_word' id='word_1_376' title='bbox 2656 2078 2862 2140; x_wconf 87' lang='lat' dir='ltr'><strong>patrem</strong></span> <span class='ocrx_word' id='word_1_377' title='bbox 2896 2082 3053 2124; x_wconf 88' lang='lat' dir='ltr'><strong>suum</strong></span> <span class='ocrx_word' id='word_1_378' title='bbox 3090 2068 3174 2124; x_wconf 87' lang='lat' dir='ltr'><strong>vel</strong></span> <span class='ocrx_word' id='word_1_379' title='bbox 3198 2078 3453 2126; x_wconf 81' lang='lat' dir='ltr'><strong>&#39;matrent</strong></span> <span class='ocrx_word' id='word_1_380' title='bbox 3500 2085 3686 2139; x_wconf 85' lang='lat' dir='ltr'><strong>suam;</strong></span> 
     </span>
    </p>
   </div>
   <div class='ocr_carea' id='block_1_50' title="bbox 2113 2161 3691 2234">
    <p class='ocr_par' dir='ltr' id='par_1_50' title="bbox 2113 2161 3691 2234">
     <span class='ocr_line' id='line_1_50' title="bbox 2113 2161 3691 2234; baseline 0.001 -17"><span class='ocrx_word' id='word_1_381' title='bbox 2113 2174 2167 2219; x_wconf 85' lang='lat' dir='ltr'><strong>et</strong></span> <span class='ocrx_word' id='word_1_382' title='bbox 2192 2162 2402 2217; x_wconf 88' lang='lat' dir='ltr'><strong>irritum</strong></span> <span class='ocrx_word' id='word_1_383' title='bbox 2436 2162 2640 2218; x_wconf 78' lang='lat' dir='ltr'><strong>fecistis</strong></span> <span class='ocrx_word' id='word_1_384' title='bbox 2681 2171 3008 2234; x_wconf 85' lang='lat' dir='ltr'><strong>praeceptum</strong></span> <span class='ocrx_word' id='word_1_385' title='bbox 3057 2161 3150 2217; x_wconf 89' lang='lat' dir='ltr'><strong>Dei</strong></span> <span class='ocrx_word' id='word_1_386' title='bbox 3183 2171 3403 2232; x_wconf 84' lang='lat' dir='ltr'><strong>propter</strong></span> <span class='ocrx_word' id='word_1_387' title='bbox 3442 2163 3691 2218; x_wconf 79' lang='lat' dir='ltr'><strong>traditio-</strong></span> 
     </span>
    </p>
   </div>
   <div class='ocr_carea' id='block_1_51' title="bbox 2114 2252 3695 2311">
    <p class='ocr_par' dir='ltr' id='par_1_51' title="bbox 2114 2252 3695 2311">
     <span class='ocr_line' id='line_1_51' title="bbox 2114 2252 3695 2311; baseline 0.003 -4"><span class='ocrx_word' id='word_1_388' title='bbox 2114 2266 2233 2307; x_wconf 92' lang='lat' dir='ltr'><strong>nem</strong></span> <span class='ocrx_word' id='word_1_389' title='bbox 2261 2262 2493 2309; x_wconf 84' lang='lat' dir='ltr'><strong>vestram</strong></span> <span class='ocrx_word' id='word_1_390' title='bbox 2521 2253 2588 2306; x_wconf 72' lang='grc' dir='ltr'><strong>⁸ο.</strong></span> <span class='ocrx_word' id='word_1_391' title='bbox 2627 2271 2647 2303; x_wconf 73' lang='grc' dir='ltr'><strong>ι</strong></span> <span class='ocrx_word' id='word_1_392' title='bbox 2677 2252 2911 2309; x_wconf 79' lang='lat' dir='ltr'><strong>Videsne</strong></span> <span class='ocrx_word' id='word_1_393' title='bbox 2940 2255 2991 2307; x_wconf 91' lang='lat' dir='ltr'><strong>in</strong></span> <span class='ocrx_word' id='word_1_394' title='bbox 3024 2254 3108 2311; x_wconf 82' lang='lat' dir='ltr'><strong>his</strong></span> <span class='ocrx_word' id='word_1_395' title='bbox 3132 2254 3307 2309; x_wconf 83' lang='lat' dir='ltr'><strong>verbis</strong></span> <span class='ocrx_word' id='word_1_396' title='bbox 3342 2254 3695 2311; x_wconf 80' lang='lat' dir='ltr'><strong>manifestum</strong></span> 
     </span>
    </p>
   </div>
   <div class='ocr_carea' id='block_1_52' title="bbox 2112 2343 3688 2416">
    <p class='ocr_par' dir='ltr' id='par_1_52' title="bbox 2112 2343 3688 2416">
     <span class='ocr_line' id='line_1_52' title="bbox 2112 2343 3688 2416; baseline 0.001 -15"><span class='ocrx_word' id='word_1_397' title='bbox 2112 2346 2317 2402; x_wconf 86' lang='lat' dir='ltr'><strong>crimen</strong></span> <span class='ocrx_word' id='word_1_398' title='bbox 2362 2343 2596 2400; x_wconf 77' lang='lat' dir='ltr'><strong>Judaica:</strong></span> <span class='ocrx_word' id='word_1_399' title='bbox 2636 2344 2895 2401; x_wconf 66' lang='lat' dir='ltr'><strong>fallaciae?</strong></span> <span class='ocrx_word' id='word_1_400' title='bbox 2937 2344 3070 2399; x_wconf 91' lang='lat' dir='ltr'><strong>Dum</strong></span> <span class='ocrx_word' id='word_1_401' title='bbox 3109 2345 3253 2400; x_wconf 86' lang='lat' dir='ltr'><strong>enim</strong></span> <span class='ocrx_word' id='word_1_402' title='bbox 3292 2359 3417 2400; x_wconf 90' lang='lat' dir='ltr'><strong>suas</strong></span> <span class='ocrx_word' id='word_1_403' title='bbox 3460 2361 3524 2401; x_wconf 84' lang='lat' dir='ltr'><strong>ac</strong></span> <span class='ocrx_word' id='word_1_404' title='bbox 3562 2360 3688 2416; x_wconf 81' lang='lat' dir='ltr'><strong>pro-</strong></span> 
     </span>
    </p>
   </div>
   <div class='ocr_carea' id='block_1_53' title="bbox 2108 2435 3687 2508">
    <p class='ocr_par' dir='ltr' id='par_1_53' title="bbox 2108 2435 3687 2508">
     <span class='ocr_line' id='line_1_53' title="bbox 2108 2435 3687 2508; baseline 0.002 -17"><span class='ocrx_word' id='word_1_405' title='bbox 2108 2438 2258 2507; x_wconf 88' lang='lat' dir='ltr'><strong>prias</strong></span> <span class='ocrx_word' id='word_1_406' title='bbox 2287 2436 2607 2492; x_wconf 82' lang='lat' dir='ltr'><strong>traditiones</strong></span> <span class='ocrx_word' id='word_1_407' title='bbox 2637 2435 2933 2492; x_wconf 88' lang='lat' dir='ltr'><strong>consectari</strong></span> <span class='ocrx_word' id='word_1_408' title='bbox 2966 2435 3170 2504; x_wconf 84' lang='lat' dir='ltr'><strong>volunt,</strong></span> <span class='ocrx_word' id='word_1_409' title='bbox 3197 2436 3380 2492; x_wconf 85' lang='lat' dir='ltr'><strong>irritas</strong></span> <span class='ocrx_word' id='word_1_410' title='bbox 3402 2435 3498 2492; x_wconf 86' lang='lat' dir='ltr'><strong>Dei</strong></span> <span class='ocrx_word' id='word_1_411' title='bbox 3532 2438 3687 2508; x_wconf 80' lang='lat' dir='ltr'><strong>leges</strong></span> 
     </span>
    </p>
   </div>
   <div class='ocr_carea' id='block_1_54' title="bbox 2115 2526 3689 2599">
    <p class='ocr_par' dir='ltr' id='par_1_54' title="bbox 2115 2526 3689 2599">
     <span class='ocr_line' id='line_1_54' title="bbox 2115 2526 3689 2599; baseline 0.002 -17"><span class='ocrx_word' id='word_1_412' title='bbox 2115 2528 2362 2583; x_wconf 79' lang='lat' dir='ltr'><strong>fecerunt</strong></span> <span class='ocrx_word' id='word_1_413' title='bbox 2395 2544 2408 2582; x_wconf 88' lang='lat'><strong>:</strong></span> <span class='ocrx_word' id='word_1_414' title='bbox 2448 2526 2713 2599; x_wconf 76' lang='lat' dir='ltr'><strong>tingentes</strong></span> <span class='ocrx_word' id='word_1_415' title='bbox 2748 2527 2960 2597; x_wconf 86' lang='lat' dir='ltr'><strong>quidem</strong></span> <span class='ocrx_word' id='word_1_416' title='bbox 2996 2541 3090 2584; x_wconf 88' lang='lat' dir='ltr'><strong>eas</strong></span> <span class='ocrx_word' id='word_1_417' title='bbox 3122 2543 3181 2585; x_wconf 87' lang='lat' dir='ltr'><strong>se</strong></span> <span class='ocrx_word' id='word_1_418' title='bbox 3222 2531 3535 2599; x_wconf 84' lang='lat' dir='ltr'><strong>exposuisse</strong></span> <span class='ocrx_word' id='word_1_419' title='bbox 3564 2548 3579 2585; x_wconf 91' lang='lat'><strong>:</strong></span> <span class='ocrx_word' id='word_1_420' title='bbox 3606 2530 3689 2585; x_wconf 83' lang='lat' dir='ltr'><strong>in-</strong></span> 
     </span>
    </p>
   </div>
   <div class='ocr_carea' id='block_1_55' title="bbox 2109 2618 3687 2692">
    <p class='ocr_par' dir='ltr' id='par_1_55' title="bbox 2109 2618 3687 2692">
     <span class='ocr_line' id='line_1_55' title="bbox 2109 2618 3687 2692; baseline 0.002 -18"><span class='ocrx_word' id='word_1_421' title='bbox 2109 2618 2349 2676; x_wconf 80' lang='lat' dir='ltr'><strong>ferentes</strong></span> <span class='ocrx_word' id='word_1_422' title='bbox 2377 2627 2554 2676; x_wconf 90' lang='lat' dir='ltr'><strong>tamen</strong></span> <span class='ocrx_word' id='word_1_423' title='bbox 2602 2619 2922 2676; x_wconf 87' lang='lat' dir='ltr'><strong>traditiones</strong></span> <span class='ocrx_word' id='word_1_424' title='bbox 2959 2620 3146 2678; x_wconf 80' lang='lat' dir='ltr'><strong>futiles</strong></span> <span class='ocrx_word' id='word_1_425' title='bbox 3179 2635 3244 2677; x_wconf 89' lang='lat' dir='ltr'><strong>ac</strong></span> <span class='ocrx_word' id='word_1_426' title='bbox 3281 2621 3521 2692; x_wconf 74' lang='lat' dir='ltr'><strong>frigidas.</strong></span> <span class='ocrx_word' id='word_1_427' title='bbox 3550 2618 3687 2677; x_wconf 87' lang='lat' dir='ltr'><strong>Insi-</strong></span> 
     </span>
    </p>
   </div>
   <div class='ocr_carea' id='block_1_56' title="bbox 2108 2700 3688 2783">
    <p class='ocr_par' dir='ltr' id='par_1_56' title="bbox 2108 2700 3688 2783">
     <span class='ocr_line' id='line_1_56' title="bbox 2108 2700 3688 2783; baseline 0.003 -18"><span class='ocrx_word' id='word_1_428' title='bbox 2108 2711 2457 2776; x_wconf 89' lang='lat' dir='ltr'><strong>mulatporro</strong></span> <span class='ocrx_word' id='word_1_429' title='bbox 2486 2710 2758 2783; x_wconf 87' lang='lat' dir='ltr'><strong>principes</strong></span> <span class='ocrx_word' id='word_1_430' title='bbox 2791 2718 2851 2766; x_wconf 92' lang='lat' dir='ltr'><strong>ut</strong></span> <span class='ocrx_word' id='word_1_431' title='bbox 2886 2713 2976 2780; x_wconf 89' lang='lat' dir='ltr'><strong>qui</strong></span> <span class='ocrx_word' id='word_1_432' title='bbox 3017 2700 3209 2768; x_wconf 71' lang='lat' dir='ltr'><strong>eﬂreni</strong></span> <span class='ocrx_word' id='word_1_433' title='bbox 3259 2713 3491 2783; x_wconf 86' lang='lat' dir='ltr'><strong>quodam</strong></span> <span class='ocrx_word' id='word_1_434' title='bbox 3544 2713 3688 2770; x_wconf 76' lang='lat' dir='ltr'><strong>fastu</strong></span> 
     </span>
    </p>
   </div>
   <div class='ocr_carea' id='block_1_57' title="bbox 2108 2801 3683 2875">
    <p class='ocr_par' dir='ltr' id='par_1_57' title="bbox 2108 2801 3683 2875">
     <span class='ocr_line' id='line_1_57' title="bbox 2108 2801 3683 2875; baseline 0.004 -20"><span class='ocrx_word' id='word_1_435' title='bbox 2108 2801 2435 2869; x_wconf 82' lang='lat' dir='ltr'><strong>laborarent,</strong></span> <span class='ocrx_word' id='word_1_436' title='bbox 2461 2811 2517 2858; x_wconf 88' lang='lat' dir='ltr'><strong>et</strong></span> <span class='ocrx_word' id='word_1_437' title='bbox 2545 2803 2755 2859; x_wconf 88' lang='lat' dir='ltr'><strong>sublata</strong></span> <span class='ocrx_word' id='word_1_438' title='bbox 2780 2804 2934 2875; x_wconf 87' lang='lat' dir='ltr'><strong>quasi</strong></span> <span class='ocrx_word' id='word_1_439' title='bbox 2979 2805 3188 2861; x_wconf 86' lang='lat' dir='ltr'><strong>cervice</strong></span> <span class='ocrx_word' id='word_1_440' title='bbox 3220 2805 3439 2861; x_wconf 85' lang='lat' dir='ltr'><strong>obedire</strong></span> <span class='ocrx_word' id='word_1_441' title='bbox 3465 2803 3683 2862; x_wconf 77' lang='lat' dir='ltr'><strong>nollent.</strong></span> 
     </span>
    </p>
   </div>
   <div class='ocr_carea' id='block_1_58' title="bbox 2106 2891 3686 2968">
    <p class='ocr_par' dir='ltr' id='par_1_58' title="bbox 2106 2891 3686 2968">
     <span class='ocr_line' id='line_1_58' title="bbox 2106 2891 3686 2968; baseline 0.002 -19"><span class='ocrx_word' id='word_1_442' title='bbox 2106 2891 2223 2949; x_wconf 77' lang='lat' dir='ltr'><strong>Non</strong></span> <span class='ocrx_word' id='word_1_443' title='bbox 2248 2894 2391 2949; x_wconf 88' lang='lat' dir='ltr'><strong>enim</strong></span> <span class='ocrx_word' id='word_1_444' title='bbox 2426 2895 2584 2952; x_wconf 86' lang='lat' dir='ltr'><strong>iidem</strong></span> <span class='ocrx_word' id='word_1_445' title='bbox 2619 2896 2817 2952; x_wconf 91' lang='lat' dir='ltr'><strong>Christi</strong></span> <span class='ocrx_word' id='word_1_446' title='bbox 2848 2896 3137 2953; x_wconf 87' lang='lat' dir='ltr'><strong>admittere</strong></span> <span class='ocrx_word' id='word_1_447' title='bbox 3161 2897 3468 2966; x_wconf 90' lang='lat' dir='ltr'><strong>voluerunt,</strong></span> <span class='ocrx_word' id='word_1_448' title='bbox 3509 2911 3686 2968; x_wconf 80' lang='lat' dir='ltr'><strong>quatt-</strong></span> 
     </span>
    </p>
   </div>
   <div class='ocr_carea' id='block_1_59' title="bbox 2109 2985 3684 3060">
    <p class='ocr_par' dir='ltr' id='par_1_59' title="bbox 2109 2985 3684 3060">
     <span class='ocr_line' id='line_1_59' title="bbox 2109 2985 3684 3060; baseline 0.003 -20"><span class='ocrx_word' id='word_1_449' title='bbox 2109 2986 2306 3042; x_wconf 90' lang='lat' dir='ltr'><strong>tumvis</strong></span> <span class='ocrx_word' id='word_1_450' title='bbox 2340 2985 2424 3041; x_wconf 89' lang='lat' dir='ltr'><strong>lex</strong></span> <span class='ocrx_word' id='word_1_451' title='bbox 2479 2986 2680 3058; x_wconf 86' lang='lat' dir='ltr'><strong>passim</strong></span> <span class='ocrx_word' id='word_1_452' title='bbox 2719 3002 2880 3057; x_wconf 90' lang='lat' dir='ltr'><strong>supra</strong></span> <span class='ocrx_word' id='word_1_453' title='bbox 2913 2996 2967 3043; x_wconf 91' lang='lat' dir='ltr'><strong>et</strong></span> <span class='ocrx_word' id='word_1_454' title='bbox 2997 2987 3160 3052; x_wconf 75' lang='lat' dir='ltr'><strong>infra,</strong></span> <span class='ocrx_word' id='word_1_455' title='bbox 3208 2987 3325 3057; x_wconf 80' lang='lat' dir='ltr'><strong>ejus</strong></span> <span class='ocrx_word' id='word_1_456' title='bbox 3369 2989 3684 3060; x_wconf 77' lang='lat' dir='ltr'><strong>mysterium</strong></span> 
     </span>
    </p>
   </div>
   <div class='ocr_carea' id='block_1_60' title="bbox 2113 3078 3685 3149">
    <p class='ocr_par' dir='ltr' id='par_1_60' title="bbox 2113 3078 3685 3149">
     <span class='ocr_line' id='line_1_60' title="bbox 2113 3078 3685 3149; baseline 0.002 -15"><span class='ocrx_word' id='word_1_457' title='bbox 2113 3078 2437 3144; x_wconf 84' lang='lat' dir='ltr'><strong>clamitaret,</strong></span> <span class='ocrx_word' id='word_1_458' title='bbox 2478 3080 2643 3149; x_wconf 86' lang='lat' dir='ltr'><strong>idque</strong></span> <span class='ocrx_word' id='word_1_459' title='bbox 2674 3079 2974 3135; x_wconf 88' lang='lat' dir='ltr'><strong>innumeris</strong></span> <span class='ocrx_word' id='word_1_460' title='bbox 3007 3080 3184 3135; x_wconf 86' lang='lat' dir='ltr'><strong>modis</strong></span> <span class='ocrx_word' id='word_1_461' title='bbox 3231 3081 3561 3137; x_wconf 83' lang='lat' dir='ltr'><strong>ostenderet.</strong></span> <span class='ocrx_word' id='word_1_462' title='bbox 3599 3080 3685 3137; x_wconf 86' lang='lat' dir='ltr'><strong>Si-</strong></span> 
     </span>
    </p>
   </div>
   <div class='ocr_carea' id='block_1_61' title="bbox 437 3161 2003 3260">
    <p class='ocr_par' dir='ltr' id='par_1_61' title="bbox 437 3161 2003 3260">
     <span class='ocr_line' id='line_1_61' title="bbox 437 3161 2003 3260; baseline 0.014 -48"><span class='ocrx_word' id='word_1_463' title='bbox 437 3161 514 3260; x_wconf 71' lang='grc' dir='ltr'>Ού</span> <span class='ocrx_word' id='word_1_464' title='bbox 534 3161 637 3260; x_wconf 79' lang='grc' dir='ltr'><strong>γὰρ</strong></span> <span class='ocrx_word' id='word_1_465' title='bbox 666 3163 856 3260; x_wconf 56' lang='grc' dir='ltr'>ᾖθελον</span> <span class='ocrx_word' id='word_1_466' title='bbox 889 3165 1216 3236; x_wconf 85' lang='grc' dir='ltr'>προσίεσθαι</span> <span class='ocrx_word' id='word_1_467' title='bbox 1268 3168 1368 3241; x_wconf 80' lang='grc' dir='ltr'>τὴν</span> <span class='ocrx_word' id='word_1_468' title='bbox 1419 3173 1603 3228; x_wconf 83' lang='grc' dir='ltr'>πίστιν</span> <span class='ocrx_word' id='word_1_469' title='bbox 1633 3175 1731 3247; x_wconf 79' lang='grc' dir='ltr'>τὴν</span> <span class='ocrx_word' id='word_1_470' title='bbox 1771 3180 1850 3243; x_wconf 88' lang='grc' dir='ltr'><strong>είς</strong></span> <span class='ocrx_word' id='word_1_471' title='bbox 1878 3181 2003 3252; x_wconf 84' lang='grc' dir='ltr'>Χρι-</span> 
     </span>
    </p>
   </div>
   <div class='ocr_carea' id='block_1_62' title="bbox 2106 3161 3681 3260">
    <p class='ocr_par' dir='ltr' id='par_1_62' title="bbox 2116 3168 3681 3239">
     <span class='ocr_line' id='line_1_62' title="bbox 2116 3168 3681 3239; baseline 0.003 -15"><span class='ocrx_word' id='word_1_472' title='bbox 2116 3170 2330 3239; x_wconf 90' lang='lat' dir='ltr'><strong>quidem</strong></span> <span class='ocrx_word' id='word_1_473' title='bbox 2359 3179 2414 3225; x_wconf 91' lang='lat' dir='ltr'><strong>et</strong></span> <span class='ocrx_word' id='word_1_474' title='bbox 2436 3169 2699 3227; x_wconf 88' lang='lat' dir='ltr'><strong>Dominus</strong></span> <span class='ocrx_word' id='word_1_475' title='bbox 2727 3179 2909 3227; x_wconf 88' lang='lat' dir='ltr'><strong>noster</strong></span> <span class='ocrx_word' id='word_1_476' title='bbox 2928 3169 3086 3227; x_wconf 72' lang='lat' dir='ltr'><strong>Iesus</strong></span> <span class='ocrx_word' id='word_1_477' title='bbox 3108 3168 3356 3227; x_wconf 88' lang='lat' dir='ltr'><strong>Christus</strong></span> <span class='ocrx_word' id='word_1_478' title='bbox 3383 3172 3490 3228; x_wconf 88' lang='lat' dir='ltr'><strong>illis</strong></span> <span class='ocrx_word' id='word_1_479' title='bbox 3514 3173 3681 3231; x_wconf 89' lang='lat' dir='ltr'><strong>dixit:</strong></span> 
     </span>
    </p>
   </div>
   <div class='ocr_carea' id='block_1_63' title="bbox 435 3251 2004 3339">
    <p class='ocr_par' dir='ltr' id='par_1_63' title="bbox 435 3251 2004 3339">
     <span class='ocr_line' id='line_1_63' title="bbox 435 3251 2004 3339; baseline 0.015 -36"><span class='ocrx_word' id='word_1_480' title='bbox 435 3251 557 3304; x_wconf 86' lang='grc' dir='ltr'>στὸν</span> <span class='ocrx_word' id='word_1_481' title='bbox 605 3252 875 3323; x_wconf 80' lang='grc' dir='ltr'>δηλονότι,</span> <span class='ocrx_word' id='word_1_482' title='bbox 907 3257 1085 3311; x_wconf 85' lang='grc' dir='ltr'>καίτοι</span> <span class='ocrx_word' id='word_1_483' title='bbox 1115 3259 1216 3313; x_wconf 84' lang='grc' dir='ltr'><strong>τοῦ</strong></span> <span class='ocrx_word' id='word_1_484' title='bbox 1248 3260 1413 3331; x_wconf 87' lang='grc' dir='ltr'>νόμου</span> <span class='ocrx_word' id='word_1_485' title='bbox 1436 3263 1863 3339; x_wconf 80' lang='grc' dir='ltr'>διακεκραγότος</span> <span class='ocrx_word' id='word_1_486' title='bbox 1908 3274 2004 3326; x_wconf 84' lang='grc' dir='ltr'><strong>αὐ-</strong></span> 
     </span>
    </p>
   </div>
   <div class='ocr_carea' id='block_1_64' title="bbox 432 3344 2005 3431">
    <p class='ocr_par' dir='ltr' id='par_1_64' title="bbox 432 3344 2005 3431">
     <span class='ocr_line' id='line_1_64' title="bbox 432 3344 2005 3431; baseline 0.015 -37"><span class='ocrx_word' id='word_1_487' title='bbox 432 3345 542 3406; x_wconf 86' lang='grc' dir='ltr'>τοῖς</span> <span class='ocrx_word' id='word_1_488' title='bbox 571 3344 682 3398; x_wconf 75' lang='grc' dir='ltr'><strong>ἀνω</strong></span> <span class='ocrx_word' id='word_1_489' title='bbox 706 3362 768 3398; x_wconf 89' lang='grc' dir='ltr'><strong>τε</strong></span> <span class='ocrx_word' id='word_1_490' title='bbox 797 3346 892 3400; x_wconf 76' lang='grc' dir='ltr'>καὶ</span> <span class='ocrx_word' id='word_1_491' title='bbox 920 3348 1090 3413; x_wconf 84' lang='grc' dir='ltr'>κάτω,</span> <span class='ocrx_word' id='word_1_492' title='bbox 1136 3349 1198 3403; x_wconf 83' lang='grc' dir='ltr'>τὸ</span> <span class='ocrx_word' id='word_1_493' title='bbox 1237 3353 1325 3404; x_wconf 80' lang='grc' dir='ltr'><strong>ἐπ’</strong></span> <span class='ocrx_word' id='word_1_494' title='bbox 1366 3353 1514 3426; x_wconf 82' lang='grc' dir='ltr'>αὐτῷ</span> <span class='ocrx_word' id='word_1_495' title='bbox 1563 3361 1880 3431; x_wconf 83' lang='grc' dir='ltr'>μυστήριον,</span> <span class='ocrx_word' id='word_1_496' title='bbox 1912 3365 2005 3417; x_wconf 83' lang='grc' dir='ltr'>καὶ</span> 
     </span>
    </p>
   </div>
   <div class='ocr_carea' id='block_1_65' title="bbox 433 3435 2005 3522">
    <p class='ocr_par' dir='ltr' id='par_1_65' title="bbox 433 3435 2005 3522">
     <span class='ocr_line' id='line_1_65' title="bbox 433 3435 2005 3522; baseline 0.015 -35"><span class='ocrx_word' id='word_1_497' title='bbox 433 3435 575 3489; x_wconf 84' lang='grc' dir='ltr'>κατὰ</span> <span class='ocrx_word' id='word_1_498' title='bbox 606 3438 831 3509; x_wconf 83' lang='grc' dir='ltr'>μυρίους</span> <span class='ocrx_word' id='word_1_499' title='bbox 873 3440 1030 3505; x_wconf 84' lang='grc' dir='ltr'>ὅσους</span> <span class='ocrx_word' id='word_1_500' title='bbox 1062 3442 1193 3496; x_wconf 75' lang='grc' dir='ltr'>αὐτὸ</span> <span class='ocrx_word' id='word_1_501' title='bbox 1232 3443 1569 3514; x_wconf 84' lang='grc' dir='ltr'>δεικνύοντος</span> <span class='ocrx_word' id='word_1_502' title='bbox 1601 3452 1855 3522; x_wconf 84' lang='grc' dir='ltr'>τρόπους.</span> <span class='ocrx_word' id='word_1_503' title='bbox 1897 3456 2005 3510; x_wconf 76' lang='grc' dir='ltr'><strong>Καὶ</strong></span> 
     </span>
    </p>
   </div>
   <div class='ocr_carea' id='block_1_66' title="bbox 432 3524 2005 3618">
    <p class='ocr_par' dir='ltr' id='par_1_66' title="bbox 432 3524 2005 3618">
     <span class='ocr_line' id='line_1_66' title="bbox 432 3524 2005 3618; baseline 0.015 -42"><span class='ocrx_word' id='word_1_504' title='bbox 432 3524 562 3618; x_wconf 83' lang='grc' dir='ltr'>γοῦν</span> <span class='ocrx_word' id='word_1_505' title='bbox 588 3525 690 3598; x_wconf 78' lang='grc' dir='ltr'><strong>ἔφη</strong></span> <span class='ocrx_word' id='word_1_506' title='bbox 723 3527 859 3600; x_wconf 73' lang='grc' dir='ltr'>πρὸς</span> <span class='ocrx_word' id='word_1_507' title='bbox 892 3530 1092 3596; x_wconf 79' lang='grc' dir='ltr'>αὐτοὺς</span> <span class='ocrx_word' id='word_1_508' title='bbox 1122 3534 1149 3586; x_wconf 89' lang='grc' dir='ltr'><strong>ό</strong></span> <span class='ocrx_word' id='word_1_509' title='bbox 1178 3533 1383 3605; x_wconf 84' lang='grc' dir='ltr'>Κύριος</span> <span class='ocrx_word' id='word_1_510' title='bbox 1433 3538 1590 3610; x_wconf 83' lang='grc' dir='ltr'>ἡμῶν</span> <span class='ocrx_word' id='word_1_511' title='bbox 1633 3542 1838 3613; x_wconf 79' lang='grc' dir='ltr'>Ἰησοῦς</span> <span class='ocrx_word' id='word_1_512' title='bbox 1871 3546 1916 3598; x_wconf 88' lang='grc' dir='ltr'>Χ</span> <span class='ocrx_word' id='word_1_513' title='bbox 1927 3564 2005 3618; x_wconf 80' lang='grc' dir='ltr'>ρι-</span> 
     </span>
    </p>
   </div>
   <div class='ocr_carea' id='block_1_67' title="bbox 433 3616 2003 3705">
    <p class='ocr_par' dir='ltr' id='par_1_67' title="bbox 433 3616 2003 3705">
     <span class='ocr_line' id='line_1_67' title="bbox 433 3616 2003 3705; baseline 0.014 -38"><span class='ocrx_word' id='word_1_514' title='bbox 433 3616 586 3681; x_wconf 80' lang='grc' dir='ltr'>στόςο</span> <span class='ocrx_word' id='word_1_515' title='bbox 620 3637 639 3669; x_wconf 74' lang='grc' dir='ltr'><strong>ι</strong></span> <span class='ocrx_word' id='word_1_516' title='bbox 678 3619 748 3671; x_wconf 87' lang='grc' dir='ltr'><em>Ἢ</em></span> <span class='ocrx_word' id='word_1_517' title='bbox 779 3620 985 3675; x_wconf 84' lang='grc' dir='ltr'>δοκεῖτε</span> <span class='ocrx_word' id='word_1_518' title='bbox 1035 3623 1117 3676; x_wconf 84' lang='grc' dir='ltr'>ὅτι</span> <span class='ocrx_word' id='word_1_519' title='bbox 1148 3624 1258 3694; x_wconf 79' lang='grc' dir='ltr'><strong>ἑγὼ</strong></span> <span class='ocrx_word' id='word_1_520' title='bbox 1292 3631 1655 3700; x_wconf 84' lang='grc' dir='ltr'>κατηγορήσω</span> <span class='ocrx_word' id='word_1_521' title='bbox 1688 3632 1842 3703; x_wconf 82' lang='grc' dir='ltr'>ὑμῶν</span> <span class='ocrx_word' id='word_1_522' title='bbox 1868 3616 2003 3705; x_wconf 82' lang='grc' dir='ltr'>πρὸς</span> 
     </span>
    </p>
   </div>
   <div class='ocr_carea' id='block_1_68' title="bbox 429 3709 2003 3795">
    <p class='ocr_par' dir='ltr' id='par_1_68' title="bbox 429 3709 2003 3795">
     <span class='ocr_line' id='line_1_68' title="bbox 429 3709 2003 3795; baseline 0.011 -33"><span class='ocrx_word' id='word_1_523' title='bbox 429 3709 522 3762; x_wconf 72' lang='grc' dir='ltr'>τὸν</span> <span class='ocrx_word' id='word_1_524' title='bbox 549 3710 805 3780; x_wconf 87' lang='grc' dir='ltr'>Πατέρα;</span> <span class='ocrx_word' id='word_1_525' title='bbox 835 3712 1024 3766; x_wconf 86' lang='grc' dir='ltr'>Ἔστιν</span> <span class='ocrx_word' id='word_1_526' title='bbox 1052 3714 1080 3766; x_wconf 92' lang='grc' dir='ltr'><strong>ό</strong></span> <span class='ocrx_word' id='word_1_527' title='bbox 1105 3717 1427 3789; x_wconf 87' lang='grc' dir='ltr'>κατηγορῶν</span> <span class='ocrx_word' id='word_1_528' title='bbox 1455 3719 1630 3791; x_wconf 85' lang='grc' dir='ltr'>ὑμῶν,</span> <span class='ocrx_word' id='word_1_529' title='bbox 1660 3724 1885 3795; x_wconf 84' lang='grc' dir='ltr'>Μωσῆς,</span> <span class='ocrx_word' id='word_1_530' title='bbox 1920 3728 2003 3791; x_wconf 84' lang='grc' dir='ltr'><strong>εἰς</strong></span> 
     </span>
    </p>
   </div>
   <div class='ocr_carea' id='block_1_69' title="bbox 431 3800 2003 3883">
    <p class='ocr_par' dir='ltr' id='par_1_69' title="bbox 431 3800 2003 3883">
     <span class='ocr_line' id='line_1_69' title="bbox 431 3800 2003 3883; baseline 0.01 -30"><span class='ocrx_word' id='word_1_531' title='bbox 431 3800 490 3854; x_wconf 83' lang='grc' dir='ltr'><strong>δν</strong></span> <span class='ocrx_word' id='word_1_532' title='bbox 523 3801 680 3871; x_wconf 84' lang='grc' dir='ltr'>ὑμεῖς</span> <span class='ocrx_word' id='word_1_533' title='bbox 708 3800 994 3871; x_wconf 74' lang='grc' dir='ltr'>ἠλπίσατε.</span> <span class='ocrx_word' id='word_1_534' title='bbox 1030 3805 1092 3857; x_wconf 81' lang='grc' dir='ltr'><strong>Εἰ</strong></span> <span class='ocrx_word' id='word_1_535' title='bbox 1121 3805 1228 3878; x_wconf 71' lang='grc' dir='ltr'><strong>γὰρ</strong></span> <span class='ocrx_word' id='word_1_536' title='bbox 1259 3808 1574 3864; x_wconf 80' lang='grc' dir='ltr'>ἐπιστεύετε</span> <span class='ocrx_word' id='word_1_537' title='bbox 1619 3813 1791 3883; x_wconf 82' lang='grc' dir='ltr'>Μωσῇ</span> <span class='ocrx_word' id='word_1_538' title='bbox 1817 3854 1832 3880; x_wconf 93' lang='grc'><strong>,</strong></span> <span class='ocrx_word' id='word_1_539' title='bbox 1881 3817 2003 3868; x_wconf 79' lang='grc' dir='ltr'>ἐπι-</span> 
     </span>
    </p>
   </div>
   <div class='ocr_carea' id='block_1_70' title="bbox 433 3893 1993 3977">
    <p class='ocr_par' dir='ltr' id='par_1_70' title="bbox 433 3893 1993 3977">
     <span class='ocr_line' id='line_1_70' title="bbox 433 3893 1993 3977; baseline 0.008 -31"><span class='ocrx_word' id='word_1_540' title='bbox 433 3893 651 3947; x_wconf 85' lang='grc' dir='ltr'>στεύετε</span> <span class='ocrx_word' id='word_1_541' title='bbox 686 3894 753 3948; x_wconf 84' lang='grc' dir='ltr'>ἂν</span> <span class='ocrx_word' id='word_1_542' title='bbox 787 3896 930 3966; x_wconf 75' lang='grc' dir='ltr'>ἐμοὶ,</span> <span class='ocrx_word' id='word_1_543' title='bbox 964 3896 1224 3971; x_wconf 74' lang='grc' dir='ltr'>περὶγὰρ</span> <span class='ocrx_word' id='word_1_544' title='bbox 1263 3900 1399 3969; x_wconf 81' lang='grc' dir='ltr'>ἐμοῦ</span> <span class='ocrx_word' id='word_1_545' title='bbox 1448 3903 1652 3969; x_wconf 81' lang='grc' dir='ltr'>ἐκεῖνος</span> <span class='ocrx_word' id='word_1_546' title='bbox 1680 3903 1935 3977; x_wconf 73' lang='grc' dir='ltr'>ἔγραψεν.</span> <span class='ocrx_word' id='word_1_547' title='bbox 1976 3927 1993 3959; x_wconf 78' lang='grc' dir='ltr'><strong>ι</strong></span> 
     </span>
    </p>
   </div>
   <div class='ocr_carea' id='block_1_71' title="bbox 442 3982 2000 4070">
    <p class='ocr_par' dir='ltr' id='par_1_71' title="bbox 442 3982 2000 4070">
     <span class='ocr_line' id='line_1_71' title="bbox 442 3982 2000 4070; baseline 0.008 -29"><span class='ocrx_word' id='word_1_548' title='bbox 442 3987 709 4052; x_wconf 83' lang='grc' dir='ltr'>Ἀπειθεῖς</span> <span class='ocrx_word' id='word_1_549' title='bbox 756 3982 850 4042; x_wconf 78' lang='grc' dir='ltr'>οὖν</span> <span class='ocrx_word' id='word_1_550' title='bbox 887 3987 1019 4060; x_wconf 80' lang='grc' dir='ltr'>ἄρα,</span> <span class='ocrx_word' id='word_1_551' title='bbox 1070 3991 1209 4062; x_wconf 83' lang='grc' dir='ltr'>μήτε</span> <span class='ocrx_word' id='word_1_552' title='bbox 1247 3992 1345 4064; x_wconf 83' lang='grc' dir='ltr'>τὴν</span> <span class='ocrx_word' id='word_1_553' title='bbox 1390 3993 1483 4048; x_wconf 89' lang='grc' dir='ltr'><strong>τοῦ</strong></span> <span class='ocrx_word' id='word_1_554' title='bbox 1530 3996 1694 4066; x_wconf 88' lang='grc' dir='ltr'>νόμου</span> <span class='ocrx_word' id='word_1_555' title='bbox 1749 3997 2000 4070; x_wconf 86' lang='grc' dir='ltr'>βούλησιν</span> 
     </span>
    </p>
   </div>
   <div class='ocr_carea' id='block_1_72' title="bbox 431 4080 2001 4158">
    <p class='ocr_par' dir='ltr' id='par_1_72' title="bbox 431 4080 2001 4158">
     <span class='ocr_line' id='line_1_72' title="bbox 431 4080 2001 4158; baseline 0.008 -26"><span class='ocrx_word' id='word_1_556' title='bbox 431 4080 665 4151; x_wconf 76' lang='grc' dir='ltr'>ἄκρατον</span> <span class='ocrx_word' id='word_1_557' title='bbox 700 4080 888 4153; x_wconf 83' lang='grc' dir='ltr'>ὥσπερ</span> <span class='ocrx_word' id='word_1_558' title='bbox 927 4082 1021 4134; x_wconf 71' lang='grc' dir='ltr'>καὶ</span> <span class='ocrx_word' id='word_1_559' title='bbox 1056 4082 1346 4138; x_wconf 87' lang='grc' dir='ltr'>ἀνόθευτον</span> <span class='ocrx_word' id='word_1_560' title='bbox 1395 4085 1770 4158; x_wconf 87' lang='grc' dir='ltr'>διερμηνεύειν</span> <span class='ocrx_word' id='word_1_561' title='bbox 1798 4090 2001 4145; x_wconf 80' lang='grc' dir='ltr'>ἐθέλον-</span> 
     </span>
    </p>
   </div>
   <div class='ocr_carea' id='block_1_73' title="bbox 433 4171 1999 4246">
    <p class='ocr_par' dir='ltr' id='par_1_73' title="bbox 433 4171 1999 4246">
     <span class='ocr_line' id='line_1_73' title="bbox 433 4171 1999 4246; baseline 0.006 -22"><span class='ocrx_word' id='word_1_562' title='bbox 433 4188 521 4234; x_wconf 85' lang='grc' dir='ltr'><strong>τες</strong></span> <span class='ocrx_word' id='word_1_563' title='bbox 564 4174 674 4235; x_wconf 87' lang='grc' dir='ltr'>τοῖς</span> <span class='ocrx_word' id='word_1_564' title='bbox 716 4171 912 4235; x_wconf 76' lang='grc' dir='ltr'>ἄλλοις,</span> <span class='ocrx_word' id='word_1_565' title='bbox 967 4173 1105 4243; x_wconf 80' lang='grc' dir='ltr'>μήτε</span> <span class='ocrx_word' id='word_1_566' title='bbox 1156 4174 1263 4245; x_wconf 85' lang='grc' dir='ltr'>μὴν</span> <span class='ocrx_word' id='word_1_567' title='bbox 1315 4174 1413 4246; x_wconf 83' lang='grc' dir='ltr'>τὴν</span> <span class='ocrx_word' id='word_1_568' title='bbox 1456 4175 1544 4229; x_wconf 79' lang='grc' dir='ltr'><strong>διὰ</strong></span> <span class='ocrx_word' id='word_1_569' title='bbox 1596 4179 1843 4243; x_wconf 88' lang='grc' dir='ltr'>Μωσέως</span> <span class='ocrx_word' id='word_1_570' title='bbox 1905 4181 1999 4234; x_wconf 80' lang='grc' dir='ltr'>καὶ</span> 
     </span>
    </p>
   </div>
   <div class='ocr_carea' id='block_1_74' title="bbox 432 4262 1997 4342">
    <p class='ocr_par' dir='ltr' id='par_1_74' title="bbox 432 4262 1997 4342">
     <span class='ocr_line' id='line_1_74' title="bbox 432 4262 1997 4342; baseline 0.006 -26"><span class='ocrx_word' id='word_1_571' title='bbox 432 4262 725 4334; x_wconf 76' lang='grc' dir='ltr'>προφητῶν</span> <span class='ocrx_word' id='word_1_572' title='bbox 748 4265 842 4317; x_wconf 59' lang='grc' dir='ltr'><strong>καὶ¹</strong></span> <span class='ocrx_word' id='word_1_573' title='bbox 870 4264 1039 4332; x_wconf 82' lang='grc' dir='ltr'>ἁγίων</span> <span class='ocrx_word' id='word_1_574' title='bbox 1083 4268 1617 4339; x_wconf 85' lang='grc' dir='ltr'>προκεκηρυγμένην</span> <span class='ocrx_word' id='word_1_575' title='bbox 1660 4272 1997 4342; x_wconf 86' lang='grc' dir='ltr'>τιμήσαντες</span> 
     </span>
    </p>
   </div>
   <div class='ocr_carea' id='block_1_75' title="bbox 427 4352 1996 4435">
    <p class='ocr_par' dir='ltr' id='par_1_75' title="bbox 427 4352 1996 4435">
     <span class='ocr_line' id='line_1_75' title="bbox 427 4352 1996 4435; baseline 0.009 -30"><span class='ocrx_word' id='word_1_576' title='bbox 427 4352 629 4409; x_wconf 84' lang='grc' dir='ltr'>πίστιν.</span> <span class='ocrx_word' id='word_1_577' title='bbox 664 4353 736 4407; x_wconf 85' lang='grc' dir='ltr'>Ού</span> <span class='ocrx_word' id='word_1_578' title='bbox 781 4354 890 4425; x_wconf 82' lang='grc' dir='ltr'><strong>γὰρ</strong></span> <span class='ocrx_word' id='word_1_579' title='bbox 922 4355 1111 4425; x_wconf 71' lang='grc' dir='ltr'>ἤθελον</span> <span class='ocrx_word' id='word_1_580' title='bbox 1158 4358 1465 4414; x_wconf 83' lang='grc' dir='ltr'>ὑπακοῦσαι</span> <span class='ocrx_word' id='word_1_581' title='bbox 1498 4361 1710 4432; x_wconf 83' lang='grc' dir='ltr'>λέγοντι</span> <span class='ocrx_word' id='word_1_582' title='bbox 1757 4363 1835 4434; x_wconf 85' lang='grc' dir='ltr'>τῷ</span> <span class='ocrx_word' id='word_1_583' title='bbox 1863 4365 1996 4435; x_wconf 86' lang='grc' dir='ltr'>Χρι-</span> 
     </span>
    </p>
   </div>
   <div class='ocr_carea' id='block_1_76' title="bbox 429 4445 1993 4520">
    <p class='ocr_par' dir='ltr' id='par_1_76' title="bbox 429 4445 1993 4520">
     <span class='ocr_line' id='line_1_76' title="bbox 429 4445 1993 4520; baseline 0.008 -22"><span class='ocrx_word' id='word_1_584' title='bbox 429 4445 539 4518; x_wconf 83' lang='grc' dir='ltr'>στῷ</span> <span class='ocrx_word' id='word_1_585' title='bbox 558 4462 575 4479; x_wconf 79' lang='grc' dir='ltr'><strong>ο</strong></span> <span class='ocrx_word' id='word_1_586' title='bbox 607 4465 626 4500; x_wconf 76' lang='grc' dir='ltr'><strong>ι</strong></span> <span class='ocrx_word' id='word_1_587' title='bbox 646 4446 809 4501; x_wconf 85' lang='grc' dir='ltr'>Δεῦτε</span> <span class='ocrx_word' id='word_1_588' title='bbox 843 4447 977 4520; x_wconf 89' lang='grc' dir='ltr'>πρός</span> <span class='ocrx_word' id='word_1_589' title='bbox 1004 4466 1092 4520; x_wconf 88' lang='grc' dir='ltr'><strong>με,</strong></span> <span class='ocrx_word' id='word_1_590' title='bbox 1138 4450 1342 4515; x_wconf 87' lang='grc' dir='ltr'>πάντες</span> <span class='ocrx_word' id='word_1_591' title='bbox 1362 4454 1409 4506; x_wconf 79' lang='lat' dir='ltr'><strong>oi</strong></span> <span class='ocrx_word' id='word_1_592' title='bbox 1439 4455 1737 4519; x_wconf 86' lang='grc' dir='ltr'>κοπιῶντες</span> <span class='ocrx_word' id='word_1_593' title='bbox 1770 4458 1863 4511; x_wconf 77' lang='grc' dir='ltr'>καὶ</span> <span class='ocrx_word' id='word_1_594' title='bbox 1894 4474 1993 4511; x_wconf 90' lang='grc' dir='ltr'>πε-</span> 
     </span>
    </p>
   </div>
   <div class='ocr_carea' id='block_1_77' title="bbox 2115 3259 3681 3331">
    <p class='ocr_par' dir='ltr' id='par_1_77' title="bbox 2115 3259 3681 3331">
     <span class='ocr_line' id='line_1_77' title="bbox 2115 3259 3681 3331; baseline 0.005 -20"><span class='ocrx_word' id='word_1_595' title='bbox 2115 3277 2135 3311; x_wconf 75' lang='grc' dir='ltr'><strong>ι</strong></span> <span class='ocrx_word' id='word_1_596' title='bbox 2199 3259 2476 3316; x_wconf 88' lang='lat' dir='ltr'><strong>Putatisne</strong></span> <span class='ocrx_word' id='word_1_597' title='bbox 2527 3275 2612 3315; x_wconf 92' lang='lat' dir='ltr'><strong>me</strong></span> <span class='ocrx_word' id='word_1_598' title='bbox 2661 3270 3036 3318; x_wconf 88' lang='lat' dir='ltr'><strong>accusaturum</strong></span> <span class='ocrx_word' id='word_1_599' title='bbox 3084 3275 3182 3317; x_wconf 87' lang='lat' dir='ltr'><strong>vos</strong></span> <span class='ocrx_word' id='word_1_600' title='bbox 3226 3261 3364 3331; x_wconf 87' lang='lat' dir='ltr'><strong>apud</strong></span> <span class='ocrx_word' id='word_1_601' title='bbox 3423 3262 3681 3319; x_wconf 69' lang='lat' dir='ltr'><strong>Patrem?</strong></span> 
     </span>
    </p>
   </div>
   <div class='ocr_carea' id='block_1_78' title="bbox 2110 3352 3681 3423">
    <p class='ocr_par' dir='ltr' id='par_1_78' title="bbox 2110 3352 3681 3423">
     <span class='ocr_line' id='line_1_78' title="bbox 2110 3352 3681 3423; baseline 0.003 -16"><span class='ocrx_word' id='word_1_602' title='bbox 2110 3352 2203 3408; x_wconf 86' lang='lat' dir='ltr'><strong>Est</strong></span> <span class='ocrx_word' id='word_1_603' title='bbox 2235 3353 2325 3423; x_wconf 91' lang='lat' dir='ltr'><strong>qui</strong></span> <span class='ocrx_word' id='word_1_604' title='bbox 2357 3361 2575 3411; x_wconf 89' lang='lat' dir='ltr'><strong>accuset</strong></span> <span class='ocrx_word' id='word_1_605' title='bbox 2602 3368 2724 3421; x_wconf 88' lang='lat' dir='ltr'><strong>vos,</strong></span> <span class='ocrx_word' id='word_1_606' title='bbox 2776 3352 2969 3418; x_wconf 80' lang='lat' dir='ltr'><strong>Moses,</strong></span> <span class='ocrx_word' id='word_1_607' title='bbox 3012 3356 3066 3409; x_wconf 92' lang='lat' dir='ltr'><strong>in</strong></span> <span class='ocrx_word' id='word_1_608' title='bbox 3124 3369 3231 3423; x_wconf 89' lang='lat' dir='ltr'><strong>quo</strong></span> <span class='ocrx_word' id='word_1_609' title='bbox 3278 3369 3378 3411; x_wconf 85' lang='lat' dir='ltr'><strong>vos</strong></span> <span class='ocrx_word' id='word_1_610' title='bbox 3429 3355 3681 3411; x_wconf 77' lang='lat' dir='ltr'><strong>ﬁduciam</strong></span> 
     </span>
    </p>
   </div>
   <div class='ocr_carea' id='block_1_79' title="bbox 2108 3445 3682 3512">
    <p class='ocr_par' dir='ltr' id='par_1_79' title="bbox 2108 3445 3682 3512">
     <span class='ocr_line' id='line_1_79' title="bbox 2108 3445 3682 3512; baseline 0.001 -12"><span class='ocrx_word' id='word_1_611' title='bbox 2108 3446 2438 3503; x_wconf 84' lang='lat' dir='ltr'><strong>collocastis.</strong></span> <span class='ocrx_word' id='word_1_612' title='bbox 2471 3447 2527 3501; x_wconf 91' lang='lat' dir='ltr'><strong>Si</strong></span> <span class='ocrx_word' id='word_1_613' title='bbox 2560 3447 2704 3501; x_wconf 89' lang='lat' dir='ltr'><strong>enim</strong></span> <span class='ocrx_word' id='word_1_614' title='bbox 2740 3446 3111 3502; x_wconf 87' lang='lat' dir='ltr'><strong>credidissetis</strong></span> <span class='ocrx_word' id='word_1_615' title='bbox 3137 3445 3682 3512; x_wconf 81' lang='lat' dir='ltr'><strong>Mosi,credidissetis</strong></span> 
     </span>
    </p>
   </div>
   <div class='ocr_carea' id='block_1_80' title="bbox 2109 3536 3680 3608">
    <p class='ocr_par' dir='ltr' id='par_1_80' title="bbox 2109 3536 3680 3608">
     <span class='ocr_line' id='line_1_80' title="bbox 2109 3536 3680 3608; baseline 0 -17"><span class='ocrx_word' id='word_1_616' title='bbox 2109 3547 2158 3592; x_wconf 93' lang='lat' dir='ltr'><strong>et</strong></span> <span class='ocrx_word' id='word_1_617' title='bbox 2185 3538 2314 3592; x_wconf 92' lang='lat' dir='ltr'><strong>mihi</strong></span> <span class='ocrx_word' id='word_1_618' title='bbox 2357 3537 2471 3593; x_wconf 88' lang='lat' dir='ltr'><strong>:de</strong></span> <span class='ocrx_word' id='word_1_619' title='bbox 2517 3552 2602 3592; x_wconf 91' lang='lat' dir='ltr'><strong>me</strong></span> <span class='ocrx_word' id='word_1_620' title='bbox 2645 3538 2790 3594; x_wconf 91' lang='lat' dir='ltr'><strong>enim</strong></span> <span class='ocrx_word' id='word_1_621' title='bbox 2833 3537 2922 3593; x_wconf 88' lang='lat' dir='ltr'><strong>ille</strong></span> <span class='ocrx_word' id='word_1_622' title='bbox 2973 3537 3191 3608; x_wconf 88' lang='lat' dir='ltr'><strong>scripsit</strong></span> <span class='ocrx_word' id='word_1_623' title='bbox 3239 3537 3305 3592; x_wconf 77' lang='grc'><strong>⁸⁷.</strong></span> <span class='ocrx_word' id='word_1_624' title='bbox 3348 3555 3369 3590; x_wconf 72' lang='grc' dir='ltr'><strong>ι</strong></span> <span class='ocrx_word' id='word_1_625' title='bbox 3407 3536 3680 3593; x_wconf 79' lang='lat' dir='ltr'><strong>Praefraeti</strong></span> 
     </span>
    </p>
   </div>
   <div class='ocr_carea' id='block_1_81' title="bbox 2105 3627 3682 3699">
    <p class='ocr_par' dir='ltr' id='par_1_81' title="bbox 2105 3627 3682 3699">
     <span class='ocr_line' id='line_1_81' title="bbox 2105 3627 3682 3699; baseline -0.001 -16"><span class='ocrx_word' id='word_1_626' title='bbox 2105 3629 2286 3698; x_wconf 86' lang='lat' dir='ltr'><strong>itaque</strong></span> <span class='ocrx_word' id='word_1_627' title='bbox 2313 3637 2490 3692; x_wconf 89' lang='lat' dir='ltr'><strong>erant,</strong></span> <span class='ocrx_word' id='word_1_628' title='bbox 2541 3643 2715 3699; x_wconf 89' lang='lat' dir='ltr'><strong>neque</strong></span> <span class='ocrx_word' id='word_1_629' title='bbox 2745 3628 2879 3699; x_wconf 79' lang='lat' dir='ltr'><strong>legis</strong></span> <span class='ocrx_word' id='word_1_630' title='bbox 2921 3628 3251 3684; x_wconf 89' lang='lat' dir='ltr'><strong>voluntatem</strong></span> <span class='ocrx_word' id='word_1_631' title='bbox 3303 3642 3516 3698; x_wconf 90' lang='lat' dir='ltr'><strong>puram,</strong></span> <span class='ocrx_word' id='word_1_632' title='bbox 3550 3627 3682 3683; x_wconf 75' lang='lat' dir='ltr'><strong>sitn-</strong></span> 
     </span>
    </p>
   </div>
   <div class='ocr_carea' id='block_1_82' title="bbox 2102 3717 3676 3791">
    <p class='ocr_par' dir='ltr' id='par_1_82' title="bbox 2102 3717 3676 3791">
     <span class='ocr_line' id='line_1_82' title="bbox 2102 3717 3676 3791; baseline 0.001 -21"><span class='ocrx_word' id='word_1_633' title='bbox 2102 3718 2294 3788; x_wconf 91' lang='lat' dir='ltr'><strong>piicem</strong></span> <span class='ocrx_word' id='word_1_634' title='bbox 2351 3719 2748 3789; x_wconf 90' lang='lat' dir='ltr'><strong>genuinamqne</strong></span> <span class='ocrx_word' id='word_1_635' title='bbox 2784 3718 3131 3791; x_wconf 82' lang='lat' dir='ltr'><strong>interpretari</strong></span> <span class='ocrx_word' id='word_1_636' title='bbox 3172 3717 3425 3775; x_wconf 88' lang='lat' dir='ltr'><strong>volebant</strong></span> <span class='ocrx_word' id='word_1_637' title='bbox 3459 3718 3676 3788; x_wconf 83' lang='lat' dir='ltr'><strong>populo,</strong></span> 
     </span>
    </p>
   </div>
   <div class='ocr_carea' id='block_1_83' title="bbox 2103 3811 3669 3882">
    <p class='ocr_par' dir='ltr' id='par_1_83' title="bbox 2103 3811 3669 3882">
     <span class='ocr_line' id='line_1_83' title="bbox 2103 3811 3669 3882; baseline -0.002 -15"><span class='ocrx_word' id='word_1_638' title='bbox 2103 3826 2279 3882; x_wconf 87' lang='lat' dir='ltr'><strong>neque</strong></span> <span class='ocrx_word' id='word_1_639' title='bbox 2311 3811 2469 3867; x_wconf 81' lang='lat' dir='ltr'><strong>ﬁdem</strong></span> <span class='ocrx_word' id='word_1_640' title='bbox 2515 3826 2610 3882; x_wconf 91' lang='lat' dir='ltr'><strong>per</strong></span> <span class='ocrx_word' id='word_1_641' title='bbox 2644 3811 2841 3868; x_wconf 81' lang='lat' dir='ltr'><strong>Mosem</strong></span> <span class='ocrx_word' id='word_1_642' title='bbox 2886 3820 2940 3868; x_wconf 92' lang='lat' dir='ltr'><strong>et</strong></span> <span class='ocrx_word' id='word_1_643' title='bbox 2966 3812 3256 3882; x_wconf 85' lang='lat' dir='ltr'><strong>prophetas</strong></span> <span class='ocrx_word' id='word_1_644' title='bbox 3280 3822 3495 3867; x_wconf 87' lang='lat' dir='ltr'><strong>sanctos</strong></span> <span class='ocrx_word' id='word_1_645' title='bbox 3530 3826 3669 3882; x_wconf 68' lang='lat' dir='ltr'><strong>pras-</strong></span> 
     </span>
    </p>
   </div>
   <div class='ocr_carea' id='block_1_84' title="bbox 2102 3901 3665 3975">
    <p class='ocr_par' dir='ltr' id='par_1_84' title="bbox 2102 3901 3665 3975">
     <span class='ocr_line' id='line_1_84' title="bbox 2102 3901 3665 3975; baseline 0.001 -18"><span class='ocrx_word' id='word_1_646' title='bbox 2102 3903 2328 3958; x_wconf 85' lang='lat' dir='ltr'><strong>dicatam</strong></span> <span class='ocrx_word' id='word_1_647' title='bbox 2351 3903 2547 3970; x_wconf 88' lang='lat' dir='ltr'><strong>colere,</strong></span> <span class='ocrx_word' id='word_1_648' title='bbox 2574 3918 2748 3973; x_wconf 91' lang='lat' dir='ltr'><strong>neque</strong></span> <span class='ocrx_word' id='word_1_649' title='bbox 2775 3904 3147 3975; x_wconf 86' lang='lat' dir='ltr'><strong>obtemperare</strong></span> <span class='ocrx_word' id='word_1_650' title='bbox 3168 3903 3394 3958; x_wconf 83' lang='lat' dir='ltr'><strong>Christo</strong></span> <span class='ocrx_word' id='word_1_651' title='bbox 3417 3901 3616 3957; x_wconf 88' lang='lat' dir='ltr'><strong>dicenti</strong></span> <span class='ocrx_word' id='word_1_652' title='bbox 3651 3920 3665 3958; x_wconf 92' lang='lat'><strong>:</strong></span> 
     </span>
    </p>
   </div>
   <div class='ocr_carea' id='block_1_85' title="bbox 2109 3978 3673 4065">
    <p class='ocr_par' dir='ltr' id='par_1_85' title="bbox 2109 3978 3673 4065">
     <span class='ocr_line' id='line_1_85' title="bbox 2109 3978 3673 4065; baseline -0.001 -18"><span class='ocrx_word' id='word_1_653' title='bbox 2109 4012 2128 4046; x_wconf 74' lang='grc' dir='ltr'><strong>ι</strong></span> <span class='ocrx_word' id='word_1_654' title='bbox 2153 3992 2346 4050; x_wconf 83' lang='lat' dir='ltr'><strong>Venite</strong></span> <span class='ocrx_word' id='word_1_655' title='bbox 2375 3996 2440 4051; x_wconf 88' lang='lat' dir='ltr'><strong>ad</strong></span> <span class='ocrx_word' id='word_1_656' title='bbox 2454 3978 2570 4064; x_wconf 56' lang='lat' dir='ltr'><strong>ine,</strong></span> <span class='ocrx_word' id='word_1_657' title='bbox 2601 4010 2790 4052; x_wconf 90' lang='lat' dir='ltr'><strong>omnes</strong></span> <span class='ocrx_word' id='word_1_658' title='bbox 2818 3996 2908 4065; x_wconf 92' lang='lat' dir='ltr'><strong>qui</strong></span> <span class='ocrx_word' id='word_1_659' title='bbox 2934 3995 3197 4051; x_wconf 86' lang='lat' dir='ltr'><strong>laboratis</strong></span> <span class='ocrx_word' id='word_1_660' title='bbox 3214 3993 3486 4048; x_wconf 88' lang='lat' dir='ltr'><strong>etonerati</strong></span> <span class='ocrx_word' id='word_1_661' title='bbox 3509 3992 3673 4057; x_wconf 67' lang='lat' dir='ltr'><strong>estis,</strong></span> 
     </span>
    </p>
   </div>
   <div class='ocr_carea' id='block_1_86' title="bbox 2099 4082 3677 4153">
    <p class='ocr_par' dir='ltr' id='par_1_86' title="bbox 2099 4082 3677 4153">
     <span class='ocr_line' id='line_1_86' title="bbox 2099 4082 3677 4153; baseline 0 -15"><span class='ocrx_word' id='word_1_662' title='bbox 2099 4092 2154 4138; x_wconf 86' lang='lat' dir='ltr'><strong>et</strong></span> <span class='ocrx_word' id='word_1_663' title='bbox 2212 4097 2312 4153; x_wconf 87' lang='lat' dir='ltr'><strong>ego</strong></span> <span class='ocrx_word' id='word_1_664' title='bbox 2369 4083 2606 4139; x_wconf 85' lang='lat' dir='ltr'><strong>reﬁciam</strong></span> <span class='ocrx_word' id='word_1_665' title='bbox 2651 4099 2768 4139; x_wconf 86' lang='lat' dir='ltr'><strong>vos.</strong></span> <span class='ocrx_word' id='word_1_666' title='bbox 2816 4084 3079 4151; x_wconf 79' lang='lat' dir='ltr'><strong>imponite</strong></span> <span class='ocrx_word' id='word_1_667' title='bbox 3125 4082 3314 4152; x_wconf 70' lang='lat' dir='ltr'><strong>iugum</strong></span> <span class='ocrx_word' id='word_1_668' title='bbox 3358 4096 3534 4135; x_wconf 89' lang='lat' dir='ltr'><strong>meum</strong></span> <span class='ocrx_word' id='word_1_669' title='bbox 3581 4096 3677 4138; x_wconf 87' lang='lat' dir='ltr'><strong>vo-</strong></span> 
     </span>
    </p>
   </div>
   <div class='ocr_carea' id='block_1_87' title="bbox 2099 4172 3671 4243">
    <p class='ocr_par' dir='ltr' id='par_1_87' title="bbox 2099 4172 3671 4243">
     <span class='ocr_line' id='line_1_87' title="bbox 2099 4172 3671 4243; baseline 0.001 -14"><span class='ocrx_word' id='word_1_670' title='bbox 2099 4174 2181 4229; x_wconf 86' lang='lat' dir='ltr'><strong>bis</strong></span> <span class='ocrx_word' id='word_1_671' title='bbox 2211 4174 2278 4228; x_wconf 80' lang='grc'><strong>⁸⁸.</strong></span> <span class='ocrx_word' id='word_1_672' title='bbox 2316 4191 2334 4225; x_wconf 76' lang='grc' dir='ltr'><strong>ι</strong></span> <span class='ocrx_word' id='word_1_673' title='bbox 2369 4173 2582 4229; x_wconf 90' lang='lat' dir='ltr'><strong>Etenim</strong></span> <span class='ocrx_word' id='word_1_674' title='bbox 2623 4173 2877 4243; x_wconf 85' lang='lat' dir='ltr'><strong>quoniam</strong></span> <span class='ocrx_word' id='word_1_675' title='bbox 2921 4172 3040 4226; x_wconf 90' lang='lat' dir='ltr'><strong>duri</strong></span> <span class='ocrx_word' id='word_1_676' title='bbox 3076 4182 3128 4228; x_wconf 85' lang='lat' dir='ltr'><strong>et</strong></span> <span class='ocrx_word' id='word_1_677' title='bbox 3157 4173 3524 4230; x_wconf 86' lang='lat' dir='ltr'><strong>inobedientcs</strong></span> <span class='ocrx_word' id='word_1_678' title='bbox 3553 4173 3671 4230; x_wconf 78' lang='lat' dir='ltr'><strong>iue-</strong></span> 
     </span>
    </p>
   </div>
   <div class='ocr_carea' id='block_1_88' title="bbox 2101 4264 3677 4340">
    <p class='ocr_par' dir='ltr' id='par_1_88' title="bbox 2101 4264 3677 4340">
     <span class='ocr_line' id='line_1_88' title="bbox 2101 4264 3677 4340; baseline 0.001 -18"><span class='ocrx_word' id='word_1_679' title='bbox 2101 4274 2249 4332; x_wconf 89' lang='lat' dir='ltr'><strong>runt,</strong></span> <span class='ocrx_word' id='word_1_680' title='bbox 2279 4276 2561 4322; x_wconf 89' lang='lat' dir='ltr'><strong>consortes</strong></span> <span class='ocrx_word' id='word_1_681' title='bbox 2593 4264 2774 4322; x_wconf 88' lang='lat' dir='ltr'><strong>l&#39;urum</strong></span> <span class='ocrx_word' id='word_1_682' title='bbox 2807 4267 3127 4322; x_wconf 89' lang='lat' dir='ltr'><strong>exstiterunt</strong></span> <span class='ocrx_word' id='word_1_683' title='bbox 3165 4286 3178 4320; x_wconf 90' lang='lat'><strong>:</strong></span> <span class='ocrx_word' id='word_1_684' title='bbox 3209 4268 3403 4338; x_wconf 89' lang='lat' dir='ltr'><strong>partim</strong></span> <span class='ocrx_word' id='word_1_685' title='bbox 3446 4267 3677 4340; x_wconf 87' lang='lat' dir='ltr'><strong>largien-</strong></span> 
     </span>
    </p>
   </div>
   <div class='ocr_carea' id='block_1_89' title="bbox 2098 4353 3675 4431">
    <p class='ocr_par' dir='ltr' id='par_1_89' title="bbox 2098 4353 3675 4431">
     <span class='ocr_line' id='line_1_89' title="bbox 2098 4353 3675 4431; baseline 0.003 -17"><span class='ocrx_word' id='word_1_686' title='bbox 2098 4353 2241 4415; x_wconf 88' lang='lat' dir='ltr'><strong>tibus</strong></span> <span class='ocrx_word' id='word_1_687' title='bbox 2291 4373 2513 4414; x_wconf 85' lang='lat' dir='ltr'><strong>munera</strong></span> <span class='ocrx_word' id='word_1_688' title='bbox 2562 4358 2969 4425; x_wconf 86' lang='lat' dir='ltr'><strong>consentiendo,</strong></span> <span class='ocrx_word' id='word_1_689' title='bbox 3028 4361 3224 4431; x_wconf 87' lang='lat' dir='ltr'><strong>partim</strong></span> <span class='ocrx_word' id='word_1_690' title='bbox 3274 4376 3396 4419; x_wconf 90' lang='lat' dir='ltr'><strong>cum</strong></span> <span class='ocrx_word' id='word_1_691' title='bbox 3451 4361 3675 4418; x_wconf 73' lang='lat' dir='ltr'><strong>nei‘ariis</strong></span> 
     </span>
    </p>
   </div>
   <div class='ocr_carea' id='block_1_90' title="bbox 2097 4450 3675 4525">
    <p class='ocr_par' dir='ltr' id='par_1_90' title="bbox 2097 4450 3675 4525">
     <span class='ocr_line' id='line_1_90' title="bbox 2097 4450 3675 4525; baseline 0.001 -18"><span class='ocrx_word' id='word_1_692' title='bbox 2097 4450 2338 4507; x_wconf 89' lang='lat' dir='ltr'><strong>consiliis</strong></span> <span class='ocrx_word' id='word_1_693' title='bbox 2398 4451 2594 4520; x_wconf 87' lang='lat' dir='ltr'><strong>perditi</strong></span> <span class='ocrx_word' id='word_1_694' title='bbox 2635 4451 2793 4507; x_wconf 90' lang='lat' dir='ltr'><strong>simul</strong></span> <span class='ocrx_word' id='word_1_695' title='bbox 2826 4461 2882 4508; x_wconf 91' lang='lat' dir='ltr'><strong>et</strong></span> <span class='ocrx_word' id='word_1_696' title='bbox 2909 4451 3233 4508; x_wconf 81' lang='lat' dir='ltr'><strong>furacissimi</strong></span> <span class='ocrx_word' id='word_1_697' title='bbox 3266 4454 3535 4525; x_wconf 86' lang='lat' dir='ltr'><strong>discipuli,</strong></span> <span class='ocrx_word' id='word_1_698' title='bbox 3570 4453 3675 4509; x_wconf 90' lang='lat' dir='ltr'><strong>Do-</strong></span> 
     </span>
    </p>
   </div>
   <div class='ocr_carea' id='block_1_91' title="bbox 430 4538 2003 4617">
    <p class='ocr_par' dir='ltr' id='par_1_91' title="bbox 430 4538 1998 4617">
     <span class='ocr_line' id='line_1_91' title="bbox 430 4538 1998 4617; baseline 0.008 -27"><span class='ocrx_word' id='word_1_699' title='bbox 430 4538 809 4610; x_wconf 81' lang='grc' dir='ltr'>φορτισμένοι,</span> <span class='ocrx_word' id='word_1_700' title='bbox 837 4540 994 4609; x_wconf 86' lang='grc' dir='ltr'>κάγὼ</span> <span class='ocrx_word' id='word_1_701' title='bbox 1018 4542 1317 4596; x_wconf 81' lang='grc' dir='ltr'>ἀναπαύσω</span> <span class='ocrx_word' id='word_1_702' title='bbox 1364 4545 1527 4615; x_wconf 81' lang='grc' dir='ltr'>ὑμᾶς.</span> <span class='ocrx_word' id='word_1_703' title='bbox 1562 4547 1765 4617; x_wconf 76' lang='grc' dir='ltr'>’Ἄρατε</span> <span class='ocrx_word' id='word_1_704' title='bbox 1797 4548 1887 4603; x_wconf 85' lang='grc' dir='ltr'>τὸν</span> <span class='ocrx_word' id='word_1_705' title='bbox 1911 4550 1998 4614; x_wconf 78' lang='grc' dir='ltr'><strong>ζυ-</strong></span> 
     </span>
    </p>
   </div>
   <div class='ocr_carea' id='block_1_92' title="bbox 2106 4538 3673 4617">
    <p class='ocr_par' dir='ltr' id='par_1_92' title="bbox 2106 4540 3673 4614">
     <span class='ocr_line' id='line_1_92' title="bbox 2106 4540 3673 4614; baseline -0.001 -14"><span class='ocrx_word' id='word_1_706' title='bbox 2106 4545 2306 4600; x_wconf 90' lang='lat' dir='ltr'><strong>minum</strong></span> <span class='ocrx_word' id='word_1_707' title='bbox 2346 4553 2591 4600; x_wconf 89' lang='lat' dir='ltr'><strong>nostrum</strong></span> <span class='ocrx_word' id='word_1_708' title='bbox 2617 4540 2798 4599; x_wconf 86' lang='lat' dir='ltr'><strong>Jesum</strong></span> <span class='ocrx_word' id='word_1_709' title='bbox 2827 4543 3103 4600; x_wconf 85' lang='lat' dir='ltr'><strong>Christum</strong></span> <span class='ocrx_word' id='word_1_710' title='bbox 3136 4544 3432 4614; x_wconf 85' lang='lat' dir='ltr'><strong>prodeatis,</strong></span> <span class='ocrx_word' id='word_1_711' title='bbox 3460 4544 3673 4613; x_wconf 86' lang='lat' dir='ltr'><strong>conspi-</strong></span> 
     </span>
    </p>
   </div>
   <div class='ocr_carea' id='block_1_93' title="bbox 432 4630 1995 4717">
    <p class='ocr_par' dir='ltr' id='par_1_93' title="bbox 432 4630 1995 4717">
     <span class='ocr_line' id='line_1_93' title="bbox 432 4630 1995 4717; baseline 0.009 -36"><span class='ocrx_word' id='word_1_712' title='bbox 432 4631 526 4697; x_wconf 89' lang='grc' dir='ltr'><strong>γόν</strong></span> <span class='ocrx_word' id='word_1_713' title='bbox 554 4648 651 4700; x_wconf 89' lang='grc' dir='ltr'><strong>μου</strong></span> <span class='ocrx_word' id='word_1_714' title='bbox 676 4630 759 4699; x_wconf 75' lang='grc' dir='ltr'><strong>ἐφ’</strong></span> <span class='ocrx_word' id='word_1_715' title='bbox 802 4632 965 4701; x_wconf 78' lang='grc' dir='ltr'>ὑμᾶς.</span> <span class='ocrx_word' id='word_1_716' title='bbox 1006 4652 1025 4685; x_wconf 75' lang='lat' dir='ltr'><strong>r</strong></span> <span class='ocrx_word' id='word_1_717' title='bbox 1070 4634 1182 4688; x_wconf 72' lang='grc' dir='ltr'><strong>Καὶ</strong></span> <span class='ocrx_word' id='word_1_718' title='bbox 1227 4633 1364 4717; x_wconf 82' lang='grc' dir='ltr'>πρός</span> <span class='ocrx_word' id='word_1_719' title='bbox 1394 4652 1458 4704; x_wconf 87' lang='grc' dir='ltr'><strong>γε</strong></span> <span class='ocrx_word' id='word_1_720' title='bbox 1484 4637 1561 4710; x_wconf 82' lang='grc' dir='ltr'>τῷ</span> <span class='ocrx_word' id='word_1_721' title='bbox 1591 4634 1732 4694; x_wconf 67' lang='grc' dir='ltr'>εἶναι</span> <span class='ocrx_word' id='word_1_722' title='bbox 1763 4639 1995 4713; x_wconf 84' lang='grc' dir='ltr'>σκληροί</span> 
     </span>
    </p>
   </div>
   <div class='ocr_carea' id='block_1_94' title="bbox 429 4720 1992 4796">
    <p class='ocr_par' dir='ltr' id='par_1_94' title="bbox 429 4720 1992 4796">
     <span class='ocr_line' id='line_1_94' title="bbox 429 4720 1992 4796; baseline 0.009 -23"><span class='ocrx_word' id='word_1_723' title='bbox 429 4737 489 4773; x_wconf 90' lang='grc' dir='ltr'><strong>τε</strong></span> <span class='ocrx_word' id='word_1_724' title='bbox 521 4721 612 4775; x_wconf 80' lang='grc' dir='ltr'>καὶ</span> <span class='ocrx_word' id='word_1_725' title='bbox 645 4720 909 4788; x_wconf 85' lang='grc' dir='ltr'>ἀπειθεῖς,</span> <span class='ocrx_word' id='word_1_726' title='bbox 939 4725 1184 4779; x_wconf 75' lang='grc' dir='ltr'>κοινωνοὶ</span> <span class='ocrx_word' id='word_1_727' title='bbox 1219 4726 1475 4796; x_wconf 88' lang='grc' dir='ltr'>γεγόνασι</span> <span class='ocrx_word' id='word_1_728' title='bbox 1504 4731 1751 4785; x_wconf 87' lang='grc' dir='ltr'>κλεπτῶν</span> <span class='ocrx_word' id='word_1_729' title='bbox 1774 4749 1788 4763; x_wconf 78' lang='grc' dir='ltr'><strong>ο</strong></span> <span class='ocrx_word' id='word_1_730' title='bbox 1830 4734 1992 4787; x_wconf 90' lang='grc' dir='ltr'>τοῦτο</span> 
     </span>
    </p>
   </div>
   <div class='ocr_carea' id='block_1_95' title="bbox 427 4814 1995 4893">
    <p class='ocr_par' dir='ltr' id='par_1_95' title="bbox 427 4814 1995 4893">
     <span class='ocr_line' id='line_1_95' title="bbox 427 4814 1995 4893; baseline 0.008 -27"><span class='ocrx_word' id='word_1_731' title='bbox 427 4814 529 4886; x_wconf 84' lang='grc' dir='ltr'>μὲν</span> <span class='ocrx_word' id='word_1_732' title='bbox 555 4816 668 4878; x_wconf 88' lang='grc' dir='ltr'>τοῖς</span> <span class='ocrx_word' id='word_1_733' title='bbox 695 4814 1050 4887; x_wconf 86' lang='grc' dir='ltr'>δωροδοκοῦσι</span> <span class='ocrx_word' id='word_1_734' title='bbox 1077 4819 1508 4891; x_wconf 85' lang='grc' dir='ltr'>συνκαστάμενοι</span> <span class='ocrx_word' id='word_1_735' title='bbox 1554 4821 1709 4893; x_wconf 84' lang='lat' dir='ltr'><strong>(Sic),</strong></span> <span class='ocrx_word' id='word_1_736' title='bbox 1750 4822 1907 4878; x_wconf 90' lang='grc' dir='ltr'>τοῦτο</span> <span class='ocrx_word' id='word_1_737' title='bbox 1938 4824 1995 4879; x_wconf 78' lang='grc' dir='ltr'>δὲ</span> 
     </span>
    </p>
   </div>
   <div class='ocr_carea' id='block_1_96' title="bbox 426 4905 1998 4992">
    <p class='ocr_par' dir='ltr' id='par_1_96' title="bbox 426 4905 1998 4992">
     <span class='ocr_line' id='line_1_96' title="bbox 426 4905 1998 4992; baseline 0.006 -34"><span class='ocrx_word' id='word_1_738' title='bbox 426 4905 929 4977; x_wconf 78' lang='grc' dir='ltr'>συνδεδραμηκότες</span> <span class='ocrx_word' id='word_1_739' title='bbox 956 4909 1076 4970; x_wconf 86' lang='grc' dir='ltr'>ταῖς</span> <span class='ocrx_word' id='word_1_740' title='bbox 1109 4908 1344 4974; x_wconf 79' lang='grc' dir='ltr'>ἀνοσίοις</span> <span class='ocrx_word' id='word_1_741' title='bbox 1366 4909 1579 4981; x_wconf 84' lang='grc' dir='ltr'>βουλαῖς</span> <span class='ocrx_word' id='word_1_742' title='bbox 1598 4910 1691 4966; x_wconf 83' lang='grc' dir='ltr'><strong>τοῦ</strong></span> <span class='ocrx_word' id='word_1_743' title='bbox 1711 4913 1998 4992; x_wconf 67' lang='grc' dir='ltr'>προδόντος</span> 
     </span>
    </p>
   </div>
   <div class='ocr_carea' id='block_1_97' title="bbox 423 4994 1992 5076">
    <p class='ocr_par' dir='ltr' id='par_1_97' title="bbox 423 4994 1992 5076">
     <span class='ocr_line' id='line_1_97' title="bbox 423 4994 1992 5076; baseline 0.008 -29"><span class='ocrx_word' id='word_1_744' title='bbox 423 4996 605 5060; x_wconf 76' lang='grc' dir='ltr'>αὐτοῖς</span> <span class='ocrx_word' id='word_1_745' title='bbox 636 4994 728 5049; x_wconf 85' lang='grc' dir='ltr'>τὸν</span> <span class='ocrx_word' id='word_1_746' title='bbox 755 4996 960 5067; x_wconf 87' lang='grc' dir='ltr'>Κύριον</span> <span class='ocrx_word' id='word_1_747' title='bbox 985 4996 1142 5070; x_wconf 80' lang='grc' dir='ltr'>ήμῶν</span> <span class='ocrx_word' id='word_1_748' title='bbox 1183 4998 1391 5071; x_wconf 86' lang='grc' dir='ltr'>Ἰησοῦν</span> <span class='ocrx_word' id='word_1_749' title='bbox 1426 5000 1517 5055; x_wconf 80' lang='grc' dir='ltr'>τὸν</span> <span class='ocrx_word' id='word_1_750' title='bbox 1545 5002 1806 5071; x_wconf 85' lang='grc' dir='ltr'>Χριστὸν,</span> <span class='ocrx_word' id='word_1_751' title='bbox 1835 5006 1895 5067; x_wconf 78' lang='grc' dir='ltr'>ὃς</span> <span class='ocrx_word' id='word_1_752' title='bbox 1922 4999 1992 5076; x_wconf 75' lang='grc' dir='ltr'>ἦν</span> 
     </span>
    </p>
   </div>
   <div class='ocr_carea' id='block_1_98' title="bbox 422 5086 1993 5164">
    <p class='ocr_par' dir='ltr' id='par_1_98' title="bbox 422 5086 1993 5164">
     <span class='ocr_line' id='line_1_98' title="bbox 422 5086 1993 5164; baseline 0.002 -21"><span class='ocrx_word' id='word_1_753' title='bbox 422 5088 653 5159; x_wconf 83' lang='grc' dir='ltr'>πονηρός</span> <span class='ocrx_word' id='word_1_754' title='bbox 682 5105 744 5140; x_wconf 88' lang='grc' dir='ltr'><strong>τε</strong></span> <span class='ocrx_word' id='word_1_755' title='bbox 770 5086 886 5159; x_wconf 75' lang='grc' dir='ltr'>ἅμα</span> <span class='ocrx_word' id='word_1_756' title='bbox 912 5088 1006 5142; x_wconf 68' lang='grc' dir='ltr'>καὶ</span> <span class='ocrx_word' id='word_1_757' title='bbox 1042 5090 1430 5155; x_wconf 83' lang='grc' dir='ltr'>κλεπτίστατος</span> <span class='ocrx_word' id='word_1_758' title='bbox 1469 5090 1734 5164; x_wconf 82' lang='grc' dir='ltr'>μαθητής.</span> <span class='ocrx_word' id='word_1_759' title='bbox 1776 5093 1993 5164; x_wconf 88' lang='grc' dir='ltr'>Ἐρασι-</span> 
     </span>
    </p>
   </div>
   <div class='ocr_carea' id='block_1_99' title="bbox 419 5179 1987 5254">
    <p class='ocr_par' dir='ltr' id='par_1_99' title="bbox 419 5179 1987 5254">
     <span class='ocr_line' id='line_1_99' title="bbox 419 5179 1987 5254; baseline 0.003 -22"><span class='ocrx_word' id='word_1_760' title='bbox 419 5180 688 5250; x_wconf 84' lang='grc' dir='ltr'>χρήματοι</span> <span class='ocrx_word' id='word_1_761' title='bbox 719 5179 777 5233; x_wconf 81' lang='grc' dir='ltr'>δὲ</span> <span class='ocrx_word' id='word_1_762' title='bbox 806 5181 902 5234; x_wconf 73' lang='grc' dir='ltr'>καὶ</span> <span class='ocrx_word' id='word_1_763' title='bbox 931 5180 1130 5254; x_wconf 84' lang='grc' dir='ltr'>ἑτέρως</span> <span class='ocrx_word' id='word_1_764' title='bbox 1160 5182 1210 5235; x_wconf 76' lang='lat' dir='ltr'><strong>ot</strong></span> <span class='ocrx_word' id='word_1_765' title='bbox 1238 5182 1346 5237; x_wconf 90' lang='grc' dir='ltr'><strong>τῶν</strong></span> <span class='ocrx_word' id='word_1_766' title='bbox 1361 5182 1628 5237; x_wconf 88' lang='grc' dir='ltr'>Ἰουδαίων</span> <span class='ocrx_word' id='word_1_767' title='bbox 1655 5182 1987 5254; x_wconf 74' lang='grc' dir='ltr'>καθηγηταὶ,</span> 
     </span>
    </p>
   </div>
   <div class='ocr_carea' id='block_1_100' title="bbox 416 5269 1989 5347">
    <p class='ocr_par' dir='ltr' id='par_1_100' title="bbox 416 5269 1989 5347">
     <span class='ocr_line' id='line_1_100' title="bbox 416 5269 1989 5347; baseline 0.004 -25"><span class='ocrx_word' id='word_1_768' title='bbox 416 5270 477 5322; x_wconf 83' lang='grc' dir='ltr'><strong>τὸ</strong></span> <span class='ocrx_word' id='word_1_769' title='bbox 506 5269 733 5341; x_wconf 83' lang='grc' dir='ltr'>κύμινόν</span> <span class='ocrx_word' id='word_1_770' title='bbox 768 5288 827 5325; x_wconf 89' lang='grc' dir='ltr'><strong>τε</strong></span> <span class='ocrx_word' id='word_1_771' title='bbox 856 5272 951 5325; x_wconf 73' lang='grc' dir='ltr'>καὶ</span> <span class='ocrx_word' id='word_1_772' title='bbox 980 5272 1040 5325; x_wconf 84' lang='grc' dir='ltr'>τὸ</span> <span class='ocrx_word' id='word_1_773' title='bbox 1064 5273 1263 5346; x_wconf 78' lang='grc' dir='ltr'>ἄνηθον</span> <span class='ocrx_word' id='word_1_774' title='bbox 1287 5317 1300 5340; x_wconf 93' lang='grc'><strong>,</strong></span> <span class='ocrx_word' id='word_1_775' title='bbox 1333 5276 1428 5328; x_wconf 73' lang='grc' dir='ltr'>καὶ</span> <span class='ocrx_word' id='word_1_776' title='bbox 1458 5277 1565 5329; x_wconf 79' lang='grc' dir='ltr'>πᾶν</span> <span class='ocrx_word' id='word_1_777' title='bbox 1594 5275 1826 5347; x_wconf 84' lang='grc' dir='ltr'>λάχανον</span> <span class='ocrx_word' id='word_1_778' title='bbox 1861 5278 1989 5331; x_wconf 82' lang='grc' dir='ltr'>ἀπο-</span> 
     </span>
    </p>
   </div>
   <div class='ocr_carea' id='block_1_101' title="bbox 416 5363 1987 5439">
    <p class='ocr_par' dir='ltr' id='par_1_101' title="bbox 416 5363 1987 5439">
     <span class='ocr_line' id='line_1_101' title="bbox 416 5363 1987 5439; baseline 0.003 -24"><span class='ocrx_word' id='word_1_779' title='bbox 416 5363 788 5429; x_wconf 84' lang='grc' dir='ltr'>δεκατοῦντες,</span> <span class='ocrx_word' id='word_1_780' title='bbox 823 5365 920 5420; x_wconf 80' lang='grc' dir='ltr'>καὶ</span> <span class='ocrx_word' id='word_1_781' title='bbox 958 5365 1209 5435; x_wconf 83' lang='grc' dir='ltr'>ἀφιέντες</span> <span class='ocrx_word' id='word_1_782' title='bbox 1251 5366 1320 5421; x_wconf 90' lang='grc' dir='ltr'><strong>τά</strong></span> <span class='ocrx_word' id='word_1_783' title='bbox 1367 5366 1642 5439; x_wconf 86' lang='grc' dir='ltr'>βαρύτερα</span> <span class='ocrx_word' id='word_1_784' title='bbox 1672 5368 1766 5422; x_wconf 91' lang='grc' dir='ltr'><strong>τοῦ</strong></span> <span class='ocrx_word' id='word_1_785' title='bbox 1800 5368 1987 5439; x_wconf 89' lang='grc' dir='ltr'>νόμου,</span> 
     </span>
    </p>
   </div>
   <div class='ocr_carea' id='block_1_102' title="bbox 417 5452 1989 5529">
    <p class='ocr_par' dir='ltr' id='par_1_102' title="bbox 417 5452 1989 5529">
     <span class='ocr_line' id='line_1_102' title="bbox 417 5452 1989 5529; baseline 0.003 -23"><span class='ocrx_word' id='word_1_786' title='bbox 417 5452 516 5523; x_wconf 82' lang='grc' dir='ltr'>τὴν</span> <span class='ocrx_word' id='word_1_787' title='bbox 553 5454 756 5526; x_wconf 86' lang='grc' dir='ltr'>κρίσιν,</span> <span class='ocrx_word' id='word_1_788' title='bbox 803 5457 899 5510; x_wconf 75' lang='grc' dir='ltr'>καὶ</span> <span class='ocrx_word' id='word_1_789' title='bbox 945 5456 1008 5509; x_wconf 80' lang='grc' dir='ltr'>τὸ</span> <span class='ocrx_word' id='word_1_790' title='bbox 1054 5454 1222 5522; x_wconf 77' lang='grc' dir='ltr'>ἔλεος,</span> <span class='ocrx_word' id='word_1_791' title='bbox 1267 5456 1364 5510; x_wconf 71' lang='grc' dir='ltr'>καὶ</span> <span class='ocrx_word' id='word_1_792' title='bbox 1391 5456 1490 5528; x_wconf 80' lang='grc' dir='ltr'>τὴν</span> <span class='ocrx_word' id='word_1_793' title='bbox 1523 5456 1724 5511; x_wconf 85' lang='grc' dir='ltr'>πίστιν.</span> <span class='ocrx_word' id='word_1_794' title='bbox 1774 5458 1849 5510; x_wconf 82' lang='grc' dir='ltr'><strong>Οὐ</strong></span> <span class='ocrx_word' id='word_1_795' title='bbox 1883 5457 1989 5529; x_wconf 83' lang='grc' dir='ltr'><strong>γὰρ</strong></span> 
     </span>
    </p>
   </div>
   <div class='ocr_carea' id='block_1_103' title="bbox 416 5544 1990 5619">
    <p class='ocr_par' dir='ltr' id='par_1_103' title="bbox 416 5544 1990 5619">
     <span class='ocr_line' id='line_1_103' title="bbox 416 5544 1990 5619; baseline 0.004 -23"><span class='ocrx_word' id='word_1_796' title='bbox 416 5544 631 5614; x_wconf 76' lang='grc' dir='ltr'>ἔκρινον</span> <span class='ocrx_word' id='word_1_797' title='bbox 668 5546 926 5617; x_wconf 78' lang='grc' dir='ltr'>ὀρφανοῖς</span> <span class='ocrx_word' id='word_1_798' title='bbox 959 5546 1053 5598; x_wconf 78' lang='grc' dir='ltr'><strong>καὶ</strong></span> <span class='ocrx_word' id='word_1_799' title='bbox 1083 5547 1299 5616; x_wconf 80' lang='grc' dir='ltr'>χήραις.</span> <span class='ocrx_word' id='word_1_800' title='bbox 1343 5546 1644 5618; x_wconf 85' lang='grc' dir='ltr'>Ζητοῦντες</span> <span class='ocrx_word' id='word_1_801' title='bbox 1685 5547 1743 5601; x_wconf 82' lang='grc' dir='ltr'>δὲ</span> <span class='ocrx_word' id='word_1_802' title='bbox 1790 5549 1990 5619; x_wconf 83' lang='grc' dir='ltr'>μᾶλλον</span> 
     </span>
    </p>
   </div>
   <div class='ocr_carea' id='block_1_104' title="bbox 418 5634 1988 5709">
    <p class='ocr_par' dir='ltr' id='par_1_104' title="bbox 418 5634 1988 5709">
     <span class='ocr_line' id='line_1_104' title="bbox 418 5634 1988 5709; baseline 0.003 -22"><span class='ocrx_word' id='word_1_803' title='bbox 418 5635 568 5707; x_wconf 88' lang='grc' dir='ltr'><strong>παρά</strong></span> <span class='ocrx_word' id='word_1_804' title='bbox 600 5634 708 5690; x_wconf 86' lang='grc' dir='ltr'><strong>τῶν</strong></span> <span class='ocrx_word' id='word_1_805' title='bbox 738 5638 1125 5708; x_wconf 88' lang='grc' dir='ltr'>προσαγόντων</span> <span class='ocrx_word' id='word_1_806' title='bbox 1169 5637 1350 5702; x_wconf 80' lang='grc' dir='ltr'>αὐτοῖς</span> <span class='ocrx_word' id='word_1_807' title='bbox 1383 5638 1752 5709; x_wconf 86' lang='grc' dir='ltr'>ἀνταπόδομα,</span> <span class='ocrx_word' id='word_1_808' title='bbox 1776 5640 1988 5693; x_wconf 85' lang='grc' dir='ltr'>κατεδί-</span> 
     </span>
    </p>
   </div>
   <div class='ocr_carea' id='block_1_105' title="bbox 2100 4633 3672 4706">
    <p class='ocr_par' dir='ltr' id='par_1_105' title="bbox 2100 4633 3672 4706">
     <span class='ocr_line' id='line_1_105' title="bbox 2100 4633 3672 4706; baseline 0 -16"><span class='ocrx_word' id='word_1_809' title='bbox 2100 4638 2292 4693; x_wconf 87' lang='lat' dir='ltr'><strong>rando.</strong></span> <span class='ocrx_word' id='word_1_810' title='bbox 2331 4635 2469 4704; x_wconf 90' lang='lat' dir='ltr'><strong>Quin</strong></span> <span class='ocrx_word' id='word_1_811' title='bbox 2506 4645 2560 4692; x_wconf 89' lang='lat' dir='ltr'><strong>et</strong></span> <span class='ocrx_word' id='word_1_812' title='bbox 2593 4635 2793 4706; x_wconf 90' lang='lat' dir='ltr'><strong>alioqui</strong></span> <span class='ocrx_word' id='word_1_813' title='bbox 2824 4636 3016 4692; x_wconf 88' lang='lat' dir='ltr'><strong>attenti</strong></span> <span class='ocrx_word' id='word_1_814' title='bbox 3063 4636 3283 4691; x_wconf 78' lang='lat' dir='ltr'><strong>fuerunt</strong></span> <span class='ocrx_word' id='word_1_815' title='bbox 3314 4634 3380 4689; x_wconf 88' lang='lat' dir='ltr'><strong>ad</strong></span> <span class='ocrx_word' id='word_1_816' title='bbox 3425 4649 3537 4691; x_wconf 79' lang='lat' dir='ltr'><strong>rem</strong></span> <span class='ocrx_word' id='word_1_817' title='bbox 3574 4633 3672 4692; x_wconf 74' lang='lat' dir='ltr'><strong>Ju-</strong></span> 
     </span>
    </p>
   </div>
   <div class='ocr_carea' id='block_1_106' title="bbox 2100 4727 3674 4799">
    <p class='ocr_par' dir='ltr' id='par_1_106' title="bbox 2100 4727 3674 4799">
     <span class='ocr_line' id='line_1_106' title="bbox 2100 4727 3674 4799; baseline -0.001 -15"><span class='ocrx_word' id='word_1_818' title='bbox 2100 4728 2336 4784; x_wconf 76' lang='lat' dir='ltr'><strong>daeorum</strong></span> <span class='ocrx_word' id='word_1_819' title='bbox 2397 4728 2662 4799; x_wconf 76' lang='lat' dir='ltr'><strong>praefecti,</strong></span> <span class='ocrx_word' id='word_1_820' title='bbox 2720 4728 3031 4795; x_wconf 88' lang='lat' dir='ltr'><strong>cuminum,</strong></span> <span class='ocrx_word' id='word_1_821' title='bbox 3075 4727 3355 4792; x_wconf 83' lang='lat' dir='ltr'><strong>anethum,</strong></span> <span class='ocrx_word' id='word_1_822' title='bbox 3405 4736 3460 4782; x_wconf 91' lang='lat' dir='ltr'><strong>et</strong></span> <span class='ocrx_word' id='word_1_823' title='bbox 3512 4740 3674 4784; x_wconf 88' lang='lat' dir='ltr'><strong>omne</strong></span> 
     </span>
    </p>
   </div>
   <div class='ocr_carea' id='block_1_107' title="bbox 2099 4816 3670 4889">
    <p class='ocr_par' dir='ltr' id='par_1_107' title="bbox 2099 4816 3670 4889">
     <span class='ocr_line' id='line_1_107' title="bbox 2099 4816 3670 4889; baseline -0.002 -15"><span class='ocrx_word' id='word_1_824' title='bbox 2099 4818 2219 4874; x_wconf 88' lang='lat' dir='ltr'><strong>olus</strong></span> <span class='ocrx_word' id='word_1_825' title='bbox 2247 4819 2623 4884; x_wconf 90' lang='lat' dir='ltr'><strong>decumautes;</strong></span> <span class='ocrx_word' id='word_1_826' title='bbox 2661 4820 2913 4889; x_wconf 78' lang='lat' dir='ltr'><strong>graviora</strong></span> <span class='ocrx_word' id='word_1_827' title='bbox 2943 4827 3121 4873; x_wconf 89' lang='lat' dir='ltr'><strong>autem</strong></span> <span class='ocrx_word' id='word_1_828' title='bbox 3166 4816 3301 4886; x_wconf 87' lang='lat' dir='ltr'><strong>legis</strong></span> <span class='ocrx_word' id='word_1_829' title='bbox 3339 4818 3538 4889; x_wconf 77' lang='lat' dir='ltr'><strong>capita,</strong></span> <span class='ocrx_word' id='word_1_830' title='bbox 3580 4818 3670 4888; x_wconf 69' lang='lat' dir='ltr'><strong>ju-</strong></span> 
     </span>
    </p>
   </div>
   <div class='ocr_carea' id='block_1_108' title="bbox 2100 4907 3670 4979">
    <p class='ocr_par' dir='ltr' id='par_1_108' title="bbox 2100 4907 3670 4979">
     <span class='ocr_line' id='line_1_108' title="bbox 2100 4907 3670 4979; baseline 0 -12"><span class='ocrx_word' id='word_1_831' title='bbox 2100 4911 2321 4976; x_wconf 86' lang='lat' dir='ltr'><strong>dicium,</strong></span> <span class='ocrx_word' id='word_1_832' title='bbox 2360 4911 2809 4975; x_wconf 89' lang='lat' dir='ltr'><strong>misericordiam,</strong></span> <span class='ocrx_word' id='word_1_833' title='bbox 2838 4909 2994 4963; x_wconf 74' lang='lat' dir='ltr'><strong>[idem</strong></span> <span class='ocrx_word' id='word_1_834' title='bbox 3024 4909 3520 4979; x_wconf 78' lang='lat' dir='ltr'><strong>praetermittentes.</strong></span> <span class='ocrx_word' id='word_1_835' title='bbox 3557 4907 3670 4967; x_wconf 83' lang='lat' dir='ltr'><strong>Nec</strong></span> 
     </span>
    </p>
   </div>
   <div class='ocr_carea' id='block_1_109' title="bbox 2096 4999 3670 5071">
    <p class='ocr_par' dir='ltr' id='par_1_109' title="bbox 2096 4999 3670 5071">
     <span class='ocr_line' id='line_1_109' title="bbox 2096 4999 3670 5071; baseline -0.001 -15"><span class='ocrx_word' id='word_1_836' title='bbox 2096 5002 2239 5056; x_wconf 89' lang='lat' dir='ltr'><strong>enim</strong></span> <span class='ocrx_word' id='word_1_837' title='bbox 2269 5001 2527 5071; x_wconf 90' lang='lat' dir='ltr'><strong>orphanis</strong></span> <span class='ocrx_word' id='word_1_838' title='bbox 2544 5001 2882 5070; x_wconf 85' lang='lat' dir='ltr'><strong>judicabant,</strong></span> <span class='ocrx_word' id='word_1_839' title='bbox 2912 5014 3087 5070; x_wconf 89' lang='lat' dir='ltr'><strong>neque</strong></span> <span class='ocrx_word' id='word_1_840' title='bbox 3117 4999 3317 5066; x_wconf 79' lang='lat' dir='ltr'><strong>viduis,</strong></span> <span class='ocrx_word' id='word_1_841' title='bbox 3350 5001 3443 5057; x_wconf 90' lang='lat' dir='ltr'><strong>sed</strong></span> <span class='ocrx_word' id='word_1_842' title='bbox 3483 5011 3670 5069; x_wconf 83' lang='lat' dir='ltr'><strong>peten-</strong></span> 
     </span>
    </p>
   </div>
   <div class='ocr_carea' id='block_1_110' title="bbox 2097 5083 3666 5161">
    <p class='ocr_par' dir='ltr' id='par_1_110' title="bbox 2097 5083 3666 5161">
     <span class='ocr_line' id='line_1_110' title="bbox 2097 5083 3666 5161; baseline 0.001 -14"><span class='ocrx_word' id='word_1_843' title='bbox 2097 5102 2181 5147; x_wconf 90' lang='lat' dir='ltr'><strong>tes</strong></span> <span class='ocrx_word' id='word_1_844' title='bbox 2212 5090 2387 5161; x_wconf 89' lang='lat' dir='ltr'><strong>potius</strong></span> <span class='ocrx_word' id='word_1_845' title='bbox 2416 5083 2484 5147; x_wconf 85' lang='lat' dir='ltr'><strong>ab</strong></span> <span class='ocrx_word' id='word_1_846' title='bbox 2523 5092 2608 5146; x_wconf 89' lang='lat' dir='ltr'><strong>his</strong></span> <span class='ocrx_word' id='word_1_847' title='bbox 2650 5090 2741 5159; x_wconf 86' lang='lat' dir='ltr'><strong>qui</strong></span> <span class='ocrx_word' id='word_1_848' title='bbox 2783 5089 3058 5157; x_wconf 85' lang='lat' dir='ltr'><strong>oll‘errent,</strong></span> <span class='ocrx_word' id='word_1_849' title='bbox 3119 5091 3445 5157; x_wconf 83' lang='lat' dir='ltr'><strong>mercedem,</strong></span> <span class='ocrx_word' id='word_1_850' title='bbox 3500 5089 3666 5161; x_wconf 86' lang='lat' dir='ltr'><strong>impie</strong></span> 
     </span>
    </p>
   </div>
   <div class='ocr_carea' id='block_1_111' title="bbox 2094 5181 3665 5254">
    <p class='ocr_par' dir='ltr' id='par_1_111' title="bbox 2094 5181 3665 5254">
     <span class='ocr_line' id='line_1_111' title="bbox 2094 5181 3665 5254; baseline 0 -17"><span class='ocrx_word' id='word_1_851' title='bbox 2094 5181 2416 5253; x_wconf 89' lang='lat' dir='ltr'><strong>quandoque</strong></span> <span class='ocrx_word' id='word_1_852' title='bbox 2468 5181 2899 5238; x_wconf 82' lang='lat' dir='ltr'><strong>condemnabam</strong></span> <span class='ocrx_word' id='word_1_853' title='bbox 2950 5182 3148 5254; x_wconf 75' lang='lat' dir='ltr'><strong>injuste</strong></span> <span class='ocrx_word' id='word_1_854' title='bbox 3206 5195 3513 5251; x_wconf 87' lang='lat' dir='ltr'><strong>oppressos,</strong></span> <span class='ocrx_word' id='word_1_855' title='bbox 3563 5183 3665 5238; x_wconf 86' lang='lat' dir='ltr'><strong>ini-</strong></span> 
     </span>
    </p>
   </div>
   <div class='ocr_carea' id='block_1_112' title="bbox 2093 5273 3662 5344">
    <p class='ocr_par' dir='ltr' id='par_1_112' title="bbox 2093 5273 3662 5344">
     <span class='ocr_line' id='line_1_112' title="bbox 2093 5273 3662 5344; baseline 0.001 -18"><span class='ocrx_word' id='word_1_856' title='bbox 2093 5274 2414 5344; x_wconf 88' lang='lat' dir='ltr'><strong>qnissimum</strong></span> <span class='ocrx_word' id='word_1_857' title='bbox 2448 5274 2500 5329; x_wconf 90' lang='lat' dir='ltr'><strong>in</strong></span> <span class='ocrx_word' id='word_1_858' title='bbox 2525 5289 2618 5330; x_wconf 88' lang='lat' dir='ltr'><strong>eos</strong></span> <span class='ocrx_word' id='word_1_859' title='bbox 2652 5274 2918 5330; x_wconf 88' lang='lat' dir='ltr'><strong>calculum</strong></span> <span class='ocrx_word' id='word_1_860' title='bbox 2955 5288 3018 5329; x_wconf 88' lang='lat' dir='ltr'><strong>ac</strong></span> <span class='ocrx_word' id='word_1_861' title='bbox 3039 5273 3361 5330; x_wconf 88' lang='lat' dir='ltr'><strong>sententiam</strong></span> <span class='ocrx_word' id='word_1_862' title='bbox 3407 5274 3662 5330; x_wconf 79' lang='lat' dir='ltr'><strong>ferentes.</strong></span> 
     </span>
    </p>
   </div>
   <div class='ocr_carea' id='block_1_113' title="bbox 2094 5364 3664 5436">
    <p class='ocr_par' dir='ltr' id='par_1_113' title="bbox 2094 5364 3664 5436">
     <span class='ocr_line' id='line_1_113' title="bbox 2094 5364 3664 5436; baseline -0.001 -15"><span class='ocrx_word' id='word_1_863' title='bbox 2094 5365 2170 5421; x_wconf 86' lang='lat' dir='ltr'><strong>Ex</strong></span> <span class='ocrx_word' id='word_1_864' title='bbox 2199 5380 2263 5422; x_wconf 87' lang='lat' dir='ltr'><strong>eo</strong></span> <span class='ocrx_word' id='word_1_865' title='bbox 2302 5372 2481 5420; x_wconf 89' lang='lat' dir='ltr'><strong>autem</strong></span> <span class='ocrx_word' id='word_1_866' title='bbox 2521 5367 2662 5435; x_wconf 88' lang='lat' dir='ltr'><strong>quod</strong></span> <span class='ocrx_word' id='word_1_867' title='bbox 2710 5366 2913 5436; x_wconf 83' lang='lat' dir='ltr'><strong>injuste</strong></span> <span class='ocrx_word' id='word_1_868' title='bbox 2949 5364 3277 5435; x_wconf 75' lang='lat' dir='ltr'><strong>iudicarent,</strong></span> <span class='ocrx_word' id='word_1_869' title='bbox 3329 5371 3386 5419; x_wconf 89' lang='lat' dir='ltr'><strong>et</strong></span> <span class='ocrx_word' id='word_1_870' title='bbox 3432 5367 3664 5436; x_wconf 89' lang='lat' dir='ltr'><strong>turpiter</strong></span> 
     </span>
    </p>
   </div>
   <div class='ocr_carea' id='block_1_114' title="bbox 2094 5455 3664 5529">
    <p class='ocr_par' dir='ltr' id='par_1_114' title="bbox 2094 5455 3664 5529">
     <span class='ocr_line' id='line_1_114' title="bbox 2094 5455 3664 5529; baseline 0.001 -18"><span class='ocrx_word' id='word_1_871' title='bbox 2094 5458 2409 5513; x_wconf 88' lang='lat' dir='ltr'><strong>muneribus</strong></span> <span class='ocrx_word' id='word_1_872' title='bbox 2429 5458 2718 5524; x_wconf 86' lang='lat' dir='ltr'><strong>servirent,</strong></span> <span class='ocrx_word' id='word_1_873' title='bbox 2750 5458 2909 5512; x_wconf 87' lang='lat' dir='ltr'><strong>etiam</strong></span> <span class='ocrx_word' id='word_1_874' title='bbox 2941 5458 2995 5511; x_wconf 91' lang='lat' dir='ltr'><strong>in</strong></span> <span class='ocrx_word' id='word_1_875' title='bbox 3028 5458 3201 5529; x_wconf 88' lang='lat' dir='ltr'><strong>ipsum</strong></span> <span class='ocrx_word' id='word_1_876' title='bbox 3234 5455 3506 5512; x_wconf 89' lang='lat' dir='ltr'><strong>Christum</strong></span> <span class='ocrx_word' id='word_1_877' title='bbox 3536 5465 3664 5514; x_wconf 91' lang='lat' dir='ltr'><strong>sunt</strong></span> 
     </span>
    </p>
   </div>
   <div class='ocr_carea' id='block_1_115' title="bbox 2095 5547 3664 5619">
    <p class='ocr_par' dir='ltr' id='par_1_115' title="bbox 2095 5547 3664 5619">
     <span class='ocr_line' id='line_1_115' title="bbox 2095 5547 3664 5619; baseline 0 -16"><span class='ocrx_word' id='word_1_878' title='bbox 2095 5549 2295 5604; x_wconf 81' lang='lat' dir='ltr'><strong>furiose</strong></span> <span class='ocrx_word' id='word_1_879' title='bbox 2324 5550 2660 5606; x_wconf 88' lang='lat' dir='ltr'><strong>debacchati.</strong></span> <span class='ocrx_word' id='word_1_880' title='bbox 2697 5547 2768 5602; x_wconf 89' lang='lat' dir='ltr'><strong>Ut</strong></span> <span class='ocrx_word' id='word_1_881' title='bbox 2796 5548 2940 5604; x_wconf 89' lang='lat' dir='ltr'><strong>enim</strong></span> <span class='ocrx_word' id='word_1_882' title='bbox 2978 5564 3009 5602; x_wconf 89' lang='lat' dir='ltr'><strong>a</strong></span> <span class='ocrx_word' id='word_1_883' title='bbox 3050 5548 3260 5619; x_wconf 90' lang='lat' dir='ltr'><strong>populis</strong></span> <span class='ocrx_word' id='word_1_884' title='bbox 3297 5563 3522 5604; x_wconf 88' lang='lat' dir='ltr'><strong>munera</strong></span> <span class='ocrx_word' id='word_1_885' title='bbox 3562 5549 3664 5603; x_wconf 61' lang='lat' dir='ltr'><strong>lia&#39;</strong></span> 
     </span>
    </p>
   </div>
   <div class='ocr_carea' id='block_1_116' title="bbox 2093 5638 3657 5713">
    <p class='ocr_par' dir='ltr' id='par_1_116' title="bbox 2093 5638 3657 5713">
     <span class='ocr_line' id='line_1_116' title="bbox 2093 5638 3657 5713; baseline -0.001 -19"><span class='ocrx_word' id='word_1_886' title='bbox 2093 5640 2306 5707; x_wconf 88' lang='lat' dir='ltr'><strong>herent,</strong></span> <span class='ocrx_word' id='word_1_887' title='bbox 2336 5643 2504 5698; x_wconf 83' lang='lat' dir='ltr'><strong>vineae</strong></span> <span class='ocrx_word' id='word_1_888' title='bbox 2542 5641 2821 5697; x_wconf 87' lang='lat' dir='ltr'><strong>dominum</strong></span> <span class='ocrx_word' id='word_1_889' title='bbox 2874 5656 2979 5697; x_wconf 87' lang='lat' dir='ltr'><strong>non</strong></span> <span class='ocrx_word' id='word_1_890' title='bbox 3040 5650 3376 5713; x_wconf 87' lang='lat' dir='ltr'><strong>receperunt,</strong></span> <span class='ocrx_word' id='word_1_891' title='bbox 3426 5655 3546 5696; x_wconf 87' lang='lat' dir='ltr'><strong>eam</strong></span> <span class='ocrx_word' id='word_1_892' title='bbox 3603 5638 3657 5692; x_wconf 92' lang='lat' dir='ltr'><strong>in</strong></span> 
     </span>
    </p>
   </div>
   <div class='ocr_carea' id='block_1_117' title="bbox 487 5808 2327 5885">
    <p class='ocr_par' dir='ltr' id='par_1_117' title="bbox 487 5808 2327 5885">
     <span class='ocr_line' id='line_1_117' title="bbox 487 5808 2327 5885; baseline 0.005 -21"><span class='ocrx_word' id='word_1_893' title='bbox 487 5808 532 5841; x_wconf 85' lang='grc'><strong>⁶⁶</strong></span> <span class='ocrx_word' id='word_1_894' title='bbox 560 5808 746 5866; x_wconf 74' lang='lat' dir='ltr'><strong>Matth.</strong></span> <span class='ocrx_word' id='word_1_895' title='bbox 786 5827 876 5878; x_wconf 89' lang='lat' dir='ltr'><strong>xv,</strong></span> <span class='ocrx_word' id='word_1_896' title='bbox 910 5811 1023 5867; x_wconf 75' lang='grc'><strong>1-6.</strong></span> <span class='ocrx_word' id='word_1_897' title='bbox 1101 5813 1143 5845; x_wconf 75' lang='grc'><strong>⁵⁷</strong></span> <span class='ocrx_word' id='word_1_898' title='bbox 1179 5812 1332 5869; x_wconf 78' lang='lat' dir='ltr'><strong>Joan.</strong></span> <span class='ocrx_word' id='word_1_899' title='bbox 1365 5827 1415 5880; x_wconf 85' lang='grc' dir='ltr'><strong>ν,</strong></span> <span class='ocrx_word' id='word_1_900' title='bbox 1447 5813 1646 5881; x_wconf 68' lang='grc'>45,46.</span> <span class='ocrx_word' id='word_1_901' title='bbox 1725 5814 1768 5847; x_wconf 75' lang='grc'><strong>⁸⁸</strong></span> <span class='ocrx_word' id='word_1_902' title='bbox 1798 5814 1982 5873; x_wconf 83' lang='lat' dir='ltr'><strong>Matth.</strong></span> <span class='ocrx_word' id='word_1_903' title='bbox 2016 5830 2089 5884; x_wconf 70' lang='lat' dir='ltr'><strong>It,</strong></span> <span class='ocrx_word' id='word_1_904' title='bbox 2113 5816 2203 5885; x_wconf 69' lang='lat'><strong>28,</strong></span> <span class='ocrx_word' id='word_1_905' title='bbox 2225 5816 2327 5883; x_wconf 44' lang='lat'><strong>.29.</strong></span> 
     </span>
    </p>
   </div>
  </div>
