4132 6316
425 390 503 457 58
1452 404 1508 459 s.
1548 400 1825 460 CYRILLI
1865 405 2334 464 ALEXANDRINI
2368 402 2683 463 ARCHIEP.
3610 375 3680 457 sit

430 532 584 576 suam
626 520 845 590 proprie
879 520 987 592 27
1022 531 1222 579 sortem
1250 536 1586 594 sevocantes,
1632 542 1754 596 qua:
1808 527 1908 599 ipsi
1952 537 2007 582 et
2046 577 2062 599 ,

2046 577 2065 599 Δ
2109 526 2276 591 καξον
2309 528 2540 592 ἀνοσίως
2575 527 2684 581 τῶν
2714 521 3083 592 ἀδικουμένων
3109 516 3219 573 ἔσθ’
3245 518 3353 581 ὅτε,
3379 514 3562 586 ψῆφον
3585 515 3673 571 ἐπ’

427 577 645 682 quidem
677 577 777 670 adii
808 577 1120 672 deiiciatur.
1620 577 2005 676 ιέἷιιεὲὲξὲιῖ
2032 577 2059 633 Δ

2037 577 2073 633 Α
2905 577 3249 682 ὶκφέροντες.
3578 604 3669 659 τοῦ

431 719 454 754 ι
487 701 827 761 lnnocentem
855 720 916 761 ac
941 707 1145 777 justum
1174 725 1279 764 non
1307 711 1523 766 occides
1553 712 1621 776 ⁸⁸,
1671 729 1690 762 ι
1740 726 1860 766 eum
1913 720 1996 765 ta-

2105 711 2311 781 κρίνειν
2356 712 2556 774 ἀδίκως
2606 709 2700 763 καὶ
2745 704 2985 777 αἰσχρῶς
3027 700 3290 773 ἡττᾶσθαι
3345 695 3670 766 λημμάτων,

426 804 551 849 men
585 793 850 850 insontem
874 795 1187 868 iustumque
1215 798 1627 856 interfecerunt.

2099 803 2195 855 καὶ
2220 804 2300 866 είς
2329 802 2503 856 αὑτὸν
2549 799 2982 871 πεπαρῳνὴκασι
3009 796 3101 848 τὸν
3128 791 3381 864 Χριστόν.
3409 791 3527 842 ’Ίνα
3564 786 3673 857 γάρ

425 881 599 954 ἔχοιεν
643 885 743 951 τὰς
807 888 959 958 παρὰ
1016 890 1124 943 τῶν
1184 890 1330 945 λαῶν
1392 892 1726 964 δωροφορίας
1747 935 1762 959 ,
1807 895 1868 947 ού
1933 894 2278 965 προσήκαντο
2325 894 2416 949 τὸν
2458 896 2553 950 τοῦ
2610 892 2928 965 ἀμπελῶνος
2988 888 3287 957 δεσπότην»
3317 883 3446 937 ῐδιον
3486 880 3674 933 ποιού-

425 991 580 1050 μενοι
618 981 815 1053 κλῆρον
843 983 937 1037 τὸν
978 984 1128 1055 αύτῷ
1194 986 1287 1040 καὶ
1338 987 1485 1058 μόνῳ
1540 989 1824 1060 πρέποντα
1870 1006 1932 1043 τε
1970 989 2062 1044 καὶ
2100 988 2465 1060 ὀφειλόμενον.
2512 987 2869 1042 Ἀπεκτόνασι
2912 983 3022 1054 γὰρ
3059 980 3235 1036 ἀθῶον
3285 977 3413 1032 δντα
3457 974 3551 1030 καὶ
3597 971 3674 1024 δί-

423 1087 597 1138 καιον,
644 1073 822 1129 καίτοι
872 1075 967 1129 τοῦ
1011 1076 1178 1147 νόμου
1231 1077 1514 1147 λέγοντος·
1572 1100 1592 1132 ι
1645 1080 1845 1134 ’Δθῶον
1898 1081 1993 1136 καὶ
2024 1079 2233 1135 δίκαιον
2258 1082 2357 1137 οὐκ
2384 1082 2721 1144 ἀποκτενεῖς.
2759 1099 2780 1132 ι
3266 1132 3291 1141 _

499 1165 661 1222 Vens.
690 1166 783 1222 24.
823 1167 1036 1225 Idcirco
1087 1173 1199 1226 hare
1227 1173 1352 1227 dicit
1385 1174 1690 1230 dominator
1730 1175 1987 1230 Dominus

2167 1175 2270 1230 Διὰ
2313 1177 2488 1232 τοῦτο
2522 1174 2663 1230 τάδε
2699 1172 2860 1243 λέγει
2914 1175 2947 1226 ὁ
2988 1168 3290 1233 δεσπότης
3321 1162 3535 1231 Κύριος
3568 1163 3674 1213 Σα-

408 1254 650 1311 νδαιαοιΙι
674 1274 694 1313 ;
729 1256 816 1314 Vw
846 1258 1008 1327 fortes
1030 1260 1241 1317 Israel:
1277 1280 1378 1318 non
1413 1266 1634 1320 cessabit
1670 1268 1808 1322 enim
1840 1268 1991 1336 furor

2097 1269 2282 1323 ὅαώθσ
2323 1268 2463 1323 Οὐαί
2508 1270 2561 1323 οἱ
2591 1268 2907 1335 ἰσχύοντες
2957 1259 3237 1330 Ἰσραήλ²
3278 1258 3349 1310 οὐ
3377 1254 3671 1308 παύσεται

422 1363 568 1403 meus
640 1360 824 1405 contra
868 1353 1220 1421 adversarios,
1253 1366 1302 1410 et
1331 1355 1599 1426 judicium
1638 1359 1705 1412 de
1761 1360 1991 1413 inimicis

2097 1361 2209 1432 γάρ
2241 1378 2355 1428 μου
2391 1364 2423 1415 ό
2454 1358 2637 1429 θυμὸς
2661 1359 2731 1413 ἐν
2759 1357 2884 1424 τοῖς
2912 1351 3309 1416 ὑπεναντίοις,
3335 1346 3433 1401 καὶ
3471 1345 3673 1414 κρίσιν

421 1438 552 1492 ’παῖε
588 1436 804 1504 faciam.
2098 1454 2165 1506 ἐκ
2195 1452 2315 1507 τῶν
2337 1452 2566 1521 ἐχθρῶν
2586 1468 2703 1521 μου
2731 1448 2982 1515 ποιήσω.

493 1529 700 1585 Causas
734 1548 831 1588 cur
871 1534 1091 1602 perierit
1121 1535 1418 1593 Jerusalem
1454 1538 1620 1594 refert
1667 1540 1718 1594 in
1762 1555 1855 1595 eos
1900 1539 1992 1608 qui

2171 1545 2277 1599 Τοῦ
2313 1544 2683 1615 κατεφθάρθαι
2717 1542 2816 1613 τὴν
2863 1535 3216 1610 Ἰερουσαλὴμ
3252 1529 3536 1601 ἀνατίθησι
3572 1527 3672 1593 τὰς

424 1620 786 1691 principatum
825 1626 1159 1694 obtinebant,
1216 1637 1271 1683 et
1298 1644 1431 1686 sane
1484 1631 1700 1687 merito.
1739 1629 1993 1699 Sequitur

2099 1638 2277 1700 αἰτίας
2308 1638 2419 1700 τοῖς
2445 1633 2800 1706 καθηγεῖσθαι
2823 1628 3066 1702 λαχοῦσι,
3116 1626 3209 1680 καὶ
3250 1623 3393 1694 μάλα
3426 1622 3669 1682 εἰκότως.

424 1712 570 1767 enim
616 1712 737 1770 illos
777 1726 836 1771 ut
874 1718 1163 1786 plurimum
1199 1721 1387 1794 vulgus
1417 1724 1558 1792 quod
1604 1723 1734 1792 ipsis
1768 1725 1988 1778 subest:

2102 1726 2332 1779 Ἔπεται
2379 1725 2488 1795 γὰρ
2528 1723 2620 1775 ἐπὶ
2661 1722 2768 1774 πᾶν
2800 1720 2982 1780 αὐτοῖς
3023 1715 3083 1770 τὸ
3122 1714 3380 1784 ὑπήκοον·
3422 1708 3673 1778 καθάπερ

424 1804 878 1875 quemadmodum
908 1818 1057 1867 certe
1092 1820 1147 1868 et
1184 1823 1453 1883 pastores,
1484 1815 1685 1886 quibus
1723 1813 1999 1883 subjectus
2030 1803 2056 1863 ε

2041 1804 2072 1863 Β
2101 1816 2294 1887 ἀμέλει
2324 1816 2552 1878 καὶτοῖς
2581 1811 2801 1883 ποιμέσι
2837 1809 2904 1864 τὰ
2939 1807 3043 1862 ὑπὸ
3075 1807 3231 1877 χεῖρα
3264 1803 3577 1873 θρέμματα.
3610 1798 3673 1851 Εἰ

426 1903 534 1960 est,
563 1909 715 1966 grex.
738 1896 795 1952 Si
816 1899 959 1953 enim
987 1900 1053 1956 ad
1083 1902 1299 1972 pinguia
1325 1902 1444 1958 illos
1468 1913 1517 1958 et
1554 1904 1769 1973 cepiosa
1801 1903 1999 1973 praedia

2100 1911 2205 1980 γὰρ
2244 1907 2629 1978 ἀποκομίζοιεν
2672 1907 2753 1968 είς
2796 1901 2958 1957 πίονά
2997 1917 3054 1954 τε
3089 1897 3230 1953 αὺτά
3257 1896 3354 1950 καὶ
3385 1891 3674 1980 ἀμφιλαςξῇ

425 1989 713 2053 deducant,
742 1990 1036 2048 habiliores
1083 1995 1318 2056 evadent
1360 1995 1436 2050 illi
1460 2003 1516 2050 et
1557 1996 1696 2050 bene
1734 1994 1999 2064 saginati;

2099 1975 2290 2069 νομὴν,
2317 1975 2565 2067 εὕρωστά
2598 2012 2659 2048 τε
2693 1988 2803 2046 εἷεν
2845 1990 2911 2045 ἂν
2939 1988 3030 2043 καὶ
3065 1982 3311 2055 εὐτραφῆ
3347 1980 3487 2032 λίαν·
3529 1975 3675 2069 εἰῌδὲ

426 2078 512 2137 sin
561 2079 614 2134 in
664 2090 862 2137 terram
918 2083 1118 2139 salsam
1169 2094 1226 2139 et
1281 2085 1558 2153 spinarum
1612 2083 1880 2149 altricem,
1918 2084 2001 2137 in-

2099 2065 2179 2153 εἰς
2204 2065 2310 2158 γῆν
2348 2065 2562 2159 ἁλμάδα
2589 2085 2682 2139 καλ⁵
2709 2080 2959 2138 ἀκανθῶν
3000 2076 3229 2150 μητέρα,
3271 2065 3676 2159 καταφθεροῦσι

425 2169 546 2224 edia
586 2170 706 2226 illos
746 2173 973 2242 perdent
1017 2188 1082 2228 ac
1124 2174 1413 2244 periment.
1459 2175 1602 2230 Idem
1636 2185 1691 2230 et
1728 2174 1781 2229 in
1842 2172 1999 2228 nobis

2100 2156 2319 2242 πάντως
2368 2156 2510 2233 αύτὰ
2566 2176 2684 2238 ταῖς
2737 2168 3178 2242 κακοσιτ[ε]ίαις.
3227 2161 3480 2217 Τοιοῦτόν
3509 2176 3562 2212 τι
3590 2156 3674 2226 ἐφ’

426 2260 560 2332 ipsis
590 2276 780 2319 verum
801 2277 921 2320 esse
952 2265 1306 2321 inveniemus.
1346 2265 1480 2321 Nam
1533 2263 1997 2334 interpretationi-

2098 2269 2254 2341 ἡμῶν
2284 2267 2462 2324 αὐτῶν
2494 2266 2690 2336 ἀληθὲς
2729 2263 2789 2318 ὃν
2835 2262 3159 2333 εὑρήσομεν.
3201 2253 3536 2326 Είσηγήσεσι
3576 2249 3675 2321 μὲν

425 2355 527 2411 bus
559 2354 684 2425 illis,
721 2370 843 2426 qua:
884 2357 950 2411 ad
1000 2357 1405 2422 rectitudinem,
1455 2356 1735 2421 virtutem,
1791 2355 1996 2424 Deique

2096 2362 2203 2432 γὰρ
2226 2363 2344 2424 ταῖς
2379 2360 2460 2423 είς
2485 2356 2752 2429 ὀρθότητά
2775 2372 2835 2409 τε
2864 2353 2961 2409 καὶ
2992 2349 3193 2423 ἀρετὴν
3222 2348 3317 2402 καί¹
3343 2342 3675 2413 θεογνωσίαν

428 2446 676 2501 notitiam
709 2447 1039 2518 inculpatam
1095 2449 1390 2513 adducunt,
1451 2462 1603 2503 mens
1656 2461 1845 2503 eorum
1901 2445 1992 2515 qui

2097 2453 2394 2527 ἀμώμητον
2453 2453 2482 2504 ὁ
2521 2449 2629 2502 τῶν
2664 2440 3217 2514 ,παιδαγωγουμένων
3257 2434 3674 2527 καταπιαίνεται

427 2534 711 2591 initiantur
742 2544 797 2591 et
823 2535 1211 2603 informantur,
1237 2536 1562 2593 fecundatur
1592 2536 1748 2605 quasi
1784 2544 1840 2590 et
1872 2534 1993 2604 pin-

2095 2525 2238 2608 νοῦς.
2267 2543 2400 2605 Ταῖς
2423 2558 2486 2609 γε
2509 2539 2614 2610 μὴν
2640 2540 2719 2601 εἰς
2744 2534 3066 2605 ἀνοσιότητα
3086 2528 3437 2601 συμὸουλίαις
3464 2525 3674 2596 ἑτοιμό-

427 2625 680 2691 guescit:
714 2626 955 2681 consiliis
987 2641 1115 2682 vero
1146 2628 1212 2683 ad
1254 2628 1584 2695 impietatem
1629 2626 1993 2695 vergentibus,

2094 2652 2232 2691 τατα
2255 2634 2524 2705 καταρρεῖ
2554 2632 2690 2702 πρδς
2714 2630 2811 2701 τὴν
2832 2626 2941 2682 τῶν
2972 2622 3257 2694 αἰσχιόνων
3288 2617 3473 2690 ἐφεσίν
3500 2634 3561 2670 τε
3584 2615 3675 2669 καὶ

430 2715 499 2771 ad
551 2730 733 2772 rerum
799 2716 1103 2784 turpiorum
1180 2712 1504 2772 desiderium
1579 2716 1996 2784 aviditatemque

2096 2724 2424 2797 προθυμίαν.
2477 2721 2727 2777 Τοιοῦτόν
2779 2737 2833 2772 τι
2878 2714 3207 2776 πεπονθότες
3253 2713 3302 2765 οἱ
3355 2709 3415 2775 ἐξ
3460 2707 3675 2780 Ἰσραὴλ

428 2822 591 2876 quam
620 2806 875 2863 facillime
895 2808 1185 2864 delabitur.
1213 2807 1344 2864 Tale
1366 2808 1619 2878 quiddam
1647 2809 1790 2878 passi
1822 2807 1995 2864 Israe-

2129 2822 2216 2881 αῖς
2257 2816 2364 2870 τῶν
2416 2816 2456 2868 Γ
2462 2814 2793 2886 ραμματέων
2845 2812 2938 2866 καὶ
2992 2806 3298 2881 Φαρισαίων
3342 2802 3676 2874 παραδόσεσι
3748 2831 3758 2840 -

429 2899 539 2955 litat
593 2896 906 2955 Scribarum
939 2915 1004 2956 ac
1059 2899 1453 2961 Pharisazowm
1497 2899 1872 2973 traditionibus
1909 2907 1995 2953 at-

2097 2911 2189 2963 καὶ
2210 2906 2580 2969 διδασκαλίαις
2609 2907 2659 2958 οἱ
2692 2904 2918 2967 τάλανες
2940 2900 3274 2955 διολώλασιν.
3308 2898 3383 2951 Οὐ
3413 2895 3523 2966 γὰρ
3550 2894 3675 2947 εῐων

429 3005 539 3060 que
564 2989 850 3055 doctrinis,
891 2991 1074 3047 miseri
1103 2992 1489 3061 disperierunt.
1517 2990 1634 3045 Non
1669 2991 1812 3044 enim
1849 2989 1995 3046 sine-

2096 3002 2293 3063 αὐτοὺς
2339 2998 2436 3070 τὴν
2482 2996 2656 3068 ἀληθῆ
2705 2994 2800 3049 καὶ
2848 2993 3110 3064 σωτήριον
3153 2991 3287 3044 ίέναι
3334 2988 3541 3059 τρίϐον,
3577 2986 3676 3055 τὴν

426 3080 558 3136 bant
581 3097 674 3138 eos
703 3096 883 3139 veram
905 3091 961 3136 et
987 3083 1334 3139 servatricem
1358 3083 1497 3136 viam
1520 3082 1790 3146 insistere,
1816 3081 1982 3146 viam,
2032 3145 2058 3152 _

2044 3145 2062 3152 _
2095 3087 2181 3141 διά
2215 3086 2448 3148 πίστεως
2474 3084 2636 3152 λέγω,
2658 3082 2759 3152 τῆς
2797 3085 2877 3145 εἰς
2914 3080 3003 3134 τὸν
3036 3078 3239 3152 Κύριον
3273 3077 3431 3149 ἡμῶν
3470 3074 3676 3146 Ἰησοῦν

430 3173 680 3244 inquam,
714 3189 808 3244 per
841 3173 1024 3235 fidem.
1069 3190 1189 3244 quer
1221 3184 1306 3230 est
1341 3176 1394 3230 in
1437 3174 1720 3230 Dominum
1749 3145 1994 3230 nostrum
2022 3145 2062 3202 δ

2044 3145 2064 3202 3
2103 3177 2353 3248 Χριστόν.
2372 3145 2483 3246 Κᾴι
2510 3145 2640 3244 γοῦν
2674 3145 3042 3242 τεθεράπευκε
3078 3145 3176 3241 μέν
3198 3145 3383 3222 τὸν-εκ
3414 3145 3676 3236 γεννετῆς

428 3259 611 3320 Iesum
641 3264 941 3320 Christum.
973 3265 1250 3334 Siquidem
1278 3275 1469 3321 curato
1496 3280 1584 3329 eo,
1616 3267 1707 3335 qni
1748 3264 1818 3320 ab
1870 3273 1994 3320 ortu

2102 3269 2320 3338 τυφλὸν,
2370 3267 2465 3321 καὶ
2502 3264 2880 3336 τεθαυμάκασι
2930 3263 3028 3331 μὲν
3076 3264 3125 3315 oi
3160 3260 3302 3314 κατὰ
3350 3259 3527 3312 πᾶσαν
3578 3254 3677 3325 τὴν

428 3370 606 3411 caecus
631 3366 770 3423 erat,
789 3370 914 3411 cum
937 3371 1032 3425 per
1052 3366 1217 3412 totam
1238 3352 1540 3412 Jerusalem
1561 3358 1729 3413 divini
1753 3359 1996 3414 miraculi

2115 3359 2472 3431 Ἰερουσαλὴμ
2493 3358 2592 3428 τῆς
2627 3356 2949 3426 θεοσημείας
2985 3353 3046 3406 τὸ
3074 3353 3321 3424 μέγεθος,
3353 3348 3678 3420 κηρύττοντι

435 3445 862 3516 magnitudinem
884 3448 1303 3515 admirarentur,
1318 3464 1549 3519 cumque
1575 3450 1619 3505 is
1640 3452 1732 3519 qui
1758 3465 1790 3504 a
1812 3452 2000 3506 morbo

2102 3453 2160 3506 δὲ
2180 3451 2272 3505 τὸν
2303 3449 2483 3520 ἰατρὸν
2508 3448 2588 3519 τῷ
2610 3448 2703 3501 τοῦ
2732 3446 2938 3510 πάθους
2961 3443 3365 3514 ἀπηλλαγμένῳ
3385 3440 3678 3511 διαρρήδην

430 3538 695 3595 liberatus
724 3547 830 3604 est,
858 3540 1128 3595 medicum
1157 3540 1496 3610 praedicaret,
1547 3540 1751 3596 diserte
1794 3541 1997 3596 clama-

2104 3542 2341 3612 ἔφασκον
2395 3540 2445 3594 οἱ
2505 3540 2873 3608 παιδαγωγεῖν
2930 3537 3234 3606 ὀφείλοντες
3284 3535 3361 3597 εἰς
3398 3531 3656 3603 ἀλήθειαν

434 3639 563 3686 runt
582 3630 902 3699 hi,quorum
932 3647 1130 3689 munus
1155 3643 1274 3688 erat
1301 3633 1367 3686 ad
1398 3633 1673 3688 veritatem
1694 3632 1995 3689 instruere:

2111 3652 2130 3686 ι
2161 3633 2259 3697 Δὸς
2287 3631 2441 3696 δόξαν
2479 3631 2555 3700 τῷ
2585 3630 2725 3701 Θεῷ,
2755 3631 2914 3701 ἡμεῖς
2952 3628 3173 3698 οἴδαμεν
3220 3627 3303 3680 ὅτι
3332 3620 3485 3688 οὗτος
3524 3625 3552 3676 ὁ
3582 3621 3679 3676 ἇν-

438 3738 460 3775 σ
490 3723 565 3777 Da
591 3720 816 3791 gloriare
846 3722 974 3787 Deo,
1010 3737 1107 3778 nos
1158 3723 1361 3779 scimus
1392 3724 1534 3780 hunc
1572 3725 1841 3781 hominem
1876 3738 2001 3794 pec-

2105 3724 2320 3796 θρωπος
2336 3722 2660 3795 ἁμαρτωλός
2685 3723 2850 3775 ἐστιν.
2865 3739 2881 3772 ι
2904 3718 3366 3790 Ἐπιμαρτύρεται
3386 3716 3442 3768 δέ
3463 3732 3547 3777 τις
3568 3711 3679 3765 τῶν

432 3819 674 3866 calorem
702 3810 823 3865 esse
838 3810 906 3866 ⁷⁸.
943 3829 964 3865 ι
1003 3811 1257 3867 Testatur
1287 3822 1546 3882 praeterea
1578 3814 1793 3883 quidam
1822 3830 1852 3870 e
1877 3830 2000 3869 san-

2104 3814 2275 3885 ἀγίων
2313 3813 2743 3884 εὐαγγελιστῶν,
2777 3813 2859 3867 ὃτι
2893 3812 2993 3883 ἤδη
3027 3809 3391 3863 συνετέθειντο
3417 3808 3468 3862 οἱ
3499 3808 3683 3877 Γραμ-

430 3901 540 3963 etis
567 3901 917 3972 evangelistis
958 3901 1070 3970 jam
1112 3906 1429 3959 convenisse
1474 3903 1694 3960 Scribas
1728 3914 1782 3960 et
1812 3904 1999 3960 Phari-

2108 3887 2294 3979 ματεῖς
2322 3906 2414 3961 καὶ
2440 3908 2488 3960 oi
2508 3906 2810 3975 Φαρισαῖοι,
2842 3903 2930 3957 ἵνα
2951 3902 3045 3956 ἐάν
3072 3919 3155 3964 τις
3180 3899 3343 3966 αὐτὸν
3370 3898 3681 3971 ὁμολογήσῃ

427 4004 589 4059 meos,
643 4000 704 4048 ut
754 3993 846 4063 qui
885 3993 1034 4049 illum
1087 3993 1437 4051 confiteretur
1480 4011 1601 4052 esse
1626 3992 1931 4053 'Christum
1968 4014 1997 4054 a

2104 3999 2357 4072 Χριστὸν,
2391 3996 2814 4065 ἀποσυνάγωγος
2848 3994 3093 4065 γένηται.
3126 3990 3309 4063 Ταύτῃ
3343 4007 3422 4042 τοι
3457 3989 3551 4042 καὶ
3578 3987 3678 4059 τὴν

428 4085 811 4142 communione
836 4086 1096 4144 Ecclesia:
1138 4095 1533 4159 segregaretur.
1588 4088 1820 4156 Idcirco,
1868 4090 1998 4146 dum

2106 4092 2184 4156 είς
2212 4077 2471 4161 ἀλλήλους
2497 4087 2628 4143 αίδῶ
2662 4087 2764 4157 τῆς
2803 4087 3010 4140 ἑαυτῶν
3043 4084 3312 4155 σωτηρίας
3345 4080 3680 4135 ἀϐουλότατα

429 4177 691 4247 pudorem
723 4193 789 4236 ac
809 4182 1194 4247 reverentiam,
1217 4196 1379 4251 quam
1413 4198 1541 4254 erga
1571 4199 1629 4240 se
1661 4182 1760 4253 ipsi
1792 4184 1996 4239 habue-

2106 4181 2590 4256 προτετιμηκότες,
2629 4179 2884 4251 ἀμέτοχοι
2920 4177 3199 4240 παντελῶς
3227 4176 3326 4246 τῆς
3359 4172 3510 4245 παρά
3540 4171 3676 4225 Θεοῦ

431 4278 598 4335 runt,
652 4270 815 4326 saluti
877 4286 989 4328 sum
1050 4272 1546 4342 imprudentissime
1615 4276 1994 4344 anteferrent;

2110 4277 2448 4349 μεμενήκασι
2474 4272 2651 4344 δόξης.
2684 4273 2796 4328 Καὶ
2824 4270 2980 4325 τοῦτο
3006 4270 3189 4333 αὐτοῖς
3218 4267 3455 4336 ἔφασκεν
3499 4266 3527 4318 ὁ
3566 4264 3679 4316 Σω-

427 4361 654 4417 omnino
686 4360 871 4430 gloria:
915 4376 1035 4430 qua;
1066 4377 1095 4415 a
1128 4363 1236 4419 Deo
1283 4374 1369 4420 est
1414 4366 1604 4421 inanes
1642 4377 2001 4437 expertesque

2104 4371 2228 4443 τήρ·
2270 4387 2289 4420 ι
2331 4367 2454 4432 Πῶς
2481 4365 2709 4422 δύνασθε
2745 4362 3018 4419 πιστεύειν
3060 4361 3216 4426 δόξαν
3265 4358 3395 4429 παρ’
3434 4355 3678 4443 ἀλλήλων

430 4455 782 4511 exstiterunt.
811 4451 964 4520 Quod
992 4453 1100 4508 illis
1119 4455 1457 4509 denuntiavit
1483 4457 1774 4515 Servator:
1809 4478 1827 4510 ι
1854 4457 2000 4526 Quo-
2032 4498 2062 4554 ε

2045 4498 2076 4553 D
2106 4441 2490 4531 λαμϐάνοντες,
2520 4456 2616 4511 καὶ
2639 4456 2738 4526 τὴν
2760 4454 2916 4520 δόξαν
2942 4452 3040 4522 τὴν
3065 4450 3214 4521 παρά
3235 4448 3329 4503 τοῦ
3359 4448 3517 4518 μόνου
3542 4441 3677 4496 Θεοῦ

433 4547 597 4604 modo
642 4548 872 4617 potestis
910 4548 1153 4608 credere,
1203 4546 1430 4617 gloriam
1483 4563 1513 4603 a
1553 4549 1706 4605 vobis
1768 4551 1997 4608 invicem
2032 4537 2065 4554 ’³

2046 4537 2074 4553 ν
2105 4554 2166 4607 οὺ
2198 4555 2444 4622 (msice;
2481 4569 2500 4603 ι
2544 4549 2656 4604 Καὶ
2712 4547 2818 4619 μὴν
2874 4544 2968 4599 καὶ
3013 4542 3237 4617 ἑτέρωθι
3262 4559 3274 4569 ’
3314 4559 3334 4594 ι
3364 4537 3499 4592 0ύαὶ
3551 4537 3678 4606 ὑμῖν

433 4639 822 4709 percipientes,
853 4645 908 4691 et
936 4636 1189 4706 gloriam,
1229 4652 1349 4706 quae
1377 4653 1407 4691 a
1435 4638 1549 4693 solo
1581 4638 1689 4694 Deo
1734 4650 1838 4706 est,
1896 4659 2000 4698 non

2107 4646 2459 4716 Γραμματεῖς
2480 4644 2573 4697 καὶ
2599 4643 2877 4714 Φαρισαῖοι
2903 4636 3213 4707 ὑποκριταὶ,
3235 4635 3315 4688 ὅτι
3349 4631 3555 4686 κλείετε
3579 4630 3678 4701 τὴν

429 4730 796 4802 ηυεινεηιεετι
820 4730 843 4784 ἲ
866 4747 886 4782 ι
917 4729 984 4785 Ει
1011 4729 1175 4785 etiam
1206 4728 1402 4785 alicubi
1428 4747 1442 4783 ι
1480 4749 1499 4783 ι
1523 4729 1615 4787 Vm
1646 4732 1818 4797 vobis,
1848 4735 2000 4790 Scri-

2109 4735 2385 4808 βασιλείαν
2422 4733 2530 4788 τῶν
2557 4731 2851 4805 οὐρανῶν.)
2889 4728 3187 4784 Σκάνδαλον
3217 4726 3394 4779 τοίνυν
3423 4722 3677 4793 γεγόνασι

430 4824 517 4879 b2
544 4833 601 4879 et
629 4821 883 4878 Pharisaei
929 4821 1263 4894 hypocrita,
1300 4822 1555 4891 quoniam
1608 4825 1857 4880 clauditis
1918 4843 2003 4882 re-

2106 4829 2218 4891 τοῖς
2251 4825 2418 4890 λαοῖς,
2444 4825 2538 4877 καὶ
2570 4825 2634 4894 τῇ
2664 4822 2787 4893 δόξῃ
2817 4819 3051 4891 Χριστοῦ
3087 4816 3448 4888 πολεμοῦντες
3474 4814 3536 4867 οὐ
3565 4813 3678 4865 δια-

430 4930 598 4987 guum
640 4913 986 4970 caelorum".
1024 4932 1045 4966 ι
1098 4912 1422 4970 Scandalum
1475 4915 1640 4987 igitur
1694 4915 1825 4972 facti
1875 4928 2003 4973 sunt

2108 4915 2487 4989 λιμπάνουσιν.
2518 4912 2701 4983 Ταύτῃ
2729 4928 2811 4964 τοι
2841 4910 2968 4981 περὶ
2988 4907 3166 4964 αὐτῶν
3194 4920 3389 4978 φησιν·
3424 4924 3443 4956 ι
3468 4904 3603 4957 Οὐαὶ
3628 4904 3678 4955 oi

429 5002 648 5074 populo,
684 5012 741 5058 et
786 5011 974 5058 contra
1016 5003 1352 5073 maiestatem
1379 5004 1584 5061 Christi
1613 5006 1876 5063 continue
1904 5023 2004 5078 pu—

2106 5005 2398 5076 ίσχύοντες.
2424 5003 2499 5057 Οὐ
2522 5001 2790 5056 παύσεται
2818 5001 2925 5070 γάρ
2963 5016 3062 5071 μου
3093 5001 3122 5052 ὁ
3147 4996 3316 5068 θυμὸς
3350 4997 3414 5049 ἐκ
3438 4990 3547 5047 τῶν
3577 4993 3677 5045 ὐπ-

426 5103 615 5164 gnant.
643 5094 757 5166 28
784 5092 923 5150 Hinc
956 5094 1138 5165 itaque
1169 5097 1301 5152 dicit
1330 5097 1395 5153 de
1428 5097 1534 5154 illis
1561 5116 1575 5152 :
1627 5117 1647 5150 ι
1686 5097 1776 5155 Va;
1818 5110 2004 5169 poten-

2101 5096 2380 5159 εναντίων,
2417 5094 2511 5148 καὶ
2545 5091 2723 5163 κρίσιν
2760 5092 2823 5144 ὲκ
2851 5088 2958 5143 τῶν
2991 5087 3201 5160 ἐχθρῶν
3247 5103 3348 5156 μου
3383 5084 3614 5153 ποιήσω.
3656 5100 3674 5133 ι

428 5186 595 5243 tibus.
613 5184 731 5243 Non
764 5186 1002 5243 cessabit
1031 5187 1177 5242 enim
1206 5187 1359 5243 furor
1391 5204 1543 5245 meus
1578 5201 1766 5247 contra
1799 5192 2001 5259 hostes,

2112 5191 2275 5263 Ὁρᾷς
2298 5190 2445 5250 ὅπως
2469 5184 2745 5248 ἐναντίους
2767 5200 2825 5237 τε
2854 5182 3049 5244 αὐτοὺς
3078 5180 3171 5234 καὶ
3196 5178 3301 5250 μὴν
3325 5176 3418 5231 καὶ
3450 5174 3678 5246 ἐχθροὺς

427 5287 483 5332 et
520 5276 785 5347 judicium
824 5278 892 5334 de
933 5277 1167 5334 inimicis
1207 5278 1340 5335 meis
1368 5281 1655 5338 exercebo.
1711 5300 1731 5335 ›
1767 5281 2003 5339 Videsne

2100 5281 2391 5352 ὀνομάζει;
2443 5278 2553 5332 Καὶ
2590 5277 2675 5329 ἐπ’
2717 5275 2912 5337 αὐτοὺς
2966 5271 3028 5342 δὴ
3086 5270 3319 5342 μάλιστα
3369 5267 3438 5322 τὰ
3479 5269 3544 5319 ὲκ
3579 5265 3680 5333 τῆς

428 5382 537 5436 quo
569 5377 726 5437 pacto
750 5370 1097 5450 adversarios
1133 5369 1276 5437 illos,
1306 5379 1362 5424 et
1399 5371 1618 5441 quidem
1667 5373 1853 5428 hostes
1901 5390 1998 5442 ap-

2110 5370 2258 5433 θείας
2283 5369 2451 5441 ὀργῆς
2475 5364 2797 5437 δραμεῖσθαί
2826 5360 3167 5432 φησιν.Ἔδει
3198 5358 3327 5430 γὰρ,
3361 5356 3468 5450 ἔδει
3497 5353 3679 5450 μειζό-

428 5458 634 5527 pellet?
661 5457 727 5513 Et
758 5460 813 5515 in
831 5447 969 5519 illos
1011 5463 1248 5518 maxime
1284 5461 1523 5518 divinam
1573 5463 1707 5516 iram
1751 5463 1999 5518 incursuv

2109 5479 2213 5524 νως
2248 5458 2597 5526 κολάζεσθαι,
2645 5457 2738 5511 καὶ⁸
2772 5456 2899 5518 τοὺς
2925 5453 3064 5524 ὑπὲρ
3100 5451 3201 5521 τῆς
3225 5450 3333 5503 τῶν
3361 5447 3536 5504 ἄλλων
3569 5447 3676 5499 ἀπ-

428 5564 547 5604 ram
588 5564 654 5604 ac
683 5552 992 5609 saevituram
1018 5555 1116 5609 ait.
1152 5555 1259 5611 Par
1285 5554 1431 5610 enim
1464 5553 1584 5619 fuit,
1624 5568 1722 5622 par
1762 5552 1864 5607 fuit
1894 5555 2001 5623 ple-

2109 5552 2303 5614 ωλείας
2342 5552 2593 5622 ὑποσχεῖν
2638 5548 2717 5620 τῷ
2748 5547 2983 5618 κρίνοντι
3026 5544 3237 5615 λόγους.
3273 5541 3378 5606 Οὓς
3423 5537 3493 5611 ἦν
3531 5538 3679 5600 εἰκὸς

429 5640 501 5696 cti
552 5640 774 5711 gravius
802 5657 916 5707 eos,
957 5654 1014 5700 et
1051 5643 1321 5714 iudicanti
1370 5645 1612 5700 rationes
1663 5642 1887 5699 reddere
1934 5644 2001 5700 de

2108 5644 2361 5699 δύνασθαι
2386 5644 2478 5698 καὶ
2504 5639 2785 5706 διασώζειν
2818 5641 3033 5704 αὐτοὺς,
3066 5639 3221 5708 είπερ
3253 5636 3443 5710 ἡθελον
3464 5634 3602 5707 όρθά
3618 5650 3678 5687 τε

501 5795 547 5828 ⁸⁵
577 5794 748 5851 Exod.
774 5809 928 5863 um,
966 5796 1020 5850 ἴ.
1090 5796 1139 5835 τ⁰
1175 5794 1330 5851 Joan.
1360 5813 1436 5866 rs,
1469 5796 1555 5851 ii.
1633 5799 1677 5832 ⁷ι
1702 5796 1857 5854 Joan.
1890 5815 1942 5867 ν,
1992 5798 2081 5854 ii.

1095 5796 1139 5835 '°
1175 5794 1330 5851 Joan.
1360 5813 1436 5866 rs,
1469 5796 1555 5851 ii.
1633 5799 1677 5832 ⁷ι
1702 5796 1857 5854 Joan.
1890 5815 1942 5867 ν,
1992 5798 2081 5854 ii.
2163 5803 2200 5832 ι’
2233 5799 2424 5856 Matth.
2456 5814 2609 5865 χχιιι,
2648 5797 2727 5852 13.
