4134 6304
296 398 364 454 5'1
1461 400 1529 457 IN
1566 399 1801 458 ISAIAM
1842 399 1874 454 Ι.

2014 399 2058 456 ι.
2100 400 2308 458 orm.
2347 398 2391 456 ι.
3482 388 3552 444 58

301 521 524 591 φρονεῖν
572 518 744 587 αὐτοὶ,
779 522 874 577 καὶ
903 522 1016 586 τοῖς
1043 520 1226 587 ἀλλοις
1257 523 1460 578 ἅπασιν
1491 524 1591 596 τὴν
1622 525 1704 588 εις
1725 523 1874 578 τοῦτ(

1987 521 2218 577 aliorum
2245 519 2489 581 interitu,
2519 528 2682 585 quam
2706 512 2991 582 prohibere
3019 522 3082 563 ac
3109 505 3427 577 propulsare
3452 520 3554 576 po-

301 613 721 684 διακομίζουσαν
762 612 1073 680 καταδεῖξαι
1111 615 1317 687 τρίϐον.
1362 614 1661 685 Ἐπεφώνει
1709 616 1805 669 καὶ
1850 617 1874 669 ὁ

1983 612 2151 667 tuisse
2182 612 2348 679 ipsos,
2383 603 2676 662 verisimile
2707 611 2827 666 est,
2858 600 2903 656 si
2933 608 2990 657 et
3023 597 3122 666 ipsi
3157 604 3306 652 recte
3338 610 3552 665 sapere,

304 702 591 765 θεσπέσιος
625 703 878 775 Ἰωάννης
903 705 1089 769 αὐτοῖς
1116 705 1211 760 ἐπὶ
1228 703 1289 758 τὸ
1308 704 1410 775 τῆς
1430 703 1717 776 μετανοίας
1741 702 1874 757 ίοῦσι

1979 710 2033 758 et
2073 702 2284 756 caeteris
2329 697 2580 754 omnibus
2639 693 2828 750 callem
2859 707 2926 747 eo
2965 689 3351 759 perducentem
3396 703 3553 742 mon-

306 794 606 866 βάπτισμαν
642 816 662 848 ι
698 797 1015 869 Γεννήματα
1039 799 1285 869 ἐχιδνῶν,
1319 797 1401 862 τίς
1428 797 1706 862 ὑπέδειξεν
1729 798 1874 867 ὑμῖν¹

1979 803 2158 848 strare
2183 789 2504 844 voluissent.
2531 783 2868 842 Occlamavit
2897 790 2952 836 et
2977 780 3195 836 divinus
3225 776 3462 833 Joannes
3486 777 3554 831 ad

307 889 499 955 φυγεῖν
543 888 653 942 ἀπὸ
697 890 796 961 τῆς
819 891 1112 963 μελλούσης
1159 892 1366 962 ὀργῆςς
1403 911 1423 945 s
1465 892 1661 958 Γέγονε
1700 890 1874 944 τοίνυν

1979 880 2313 954 paenitentia:
2383 879 2649 949 baptisma
2710 874 3147 931 accedentibus:
3203 888 3222 922 ι
3264 869 3556 937 Progenies

309 975 584 1047 ἐκδίκησις
612 959 764 1050 παρά
793 959 926 1034 Θεοῦ
960 959 1102 1036 κατά
1281 959 1592 1053 ίσχυόντων·
1629 981 1874 1051 μάλιστα,

1979 977 2315 1045 viperarum,
2356 972 2478 1041 quis
2527 967 2852 1025 monstravit
2906 964 3061 1019 vobis
3122 971 3182 1017 ut
3232 959 3552 1031 fugeretisa

309 1067 455 1121 τοῦτ’
489 1067 601 1122 ἔστι
625 1109 640 1132 ,
665 1069 774 1123 τῶν
803 1073 932 1142 παρ’
956 1073 1139 1137 αὐτοῖς
1165 1072 1428 1138 δυνατῶν,
1460 1073 1628 1143 ἧγουν
1649 1071 1874 1143 ἡγουμέ-

1979 1065 2158 1122 futura
2189 1066 2268 1120 ira
2290 1063 2378 1117 ⁷⁸2
2405 1081 2425 1115 s
2456 1060 2680 1129 Sumpta
2715 1068 2798 1113 est
2826 1073 2956 1127 ergo
2989 1056 3123 1111 ultio
3152 1072 3180 1110 a
3217 1054 3326 1110 Deo
3359 1055 3427 1108 de
3460 1066 3556 1121 po-

313 1177 432 1225 νων,
469 1161 912 1236 καταδῃωθείσης
945 1163 1128 1217 αὐτῶν
1161 1165 1260 1234 τῆς
1311 1163 1497 1234 χώρας
1527 1165 1623 1217 καὶ
1646 1163 1874 1233 παραδο-

1981 1157 2216 1213 tantibus
2246 1153 2482 1209 maxime
2519 1149 2860 1221 praesidibus,
2891 1149 2942 1202 id
2979 1155 3084 1209 est,
3119 1145 3213 1215 qui
3259 1144 3399 1214 apud
3432 1143 3556 1198 illos

310 1252 492 1324 θείσης
543 1234 657 1319 τοῖς
702 1256 989 1326 Ῥωμαίων
1039 1255 1448 1327 γενναιοτάτοις
1495 1254 1874 1326 στρατεύμασι.

1979 1257 2136 1306 erant
2182 1253 2562 1318 praepotentes,
2620 1240 2872 1295 videlicet
2902 1238 3220 1308 principes;
3263 1235 3444 1291 deleta
3475 1234 3555 1299 ip-

307 1343 417 1398 Καὶ
450 1343 611 1399 τοῦτο
655 1325 838 1410 αὐτοῖς
881 1325 1314 1419 προμεμήνυκεν
1357 1346 1386 1398 ὀ
1419 1325 1628 1416 Σωτήίρο
1660 1364 1679 1396 ι
1719 1346 1874 1399 Ὅταν

1979 1356 2162 1396 sarum
2188 1339 2427 1407 regione,
2451 1345 2503 1390 et
2530 1330 2966 1404 generosissimis
2985 1327 3356 1383 Romanorum
3385 1325 3556 1395 copiis

310 1434 449 1488 ῐδετε
495 1436 873 1508 κυκλουμένην
920 1418 1027 1490 ὑπὸ
1072 1436 1444 1507 στρατοπέδων
1477 1435 1574 1503 τὴν
1616 1437 1874 1506 ⁹Ῑερουσα-

1979 1431 2248 1501 exposita.
2287 1425 2733 1496 Pmsigniﬁcarit
2770 1424 2902 1478 item
2951 1422 3061 1477 illis
3111 1420 3214 1474 hoc
3248 1418 3552 1474 Servator:

307 1523 579 1594 λὴμ,τότε
608 1527 786 1596 ἐρεῖτε
814 1527 925 1588 τοῖς
952 1527 1124 1597 ὄρεσι,
1146 1526 1424 1595 Καλύψατε
1450 1527 1597 1596 ἡμᾶς
1614 1541 1627 1557 ·
1651 1527 1745 1580 καὶ
1767 1526 1874 1589 τοῖς

1983 1544 2005 1579 ι
2030 1525 2166 1580 Cum
2185 1522 2431 1577 videritis
2446 1516 2743 1575 Jerusalem
2771 1516 2837 1569 ab
2852 1512 3096 1569 exercitu
3116 1509 3554 1570 circumsessam,

315 1616 543 1685 βουνοῖς,
573 1617 781 1671 Πέσατε
806 1618 890 1685 ἐφ’
927 1618 1087 1688 ἡμᾶς.
1116 1637 1136 1670 ι
1171 1618 1400 1688 Φοσερὸν
1430 1614 1523 1672 οὖν
1552 1618 1664 1689 ἄρα
1686 1618 1748 1671 τὸ
1777 1619 1874 1688 ἐμ-

1979 1629 2110 1676 tunc
2158 1615 2354 1673 dicetis
2386 1612 2659 1668 montibus
2691 1625 2708 1664 :
2742 1608 2963 1678 Operite
2993 1621 3126 1671 nos;
3178 1614 3235 1660 et
3270 1602 3502 1659 collibus
3536 1617 3553 1655 :

313 1710 500 1760 πεσεῖν
527 1709 607 1772 είς
639 1710 826 1781 χεῖρας
858 1709 987 1763 Θεοῦ
1032 1710 1254 1776 ζῶντος·
1281 1711 1377 1780 οὐχ
1409 1711 1492 1765 ὅτι
1527 1688 1761 1783 σκληρὸς
1789 1714 1874 1766 καὶ

1979 1714 2227 1772 Corruite
2250 1715 2302 1766 in
2335 1725 2432 1765 nos
2450 1711 2551 1777 τῖ’.»
2583 1706 2917 1762 Horrendum
2945 1688 3030 1760 est
3058 1703 3221 1774 igitur
3241 1703 3479 1757 incidere
3503 1702 3554 1756 in

312 1799 621 1869 ἀμείλικτος
642 1817 654 1830 ·
693 1801 924 1870 χρηστὸς
954 1802 1064 1872 γάρ
1108 1802 1310 1874 μᾶλλον
1354 1803 1448 1856 καὶ
1472 1802 1673 1870 ἀγαθός
1708 1805 1874 1857 ἐστιν·

1981 1821 2198 1862 manum
2231 1804 2326 1858 Dei
2373 1801 2601 1856 viventis
2626 1799 2734 1867 1";
2764 1814 2871 1853 non
2900 1797 3025 1866 quia
3050 1796 3218 1850 durus
3251 1805 3335 1850 est
3362 1805 3418 1848 et
3457 1795 3559 1848 im-

311 1887 427 1940 ἀλλ’
458 1888 537 1942 ὅτι
594 1888 840 1944 λυπεῖται
888 1890 1421 1963 καταφρονούμενος,
1475 1893 1606 1946 ὃταν
1653 1894 1874 1956 ἑαυτοὺς

1982 1895 2264 1966 placabilis
2292 1907 2309 1948 :
2346 1893 2613 1963 benignus
2635 1899 2720 1946 est
2743 1891 2887 1944 enim
2921 1889 3099 1958 potius
3128 1897 3182 1941 et
3216 1888 3389 1941 bonus
3417 1904 3430 1940 :
3462 1888 3556 1941 sed

311 1978 539 2046 μάλιστα
579 1982 687 2035 τῶν
722 1983 1036 2053 παράύτοῦ
1073 1984 1430 2056 χαρισμάτων
1465 1984 1874 2057 ἀποστεροῦμεν

1981 1987 2110 2056 quia
2154 1982 2457 2053 despicatui
2517 1996 2583 2036 ac
2626 1979 2960 2048 contemptui
3020 1978 3268 2041 habitus,
3333 1976 3558 2031 moleste

307 2070 482 2140 ἡμεῖς,
514 2073 689 2126 καίτοι
717 2073 890 2142 παρὸν
916 2074 1055 2129 ἑλεῖν
1081 2093 1141 2129 τε
1167 2077 1459 2140 πλουσίωςο
1487 2077 1582 2130 καὶ
1606 2077 1874 2147 ἐντρυφᾷν

1982 2078 2109 2143 fert,
2142 2077 2380 2130 maxime
2441 2073 2660 2143 quando
2692 2071 2793 2140 ipsi
2827 2086 2926 2125 nos
2949 2071 3200 2140 gratuitis
3236 2069 3353 2139 eius
3400 2069 3557 2123 donis

304 2162 481 2227 αὐτοῖς
501 2164 774 2236 ἑλομένοις
800 2168 967 2221 εἴκειν
990 2170 1104 2232 τοῖς
1133 2170 1266 2240 παρ’
1283 2168 1448 2224 αὐτοῦ
1471 2169 1676 2240 νόμοις.
1721 2171 1874 2224 Ἀπο-

1982 2169 2256 2239 privamus
2289 2182 2306 2221 :
2337 2166 2503 2221 etiam
2561 2178 2683 2219 cum
2713 2163 2874 2218 liceat
2936 2162 3043 2217 illis
3094 2161 3298 2215 affatim
3351 2159 3478 2225 frui,
3503 2168 3560 2214 et

305 2252 598 2322 σειομένοις
626 2273 686 2310 τε
714 2259 841 2322 τοὺς
867 2260 1138 2331 πονηροὺς
1166 2263 1260 2315 καὶ
1282 2263 1530 2328 ἀνοσίους
1553 2262 1662 2316 τῶν
1687 2265 1745 2316 ἐν
1773 2261 1881 2332 τῷ-

297 2341 354 2395 δε
384 2343 462 2415 τῷ
492 2346 592 2416 βίῳ
616 2347 991 2414 διδασκάλους·
1025 2352 1076 2406 οἳ
1100 2354 1195 2406 καὶ
1221 2354 1320 2424 τῆς
1343 2353 1582 2418 πίστεως
1601 2353 1701 2426 τὴν
1727 2354 1881 2426 ὀρθό-

291 2452 440 2506 τητα
466 2441 579 2502 τοῖς
611 2441 819 2494 ἑαυτῶν
851 2445 1060 2514 ῥήμασι
1099 2447 1400 2517 παραλύειν
1423 2448 1755 2517 ἐπείγονται,
1785 2448 1882 2501 καὶ

286 2532 421 2593 ’ταῖς
456 2531 567 2585 τῶν
593 2533 995 2607 ἀκεραιοτέρων
1034 2538 1238 2608 ψυχαῖς
1280 2539 1384 2609 τῆς
1414 2541 1625 2594 ἐαυτῶν
1656 2541 1879 2612 δυοτρο-

303 2619 436 2683 πίας
474 2622 566 2674 τὸν
598 2623 674 2676 ἰὸν
706 2625 1007 2693 ἐκχέοντες,
1043 2630 1490 2700 παρατρέπουσιν
1519 2633 1684 2697 αὐτάς
1708 2635 1788 2698 είς
1817 2636 1879 2688 τὸ

295 2708 414 2763 δεῖν
440 2711 662 2766 ἑλέσθαι
681 2715 751 2767 τά
773 2719 1003 2788 πονηρά.

372 2885 486 2939 Kal
515 2887 721 2952 ἐπάξω
754 2889 869 2958 τὴν
889 2892 1058 2961 χεῖρά
1082 2911 1202 2963 μου
1227 2895 1322 2951 ἐπὶ
1356 2897 1452 2964 σὲ,
1484 2900 1581 2954 καὶ
1619 2904 1875 2970 πυρώσω

309 2991 382 3029 σε
419 2980 508 3043 εις
536 2979 811 3048 καθαρὸν,
844 2981 984 3048 τοὺς
1030 2982 1098 3036 δὲ
1135 2986 1530 3055 ἀπειθοῦντας
1569 2992 1871 3060 ἀπολέσω,

308 3069 408 3123 καὶ
453 3070 679 3137 πάντας
727 3074 1152 3143 ὑπερηφάνους
1196 3080 1562 3134 ταπεινὼσω’
1604 3084 1701 3137 καὶ
1749 3086 1874 3139 ἐπι-

305 3160 512 3227 στήσω
562 3162 702 3228 τοὺς
754 3164 957 3232 κριτάς
1005 3181 1143 3234 σου,
1185 3170 1266 3234 ὡς
1301 3173 1369 3224 τὸ
1417 3174 1723 3242 πρότερον,
1772 3177 1869 3229 καὶ

302 3252 438 3320 τοὺς
474 3256 857 3323 συμϐούλους
883 3275 1003 3313 σου
1040 3261 1122 3325 ὡς
1159 3261 1225 3314 τὸ
1253 3263 1552 3333 ἀπαρχῆς.
1587 3266 1694 3320 Καὶ
1724 3267 1873 3334 μετὰ

299 3345 483 3399 ταῦτα
522 3348 808 3419 κληθήσῃ
848 3353 1026 3419 πόλις
1067 3354 1476 3424 δικαιοσύνης,
1505 3360 1875 3426 μητρόπολις

298 3436 483 3505 πιστὴ
521 3437 692 3493 Σιών.
745 3440 906 3494 Μετὰ
955 3444 1066 3511 τὰρ
1113 3445 1396 3513 κρίματος
1443 3449 1783 3514 σωθήσεται
1835 3454 1874 3520 ἡ

295 3528 676 3595 αἱχμαλωσία
719 3529 931 3599 αὐτῆς,
964 3533 1063 3586 καὶ
1095 3536 1244 3602 μετὰ
1287 3536 1725 3608 ἑλεημοσύνης.
1761 3542 1874 3597 Kal

296 3619 804 3686 συντριϐιῖσονται
828 3625 882 3675 οἱ
919 3623 1129 3692 ἄνομοι
1169 3628 1266 3680 καὶ
1293 3630 1347 3681 οἱ
1367 3629 1701 3700 ἁμαρτωλοὶ
1729 3631 1872 3701 ἅμα,

299 3707 399 3761 καὶ
441 3711 496 3762 οι
528 3709 1062 3782 ἐγκαταλείποντες
1090 3716 1198 3772 τὸν
1223 3720 1444 3789 Κύριον
1466 3724 1876 3791 συντελεσθῆ-

206 3809 215 3816 ’
297 3814 536 3855 σοντιιι.

383 3890 751 3988 ῬΞπάγειιτὴν
798 3895 952 3964 χεῖρα
999 3896 1162 3950 αὑτοῦ
1201 3897 1351 3964 Θεὸς,
1401 3899 1477 3963 ὡς
1514 3899 1873 3970 πλήττουσαν·

298 3979 538 4031 τοιοῦτον
569 3979 676 4048 γάρ
703 3999 820 4044 πως
847 3983 935 4036 ἀεὶ
961 3984 1069 4037 τῶν
1090 3989 1401 4044 τυπτόντων
1430 3990 1491 4043 τὸ
1517 3991 1724 4061 σχῆμα.
1754 3992 1876 4045 Ὅτι

300 4071 400 4123 οὐκ
419 4073 673 4142 ἀνόνητος
697 4073 848 4127 ἔσται
872 4076 1147 4142 παντελῶς
1175 4080 1357 4145 αὐτοῖς
1381 4083 1414 4150 ἡ
1440 4083 1538 4153 τῆς
1569 4084 1748 4155 χειρὸς
1775 4087 1875 4136 ἐπ-

301 4164 515 4234 αγωγὴ,
540 4164 679 4218 τοῦτ’
715 4166 880 4231 ἔστιν,
917 4171 950 4240 ὴ
978 4170 1085 4223 τῶν
1114 4171 1302 4226 δεινῶν
1328 4173 1515 4243 ἔφοδος
1549 4193 1606 4228 τε
1637 4178 1730 4231 καὶ
1755 4180 1874 4230 πετο

305 4273 395 4326 ρα,
423 4255 544 4309 οὔτε
576 4257 678 4327 μὴν
699 4259 1026 4333 ἀδιακρίτως
1054 4262 1225 4317 ἅπασι
1261 4267 1328 4320 τὰ
1367 4268 1426 4333 ἐξ
1459 4269 1626 4337 ὀργῆς
1668 4271 1877 4340 συμϐή-

303 4367 475 4413 σεται,
531 4353 811 4422 φροντίδος
849 4354 904 4407 δὲ
956 4357 1050 4410 καὶ
1094 4358 1307 4425 φειδοῦς
1356 4360 1578 4424 ἀξιώσει
1625 4364 1750 4426 τοὺς
1789 4381 1878 4416 πε-

307 4443 679 4509 πιστευκότας,
709 4446 802 4498 καὶ
828 4448 941 4508 τοῖς
967 4447 1208 4526 γνησίοις
1235 4451 1396 4502 ἁπονε
1406 4453 1526 4518 μεῖν
1558 4451 1657 4522 τὴν
1681 4454 1773 4505 ἐπὶ
1801 4453 1878 4524 τῷ

1981 2256 2388 2322 circumfluere,
2452 2254 2612 2309 modo
2647 2253 2855 2323 legibus
2904 2254 2972 2307 ab
3008 2251 3125 2321 ipso
3179 2251 3303 2305 latis
3344 2264 3554 2318 parere,

1982 2349 2260 2420 improbos
2307 2362 2373 2402 ac
2402 2345 2596 2415 impios
2630 2357 2812 2399 rerum
2857 2343 2925 2398 ad
2974 2343 3139 2397 vitam
3171 2342 3556 2410 pertinentium

1982 2452 2341 2513 praeceptores
2419 2452 2607 2493 arcere
2672 2437 2728 2492 in
2801 2437 3041 2491 animum
3121 2435 3554 2498 induceremus;

1979 2532 2073 2603 qui
2108 2543 2220 2586 tum
2269 2530 2390 2585 fidei
2442 2528 2810 2585 sinceritatem
2874 2528 2987 2581 suis
3051 2526 3228 2580 verbis
3271 2537 3554 2585 enervare,

1979 2621 2245 2690 quasique
2275 2620 2464 2674 luxere
2524 2618 2810 2673 nituntur:
2853 2626 2962 2670 tum
3021 2613 3414 2684 simpliciorum
3441 2612 3559 2665 aui-

1980 2712 2082 2767 mis
2107 2728 2221 2767 sute
2274 2712 2647 2781 perversitatis
2681 2713 2832 2765 virus
2891 2711 3241 2766 infundentes
3277 2710 3331 2764 in
3367 2707 3554 2778 gravia

1978 2803 2119 2858 mala
2156 2804 2482 2872 detorquent
2510 2812 2566 2857 et
2591 2811 2864 2857 avertunt.

2046 2897 2211 2952 Vens.
2272 2894 2458 2950 25-28.
2500 2892 2570 2946 Et
2613 2893 2867 2947 inducam
2913 2909 3127 2946 manum
3182 2906 3351 2945 meam
3401 2906 3558 2959 super

1976 2999 2042 3053 te,
2077 2998 2124 3042 et
2165 3002 2454 3056 excoquam
2485 2995 2534 3038 te
2565 2985 2636 3037 ad
2676 3000 2866 3052 parum
2914 3000 2932 3036 :
2982 2983 3335 3036 inobedientes
3384 2992 3555 3034 autem

1974 3078 2214 3147 perdam,
2262 3087 2308 3131 et
2334 3091 2511 3129 omnes
2564 3074 2809 3142 superbos
2852 3073 3165 3138 deprimant.
3195 3074 3263 3124 Et
3293 3070 3556 3136 imponam

1969 3172 2175 3240 judices
2207 3177 2323 3221 tuos
2349 3176 2403 3219 ut
2424 3166 2595 3233 prius,
2619 3174 2665 3217 et
2692 3163 3024 3217 consiliarios
3043 3173 3158 3214 tuos
3193 3170 3247 3214 ut
3278 3160 3340 3212 ab
3367 3159 3544 3213 initio.

1979 3261 2046 3314 Et
2092 3269 2203 3328 post
2258 3262 2368 3310 lucc
2396 3253 2659 3309 vocaberis
2717 3252 2897 3306 civitas
2935 3251 3193 3320 justitite,
3244 3248 3547 3316 metropolis

1977 3355 2147 3424 ﬁdelis
2179 3350 2332 3406 Sion.
2386 3348 2519 3403 Cum
2545 3345 2752 3415 judicio
2797 3346 2934 3398 enim
2960 3344 3254 3397 servabitur
3280 3342 3554 3410 captivitas

1978 3450 2160 3516 ipsius.
2186 3454 2235 3499 et
2261 3460 2377 3497 cum
2396 3439 2781 3495 misericordia.
2809 3436 2873 3490 Et
2897 3447 3261 3490 convertentur
3290 3436 3459 3504 iniqui
3491 3452 3553 3488 ac

1976 3547 2267 3606 peccatores
2335 3531 2532 3596 simul,
2583 3539 2630 3584 et
2671 3529 2760 3598 qui
2824 3528 3208 3598 dereliquerunt
3266 3526 3549 3581 Demittunt

1977 3637 2372 3682 consumantur.

2048 3908 2256 3965 inducit
2287 3922 2502 3962 manum
2561 3920 2712 3961 suam
2746 3905 2908 3971 Deus,
2942 3912 3129 3973 utpote
3173 3902 3476 3956 ferientem.
3507 3900 3553 3953 Is

1977 4003 2121 4058 enim
2146 4016 2363 4071 semper
2409 4010 2491 4053 est
2540 4008 2722 4069 gestus
2763 3995 2873 4066 29
2924 3995 3364 4064 percutientiu'm.
3401 3992 3551 4057 Quod

1978 4104 2158 4149 autem
2192 4107 2413 4161 prorsus
2442 4105 2549 4144 non
2586 4091 2690 4142 erit
2726 4089 2843 4141 sine
2877 4088 3054 4138 fructu
3097 4086 3212 4138 haec
3265 4097 3457 4136 manus
3498 4083 3550 4135 in

1978 4203 2071 4242 eos
2102 4185 2362 4247 inductio,
2395 4185 2497 4237 hoc
2529 4191 2649 4243 est,
2715 4194 2894 4231 rerum
2929 4179 3280 4231 adversarum
3314 4177 3553 4229 incursio

1990 4284 2043 4330 et
2096 4275 2341 4335 tentatio,
2378 4286 2476 4324 nec
2528 4269 2838 4339 promiscue
2864 4267 3115 4320 omnibus
3150 4266 3264 4319 haec
3291 4265 3553 4335 supplicia

1980 4366 2246 4426 accident,
2280 4363 2372 4417 sed
2418 4361 2559 4429 quod
2597 4358 2880 4416 credentes
2907 4373 3036 4412 cura
3085 4367 3140 4412 et
3180 4357 3551 4412 misericordia

1980 4458 2251 4526 dignetur,
2295 4463 2349 4508 et
2376 4453 2623 4523 genuinis
2678 4451 2803 4505 filiis
2837 4451 3186 4505 servatricem
3225 4450 3450 4519 gratiam
3483 4448 3555 4502 sit

302 4550 368 4601 γε
418 4535 524 4587 δεῖν
570 4535 928 4600 διασώζεσθαι
969 4539 1129 4610 χάριν
1175 4541 1414 4596 διδάσκει
1464 4544 1665 4611 σαφῶς.
1704 4546 1874 4600 Πάλαι

1983 4549 2293 4617 largiturus,
2331 4546 2477 4600 clare
2510 4547 2682 4599 docet.
2719 4545 2927 4600 Etenim
2948 4542 3252 4597 Jerusalem
3277 4543 3401 4595 olim
3439 4542 3548 4593 Deo

305 4623 406 4692 μὲν
425 4623 532 4696 γάρ
551 4627 586 4696 ἡ
615 4627 876 4698 θεομάχος
911 4629 1262 4702 Ἰερουσαλὴμ
1290 4633 1689 4705 ἐκπεπὸρνευκε
1713 4637 1874 4689 πολυ-

298 4715 520 4785 τρόπως
540 4717 628 4772 se:
646 4720 738 4773 τοῦ
765 4720 1054 4794 λατρεῦσαι
1084 4723 1226 4788 θεοῖς
1254 4723 1478 4796 ἑτέροις,
1509 4730 1788 4800 ἐπήγαγεν
1818 4731 1874 4784 δὲ

297 4808 439 4877 αὐτῇ
476 4805 574 4878 τὴν
605 4810 760 4878 χεῖρα
795 4811 946 4875 Θεὸς,
977 4814 1072 4867 καὶ
1106 4814 1293 4885 ὥσπερ
1328 4818 1433 4870 τινὶ
1477 4821 1608 4891 πυρὶ
1650 4824 1770 4882 ταῖς
1810 4822 1873 4873 ἐκ

298 4898 391 4952 τοῦ
438 4899 680 4970 πολέμου
718 4904 1003 4973 παρεδίδου
1046 4910 1366 4977 συμφοραῖς.
1423 4911 1636 4983 Ἐπειδὴ
1679 4912 1735 4964 δὲ
1777 4913 1873 4964 πέ-

296 5009 518 5061 πομφεν
565 4993 627 5058 ἐξ
673 4993 898 5066 οὐρανοῦ
939 4998 1031 5051 τὸν
1079 4999 1203 5053 Υἰὸν
1240 5001 1269 5052 ὁ
1303 5001 1491 5072 Πατὴρ
1520 5003 1749 5073 Σωτῆρα
1780 5004 1874 5056 καὶ¹

296 5085 615 5158 Λυτρωτὴν,
664 5083 781 5141 εἶτα
819 5093 1218 5162 πεπαρῴνηκεν
1254 5095 1334 5156 είς
1366 5096 1548 5162 αὑτὸν,
1589 5096 1682 5150 καὶ
1721 5096 1788 5149 τὰ
1815 5096 1874 5162 ἐξ

297 5177 537 5247 ἀκράτου
580 5179 864 5251 πέπρακεν
897 5185 1175 5248 ἀπονοίας.
1212 5186 1287 5239 Οὐ
1331 5187 1631 5242 διαλέλοιπέ
1664 5206 1722 5242 τε
1756 5194 1873 5253 ταῖς

299 5269 598 5335 ἁπειθείαις
635 5273 845 5342 ἀγρίως
888 5277 1329 5347 περιυϐρίζουσα,
1363 5279 1537 5333 καίτοι
1564 5281 1871 5337 δικαιοῦντα

297 5359 386 5413 τὸν
417 5361 612 5434 ἀσεϐῆ,
647 5365 742 5417 καὶ
779 5365 888 5419 τῶν
919 5367 1160 5438 ἀρχαίων
1189 5369 1672 5441 πλημμελημάτων
1700 5375 1871 5428 ἀπαλ-

296 5453 556 5508 λάττοντα
605 5456 693 5510 διὰ
745 5461 844 5528 τῆς
889 5461 1141 5525 πίστεως.
1184 5463 1460 5533 Ἐπήγαγε
1499 5463 1555 5516 δὲ
1594 5466 1727 5535 αὐτῇ
1775 5466 1872 5535 τὴν

295 5547 453 5616 χεῖρα
482 5547 658 5613 πάλιν,
695 5552 790 5604 καὶ
817 5547 925 5605 οἷόν
949 5571 1031 5618 τις
1055 5555 1303 5625 τεχνίτης
1334 5555 1600 5626 διέκρινεν
1626 5557 1682 5608 ἐν
1720 5559 1871 5625 πυρκ,

295 5639 388 5689 καὶ
419 5637 567 5694 ἅπαν
607 5642 708 5713 μὲν
751 5645 874 5698 ὅσον
917 5643 981 5717 ἦν
1029 5649 1088 5701 ἐν
1117 5648 1252 5718 αὐτῇ
1289 5648 1657 5718 δοκιμώτατόν
1695 5667 1752 5701 τε
1785 5652 1877 5701 καὶ

360 5820 406 5854 ⁷³
434 5819 627 5877 Matth.
674 5838 760 5887 ιιι,
790 5824 841 5876 7.
917 5824 960 5856 7"
1006 5825 1140 5881 Luc.
1175 5842 1288 5894 XXI,
1340 5827 1605 5891 9.0;xxm,
1640 5828 1724 5880 ὖυ.

1982 4653 2310 4707 repugnans,
2349 4653 2470 4691 cum
2501 4637 2705 4690 alienos
2733 4636 2860 4689 deos
2919 4635 3144 4689 colendo
3183 4632 3551 4698 multipliciter

1981 4739 2214 4786 scortata
2254 4731 2465 4793 fuisset,
2499 4745 2714 4782 manum
2755 4728 2803 4781 ei
2838 4729 2974 4781 Deus
3009 4727 3239 4788 induxit,
3269 4737 3324 4777 et
3359 4725 3409 4776 in
3430 4725 3550 4778 belli

1981 4824 2320 4878 calamitates
2362 4832 2614 4888 tanquam
2670 4820 2721 4871 in
2764 4821 2938 4887 ignem
2974 4818 3256 4884 quemdam
3300 4816 3549 4884 conjreit.

1979 4916 2223 4984 Cumque
2249 4913 2441 4967 deinde
2479 4912 2635 4964 Pater
2666 4909 2856 4962 Filium
2882 4923 2912 4960 c
2937 4907 3074 4959 cwlo
3107 4906 3264 4961 nobis
3294 4907 3548 4968 misisset,

1981 5010 2327 5060 Servatorem
2397 5018 2460 5057 ac
2546 5001 2986 5067 Redemptorem,
3035 5007 3254 5068 tumque
3312 4999 3366 5051 in
3426 5012 3549 5050 eum

1981 5099 2240 5153 bacchata
2274 5103 2417 5149 esset
2460 5092 2687 5155 furiose,
2727 5106 2899 5157 eaque
2939 5104 3002 5142 ex
3039 5092 3320 5159 impotenti
3366 5099 3548 5158 patra—

1982 5200 2062 5244 ret
2095 5187 2354 5250 amentia,
2408 5200 2505 5239 nec
2559 5184 2834 5236 desineret
2866 5196 2959 5250 per
2993 5181 3410 5235 inobedientiam
3468 5181 3547 5234 in—

1977 5282 2113 5350 signi
2138 5277 2460 5333 contumelia
2490 5276 2706 5331 allicere
2732 5292 2876 5341 eum,
2903 5276 2992 5345 qui
3027 5275 3242 5343 impium
3262 5271 3542 5343 justificat,

1979 5383 2030 5424 et
2064 5385 2094 5424 a
2130 5369 2407 5422 veteribus
2456 5366 2674 5435 ﬂagitiis
2734 5384 2830 5436 per
2863 5369 3020 5421 fidem
3056 5367 3281 5429 liberat;
3337 5363 3548 5418 induxit

1979 5462 2026 5513 ei
2067 5476 2283 5513 tirenum
2342 5461 2408 5513 de
2457 5460 2683 5527 integro,
2739 5469 2792 5512 et
2851 5459 2999 5512 velut
3043 5455 3235 5509 artifex
3281 5455 3545 5524 quispiam

1983 5559 2104 5626 igne
2158 5555 2413 5609 discrevit
2479 5572 2490 5605 :
2553 5564 2607 5606 et
2665 5553 3105 5619 pt'ohalissitlluttl
3164 5565 3227 5605 ac
3291 5549 3544 5604 Selectnm

1984 5664 2150 5716 genus
2198 5647 2532 5702 credentium
2587 5646 2686 5699 sibi
2745 5643 3038 5699 reservavit
3103 5660 3116 5697 :
3185 5642 3545 5697 adulterinum

1806 5829 1866 5858 7"
1899 5826 2059 5882 “ultr.
2095 5845 2143 5890 λ,
2182 5828 2268 5879 51.
