4132 6316
535 369 606 425 59
1569 371 1627 425 S.
1669 367 1951 427 CYRILLI
1987 365 2457 424 ALEXANDRJNI
2493 364 2814 424 ARCHIEP.
3740 365 3815 420 σο

538 504 669 544 vero
701 497 758 544 et
794 488 1120 562 rejectitium
1156 490 1324 547 exitio
1381 490 1532 548 dedit
1565 506 1633 548 ac
1664 492 1885 548 delevit.
1918 492 2117 559 Quem-

2231 490 2521 544 ἱπόλεκτον
2542 489 2700 557 γένος
2733 486 2846 541 τῶν
2867 486 3309 540 πεπιστευκότων
3327 483 3486 538 τοῦτο
3507 485 3816 556 τετήρηκεν

538 581 837 636 admodum
893 582 1058 653 igitur
1117 584 1209 653 qui
1264 584 1401 655 igni,
1446 583 1530 640 vel
1560 598 1660 648 aes,
1709 583 1796 637 vel
1828 591 2116 654 argentum

538 673 781 742 liquam,
829 684 1141 743 escoquunt
1182 678 1480 744 materias;
1527 677 1602 731 ita
1641 684 1699 732 et
1740 690 1863 746 ego,
1919 675 2116 742 inquit,

538 779 762 819 exuram
790 776 842 819 te
861 765 929 820 ad
961 779 1179 834 purum.
1213 766 1489 837 Scriptum
1516 778 1603 823 est
1637 778 1818 823 autem
1851 785 1867 821 :
1910 785 1930 818 t
1959 767 2120 822 Eluet

540 855 802 910 Dominus
839 856 1031 911 sordes
1060 857 1294 911 ﬁliorum
1322 866 1377 911 et
1428 856 1664 912 ﬁliarum
1720 856 1872 922 Sion,
1903 865 1960 911 et
1994 872 2118 911 san-

538 948 754 1017 guinem
779 962 811 1002 e
843 947 1022 1003 medio
1055 963 1241 1003 eorum
1267 948 1611 1018 expurgabit,
1643 947 1834 1017 spiritu
1856 946 2045 1017 judicii
2067 957 2123 1003 et

538 1038 752 1093 ardoris
778 1040 846 1094 ⁷⁸.
866 1058 887 1093 ι
938 1039 1154 1094 Dictum
1193 1049 1279 1095 est
1336 1039 1501 1095 etiam
1531 1055 1561 1094 a
1587 1040 1822 1109 quodam
1861 1054 1894 1095 e
1920 1041 2124 1095 sanctis

539 1130 866 1200 prophetis:
903 1148 923 1183 ι
960 1130 1151 1186 Subito
1196 1130 1380 1185 veniet
1403 1130 1458 1184 in
1507 1130 1769 1199 templum
1817 1145 1975 1184 suum
2018 1131 2124 1186 Do-

539 1220 742 1286 minus,
776 1234 939 1288 quem
989 1234 1086 1275 vos
1114 1219 1380 1289 quaeritis,
1411 1228 1467 1274 et
1517 1217 1756 1289 Angelus
1810 1221 2122 1276 testamenti

539 1325 703 1379 quem
742 1325 840 1365 vos
878 1311 1064 1366 vultis.
1104 1311 1247 1367 Ecce
1302 1310 1472 1376 venit,
1520 1310 1654 1365 dicit
1701 1311 1962 1367 Dominus
1993 1330 2006 1367 :
2037 1325 2126 1368 ec-

542 1401 667 1469 quis
696 1398 987 1455 sustinebit
1035 1402 1180 1455 diem
1209 1400 1473 1455 adventus
1502 1399 1660 1470 ejus?
1706 1399 1799 1456 Vel
1822 1402 1946 1472 quis
1993 1404 2124 1458 sub-

543 1489 702 1544 sistet
735 1489 788 1544 iu
820 1500 1113 1561 conspectu
1160 1490 1318 1559 ejus?
1346 1490 1483 1558 Quia
1525 1491 1641 1560 ipse
1690 1494 1838 1547 venit
1867 1504 2123 1563 tanquam

544 1580 689 1650 ignis
720 1580 981 1648 fornacis,
1008 1590 1064 1637 et
1089 1588 1355 1651 tanquam
1391 1581 1561 1636 herba
1604 1582 1928 1651 lavantium,
1958 1593 2012 1638 et
2036 1599 2124 1641 se-

545 1672 697 1727 debit
741 1673 1004 1740 conﬁans,
1031 1675 1182 1729 velut
1204 1685 1485 1746 argentum
1508 1688 1564 1733 et
1586 1691 1777 1731 aurum
1799 1678 1867 1732 ".
1902 1695 1923 1728 ι
1951 1676 2129 1734 Aliter

547 1764 710 1818 etiam
767 1765 926 1820 nobis
978 1765 1273 1835 explicabit
1311 1767 1414 1824 hoc
1436 1770 1654 1839 sapiens
1694 1769 2003 1833 Matuta-us,
2042 1767 2124 1822 lo-

2221 584 2280 636 ἐν
2309 582 2508 652 ἐαυτῷ,
2521 581 2585 635 τό
2606 598 2670 649 γε
2688 580 2793 651 μὴν
2820 579 3072 649 κίϐδηλον
3100 579 3194 632 καὶ
3212 578 3470 649 ἀδόκιμον
3495 580 3817 651 παραδέδω-

2220 692 2317 728 κεν
2345 677 2423 737 είς
2462 674 2683 743 ὄλεθρον
2727 672 2822 725 καὶ
2849 671 3176 741 ἀφανισμόν.
3213 671 3443 741 Ὠσπερ·
3466 666 3560 724 οὖν
3592 672 3643 724 οἱ
3676 673 3816 743 πυρὶ

2221 766 2641 836 κατατήκοντες,
2687 765 2722 835 ἢ
2755 764 2975 835 χαλκὸν,
3003 764 3037 833 ἢ
3088 762 3348 834 ἄργυρον,
3393 762 3816 834 διακαθαίρουσι

2219 855 2318 920 τὰς
2356 856 2521 920 ὖλαςο
2550 855 2692 909 οὕτω
2730 854 2907 922 κάγὼ,
2940 854 3095 925 φησὶ,
3130 852 3372 922 πυρώσω
3422 854 3505 915 είς
3541 852 3817 923 καθαρόν.

2220 949 2536 1019 Γέγραπται
2556 948 2633 1012 δέ,
2662 948 2745 1000 ὅτι
2776 965 2795 998 ι
2834 946 3119 1000 Ἐκπλυνεῖ
3152 944 3355 1013 Κύριος
3380 944 3472 998 τὸν
3505 945 3678 1014 ρύπον
3706 944 3819 997 τῶν

2223 1035 2358 1089 υἱῶν
2388 1035 2483 1088 καὶ
2507 1034 2617 1088 τῶν
2646 1034 2965 1105 θυγατέρων
3001 1033 3160 1097 Σιὼν,
3191 1034 3286 1086 καὶ
3318 1032 3380 1085 τὸ
3403 1027 3545 1102 αἷμα
3571 1032 3818 1086 ἐκκαθα-

2224 1131 2332 1200 ριεῖ
2387 1130 2453 1181 ἐκ
2494 1128 2662 1198 μέσου
2695 1126 2894 1191 αὑτῶν,
2942 1128 3001 1179 ἐν
3042 1125 3314 1193 πνεύματι
3347 1124 3585 1195 κρίσεως
3622 1124 3721 1177 καὶ
3757 1126 3822 1177 ἐν

2224 1220 2494 1291 πνεύματι
2532 1218 2801 1281 καύσεως.
2846 1237 2864 1270 ι
2901 1218 3130 1288 Εἴρηται
3158 1215 3216 1267 δὲ
3244 1215 3338 1268 καὶ
3359 1213 3449 1267 διὰ
3479 1214 3666 1285 φωνῆς
3694 1214 3820 1278 ἐνὸς

2223 1312 2332 1364 τῶν
2370 1311 2542 1379 ἁγίων
2600 1311 2917 1382 προφητῶν,
2955 1311 3037 1363 ὅτι
3074 1328 3092 1360 t
3137 1307 3424 1377 Ἐξαίφνης
3454 1306 3576 1377 ἥξει
3613 1308 3696 1370 εἰς
3723 1306 3822 1361 τὸν

2225 1405 2351 1457 ναὸν
2383 1402 2546 1456 αὑτοῦ
2572 1402 2799 1474 Κύριος,
2842 1402 2902 1455 ὃν
2946 1403 3103 1472 ὑμεῖς
3144 1400 3379 1470 ζητεῖτε,
3407 1399 3502 1452 καὶ
3527 1400 3557 1451 ὁ
3583 1398 3822 1468 ἄγγελος

2224 1497 2325 1566 τῆς
2366 1494 2651 1566 διαθήκης,
2694 1493 2752 1546 ὃν
2797 1495 2954 1564 ὑμεῖς
2998 1492 3201 1546 θέλετε.
3234 1491 3366 1544 Ἰδοὺ
3393 1490 3635 1560 ἔρχεται,
3665 1490 3822 1561 λέγει

2226 1583 2451 1657 Κύριος,
2494 1584 2592 1639 καὶ
2624 1584 2709 1648 τίς
2746 1584 3012 1654 ὑπομενεῖ
3047 1581 3262 1652 ἡμέραν
3305 1579 3513 1633 εἰσόδου
3547 1579 3747 1647 αὐτοῦ;
3778 1582 3816 1652 ἦ

2224 1676 2310 1739 τίς
2332 1677 2694 1746 ὑποστήσεται
2719 1677 2778 1729 ἐν
2804 1677 2872 1746 τῇ
2904 1674 3142 1744 ὀπτασίᾳ
3179 1670 3376 1734 αὑτοῦ,
3407 1670 3490 1725 ὅτι
3515 1670 3680 1735 αὑτὸς
3704 1673 3823 1724 elc-

2227 1767 2562 1838 πεπόρευται
2594 1766 2671 1828 ὡς
2693 1764 2805 1838 πῦρ
2827 1763 3219 1836 χωνευτηρίου,
3248 1763 3343 1816 καὶ
3361 1763 3438 1825 ὡς
3464 1762 3572 1816 πόα
3591 1763 3824 1817 πλυνόν-

558 1867 732 1921 quens
753 1855 821 1907 de
853 1851 1071 1909 Christo
1097 1873 1111 1909 :
1146 1873 1166 1906 ι
1192 1855 1303 1926 Ego
1329 1856 1546 1926 baptizo
1564 1873 1660 1913 vos
1682 1857 1736 1911 iu
1763 1871 1900 1926 aqua
1920 1856 1986 1913 ad
2010 1870 2126 1925 po:-

2231 1876 2359 1923 των,
2393 1860 2488 1912 καὶ
2518 1858 2787 1912 καθιεῖται
2833 1857 3109 1927 χωνεύων,
3144 1854 3220 1917 ὡς
3246 1853 3309 1906 τδ
3333 1852 3598 1923 ἀργύριον
3632 1854 3730 1908 καὶ
3757 1854 3825 1908 τὸ

548 1944 833 2000 nitentiam
868 1963 883 2001 :
918 1956 975 2000 at
1011 1947 1103 2017 qui
1146 1962 1233 2002 me
1286 1949 1566 2019 sequitur,
1605 1947 1801 2004 fortior
1860 1963 1949 2007 me
1999 1957 2117 2013 est,

548 2036 706 2104 cujus
755 2036 972 2092 calceos
1015 2052 1121 2092 non
1169 2053 1290 2093 sum
1350 2039 1546 2111 dignus
1579 2048 1816 2109 portare.
1862 2038 1984 2108 Ipse
2031 2052 2127 2094 vos

549 2124 844 2194 baptizabit
874 2127 924 2181 iu
972 2127 1175 2197 Spiritu
1201 2138 1388 2185 sancto
1411 2126 1466 2185 et
1502 2132 1663 2202 igne;
1711 2129 1868 2198 cujus
1902 2130 2122 2186 ventila-

549 2217 708 2272 brum
765 2219 819 2273 in
873 2235 1036 2276 manu
1086 2220 1226 2290 ejus,
1275 2232 1331 2277 et
1358 2224 1684 2294 espnrgabit
1726 2239 1911 2279 aream
1951 2237 2124 2285 suam,

547 2311 1006 2382 congregabitque
1050 2313 1290 2369 triticum
1311 2329 1468 2369 suum
1505 2316 1559 2370 in
1588 2316 1867 2380 horreum,
1916 2313 2126 2384 paleam

548 2413 731 2458 autem
753 2403 1033 2459 comburet
1074 2404 1197 2475 igu‘e
1250 2404 1581 2462 inexstincto
1609 2408 1679 2461 τ’.
1705 2426 1725 2458 ι
1759 2407 1945 2478 Itaque
1994 2405 2130 2460 triti-

549 2507 677 2547 cum
704 2494 759 2547 in
819 2493 1079 2550 horreum
1125 2495 1440 2565 colligitur:
1481 2495 1860 2565 infrugiferum
1886 2510 2039 2560 vero,
2075 2496 2128 2551 id

545 2594 634 2638 est
682 2583 930 2652 paleam,
988 2586 1129 2654 ignis
1184 2585 1303 2641 fore
1358 2601 1539 2641 escam
1572 2586 1686 2657 30
1717 2587 1866 2641 dicit.
1913 2586 2127 2640 Modum

549 2684 732 2729 autem
762 2676 806 2730 si
827 2677 948 2744 quis
984 2678 1128 2732 scire
1145 2679 1347 2747 cupiat,
1380 2679 1548 2733 verba
1571 2678 1851 2748 praposita
1886 2677 2131 2732 declara~

552 2768 703 2819 liunt.
758 2763 877 2820 Mox
917 2765 1061 2821 enim
1118 2768 1328 2837 inquit:
1368 2786 1387 2819 ι
1437 2767 1821 2823 lnobedientes
1883 2765 2128 2835 perdam,

550 2864 608 2909 et
650 2858 872 2926 perdam
923 2872 1115 2914 omnes
1163 2855 1389 2926 injustas
1414 2875 1447 2915 a
1482 2868 1556 2926 te,
1590 2873 1894 2928 omnesque
1940 2872 2130 2927 super-

553 2946 651 3000 bos
693 2946 1015 3015 deprimam.
1060 2967 1080 3000 ι
1128 2948 1583 3019 Periitsiquidem
1624 2948 1992 3005 Israelitarum
2034 2962 2133 3001 au-

554 3038 699 3108 tiqua
721 3038 1032 3107 multitudo,
1059 3056 1180 3111 qua:
1202 3041 1255 3095 in
1282 3040 1562 3097 Christum
1588 3041 1811 3098 admisit
1835 3039 2128 3112 piaculum,

550 3138 604 3183 et
636 3128 1053 3200 Redemptorem
1094 3133 1330 3203 negavit.
1367 3132 1728 3188 Exterminati
1777 3132 1975 3203 quippe
2005 3139 2131 3185 sunt

548 3234 737 3275 omnes
778 3223 1031 3291 superbi,
1062 3232 1116 3277 et
1153 3224 1242 3291 qui
1282 3223 1464 3293 inique
1517 3225 1721 3289 vivunt,
1752 3223 1993 3278 Judaica:
2027 3226 2133 3277 sci-

553 3311 678 3365 licet
722 3311 1019 3383 Synagoga!
1074 3313 1332 3381 praefecti,
1363 3323 1418 3368 et
1466 3315 1745 3383 principes
1790 3314 2131 3369 sacerdotum

551 3412 607 3455 et
627 3400 907 3455 Pharisaei.
931 3400 1034 3467 Qui
1063 3402 1206 3456 enim
1259 3402 1449 3471 injusti
1489 3418 1596 3457 non
1639 3411 1765 3457 sunt
1800 3412 2135 3473 etarrogan-

557 3503 664 3557 tes,
695 3492 788 3561 qui
834 3491 968 3559 legis
1001 3493 1359 3549 reverentiam
1388 3510 1454 3549 ue
1480 3496 1764 3549 minimum
1801 3495 2019 3564 quidem
2047 3510 2136 3549 cu-

557 3591 700 3645 rant,
750 3596 921 3637 cornu
965 3592 1145 3637 autem
1208 3583 1261 3637 in
1325 3584 1563 3639 sublime
1613 3584 1825 3651 tollunt,
1856 3593 1909 3640 et
1946 3595 2137 3639 contra

557 3672 723 3727 Deum
745 3672 1059 3741 iniustitiam
1084 3675 1409 3746 loquuntur?
1428 3676 1845 3731 Dixeruntenim
1873 3696 1885 3731 :
1916 3695 1935 3727 ι
1961 3676 2131 3741 Tolle,

558 3764 706 3831 tolle,
763 3766 911 3821 cruci
945 3765 1107 3837 afﬁge
1147 3765 1296 3820 illum
1324 3766 1391 3820 ⁷⁸.
1428 3785 1447 3818 ι
1504 3765 1760 3822 Sublatus
1819 3776 1903 3822 est
1953 3774 2134 3821 autem

555 3857 638 3910 eis
685 3856 1005 3927 populorum
1078 3858 1438 3929 principatus,
1484 3858 1788 3927 designatis
1836 3859 1888 3912 iu
1942 3872 2134 3913 eorum

555 3949 963 4019 locumgsanctis
996 3950 1278 4018 apostolis,
1313 3950 1380 4006 de
1410 3950 1608 4020 quibus
1651 3950 1784 4006 dicit
1813 3968 1826 4003 :
1866 3969 1885 4002 ι
1921 3949 2139 4005 Consti-

557 4050 702 4096 tuam
728 4039 937 4109 judices
973 4049 1092 4098 tuos
1136 4052 1194 4096 ut
1227 4042 1399 4112 prius,
1439 4052 1494 4098 et
1534 4042 1879 4098 consiliarios
1930 4051 2051 4097 tuos
2081 4049 2139 4095 ut

555 4135 626 4187 ah
673 4134 879 4189 initio.»
913 4133 1092 4190 Nihilo
1130 4143 1311 4190 autem
1352 4134 1638 4190 inferiores
1695 4133 1912 4190 fuerunt
1943 4133 2139 4205 priscis

555 4226 664 4281 illis
690 4228 896 4282 sanctis
949 4227 1116 4283 divini
1156 4226 1430 4296 discipuli,
1462 4241 1599 4296 quos
1628 4234 1685 4281 et
1704 4224 1917 4294 judices
1955 4226 2140 4296 appel-

556 4315 655 4376 lat,
690 4325 744 4368 et
783 4316 1122 4371 consiliarios
1161 4317 1425 4372 nominat.
1468 4317 1777 4385 Utrumque
1826 4317 1972 4372 enim
2008 4333 2140 4387 pra:-

557 4406 839 4473 stiterunt,
873 4406 1001 4460 dum
1043 4416 1298 4477 tanquam
1334 4408 1546 4475 judices
1581 4411 1973 4476 redarguerem
2010 4422 2137 4477 pec-

557 4503 806 4564 catores,
858 4497 1101 4552 inﬁrmos
1171 4509 1351 4554 autem
1428 4500 1844 4555 cohortarentur
1897 4517 2018 4569 qua:
2070 4504 2136 4557 ad

556 4590 725 4645 robur
756 4590 1043 4658 spirituale
1069 4589 1177 4645 illis
1228 4590 1348 4646 usui
1377 4590 1574 4646 forent.
1623 4589 1891 4645 Nimirum
1921 4594 2141 4663 sapien-

560 4679 806 4734 tissimus
847 4677 1046 4733 Paulus
1070 4692 1192 4733 eum
1223 4679 1315 4750 qui
1350 4679 1495 4735 inter
1516 4666 1848 4736 Corinthios
1869 4690 2142 4738 scortatus

557 4779 666 4834 est,
706 4769 925 4825 tradidit
958 4770 1174 4839 quidem
1206 4768 1442 4837 Satanae,
1487 4773 1554 4826 ad
1620 4772 1899 4828 interitum
1935 4774 2139 4840 carnis,

561 4874 622 4917 ut
653 4863 880 4931 spiritus
927 4862 1112 4918 salvus
1160 4862 1370 4920 fieret:
1406 4864 1694 4919 consilium
1724 4879 1855 4922 vero
1907 4866 2001 4921 dat
2043 4867 2141 4923 bo-

560 4969 714 5019 num,
737 4963 793 5008 et
815 4954 988 5024 inquit
1015 4974 1028 5008 :
1058 4973 1078 5007 ι
1107 4956 1166 5013 Si
1192 4957 1318 5028 quis
1342 4956 1511 5013 frater
1534 4957 1861 5025 nominatus,
1890 4958 1972 5015 vel
1993 4974 2139 5033 scor-

562 5053 725 5110 tator,
763 5044 846 5101 vel
877 5060 1093 5115 avarus,
1154 5050 1238 5103 vel
1284 5049 1596 5117 idololatra,
1625 5049 1711 5105 vel
1741 5051 2131 5118 subsannator,

562 5139 648 5194 vel
676 5139 950 5204 ebriosus,
976 5140 1059 5195 vel
1090 5155 1279 5210 rapax,
1330 5156 1450 5196 cum
1483 5142 1793 5212 bujusmodi
1823 5159 1929 5199 non
1957 5159 2141 5200 come-

563 5231 797 5287 dendum
818 5232 919 5285 ⁷⁸.»
949 5231 1026 5285 De
1043 5232 1316 5302 judicibus
1343 5245 1399 5289 et
1424 5237 1491 5291 de
1509 5236 1909 5293 consultoribus
1932 5239 2022 5307 qui
2051 5237 2142 5293 hic

566 5320 839 5388 dicuntur,
874 5324 1067 5379 beatus
1095 5323 1262 5377 David
1294 5325 1363 5380 ad
1395 5325 1566 5395 ipsam
1599 5325 1894 5384 Jerusalem
1932 5332 1984 5384 in
2016 5330 2142 5398 Spi-

572 5411 677 5464 ritu
702 5424 890 5469 sancto
925 5415 1101 5471 dixit:
1137 5434 1155 5468 t
1182 5414 1287 5471 Pro
1326 5417 1569 5487 patribus
1600 5420 1706 5474 tuis
1745 5420 1857 5475 nati
1897 5430 2025 5476 sunt
2054 5421 2146 5475 ﬁlii

572 5501 671 5555 tibi
694 5502 787 5571 ⁷⁹·,
816 5522 837 5556 ι
872 5508 972 5561 hoc
998 5516 1102 5571 est,
1130 5507 1248 5563 loco
1276 5519 1487 5579 patrum
1511 5509 1676 5579 geniti
1697 5519 1822 5565 sunt
1842 5510 1934 5565 tibi
1954 5511 2141 5565 liberi:

570 5593 768 5662 quippe
810 5597 902 5665 qui
940 5597 1109 5653 Judaei
1139 5608 1315 5666 erant,
1343 5610 1399 5655 et
1431 5615 1496 5656 ex
1525 5599 1746 5665 ludatis,
1774 5610 1830 5655 et
1870 5601 1964 5656 ﬁlii
2000 5605 2138 5676 ejus,

637 5729 686 5763 "
723 5729 828 5786 lsa.
861 5746 934 5795 tv,
971 5733 1023 5785 4.

1127 5733 1173 5765 ⁷⁸
1203 5733 1430 5790 Ilalacn.
1462 5747 1545 5802 Ill,
1580 5735 1631 5802 l,
1676 5735 1730 5788 2.

568 5800 639 5834 "‘
669 5799 815 5858 Psal.
847 5818 992 5866 xttv,
1022 5802 1108 5857 l7.

1835 5735 1881 5767 "
1922 5733 2104 5787 Matth.
2143 5749 2226 5797 ιιι,
2270 5735 2352 5798 Η,
2412 5733 2493 5790 12.

2231 1949 2475 2021 χρυσίον.
2522 1969 2541 2001 ι
2587 1948 2992 2019 Ἐτεροτρόπως
3015 1947 3073 2000 δὲ
3101 1945 3260 1999 τοῦτο
3300 1941 3395 1997 καὶ
3434 1944 3463 1995 ό
3491 1942 3657 2012 σοφὸς
3685 1945 3823 2015 ἡμῖν

2231 2042 2511 2105 Ματθαῖος
2542 2041 2800 2109 διασαφεῖ
2829 2039 3003 2107 λέγων
3036 2038 3166 2108 περὶ
3191 2033 3449 2106 Χριστοῦ’
3483 2053 3502 2085 ι
3541 2034 3686 2102 Ἐγὼ
3717 2036 3823 2105 μέν

2228 2133 2339 2205 γὰρ
2366 2133 2510 2203 ὑμᾶς
2540 2131 2788 2202 βαπτίζω
2825 2131 2884 2184 ἐν
2915 2129 3068 2183 ὕδατι
3100 2130 3181 2191 είς
3213 2125 3524 2197 μετάνοιαν·
3560 2125 3590 2176 ὁ
3614 2125 3673 2179 δὲ
3696 2126 3825 2179 ὀπί-

2229 2243 2308 2279 σω
2360 2242 2461 2296 μου
2510 2223 2825 2295 ἐρχόμενος,
2870 2219 3217 2292 ἰσχυρότερός
3264 2234 3365 2288 μου
3404 2214 3575 2280 ἐστὶν,
3609 2211 3673 2271 οὑ
3716 2217 3823 2271 οὑκ

2227 2318 2344 2388 εἰμὶ
2371 2316 2554 2379 ἱκανὸς
2584 2316 2653 2369 τὰ
2683 2314 3010 2383 ὑποδήματα
3040 2311 3326 2382 βαστάσαι,
3352 2308 3516 2371 αὐτὸς
3536 2308 3685 2379 ὑμᾶς
3719 2309 3824 2377 βα-

2228 2410 2409 2463 πτίσει
2436 2410 2493 2461 ἐν
2518 2408 2798 2477 Πνεύματι
2827 2405 2967 2474 ἁγίῳ
2991 2405 3087 2457 καὶ
3115 2402 3267 2474 πυρί.
3294 2394 3368 2453 OB
3390 2400 3452 2453 τὸ
3477 2399 3646 2453 πτύον
3666 2402 3723 2453 ἐν
3749 2403 3820 2470 τῆ

2228 2501 2371 2572 χειρὶ
2411 2499 2601 2567 αὑτοῦ,
2644 2498 2740 2552 καὶ
2770 2496 3115 2567 διακαθαριεῖ
3148 2495 3250 2563 τὴν
3289 2492 3473 2547 ἁλωνα
3496 2491 3683 2554 αὑτοῦ,
3720 2495 3824 2546 καὶ

2231 2589 2448 2656 συνάξει
2471 2590 2564 2644 τὸν
2596 2592 2740 2643 σῖτον
2766 2588 2933 2642 αὑτοῦ
2953 2590 3035 2652 είς
3058 2586 3157 2656 τὴν
3185 2584 3492 2654 ἀποθήκην,
3517 2582 3578 2636 τὸ
3606 2582 3664 2635 δὲ
3685 2583 3825 2653 ἀχυ-

2233 2698 2325 2751 ρον
2351 2680 2683 2733 κατακαύσει
2720 2680 2855 2750 πυρὶ
2882 2678 3152 2749 ἀσϐέστῳ.
3191 2695 3209 2728 ι
3241 2673 3452 2728 Οὐκοῦν
3498 2673 3822 2741 συλλέγεται

2229 2770 2259 2822 ὁ
2316 2770 2416 2839 μέν
2475 2772 2620 2833 σῖτος
2668 2773 2749 2833 είς
2801 2770 3111 2841 ἀποθήκην,
3141 2767 3203 2821 τὸ
3246 2766 3303 2820 δὲ
3342 2765 3614 2839 ἄχρηστον
3646 2763 3820 2832 ἁπαν,

2229 2860 2375 2915 τοῦτ’
2409 2860 2544 2927 ἐστι,
2566 2863 2629 2914 τὸ
2655 2861 2858 2931 ἄχυρον
2896 2861 3066 2930 πυρὸς
3095 2859 3316 2929 εἴρηκεν
3344 2855 3561 2911 ἔσεσθαι
3585 2856 3820 2927 τροφήν.

2231 2955 2343 3009 Καὶ
2376 2954 2517 3018 πῶς,
2560 2952 2613 3006 εἴ
2650 2970 2734 3016 τις
2780 2952 2956 3005 ἕλοιτο
2992 2950 3205 3021 μαθεῖν,
3231 2953 3265 3018 η
3297 2950 3404 3003 τῶν
3442 2948 3824 3020 προκειμένων

2232 3047 2486 3116 σαφηνιεῖ
2510 3043 2758 3114 δύναμις.
2793 3043 2936 3113 Ἔφη
2976 3040 3085 3111 γὰρ
3114 3037 3277 3100 εὑθύς
3304 3053 3319 3068 ο
3348 3055 3367 3088 ι
3404 3039 3543 3100 Τοὺς
3573 3038 3632 3091 δέ
3664 3038 3826 3091 ἁπει·

2236 3138 2462 3213 θοῦντας
2496 3136 2768 3201 ἀπολέσω,
2815 3135 2908 3188 καὶ
2955 3130 3393 3202 ἁφελῶπὰντας
3435 3127 3670 3198 ἀνόμους
3713 3128 3826 3182 ἀπὸ

2187 3224 2206 3247 ⁸
2240 3229 2355 3292 σοῦ,
2386 3230 2479 3281 καὶ
2506 3229 2711 3289 πάντας
2737 3224 3121 3295 ὑπερηφάνους
3150 3218 3491 3275 ταπεινώσω.
3537 3236 3555 3269 ι
3590 3217 3824 3272 Διάλωλε

2239 3321 2337 3389 μὲν
2387 3319 2498 3390 γάρ
2544 3318 2654 3372 τῶν
2692 3318 2752 3383 ἐξ
2805 3316 3022 3388 Ἰσραὴλ
3068 3317 3103 3385 ἡ
3155 3312 3323 3367 πάλαι
3351 3310 3581 3381 πληθὺς,
3618 3309 3715 3363 καὶ
3740 3310 3827 3373 είς

2235 3410 2471 3479 Χριστὸν
2510 3408 2824 3479 ἀσεϐήσασα
2862 3408 2956 3461 καὶ⁸
2988 3403 3342 3479 ἀρνησαμένη
3379 3402 3470 3455 τὸν
3512 3401 3823 3472 λυτρωτὴν·

2233 3501 2527 3573 ἐξῄρηνται
2558 3501 2616 3554 δὲ
2643 3501 2841 3563 πάντες
2865 3501 2916 3553 οί
2940 3500 3278 3569 ὑπερήφανοι
3326 3495 3417 3550 καὶ
3465 3494 3666 3559 ζῶντες
3696 3492 3828 3546 ἀνό-

2239 3612 2376 3665 μως,
2412 3593 2555 3647 τοῦτ’
2583 3594 2750 3657 ἔστιν,
2785 3594 2834 3645 οί
2883 3592 2982 3662 τῆς
3026 3589 3294 3644 Ἰουδαίων
3333 3584 3661 3655 Συναγωγῆς
3690 3585 3827 3653 ήγε-

2242 3685 2485 3756 μονεύειν
2524 3685 2800 3753 λαχόντες,
2840 3685 2889 3736 οί
2920 3682 3196 3754 ἀρχιερεῖς
3221 3680 3316 3734 καὶ
3348 3678 3652 3748 Φαρισαῖοι.
3695 3673 3827 3737 Πῶς

2238 3776 2346 3845 γὰρ
2372 3777 2471 3829 οὑκ
2501 3775 2566 3829 ἂν
2594 3773 2783 3844 ἁνομοί
2812 3789 2870 3826 τε
2908 3773 3002 3825 καὶ
3040 3769 3320 3837 ἀλαζόνες,
3359 3769 3407 3821 οἱ
3443 3766 3580 3835 μήτε
3614 3764 3714 3835 τὴν
3742 3765 3829 3827 εἰς

2237 3866 2328 3919 τὸν
2361 3866 2525 3936 νόμον
2546 3864 2679 3918 αἰδῶ
2699 3864 2802 3918 κᾶν
2820 3863 2952 3932 γοῦν
2975 3861 3132 3930 ὀλίγα
3157 3877 3218 3914 τε
3249 3857 3691 3929 πεφροντικότες,
3726 3855 3827 3906 ἐπ-

2238 3959 2484 4028 αίροντες
2532 3956 2590 4010 δέ
2647 3956 2742 4009 καὶ
2796 3956 2859 4009 τὸ
2904 3954 3073 4025 κέρας
3114 3952 3195 4015 είς
3229 3949 3385 4021 ὕψος,
3417 3948 3511 4001 καὶ
3539 3944 3831 4010 λαλοῦντες

2239 4050 2381 4104 κατὰ
2415 4048 2509 4103 τοῦ
2533 4046 2668 4101 Θεοῦ
2700 4047 2948 4110 ἁδικίαν;
2978 4044 3246 4116 Είρήκασι
3268 4042 3398 4113 γὰρ,
3436 4058 3459 4094 ε
3492 4034 3645 4109 Alpe,
3677 4032 3829 4108 αἶρε,

2241 4139 2554 4210 σταύρωσον
2590 4138 2772 4192 αὐτόν.
2808 4156 2826 4189 ι
2875 4136 3197 4207 Ἐξῄρηνται
3241 4134 3299 4187 δέ
3332 4130 3426 4185 τοῦ
3467 4130 3830 4201 καθηγεῖσθαι

2212 4231 2401 4292 λαῶν,
2449 4228 2913 4299 ἀναδεδειγμένων
2951 4227 3060 4280 τῶν
3108 4225 3277 4295 ἁγίων
3325 4222 3662 4286 ἀποστόλων,
3697 4224 3833 4292 περὶ

2240 4316 2314 4378 ὧν
2344 4340 2530 4393 φησιν,
2564 4342 2582 4374 t
2606 4319 2916 4391 Ἐπιστήσω
2947 4319 3074 4381 τοὺς
3104 4316 3295 4387 κριτάς
3321 4332 3414 4368 σου
3443 4314 3518 4377 ὡς
3542 4313 3602 4367 τὸ
3628 4313 3834 4384 πρότε-

2244 4430 2354 4485 ρον,
2382 4412 2622 4475 καὶτοὺς
2648 4409 2985 4481 συμϐούλους
3014 4424 3108 4460 σου
3131 4407 3207 4471 ὡς
3231 4405 3292 4459 τδ
3320 4404 3631 4475 ἀπαρχῆς.›
3660 4403 3835 4472 Γεγό-

2172 4541 2216 4594 D
2240 4521 2362 4557 νασι
2392 4504 2451 4556 δὲ
2494 4505 2615 4557 κατ’
2642 4502 2795 4555 οὐδὲν
2823 4499 3081 4560 ἐλάττους
3107 4497 3217 4594 τῶν
3249 4495 3629 4594 ἀρχαιοτέρων
3655 4494 3831 4594 ἁγίων

2239 4598 2290 4649 oi
2322 4596 2597 4649 θεσπέσιοι
2627 4594 2892 4666 μαθηταὶ,
2934 4591 3026 4654 οὓς
3065 4590 3158 4644 καὶ
3194 4592 3389 4662 κριτάς
3424 4586 3702 4660 ὀνομάζει,
3735 4589 3834 4642 καὶ

2242 4686 2575 4758 συμϐούλους
2607 4685 2890 4739 ἀποκαλεῖ.
2914 4681 3215 4753 Δεδράκασι
3245 4681 3355 4752 γὰρ
3382 4680 3690 4751 ἀμφότερα,
3716 4682 3834 4744 τοῖς

2242 4779 2648 4851 ἁμαρτάνουσιν
2704 4776 3131 4846 ἐπιπλήττοντες
3183 4773 3260 4836 ὼς
3315 4772 3521 4843 κριταὶ,
3594 4772 3837 4841 συμϐου-

2239 4871 2487 4935 λεύοντες
2507 4870 2566 4923 δὲ
2590 4871 2704 4934 τοῖς
2722 4867 3053 4939 ἡσθενηκόσι
3076 4864 3147 4918 τὰ
3169 4863 3306 4936 πρὸς
3325 4863 3628 4934 εὐρωστίαν
3647 4864 3837 4929 αὑτοῖς

2245 4964 2492 5033 χρήσιμα
2544 4961 2644 5033 τὴν
2688 4955 3088 5028 πνευματικήν.
3128 4954 3241 5009 Καὶ
3285 4953 3416 5022 γοῦν
3451 4956 3481 5007 ό
3521 4953 3838 5023 σοφώτατος

2244 5054 2457 5118 Παῦλος
2482 5054 2572 5107 τὸν
2602 5054 2659 5105 ἐν
2690 5049 2941 5122 Κορίνθῳ
2969 5046 3380 5119 πεπορνευκότα
3411 5045 3701 5117 παρεδίδου
3738 5048 3838 5116 μὲν
3864 5060 3875 5121 ι

2245 5146 2323 5216 τῷ
2364 5146 2579 5214 Σατανᾷ
2622 5145 2701 5207 είς
2734 5141 2956 5213 ὄλεθρον
2993 5141 3092 5209 τῆς
3123 5139 3347 5211 σαρκὸς,
3390 5137 3478 5192 ἵνα
3508 5138 3572 5191 τὸ
3608 5126 3877 5208 Πνεῦμαῖ

2248 5237 2415 5307 σωθῇ·
2445 5234 2637 5306 βουλάς
2658 5235 2714 5288 δὲ
2742 5234 2957 5287 δίδωσιν
2983 5231 3215 5300 ἀγαθὰς,
3242 5231 3336 5285 καί
3365 5248 3530 5300 φησιν
3549 5246 3562 5260 ·
3587 5250 3607 5282 ι
3633 5229 3764 5285 Ἐὰν
3785 5230 3839 5283 δέ

2249 5343 2331 5389 τις
2355 5324 2579 5393 ἀδελφὸς
2604 5324 3023 5395 ὀνομαζόμενος,
3052 5322 3086 5394 ἢ
3111 5322 3324 5392 πόρνος,
3351 5322 3384 5392 ἢ
3416 5320 3773 5389 πλεονέκτης,
3804 5320 3838 5391 ἢ

2256 5416 2668 5487 εἰδωλολάτρης,
2704 5417 2739 5485 ἦ
2768 5415 3026 5487 λοίδορος,
3070 5414 3104 5485 ἢ
3149 5413 3399 5484 μέθυσος,
3445 5413 3478 5484 ἢ
3518 5414 3725 5485 ἆρπαξ,
3760 5419 3840 5491 τῷ

2247 5506 2472 5578 τοιούτῳ
2493 5509 2626 5578 μηδὲ
2646 5507 2964 5561 συνεσθίειν.
2978 5526 2997 5560 ι
3026 5508 3163 5578 Περὶ
3187 5505 3296 5559 τῶν
3319 5506 3503 5559 ἐνθάδε
3525 5507 3838 5579 λεγομένων

2248 5598 2447 5670 κριτῶν
2498 5601 2616 5669 ἤτοι
2658 5598 2977 5669 συμϐούλων
3025 5597 3118 5652 καὶ
3168 5599 3196 5649 ὁ
3245 5596 3513 5665 μακάριος
3561 5599 3729 5661 Δαϐὶδ
3781 5604 3838 5654 ἐν

2603 5734 2645 5765 ⁷⁸
2676 5732 2832 5791 Juan.
2864 5746 3000 5797 xm,
3062 5728 3146 5783 l5.
3251 5727 3294 5758 "
3328 5727 3346 5781 Ι
3384 5728 3508 5783 Cor.
3547 5745 3600 5796 v,
3658 5732 3711 5795 5,
3746 5732 3834 5786 ll.
