4134 6304
352 353 426 408 Gl

1532 357 1598 411 IN
1642 358 1876 414 lSAIAM
1914 359 2042 416 LIB.
2086 360 2126 415 Ι.
2169 362 2375 420 ORAT.
2411 362 2451 419 1.

358 473 648 545 Πνεύματι
690 476 829 545 ἁγίῳ
873 475 1008 544 πρὸς
1053 475 1220 548 αὐτὴν
1271 476 1373 547 ἔφη
1429 476 1527 546 τὴν
1569 477 1921 549 Ἰερουσαλὴμ

2048 494 2170 549 qua:
2225 489 2338 536 tum
2402 482 2524 546 fuit,
2576 480 2895 552 Synagngm,
2941 478 3106 535 divini
3142 478 3408 548 discipuli.
3456 478 3609 545 Quod

373 586 393 618 ι
421 568 565 621 ’Λντὶ
591 567 697 622 τῶν
737 568 989 638 πατέρων
1017 584 1110 620 σου
1160 567 1498 639 ἐγενήθησαν
1529 569 1577 621 oi
1621 569 1724 622 υίοί
1767 586 1881 634 σου,
1915 589 1935 622 ι

363 657 513 712 τοῦτ’
532 659 696 722 ἔστιν,
711 658 800 711 Ἐν
822 658 972 722 τάξει
996 660 1244 731 πατέρων
1268 659 1522 728 γεγόνασί
1549 677 1631 714 σοι
1656 661 1725 714 τὰ
1742 661 1939 717 τέκναο

364 751 463 804 καὶ
487 750 596 823 γὰρ
621 747 762 822 ἦσαν
789 751 1048 815 Ἰουδαῖοι,
1077 754 1171 805 καὶ
1191 753 1299 805 υἱοὶ
1323 752 1421 823 τῆς
1444 752 1504 806 τδ
1529 753 1785 824 τηνικάδε
1807 755 1942 808 Συν-

362 845 589 914 αγωγῆς
612 845 660 898 oi
693 843 967 899 θεσπέσιοι
993 844 1250 916 μαθηταί.
1287 847 1407 900 Ὀτι
1434 846 1490 899 δὲ
1514 846 1751 918 πατέρες
1783 849 1945 916 γεγό-

364 953 490 989 νασι
532 936 643 990 τῶν
687 937 1149 1002 πεπιστευκότων,
1198 937 1360 991 ἄκουε
1413 936 1630 991 Παύλου
1669 938 1941 1006 λέγοντος,

372 1047 390 1079 ι
414 1029 502 1083 Ἐν
516 1029 624 1101 γὰρ
644 1029 866 1100 Χριστῷ
894 1029 1066 1100 Ἰησοῦ
1089 1029 1179 1083 διὰ
1200 1029 1294 1083 τοῦ
1312 1031 1647 1099 Εὑαγγελίου
1669 1029 1778 1098 ἐγὼ
1801 1032 1942 1101 ὑμᾶς

365 1120 686 1190 ἐγέννησα.»
714 1122 826 1174 Καὶ
859 1121 1040 1176 πάλιν·
1079 1140 1098 1172 ι
1128 1121 1330 1174 Τεκνία
1361 1138 1486 1191 μου,
1515 1120 1610 1184 οὒς
1638 1121 1798 1175 πάλιν
1824 1122 1945 1176 ὠδί-

365 1228 460 1275 νω,
492 1212 656 1283 ἄχρις
678 1206 740 1266 οὗ
771 1213 1036 1284 μορφωθῇ
1064 1212 1301 1285 Χριστὸς
1319 1214 1378 1266 ὲν
1400 1213 1547 1283 ὑμῖν.
1579 1231 1600 1264 ι
1633 1214 1942 1284 Διαμέμνη-

363 1319 455 1355 ται
490 1302 549 1355 δὲ
586 1305 682 1357 καὶ
707 1305 894 1374 ἕτερος
923 1306 1057 1373 ἡμῖν
1079 1303 1191 1357 τῶν
1224 1304 1396 1372 ἁγίων
1429 1303 1718 1374 προφητῶν
1752 1304 1938 1369 αὑτοῦ,

366 1394 498 1463 περ).
537 1395 633 1447 τοῦ
679 1394 900 1447 πάντων
944 1393 1105 1464 ἡμῶν
1141 1395 1390 1465 Σωτῆρος
1426 1392 1678 1464 Χριστοῦ,
1712 1394 1804 1446 καὶ
1842 1394 1942 1464 τῆς

368 1483 692 1547 ἀναδείξεως
722 1484 833 1538 τῶν
864 1483 1034 1552 ἀγίων
1076 1483 1235 1538 αὐτοῦ
1293 1483 1566 1554 μαθητῶν,
1618 1484 1714 1537 καί
1753 1502 1937 1556 φησιν·

377 1591 395 1624 ι
433 1573 565 1627 Ἰδοὺ
592 1573 657 1643 δὴ
687 1572 937 1645 βασιλεὺς
965 1574 1165 1635 δίκαιος
1194 1573 1519 1642 βασιλεύσει,
1560 1574 1654 1627 καὶ
1682 1575 1941 1645 ἄρχοντες

2045 581 2224 626 autem
2294 574 2492 627 iuerint
2543 583 2726 643 patres
2788 574 3046 637 ﬁdelium,
3097 571 3319 625 Paulum
3371 569 3495 623 audi
3540 569 3616 623 lo-

2043 675 2295 732 quentem
2316 685 2328 719 :
2353 685 2371 717 ι
2396 667 2450 720 ltt
2478 667 2693 721 Christo
2719 666 2860 719 enim
2880 664 3006 719 Jesu
3028 679 3122 733 per
3145 661 3485 730 Evangelium
3511 675 3611 730 ego

2041 773 2137 813 vos
2168 757 2444 826 εσσομ’.»
2469 756 2536 811 Ει
2567 758 2796 812 iterum:
2824 773 2842 807 ι
2869 755 3062 819 Filioli,
3087 769 3223 821 quos
3264 754 3457 807 iterum
3493 765 3611 819 par-

2043 848 2183 902 turio
2211 847 2378 901 donec
2401 845 2662 901 formetur
2684 844 2929 901 Christus
2961 845 3012 896 in
3052 841 3313 897 vobis'°'.
3344 859 3362 892 ι
3401 840 3529 893 Dein
3556 846 3610 892 et

2044 938 2182 994 alius
2213 952 2244 993 e
2266 939 2470 992 sanctis
2495 936 2791 1006 prephetis,
2822 936 2888 991 de
2908 935 3196 990 Servatore
3223 931 3462 988 omnium
3513 946 3609 984 no-

2042 1038 2213 1085 strum
2261 1026 2503 1091 Christo,
2551 1035 2605 1081 et
2639 1036 2951 1080 sanctorum
3004 1026 3172 1093 ipsius
3221 1021 3604 1092 discipulorum

2043 1118 2497 1181 manifestatione,
2531 1117 2684 1170 nobis
2737 1118 2808 1170 ita
2843 1124 3251 1179 commemorat,
3300 1121 3354 1167 et
3386 1113 3561 1182 inquit
3591 1131 3603 1165 :

2048 1229 2065 1262 ι
2100 1211 2239 1266 Ecce
2270 1226 2363 1265 rex
2385 1209 2563 1277 iustus
2593 1207 2857 1277 regnabit,
2888 1217 2941 1260 et
2971 1207 3243 1275 principes
3261 1220 3382 1259 cum
3404 1203 3608 1273 judicio

2041 1311 2310 1374 prmerunt
2349 1301 2418 1356 ⁸¹.
2455 1316 2477 1350 ι
2533 1299 2666 1354 Nam
2751 1298 2988 1353 Judaicze
3061 1298 3363 1368 Synagoga:
3420 1308 3607 1363 proce-

2041 1410 2149 1458 res,
2179 1405 2231 1448 et
2259 1394 2419 1446 vitam
2445 1391 2730 1446 coluerunt
2761 1406 2789 1444 a
2824 1390 2938 1460 lege
2977 1389 3079 1460 31
3114 1388 3519 1448 alienissimam,
3553 1395 3608 1439 et

2039 1501 2162 1542 cum
2204 1485 2426 1555 judicio,
2474 1485 2527 1539 id
2556 1492 2636 1539 est
2676 1482 2906 1551 iustitia,
2931 1494 3116 1552 regere
3151 1478 3288 1534 haud
3320 1483 3603 1532 noverunt.

2038 1579 2302 1633 Caeterum
2340 1585 2601 1646 regnante
2652 1575 2706 1628 in
2768 1574 2927 1628 terris
2968 1572 3207 1636 Christo,
3265 1578 3321 1624 et
3366 1567 3501 1638 justi
3553 1576 3607 1621 et

373 1665 512 1733 μετά
555 1664 785 1734 κρίσεως
814 1662 1114 1734 ἄρξουσιν.»
1147 1661 1212 1716 Oi
1250 1662 1351 1731 μὲν
1388 1661 1499 1732 γὰρ
1533 1663 1633 1732 τῆς
1673 1663 1924 1719 Ἰουδαίωι

2039 1669 2166 1724 boni
2194 1669 2411 1724 fuerunt
2441 1667 2607 1722 divini
2652 1665 2917 1736 discipuli,
2972 1669 3204 1734 cumque
3240 1662 3446 1734 judicio
3470 1675 3607 1730 pra:-

367 1755 699 1825 Συναγωγῆς
724 1753 1026 1825 ἡγούμενοι,
1054 1754 1146 1806 καὶ
1170 1752 1316 1823 ζωῆς
1342 1754 1552 1824 εἴχοντο
1574 1754 1674 1826 τῆς
1697 1754 1924 1826 ὲκνομω

2040 1764 2328 1818 sederunt:
2363 1760 2554 1830 quibus
2612 1760 2966 1828 inauguratis,
2998 1771 3184 1812 rursus
3223 1756 3415 1810 civitas
3445 1755 3606 1825 justi-

361 1848 549 1917 τάτης,
585 1847 678 1900 καὶ
704 1845 765 1898 τὸ
796 1845 934 1914 μετά
970 1845 1224 1915 κρίσεως,
1252 1844 1395 1898 τοῦτ’
1425 1845 1560 1909 ἔστι,
1589 1847 1924 1919 δικαιοσύνης

2039 1854 2146 1920 tiae,
2171 1860 2226 1907 et
2255 1851 2567 1920 metmpolis
2602 1850 2792 1915 ﬁdelis,
2823 1850 2977 1913 Sion,
3008 1850 3059 1903 id
3117 1858 3201 1903 est
3232 1846 3494 1910 Ecclesia,
3523 1854 3606 1899 est

358 1940 547 2010 ἄρχειν
595 1940 695 1992 οὐκ
735 1939 953 2009 ᾔδεσαν.
999 1939 1427 2004 Βασιλεύσαντος
1471 1941 1527 1994 δὲ
1559 1943 1798 2013 Χριστοῦ
1835 1947 1924 2016 τῆς

2040 1943 2326 2014 appellata.
2365 1942 2629 2008 Quoniam
2684 1953 2861 1995 autem
2899 1955 3006 1994 non
3050 1942 3184 1995 citra
3221 1939 3507 2004 delectum,
3549 1946 3606 1990 ut

355 2033 448 2084 ὑπ’
469 2031 718 2103 οὐρανὸν,
742 2031 941 2084 δίκαιοί
963 2049 1025 2084 τε
1052 2032 1147 2086 καὶ
1175 2033 1389 2102 ἀγαθοὶ,
1422 2034 1514 2088 καὶ
1538 2037 1681 2106 μετά
1702 2036 1924 2109 κρίσεως

2039 2037 2173 2104 dixi,
2210 2036 2303 2090 sed
2361 2049 2483 2090 cum
2518 2034 2903 2097 sollicitudine,
2941 2041 2996 2088 et
3031 2033 3260 2096 ratione,
3302 2029 3601 2100 etjustitia,

352 2123 635 2192 ἄρχοντες,
670 2123 719 2174 οἱ
752 2121 1026 2175 θεσπέσιοι
1053 2122 1308 2190 γεγόνασι
1341 2122 1601 2194 μαθηταί·
1639 2117 1715 2177 ὧν
1743 2126 1924 2180 ἀναδε-

2037 2128 2131 2184 Dei
2177 2129 2423 2183 excoctio
2471 2128 2584 2182 sive
2632 2126 2929 2197 exploratio
2986 2125 3236 2188 habetur,
3283 2138 3403 2194 qua:
3435 2135 3605 2192 genus

350 2210 673 2280 δειγμένων,
717 2209 978 2281 κέκληται
1033 2209 1194 2264 πάλιν
1231 2209 1386 2275 πόλις
1420 2211 1788 2284 δικαιοσύνης,
1841 2216 1924 2269 καῚ

2036 2233 2133 2288 per
2165 2217 2322 2272 ﬁdem
2358 2216 2712 2287 approbatum
2764 2214 3022 2271 discernit
3072 2214 3334 2283 planeque
3373 2210 3598 2279 detegit,

354 2299 685 2370 μητρόπολις
729 2298 896 2371 πιστὴ
946 2299 1104 2365 Σιὼν,
1150 2300 1296 2354 τοῦτ’
1335 2300 1504 2366 ἔστιν,
1550 2304 1924 2377 ἡἘκκλησία.

2035 2323 2199 2379 porro
2240 2308 2409 2373 addit,
2445 2316 2499 2360 et
2538 2307 2668 2361 dicit
2701 2325 2715 2360 :
2763 2325 2781 2357 ι
2807 2305 2944 2370 Quia
2979 2320 3100 2358 eum
3126 2303 3330 2372 judicio
3369 2301 3605 2356 servabi-

352 2391 476 2445 Ὅτι
508 2391 567 2445 δὲ
601 2393 703 2445 οὒκ
735 2391 1085 2462 ἀδιακρίτως,
1118 2393 1194 2457 ὡς
1227 2393 1383 2465 ἔφην,
1427 2395 1542 2448 ἀλλ’
1591 2397 1651 2449 ὲν
1697 2399 1924 2469 φροντίδι

2036 2409 2123 2454 tur
2148 2398 2433 2468 captivitas
2458 2397 2593 2465 ejus,
2628 2408 2682 2450 et
2712 2410 2834 2449 cum
2862 2395 3254 2457 misericordia,
3285 2403 3340 2446 et
3369 2401 3603 2445 atteren-

353 2484 450 2535 καὶ
471 2481 617 2551 λόγῳ
647 2482 724 2553 τῷ
758 2484 896 2553 μετὰ
923 2482 1270 2553 δικαιοσύνης
1315 2486 1350 2553 ἠ
1387 2485 1542 2553 παρὰ
1577 2486 1714 2540 Θεοῦ
1748 2488 1924 2557 γέγονε

2033 2501 2120 2546 tur
2148 2491 2316 2560 iniqui
2362 2499 2417 2544 et
2475 2496 2785 2559 peccatores
2834 2487 3014 2553 simul,
3065 2501 3127 2541 ac
3166 2485 3602 2551 derelinquentes

355 2570 622 2642 πύρωσις,
653 2571 770 2642 ὴτοι
798 2571 1114 2642 δοκιμασία,
1146 2572 1376 2643 φανερὸν
1418 2574 1704 2646 καθίστησι
1739 2578 1800 2631 τὸ
1840 2581 1924 2633 εύ-

2032 2582 2316 2638 Dominum
2343 2581 2710 2637 delebuntur.»
2751 2578 3005 2634 Discretis
3033 2578 3175 2633 enim
3205 2575 3514 2647 generibus,
3545 2584 3599 2628 ut

353 2659 659 2731 δοκιμῆσαν
686 2659 844 2727 γένος
867 2660 955 2712 διὰ
979 2661 1078 2729 τῆς
1106 2659 1358 2724 πίστεως·
1389 2665 1716 2734 προσεπάγει
1737 2666 1924 2737 λέγων,

2032 2674 2304 2737 dicebam,
2355 2683 2411 2726 et
2457 2687 2522 2728 eo
2555 2672 2644 2742 qui
2697 2671 2925 2726 credidit
2967 2669 3281 2740 approbato,
3308 2668 3478 2722 altero
3502 2682 3602 2719 au-

363 2750 517 2804 ('01;
549 2749 688 2821 μετά
717 2750 984 2821 κρίματος
1016 2750 1312 2822 σωθήσεται
1337 2755 1367 2826 ή
1397 2757 1736 2827 αίχμαλωσία
1759 2762 1924 2832 αὐτῆς

2031 2774 2137 2820 tem
2164 2766 2402 2836 graviter
2422 2764 2751 2834 impingente
2780 2780 2795 2818 :
2819 2763 3049 2819 electum
3083 2762 3300 2831 quidem
3328 2769 3598 2814 servatum

360 2842 454 2894 καὶ
494 2841 634 2912 μετά
656 2841 1035 2913 ὲλεημοσύνης,
1066 2843 1157 2895 καὶ
1193 2846 1630 2918 συντριϐήσονται
1656 2851 1704 2904 οί
1738 2852 1924 2924 ἄνομοι

2029 2868 2141 2924 est;
2202 2859 2295 2914 sed
2344 2858 2501 2928 periit
2561 2856 2818 2928 quidquid
2877 2855 3168 2910 nefandum
3243 2868 3306 2907 ac
3353 2852 3597 2907 odiosum

361 2935 458 2988 καὶ
508 2937 556 2988 οἱ
587 2934 894 3006 ἁμαρτωλοὶ
940 2934 1071 3004 ἅμα,
1123 2936 1217 2990 καὶ
1246 2938 1296 2990 oi.
1333 2940 1790 3008 ἐγκαταλιπόντες
1838 2947 1924 3000 τὸν

2031 2949 2155 3013 fuit,
2207 2958 2261 3004 et
2321 2951 2442 3002 vitae
2510 2947 2842 3002 dissolutiori
2927 2947 3283 3008 innutritum,
3338 2941 3598 3012 quidquid

358 3023 562 3096 Κύριον
592 3024 1149 3096 συντελεσθῆοονται.»
1185 3027 1627 3100 Διακεκριμένων
1683 3034 1790 3104 γὰρ
1827 3037 1924 3108 ήδη

2032 3043 2190 3110 impie
2224 3041 2382 3103 vixit,
2418 3049 2473 3094 et
2502 3039 2774 3092 Christum
2825 3037 2976 3091 nihili
3035 3037 3180 3100 fecit,
3239 3035 3332 3102 qui
3392 3033 3597 3087 salvum

353 3119 460 3172 τῶν
499 3119 696 3188 γενῶν,
740 3122 834 3173 καὶ
859 3119 953 3173 τοῦ
986 3121 1086 3190 μὲν
1131 3124 1559 3189 πεπιστευκότος
1589 3127 1924 3199 εὐδοκιμοῦν-

2038 3132 2214 3186 facere
2254 3130 2434 3192 novit,
2484 3137 2536 3183 et
2576 3136 2794 3197 peccata
2828 3125 3073 3187 remittit,
3105 3138 3165 3176 ac
3190 3123 3362 3192 gratia
3395 3119 3598 3187 justum

344 3229 456 3277 τος,
492 3211 568 3276 ὼς
608 3212 763 3283 ἔφην,
826 3212 1052 3283 θατέρου
1087 3230 1150 3281 γε
1202 3215 1310 3285 μὴν
1358 3217 1418 3268 ού
1468 3219 1931 3293 μετρίωςκηπροσ-
1985 3211 2001 3213 ἡ
2037 3224 2218 3276 eﬂieit.

345 3302 729 3371 κεκρουκότος,
765 3302 1031 3355 σέσωσται
1077 3302 1178 3373 μὲν
1214 3303 1274 3357 τὸ
1311 3305 1629 3374 ἀπόλεκτον,
1661 3310 1965 3384 ὼλὸθρευτο
2018 3315 2073 3367 δὲ
2134 3316 2242 3366 πᾶν
2296 3312 2416 3364 ὅσον
2475 3302 2543 3380 ἦν
2595 3312 2652 3363 ὲν
2696 3311 2878 3371 αὐτοῖς
2925 3306 3173 3378 βδελυρδν
3224 3307 3317 3357 καὶ
3356 3300 3601 3370 ἀπηχθη-

347 3390 526 3462 μένον,
580 3395 674 3446 καὶ
714 3394 970 3458 ἀπονοίας
1021 3393 1340 3466 σύντροφον,
1386 3400 1479 3451 καὶ
1514 3412 1523 3423 ‘
1555 3399 1816 3469 βεϐιωκὸς
1859 3406 2110 3468 ἀνοσίως,
2177 3403 2269 3457 καὶ
2300 3400 2536 3474 Χριστοῦ
2577 3402 2651 3471 μὴ
2709 3398 3068 3472 πεφροντικὸς
3116 3396 3210 3449 τοῦ
3244 3392 3434 3457 σώζειν
3463 3391 3600 3444 εἰδό-

342 3501 455 3548 τος,
508 3485 601 3538 καὶ
661 3484 901 3546 ἀνιέντος
952 3487 1275 3559 ἐγκλήματα
1320 3491 1413 3542 καὶ
1460 3490 1795 3557 δικαιοῦντος
1857 3500 1922 3568 τῇ
1958 3499 2162 3570 χάριτι.

416 3578 572 3630 Διότι
642 3579 1276 3648 καταισχυνθήσονται
1328 3583 1428 3635 ἐπὶ
1485 3584 1611 3650 τοῖς
1656 3586 1921 3652 εἰδώλοις

2105 3593 2265 3646 \‘tzns.
2296 3591 2387 3653 29,
2421 3590 2509 3644 50.
2546 3589 2878 3656 Quapmpter
2909 3581 3295 3650 confundantur
3336 3579 3389 3630 in
3443 3574 3600 3628 idolis

345 3668 569 3733 αὐτῶν,
598 3667 638 3723 ἃ
669 3670 837 3723 αὐτοὶ
891 3670 1242 3738 ἠϐούλοντο,
1289 3675 1387 3728 καί
1438 3676 1924 3745 ἐπῃσχύνθησαν

2030 3685 2160 3748 suis,
2190 3700 2306 3752 qua:
2339 3682 2436 3749 ipsi
2477 3680 2754 3734 nolebant:
2790 3687 2838 3730 et
2874 3674 3081 3742 confusi
3103 3680 3218 3726 sunt
3243 3685 3396 3737 super
3430 3667 3598 3719 hortis

343 3761 442 3814 ἐπὶ
472 3761 596 3827 τοῖς
624 3761 844 3829 κήποις
865 3762 1080 3830 αὐτῶν,
1105 3764 1144 3818 ἃ
1187 3765 1595 3836 ἐπεθύμησαν.
1637 3772 1924 3827 Ἔσονται

2029 3779 2159 3842 suis,
2196 3793 2324 3848 quos
2362 3776 2784 3844 concupiverunt.
2834 3770 2999 3823 Erunt
3041 3766 3227 3819 etenim
3262 3761 3415 3816 ueluti
3467 3770 3600 3811 tere-

342 3855 454 3923 τὰρ
483 3856 564 3922 ὡς
586 3855 937 3922 τερέϐινθος,
965 3857 1411 3925 ἀποϐεϐληκυῖα
1448 3859 1521 3913 τὰ
1567 3862 1792 3930 φύλλα,
1825 3864 1924 3918 καί

2032 3870 2237 3923 bim/tus
2281 3884 2396 3939 qua»
2456 3868 2642 3936 abjecit
2670 3865 2819 3934 folia,
2858 3871 2906 3916 et
2947 3870 3000 3914 ut
3044 3859 3223 3911 hortus
3261 3868 3451 3923 aquam
3497 3866 3598 3902 non

341 3946 424 4009 ὠς
441 3945 803 4013 παράδεισος
829 3946 986 4016 ὕδωρ
1009 3948 1095 4017 μὴ
1122 3948 1299 4016 ἔχων.

418 4038 593 4107 Ἐφην
624 4038 706 4091 ὅτι
733 4037 918 4110 διττὴν
944 4042 1003 4095 ὲν
1019 4041 1231 4104 τούτοις
1257 4044 1286 4095 ό
1314 4041 1406 4095 τοῦ
1450 4047 1728 4116 προφήτου
1765 4046 1923 4115 λόγος

342 4130 581 4181 ποιεῖται
639 4129 739 4199 τὴν
784 4130 1057 4201 πρόφασιν
1116 4133 1215 4203 τῆς
1289 4135 1572 4189 Ἰουδαίων.
1621 4138 1916 4209 ἀποϐολῆς.

342 4218 509 4271 Διττά
528 4219 635 4289 γὰρ
664 4220 840 4273 αὐτῶν
864 4221 932 4274 τὰ
953 4223 1120 4294 ὲγκλή
1130 4241 1295 4294 ματα.
1316 4226 1488 4279 Πάλαι
1522 4229 1619 4297 μὲν
1649 4229 1757 4302 γὰρ
1783 4230 1917 4284 Θεὸν

343 4309 592 4377 ἀφέντες,
626 4311 718 4365 τὸν
771 4312 865 4366 ἕνα
918 4313 1013 4366 καὶ
1055 4314 1236 4383 φύσει,
1291 4317 1383 4369 καὶ
1410 4317 1709 4390 λυτρωτὴν,
1762 4321 1918 4375 λελα-

2033 3961 2247 4015 habens.

2105 4051 2223 4104 Dixi
2278 4050 2654 4119 propheticum
2705 4057 3008 4098 sermonem
3071 4036 3356 4107 genuinam
3405 4032 3456 4084 itt
3512 4030 3596 4083 his

2026 4142 2211 4197 verbis
2237 4156 2456 4195 causam
2516 4136 2709 4190 aﬁerre
2743 4134 3046 4187 Judteorum
3089 4126 3457 4180 incusationis.
3497 4122 3598 4176 Ge-

2029 4237 2256 4289 nuinnm
2328 4231 2470 4285 enim
2540 4228 2640 4280 fuit
2701 4240 2885 4278 eorum
2959 4222 3186 4276 crimen.
3261 4218 3391 4272 Nam
3470 4217 3595 4269 olim

2025 4329 2218 4382 relicto
2271 4338 2379 4378 uno
2433 4331 2481 4374 et
2522 4318 2753 4373 naturali
2796 4317 2903 4370 Deo
2952 4330 3015 4369 ac
3053 4309 3594 4380 Redemptore,idola

344 4399 633 4469 τρεύκασιν
663 4401 920 4470 είδώλοις,
954 4406 1049 4460 καὶ
1073 4405 1335 4461 τεθύκασι
1364 4406 1552 4472 θυσίας
1580 4413 1646 4480 τῇ
1693 4417 1919 4486 στρατιᾷ

2029 4420 2325 4481 coluerunt,
2382 4414 2650 4470 sacriﬁcia
2705 4411 2910 4465 militiae
2969 4407 3088 4462 coeli
3126 4406 3592 4462 sacriﬁcaverunt,

342 4491 436 4543 τοῦ
463 4493 713 4564 οὐρανοῦ,
744 4496 840 4548 καὶ
881 4499 998 4561 τοῖς
1039 4497 1223 4567 ἔργοις
1274 4499 1384 4552 τῶν
1427 4501 1571 4555 ίδίων
1628 4503 1822 4575 χειρῶν
1864 4507 1922 4559 τὸ

347 4582 511 4646 σέϐας
573 4587 939 4652 ἀνάπτοντες,
1011 4589 1472 4661 δεδυσσεϐήκασιν
1543 4593 1602 4646 ού
1661 4597 1917 4666 μετρίως.

357 4672 576 4745 Ἐπειδὴ
610 4675 666 4726 δὲ
694 4675 824 4738 Θεὸς
869 4676 1072 4748 Κύριος
1114 4679 1385 4748 ὲπέφανεν
1445 4683 1595 4752 ἡμῖν,
1651 4684 1793 4737 κατὰ
1822 4685 1920 4747 τὰς

338 4765 586 4835 Γραφάς,
617 4768 919 4837 ἠρνήσαντο
957 4772 1052 4823 καὶ
1106 4771 1287 4838 αὑτὸν,
1317 4774 1412 4826 καὶ
1451 4778 1919 4847 πεπαρῳνήκασιν

336 4856 397 4907 οὺ
419 4855 658 4926 μετρίως
683 4859 762 4920 είς
780 4859 870 4913 τὸν
895 4860 995 4931 τῆς
1018 4861 1164 4932 ζωῆς
1189 4863 1451 4934 ἀρχηγόν.
1477 4866 1685 4919 Οὐκοῦν
1709 4868 1914 4936 ἀδελφά

335 4948 401 5000 τὰ
459 4949 811 5019 ἐγκλήματα,
863 4954 956 5005 καὶ
1013 4954 1112 5022 τῆς
1165 4957 1424 5018 ἀπονοίας
1487 4959 1515 5009 ό
1563 4958 1765 5028 τρόπος
1815 4961 1914 5013 ούκ

334 5039 604 5103 ἀπεοικὼς
628 5040 706 5111 τῷ
731 5042 950 5114 πρώτῳ,
973 5046 1172 5115 μᾶλλον
1190 5047 1246 5100 δὲ
1269 5050 1363 5100 καὶ
1386 5050 1445 5101 ἐν
1477 5049 1626 5120 αίτίᾳ
1658 5051 1913 5114 ἀπονοίας

333 5130 563 5198 μείζονι.
598 5133 707 5184 Καὶ
756 5133 1076 5198 ἐκολάζοντο
1110 5137 1210 5207 μὲν
1241 5139 1382 5192 κατά
1419 5156 1483 5206 γε
1530 5141 1654 5203 τοὺς
1683 5142 1788 5212 πρὸ
1810 5143 1910 5211 τῆς

329 5223 482 5292 ἐπιδη
496 5226 622 5292 μίας
647 5230 872 5296 καιροὺς
892 5230 1011 5292 ταῖς
1035 5229 1143 5282 τῶν
1163 5231 1435 5301 πολεμίων
1453 5232 1684 5300 ἐφόδοις,
1703 5233 1910 5287 πόλεων

331 5313 700 5384 ὲαπρησμοῖς,
731 5319 898 5372 οἴκων
922 5321 1254 5391 ἀνατροπαῖς
1329 5362 1334 5367 ι
1426 5366 1440 5379 .
1522 5365 1534 5378 .
1614 5365 1627 5378 .
1706 5365 1718 5378 .
1797 5365 1812 5379 .
1894 5365 1906 5377 .

330 5404 517 5458 Ταῦτα
551 5408 656 5478 γὰρ
713 5410 887 5482 ἔδρων
941 5413 1186 5480 ἐφιέντος
1229 5415 1396 5479 Θεοῦ,
1450 5417 1654 5490 Πέρσας.
1711 5435 1770 5469 τε
1817 5419 1909 5469 καὶ

329 5495 525 5564 Μῆδοι,
552 5500 855 5567 Μωαϐῖται,
881 5505 977 5556 καὶ
995 5505 1299 5574 Ἰδουμαῖοι,
1324 5507 1416 5559 καὶ
1438 5506 1506 5559 τὰ
1528 5507 1780 5577 περίοικα
1800 5506 1906 5560 τῶν

329 5585 521 5642 ἐθνῶν.
562 5591 773 5665 Ἐπειδὴ
791 5595 868 5659 δὲ,
889 5595 966 5660 ὡς
998 5597 1164 5666 ἔφην,
1199 5600 1292 5649 καὶ
1320 5600 1399 5660 είς
1438 5597 1598 5651 αὐτὸν
1634 5599 1908 5669 ἠσέϐησαν

328 5683 422 5737 τδν
441 5685 680 5755 Χριστὸν
705 5728 720 5751 ,
740 5687 840 5739 οὐκ
875 5688 934 5741 ὲν
981 5688 1163 5758 μείοσι
1187 5688 1295 5740 τῶν
1336 5689 1707 5760 ἀρχαιοτέρων
1735 5693 1893 5757 γεγό-

399 5796 445 5827 ⁸⁹
480 5795 499 5850 l
529 5797 655 5853 Cor.
693 5814 761 5861 tv,
800 5800 881 5856 15.
963 5801 1028 5831 ⁸⁰⁸
1064 5799 1239 5855 Galat.
1278 5817 1352 5867 tv,
1399 5801 1478 5854 l9.
1558 5804 1595 5832 ¹¹¹
1638 5801 1734 5854 Isti.
1770 5804 1856 5865 5:3,
1907 5805 1946 5856 Ι,

2018 4523 2070 4566 et
2096 4511 2351 4580 operibus
2378 4525 2631 4563 manuum
2661 4519 2879 4560 suarum
2901 4502 3104 4556 eultmn
3140 4496 3465 4557 deiet-cutes,
3490 4508 3592 4544 non

2020 4604 2279 4660 mediocri
2326 4602 2601 4670 impietate
2647 4612 2703 4651 se
2725 4597 3157 4650 obstrinxerunt.
3207 4590 3376 4642 Porro
3407 4587 3592 4648 etiam,

2019 4710 2138 4747 cum
2218 4693 2359 4745 Deus
2440 4690 2696 4742 Dominus
2764 4688 3104 4754 apparuisset
3170 4677 3345 4737 nobis,
3407 4683 3464 4726 ut
3513 4683 3598 4727 est

2021 4782 2074 4834 in
2154 4780 2474 4849 Seripturis,
2537 4784 2800 4844 negarunt
2852 4782 2904 4826 et
2935 4774 3216 4838 ipsunt,ac
3261 4766 3464 4820 nefarie
3539 4765 3591 4816 itt

2023 4871 2319 4939 principem
2377 4870 2499 4920 vitae
2553 4863 2872 4921 debacchati
2922 4869 3064 4914 sunt.
3124 4855 3311 4925 Itaque
3365 4862 3595 4923 cognata

2020 4973 2073 5018 et
2101 4962 2252 5031 quasi
2294 4973 2547 5029 germana
2599 4955 2816 5008 fuerunt
2841 4950 3063 5003 crimina
3087 4967 3102 5014 ;
3126 4960 3179 5003 et
3211 4949 3369 5018 hujus
3407 4960 3594 4999 amen-

2021 5056 2107 5109 tim
2154 5055 2345 5106 modus
2401 5050 2567 5120 priori
2613 5047 2715 5101 fuit.
2756 5063 2858 5099 non
2900 5043 3162 5099 absimilis
3197 5062 3212 5098 :
3253 5043 3362 5094 into
3416 5038 3595 5106 potius

2021 5145 2191 5212 major
2217 5159 2279 5196 ac
2315 5143 2533 5212 gravior
2559 5148 2641 5194 est
2677 5137 2966 5193 dementia.
3012 5136 3075 5190 Et
3099 5134 3310 5203 quidem
3340 5128 3593 5198 tempori-

2019 5241 2117 5292 bus
2160 5251 2280 5306 quze
2347 5237 2634 5288 adventum
2705 5236 3129 5301 prmeessernnt,
3177 5223 3412 5277 hostium
3451 5221 3593 5273 irru-

2018 5327 2313 5395 ptiouihus,
2378 5323 2655 5377 civitatum
2713 5316 3247 5386 conﬁagrationibus,
3307 5312 3590 5364 domorum
3664 5324 3679 5340 ο

2015 5417 2407 5480 eversionibus,
2437 5413 2750 5467 crudelitate
2781 5409 2962 5478 gladii,
2993 5417 3280 5474 puerorum
3303 5398 3591 5456 occisioni-

2017 5510 2137 5572 btts,
2184 5517 2237 5562 et
2291 5507 2611 5560 feminarum
2651 5500 3054 5570 captivitatibus
3099 5495 3307 5549 multati
3355 5499 3481 5548 sunt
3535 5498 3591 5543 et

2016 5599 2207 5667 puniti.
2270 5601 2376 5652 Deo
2439 5611 2669 5663 namque
2738 5590 3078 5651 immittcnte,
3143 5587 3344 5649 Persa),
3428 5582 3586 5643 Medi,

2012 5691 2273 5757 .‘doztbilm,
2302 5688 2514 5746 lduman
2549 5695 2601 5742 et
2629 5685 2825 5740 accola:
2877 5694 3061 5752 gentes
3101 5683 3198 5737 ista
3248 5679 3584 5733 factitatum.
