4134 6304
564 373 634 428 65
1590 377 1647 431 S.
1689 376 1963 433 CYRILLI
2005 376 2472 434 ALEXANDRINI
2509 379 2832 436 ARClllEP.
3741 381 3814 438 6L

569 492 836 548 Caeterum
883 462 996 560 ubi,
1053 494 1502 561 quemadmodum
1543 495 1676 562 dixi,
1723 496 1887 551 etiam
1912 495 2021 567 32
2085 497 2134 551 in

2244 512 2365 550 νασι
2423 496 2630 553 κακῶν.
2686 495 3151 572 Περιπεπτώκασι
3194 495 3304 568 γὰρ
3350 497 3469 560 ταῖς
3530 496 3815 568 Ῥωμαίων

573 586 748 653 ipsum
773 582 1043 649 Christum
1070 584 1215 654 impii
1241 584 1484 650 fuerunt,
1538 587 1594 640 iu
1648 586 1805 643 malis
1840 587 2133 642 versaban-

574 685 681 739 tur,
732 689 836 730 non
878 675 1175 730 minoribus
1199 685 1293 730 aut
1344 677 1633 732 levioribus
1675 677 1799 742 illis,
1839 693 1958 748 quae
2002 694 2139 748 pra:-

573 772 876 821 cesserunt.
929 765 1236 821 lnciderunt
1272 768 1415 823 enim
1448 768 1499 823 in
1540 768 1812 824 Romanos
1843 770 2134 836 exercitus,

571 856 661 925 qui
713 858 1016 911 universam
1061 855 1299 911 Judzeam
1353 858 1595 914 funditus
1625 858 1961 926 deleverunt,
2013 876 2134 915 cum

573 963 753 1014 nemo,
790 949 880 1020 qui
929 948 1141 1018 quidem
1191 958 1374 1018 posset
1420 948 1649 1015 eripere,
1684 950 1837 1006 etab
1886 950 1975 1006 illa
2027 960 2135 1005 tam

562 1038 762 1094 acerba
820 1038 1127 1095 calamitate
1208 1040 1475 1107 liberare,
1546 1040 1877 1097 subveniret.
1931 1038 2136 1097 Idcirco

569 1130 737 1184 dicit:
792 1148 811 1181 ε
853 1128 1073 1185 Robore
1122 1128 1496 1185 suﬂ‘undentur
1551 1132 1604 1184 in
1647 1130 1803 1185 idolis
1844 1131 1977 1197 suis,
2020 1146 2137 1200 qua

568 1219 669 1287 ipsi
695 1220 1018 1277 noluerunt:
1047 1229 1102 1274 et
1126 1220 1460 1275 erubueruut
1501 1220 1554 1273 in
1588 1221 1758 1275 hortis
1806 1222 1940 1288 suis,
2002 1236 2138 1291 quos

569 1311 980 1380 concupierunt.
1020 1328 1039 1363 ι
1102 1309 1332 1364 Nemora
1388 1311 1651 1380 siquidem
1711 1322 2039 1382 occupantes
2084 1322 2138 1369 et

569 1400 777 1466 colles,
830 1400 1025 1455 deinde
1086 1400 1224 1457 idola
1275 1401 1428 1471 juxta
1493 1403 1835 1471 proceriores
1903 1404 2135 1460 arbores

570 1499 895 1556 statuentes,
915 1500 1077 1562 atque
1105 1506 1230 1547 aras
1258 1493 1548 1563 erigentes,
1581 1494 1716 1548 falso
1733 1496 2137 1565 cognominatos

572 1583 732 1649 deos,
782 1591 1086 1638 servatores
1114 1582 1475 1651 appellabant,
1507 1592 1563 1638 et
1621 1585 1673 1639 in
1719 1585 1852 1654 ipsis
1880 1601 2135 1642 manuum

570 1686 789 1726 suarum
839 1673 1091 1742 operibus
1139 1688 1288 1743 spem
1334 1689 1547 1730 onmem
1603 1674 1900 1742 locabant;
1951 1691 2133 1745 posse,

571 1765 765 1833 inquit,
800 1780 860 1821 se
891 1766 1123 1821 inimicis
1166 1766 1474 1836 superiores
1502 1781 1621 1821 esse
1653 1776 1710 1823 et
1767 1769 2125 1824 adversantes

568 1857 725 1912 facile
766 1872 1096 1927 expugnare.
1136 1856 1266 1912 Cum
1311 1868 1489 1912 autem
1529 1859 1877 1915 advenissent
1924 1862 2133 1927 hostes,
2163 1832 2207 1888 Β

566 1960 620 2003 et
650 1949 859 2005 hostilia
890 1949 1165 2014 fecissent,
1193 1959 1249 2004 et
1273 1951 1559 2007 destitutus
1581 1967 1609 2005 a
1630 1952 1736 2006 diis
1767 1954 1881 2007 suis
1897 1953 2137 2009 exstitis-

567 2052 650 2096 set
676 2041 862 2106 lsrael,
892 2042 945 2096 in
986 2042 1144 2097 idolis
1181 2043 1293 2097 suis
1325 2043 1594 2114 pudefacti
1647 2052 1798 2099 sunt.
1831 2043 1952 2100 lllos
1989 2060 2137 2100 nam-

565 2150 675 2203 que
720 2142 848 2189 ante
895 2133 1030 2189 alios
1076 2150 1180 2189 una
1243 2149 1366 2190 cum
1442 2135 1613 2192 hortis
1665 2137 1903 2207 lucisque
1944 2149 2136 2197 exutos

566 2235 985 2296 conspexerunt,
1019 2237 1221 2281 etcum
1279 2227 1520 2282 delubris
1579 2229 1710 2298 ipsis
1741 2237 1796 2284 et
1851 2230 2131 2288 altaribus.

564 2318 892 2373 Exciderunt
933 2319 1095 2389 igitur
1132 2334 1246 2388 spe,
1290 2322 1503 2389 quando
1531 2322 1658 2376 deos
1695 2337 1822 2377 suos
1869 2324 1976 2392 pati
2004 2339 2134 2380 con-

561 2413 921 2478 Spiearentur,
982 2420 1092 2463 tum
1149 2411 1381 2481 denique
1437 2411 1523 2466 vix
1585 2413 1946 2485 intelligentes
2003 2416 2133 2472 illud

563 2518 695 2557 voce
722 2503 991 2571 propheta:
1013 2502 1213 2556 dictum
1239 2518 1267 2555 a
1308 2503 1418 2558 Deo
1448 2521 1462 2556 :
1500 2522 1520 2554 ι
1550 2504 1613 2558 Et
1646 2506 1735 2558 ubi
1767 2516 1893 2562 sunt
1924 2508 1994 2562 dil
2033 2513 2130 2577 tui,

561 2610 701 2665 quos
727 2598 839 2663 ipse
869 2595 960 2649 tibi
981 2594 1184 2649 fecisti?
1212 2610 1337 2648 num
1361 2607 1580 2665 surgent
1606 2609 1658 2651 et
1689 2600 1979 2654 servabunt
2001 2610 2053 2656 te
2080 2603 2131 2656 in

566 2699 806 2754 tempore
835 2682 1135 2739 alﬂictionis
1167 2695 1269 2739 tuae
1285 2685 1388 2739 3“?
1416 2706 1435 2739 ι
1456 2685 1643 2742 All'ecti
1668 2704 1795 2759 ergo
1821 2690 2133 2759 ignominia,

568 2782 622 2832 in
646 2778 754 2831 diis
787 2776 903 2831 suis
938 2791 1074 2844 quos
1103 2777 1497 2845 expetiverunt,
1531 2788 1585 2832 et
1642 2780 1693 2834 in
1728 2782 1921 2847 hortis,
1974 2795 2135 2839 erunt

564 2877 823 2936 tanquam
862 2866 1197 2922 terebinthus
1254 2867 1479 2936 abjectis
1537 2868 1700 2935 foliis,
1739 2880 1792 2926 et
1831 2883 1888 2927 ut
1950 2874 2136 2932 hortus

565 2974 763 3027 aquam
817 2973 921 3012 non
952 2957 1159 3013 habens
1196 2975 1212 3012 :
1251 2959 1303 3013 id
1338 2969 1419 3014 est
1452 2960 1579 3015 nudi
1622 2971 1675 3016 et
1720 2963 2131 3033 deepectissimi,

562 3058 620 3104 et
645 3051 870 3103 multum
900 3048 1212 3105 laborantes
1256 3049 1562 3116 sterilitate,
1605 3051 1835 3121 spiritali
1884 3055 2133 3112 videlicet

2242 592 2541 661 στρατιαῖς,
2566 591 2615 644 οἳ
2638 592 2732 645 καὶ
2750 592 2929 645 πᾶσαν
2957 590 3127 660 ἄρδην
3151 589 3495 662 ώλόθρευσαν
3529 591 3809 659 Ἰουδαίαν,

2239 680 2609 752 ἐπαμύνοντος
2643 682 2890 748 οὐδενὸς,
2931 682 3100 752 ἦγουν
3154 680 3430 746 ἐξελέσθαι
3487 681 3809 753 δυναμένου,

2238 772 2455 845 καὶτῆς
2483 774 2624 828 οὕτω
2655 776 2855 846 πικρᾶς
2876 772 3150 838 ἐξελέσθαι
3180 775 3482 843 συμφορᾶς.
3508 775 3692 847 ΙῙῖαύτιειι
3730 776 3814 836 τοί

2237 880 2425 935 φησιν,
2460 866 2542 919 ὃτι
2566 885 2585 918 ι
2614 864 3185 938 Κατιισχυνθήσονται
3222 869 3283 919 ἐν
3308 868 3419 928 τοῖς
3444 865 3680 931 εἰδώλοις
3717 869 3815 921 αὺ-

2236 956 2366 1022 τῶν,
2402 957 2436 1010 ἃ
2463 958 2618 1010 αὐτοὶ
2663 958 2973 1028 ἠϐούλοντο,
3023 958 3118 1011 καὶ
3146 957 3568 1029 ἐπῃσχύνθησαν
3612 959 3671 1012 ἐν
3701 963 3815 1022 τοῖς

2235 1048 2433 1119 κήποις
2459 1049 2658 1113 αὐτῶν,
2692 1049 2728 1103 ἀ
2765 1049 3133 1121 ἐπεθύμησαν.
3167 1069 3186 1102 ›
3228 1050 3399 1120 Ἀλση
3440 1050 3538 1120 μὲν
3581 1048 3691 1120 γὰρ
3718 1051 3816 1103 καὶ

2238 1139 2477 1211 δρυμοὺς
2519 1140 3048 1212 καταλαμϐάνοντες,
3092 1137 3210 1196 εἶτα
3250 1142 3363 1203 τοῖς
3390 1141 3818 1212 εὐμηκεστέροις

2236 1231 2343 1285 τῶν
2394 1232 2577 1301 φυτῶν
2626 1232 2820 1288 εἴδωλα
2877 1233 3355 1305 περιιδρύσαντες,
3411 1233 3716 1303 ἐγείροντες
3753 1250 3816 1286 τε

2239 1323 2485 1394 βωμοὺς,
2542 1324 2794 1396 σωτῆρας
2870 1325 3203 1389 ἐπεκάλουν,
3255 1325 3382 1388 τοὺς
3431 1323 3816 1392 ψευδωνύμως

2243 1411 2419 1477 θεοὺς,
2459 1413 2555 1468 καί¹
2583 1415 2668 1467 ἐπ’
2705 1415 2889 1480 αὐτοῖς
2939 1417 3050 1478 τοῖς
3089 1414 3271 1487 ἔργοις
3301 1414 3408 1469 τῶν
3442 1414 3587 1469 ίδίων
3619 1413 3814 1488 χειρῶν

2239 1506 2419 1559 πᾶσαν
2453 1504 2636 1559 ἔθεντο
2657 1506 2755 1576 τὴν
2785 1506 2995 1574 ἐλπίδα,
3018 1507 3115 1577 τὴν
3134 1506 3230 1560 τοῦ
3250 1504 3509 1560 δύνασθαι
3542 1523 3814 1576 κατευμε-

2238 1583 2419 1667 γεθεῖν
2466 1597 2714 1669 ἐχθρῶν,
2762 1597 2858 1651 καὶ
2918 1597 3386 1667 καταγωνίζεσθαι
3437 1598 3635 1670 ῥᾳδίως
3689 1599 3811 1660 τοὺς

2238 1690 2664 1761 ἀνθεστηκότας.
2701 1688 2916 1761 Ἐπειδὴ
2951 1689 3011 1743 δὲ
3041 1691 3089 1743 οἰ
3127 1689 3225 1759 μὲν
3264 1689 3511 1760 πολέμιοι
3540 1687 3808 1760 παρῆσαν,

2236 1780 2331 1834 καὶ
2357 1779 2648 1851 δεδράκασι
2671 1779 2742 1834 τὰ
2771 1778 3003 1850 ἐχθρῶν,
3041 1779 3427 1850 ἀπομεμένηκε
3448 1778 3504 1832 δὲ
3528 1778 3676 1848 παρά
3705 1777 3811 1831 τῶν

2242 1870 2387 1924 ἰδίων
2425 1868 2562 1922 θεῶν
2599 1870 3024 1943 ἀνεπικούρητος
3073 1868 3306 1939 Ἰσραὴλ,
3366 1868 3812 1941 κατῃσχύνθησαν

2238 1961 2332 2017 ἐπὶ
2364 1963 2479 2026 τοῖς
2501 1961 2744 2025 εἰδώλοις
2774 1961 2972 2016 αὐτῶν.
3024 1961 3318 2015 Τεθέανται
3366 1960 3475 2032 γάρ
3496 1961 3691 2024 αὐτοὺς
3720 1961 3813 2018 καὶ

2238 2056 2346 2128 πρό
2372 2072 2437 2123 γε
2466 2054 2576 2108 τῶν
2604 2054 2779 2110 ἄλλων
2805 2054 3252 2125 ἐμπιπραμένους
3275 2054 3410 2125 ὁμοῦ
3440 2056 3549 2117 τοῖς
3580 2053 3809 2123 κήποις,

2237 2150 2406 2219 ήγουν
2436 2149 2549 2210 τοῖς
2584 2146 2792 2215 ἄλσεσι,
2848 2146 2942 2199 καὶ
2971 2147 3150 2209 αὐτοῖς
3177 2145 3428 2216 τεμένεσι
3459 2146 3554 2198 καί
3587 2143 3807 2215 βωμοῖς.

2237 2239 2447 2295 Οὐκοῦν
2496 2239 2906 2312 διημαρτήκασι
2976 2240 3073 2305 τῆς
3120 2238 3367 2301 ἐλπίδος,
3408 2237 3497 2289 ὅτε
3542 2235 3812 2297 παθόντας

2235 2329 2520 2384 τεθέανται
2558 2330 2683 2392 τοὺς
2720 2328 2928 2383 ἑαυτῶν
2982 2328 3159 2392 θεοὺς,
3190 2327 3312 2380 τότε
3370 2325 3615 2387 συνέντες
3661 2324 3812 2395 μόλις

2233 2421 2296 2474 τὸ
2314 2420 2405 2475 διὰ
2430 2421 2529 2491 τῆς
2547 2420 2643 2474 τοῦ
2674 2421 2952 2491 προφήτου
2976 2419 3156 2488 φωνῆς
3185 2416 3471 2488 εἰρημένον
3488 2416 3637 2485 παρὰ
3652 2412 3809 2469 Θεοῦο

2241 2529 2260 2562 ι
2287 2512 2395 2565 Καὶ
2421 2509 2524 2565 ποῦ
2557 2513 2694 2565 εἰσιν
2720 2512 2768 2564 oi
2797 2510 2907 2563 θεοί
2938 2527 3052 2574 σου,
3081 2507 3173 2571 οὒς
3202 2507 3460 2577 ἐποίησας
3492 2505 3734 2574 σεαυτῷ;
3764 2507 3811 2559 εἰ

2235 2602 2626 2672 ἀναστήσονται
2657 2603 2750 2656 καὶ
2782 2602 3014 2655 σώσουσί
3044 2617 3103 2654 σε
3121 2600 3177 2654 ἐν
3196 2597 3371 2671 καιρῷ
3388 2597 3489 2666 τῆς
3517 2595 3811 2659 κακώσεώς

2237 2710 2330 2747 σου
2354 2710 2368 2759 ;
2399 2713 2417 2746 ι
2442 2695 2708 2757 Παθόντες
2739 2694 2915 2749 τοίνυν
2944 2694 3041 2764 τὴν
3071 2692 3334 2764 ἐντροπὴν
3362 2691 3460 2760 τὴν
3486 2688 3577 2740 ἐπί
3608 2704 3671 2755 γε
3701 2689 3811 2749 τοῖς

2239 2784 2386 2848 ἰδίοις
2422 2785 2583 2848 θεοῖς,
2617 2784 2709 2848 οὓς
2739 2785 3085 2854 ἐπεθύμησαν
3114 2785 3288 2847 αὐτοὶ,
3332 2784 3427 2837 καὶ
3487 2782 3668 2852 μέντοι
3696 2779 3814 2843 τοῖς

2235 2877 2461 2947 κήποις,
2495 2876 2708 2929 ἔσονται
2744 2876 2818 2938 ώς
2856 2875 3161 2944 τερέϐινθος
3199 2874 3603 2943 ἀποϐεϐληκυῖα
3640 2870 3810 2939 αύτῆς

2233 2971 2302 3024 τά
2329 2969 2525 3038 φύλλα,
2558 2968 2651 3021 καὶ
2683 2966 2759 3029 ὼς
2792 2967 3117 3037 παράδεισος
3171 2964 3312 3036 ὕδωρ
3350 2965 3422 3035 μὴ
3469 2965 3628 3035 ἔχων·
3662 2960 3808 3015 τοῦτ’

2235 3060 2372 3123 ἐστι,
2401 3059 2597 3131 γυμνοί
2652 3076 2710 3112 τε
2743 3058 2835 3112 καὶ
2860 3057 3193 3127 ἀτιμότατοι,
3231 3057 3326 3110 καὶ⁹
3358 3055 3492 3109 πολὺ
3530 3053 3808 3115 νοσοῦντες

563 3141 824 3197 bonarum
896 3142 1187 3196 actionum.
1266 3141 1627 3199 Terebinthus
1698 3144 1840 3199 enim
1914 3156 1966 3199 et
2030 3149 2134 3203 alia

2237 3152 2336 3220 τὴν
2362 3148 2663 3221 ἀκαρπίαν,
2691 3147 2850 3217 δῆλον
2882 3146 2940 3200 δὲ
2966 3147 3046 3198 ὅτι
3065 3144 3161 3215 τὴν
3187 3142 3381 3213 νοητὴν
3411 3143 3508 3213 τὴν
3534 3143 3591 3193 ἐν
3618 3139 3810 3211 πράξε·

561 3235 770 3299 species
794 3247 1127 3301 quaecunque
1173 3231 1447 3296 arborum,
1483 3235 1719 3302 quandiu
1758 3238 1871 3292 suis
1910 3237 2133 3295 ﬂoribus

562 3324 728 3377 densa
765 3327 847 3375 est
879 3331 932 3375 et
950 3330 1162 3383 ornata,
1194 3321 1296 3376 sibi
1331 3322 1585 3377 decoram
1626 3324 1854 3394 gloriam
1891 3328 2086 3382 retinet
2117 3346 2130 3380 :

564 3413 778 3467 amissis
810 3422 987 3466 autem
1016 3411 1183 3478 loliis,
1217 3413 1320 3467 erit
1355 3413 1504 3468 arida
1547 3430 1611 3470 ac
1648 3432 1837 3485 parum
1868 3417 2133 3484 formosa,

562 3521 629 3559 ac
658 3505 808 3559 velut
874 3503 1211 3558 inhonorata.
1259 3504 1456 3559 Hortus
1478 3506 1625 3570 item,
1645 3507 1689 3560 si
1720 3507 1894 3564 fontes
1919 3512 2133 3578 habeat,

562 3598 760 3653 densus
789 3596 893 3650 erit
929 3595 1213 3651 arboribus
1244 3594 1619 3667 fruetuumque
1664 3600 1908 3656 ubertate
1955 3602 2136 3658 multi-

563 3688 753 3742 fariam
805 3687 1082 3742 luxuriat:
1133 3688 1313 3743 siccus
1360 3702 1491 3743 vero
1539 3700 1593 3744 et
1637 3691 1861 3747 humore
1922 3708 2132 3760 carens,

560 3781 784 3837 omnino
812 3780 1111 3835 sterilescet
1146 3780 1416 3835 fructuum
1450 3782 1651 3851 inopia,
1677 3784 1782 3839 imo
1810 3793 1865 3839 et
1901 3785 2132 3855 ipsarum

560 3886 775 3943 quoque
811 3873 1086 3927 arborum.
1142 3872 1498 3927 lnhonoratus
1537 3874 1700 3943 igitur
1733 3884 1787 3929 et
1814 3875 2130 3933 .inl'ructuo-

560 3979 654 4019 sus
680 3964 875 4018 mansit
903 3962 1089 4017 Israel.
1121 3963 1252 4030 Quis
1278 3962 1421 4017 enim
1461 3973 1542 4017 est
1581 3965 1795 4021 virtutis
1830 3966 2036 4023 fructus
2076 3969 2130 4024 in

560 4054 825 4109 idolorum
881 4053 1219 4110 cultoribus?
1266 4058 1374 4109 Aut
1418 4055 1601 4124 quidni
1634 4057 1704 4110 sit
1745 4058 1934 4127 plenus
1984 4061 2133 4115 omni

560 4146 821 4202 dedecore
849 4155 903 4201 et
926 4148 1343 4218 contemptione,
1366 4147 1458 4217 qui
1487 4149 1694 4203 deserit
1716 4166 1878 4205 unum
1901 4161 1954 4206 et
1976 4161 2133 4206 natu-

560 4252 619 4292 ra
653 4237 849 4291 Deum?
900 4256 920 4289 ι
962 4239 1053 4308 qui
1088 4240 1220 4295 dicit
1273 4239 1414 4308 ligno
1447 4259 1460 4294 :
1516 4241 1676 4296 Pater
1707 4258 1856 4296 meus
1886 4257 1944 4297 es
1976 4251 2055 4308 tu,
2078 4253 2131 4298 et

561 4328 757 4396 lapidi:
791 4327 873 4382 Tu
912 4343 997 4383 me
1033 4331 1262 4400 genuisti
1283 4332 1367 4384 5'!
1400 4350 1418 4382 ι
1458 4332 1569 4388 Erit
1600 4345 1775 4388 autem
1804 4334 1909 4405 33
1945 4344 1998 4390 et
2026 4337 2132 4392 alio

562 4415 723 4469 modo
789 4414 949 4470 Israel
1042 4418 1189 4471 velut
1257 4419 1592 4475 terebinthus
1665 4421 1889 4488 abiectis
1969 4426 2127 4481 foliis.

2242 3261 2324 3298 σιν
2352 3242 2603 3311 ἀγαθαῖς.
2647 3240 2715 3293 Ἠ
2757 3240 2854 3310 μὲν
2902 3242 3011 3309 γὰρ
3054 3234 3391 3308 τερέϐινθος,
3425 3235 3592 3304 ήγουν
3629 3231 3810 3301 ἕτερόν

2237 3333 2427 3388 τιτῶν
2462 3330 2666 3402 φυτῶν,
2711 3331 2815 3394 ἕως
2865 3328 2963 3399 μὲν
3009 3330 3127 3390 ταῖς
3175 3326 3330 3389 ἰδίαις
3379 3325 3567 3386 ἄνθαις
3619 3323 3812 3392 ὁρᾶται

2239 3424 2574 3494 κατάκομον,
2628 3421 2727 3491 τὴν
2779 3419 2929 3491 αὐτῷ
2977 3419 3290 3490 πρέπουσαν
3328 3415 3599 3479 ἀποσώζει
3631 3412 3808 3477 δόξανο

2240 3514 2612 3587 ἀποϐεϐληκὸς
2634 3513 2690 3567 δὲ
2717 3513 2784 3567 τὰ
2805 3510 2999 3581 φύλλα,
3038 3509 3201 3580 ξηρὸν
3229 3508 3383 3561 ἐσται
3406 3508 3500 3561 καὶ
3543 3506 3775 3569 ἀκαλλὲς
3792 3547 3807 3569 ,

2240 3609 2333 3663 καὶ
2357 3605 2467 3661 οἷον
2511 3606 2903 3677 ἡτιμασμένον.
2943 3602 3275 3673 Παράδεισος
3300 3600 3356 3652 δέ
3392 3599 3572 3660 πάλιν,
3616 3599 3666 3650 εἰ
3716 3598 3811 3667 μὲν

2240 3696 2351 3768 ἔχοι
2387 3697 2590 3769 πηγὰς,
2625 3694 3032 3765 εὐδενδρότατος
3088 3691 3238 3744 ἔσται
3286 3706 3390 3754 τις,
3436 3689 3527 3742 καὶ⁸
3560 3688 3678 3750 ταῖς
3705 3687 3812 3741 τῶν

2240 3790 2465 3859 καρπῶν
2496 3787 2776 3858 ἀφθονίαις
2814 3784 3108 3848 πολυειδῶς
3141 3782 3515 3853 ἐναϐρύνεται.
3551 3780 3726 3851 Ξηρὸς
3751 3779 3807 3832 δὲ

2240 3884 2333 3937 καὶ
2350 3881 2572 3952 ἄνυδρος
2589 3879 2686 3947 ὣν,
2712 3880 2862 3933 ἔσται
2890 3895 2993 3931 που
3010 3878 3226 3938 πάντως
3248 3876 3305 3929 ἐν
3324 3872 3590 3943 ἀκαρπίᾳ.
3614 3870 3809 3941 μᾶλλον

2238 3972 2293 4024 δὲ
2341 3971 2434 4024 καὶ
2478 3971 2660 4024 αὐτῶν
2692 3972 2907 4041 νοσήσει
2934 3968 3035 4038 τὴν
3078 3966 3328 4037 ἐρημίαν.
3374 3963 3597 4032 ’Δτιμος
3631 3961 3808 4015 τοίνυν

2238 4062 2333 4117 καὶ
2368 4062 2613 4134 ἄκαρπος
2657 4059 3075 4131 ἀπομεμένηκεν
3132 4060 3162 4112 ὁ
3206 4057 3435 4128 Ἰσραήλ.
3490 4056 3648 4118 Ποῖος
3698 4053 3808 4124 γάρ

2239 4155 2353 4206 ἐστι
2376 4153 2583 4224 καρπὸς
2607 4152 2804 4222 ἀρετῆς
2821 4153 2878 4204 ἐν
2897 4153 3009 4214 τοῖς
3029 4149 3136 4203 τῶν
3162 4148 3392 4202 εἰδώλων
3415 4146 3809 4217 θεραπευταῖςς

2243 4248 2313 4299 "ii
2342 4244 2459 4308 πῶς
2487 4246 2584 4315 οὐχ
2617 4245 2835 4315 ἁπάσης
2868 4242 3088 4313 ἀτιμίας
3119 4240 3389 4311 ἔμπλεως.
3427 4241 3455 4292 ὁ
3493 4238 3625 4291 Θεὸν
3656 4236 3812 4305 ἀφεὶς

2237 4338 2328 4391 τὸν
2356 4337 2451 4391 ἕνα
2475 4338 2569 4390 καὶ
2592 4336 2769 4405 φύσει,
2806 4353 2825 4386 ι
2865 4335 2956 4388 καὶ
2986 4334 3157 4401 λέγων
3185 4331 3261 4402 τῷ
3288 4330 3449 4401 ξύλῳ,
3480 4330 3671 4397 Πατήρ
3708 4345 3807 4398 μου

2238 4425 2289 4483 εἶ
2329 4430 2391 4482 σύ
2419 4450 2432 4463 ·
2467 4430 2560 4485 καὶ
2597 4428 2674 4499 τῷ
2702 4428 2852 4496 λίθῳ,
2889 4428 2961 4480 Σὺ
3011 4424 3304 4494 ἐγέννησας
3344 4438 3447 4493 με;
3483 4439 3501 4472 ι
3531 4421 3725 4474 Ἔσται
3755 4418 3812 4471 δὲ

561 4505 694 4559 Nam
731 4516 857 4561 ante
878 4507 1183 4561 Servatoris
1211 4508 1520 4571 adventum,
1552 4509 1676 4563 dum
1724 4511 1855 4579 legis
1877 4516 2122 4570 umbram

2237 4523 2324 4576 καὶ
2359 4522 2558 4594 ἑτέρως
2591 4521 2804 4592 Ἰσραὴλ
2841 4520 2916 4582 ὡς
2942 4518 3271 4589 τερέϐινθος,
3304 4514 3711 4584 ἀποϐεϐληκυῖα
3744 4511 3812 4564 τὰ

561 4600 878 4665 retinerent,
929 4600 1105 4654 instar
1144 4600 1396 4656 arborum
1463 4612 1639 4665 erant,
1704 4617 1825 4672 quas
1893 4604 2127 4661 fructum

560 4707 666 4746 non
710 4692 931 4755 habent,
979 4689 1123 4747 foliis
1180 4702 1357 4747 tamen
1412 4691 1666 4763 projectis
1719 4703 1776 4749 et
1822 4702 2131 4767 propagatis

560 4782 774 4850 egregie
853 4779 1209 4837 elllorescunt.
1298 4782 1431 4838 Cum
1509 4784 1702 4840 deinde
1777 4784 2131 4843 oil‘endissent

559 4870 859 4938 Christum,
942 4872 1110 4941 ipsam
1190 4874 1353 4928 etiam
1436 4874 1639 4931 umbra:
1697 4876 2132 4936 observationem

559 4964 931 5033 perdiderunt.
964 4964 1074 5021 Nec
1101 4968 1243 5022 enim
1279 4968 1416 5021 ultra
1440 4968 1732 5025 observant
1780 4971 1916 5042 legis
1964 4975 2133 5030 sacri-

560 5056 706 5121 licia,
748 5071 849 5112 nec
878 5072 1010 5113 sane
1049 5058 1311 5130 legalibus
1357 5062 1695 5118 ornamentis
1728 5063 2130 5134 insigniuntur:

560 5147 653 5202 sed
680 5163 853 5217 pauca
911 5150 1200 5205 admodum
1239 5152 1433 5220 priscae
1497 5153 1674 5223 gentis
1725 5154 1971 5211 instituta
2013 5159 2138 5213 reti-

563 5247 752 5297 nentes
811 5241 865 5296 in
926 5240 1170 5308 urbibus,
1233 5241 1534 5313 inlrugil'eri
1592 5254 1737 5312 sunt,
1801 5248 2131 5317 spoliatique

564 5326 878 5398 honoribus,
906 5341 960 5388 et
981 5331 1106 5403 jure
1150 5332 1365 5402 quidem
1419 5334 1642 5401 optimo.
1683 5353 1702 5387 ι
1745 5336 2138 5393 lnterfecerunt

565 5418 707 5472 enim
735 5422 1031 5494 principem
1084 5422 1228 5490 vita},
1265 5437 1421 5492 quem
1450 5423 1610 5487 Deus,
1635 5423 1823 5481 solutis
1863 5426 2137 5485 doloribus

566 5511 759 5565 mortis
815 5514 1163 5581 gravissimis,
1232 5515 1489 5571 excitavit
1561 5531 1592 5571 e
1659 5508 1908 5582 mortuis,
1973 5536 2135 5587 quan-

568 5601 863 5670 doquidem
912 5606 1166 5674 possibile
1238 5623 1341 5664 non
1412 5618 1529 5663 erat
1590 5609 1738 5663 illum
1803 5611 1870 5663 ab
1926 5627 1988 5666 ea
2058 5623 2134 5667 te-

569 5695 684 5749 neri
713 5696 801 5749 ην.
836 5713 855 5747 ι

639 5810 703 5842 ’ν
727 5809 834 5866 Jer.
868 5825 925 5873 II,
960 5808 1047 5864 28.
1125 5816 1167 5846 “
1194 5815 1318 5869 ibid.
1352 5814 1441 5867 ‘27.
1520 5816 1585 5848 ⁸³⁸
1620 5817 1739 5870 Act.
1771 5832 1853 5881 III,
1884 5816 1963 5869 15.

2237 4613 2429 4683 φύλλα,
2466 4613 2578 4684 Πρὸ
2620 4614 2716 4682 μὲν
2770 4611 2879 4682 γὰρ
2906 4610 3002 4681 τῆς
3029 4608 3124 4663 τοῦ
3161 4608 3411 4677 Σωτῆρος
3441 4606 3599 4676 ήμῶν
3627 4604 3812 4672 ἐπιδη-

2241 4706 2390 4775 μίας,
2428 4704 2525 4774 τὴν
2558 4704 2652 4757 τοῦ
2682 4703 2849 4774 νόμου
2875 4700 3170 4773 τηροῦντες
3209 4699 3385 4762 σκιὰν,
3413 4696 3807 4768 προσεοίκεσαν

2238 4798 2459 4865 φυτοῖς,
2508 4793 2722 4864 καρπὸν
2784 4792 2882 4862 μὲν
2940 4790 3038 4844 οὐκ
3097 4789 3299 4858 ἔχουσι,
3357 4786 3495 4856 πλὴν
3559 4780 3618 4838 εὗ
3668 4783 3812 4854 μάλα

2236 4886 2710 4958 περιηνθισμένοις
2743 4886 2863 4946 ταῖς
2895 4882 3002 4935 τῶν
3050 4880 3261 4949 φύλλων
3296 4878 3563 4942 ἐκϐολαῖς.
3588 4874 3811 4944 Ἐπειδὴ

2234 4979 2293 5032 δὲ
2328 4975 2803 5050 προσκεκρούκασι
2833 4973 2912 5043 τῷ
2941 4971 3180 5043 Χριστῷ,
3208 4970 3301 5023 καὶ
3327 4970 3492 5040 αὐτὴν
3514 4966 3813 5035 ἀποϐεϐλή-
3844 5044 3847 5053 1

2235 5087 2363 5124 κασι
2388 5068 2485 5139 τὴν
2514 5069 2611 5137 τῆς
2639 5068 2794 5128 σκιᾶς
2815 5065 3065 5135 τήρησιν.
3105 5061 3183 5118 Οὐ
3210 5061 3317 5133 γὰρ
3350 5061 3429 5114 ἔτι
3456 5058 3685 5129 τηροῦσι
3716 5057 3811 5119 τὰς

2235 5159 2375 5215 κατά
2400 5159 2562 5228 νόμον
2590 5157 2799 5219 θυσίας.
2827 5154 2951 5209 οὔτε
2985 5155 3090 5225 μὴν
3126 5156 3240 5217 τοῖς
3271 5153 3515 5222 νομικοῖς
3552 5150 3692 5219 αὑχὴ
3703 5165 3811 5219 μα-

2238 5269 2322 5305 σιν
2348 5248 2797 5318 ἐπισεμνύνονταί
2838 5247 3019 5300 ποθεν*
3057 5245 3300 5315 ὀλίγιστα
3355 5243 3413 5295 δὲ
3450 5240 3591 5295 κατά
3632 5239 3814 5300 πόλεις

2235 5344 2344 5396 τῶν
2374 5340 2618 5412 ἀρχαίων
2668 5340 2959 5411 τηροῦντες
3007 5338 3196 5398 ἐθνῶν,
3241 5333 3480 5404 ἀκαρποί
3533 5332 3670 5385 εἰσιν
3722 5330 3817 5384 καὶ

2235 5433 2590 5503 ἠτιμωμένον
2618 5434 2711 5486 καὶ
2738 5432 2880 5502 μάλα
2919 5431 3160 5493 εἰκότως.
3197 5426 3551 5480 ’Λπεκτόνασι
3579 5425 3688 5491 γὰρ
3724 5421 3812 5474 τὸν

2235 5523 2474 5592 ἀρχηγὸν
2511 5527 2611 5592 τῆς
2656 5523 2835 5591 ζωῆς,
2879 5521 2938 5574 ὃν
2980 5522 3009 5573 ὸ
3050 5520 3183 5583 Θεὸς
3224 5518 3441 5587 ήγειρεν
3487 5517 3550 5567 ἐκ
3603 5511 3811 5572 νεκρῶν

2235 5615 2401 5677 λύσας
2441 5616 2537 5678 τὰς
2575 5615 2769 5678 cerva;
2809 5614 2900 5667 τοῦ
2926 5614 3177 5671 θανάτου,
3214 5609 3334 5662 καθ’
3372 5610 3453 5662 ὅτι
3498 5607 3596 5658 οὐκ
3626 5600 3694 5673 ἦν
3721 5603 3811 5655 δυ⁹

2243 5707 2397 5759 vatim
2425 5706 2739 5776 κραιπῖτοαι
2770 5706 2928 5759 αὑτὸν
2963 5704 3052 5755 ὑπ’
3087 5700 3267 5755 αὑτοῦ.

3148 5932 3183 5955 ι’
