4134 6304
286 352 356 406 65
1446 350 1514 405 IN
1556 351 1789 407 ISAIAM
1831 353 1852 407 Ι

1955 398 1957 407 .
2000 355 2043 406 1.
2085 354 2293 412 ORAT.
2336 357 2397 411 ll.
3476 372 3548 429 ‘30

358 466 463 522 Kal
496 465 662 520 ἔσται
684 465 718 531 ἡ
747 468 923 535 ἰσχὺς
948 466 1145 520 αὐτῶν
1164 467 1243 533 ὡς
1265 467 1501 537 καῖιὶμη
1536 471 1846 523 στιππύου

2047 472 2208 528 Vens.
2240 474 2331 527 51.
2392 473 2452 525 Et
2501 476 2598 527 erit
2625 476 2890 543 fortitudo
2933 494 3108 535 eorum
3158 484 3297 538 velut
3350 491 3546 558 stipula

288 557 386 611 καὶ
422 558 461 625 ἡ
495 557 739 626 ἐργασία
767 557 967 610 αὐτῶν
996 559 1077 622 ὡς
1124 558 1456 627 σπινθῆρες
1498 560 1714 627 πυρὸς,
1768 562 1868 614 καὶ

293 648 845 714 κατακαινθιῖσονται
891 653 943 703 oi
1016 648 1226 718 ἄνομοι
1293 649 1391 703 καὶ
1435 653 1488 704 οι
1535 651 1869 720 ἁμαρτωλοὶ

291 742 430 811 ἅμα,
461 741 559 798 καὶ
584 743 694 796 οὐκ
713 743 886 796 ἔσται
914 743 948 795 ὁ
982 741 1242 796 σὸἐσων.

372 836 432 891 ὐ
490 837 655 907 σοφὸς
738 836 960 907 εἴρηκεν
1019 837 1288 908 Σολομὼν,
1355 836 1437 890 ὅτι
1496 837 1710 908 Σειραῖς
1759 836 1869 890 τῶν

290 929 481 985 ἑαυτοῦ
511 929 793 1002 ἁμαρτιῶν
835 928 1064 990 ἕκαστος
1120 930 1432 997 σφίγγεται·
1463 931 1558 983 καὶ
1597 929 1805 999 ἀληθὴς
1841 930 1872 980 ὁ

288 1022 462 1090 λόγος.
500 1022 749 1092 Ἐκὰστῳ
787 1021 895 1092 γὰρ
951 1022 1106 1091 ἡμῶν
1133 1021 1203 1075 τὰ
1260 1022 1368 1074 [δια
1423 1021 1870 1091 πλημμελήματα

288 1116 536 1187 προξενεῖ
563 1116 653 1168 τὸν
677 1113 917 1185 ὄλεθρον,
936 1115 1029 1166 καὶ
1052 1113 1152 1174 τὰς
1178 1115 1242 1166 ὲκ
1261 1113 1412 1178 Θείας
1432 1115 1604 1184 ὀργῆς
1623 1113 1870 1182 ἐπιφέρει

286 1207 458 1271 δίκας.
503 1207 714 1262 Ὀποῖόν
739 1225 790 1262 τι
820 1205 1156 1260 πεπόνθασιν
1185 1207 1235 1258 οἱ
1282 1205 1346 1270 ἐξ
1404 1206 1639 1276 Ἰσραήλ.
1672 1205 1870 1277 Είργά-

288 1315 450 1354 σαντο
486 1299 583 1369 μὲν
615 1299 724 1370 γὰρ
755 1299 963 1361 ἑαυτοῖς
985 1298 1114 1360 τοὺς
1154 1295 1539 1365 ψευδωνύμους
1572 1296 1741 1360 θεοὺς.
1774 1301 1868 1353 καὶ

214 1381 233 1397 ’
285 1391 374 1442 ἐπ’
404 1390 587 1452 αὐτοῖς
612 1389 882 1458 ἐσχήκασι
909 1386 1009 1456 τὴν
1043 1387 1256 1448 ἐλπίδα,
1290 1386 1381 1439 τοῦ
1419 1387 1668 1440 δύνασθαι
1699 1405 1867 1441 κατα-

286 1483 511 1551 κρατεῖν
542 1479 775 1549 ἐχθρῶν.
819 1478 959 1530 Ἀλλ’
996 1477 1131 1530 αὐτὸ
1152 1477 1214 1548 δὴ
1241 1478 1394 1531 τοῦτο
1420 1480 1639 1547 γέγονεν
1684 1481 1865 1544 αὐτοῖς

290 1571 579 1642 μονονουχὶ
612 1570 725 1640 πῦρ
763 1586 825 1622 τε
881 1570 974 1622 καὶ
1020 1569 1166 1633 ξύλα.
1223 1570 1321 1622 Διὰ
1365 1570 1470 1640 γὰρ
1516 1571 1722 1642 ταύτην
1768 1572 1864 1642 τὴν

290 1661 680 1733 πλημμέλειαν
729 1660 964 1713 δέδονται
1021 1659 1180 1729 πυρὶ,
1231 1660 1323 1712 καὶ
1374 1660 1531 1713 τοῦτο
1572 1662 1861 1730 ἀσϐέστῳ,

288 1754 436 1807 τοῦτ’
466 1753 599 1816 ἔστι,
629 1752 823 1813 δειναῖς
849 1767 905 1803 τε
963 1749 1054 1803 καὶ
1095 1749 1489 1821 ἀκαταλήκτοις
1534 1755 1859 1824 συμφοραῖς,

289 1843 660 1914 ἐπαμύνοντος
711 1843 936 1906 οὐδενός.
982 1844 1091 1896 Καὶ
1143 1842 1302 1896 τοῦτο
1339 1844 1470 1913 ἡμῖν
1513 1844 1683 1913 σαφὲς
1732 1845 1860 1899 καθ·

291 1938 489 2005 ίστησι,
517 1937 709 2005 λέγων’
737 1938 845 1990 Καὶ
870 1936 1022 1990 ἔσται
1067 1939 1100 2008 ἡ
1136 1939 1287 2008 ἰσχὺς
1325 1938 1504 1992 αὐτῶν
1536 1941 1612 2003 ὼς
1642 1941 1862 2012 καλάμη

285 2015 575 2088 στιππύου,
613 2028 708 2080 καὶ
738 2029 770 2098 η
791 2028 1023 2098 ἐργασία
1050 2029 1228 2083 αὐτῶν
1252 2032 1326 2093 ὡς
1351 2032 1645 2103 σπινθῆρες
1669 2034 1861 2100 πυρός.

295 2119 359 2171 Ἦ
389 2116 841 2189 προσδοκηθεῖσα,
888 2118 1076 2187 φησιν,
1123 2117 1341 2173 ἔσεσθαι
1380 2119 1611 2190 δύναμις
1640 2121 1824 2184 αὐτοῖς
1847 2160 1862 2186 ,

281 2210 433 2264 ἔσται
469 2209 546 2272 ὡς
573 2208 793 2279 καλάμη
824 2209 1115 2275 στιππύου,
1157 2209 1304 2264 τοῦτ’
1332 2210 1468 2275 ἐστι,
1494 2213 1668 2284 τροφὴ
1694 2213 1865 2282 πυρὸς

282 2303 375 2357 καὶ
415 2302 773 2372 ὑπέκκαυμα,
804 2302 898 2355 καὶ
931 2303 1000 2356 τὰ
1032 2303 1170 2374 ἔργα
1194 2303 1301 2357 τῶν
1336 2303 1532 2375 χειρῶν
1553 2305 1755 2367 αὐτῶν,
1790 2304 1865 2368 ὡς

283 2396 454 2466 πυρὸς
479 2394 776 2466 σπινθῆρες
800 2394 1204 2466 ἀκοντιζόμενοι
1255 2399 1373 2449 κατ’
1412 2395 1612 2449 αὐτῶν.
1643 2394 1864 2465 Καυθή-

286 2503 471 2540 σονται
519 2481 614 2538 οὖν
665 2486 717 2537 οἱ
761 2485 952 2554 ἄνομοι
1002 2485 1099 2538 καὶ
1146 2487 1195 2537 οἱ
1245 2485 1557 2556 ἁμαρτωλοὶ
1589 2486 1725 2554 ἆμα.
1757 2487 1865 2537 Πα-

291 2578 582 2648 ραιτητέον
616 2577 795 2630 τοίνυν
829 2577 889 2629 τὸ
938 2577 1304 2647 προσκρούειν
1343 2577 1480 2646 Θεῷ,
1517 2578 1611 2629 καὶ
1631 2576 1692 2629 τὸ
1738 2576 1868 2647 δρᾷν

288 2668 477 2719 ἐκεῖνα

294 2797 311 2812 .
394 2796 407 2812 .
493 2796 508 2811 .
587 2796 605 2811 .
686 2795 701 2809 .
782 2795 798 2809 .
879 2796 892 2808 .
975 2794 988 2807 .
1064 2756 1202 2809 αὐτὰ
1259 2757 1362 2827 γὰρ
1403 2757 1862 2827 ἡμῶντάἓργα,

293 2847 387 2899 καὶ
438 2845 554 2916 πῦρ
601 2846 738 2915 ἡμῖν
787 2843 936 2898 ἔσται
991 2847 1084 2898 καὶ
1146 2846 1314 2917 τροφὴ
1364 2847 1563 2918 πυρδς,
1613 2850 1864 2918 καθάπερ

296 2938 488 3006 ἀμέλει
531 2937 626 2990 καὶ
669 2935 736 2988 τὰ
778 2936 840 2989 ἐκ
885 2935 1133 3005 πράξεων
1156 2937 1371 3006 ἀγαθῶν
1405 2939 1714 3010 αὐχήματα,
1769 2941 1866 2993 καὶ

296 3029 443 3096 ζωῆς
492 3029 584 3082 καὶ
631 3029 787 3099 δόξης
840 3027 1168 3099 ὲμποιητικὰ
1215 3033 1326 3095 τοῖς
1379 3031 1735 3103 κατορθοῦσιν
1776 3032 1865 3086 es.

291 3138 560 3191 ρισκεται.

915 3237 1132 3290 ΛΟΓΟΣ
1163 3237 1238 3289 B'.

359 3361 413 3418 υ
453 3370 640 3439 λόγος
717 3374 751 3424 ὁ
817 3373 1145 3441 γενόμενος
1209 3373 1368 3441 παρὰ
1418 3375 1638 3440 Κυρίου
1703 3377 1854 3443 πρὸς

286 3459 561 3523 Ἡσαΐαν,
597 3462 732 3516 υἱὸν
773 3463 982 3535 ’Λμὼς,
1001 3465 1131 3533 περὶ
1152 3467 1262 3534 τῆς
1293 3467 1573 3536 Ἰουδαίας
1595 3470 1690 3523 καὶ
1720 3469 1853 3537 περὶ

284 3552 698 3623 Ἰερουσαλήμ.

345 3660 591 3731 Συγγενῆ
625 3663 735 3725 τοῖς
766 3664 1003 3732 φθάσασι
1027 3666 1095 3719 τὰ
1121 3667 1478 3738 προκείμενα,
1510 3671 1603 3724 καὶ
1625 3671 1712 3727 διὰ
1738 3672 1849 3726 τῶν

276 3750 408 3804 ῖσων
437 3753 660 3806 ἐννοιῶν
688 3755 959 3825 ἐρχόμενα
994 3757 1197 3811 κατίδοι
1228 3776 1314 3819 τις
1339 3760 1405 3812 ἂν
1449 3761 1610 3827 αὐτὰ,
1652 3761 1850 3816 λεπτὸν

270 3843 570 3914 ἐπιστήσας
621 3847 733 3907 τοῖς
780 3844 1095 3918 θεωρήμασι
1149 3848 1248 3920 τῆς
1294 3849 1532 3915 διανοίας
1579 3853 1670 3906 τὸν
1700 3855 1844 3908 νοῦν.

268 3933 528 4000 Γεγόνασι
574 3934 683 4004 γὰρ
733 3936 781 3989 oi
830 3937 997 3990 πάλαι
1029 3940 1181 4010 παρὰ
1216 3941 1348 3994 Θεοῦ
1398 3942 1545 4011 λόγοι
1572 3945 1707 4015 πρὸς
1756 3946 1847 3999 τὸν

267 4022 558 4078 θεσπέσιον
591 4028 878 4098 προφήτην
902 4030 1032 4099 περὶ
1064 4033 1162 4101 τῆς
1195 4031 1449 4097 Ἰουδαίας
1475 4036 1570 4088 καὶ
1597 4037 1844 4106 περὶτῆς

281 4112 656 4185 Ἰερουσαλήμ.
683 4117 842 4170 Δοκεῖ
853 4116 912 4171 δέ
932 4136 1069 4182 πως,
1095 4119 1265 4192 μέσην
1286 4123 1409 4176 τινὰ
1438 4124 1532 4177 καὶ
1552 4125 1614 4177 ού
1640 4126 1843 4195 σφόδρα

265 4206 420 4276 σαφῆ
471 4207 570 4277 τῆς
618 4208 860 4277 ὁράσεως
912 4210 1010 4280 τὴν
1046 4211 1298 4267 ἀπόδοσιν
1348 4213 1491 4285 ἔχειν
1539 4216 1633 4270 τοῦ
1676 4219 1841 4286 φάναι

265 4296 528 4367 περὶτῆς
575 4299 831 4364 Ἰουδαίας
865 4303 958 4354 καὶ
1003 4304 1133 4375 περὶ
1167 4305 1541 4378 Ἰερουσαλήμ.
1574 4309 1720 4380 Πλὴν
1766 4311 1841 4373 ὡς

264 4385 344 4439 ἔνι
399 4389 772 4460 σαφηνιοῦμεν
810 4391 977 4461 αὐτὴν
1032 4393 1129 4463 τὴν
1158 4395 1254 4465 τῆς
1305 4397 1546 4468 ὁράσεως
1590 4398 1836 4469 δύναμιν,

1972 573 2200 630 stuppae,
2225 575 2271 617 et
2302 582 2428 633 opus
2469 582 2648 618 eorum
2678 568 2812 621 velut
2840 572 3084 626 scintilla:
3123 575 3292 644 ignis:
3315 590 3364 632 et
3406 597 3548 635 com-

1972 656 2228 708 burantur
2282 657 2466 724 iniqui,
2501 666 2549 710 et
2597 669 2898 722 peccatores
2944 664 3120 730 simul,
3162 682 3256 721 nec
3303 670 3405 722 erit
3457 671 3546 740 qui

1968 748 2282 814 exstinguat.

2040 832 2326 902 Sapienter
2366 834 2507 889 dixit
2545 836 2798 894 Salomon
2844 857 2857 894 :
2898 840 3142 912 Quisque
3197 857 3544 915 peccatorum

1969 938 2193 977 suorum
2250 927 2603 995 compedibus
2660 931 2989 1002 stringitur;
3038 938 3346 1006 etquidem
3413 955 3542 993 vera

1968 1023 2054 1068 est
2079 1016 2192 1070 ha'c
2231 1017 2428 1073 oratio.
2478 1016 2584 1071 Sua
2619 1022 2761 1074 enim
2809 1024 3005 1092 cuique
3061 1038 3304 1083 nostrum
3348 1031 3546 1086 delicta

1968 1107 2261 1174 perniciem
2286 1115 2497 1174 creant,
2521 1118 2575 1164 et
2599 1125 2662 1164 ex
2690 1111 2768 1164 ira
2783 1113 2964 1169 divina
2990 1132 3180 1185 pmnas
3213 1120 3541 1179 conﬂabunt.

1967 1198 2118 1264 Quod
2153 1201 2370 1267 quidem
2431 1203 2576 1270 passi
2619 1211 2747 1258 sunt
2803 1202 3083 1262 lsraeline.
3126 1210 3545 1270 Commentitios

1967 1293 2111 1346 enim
2135 1304 2190 1347 et
2223 1294 2359 1349 falso
2388 1307 2730 1366 nuncupatos
2782 1299 2912 1355 deos
2961 1301 3064 1355 sibi
3111 1301 3541 1374 fabricaverunt,

1966 1394 2130 1451 alque
2185 1387 2239 1440 in
2290 1389 2394 1457 illis
2457 1400 2747 1458 sperarunt
2816 1407 2877 1447 se
2934 1393 3118 1447 bosms
3166 1406 3540 1464 superaturos.

1964 1475 2229 1530 Caeterum
2249 1478 2349 1534 hoc
2373 1480 2544 1548 ipsum
2574 1482 2776 1537 factum
2798 1490 2880 1538 est
2906 1483 3015 1539 illis
3042 1494 3250 1539 tantum
3281 1503 3384 1542 non
3403 1489 3544 1558 ignis

1963 1577 2018 1621 et
2049 1568 2211 1637 ligna.
2240 1569 2464 1641 Propter
2496 1574 2633 1628 hanc
2662 1575 2806 1628 enim
2843 1579 3187 1645 pravitatem,
3232 1579 3339 1649 igni
3362 1580 3545 1636 traditi

1964 1671 2110 1726 sum,
2143 1670 2196 1714 et
2223 1661 2435 1728 quidem
2473 1664 2581 1732 igni
2626 1666 3078 1738 inexstinguibili,
3116 1671 3369 1740 gravibus
3401 1674 3546 1728 scili-

1965 1760 2055 1804 cet
2093 1761 2147 1805 et
2169 1753 2442 1807 continuis
2467 1753 2896 1823 calamitatibus,
2930 1760 3077 1815 nullo
3110 1760 3316 1818 ferente
3348 1779 3541 1834 suppe-

1969 1842 2090 1894 tias.
2142 1842 2197 1897 Id
2252 1847 2395 1913 quod
2447 1845 2603 1901 nobis
2648 1849 2989 1916 perspicuum
3041 1851 3198 1916 facit,
3241 1854 3540 1923 inquiens:

1968 1931 2030 1985 Et
2057 1935 2162 1986 erit
2208 1935 2465 1991 fortitudo
2508 1952 2715 2004 eorum,
2751 1948 3012 2009 tanquam
3051 1943 3263 1999 culmus
3312 1955 3538 2016 stuppze,

1967 2034 2025 2082 et
2050 2041 2234 2080 eorum
2255 2041 2414 2096 opera
2434 2027 2841 2084 velutscintilla:
2872 2031 2920 2099 ig
2937 2031 3038 2085 nis.
3066 2032 3220 2100 Quod
3250 2043 3543 2104 sperabant

1966 2120 2067 2174 sibi
2098 2118 2214 2173 fore
2265 2120 2572 2186 przesidium
2603 2130 2658 2175 et
2713 2121 3135 2190 ﬁrmamentum,
3195 2129 3386 2198 inquit,
3435 2130 3541 2185 erit

1967 2219 2220 2278 tanquam
2271 2210 2521 2264 cumulus
2562 2218 2793 2281 stuppa‘,
2838 2214 2886 2266 id
2915 2223 3016 2280 est,
3053 2216 3369 2271 alimentum
3400 2219 3540 2288 ignis

1965 2310 2020 2355 et
2042 2300 2211 2355 fomes
2270 2299 2537 2353 incendii:
2577 2312 2740 2370 atque
2762 2318 2925 2373 opera
2974 2321 3227 2359 manuum
3292 2322 3536 2372 suarum,

1964 2392 2117 2461 quasi
2148 2391 2292 2460 ignis
2316 2390 2564 2444 scintillas
2613 2391 2668 2445 in
2699 2393 2843 2460 ipsos
2865 2394 3142 2462 coniectae.
3199 2398 3540 2467 Quapropter

1967 2484 2134 2552 iniqui
2171 2484 2578 2547 comburentur,
2617 2494 2670 2537 et
2699 2495 3012 2553 peccatores
3051 2489 3272 2555 pariter.
3311 2488 3540 2559 Ideoque

1965 2576 2411 2631 committendum
2445 2583 2684 2640 nonest,
2727 2586 2786 2629 ut
2809 2575 2970 2631 Deum
3012 2580 3236 2650 posthac
3295 2580 3538 2636 olfenda-

1966 2682 2107 2732 mus,
2129 2680 2262 2720 eave
2298 2666 2643 2736 designemus
2671 2667 3062 2736 imprudenter,
3093 2687 3211 2741 quae
3261 2690 3539 2745 proliemo-

1965 2758 2090 2811 dum
2149 2759 2376 2811 invitum
2429 2761 2727 2812 accendent
2770 2762 2821 2815 in
2860 2775 2956 2816 nos
3016 2777 3159 2826 eum,
3217 2767 3306 2835 qui
3361 2776 3539 2836 potest

1964 2852 2165 2906 omnia.
2227 2849 2349 2906 Haec
2373 2854 2572 2906 etenim
2631 2868 2793 2923 Opera
2854 2867 3060 2923 nostra,
3112 2867 3162 2912 et
3203 2859 3340 2927 ignis
3377 2870 3540 2914 erunt

1966 2943 2140 3007 nobis,
2172 2955 2224 2997 et
2255 2942 2547 2997 fomentum
2574 2946 2711 3015 ignis
2739 2965 2752 3000 :
2788 2949 3240 3017 quemadmodum
3293 2950 3538 3018 profecto

1966 3045 2112 3089 recte
2142 3049 2201 3087 ac
2225 3034 2478 3102 praet-lare
2521 3034 2682 3100 facta,
2716 3035 2950 3104 laudem,
2994 3039 3157 3093 vitam
3194 3050 3248 3095 et
3284 3041 3535 3111 gloriam,

1890 3142 1931 3200 α
1967 3136 2109 3181 recte
2134 3125 2436 3179 viventibus
2467 3127 2754 3182 conciliare
2781 3129 3041 3184 videmus.

2508 3238 2618 3312 34
2652 3240 2910 3298 ORATIO
2935 3241 2999 3297 ll.

2030 3370 2158 3424 Car.
2199 3370 2257 3425 Il.
2296 3371 2459 3427 Vens.
2511 3373 2564 3427 1.
2628 3372 2846 3427 Verbum
2891 3393 2923 3430 α
2960 3375 3180 3432 Domino
3227 3380 3424 3447 factum
3464 3382 3536 3438 ad

1963 3460 2184 3527 Isaiam,
2210 3463 2377 3529 ﬁlium
2418 3465 2598 3527 Amos,
2642 3468 2704 3518 de
2728 3466 2918 3521 Judwa
2948 3479 2994 3521 el
3021 3469 3084 3523 de
3104 3469 3420 3528 Jerusalem.

2031 3663 2244 3718 Similia
2285 3667 2659 3734 superioribus
2687 3678 2813 3724 sunt
2843 3669 2956 3724 hzec
2985 3687 3102 3739 qua!
3136 3689 3528 3744 proponuntur,

1956 3763 2009 3809 et
2037 3756 2149 3824 pari
2185 3758 2583 3825 quodammodo
2607 3760 2997 3813 sententiarum
3024 3773 3213 3816 tenore
3231 3767 3526 3834 procedere

1955 3849 2184 3915 videbit,
2247 3851 2492 3920 quisquis
2561 3851 2627 3904 ad
2681 3852 2818 3907 hanc
2872 3870 2983 3908 rem
3038 3855 3438 3927 intelligendam
3477 3869 3535 3914 el.

1954 3940 2400 3995 considerandam
2449 3943 2720 4010 paululum
2779 3946 2940 4000 modo
2965 3947 3203 4000 animum
3264 3958 3529 4002 mentem-

1952 4044 2057 4099 que
2118 4031 2390 4086 adhibeat.
2420 4031 2587 4086 Facta
2619 4035 2914 4088 suntenim
2976 4035 3102 4089 olim
3142 4051 3170 4088 a
3219 4037 3327 4090 Deo
3358 4038 3526 4093 verba

1950 4123 2015 4174 ad
2047 4123 2285 4176 divinum
2344 4123 2656 4191 prophetam
2689 4124 2756 4177 de
2793 4123 2973 4176 Judaaa
3008 4135 3060 4178 et
3088 4126 3154 4179 de
3202 4124 3524 4183 Jerusalem.

1951 4214 2174 4269 Videtur
2237 4226 2417 4269 autem
2461 4216 2691 4268 mediam
2753 4217 3040 4285 quamdam
3075 4234 3175 4273 nec
3238 4221 3523 4276 admodum

1949 4304 2238 4360 dilucidam
2315 4306 2540 4359 visionis
2631 4306 3047 4375 explicationem
3107 4310 3306 4368 habere
3381 4317 3524 4383 quod

1949 4400 2158 4452 dicatur
2212 4400 2275 4451 de
2324 4397 2506 4452 Judaea
2587 4410 2641 4454 et
2685 4402 2751 4455 de
2817 4400 3136 4461 Jerusalem.
3193 4404 3301 4461 Nos
3367 4424 3521 4476 vero,

264 4477 428 4529 οἱονεί
463 4495 580 4541 πως
598 4479 656 4532 ἐν
681 4478 876 4551 βραχεῖ
901 4485 1316 4552 συνενεγκόντες
1343 4489 1423 4550 είς
1449 4487 1594 4542 νοῦν.
1626 4489 1843 4563 Ἐπειδὴ

1955 4491 2122 4559 quoad
2153 4492 2265 4558 ejus
2294 4492 2403 4545 fieri
2447 4502 2639 4560 potest,
2683 4494 2852 4564 ipsam
2890 4497 3110 4551 visionis
3139 4498 3246 4551 vim
3279 4500 3516 4555 breviter

262 4568 376 4637 γὰρ
397 4568 496 4656 τῆς
530 4569 628 4639 μὲν
656 4571 919 4644 αἰσθητῆς
949 4575 1207 4639 Ἰουδαίας
1239 4580 1333 4631 καὶ
1365 4582 1463 4649 τῆς
1493 4580 1841 4656 Ἰερουσαλὴμ

259 4658 364 4726 τὴν
388 4655 586 4727 δῄωσιν
612 4664 864 4734 πειρᾶται
912 4665 1112 4734 λέγειν,
1148 4668 1247 4738 τῆς
1276 4685 1337 4737 γε
1379 4671 1483 4742 μὴν
1511 4673 1572 4726 ὲν
1620 4655 1840 4748 Χριστῷ

260 4750 359 4801 καὶ
394 4749 595 4820 νοητῆς
620 4752 717 4822 τὴν
740 4755 1137 4822 ἀνάδειξιν,καὶ
1167 4761 1266 4830 τὴν
1291 4763 1348 4814 ἐν
1374 4762 1505 4832 τῷδε
1532 4764 1610 4834 τῷ
1649 4770 1839 4838 κόσμῳ

258 4840 572 4909 φανέρωσιν
594 4856 608 4869 ·
647 4843 847 4915 ταύτης
897 4846 1060 4902 ἕνεκα
1086 4851 1183 4919 τῆς
1219 4852 1400 4916 αἰτίας
1420 4893 1434 4916 ,
1466 4855 1562 4926 οὐχ
1592 4856 1732 4927 ὑπέρ
1775 4875 1835 4925 γε

257 4929 358 5019 τῆς
403 4931 686 4997 Ἰουδαίας,
714 4934 835 4989 οὔτε
872 4938 978 5009 μὴν
1022 4941 1163 4994 κατὰ
1189 4943 1287 5012 τῆς
1331 4944 1704 5019 Ἰερουσαλὴμ,
1740 4950 1838 5003 ἀλ-

254 5017 326 5073 λὰ
345 5023 475 5091 περὶ
497 5025 598 5092 τῆς
635 5024 905 5090 Ἰουδαίας,
935 5030 1030 5083 καὶ
1065 5033 1193 5102 περὶ
1225 5032 1325 5100 τῆς
1361 5017 1714 5109 Ἰερουσαλὴμ
1749 5057 1838 5093 τε-

255 5109 487 5167 θεᾶσθαί
534 5132 668 5186 φησι
713 5119 812 5187 τὴν
858 5121 1067 5190 ὅρασιν.
1107 5124 1381 5196 Αισθητὴν
1420 5128 1477 5180 δέ
1524 5147 1704 5200 φαμεν
1736 5134 1834 5202 τὴν

266 5204 546 5272 Ἰουδαίαν,
576 5209 671 5261 καὶ
727 5213 908 5282 μέντοι
957 5216 1049 5268 καὶ
1108 5216 1480 5291 Ἰερουσαλὴμ,
1526 5222 1693 5293 αὐτὴν
1739 5225 1836 5292 μὲν

250 5296 350 5366 τὴν
376 5296 563 5370 χώραν
614 5303 672 5354 ἐν
783 5305 1104 5376 κατῴκηκεν
1134 5310 1163 5360 ὁ
1201 5309 1444 5382 Ἰσραὴλ,
1489 5315 1583 5366 καὶ
1618 5314 1749 5368 αὐτὸ
1776 5315 1837 5367 τὸ

251 5386 511 5458 σύστημα
539 5391 640 5461 τῆς
679 5394 951 5449 Ἰουδαίων
982 5401 1326 5471 συναγωγῆς.
1355 5403 1570 5474 Νοητὴν
1590 5405 1645 5458 δὲ
1671 5407 1834 5460 πάλιν

258 5478 639 5552 Ἰερουσαλὴμ,
662 5486 833 5555 ἤγουν
863 5487 1145 5554 Ἰουδαίαν,
1202 5493 1299 5562 τὴν
1341 5494 1671 5565 Ἐκκλησίαν
1696 5494 1832 5552 εἶναι

246 5571 568 5644 νομιοῦμεν,
603 5575 721 5646 ἦτοι
752 5576 852 5648 τὴν
881 5580 937 5632 ὲν
976 5582 1254 5653 πνεύματι
1309 5588 1642 5658 περιτομὴν,
1687 5588 1832 5641 τοῦτ’

245 5663 378 5731 ἐστι,
417 5666 548 5730 τοὺς
572 5669 630 5721 ἐν
662 5670 884 5741 Χριστῷ
921 5675 1018 5746 τὴν
1069 5675 1485 5746 ἀχειροποίητον
1534 5682 1833 5750 περιτομὴν

245 5757 322 5823 εἰς
353 5758 482 5814 νοῦν
502 5760 732 5831 ἔχοντας
782 5766 875 5817 καὶ
904 5768 1155 5839 καρδίαν.
1215 5768 1325 5821 Καὶ
1365 5769 1494 5838 γοῦν
1559 5771 1832 5835 Ἰουδαίοις

1942 4583 2124 4636 animo
2210 4585 2658 4653 comprehensam
2740 4587 3151 4657 explicabimus.
3248 4591 3517 4656 Quaniam

1940 4675 2081 4727 enim
2131 4677 2401 4734 sensibilis
2455 4675 2656 4733 Judaase
2712 4688 2766 4732 et
2806 4680 3106 4737 Jerusalem
3157 4684 3517 4738 vastationem

1941 4763 2120 4819 dicere
2143 4778 2389 4832 conatur,
2420 4770 2537 4840 ejus
2569 4788 2687 4840 quae
2710 4772 2760 4825 in
2793 4771 3012 4828 Christo
3069 4784 3152 4826 est
3178 4756 3518 4845 et‘intelligi-

1938 4857 2064 4914 bilis
2117 4861 2631 4917 demonstrationem
2697 4873 2751 4918 et
2819 4865 3238 4930 patefactionem
3293 4866 3349 4922 in
3412 4868 3517 4924 hoc

1939 4953 2172 5006 mundo:
2209 4955 2392 5007 hacdc
2416 4969 2599 5018 causa,
2636 4969 2739 5008 non
2765 4969 2928 5024 super
2953 4955 3156 5023 Judasa,
3194 4973 3294 5015 nec
3327 4971 3516 5016 contra

1936 5041 2256 5106 Jerusalem,
2281 5045 2373 5096 sed
2393 5045 2458 5097 de
2493 5043 2698 5109 Judzca,
2733 5046 2874 5098 etde
2895 5044 3196 5103 Jerusalem
3224 5065 3284 5104 se
3310 5052 3513 5105 vidisse

1938 5135 2067 5189 dicit
2103 5135 2386 5188 visionem.
2412 5134 2739 5189 Sensibilem
2797 5152 2923 5193 vero
2947 5139 3188 5195 Judaeam
3218 5150 3272 5196 et
3292 5141 3512 5197 Jerusa-

1938 5225 2042 5279 lem
2097 5226 2348 5292 dicimus,
2406 5228 2679 5298 regionem
2730 5230 2897 5299 ipsam
2954 5233 3007 5287 in
3078 5248 3185 5302 qua
3250 5235 3513 5292 habitavit

1936 5318 2125 5383 Israel,
2187 5327 2240 5372 et
2288 5319 2459 5388 ipsum
2529 5321 2765 5378 Judaiere
2828 5323 3124 5396 Synagogaa
3170 5342 3506 5386 consessum.

1936 5409 2330 5479 lntelligibilem
2377 5426 2565 5466 rursus
2612 5411 2910 5469 Jerusalem
2954 5417 3067 5471 sive
3113 5415 3510 5482 Judueam,sta-

1937 5511 2148 5558 tuemus
2179 5519 2297 5559 esse
2334 5505 2658 5573 Ecelesiam,
2682 5522 2774 5562 seu
2811 5523 2929 5562 eam
2957 5524 3076 5577 quae
3124 5509 3174 5562 in
3204 5509 3395 5578 spiritu
3419 5521 3506 5567 est

1937 5596 2423 5663 circumcisionem,
2474 5599 2523 5652 id
2562 5609 2665 5663 est,
2700 5613 2795 5654 eos
2837 5601 2925 5669 qui
2992 5603 3045 5655 iu
3112 5601 3330 5659 Christo
3393 5619 3506 5660 non

1937 5688 2186 5743 manibus
2216 5688 2437 5753 factam,
2466 5691 2557 5743 sed
2584 5691 2748 5746 animi
2801 5706 2864 5745 ac
2909 5694 3088 5748 cordis
3137 5695 3509 5751 circumcisio-

1937 5792 2058 5833 nem
2114 5779 2330 5835 habent.
2379 5780 2588 5848 Quippe
2664 5782 2862 5838 Judceis
2913 5784 3164 5840 clamavit
3212 5802 3242 5843 e
3301 5784 3508 5843 sanetis
