4134 6304
605 350 674 409 67
1632 345 1690 401 S.
1729 341 2005 399 CYlllLLl
2045 334 2513 398 ALEXANDRINI
2552 338 2864 396 ARCHIEP.
3792 338 3864 396 68

616 471 896 541 prophetis
924 484 1098 526 unus:
1131 465 1606 525 Circumcidamini
1637 465 1761 528 Deo,
1790 472 1845 518 et
1895 460 2175 518 circumci-

2282 460 2601 532 ἐπεφώνησε
2648 479 2732 525 τις
2767 459 2875 513 τῶν
2912 458 3083 528 ἁγίων
3116 457 3439 530 προφητῶνο
3471 457 3863 531 Περιτμήθητε

611 563 752 617 detis
778 561 957 617 cordis
971 560 1134 615 vestri
1159 558 1602 621 obstinationem,
1620 554 1720 609 viri
1743 552 1911 608 Judaei
1939 559 1994 607 et
2025 551 2179 606 habi-

610 660 788 706 tantes
838 650 1154 706 Jerusalem.
1178 648 1409 719 Agnovit
1435 648 1593 703 etiam
1634 647 1696 700 D.
1716 644 1912 698 Paulus
1936 642 2179 697 Judaeum

615 744 865 804 alterum,
946 755 1053 795 non
1120 755 1185 794 ex
1235 754 1420 806 carne,
1472 738 1567 793 sed
1636 739 1813 806 potius
1862 736 1914 790 in
1962 734 2177 804 spiritu.

612 833 704 885 Sic
751 833 892 887 enim
940 833 1131 887 scribit
1167 850 1180 885 :
1216 850 1235 883 ι
1273 829 1390 884 Νοη
1452 829 1593 883 enim
1644 828 1736 898 qui
1790 827 1843 880 in
1897 820 2180 880 manifesto

611 921 828 978 Iudaeus
888 933 992 987 est,
1026 938 1201 992 neque
1250 936 1370 991 quae
1434 921 1485 975 in
1539 918 1846 986 manifesto,
1878 922 1930 973 in
1991 932 2178 983 carne,

573 1015 951 1070 .cireumcisio
992 1022 1108 1068 est:
1152 1014 1246 1069 sed
1285 1011 1374 1081 qui
1406 1013 1459 1067 in
1488 1010 1699 1065 occulto
1729 1009 1944 1064 Judaeus
1977 1018 2078 1075 est,
2125 1018 2181 1064 et

608 1102 952 1158 circumcisio
1016 1102 1196 1157 cordis
1270 1101 1325 1155 in
1381 1101 1608 1170 spiritu,
1672 1114 1775 1154 non
1829 1099 1883 1154 in
1946 1099 2176 1154 littera:

609 1192 761 1261 cujus
796 1194 915 1248 laus
947 1208 1051 1249 non
1103 1206 1171 1246 ex
1205 1190 1531 1255 hominibus,
1571 1190 1664 1245 sed
1701 1205 1768 1244 ex
1813 1191 1922 1244 Deo
1946 1189 2116 1244 est”.
2154 1206 2173 1240 ι

606 1285 903 1355 Diligenter
958 1284 1141 1351 itaque
1182 1281 1574 1336 observandum
1634 1289 1737 1345 est,
1783 1283 1998 1349 quando
2052 1293 2178 1349 pro-

606 1376 770 1442 pheta
832 1381 1021 1429 contra
1087 1369 1394 1427 sensibilem
1437 1367 1758 1433 Jerusalem,
1805 1369 1888 1424 vel
1942 1368 2178 1423 Judaeam

610 1466 776 1519 verba
827 1462 990 1530 facit;
1039 1462 1250 1530 quando
1302 1461 1429 1515 item
1480 1461 1547 1513 de
1594 1473 1659 1514 ea
1708 1474 1829 1527 quae
1874 1460 1926 1512 in
1966 1458 2181 1514 Christo

612 1561 696 1606 est
760 1559 814 1605 et
872 1549 1213 1620 intelligibili,
1277 1564 1395 1617 quae
1426 1548 1587 1603 etiam
1623 1546 1731 1617 35
1766 1562 1890 1602 vere
1939 1548 2179 1615 perfecta

610 1651 777 1698 estet
838 1640 1174 1694 intaminata.
1205 1638 1322 1694 Jam
1379 1653 1509 1693 vero
1572 1639 1701 1708 quid
1736 1637 1904 1691 dicit?

683 1734 845 1789 Vens.
877 1732 935 1797 2,
987 1733 1040 1787 5.
1106 1731 1244 1796 Quia
1266 1730 1361 1784 erit
1394 1731 1447 1782 in
1485 1731 1773 1783 novissimis
1803 1727 1984 1782 diebus
2006 1726 2180 1780 mani-

2286 553 2364 623 τῷ
2395 553 2536 623 Θεῷ,
2564 556 2657 607 καὶ
2680 550 3059 623 περιτεμεῖσθε
3088 550 3187 622 τήν
3218 551 3655 623 σκληροκαρδίαν
3678 552 3711 619 ἡ
3721 549 3861 621 μῶν,

2286 643 2477 715 ἄνδρες
2505 645 2770 708 Ἰουδαῖοι,
2817 643 2911 696 καὶ
2966 642 3017 694 οί
3066 641 3447 707 κατοικοῦντες
3480 641 3861 714 Ἰερουσαλήμ.

2287 732 2442 789 Οἶδεν
2481 735 2537 788 δὲ
2563 737 2591 789 ὀ
2616 734 2899 797 θεσπέσιος
2931 731 3142 796 Παῦλος
3162 732 3415 786 Ἰουδαῖον
3443 732 3650 803 ἕτερον,
3683 732 3745 784 οὐ
3768 732 3863 787 τὸν

2286 825 2429 879 κατὰ
2454 826 2634 897 σάρκα
2665 825 2886 896 μᾶλλον,
2941 823 3077 877 ἀλλὰ
3109 823 3200 876 τὸν
3232 825 3289 877 ὲν
3322 822 3615 894 πνεύματι.
3651 824 3862 894 Γράφει

2284 916 2393 987 γὰρ
2420 915 2622 980 οὕτως·
2657 934 2676 968 ι
2702 917 2774 970 Οὐ
2805 915 2912 987 γὰρ
2937 917 2966 968 6
2988 917 3045 969 ὲν
3068 914 3147 985 τῷ
3172 914 3391 986 φανερῷ
3414 914 3665 977 Ἰουδαῖός
3688 917 3858 975 ἐστιν.

2285 1008 2407 1060 οὐδὲ
2440 1008 2473 1077 ἡ
2504 1009 2562 1061 ὲν
2590 1007 2669 1078 τῷ
2716 1006 2937 1079 φανερῷ
2989 1007 3048 1059 ἐν
3088 1007 3251 1078 σαρκὶ⁸
3284 1005 3576 1077 περιτομὴ,
3611 1005 3726 1059 ἀλλ’
3752 1007 3781 1058 6
3803 1006 3863 1058 ὲν

2284 1098 2363 1169 τῷ
2383 1098 2613 1171 κρυπτῷ
2674 1097 2945 1163 Ἰουδαῖος,
3001 1098 3097 1152 καί⁸
3156 1098 3429 1170 περιτομὴ
3492 1098 3739 1167 καρδίας,
3801 1097 3862 1151 ἐν

2286 1189 2574 1260 πνεύματι,
2597 1188 2658 1243 οὐ
2686 1189 2994 1260 γράμματι,
3026 1181 3087 1242 οὗ
3129 1190 3157 1242 6
3197 1189 3413 1252 ἔπαινος
3436 1189 3536 1243 οὐκ
3565 1189 3623 1255 ἐξ
3645 1186 3860 1258 ἀνθρώ-

2286 1299 2424 1344 πων,
2444 1279 2558 1333 anc
2577 1281 2641 1333 ὲκ
2667 1279 2760 1332 τοῦ
2785 1279 2941 1334 Θεοῦ.
2956 1298 2974 1330 ι
2996 1278 3116 1350 Χρὴ
3136 1277 3426 1350 τοιγαροῦν
3445 1278 3718 1348 νηφαλίως
3740 1280 3860 1331 ὲπι-

2285 1374 2492 1443 τηρεῖν,
2514 1371 2719 1441 πηνίκα
2755 1370 2901 1441 μὲνό
2929 1371 3214 1441 προφήτης
3253 1372 3396 1424 κατὰ
3445 1370 3544 1440 τῆς
3590 1368 3860 1438 Ἰερουσα-

2286 1464 2417 1534 λὴμ,
2455 1464 2622 1534 ἤγουν
2683 1462 2978 1527 Ἰουδαίας,
3029 1463 3263 1513 ποιεῖται
3308 1460 3520 1530 λόγους,
3566 1458 3769 1529 πηνίκα
3800 1457 3858 1511 δὲ

2286 1557 2414 1627 περὶ
2441 1555 2541 1626 τῆς
2570 1556 2628 1609 ὲν
2659 1554 2878 1625 Χριστῷ
2901 1556 2996 1608 καὶ
3028 1556 3244 1625 νοητῆς,
3283 1554 3317 1625 ἢ
3346 1554 3442 1607 καὶ
3490 1553 3706 1624 ἀληθῶς
3739 1553 3856 1606 ἐστι

2284 1644 2464 1698 τελεία
2498 1647 2592 1697 καὶ
2617 1643 2865 1715 ἄμωμος.
2902 1644 2969 1696 Τί
2996 1645 3173 1697 τοίνυν
3204 1644 3397 1714 φησίν;

2357 1732 2487 1784 Ὅτι
2533 1732 2703 1787 ἐσται
2730 1731 2800 1784 ἐν
2826 1731 2953 1796 ταῖς
2984 1731 3270 1799 ἐσχάταις
3298 1730 3546 1800 ἡμέραις
3591 1731 3855 1800 ἐμφανὲς

607 1824 771 1894 festus
818 1840 965 1877 mons
1009 1822 1242 1884 Domini,
1301 1829 1351 1873 et
1402 1819 1586 1873 domus
1633 1818 1728 1873 Dei
1771 1820 1827 1873 in
1899 1816 2172 1873 uerticibus

2279 1821 2340 1877 τὸ
2373 1822 2508 1890 ὄρος
2544 1823 2786 1889 Κυρίου,
2817 1822 2915 1875 καὶ
2944 1825 2978 1875 ὁ
3003 1818 3166 1889 οἶκος
3198 1822 3304 1876 τοῦ
3347 1821 3496 1876 Θεοῦ
3524 1822 3618 1876 ἐπ’
3647 1820 3854 1888 ἄκρων

605 1916 882 1978 montium,
909 1923 956 1966 et
982 1911 1259 1966 extolletur
1306 1926 1466 1978 supra
1528 1910 1707 1973 colles,
1761 1917 1811 1963 et
1860 1910 2059 1963 venient
2105 1909 2173 1961 ad

605 2004 758 2057 illum
791 2019 966 2056 omnes
993 2010 1187 2071 gentes.
1225 1998 1294 2052 Et
1322 1999 1465 2051 ibunt
1501 2009 1673 2068 gentes
1699 1998 1878 2050 multat
1905 2004 1954 2049 et
1980 1998 2173 2048 dicent:

612 2094 820 2159 Venite,
844 2093 1188 2147 ascendamus
1208 2094 1261 2145 in
1289 2101 1508 2145 montem
1534 2088 1774 2151 Domini,
1803 2095 1852 2141 et
1877 2088 1931 2141 in
1962 2089 2175 2141 domum

606 2186 705 2240 Dei
768 2186 953 2250 Jacob,
1001 2193 1049 2237 et
1106 2182 1437 2236 annuntiabit
1499 2180 1644 2233 nobis
1711 2179 1846 2232 uiam
1893 2194 2062 2243 suam,
2123 2189 2172 2232 et

500 2312 511 2323 κ
605 2275 983 2330 ambulabimus
1022 2276 1074 2327 in
1099 2289 1182 2327 ea.
1237 2270 1321 2324 Ea:
1356 2270 1484 2326 Sion
1511 2271 1646 2324 enim
1713 2270 2007 2339 egredietur
2064 2272 2169 2334 (ex,

602 2377 653 2423 et
694 2369 904 2423 uerbum
942 2366 1155 2420 Domini
1192 2365 1255 2418 de
1283 2361 1599 2419 Jerusalem.

670 2520 982 2577 Terminata
1004 2528 1087 2575 est
1102 2518 1363 2587 siquidem
1389 2525 1445 2573 et
1463 2516 1706 2573 absoluta
1719 2517 1854 2572 visio
1877 2517 2169 2587 prophetae.

603 2612 673 2668 Et
698 2610 1055 2681 praecedentis
1101 2607 1466 2678 praedictionis
1507 2608 1697 2661 ultima
1726 2606 1966 2662 clausula
2032 2618 2170 2660 erat.

604 2704 950 2773 Quapropter
986 2701 1191 2770 pudore
1241 2697 1550 2754 afﬁcientur
1598 2713 1760 2768 super
1817 2699 1994 2765 idolis,
2054 2714 2175 2767 quae

604 2793 709 2864 ipsi
761 2792 1089 2847 voluerunt:
1128 2798 1184 2845 et
1213 2790 1544 2845 erubuerunt
1579 2804 1741 2859 super
1792 2790 1965 2844 hortis
2035 2790 2171 2853 suis,

605 2897 740 2953 quos
752 2883 1150 2953 appetiverunt.
1168 2880 1625 2947 Quemadmodum
1639 2895 1768 2935 vero
1781 2881 1984 2950 pudore
1998 2878 2175 2934 allecti

605 2973 808 3031 fuerint
877 2973 1129 3028 lsraelitae
1177 2974 1230 3028 in
1278 2972 1433 3028 idolis
1473 2972 1608 3036 suis,
1658 2972 1866 3027 abunde
1918 2972 2176 3032 diximus.

604 3062 737 3118 Cum
791 3072 970 3118 autem
1012 3063 1306 3134 prophetiae
1333 3064 1397 3118 de
1439 3062 1542 3116 illis
1589 3062 1790 3116 mentio
1858 3059 2004 3116 facta
2071 3064 2161 3131 sit,

2275 1908 2394 1962 τῶν
2439 1909 2641 1976 ὀρέων.
2676 1908 2785 1963 Kal
2813 1909 3198 1979 ὑψωθήσεται
3228 1909 3502 1978 ὑπεράνω
3543 1908 3664 1962 τῶν
3700 1909 3856 1973 ,ϐου-ι

2275 1998 2417 2063 νῶν,
2451 1997 2549 2050 καί
2584 1996 2846 2065 ἥξουσιν
2887 1999 2981 2052 ἐπ’
3017 2000 3162 2053 αὐτὸ
3195 1999 3395 2053 πάντα
3427 1998 3500 2052 τὰ
3528 1999 3692 2066 ἔθνη.
3740 1996 3853 2050 Kal

2276 2090 2675 2156 πορεύσονται
2697 2089 2839 2157 ἔθνη
2863 2090 3083 2155 πολλὰ,
3101 2088 3197 2143 καί
3221 2089 3467 2157 ἐροῦσιν
3483 2106 3496 2119 ·
3520 2088 3697 2143 Δεῦτε
3708 2088 3855 2142 ἀνα-

2277 2178 2466 2247 δῶμεν
2486 2180 2569 2244 είς
2588 2178 2652 2232 τὸ
2676 2178 2811 2247 ὅρος
2830 2179 2936 2233 τοῦ
2952 2180 3191 2247 Κυρίου,
3212 2180 3411 2244 παίεις
3428 2179 3533 2232 τὸν
3556 2174 3723 2237 οἷκον
3742 2178 3852 2233 τοῦ

2278 2269 2423 2323 Θεοῦ
2453 2269 2675 2331 Ἰακὼϐ,
2700 2269 2799 2322 καὶ
2841 2270 3160 2340 ἀναγγελεῖ
3178 2270 3320 2340 ἡμῖν
3337 2271 3452 2339 τὴν
3472 2272 3616 2326 ὁδὸν
3640 2272 3850 2338 αὐτοῦ,

2274 2362 2372 2414 καί
2413 2362 2826 2430 πορευσόμεθα
2858 2361 2926 2413 ἐν
2951 2360 3126 2430 αὑτῇλ
3167 2363 3266 2415 Ἐκ
3290 2362 3400 2430 γὰρ
3429 2366 3470 2415 Σ
3477 2363 3583 2415 ιὼν
3610 2363 3852 2428 ἐξελεύ-

2275 2466 2445 2504 σεται
2486 2450 2689 2517 νόμος,
2725 2449 2826 2502 καί
2855 2449 3034 2520 λόγος
3072 2450 3290 2519 Κυρίου
3319 2450 3387 2514 ἐξ
3431 2451 3848 2521 Ἰερουσαλήμ.

2344 2540 2624 2609 Κατέληξε
2677 2541 2775 2610 μὲν
2820 2541 2929 2612 γὰρ
2957 2542 2990 2610 ἡ
3030 2542 3219 2612 ὅρασις
3248 2539 3416 2608 αὐτῷ.
3463 2542 3575 2594 Καὶ
3618 2542 3718 2613 τῆς
3749 2543 3851 2613 ήδη

2278 2630 2562 2701 φθασάσης
2596 2633 3048 2702 προαγορεύσεως
3073 2632 3136 2684 τὸ
3175 2632 3324 2695 τέλος
3352 2628 3442 2703 ἦν.
3487 2633 3629 2685 Διότι
3660 2650 3851 2687 καται-

2281 2721 2666 2790 σχυνθήσονται
2734 2723 2827 2775 ἐπὶ
2886 2726 3001 2786 τοῖς
3060 2721 3299 2786 εἰδώλοις
3353 2723 3533 2777 αὐτῶν
3592 2724 3629 2777 ὃ.
3695 2724 3853 2778 αὐτοὶ

2278 2811 2594 2879 ἠϐούλοντο,
2636 2813 2729 2864 καὶ
2772 2813 3187 2882 ἐπῃσχύνθησαν
3217 2814 3308 2867 ἐπὶ
3352 2816 3466 2878 τοῖς
3510 2817 3708 2886 κήποις
3740 2817 3854 2871 αὐ-

2276 2899 2406 2967 τῶν,
2458 2894 2533 2954 ὧν
2579 2900 2732 2953 αὐτοὶ
2775 2900 3147 2969 ἐπεθύμησαν.
3199 2904 3311 2956 Καὶ
3345 2904 3466 2956 τίνα
3516 2905 3612 2974 μὲν
3653 2905 3851 2974 τρόπον

2277 2991 2731 3062 κατῃσχύνθησαν
2775 2992 2824 3043 οἱ
2873 2990 2932 3055 ἐξ
2975 2991 3189 3063 Ἰσραὴλ
3221 2992 3313 3044 ἐπὶ
3343 2995 3456 3056 τοῖς
3487 2993 3719 3057 εἰδώλοις
3752 2993 3849 3047 αὑ-

2276 3085 2405 3148 τῶν,
2440 3084 2677 3156 διαρκῶς
2722 3084 3041 3154 εἰρήκαμεν.
3073 3084 3286 3155 Ἐπειδὴ
3330 3084 3387 3137 δὲ
3423 3088 3610 3157 μνήμη
3658 3086 3852 3154 γέγονε

605 3153 868 3223 incipiens
919 3154 1177 3223 pr0pheta
1231 3153 1464 3207 vicinam
1513 3152 1704 3208 ordine
1741 3161 1795 3207 et
1861 3152 2159 3208 secundam

2279 3140 2495 3249 'cﬁg'én'
2528 3140 2711 3239 αὐτοῖς
2758 3140 3125 3247 προφητείας,
3160 3140 3460 3247 ἀρχόμενός
3487 3140 3851 3248 διιπροφήτης

603 3243 890 3311 visionem,
940 3254 1151 3314 tempus
1204 3244 1472 3314 designat,
1527 3258 1653 3313 quo,
1707 3258 1813 3298 non
1868 3244 1921 3298 in
1995 3244 2174 3313 aliqua

604 3345 759 3406 parte
797 3337 949 3392 orbis
971 3346 1259 3399 terrarum,
1312 3352 1419 3390 non
1467 3335 1521 3389 in
1554 3350 1657 3389 una
1712 3337 1934 3406 regione
1999 3347 2054 3391 et
2099 3338 2180 3391 ei—

605 3428 795 3491 vitate,
877 3427 1073 3482 diaboli
1180 3427 1461 3494 imperium
1541 3427 1805 3492 concidet,
1864 3428 1917 3480 in
1997 3435 2165 3481 totum

606 3518 803 3572 evulso
847 3518 993 3571 cultu
1052 3528 1105 3571 et
1146 3519 1374 3587 profano
1419 3526 1677 3587 apparatu
1724 3517 1988 3573 idolorum
2035 3519 2176 3573 :sed

604 3623 672 3664 ex
711 3612 863 3663 omni
908 3608 1025 3664 loco
1077 3611 1176 3665 sub
1202 3610 1339 3664 coelo
1362 3609 1450 3664 ille
1504 3610 1722 3664 morbus
1764 3619 1819 3663 et
1873 3610 2177 3665 immundo-

607 3717 728 3756 rum
769 3702 1069 3756 daemonum
1137 3702 1386 3772 tyrannis
1438 3701 1822 3758 eliminabitur.
1866 3702 2172 3757 Perfectum

606 3790 749 3845 istud
800 3803 930 3843 vero
982 3798 1066 3843 est
1108 3788 1425 3844 mortalibus
1517 3790 1568 3844 in
1620 3790 1879 3845 extremis
1946 3791 2175 3855 diebus,

604 3881 659 3936 id
700 3889 786 3937 est
834 3880 1039 3935 ultimis
1098 3880 1258 3950 hujus
1323 3879 1504 3936 saeculi
1559 3882 1911 3951 temporibus,
1981 3884 2177 3952 quibus

603 3970 939 4038 unigenitum
993 3969 1085 4024 Dei
1127 3966 1363 4024 Verbum
1407 3968 1608 4024 factum
1658 3985 1809 4037 caro,
1866 3981 2049 4027 natum
2108 3989 2177 4028 ex

603 4063 852 4127 muliere,
885 4063 1167 4131 apparuit:
1209 4075 1330 4115 cum
1365 4061 1754 4132 intelligibilem
1798 4060 2038 4119 Judaeum
2088 4065 2176 4119 vel

601 4153 927 4220 Jerusalem,
986 4155 1088 4209 hoc
1142 4162 1226 4209 est
1269 4152 1601 4221 Ecclesiam,
1656 4155 1756 4209 sibi
1805 4156 1918 4226 ipse
1975 4172 2176 4227 reprte-

604 4252 842 4299 sentarct
868 4257 932 4296 ac
979 4243 1219 4305 sisteret,
1262 4243 1523 4313 virginem
1572 4252 1798 4313 castam,
1831 4260 1937 4300 non
1980 4262 2168 4316 rugam

605 4344 699 4387 aut
765 4332 1029 4402 ejusmodi
1099 4332 1375 4401 quidpiam
1461 4336 1773 4400 habentem,
1833 4338 1929 4392 sed
1997 4338 2176 4407 potius

2279 3269 2520 3337 γείτονος
2576 3266 2772 3337 ἐφεξῆς
2831 3266 2923 3320 καὶ
2978 3266 3237 3337 δευτέρας
3280 3268 3555 3339 ὁράσεως,
3611 3284 3850 3338 κατασηο

2280 3359 2456 3429 μαίνει
2504 3357 2594 3411 τὸν
2640 3357 2852 3428 χρόνον,
2902 3355 3023 3409 καθ’
3062 3356 3122 3409 ὃν
3165 3356 3266 3410 οὐκ
3315 3359 3394 3420 εἰς
3436 3356 3598 3428 μέρος
3649 3374 3702 3411 τι
3751 3357 3851 3428 τῆς

2276 3453 2412 3521 γῆς,
2457 3451 2577 3504 οὐδὲ
2620 3453 2678 3505 ὲν
2730 3451 2828 3521 μιᾷ
2874 3450 3027 3521 χώρα
3056 3466 3114 3503 τε
3165 3450 3260 3504 καὶ
3316 3450 3468 3502 πόλει
3493 3449 3557 3503 τὸ
3592 3449 3686 3503 τοῦ
3731 3450 3849 3504 δια-

2277 3542 2433 3595 ϐόλου
2508 3543 2754 3594 πεσεῖται
2821 3543 3059 3610 κράτος,
3122 3539 3509 3611 καθῃρημένης
3570 3542 3651 3604 είς
3705 3540 3851 3595 ἅπαν

2275 3629 2376 3699 τῆς
2402 3627 2512 3681 τῶν
2539 3626 2772 3680 εἰδώλων
2797 3626 3052 3698 λατρείας
3098 3628 3193 3681 καὶ
3223 3628 3451 3698 βεϐήλου
3481 3629 3847 3700 κατασκευῆς,

2275 3719 2389 3772 ἀλλ’
2438 3718 2496 3786 ἐξ
2545 3719 2761 3787 ἁπάσης,
2812 3717 3149 3789 ληφθήσεται
3202 3721 3304 3790 τῆς
3367 3718 3459 3773 ὑπ’
3517 3719 3746 3789 οὐρανὸν
3815 3723 3851 3792 ἡ

2273 3810 2451 3864 τοιάδε
2498 3809 2674 3873 νόσος,
2721 3809 2815 3863 καί⁸
2850 3810 2960 3862 τῶν
2990 3810 3314 3881 ἀκαθάρτων
3344 3810 3634 3880 δαιμονίων
3679 3814 3714 3883 ἡ
3757 3829 3852 3865 τυ-

2278 3902 2481 3968 ραννίς.
2512 3900 2884 3972 Κατώρθωται
2918 3902 2975 3955 δὲ
3006 3902 3100 3955 καὶ
3140 3902 3299 3955 τοῦτο
3330 3904 3443 3966 τοῖς
3487 3903 3582 3956 ἐπὶ
3622 3903 3721 3973 τῆς
3747 3904 3853 3975 γῆς

2277 3994 2335 4044 ὲν
2360 3992 2613 4062 ἐσχάταις
2652 3990 2906 4061 ἡμέραις,
2936 3990 3080 4044 τοῦτ’
3110 3989 3278 4055 ἔστιν,
3305 3991 3364 4043 ὲν
3396 3991 3726 4055 τελευταίοις
3754 3992 3850 4045 τοῦ

2277 4084 2541 4155 παρόντος
2587 4081 2778 4144 αἰῶνος
2809 4085 3038 4152 καιροῖς,
3072 4081 3194 4135 καθ’
3229 4081 3322 4145 οὒς
3347 4081 3658 4151 ἐπέλαμψεν
3693 4083 3722 4134 6
3755 4097 3854 4151 μς-

2277 4175 2500 4243 νογενὴς
2535 4172 2628 4226 τοῦ
2672 4172 2807 4226 Θεοῦ
2842 4172 3056 4241 Λόγος,
3111 4174 3399 4243 γενόμενος
3465 4176 3532 4227 ἐκ
3572 4173 3846 4242 γυναικός.

2280 4267 2408 4320 Ὅτε
2442 4265 2534 4318 καὶ
2559 4263 2721 4328 αὐτὸς
2773 4262 2950 4333 ἐαυτῷ
2983 4264 3293 4334 παρέστησε
3337 4263 3437 4334 τὴν
3477 4263 3673 4333 νοητὴν
3715 4262 3851 4315 Ἰου-

2275 4356 2453 4420 δαίαν,
2488 4355 2655 4427 ἡγουν
2699 4353 3071 4425 Ἰερουσαλὴμ,
3102 4353 3244 4406 τοῦτ’
3286 4352 3451 4419 ἔστιν,
3481 4354 3579 4423 τὴν
3623 4351 3851 4422 Ἐκκλη-

604 4432 847 4478 sanctam
888 4430 944 4476 et
973 4422 1394 4489 immaculatam,
1432 4426 1508 4478 uti
1563 4427 1823 4494 scriptum
1845 4436 1949 4482 est.
1993 4429 2067 4484 De
2108 4444 2169 4483 ea

2280 4447 2398 4499 σίαν
2444 4422 2709 4517 παρθένον
2741 4422 2932 4516 ἁγνὴν,
2972 4422 3046 4514 μὴ
3081 4443 3307 4514 ἔχουσαν
3339 4422 3544 4509 σπῖλον,
3574 4443 3607 4513 ἢ
3639 4441 3849 4512 ῥυτίδα,

605 4529 737 4571 vero
766 4515 917 4582 dicit,
952 4530 972 4566 ι
1006 4515 1138 4580 Quia
1172 4516 1338 4574 eritin
1365 4519 1825 4573 extremisdiebus
1856 4523 2173 4589 spectabilis

604 4622 759 4662 mons
824 4608 1055 4674 Domini,
1092 4615 1147 4660 et
1180 4606 1371 4661 domus
1416 4607 1504 4661 Dei
1543 4606 1712 4664 Jaeob
1789 4625 1952 4678 super
2011 4615 2173 4669 editis

606 4698 905 4753 montibus.
947 4715 966 4749 ι
1012 4696 1231 4767 Legitur
1256 4698 1469 4766 quidem
1535 4698 1664 4753 Sion
1735 4699 1822 4753 illa
1867 4700 2173 4761 Judaeorum

607 4788 661 4841 in
686 4797 866 4841 monte
887 4789 991 4843 sita
1016 4798 1070 4843 et
1097 4785 1389 4853 aediﬁcata;
1421 4788 1646 4856 intelligi
1681 4800 1857 4845 tamen
1888 4801 2065 4859 potest
2086 4792 2175 4849 hic

608 4891 715 4931 non
748 4891 931 4932 crasse
958 4886 1053 4931 aut
1073 4877 1495 4943 sensibiliter,at
1529 4879 1882 4947 spiritualiter
1910 4881 2171 4947 Ecclesia,

570 4984 727 5039 'qua:
764 4969 926 5022 etiam
976 4968 1145 5022 monti
1187 4979 1549 5039 comparatur.
1606 4970 1963 5027 Etenimvere
1983 4982 2172 5029 estex-

603 5062 751 5116 celsa
775 5069 829 5114 et
853 5060 1095 5125 illustris,
1122 5071 1175 5116 et
1192 5063 1441 5117 omnibus
1459 5062 1657 5132 ubique
1685 5064 1986 5120 notissima.
2004 5065 2176 5119 Aliter

602 5154 768 5205 etiam
811 5151 1021 5205 excelsa
1050 5160 1154 5215 est,
1183 5154 1441 5218 quoniam
1493 5153 1695 5208 terreni
1748 5154 1880 5209 nihil
1909 5156 2071 5225 sapit,
2120 5165 2176 5208 at

602 5257 765 5311 supra
806 5257 895 5298 res
924 5254 1166 5296 terrenas
1210 5252 1313 5305 est,
1349 5252 1403 5297 et
1445 5244 1671 5313 gloriam
1726 5244 1843 5313 Dei,
1907 5257 2174 5316 quatenus

603 5331 749 5397 licet,
797 5334 961 5386 animi
1012 5333 1185 5388 oculis
1234 5333 1488 5398 intuetur,
1522 5344 1575 5388 et
1620 5336 1940 5391 sublimibus
1996 5340 2177 5393 admo-

604 5423 730 5477 dum
767 5425 833 5477 de
864 5425 974 5479 Deo
1000 5426 1347 5495 Opinionibus
1371 5426 1649 5495 gloriatur.
1700 5427 2008 5484 Graecorum
2027 5431 2170 5485 enim

604 5512 823 5577 eruditi,
853 5514 961 5586 36
998 5518 1207 5571 etiamsi
1236 5517 1516 5587 sapientia:
1551 5518 1769 5573 nomine
1803 5519 1957 5574 valde
1978 5536 2170 5590 super-

603 5603 789 5657 cilium
845 5591 1097 5661 tollereut
1150 5628 1167 5665 ;
1235 5621 1498 5665 creaturae
1575 5619 1751 5664 tamen
1835 5611 2169 5667 divinitatem

609 5692 896 5761 attingunt,
931 5698 1221 5767 mundique
1260 5701 1541 5758 elementis
1572 5701 1977 5759 venerationem
2004 5705 2166 5759 attri-
2200 5772 2225 5785 ο

683 5803 732 5837 ³³
760 5803 922 5863 Rom.
954 5814 990 5860 tt
1010 5845 1027 5873 ,
1060 5807 1151 5875 28,
1182 5808 1274 5864 29.

2277 4537 2313 4606 ἡ
2346 4554 2399 4588 τι
2428 4536 2534 4589 τῶν
2560 4535 2837 4600 τοιούτων,
2885 4532 3026 4588 κατὰ
3055 4533 3116 4585 τὸ
3152 4534 3565 4604 γεγραμμένον*
3599 4532 3760 4601 ἁγίαν
3791 4532 3850 4585 δὲ

2279 4626 2477 4697 μᾶλλον
2526 4626 2619 4680 καὶ
2663 4626 2911 4697 ἄμωμον.
2963 4626 3076 4681 Καὶ
3129 4626 3256 4695 περί
3307 4624 3478 4694 αὐτῆς
3520 4641 3723 4694 φησιν,
3767 4624 3850 4676 ὅτι

2276 4718 2428 4771 ἔσται
2456 4720 2513 4770 ὲν
2541 4721 2661 4781 ταῖς
2691 4720 2945 4788 ἐσχάταις
2965 4718 3200 4790 ἡμέραις
3225 4717 3466 4787 ἐμφανὲς
3488 4716 3549 4768 τὸ
3574 4715 3700 4786 ὅρος
3732 4718 3850 4770 Κυ-

2278 4810 2417 4881 ρίου,
2459 4809 2553 4864 καὶ
2586 4811 2615 4859 ό
2655 4804 2800 4871 οἶκος
2836 4809 2931 4863 τοῦ
2981 4809 3118 4863 Θεοῦ
3165 4807 3359 4861 Ἰακὼὸ
3393 4806 3479 4858 ἐπ’
3512 4807 3697 4877 ἄκρων
3740 4805 3850 4861 τῶν

2275 4900 2465 4971 ὀρέων.
2500 4899 2610 4952 Καὶ
2642 4902 2771 4969 ἡμῖν
2803 4900 2900 4969 μὲν
2942 4899 3078 4953 Σιὼν
3113 4901 3145 4968 ή
3174 4899 3317 4952 κατά
3345 4916 3410 4967 γε
3438 4897 3537 4967 τὴν
3572 4897 3848 4962 Ἰουδαίαν,

2278 4992 2337 5043 ὲν
2366 4989 2482 5061 ὅρει
2514 4990 2721 5043 κεῖσθαί
2751 5008 2808 5043 τε
2848 4991 2943 5043 καὶ
2983 4991 3382 5060 οἰκοδομεῖσθαι
3429 4988 3671 5055 λέγεται.
3708 4987 3850 5057 Νοη-
3900 4994 3907 5003 ”

2278 5081 2395 5151 θείη
2422 5080 2465 5132 δ’
2503 5081 2569 5134 ἂν
2601 5081 2700 5134 οὐκ
2728 5080 2998 5151 αἰσθητῶς
3027 5080 3247 5150 μᾶλλον,
3288 5078 3426 5133 ἀλλὰ
3464 5079 3849 5148 πνευματικῶς

2278 5174 2337 5227 ὲν
2369 5171 2577 5235 τούτοις
2622 5174 2656 5242 ή
2704 5172 3015 5242 Ἐκκλησία,
3062 5173 3097 5242 ἣ
3149 5172 3244 5225 καὶ
3284 5171 3401 5242 δρει
3431 5156 3846 5242 παρεικάςεται.

2277 5262 2388 5315 Καὶ
2429 5261 2538 5332 γὰρ
2586 5260 2731 5315 ἔστιν
2759 5260 2974 5330 ἀληθῶς
3021 5261 3196 5333 ὑψηλὴ
3251 5263 3346 5316 καὶ
3391 5262 3707 5331 περίοπτος,
3756 5261 3849 5316 καὶ

2278 5353 2672 5425 γνωριμωτάτη
2717 5357 2829 5416 τοῖς
2873 5353 3207 5423 ἁπανταχοῦ.
3252 5352 3461 5422 ’Υψηλὴ
3512 5351 3571 5404 δὲ
3613 5352 3710 5405 καὶ
3738 5352 3845 5405 ἑτέ-

2281 5458 2425 5513 ρως’
2464 5444 2677 5513 φρονεῖν
2723 5445 2831 5515 γὰρ
2878 5442 2985 5496 τῶν
3032 5443 3290 5509 ἐπιγείων
3338 5441 3490 5494 οὐδὲν
3525 5441 3663 5507 ἀλλ’,
3708 5440 3845 5509 ὑψοῦ

2277 5533 2383 5585 τῶν
2416 5533 2672 5600 ἐπιγείων
2707 5535 2875 5597 ἐστιν,
2910 5534 3003 5585 καὶ
3039 5532 3135 5602 τὴν
3158 5530 3249 5583 τοῦ
3273 5530 3407 5583 Θεοῦ
3436 5530 3612 5596 δόξαν,
3646 5530 3722 5593 ὡς
3742 5530 3844 5595 ἔνι,

2278 5622 2563 5694 περιαθρεῖ
2608 5624 2721 5685 τοῖς
2766 5622 2865 5691 τῆς
2907 5621 3144 5681 διανοίας
3182 5618 3430 5689 ὄμμασι,
3475 5619 3570 5673 καὶ
3620 5617 3845 5688 ὑψηλοῖς

2278 5715 2417 5782 ἄγαν
2461 5715 2572 5776 τοῖς
2616 5713 2743 5780 περὶ
2782 5711 2946 5767 αὑτοῦ
2977 5711 3242 5780 δόγμασιν
3281 5711 3528 5780 ὲπαυχεῖ.
3575 5706 3845 5778 Ἑλλήνων
