4132 6316
633 398 694 457 Ti
1272 466 1279 471 γ
1658 399 1715 455 5.
1754 399 2030 456 CYRILIJ
2069 400 2534 459 ALEXANDRINI
2577 401 2895 460 ARCHIEP.
3816 404 3889 459 7?.

634 519 945 588 egredietur
978 520 1084 585 lex,
1118 526 1172 573 et
1216 519 1437 573 verbum
1471 516 1683 572 Domini
1714 518 1781 571 de
1826 516 2152 573 Jerusalem.

2285 521 2506 581 ,πάλαι.
2544 521 2641 585 Τίς
2671 519 2764 575 οὖν
2806 520 2914 591 ἄρα
2955 520 3173 590 γέγονεν
3207 520 3388 583 αὐτοῖς
3422 521 3451 575 ὁ
3491 521 3887 591 μυσταγωγόςς

681 615 787 670 uod
833 612 1101 682 geminum
1141 624 1358 665 sensum
1403 608 1585 663 habet.
1629 608 1737 662 Aut
1778 609 1922 663 enim
1957 610 2085 664 illud
2124 611 2211 665 di-

632 720 785 769 cunt,
811 705 922 761 Nos
945 706 1165 760 verbum
1214 719 1244 759 a
1272 704 1435 759 domo
1468 703 1566 760 Dei
1607 705 1966 776 accipiemus;
1998 716 2053 762 et
2086 723 2210 764 cum

627 800 700 853 ibi
744 799 1006 853 fuerimus
1046 798 1267 852 verbum
1310 797 1404 852 Dei
1454 811 1863 867 cognoscemus.
1911 798 2021 855 Aut
2063 801 2208 870 quod

626 888 715 943 lex
757 889 974 957 reliquit
1000 888 1165 953 Sion,
1207 899 1265 943 et
1310 903 1376 944 ex
1408 904 1472 944 ea
1527 888 1687 943 veluti
1739 888 2019 958 migravit,
2052 898 2109 947 et
2141 894 2209 951 ab

621 978 924 1035 Jerusalem
956 979 1048 1035 Dei
1083 979 1318 1035 Verbum
1348 980 1602 1035 excessit.
1646 979 1945 1050 Postquam
1972 985 2114 1038 enim
2152 985 2206 1039 in

620 1070 896 1126 Christum
916 1072 1234 1127 debacchati
1263 1082 1410 1140 sunt,
1438 1083 1493 1128 et
1520 1087 1748 1142 regnum
1775 1075 1893 1143 ejus
1922 1085 2205 1146 negarunt,

620 1178 716 1219 eos
744 1166 965 1234 reliquit
1009 1167 1282 1235 orphanos
1309 1177 1364 1221 et
1391 1169 1585 1235 orbos;
1618 1166 1862 1236 illudque
1895 1168 2094 1225 dictum
2124 1182 2208 1227 est

619 1271 717 1327 per
748 1258 1065 1327 prophetam
1102 1278 1115 1313 :
1155 1278 1175 1310 ι
1211 1258 1276 1312 Ει
1310 1258 1422 1313 dixi
1456 1277 1470 1314 :
1503 1257 1619 1313 Non
1668 1274 1885 1329 pascam
1924 1277 2045 1328 vos,
2091 1280 2209 1318 mo-

620 1348 768 1402 riens
799 1352 1080 1413 moriatur,
1108 1359 1166 1404 et
1197 1350 1457 1406 delicieus
1480 1353 1713 1418 deliciat,
1745 1363 1799 1407 et
1829 1356 2055 1424 posthac
2080 1355 2208 1411 edat

619 1440 848 1508 quisque
878 1442 1113 1509 proximi
1166 1443 1246 1496 sui
1281 1457 1475 1499 carnes
1504 1444 1570 1500 ⁸⁵.
1611 1464 1629 1497 ι
1653 1446 1949 1517 Itaque‘lex
1991 1461 2205 1517 egressa

617 1540 702 1584 est
731 1546 794 1585 ex
847 1532 999 1597 Sion,
1032 1542 1086 1587 et
1116 1535 1337 1588 verbum
1375 1535 1585 1591 Domini
1621 1538 1690 1593 de
1722 1537 2046 1593 Jerusalem.
2079 1538 2207 1594 Post

619 1622 928 1678 Servatoris
964 1625 1108 1678 enim
1143 1640 1358 1680 erucem
1401 1628 1684 1697 obsignata
1714 1637 1799 1684 est
1830 1630 1966 1685 visio
1995 1640 2048 1685 et
2080 1644 2205 1699 pro-

617 1717 838 1783 phetia:
879 1732 978 1772 nec
1003 1717 1234 1787 amplius
1260 1720 1398 1788 apud
1433 1719 1579 1787 ipsos
1621 1719 1711 1775 Dei
1753 1718 1837 1775 lex
1884 1729 1938 1776 et
1977 1723 2201 1775 verbum

618 1806 740 1859 fuit.
773 1805 1007 1876 Ideoque
1034 1808 1250 1875 divinus
1278 1807 1476 1863 Paulus
1507 1820 1714 1864 tantum
1740 1826 1848 1866 non
1877 1811 2198 1882 desperans,

2314 610 2411 674 Τίς
2441 613 2470 664 ό
2517 611 2805 681 ἀναφέρων
2842 612 2923 673 είς
2966 609 3258 676 ἐπίγνωσιν
3303 608 3585 678 ἀληθείας,
3621 608 3889 671 καὶ,ἀνα-

2312 702 2513 757 πείθων
2534 702 2732 764 αὐτοὺς
2761 702 3140 769 καταγέλαστα
3173 700 3273 769 μὲν
3299 700 3551 773 ἡγεῖσθαι
3576 701 3645 754 τὰ
3669 702 3885 772 πρῶτα,

2310 794 2665 865 προστρέχειν
2692 794 2748 847 δὲ
2791 796 2905 857 τοῖς
2933 794 3241 864 δευτέροις;
3274 793 3308 864 ἢ
3350 793 3594 863 δηλονότι
3644 793 3810 858 Θεός;
3856 797 3888 849 ό

2310 887 2404 939 καὶ
2425 886 2702 956 ἐλλάμψας
2730 888 2932 951 αὐτοῖς,
2955 884 3032 949 ὡς
3062 884 3217 956 ἔφην,
3245 886 3326 949 είς
3356 885 3481 939 νοῦν
3515 886 3607 940 καὶ
3633 886 3885 959 καρδίαν,

2309 977 2402 1030 καὶ
2439 978 2740 1041 ἀναπείσας
2777 978 2951 1030 εἰπεῖν
2976 994 3037 1029 τε
3064 976 3182 1047 ἅμα
3215 977 3309 1030 καὶ
3339 980 3578 1048 φρονεῖν,
3604 978 3687 1032 ὅτι
3725 997 3744 1031 ι
3782 978 3883 1031 Ἐκ

2309 1069 2450 1122 Σιὼν
2477 1069 2825 1148 ἐξελεύσεταιὂ
2845 1069 3027 1140 νόμος,
3055 1069 3149 1123 καὶ
3174 1068 3329 1137 λόγος
3356 1069 3561 1139 Κῦρίου
3586 1070 3644 1136 ἐξ
3681 1070 3886 1142 Ἰερου-

2309 1161 2510 1233 σαλήμ.
2549 1180 2569 1213 ι
2616 1161 2808 1214 Ὠδίνει
2835 1161 2891 1214 δὲ
2917 1161 3075 1214 τοῦτο
3110 1160 3305 1232 διπλῆν
3330 1162 3414 1231 ἐφ’
3456 1160 3634 1232 ἐαυτῷ
3662 1162 3763 1231 τὴν
3792 1160 3885 1215 εν-

2307 1271 2476 1309 νοιαν.
2513 1255 2584 1307 Ἣ
2625 1253 2734 1325 γὰρ
2765 1254 2939 1308 ἐκεῖνό
2968 1270 3151 1322 φασιν,
3179 1253 3261 1306 ὅτι
3300 1251 3601 1324 Ληψόμεθα
3629 1252 3787 1322 λόγον
3817 1255 3886 1308 ἐκ

2304 1348 2401 1402 τοῦ
2429 1347 2578 1401 οἴκου
2605 1347 2697 1400 τοῦ
2729 1346 2886 1411 Θεοῦ,
2920 1347 3015 1400 καὶ
3040 1346 3131 1399 τὸν
3153 1344 3245 1399 τοῦ
3275 1344 3411 1398 Θεοῦ
3454 1343 3611 1414 λόγον
3637 1345 3757 1398 ἐκεῖ
3789 1361 3886 1413 τεο

2307 1441 2524 1507 γονότες
2552 1438 2807 1507 εἰσόμεθα
2826 1456 2839 1470 ·
2872 1439 2906 1510 ἢ
2937 1438 3020 1490 ὅτι
3073 1436 3428 1491 καταλέλοιπε
3454 1438 3554 1507 τὴν
3597 1436 3757 1501 Σιὼν,
3787 1438 3886 1491 καὶ

2304 1528 2417 1584 οἷον
2448 1530 2749 1601 ἐκϐέϐηκεν
2781 1530 2876 1582 ἀπ’
2902 1528 3073 1598 αὐτῆς
3099 1530 3129 1581 ὁ
3154 1528 3339 1598 νόμος,
3372 1526 3464 1581 καὶ
3494 1526 3604 1579 ἀπὸ
3641 1526 3741 1597 τῆς
3783 1527 3881 1579 Ἱε-

2307 1625 2590 1697 ρουσαλὴμ
2619 1622 3055 1693 ἀποπεφοίτηκεν
3081 1623 3109 1674 ό
3129 1619 3223 1674 τοῦ
3244 1619 3382 1674 Θεοῦ
3418 1620 3609 1689 Λόγος.
3660 1619 3882 1691 Ἐπειδὴ

2302 1717 2411 1786 γὰρ
2438 1717 2899 1786 πεπαρῳνήκασιν
2942 1716 3022 1777 είς
3063 1712 3317 1783 Χριστὸν,
3348 1711 3659 1784 ήρνήσαντό
3689 1730 3748 1765 τε
3777 1712 3880 1782 τὴν

2306 1804 2579 1874 βασιλείαν
2625 1802 2813 1870 αὑτοῦ,
2853 1802 3243 1857 καταλέλοιπεν
3284 1804 3498 1867 αὐτοὺς,
3529 1803 3624 1857 καὶ
3663 1801 3879 1871 ἀφῆκεν

615 1903 669 1949 et
706 1898 1154 1953 inemendabilem
1203 1897 1508 1954 Judteorum
1545 1902 1753 1957 turbam
1800 1903 2146 1973 conspicatus
2178 1918 2183 1957 ε

2298 1895 2589 1968 ὀρφανούς.
2638 1898 2748 1950 Καὶ
2787 1896 2946 1950 τοῦτο
2970 1892 3039 1966 ῆν
3065 1897 3126 1951 τὸ
3154 1896 3242 1950 διά
3274 1895 3370 1948 τοῦ
3404 1896 3685 1966 προφήτου
3720 1893 3879 1961 λεγόν

618 2005 637 2038 ι
693 1988 886 2054 Vobis,
939 2008 959 2041 ι
1018 1992 1210 2059 inquit,
1263 2009 1283 2043 ι
1338 2006 1563 2047 necesse
1613 2004 1731 2047 erat
1784 1995 1927 2063 loqui
1971 1997 2193 2050 verbum

614 2079 827 2134 Domini
861 2098 874 2133 :
903 2089 1191 2151 postquam
1226 2090 1401 2137 autem
1452 2084 1723 2153 repulistis
1770 2086 1924 2147 illud,
1963 2095 2018 2140 et
2051 2087 2194 2141 indi-

610 2184 746 2239 gnos
778 2185 872 2225 vos
918 2172 1094 2226 facitis
1132 2183 1334 2227 :eterna
1367 2173 1508 2241 vita,
1555 2188 1682 2229 ecce
1718 2176 2085 2230 convertimur
2125 2177 2193 2231 ad

611 2273 819 2331 gentes.
880 2262 973 2318 Sic
1029 2264 1174 2320 enim
1231 2266 1487 2335 praecepit
1542 2267 1701 2321 nobis
1758 2267 2015 2323 Dominus
2051 2268 2120 2322 ⁸⁸.
2164 2286 2186 2320 ι

610 2353 767 2409 Disce
797 2355 957 2425 igitur
1010 2372 1118 2426 quo
1151 2368 1309 2427 pacto
1339 2359 1390 2412 in
1426 2360 1596 2428 gratia
1633 2360 1726 2414 Dei
1755 2359 2024 2415 exsultent
2059 2375 2189 2431 gen-

611 2453 711 2499 tes.
744 2444 875 2499 Nam
908 2462 973 2500 ex
1012 2447 1141 2503 Sion
1193 2460 1249 2503 et
1294 2446 1596 2505 Jerusalem
1632 2450 1800 2520 legem
1853 2462 1910 2507 et
1963 2452 2186 2506 verbum

607 2534 821 2591 Domini
865 2540 1156 2595 recessisse
1182 2541 1388 2605 dicunt,
1439 2542 1767 2612 omninoque
1811 2546 1882 2595 ad
1916 2558 1974 2597 sc
2012 2544 2185 2598 demi-

606 2643 816 2697 grasse.
887 2629 1125 2685 Transiit
1177 2632 1321 2685 enim
1375 2634 1545 2700 gratia
1592 2635 1659 2689 ab
1708 2635 1820 2699 his,
1875 2635 1964 2704 qui
2028 2634 2184 2689 iidem

607 2721 894 2776 voluerunt
945 2723 1207 2791 rejicere,
1259 2723 1325 2778 ad
1378 2739 1473 2779 eos
1518 2728 1609 2795 qui
1660 2740 1758 2795 per
1804 2726 1961 2781 ﬁdem
2011 2726 2185 2780 vocati

605 2820 755 2866 sunt.

2303 2007 2464 2060 μενον
2485 2007 2501 2023 ·
2536 2007 2555 2041 ι
2590 1989 2701 2042 Καὶ
2730 1983 2880 2055 εἶπα,
2906 1989 2965 2042 οὐ
3010 1988 3085 2061 μὴ
3129 1986 3378 2055 ποιμανῶ
3408 1988 3586 2057 ὑμᾶς·
3630 1984 3693 2038 τὸ
3736 1986 3879 2039 ἀπο-

2297 2081 2532 2152 θνῆσκον
2571 2080 2982 2150 ἀποθνησκέτω,
3022 2081 3118 2133 καὶ
3158 2079 3220 2133 τὸ
3248 2079 3499 2132 ἐκλεῖπον
3547 2077 3874 2142 ἐκλειπέτω,

2297 2174 2393 2226 καὶ
2427 2173 2496 2226 τά
2545 2174 2847 2227 κατάλοιπα
2902 2172 3128 2226 ἐσθιέτω
3162 2171 3447 2243 ἄνθρωπος
3495 2170 3725 2234 ἕκαστος
3768 2171 3875 2235 τὰς

2298 2269 2507 2339 σάρκας
2533 2266 2628 2320 τοῦ
2658 2266 2883 2337 πλησίον
2910 2265 3095 2321 αὐτοῦ.
3136 2286 3155 2318 ι
3201 2266 3455 2335 Ἐξῆλθεν
3496 2265 3674 2318 τοίνυν
3707 2264 3874 2335 νόμος

2296 2359 2362 2411 ἐκ
2421 2361 2519 2429 τῆς
2564 2357 2722 2422 Σιὼν,
2776 2357 2871 2409 καὶ
2916 2356 3072 2424 λόγος
3129 2357 3335 2428 Κυρίου
3389 2353 3449 2421 ἐξ
3488 2354 3866 2425 Ἰερουσαλήμ.

2308 2448 2680 2522 Ἐσφραγίσθη
2720 2447 2829 2519 γὰρ
2869 2449 3057 2519 ὅρασις
3103 2448 3198 2501 καὶ
3246 2447 3550 2519 προφητεία
3584 2445 3720 2517 μετά
3766 2443 3872 2498 τὸν

2293 2541 2387 2596 τοῦ
2422 2542 2672 2613 Σωτῆρος
2705 2541 2957 2612 σταυρόν.
2986 2542 3097 2594 Kal.
3132 2539 3314 2593 οὐκέτι
3341 2539 3469 2611 παρ’
3498 2540 3681 2602 αὐτοῖς
3718 2539 3747 2591 ὁ
3770 2536 3868 2591 τοῦ

2294 2634 2429 2688 Θεοῦ
2456 2636 2618 2707 νόμος
2642 2652 2701 2687 τε
2733 2635 2825 2687 καὶ
2854 2634 3028 2703 λόγος.
3065 2634 3172 2688 Kal.
3194 2632 3321 2703 γοῦν
3348 2636 3376 2687 ὁ
3403 2632 3690 2696 θεσπέσιος
3718 2632 3871 2685 Παῦ-

2292 2724 2385 2788 λος
2413 2726 2695 2795 μονονουχὶ
2721 2726 2815 2779 καὶ
2843 2724 3178 2796 ἀπειρηκὼς,
3225 2725 3318 2779 καὶ
3346 2724 3702 2795 ἀνουθέτητον
3746 2721 3870 2794 βλέ-

2285 2833 2401 2870 πων
2425 2816 2526 2887 τὴν
2551 2815 2660 2869 τῶν
2700 2816 2967 2869 Ἰουδαίων
2988 2816 3217 2886 πληθὺν,
3253 2835 3271 2867 ι
3293 2816 3475 2887 Ὑμῖν,
3501 2837 3518 2868 ι
3546 2818 3763 2886 φησὶν,›
3796 2810 3867 2885 ἦν

605 2906 902 2973 ἀναγκαῖον
951 2904 1244 2977 λαληθῆναι
1271 2908 1361 2961 τὸν
1409 2907 1568 2978 λόγον
1613 2909 1709 2963 τοῦ
1740 2912 1948 2982 Κυρίου
1971 2928 1983 2942 ·
2013 2910 2200 2982 ἐπειδὴ
2238 2908 2294 2963 δὲ
2330 2907 2635 2963 ἀπωθεῖσθε
2676 2908 2858 2971 αὑτὸν,
2920 2907 3015 2959 καὶ
3041 2908 3141 2959 οὐκ
3179 2907 3360 2972 ἀξίους
3390 2909 3604 2979 κρίνετε
3637 2910 3867 2974 ἐαυτοῦς

602 2998 704 3067 τῆς
743 2998 962 3051 αἰωνίου
1014 2999 1178 3071 ζωῆς,
1230 3001 1339 3056 ἰδοὺ
1384 3005 1731 3074 στρεφόμεθα
1770 3008 1849 3069 εἰς
1898 3007 1969 3059 τά
2020 3006 2181 3077 {Bt/11'
2259 3005 2401 3059 οὓτω
2473 3004 2581 3075 γὰρ
2628 3003 2944 3057 ἐντέταλκεν
2995 3004 3125 3072 ἡμῖν
3167 3002 3195 3054 ὁ
3238 3002 3462 3073 Κύριος.
3515 3024 3534 3057 ι
3576 3004 3740 3068 Σύνες
3767 3000 3866 3057 οῦν

599 3092 747 3155 ὅπως
799 3092 893 3146 ἐπὶ
933 3095 1000 3166 τῇ
1047 3094 1141 3147 τοῦ
1195 3096 1431 3166 Χριετοῦ
1489 3097 1672 3169 χάριτι
1715 3098 2180 3169 μεγαλαυχοῦνται
2254 3100 2321 3152 τὰ
2366 3097 2516 3169 ἔθνη.
2573 3096 2706 3150 Ἀπὸ
2739 3095 2849 3164 γὰρ
2902 3095 2999 3166 τῆς
3066 3094 3203 3149 Σιὼν
3242 3098 3469 3171 καὶτῆς
3510 3098 3867 3170 Ἰερουσαλὴμ

598 3188 958 3259 ἐκϐεϐηκέναι
1004 3191 1136 3260 φασὶ
1175 3192 1337 3263 νόμον
1370 3210 1431 3246 τε
1477 3196 1572 3248 καὶ
1601 3194 1756 3263 λόγον
1786 3195 1878 3249 τοῦ
1926 3197 2133 3267 Κυρίου
2158 3239 2173 3265 ,
2228 3197 2624 3267 μεταφοιτῆσαι
2660 3197 2717 3249 δὲ
2783 3194 2999 3258 πάντως
3032 3195 3113 3259 εἰς
3166 3195 3324 3250 αὐτά.
3353 3195 3715 3267 Μεταϐέϐηκε
3754 3198 3866 3269 γάρ

597 3283 631 3353 ἡ
656 3284 816 3353 χάρις
838 3286 902 3336 ἐκ
925 3283 1034 3338 τῶν
1071 3286 1317 3339 ἀπειθεῖν
1344 3288 1612 3357 ἑλομένων
1650 3293 1729 3354 είς
1775 3290 1901 3354 τοὺς
1930 3291 2018 3344 διὰ
2059 3292 2157 3362 τῆς
2186 3292 2422 3354 πίστεως
2455 3291 2847 3361 κεκλημένους.

669 3378 782 3449 38
820 3377 987 3433 Vens.
1018 3380 1073 3434 ι.
1116 3380 1183 3434 Et
1214 3381 1476 3450 judicabit
1506 3385 1642 3438 inter
1680 3396 1875 3456 gentes,
1905 3397 1954 3441 et
1993 3398 2173 3458 arguet

2350 3386 2460 3441 Kal
2507 3386 2701 3456 κρινεῖ
2738 3387 3049 3455 ἁναμέσον
3086 3385 3206 3439 τῶν
3237 3385 3448 3453 ἐθνῶν,
3498 3385 3597 3440 καὶ
3626 3386 3862 3457 ἐλέγξει

597 3473 843 3538 papulum
872 3473 1115 3539 multum,
1150 3483 1199 3526 et
1236 3478 1554 3531 conlaudent
1584 3478 1789 3546 gladios
1810 3497 1931 3535 suos
1957 3481 2012 3535 in
2052 3499 2180 3535 ara-

596 3570 701 3627 tra,
743 3574 790 3615 et
828 3562 1037 3615 lanceas
1073 3582 1193 3618 suas
1236 3566 1289 3620 in
1329 3567 1513 3637 falces,
1545 3581 1591 3623 et
1623 3587 1727 3624 non
1754 3584 1921 3626 sumet
1964 3590 2086 3644 gens
2126 3576 2181 3629 in

595 3661 798 3721 gentem
830 3653 1097 3722 gladium,
1155 3672 1316 3727 neque
1361 3659 1559 3713 discent
1594 3660 1818 3729 amplius
1864 3662 2055 3717 bellum
2089 3680 2178 3736 ge-

596 3760 731 3799 fere.

664 3834 797 3891 Cum
829 3836 1139 3906 praedixerit
1172 3840 1470 3909 potentiam
1519 3840 1715 3898 diaboli
1745 3859 1994 3900 casuram
2036 3854 2092 3902 et
2123 3847 2176 3902 in

592 3927 818 3983 nihilum
870 3930 1175 3997 abituram,
1227 3933 1601 4006 idolorumque
1650 3936 1920 3994 ﬁctionem
1968 3939 2175 3994 irritam

590 4035 917 4089 cassamque
955 4022 1216 4088 futuram,
1248 4025 1631 4084 exhortatione
1658 4038 1840 4084 mutua
1868 4030 1972 4085 sibi
2001 4032 2178 4087 accla-

588 4110 865 4168 mantibus
917 4114 1169 4183 gentibus
1211 4134 1224 4170 :
1267 4133 1286 4168 t
1337 4118 1539 4175 Adeste
1594 4129 1649 4175 et
1700 4123 2060 4179 ascendamus
2119 4124 2176 4179 in

588 4214 830 4257 montem
873 4204 1123 4271 Domini,
1158 4217 1211 4261 et
1258 4209 1310 4264 in
1361 4211 1580 4267 domum
1633 4212 1726 4268 Dei
1759 4212 1947 4280 Jacoh,
1992 4225 2048 4270 et
2078 4231 2176 4270 an-

589 4297 862 4351 nuntiabit
888 4299 1044 4354 nobis
1073 4303 1213 4356 viam
1240 4315 1489 4369 suam,et
1525 4308 1923 4364 ambulabimus
1948 4309 2003 4363 in
2035 4324 2121 4376 ea,
2149 4328 2169 4361 ι

586 4387 804 4450 tempus
830 4386 898 4438 ob
926 4388 1113 4443 oculos
1143 4393 1444 4449 auditorum
1476 4398 1753 4452 constituit
1778 4418 1791 4454 :
1824 4415 1932 4470 quo
1958 4415 2018 4455 ea
2052 4416 2175 4470 qua:

587 4485 1012 4530 commemorata
1068 4487 1194 4533 ante
1257 4492 1385 4536 sunt
1426 4484 1492 4536 ad
1528 4488 1688 4540 tinem
1730 4489 2077 4556 pervenient,
2119 4497 2173 4544 et

583 4576 654 4617 ex
685 4564 800 4634 ipsa
833 4581 1012 4626 rerum
1038 4571 1349 4627 conditione
1389 4575 1520 4629 facit
1549 4577 1933 4634 clarissimum.
1960 4582 2170 4637 Etenim

582 4655 711 4711 olim
743 4674 871 4713 cum
906 4669 1049 4714 terra
1078 4676 1184 4715 non
1217 4673 1363 4721 esset
1396 4668 1486 4722 nni
1512 4669 1644 4740 jugo
1674 4671 1908 4739 subdita,
1940 4678 2033 4730 sed
2073 4692 2170 4747 per

583 4748 830 4806 civitates
890 4759 947 4806 et
1008 4754 1255 4823 regiones
1316 4758 1775 4829 distinguereutur
1822 4742 2242 4837 gentes,'etD

581 4854 813 4909 quaeque
844 4843 1121 4913 sigillatim
1153 4864 1310 4903 suum
1343 4850 1571 4908 haberet
1599 4855 1789 4910 ducem
1816 4898 1831 4922 ,
1879 4859 2159 4916 dissidium

580 4937 720 4993 erat,
756 4939 813 4985 et
848 4932 992 4986 nulla
1026 4937 1304 4992 hominum
1352 4942 1633 5009 permistio
1677 4952 1771 4999 aut
1804 4949 2158 5017 consociatio,

579 5021 675 5076 sed
706 5037 899 5093 pugna:
924 5035 979 5079 et
1006 5026 1142 5081 bella
1170 5030 1343 5087 ubivis
1373 5033 1614 5102 gentium
1651 5038 2003 5107 perdentibus
2037 5057 2160 5100 sese

577 5121 766 5168 mutuo
804 5124 964 5169 terra:
1015 5116 1436 5187 habitatoribus,
1475 5134 1529 5179 et
1577 5140 1794 5199 semper
1830 5130 2036 5185 alienas
2072 5147 2161 5188 res

576 5203 972 5272 diripientibus,
998 5218 1047 5262 et
1092 5211 1342 5279 rapinam
1372 5231 1435 5268 ac
1464 5215 1754 5285 feritatem,
1788 5232 1977 5278 contra
2011 5238 2148 5292 quos

574 5296 809 5365 quisque
844 5308 1079 5368 poterat,
1111 5303 1336 5371 gloriam
1375 5321 1639 5363 summam
1684 5326 1805 5366 esse
1827 5315 2149 5369 existiman-

575 5385 740 5444 tibus.
800 5389 911 5447 Nec
967 5393 1131 5463 igitur
1168 5403 1338 5451 tutam
1380 5399 1767 5458 habitationem
1823 5406 2148 5475 habuerunt,

574 5491 789 5547 semper
831 5490 1127 5555 migrantes
1157 5488 1223 5542 ad
1254 5490 1505 5559 alteram,
1536 5500 1590 5546 et
1617 5492 1684 5547 ab
1709 5508 1770 5547 ea
1801 5509 1961 5563 quam
1987 5511 2151 5551 occu-

572 5580 768 5638 parant
819 5574 1087 5633 deturbati
1141 5595 1171 5633 a
1227 5582 1646 5651 patentioribus.
1705 5583 1969 5642 Caeterum
2023 5603 2146 5641 cum

574 5659 949 5719 universorum
1028 5670 1168 5724 Deus
1231 5672 1598 5730 Romanorum
1666 5679 1894 5747 sceptris
1958 5678 2144 5734 orbem

546 5930 561 5940 '
641 5846 687 5878 "
713 5844 877 5902 Zach.
914 5865 990 5917 XI,
1024 5850 1077 5907 9.
1150 5852 1197 5884 ⁸⁸
1227 5854 1348 5908 Act.
1384 5872 1502 5921 χιιι,
1538 5857 1624 5911 46.

2280 3478 2434 3533 λαὸν
2465 3480 2665 3533 πολύν
2689 3497 2701 3508 ·
2737 3478 2835 3533 καὶ
2871 3481 3258 3549 συγκόψουσι
3296 3479 3402 3545 τὰς
3422 3480 3722 3549 μαχαίρας
3747 3482 3862 3535 αὐ-

2280 3571 2399 3625 τῶν
2440 3575 2527 3638 εις
2577 3571 2813 3640 ἄροτρα,
2856 3572 2955 3626 καὶ
2994 3572 3102 3638 τὰς
3147 3571 3383 3637 (milva;
3417 3573 3616 3626 αὐτῶν
3651 3573 3739 3638 εὶς
3786 3573 3861 3626 τὰ

2279 3664 2563 3733 δρέπανα.
2605 3666 2713 3720 Kal
2754 3668 2825 3720 οὐ
2867 3666 3125 3735 λήψεται
3172 3667 3349 3733 ἔθνος
3391 3666 3489 3720 ἐπὶ
3542 3667 3717 3733 ἔθνος
3749 3667 3863 3737 μά-

2279 3774 2515 3826 χαιραν,
2551 3757 2649 3811 καὶ
2680 3759 2753 3811 οὺ
2782 3759 2868 3827 μὴ
2897 3757 3171 3827 μάθωσιν
3212 3760 3300 3813 ἔτι
3331 3758 3637 3828 πολεμεῖν.

2349 3850 2701 3922 Προειρηκὼς
2724 3851 2804 3904 ὅτι
2838 3853 3087 3907 πεσεῖταί
3113 3868 3171 3906 τε
3198 3854 3293 3907 καὶ
3320 3854 3601 3926 οἰχήσεται
3631 3853 3765 3926 πρὸς
3793 3854 3858 3908 τὸ

2281 3942 2449 4013 μηδὲν
2475 3943 2537 3996 τὸ
2563 3942 2657 3997 τοῦ
2680 3943 2924 3997 διαϐόλου
2956 3947 3156 4016 κράτος
3174 3962 3188 3975 ·
3218 3947 3449 4017 ἀργήσει
3476 3946 3534 4000 δὲ
3559 3947 3655 4000 καὶ
3678 3949 3710 4017 ή
3744 3947 3858 4004 τῶν

2234 4014 2259 4033 ’
2278 4031 2512 4086 εἰδώλων
2529 4033 2747 4103 ποίησις
2768 4014 3150 4107 προτροπάδην
3170 4014 3415 4108 ἀλλήλων
3435 4014 3859 4105 ἐπιφωνοῦντων

2278 4123 2468 4177 ἐθνῶνο
2496 4142 2515 4175 ι
2538 4122 2721 4186 Δεῦτε,
2745 4124 3033 4195 ἀναϐᾦμεν
3054 4127 3133 4190 είς
3160 4125 3221 4179 τὸ
3250 4126 3373 4196 ὅρος
3388 4126 3481 4180 τοῦ
3506 4128 3731 4197 Κυρίου,
3754 4128 3854 4183 καὶ

2276 4216 2356 4276 είς
2379 4215 2470 4267 τὸν
2490 4209 2638 4267 οἷκον
2664 4213 2758 4267 τοῦ
2786 4214 2929 4268 Θεοῦ
2949 4215 3162 4280 Ἰακὼϐ,
3179 4217 3274 4269 καὶ
3294 4217 3581 4285 ἀναγγελεῖ
3602 4218 3732 4289 ἡμῖν
3750 4218 3852 4290 τὴν

2275 4307 2393 4362 ὁδὸν
2409 4305 2596 4371 αὑτοῦ,
2616 4307 2709 4360 καὶ
2725 4306 3102 4378 πορευσόμεθα
3123 4310 3180 4364 ἐν
3203 4311 3361 4383 αὐτῇ·
3392 4329 3410 4361 ι
3430 4310 3720 4382 καθίστησι
3737 4316 3849 4377 τοῖς
3960 4348 3969 4357 ρ

2274 4398 2644 4470 ἀκροωμένοις
2670 4400 2873 4471 ἐναργῆ
2890 4399 2980 4453 τὸν
2996 4400 3208 4471 καιρὸν,
3235 4402 3354 4455 καθ’
3368 4403 3427 4456 ὃν
3443 4405 3522 4469 είς
3540 4407 3711 4475 πέρας
3726 4404 3848 4475 ἥξει

2272 4493 2342 4547 τά
2384 4494 2761 4564 προειρημένα
2779 4534 2794 4557 ,
2832 4493 2925 4551 καὶ
2952 4494 3010 4559 ἐξ
3035 4495 3203 4565 αὐτῆς
3231 4497 3330 4567 τῆς
3367 4497 3477 4551 τῶν
3504 4498 3850 4570 πραγμάτων

2274 4586 2658 4647 καταστάσεως
2680 4589 2909 4639 ποιεῖται
2934 4584 3375 4657 γνωριμώτατον.
3396 4588 3572 4642 Πάλαι
3595 4590 3694 4660 μὲν
3710 4589 3847 4660 γάρ,

2272 4675 2372 4727 οὐκ
2398 4674 2567 4746 οὔσης
2592 4678 2690 4747 τῆς
2723 4678 2827 4748 γῆς
2871 4678 2975 4732 ὑπὸ
3018 4676 3181 4747 ζυγὸν
3213 4678 3329 4744 ἕνα,
3378 4679 3748 4751 διωρισμένων
3788 4681 3849 4736 δὲ

2270 4770 2413 4823 κατά
2453 4787 2511 4822 τε
2552 4770 2735 4841 χώρας
2767 4774 2861 4826 καὶ
2902 4772 3085 4836 πόλεις
3126 4772 3237 4827 τῶν
3280 4774 3467 4838 ἐθνῶν,
3526 4776 3619 4829 καὶ
3660 4775 3850 4840 ίδικῶς

2268 4862 2509 4933 ἑκάστης
2558 4864 2790 4934 ἐχούσης
2831 4866 2923 4919 τὸν
2966 4865 3285 4936 ἡγούμενον,
3317 4866 3513 4936 ἀμιξία
3550 4884 3610 4920 τε
3638 4862 3706 4937 ἧν
3746 4868 3848 4923 καὶ

2270 4954 2441 5026 μάχαι
2469 4956 2564 5009 καὶ
2596 4956 2844 5027 πόλεμοι,
2879 4959 3128 5028 πανταχῆ
3157 4958 3568 5030 καταδῃούντων
3597 4957 3846 5028 ἀλλήλων

2266 5045 2374 5099 τῶν
2403 5048 2497 5101 ἐπὶ
2535 5048 2637 5117 τῆς
2663 5049 2788 5119 γῆς,
2811 5052 2905 5104 καὶ
2948 5051 3353 5123 διαρπαζόντων
3385 5053 3473 5107 ἀεὶ
3509 5052 3576 5106 τὰ
3611 5051 3839 5122 ἐτέρων,

2266 5136 2360 5193 καὶ
2390 5139 2489 5209 τὴν
2535 5139 2657 5192 καθ’
2705 5134 2779 5194 ὧν
2820 5141 2890 5194 ἂν
2931 5141 3176 5197 δύναιντο
3245 5142 3465 5197 ἔκαστοι
3524 5141 3842 5208 πλεονεξίαν

2257 5228 2353 5281 καὶ
2420 5228 2756 5301 ἀγριότητα,
2808 5230 2964 5296 δόξαν
3024 5233 3317 5304 ἡγούμενοι
3394 5233 3494 5303 τὴν
3550 5232 3839 5286 ἀνωτάτω.

2253 5318 2460 5372 Οὐκοῦν
2490 5320 2608 5373 οὐδὲ
2634 5322 2850 5392 ἀσφαλῆ
2883 5324 2983 5394 τὴν
3014 5324 3228 5396 οἴκησιν
3263 5320 3428 5396 εἶχον,
3455 5325 3541 5376 ἀεὶ
3576 5324 3839 5393 μεθιστά-

2253 5424 2405 5477 μενοι
2446 5410 2582 5480 πρὸς
2618 5413 2832 5485 ἑτέραν,
2869 5416 2964 5469 καὶ
3003 5417 3108 5470 ὑπὸ
3153 5418 3261 5472 τῶν
3308 5416 3695 5486 δυνατωτέρων
3733 5416 3840 5487 τῆς

2253 5500 2589 5574 εἰλημμένης
2629 5503 3008 5576 ἐξωθούμενοι.
3070 5507 3291 5579 Ἐπειδὴ
3336 5507 3395 5560 δὲ
3450 5506 3480 5559 ὁ
3530 5506 3640 5561 τῶν
3695 5506 3836 5561 ὅλων

2254 5591 2385 5656 Θεὸς
2430 5597 2542 5660 τοῖς
2611 5597 2900 5668 Ῥωμαίων
2941 5599 3244 5671 σκήπτροις
3284 5600 3538 5671 ὑπήγαγε
3587 5598 3688 5669 τὴν
3738 5600 3835 5653 ὑπ’

2252 5682 2501 5753 οὐρανὸν,
2535 5685 2631 5755 μία
2673 5704 2732 5739 τε
2772 5687 2956 5743 λοιπὸν
2994 5692 3027 5760 ἡ
3074 5689 3216 5744 κατὰ
3264 5687 3503 5760 πάντων,
3542 5689 3835 5744 ἐκτέταται
