4134 6304
579 399 649 455 75
1605 391 1660 446 S.
1702 388 1979 446 CYltll.Ll
2019 387 2484 445 ALEXANDRINI
2526 387 2837 444 AltC‘HlEP.
3765 380 3832 431 76

580 529 709 570 vero
742 512 1058 585 prophetam
1103 511 1154 564 in
1180 511 1285 565 hac
1308 510 1674 566 exhortatoria
1701 510 1946 564 oratione
1979 523 2140 578 quam

2249 507 2602 578 πορευθῶμεν
2628 505 2704 577 τῷ
2729 505 2870 577 φωτὶ
2901 505 3124 576 Κυρίου.
3161 522 3179 555 ι
3217 501 3457 572 Πρέπειν
3481 498 3538 554 δὲ
3572 493 3725 568 οἶμαι
3747 496 3832 567 τῷ

583 604 824 667 adhibet,
868 602 1071 657 hortari
1111 600 1404 666 lsraelitas,
1442 612 1497 654 ut
1543 601 1740 655 dicenti
1798 599 2016 655 Christo
2051 615 2145 653 au-

584 696 859 752 scultent:
899 713 917 745 ι
951 691 1198 759 Quantliu
1254 692 1424 747 lucent
1477 692 1706 756 habetis,
1767 691 2038 746 ambulate
2092 690 2146 744 in

578 788 720 850 luce,
760 800 825 840 ne
869 787 1102 839 tenebra:
1148 798 1241 838 vos
1284 783 1744 852 comprehendant
1779 782 1844 836 ⁸⁸.
1874 801 1890 834 ι
1925 782 2042 854 lpse
2075 784 2144 838 si-

583 879 795 948 quidem
840 884 921 930 est
957 875 1063 928 lux.
1087 873 1247 943 quue
1272 874 1404 928 dixit
1442 883 1665 943 aperte:
1713 893 1730 926 ι
1755 874 1864 945 Ego
1898 889 2016 929 sum
2055 874 2144 928 lux

583 970 784 1022 mundi.
835 966 945 1035 Qui
979 967 1220 1036 sequitur
1245 981 1476 1031 me,non
1496 967 1862 1023 ambulabitin
1889 968 2144 1032 tenebris,

580 1060 671 1113 sed
697 1055 1032 1127 habebit“
1051 1055 1222 1110 lucem
1241 1056 1365 1110 vita:
1392 1056 1457 1110 θ’.
1483 1074 1500 1107 ι
1519 1055 1632 1110 Lux
1649 1066 1826 1112 autem
1851 1059 2148 1122 Domini,et

576 1153 691 1218 iure
722 1153 1037 1221 optimodici
1062 1160 1237 1220 potest
1257 1151 1423 1220 ipsius
1456 1151 1849 1219 praedicatio,id
1867 1161 2146 1219 cst,evan-

577 1243 768 1312 gelica.
797 1240 1027 1295 Perinde
1049 1249 1131 1294 est
1163 1253 1227 1294 ac
1254 1239 1297 1292 si
1324 1237 1487 1302 dicat,
1507 1237 1764 1293 Vivamus
1793 1242 1897 1309 pie,
1920 1254 2148 1311 evange-

580 1332 694 1384 licae
712 1331 831 1382 vita:
847 1327 1181 1397 splendorem
1196 1325 1456 1388 colamus,
1473 1327 1633 1379 tinem
1659 1326 1852 1398 typicis
1873 1327 2032 1380 rebus
2055 1327 2153 1380 im-

580 1435 865 1490 ponamus,
890 1418 1136 1472 umb'ram
1162 1417 1552 1487 relinquamus,
1577 1416 1836 1471 Mosaicas
1857 1416 2067 1471 litteras
2083 1417 2148 1471 ad

582 1515 860 1566 veritatem
882 1507 1294 1572 transferamus,
1310 1509 1600 1563 salutarem
1616 1508 1785 1561 lucem
1801 1507 2146 1576 recipiamus.

579 1605 647 1658 At
674 1617 792 1656 cum
809 1599 977 1656 .l‘ndtci
994 1599 1238 1668 patribus
1254 1597 1563 1654 carnalibus
1580 1598 1894 1666 gloriantes,
1914 1596 2150 1666 superci-

581 1693 708 1745 lium
731 1692 1022 1761 erigerent,
1045 1697 1296 1758 tanquam
1315 1695 1530 1757 propter
1547 1687 1692 1758 ipsos
1708 1686 1910 1754 dilecti,
1925 1696 1981 1740 et
1999 1701 2146 1756 pars,

577 1797 632 1840 et
661 1801 778 1839 sors
803 1785 890 1838 Dei
914 1783 1064 1848 dicti,
1090 1791 1144 1836 et
1167 1780 1392 1851 populus
1415 1789 1631 1835 sanctus
1653 1789 1702 1834 et
1726 1779 1996 1844 sciemus;
2022 1778 2146 1833 dein

2253 605 2506 674 προφήτῃ
2567 601 2802 672 μάλιστα
2847 599 2938 653 τὸν
2982 599 3073 650 ἐπὶ
3115 596 3248 668 τῷδε
3294 596 3450 663 λόγον
3497 589 3846 664 προτρέπειν.

2251 696 2377 759 τοὺς
2431 693 2489 760 ἐξ
2558 691 2775 765 Ἰσραὴλ
2817 689 3110 745 ὑπακούειν
3172 689 3384 756 λέγοντι
3440 684 3518 754 τῷ
3561 679 3823 753 Χριστῷ⁸

2259 805 2275 837 ι
2318 786 2462 847 Ἕως
2488 785 2549 837 τὸ
2575 784 2688 853 φῶς
2710 783 2882 853 ἔχετε,
2916 783 3270 852 περιπατεῖτε
3324 781 3380 832 ἐν
3424 776 3502 847 τῷ
3545 775 3704 846 φωτὶ,
3741 775 3831 832 ἵνα.

2255 878 2390 948 μὴή
2439 875 2624 929 σκοτία
2673 876 2817 945 ὖμᾶς
2866 873 3168 944 καταλάϐῃ.
3206 891 3225 924 ι
3274 870 3445 932 Αὐτὸς
3487 868 3545 922 δέ
3603 868 3719 920 ἐστι
3768 866 3838 926 τὰ

2253 966 2386 1036 φῶς.
2420 967 2530 1020 Καὶ
2561 966 2694 1036 γοῦν
2731 967 2968 1036 ἔφασκεν
3021 963 3296 1036 ἐναργῶς·
3345 981 3363 1013 ι
3410 959 3550 1028 Ἐγώ
3603 960 3720 1028 ειμι
3765 959 3828 1010 τὸ

2254 1057 2368 1128 φῶς
2390 1058 2484 1111 τοῦ
2521 1058 2750 1130 κόσμου.
2799 1059 2860 1109 Ἱ)
2911 1055 3222 1113 ἀκολουθῶν
3263 1053 3407 1125 ἐμοὶ,
3447 1052 3508 1106 οὐ
3557 1051 3632 1122 μὴ
3671 1051 3834 1122 μείνῃ

2253 1151 2309 1203 ἐν
2337 1152 2402 1221 τῇ
2441 1149 2652 1221 σκοτίᾳ,
2702 1149 2816 1202 ἀλλ’
2869 1148 2978 1215 ἕξει
3019 1148 3078 1202 τδ
3125 1147 3239 1215 φῶς
3285 1145 3387 1216 τῆς
3429 1143 3597 1212 ζωῆς.
3646 1161 3666 1194 ι
3709 1141 3832 1203 Φῶς

2251 1243 2296 1297 δ’
2339 1241 2405 1296 ἂν
2437 1241 2646 1310 λέγοιτο
2702 1241 2930 1313 Κυρίου,
2965 1239 3059 1294 καὶ
3095 1238 3239 1308 μάλα
3285 1237 3510 1299 εἰκότως
3547 1235 3609 1286 τὸ
3661 1231 3834 1287 αὐτοῦ

2253 1337 2532 1406 κήρυγμα,
2575 1332 2721 1387 τοῦτ’
2765 1333 2903 1399 ἔστι,
2944 1334 3004 1387 τὸ
3044 1330 3416 1400 εὐαγγελικόν.
3459 1327 3684 1398 Ὅμοιον
3735 1321 3834 1379 οὖν

2254 1427 2384 1480 ὡσεὶ
2431 1426 2601 1494 λέγοι,
2651 1425 3005 1497 Διαξήσωμεν
3054 1422 3315 1484 εὐσεϐῶς,
3365 1419 3687 1490 τιμήσωμεν
3727 1416 3830 1485 τῆς

2254 1519 2615 1589 εύαγγελικῆς
2657 1519 2932 1581 πολιτείας
2991 1517 3055 1570 τὸ
3121 1513 3440 1586 περιφανὲς,
3487 1508 3827 1579 παυσώμεθα

2253 1610 2363 1663 τῶν
2393 1612 2450 1664 ἐν
2479 1610 2690 1674 τύποις,
2719 1607 3110 1678 καταλὴξωμεν
3155 1606 3254 1676 τῆς
3292 1605 3472 1666 σκιᾶς.
3504 1600 3830 1656 Μεταπλάτη

2253 1717 2434 1772 τωμεν
2462 1700 2532 1754 τὰ
2560 1701 2803 1764 Μωσέως
2825 1699 3129 1770 γράμματα
3165 1695 3302 1766 πρὸς
3346 1691 3627 1763 ἀλήθειαν,
3659 1689 3800 1742 είσδε

2257 1794 2473 1866 ξώμεθα
2523 1794 2584 1847 τὸ
2639 1793 2906 1864 σωτήριον
2965 1789 3100 1860 φῶς.
3145 1786 3361 1856 Ἐπειδὴ
3421 1784 3478 1838 δὲ
3521 1785 3633 1845 τοῖς
3688 1782 3831 1840 κατὰ

578 1882 906 1947 ungarentur
923 1888 986 1927 ac
1008 1885 1230 1942 prorsus
1248 1871 1569 1941 penitusque
1588 1883 1646 1925 se
1676 1869 1854 1925 curari
1875 1884 1940 1924 ac
1954 1869 2100 1940 diligi
2119 1883 2148 1923 a

2259 1886 2438 1958 σάρκα
2457 1884 2728 1956 πατράσιν
2768 1880 3134 1952 ἐπαυχοῦντες
3171 1877 3432 1939 Ἰουδαῖοι,
3472 1873 3712 1944 μεγάλην
3742 1871 3830 1928 ἀεὶ

579 1967 686 2022 Deo
718 1967 1022 2030 crederent,
1060 1963 1406 2033 quantumvis
1430 1961 1598 2017 multa
1614 1960 1689 2016 illi
1727 1960 1900 2028 invisa
1945 1959 2157 2016 factita-

580 2069 719 2125 rent,
763 2055 1108 2127 quantumvis
1131 2053 1282 2109 nihili
1320 2061 1574 2124 putarent
1595 2053 1788 2123 legem,
1812 2051 2156 2122 quantumvis

576 2151 736 2206 etiam
761 2164 878 2205 eam
906 2147 1156 2204 dedecori
1187 2146 1628 2215 contetnptuique
1653 2145 1932 2211 haberent,
1955 2153 2010 2199 et
2032 2143 2159 2199 Ser-

577 2243 778 2300 vatoris
795 2243 1109 2304 adventum,
1125 2236 1355 2310 gratiam
1377 2236 1587 2292 scilicet
1606 2237 1868 2291 adventus
1887 2237 1940 2290 itt
1965 2251 2154 2299 carne,

581 2353 686 2392 non
719 2335 1025 2403 reciperent
1064 2349 1077 2385 :
1133 2329 1443 2385 necessario
1459 2328 1717 2398 propheta
1741 2328 1962 2384 minime
1975 2328 2054 2383 sic
2079 2328 2156 2382 af-

575 2427 770 2482 fectum
789 2439 909 2480 esse
928 2419 1490 2478 universorumDeum
1511 2419 1863 2484 demonstrat,
1879 2419 2154 2489 inquiens:

578 2541 596 2574 ι
622 2517 837 2575 Dimisit
871 2517 1014 2572 cnim
1046 2513 1298 2585 populum
1321 2526 1505 2578 suum,
1525 2513 1743 2568 demum
1767 2512 1950 2567 Israel.
1972 2530 1991 2564 ›
2026 2511 2156 2568 Tale

573 2613 698 2682 quid
729 2625 822 2680 per
853 2609 1084 2664 alterum
1115 2619 1329 2675 quoque
1347 2605 1671 2675 prophetam
1707 2603 1839 2658 dicit
1869 2604 2153 2658 universo-

575 2717 693 2757 rum
713 2701 872 2766 Deus,
889 2699 1194 2756 Juda‘orum
1212 2695 1555 2766 supercilium
1577 2694 1902 2765 deprimens,
1918 2703 1972 2750 et
1990 2694 2156 2750 insul-

575 2791 808 2848 sosillos
851 2803 969 2859 esse
1009 2802 1326 2858 coarguens.
1369 2788 1605 2854 Etenim,
1644 2789 1840 2858 inquit,
1867 2789 2154 2858 concupie-

578 2893 703 2939 runt
733 2897 914 2954 agros,
947 2890 1001 2936 et
1031 2888 1324 2949 rapuerunt
1353 2879 1604 2950 pupillos,
1633 2887 1686 2935 et
1707 2879 1894 2935 domos
1921 2879 1972 2934 vi
2001 2892 2156 2935 occuv

576 2985 787 3046 parum,
835 2985 888 3029 et
927 2976 979 3029 in
1016 2972 1300 3028 Dominum
1345 2985 1404 3027 se
1478 2970 1810 3039 extulerunt,
1864 2971 2149 3028 dicentes:

579 3088 599 3122 ι
640 3067 825 3123 Nonne
854 3065 1118 3121 Dominus
1146 3065 1198 3119 in
1239 3063 1394 3118 nobis
1438 3062 1564 3118 est?
1614 3076 1721 3117 non
1753 3063 2007 3118 invadent
2051 3076 2151 3119 nos

575 3158 735 3212 mala.
791 3157 1018 3220 Idcirco,
1045 3163 1266 3224 propter
1299 3168 1419 3222 nos,
1470 3151 1599 3208 Sion
1639 3161 1699 3207 ut
1729 3167 1859 3224 ager
1881 3153 2141 3220 arabitur,

567 3259 626 3302 et
674 3246 974 3300 Jerusalem
1005 3254 1063 3298 ut
1097 3259 1380 3314 pomorum
1432 3244 1676 3299 custodia
1713 3247 1838 3308 erit,
1882 3253 1937 3300 et
1973 3259 2144 3312 mons

2256 1977 2355 2050 τὴν
2401 1978 2574 2049 ὀφρὺν
2617 1976 2865 2047 ἁνασπᾷν
2905 1971 3197 2044 ἐμελέτων,
3237 1969 3313 2032 ὡς
3369 1968 3433 2020 δι’
3457 1965 3654 2026 αὐτοὺς
3692 1964 3828 2050 ἁγα-

2259 2049 2522 2139 πώμενοι,
2570 2066 2730 2138 μερίς
2755 2082 2817 2118 τε
2856 2065 2950 2116 καὶ
3004 2061 3205 2131 κλῆρος
3253 2053 3681 2130 χρηματίζοντες
3732 2049 3823 2102 τοῦ

2257 2161 2413 2228 Θεοῦ,
2444 2161 2541 2213 καὶ
2580 2158 2707 2221 λαὸς
2751 2157 2906 2226 ἆγιος
2959 2154 3054 2208 καὶ
3088 2151 3404 2210 άπόλεκτος·
3439 2142 3559 2199 εἶτα
3600 2139 3825 2214 ληροῦν-

2255 2269 2346 2316 τες
2394 2251 2563 2322 ᾤοντο
2616 2249 2792 2319 πάντη
2834 2263 2895 2299 τε
2953 2245 3048 2299 καλ⁴
3093 2243 3311 2304 πάντως
3354 2241 3410 2292 ἐν
3456 2233 3696 2306 φροντίδι
3733 2230 3827 2322 καὶ

2255 2344 2446 2418 ἀγάπῃ
2473 2341 2687 2396 κεῖσθαι
2731 2341 2799 2410 τῇ
2838 2335 2989 2409 παρὰ
3025 2335 3172 2407 Θεῷ*
3211 2333 3314 2391 κᾶν
3353 2332 3401 2390 εἰ
3442 2327 3612 2383 πολλὰ
3656 2321 3831 2418 δρῷεν

2255 2435 2325 2490 τὰ
2375 2414 2742 2504 ἀπηχθημένα
2783 2427 2929 2500 αὺτῷ
2952 2445 2967 2461 ο
3023 2428 3128 2482 κᾶν
3179 2427 3226 2482 εί
3269 2423 3434 2496 μηδὲν
3479 2421 3692 2491 ἡγοῖντο
3735 2414 3828 2468 τὸν

2255 2523 2415 2592 νόμον
2437 2535 2449 2549 ⁸
2487 2520 2592 2574 κᾶν
2633 2521 2682 2573 εί
2720 2517 2890 2586 αὐτὴν
2924 2514 3241 2587 ἀτιμάζοειν
3305 2513 3399 2566 καὶ
3450 2507 3830 2581 ἀπαράδεκτον

2257 2614 2490 2667 ποιοῖντο
2533 2612 2632 2682 τὴν
2671 2609 2765 2666 τοῦ
2826 2609 3076 2680 Σωτῆρος
3139 2606 3457 2676 ἐπιδημίαν,
3506 2603 3673 2674 ἧγουν
3723 2598 3822 2668 τῆς

2257 2705 2396 2776 μετὰ
2446 2703 2646 2775 σαρκὸς
2699 2702 3012 2773 οἰκονομίας
3071 2698 3168 2770 τὴν
3217 2699 3395 2768 χάριν·
3449 2691 3762 2762 ἀναγκαίως
3794 2691 3831 2752 6

2253 2797 2538 2866 προφήτης
2575 2794 2674 2864 οὑχ
2715 2787 2818 2848 ὦδε
2850 2793 3042 2864 ἔχοντα
3071 2790 3162 2847 τὸν
3192 2789 3296 2844 τῶν
3328 2787 3463 2842 ὅλων
3498 2784 3627 2839 Θεὸν
3657 2799 3823 2836 κατα-ο

2251 2886 2503 2950 δεικνύει,
2535 2885 2743 2953 λέγων·
2782 2902 2800 2936 ι
2851 2883 3046 2952 Ἀνῆκε
3087 2881 3197 2951 γὰρ
3227 2880 3318 2933 τὸν
3350 2877 3477 2932 λαὸν
3517 2875 3704 2940 αὐτοῦ,
3733 2873 3822 2928 τὸν

2251 2973 2396 3035 οἷκον
2428 2975 2522 3033 τοῦ
2567 2975 2803 3048 Ἰσραήλ.
2851 2992 2870 3025 ι
2921 2972 3172 3026 Τοιοῦτόν
3192 2988 3246 3028 τι
3267 2971 3362 3026 καὶ
3380 2971 3447 3025 δι’
3486 2969 3673 3040 ἐτέρου
3697 2982 3822 3037 προ-

2252 3067 2422 3139 φήτου
2480 3065 2644 3136 φησὶν
2673 3066 2703 3118 6
2746 3062 2854 3117 τῶν
2900 3061 3036 3116 ὅλων
3069 3059 3219 3126 Θεὸς,
3253 3058 3351 3130 τὴν
3401 3058 3510 3112 τῶν
3556 3055 3821 3110 Ἰουδαίων

2250 3160 2419 3234 ὀφρὺν
2468 3157 2876 3226 καταστρέφων,
2909 3153 3001 3207 καὶ
3056 3152 3347 3217 ἀσυνέτους
3384 3150 3543 3212 ὄντας
3584 3147 3820 3218 ἐλέγχων

2169 3213 2458 3320 δἀύτούς.
2517 3253 2627 3310 Καὶ
2679 3213 2992 3320 ἐπεθύμουν
3031 3248 3160 3318 γὰρ,
3211 3213 3396 3318 φησίν,
3445 3213 3819 3314 ἀγροὺς-καὶ

575 3336 760 3407 templi
805 3343 1060 3404 tanquam
1098 3334 1265 3389 saltus
1291 3333 1438 3388 silva:
1465 3332 1532 3387 ’°.
1563 3352 1581 3384 ι
1619 3334 1674 3388 Si
1713 3349 1817 3389 non
1855 3335 2036 3405 igitur,
2066 3339 2145 3392 in-

2249 3342 2531 3415 διήρπαζον
2558 3341 2855 3412 ὀρφανοὺς,
2883 3340 2977 3394 καὶ
2999 3340 3178 3402 οἴκους
3216 3336 3696 3397 κατεδυνάστευον,
3728 3335 3822 3387 καὶ

572 3429 732 3497 quit,
798 3440 904 3480 una
963 3425 1242 3480 nobiscum
1295 3425 1615 3480 desideratis
1669 3425 1722 3480 in
1771 3425 1892 3481 luce
1936 3427 2144 3484 Domini

2249 3435 2331 3489 iui.
2363 3435 2453 3488 τὸν
2489 3433 2691 3504 Κύριον
2725 3431 3143 3503 ἐμεγαλύνοντο,
3176 3430 3428 3498 λέγοντες
3454 3445 3467 3459 ο
3502 3445 3521 3478 ι
3550 3426 3685 3496 Οὐχὶ
3709 3423 3820 3478 Κύει

573 3517 876 3584 ambulare,
934 3518 985 3572 id
1049 3529 1153 3583 est,
1193 3517 1238 3570 si
1277 3531 1371 3587 per
1393 3515 1667 3572 Christum
1704 3517 2141 3586 praedicationem

2249 3541 2350 3597 ριος
2385 3525 2444 3578 ὲν
2498 3526 2629 3595 ἡμῖν
2661 3526 2845 3590 ἐστιν;
2887 3524 2948 3577 ού
2989 3522 3066 3594 μὴ
3117 3521 3318 3592 ἐπέλθῃ
3343 3520 3429 3588 ἐφ’
3464 3521 3610 3589 ἡμᾶς
3649 3517 3814 3572 κακά.

575 3609 820 3680 rejicitis,
861 3619 917 3664 et
953 3609 1366 3663 illustrationem
1395 3607 1567 3677 ipsius
1599 3609 1960 3664 aversamini:
1991 3624 2142 3678 pror-

573 3717 667 3756 sus
697 3701 1017 3770 penitusque
1059 3708 1113 3753 et
1139 3699 1255 3769 ipse
1291 3714 1447 3753 suum
1501 3699 1755 3768 populum
1795 3698 2054 3754 dimittet.
2078 3699 2144 3754 Et

573 3794 676 3848 hoc
725 3801 812 3846 est
853 3791 1055 3845 diserte
1113 3789 1257 3858 quod
1315 3789 1448 3844 dixit
1505 3789 1615 3844 illis
1645 3790 1903 3844 Dominus
1961 3801 2143 3858 noster

571 3887 730 3942 Jesus
751 3883 1003 3940 Christus
1039 3900 1052 3936 :
1091 3901 1111 3934 ι
1147 3881 1468 3946 Jerusalem,
1514 3880 1834 3946 Jerusalem,
1881 3897 2001 3952 quae
2051 3900 2142 3940 oc-

571 3981 706 4038 cidis
739 3977 1051 4050 prophetas,
1101 3985 1156 4031 et
1205 3975 1410 4043 lepidas
1461 3975 1655 4029 missos
1693 3973 1762 4027 ad
1803 3981 1891 4041 te;
1932 3976 2143 4044 quoties

569 4073 713 4128 volui
743 4067 1250 4143 congregare-ﬁlios
1285 4077 1426 4130 tuos,
1471 4065 1922 4135 quemadmodum
1953 4068 2148 4137 gallina

573 4174 864 4234 congregat
923 4163 1097 4232 pullos
1145 4175 1272 4216 suos
1343 4160 1443 4214 sub
1482 4158 1582 4217 alis
1608 4159 1740 4224 suis,
1768 4167 1822 4214 et
1859 4160 2146 4220 noluistis!

529 4238 532 4241 ’
571 4258 710 4313 Ecce
743 4257 1077 4322 relinquitur.
1125 4252 1277 4308 vobis
1318 4252 1512 4306 domus
1539 4257 1718 4306 vestra
1768 4252 1980 4307 deserta
2027 4255 2095 4310 ³¹.
2123 4273 2143 4309 ι

566 4349 713 4415 .Quin
757 4358 809 4402 et
863 4344 1108 4400 Jerentiae
1142 4357 1276 4399 voce
1321 4343 1515 4412 inquit,
1563 4360 1582 4394 ι
1622 4342 1891 4414 Dereliqui
1927 4345 2147 4402 domum

575 4453 770 4502 meam,
811 4435 988 4490 dimisi
1022 4435 1388 4489 hmreditatem
1419 4447 1592 4485 meam
1624 4433 1690 4484 ".
1717 4453 1736 4485 ι

2247 3617 2344 3670 Διά
2366 3615 2541 3678 τοῦτο,
2567 3615 2634 3668 δι’
2652 3617 2822 3688 ἡμᾶς,
2845 3615 2983 3668 Σιὼν
3018 3613 3094 3676 ὡς
3134 3612 3301 3685 ἀγρὸς
3329 3609 3818 3682 ἀροτριωθήσεται,

2248 3709 2340 3761 καὶ
2373 3706 2723 3780 Ἰερουσαλὴμ
2749 3705 2826 3770 ὡς
2862 3704 3306 3776 ὀπωροφυλάκιον
3335 3702 3514 3768 ἔσται,
3552 3701 3649 3755 καὶ
3693 3699 3816 3772 ὅρος

2245 3797 2339 3851 τοῦ
2372 3796 2544 3861 οἴκου,
2570 3797 2646 3862 ὡς
2682 3797 2841 3861 ἄλσος
2862 3796 3090 3872 δρυμοῦ.
3124 3815 3143 3850 ι
3179 3795 3241 3848 Ei
3269 3795 3342 3866 μὴ
3378 3794 3555 3857 τοίνυν
3587 3793 3814 3858 ἕλοισθε,

2247 3891 2399 3960 φησὶ,
2436 3888 2764 3961 πορεύεσθαι
2809 3889 2928 3959 μεθ’
2948 3888 3106 3960 ἡμῶν
3132 3886 3207 3958 τῷ
3231 3887 3370 3956 φωτὶ
3400 3886 3627 3957 Κυρίου,
3672 3884 3814 3938 τοῦτ’

2246 3980 2412 4047 ἔστιν,
2442 3983 2489 4035 εί
2526 3982 2899 4053 ἁπαράδεκτον
2951 3981 3190 4039 ποιεῖσθε
3234 3981 3294 4034 τὸ
3332 3981 3591 4052 κηρυγμα
3630 3978 3690 4033 τὸ
3734 3977 3818 4031 διὰ

2246 4073 2502 4144 Χριστοῦ,
2550 4074 2644 4126 καὶ
2685 4073 2774 4128 τὸν
2807 4074 2938 4144 παρ’
2965 4073 3130 4126 αὑτοῦ
3163 4072 3441 4144 φωτισμὸν
3488 4070 3818 4144 ἀποστρέφε-

2249 4165 2361 4227 σθε,
2388 4165 2567 4236 πάντη
2590 4181 2651 4218 τε
2674 4165 2770 4218 καί⁵
2789 4165 3007 4229 πάντως
3035 4166 3224 4236 ἀνήσει
3255 4164 3352 4220 καὶ
3383 4164 3544 4228 αὐτὸς
3571 4164 3662 4218 τὸν
3697 4164 3817 4216 ἐαυς

2244 4254 2337 4309 τοῦ
2364 4255 2521 4310 λαόν.
2553 4256 2660 4310 Καὶ
2697 4254 2856 4309 τοῦτό
2883 4257 3030 4309 ἐστιν
3057 4256 3306 4329 ἐναργῶς
3332 4258 3471 4327 ὅπερ
3517 4255 3623 4327 ἔφη
3681 4254 3816 4327 πρὸς

2243 4348 2439 4412 αὐτοὺς
2463 4349 2492 4402 6
2537 4347 2740 4418 Κύριος
2765 4346 2920 4419 ἡμῶν
2963 4347 3165 4420 Ἰησοῦς
3193 4351 3222 4402 6
3245 4347 3502 4419 Χριστός⁸
3543 4366 3562 4399 ι
3620 4347 3815 4418 Ἰερου-

2245 4437 2442 4510 σαλὴμ,
2481 4438 2864 4510 Ἰερουσαλὴμ,
2891 4439 2926 4510 ἡ
2957 4437 3335 4493 ἀποκτενοῦσα
3360 4439 3486 4503 τοὺς
3511 4439 3816 4507 προφήταςι

571 4536 665 4588 καὶ
701 4531 1050 4585 λιθοϐολοῦσα
1083 4530 1210 4591 τοὺς
1246 4524 1686 4594 ἀπεσταλμένους
1714 4527 1849 4598 πρὸς
1878 4529 2066 4602 αὐτὴν,
2109 4533 2338 4596 ποσάκις
2363 4532 2605 4603 ἠθέλησα
2648 4534 3069 4602 ἐπισυναγαγεῖν
3113 4532 3184 4587 τὰ
3204 4532 3370 4588 τέκνα
3398 4531 3588 4596 σου,ὃν
3619 4531 3816 4601 τρόπον

571 4632 716 4701 ϋρνις
739 4621 1060 4689 ἐπισυνάγει
1089 4618 1158 4672 τὰ
1187 4617 1375 4672 νοσσία
1396 4617 1563 4686 αὐτῆς
1585 4616 1688 4669 ὑπὸ
1705 4617 1800 4680 τὰς
1836 4618 2132 4689 πτέρυγας,
2163 4621 2257 4674 καὶ
2277 4622 2376 4675 οὐκ
2410 4621 2743 4694 ὴθελήσατεί
2791 4623 2920 4676 Ἰδοὺ
2945 4621 3161 4692 ἀφίεται
3191 4623 3317 4694 ὑμῖν
3342 4623 3370 4676 6
3398 4615 3545 4684 οἶκος
3577 4621 3751 4695 ὑμῶν.
3791 4641 3816 4688 ι⁴

576 4725 685 4781 Καὶ
717 4720 820 4791 μὴν
849 4717 941 4772 καὶ
961 4713 1048 4768 διὰ
1071 4713 1168 4783 τῆς
1204 4710 1464 4781 Ἰερεμίου
1490 4708 1692 4778 φωνῆς,
1729 4727 1747 4760 ι
1787 4709 2248 4777 Ἐγκαταλέλοιπα
2278 4713 2368 4768 τὸν
2393 4709 2540 4767 οἶκόν
2560 4730 2685 4784 μου,
2707 4713 2896 4784 ἀφῆκα
2914 4714 3014 4785 τὴν
3041 4714 3403 4786 κληρονομίαν
3430 4731 3552 4784 μου,
3574 4736 3593 4770 ι
3629 4722 3813 4791 φησίν.

646 4815 775 4870 llud.
811 4811 1072 4880 Quoniam
1108 4804 1305 4876 repleta
1339 4813 1494 4858 estut
1546 4802 1611 4856 ab
1669 4803 1818 4856 t'mtio
1852 4804 1990 4872 regio
2021 4803 2140 4858 illo-

2314 4805 2444 4860 ’Ότι
2483 4805 2832 4874 ἐνεπλήσθη
2859 4807 2938 4872 ὡς
2964 4805 3028 4859 τὸ
3055 4803 3333 4875 ἀπαρχῆς
3362 4808 3401 4880 ἡ
3424 4807 3587 4878 χώρα
3618 4811 3819 4867 αὐτῶν

573 4927 692 4965 rum
739 4906 996 4974 auguriis,
1029 4912 1083 4955 ut
1119 4912 1260 4955 terra
1287 4897 1728 4968 alienigenarum,
1762 4904 1810 4950 et
1833 4894 1933 4964 ﬁlii
1961 4897 2141 4952 alieni-

2249 4892 2686 4964 κληδονισμῶν,
2710 4895 2848 4964 ὠςή
2893 4895 3012 4950 τῶν
3047 4895 3437 4966 ἀλλοφύλων,
3486 4901 3584 4955 καί
3635 4901 3821 4958 τέκνα

570 4997 854 5073 gena-[acti
872 5005 992 5050 sunt
1017 4995 1149 5048 inter
1185 4993 1346 5060 ipsos.

2249 4985 2557 5055 ἀλλόφυλα
2584 4986 2967 5058 ἐγενήθησαν
2983 4986 3052 5041 ἐν
3077 4988 3300 5055 αὐτοῖς.

639 5090 742 5163 41
779 5085 1090 5158 Αροιοείιιιη
1133 5082 1536 5152 quodammodo
1579 5091 1634 5136 ct
1685 5095 1830 5137 nunc
1880 5081 2138 5152 propheta

2317 5076 2684 5146 Ἀπολογείται
2702 5078 2899 5151 τρόπον
2923 5078 3046 5133 τινὰ
3077 5080 3171 5133 καὶ
3192 5079 3287 5134 νῦν
3312 5082 3340 5134 ὁ
3368 5083 3650 5155 προφήτης
3675 5084 3818 5157 ὑπὲρ

570 5185 636 5239 de
665 5181 757 5238 Dei
789 5179 1008 5250 iudiciis
1062 5175 1318 5240 instituit,
1379 5187 1680 5243 causasque
1737 5173 1912 5230 reddit
1977 5188 2074 5229 cur
2105 5187 2136 5226 a

2249 5167 2339 5222 τῶν
2378 5168 2475 5223 τοῦ
2507 5170 2642 5224 Θεοῦ
2673 5171 2982 5242 κριμάτων,
3013 5172 3108 5226 καὶ
3152 5173 3442 5230 ἀποδίδωσι
3487 5176 3586 5240 τὰς
3633 5163 3818 5242 αίτίας

573 5275 680 5328 Deo
724 5271 914 5326 domus
956 5266 1152 5333 lsrael,
1212 5265 1327 5320 sive
1355 5265 1580 5334 populus
1631 5266 1803 5334 ipsius
1831 5265 1966 5321 adeo
1989 5265 2134 5334 juste

2249 5259 2330 5318 τοῦ
2359 5261 2451 5314 καὶ
2477 5263 2683 5334 σφόδρα
2702 5263 2924 5328 δικαίως
2943 5265 3181 5319 ἀνεῖσθαι
3215 5267 3364 5338 παρὰ
3391 5266 3525 5321 Θεοῦ
3545 5269 3635 5323 τὸν
3667 5265 3818 5325 οἷκον

571 5361 876 5416 deseratur:
899 5367 958 5413 et
981 5356 1296 5412 delictorum
1321 5353 1536 5410 lsraelis
1564 5363 1672 5409 tam
1697 5365 1940 5410 veterum
1968 5367 2130 5423 quam

2249 5351 2330 5410 τοῦ
2371 5353 2604 5426 Ἰσραὴλ,
2635 5356 2755 5427 ἦτοι
2801 5357 2892 5411 τὸν
2935 5357 3062 5412 λαὸν
3117 5357 3299 5414 αὐτοῦ.
3337 5339 3814 5431 Διαμέμνηταιδὲ,

573 5453 888 5515 recentium,
921 5459 979 5504 ιιι
1005 5449 1137 5512 dixi,
1183 5445 1449 5511 meminit,
1496 5460 1696 5514 eosque
1738 5445 1986 5499 inimicos
2035 5443 2130 5500 Dei

2249 5445 2314 5508 ὡς
2345 5444 2499 5517 ἔφην,
2531 5447 2772 5520 παλαιῶν
2808 5466 2865 5502 τε
2893 5451 2985 5504 καὶ
3023 5451 3158 5509 νέων
3193 5452 3680 5528 πλημμελημάτων
3717 5456 3815 5510 τοῦ

569 5558 690 5597 esse
716 5543 972 5606 ostendit,
1011 5549 1067 5596 et
1100 5538 1256 5595 valde
1281 5537 1523 5593 crudeles
1548 5547 1602 5591 et
1624 5535 1861 5593 immites
1903 5550 2043 5601 esse,
2078 5545 2133 5591 et

2253 5534 2483 5607 Ἰσραὴλ,
2517 5538 2833 5606 ἀφιλοθέους
2883 5541 3043 5607 ὖντας
3085 5543 3343 5615 ἐλέγχων,
3395 5546 3488 5599 καὶ
3519 5545 3655 5599 πολὺ
3695 5546 3817 5618 βλέο

565 5630 832 5688 etl’reuato
871 5629 1072 5698 impetu
1103 5630 1319 5685 tendere
1355 5629 1426 5684 ad
1469 5627 1649 5684 omnia
1697 5640 2032 5698 quacunque
2075 5626 2130 5681 in

2249 5643 2436 5694 ποντας
2482 5631 2563 5694 είς
2602 5630 2662 5683 τὸ
2688 5632 2923 5703 ἀπηνὲς,
2969 5635 3064 5688 καὶ
3108 5635 3374 5706 ἁχαλίνως
3427 5637 3606 5701 ίόντας
3674 5638 3820 5712 πρὸς

643 5783 690 5823 ⁸⁸
754 5779 906 5837 Joan.
941 5795 1038 5845 xu,
1073 5780 1164 5836 ‘55.
1238 5781 1597 5848 "Joan.vut,
1636 5780 1722 5837 12.
1750 5782 1842 5855 ,_’°
1868 5781 2024 5839 Mich.
2052 5796 2134 5849 ιιι,

2249 5782 2358 5839 J2.
2432 5785 2476 5818 ’ί
2510 5785 2698 5846 Matth.
2733 5803 2887 5855 χχιιι,
2915 5790 3006 5859 57,
3032 5790 3120 5847 58.
3198 5791 3242 5824 "
3273 5792 3479 5852 Jercm.
3508 5809 3612 5864 xu,
3643 5793 3697 5852 7.
