4132 6316
571 456 635 510 79
1587 443 1645 498 S.
1685 439 1963 498 CYRILLI
2003 437 2473 496 ALEXANDRINI
2511 437 2814 495 ARCHIEP
3746 432 3820 491 8t)

573 582 663 634 ac,
698 576 758 621 ut
781 579 939 621 sacra
970 563 1246 632 Scriptura
1275 560 1470 630 inquit,
1510 560 1707 632 Legem
1737 561 1805 616 ad
1833 558 2135 616 subsidium
2163 569 2205 624 Α

2186 563 2352 624 ιτοῖς
2409 557 2698 630 διαθήκην,
2752 557 2877 610 οὔτε
2933 557 3010 627 μὴ
3049 554 3288 624 ἐλεήσεις
3339 551 3560 616 αὐτοὺς,
3600 550 3715 606 οὐδ’
3757 553 3818 606 οὓ

569 659 737 715 dedit.
789 656 866 710 llli
908 669 1036 709 vero
1067 655 1483 724 prmceptionum
1518 656 1667 707 adeo
1695 649 2128 706 venerandarum

2236 653 2313 725 μὴ
2344 650 2763 724 γαμὸρεύσηται
2794 646 2934 719 πρὸς
2983 645 3209 709 αὐτούς·
3261 643 3359 715 τὴν
3399 642 3672 713 θυγατέρα
3725 661 3822 698 σου

571 765 700 804 cura
733 747 964 813 abiecta,
996 745 1401 799 inconsiderate
1428 742 1678 798 conversi
1702 750 1827 797 sunt
1847 741 1921 796 ad
1949 739 2130 795 omnia

2233 743 2296 797 οὐ
2321 742 2514 806 δώσεις
2541 740 2620 812 τῷ
2653 739 2754 810 υἱῷ
2785 736 2973 804 αὐτοῦ,
3011 736 3102 790 καὶ
3129 735 3229 804 τὴν
3254 731 3536 803 θυγατέρα
3561 729 3727 784 αὑτοῦ
3752 731 3824 785 οὐ

573 837 855 909 praeceptis
878 837 1182 891 contraria.
1217 834 1580 905 Applicabant
1625 832 1770 887 enim
1809 846 1879 887 se
1921 831 2132 887 divina-

2235 835 2378 906 λήψῃ
2413 833 2492 904 τῷ
2532 832 2633 904 υίῷ
2674 849 2766 885 σου
2788 847 2803 862 °
2859 827 3160 897 ἀποστήσει
3204 825 3312 897 γὰρ
3343 824 3436 877 τὸν
3464 821 3582 877 υἱόν
3601 838 3696 874 σου
3727 819 3825 876 ἀπ’

576 926 811 983 tionibus
833 935 886 980 et
915 924 1065 981 falsis
1094 924 1386 989 vaticiniis,
1417 931 1473 978 et
1499 921 1567 977 ab
1601 921 1686 977 his
1717 919 1810 991 qui
1839 918 1998 975 idolis
2037 919 2135 974 ad-

2239 925 2399 998 ἐμοῦ,
2425 924 2522 979 καὶ
2547 923 2832 994 λατρεύσει
2852 919 2994 983 θεοῖς
3027 917 3234 987 ἑτέροις
3253 931 3267 946 ο
3303 914 3398 968 καὶ
3434 910 3824 984 ὀργισθήσεται

572 1018 699 1073 dicti
723 1025 878 1072 erant
911 1031 977 1072 ac
1017 1016 1230 1081 devoti,
1278 1012 1580 1068 futurorum
1637 1011 1883 1067 notitiam
1921 1023 2134 1080 qurere-

2238 1016 2396 1089 θυμῷ
2429 1014 2632 1086 Κύριος
2665 1015 2746 1077 είς
2782 1013 2948 1082 ὑμᾶς,
2992 1009 3087 1063 καὶ
3122 1004 3490 1077 ἐξολοθρεύσει
3529 1019 3588 1056 σε
3627 1001 3690 1055 τὸ
3725 1002 3825 1057 τά·

576 1111 709 1166 bant
742 1127 755 1162 ι
790 1117 846 1162 et
894 1121 1027 1162 sane
1059 1105 1354 1174 prophetas
1402 1111 1623 1158 sanctos
1675 1099 2050 1171 increpabant,
2079 1112 2142 1153 ac

2240 1123 2355 1179 χος.
2393 1127 2412 1160 ι
2450 1106 2636 1160 Πάντα
2658 1103 2769 1175 γὰρ
2806 1101 3008 1172 τρόπον
3041 1097 3341 1168 ἀσφαλείας
3383 1096 3570 1158 αὐτοῖς
3611 1093 3826 1149 ἐπενόει

571 1198 825 1253 dicebant
870 1213 886 1250 :
936 1214 956 1248 ι
1000 1194 1122 1248 Alia
1153 1193 1340 1268 nobis
1396 1189 1680 1262 loquimini
1724 1199 1781 1246 et
1827 1189 2144 1244 annuntiate

2241 1198 2395 1262 Θεὸς,
2421 1196 2518 1252 καὶ
2549 1194 2694 1251 καθά
2721 1210 2856 1266 φησι
2894 1192 2957 1246 τὸ
2983 1189 3225 1263 Γράμμα
3255 1187 3315 1242 τὸ
3349 1187 3512 1258 ἱερὸν,
3533 1184 3714 1257 Νόμον
3743 1185 3829 1251 είς

574 1288 732 1344 nobis
791 1287 951 1342 alium
997 1297 1240 1340 errorem
1267 1283 1336 1338 ".
1367 1301 1387 1336 ι
1432 1280 1560 1337 Fuit
1598 1296 1813 1352 quoque
1857 1280 1962 1336 illis
2019 1295 2142 1336 cmn

2246 1289 2502 1362 βοήθειαν
2540 1287 2761 1342 ἔδωκεν.
2790 1286 2854 1339 Ol.
2883 1285 2940 1338 δὲ
2961 1283 3070 1337 τ’ῶν
3095 1281 3238 1335 οὓτω
3294 1277 3508 1333 σεπτῶν
3552 1276 3827 1347 ἐνταλμά-

577 1378 792 1432 [lliabus
827 1375 1131 1430 vicinarum
1177 1373 1417 1443 gentium
1468 1373 1878 1438 commercium,
1926 1369 2140 1426 etiamsi

2244 1398 2353 1437 των
2383 1378 2760 1451 ὴφειδηκότες,
2787 1375 3085 1448 ἐτράποντο
3113 1371 3434 1442 παραλόγως
3460 1369 3541 1434 είς
3584 1370 3692 1422 πᾶν
3717 1368 3831 1425 τῶν

579 1472 663 1524 lex
694 1471 795 1524 hoc
831 1466 1227 1529 interdixisset,
1247 1473 1455 1520 etcum
1485 1461 1802 1518 mulieribus
1835 1461 1990 1516 malis
2011 1475 2151 1530 quas

2247 1472 2650 1545 ἐντεταλμένων
2677 1471 2742 1525 τὸ
2770 1468 3032 1526 ἐναντίον.
3061 1465 3423 1539 Προσέκειντο
3446 1463 3556 1534 γὰρ
3581 1462 3829 1533 κληδονι-

585 1563 725 1616 Deus
756 1559 880 1613 odio
908 1557 1116 1622 habuit,
1145 1565 1350 1626 etquae
1379 1553 1726 1610 idololatricis
1767 1553 1962 1608 ritibus
1991 1553 2150 1608 imm-

2251 1569 2430 1639 σμοῖς,
2461 1557 3155 1635 καὶςψευδομαντείαιςμαὶ
3188 1555 3341 1627 παρά
3383 1556 3498 1618 τοῖς
3526 1554 3634 1608 τῶν
3672 1553 3830 1608 εἰδώ-

600 1653 741 1706 trita:
770 1656 945 1714 erant,
976 1657 1172 1720 praeter
1201 1647 1374 1718 legem
1418 1644 1820 1709 collabitarunt,
1855 1642 2146 1699 liberorum

2247 1658 2358 1713 λων
2391 1654 2805 1732 προσιζηκότων
2841 1651 3029 1723 ζητεῖν
3053 1645 3514 1712 ἐσπούδαζον-τῶν
3550 1644 3833 1732 ἐσομένωλ

585 1743 888 1797 alienorum
928 1740 1257 1795 exstiterunt
1290 1746 1491 1809 patres,
1515 1735 1607 1806 qui
1653 1745 1886 1790 matrum
1933 1748 2150 1805 quoque

2247 1747 2352 1820 τὴν
2392 1730 2616 1816 γνῶσιν,
2664 1741 2845 1797 καίτοι
2890 1737 3201 1811 προφήταις
3243 1732 3424 1803 νάγίοις
3471 1730 3834 1801 ἐπιτιμῶντός

585 1849 736 1890 more
765 1833 1118 1902 institutoque
1138 1829 1377 1896 educati,
1408 1826 1932 1900 lcgemMosaicam,
1964 1837 2023 1881 ut
2071 1827 2148 1881 ita

2249 1854 2314 1891 τε
2347 1834 2712 1904 καὶλέγοντες
2735 1847 2750 1863 ο
2782 1849 2808 1884 ί
2844 1828 3013 1885 1Ἀδιλλα
3033 1828 3165 1898 ἡμῖν
3180 1824 3422 1889 λαλεῖτε,
3444 1821 3540 1877 καὶ
3559 1820 3835 1890 ἀναγγέλ-

581 1927 776 1991 dicam,
803 1939 871 1980 ne
897 1924 1040 1980 scire
1075 1921 1309 1992 .quidem
1351 1920 1528 1975 videri
1589 1918 1896 1974 voluerunt.
1965 1915 2151 1986 Itaque
2183 1948 2213 2005 Ε

2205 1950 2224 2005 3
2251 1927 2377 1982 λετε
2409 1928 2544 1998 ἡμῖν
2574 1925 2770 1995 ἑτέραν
2803 1920 3091 1991 πλάνησιν.
3147 1935 3167 1970 ο
3220 1916 3466 1987 Συνῆσαν
3486 1913 3555 1967 -δὲ
3595 1914 3692 1968 καὶ
3710 1913 3837 1977 ταῖς

584 2015 798 2084 impleta
825 2022 931 2080 est,
963 2012 1160 2082 inquit,
1193 2020 1252 2064 ut
1289 2009 1357 2065 ab
1389 2009 1570 2072 initio,
1597 2007 1749 2078 regio
1791 2021 1978 2062 eorum
2013 2004 2150 2061 divi-
2184 2003 2213 2005 ⁷

2204 2003 2213 2005 ν
2249 2019 2359 2076 τῶν
2385 2018 2600 2092 ὁμόρων
2622 2013 2791 2071 ἐθνῶν
2817 2011 3176 2085 θυγατράσιν,
3215 2007 3576 2080 ἀπειρηκότος
3612 2003 3707 2060 τοῦ
3745 2003 3836 2060 νό-

585 2104 898 2160 uationibus
925 2112 984 2158 ut
1023 2113 1167 2158 terra
1203 2100 1654 2172 alienigenarum,
1685 2108 1741 2155 et
1773 2098 1868 2154 lilii
1895 2096 2150 2168 alienige-

2254 2129 2358 2184 μου
2387 2110 2450 2164 τὸ
2492 2109 2698 2181 χρῆμα.
2725 2104 2934 2160 Γύναιά
2963 2120 3024 2158 τε
3067 2099 3282 2173 πονηρά
3320 2100 3416 2153 καὶ
3460 2096 3709 2168 θεομισῆ,
3742 2093 3839 2150 καὶ

586 2210 668 2248 na:
699 2191 813 2248 nati
861 2199 989 2247 sunt
1027 2189 1155 2245 illis.
1198 2188 1328 2244 Erat
1364 2196 1542 2244 autem
1596 2186 2044 2244 absurdissimum
2099 2193 2155 2240 ct

2250 2206 2365 2266 τοῖς
2393 2203 2492 2274 τῆς
2514 2197 2961 2270 εἰδωλολατρείας
2995 2194 3174 2249 ἔθεσιν
3221 2190 3632 2264 ἑντεθραμμένα
3655 2205 3826 2259 παρα-

586 2284 978 2354 turpissimum,
993 2281 1102 2354 5.3
1123 2296 1189 2338 ex
1212 2281 1528 2352 alienigenis
1544 2280 1802 2337 uxoribus
1820 2289 1971 2336 natos
1991 2277 2150 2344 ﬁlios,

2251 2293 2436 2365 νόμως
2478 2291 2932 2362 εἰσοικισάμενοι,
2979 2283 3186 2340 παίδων
3237 2282 3533 2354 ἀλλοτρίων
3577 2279 3837 2350 γεγόνασι

591 2377 682 2446 qui
732 2386 974 2431 sanctam
1025 2375 1300 2431 civitatem
1357 2373 1751 2439 inhabitarant,
1800 2372 1854 2428 in
1913 2370 2152 2444 gentium

2255 2384 2515 2456 πατέρες,
2577 2383 2626 2437 οἳ
2689 2382 2784 2435 καὶ
2830 2378 3192 2451 ἀνετρέφοντο
3249 2376 3362 2439 τοῖς
3421 2371 3531 2428 τῶν
3585 2371 3842 2445 μητέρων

585 2468 824 2524 moribus
854 2467 1080 2524 .versari
1105 2481 1178 2522 ac
1231 2469 1414 2524 vivere
1463 2475 1622 2522 extra
1666 2463 1861 2534 legem.
1908 2462 1977 2520 Et
2029 2476 2152 2519 cum

2252 2475 2423 2544 ἔθεσι,
2452 2474 2544 2530 τὸν
2570 2473 2660 2528 διὰ
2689 2472 2938 2535 Μωσέως
2977 2470 3162 2540 νόμον,
3195 2466 3303 2523 οὐδ’
3332 2467 3456 2521 ὅσον
3482 2465 3678 2530 εἰπεῖν,
3702 2463 3841 2517 είδέ-

587 2554 962 2625 Deusjuberct
1005 2569 1228 2610 onmem
1269 2554 1571 2610 masculum
1621 2562 1746 2610 octo
1779 2553 1989 2608 diermn
2039 2553 2152 2606 cir-

2254 2584 2343 2622 ναι
2366 2562 2848 2639 προσποιούμενοι.
2873 2560 3058 2633 Ταύτῃ
3084 2559 3170 2613 τοί
3195 2574 3384 2630 φησιν,
3416 2557 3498 2611 ὅτι
3531 2553 3841 2626 ἐνεπλήσθη

585 2645 1019 2709 cumcidentlum,
1036 2651 1288 2712 etaperto
1305 2642 1508 2698 diceret
1528 2657 1585 2696 ιε
1597 2640 1793 2697 Tribus
1806 2638 1885 2713 [et
1899 2636 2152 2712 quatuor]

2252 2655 2331 2720 ὡς
2352 2636 2692 2726 τδάπαρχῆς
2715 2654 2749 2723 ή
2784 2651 2938 2724 χώρα
2971 2649 3151 2705 αὐτῶν
3179 2645 3552 2718 κληδονισμῶν
3575 2643 3702 2698 ὡσεὶ
3731 2642 3843 2696 τῶν

595 2736 926 2806 temporibus
956 2735 1085 2789 anni
1118 2733 1402 2804 apparebit
1435 2733 1935 2790 omnemasculum
1972 2746 2154 2788 coram

2254 2744 2592 2814 ἀλλοφύλων,
2614 2743 2708 2796 καὶ
2733 2742 2897 2797 τέκνα
2914 2739 3199 2811 ,ἀλλόφυλα
3211 2737 3605 2810 ἐγείν]ήθησαν
3631 2736 3838 2800 αὐτοῖς.

589 2841 677 2881 me
697 2826 790 2893 "‘;
834 2824 1170 2880 rill'rtamen
1199 2824 1334 2880 istuc
1353 2839 1463 2881 non
1488 2823 1782 2891 faciebant,
1813 2825 1908 2880 sed
1941 2839 2035 2881 eos
2063 2825 2154 2896 qui

2254 2829 2366 2889 Ἦν
2395 2833 2452 2888 δὲ
2483 2831 2687 2904 σφόδρα
2711 2831 2820 2886 τῶν
2844 2832 3080 2898 ἀτόπων,
3106 2831 3203 2885 καὶ
3232 2831 3569 2900 πάναισχρον
3599 2825 3843 2897 ἀληθῶς,

595 2919 708 2975 nati
736 2928 863 2975 sunt
892 2917 1194 2974 efferebant
1223 2916 1578 2986 daemonibus,
1625 2929 1680 2974 et
1711 2918 1946 2976 infamis
1975 2918 2159 2976 .idolo-

2254 2925 2356 2998 τὴν
2387 2924 2549 2994 ἁγίαν
2598 2923 2752 2976 πόλιν
2799 2923 3213 2992 κατῳκηκότας,
3259 2922 3385 2984 τοὺς
3431 2920 3492 2986 ἐξ
3524 2917 3844 2989 ἀλλοφύλων

591 3027 711 3066 rum
744 3012 957 3067 illorum
986 3027 1151 3068 causa
1165 3011 1584 3068 sacriﬁcabant.
1602 3012 1786 3068 .Yides»
1809 3026 1903 3069 eos
1935 3012 2157 3069 omnino

2257 3015 2536 3088 γυναικῶν
2558 3013 2848 3084 γεγονότας
2882 3014 3065 3075 αὐτοῖς
3109 3013 3266 3078 υἱεῖς,
3295 3013 3472 3066 ἔθεσιν
3510 3010 3847 3082 Ἑλληνικοῖς

591 3103 759 3174 legem
791 3104 1162 3167 conculcasse.
1193 3113 1264 3163 At
1289 3109 1378 3179 qui
1407 3115 1824 3164 consentaneum
1856 3114 1995 3177 erat,
2037 3121 2156 3170 eos,

2259 3106 2637 3162 πολιτεύεσθαι
2690 3105 2787 3160 καὶ
2846 3105 2947 3176 ζῇν
3001 3103 3107 3171 ἔξω
3159 3102 3348 3175 νόμου.
3403 3103 3515 3156 Καὶ
3564 3100 3661 3157 τοῦ
3706 3098 3845 3155 Θεοῦ

588 3197 680 3272 qui
708 3219 773 3257 eo
803 3204 1097 3273 Impietatis
1123 3209 1598 3275 pervenerant,.ut
1630 3215 1698 3256 ne
1723 3197 2156 3268 .Redetnptoretn

2260 3201 2690 3273 προστάττοντος
2723 3199 2831 3252 πᾶν
2868 3197 3080 3252 παιδίον
3103 3196 3270 3268 ἄρσεν
3299 3196 3642 3267 όκταήμερον
3685 3211 3847 3267 περι-

591 3295 806 3363 quidem
853 3308 1188 3365 cognoscere
1226 3294 1451 3360 vellent,
1502 3290 1883 3362 ipsiuspopuli
1938 3291 2157 3346 nomine
2185 3317 2223 3376 ρ

2216 3319 2229 3374 ;
2261 3291 2576 3364 τέμνεσθαι,
2615 3290 2866 3360 λέγοντός
2907 3307 2968 3345 τε
2993 3289 3217 3359 σαφῶςο
3239 3305 3270 3342 -ε
3301 3289 3464 3358 Τρεῖς
3492 3288 3719 3360 καιροὺς
3752 3286 3848 3342 τοῦ

591 3385 804 3440 censeri
826 3386 850 3439 ‘l
875 3378 1132 3442 Sanctum
1168 3396 1254 3442 est
1301 3387 1468 3457 igitur
1503 3385 1556 3440 in
1595 3398 1689 3439 eos
1720 3385 1826 3439 hoc
1869 3382 2154 3453 judicium,

2262 3383 2511 3438 ἐνιαυτοῦ
2533 3380 2832 3456 ὀφθήσεται
2853 3382 2962 3439 πᾶν
2983 3380 3273 3457 ἀρσενικόν
3299 3396 3391 3435 σου
3415 3377 3644 3435 ἐνώπιόν
3669 3395 3799 3452 μου⁹
3820 3398 3844 3434 ο

593 3487 648 3532 et
676 3477 974 3534 aversionis
996 3494 1100 3534 non
1122 3478 1338 3534 inﬁrma
1361 3477 1516 3556 ratio.
1549 3473 1712 3556 «Non
1733 3477 1876 3532 enim
1903 3490 2160 3548 persona-

2264 3478 2316 3530 οἱ
2347 3475 2404 3530 δέ
2430 3474 2590 3531 τοῦτο
2619 3476 2719 3548 μὲν
2751 3477 2852 3530 οὐκ
2880 3476 3070 3548 ἔδρων,
3101 3472 3500 3545 ἀπεκομίζοντο
3526 3472 3583 3527 δὲ
3599 3475 3708 3536 τοῖς
3730 3471 3851 3528 δαίς

596 3585 711 3623 rum
745 3579 1053 3643 acceptator
1080 3580 1163 3628 est
1189 3571 1565 3628 universorum
1587 3568 1754 3640 judex
1773 3567 1840 3623 θ’.
1880 3587 1899 3621 ι

2271 3585 2401 3639 μοσι
2427 3567 2495 3622 τὰ
2526 3566 2863 3640 γεννώμενα,
2893 3569 2990 3622 καὶ
3022 3569 3082 3622 ἐν
3103 3569 3218 3630 τοῖς
3259 3568 3369 3620 τῶν
3402 3567 3635 3623 εἰδώλων
3683 3569 3851 3640 τεμέ-

593 3677 706 3715 νεσι
731 3659 828 3726 τὰς
853 3659 938 3716 ἐπ’
973 3659 1157 3722 αὐτοῖς
1187 3658 1399 3717 ἐτέλουν
1437 3658 1649 3723 θυσίας.
1695 3659 1856 3730 Ὁρᾷς
1915 3657 2162 3729 πανταχῆ
2209 3658 2596 3730 πεπατηκότας
2627 3660 2720 3714 τὸν
2776 3659 2958 3730 νόμον.
2995 3656 3131 3714 Εἶτα
3160 3658 3277 3724 πῶς
3311 3652 3382 3731 ἦν
3410 3658 3700 3714 ἀκόλουθον
3721 3660 3855 3725 τοὺς

593 3759 674 3824 εἰς
702 3754 858 3811 τοῦτο
882 3754 1065 3809 λοιπὸν
1092 3755 1323 3826 ἥκοντας
1361 3755 1637 3821 ἀσεϐείας,
1676 3754 1751 3824 ὡς
1800 3756 1938 3828 μήτε
1972 3755 2168 3810 είδέναι
2204 3756 2492 3828 βούλεσθαι
2555 3759 2648 3811 τὸν
2714 3757 3020 3828 λυτρωτὴν,
3065 3755 3228 3810 αὑτοῦ
3272 3756 3401 3811 λαὸν
3448 3755 3854 3828 όνομάξεσθαις

596 3847 804 3901 οὐκοῦν
857 3845 978 3902 ὁσία
1026 3845 1203 3917 ψῆφος
1243 3848 1276 3917 ἡ
1322 3845 1410 3901 ἐπ’
1449 3847 1652 3914 αὐτοῖς,
1701 3846 1797 3906 καὶ
1860 3847 1960 3921 τῆς
2007 3848 2356 3922 ἀποστροφῆς
2400 3851 2503 3904 οὐκ
2547 3849 2778 3921 ἀγεννὴς
2833 3850 2867 3920 ή
2911 3849 3202 3920 πρότασις.
3251 3869 3270 3904 t
3321 3850 3853 3922 ’Δπροσωπόληπτος

596 3943 701 4015 γὰρ
722 3941 750 3994 ὁ
773 3940 881 3995 τῶν
905 3940 1042 3996 ὅλων
1071 3941 1284 4014 κριτής.
1333 3959 1352 3994 ι

674 4035 836 4090 Vens.
863 4026 926 4100 7,’
946 4031 1354 4104 8.1myleta-eu
1388 4034 1525 4090 enim
1561 4035 1703 4105 regio
1742 4050 1920 4090 earum
1947 4047 2167 4107 argento

2353 4035 2728 4104 Ἐνεπλήσθη
2764 4033 2874 4104 γὰρ
2917 4034 2957 4103 ἠ
3000 4032 3160 4103 χώρα
3184 4031 3394 4088 ιαὺτῶν
3425 4033 3708 4104 ἀργιιοίου
3755 4033 3854 4090 καὶ

596 4139 642 4178 et
671 4142 825 4190 auro,
865 4141 955 4181 nec
981 4135 1375 4180 eratnuptam:
1407 4128 1773 4181 thesaurorum
1810 4128 2078 4198 ipsorum;
2119 4138 2168 4182 et

2271 4125 2528 4197 χρυσοῦ,
2569 4126 2670 4180 καί
2697 4127 2808 4181 οὐκ
2829 4121 2922 4196 ,ἦν
2945 4123 3206 4194 ἀριθμὸς
3242 4122 3362 4178 τῶν
3387 4123 3708 4194 θησαιφῶν
3742 4129 3849 4179 αὑ-

600 4214 792 4281 repletn
823 4223 899 4268 est
927 4225 1066 4268 terra
1089 4213 1258 4285 equis,
1289 4225 1337 4271 et
1379 4231 1482 4271 non
1499 4225 1611 4272 erat
1657 4232 1904 4274 numerus
1945 4217 2170 4289 quadri-

2270 4217 2392 4272 τῶν
2412 4233 2426 4247 ·
2463 4217 2559 4270 καὶ
2615 4214 2964 4284 ἐνεπλήσθη
2999 4215 3045 4282 si
3097 4213 3174 4286 γῆ
3226 4215 3444 4284 ἵππων,
3495 4215 3598 4269 καί
3625 4216 3735 4270 οὐκ
3775 4211 3856 4287 ἦν

603 4324 667 4371 yu
676 4320 734 4356 ru
743 4321 791 4356 nt
818 4304 1070 4371 ipsorum.

2271 4310 2520 4381 ἀριθμὸς
2546 4307 2665 4364 τῶν
2699 4308 2974 4379 ἁρμάτων
2997 4304 3215 4362 αὐτῶν.

684 4392 799 4446 Duo
828 4393 1024 4448 iterum
1053 4395 1179 4449 vitia
1208 4395 1642 4454 ftedissimaillis
1671 4400 1848 4456 inesse
1867 4401 1963 4468 ait,
1993 4400 2171 4456 avari-
2205 4451 2248 4478 η

2224 4451 2248 4478 λ
2344 4403 2450 4457 Δύο
2505 4403 2569 4474 δὴ
2624 4402 2789 4458 πάλιν
2837 4405 3022 4468 αὐτοῖς
3073 4404 3140 4460 τὰ
3199 4405 3418 4460 πάντων
3461 4406 3694 4478 μάλιστα
3746 4405 3856 4460 τῶν

603 4487 729 4539 tiam
746 4495 798 4538 et
818 4485 1148 4555 superbiam.
1171 4486 1471 4542 Avaritiam
1489 4491 1728 4545 omnium
1748 4493 2010 4546 malorum
2031 4492 2174 4546 radi-
2203 4485 2235 4506 ⁸

2225 4485 2248 4506 ’
2276 4496 2461 4550 κακῶν
2489 4495 2736 4566 αἰσχίονα
2769 4495 3049 4568 προσεῖναί
3078 4512 3231 4565 φησι,
3255 4496 3614 4569 φιλαργυρίαν
3641 4514 3701 4550 τε
3720 4498 3857 4568 όμοῡ

603 4591 718 4631 rem
736 4590 856 4630 esse
877 4576 1306 4645 sapientissimus
1332 4575 1531 4634 Paulus
1547 4586 1778 4634 testatur
1807 4581 2168 4652 perspicue".

2277 4587 2373 4640 καὶ
2399 4588 2722 4658 ὑπεροψίαν,
2757 4590 2870 4643 Καὶ
2905 4589 3030 4660 ῥίζα
3078 4590 3176 4660 μὲν
3211 4591 3295 4643 ὅτι
3340 4593 3558 4644 πάντων
3591 4591 3707 4644 ἐστὶ
3749 4590 3858 4643 τῶν

603 4668 980 4738 Arrogantiam
995 4676 1172 4722 autem
1192 4682 1301 4722 rem
1321 4667 1428 4723 Deo
1442 4667 1685 4724 odiosam
1700 4681 1754 4725 et
1784 4671 2035 4728 infestam
2057 4689 2179 4730 esse

2278 4675 2464 4729 κακῶν
2493 4678 2528 4746 ἠ
2577 4676 2933 4748 φιλαργυρία,
2984 4677 3406 4750 μεμαρτύρηκεν
3433 4679 3682 4751 ἐναργῶς
3708 4679 3736 4733 ό
3768 4697 3858 4733 σο-

604 4767 816 4813 constat
837 4757 1104 4812 omnibus.
1149 4757 1418 4827 Scriptum
1443 4769 1524 4814 est
1543 4759 1688 4814 enim
1718 4778 1733 4816 :
1763 4779 1783 4813 ι
1810 4763 2068 4820 Dominus
2087 4781 2180 4821 su-

2280 4765 2526 4837 φώτατος
2539 4767 2770 4832 Παῦλος.
2789 4767 3032 4840 Ἀπηχθη
3039 4769 3201 4840 μένον
3211 4770 3362 4833 sese.
3376 4770 3474 4841 τῆς
3491 4769 3766 4843 ἀλαζον[ε]
3775 4772 3859 4836 ίας

607 4851 788 4922 perbis
808 4849 1031 4914 resistit,
1050 4850 1342 4906 humilibus
1361 4866 1488 4907 vero
1511 4853 1605 4908 dat
1623 4853 1852 4922 gratiam
1868 4854 1937 4908 ³⁸.
1964 4873 1983 4907 ι
2014 4853 2126 4910 lmo
2147 4873 2177 4910 a

2279 4862 2341 4913 τδ
2369 4858 2558 4929 χρῆμα
2595 4860 2747 4930 παρά
2792 4860 2932 4931 Θεῷ,
2975 4861 3138 4916 παντί
3183 4879 3266 4932 τῳ
3313 4862 3502 4931 σαφές.
3542 4863 3862 4933 Γέγραπται

610 4955 715 5010 quo
759 4943 972 4996 tandem
1009 4943 1262 5010 nequitia:
1310 4958 1509 5012 genere
1555 4957 1673 5012 eos,
1719 4945 1811 5014 qui
1863 4944 2171 5002 divitiarum

2278 4949 2410 5020 γὰρ,
2437 4950 2519 5004 ὃτι
2547 4968 2565 5001 ι
2599 4950 2802 5021 Κύριος
2837 4952 3206 5024 ὑπερηφάνοις
3237 4954 3637 5018 ἀντιτάσσεται,
3666 4971 3860 5008 ταπει-
3887 4976 3893 5016 .'

608 5031 782 5083 studio
829 5041 1098 5097 tenentur,
1154 5034 1343 5089 abesse
1396 5035 1617 5091 videas?
1668 5035 1976 5094 Corradunt
2029 5037 2174 5096 enim

2282 5043 2393 5105 νοῖς
2419 5041 2476 5094 δὲ
2504 5042 2686 5096 δίδωσι
2708 5043 2886 5114 χάριν.
2914 5063 2932 5096 ι
2960 5045 3294 5116 Φαυλότητος
3310 5047 3432 5102 τίνα
3457 5047 3656 5116 τρόπον
3670 5046 3773 5101 οὐκ
3797 5048 3864 5102 ἄν

609 5123 911 5191 lmjusmodi
947 5123 1194 5182 homines
1240 5136 1534 5194 quaestum,
1569 5139 1964 5199 corrogantque
2014 5145 2181 5201 pecu-

2284 5147 2368 5192 τις
2390 5132 2578 5185 ἐνόντα
2627 5132 2815 5202 βλέποι
2848 5135 3002 5206 παρά
3028 5153 3092 5204 γε
3134 5139 3248 5200 τοῖς
3274 5136 3520 5190 ἐθέλουσι
3567 5136 3862 5204 πλουτεῖν;

608 5213 744 5279 nias,
788 5227 850 5267 ex
868 5211 1050 5269 usuris
1072 5212 1441 5281 etfeuoribus,
1493 5233 1559 5271 ex
1609 5219 2000 5288 cupiditateet
2043 5219 2181 5289 inju-

2289 5222 2528 5276 ποιοῖντο
2559 5223 2668 5295 γὰρ
2711 5223 2762 5275 oi
2808 5225 3002 5278 τοιοίδε
3028 5225 3128 5296 τὴν
3176 5225 3286 5279 τῶν
3331 5225 3630 5298 χρημάτων
3663 5241 3863 5295 συγκο-

608 5306 775 5368 stitia,
806 5321 870 5359 ex
903 5306 1087 5374 rapina
1114 5316 1170 5359 et
1213 5307 1505 5364 calumnia.
1544 5308 1710 5364 Adest
1751 5323 1807 5366 et
1849 5313 2051 5367 divitiis
2097 5314 2182 5367 in-

2292 5311 2449 5382 μιδὴν
2491 5312 2555 5370 ἔκ
2600 5331 2662 5367 τε
2706 5315 2880 5369 τόκων
2912 5317 3004 5369 καὶ
3043 5317 3419 5388 πλεονασμῶν,
3447 5319 3511 5370 ἐκ
3553 5317 3865 5384 πλεονεξίας

613 5394 861 5461 solentia,
901 5404 955 5452 et
1003 5396 1070 5450 ad
1101 5408 1396 5464 proventus
1452 5397 1782 5455 nefariarum
1831 5411 1888 5456 et
1937 5417 2186 5458 exsecra-

2288 5405 2381 5458 καὶ
2411 5404 2645 5472 ἀδικίας,
2673 5405 2734 5471 ἐξ
2774 5408 3029 5478 ἁρπαγῆς
3066 5409 3159 5462 καὶ
3183 5411 3566 5478 συκοφαντίας.
3594 5411 3867 5480 Πρόσεστι

613 5487 945 5541 tiSsituarum
967 5487 1307 5559 .voluptaluut
1339 5505 1535 5561 magna
1569 5491 1902 5561 proclivitas.
1930 5490 2065 5548 Nam
2091 5495 2180 5549 ubi

2283 5497 2342 5550 δὲ
2366 5497 2443 5569 τῷ
2471 5497 2686 5570 πλούτῳ
2717 5502 2811 5554 καὶ
2839 5500 2901 5554 τὸ
2941 5501 3240 5572 ἀγέρωχον,
3277 5503 3372 5555 καὶ
3396 5503 3457 5556 τὸ
3496 5502 3617 5554 λίαν
3643 5502 3863 5572 ἕτοιμον

612 5577 838 5642 delicim,
873 5579 984 5634 illic
1027 5582 1250 5637 omnino
1281 5583 1704 5640 comessationes
1751 5594 1900 5650 sunt,
1947 5585 2180 5641 ebrieta—

2283 5591 2364 5654 εἰς
2395 5593 2678 5662 ἀποφορὰν
2711 5594 2820 5648 τῶν
2850 5595 3095 5650 ἐκτόπων
3127 5595 3219 5649 καὶ
3268 5594 3685 5666 βδελυρωτάτων
3724 5594 3853 5665 ἡδοο

615 5678 720 5732 tes,
754 5667 954 5735 lustra,
991 5671 1264 5741 libidines,
1315 5689 1584 5744 otulieque
1611 5691 1780 5746 genus
1811 5677 2176 5746 intemperan-

2281 5680 2409 5737 νῶν.
2438 5683 2613 5738 Ὅπου
2641 5685 2750 5757 γᾲρ
2775 5685 2836 5741 τὸ
2861 5691 3094 5761 τρυφᾷν,
3122 5689 3239 5743 ἐκεῖ
3290 5705 3392 5741 που
3421 5687 3639 5750 πάντως
3675 5685 3857 5755 κῶμοι

681 5787 727 5816 η
759 5786 862 5841 Isa.
899 5798 1026 5866 xlix,
1060 5785 1147 5840 l0.
1223 5786 1289 5820 "'
1329 5786 1501 5846 Exod.
1537 5803 1695 5856 mu,
1732 5787 1820 5859 17,
1859 5803 2050 5860 xxxrv,
2091 5790 2202 5860 25;

617 5857 661 5890 θ’
687 5853 802 5914 Jac.
827 5869 897 5920 tv,
923 5855 973 5907 ὑ.

2256 5792 2414 5853 Deut.
2445 5811 2557 5858 ινι.
2593 5795 2679 5854 16.
2757 5798 2801 5833 ’⁷
2827 5798 2988 5858 llom.
3021 5815 3082 5868 ll,
3121 5802 3210 5860 Η.
3286 5802 3335 5841 ⁸⁸
3361 5801 3638 5862 lTimoth.
3676 5801 3870 5867 v3.10.
