4134 6304
353 397 426 458 53
1510 380 1576 439 ια
1598 356 1847 440 issisti
1889 380 1930 438 L

2055 381 2093 436 Ι.
2134 374 2342 438 ORAT.
2378 379 2440 438 11.
3528 379 3596 434 ει

359 506 718 582 κρύπτεσθαι,
770 509 862 563 καὶ
903 507 1103 571 τόπους
1169 502 1402 565 ἀύάτους
1469 498 1926 570 καταλαμϐάνειν,

2035 497 2413 565 propulsandis
2432 495 2516 552 his
2537 494 2628 566 qui
2647 493 2997 565 irruptiouem
3018 491 3256 549 leuant
3277 505 3374 562 par
3394 506 3498 549 non
3517 509 3598 550 es-

364 603 581 672 ἁπάσης
610 601 786 655 αὐτῶν
811 599 1101 668 ἁτονούσης
1133 596 1315 667 χειρὸς
1344 593 1479 665 πρὸς
1502 595 1599 663 τὴν
1617 590 1728 645 τῶν
1750 590 1928 643 ἐπιόν-

360 709 469 746 των
493 693 818 746 ἀντίστασιν.
856 689 1067 744 Οὐκοῦν
1098 688 1174 750 ὡς
1215 687 1338 738 ὅσον
1380 683 1591 737 οὐδέπω
1619 679 1929 752 παρεσομὲ-

362 799 468 835 νων
496 781 703 844 δεινῶν,
756 779 954 849 μᾶλλον
997 777 1053 830 δὲ
1087 777 1189 847 ήδη
1221 772 1399 844 θυρῶν
1432 788 1492 825 τε
1536 771 1666 824 εῐσω
1703 784 1931 838 γεγενη-

359 872 557 941 μένων,
589 871 684 924 καὶ
709 871 795 922 ἐπ’
819 869 986 938 αὐτῆς
1024 867 1193 920 ὀντων
1229 864 1329 934 τῆς
1359 861 1562 933 χώρας,
1593 856 1930 930 κρύπτεσθαι

360 959 592 1022 κελεύει,
621 961 718 1014 καὶ
747 957 1027 1029 μονονουχὶ
1073 951 1507 1025 κατορύττεσθαι»
1528 953 1595 1020 τῇ
1624 951 1705 1019 τῇ
1726 947 1933 1012 ζῶντας

352 1050 463 1114 ἔτι,
490 1049 598 1104 ἀπὸ
626 1048 718 1102 τοῦ
748 1047 914 1118 φύσου
935 1045 1157 1117 Κυρίου,
1179 1043 1272 1097 καὶ
1296 1042 1404 1097 ἀπὸ
1428 1041 1528 1110 τῆς
1556 1038 1717 1108 δόξης
1755 1037 1934 1108 ἰσχύος

359 1142 545 1205 αὐτοῦ,
596 1142 726 1197 ἃταν
778 1141 983 1210 ἀναστῇ
1035 1137 1268 1208 θραῦσαι
1318 1134 1419 1205 τὴν
1449 1133 1579 1202 γῆν,
1625 1131 1769 1185 τοῦτ’
1798 1130 1930 1198 ἐστι,

360 1229 649 1301 συντρίψαι
672 1228 774 1299 τὴν
802 1228 925 1298 γῆν.
971 1227 1089 1282 ὀτι
1115 1226 1174 1279 δὲ
1199 1223 1404 1296 ὑψηλαὶ
1447 1223 1542 1275 καὶ
1568 1220 1707 1287 ὑπὲρ
1733 1219 1934 1282 πάντας

360 1321 680 1394 ἀνθρώπους
702 1322 758 1374 αἱ
791 1319 929 1374 θεῖαι
949 1318 1134 1389 βουλαί
1158 1334 1220 1370 τε
1245 1318 1339 1370 καὶ
1369 1314 1615 1384 σκέψεις,
1632 1314 1731 1368 οὐκ
1757 1315 1822 1368 ἄν
1852 1327 1933 1376 τις

361 1415 554 1476 αὑταῖς
598 1413 1028 1483 ἀντιμαχήσεται
1054 1409 1162 1463 τῶν
1191 1409 1286 1461 ἐπὶ
1312 1410 1410 1480 τῆς
1452 1407 1573 1477 τῆς,
1604 1405 1770 1474 σαφὲς
1794 1404 1932 1459 καθ’

368 1506 547 1574 ίστησι
594 1505 791 1572 λέγων’
833 1520 853 1554 ι
891 1502 955 1556 Oi
993 1500 1101 1571 γὰρ
1132 1499 1391 1570 ὀφθαλμοὶ
1423 1498 1624 1569 Κυρίου
1659 1497 1873 1569 ὑψηλοί.
1908 1515 1926 1548 ι

381 1595 722 1665 Ὀφθαλμοὺς
755 1594 860 1662 γὰρ
892 1591 1094 1663 Κυρίου
1120 1592 1177 1645 ὲν
1206 1592 1408 1653 τούτοις
1440 1592 1625 1660 φησὶν,
1653 1590 1750 1653 τὰς
1773 1589 1933 1642 οἱονεὶ

372 1685 802 1756 πρωναόλὲψεις
852 1700 910 1736 τε
958 1683 1046 1736 καὶ
1103 1683 1297 1752 βουλὰς
1338 1682 1521 1750 αὐτοῦ,
1574 1682 1668 1736 καὶ
1713 1682 1810 1744 τὰς
1840 1682 1927 1749 ἐφ’

371 1776 588 1847 ἑκάστῳ
636 1776 914 1846 πράγματι
955 1772 1180 1846 κρίσεις.
1221 1772 1530 1845 Ἄνθρωποι
1561 1774 1661 1845 μὶν
1687 1772 1799 1844 γὰρ
1843 1789 1930 1841 μι-

371 1868 494 1937 κροὶ
528 1836 802 1937 ᾀετάὶὴῖ
826 1836 1162 1935 φύσινδντες
1189 1867 1282 1920 καὶ
1310 1836 1403 1919 τδν
1441 1836 1585 1932 νοὖῆ
1626 1836 1800 1935 μικρᾶ
1837 1836 1935 1917 καὶ
1962 1836 2003 1896 Β

366 1957 727 2027 βουλεύονται,
772 1958 865 2011 καὶΙ
922 1955 1222 2025 λογίζονται
1274 1957 1524 2013 ταπεινά.
1575 1956 1808 2026 ’Υψηλδς
1875 1957 1933 2010 δὲ

366 2050 623 2122 ὑπάρχων
649 2052 678 2104 ὁ
710 2049 817 2102 τῶν
850 2048 984 2103 ὅλων
1012 2049 1164 2115 Θεὸς,
1191 2049 1288 2102 καὶ
1324 2051 1382 2103 ἐν
1406 2048 1739 2120 ἀπορρήτοις
1769 2048 1932 2118 ὑπερ-

357 2145 513 2212 οχαῖς
537 2143 655 2206 ταῖς
689 2141 832 2196 κατὰ
862 2141 1078 2196 πάντων
1104 2141 1414 2210 νοούμενος,
1448 2140 1660 2210 ἄμαχον
1686 2138 1801 2210 εχει
1835 2138 1933 2211 τήν

360 2233 575 2304 σκέψιν.
606 2234 680 2288 Οὐ
705 2233 816 2306 γὰρ
846 2233 911 2288 ἂν
941 2232 1156 2288 δύναιτό
1179 2248 1264 2295 τις
1284 2230 1726 2298 ὰνθυπενεγιιιίν,
1750 2229 1782 2298 ἢ
1813 2228 1933 2299 βου-

363 2312 481 2394 λὴν,
509 2322 542 2395 ἢ
573 2322 896 2394 ἐπικουρίαν
946 2318 1425 2376 ἀποσκευάσασθαι
1476 2316 1781 2387 δυναμένην
1833 2316 1932 2380 τὰς

359 2411 430 2465 ἐκ
455 2413 562 2467 τῶν
588 2413 747 2467 θείων
780 2412 1113 2484 σκεμμάτων
1145 2409 1461 2479 ἐπαγωγὰς.
1489 2406 1848 2478 Μαθήσεσθαι
1877 2406 1936 2460 δὶ

359 2502 520 2561 τοῦτό
537 2521 691 2576 φησι,
723 2505 899 2558 καίτοι
929 2503 1099 2558 πάλαι
1119 2500 1195 2572 μὴ
1223 2500 1430 2561 εἰδότας
1458 2498 1586 2561 τοὺς
1628 2497 1929 2562 Ἰουδαίους,

365 2599 494 2651 ὅταν
521 2596 698 2650 αὐτῶν
741 2597 770 2649 δ
804 2595 975 2657 δεινὸς
1015 2590 1344 2663 κατασκήψῃ
1373 2589 1628 2659 πόλεμος,
1675 2588 1768 2642 καὶ
1792 2590 1935 2642 πᾶσα

371 2687 472 2757 μὲν
499 2687 532 2758 ή
566 2685 924 2756 ἐπαμύνουσα
951 2684 1071 2753 χεὶρ
1101 2683 1358 2755 ἀτονήσῃ,
1391 2681 1712 2752 ἀπρακτήσῃ
1742 2680 1797 2733 δὲ
1842 2681 1938 2734 καὶ

368 2777 585 2846 σκέψις,
629 2776 724 2829 κα)¹
771 2775 1117 2844 ἀνθρωπίνης
1166 2772 1362 2843 βουλῆς
1405 2773 1709 2842 εὑρήματα,
1769 2765 1934 2825 δι’ὧν

367 2868 630 2939 ἐνόμισαν
666 2867 807 2937 τάχα
852 2882 954 2919 που
993 2865 1086 2919 καὶ
1110 2864 1417 2934 διαφεύγειν
1453 2863 1710 2918 δύνασθαι
1745 2864 1839 2928 τὰς
1869 2864 1937 2917 ἐκ

371 2958 466 3012 τοῦ
520 2958 756 3029 πολέμου
811 2957 1105 3028 συμφοράς.
1173 2954 1378 3010 Οὐκοῦν
1430 2957 1463 3027 ή
1514 2958 1678 3028 πεῖρα
1729 2955 1927 3022 δείξει,

372 3048 559 3119 φησὶν,
587 3049 666 3102 ὅτι
689 3047 936 3111 ταπεινὸς
962 3049 990 3100 ὁ
1015 3047 1319 3118 ἄνθρωπος,
1351 3048 1443 3102 καὶ
1466 3048 1932 3119 ταπεινωθήσεται

2031 597 2133 644 set.
2155 587 2410 654 Proinde,
2442 601 2549 642 non
2577 587 2733 658 quasi
2757 583 3102 650 instantibus,
3128 584 3221 640 sed
3253 583 3431 654 potius
3455 585 3596 640 velut

2030 682 2385 752 prtsentibus
2418 680 2597 745 malis,
2633 687 2687 736 et
2714 680 2821 748 iam
2862 679 3004 733 intra
3041 685 3224 747 portas
3270 684 3324 731 et
3374 676 3430 732 in
3479 677 3593 747 ipsa

2031 773 2250 843 regione
2297 772 2679 837 venantibus,
2722 770 2981 826 abscondi
3026 769 3199 839 jubet,
3254 782 3456 839 eosque
3502 768 3594 838 qui

2029 864 2205 920 adhuc
2224 865 2469 920 viverent
2499 872 2706 919 tantum
2729 878 2834 917 non
2861 861 2984 917 abdi
3018 862 3071 915 in
3109 869 3335 927 terram,
3357 861 3594 914 atimore

2031 956 2242 1012 Domini
2298 967 2404 1013 eta
2445 957 2615 1026 gloria
2665 954 2998 1011 fortitudinis
3047 952 3165 1024 ejus
3215 953 3481 1023 :quando
3529 953 3594 1006 ad

2033 1048 2238 1104 terram'
2272 1048 2681 1117 percutiendam
2720 1088 2735 1113 ,
2791 1046 2842 1101 id
2870 1056 2953 1101 est
2990 1083 3005 1110 ,
3059 1043 3441 1100 conterendam
3469 1057 3589 1098 snr~

2031 1140 2250 1198 rexerit.
2275 1141 2435 1209 Atqui
2466 1139 2679 1195 excelsa
2713 1152 2855 1204 esse,
2889 1148 2946 1194 et
2973 1152 3137 1208 supra
3168 1150 3359 1192 omnes
3419 1133 3593 1189 homi-

2032 1248 2128 1289 nes
2159 1233 2401 1288 eminere
2424 1231 2606 1286 divina
2632 1231 2856 1286 consilia
2893 1238 2948 1285 et
2980 1229 3245 1299 cogitata,
3303 1226 3598 1281 neutrineut-

2030 1338 2135 1393 que
2160 1322 2466 1378 mortalium
2496 1321 2605 1378 illis
2643 1322 2900 1378 resistere
2927 1336 3112 1392 posse,
3144 1321 3365 1392 planum
3423 1329 3588 1388 atque

2029 1414 2369 1486 perspicuum
2397 1413 2543 1478 facit,
2578 1427 2700 1469 cum
2724 1414 2799 1468 ait
2831 1430 2845 1467 :
2881 1430 2901 1465 ι
2927 1412 3079 1473 Oculi
3107 1411 3254 1466 enim
3299 1410 3393 1464 Dei
3422 1409 3592 1464 subli-

2029 1520 2173 1562 mes:
2208 1522 2231 1558 ι
2273 1504 2457 1561 oculos
2503 1504 2646 1559 enim
2680 1503 2887 1558 Domini
2917 1504 3067 1560 hisce
3093 1500 3270 1556 verbis
3292 1508 3447 1556 vocat
3477 1500 3597 1570 ejus

2032 1597 2174 1650 velut
2194 1595 2599 1667 prospicientias
2623 1604 2677 1649 et
2705 1594 2951 1658 consilia,
2981 1603 3035 1649 et
3062 1594 3116 1647 in
3142 1608 3354 1663 quaque
3375 1606 3433 1647 re
3452 1590 3595 1660 judi—

2028 1688 2133 1743 cia.
2159 1684 2412 1741 Homines
2427 1684 2632 1741 scilicet
2649 1684 2825 1755 pusilli
2847 1692 3037 1739 natura
3057 1693 3111 1739 et
3128 1696 3306 1738 mente
3321 1697 3443 1736 cum
3462 1683 3592 1748 sint,

2030 1777 2222 1848 pusilla
2252 1776 2600 1842 consultant,
2642 1787 2697 1833 et
2743 1778 2961 1832 humilia
2988 1777 3250 1847 cogitant.
3305 1776 3414 1832 Sed
3453 1776 3595 1830 altus

2034 1879 2227 1926 natura
2279 1870 2420 1926 Deus
2459 1873 2854 1933 universorum,
2905 1869 3045 1923 etin
3083 1869 3228 1923 omni
3279 1882 3338 1924 re
3392 1882 3594 1921 arcana

2032 1961 2262 2031 quadam
2285 1959 2599 2031 prastsntis
2644 1960 2866 2014 elucens
2897 1970 2952 2014 et
2975 1972 3263 2027 apparens,
3300 1958 3593 2013 consilium

2035 2051 2196 2105 habet
2230 2050 2666 2122 inexpugnabiles
2728 2049 2845 2105 Non
2885 2052 3030 2105 enim
3082 2049 3366 2120 quisquam
3413 2048 3597 2102 consi-

2033 2143 2160 2197 lium
2186 2141 2380 2199 alerre
2409 2153 2588 2214 posset
2617 2143 2699 2199 vel
2725 2142 3032 2198 subsidium
3072 2142 3207 2198 satis
3240 2143 3479 2205 tirmutn,
3529 2140 3597 2195 ad

2030 2235 2336 2290 divinorum
2358 2235 2704 2291 consiliorum
2728 2234 3006 2290 machinas
3028 2234 3441 2289 subvertendas.
3478 2230 3591 2286 Hoc

2032 2328 2346 2398 cognituros
2389 2329 2463 2380 ait
2491 2325 2729 2391 Iudaeos,
2779 2326 2882 2381 etsi
2913 2325 3041 2380 olim
3087 2339 3193 2379 non
3250 2323 3595 2392 agnoverint,

2032 2416 2245 2486 quando
2271 2429 2431 2486 grave
2484 2414 2900 2485 Babyloniorum
2964 2413 3164 2468 bellum
3197 2427 3292 2468 eos
3348 2412 3595 2484 impetet,

2032 2510 2250 2579 quando
2275 2507 2457 2562 omnis
2479 2522 2670 2562 manus
2707 2506 3033 2562 subsidiaria
3084 2504 3390 2562 imbecillis"
3409 2507 3515 2560 erit
3544 2515 3597 2561 et

2033 2598 2286 2663 imbellis,
2327 2614 2447 2653 cum
2493 2597 2818 2653 consultatio
2864 2597 3196 2667 humanique
3244 2596 3459 2652 consilii
3514 2597 3596 2650 in-

2032 2702 2190 2748 venta
2231 2691 2361 2747 nihil
2413 2690 2697 2762 proﬁcient
2739 2692 2982 2762 :quibns
3032 2691 3107 2746 illi
3132 2690 3276 2746 forte
3324 2690 3426 2745 rati
3470 2699 3596 2746 sunt

2033 2784 2372 2841 calamitates
2406 2786 2628 2841 bellicas
2655 2799 2814 2856 posse
2840 2785 3097 2854 effugere.
3136 2786 3321 2856 itaque
3359 2784 3597 2849 docebit,

2034 2875 2227 2945 inquit,
2253 2877 2608 2947 experientia,
2634 2876 2890 2933 humilem
2915 2892 3034 2933 esse
3065 2878 3338 2934 hominem
3390 2888 3447 2933 et
3503 2877 3600 2933 de-

2029 2966 2231 3037 iectum
2283 2990 2294 3023 :
2343 2977 2399 3021 cl
2454 2970 2767 3040 depressum
2810 2971 2873 3025 iri
2933 2971 3234 3025 celsitatem
3297 2968 3597 3033 hominum,

2032 3059 2396 3113 extollendum
2429 3074 2561 3115 vero
2591 3060 2875 3115 Dominum
2901 3060 3069 3114 solum
3105 3061 3158 3113 in
3192 3060 3276 3115 die
3307 3059 3418 3115 illa.
3444 3060 3599 3125 Nam,

371 3141 433 3195 τὸ
456 3140 586 3212 ὕψος
606 3141 713 3194 τῶν
740 3139 1059 3211 ἀνθρώπιον,
1091 3139 1436 3211 ὑψωθήσεται
1466 3141 1522 3195 δὲ
1545 3140 1746 3213 Κύριος
1777 3142 1933 3210 μόνος

2038 3158 2096 3202 ut
2131 3149 2290 3204 modo
2334 3150 2467 3214 dixi,
2510 3166 2634 3205 cum
2673 3165 2860 3204 eorum
2893 3149 3055 3204 robur
3108 3163 3268 3204 omne
3311 3149 3454 3204 velut
3499 3150 3600 3204 im-

367 3231 428 3284 ιν
458 3233 520 3302 τῇ
545 3230 726 3302 ἡμέρᾳ
755 3229 956 3302 ἐκείνῃ.
985 3223 1201 3301 ’Ὥσπερ
1229 3230 1366 3300 ἔφην
1389 3230 1610 3300 ἀρτίως,
1645 3231 1934 3302 ἐλεγχομέ-

366 3338 460 3391 νης
504 3321 683 3377 αὐτῶν
735 3321 918 3393 ἰσχύος
947 3321 1167 3392 ἁπᾴσης
1215 3323 1289 3384 ὡς
1321 3320 1606 3393 ἀδρανοῦς,
1638 3320 1739 3390 τῆς
1787 3322 1936 3386 θείας

362 3413 646 3484 δυνάμεως
682 3415 717 3486 ὴ
751 3413 994 3486 ὑπεροχὴ
1044 3413 1440 3484 γνωριμωτάτη
1494 3416 1605 3477 τοῖς
1655 3413 1936 3488 πεποιθύσι

365 3506 673 3575 γενήσεται.
720 3505 1005 3560 Πάνδεινον
1042 3501 1135 3559 οὖν
1181 3505 1288 3574 ἄρα
1316 3504 1376 3557 τὸ
1403 3503 1761 3577 προσκρούειν
1794 3502 1932 3575 Θεῷ,

372 3598 466 3650 κα)⁵
512 3597 729 3667 ἁπάσης
779 3598 911 3668 ἡμῖν
978 3596 1265 3668 παραίτιον
1318 3596 1602 3666 συμφορᾶς
1651 3593 1712 3647 τὸ
1747 3593 1939 3666 χρῆμα

368 3690 600 3756 γίνεται.
626 3691 719 3743 Δεῖ
740 3689 796 3743 δὲ
817 3690 966 3760 ἡμᾶς
997 3689 1072 3760 μὴ
1093 3688 1384 3759 δυνάμεσιν
1410 3687 1566 3751 ίδίαις
1596 3684 1936 3758 ὲπιθαρσεῖν,

375 3780 670 3850 ἀπονέμειν
724 3779 782 3833 δὲ
834 3779 1033 3850 μᾶλλον
1059 3779 1120 3833 τὸ
1147 3780 1320 3834 πάντα
1349 3777 1605 3832 δύνασθαι
1658 3777 1798 3848 Θεῷ,
1846 3777 1941 3832 καὶ

368 3870 529 3924 αὑτὸν
570 3869 858 3940 ἐπίκουρον
900 3868 1169 3924 ποιεῖσθαι
1212 3871 1403 3939 φιλεῖν,
1438 3870 1564 3925 ὅταν
1601 3886 1654 3922 τι
1695 3868 1800 3923 τῶν
1828 3868 1939 3922 δει-

367 3962 473 4017 νῶν
495 3962 826 4034 ἐπιφέρηται
855 3961 1321 4033 προσκεκρουκόσι
1341 3962 1407 4015 δι’
1432 3960 1726 4033 ἁμαρτίας.

449 4051 656 4122 Ἡμέρα
677 4052 785 4122 γὰρ
805 4052 1028 4120 Κυρίου
1045 4051 1286 4107 Σαϐαὼθ
1296 4051 1394 4106 ἐπὶ
1426 4052 1634 4123 πάντα]
1649 4052 1940 4121 ὑϐριστὴν

370 4142 468 4196 καὶ
519 4141 946 4212 ὑπερήφανον,
991 4142 1092 4197 καὶ
1147 4142 1245 4197 ἐπὶ
1298 4142 1494 4197 πάντα
1535 4144 1781 4213 ὑψηλὸν
1838 4144 1937 4198 καὶ

364 4232 678 4303 μετέωρονσ
720 4234 815 4286 καὶ
861 4233 1423 4303 ταπεινωθήσονται.
1455 4233 1566 4290 Καὶ
1603 4234 1701 4289 ἐπὶ
1730 4234 1939 4290 πᾶσαν

371 4325 586 4394 κέδρον
619 4325 727 4381 τοῦ
745 4326 1022 4389 Λιϐάνου,
1051 4325 1169 4381 τῶν
1201 4326 1460 4397 ὑψηλῶν
1487 4327 1584 4383 καί
1604 4328 1935 4399 μετεώρων,

2036 3240 2292 3296 becillum'
2323 3241 2653 3310 apparuerit,
2679 3241 2871 3295 divinae
2894 3240 3002 3312 47
3022 3241 3276 3310 potentia
3326 3242 3598 3298 excellen-

2038 3333 2112 3387 tia
2152 3340 2208 3388 et
2235 3332 2488 3403 splendor
2531 3333 2583 3387 in
2633 3334 2739 3390 illis
2771 3335 2860 3402 qui
2922 3335 3062 3404 passi
3113 3342 3238 3389 sunt
3294 3343 3351 3390 et
3393 3333 3599 3400 alllicti,

2042 3425 2278 3481 maxime
2311 3424 2651 3482 iuclarescet.
2683 3426 3074 3496 Gravissimum
3110 3427 3289 3497 itaque
3321 3438 3405 3484 est
3436 3428 3600 3484 Deum

2036 3515 2328 3584 offendere,
2353 3528 2408 3574 et
2433 3533 2598 3574 causa
2621 3520 2858 3574 omnium
2899 3520 3266 3575 calamitatum
3297 3535 3419 3591 quas
3444 3521 3602 3577 nobis

2039 3610 2290 3666 accidunt
2324 3610 2463 3667 istud
2508 3619 2610 3666 est.
2638 3609 2749 3665 Nec
2794 3625 2921 3667 vero
2964 3612 3165 3667 nostris
3200 3611 3404 3666 viribus
3427 3612 3602 3666 niten-

2038 3702 2166 3757 dum
2191 3709 2292 3770 est,
2323 3701 2416 3756 sed
2451 3703 2842 3771 omnipotentia
2872 3704 2984 3759 Deo
3011 3704 3293 3759 tribuenda
3327 3721 3341 3757 :
3377 3713 3434 3759 et
3461 3704 3600 3758 illius

2038 3794 2193 3851 nobis
2218 3794 2476 3850 auxilium
2500 3794 2794 3850 conciliare
2816 3795 3094 3862 debemus,
3134 3797 3349 3865 quando
3387 3796 3601 3863 aliquod

2039 3899 2201 3957 grave
2226 3884 2427 3942 malum
2455 3885 2611 3942 nobis
2650 3901 2746 3956 per
2781 3896 3063 3956 peccatum
3092 3886 3485 3942 oll‘endentihus
3518 3886 3601 3940 in-

2036 3975 2230 4032 (οι-ωε.

2121 4067 2492 4123 νιιεΛῖ-ΙἻ.
2529 4064 2652 4123 Dies
2700 4068 2839 4121 enim
2905 4066 3116 4120 Domini
3172 4065 3408 4119 Sabaoth
3451 4080 3605 4131 super

2041 4172 2238 4210 omnem
2267 4156 2716 4218 contumeliosum,
2781 4163 2827 4206 et
2859 4152 3155 4221 superbum,
3182 4160 3231 4204 et
3292 4167 3445 4217 super
3492 4168 3606 4205 om-

2039 4263 2154 4301 nem
2191 4246 2406 4309 elatum,
2430 4255 2479 4298 et
2518 4246 2814 4306 tumidum;
2844 4241 3343 4296 ethumiliabuntur.
3371 4246 3437 4296 Et
3452 4259 3605 4310 super

2040 4353 2238 4391 omnem
2267 4339 2476 4391 cedrum
2504 4333 2685 4388 Libani
2710 4333 2986 4402 prwaltam
3012 4344 3058 4388 et
3084 4346 3330 4397 erectam,
3364 4344 3414 4389 et
3452 4351 3608 4405 super

370 4419 465 4473 καὶ
495 4419 593 4472 ἐπὶ
646 4412 772 4471 πᾶν
813 4415 1063 4486 δένδρον
1094 4418 1373 4482 ,βαλάνου
1418 4417 1624 4472 Βασάν
1649 4435 1662 4449 ·
1705 4420 1800 4474 καὶ
1840 4420 1934 4474 ἐπὶ

2041 4442 2243 4481 omnem
2289 4425 2524 4480 arborem
2580 4423 2785 4495 glandis
2842 4423 3023 4480 Busan
3056 4436 3146 4481 :et
3200 4441 3356 4494 super
3401 4441 3604 4480 omnem

367 4509 490 4565 mir
521 4510 659 4580 ὄρος
678 4510 942 4579 ὑψηλὸν,
969 4509 1066 4563 καὶ
1097 4509 1191 4564 ἐπὶ
1211 4508 1407 4564 πάντα
1418 4509 1656 4574 ,ϐουνὸν
1673 4512 1934 4581 ὑψηλὸν,

2043 4527 2268 4576 montem
2298 4520 2516 4584 editum,
2557 4529 2605 4572 et
2631 4535 2786 4588 super
2824 4535 3026 4573 omnem
3062 4493 3270 4572 collem,
3304 4516 3523 4582 celsum,
3556 4527 3603 4570 et

368 4601 468 4655 καὶ
509 4602 605 4655 ἐπὶ
659 4601 854 4657 πάντα
901 4603 1132 4671 πύργον
1175 4604 1442 4671 ὑψηλὸν,
1496 4602 1594 4656 καὶ
1655 4604 1753 4659 ἐπὶ
1813 4603 1936 4660 πᾶν

362 4694 567 4763 τεῖχος
611 4693 875 4762 ὑψηλὸν,
908 4696 1007 4749 καὶ
1048 4694 1148 4749 ἐπὶ
1183 4693 1309 4750 πᾶν
1344 4693 1562 4750 πλοῖον
1591 4695 1934 4765 θαλάσσης,

360 4785 469 4839 καὶ
510 4784 608 4838 ἐπὶ
657 4784 860 4840 πᾶσαν
899 4786 1042 4842 θέαν
1072 4787 1301 4841 πλοίων
1351 4785 1654 4854 arduom,"
1697 4789 1795 4842 καὶ
1842 4805 1938 4843 τα·

358 4877 819 4946 πεινωθήσεται,
837 4879 935 4933 καὶ
973 4878 1241 4934 πεσεῖται
1273 4879 1339 4934 τὸ
1368 4880 1525 4949 ὕψος
1562 4879 1679 4934 τῶν
1705 4879 1930 4949 ἀνθρώ-

356 4985 514 5034 πων,
542 4967 645 5022 καὶ
674 4969 1058 5039 ὑψωθήσεται
1084 4971 1294 5039 Κύριος
1315 4973 1501 5039 μόνος
1539 4971 1609 5024 ἐν
1638 4969 1712 5039 τῇ
1743 4972 1933 5041 ἡμέρᾳ

343 5061 587 5129 ἐκείνῃ.

434 5152 539 5205 Τὸν
570 5150 663 5205 τοῦ
691 5152 924 5222 πολέμου
956 5151 1166 5222 καιρὸν,
1193 5153 1284 5205 καὶ
1312 5151 1409 5223 τῆς
1436 5151 1522 5204 ἐπ’
1551 5152 1731 5215 αὐτοῖς
1761 5154 1927 5225 ὀργῆς

348 5246 459 5316 τὴν
495 5244 846 5314 ἐκπλήρωσιν
871 5244 1081 5314 ἡμέραν
1100 5244 1352 5313 ὀνομάζει
1380 5245 1609 5315 Κυρίου.
1628 5243 1799 5297 Τοῦτο
1823 5244 1931 5314 γὰρ

349 5336 482 5398 ἔθος
514 5337 582 5405 τῇ
612 5333 958 5405 θεοπνεύστῳ
990 5337 1200 5406 Γραφῇ.
1237 5336 1346 5388 Kal.
1370 5335 1500 5403 γοῦν
1532 5335 1625 5389 καὶ
1655 5335 1814 5388 αὑτὸν
1837 5335 1934 5406 τῆς

347 5426 455 5480 τοῦ
496 5427 751 5497 Σωτῆρος
793 5426 953 5499 ἡμῶν
1002 5427 1293 5498 ἐπιδημίας
1340 5426 1429 5481 τὸν
1490 5427 1677 5497 καιρὸν
1718 5427 1794 5497 τῷ
1838 5427 1936 5496 τῆς

345 5516 583 5589 1ἡμέρας
610 5517 831 5587 ὀνόματι
883 5520 1278 5590 κατεσήμαινεν
1305 5519 1334 5570 ὁ
1366 5517 1527 5570 Δαὸὶδ
1558 5517 1700 5569 οὕτω
1727 5517 1900 5584 λέγων
1920 5536 1933 5549 ·

355 5630 378 5663 ι
411 5607 574 5679 Αὕτη
599 5610 632 5679 ή
657 5610 834 5680 ἡμέρα
860 5611 926 5681 ἢν
960 5613 1184 5682 ἐποίησε
1215 5609 1414 5680 Κύριος
1437 5643 1451 5675 ,-
1479 5608 1932 5677 ἁγαλλιασώμεθα

430 5769 452 5801 '
491 5766 638 5823 Psal.
671 5782 833 5836 cxvn,
869 5769 957 5825 2i.

2042 4628 2198 4682 super
2240 4628 2442 4666 omnem
2494 4611 2684 4665 turrim
2751 4610 3028 4675 excelsam,
3083 4620 3130 4663 et
3173 4624 3328 4676 super
3403 4623 3606 4661 omnem

2043 4719 2251 4757 murum
2287 4703 2612 4771 prazcelsnnt,
2653 4710 2698 4754 et
2726 4715 2882 4769 super
2928 4715 3129 4753 omnem
3189 4698 3358 4750 navim
3423 4697 3605 4759 maris,

2042 4802 2091 4847 et
2132 4807 2285 4862 super
2312 4807 2513 4845 omnem
2574 4790 2847 4859 pulchrum
2917 4789 3244 4856 navigiorum
3306 4796 3603 4855 aspectum;

2038 4894 2086 4937 et
2122 4883 2509 4944 humiliabitur,
2556 4890 2602 4934 et
2631 4881 2778 4932 cadet
2822 4878 3047 4930 altitudo
3074 4877 3366 4941 hominum,
3416 4888 3462 4930 et
3485 4893 3602 4932 eve-

2039 4975 2190 5030 Itetur
2219 4972 2470 5027 Dominus
2511 4972 2650 5024 solus
2699 4970 2754 5021 in
2785 4969 2866 5020 die
2908 4967 3023 5019 illa.

2118 5148 2249 5203 Belli
2292 5147 2464 5216 ipsum
2499 5155 2726 5212 tempus,
2758 5152 2810 5197 et
2851 5143 2940 5196 irae
2971 5139 3326 5210 expletionem
3359 5139 3410 5191 in
3468 5139 3606 5201 illos,

2053 5245 2195 5301 diem
2245 5236 2474 5307 appellat
2500 5234 2742 5298 Domini;
2776 5241 2858 5287 est
2890 5232 3031 5284 enim
3062 5230 3164 5285 hoc
3193 5227 3431 5284 solemne
3472 5227 3610 5280 divi-

2044 5327 2481 5399 nitusiuspirataa
2521 5326 2830 5395 Scriptum.
2882 5322 3087 5394 Quippe
3136 5329 3190 5376 et
3251 5321 3423 5388 ipsum
3484 5318 3611 5373 Ser-

2044 5427 2247 5481 vatoris
2305 5424 2472 5476 nostri
2515 5421 2776 5473 adventus
2828 5427 3070 5483 tempus,
3125 5411 3226 5466 diei
3261 5401 3614 5479 appellatione

2046 5521 2291 5590 designat
2323 5513 2511 5578 David,
2539 5514 2720 5566 dicens
2754 5527 2767 5563 :
2809 5528 2829 5558 ι
2869 5505 2992 5559 iimc
3019 5507 3134 5560 dies
3156 5518 3314 5573 quam
3341 5497 3617 5590 fecitho-

2045 5587 2240 5675 minus,
2287 5604 2616 5663 oxsultemus
2663 5610 2718 5656 et
2778 5599 3026 5654 iactemur
3102 5596 3154 5650 in
3217 5608 3277 5650 ea
3313 5594 3354 5645 ⁷.
3397 5610 3417 5644 ι
3472 5587 3617 5646 Fore
