4132 6316
554 359 628 432 3-2
1590 365 1650 424 s.
1689 352 1968 420 CYltlLLl
2006 348 2472 421 ALEXANDRINI
2513 365 2833 424 ARCHIEP.
3749 372 3820 431 ss

557 492 680 547 ideo
703 489 835 546 dicit
873 497 1084 561 tempus
1131 488 1222 543 ira:
1260 493 1450 542 centra
1501 499 1721 541 omnem
1777 481 2120 540 contumelio-

2239 485 2334 537 καὶ
2375 485 2768 558 εὐφρανθῶμεν
2811 485 2871 541 ἐν
2910 485 3069 557 αὐτῇ.
3104 503 3124 538 ι
3162 483 3422 540 Ἐσεσθαι
3453 486 3633 542 τοίνυν
3679 491 3815 562 φησι

554 595 675 636 sum
703 588 753 636 et
779 578 1089 648 superbum.
1125 576 1190 631 Et
1213 574 1640 631 contumeliosos
1676 571 1895 642 quidem
1917 570 2132 624 videtur

554 673 759 735 dicere,
807 671 899 740 qui
945 669 1183 724 divinam
1250 665 1592 736 maiestatem
1646 665 2019 725 dedecorant,
2066 674 2133 716 eo

554 765 699 834 quod
735 779 840 818 non
903 762 1210 818 sustineant
1241 776 1360 815 eam
1389 760 1641 821 adorare,
1673 755 1773 812 sed
1810 756 1914 810 ill-is
1943 753 2124 824 potius

551 857 656 912 diis
678 855 986 927 alligantur,
1030 868 1166 924 quos
1211 853 1310 923 ipsi
1341 850 1635 907 commenti
1671 856 1799 905 sunt
1829 847 2132 916 :superbos

551 963 700 1014 vero,
718 948 808 1017 qui
822 944 1716 1014 divinam'legemfcnntemnunhet
1735 955 1855 1010 quae
1875 939 2132 994 divinitus

547 1037 721 1091 edicta
751 1043 876 1090 sunt
907 1049 1005 1104 pro
1043 1033 1212 1089 nihilo
1251 1034 1495 1099 ducunt;-
1547 1030 1814 1101 siquidem
1846 1038 1901 1084 et
1943 1030 2130 1083 beatus

550 1127 715 1182 David
746 1128 817 1182 ait
846 1144 861 1182 :
897 1145 916 1178 ι
965 1125 1196 1195 Superbi
1225 1126 1398 1195 legem
1435 1122 1776 1194 pracvaricati
1809 1131 1933 1178 sunt
1963 1122 2126 1176 vehe—

546 1232 757 1277 menter
782 1220 826 1275 ⁸.
877 1238 896 1272 ι
944 1218 1208 1286 Quoniam
1250 1229 1430 1271 autem
1475 1215 1786 1285 complures
1819 1221 2006 1270 essent
2035 1229 2130 1283 per

542 1311 784 1370 Judaeum
847 1320 902 1368 et
957 1309 1265 1366 Jerusalem
1322 1309 1524 1364 divitiis
1593 1307 1850 1363 cumulati
1900 1306 2125 1374 ali’atim,

544 1413 601 1460 et
628 1419 790 1474 opum
818 1405 971 1472 copia
1003 1402 1144 1458 haud
1182 1401 1527 1457 mediocriter
1545 1398 2000 1463 circumﬂuerent,
2026 1414 2130 1454 ca!-

547 1494 681 1550 teris
709 1493 1098 1564 praecellerent,
1133 1501 1185 1547 et
1231 1491 1465 1559 potentia
1508 1490 1643 1560 septi
1707 1503 1771 1544 ac
1804 1490 1995 1543 muniti
2042 1503 2131 1543 es-

544 1595 686 1653 sent,
735 1585 932 1654 illaque
969 1599 1080 1640 suae
1112 1582 1409 1638 nobilitatis
1460 1581 1605 1638 haud
1657 1581 1850 1652 exigua
1908 1596 2128 1636 mensu-

546 1695 606 1735 ra
661 1679 1020 1743 exsultarent,
1063 1676 1372 1747 sublatique
1401 1676 1453 1730 in
1512 1674 1704 1738 altum,
1749 1673 1912 1728 veluti
1984 1673 2129 1728 intu-

545 1780 869 1837 mescerent,
947 1771 1071 1826 ideo
1115 1771 1169 1826 in
1232 1785 1326 1826 eos
1391 1769 1627 1825 maxime
1678 1768 1818 1824 hanc
1886 1767 2124 1822 divinam

545 1865 681 1920 iram
707 1865 839 1919 dicit
904 1863 1294 1927 incursuram;
1379 1869 1580 1916 statum
1649 1859 1915 1930 cujusque
1963 1867 2127 1929 atque

543 1959 768 2028 gradum
818 1954 1158 2026 teuigntatice
1190 1953 1596 2009 subinsinuans.
1649 1952 1878 2008 Confert
1922 1952 2124 2008 etenim

545 2048 666 2103 illos
697 2057 901 2102 etcum
942 2045 1134 2100 Libani
1175 2045 1396 2102 cedris:
1453 2063 1478 2097 ι⁸
1512 2043 1636 2100 Vidi
1668 2044 1840 2112 enim,
1873 2044 2122 2115 i'lnquit,

546 2156 568 2192 ι
599 2140 822 2212 impium
851 2147 1092 2195 erectum
1111 2145 1165 2194 et
1199 2137 1400 2192 elatum
1431 2136 1577 2193 velut
1603 2137 1797 2193 cedros
1820 2135 2009 2192 Libani
2034 2139 2110 2206 ’ξι

544 2233 672 2303 quin
724 2241 779 2287 et
813 2245 936 2286 cum
980 2230 1271 2287 arboribus
1305 2229 1419 2302 ιθ
1465 2242 1696 2300 quercus
1723 2227 1921 2293 Basan,
1957 2228 2014 2282 id
2043 2237 2124 2284 est

539 2322 848 2394 quercubus
904 2337 1024 2392 qum
1066 2322 1273 2378 suntin
1313 2321 1625 2377 Basanitide
1673 2330 1814 2375 terra
1854 2339 1874 2376 ι
1912 2331 1996 2376 est
2023 2336 2120 2375 au-

541 2425 646 2472 tem
685 2416 731 2470 is
755 2413 908 2470 locus
939 2415 990 2468 iu
1027 2413 1238 2479 Judaaa,
1264 2413 1356 2482 qui
1398 2427 1542 2467 nunc
1577 2409 1830 2466 Dasamea
1862 2423 2115 2478 vocatur,

541 2508 850 2576 plantarum
910 2506 1097 2560 nutriat
1122 2505 1350 2575 Optima,
1373 2505 1577 2574 spissas
1618 2511 1675 2559 et
1698 2505 1834 2559 bene
1863 2519 2121 2573 proceras

543 2601 750 2654 habens
797 2598 1014 2653 eedros.
1038 2595 1262 2651 Confert
1311 2597 1474 2651 etiam
1525 2610 1620 2650 cos
1689 2595 1942 2649 similiter
1993 2609 2116 2648 cum

541 2687 770 2744 collibus
821 2697 874 2744 et
923 2688 1220 2749 montibus,
1258 2696 1312 2740 et
1370 2699 1491 2740 cum
1547 2685 1792 2740 turribus
1832 2694 1886 2740 et
1950 2686 2120 2741 muris

541 2780 794 2851 prmaltis.
861 2778 1029 2833 Addit
1095 2778 1290 2833 deinde
1317 2791 1410 2832 eos
1453 2776 1899 2832 cutuulandarum
1955 2791 2118 2846 opum

537 2874 861 2930 occasiones
912 2871 964 2924 in
1021 2871 1300 2939 regionem
1340 2869 1737 2936 importavisse,
1785 2882 1908 2923 cum
1949 2868 2115 2925 dicit:

547 2985 565 3021 t
600 2967 667 3022 Et
693 2981 856 3036 super
883 2979 1099 3021 omnem
1130 2963 1305 3017 navim
1384 2963 1577 3027 maris,
1622 2972 1677 3018 et
1712 2976 1878 3032 super
1899 2975 2114 3016 onmem

539 3069 812 3130 aspectum
861 3057 1152 3128 pulchrum
1197 3055 1559 3128 navigiorum.
1609 3073 1631 3108 ι
1695 3053 1991 3124 Dupliciter
2029 3069 2119 3108 au-

2233 577 2334 646 τῆς
2379 577 2550 650 ὀργῆς
2598 578 2688 633 τὸν
2732 578 2923 650 καιρὸν
2965 579 3107 634 κατὰ
3157 579 3360 642 παντὸς
3401 578 3662 651 ὑϐριστοῦ
3716 584 3815 636 καὶ

2233 667 2606 740 ὑπερηφάνου.
2664 671 2776 724 Καὶ
2821 669 3081 742 ὑϐριστὰς
3135 670 3240 741 μὲν
3289 670 3466 724 ἔοικεν
3524 672 3816 727 ἀνακαλεῖν

2231 761 2361 824 τοὺς
2380 801 2394 825 ,
2431 761 2546 830 οἵγε
2575 761 2676 832 τὴν
2707 761 2858 817 θείαν
2911 763 3237 833 ἀτιμάζουσι
3268 761 3450 829 δόξαν,
3480 764 3571 818 διὰ
3607 765 3704 819 τοῦ
3741 766 3817 839 μὴ

2232 854 2527 925 ἀνέχεσθαι
2555 858 2881 927 προόκυνεῖν
2897 857 3034 928 αὐτῇ
3053 887 3072 923 φ
3115 857 3478 929 προσκεῖσθαι
3499 857 3557 912 δὲ
3589 861 3815 931 μᾶλλον,

2231 940 2313 1011 οἷς
2351 946 2420 1000 ἂν
2462 947 2617 1002 αὐτοὶ
2647 949 3085 1021 διατεκτήναιντο
3131 948 3296 1014 θεοῖς⁶
3334 952 3717 1024 ὑπερηφάνους
3760 955 3818 1008 δὲ

2230 1038 2361 1101 τοὺς
2389 1038 2502 1090 τῶν
2528 1037 2686 1092 θείων
2719 1039 3104 1110 ὑπερορῶντας
3136 1041 3336 1111 νόμων,
3366 1045 3462 1097 καὶ
3497 1046 3630 1117 παρ’
3663 1045 3818 1099 οὐδὲν

2230 1129 2501 1184 ποιεῖσθαι
2531 1131 2970 1202 μεμελετηκότας
2997 1131 3068 1185 τὰ
3091 1132 3515 1204 τεθεσπισμένα.
3551 1137 3662 1190 Καὶ
3684 1136 3817 1206 γοῦν

2227 1222 2257 1275 ὁ
2290 1223 2559 1294 μακάριος
2595 1223 2702 1294 ἔφη
2743 1223 2940 1278 Δαϐίδ·
2988 1243 3008 1277 ι
3053 1224 3425 1297 Ὑπερήφανοι
3470 1229 3817 1299 παρενόμουν

2243 1312 2348 1376 ἕως
2381 1315 2606 1385 σφόδρα.
2648 1333 2666 1366 t
2709 1316 2929 1386 Ἐπειδὴ
2963 1316 3021 1371 δὲ
3061 1317 3301 1372 πλεῖστοί
3331 1336 3477 1382 τινες
3503 1316 3642 1391 ἦσαν
3671 1322 3818 1376 κατὰ

2229 1405 2327 1477 τὴν
2370 1406 2628 1462 Ἰουδαίαν
2661 1409 2756 1462 καὶ
2791 1409 2974 1480 μέντοι
3018 1411 3118 1482 τὴν
3154 1411 3512 1484 Ἰερουσαλὴμ
3533 1454 3549 1476 ,
3595 1414 3816 1486 πλούτῳ

2228 1515 2290 1552 τε
2337 1499 2620 1570 κομῶντες
2661 1501 3014 1571 ἀμφιλαφῶς,
3053 1503 3149 1557 καὶ
3185 1506 3307 1569 ταῖς
3349 1504 3457 1558 τῶν
3507 1508 3816 1578 χρημάτων

2230 1593 2576 1662 περιουσίαις
2612 1594 2674 1647 οὐ
2726 1594 2964 1666 μετρίως
3016 1597 3422 1668 περιεχόμενοι,
3479 1599 3816 1671 προῦχοντές

2230 1693 2289 1738 διε
2322 1685 2432 1739 τῶν
2469 1684 2644 1740 ἄλλων
2683 1687 2780 1740 καὶ
2805 1687 3144 1751 δυναστείαις
3176 1689 3552 1762 ὠχυρωμένοι,
3593 1694 3686 1746 καὶ
3713 1694 3814 1762 τῆς

2228 1780 2358 1848 παρ’
2378 1778 2563 1843 αὐτοῖς
2592 1777 2844 1844 εὐκλείας
2867 1781 2968 1835 οὐκ
2989 1783 3070 1845 είς
3100 1781 3276 1852 βραχὺ
3303 1782 3504 1855 μέτρον
3533 1784 3813 1858 ἀναπηδή-

2237 1883 2450 1932 σαντες,
2491 1869 2718 1940 ἠρμένοι
2744 1885 2803 1922 τε
2839 1863 2998 1939 ὑψοῦ,
3031 1872 3128 1924 καὶ
3157 1872 3441 1936 οἱονείπως
3481 1871 3810 1946 ἐξογκούμε-

2232 1971 2334 2014 νοι·
2368 1959 2543 2033 ταύτῃ
2571 1978 2654 2014 τοι
2703 1963 2823 2016 κατ’
2853 1961 3033 2015 αὐτῶν
3075 1962 3158 2016 ὅτι
3209 1963 3445 2034 μάλιστα
3483 1964 3552 2018 τὰ
3599 1966 3664 2018 ἐκ
3710 1965 3813 2037 τῆς

2235 2049 2388 2115 Θείας
2412 2052 2581 2123 ὀργῆς
2606 2051 2932 2124 δραμεῖσθαί
2951 2054 3219 2124 φησιπὴν
3242 2054 3472 2108 ἑκάστου
3492 2053 3665 2120 τάξιν,
3689 2056 3812 2126 ἦτοι

2235 2142 2433 2212 μέτρον
2476 2143 2892 2212 αἰνιγματωδῶς
2923 2144 3303 2215 ὐπεμφαίνων.
3336 2145 3673 2218 Παρεικάζει
3700 2147 3813 2218 γὰρ

2231 2233 2431 2297 αὐτοὺς
2477 2233 2573 2288 καὶ
2603 2237 2726 2298 ταῖς
2771 2234 2866 2289 τοῦ
2911 2236 3146 2291 Λιϐάνου
3177 2237 3424 2308 κέδροις’
3466 2255 3486 2290 ι
3532 2237 3671 2292 Ἴδον
3697 2238 3811 2309 γὰρ

2230 2325 2400 2396 ἀσεϐῆ
2420 2367 2435 2392 ,
2476 2344 2495 2378 t
2533 2327 2717 2397 φησὶν,
2764 2345 2784 2378 ι
2817 2328 3284 2400 ὑπερυψούμενον,
3312 2331 3407 2384 καὶ
3435 2330 3807 2402 ἐπαιρόμενον

2227 2419 2304 2482 ὼς
2352 2419 2454 2482 τὰς
2503 2419 2728 2491 κέδρους
2758 2419 2855 2474 τοῦ
2888 2421 3123 2474 Λιϐάνου
3148 2439 3163 2454 ·
3196 2440 3214 2473 t
3259 2422 3354 2476 καὶ
3407 2421 3515 2494 μὴν
3555 2424 3646 2476 καὶ
3695 2424 3811 2486 τοῖς

2226 2511 2470 2584 δένδρεσι
2499 2512 2601 2584 τῆς
2628 2512 2860 2583 βαλάνου
2900 2513 3103 2580 Βασὰν,
3137 2513 3281 2569 τοῦτ’
3313 2514 3432 2569 ἐστι
3452 2557 3466 2582 ,
3498 2515 3657 2588 δρυσὶ
3685 2517 3809 2580 ταῖς

2226 2603 2284 2658 ἐν
2306 2607 2372 2676 τῇ
2403 2605 2713 2658 Βασανίτιδι
2733 2621 2748 2637 ο
2774 2604 2926 2676 χώρα
2956 2605 3013 2659 δέ
3045 2605 3180 2678 αὕτη
3217 2605 3359 2660 κατὰ
3383 2607 3485 2678 τὴν
3523 2606 3808 2670 Ἰουδαίαν,

2225 2697 2259 2768 ἢ
2303 2696 2398 2750 νῦν
2440 2696 2683 2751 καλεῖται
2740 2697 3040 2760 Βασαναία,
3091 2698 3275 2767 φυτῶν
3326 2697 3526 2769 ἀρίστη
3583 2698 3806 2768 τροφὸς,

2227 2789 2460 2860 παχείας
2514 2797 2572 2842 τε
2608 2789 2701 2842 καὶ
2745 2789 3161 2860 εὐμηκεστάτας
3189 2789 3388 2862 ἔχουσα
3417 2791 3518 2856 τὰς
3545 2791 3802 2862 κέδρους.

2227 2881 2558 2950 Παρεικάζει
2590 2879 2646 2933 δὲ
2675 2881 2874 2944 αὐτοὺς
2905 2881 3107 2951 ὁμοίως
3135 2881 3344 2952 βουνοῖς
3372 2883 3466 2939 καὶ
3497 2883 3682 2956 ὄρεσι,
3709 2885 3810 2939 καὶ

2227 2972 2448 3044 προσέτι
2497 2972 2725 3044 πύργοις
2773 2973 2867 3026 καὶ
2904 2974 3142 3044 τείχεσιν
3173 2974 3421 3045 ὑψηλοῖς.
3466 2977 3589 3030 Ὀτι
3621 2977 3679 3030 δέ
3708 2979 3810 3030 καὶ

2223 3066 2323 3130 τὰς
2351 3065 2445 3120 τοῦ
2480 3065 2728 3119 πλουτεῖν
2757 3065 3014 3138 ἀφορμὰς
3055 3067 3496 3123 συναποϐαλοῦσι
3531 3072 3599 3141 τῇ
3627 3070 3804 3142 χώρᾳ,

541 3165 646 3210 tem
669 3154 773 3215 hoc
797 3151 1132 3220 intelligitur.
1163 3148 1303 3204 Cum
1328 3148 1476 3204 enim
1517 3147 1933 3202 denuntiaret!"
1959 3147 2118 3202 undi-

2226 3155 2588 3226 προσεπάγει,
2615 3154 2792 3224 λέγων
2813 3172 2827 3186 ·
2851 3175 2868 3207 ι
2889 3156 2998 3209 Καὶ
3028 3157 3121 3210 ἐπὶ
3151 3159 3258 3210 πᾶν
3286 3158 3471 3211 πλοῖον
3498 3157 3803 3228 θαλάσσης,

537 3259 645 3316 que
704 3244 930 3310 bellum,
980 3252 1035 3297 et
1085 3240 1412 3313 Babylonios
1476 3240 1772 3295 adventare
1821 3240 2121 3307 diceretur,

539 3355 693 3412 spem
721 3341 776 3396 in
818 3339 984 3394 Deum
1027 3337 1190 3404 ﬁgere
1205 3331 1832 3400 destiteruntisraelitae,
1860 3343 1914 3389 et
1955 3332 2124 3404 Egy-

542 3436 686 3504 ptios
736 3434 790 3486 in
839 3429 1150 3503 praesidium
1220 3427 1552 3492 asciverunt,
1598 3425 1768 3496 Tyro,
1815 3433 1872 3480 et
1920 3424 2122 3480 accolis

539 3525 790 3597 gentibus
849 3523 1101 3580 mercede
1161 3520 1466 3576 conductis.
1514 3517 1721 3574 Omnes
1775 3517 1919 3572 eniin
1972 3515 2118 3588 Tyrii

540 3616 801 3674 maritimi
838 3622 1014 3680 erant,
1045 3623 1099 3669 et
1143 3614 1218 3669 rei
1260 3611 1600 3668 mercatoria:
1649 3610 1829 3680 periti,
1863 3619 1918 3665 et
1956 3624 2122 3665 naves

543 3707 815 3763 habebant
865 3704 1151 3775 magniﬁce
1202 3711 1535 3759 exstructas.-
1588 3699 1883 3771 Postquam
1938 3710 2119 3754 autem

541 3799 763 3855 advenit
803 3797 1150 3867 Babylonius,
1205 3805 1497 3865 antequam
1551 3803 1755 3850 terram
1810 3791 2119 3849 Iudaeorum

540 3899 800 3956 vastaret,
832 3889 1172 3960 deprzcdatus
1197 3896 1280 3945 est
1303 3886 1520 3958 Tyrios.
1549 3885 1720 3958 igitur
1749 3887 1901 3942 hisce
1934 3885 2119 3942 verbis

541 3985 623 4041 vel
658 3985 761 4040 hoc
810 3985 940 4040 dicit
973 3981 1321 4054 propheticus
1354 3980 1511 4036 nobis
1571 3993 1797 4047 sermo;
1852 3978 1936 4034 vel
1990 3978 2120 4034 illud

543 4078 837 4134 fortassis:
896 4070 1120 4131 Plurimi
1156 4084 1312 4144 reges
1360 4072 1522 4129 Israel
1580 4080 1752 4128 causa
1805 4071 2116 4142 negotiandi

539 4178 708 4227 naves
767 4168 1073 4234 habebant,
1112 4183 1231 4240 qua
1268 4179 1336 4225 ex
1391 4166 1700 4223 Judmorum
1760 4166 1984 4236 regione
2054 4179 2121 4218 ac

542 4274 687 4318 terra
738 4272 948 4316 merces
987 4269 1362 4328 exportarent,
1399 4259 1509 4315 illis
1565 4273 1753 4314 rursus
1796 4269 1863 4313 ex
1929 4256 2120 4311 alienis

543 4353 850 4422 regionibus
906 4368 971 4407 ac
1004 4352 1314 4407 civitatibus
1354 4353 1714 4417 adveherent:-
1763 4364 1827 4405 ex
1885 4360 1994 4419 quo
2042 4349 2121 4402 fa-

540 4454 687 4499 ctum
711 4449 794 4499 est
823 4454 878 4498 ut
912 4444 1155 4513 ingentes
1197 4456 1327 4510 opes
1349 4442 1454 4497 illis
1477 4442 1835 4508 accrevcrint;
1865 4440 2118 4496 elatiorcs

2224 3248 2319 3302 ml.
2350 3249 2442 3301 ἐπὶ
2464 3249 2646 3300 πᾶσαν
2673 3248 2800 3302 θέαν
2830 3248 3032 3303 πλοίων
3057 3249 3306 3315 κάλλους.
3349 3268 3368 3302 ι
3401 3250 3534 3322 Διχῆ
3566 3251 3624 3304 δέ
3649 3251 3810 3306 τοῦτο

2223 3344 2439 3395 νοεῖται.
2472 3341 2972 3412 Περιαγγελθέντος
3003 3341 3112 3414 γὰρ
3157 3343 3255 3415 ἤδη
3291 3341 3386 3396 τοῦ
3417 3343 3681 3414 πολέμου,
3710 3343 3810 3398 καὶ

2223 3433 2690 3506 προσδοκωμένων
2737 3435 3072 3505 παρέσεσθαι
3117 3435 3226 3488 τῶθ
3277 3433 3658 3501 Βαϐυλωνίων,
3706 3435 3806 3506 τῆς

2223 3529 2303 3591 εἰς
2334 3527 2468 3581 Θεὸν
2497 3524 2713 3589 ἐλπίδος
2750 3525 2858 3597 τὴν
2894 3525 3136 3580 διάνοιαν
3184 3522 3601 3598 ἀποστήσαντες
3642 3527 3692 3580 οί
3745 3525 3806 3594 ἐξ

2235 3611 2473 3692 Ἰσραὴλ,
2497 3614 2826 3689 Αἰγυπτίους
2850 3617 3077 3672 ἐκάλουν
3098 3620 3177 3682 είς
3200 3619 3544 3690 ἐπικουρίαν,
3571 3628 3805 3688 κατεμι-

2223 3708 2444 3764 σθοῦντό
2468 3725 2530 3762 τε
2559 3709 2660 3780 τὴν
2689 3708 2885 3780 Τύρον,
2917 3708 3012 3760 καὶ
3064 3707 3134 3760 τὰ
3177 3707 3433 3779 περίοικα
3470 3707 3801 3764 τῶν-ἐθνῶν.

2221 3803 2634 3875 Θαλασσουργοὶ
2665 3801 2722 3854 δὲ
2750 3801 2951 3865 πάντες
2998 3800 3051 3853 οί
3091 3799 3302 3873 Τύριοι,
3338 3801 3432 3854 καὶ
3479 3801 3805 3872 ἐμπορικῶν
3898 3864 3904 3874 ,

2221 3895 2670 3967 ἐπιτηδευμάτων
2690 3894 3074 3964 ἐπιστήμονες,
3099 3892 3196 3946 καὶ
3227 3893 3526 3962 φιλοτίμως
3545 3892 3646 3956 τάς
3669 3893 3805 3956 ναῦς

2222 3986 2742 4058 κατεσκευασμένοι.
2808 3984 3027 4058 Ἐπειδὴ
3070 3985 3128 4039 δέ
3179 3979 3315 4057 ἧκεν
3358 3985 3387 4037 ὀ
3434 3985 3803 4050 Βαϐυλώνιος,

2222 4079 2329 4151 πρὸ
2367 4080 2467 4150 τῆς
2524 4078 2795 4132 Ἰουδαίων
2843 4079 2967 4148 γῆς,
3017 4076 3116 4148 τὴν
3163 4076 3378 4148 Τυρίων
3425 4075 3800 4148 κατεληῖζετο.

2221 4170 2432 4225 Οὐκοῦν
2467 4170 2500 4242 ἦ
2527 4169 2682 4224 τοῦτό
2708 4187 2872 4242 φησιν
2897 4173 2925 4224 ὁ
2955 4169 3294 4242 προφητικδς
3318 4171 3453 4240 ἡμῖν
3485 4171 3544 4223 ἐν
3581 4169 3797 4233 τούτοις

2220 4261 2399 4332 λόγος,
2429 4255 2462 4335 ἤ
2495 4256 2672 4317 ἐκεῖνό
2706 4271 2808 4316 που
2835 4263 2997 4332 τάχασ
3044 4261 3294 4315 Πλεῖστοι
3340 4261 3448 4332 γάρ
3476 4261 3586 4315 τῶν
3633 4261 3802 4333 βεϐα-

2223 4347 2544 4409 σιλευκότων
2580 4354 2673 4408 τοῦ
2711 4352 2944 4424 Ἰσραὴλ,
2964 4347 3095 4418 ναῦς
3122 4348 3268 4424 εἶχον
3297 4354 3628 4425 ἐμπορικὰς,
3651 4352 3799 4426 τῆς]

2221 4449 2286 4503 ἐκ
2318 4451 2416 4520 τῆς
2445 4447 2620 4503 Ἰνδῶν
2644 4447 2828 4518 χώρας
2851 4459 2910 4498 τε
2941 4446 3036 4498 καὶ
3060 4438 3165 4517 γῆς
3184 4438 3566 4519 ἀποφερούσας
3590 4448 3800 4511 αὐτοῖς,

541 4538 667 4594 facti
706 4545 832 4593 sunt
858 4537 1058 4602 cedi-is,
1087 4535 1412 4605 quercubus,
1455 4534 1733 4590 montibus
1785 4543 1842 4589 et
1871 4534 2112 4589 turribus

2226 4541 2313 4596 καὶ
2344 4537 2490 4612 τὰ[ς]
2516 4539 2574 4606 ἐξ
2605 4532 2806 4610 ἐτέρων
2838 4537 3032 4609 χωρῶν
3062 4539 3158 4590 καὶ
3185 4537 3424 4591 πόλεων·
3460 4537 3588 4590 ὅθεν
3617 4539 3802 4602 αὐτοῖς

541 4645 645 4686 non
677 4629 991 4684 dissimiles.
1021 4625 1174 4694 Quod
1208 4640 1336 4681 vero
1365 4624 1771 4680 conﬂaudarum
1810 4638 1971 4694 opum
2021 4640 2117 4680 oc-

539 4721 712 4786 casio,
751 4719 928 4785 idest,
963 4718 1124 4772 luch
1147 4730 1268 4788 qua:
1326 4727 1391 4771 ex
1417 4715 1784 4787 negotiatione
1839 4727 1894 4771 et
1960 4731 2117 4772 com-

541 4814 840 4869 mutatione
881 4810 1128 4877 inllttunt,
1206 4810 1367 4866 simul
1429 4825 1550 4863 cum
1582 4809 1830 4878 superbis
1877 4811 2115 4880 peritura

538 4906 674 4970 sint,
698 4905 994 4959 luculenter
1010 4905 1248 4960 denotat.
1274 4902 1427 4971 Quod
1451 4903 1616 4957 etiam
1636 4901 1894 4958 Israelita:
1919 4901 2118 4958 multos

540 4999 594 5051 in
627 4995 928 5052 subsidium
978 4996 1366 5062 conducerent,
1391 5007 1497 5050 non
1527 4995 1818 5050 obscurum
1851 5003 1958 5058 est,
1989 5005 2111 5049 cum

539 5085 683 5147 Deus
709 5089 777 5143 de
809 5087 914 5143 illis
953 5103 1049 5158 per
1097 5089 1325 5144 alterum
1382 5089 1694 5159 prophetam
1758 5088 1946 5144 dicat:
1982 5106 2001 5138 ι
2050 5087 2118 5141 Et

533 5185 657 5238 erat
698 5179 955 5251 Ephraim
999 5179 1245 5233 columba
1315 5188 1521 5242 amens,
1579 5185 1683 5231 non
1736 5177 1941 5232 habens
1997 5187 2112 5241 cor,

540 5270 832 5344 [Egyplunt
892 5270 1183 5332 invocavit,
1235 5276 1288 5321 et
1335 5270 1400 5323 ad
1430 5268 1678 5337 Assyrios
1715 5267 1864 5322 abiit.
1896 5266 2112 5321 Etcum

539 5365 791 5427 abierint,
837 5361 1079 5432 inji‘ciam
1147 5358 1253 5414 illis
1307 5367 1417 5413 rete
1491 5374 1691 5420 meum,
1764 5357 1927 5410 veluti
1989 5355 2111 5411 cmli

541 5454 785 5510 volucres
828 5455 1088 5508 deducam
1150 5466 1264 5516 eos,
1330 5463 1550 5504 rumore
1636 5440 1945 5502 alllictlonis
2003 5463 2116 5503 sure

537 5545 781 5600 erudiam
813 5560 908 5600 eos
937 5543 1002 5598 η.
1039 5563 1057 5595 ›
1093 5543 1406 5598 inevitabile
1427 5550 1511 5596 est
1548 5541 1709 5610 igitur
1738 5540 1828 5594 Dei
1852 5540 2113 5609 judicium

538 5644 728 5691 contra
759 5651 895 5707 quos
921 5637 999 5689 lit.
1026 5636 1214 5691 Nonne
1247 5644 1374 5690 vero
1395 5634 1560 5704 itnpia
1586 5641 1670 5686 est
1701 5632 1989 5699 imperitia,
2021 5646 2115 5699 spe

601 5791 620 5812 ‘
650 5793 786 5851 Psal.
813 5810 1001 5862 cxvttt,
1029 5793 1120 5849 Si.
1184 5795 1203 5825 ⁹
1230 5791 1581 5856 Psal.xxxv1,

2224 4630 2318 4684 καὶ
2355 4631 2384 4682 ὁ
2420 4629 2587 4691 πολὺς
2623 4627 3000 4696 συναγήγερτο
3047 4624 3308 4689 πλοῦτος·
3345 4623 3405 4689 ἐξ
3445 4619 3504 4678 οὗ
3541 4624 3802 4692 γεγόνασι

2223 4720 2438 4791 ὑψηλοὶ,
2484 4719 2695 4790 κέδροις
2728 4728 2784 4771 τε
2817 4716 2912 4772 καὶ
2949 4717 3136 4788 δρυσὶν
3178 4719 3236 4770 ἐν
3271 4717 3392 4787 ἴσῳ,
3427 4715 3580 4786 δρεσί
3615 4733 3675 4770 τε
3709 4716 3802 4768 καὶ

2229 4812 2480 4883 πύργοις.
2506 4807 2719 4862 Οὐκοῦν
2741 4811 2822 4862 ὅτι
2845 4809 2941 4861 καὶ
2970 4807 3354 4861 συναπολεῖται
3377 4809 3489 4870 τοῖς
3512 4805 3804 4876 ὑπερηφά-

2219 4917 2332 4968 νοις
2355 4903 2448 4957 καὶ
2500 4902 2533 4972 ή
2573 4899 2668 4952 τοῦ
2711 4899 2940 4953 πλούτου
2982 4899 3226 4971 ἀφορμὴ,
3258 4899 3404 4952 τοῦτ’
3435 4899 3572 4961 ἐστι,
3617 4899 3689 4952 τὰ
3737 4900 3802 4952 ἐκ

2217 4997 2317 5065 τῆς
2363 4991 2636 5064 ἐμπορίας
2694 4992 2786 5043 καὶ
2842 4991 3144 5060 μεταϐολῆς
3193 4991 3272 5053 εἰς
3315 4989 3578 5061 τρέχοντα
3624 4989 3795 5060 κέρδη

2220 5085 2620 5156 κατασημαίνει
2683 5083 2969 5155 λαμπρῶς.
3042 5083 3166 5136 ’Ότι
3239 5081 3298 5135 δέ
3370 5080 3802 5152 κατεμισθοῦντο

2219 5179 2449 5243 πολλοὺς
2497 5177 2632 5248 πρὸς
2664 5175 2983 5246 ἐπικουρίαν
3026 5175 3076 5228 οἱ
3110 5174 3168 5241 ἐξ
3211 5173 3425 5245 Ἰσραὴλ
3477 5173 3578 5226 οὐκ
3623 5174 3804 5245 ἀσυμ-

2224 5266 2410 5337 φανές,
2444 5267 2536 5319 καὶ
2567 5266 2635 5318 δι’
2665 5265 2852 5335 ἐτέρου
2891 5265 3173 5335 προφήτου
3229 5263 3478 5333 λέγοντος
3503 5263 3640 5317 Θεοῦ
3674 5265 3804 5336 περὶ

2223 5354 2439 5414 αὐτῶν·
2493 5377 2511 5409 ι
2546 5358 2655 5411 Καὶ
2709 5353 2776 5428 ἦν
2817 5355 3056 5426 Ἐφραίμ
3103 5355 3407 5428 περιστερὰ
3452 5355 3649 5420 ἄνους,
3701 5357 3802 5409 οὐκ

2224 5453 2420 5522 ἔχουσα
2489 5450 2716 5520 καρδίαν
2743 5489 2758 5513 ,
2825 5449 3100 5517 Αἴγυπτον
3149 5448 3471 5502 ἐπεκαλεῖτο
3495 5489 3509 5511 ,
3573 5450 3670 5502 καὶ
3721 5449 3800 5511 είς

2234 5542 2554 5614 Ἀσσυρίους
2589 5541 2898 5612 ἐπορεύετο.
2934 5539 3129 5603 Καθὼς
3160 5540 3516 5610 πορεύονται,
3551 5539 3799 5595 ἐπιϐαλῶ

2223 5635 2309 5686 ἐπ’
2358 5635 2556 5696 αὐτοὺς
2592 5631 2653 5684 τὸ
2682 5633 2898 5685 δίκτυόν
2931 5649 3053 5702 μου,
3108 5630 3290 5695 καθὼς
3335 5632 3402 5684 τὰ
3441 5631 3664 5687 πετεινὰ
3705 5627 3798 5684 τοῦ

1785 5789 1825 5818 ¹⁰
1860 5787 1996 5844 Osce
2037 5805 2132 5849 νη.
2161 5788 2245 5854 il,
2284 5789 2365 5842 12.
