4132 6316
459 348 520 404 9|
1471 346 1551 414 .s.
1590 328 1870 403 crmm
1909 339 2379 397 ALEXANDRINI
2418 342 2735 400 ARCIIIEP.
3642 344 3712 401 οε

461 464 733 522 ιίΙίοιιεε.»
788 461 1059 520 Collocata
1127 462 1270 516 enim
1335 462 1386 516 in
1453 461 1630 532 adytis
1686 459 2030 522 manufacta,

2148 461 2319 510 ιιυνεῖν
2361 460 2546 523 αὐτοῖς
2593 461 2687 514 καὶ
2733 461 2853 526 ταῖς
2895 457 3236 535 νυκτερίσινέ
3265 461 3305 531 ιζ
3340 460 3711 533 Ἰδρυσάμενοι

463 559 819 614 adoraverunt
836 556 1030 628 impie:
1053 553 1451 610 arbitrabantur
1470 554 1725 610 nimirum
1749 565 1870 608 esse
1887 551 2037 606 deos.

461 651 756 721 Postquam
791 663 916 704 vero
954 647 1241 702 imminere
1272 647 1464 702 bellum
1494 646 1779 710 viderunt,
1811 642 2041 699 nullaru-

462 757 567 813 que
594 740 779 797 auxilii
814 739 1176 810 consequendi
1218 740 1480 794 rationem
1523 739 1626 794 sibi
1653 747 1875 809 prorsus
1897 748 2038 804 esse,

459 841 519 888 'et
547 831 747 901 lapides
781 846 844 886 ac
876 830 1017 901 ligna
1040 844 1160 886 esse
1189 830 1677 899 deprehenderunt,
1721 838 1778 884 et
1814 827 2039 883 materia

455 939 625 980 aurea
655 931 711 979 et
740 933 1017 994 argentea,
1049 935 1187 992 quos
1231 922 1586 991 sospitatores
1629 931 1686 978 et
1720 921 2040 977 liberatores

467 1015 582 1071 fore
612 1016 974 1082 crediderunt,
1010 1029 1040 1070 e
1064 1014 1274 1085 templis
1302 1016 1599 1084 eiecerunt,
1635 1022 1694 1070 et
1720 1014 1772 1069 in
1796 1013 2042 1069 cavernis

459 1109 801 1175 «abdiderunt,
835 1108 1004 1178 magis
1033 1117 1090 1161 ut
1116 1116 1402 1177 parcerent
1434 1108 1691 1169 materiae,
1717 1123 1877 1176 quam
1898 1108 2040 1177 quod

465 1198 584 1253 illos
610 1199 840 1268 amplius
864 1213 962 1254 ceu
987 1200 1115 1253 deos
1143 1198 1399 1252 colerent.
1447 1197 1831 1253 Frustrancum
1862 1209 2041 1254 autem

459 1299 517 1344 ‘ct
541 1291 784 1344 inutilem
817 1289 922 1346 illis
955 1289 1192 1344 laborem
1222 1305 1340 1346 esse
1369 1291 1420 1346 in
1454 1291 1717 1346 idolorum
1747 1291 2038 1358 efﬁctione,

457 1382 702 1436 "ostendit
730 1382 943 1436 dicens:
985 1399 1004 1434 ι
1045 1381 1234 1451 Ejiciet
1263 1383 1425 1438 homo
1454 1385 1880 1439 abominationes
1907 1398 2042 1454 quas

468 1472 614 1538 fecit,
655 1483 715 1528 ut
763 1473 883 1529 illas
921 1482 976 1529 et
1012 1474 1422 1544 vespertiliones
1478 1475 1782 1530 adoraret.»
1822 1473 2037 1530 Etenim

467 1579 684 1619 suorum
723 1565 940 1619 deorum
977 1565 1300 1620 exstiterunt
1322 1566 1560 1635 opiﬁces,
1601 1574 1657 1621 et
1687 1566 1922 1621 artiﬁces
1948 1582 2040 1621 eo-

469 1671 586 1709 rum
619 1672 738 1725 quae
780 1655 1167 1712 adorabantur.
1204 1653 1335 1726 Opis
1362 1671 1490 1712 vero
1517 1656 1656 1710 nihil
1686 1656 1753 1712 ab
1783 1656 1848 1711 iis
1883 1671 2039 1712 acce-

2141 549 2252 621 γὰρ
2299 550 2356 603 ἐν
2402 554 2590 623 σηκοῖς
2646 551 2716 605 τὰ
2774 555 3130 625 χειροποίητα
3196 555 3713 624 προσκεκυνήκασιν

2140 641 2368 706 ἀνοσίως
2389 660 2402 675 ·
2427 634 2595 715 ᾤοντο
2622 645 2727 719 γὰρ
2747 641 2885 700 εἶναι
2915 646 3088 708 θεούς.
3124 646 3346 718 Ἐπειδὴ
3378 645 3435 699 δέ
3471 646 3716 720 παρόντα

2141 733 2422 788 τεθέανται
2455 735 2546 790 τὸν
2578 737 2672 790 τοῦ
2697 738 2933 810 πολέμου
2971 739 3181 809 καιρὸν,
3227 732 3347 790 ε’ίτα
3372 738 3472 808 τῆς
3493 738 3716 790 ἐπικου-

2143 825 2265 897 ρίας
2286 827 2464 893 οὐδεὶς
2489 825 2559 901 ἦν
2582 829 2718 895 ὅλως
2742 825 2928 896 αὐτοῖς
2971 833 3000 885 6
3040 832 3242 902 τρόπος
3263 873 3277 895 ,
3307 829 3446 885 λίθοι
3473 831 3528 884 δὲ
3560 831 3714 895 ὄντες

2141 915 2391 986 καὶξύλα
2431 919 2806 990 πεφώρανται,
2837 912 2936 992 ὕλη
2973 939 3034 974 τε
3080 921 3258 993 χρυσῆ
3291 922 3387 976 καὶ
3409 921 3714 994 περιάργυ-

2143 1025 2255 1080 ρος.
2289 1008 2383 1073 οὓς
2421 1011 2679 1080 ἐνόμισαν
2726 1011 2940 1066 ἔσεσθαι
2981 1013 3236 1084 σωτῆρας
3288 1013 3382 1066 καὶ
3409 1010 3715 1084 λυτρωτὰςι

2143 1090 2426 1164 ἐξέϐαλλον
2455 1103 2563 1156 τῶν
2589 1103 2754 1170 ναῶν,
2782 1105 2877 1158 καὶ
2907 1105 3285 1176 κατέκρυπτον
3314 1105 3373 1157 ἐν
3405 1103 3713 1174 σπηλαίοις,

2143 1191 2443 1264 φειδόμενοι
2497 1195 2696 1265 μᾶλλον
2754 1195 2857 1267 τῆς
2911 1195 3077 1268 ὕλης,
3140 1195 3235 1250 καὶ
3283 1195 3382 1266 οὐχ
3434 1193 3509 1259 ὡς
3561 1194 3719 1258 θεοὺς

2141 1283 2411 1353 τιμῶντες
2455 1283 2558 1340 ἐτι.
2593 1285 2812 1351 Είκαῖος
2854 1286 2912 1340 δὲ
2940 1289 3023 1341 ὅτι
3070 1287 3166 1340 καὶ
3196 1286 3451 1357 ἀνόνητος
3494 1287 3522 1339 6
3556 1284 3718 1349 πόνος

2141 1373 2324 1438 αὐτοῖς
2373 1377 2402 1428 6
2445 1378 2573 1447 περὶ
2613 1377 2710 1449 τὴν
2759 1377 2870 1432 τῶν
2915 1377 3147 1432 εἰδώλων
3191 1378 3431 1447 ποίησιν,
3461 1375 3717 1442 διέδειξεν

2142 1463 2342 1518 εἰπών’
2386 1485 2404 1518 ι
2455 1467 2706 1522 Ἐκϐαλεί
2735 1467 3021 1539 ἄνθρωπος
3051 1468 3123 1522 τὰ
3162 1468 3511 1540 βδελύγματα
3551 1465 3716 1519 αὑτοῦ

2141 1556 2178 1612 ἃ
2200 1558 2422 1630 ἐποίησε
2454 1561 2778 1630 προσκυνεῖν
2807 1561 2990 1624 αὐτοῖς
3031 1562 3124 1614 καὶ
3168 1563 3290 1624 ταῖς
3318 1558 3648 1630 νυκτερίσιν.
3695 1573 3712 1606 ι

2143 1650 2397 1718 Γεγόνασι
2424 1651 2523 1722 μὲν
2547 1651 2656 1723 γὰρ
2692 1651 2846 1706 αὐτοὶ
2879 1648 3203 1724 δημιουργοὶ
3230 1631 3338 1705 τῶν
3371 1651 3516 1704 ἰδίων
3553 1649 3716 1711 θεῶν.

461 1760 683 1818 perunt,
717 1765 780 1805 ac
834 1749 1081 1805 fortassis
1137 1749 1608 1818 vespertilionibus
1655 1748 1785 1803 solis
1844 1749 2039 1818 templa

2148 1744 2237 1797 καὶ
2286 1745 2524 1813 τεχνῖται
2577 1741 2686 1800 τῶν
2746 1743 3272 1816 προσκυνουμένων,
3327 1742 3594 1814 ἐσχήκασι
3663 1741 3720 1794 δέ

467 1841 820 1895 a-dilicarunt.
857 1839 1080 1910 Semper
1135 1841 1282 1894 enim
1341 1839 1604 1912 ejusmodi
1653 1840 1887 1896 volatilia
1926 1842 2040 1898 sive

465 1932 786 1988 aliimalcula
819 1933 871 1987 in
917 1933 1078 2000 caecis
1102 1932 1234 1988 locis
1259 1930 1496 1988 libenter
1520 1933 1787 1998 habitant,
1826 1943 1879 1990 et
1906 1935 2041 1990 bor-

467 2036 592 2079 rore
615 2033 669 2079 et
699 2023 941 2080 fieditate
968 2023 1175 2095 replent
1203 2025 1410 2090 omnia,
1435 2021 1628 2094 Ejiciet
1662 2026 1844 2095 itaque
1879 2025 2041 2084 homo

470 2116 900 2172 abominationes
933 2131 1068 2188 quas
1099 2116 1244 2172 fecit.
1276 2116 1468 2188 Ejiclet
1499 2133 1626 2173 vero
1651 2125 1709 2172 ut
1731 2118 2042 2190 ingredian-

463 2214 558 2262 'tnr
593 2209 643 2264 in
680 2207 940 2264 foramina
967 2209 1118 2266 durae
1161 2217 1345 2278 petrae,
1379 2217 1436 2266 et
1469 2209 1520 2264 iu
1556 2211 1826 2267 scissuras
1857 2222 2040 2282 petra-

461 2307 586 2356 rum
626 2316 654 2355 a
688 2300 826 2355 facie
863 2301 1070 2356 timoris
1111 2301 1343 2356 Domini.
1400 2294 1533 2356 Vide
1566 2299 1728 2372 igitur
1755 2316 1860 2372 quo
1885 2314 2043 2373 pacto

460 2406 526 2448 se
551 2407 653 2446 una
688 2407 806 2447 cum
839 2391 951 2445 suis
984 2390 1086 2447 diis
1110 2390 1285 2446 conati
1315 2388 1515 2445 fuerint
1549 2390 1780 2461 sepelire
1827 2391 2040 2448 miseri.

460 2483 734 2538 ‘Cmterum
798 2481 1171 2536 universorum
1205 2480 1371 2534 Deum
1420 2495 1528 2535 non
1569 2481 1819 2535 viderunt
1883 2482 2041 2538 talem

463 2589 609 2629 esse.
669 2573 781 2628 Non
835 2573 981 2627 enim
1036 2571 1213 2638 latuit,
1259 2587 1382 2628 cum
1423 2587 1490 2627 ex
1531 2581 1675 2626 terra
1721 2571 2041 2645 Egyptiaca

463 2665 740 2732 fugerent,
767 2673 820 2719 et
851 2663 1230 2733 insequeretur
1263 2663 1474 2718 Pharao
1520 2679 1877 2734 prosequens.
1915 2665 2044 2722 Per-

472 2757 617 2828 rupit
661 2757 805 2812 enim
845 2771 1018 2822 mare,
1055 2765 1109 2811 et
1140 2755 1326 2811 eduxit
1367 2757 1715 2814 inenarrabili
1740 2774 1832 2814 eos
1863 2772 2046 2830 poten-

467 2850 541 2902 tia
579 2859 632 2903 et
655 2859 789 2903 nutu
842 2847 1230 2915 ineXplicab‘ili,
1286 2849 1441 2904 etilli
1489 2849 1704 2918 quidem
1741 2855 2044 2908 conservati

467 2950 613 3006 sunt,
640 2939 864 3008 perinde
891 2939 1045 3009 quasi
1069 2939 1272 2994 aridam
1306 2941 1632 2997 transirent:
1661 2941 1748 2997 hic
1774 2958 1898 2998 vero
1928 2951 2042 2998 stu-

465 3032 623 3103 pidns
669 3031 882 3087 Pharao
942 3030 1262 3102 prmfocatus
1310 3042 1393 3088 est
1435 3048 1556 3088 cum
1606 3040 1722 3088 toto
1775 3037 2039 3090 exercitu.

2147 1840 2275 1911 παρ’
2311 1839 2489 1894 αὐτῶν
2523 1840 2602 1904 είς
2643 1839 2830 1912 ὄνησιν
2865 1837 3037 1894 οὐδέν.
3066 1837 3221 1909 Τάχα
3265 1835 3324 1890 δέ.
3373 1854 3475 1890 που
3531 1835 3721 1906 μόναις

2146 1933 2265 1995 ταῖς
2313 1932 2623 2003 νυκτερίσιν
2673 1930 3025 2003 ἀνεδείμαντο
3063 1930 3191 1993 τοὺς
3237 1927 3420 1992 ναούς.
3464 1928 3579 1981 Ἀεὶ
3609 1927 3718 1996 γάρ

2149 2042 2266 2089 πως
2319 2024 2386 2078 τά
2444 2025 2624 2078 τοιάδε
2677 2023 2786 2078 τῶν
2838 2022 3058 2094 πτηνῶν
3109 2022 3231 2093 ἦτοι
3294 2019 3551 2090 ζωῦφίων
3607 2021 3720 2084 τοῖς

2149 2116 2412 2187 ἀφεγγέσι
2455 2116 2564 2170 τῶν
2602 2117 2781 2171 τόπων
2819 2113 3308 2188 ἐμφιλοχωροῦσιν,
3343 2112 3439 2167 καὶ
3464 2111 3563 2180 τῆς
3589 2107 3719 2181 παρ’

2149 2209 2358 2264 ἑαυτῶν
2398 2208 2678 2281 βδελυρίας
2719 2209 2810 2264 κα)⁵
2863 2207 3170 2278 κακοσμίας
3222 2203 3607 2275 άναπιμπλᾶσι
3653 2201 3721 2255 τά

2148 2299 2208 2355 ἐν
2257 2301 2461 2365 αὐτοῖς.
2533 2299 2784 2354 Ἐκϐαλεϊ
2835 2300 3014 2354 τοίνυν
3066 2298 3355 2372 ἄνθρωπος
3410 2295 3447 2350 ὃ.
3498 2293 3720 2364 ἐποίησε

2151 2390 2516 2464 βδελύγματα,
2549 2390 2769 2444 ἐκϐαλεῖ
2803 2389 2858 2444 δὲ
2890 2390 3032 2456 ὅποι,
3077 2387 3170 2442 τοῦ
3200 2386 3484 2450 εἰσελθεῖν,
3530 2383 3717 2455 φησὶνν

2147 2485 2229 2548 είς
2273 2483 2373 2547 τὰς
2419 2481 2672 2553 τρώγλας
2699 2481 2797 2553 τῆς
2827 2481 3052 2552 στερεᾶς
3080 2478 3324 2551 πέτρας,
3359 2476 3455 2531 καὶ
3497 2475 3577 2538 εἰς
3622 2471 3722 2534 τὰς

2153 2573 2387 2645 σχισμὰς
2449 2573 2558 2627 τῶν
2619 2573 2835 2644 πετρῶν
2886 2571 2994 2627 ἀπὸ
3058 2570 3352 2643 προσώπου
3399 2565 3494 2622 τοῦ
3553 2564 3720 2634 φόϐου

2151 2665 2579 2739 Κυρίου.”Αθρει
2608 2665 2672 2736 δὴ
2695 2661 2786 2718 οὖν
2809 2665 2957 2728 ὅπως
2985 2665 3098 2728 τοῖς
3139 2662 3290 2726 ἰδίοις
3319 2660 3461 2723 θεοῖς
3495 2657 3720 2721 ἑαυτοὺς

2151 2755 2489 2822 ἐσπούδαζον
2545 2756 3006 2828 συγκατορύττειν
3058 2756 3109 2810 οἱ
3155 2755 3405 2818 τάλανες.
3465 2750 3603 2804 Ἀλλ’
3658 2747 3722 2801 ού

2151 2849 2388 2906 τοιοῦτον
2430 2849 2714 2903 τεθέανται
2757 2849 2849 2902 τὸν
2887 2847 2994 2901 τῶν
3023 2847 3160 2902 ὅλων
3190 2846 3344 2901 Θεόν.
3390 2843 3722 2916 Ἐκρύπτετο

2151 2943 2258 3015 γὰρ
2307 2941 2592 3012 οὐδαμῶς,
2638 2943 2726 2995 ὅτε
2775 2942 2874 3013 τῆς
2927 2940 3244 3010 Λίγυπτίων
3277 2939 3722 3009 ἐκδεδραμήκασί

2151 3037 2274 3108 γῆς,
2304 3037 2489 3092 εἵπετο
2514 3036 2570 3090 δὲ
2613 3034 2825 3090 διώκων
2862 3033 2892 3088 6
2933 3031 3150 3106 Φαραώ.
3186 3030 3450 3104 Διέῤῥηξε
3480 3031 3591 3100 γὰρ
3627 3029 3726 3101 τὴν

467 3122 619 3186 Item,
659 3138 781 3176 cum
817 3121 1090 3177 llalLsaces
1138 3120 1559 3193 Babyloniorum
1585 3125 1691 3179 dux
1747 3125 2042 3183 derusalem

2156 3129 2451 3194 θάλασσαν,
2480 3128 2576 3183 καὶ
2627 3129 2890 3200 διήγαγεν
2943 3125 3159 3192 ain-634,
3211 3124 3436 3196 ἀρρήτῳ
3471 3121 3732 3188 δυνάμει,

464 3215 745 3272 obsidione
787 3215 1026 3285 undique
1076 3226 1366 3284 premeret,
1413 3231 1476 3270 ac
1506 3225 1694 3271 contra
1743 3217 1912 3272 Deum
1951 3219 2048 3275 dc-

468 3308 780 3370 blaleraret,
815 3307 1128 3376 diceretque
1151 3322 1210 3362 se
1245 3318 1412 3364 totam
1442 3307 1681 3364 Judzeant
1718 3311 1875 3366 facile
1907 3313 2052 3368 devi-

466 3407 680 3454 cturum
721 3413 874 3452 :uon
923 3399 1132 3453 delituit
1176 3399 1348 3463 Deus,
1396 3416 1493 3454 nec
1550 3410 1825 3470 petrarum
1880 3403 2046 3460 rimas

465 3490 732 3560 qumsivit,
793 3507 890 3546 nec
929 3500 1178 3562 rupturas
1209 3491 1473 3546 montium
1517 3510 1531 3546 :
1566 3493 1657 3547 sed
1688 3504 1940 3563 precatus
1968 3503 2052 3551 est

467 3579 726 3636 Ezechias
750 3581 967 3636 dicens:
994 3582 1252 3648 «Exaudi,
1290 3582 1535 3647 Domine,
1570 3585 1772 3654 aSpice,
1802 3583 2049 3652 Domine,

466 3673 587 3728 vide
613 3688 890 3729 sermones
934 3672 1224 3739 Babsacis,
1262 3689 1422 3743 quem
1455 3690 1547 3730 rex
1581 3677 1924 3747 Assyriorum
1949 3680 2049 3732 mi-

464 3765 557 3830 sit,
580 3770 636 3817 ut
660 3763 711 3818 iu
741 3764 906 3818 Deum
939 3764 1206 3820 viventem
1242 3763 1435 3834 probra
1461 3765 1666 3834 jaceret
1689 3766 1787 3820 η.»
1825 3766 2048 3824 Statim-

463 3870 568 3926 que
589 3853 756 3909 Dcum
783 3853 986 3910 audivit
1010 3854 1319 3924 loquentem
1340 3872 1354 3909 :
1374 3855 1760 3926 rPropugnabo
1775 3858 2050 3914 civitatem

466 3949 605 4003 hanc
629 3957 850 4018 propter
883 3963 968 4002 me
993 3957 1047 4001 et
1068 3958 1284 4016 propter
1309 3947 1474 4004 David
1499 3963 1715 4004 servum
1749 3965 1925 4005 meum
1948 3953 2044 4008 η.»

467 4040 530 4094 Et
560 4057 805 4109 quaenam
838 4050 949 4094 tum
997 4039 1096 4095 fuit
1137 4039 1567 4109 periclitantibus
1594 4040 1942 4097 subveniendi
1971 4059 2052 4098 ra-

456 4134 580 4187 tio?
620 4132 722 4203 51
761 4131 1101 4189 Incredibilis
1133 4147 1264 4188 sane
1314 4139 1368 4188 et
1393 4131 1501 4187 Deo
1529 4133 1712 4204 digna.
1759 4133 2052 4204 «Egressus

454 4227 606 4280 'enim
637 4237 720 4281 est
761 4227 980 4296 angelus
1009 4225 1241 4292 Domini,
1273 4232 1328 4281 et
1373 4241 1441 4281 ex
1473 4229 1672 4284 castris
1697 4229 2049 4303 Assyriorum

453 4329 681 4373 ‘centum
705 4319 973 4387 octoginta
990 4317 1233 4387 qui-nque
1249 4318 1415 4372 millia
1441 4318 1714 4376 interemit
1737 4322 1836 4376 ιτ.»
1871 4323 2050 4390 Quare

456 4413 672 4482 pudore
702 4407 1074 4465 suﬁ'undantur
1104 4411 1193 4480 qui
1223 4412 1453 4466 adorant
1475 4412 1765 4480 sculptilia,
1791 4415 1904 4484 qui.
1929 4430 2044 4470 om-

458 4506 746 4575 nipotente
776 4503 886 4558 Deo
938 4502 1149 4566 relicto,
1180 4502 1282 4556 diis
1332 4503 1596 4568 serviunt,
1651 4519 1787 4574 quos
1840 4518 1964 4560 ante
1986 4521 2045 4562 se
2078 4479 2120 4534 D

467 4595 786 4659 recondunt,
813 4609 881 4648 ne
909 4603 1033 4646 ante
1066 4592 1210 4660 ipsos
1239 4601 1481 4660 pereant,
1515 4593 1603 4647 ubi
1636 4595 1916 4662 cupiditati
1949 4597 2045 4651 lio--

453 4687 624 4742 ⁷εςιίιιιιι
666 4685 1016 4752 avaritiaeque
1067 4681 1266 4736 fuerint
1319 4683 1571 4752 expositi.
1611 4684 1863 4740 Dicamus
1915 4704 2045 4760 ergo

455 4784 756 4833 “secundum
783 4779 1063 4849 propheta:
1089 4775 1336 4834 tieremlm
1379 4791 1605 4834 mecm:
1643 4799 1662 4832 ι
1698 4777 1902 4834 Solium
1934 4780 2048 4849 glo-

457 4871 560 4924 “riae
617 4870 934 4934 exaltatum,
967 4871 1332 4925 sanctiﬁcatio
1369 4881 1572 4937 vestra,
1606 4873 1942 4939 caspectatio
1971 4871 2047 4926 ls-

456 4959 596 5026 ‘rael,
640 4958 902 5021 Domine;
925 4969 1109 5013 onmes
1144 4959 1232 5028 qui
1255 4959 1632 5029 derelinquunt
1661 4969 1729 5024 te,
1753 4959 2046 5026 pudeﬁaut.

458 5049 786 5105 Deﬁcientes
826 5048 878 5102 in
919 5057 1061 5103 terra
1090 5050 1439 5115 scribantur,
1480 5051 1604 5120 quia
1635 5049 2051 5121 ldereliquerunt

455 5141 664 5197 Tontem
681 5143 802 5197 vitae
823 5139 1104 5196 Dominum
1128 5141 1192 5195 ¹⁸.
1221 5161 1239 5194 ι
1265 5141 1382 5196 Jam
1403 5153 1533 5198 vero
1550 5142 1691 5198 si‘fas
1707 5145 1776 5200 sit
1796 5143 2051 5215 spiritua-

459 5233 602 5288 libus
653 5234 855 5305 aliquid
914 5235 1077 5290 etiam
1126 5233 1405 5303 spirituale
1456 5236 1682 5289 dicere:
1733 5239 2042 5307 quicunque

464 5327 601 5380 idola
641 5327 837 5382 mentis
869 5328 1172 5398 patiuntur.
1209 5335 1264 5380 et
1310 5338 1593 5396 pravarum
1642 5328 1933 5396 imaginum
1959 5345 2046 5383 co-

458 5416 752 5486 gitationes
785 5418 1094 5482 admittunt,
1131 5417 1308 5473 sciant
1341 5415 1458 5472 fore
1508 5433 1566 5473 se
1596 5419 1748 5472 nidos
1782 5419 2043 5486 vesperti-

455 5512 686 5578 ’lionum,
733 5515 834 5569 hoc
886 5523 988 5570 est.
1043 5514 1330 5584 spirituum
1357 5515 1777 5569 immuntlortttn.
1827 5508 2039 5569 «Unus-

454 5601 692 5671 ‘quisquc
724 5603 867 5658 enim
899 5612 1159 5671 tentatur,
1190 5623 1209 5657 ι
1239 5605 1434 5674 inquit,
1475 5620 1535 5658 ra
1573 5605 1806 5674 propriis
1836 5606 2044 5676 cupidi-

2153 3225 2246 3279 καὶ
2276 3223 2577 3295 ἀφράστοις
2605 3223 2854 3291 νεύμασι.
2904 3221 3016 3275 Καὶ
3057 3221 3108 3273 οἱ
3143 3219 3249 3290 μὲν
3282 3214 3548 3282 ἐσώζοντο
3577 3215 3737 3286 βαδίε

2152 3315 2336 3380 ζοντες
2368 3313 2444 3376 ὡς
2481 3313 2573 3366 ἐπὶ
2601 3311 2800 3384 ξηρᾶς·
2837 3314 2865 3365 6
2896 3311 2952 3364 δὲ
2986 3310 3335 3381 ἀπόπληκτος
3358 3308 3556 3380 Φαραὼ
3589 3325 3725 3362 παν-

2153 3403 2382 3478 στρατιᾷ
2438 3405 2818 3474 κατεπνίγετο.
2884 3403 2996 3458 Καὶ
3055 3402 3160 3475 μὴν
3213 3403 3300 3457 ὅτε
3361 3401 3644 3472 Ῥαψάκης
3697 3403 3732 3454 6

2146 3487 2505 3552 Βαϐυλωνίων
2539 3495 2865 3568 στρατηγὸς,
2894 3496 3079 3568 κύκλῳ
3103 3493 3381 3568 περισχὼν
3406 3495 3507 3564 τὴν
3522 3494 3726 3566 Ἰερου-

2154 3587 2355 3659 σαλὴμ,
2375 3586 2729 3658 πεφλυάρηκε
2751 3587 2890 3640 κατὰ
2917 3585 3077 3652 Θεοῦ,
3118 3587 3213 3640 καὶ
3237 3585 3365 3654 ὅλης
3395 3584 3498 3656 ἔφη
3527 3585 3724 3657 ῥᾳδίως

2151 3680 2587 3751 κατακρατήσειν
2636 3671 2736 3749 τῆς
2777 3677 3050 3742 Ἰουδαίας·
3081 3679 3180 3732 οὐκ
3220 3677 3522 3749 ἐκρύπτετο
3570 3677 3724 3741 Θεὸς,

2151 3770 2272 3824 οὐδὲ
2311 3770 2526 3843 πετρῶν
2555 3771 2784 3842 ἐζήτησε
2818 3770 3056 3842 σχισμὰς
3084 3811 3098 3838 ,
3125 3768 3251 3824 οὔτε
3282 3769 3389 3842 μὴν
3418 3769 3727 3837 διασφάγας

2148 3862 2312 3935 δρῶν,
2358 3861 2473 3915 ἀλλ’
2510 3861 2707 3933 ηβχετο
2747 3862 2847 3932 μὲν
2891 3862 3138 3933 Ἐζεχίας
3166 3861 3370 3930 λέγων·
3406 3879 3424 3912 ι
3461 3860 3728 3913 Εἰσάκου-

2153 3971 2264 4021 σον,
2315 3951 2508 4025 Κύριε,
2540 3951 2847 4023 εἴσϐλεψον,
2881 3953 3077 4024 Κύριε,
3135 3955 3232 4008 καὶ
3266 3951 3343 4005 ίδε
3375 3953 3502 4015 τοὺς
3535 3951 3727 4020 λόγους

2165 4045 2438 4116 Ῥαψάκου
2464 4085 2479 4109 ,
2553 4042 2611 4097 ὃν
2670 4043 3018 4111 ἐξαπέστειλε
3087 4043 3343 4112 βασιλεὺς
3424 4043 3729 4114 Ἀσσυρίων

2151 4135 2430 4201 ὀνειδίζειν
2479 4134 2612 4188 Θεὸν
2657 4134 2855 4200 ζῶντα.
2893 4151 2912 4185 ι
2961 4133 3310 4206 ωραχρῆμα
3356 4133 3414 4188 δὲ
3447 4133 3583 4187 Θεοῦ
3638 4134 3728 4187 λέ-

2151 4241 2337 4300 γοντος
2397 4230 2581 4301 ῆκουε·
2640 4248 2658 4281 ι
2711 4228 3068 4300 Ὑπερασπιῶ
3136 4228 3278 4300 ὑπὲρ
3335 4227 3435 4298 τῆς
3516 4225 3732 4290 πόλεως

2152 4323 2389 4395 ταύτης,
2429 4323 2495 4376 δι’
2527 4321 2648 4393 ἐμὲ,
2695 4321 2789 4375 καὶ
2836 4319 2924 4374 διὰ
2968 4319 3134 4375 Δαϐὶδ
3175 4320 3267 4374 τὸν
3311 4318 3496 4373 δοῦλόν
3531 4336 3657 4390 μου.
3704 4339 3721 4369 ι

2153 4420 2262 4472 Καὶ
2291 4417 2372 4481 τίς
2399 4416 2460 4471 τὸ
2487 4413 2743 4488 τηνικάδε
2791 4412 3193 4468 κινδυνεύουσιν
3216 4414 3244 4466 6
3269 4413 3366 4483 τῆς
3397 4411 3726 4482 ἐπικουρίας

2151 4509 2368 4577 ἐγένετο
2420 4507 2650 4579 τρόπος;
2697 4503 3004 4577 Παράδοξος
3035 4503 3129 4557 καὶ
3173 4503 3514 4574 θεοπρεπὴς·
3555 4520 3572 4553 ι
3615 4502 3727 4568 Ἐξ-

2151 4596 2281 4671 ἦλθε
2322 4598 2431 4669 γὰρ
2465 4598 2693 4666 ἄγγελος
2727 4596 2954 4667 Κυρίου,
2996 4595 3090 4648 καὶ
3119 4595 3330 4648 ἀνεῖλεν
3355 4595 3421 4648 ἐκ
3454 4594 3551 4665 τῆς
3584 4610 3726 4663 παρ-

2152 4692 2388 4764 εμϐολῆς
2437 4691 2545 4743 τῶν
2597 4689 2896 4760 Ἀσσυρίων
2943 4688 3136 4742 ἑκατὸν
3189 4686 3522 4755 ὀγδοήκοντα
3563 4686 3726 4738 πέντε

2152 4783 2414 4857 χιλιάδας.
2449 4801 2468 4832 ι
2503 4779 2958 4850 Δίσχυνθήτωσαν
2998 4777 3175 4832 τοίνυν
3209 4778 3257 4831 οἱ
3290 4775 3725 4846 προσκυνοῦντες

2151 4879 2264 4940 τοῖς
2298 4875 2556 4943 γλυπτοῖς
2575 4911 2588 4936 ,
2636 4873 2686 4924 οἱ
2716 4870 2804 4924 τὸν
2838 4872 3015 4926 πάντα
3046 4868 3298 4940 ἰσχύοντα
3324 4867 3457 4921 Θεὸν
3491 4867 3726 4921 καταλε-

2152 4966 2417 5029 λοιπότες.
2468 4963 2562 5017 καὶ¹
2609 4960 2958 5031 λατρεύοντες
3009 4959 3168 5022 θεοῖς,
3216 4957 3310 5020 οὓς
3363 4959 3466 5030 πρὸ
3515 4956 3728 5009 ἑαυτῶν

2149 5059 2648 5130 κατακρύπτουσιν,
2677 5055 2764 5108 ἵνα
2797 5054 2872 5125 μὴ
2901 5052 3006 5124 πρὸ
3042 5050 3221 5105 αὐτῶν
3265 5051 3569 5114 ἀπόλοιντο,
3605 5050 3727 5110 ταῖς

2149 5154 2258 5208 τῶν
2293 5150 2668 5220 πολεμούντων
2697 5145 3083 5217 περιπεσόντες
3112 5142 3497 5214 φιλοκερδίαις.
3536 5141 3724 5208 Λέγω-

2153 5264 2252 5320 μεν
2277 5247 2455 5299 τοίνυν
2481 5241 2622 5296 κατὰ
2659 5239 2756 5309 τὴν
2788 5239 2881 5292 τοῦ
2910 5237 3189 5308 προφήτου
3221 5233 3403 5305 φωνὴν
3435 5231 3723 5303 Ἱερεμίουσ

2147 5359 2174 5392 τ
2207 5340 2405 5410 Θρόνος
2437 5334 2591 5406 δόξης
2621 5331 2902 5403 ύᾷωμένος
2925 5370 2940 5392 ,
2973 5329 3220 5398 ἁγίασμα
3255 5326 3433 5397 ἡμῶν,
3475 5323 3726 5394 ὑπομονὴ

2161 5425 2398 5497 Ἰσραὴλ,
2443 5421 2633 5494 Κύριε·
2673 5420 2871 5482 πάντες
2919 5417 2968 5470 οἱ
3011 5412 3402 5474 καταλιπόντες
3435 5426 3494 5462 σε
3531 5424 3727 5462 καταιά

2150 5515 2552 5590 σχυνθήτωσαν.
2617 5507 3013 5580 ’Λφεστηκότες
3070 5507 3162 5559 ἐπὶ
3207 5506 3306 5575 τῆς
3335 5502 3440 5572 γῆς
3506 5501 3728 5590 γραφῄτ

2147 5582 2351 5667 τωσαν,
2377 5603 2458 5655 ὅτι
2492 5599 2846 5669 ἐγκατέλιπον
2885 5595 3064 5665 πηγὴν
3094 5593 3236 5662 ζωῆς
3265 5591 3354 5645 τὸν
3371 5590 3638 5662 Κύριον.”›
3665 5582 3726 5640 οι

535 5753 928 5821 “Ismxxxvu,
969 5757 1029 5812 lC
1058 5772 1203 5826 seqq.
1274 5760 1315 5788 ”
1349 5759 1475 5814 ibid.
1501 5761 1586 5815 55.
1669 5763 1706 5792 ιτ
1743 5760 1870 5813 ibid.
1912 5763 1997 5814 56.

2149 5760 2342 5814 Jerr’ut.
2382 5774 2512 5820 xvtt,
2563 5755 2644 5817 l2,
2689 5756 2767 5808 l5.
