4132 6316
476 421 548 478 99
1510 421 1568 476 S.
1614 418 1895 474 CYRILLl
1937 415 2408 470 ALEXANDRI‘NI
2450 413 2769 468 ARCllIiﬁP.

3647 413 3751 474 100

475 541 597 596 erat
616 529 1062 602 pranuntiatum,
1084 533 1320 587 venisset
1349 532 1512 586 etiam
1538 533 1671 604 legis
1709 549 1773 588 ac
1815 532 2049 602 prophe-

2165 526 2392 597 Ἰησοῦν.
2453 525 2670 593 Ἐπειδὴ
2719 523 2774 575 δὲ
2815 523 3123 575 τετέλεσται
3165 523 3224 575 τὸ
3273 523 3749 595 προσηγγελμένον,

477 634 658 678 tarum
690 622 813 675 linis
858 639 873 674 ε
905 622 1052 679 Deus
1083 625 1228 678 enim
1261 624 1539 688 Dominus,
1566 627 1864 679 secundum
1907 625 2056 680 Scri-

485 722 700 782 pturas,
740 711 896 766 nobis
919 713 1171 781 apparuit
1207 731 1223 767 :
1260 714 1454 769 deinde
1493 715 1582 768 ubi
1611 715 1666 768 in
1700 729 1824 770 eum
1856 715 2048 770 debac-

477 805 622 860 chati
657 813 802 868 sunt,
844 805 1082 860 cessavit
1116 807 1257 872 apud
1280 821 1375 860 eos
1396 807 1689 877 prophetia:
1709 807 1909 876 gratia.
1936 807 2054 860 Non

476 896 752 950 eratenim
782 905 1245 963 consentaneum,
1281 907 1381 963 ut,
1431 900 1521 968 qui
1558 914 1680 952 cum
1718 897 1827 954 Deo
1855 897 2054 954 bellum

475 996 762 1058 gererent,
800 997 856 1044 et
882 989 1227 1045 dominicidae
1255 1000 1460 1054 essent,
1508 1005 1812 1059 manusque
1837 991 2057 1061 sangui-

477 1081 634 1134 nibus
661 1080 850 1151 plenas
883 1081 1189 1146 haberent,
1245 1082 1548 1152 prophetiae
1593 1082 1788 1153 spiritu
1820 1084 2059 1140 honora-
2103 1140 2108 1145 ,

476 1180 683 1226 rentur.
715 1171 1082 1226 Attestabitur
1133 1187 1262 1227 vero
1311 1173 1396 1227 his
1430 1173 1821 1230 etiam-beatus
1849 1176 2056 1248 Daniel,

473 1263 749 1332 obsignari
794 1264 986 1319 dicens
1043 1263 1310 1324 visionem
1339 1279 1404 1320 ac
1461 1267 1804 1336 prophetam.
1851 1267 2058 1338 Expers

475 1356 661 1424 itaque
714 1354 818 1409 fuit
853 1355 1018 1410 Israel
1061 1357 1198 1409 adeo
1244 1355 1473 1412 illustris
1499 1368 1554 1411 et
1581 1356 1794 1428 inclyta:
1824 1360 2009 1429 gratia:
2041 1399 2056 1422 ,

475 1449 721 1516 adeoque
743 1448 892 1501 rudis
925 1446 1024 1500 fuit
1044 1457 1098 1502 et
1117 1448 1275 1504 bonae
1295 1448 1493 1502 mentis
1525 1449 1704 1518 inops,
1735 1458 1793 1504 ut
1824 1466 1892 1506 ne
1917 1451 2058 1506 nllus

349 1548 364 1562 '
475 1539 696 1606 quidem
721 1539 860 1608 apud
892 1552 988 1594 eos
1011 1538 1293 1607 coniector
1326 1541 1643 1596 exsisteret.
1675 1541 2054 1611 Conjectorem

474 1643 598 1683 eum
631 1642 752 1684 esse
779 1629 1030 1694 dicimus,
1058 1631 1148 1698 qui
1177 1630 1390 1701 singula
1420 1641 1567 1687 recte
1597 1631 1762 1688 veluti
1793 1633 2060 1704 conjecta-

474 1726 598 1784 ret,
652 1717 1057 1789 exploratisque
1103 1721 1318 1776 indiciis
1381 1722 1808 1790 demonstraret,
1843 1733 1899 1779 et
1949 1740 2057 1795 quo

474 1809 711 1879 quidque
737 1819 1022 1865 venturum
1045 1822 1209 1880 esset,
1239 1813 1362 1868 etin
1388 1827 1548 1884 quem
1575 1815 1865 1883 aliquando
1892 1815 2054 1872 linem

473 1913 811 1967 recasurum,
843 1901 1011 1970 probe
1039 1903 1404 1971 dignosceret.
1440 1905 1542 1973 Qui
1577 1907 1721 1961 enim
1747 1907 2058 1963 inconside-

473 1995 590 2043 rate
631 1997 686 2042 ot
726 1988 828 2043 levi
849 1989 1068 2058 iudicio
1110 1995 1178 2047 ad
1232 2008 1320 2049 res
1355 1995 1590 2064 agendas
1648 1999 1953 2064 accedunt,
1988 1999 2056 2054 ab

473 2076 594 2130 utili
623 2077 874 2144 deviant,
912 2089 967 2134 et
994 2081 1142 2136 velut
1175 2081 1243 2146 'in
1285 2085 1523 2138 tenebris
1559 2095 1865 2151 versantur,
1900 2104 1964 2144 ac
2001 2089 2056 2154 in

471 2183 605 2225 saxa
629 2170 954 2241 impingunt.
984 2174 1055 2228 At
1079 2174 1172 2244 qni
1206 2176 1477 2245 exquisita
1507 2179 1826 2251 cognitione
1846 2183 2057 2251 praediti

471 2268 621 2328 sunt,
650 2273 809 2317 acuto
831 2264 990 2319 oculo
1021 2280 1210 2320 rerum
1233 2278 1460 2325 eventus
1496 2271 1776 2328 intuentur
1803 2290 1820 2328 :
1844 2284 1901 2329 et
1927 2290 2062 2344 pru-

471 2359 654 2429 pterea
686 2369 791 2408 non
823 2357 942 2411 sine
965 2357 1351 2425 admiratione,
1377 2361 1562 2415 omnia
1594 2365 1841 2432 apposito
1877 2367 2055 2422 admi-

471 2444 725 2508 nistrant.
777 2445 872 2501 Est
902 2455 1083 2504 autem
1133 2449 1223 2504 hic
1267 2451 1427 2520 bona:
1479 2451 1681 2509 mentis
1733 2453 2056 2527 fructus,et

468 2548 597 2590 vere
634 2535 845 2592 lucrum
877 2553 940 2594 ac
962 2539 1122 2600 fenus
1154 2540 1347 2610 optimi
1375 2543 1612 2601 consilii.
1650 2543 2057 2608 Senioreman-

471 2635 580 2692 tem
621 2641 901 2697 vocamus,
951 2645 1059 2685 non
1097 2641 1342 2702 tempore
1367 2634 1610 2706 (plurimi
1634 2638 1778 2704 enim
1805 2642 1945 2709 apud
1965 2641 2059 2699 .lu-

472 2723 621 2777 daos
645 2721 943 2776 etiamnum
979 2733 1128 2793 sunt,
1155 2726 1245 2793 qui
1274 2726 1341 2780 ad
1379 2728 1567 2790 senilis
1585 2731 1760 2786 aetatis
1785 2747 2054 2788 summum

468 2813 838 2885 perveniunt),
889 2822 946 2869 at
981 2815 1337 2888 intelligentia
1385 2829 1442 2875 et
1482 2821 1828 2897 cognitione,
1868 2835 1924 2880 et
1962 2828 2052 2896 qui

468 2907 616 2962 velut
646 2907 806 2962 linem
853 2923 916 2968 ac
947 2906 1225 2980 fastigium
1273 2913 1576 2982 prudentize
1619 2915 1802 2986 attigit
1838 2919 1966 2979 :cui
2001 2929 2056 2986 et

470 2997 667 3052 beatus
707 2995 948 3055 Joannes
989 3001 1255 3072 praecipit,
1296 3003 1481 3063 dicens
1514 3025 1527 3061 :
1567 3025 1585 3059 ι
1622 3007 1814 3066 Scribo
1860 3011 2013 3069 vobis
2038 3053 2053 3077 ,

470 3097 681 3158 patres,
713 3091 839 3160 quia
882 3094 1218 3164 cognovistis
1263 3111 1385 3151 eum
1438 3098 1506 3154 ab
1535 3099 1690 3155 initio
1719 3102 1784 3156 ³⁸.
1823 3120 1846 3157 ο
1884 3104 2053 3161 Senes

469 3195 600 3249 ergo
626 3183 975 3256 intelligimus
1007 3201 1123 3252 eos,
1162 3190 1251 3258 qui
1288 3201 1526 3245 mentem
1556 3193 2049 3266 habentsedatam,
2081 3221 2125 3282 ο

469 3272 561 3342 qui
599 3284 916 3330 constantes
952 3292 1014 3331 ac
1045 3280 1164 3332 cani
1201 3289 1332 3333 sunt
1381 3283 1566 3337 animo
1607 3293 1663 3339 et
1716 3297 1897 3343 mente
1930 3296 2046 3358 pru-

469 3365 711 3419 vectiore
743 3375 798 3420 et
843 3367 1131 3423 adultiore.
1181 3369 1721 3445 Quinquagenarium
1773 3380 2052 3448 appellat,

469 3471 580 3512 non
620 3458 863 3513 absolute
898 3461 1290 3533 quinquaginta
1347 3465 1658 3523 hominibus
1704 3470 2051 3546 pmfectum,

469 3545 566 3602 sed
595 3546 756 3601 veluti
790 3562 856 3604 ex
887 3565 992 3603 una
1021 3550 1124 3604 hac
1146 3553 1478 3624 re.quisquis
1495 3554 1818 3626 simpliciter
1845 3575 1910 3615 ac
1938 3577 2054 3616 om-

471 3637 601 3700 nino
644 3637 937 3708 praefectus
974 3653 1080 3706 est,
1112 3651 1166 3697 et
1191 3645 1346 3714 quasi
1373 3649 1678 3718 composite
1720 3660 1774 3704 et
1801 3653 2052 3719 ordinate

468 3728 677 3782 vorsari
705 3742 769 3782 ac
805 3729 985 3785 vivere
1024 3734 1314 3800 persuadet
1343 3748 1472 3791 suos
1510 3736 1781 3795 subditos.
1811 3740 2053 3798 Labora-

468 3817 548 3871 vit
577 3826 758 3872 autem
775 3833 898 3874 cum
935 3821 1159 3902 reliquis
1198 3825 1362 3880 rebus
1381 3833 1496 3880 tum
1521 3833 1576 3892 et
1601 3829 1715 3884 haec
1741 3827 2050 3894 Judaaorum

470 3908 778 3982 Synagoga.
811 3913 1005 3969 Adhuc
1027 3915 1170 3968 enim
1207 3918 1444 3985 quandiu
1476 3934 1598 3974 cum
1629 3921 1737 3976 illis
1760 3932 1905 3979 esset
1936 3939 2051 3980 om-

469 3999 616 4062 nium
648 4012 894 4056 nostrum
927 4002 1192 4062 Servatur
1221 4007 1507 4075 Christus,
1543 4020 1597 4066 et
1626 4026 1724 4083 per
1778 4015 1936 4070 ﬁdem
1983 4019 2050 4073 ad

467 4091 636 4150 vitam
666 4105 963 4166 aeternam,
997 4105 1052 4152 et
1079 4099 1146 4154 ad
1169 4100 1609 4169 coniunctionem
1649 4121 1772 4161 cum
1805 4107 1915 4182 56
1939 4109 2050 4166 Deo

467 4195 724 4255 vocaret;
772 4186 1175 4250 fueruntetiam
1229 4202 1342 4252 tum
1393 4196 1534 4266 apud
1581 4214 1674 4254 eos
1702 4183 2046 4260 sacerdotali:

467 4276 765 4350 principes,
793 4281 1064 4348 praefecti,
1097 4282 1306 4340 Scriba:
1326 4296 1383 4340 et
1408 4286 1666 4356 Pharisaei
1689 4309 1704 4346 :
1728 4303 1780 4347 at
1808 4294 1897 4349 ubi
1921 4309 2046 4349 eum

467 4367 905 4437 interfecissent,
967 4373 1183 4437 miselli.
1241 4377 1296 4432 in
1337 4394 1532 4437 omnes
1588 4395 1782 4446 ventos
1809 4387 2046 4457 dispersi

466 4467 616 4524 sunt,
649 4467 705 4513 et
739 4459 982 4531 hospites
1014 4464 1140 4527 facti
1181 4477 1332 4534 sunt,
1366 4481 1526 4552 atque
1557 4488 1816 4542 errones,
1839 4489 1893 4534 et
1925 4480 2046 4535 ubi-

2164 620 2258 672 καὶ
2301 618 2362 671 τὸ
2389 618 2484 672 τοῦ
2525 619 2692 686 νόμου
2733 615 2964 670 καὶτῶν
2992 614 3286 688 προφητῶν
3329 617 3556 685 ἀφῖκται
3597 617 3749 683 τέλος

2161 708 2430 778 (ἐπεφάνη
2483 709 2592 780 γὰρ
2640 710 2772 780 ἡμῖν
2817 711 2846 764 ὁ
2888 709 3020 771 Θεὸς
3071 709 3167 761 καὶ
3206 707 3432 781 Κύριος,
3467 709 3610 780 κατά
3649 710 3750 778 τὰς

2160 799 2424 869 Γραφάς),
2464 795 2584 853 εἶτα
2634 801 3094 870 πεπαρῳνήκασιν
3130 799 3210 867 είς
3245 800 3429 867 esse»
3471 800 3750 856 πέπαυται

2159 894 2290 962 παρ’
2320 893 2504 957 αὐτοῖς
2534 893 2634 963 τῆς
2658 893 2992 964 προφητείας
3015 893 3049 962 ᾗ
3076 891 3254 963 χέιρις.
3285 893 3359 945 UO
3392 891 3496 967 γὰρ
3527 889 3596 965 ἦν
3622 893 3751 948 ἀκό-

2159 982 2346 1037 λουθον
2380 983 2680 1054 θεομάχους
2714 984 2874 1051 liveat;
2918 985 3012 1036 καὶ
3047 983 3330 1052 ὑϐριστὰς,
3363 987 3658 1053 γεγονότας
3691 987 3750 1040 δὲ

2159 1073 2254 1126 καὶ
2280 1073 2703 1144 Κυριοκτόνους,
2750 1074 2844 1130 καὶ
2886 1073 2987 1138 τὰς
3024 1077 3211 1146 χεῖρας
3241 1076 3488 1144 αἱμάτων
3522 1076 3748 1146 ἔχοντας

2160 1164 2407 1237 πλήρεις,
2461 1165 2540 1236 τῷ
2585 1165 2686 1236 τῆς
2733 1166 3074 1236 προφητείας
3132 1166 3396 1238 τιμᾶσθαι
3449 1168 3787 1240 πνεύματι..

2172 1241 2655 1330 Ἐπιμαρτυρήσει
2679 1256 2737 1327 δέ
2773 1239 2985 1322 τούτοις
3023 1258 3118 1318 καὶ
3145 1259 3174 1328 ό
3197 1245 3486 1329 ’μακάριος
3525 1239 3746 1332 Δανιὴλ,
3773 1241 3804 1313 τι

2160 1348 2530 1428 ἐσφραγίσθαι
2585 1348 2759 1417 λέγων
2803 1349 2992 1420 ὅρασιν
3048 1352 3140 1417 καὶ
3186 1352 3494 1428 προφήτην.
3537 1353 3750 1416 Οὐκοῦν

2159 1427 2427 1509 ἀμέτοχος
2452 1439 2549 1509 τῆς
2573 1437 2716 1503 οὕτω
2743 1440 3005 1511 λαμπρᾶς
3033 1441 3126 1509 καὶ
3163 1427 3563 1514 εὐκλεεστᾲτης
3589 1445 3750 1515 χάρι-

2158 1549 2250 1595 τος
2291 1518 2519 1600 γέγονεν
2565 1535 2593 1586 ὁ
2634 1533 2873 1604 Ἰσραήλ’
2901 1533 3120 1606 ἀμαθὴς
3149 1534 3204 1588 δὲ
3235 1534 3379 1598 οὔτω
3423 1537 3517 1588 καὶ
3554 1535 3749 1607 φρενὸς

2157 1623 2366 1694 ἔρημος
2399 1625 2632 1697 ἀγαθῆς,
2661 1624 2736 1690 ὡς
2765 1627 2839 1696 μὴ
2877 1622 3016 1683 εἶναι
3042 1613 3173 1697 παρ’
3207 1627 3391 1691 αὐτοῖς
3423 1629 3628 1699 μηδένα
3656 1628 3748 1682 τὸν

2159 1719 2477 1788 στοχαστήν.
2511 1702 2820 1792 Στοχαστην
2844 1719 2901 1772 δὲ
2931 1714 3073 1772 εἷναί
3098 1736 3280 1789 φαμεν
3299 1719 3390 1774 τὸν
3416 1721 3581 1774 οἱονεὶ
3610 1739 3748 1792 cup:

2159 1808 2420 1875 ϐάλλοντα
2460 1809 2554 1879 καὶ
2602 1800 3128 1889 διατεπμαιρόμενον
3170 1811 3348 1887 ὀρθῶς
3389 1811 3596 1882 ἕκαστα
3639 1815 3747 1882 τῶν

2159 1899 2522 1970 πραγμάτων,
2553 1900 2648 1964 καὶ
2675 1895 2809 1965 ὅποι
2841 1901 2974 1954 ποτὲ
3002 1899 3143 1970 ἥξει,
3173 1901 3268 1954 καὶ
3311 1902 3391 1964 είς
3421 1904 3574 1954 ποῖον
3611 1918 3746 1955 κατ-

2159 1993 2454 2060 αντήσουσι
2481 1992 2655 2056 τέλος,
2683 1988 2742 2046 εὖ
2774 1993 2918 2063 μάλα
2939 1991 3387 2061 διαγινώσκοντα.
3421 1995 3484 2046 Οἱ
3514 1995 3610 2064 μὲν
3637 1994 3748 2064 γὰρ

2157 2084 2578 2155 ἀπερισκέπτως
2627 2085 2724 2138 καὶ
2771 2085 2831 2152 ἐξ
2865 2085 3118 2158 ἐλαφρῶν
3175 2086 3396 2154 ἐννοιῶν
3443 2073 3748 2157 χωροῦντες

2157 2177 2236 2240 εἰς
2278 2175 2348 2228 τά
2393 2177 2666 2248 πρακτέα,
2696 2177 3124 2250 διαμαρτάνουσι
3161 2180 3271 2234 τῶν
3307 2179 3615 2252 χρησίμων,
3653 2181 3748 2234 καὶ

2156 2268 2231 2337 ὡς
2261 2269 2354 2321 ἐπὶ
2382 2270 2559 2339 σκότῳ
2587 2267 2911 2339 βαδίζοντες,
2941 2270 3189 2342 ἔρχονται
3237 2273 3380 2325 κατά
3420 2273 3655 2343 πετρῶν.
3681 2275 3746 2336 0i

2155 2357 2211 2421 δὲ
2235 2359 2483 2430 ἀκριβεῖς
2512 2362 2592 2423 είς
2629 2360 2864 2428 σύνεσιν,
2897 2364 3010 2428 όξεί
3044 2363 3332 2433 βλέπουσιν
3359 2363 3626 2435 ὀφθαλμῷ
3650 2363 3748 2442 τὰς

2157 2451 2265 2517 τῶν
2293 2453 2634 2523 πραγμάτων
2659 2454 2940 2520 ἐκϐάσεις.
2961 2457 3070 2508 Καὶ
3093 2457 3232 2510 εἰσὶν
3256 2456 3358 2510 οὐκ
3377 2457 3745 2534 ἀθαύμαστοι,

2155 2545 2243 2599 διὰ
2264 2545 2421 2614 τοῦτο
2444 2547 2622 2599 πάντα
2640 2546 2874 2617 δρῶντες
2897 2549 3276 2618 οἰκονομικῶς.
3295 2551 3495 2621 Φρενὸς
3512 2552 3570 2605 δὲ
3589 2552 3747 2622 τοῦτο

2157 2637 2367 2708 καρπὸς
2395 2637 2630 2708 ἀγαθῆς,
2667 2633 2764 2691 καὶ
2805 2638 3036 2711 ἀρίστης
3064 2640 3234 2704 ὅντως
3271 2631 3583 2713 ἐπίτευγμα
3615 2644 3742 2715 βου-

2157 2727 2273 2800 λῆς.
2325 2731 2703 2802 Πρεσὸύτερον
2769 2731 2828 2800 δέ
2873 2748 3054 2802 φαμεν
3111 2734 3173 2787 οὐ
3225 2733 3316 2788 τὸν
3364 2737 3507 2791 κατά
3553 2739 3745 2810 χρόνον

2159 2821 2419 2891 (πλεῖστοι
2453 2823 2560 2894 γὰρ
2603 2825 2716 2877 ὅσοι
2762 2825 2914 2895 παρά
2951 2828 3064 2894 τοῖς
3117 2827 3393 2895 Ἰουδαίοις
3443 2832 3609 2884 εἰσέτι
3646 2833 3742 2905 καὶ

2157 2912 2272 2984 νῦν,
2308 2915 2358 2981 οἳ
2393 2915 2489 2968 καὶ
2527 2916 2609 2978 είς
2639 2916 2808 2988 ἄκρον
2843 2917 3038 2987 ἥκουσι
3062 2918 3434 2992 πρεσϐυτικῆς
3473 2922 3738 2995 ἡλικίας),

2156 3005 2295 3074 ἀλλὰ
2321 3006 2414 3076 τὸν
2439 3007 2581 3072 κατὰ
2607 3007 2843 3075 σύνεσιν,
2867 2997 2961 3064 παὶ
2983 3009 3058 3074 ὡς
3078 3014 3136 3065 ἐν
3158 3013 3458 3088 τελειότητι
3484 3018 3744 3087 γεγονότα

2159 3098 2389 3168 φρενῶν.
2423 3094 2518 3164 Οἷς
2569 3101 2665 3171 καὶ
2710 3102 2739 3154 ὁ
2793 3103 3064 3174 μακάριος
3116 3105 3369 3177 Ἰωάννης
3414 3111 3742 3180 ἐπιστέλλει,

2156 3189 2350 3258 λέγων’
2387 3208 2405 3240 ι
2447 3190 2648 3262 Γράφω
2697 3192 2848 3264 ὑμῖν,
2885 3195 3153 3272 Πατέρες,
3203 3197 3286 3269 ὅτί
3335 3199 3611 3268 ἐγνώκατε
3653 3190 3745 3271 τὸν

2156 3282 2435 3352 ἀπαρχῆς.
2474 3301 2492 3334 ι
2531 3284 2851 3355 Πρεσῦύτας
2891 3283 2986 3341 οῦν
3029 3288 3138 3361 ἄρα
3165 3291 3450 3362 νοήσωμεν
3489 3294 3620 3359 τοὺς
3651 3295 3744 3365 τὸν

2155 3373 2280 3439 νοῦν
2320 3375 2544 3445 ἔχοντας
2592 3377 2859 3458 ἠρεμαῖον
2898 3378 3022 3450 ἠδη,
3051 3368 3144 3432 καὶ
3181 3381 3612 3453 καθεστηκότας,
3647 3387 3745 3458 καί

2156 3466 2372 3535 πολιοὺς
2401 3467 2499 3540 την
2527 3455 2716 3540 φρένα,
2747 3471 2841 3523 καὶ
2860 3456 2938 3543 τῷ
2971 3472 3224 3543 βεϐηκότι
3253 3476 3490 3547 χρῆσθαι
3511 3455 3742 3548 μεμελεέ

2154 3559 2408 3628 τηκότας.
2444 3563 2924 3641 Πεντηκόνταρχον
2955 3566 3011 3620 δέ
3047 3585 3231 3640 φησιν,
3255 3557 3375 3639 οὖχὶ
3403 3569 3624 3634 πάντως
3650 3572 3742 3641 τὸν

2154 3651 2363 3736 ἀνδρῶν
2403 3655 2742 3723 πεντήκοντα
2780 3639 3244 3730 προτεταγμένον,
3276 3661 3394 3714 ἀλλ’
3427 3661 3503 3726 ὡς
3531 3663 3592 3730 ἐξ
3620 3639 3740 3742 ἑνὸς

2151 3743 2216 3815 δὴ
2260 3731 2460 3797 ’τούτου
2513 3746 2838 3818 πράγματος
2879 3749 3216 3820 ἁπαξαπλῶς
3269 3751 3362 3824 τὸν
3409 3731 3738 3830 ἡγούμενονξ

2153 3836 2265 3900 Καὶ
2292 3836 2368 3901 ὡς
2398 3839 2457 3890 ἐν
2485 3838 2676 3910 κόσμῳ
2719 3842 2811 3894 καὶ
2852 3842 3006 3912 τάξει
3035 3844 3412 3900 πολιτεύεσθαί
3446 3864 3508 3900 τε
3545 3848 3741 3922 διαζῇν

2152 3928 2515 3999 ἀναπείθοντα
2544 3933 2672 3994 τοὺς
2703 3933 3163 4005 ὑπεζευγμένως.
3204 3955 3222 3988 ι
3253 3937 3528 4010 Νενόσηκε
3553 3940 3610 3995 δὲ
3644 3943 3740 4014 καὶ

2151 4020 2313 4089 τοῦτο
2358 4023 2497 4092 μετά
2536 4023 2646 4077 τῶν
2689 4024 2868 4079 ἄλλων
2906 4027 2939 4098 ἡ
2978 4028 3088 4082 τῶν
3117 4029 3386 4084 Ἰουδαίων
3410 4033 3734 4106 Συναγωγή.

2155 4115 2277 4168 Ἔτι
2303 4115 2401 4186 μὲν
2428 4115 2539 4188 γὰρ
2568 4117 2820 4183 συνόντος
2849 4121 3034 4185 αὐτοῖς
3063 4122 3159 4177 τοῦ
3189 4125 3407 4178 πάντων
3437 4127 3594 4197 ἡμῶν
3622 4129 3739 4190 Σωτ

2151 4205 2314 4276 τῆρος
2354 4200 2616 4277 Χριστοῦ,
2660 4209 2754 4262 καὶ
2793 4209 3086 4284 καλοῦντος
3122 4212 3211 4285 διὰ
3246 4214 3350 4284 τῆς
3387 4215 3623 4281 πίστεως
3656 4219 3738 4283 είς

2151 4296 2298 4377 ζωὴν
2325 4297 2564 4365 αἰώνιον,
2594 4301 2672 4364 είς
2697 4300 2942 4374 οὐρανῶν
2973 4303 3271 4373 βασιλείαν,
3309 4308 3392 4383 εἰς
3426 4310 3736 4380 οἰκειότητα

2147 4375 2245 4460 τὴν
2283 4388 2360 4454 ὡς
2408 4391 2548 4462 πρὸς
2575 4389 2728 4445 Θεόψ
2766 4389 2907 4464 ἦσαν
2947 4393 3026 4447 ἔτι
3067 4398 3200 4468 παρ’
3228 4381 3411 4463 αὐτοῖς
3455 4375 3734 4475 ἀρχιερεῖς

2149 4481 2242 4534 καὶ
2265 4481 2578 4554 ἡγούμενοι,
2605 4485 2960 4557 Γραμματεϊς
2978 4504 3037 4540 τε
3064 4491 3160 4543 καὶ
3177 4491 3479 4563 Φαρισαῖοι.
3516 4495 3732 4566 Ἐπειδὴ

465 4550 548 4608 vis
589 4551 829 4621 gentium
870 4557 1185 4625 peregrini;
1216 4574 1322 4614 non
1359 4550 1547 4630 duces,
1582 4581 1690 4620 non
1728 4570 2041 4640 praefectos,

2154 4569 2205 4639 δὲ
2250 4550 2614 4627 ἀπεκτόνασιν
2649 4550 2831 4638 ἀῦτδν
2873 4577 2921 4629 οἱ
2956 4576 3201 4646 δείλαιοι,
3234 4550 3607 4653 διεσπάρησαν
3655 4550 3734 4657 είς

465 4650 525 4708 ut
551 4643 821 4716 olim(sed
847 4655 1004 4701 erant
1038 4647 1210 4702 instar
1239 4653 1420 4722 gregis
1450 4655 1543 4725 qui
1576 4666 1794 4727 pastore
1817 4662 2043 4718 destitu-

463 4743 551 4797 tus
583 4744 699 4804 est,
742 4751 849 4792 non
887 4737 1094 4794 habens
1134 4742 1228 4816 qui
1263 4745 1521 4822 praesint)
1550 4763 1672 4816 nec,
1706 4752 1848 4821 quod
1877 4754 2039 4809 etiam

459 4825 682 4895 gravius
740 4838 864 4896 est,
927 4832 1270 4897 consultores
1321 4837 1670 4896 admirabiles
1728 4843 2037 4908 habebant;

457 4918 651 4994 quales
681 4929 838 4976 erant
870 4923 997 4978 olim
1052 4927 1366 4996 prophetae,
1422 4931 1512 5000 qui
1556 4932 1623 4986 ad
1663 4933 1888 4990 salutem
1935 4937 2042 4998 illis

458 5010 820 5067 conducibilia
912 5015 1125 5088 docent,
1145 5017 1494 5078 refractarios
1565 5031 1621 5079 et
1662 5024 1894 5084 ell'renes
1923 5043 2040 5094 mu-

458 5112 608 5168 pent,
645 5110 699 5159 et
722 5104 789 5159 ad
810 5109 994 5161 omnia
1025 5113 1332 5167 necessaria
1367 5117 1433 5167 ad
1472 5132 1624 5172 usum
1651 5134 1715 5174 ac
1747 5121 2034 5178 utilitatem

457 5193 696 5251 scienter
733 5199 1127 5256 manuducunt.
1159 5202 1444 5269 Minitatur
1473 5223 1640 5277 porro
1678 5211 2036 5268 abducturum

457 5296 517 5338 se
557 5285 626 5340 ab
663 5285 770 5342 illis
823 5298 879 5344 et
930 5291 1232 5359 sapientem
1284 5295 1685 5363 architectum,
1719 5311 1775 5356 et
1805 5317 2034 5370 gnarum

457 5371 781 5432 auditorem.
837 5375 970 5445 Quae
1016 5379 1155 5444 dona
1208 5383 1518 5450 spiritualia
1565 5398 1732 5455 sunt,
1775 5399 1831 5444 et
1864 5406 1894 5443 a
1928 5388 2040 5444 Deo

456 5462 604 5527 data,
639 5471 694 5518 et
729 5480 944 5524 summo
979 5469 1032 5524 in
1073 5471 1282 5529 honore
1312 5475 1563 5531 habenda
1601 5494 1664 5532 ac
1706 5481 1900 5548 pretio.
1938 5480 2040 5535 Sa-

455 5551 695 5630 pientem
741 5560 938 5628 quippe
964 5577 1086 5621 esse
1127 5563 1358 5621 dicimus
1397 5570 1754 5627 architecwm
1781 5611 1796 5636 ,
1826 5574 1918 5643 qui
1953 5575 2039 5628 in-

455 5643 760 5716 telligenter
789 5651 1062 5710 aediﬁcare
1114 5655 1266 5723 nutrit
1306 5655 1632 5730 Ecclesiam,
1665 5665 1835 5726 rectis
1863 5674 1919 5719 et
1952 5666 2034 5720 in-

487 5803 538 5846 ³⁸
567 5805 585 5862 l
616 5803 777 5866 Joan.
803 5807 977 5879 11,13,

2161 4661 2342 4715 πάντα
2364 4664 2586 4734 ἄνεμον,
2617 4665 2858 4736 μέτοικοι
2881 4681 2941 4721 τε
2965 4668 3058 4722 καὶ
3080 4669 3275 4741 ἀλῆται
3302 4673 3610 4740 γεγόνασιν,
3639 4674 3732 4742 καὶ

2150 4754 2290 4820 ξένοι
2328 4758 2596 4828 πανταχῆ.
2629 4759 2726 4830 οὐχ
2767 4762 3102 4832 ἡγουμένους
3129 4763 3344 4834 ἔχοντες
3370 4765 3451 4819 ἔτι
3485 4767 3580 4835 καὶ
3603 4785 3733 4838 προς

2148 4847 2472 4917 εστηκὸτας,
2523 4847 2669 4902 καθά
2710 4851 2807 4904 καὶ
2858 4851 3048 4904 πάλαιο
3115 4853 3230 4905 ἀλλ’
3281 4849 3373 4907 οἷά
3428 4871 3512 4917 τις
3560 4855 3729 4926 ἀγέλη

2149 4940 2422 5010 ποιμένων
2450 4941 2654 5010 ἐρήμη,
2690 4941 2781 4997 καὶ
2810 4942 2937 5006 τοὺς
2971 4944 3339 5014 ἐφεστηκότας
3371 4947 3473 4999 οὐκ
3506 4942 3728 5016 ἔχουσα,

2145 5030 2240 5096 καὶ
2282 5028 2344 5082 τὺ
2387 5029 2469 5082 ἔτι
2523 5029 2944 5102 φορτικώτερον,
2983 5031 3108 5103 οὔτε
3153 5034 3489 5106 συμϐούλους
3529 5036 3730 5106 ἔχουσα

2145 5121 2512 5191 θαυμαστοὺς,
2553 5107 2733 5175 ’ὁποῖοί
2784 5139 2928 5189 τινες
2963 5123 3100 5197 ἦσαν
3134 5129 3185 5179 οἱ
3222 5127 3392 5196 πάλαι
3427 5129 3726 5199 προφῆται,
3762 5153 3770 5200 γ

2143 5214 2214 5268 τὰ
2238 5215 2318 5277 εἰς
2353 5213 2627 5285 σωτηρίαν
2662 5215 2846 5280 αὐτοῖς
2877 5219 3278 5289 εἰσηγούμενοι,
3313 5220 3407 5274 καὶ
3450 5222 3730 5292 ἀφηνιῶσι
3759 5219 3768 5274 1

2148 5303 2629 5372 συμϐουλεύοντες.
2655 5307 2746 5358 καὶ
2776 5307 2910 5376 πρὸς
2938 5309 3047 5360 πᾶν
3077 5308 3257 5362 ὁτιοῦν
3283 5309 3392 5362 τῶν
3414 5309 3729 5378 ἀναγκαίων
3759 5291 3766 5314 δ

2136 5395 2218 5457 είς
2267 5393 2455 5464 ὄνησιν
2506 5398 2975 5467 χειραγωγοῦντες
3021 5401 3312 5471 εὐτέχνως.
3367 5401 3611 5462 ’Δπειλεῖ
3670 5401 3728 5456 δὲ

2137 5486 2468 5555 ἀποστήσειν
2491 5489 2670 5542 αὐτῶν
2692 5491 2787 5544 καὶ
2807 5492 2969 5560 σοφὸν
2992 5493 3366 5564 ἀρχιτέκτονα,
3390 5493 3482 5548 καὶ
3503 5493 3725 5549 συνετὸν

2136 5577 2430 5648 ἀκροατὴν,
2463 5579 2780 5651 χαρίσματα
2811 5579 2870 5635 δὲ
2907 5583 3001 5635 καὶ
3044 5584 3216 5637 ταῦτα
3248 5584 3600 5656 πνευματικὰ
3631 5585 3725 5641 καὶ

2137 5665 2423 5731 θεόσδοτα,
2477 5671 2570 5724 καὶ
2616 5672 2712 5724 τοῦ
2757 5674 2959 5738 παντὸς
3006 5673 3132 5738 ἀξια
3183 5675 3363 5744 λόγου.
3410 5676 3590 5748 Σοφὸν
3615 5676 3724 5755 γᾴρ
