4132 6316
372 340 464 394 illi

1543 339 1611 402 lN
1649 337 1886 392 lSAIAM
1929 339 2060 398 LIB.
2101 343 2141 399 1.
2181 344 2386 400 ΟΙίΛΤ.
2429 345 2490 400 11.

3533 361 3632 430 ME}

370 453 512 512 slva!
533 471 710 528 φαμεν
739 454 1116 524 ἀρχιτέκτονα,
1149 455 1238 508 τὸν
1265 455 1444 510 εἰδότα
1473 457 1678 527 νοητῶς
1723 457 1920 527 Ἐκκλη

2025 459 2287 530 _culpatis
2341 464 2707 534 mystagugiis,
2757 474 2811 520 et
2848 464 2982 522 falso
3045 469 3336 526 nominatae
3389 476 3627 537 scit‘ttti'u

373 551 496 605 σίαν
524 549 843 621 οἰκοδομεῖν,
873 546 1060 617 ὀρθαῖς
1089 564 1146 599 τε
1179 549 1271 600 καὶ
1298 548 1620 632 ἀμωμήτοις
1655 565 1946 618 μυσταγω-

371 643 556 710 γίαις,
601 639 696 693 καὶ
743 637 1112 710 καθαιροῦντα
1153 639 1253 711 μὲν
1285 639 1383 709 τῆς
1421 639 1775 710 ψευδωνύμου
1809 641 1944 708 γνώτ

2058 550 2210 606 fucos
2252 552 2455 616 tollere,
2498 564 2661 623 atque
2693 564 2904 611 mentes
2936 557 3174 614 ﬁdelium
3218 561 3466 619 veritatis
3511 569 3626 636 opi-

2058 641 2308 698 nionibus
2341 647 2702 702 communire.
2747 648 3062 718 Cujusmodi
3096 640 3215 707 erat
3237 653 3450 710 divinus
3486 654 3623 712 Pan-

371 749 508 795 σεως
551 733 674 794 τοὺς
714 731 1082 802 φενακισμοὺς
1107 771 1121 794 ,
1160 730 1568 803 ἀνατειχίςοντα
1601 731 1656 784 δὲ
1705 733 1818 795 τοῖς
1847 732 1922 803 τῆ,

2057 729 2139 786 lus
2191 734 2516 814 praecipiens
2569 747 2623 791 et
2669 739 2855 794 dicens
2904 760 2917 796 :
2965 761 2983 794 ι
3040 741 3345 798 Secundum
3394 749 3625 816 gratiam

365 823 623 894 ἀληθείας
649 821 882 893 δόγμασι
908 822 1017 874 τῶν
1051 822 1414 880 πιστευόντων
1439 820 1532 873 τὸν
1561 818 1708 875 νοῦν.
1733 821 1922 883 Ὀποῐά

2055 822 2233 878 datam
2275 825 2404 879 mihi
2435 839 2464 879 a
2495 826 2626 892 Deo,
2653 829 3032 903 velutsapiens
3063 836 3396 894 architectus
3433 839 3623 896 funda-

366 934 447 979 τις
487 911 555 987 ἦν
594 918 621 969 ὁ
655 913 939 977 θεσπέσιος
985 913 1194 976 Παῦλος
1236 913 1566 972 ἐπιστέλλων
1603 913 1698 967 καὶ
1748 914 1941 982 λέγων·

373 1028 389 1058 ι
419 1007 576 1062 Κατὰ
597 1009 695 1078 τὴν
723 1007 886 1078 χάριν
907 1005 1006 1077 τὴν
1038 1005 1282 1060 δοθεῖσαν
1310 1005 1454 1077 ἐμοὶ,
1476 1006 1553 1070 ὡς
1596 1006 1759 1076 σοφὸς
1788 1008 1943 1078 ἀρχι-

365 1100 569 1154 τέκτων
621 1098 872 1167 θεμέλιον
934 1097 1187 1151 τέθεικα·
1247 1097 1406 1162 ἄλλος
1462 1096 1519 1150 6‘5
1577 1096 1939 1168 ἐποικοδομεῖ.

367 1191 633 1253 Ἕκαστος
679 1189 737 1242 δὲ
785 1188 1029 1259 βλεπέτω
1070 1189 1185 1252 πῶς
1218 1189 1510 1262 οἰκοδομεῖ·
1541 1187 1801 1259 θεμέλιον
1834 1189 1941 1261 γάρ

363 1285 517 1339 ἄλλον
561 1283 740 1346 οὐδεὶς
780 1283 1006 1338 δύναται
1045 1283 1220 1336 θεῖναι
1267 1282 1420 1353 παρὰ
1450 1282 1542 1336 τὸν
1578 1284 1847 1356 κείμενον,
1881 1285 1938 1349 ὃς

363 1377 480 1428 ἐστι
498 1375 754 1445 Χριστός.
780 1394 800 1425 ι
833 1373 1021 1437 Οὐδεὶς
1047 1369 1139 1426 οῦν
1162 1372 1270 1444 ἄρα
1295 1373 1441 1445 παρὰ
1471 1376 1582 1436 τοῖς
1621 1374 1890 1442 Ἰουδαίοις
1911 1378 1938 1430 ό

365 1465 524 1534 σοφὸς
549 1464 914 1535 ἁρχιτέκτων,
944 1464 1056 1516 ἀλλ’
1082 1463 1200 1517 οὐδὲ
1228 1464 1441 1528 συνετὸς
1469 1465 1763 1536 ἀκροατὴς,
1789 1466 1937 1536 λογι-

366 1545 570 1625 ζόμεθα
607 1553 664 1606 6’5
697 1549 838 1608 εἶναι
866 1553 1070 1621 τοῦτον,
1097 1555 1186 1607 τὸν
1215 1553 1406 1624 ἔχοντα
1436 1555 1736 1627 διακρίσεις
1775 1575 1937 1616 πνευ-

369 1647 575 1716 μάτων,
617 1645 714 1698 καὶ
744 1644 981 1698 συνιέναι
1017 1645 1326 1716 δυνάμενος,
1366 1646 1450 1710 τίς
1498 1646 1598 1717 μὲν
1639 1647 1784 1710 ἐστιν
1813 1650 1840 1702 ό
1874 1649 1935 1706 ἐν

365 1737 636 1808 πνεύματι
667 1736 799 1791 Θεοῦ
824 1735 1027 1804 λαλῶν,
1056 1737 1140 1802 τίς
1184 1737 1242 1791 δὲ
1289 1738 1454 1792 πάλιν
1499 1741 1558 1792 ἐν
1603 1739 1677 1810 τῷ
1705 1739 1930 1806 Βεελζε-

2056 924 2298 969 mentum
2364 919 2552 986 posui,
2611 919 2748 975 alius
2802 931 2980 978 autem
3045 931 3387 995 superstruit.
3446 931 3624 989 Uuus-.

2051 1005 2279 1073 quisque
2330 1020 2458 1060 vero
2509 1009 2686 1064 videat
2716 1015 2982 1080 quomodo
3010 1028 3370 1084 superstruat.
3402 1021 3620 1079 Fumla-

2050 1105 2290 1154 mentum
2329 1098 2472 1151 enim
2504 1099 2647 1153 aliud
2680 1117 2836 1156 nemo
2877 1113 3053 1171 potest
3089 1123 3308 1175 ponere,
3340 1124 3531 1180 printer
3565 1114 3619 1182 id

2047 1186 2188 1261 quod
2218 1187 2452 1256 positum
2476 1200 2576 1258 est,
2609 1192 2698 1262 qui
2726 1202 2810 1247 est
2830 1191 2985 1251 .lesus
3012 1196 3259 1254 Christus
3288 1201 3352 1256 ³⁸.
3385 1223 3403 1255 ι
3431 1203 3621 1267 Nullus,

2047 1291 2175 1347 ergo
2208 1278 2345 1345 apud
2373 1277 2588 1335 Judaaos
2630 1284 2845 1352 sapiens
2881 1286 3212 1345 architectus
3250 1309 3263 1345 :
3307 1295 3401 1348 sed
3443 1311 3616 1366 neque

2045 1382 2248 1437 gnarus
2279 1369 2512 1435 auditor.
2551 1369 2707 1432 Hunc
2741 1389 2862 1430 esse
2911 1378 3243 1435 arbitramur
3277 1385 3366 1453 qui
3413 1387 3613 1457 dijudi-

2044 1455 2256 1510 catione
2291 1459 2512 1528 spiritus
2553 1464 2809 1530 praeditus
2854 1477 2959 1532 est,
3006 1470 3209 1539 quique
3238 1484 3414 1541 potest
3447 1455 3612 1531 inter-

2043 1562 2267 1605 noscere
2300 1552 2420 1620 quis
2444 1553 2494 1606 in
2538 1553 2631 1608 Dei
2657 1558 2850 1627 spiritu
2883 1559 3144 1630 loquitur,
3170 1575 3224 1618 et
3251 1566 3371 1636 qttis
3398 1584 3611 1635 rursum.

2042 1635 2423 1700 inBeelsebuI.
2461 1642 2611 1712 Multi
2655 1649 2799 1706 enim
2832 1666 2860 1704 a
2894 1653 3076 1710 multis
3110 1635 3391 1714 sermones
3435 1661 3605 1716 habiti

2040 1739 2186 1798 sunt,
2243 1733 2333 1802 qui
2378 1735 2612 1790 enodant
2635 1741 2882 1808 dogmata
2923 1750 3416 1816 accontroversias,
3441 1761 3494 1806 et
3515 1755 3606 1822 qui

363 1828 511 1883 δούλ.
538 1828 726 1882 Πολλοὶ
758 1828 857 1898 μὲν
895 1828 1004 1899 γὰρ
1039 1830 1088 1882 et
1128 1829 1281 1900 παρὰ
1313 1829 1522 1883 πολλῶν
1554 1831 1808 1900 γεγόνασι
1842 1832 1922 1886 λό-

2037 1837 2249 1878 morum
2285 1825 2606 1892 probitatem
2633 1832 2921 1889 inculcant.
2949 1836 3019 1890 At
3052 1837 3290 1908 imperiti
3324 1851 3378 1896 et
3407 1843 3606 1902 indocti

360 1937 464 1989 γοι,
487 1920 576 1973 καὶ
593 1919 926 1991 δογματικὴν
949 1919 1206 1992 ἐξήγησιν
1229 1920 1465 1991 ἔχοντες,
1497 1922 1711 1994 καὶτῆς
1734 1925 1792 1976 ἐν
1815 1923 1932 1996 τρό-

353 2028 474 2076 ποις
498 2012 796 2076 ἐπιεικείας
821 2013 921 2083 τὴν
949 2013 1170 2084 μνήμην
1195 2013 1560 2085 εἰσφέροντες.
1597 2013 1734 2067 Ἀλλ’
1751 2015 1801 2068 οἱ
1832 2015 1932 2093 μὲν

349 2103 596 2156 ἀσύνετοι
637 2103 732 2157 καὶ
773 2103 1006 2174 ἀμαθεῖς
1041 2105 1371 2176 ἀδιακρίτως
1420 2104 1782 2177 ἁρπάζουσιν,
1835 2109 1930 2169 καὶ

345 2193 740 2257 ἀϐασανίστους
792 2193 1124 2266 εἰσδέχονται
1173 2197 1302 2268 τοὺς
1361 2195 1570 2264 λόγους,
1633 2198 1813 2252 καίτοι
1868 2197 1930 2260 τὸ

345 2285 585 2357 ὠφελοῦν
623 2285 846 2357 ἔχοντας
887 2283 1060 2354 οὐδὲν,
1097 2287 1233 2342 πολὺ
1279 2287 1336 2342 δέ
1376 2287 1578 2358 μᾶλλον
1621 2289 1683 2348 τὺ
1731 2289 1930 2360 βλάῦος

345 2377 588 2448 ἐμποιεῖν
611 2377 893 2442 εἰωθότας.
938 2378 996 2432 '0
1016 2377 1073 2430 δὲ
1100 2379 1318 2443 συνετὸς
1347 2380 1647 2452 ἀκροατὴς,
1677 2380 1928 2453 καθάπερ

342 2466 560 2538 δόκιμος
587 2468 923 2540 τραπεζίτης
955 2467 1259 2539 εἰσδέχεται
1291 2470 1386 2540 μὲν
1419 2471 1482 2524 τὸ
1508 2471 1752 2540 πεφυκὸς
1786 2471 1928 2541 ὠφε-

343 2558 476 2624 λεῖν,
509 2557 963 2630 κατακιὸδηλεύει
988 2558 1044 2612 δὲ
1073 2557 1328 2631 καθάπερ
1348 2578 1398 2614 τι
1429 2563 1756 2634 παράσημον
1778 2563 1928 2635 νόμι-

345 2665 460 2718 σμα
506 2647 572 2702 τὺ
614 2647 690 2720 μὴ
729 2646 906 2712 οὕτως
941 2647 1086 2723 ἔχον.
1115 2649 1367 2718 Ἐοιοῦτόν
1393 2669 1446 2708 τι
1481 2654 1572 2708 καὶ
1598 2655 1626 2706 ὀ
1656 2655 1924 2728 μακάριος

344 2737 559 2801 Παῦλός
588 2755 743 2809 φησιο
787 2759 805 2790 ι
840 2738 1063 2793 Γίνεσθε
1089 2741 1338 2812 φρόνιμοι
1370 2745 1708 2814 τραπεζῖται,
1741 2747 1921 2802 πάντα

342 2829 689 2900 δοκιμάζετε,
722 2829 784 2882 τὸ
811 2828 976 2884 καλὸν
1015 2831 1288 2902 κατέχετε,
1331 2834 1438 2887 ἀπὸ
1490 2836 1693 2902 παντὸς
1745 2838 1919 2904 εἴδους

343 2921 586 2994 πονηροῦ
611 2922 901 2998 ἀπέχεσθε.
935 2941 956 2979 ι
981 2924 1090 2983 Καὶ
1119 2925 1226 2996 μὴν
1255 2927 1348 2980 καὶ
1395 2926 1580 2998 ἕτερος
1607 2929 1715 2985 τῶν
1743 2931 1918 3000 ἁγίων

346 3011 610 3087 μαθητῶν
627 3011 832 3084 συνῳδὰ
856 3013 1062 3081 τούτοις
1082 3015 1359 3072 ἐπιτάττει
1383 3018 1578 3089 λέγων·
1607 3040 1626 3072 ι
1651 3019 1913 3094 Ἀδελφοὶ,

341 3105 660 3175 δοκιμάζετε
716 3105 785 3160 τὰ
828 3107 1138 3178 πνεύματα,
1179 3111 1226 3162 εί
1260 3110 1323 3170 ἐκ
1370 3111 1466 3166 τοῦ
1505 3112 1642 3167 Θεοῦ
1681 3115 1848 3169 ἐστιν.
1889 3134 1908 3168 ι

341 3166 566 3258 Τούτων
598 3200 662 3272 δὴ
711 3195 807 3254 οῦν
855 3166 1136 3255 ἁπάντων,
1161 3166 1554 3275 ἀφῄρημένων,
1613 3166 1911 3276 ἐπιστήσω,
1940 3166 1984 3224 C

338 3290 490 3362 φησὶ,
536 3291 853 3355 νεανίσκους
895 3290 1162 3362 ἄρχοντας
1212 3292 1410 3358 αὐτῶν,
1464 3295 1557 3347 καὶ
1611 3295 1914 3366 ἐμπαῖκται

334 3379 714 3458 κυριεύσουσιν
735 3379 935 3436 αὐτῶν.
968 3379 1300 3446 Νεανίσκους
1325 3381 1383 3436 δὲ
1409 3381 1570 3438 πάλιν
1591 3384 1651 3437 οὐ
1679 3384 1822 3440 κατά
1849 3403 1912 3454 γε

333 3471 424 3531 τὸν
451 3472 550 3541 τῆς
571 3472 788 3543 ἡλικίας
810 3473 998 3545 χρόνον
1024 3475 1212 3529 ἐνθάδε
1239 3476 1425 3548 φησὶν,
1455 3476 1592 3531 ἀλλὰ
1611 3477 1738 3541 τοὺς
1758 3477 1913 3538 οὔπω

333 3562 592 3638 λαχόντας
619 3563 682 3620 τὸ
712 3565 769 3617 ἐν
804 3564 1014 3624 συνέσει
1038 3565 1260 3621 τέλειον.
1310 3569 1558 3636 ’Δφρονεῖ
1579 3564 1637 3622 δὲ
1660 3570 1692 3638 ἠ
1724 3569 1913 3638 νεότης

334 3655 442 3716 ἀεὶ,
473 3654 568 3708 καὶ
597 3655 917 3719 σεσάλευται
938 3656 1074 3727 πρὸς
1098 3657 1159 3711 τὸ
1183 3657 1414 3723 ἀπαθὲς,
1439 3660 1531 3714 καὶ
1554 3659 1651 3731 τῆς
1677 3659 1911 3732 ἀρίστης

331 3745 561 3816 ἡττᾶται
591 3745 806 3818 βουλῆς.
833 3748 1144 3809 Διατελοῦσι
1177 3749 1233 3803 δὲ
1259 3749 1356 3804 καὶ
1386 3751 1466 3814 εἰς
1495 3749 1653 3823 δεῦρο
1683 3751 1826 3806 κατὰ
1847 3752 1910 3808 τδ

327 3838 536 3905 ἀληθὲς
567 3839 844 3904 τοιούτους
874 3840 1087 3912 ἔχοντες
1118 3844 1359 3898 Ἰουδαῖοι
1391 3845 1518 3910 τοὺς
1547 3846 1904 3918 ἡγουμένους,

332 3919 428 3969 καὶ
450 3918 752 3990 νεωτέρους
781 3920 884 3990 τὴν
912 3921 1108 3991 φρένα,
1135 3923 1232 3977 καὶ
1253 3919 1366 3978 οἷόν
1391 3943 1546 3993 τινας
1567 3930 1907 3999 ἐμπαῖκτας.

342 4009 808 4066 ’Υποκλέπτονται
839 4011 947 4082 γὰρ
982 4013 1044 4068 τὸ
1071 4013 1251 4072 δοκεῖν
1279 4012 1422 4078 εἷναί
1451 4037 1528 4086 τι,
1557 4021 1737 4077 καίτοι
1768 4041 1908 4079 παν-

326 4099 421 4162 τὸς
437 4099 644 4170 ἀγαθοῦ
670 4103 762 4154 καὶ
796 4102 1002 4175 ἀρετῆς
1021 4105 1244 4174 ἀπάσης
1271 4108 1474 4182 πολλὴν
1501 4111 1785 4179 νοσοῦντες
1805 4113 1908 4187 τὴν

325 4193 933 4263 ἐρημίαν.¹Εμπαῖκται
964 4197 1019 4251 δὲ
1049 4201 1143 4254 καὶ
1173 4202 1396 4272 ἑτέρως,
1439 4203 1742 4276 ὠνούμενοι
1764 4209 1906 4280 χρῆν

326 4300 463 4353 μασι
514 4283 577 4337 τὸ
616 4283 900 4340 καλεῖσθαι
945 4287 1157 4351 Ῥαϐσὶ.
1193 4293 1289 4346 καὶ
1335 4295 1683 4369 φιλοκερδίας
1734 4299 1901 4356 ἕνεκα

320 4376 418 4430 καὶ
465 4374 776 4445 λημμάτων
806 4377 1073 4450 συλλογῆς
1113 4383 1176 4436 τὸ
1218 4386 1582 4457 καθηγεῖσθαι
1613 4389 1892 4461 λαχόντες.

2033 1915 2170 1967 citra
2202 1914 2492 1972 discrimen
2540 1924 2778 1990 rapiunt,
2809 1937 2862 1978 et
2910 1929 3046 1982 citra
3079 1943 3308 1987 examen
3339 1935 3606 2005 recipiunt

2032 2018 2332 2072 sermones,
2381 2009 2479 2062 etsi
2534 2011 2669 2072 nihil
2726 2014 3070 2073 emolumenti
3115 2020 3372 2092 habeant,
3415 2026 3525 2082 imo
3558 2030 3604 2084 si

2031 2107 2408 2152 nocumentum
2438 2101 2617 2170 potius
2651 2103 2897 2162 aderant.
2939 2109 3101 2182 Atqui
3137 2128 3337 2184 gnarus
3363 2119 3604 2190 auditor,

2034 2189 2196 2247 veluti
2224 2202 2478 2263 expertus
2503 2197 2916 2266 nummularius,
2947 2203 3088 2274 quod
3142 2207 3400 2275 prodesse
3442 2211 3601 2284 solet,

2029 2279 2306 2350 admittit;
2369 2285 2512 2352 quod
2541 2298 2700 2341 secus
2733 2285 2914 2352 habet,
2975 2291 3121 2345 velut
3150 2293 3288 2348 male
3333 2279 3601 2365 signatum

2028 2372 2323 2437 nutnisuta,
2372 2373 2733 2430 adulterinum
2782 2378 3012 2448 iudicat.
3057 2379 3174 2436 Non
3208 2384 3468 2440 dissimile
3516 2397 3601 2450 est

2026 2465 2168 2534 quod
2196 2462 2257 2526 Β,
2291 2464 2488 2522 Paulus
2514 2468 2724 2538 inquit:
2756 2489 2773 2522 ι
2806 2470 2992 2534 Estote
3021 2475 3315 2545 prudentes
3343 2493 3596 2536 nummu-

2024 2554 2169 2623 larii,
2208 2558 2390 2613 omnia
2425 2560 2738 2630 probantes,
2777 2564 2920 2642 quod
2952 2566 3150 2624 bonum
3184 2577 3268 2624 est
3297 2577 3494 2642 tenete,
3529 2575 3599 2639 ab

2022 2649 2170 2702 omni
2203 2651 2383 2720 specie
2410 2652 2548 2707 mala
2594 2655 2860 2712 abstinete
2882 2656 2950 2714 “.
2986 2677 3006 2717 ι
3045 2658 3198 2719 Alius
3232 2676 3394 2728 porro
3420 2679 3451 2720 e
3471 2682 3600 2724 sana

2023 2745 2128 2798 etis
2165 2745 2442 2816 discipulis
2505 2750 2764 2818 prmcepit
2820 2751 2970 2806 hisce
3031 2768 3306 2822 consona,
3361 2759 3592 2827 dicens;

2027 2852 2046 2887 ι
2083 2835 2327 2903 Fratres,
2343 2836 2447 2912 57
2469 2841 2693 2907 probate
2717 2841 2942 2909 spiritus
2968 2883 2983 2908 ,
3025 2859 3092 2900 an
3122 2861 3191 2904 ex
3217 2847 3328 2904 Deo
3343 2849 3541 2906 sint".
3567 2870 3589 2912 ι

2021 2925 2116 2984 llis
2173 2944 2302 3001 ergo
2352 2931 2603 2988 omnibus
2651 2933 2938 3002 submotis,
2977 2938 3322 3008 substituam,
3375 2940 3587 3012 inquit,

2019 3021 2452 3077 adolescentulos
2486 3023 2760 3099 principes
2803 3041 3014 3091 eorum,
3064 3040 3121 3083 et
3167 3029 3440 3088 derisores
3495 3035 3590 3088 do-

2025 3113 2376 3168 minabuntur
2427 3113 2554 3168 illis.
2615 3115 3060 3172 Adolescentulos
3105 3135 3321 3175 rursum
3369 3139 3473 3177 non
3521 3129 3590 3181 ab

2020 3211 2180 3258 aetate
2202 3204 2288 3259 hic
2321 3214 2499 3273 vocat,
2527 3206 2624 3262 sed
2662 3209 2752 3277 qui
2786 3210 3022 3264 nondum
3051 3210 3348 3280 perfectum
3385 3216 3590 3275 intellig

2018 3294 2211 3364 gentiae
2229 3295 2437 3352 culmen
2470 3307 2591 3352 sunt
2618 3301 2919 3364 consecuti.
2948 3302 3155 3374 Desipit
3189 3307 3333 3363 enim
3376 3324 3588 3382 semper

2011 3384 2292 3453 juventus,
2336 3397 2389 3443 et
2425 3389 2760 3461 ignoratione
2786 3392 3026 3464 jactatur
3058 3407 3112 3452 et
3137 3397 3361 3457 ﬂuctuat
3383 3443 3398 3470 ,
3446 3406 3588 3474 opti—.

2015 3490 2270 3546 mnmque
2321 3481 2605 3537 consilium
2661 3483 2765 3539 illis
2811 3485 3012 3543 deﬁcit.
3071 3489 3284 3549 Habent
3314 3504 3494 3551 autem
3527 3509 3587 3553 et

2015 3567 2177 3624 hodie
2220 3568 2390 3630 ,ιυθωί
2439 3573 2605 3633 duces
2637 3591 2765 3632 vere
2804 3579 2957 3646 tales,
3013 3594 3194 3639 mente
3242 3585 3468 3655 juvenes
3527 3600 3586 3655 et

2011 3657 2280 3721 illusores.
2324 3663 2672 3729 Sulfurantur
2721 3670 2865 3726 enim
2911 3673 3190 3730 hominum
3219 3679 3582 3738 existimatio-

2011 3764 2168 3820 nem,
2202 3756 2450 3813 omnium
2499 3757 2625 3814 licet
2661 3760 2962 3832 bonorum,
3022 3767 3309 3838 omnisque
3363 3771 3582 3834 virtutis

2009 3856 2202 3914 mgna
2259 3844 2508 3911 laborent
2567 3850 2765 3919 inopia.
2825 3854 2963 3913 Sunt
3002 3867 3058 3912 et
3111 3858 3270 3914 aliter
3307 3860 3579 3932 illusores,

2008 3934 2134 3992 dum
2185 3949 2372 3994 emunt
2419 3945 2663 4011 pecuniis
2705 3955 2764 4000 ut
2811 3945 3330 4014 Rabbivocitentur,
3366 3963 3420 4008 et
3450 3969 3582 4022 pro!

2005 4032 2128 4094 pter
2162 4038 2406 4096 quastus
2454 4033 2730 4100 studium,
2785 4045 2843 4092 ut
2887 4037 3100 4106 prmdas
3151 4051 3580 4108 aucupentur“

2004 4116 2301 4188 colligant,
2335 4123 2561 4178 docendi
2598 4141 2792 4182 munus
2827 4129 3223 4196 adipiscuntur.
3253 4133 3453 4192 Verum
3483 4140 3576 4208 qui

2001 4209 2318 4280 propulsata
2371 4212 2724 4284 hypocriseos
2777 4219 2986 4288 morbo,
3020 4222 3132 4277 veri
3164 4233 3292 4281 sunt
3329 4231 3572 4299 cluuiani

2001 4305 2245 4355 nostrum
2298 4300 2605 4362 Servatoris
2631 4306 2834 4365 Christi
2862 4312 3182 4374 adoratores
3204 4355 3220 4381 ,
3255 4333 3361 4380 non
3391 4331 3575 4381 exter-.1

2001 4390 2392 4447 nisdecoribus
2417 4393 2650 4451 fucatam
2677 4398 2874 4456 habent
2905 4403 3123 4463 virtutis
3151 4412 3387 4476 speciem
3413 4452 3428 4478 ,
3468 4415 3567 4476 sed

333 4466 474 4519 Ἀλλ’
523 4467 642 4536 οῖγε
676 4469 772 4523 τοῦ
802 4470 1019 4526 πάντων
1055 4475 1216 4546 ἡμῶν
1243 4478 1498 4551 Σωτῆρος
1526 4481 1767 4551 Χριστοῦ
1796 4485 1898 4556 τὴν

2025 4479 2217 4536 ιὶειειὶε
2247 4494 2562 4539 ornamenta
2618 4488 2756 4555 intra
2790 4503 3022 4548 mentem
3049 4503 3106 4549 et
3130 4466 3226 4554 cor
3252 4466 3568 4575 admittunt,

316 4555 423 4624 τῆς
464 4557 802 4630 ὑποκρίσεως
849 4563 1209 4632 διωθούμενοι
1274 4568 1452 4636 νόσον,
1513 4572 1737 4643 ἀληθεῖς
1787 4555 1898 4631 εἰσι

315 4653 720 4718 προσκυνηταὶ,
763 4655 860 4707 καὶ
890 4657 953 4709 οὐ
984 4659 1102 4720 τοῖς
1124 4657 1326 4722 ἔξωθεν
1345 4659 1654 4733 ὠραϊσμοτς
1680 4669 1898 4722 πεπλα-

310 4741 561 4811 νημένην
607 4741 669 4815 [ί.
718 4745 1135 4822 πεπλασμένην]
1169 4750 1354 4821 ἔχουσι
1398 4753 1498 4822 τῆς
1553 4755 1760 4826 ἀρετῆς
1796 4757 1897 4829 τὴν

2002 4585 2066 4625 ac
2094 4570 2154 4624 in-
2183 4579 2322 4637 terra
2355 4575 2571 4644 quidem
2596 4581 2978 4652 obambulant,
3019 4586 3113 4643 sed
3153 4588 3208 4642 in
3253 4588 3406 4646 caelis
3450 4570 3571 4652 ver.

2001 4669 2229 4732 santur,
2294 4677 2682 4738 prmeepterem
2736 4674 3000 4732 habentes
3059 4677 3236 4746 ipsum
3285 4680 3568 4746 Dominum

2001 4765 2241 4811 nostrum
2274 4757 2462 4823 Jesum
2493 4762 2790 4820 Christum.

302 4837 560 4908 δόκησιν,
596 4838 712 4892 ἀλλ’
737 4842 820 4906 εἰς
843 4841 972 4897 νοῦν
1001 4844 1112 4900 ἔσω
1143 4851 1238 4902 καὶ
1269 4850 1500 4920 καρδίαν
1530 4852 1599 4906 τὰ
1634 4854 1734 4924 τῆς
1758 4855 1840 4919 είς
1867 4855 2001 4909 Θεὸν
2048 4857 2331 4922 εὐσεϐείας
2385 4864 2806 4926 συνενεγκόντες
2843 4861 3163 4929 αὐχήματα,
3199 4867 3567 4931 περιπατοῦσι

302 4931 415 5001 μὶν
431 4932 540 4986 ’ἐπὶ
566 4933 690 5002 γῆς,
719 4937 778 4988 ἐν
791 4936 864 5030 οὲ
888 4938 1142 5010 οὐρανοῖς
1163 4942 1562 5030 πολιτεύονται,
1584 4947 1906 5030 καθηγητὴν
1941 4950 2158 5022 ἔχοντες
2193 4953 2360 5008 αὐτὸν
2389 4954 2482 5008 τὸν
2518 4954 2724 5021 Κύριον
2745 4953 2905 5023 ἡμῶν
2946 4955 3155 5026 Ἰησοῦν
3179 4957 3272 5010 τὸν
3309 4959 3563 5030 Χριστόν,

375 5019 489 5070 Kal
508 5019 904 5088 συμπεσεῖται
921 5026 962 5076 -ό
980 5024 1150 5087 λαὸς,
1163 5023 1473 5093 ἄνθρωπος
1495 5029 1646 5096 πρὸς
1667 5019 1890 5107 ἀνθρφ

290 5123 458 5174 πον,
507 5108 607 5163 καὶ
649 5110 962 5190 ἄνθρωπος
1010 5115 1160 5184 πρὸς
1207 5117 1316 5172 τὸν
1361 5121 1632 5188 πλησίον
1674 5124 1884 5180 αὐτοῦ.

2073 5038 2244 5098 Vens.
2259 5039 2314 5099 5.
2361 5041 2426 5096 Et
2457 5047 2692 5102 concidet
2724 5050 2970 5118 populus,
2999 5053 3151 5118 homo
3173 5061 3240 5111 ad
3277 5061 3560 5133 hominem,

1993 5139 2041 5190 et
2068 5129 2222 5191 homo
2255 5133 2324 5193 ad
2344 5135 2645 5201 proximum
2674 5155 2848 5196 munt.
2874 5140 3130 5214 Impinget
3161 5150 3412 5216 puerulus
3435 5129 3561 5210 non;

291 5203 645 5270 Προσκόψει
670 5203 741 5263 τὸ
764 5203 1008 5265 παιδίον
1029 5203 1181 5276 πρὸς
1205 5209 1315 5263 τὸν
1333 5213 1700 5284 πρεσϐύτην,
1729 5217 1830 5274 καὶ
1851 5220 1886 5272 ὁ

2025 5237 2076 5275 ra
2112 5237 2306 5289 senem,
2348 5233 2398 5278 ει
2433 5227 2682 5296 ignobilis
2710 5241 2894 5293 contra
2929 5203 3176 5298 nobilem:

282 5293 506 5360 ἄτιμος
536 5296 688 5366 πρὸς
711 5295 822 5349 τὸν
843 5297 1106 5368 ἔντιμον.

365 5384 948 5458 Προκαταμεμήννκεν
983 5391 1117 5465 ἡμῖν
1144 5391 1174 5445 ὁ
1193 5391 1370 5461 λόγος,
1400 5395 1477 5459 ὼς
1513 5396 1883 5472 ἀφαιρεθήσε-

2058 5401 2318 5472 Exposuit
2364 5415 2545 5462 autem
2585 5409 2740 5464 nobis
2781 5410 2870 5466 hic
2904 5424 3082 5466 sermo
3121 5413 3472 5479 auferendum
3528 5435 3562 5483 ε
3627 5423 3632 5426 ’

275 5493 388 5530 ται
426 5474 528 5546 τῆς
566 5478 827 5543 ἰουδαίας
869 5481 1023 5550 ἰσχὺς
1053 5483 1217 5554 ἄρτου
1246 5487 1338 5538 καὶ
1369 5486 1524 5556 ἰσχὺς
1548 5486 1758 5556 ὓδατος,
1791 5492 1881 5561 γίτ-

2025 5494 2164 5548 ιιιίιυιι
2198 5495 2361 5550 robur
2391 5497 2563 5566 panis,
2596 5508 2651 5553 et
2681 5502 2848 5555 robur
2887 5517 3060 5574 aqua,
3092 5505 3362 5576 gigantem
3393 5474 3556 5573 etiam

273 5581 400 5636 γας
440 5582 501 5620 τε
548 5567 644 5620 καὶ
679 5568 899 5640 ἰσχύων,
945 5570 1297 5645 πολεμιστὴς,
1334 5577 1432 5629 καὶ
1469 5577 1747 5652 δικαστὴς,
1783 5583 1878 5634 καὶ

2025 5593 2032 5637 t
2067 5596 2473 5656 praepotentem,
2512 5589 2822 5648 bellatorem
2849 5602 2900 5648 et
2921 5567 3180 5666 judice-inv,
3206 5598 3334 5682 quin
3356 5609 3410 5655 et
3433 5567 3560 5672 pros

354 5721 448 5778 ³³1
486 5723 944 5793 Cor,trt,10,ll.
1017 5728 1105 5784 ³⁸1
1131 5729 1322 5794 Thess.
1368 5747 1422 5798 ν,
1449 5733 1538 5802 21,
1565 5735 1658 5802 εκ
1734 5736 1782 5770 ³⁷
1811 5736 1853 5792 ll
1886 5736 1922 5802 ,ι

2030 5779 2045 5814 _.
2082 5741 2229 5809 tv,l,_
