4134 6304
533 417 636 472 105

1537 405 1599 461 s.
1640 399 1918 458 CYRlLLl
1957 352 2424 453 ALEXANDIHNI
2468 393 2784 450 annuum.

3670 395 3772 452 104

531 533 750 603 ριιοωω
799 537 854 586 et
902 504 1282 589 divinatorem,
1331 538 1536 590 senem,
1579 531 1645 575 tet
1689 519 2096 589 quinquagena-

2209 515 2310 586 μὴν
2340 515 2433 568 καὶ
2463 515 2747 585 «primm;
2782 516 2876 567 καὶ
2909 511 3228 584 στοχαστὴς,
3253 512 3347 565 καὶ
3379 511 3775 583 πρεσϐύτερος,

534 623 676 677 rium
743 621 966 682 ducem,
1017 626 1072 670 et
1133 613 1534 685 suspiciendum
1592 609 1984 675 consiliarium,
2042 616 2098 663 et

498 707 502 711 “
534 714 695 768 etiam
729 709 1026 779 sapientem
1073 705 1455 767 architectum,
1493 712 1547 758 et
1581 701 1966 770 iutelligentem
1997 715 2096 754 au-

541 805 790 860 ditorem.
837 798 1105 872 Deinceps
1151 812 1258 870 quo
1307 795 1520 849 tandem
1578 808 1666 848 res
1705 792 1915 856 evadet,
1952 797 2007 846 et
2045 789 2098 844 in

535 903 794 968 quantum
855 889 1236 946 detrimentum
1293 885 1424 956 ipsis
1475 891 1744 953 erumpet,
1815 880 2100 936 manifeste

533 985 722 1054 aperit,
747 997 867 1036 cum
899 995 1022 1036 mox
1054 978 1274 1038 subdit;
1305 995 1332 1029 4
1363 976 1628 1032 Concidet
1651 975 1906 1046 populus,
1931 973 2100 1030 homo

530 1077 600 1132 ad
623 1071 921 1138 hominem,
947 1089 967 1123 ι
1007 1069 1058 1125 id
1083 1078 1186 1133 est,
1219 1068 1274 1123 in
1303 1069 1569 1126 seditione
1599 1076 1778 1132 erunt,
1813 1075 1868 1121 et
1899 1065 1952 1118 in
1988 1079 2101 1118 me-

534 1165 638 1223 diis
676 1162 995 1220 tumultibus
1030 1162 1212 1216 vivent
1260 1160 1448 1224 vitam,
1497 1157 1788 1226 juvenibus
1838 1170 2102 1210 veneran-

535 1257 658 1312 dam
689 1254 950 1310 canitiem
973 1251 1120 1306 senis
1145 1266 1252 1310 non
1278 1247 1650 1304 reverentibus
1673 1287 1687 1312 ,
1719 1245 1975 1302 inferiore
2003 1245 2103 1299 bo-

537 1360 726 1401 norem
767 1343 1029 1418 superiori
1085 1350 1316 1410 negante
1355 1357 1368 1392 :
1415 1339 1508 1394 sed
1566 1354 1689 1394 cum
1740 1336 2102 1407 reprehendat

538 1452 716 1503 neum,
737 1449 837 1492 nec
867 1433 932 1488 ad
969 1433 1021 1488 id
1049 1434 1193 1505 quod
1219 1445 1488 1503 quemque
1517 1433 1695 1494 decet,
1719 1429 1938 1495 dirigat,
1974 1428 2104 1482 Sub-

537 1530 647 1584 lato
698 1527 853 1585 omni
882 1522 1074 1580 ordine
1098 1531 1152 1578 el
1179 1523 1427 1586 scientia,
1468 1521 1701 1575 rnuxima
1741 1521 1982 1575 omnium
2021 1536 2106 1573 re-

538 1634 658 1674 rum
685 1617 824 1688 apud
869 1629 966 1671 eos
985 1613 1332 1687 perturbatio
1365 1612 1593 1667 exsistet
1621 1620 1673 1665 et
1703 1609 1970 1665 confusio.
2005 1609 2103 1665 Ubi

537 1707 684 1758 enim
711 1705 891 1758 divina
916 1719 1020 1759 non
1049 1711 1248 1773 praeest
1277 1701 1364 1755 lex
1393 1716 1572 1755 rerum
1603 1701 1932 1769 agendarum
1958 1700 2105 1754 arbi-

2198 605 2292 658 καὶ
2324 606 2813 676 πεντηκόνταρχος,
2851 604 2946 658 καὶ
2975 603 3286 675 Θαυμαστὸς
3321 603 3641 672 σύμϐουλος·
3681 606 3778 658 καὶ

2200 693 2308 769 μὴν
2349 694 2444 747 καὶ
2483 693 2648 762 σοφὸς
2690 693 3048 764 ἀρχιτέκτων,
3093 692 3188 746 καὶ
3231 691 3446 754 συνετὸς
3481 693 3774 763 ἀκροατής.

2198 780 2330 836 Εἶτα
2360 784 2484 836 ὅποι
2507 783 2637 836 ποτὲ
2660 783 2722 836 τὸ
2756 784 2948 855 χρῆμα
2981 785 3162 846 αὐτοῖς
3205 781 3520 852 ἐκϐήσεται,
3554 783 3649 836 καὶ
3696 783 3778 846 είς
3839 795 3856 806 ⁵·

2197 867 2309 928 οἷον
2332 874 2515 938 αὐτοῖς
2549 873 2924 943 ἐκτελευτήσει
2950 873 3164 946 βλάϐος,
3198 872 3520 944 καθίστησιν
3549 872 3776 944 ἐναργὲς

2198 965 2562 1036 προσεπὰγων
2598 963 2778 1031 εὐθὺς,
2803 965 2883 1018 δτι
2904 983 2924 1017 t
2952 966 3322 1035 Συμπεσεῖται
3342 965 3370 1016 ὁ
3390 963 3539 1028 λαὸς,
3564 962 3776 1034 ἄνθρωο

2199 1069 2299 1116 πος
2330 1052 2466 1124 πρὸς
2483 1051 2792 1123 ἄνθρωπον·
2815 1072 2839 1104 a
2872 1053 3015 1105 τοῦτ’
3035 1053 3283 1118 ἔστιν,.ὲν
3309 1052 3504 1125 ἀταξίᾳ.
3530 1071 3590 1106 τε
3619 1053 3768 1108 ἔσονη

2202 1159 2308 1208 ται,
2336 1143 2430 1196 καὶ
2452 1141 2680 1213 θορύϐου
2711 1141 2906 1213 μεστὸν
2937 1143 3278 1213 διαζήσονται
3303 1142 3435 1212 βίον.
3469 1143 3541 1196 Ού
3563 1143 3662 1214 τὴν
3687 1161 3777 1197 σε.

2203 1233 2340 1304 πτὴν
2369 1233 2460 1286 τοῦ
2494 1232 2800 1304 πρεσϐύτου
2842 1233 3033 1286 πολιὰν
3089 1233 3498 1302 αἰσχυνομένων
3523 1234 3680 1286 νέων·
3713 1234 3776 1289 οὐ

2200 1325 2292 1378 τὸν
2323 1323 2628 1394 προύχοντα
2664 1326 2831 1394 τιμᾷν
2866 1324 3145 1388 ἀξιοῦντος
3185 1323 3264 1376 ἔτι
3310 1323 3403 1376 τοῦ
3441 1325 3539 1396 τὴν
3570 1324 3780 1379 ἐλάττω

2202 1414 2456 1484 λαχόντος
2485 1415 2660 1480 τάξιν·
2688 1415 2800 1468 ἀλλ’
2822 1415 3178 1486 ἐπιτιμῶντος
3205 1414 3441 1479 οὐδενὸς,
3465 1417 3636 1485 ἥγουν
3667 1418 3776 1470 ἀπ-

2205 1503 2516 1566 ευθύνοντας
2535 1505 2614 1567 είς
2633 1503 2694 1556 τὸ
2718 1505 2930 1575 ἑκάστῳ
2953 1505 3183 1577 πρέπον,
3208 1506 3384 1559 πάντα
3402 1506 3608 1576 φύρδην
3624 1507 3776 1561 ἔσται

2205 1595 2332 1664 παρ’
2363 1594 2543 1656 αὐτοῖς
2575 1592 2828 1658 εὐταξίας
2866 1595 3082 1666 ἀπάσης
3115 1595 3207 1648 καὶ
3239 1598 3550 1667 ἐπιστήμης
3581 1596 3779 1670 ἐξῃρη-

2206 1683 2395 1754 μένης.
2437 1684 2610 1737 Ὄπου
2650 1684 2760 1755 γὰρ
2807 1683 2948 1749 θεῖος
2993 1686 3093 1738 ούκ
3130 1686 3399 1756 ἐφέστηκε
3444 1686 3627 1756 νόμος,
3667 1687 3778 1740 τῶν

540 1805 647 1860 ter,
705 1795 974 1866 quomodo
1011 1801 1104 1847 aut
1151 1793 1289 1845 unde
1332 1791 1528 1860 poterit
1561 1791 1846 1860 quisquam
1883 1790 2106 1844 honeste

2209 1773 2494 1846 πρακτέων
2521 1775 2550 1827 ό
2582 1775 2904 1848 βραϐευτὴς,
2934 1777 3052 1841 πῶς
3081 1777 3114 1846 ἢ
3144 1777 3310 1831 πόθεν
3337 1777 3405 1831 ἂν
3431 1777 3641 1847 γένοιτό
3667 1797 3776 1832 τισι

539 1895 634 1940 aut
656 1861 850 1939 decore
884 1881 1110 1936 vivere?
1139 1879 1329 1935 Simile
1362 1880 1507 1934 enim
1532 1887 1638 1946 est,
1668 1892 1732 1933 ac
1761 1878 1806 1932 si
1836 1877 1956 1947 quis
1981 1877 2106 1932 velit

2209 1868 2266 1921 τὺ
2298 1869 2356 1920 ὲν
2383 1868 2573 1939 κόσμῳ
2610 1868 2870 1922 δύνασθαι
2903 1868 3174 1935 διαϐιοῦν;
3200 1870 3424 1940 ’Ὅμοιον
3464 1869 3572 1940 γὰρ
3619 1869 3692 1934 ὡς
3728 1872 3776 1922 εί

541 1978 718 2032 navim
771 1974 940 2030 clavis
1001 1985 1056 2029 et
1113 1965 1477 2043 gubernatore
1539 1979 1814 2032 carentem
1866 1977 2013 2026 recto
2053 1977 2109 2026 et

538 2065 804 2130 inollenso
838 2078 996 2120 cursu
1023 2063 1174 2122 ferri.

607 2243 717 2317 58
740 2239 900 2295 Vens.
919 2241 976 2306 6,
998 2239 1051 2294 7.
1077 2237 1218 2306 Quia
1238 2236 1584 2308 apprehendat
1601 2236 1679 2291 vir
1690 2235 1908 2303 fratrem
1927 2249 2104 2300 suum,

534 2333 614 2387 vel
656 2330 998 2385 domesticum
1040 2328 1211 2397 patris
1249 2328 1352 2390 sui,
1396 2326 1580 2380 dicens
1611 2340 1632 2379 :
1675 2323 1879 2379 Vestem
1923 2324 2102 2389 habes,

535 2423 772 2492 princeps
813 2427 989 2473 uoster
1011 2429 1143 2480 esto,
1178 2426 1229 2470 et
1268 2418 1412 2470 cibus
1447 2432 1590 2470 meus
1612 2431 1766 2483 penes
1796 2424 1844 2470 te
1884 2415 1975 2469 sit.
2003 2413 2106 2468 Re—

535 2512 795 2582 spondens
831 2520 1003 2564 autem
1040 2509 1174 2561 dicet
1227 2508 1281 2561 in
1310 2507 1394 2560 die
1437 2504 1566 2560 illa:
1598 2504 1721 2558 Non
1753 2521 1840 2559 ero
1865 2505 2104 2572 princeps

539 2609 683 2665 tuus,
715 2614 825 2668 non,
844 2597 983 2652 enim
1012 2603 1088 2648 est
1129 2594 1185 2646 in
1216 2593 1370 2646 domo
1400 2607 1518 2646 mea
1547 2591 1724 2657 uanis,
1744 2607 1904 2662 neque
1929 2590 2104 2659 uestis,

539 2705 642 2744 non
664 2704 753 2744 ero
779 2688 1021 2758 princeps
1049 2683 1230 2756 populi
1255 2682 1438 2754 hujus.

610 2867 913 2923 Iudaeorum
945 2877 1174 2918 miserta:
1203 2869 1255 2916 et
1279 2875 1505 2918 summa:
1531 2859 1863 2917 calamitatis
1894 2862 2104 2933 magni-

544 2958 786 3014 tudinem
815 2953 1128 3025 propbetica
1153 2953 1312 3007 nobis
1347 2952 1619 3024 signiﬁcat
1657 2953 1855 3009 oratio.
1894 2952 2105 3023 Regna-

543 3056 672 3104 runt
699 3047 846 3100 enim
887 3043 1045 3100 statis
1077 3041 1415 3110 temporibus
1458 3040 1512 3097 in
1551 3038 1875 3104 Jerusalem,
1917 3040 2007 3108 qui
2038 3053 2107 3093 es

2206 1957 2299 2010 καί
2326 1975 2409 2020 τις
2439 1956 2678 2028 βούλοιτο
2701 1957 2832 2011 ναῦν
2861 1958 3133 2028 πηδαλίων
3168 1975 3228 2012 τε
3255 1961 3389 2029 ὅμου
3428 1959 3522 2012 κα)⁸
3550 1959 3645 2012 τοῦ
3677 1977 3776 2014 κυ-

2204 2045 2502 2119 ϐερνῶντος
2535 2049 2770 2120 ἐρήμην,
2810 2051 2956 2105 εὐθεῖ
2997 2051 3089 2105 καὶ
3135 2050 3482 2122 ἀδιαστρόφῳ
3515 2051 3776 2124 φέρεσθαι

2203 2138 2409 2211 δρόμῳ.

2270 2229 2396 2284 Ὅτι
2424 2228 2784 2298 ἐπιλήψεται
2807 2231 3116 2301 ἅνθρωπος
3143 2232 3252 2288 τοῦ
3279 2232 3545 2303 ἀδελφοῦ
3567 2233 3776 2300 αὐτοῦ,

2203 2321 2244 2390 ἢ
2261 2321 2370 2376 τοῦ
2391 2322 2613 2377 οἰκείου
2633 2324 2737 2379 τοῦ
2766 2324 2990 2393 πατρὸς
3017 2324 3227 2389 αὑτοῦ,
3264 2324 3478 2395 λέγων·
3520 2324 3780 2394 Ἰμάτιον

2204 2413 2384 2482 ἔχοις,
2430 2414 2693 2485 ἀρχηγὸς
2737 2415 2905 2485 ἡμῶν
2943 2416 3144 2486 γενοῦ,
3189 2417 3291 2471 καὶ
3335 2417 3402 2472 τό
3447 2415 3658 2488 βρῶμα
3711 2417 3779 2471 τὸ

2203 2505 2351 2575 ἐμόν
2399 2507 2518 2562 ὑπὸ
2568 2505 2644 2560 σὲ
2687 2506 2864 2562 ἔστω.
2912 2509 3018 2562 Καὶ
3062 2509 3406 2580 ἀποκριθεὶς
3443 2509 3566 2579 ἐρεῖ
3603 2510 3675 2564 ἐν
3703 2507 3780 2578 τῇ

2204 2595 2393 2666 ἡμέρᾳ
2433 2597 2659 2666 ἐκείνῃ·
2687 2599 2810 2653 Οὐκ
2851 2599 3069 2670 ἔσομαί
3107 2617 3225 2656 σου
3249 2601 3532 2672 ἀρχηγὸς,
3566 2603 3638 2656 οὐ
3671 2603 3779 2673 γὰρ

2204 2685 2377 2742 ἔστιν
2415 2687 2485 2741 ἐν
2522 2687 2600 2754 τῷ
2641 2689 2784 2752 οἴκῳ
2813 2707 2934 2758 μου
2969 2690 3169 2760 ἄρτος,
3206 2691 3350 2747 οὐδὲ
3388 2692 3640 2763 ἱμάτιον,
3665 2694 3778 2747 οὐκ

2211 2776 2425 2846 ἔσομαι
2452 2780 2717 2849 ἀρχηγὸς
2742 2781 2850 2835 τοῦ
2870 2782 3022 2836 λαοῦ
3052 2783 3284 2839 τούτου.

2275 2868 2388 2938 Τῆς
2453 2869 2718 2922 Ἰουδαίων
2769 2871 3083 2945 ἀθλιότητος
3159 2875 3253 2928 καὶ
3319 2874 3420 2944 τῆς
3478 2875 3560 2938 είς
3612 2873 3779 2948 ἀκρον

2204 2958 2580 3030 ταλαιπωρίας
2608 2961 2670 3014 τὸ
2695 2960 2924 3032 μέγεθος
2953 2965 2982 3017 δ
3011 2963 3346 3035 προφητικδς
3385 2965 3517 3036 ἡμῖν
3541 2979 3779 3039 καταση-

2210 3050 2390 3122 μαίνει
2421 3050 2598 3122 λόγος.
2641 3052 2983 3108 Ἐϐασίλευον
3018 3057 3115 3126 μὲν
3143 3057 3252 3128 γὰρ
3286 3055 3427 3109 κατά
3467 3055 3691 3126 καιροὺς
3721 3056 3778 3108 ὲν

543 3140 681 3195 tribu
704 3137 852 3192 ludat
884 3148 1039 3192 erant
1070 3153 1084 3189 :
1115 3143 1176 3189 et
1215 3131 1482 3204 splendidi
1513 3133 1750 3198 fuerunt,
1774 3131 2020 3186 celebres
2051 3140 2106 3186 et

2209 3144 2318 3207 τοῖς
2355 3142 2748 3215 Ἱεροσολύμοις
2791 3145 2824 3215 ἡ
2870 3145 2935 3198 ὲκ
2986 3144 3159 3215 φυλῆς
3199 3144 3391 3211 Ἰούδα,
3437 3143 3681 3216 λαμπροί
3719 3159 3778 3196 τε

543 3231 747 3286 divitiis
781 3228 986 3292 ornati,
1019 3236 1075 3281 et
1097 3225 1394 3280 nobilitatis
1421 3234 1571 3280 sorte
1593 3239 1724 3279 sane
1748 3238 1912 3294 quant
1941 3237 2101 3294 egre-

543 3323 633 3392 gie
681 3319 958 3374 coronati.
1003 3315 1382 3371 Przesederunt
1409 3316 1534 3370 item
1575 3314 1680 3370 alio
1721 3316 1900 3380 modo,
1939 3316 2032 3386 qui
2075 3331 2109 3371 e

548 3413 691 3466 tribu
733 3411 947 3464 fuerunt
987 3407 1143 3472 Levi,
1189 3421 1254 3462 ex
1306 3406 1538 3462 Asrouis
1579 3408 1791 3463 ordine.
1840 3409 1977 3464 Cum
2031 3408 2106 3463 ita

546 3517 788 3560 summus
815 3503 1069 3556 sacerdos
1099 3511 1376 3570 praeesset,
1413 3497 1658 3556 seniores
1686 3509 1743 3556 et
1772 3498 1974 3556 Levita:
1991 3500 2106 3556 obi-

549 3605 675 3652 rent
703 3593 1030 3656 ministeria,
1054 3592 1384 3661 suscipiendi
1406 3599 1564 3647 erant
1592 3591 1645 3647 bi
1667 3605 1772 3662 per
1798 3592 2105 3647 universam

548 3689 820 3757 regionem
873 3681 1198 3738 Iudaeorum.
1243 3682 1314 3735 At
1383 3681 1472 3736 ubi
1515 3695 1640 3751 quin
1694 3681 1775 3737 fas
1818 3696 1924 3737 non
1990 3691 2106 3736 erat

546 3778 992 3840 commisissent,
1039 3773 1347 3845 nullumque
1392 3773 1812 3844 nonimpietatis
1847 3787 2014 3844 genus
2050 3773 2106 3829 in

545 3871 820 3928 Christum
856 3867 1264 3931 exercuissent,
1307 3866 1374 3921 de
1423 3865 1657 3935 pristina
1704 3865 1992 3936 dignitate,
2043 3879 2109 3920 ac

543 3960 863 4018 celebritate
902 3957 1216 4014 divitiarum
1247 3965 1308 4012 et
1340 3956 1591 4012 claritate
1622 3955 1822 4026 delapsi
1857 3965 2022 4020 sunt;
2054 3957 2106 4010 in

543 4069 772 4124 eantque
795 4051 1176 4110 confusionem
1221 4059 1280 4106 et
1306 4048 1566 4104 vilitatem
1608 4063 1695 4104 res
1724 4062 1909 4104 eorum
1945 4049 2110 4104 deve-

545 4154 763 4211 nerunt,
795 4155 855 4199 ut
883 4141 1090 4198 nullum
1132 4139 1355 4196 omnino
1383 4144 1609 4209 possent
1655 4137 1799 4193 inter
1825 4152 1886 4192 se
1918 4137 2106 4191 ducem

545 4237 746 4291 habere
773 4235 999 4304 antiqua
1035 4232 1360 4289 excellentia
1388 4230 1614 4293 clarum,
1645 4243 1744 4284 nec
1765 4228 1978 4297 Opibus,
2012 4241 2111 4280 nec

549 4332 834 4397 potestate,
877 4339 978 4378 nee
1019 4323 1156 4395 legis
1203 4323 1394 4379 notitia
1453 4322 1760 4391 przeditum.
1791 4319 1903 4374 Hoc
1935 4320 2107 4388 ipsum

547 4420 729 4479 docet,
759 4430 880 4470 cum
919 4413 994 4468 sit
1024 4432 1041 4470 :
1078 4432 1099 4467 ι
1143 4413 1522 4483 Apprehendet
1547 4414 1629 4466 vir
1658 4412 1883 4466 fratrem
1927 4426 2107 4476 suum,

2211 3227 2348 3303 ἦσαν
2379 3233 2472 3287 καὶ
2507 3233 2807 3303 διαφανεῖς,
2841 3235 2935 3288 καὶ
2960 3235 3174 3307 πλούτῳ
3199 3235 3497 3307 κομῶντες,
3532 3233 3629 3288 καὶ
3662 3236 3782 3298 ταῖς

2212 3325 2292 3389 είς
2337 3324 2490 3394 λῆξιν
2532 3326 2801 3390 εύκλείαις
2847 3322 2905 3381 εὖ
2949 3327 3094 3398 μάλα
3149 3327 3596 3400 κατεστεμμένοι.
3630 3325 3780 3383 Καθη

2210 3415 2442 3485 ηγούντο
2475 3415 2534 3470 δὲ
2569 3418 2664 3471 καὶ
2691 3418 2911 3489 ἑτέρως,
2947 3421 2997 3473 0i
3035 3420 3100 3474 ὲκ
3129 3419 3302 3492 φυλῆς
3339 3420 3470 3474 Λευῖ
3514 3419 3655 3475 κατά
3685 3418 3782 3490 τὴν

2211 3505 2364 3570 τάξιν
2391 3505 2489 3576 τὴν
2525 3506 2756 3579 Ἀαρών.
2803 3507 3138 3580 Προύχοντος
3190 3511 3289 3582 μὲν
3328 3511 3420 3566 τοῦ
3463 3510 3779 3583 ἀρχιερέως,

2211 3593 2665 3680 λειτουργούντων
2691 3597 2748 3650 δὲ
2783 3599 3165 3680 πρεσϐυτέρων
3193 3602 3288 3654 καὶ
3309 3600 3570 3666 Λευῖτῶν,
3599 3599 3782 3658 σεπτοὶ

2211 3683 2269 3738 δὲ
2287 3679 2426 3755 ἦσαν
2454 3685 2549 3739 καὶ
2580 3686 2632 3738 οἱ
2657 3686 2870 3745 τοιοίδε.
2892 3690 3004 3750 τοῖς
3031 3679 3136 3742 ἀνά
3161 3691 3341 3743 πᾶσαν
3364 3688 3474 3742 τῶν
3515 3688 3782 3742 Ἰουδαίων

2211 3773 2310 3846 τὴν
2337 3775 2539 3847 χώραν.
2595 3777 2810 3848 Ἐπειδὴ
2844 3777 2902 3831 δὲ
2931 3780 3278 3850 πεπράχασιν
3307 3780 3346 3836 ἃ
3383 3779 3456 3851 μὴ
3479 3779 3661 3850 θέμις,
3691 3778 3784 3831 καὶ

2212 3865 2311 3935 τῆς
2337 3867 2415 3930 είς
2439 3867 2672 3937 Χριστὸν
2695 3866 3006 3933 δυσσεϐείας
3033 3870 3207 3934 οὐδεὶς
3230 3865 3297 3942 ἦν
3318 3871 3502 3933 αὐτοῖς
3530 3870 3785 3939 ἀνεπιτή.

2212 3954 2398 4018 δευτος
2433 3956 2653 4024 τρόπος,
2691 3955 2998 4012 ἀπὼλισθον
3029 3959 3128 4029 μὲν
3161 3958 3260 4028 τῆς
3304 3957 3534 4029 ἀρχαίας
3569 3959 3786 4030 ἐκείνης

2213 4047 2594 4120 λαμπρότητος
2637 4049 2733 4102 καὶ
2780 4050 3140 4121 περιφανείας
3193 4051 3291 4120 τῆς
3339 4051 3398 4103 ὲν
3434 4048 3648 4120 πλούτῳ
3687 4052 3786 4104 καὶ

2213 4139 2362 4211 δόξῃ,
2394 4138 2679 4194 καθίκοντο
2714 4139 2772 4194 δὲ
2810 4140 3157 4210 χυδαιότητός
3194 4156 3254 4192 τε
3281 4139 3375 4194 καὶ
3403 4139 3676 4205 εὐτελείας
3706 4143 3787 4204 είς

2213 4228 2374 4284 τοῦτο
2402 4228 2472 4284 τὰ
2501 4228 2802 4300 πράγματα
2835 4229 3033 4292 αὐτοῖς,
3060 4228 3135 4291 ὡς
3163 4228 3366 4299 μηδένα
3393 4228 3673 4292 παντελῶς
3696 4229 3786 4283 τὸν

2213 4320 2517 4392 ἡγούμενον
2565 4319 2709 4390 ἐχειν
2756 4320 2843 4390 ἐφ’
2883 4320 3094 4382 ἑαυτοῖς
3130 4317 3390 4373 δύνασθαι
3425 4319 3675 4391 λαμπρὸν
3724 4321 3784 4372 ὲν

2217 4413 2457 4484 ὑπεροχῇ
2507 4413 2574 4484 τῇ
2615 4412 2802 4475 πάλαι,
2860 4411 2998 4482 μήτε
3043 4411 3149 4481 μὴν
3187 4410 3415 4466 πλοῦτον
3453 4411 3646 4482 ἔχοντα
3692 4411 3784 4464 καὶ

545 4507 629 4562 vel
667 4505 983 4562 familiarem
1020 4505 1189 4574 patris
1227 4504 1341 4568 sui,
1371 4501 1558 4558 dicens
1598 4519 1614 4556 :
1656 4500 1871 4558 Vestem
1912 4503 2106 4568 habes,

2216 4503 2550 4566 δυναστείαν,
2591 4504 2624 4573 ἢ
2656 4503 2856 4572 γνῶσιν
2882 4502 2976 4556 τοῦ
3002 4501 3188 4572 νόμου.
3224 4503 3334 4555 Καὶ
3365 4501 3520 4556 τοῦτο
3547 4503 3679 4556 αὐτὸ
3703 4502 3783 4556 δι-

549 4601 797 4671 princeps
813 4597 964 4652 nobis
977 4606 1117 4656 esto,
1132 4605 1184 4649 et
1203 4595 1357 4650 cibus
1375 4609 1524 4649 meus
1535 4595 1637 4649 sub
1655 4602 1708 4648 te
1721 4593 1843 4648 sit»
1863 4592 2115 4651 Confusis

547 4692 746 4745 ctenim
781 4691 942 4749 rebus
961 4696 1016 4747 et
1040 4685 1264 4746 multum
1296 4685 1645 4757 perturbatis,
1675 4683 1750 4739 ita
1774 4695 1832 4739 ut
1858 4697 2115 4742 corruant

551 4791 678 4860 ipsi,
712 4788 848 4843 alius
883 4787 934 4840 in
970 4784 1167 4848 alium,
1203 4779 1486 4849 nullusque
1519 4779 1591 4834 sit
1622 4779 1794 4834 honor
1823 4787 1916 4833 aut
1947 4781 2116 4849 pudor

549 4883 630 4938 vel
656 4879 940 4951 juvenibus
968 4877 1138 4938 senis,
1167 4875 1252 4932 vel
1285 4875 1527 4947 ingloriis
1556 4874 1775 4946 gloriosi
1805 4891 1820 4929 :
1847 4875 2109 4945 quisque,

549 4972 749 5040 inquit,
779 4970 876 5025 sibi
905 4977 1109 5034 quaeret
1138 4968 1350 5033 ducem,
1379 4982 1610 5036 eumque
1631 4965 1812 5038 eliget,
1843 4967 1932 5022 vix
1953 4967 2113 5023 etiam

551 5063 955 5138 propinquitate
998 5060 1216 5132 generis
1260 5074 1640 5124 commovens,
1679 5069 1736 5115 et
1781 5062 2002 5116 trahens
2049 5060 2114 5115 ad

548 5154 1004 5218 miscricordiam,
1037 5162 1092 5208 et
1122 5153 1316 5222 eliget,
1341 5152 1548 5222 inquit,
1580 5167 1684 5206 non
1717 5152 1881 5208 veluti
1915 5151 2117 5207 divitiis

545 5249 821 5304 florentem
841 5285 857 5312 ,
887 5245 980 5300 sed
1006 5243 1405 5313 quodammodo
1432 5244 1652 5307 nudum,
1682 5245 1991 5314 amabitqtte
2012 5243 2112 5299 sub

546 5352 614 5391 eo
639 5337 731 5402 ali,
752 5344 806 5391 et
837 5334 1082 5388 mendico
1108 5331 1333 5394 servire,
1352 5338 1406 5383 et
1433 5330 1522 5398 qui
1550 5331 1638 5383 vix
1665 5341 1864 5385 vestem
1898 5332 2108 5385 habeat.

548 5425 1022 5481 Verumenimvero
1080 5421 1334 5492 quamvis
1395 5421 1516 5474 talis
1573 5419 1670 5482 sit,
1717 5437 1827 5474 non
1890 5421 2118 5490 accipiet

548 5526 728 5573 tamen
759 5517 1072 5587 imperium,
1099 5513 1313 5570 etiamsi
1359 5513 1427 5567 ab
1468 5512 1553 5566 bis
1584 5511 1865 5589 quisnbdi
1897 5511 2108 5581 volunt,

551 5607 684 5664 nihil
714 5616 944 5676 petatur.
973 5606 1230 5672 Qua'runt
1258 5605 1400 5660 enim
1433 5617 1623 5674 panem
1654 5613 1711 5660 ut
1735 5602 2108 5670 subiiciantur,

549 5707 606 5753 et
649 5709 745 5765 pro
792 5695 1048 5750 alimento
1095 5693 1406 5751 tenuissimo
1460 5705 1520 5746 se
1573 5691 1648 5746 illi
1694 5691 1747 5745 in
1797 5689 2109 5746 servitutem

550 5788 824 5849 addicunt.
879 5787 942 5843 Et
972 5801 1090 5853 qua:
1124 5783 1238 5843 haec
1273 5783 1648 5856 tergiversatio
1685 5797 1750 5840 ac
1781 5778 2112 5852 repudiatio?

2218 4596 2404 4650 δάσκει
2428 4635 2443 4658 ,
2497 4595 2690 4663 λέγων,
2753 4597 2835 4649 ὅτι
2891 4612 2910 4646 ι
2948 4594 3296 4665 Ἐπιλήψεται
3347 4594 3630 4665 ἄνθρωπος
3690 4593 3784 4647 τοῦ

2219 4684 2447 4754 ἀδελφοῦ
2474 4685 2662 4748 αὑτοῦ,
2698 4685 2732 4754 ἢ
2781 4684 2874 4738 τοῦ
2912 4684 3114 4744 οἰκείου
3157 4684 3360 4754 πατρὸς
3397 4683 3558 4738 αὑτοῦ
3591 4683 3781 4754 λέγων’

2230 4776 2466 4848 ἰμάτιον
2495 4777 2660 4846 ἔχεις,
2700 4776 2940 4846 ἀρχηγὸς
2977 4776 3132 4846 ἡμῶν
3164 4774 3343 4843 γενοῦ,
3377 4773 3471 4826 καὶ
3502 4773 3698 4844 βρῶμα
3726 4774 3786 4832 τὸ

2219 4865 2350 4930 ἐμὸν
2381 4867 2486 4920 ὑπὸ
2511 4867 2581 4918 σὲ
2619 4866 2777 4919 ἔστω.
2817 4883 2836 4916 ι
2876 4863 3299 4934 Συγκεχυμένων
3339 4863 3448 4934 γὰρ
3480 4864 3589 4917 τῶν
3614 4881 3789 4936 πραγ-

2220 4957 2426 5028 μάτων,
2475 4958 2568 5016 καὶ
2603 4956 2736 5008 πολὺ
2766 4954 3047 5012 παθόντων
3079 4955 3139 5010 τὸ
3191 4954 3442 5017 ἄτακτον,
3473 4957 3549 5018 ὡς
3586 4955 3790 5026 συμπίν-

2218 5065 2374 5102 πτειν
2406 5050 2602 5110 αὐτοὺς
2635 5047 2908 5119 ἀλλήλοις,
2951 5047 3046 5100 καὶ
3089 5047 3356 5119 μηδεμίαν
3386 5042 3524 5101 εἶναι
3548 5047 3712 5119 τιμὴν
3753 5047 3788 5115 ἢ

2221 5141 2374 5208 αίδῶ,
2405 5139 2768 5214 πρεσϐύτουῆ
2813 5139 2976 5205 νέοις,
3025 5139 3192 5210 ἧγουν
3226 5141 3442 5211 ἀτίμοις
3477 5139 3510 5210 ἢ
3541 5139 3786 5204 ἑνδόξωνν

2220 5233 2448 5297 ἕκαστος
2470 5234 2554 5302 ἐφ’
2575 5231 2774 5302 ἑαυτῷ,
2795 5233 2948 5301 φησι,
2979 5231 3200 5304 ζητήσει
3221 5232 3538 5304 ἡγούμενον,
3561 5232 3655 5285 καὶ
3668 5232 3792 5285 τού-

2215 5341 2306 5376 τον
2335 5325 2607 5390 ἐκλέξεται
2651 5325 2715 5394 τῇ
2751 5323 2891 5377 κατά
2923 5324 3078 5392 γένος
3114 5323 3397 5394 ἀγχιστεία
3427 5323 3578 5393 μόλις
3601 5321 3790 5376 subus,

2215 5414 2381 5468 ωπῶν
2405 5417 2497 5468 καὶ
2515 5415 2698 5470 καλῶν
2723 5417 2804 5480 εἰς
2829 5415 2998 5476 ἔλεον.
3039 5415 3343 5479 Ἐκλέξεται
3369 5414 3445 5481 δὲ,
3476 5415 3660 5484 φησιν,
3693 5414 3791 5481 οὐχ

2215 5505 2290 5570 ὡς
2319 5506 2510 5577 ἔχοντα
2538 5506 2786 5570 πλοῦτον,
2812 5507 2926 5561 ἀλλ’
2946 5508 3022 5569 ὡς
3043 5507 3142 5560 οὐκ
3170 5507 3298 5559 δντα
3322 5503 3546 5576 γυμνὸν,
3574 5505 3791 5574 ἀγαπήρ

2217 5613 2301 5650 σει
2341 5614 2401 5652 τε
2447 5599 2540 5651 ὑπ’
2578 5599 2743 5652 αὐτοῦ
2790 5599 3084 5669 τρέφεσθαι
3125 5597 3217 5650 καὶ
3252 5595 3525 5657 δουλεύειν
3570 5596 3788 5667 πτωχῷ.

2215 5686 2363 5759 Πλὴν
2398 5690 2447 5741 εί
2477 5689 2572 5742 καὶ
2600 5691 2627 5744 ό
2652 5689 2890 5754 τοιούτος
2929 5691 3027 5760 οὐχ
3061 5687 3297 5766 ἀρπάσει
3331 5687 3428 5760 τὴν
3470 5688 3786 5760 ἠγεμονίαν.

2217 5777 2390 5833 καίτοι
2416 5780 2582 5852 μηδὲν
2602 5780 2923 5853 αίτούμενος
2949 5779 3098 5850 παρὰ
3120 5778 3229 5835 τῶν
3255 5778 3573 5835 ὑποκεῖσθαι
3602 5777 3790 5850 βεϐουτ
