4132 6316
489 372 614 460 ΗΠ

1538 400 1596 455 S.
1640 396 1918 456 ργῐιιιιι
1959 396 2430 464 ΑιΕΧΑΝοηιΝι
2470 400 2790 459 ARCIIIEP.

3663 401 3768 456 108

509 525 718 580 ινειετε
747 529 802 576 et
834 519 1147 590 iniquitate,
1171 517 1224 572 in
1261 517 1538 572 Christum
1570 516 1734 588 impia
1768 517 1897 582 fuit,
1926 531 2085 572 omne

2198 525 2220 594 ί)
2277 525 2496 594 γλῶσσα
2550 521 2729 576 αὐτῶν
2783 517 2917 590 μετὰ
2973 516 3202 587 ἀνομίας
3246 513 3635 585 δεδνσσὲδηκεν
3688 516 3772 580 είς

513 632 625 668 tum
671 612 994 668 calamitatis
1030 625 1197 680 genus
1237 609 1342 663 illis
1382 609 1550 664 fuisse
1584 609 1913 677 irrogatam,
1947 618 2000 662 et
2035 609 2088 661 in

512 713 650 765 hanc
679 705 1026 776 ignominiam
1060 718 1156 759 eos
1186 703 1465 757 incidisse.
1500 701 1660 770 Atqui
1695 701 1962 770 quomodo
1989 700 2091 753 lin-

509 819 610 873 gua
644 802 880 870 ipsorum
910 796 1302 852 contumaciter
1333 795 1492 861 impia
1531 793 1670 847 fuit?
1703 793 1926 848 (laeteris
1956 808 2091 863 prm-

512 891 801 955 termlssis,
836 890 948 960 ipse
980 887 1139 941 nobis
1173 887 1432 955 propheta
1465 884 1727 954 explicat,
1763 885 1932 938 solam
1968 885 2093 938 ulti-

509 1000 650 1039 mam
699 997 886 1038 eorum
932 979 1324 1049 blasphemiam
1367 990 1818 1031 commemorans.
1855 976 2092 1030 Fuerunt

510 1080 654 1132 cnim
688 1089 900 1145 semper
931 1073 1152 1130 Christo
1183 1070 1397 1125 adversi
1419 1077 1485 1123 'et
1507 1068 1689 1123 infesti
1709 1109 1724 1134 ,
1753 1067 2090 1123 invidentia..-

505 1189 611 1240 que
656 1169 776 1224 telis
819 1167 1042 1238 perciti,
1081 1180 1144 1219 ac
1184 1163 1338 1232 quasi
1384 1161 1654 1228 sauciati,
1690 1160 1873 1214 multis
1921 1159 2094 1215 uinclis

509 1265 732 1320 insidias
748 1262 1102 1317 collocarunt.
1123 1257 1454 1324 Demumque
1472 1269 1626 1308 suum
1645 1253 1824 1308 scelus
1841 1251 2090 1315 maxime,

509 1370 768 1424 tanquam
807 1351 1168 1408 Sodomorum
1203 1346 1629 1407 annuntiarunt,
1659 1353 1712 1398 et
1749 1341 2092 1400 manifestum

511 1461 872 1517 tcsmtumque
917 1443 1294 1503 reddiderunt,
1326 1455 1448 1493 cum
1497 1452 1619 1491 eum
1670 1435 1842 1490 Pilato
1883 1436 2093 1491 obtule-

511 1555 653 1598 runt.
691 1541 824 1596 Nam
868 1535 1318 1608 quemadmodum
1360 1531 1694 1585 habitatores
1736 1529 2091 1583 Sodomorum

512 1631 925 1706 intemperantia
959 1645 1024 1685 ac
1057 1625 1504 1682 immoderatione
1539 1623 1896 1692 cupiditatum
1931 1619 2091 1674 effre-

513 1734 637 1781 nate
680 1725 1028 1786 laborarunt,
1062 1716 1534 1785 voluptatibusque
1577 1727 1607 1766 a
1651 1722 1846 1766 natura
1897 1712 2090 1765 abhor-

513 1819 756 1873 rentibus
787 1813 942 1880 victi,
975 1812 1027 1865 in
1059 1810 1278 1866 beatum
1313 1807 1413 1861 Lot
1446 1807 1743 1872 irruerunt,
1779 1805 1904 1856 dum
1939 1805 2086 1858 omni

513 1906 834 1966 verecundia
869 1901 1175 1976 proculcata
1198 1939 1212 1965 ,
1248 1909 1302 1954 et
1336 1907 1612 1970 praerupta
1645 1897 1876 1966 quadam
1914 1897 2113 1966 impu-‘

508 2003 690 2061 dentia
740 2006 1058 2068 superante,
1092 1994 1243 2049 viros
1295 1992 1362 2046 ad
1409 1992 1581 2060 ipsum
1628 1991 1987 2054 divertentes,
2024 1988 2091 2042 ad

513 2097 736 2148 abusum
784 2096 1029 2158 peterent
1079 2102 1093 2138 :
1143 2083 1258 2154 pari
1311 2082 1488 2146 modo,
1517 2083 1785 2146 arbitror,
1827 2091 1880 2134 et
1923 2078 2091 2134 ,ιιιὰῶί

511 2194 699 2242 contra
734 2197 794 2237 se
827 2179 1165 2249 iniquitatem
1219 2189 1370 2230 suam
1405 2174 1757 2228 clamitarunt
1796 2181 1850 2226 et
1883 2187 2094 2226 annuno

513 2279 736 2339 tiaruut,
762 2287 883 2326 cum
913 2270 1085 2323 Pilato
1111 2268 1294 2322 dicunt
1325 2265 1392 2320 de
1417 2265 1634 2321 Christo
1661 2283 1674 2318 :
1704 2283 1722 2317 ι
1751 2263 1922 2329 Tolle,
1947 2264 2092 2329 tolle,

509 2367 656 2421 cruci
695 2361 847 2432 aﬂige
885 2377 1008 2417 eum
1033 2359 1097 2412 ”.
1139 2377 1156 2410 ι
1203 2357 1352 2411 lianc
1400 2358 1636 2427 ipsorum
1674 2355 1784 2412 Deo
1821 2355 2092 2410 inimicam

511 2472 698 2512 vocem
739 2453 1011 2510 accusavit
1053 2451 1215 2506 etiam
1257 2463 1353 2518 per
1383 2447 1668 2519 quemdam
1710 2446 2091 2517 prophetarum

511 2552 697 2605 dicens
733 2567 747 2603 :
784 2544 1056 2614 Dereliqui
1094 2545 1312 2598 domum
1348 2556 1521 2596 meam
1547 2581 1561 2603 ,
1593 2540 1772 2595 dimisi
1807 2540 2094 2595 haeredita-

513 2657 620 2700 tem
646 2655 842 2701 meam,
870 2635 1066 2691 tradidi
1091 2635 1339 2688 dilectam
1363 2634 1602 2686 animam
1632 2647 1806 2686 meam
1829 2633 1882 2685 in
1909 2647 2097 2685 manus

515 2733 853 2790 inimicorum
885 2727 1023 2797 ejus.
1050 2724 1213 2780 Facta
1250 2736 1331 2779 est
1363 2723 1651 2778 lucreditas
1689 2739 1806 2779 mea
1843 2723 2002 2787 mihi,
2041 2735 2098 2778 ut

515 2826 606 2878 leo
638 2823 690 2876 in
731 2820 899 2885 silva,
925 2818 1178 2884 deditque
1211 2825 1394 2870 contra
1427 2829 1515 2870 me
1549 2829 1732 2870 vocem
1767 2830 1950 2881 suam,
1977 2831 2098 2884 pro-

516 2927 696 2984 pterea
726 2910 850 2963 odio
878 2916 1194 2977 prosecutus
1228 2920 1345 2959 sum
1377 2919 1520 2960 eam.

589 3001 750 3058 Vens.
780 3001 934 3056 9-ll.
976 2997 1067 3052 Va:
1106 2998 1301 3050 animae
1336 3011 1548 3060 eorum,
1574 2995 1696 3064 quia
1739 2994 2097 3048 consulturum

513 3095 790 3151 consilium
817 3107 1067 3162 maguum
1097 3100 1280 3143 contra
1307 3089 1533 3157 seipsos,
1563 3089 1795 3141 dicentes
1826 3101 1844 3138 :
1888 3084 2099 3139 Vincia-

2192 617 2446 689 Χριστὸν,
2504 616 2622 668 τότε
2672 614 2768 667 καὶ
2815 612 2925 665 πᾶν
2982 603 3120 672 εἶδος
3179 608 3361 671 αὐτοῖς
3416 608 3766 678 ἑπενήνεκται

2190 709 2586 780 ταλαιπωρίας,
2616 707 2709 761 καὶ
2730 703 3083 759 πεπτώκασιν
3118 703 3196 766 είς
3230 699 3292 754 τὸ
3324 699 3598 764 δυσκλεές.
3636 700 3768 755 Τινσ

2189 803 2245 856 δὲ
2273 803 2470 875 τρόπον
2513 803 2546 871 ἡ
2575 799 2794 869 γλῶσσα
2832 795 3010 850 αὐτῶν
3042 792 3402 864 δεδυσσέσηκε
3445 793 3583 863 μετά
3613 794 3772 847 ἀπει-

2191 894 2360 957 θείας,
2397 893 2557 956 αὐτὸς
2586 894 2716 963 ἡμῖν
2741 892 2768 944 ό
2802 890 3084 960 προφήτης
3115 887 3410 955 διατρανοῖ,
3444 885 3638 955 παρεὶς
3672 884 3774 954 μὲν

2190 989 2260 1043 τὰ
2292 987 2474 1060 ἔτερα,
2505 983 2973 1056 διαμνημονεύσας
3021 981 3078 1035 δὲ
3122 981 3290 1050 μόνης
3330 981 3428 1047 τῆς
3459 977 3776 1040 τελευταίας

2193 1080 2370 1136 αὐτῶν
2411 1079 2747 1140 δυσσεϐείας.
2793 1072 2974 1128 Ἦσαν
3017 1073 3114 1144 μὲν
3147 1075 3254 1142 γὰρ
3294 1071 3381 1124 ἀεὶ¹
3411 1069 3658 1140 διάφοροι
3694 1069 3776 1139 τῷ

2193 1169 2432 1242 Χριστῷ,
2458 1168 2556 1223 παὶ
2585 1171 2695 1231 τοῖς
2717 1164 2811 1220 τοῦ
2837 1165 3031 1236 φθόνου
3054 1163 3230 1234 βέλεσι
3255 1162 3609 1232 τετρωμένοι,
3631 1160 3776 1212 κατὰ

2193 1263 2422 1325 πολλοὺς
2477 1257 2830 1314 ἐπεϐούλευον
2871 1257 3124 1328 τρόπους.
3185 1253 3400 1324 Ἐπειδὴ
3453 1253 3507 1306 δὲ
3557 1251 3778 1320 Πιλάτῳ

2195 1356 2563 1425 προσήγαγον,
2605 1352 2722 1404 τότε
2756 1350 2820 1422 δὴ
2858 1347 3090 1420 μάλιστα
3121 1346 3219 1414 τὴν
3251 1343 3456 1398 ἑαυτῶν
3497 1345 3778 1416 ἁμαρτίαν

2193 1447 2269 1511 ὡς
2289 1447 2537 1516 Σοδόμων
2571 1443 2899 1516 ἀνήγγειλαν
2926 1441 3019 1496 καὶ
3051 1439 3394 1509 ἐνεφάνισαν.
3429 1436 3638 1508 Ὥσπερ
3666 1437 3778 1506 γὰρ

2194 1543 2241 1595 οἱ
2271 1541 2376 1594 τῶν
2409 1539 2656 1610 Σοδόμων
2678 1539 2960 1608 οἰκήτορες
2989 1535 3048 1587 τὸ
3076 1531 3314 1602 ἀκρατὲς
3346 1531 3424 1592 εἰς
3451 1528 3657 1599 ὀρέξεις
3691 1546 3779 1581 νε-

2195 1636 2484 1708 νοσηκότες
2543 1633 2768 1705 ἀγρίως,
2822 1631 2916 1683 καὶ
2971 1631 3091 1690 ταῖς
3147 1624 3297 1696 παρά
3350 1622 3509 1692 φύσιν
3561 1621 3778 1693 ἡδοναῖς

2194 1729 2488 1802 ἡττημένοι
2516 1727 2919 1795 κατεπεφύοντο
2947 1721 3036 1776 τοῦ
3081 1717 3350 1792 μακαρίου
3381 1711 3526 1778 Λὼτ,
3562 1714 3775 1768 αἰτοῦν-

2193 1841 2285 1887 τες
2324 1823 2448 1886 τοὺς
2488 1820 2682 1892 ἄνδρας
2718 1820 2841 1881 τοὺς
2881 1813 3410 1883 εἱς-πεπορευμένους
3445 1810 3578 1880 πρὸς
3613 1808 3780 1860 αὐτὸν

2193 1917 2272 1979 εἰς
2301 1916 2661 1984 καταχρησιν,
2687 1905 2869 1972 αἰδοῦς
2891 1924 2951 1960 τε
2984 1907 3200 1976 ἁπάσης
3236 1905 3422 1966 αὐτοῖς
3457 1902 3779 1970 πεπατημέ-

2193 2023 2288 2077 νης
2322 2006 2415 2059 καὶ
2448 2004 2754 2074 ἀθραύστου
2797 2000 2983 2053 λοιπὸν
3026 1997 3338 2068 κρατούσης
3371 1993 3775 2064 ἀναισχυντίας

2192 2093 2282 2149 τὸν
2313 2094 2473 2148 αὑτὸν
2504 2088 2656 2162 οἶμαι
2675 2091 2872 2163 τρόπον
2904 2090 2996 2142 καὶ
3019 2083 3273 2140 ’Ἰουδαῖοι
3301 2085 3398 2156 τὴν
3422 2084 3650 2155 ἀνομίαν
3681 2082 3770 2136 αύ-

2188 2186 2302 2238 ’τῶν
2332 2183 2660 2256 ἀνήγγειλαν
2701 2178 3178 2251 κατακεκραγότες
3210 2193 3267 2230 τε
3299 2175 3391 2230 καὶ
3422 2175 3672 2244 λέγοντες

2196 2276 2411 2347 Πιλάτῳ
2441 2275 2575 2345 περὶ
2613 2271 2867 2346 Χριστοῦ·
2900 2289 2917 2322 ι
2957 2265 3109 2340 Αἶρε,
3145 2262 3288 2339 αἶρε,
3329 2265 3640 2336 σταύρωσον
3675 2263 3777 2319 αὑλ-

2194 2369 2305 2422 τόν.
2343 2387 2361 2419 ι
2401 2367 2616 2436 Ταύτην
2655 2365 2836 2420 αὐτῶν
2873 2362 3168 2432 κατῃτιᾶτο
3200 2357 3384 2429 φωνὴν
3422 2357 3516 2411 καὶ
3554 2358 3622 2410 δι’
3660 2355 3779 2418 ἑνὸς

2194 2460 2304 2514 τῶν
2359 2459 2672 2530 προφητῶν,
2719 2457 2914 2522 λέγων’
2979 2451 3438 2521 Ἐγκαταλέλοιπα
3493 2447 3584 2502 τὸν
3631 2445 3781 2502 οἶκόν

2201 2569 2322 2622 μου,
2356 2535 2542 2620 ἀφῆκα
2570 2548 2670 2620 τὴν
2690 2546 3058 2619 -κληρονομίαν
3103 2562 3202 2615 μου
3222 2585 3235 2608 ,
3265 2543 3471 2596 δέδωκα
3512 2543 3610 2614 τὴν
3641 2545 3780 2611 ἠγα-

2198 2643 2448 2712 πημένην
2473 2641 2651 2712 ψυχήν
2685 2658 2784 2711 μου
2823 2640 2900 2702 εἰς
2934 2641 3123 2710 χεῖρας
3155 2635 3362 2706 ἐχθρῶν
3396 2633 3582 2705 αὐτῆς.
3627 2636 3777 2703 Ἐγε-

2199 2734 2334 2804 νήθη
2391 2734 2425 2803 ἡ
2465 2731 2794 2806 κληρονομία
2841 2749 2941 2802 μου
2995 2731 3118 2801 ἐμοὶ
3165 2730 3241 2792 ῶς
3289 2727 3426 2781 λέων
3471 2729 3526 2779 ὲν
3563 2725 3779 2798 δρυμῷ,

2200 2825 2396 2878 ἔδωκεν
2449 2826 2534 2878 ἐπ’
2581 2823 2678 2895 ἐμὲ
2735 2824 2916 2896 φωνὴν
2963 2823 3152 2892 αὐτῆς,
3211 2819 3298 2876 διὰ
3339 2818 3497 2873 τοῦτο
3538 2819 3777 2890 ἐμίσησα

2200 2917 2389 2988 αὐτὴν.

2269 3008 2414 3063 Οὐαὶ
2441 3007 2515 3078 τῇ
2538 3005 2709 3077 ψυχῇ
2731 3004 2946 3070 αὐτῶν,
2979 3006 3065 3058 ὅτι
3083 3005 3518 3071 ,ϐεϐούλευνται
3533 3001 3777 3068 ,ϐουλὴν

2200 3102 2471 3171 πονηρὰν
2498 3101 2625 3154 καθ’
2657 3097 2904 3161 ἑαυτῶν,
2935 3099 3225 3164 εἰπόντες·
3254 3097 3539 3166 Δήσωμεν
3563 3094 3668 3149 τὸν
3693 3095 3782 3148 δι’-

514 3205 627 3243 mus
658 3187 900 3258 justum,
926 3187 1051 3253 quia
1089 3181 1296 3237 inutilis
1338 3180 1485 3234 nobis
1531 3187 1630 3234 est.
1667 3177 1854 3249 Itaque
1891 3177 2096 3247 fructus

2200 3212 2389 3258 καιον,
2444 3195 2531 3249 ὅτι
2579 3193 2966 3264 δύσχρηστος
3015 3191 3160 3261 ἡμῖν
3195 3190 3385 3245 ἐστιν.
3439 3190 3656 3244 Τοίνυν
3704 3191 3776 3244 τὰ

513 3296 725 3350 operum
752 3293 965 3331 suorum
1000 3271 1297 3330 edent.'V(e
1331 3273 1536 3342 iniqua,
1567 3271 1828 3340 malmpro
1857 3269 2095 3339 operibus

516 3385 767 3425 manuum
792 3367 956 3437 ipsius
980 3367 1210 3420 evenient
1237 3365 1305 3419 ei.

584 3543 869 3615 Propheta
902 3543 1066 3597 etiam
1106 3556 1248 3598 nunc
1271 3540 1586 3598 Iudaeorum
1613 3543 1883 3614 :populum
1922 3542 2094 3616 luget,

517 3651 571 3697 et
627 3638 982 3710 qumrelarum
1048 3649 1246 3692 causas
1306 3635 1438 3706 ipsis
1497 3635 1719 3704 exponit
1768 3653 1783 3690 :
1837 3635 2098 3693 Dixerunt

518 3733 699 3798 enim,
757 3730 967 3799 inquit,
1037 3728 1091 3783 in
1156 3727 1351 3799 seipsis
1387 3747 1418 3782 .:
1481 3727 1812 3785 VinciamuS‘
1855 3729 2094 3798 justum,

519 3825 646 3896 quia
711 3822 919 3878 inutilis
981 3821 1134 3875 nobis
1183 3831 1292 3875 est.
1341 3818 1528 3889 Neque
1577 3820 1720 3875 enim
1781 3831 2100 3890 receperunt

521 3929 618 3984 per
687 3911 888 3972 ﬁdem,
949 3910 1323 3965 universorum
1385 3909 1731 3965 Servatorem
1784 3908 2096 3976 Christum,

522 4005 619 4062 sed
676 4003 1004 4060 contumelia
1061 4010 1319 4072 perpetuo
1373 4000 1700 4066 aﬂ'ecerunt,
1741 4001 1847 4074 οι
1901 4012 1957 4057 et
2007 4018 2097 4059 re-

515 4110 648 4154 vera
705 4094 1086 4149 existimarunt
1157 4108 1280 4147 eum
1336 4092 1480 4146 nullo
1535 4093 1693 4147 modo
1733 4093 1858 4149 vita:
1913 4094 2098 4150 utilem

523 4190 672 4251 fore,
729 4187 821 4256 qui
882 4188 933 4240 in
995 4188 1094 4240 hoc
1147 4185 1292 4239 venit
1340 4195 1399 4238 ut
1449 4187 1629 4240 omnia
1675 4186 1728 4240 in
1787 4187 1932 4256 ipso,
1978 4201 2098 4257 qua:

523 4280 742 4347 quidem
773 4279 932 4333 nobis
969 4278 1320 4342 conveniunt,
1341 4279 1645 4332 communia
1679 4280 1899 4344 ﬁerent,
1932 4291 2099 4351 utque

524 4387 552 4423 a
595 4368 754 4438 legali
794 4368 1004 4423 vivendi
1037 4369 1244 4422 ratione
1311 4371 1362 4422 iu
1413 4370 1750 4438 spirituulem
1805 4368 2098 4428 conversa-

527 4463 726 4515 tionem
761 4474 855 4513 eos
894 4460 984 4528 qui
1015 4473 1077 4512 ex
1119 4457 1385 4528 sanguine
1419 4459 1634 4514 Israelis
1669 4462 1774 4514 orti
1821 4471 1966 4526 sunt,
2004 4464 2101 4517 ad-

522 4553 763 4605 duceret.
798 4548 931 4604 Cum
960 4563 1090 4617 ergo
1118 4546 1256 4601 nihil
1310 4548 1604 4616 adjumenti
1664 4565 1784 4603 eum
1844 4563 2098 4619 putarent

525 4643 1038 4702 allaturum,morte
1071 4639 1306 4705 ligarunt
1359 4653 1503 4703 emn,
1564 4652 1825 4709 quantum
1881 4645 2097 4712 quidem

525 4735 579 4788 in
606 4733 737 4801 ipsis
761 4741 902 4797 erat,
937 4732 1149 4785 tametsi
1180 4730 1376 4784 revixit
1431 4731 1495 4784 de
1532 4732 1758 4800 integro.
1817 4743 1877 4786 ut
1933 4732 2096 4801 Deus,

525 4823 731 4878 inferos
754 4824 1094 4887 exinaaiens,
1122 4831 1177 4876 et
1207 4822 1872 4893 corruptionisimperium
1903 4823 2098 4881 infrin-

523 4905 804 4984 gens.Vita
833 4920 917 4965 est
937 4911 1080 4966 enim
1107 4922 1163 4968 et
1193 4911 1312 4967 vitae
1337 4923 1546 4967 auctor.
1583 4911 1776 4968 Verum
1799 4924 1986 4970 contra
2009 4933 2098 4972 se-

525 5006 674 5074 ipsos
698 5001 984 5058 consilium
1018 5003 1272 5069 inierunt,
1299 5004 1502 5074 justum
1530 5005 1700 5076 ligare
1728 5007 1993 5073 volentes,
2049 5019 2104 5065 et

526 5099 666 5155 [etus
703 5111 922 5153 suorum
952 5095 1194 5153 laborum
1227 5100 1529 5155 comedent.
1563 5097 1717 5166 Quod
1734 5102 1876 5156 enim
1905 5102 2107 5156 severit

525 5191 670 5261 quis,
705 5192 807 5245 hoc
850 5196 908 5245 et
957 5198 1142 5244 metet.
1175 5187 1242 5245 Et
1299 5204 1430 5246 sane
1484 5191 1574 5261 qui
1632 5193 1875 5248 moribus
1924 5193 2107 5262 probis

528 5290 675 5345 sunt,
703 5291 755 5336 et
787 5290 900 5337 toto
946 5291 1164 5350 pectore
1237 5282 1328 5336 Dei
1389 5296 1574 5336 amore
1627 5282 1874 5354 ﬂagrant,
1938 5287 2106 5339 bonus

530 5371 656 5426 hinc
687 5371 893 5428 fructus
938 5372 1212 5427 invenient
1249 5389 1262 5426 :
1297 5384 1348 5425 at
1378 5375 1467 5442 qui
1495 5375 1758 5437 resiliunt,
1817 5384 1870 5429 et
1930 5376 2102 5444 perti-

537 5479 696 5517 naces
725 5477 847 5519 sunt
879 5481 943 5521 ac
988 5467 1282 5536 praefracti,
1327 5478 1382 5520 et
1427 5468 1619 5520 divinae
1660 5467 1923 5536 maiestati
1962 5471 2103 5523 relu-

530 5556 954 5618 ctantur,edent
986 5566 1276 5626 proventus
1335 5558 1580 5613 laborum
1637 5573 1878 5624 suorum,
1927 5560 2102 5630 ignem

539 5643 818 5711 nimirum,
866 5657 921 5700 et
949 5647 1292 5718 supplicium,
1325 5660 1379 5706 et
1415 5663 1651 5721 penam,
1687 5660 1740 5705 et
1767 5668 2101 5725 quaecunque

614 5795 658 5830 "
683 5792 837 5852 Joan.
880 5809 994 5858 nx,
1028 5799 1115 5855 t5.

2199 3286 2537 3357 γεννήματα
2574 3284 2693 3339 τῶν
2726 3285 2914 3355 ἔργων
2945 3281 3134 3338 αὐτῶν
3166 3281 3477 3352 φάγονται.
3520 3281 3667 3334 Οὐαὶ
3700 3281 3780 3344 τῷ

2197 3379 2417 3448 ἀνόμῳ,
2450 3377 2681 3444 πονηρὰ
2713 3378 2862 3430 κατὰ
2898 3375 2970 3429 τὰ
3005 3375 3148 3447 ἔργα
3187 3374 3304 3428 τῶν
3340 3372 3555 3444 χειρῶν
3591 3374 3780 3428 αὑτοῦ

2187 3471 2571 3541 συμϐήσεται
2607 3468 2786 3534 αὐτῷ.

2269 3559 2555 3624 Ταλανίζει
2589 3560 2683 3613 καὶ
2705 3557 2799 3612 νῦν
2826 3561 2853 3612 ό
2882 3558 3168 3629 προφήτης
3211 3556 3318 3610 τῶν
3356 3555 3620 3610 Ἰουδαίων
3652 3557 3776 3618 τοὺς

2193 3651 2422 3723 δήμους,
2461 3652 2554 3704 καὶ
2591 3651 2700 3706 τῶν
2739 3651 2824 3704 ἐπ’
2859 3651 3041 3712 αὐτοῖς
3075 3649 3324 3720 ὀδυρμῶν
3351 3649 3642 3702 ἀποδίδωσι
3678 3648 3776 3712 τὰς

2199 3744 2397 3806 αἰτίας.
2437 3738 2604 3796 Εἶπον
2641 3742 2770 3814 γὰρ,
2806 3742 2988 3812 φησὶν,
3029 3741 3088 3795 ἐν
3121 3741 3356 3804 ἑαυτοῖςο
3394 3740 3654 3812 Δήσωμεν
3689 3738 3779 3792 τὸν

2199 3838 2430 3901 δίκαιον,
2460 3839 2544 3891 ὅτι
2573 3835 2908 3906 δύσχρηστος
2930 3836 3070 3905 ἡμῖν
3100 3834 3267 3888 ἐστιν.
3307 3833 3380 3886 Oti
3409 3832 3518 3904 γὰρ
3552 3831 3780 3902 παρεδέ-

2199 3946 2355 4000 χοντο
2375 3928 2463 3983 διὰ
2483 3927 2583 3998 τῆς
2607 3928 2840 3990 πίστεως
2863 3925 2952 3979 τὸν
2973 3926 3081 3980 τῶν
3107 3925 3241 3978 ὅλων
3265 3924 3498 3998 Σωτῆρα
3522 3924 3778 3994 Χριστὸν,

2196 4018 2556 4090 ἀτιμάζοντες
2608 4018 2666 4072 δὲ
2711 4017 3162 4082 διατετελέκασιν,
3210 4016 3376 4087 ᾤοντό
3423 4033 3483 4069 τε
3525 4015 3665 4069 κατά
3721 4016 3781 4068 τὸ

2201 4110 2420 4183 ἀληθὲς,
2450 4111 2529 4164 ὅτι
2559 4110 2677 4164 κατ’
2703 4110 2891 4163 οὐδένα
2930 4113 3127 4180 τρόπον
3157 4110 3426 4180 χρήσιμον
3457 4107 3679 4162 ἔσεσθαι
3704 4109 3782 4179 τῷ

2203 4203 2301 4276 βίῳ
2326 4203 2415 4258 τὸν
2440 4202 2738 4273 ἀφιγμένον
2765 4203 2844 4266 είς
2865 4201 3041 4265 τοῦτο,
3065 4203 3151 4255 ἵνα
3177 4202 3354 4254 πάντα
3374 4203 3432 4254 ὲν
3454 4199 3602 4270 αύτῷ
3621 4202 3782 4254 καινά

2199 4296 2267 4350 τὰ
2322 4296 2445 4350 καθ’
2473 4297 2620 4368 ἡμᾶς
2659 4293 2904 4366 γένηται,
2962 4295 3058 4347 καὶ
3113 4296 3177 4348 ὲκ
3228 4293 3460 4364 νομικῆς
3507 4292 3781 4357 πολιτείας

2204 4388 2532 4458 μεταστήσει
2554 4387 2633 4450 είς
2657 4384 3033 4456 πνευματικὴν
3053 4385 3178 4447 τοὺς
3199 4384 3258 4451 ἐξ
3281 4385 3512 4454 αἵματος
3541 4385 3778 4454 Ἰσραήλ.

2202 4474 2409 4530 οὐκοῦν
2465 4475 2583 4530 κατ’
2627 4472 2780 4527 οὐδὲν
2833 4471 3051 4526 ἔσεσθαι
3108 4473 3376 4543 χρήσιμον
3425 4472 3782 4542 ὑπειληφότες

2202 4566 2364 4621 αὐτὸν
2395 4567 2589 4636 ἔδησαν
2621 4566 2697 4636 τῷ
2737 4565 2974 4634 Θανάτῳ,
3017 4563 3076 4618 τό
3105 4581 3168 4633 γε
3201 4559 3334 4636 ἦκον
3358 4565 3437 4628 είς
3478 4565 3698 4630 αὐτοὺς,
3734 4565 3782 4616 ει

2203 4660 2294 4715 καὶ
2325 4659 2523 4714 ἀνεϐίω
2553 4659 2712 4714 πάλιν
2742 4659 2817 4722 ῶς
2847 4658 2977 4721 Θεὸς
3007 4656 3251 4722 κενώσας
3289 4658 3382 4713 τὸν
3410 4658 3562 4728 ᾅδην,
3598 4658 3696 4712 καὶ
3722 4658 3782 4712 τὸ

2201 4749 2302 4822 τῆς
2352 4749 2557 4818 φθορᾶς
2609 4745 2920 4810 καταλύσας
2967 4745 3187 4817 κράτος.
3223 4745 3342 4815 lto-l1
3383 4745 3492 4815 γάρ
3530 4745 3646 4796 ἐστι
3692 4744 3783 4796 καὶ

2205 4840 2482 4907 ζωοποιός.
2516 4838 2662 4910 Πλὴν
2696 4840 2812 4890 κατ’
2839 4838 3018 4892 αὐτῶν
3047 4835 3390 4890 ἐϐουλεύοντο
3423 4836 3584 4906 δῆσαι
3611 4835 3785 4889 θέλον·

2203 4951 2293 4997 τες
2321 4932 2412 4986 τὸν
2447 4931 2673 4985 δίκαιονο
2713 4929 2979 4999 φάγονται
3014 4929 3071 4982 δὲ
3107 4928 3292 4983 καὶτὰ
3326 4929 3644 4998 γεννήματα
3675 4927 3785 4980 τῶν

2204 5024 2380 5096 ἔργων
2424 5021 2623 5076 αὐτῶν.
2667 5019 2734 5076 Ὃ
2763 5022 2870 5095 γὰρ
2906 5021 3000 5074 ὲὰν
3039 5021 3238 5092 σπείρῃ
3275 5019 3580 5089 ἄνθρωπος,
3624 5019 3786 5071 τοῦτο

2205 5109 2297 5162 καὶ
2331 5108 2554 5178 θερίσει.
2591 5109 2700 5162 Καὶ
2730 5109 2779 5161 oi
2813 5107 2912 5179 μὲν
2941 5110 3066 5172 τοὺς
3091 5109 3325 5180 τρόπους
3367 5109 3652 5170 ἐπιεικεῖς,
3691 5106 3786 5160 καὶ

2205 5197 2449 5268 φιλόθεον
2495 5197 2707 5268 ἔχοντες
2757 5197 3003 5270 γνώμην,
3057 5197 3296 5267 ἀγαθοὺς
3339 5197 3587 5251 ἐντεῦθεν
3620 5199 3787 5269 εὑρή-

2211 5305 2361 5343 σουσι
2392 5289 2517 5352 τοὺς
2547 5288 2812 5360 καρπούς·
2839 5290 2888 5342 οί
2923 5290 2980 5343 δὲ
3006 5288 3360 5352 ἀπονεύοντες
3389 5288 3480 5341 καὶ
3514 5287 3784 5353 ἀπειθεῖς,

2211 5380 2304 5432 καὶ
2326 5382 2390 5450 τῇ
2431 5377 2550 5449 θείᾳ
2576 5378 2700 5450 δόξῃ
2736 5380 3054 5451 μαχόμενοι,
3085 5381 3348 5449 φάγονται
3377 5379 3446 5432 τά
3471 5380 3786 5450 γεννήματα

2209 5469 2315 5523 τῶν
2347 5469 2522 5541 ἔργων
2547 5470 2744 5534 αὐτῶν,
2780 5471 2924 5524 τοῦτ’
2947 5471 3084 5536 ἔστι,
3115 5471 3244 5542 πῦρ,
3280 5475 3373 5526 καὶ
3396 5470 3550 5541 δίκην
3577 5472 3671 5524 καὶ
3698 5472 3802 5536 κόσ,

2209 5563 2363 5618 λασιν
2414 5564 2508 5618 καὶ
2560 5563 2628 5617 τὰ
2676 5561 2736 5627 ἐξ
2776 5563 2945 5636 ὀργῆς
2990 5563 3378 5635 συμϐαίνοντα.
3417 5564 3648 5636 "Exierat
3681 5565 3787 5633 γὰρ

2210 5655 2426 5720 πάντως
2465 5655 2530 5708 τὰ
2558 5655 2730 5708 τοιάδε
2762 5655 2866 5708 τῶν
2906 5656 3090 5711 κακῶν
3118 5659 3228 5721 τοῖς
3259 5655 3548 5727 θεομαχεῖν
3573 5658 3788 5728 ᾑρημέ-
