4132 6316
377 374 484 432 109

1543 364 1611 421 IN
1652 359 1882 420 ISAIAM
1922 358 2051 414 LIB.
2096 357 2136 413 l.
2179 355 2386 414 ORAT.
2428 356 2513 410 lli.

3550 361 3650 416 HO

376 506 508 554 νοις.
547 486 765 558 Ἀληθὲς
793 481 886 542 οὖν
918 486 1020 550 δτι,
1055 485 1179 538 οὐαὶ
1212 483 1290 555 τῷ
1329 483 1538 555 ἀνόμῳ,
1571 481 1780 553 πονηρά
1813 477 1956 536 κατά

2073 478 2142 528 ιη
2165 472 2301 528 solet
2356 469 2572 527 afferre.
2604 471 2837 527 Omnino
2872 470 3014 526 enim
3071 469 3197 525 talia
3255 475 3394 526 tnala
3457 487 3650 529 conse-

376 583 447 637 τά
473 582 606 653 ἔργα
630 578 738 632 τῶν
763 577 965 650 χειρῶν
997 576 1162 631 αὐτοῦ
1192 575 1530 648 συμδήσεται
1561 576 1729 647 αὐτῷ·
1773 575 1965 646 ῶσπερ

377 677 486 747 γάρ
516 673 920 745 προσεκόμισαν
955 671 1174 741 Πιλάτῳ
1201 669 1293 724 τὸν
1323 668 1550 741 Ἰησοῦν,
1577 669 1670 724 καὶ
1699 671 1820 732 ταῖς
1855 669 1965 725 τῶν

375 765 727 836 στρατιωτῶν
781 763 1095 826 ἀτιθάσσοις
1149 763 1376 832 ὀργαῖς,
1430 760 1577 815 οὕτω
1647 762 1742 816 καὶ
1809 760 1965 815 αὐτοὶ

372 857 868 929 παραδοθήσονται,
888 855 1042 927 φησὶ,
1064 857 1185 918 ταῖς
1213 854 1502 925 Ῥωμαίων
1531 855 1834 924 στρατιαῖς.
1854 852 1966 907 Καὶ

377 950 440 1022 δὴ
488 951 649 1005 τοῦτο
696 951 923 1018 λέγοντα
957 948 1144 1018 σαφῶς
1193 949 1286 1002 καὶ
1325 946 1415 1000 διὰ
1461 946 1648 1016 φωνῆς
1703 943 1965 1015 Ἰεζεχιὴλ

377 1043 702 1115 εὑρήσομεν.
731 1043 961 1114 Εῐρηται
989 1041 1098 1112 γὰρ
1126 1039 1263 1110 πρὸς
1282 1039 1382 1111 τὴν
1400 1038 1623 1092 ἀνοσίαν
1653 1036 1748 1091 καὶ
1777 1052 1964 1104 κυριο-

378 1135 567 1188 κτόνον
616 1133 993 1206 ’Ῑερουσαλήμι
1030 1130 1228 1196 Καθὼς
1262 1131 1546 1201 ἐποίησας,
1598 1127 1770 1192 οὕτως
1809 1127 1964 1182 ἔσται

380 1241 483 1279 σοι.
513 1225 586 1280 Τὸ
605 1223 958 1296 ἀνταπόδομά
986 1239 1080 1277 σου
1105 1220 1599 1293 ἀνταποδοθήσεται
1620 1221 1700 1283 είς
1722 1217 1965 1288 κεφαλήν

380 1333 497 1372 σου.

1020 1424 1236 1479 ΛΟΓΟΣ
1269 1425 1322 1478 Γ¹

459 1560 620 1627 Λαός
669 1577 810 1630 μου,
863 1562 918 1613 ol
977 1560 1302 1628 πράκτορες
1356 1557 1522 1628 ὑμῶν
1577 1556 1963 1627 παλαμῶν-ται

385 1650 567 1724 ὑμᾶς,
598 1653 696 1706 καὶ
721 1656 778 1706 οἱ
808 1653 1196 1720 ἀπαιτοῦντες
1225 1652 1616 1720 κιφιεύουσιν
1639 1649 1825 1721 ὑμῶν.

458 1761 586 1814 Ὀτι
615 1761 813 1824 παντὸς
858 1761 1062 1831 ἀγαθοῦ
1109 1763 1330 1834 νοσήσει
1373 1763 1474 1834 τὴν
1523 1762 1759 1843 ἐρημίαν
1789 1763 1823 1833 ἠ
1853 1761 1964 1816 τῶν

2071 571 2307 633 queritur
2339 577 2433 618 eos
2464 562 2557 632 qui
2586 577 2709 617 cum
2757 561 2867 618 Deo
2906 570 3163 632 pugnant.
3211 560 3308 617 Est
3343 562 3508 631 igitur
3562 578 3652 618 vc-

2073 669 2214 719 rum,
2245 655 2430 724 iniquo
2464 654 2568 709 erit
2600 669 2699 720 vae,
2730 663 2784 709 et
2822 654 2961 709 mala
2994 670 3093 725 pro
3113 655 3369 725 operibus
3391 671 3651 713 manuum

2074 745 2248 815 ipsius
2287 745 2568 817 obtingent
2610 747 2683 801 ei.
2750 744 2882 800 Nam
2918 755 2974 801 ut
3024 744 3206 802 Jesum
3265 745 3438 802 Pilato
3471 759 3526 804 et
3571 749 3655 804 in-

2071 835 2292 891 domitis
2321 836 2554 891 militum
2613 836 2893 894 furoribus
2925 836 3248 906 obiecerunt
3272 878 3287 903 ,
3325 840 3396 894 ita
3432 849 3488 895 et
3525 841 3650 911 ipsi,

2074 926 2266 997 inquit,
2299 925 2560 983 Romanis
2585 928 2755 998 copiis
2787 930 3090 984 tradentur.
3169 929 3325 998 Quod
3373 943 3560 1001 aperte
3599 944 3655 988 et

2072 1020 2218 1077 clare
2242 1020 2580 1076 Ezechielem
2612 1021 2950 1080 inveniemus
2993 1023 3197 1080 dicere.
3258 1023 3393 1079 Nam
3451 1024 3654 1081 dictum

2071 1121 2156 1168 est
2201 1113 2269 1166 ad
2301 1111 2523 1182 impiam
2551 1120 2605 1167 et
2627 1112 2838 1168 Domini
2866 1113 3292 1170 interfectricem
3324 1113 3650 1172 Jerusalem:

2071 1201 2537 1269 Quemadmodum
2563 1201 2762 1269 fecisti,
2817 1205 2899 1260 sic
2953 1207 3060 1262 erit
3115 1206 3247 1262 tibi:
3295 1222 3506 1266 merces
3563 1218 3654 1265 tua

2073 1295 2414 1366 rependetur.
2440 1296 2492 1352 in
2523 1306 2687 1368 caput
2727 1307 2903 1353 tuum.

2663 1407 2924 1468 ORATIO
2965 1412 3054 1468 Ill.

2143 1543 2280 1600 Car.
2317 1544 2405 1600 lli.
2435 1546 2600 1604 Vens.
2637 1549 2724 1607 l2.
2765 1550 2962 1622 Ροριιιε
2985 1571 3152 1624 utens,
3175 1567 3445 1614 exactores
3499 1563 3656 1616 uestri

2073 1636 2300 1708 spoliant
2328 1656 2442 1707 uos,
2481 1649 2531 1696 et
2561 1643 2823 1713 exigentes
2851 1647 3205 1704 dominantur
3243 1653 3403 1708 vobis.

2143 1747 2409 1817 Quoniam
2442 1749 2748 1810 Iudaeorum
2783 1758 3056 1823 regionem
3088 1763 3332 1817 omnium
3386 1763 3655 1820 bonorum

399 1850 664 1906 Ἰουδαίων
717 1853 871 1925 χώρα
894 1894 910 1919 ,
962 1853 1370 1925 διαφανέστατα
1422 1856 1519 1909 καὶ
1565 1840 1713 1926 μάλα
1777 1852 1965 1924 σαφῶς

2073 1841 2297 1909 penuria
2326 1840 2696 1900 laboraturam
2750 1847 2963 1904 abunde
3025 1853 3165 1907 satis
3230 1861 3286 1908 et
3347 1853 3657 1912 clarissime

384 1943 922 2017 προεξηγησάμενος,
979 1947 1074 2000 καὶ
1122 1947 1185 2000 τδ
1237 1948 1292 2000 τί
1353 1947 1692 2020 συμϐήσεται
1742 1949 1856 2011 τοῖς
1887 1951 1968 2014 εις

380 2034 610 2106 Χριστὸν
639 2038 1100 2110 πεπαρῳνηκόσιν
1128 2037 1372 2106 διειπὼν,
1392 2037 1784 2111 προαναπείθει
1806 2037 1970 2092 πάλιν

377 2125 714 2198 ἀποσχέσθαι
757 2127 868 2181 τῶν
895 2128 1410 2201 πὶημμελημάτων,
1465 2130 1559 2183 καὶ
1589 2133 1703 2194 τοῖς
1739 2129 1798 2197 ἐξ
1829 2132 1971 2202 ήμεο

382 2219 608 2291 ρότητος
651 2221 836 2291 λόγοις
876 2223 1158 2294 μονονουχὶ
1203 2223 1598 2295 καταγοητεύει
1644 2224 1933 2295 χρησίμως
1950 2262 1966 2289 ,

381 2312 638 2384 μεθιστὰς
663 2315 758 2368 ἐπὶ
789 2313 851 2367 τὸ
876 2313 1124 2385 ἄμεινον,
1173 2315 1270 2369 καὶ
1322 2317 1450 2378 τοὺς
1497 2313 1758 2369 ἀπάντων
1788 2314 1971 2381 αὐτοῖς

377 2405 564 2459 κακῶν
587 2407 884 2474 γεγονότας
921 2407 1130 2470 αἰτίους
1171 2406 1556 2478 παραιτεῖσθαι
1580 2407 1868 2461 διδάσκων.
1897 2409 1970 2461 Οὐ

377 2497 487 2569 γὰρ
505 2493 662 2568 οἶμαι
689 2497 799 2552 δεῖν
823 2501 936 2562 τοῖς
959 2498 1322 2570 καθηγεῖσθαι
1357 2499 1616 2569 λαχοῦσιν
1651 2499 1971 2554 ὑποκεῖσθαι

380 2589 580 2659 φιλεῖν,
617 2588 724 2642 κᾶν
757 2591 808 2642 εἰ
848 2591 921 2660 μή
959 2606 1015 2642 τι
1042 2589 1152 2642 τῶν
1176 2590 1280 2642 ὅσα
1337 2591 1456 2644 ἐστὶ
1509 2590 1806 2647 τελούντων
1835 2593 1971 2665 πρὸς

378 2681 570 2750 δνησιν
591 2680 912 2751 ἐπιχειρῶσι
941 2681 1246 2744 διδάσκειν,
1278 2683 1415 2754 μήτε
1447 2683 1554 2755 μὴν
1582 2721 1596 2738 .
1672 2721 1690 2738 .
1768 2723 1782 2738 .
1855 2702 1968 2740 οιεν

379 2771 638 2845 διαϐολῆς
681 2772 873 2840 ἀξιοῦν
911 2773 974 2827 τὸ
1018 2775 1077 2828 ὲν
1135 2773 1296 2846 μοίρᾳ
1353 2777 1608 2848 τετάχθαι
1638 2779 1971 2851 φαυλότητος

374 2865 609 2929 δικαίως
667 2867 735 2920 ἀν
781 2861 919 2919 εἶναι
979 2867 1428 2938 πεπιστευμένον.
1478 2871 1670 2942 Ἀρετὴ
1724 2871 1833 2939 γάρ
1887 2871 1970 2924 δι-

381 2956 657 3010 δασκάλου
691 2957 749 3011 τὸ
774 2957 1129 3028 ἀποκομίζειν
1181 2959 1443 3014 δύνασθαι
1465 2961 1600 3030 πρὸς
1643 2962 1844 3034 ἀκριϐῆ
1873 2961 1968 3016 τοῦ

386 3047 758 3119 συμφέροντος
785 3047 987 3120 εἴδησιν
1028 3051 1154 3113 τοὺς
1205 3050 1776 3123 παιδαγωγουμένους,
1801 3070 1969 3108 κατα-

385 3137 720 3208 κιόδηλεύειν
756 3139 814 3192 δὲ
863 3140 923 3193 τὸ
971 3140 1363 3194 κατασίνεσθαι
1396 3142 1660 3210 πεφυκὸς,
1704 3145 1799 3198 καὶ
1824 3161 1968 3217 παρ-
1994 3192 2038 3250 c

381 3231 649 3284 αιτεῖσθαι
679 3230 922 3286 κελεύειν
955 3231 1016 3284 τὸ
1043 3232 1248 3286 ἀδικεῖν
1273 3233 1480 3298 εἰωθός.
1535 3236 1787 3289 Ἐπαίνου
1820 3237 1864 3290 δ’
1898 3237 1964 3292 ἂν

378 3316 490 3374 εἶεν
526 3323 664 3389 ἄξιοι
695 3323 897 3386 παντὸς
927 3325 1021 3377 καὶ
1065 3326 1116 3377 oi
1165 3323 1447 3389 τελοῦντες
1477 3327 1537 3380 ιν
1594 3327 1884 3397 μαθηταῖς,
1915 3330 1964 3382 εί

383 3413 460 3484 μὴ
508 3417 626 3478 ταῖς
659 3415 839 3480 δόξαις
893 3415 1005 3469 τῶν
1060 3415 1418 3472 διδασκόντων
1476 3417 1708 3491 ὲνορῷεν
1755 3420 1962 3488 ἁπλῶς,

379 3507 518 3561 ἀλλά
548 3511 614 3579 τῇ
642 3509 751 3563 τῶν
786 3511 1130 3581 πραγμάτων
1153 3511 1333 3581 φύσει,
1359 3513 1454 3565 καὶ
1491 3511 1829 3584 θαυμάζουσι
1868 3515 1966 3585 μὲν
2003 3546 2010 3550 ν

382 3601 507 3664 τοὺς
534 3601 908 3666 διδάσκοντας,
945 3604 1104 3675 ειπερ
1163 3606 1305 3670 τινὲς
1354 3600 1464 3658 εἷεν
1491 3604 1643 3676 ὀρθοὶ
1709 3607 1805 3660 καὶ
1849 3607 1967 3660 ἑπι-

385 3694 668 3765 στήμονες,
701 3695 798 3748 καὶ
822 3693 932 3746 τιῖιν
965 3696 1201 3768 ἀρίστων
1257 3699 1568 3768 εἰσηγηταὶ,
1617 3699 1967 3769 καταψέγωσι

378 3783 440 3838 δὲ
463 3783 588 3848 τοὺς
611 3780 806 3856 οἷσπερ
841 3785 909 3839 ἀν
963 3788 1046 3857 εῖη
1085 3787 1161 3858 μὴ
1192 3789 1434 3852 τοιοῦτος
1476 3791 1506 3844 ὁ
1532 3790 1756 3854 σκοπός.
1785 3792 1968 3844 Καταο

381 3879 610 3948 νέμουσι
643 3877 744 3948 μὲν
767 3878 875 3949 γάρ
905 3895 1048 3943 τινες
1077 3882 1134 3933 ὲν
1167 3879 1318 3952 δρεσι
1362 3881 1458 3934 καὶ
1483 3880 1684 3944 νάπαις
1715 3881 1816 3945 τὰς
1839 3882 1967 3936 ὄζων

378 3969 604 4038 ἀγέλας·
639 3968 756 4022 ἀλλ’
803 3971 852 4022 si
905 3969 1238 4039 παρακέοιτο
1287 3973 1398 4034 τοῖς
1427 3970 1707 4042 θρέμμασι
1738 3971 1964 4044 βόθρος⁹

381 4063 551 4132 ἦγουν
583 4061 726 4132 ὁρῶν
762 4064 792 4116 ὁ
832 4063 1098 4135 κρημνὸς,
1129 4066 1421 4138 περιφοιτᾷ
1465 4065 1534 4120 τὰ
1567 4065 1837 4137 πρόϐατα,
1873 4067 1968 4121 καὶ

380 4155 448 4207 οὑ
478 4153 731 4225 καθίησιν
763 4156 932 4208 ἑαυτά
956 4155 1092 4227 πρὸς
1122 4154 1370 4210 θάνατον·
1403 4157 1829 4228 παιδαγωγεῖται
1859 4157 1970 4230 γὰρ

378 4244 580 4316 ὥσπερ
616 4244 684 4298 δι’
713 4245 955 4316 ἐμφύτου
985 4246 1172 4316 νόμου,
1207 4247 1342 4318 πρὸς
1376 4249 1450 4301 τδ
1486 4248 1687 4319 χρῆναι
1711 4249 1812 4319 τῆς
1845 4249 1969 4301 ἑαυ-

388 4337 503 4390 τῶν
532 4337 811 4408 φείδεσθαι
862 4337 1028 4408 ζωῆς.
1064 4334 1201 4392 Εἶτα
1245 4337 1363 4402 sui);
1395 4340 1497 4392 οὐκ
1532 4339 1755 4404 ἄτοπον,
1785 4340 1834 4391 sl
1869 4338 1970 4410 μὲν

383 4429 494 4491 τοῖς
521 4428 738 4496 ἀλόγοις
793 4426 954 4492 ζώοις
990 4427 1148 4482 τοῦτο
1194 4429 1482 4498 φαίνεσθαι
1529 4430 1784 4502 κρατοῦν,
1817 4431 1875 4484 ἐν
1911 4429 1969 4483 δὲ

2069 1933 2324 2001 exposuit
2349 1973 2365 2000 ,
2419 1941 2473 1989 et
2500 1951 2623 2006 quae
2657 1937 2762 1994 illis
2797 1940 2889 2011 qui
2922 1942 2975 1996 in
3026 1941 3306 1999 Christum
3337 1947 3655 2002 debacchati

2069 2034 2199 2079 sunt
2248 2033 2506 2081 eventura
2538 2037 2742 2094 essent,
2775 2036 3053 2088 enarravit
3091 2051 3106 2088 :
3141 2050 3330 2092 rursus
3355 2039 3650 2108 persuadet

2069 2115 2444 2172 declinandum
2473 2133 2503 2174 ι
2529 2121 2766 2188 delictis,
2795 2132 2850 2178 et
2885 2123 3095 2182 levibus
3127 2127 3488 2200 mollibusque
3528 2147 3655 2187 ver-

2070 2207 2156 2263 bis
2209 2217 2416 2264 tantum
2484 2228 2590 2267 non
2651 2214 2892 2270 incantat
2949 2217 3173 2283 utiliter,
3202 2229 3257 2275 et
3308 2211 3377 2276 ad
3430 2222 3656 2279 meliora

2069 2301 2366 2361 convertit,
2398 2301 2665 2372 docetque
2689 2305 2936 2361 vitandos
2962 2321 3056 2363 eos
3082 2309 3173 2379 qui
3235 2311 3479 2366 omnium
3541 2329 3657 2368 ma-

2072 2390 2244 2444 lorum
2293 2404 2547 2450 auctores
2576 2396 2710 2466 ipsis
2773 2407 2829 2452 et
2883 2413 3067 2456 causa:
3138 2402 3488 2459 exstiterunt.
3539 2404 3655 2460 Non

2069 2483 2216 2536 enim
2245 2484 2499 2541 existimo
2521 2487 2720 2543 debere
2752 2502 2850 2544 nos
2880 2489 2966 2545 his
2991 2491 3083 2560 qui
3109 2491 3220 2564 62
3257 2505 3653 2565 praeceptorum

2073 2570 2250 2626 locum
2277 2583 2592 2646 sortemque
2615 2587 2799 2633 tenent
2851 2581 3067 2652 subjici,
3114 2584 3217 2638 nisi
3244 2596 3513 2654 quatenus
3545 2589 3654 2642 uti-

2069 2663 2142 2717 lia
2190 2666 2385 2722 docere
2415 2669 2829 2738 aggrediantur,
2865 2684 2918 2728 et
2950 2674 3051 2729 nisi
3080 2678 3223 2745 quod
3270 2693 3398 2733 vere
3433 2678 3484 2734 in
3526 2682 3658 2735 vitio

2069 2771 2195 2813 esse
2217 2759 2486 2823 creditur,
2540 2761 2708 2816 velint
2739 2767 3085 2837 redarguere.
3136 2767 3233 2824 Est
3265 2771 3409 2825 enim
3481 2772 3657 2827 virtus

2071 2847 2336 2914 doctoris,
2382 2853 2450 2905 ad
2506 2851 2802 2922 perfectam
2879 2869 3300 2931 accnrstamquc
3347 2862 3468 2933 ejus
3512 2868 3657 2934 quod

2071 2951 2153 2996 est
2186 2942 2316 2997 utile
2348 2946 2595 2999 notitiam
2620 2960 2718 3001 eos
2769 2949 2860 3017 qui
2891 2950 3278 3019 informantur,
3330 2970 3492 3025 posse
3533 2973 3658 3026 pcr-

2072 3032 2318 3089 ducere:
2361 3044 2416 3089 et
2443 3037 2588 3104 quod
2635 3039 2944 3093 nociturum
2981 3050 3089 3109 est,
3133 3051 3387 3115 tanquam
3448 3050 3658 3105 adulte-

2073 3125 2254 3180 rinam
2286 3136 2496 3192 notare,
2528 3136 2584 3182 et
2647 3129 2837 3197 jubere
2895 3143 2954 3187 nt
3003 3133 3055 3188 id
3124 3146 3445 3194 arerscntur
3516 3144 3658 3212 quod

2072 3217 2214 3274 solet
2257 3235 2473 3276 nocere.
2519 3219 2677 3279 Omni
2709 3227 2872 3279 etiam
2906 3226 3065 3284 laude
3107 3229 3254 3302 tligni
3295 3237 3539 3304 suntqui
3600 3237 3656 3293 in

2072 3311 2351 3380 discipulis
2407 3327 2718 3382 censentur,
2771 3318 2815 3373 si
2845 3334 2948 3376 non
2984 3321 3302 3393 simpliciter
3346 3327 3659 3386 intueantur

2074 3403 2275 3472 placita
2306 3405 2612 3473 doctorum,
2639 3409 2735 3485 sed
2763 3424 2942 3464 rerum
2976 3422 3262 3472 naturam:
3295 3426 3350 3473 et
3373 3421 3417 3474 si
3454 3421 3659 3478 miren-

2072 3505 2163 3552 tur
2191 3512 2284 3553 eos
2310 3499 2403 3568 qni
2432 3502 2648 3569 docent,
2678 3502 2946 3574 siquidem
2973 3505 3085 3562 sint
3113 3508 3241 3563 boni
3287 3521 3342 3567 et
3395 3515 3655 3585 scientes,

2076 3607 2368 3664 rerumque
2395 3596 2725 3664 Optimarum
2772 3599 3150 3670 interpretes:
3207 3604 3406 3675 quibus
3471 3617 3652 3663 autem

2075 3685 2201 3741 talis
2223 3701 2420 3758 seupns
2462 3689 2906 3762 propositumque
2937 3708 3043 3748 non
3077 3704 3181 3763 est,
3234 3697 3653 3766 reprehendant.

2074 3775 2288 3833 Etenim
2339 3791 2564 3848 pascunt
2588 3782 2804 3850 quidem
2838 3785 3001 3840 etiam
3032 3786 3084 3842 in
3116 3789 3389 3843 montibus
3417 3800 3471 3843 et
3504 3790 3654 3848 siliir

2075 3871 2256 3925 ovium
2277 3887 2498 3942 greges;
2529 3875 2705 3944 atqui,
2739 3875 2782 3930 si
2811 3891 2931 3946 qua:
2962 3877 3114 3933 fovea
3143 3879 3215 3933 sit
3243 3880 3528 3948 pecoribus
3565 3896 3656 3936 cx-

2075 3963 2276 4034 posita,
2307 3963 2350 4017 si
2379 3965 2736 4035 prmi-ipltinm
2771 3978 3056 4037 appareat,
3091 3971 3435 4025 circumeunt
3499 3987 3654 4041 oves,

2078 4070 2179 4110 nec
2211 4055 2690 4110 sibimetmortcnt
2742 4067 3076 4114 accersunt:
3145 4077 3270 4116 nam
3334 4061 3451 4133 lege
3492 4065 3654 4119 veluti

2074 4148 2307 4219 quadam
2333 4161 2362 4201 a
2393 4156 2584 4201 natura
2619 4148 2778 4202 insita
2810 4148 3073 4204 docentur
3109 4151 3230 4207 vita:
3259 4168 3370 4209 sua:
3426 4171 3656 4226 parcen-

2077 4240 2203 4296 dum
2239 4254 2380 4306 esse.
2423 4239 2504 4294 An
2535 4254 2664 4293 vero
2701 4255 2730 4294 a
2769 4241 2978 4296 ratione
3006 4243 3241 4301 alienum
3274 4264 3379 4304 non
3437 4261 3542 4316 est,
3600 4261 3653 4308 ut

2077 4334 2180 4388 hoc
2217 4333 2269 4388 in
2300 4331 2626 4387 animalibus
2657 4333 2868 4390 ratione
2902 4337 3215 4394 carentibus
3247 4345 3426 4397 valere
3470 4345 3654 4401 videa-

2079 4433 2202 4492 tur;
2255 4424 2309 4480 in
2373 4427 2527 4482 nobis
2582 4437 2804 4496 autem,
2852 4429 2986 4500 ipsis
3040 4435 3392 4502 quantumvis
3449 4438 3659 4493 ratione

388 4525 520 4593 ἡμῖν
567 4524 770 4588 αὐτοῖς,
819 4525 998 4578 καίτοι
1043 4525 1282 4594 λογικοῖς
1327 4527 1655 4599 ὑπάρχουσι,
1713 4529 1813 4600 τὴν
1874 4526 1967 4582 τοῦ

2079 4518 2344 4590 prmditis,
2384 4536 2564 4575 rerum
2609 4522 2676 4575 ad
2709 4513 3150 4580 commoditatem
3183 4534 3237 4582 et
3270 4528 3655 4584 necessitatem

386 4613 660 4686 χρησίμου
691 4616 785 4669 καὶ
805 4614 1104 4685 ἀναγκαίου
1128 4617 1266 4688 πρὸς
1293 4616 1439 4690 ζωὴν
1461 4619 1560 4672 οὐκ
1585 4614 1723 4673 εἶναι
1744 4618 1965 4688 γνῶσιν.

388 4705 511 4777 Χρὴ
536 4704 823 4776 τοιγαροῦν
863 4705 968 4760 κάν
995 4707 1048 4760 sl.‘
1092 4723 1238 4772 τινες
1270 4709 1416 4778 ἡμᾶς
1450 4709 1556 4764 τῶν
1595 4711 1674 4773 εἰς
1711 4707 1970 4764 διδασκάο

387 4801 531 4863 λους,
564 4799 661 4852 καὶ
685 4797 1000 4870 καθηγητὰς
1029 4801 1380 4869 τεταγμένων
1413 4801 1497 4870 ἐφ’
1523 4801 1559 4856 ἃ
1588 4803 1664 4872 μὴ
1695 4803 1969 4874 προσῆκεν

385 4891 750 4963 ἀποκομίζειν
809 4891 1034 4958 ἕλοιντο,
1084 4891 1160 4964 μὴ
1201 4893 1392 4958 ἁπλῶς
1423 4893 1710 4966 ἀνέχεσθαι
1753 4895 1928 4966 φιλεῖν
1950 4935 1966 4961 ,

388 4984 522 5056 μηδὲ
575 4985 687 5054 μὴν
731 4983 1167 5049 ἀκατασκέπτως
1199 4984 1429 5040 ἕπεσθαι
1483 4985 1620 5057 πρὸς
1667 4972 1729 5040 τὸ
1782 4988 1969 5051 αὐτοῖς

378 5075 595 5139 δοκοῦν,
653 5074 790 5128 ἀλλὰ
844 5075 1166 5146 δοκιμάζειν
1221 5077 1430 5132 ἕκαστα
1488 5079 1599 5131 τῶν
1655 5080 1964 5150 πρακτέων.

379 5169 428 5220 0
500 5211 514 5226 .
607 5207 625 5222 .
715 5209 731 5224 .
807 5171 1006 5239 χωρεῖν
1025 5169 1118 5222 ἐπὶ
1148 5168 1210 5222 τδ
1236 5168 1320 5223 δτι
1353 5169 1586 5238 μάλιστα
1607 5169 1716 5222 τῶν
1737 5169 1966 5240 ὠφελεῖν

373 5260 671 5316 εἰωθότων.
703 5257 885 5316 ’Ἦσαν
907 5263 1088 5316 τοίνυν
1107 5263 1158 5315 οἱ
1187 5261 1299 5316 τῶν
1329 5263 1600 5317 Ἰουδαίων
1632 5263 1964 5336 καθηγηταὶ,

367 5352 524 5404 τοῦτ’
546 5351 717 5413 ἔστιν,
737 5355 786 5405 oi
814 5353 1171 5425 Γραμματεῖς
1193 5369 1254 5406 τε
1285 5355 1379 5407 καὶ
1399 5355 1448 5408 οἱ
1476 5355 1780 5425 Φαρισαῖοι,
1804 5355 1968 5409 δεινοὶ

365 5443 522 5511 ττρδς
573 5442 637 5495 τδ
684 5443 882 5513 χρῆναι
923 5445 1071 5507 ιτοὺς
1116 5443 1228 5497 τῶν
1279 5445 1576 5515 χρημάτων
1621 5445 1966 5516 ἐρανίζεσθαι

363 5533 710 5601 πορισμοὺς,
744 5535 836 5585 καὶ
866 5532 964 5595 τὰς
987 5534 1054 5585 ἑκ
1075 5531 1190 5585 τῶν
1212 5532 1357 5586 λαῶν
1402 5535 1752 5605 συγκομίζειν
1795 5535 1962 5607 δωρο-

363 5623 603 5696 φορίας,
644 5623 924 5694 ἀπαρχὰς,
975 5625 1231 5689 δεκάτας,
1292 5626 1388 5679 καὶ
1438 5627 1539 5680 ὅσα
1565 5630 1677 5691 τοῖς
1717 5627 1967 5700 ἱερᾶσθαι

359 5715 640 5785 λαχοῦσιν
669 5716 698 5767 ὁ
736 5716 900 5785 νόμος
946 5717 1028 5779 είς
1061 5716 1262 5788 κλῆρον
1315 5717 1504 5770 ἐδίδου.
1560 5719 1767 5784 Σκοπὸς
1814 5720 1869 5774 δὲ
1899 5715 1965 5791 ἦν

359 5809 586 5874 αὐτοῖς,
619 5808 714 5861 καὶ
738 5807 826 5861 διὰ
862 5808 1044 5880 πάσης
1071 5807 1282 5862 τέθειτο
1303 5809 1538 5878 σπουδῆς
1567 5809 1968 5868 τδάναπείθειν

2073 4613 2388 4685 cultumque
2410 4614 2533 4670 vitae
2575 4616 2961 4686 pertinentium
3037 4634 3141 4672 non
3195 4619 3324 4674 insit
3376 4621 3655 4691 cognitio?

2072 4705 2360 4777 Parigitur
2388 4717 2470 4762 est
2497 4717 2554 4762 ut
2597 4724 2717 4771 nos,
2753 4709 2796 4762 si
2828 4709 2920 4778 qui
2943 4711 3193 4764 doctores
3237 4725 3300 4764 ac
3331 4711 3497 4767 duces
3527 4729 3651 4769 con-

2073 4800 2271 4863 stituti,
2301 4799 2367 4854 ad
2393 4815 2454 4855 ea
2483 4816 2604 4871 quae
2637 4802 2814 4854 minus
2845 4805 3070 4855 deceant
3100 4801 3423 4860 abstrahere
3464 4805 3655 4874 velint,

2076 4906 2182 4946 non
2237 4907 2530 4961 sequamur
2567 4891 2911 4960 simpliciter,
2951 4906 3049 4946 nec
3076 4901 3278 4950 temere
3332 4913 3400 4952 ac
3462 4898 3654 4952 incon-

2076 4983 2313 5038 siderate
2337 4983 2404 5036 ad
2431 4998 2495 5036 ea
2534 4997 2655 5052 qua:
2711 4981 2842 5050 ipsis
2885 4983 3102 5051 placent
3130 4986 3500 5051 convolemus,
3560 4989 3653 5043 sed

2075 5077 2141 5131 de
2172 5074 2402 5147 singulis
2431 5076 2593 5129 rebus
2627 5074 2851 5144 agendis
2881 5075 3256 5146 exquiramus,
3281 5087 3337 5133 et
3369 5079 3452 5134 sic
3489 5081 3556 5133 ad
3587 5091 3652 5132 ea

2073 5181 2194 5237 quae
2237 5165 2531 5222 maximam
2581 5166 2865 5222 utilitatem
2905 5169 3172 5237 alfcrunt,
3207 5170 3650 5240 progrediamur.

2075 5257 2245 5314 Erant
2290 5259 2474 5328 itaque
2501 5257 2810 5314 Iudaeorum
2844 5271 3228 5332 prmceptores,
3256 5263 3306 5314 id
3335 5271 3418 5316 est
3449 5259 3653 5320 Scriba!

2076 5367 2138 5407 ac
2173 5350 2456 5419 Pharisaei,
2493 5352 2543 5405 in
2577 5352 2888 5406 divitiarum
2941 5352 3292 5423 proventibus
3351 5369 3651 5424 congeren-

2075 5441 2179 5508 dis,
2217 5452 2271 5496 et
2303 5444 2354 5495 in
2396 5440 2710 5512 colligendis
2741 5441 3128 5510 oblationibus,
3154 5442 3400 5509 decimis,
3463 5444 3654 5514 primi-

2078 5532 2189 5596 tiis,
2228 5547 2381 5587 acres
2405 5541 2460 5585 et
2482 5532 2714 5602 impigri,
2746 5541 2801 5586 et
2825 5531 2881 5588 in
2911 5534 3163 5589 omnibus
3188 5535 3351 5590 etiam
3375 5550 3494 5607 quae
3518 5536 3652 5593 sorti

2075 5626 2420 5682 sacerdotum
2456 5627 2539 5680 lex
2597 5625 2891 5697 deputavit.
2948 5626 3156 5697 Scopas
3219 5639 3399 5684 autem
3464 5644 3653 5685 eorum

2076 5719 2467 5788 consiliumque
2496 5718 2616 5784 fuit,
2653 5719 2704 5774 in
2731 5732 2960 5788 eumque
2976 5734 3135 5776 omne
3156 5723 3390 5777 studium
3419 5721 3653 5792 positum

2079 5820 2214 5878 erat,
2267 5822 2317 5864 nt
2351 5811 2508 5865 fidem
2537 5809 2774 5868 facerent
2809 5810 2948 5881 plebi
2985 5811 3156 5881 legem
3203 5815 3253 5867 in
3287 5813 3434 5868 hisce
3483 5807 3650 5874 ριξιὶν
