4134 6304
417 355 514 408 117

1553 344 1618 407 ΙΝ
1661 352 1895 409 lSAIAM
1929 353 2057 408 LIB.
2098 353 2139 411 1.
2178 355 2388 411 οιιλτ.
2432 354 2518 410 Ill.

3567 351 3667 407 H8

415 465 868 537 πλημμελοῦντας
901 467 1167 538 ἐλέγχειν,
1199 468 1292 521 καὶ
1328 467 1586 532 παίοντας
1636 469 1982 540 ἐπανορθοῦν,

2100 472 2275 527 Moses
2303 473 2513 526 locutus
2540 481 2625 526 est
2659 473 2710 526 in
2741 471 2949 525 umbris
2981 485 3045 524 ac
3086 471 3295 539 ﬁguris,
3340 469 3535 538 priscis
3566 470 3665 524 Ito-

417 557 511 615 καὶ
539 557 634 628 τῆς
665 557 943 622 εύσεόείας
975 559 1380 614 καταδεικνύειν
1407 560 1505 632 τὴν
1541 561 1677 625 ὁδὸν,
1730 562 1823 614 καὶ
1856 563 1990 632 πρὸς

417 650 484 702 sit
512 649 716 720 ἀμείνω
742 649 1128 720 παιδαγωγεῖν,
1157 650 1250 705 καὶ
1297 651 1433 722 πρὸς
1477 651 1535 704 τὸ
1567 652 1661 705 τοῦ
1691 652 1856 722 νόμου
1898 652 1988 706 τέ-

416 740 506 803 λος
535 739 845 795 ἀναπείθειν
873 741 1024 812 όρᾷν,
1064 742 1206 812 φημὶ
1229 741 1292 814 δὴ
1325 742 1559 813 Χριστόν
1578 761 1591 773 ·
1636 762 1654 794 ι
1690 744 1855 808 Τέλος
1881 744 1988 814 γάρ

418 832 579 901 νόμου
605 831 699 884 καὶ
742 831 1037 904 προφητῶν
1072 835 1100 886 6
1139 833 1392 904 Χριστός.
1431 855 1448 886 ι
1486 836 1596 888 Καὶ
1651 837 1780 907 περὶ
1824 835 1988 891 αὑτοῦ

414 920 706 991 λελάληκεν
736 923 764 974 6
795 920 1000 992 Μωσῆς
1026 921 1116 976 διά
1169 924 1324 988 σκιᾶς
1373 923 1466 977 καὶ
1496 923 1706 990 τύπων,
1752 940 1987 995 προανα-

416 1014 607 1084 φωνῶν
647 1017 761 1077 τοῖς
806 1013 970 1070 πάλαι
999 1013 1059 1067 τὸ
1088 1014 1285 1070 σεπτὸν
1333 1017 1428 1070 καὶ
1477 1015 1621 1086 μέγα
1669 1017 1984 1085 μυστήριον.

428 1104 587 1159 Ἀλλά
616 1103 820 1158 τούτων
850 1104 1103 1158 ἁπάντων
1145 1105 1526 1176 ὴφειδηκότες,
1566 1105 1721 1158 αύτοί
1754 1122 1811 1159 τε
1849 1101 1989 1176 ἦσαν

415 1196 639 1267 πονηροὶ
687 1198 814 1261 τοὺς
864 1197 1131 1268 τρόπους,
1181 1197 1427 1269 ἀχάλινοι
1484 1197 1619 1269 πρὸς
1662 1197 1986 1264 πλεονεξίαν,

2094 564 2340 647 ιιιίιιὶιν
2389 564 2752 618 vetterandtuu
2805 571 2861 616 et
2925 576 3180 632 magnum
3236 560 3667 630 prwsignilicaus

2091 656 2446 725 mysterium;
2484 653 2809 721 contemptis
2835 664 3090 708 czeterum
3123 652 3374 707 omnibus
3393 651 3480 706 his
3501 689 3520 715 .
3561 650 3660 719 ipsi

2087 758 2245 801 erant
2268 747 2508 801 moribus
2536 744 2791 814 improbi,
2822 745 3056 800 habendi
3080 744 3380 815 cupiditate
3405 740 3660 802 ell'renes.

2089 836 2410 906 impotentes
2442 838 2508 890 ad
2533 837 2838 900 avaritiam.
2869 836 3020 906 parvi
3054 834 3318 891 ducentes
3352 843 3496 888 recte
3519 833 3663 904 judi-

2086 941 2258 981 care:
2303 937 2358 981 et
2391 927 2456 981 de
2493 926 2688 996 quibus
2743 928 2914 982 satius
2955 923 3148 980 luisset
3202 924 3554 984 erubescere.
3612 923 3662 976 iu

2089 1017 2173 1072 his
2206 1017 2339 1086 ipsis
2378 1017 2521 1072 soliti
2568 1027 2696 1071 sunt
2729 1014 3033 1087 superbire.
3095 1014 3319 1069 Incensa
3363 1021 3446 1068 est
3500 1012 3663 1082 igitur

2090 1109 2264 1175 vinea,
2295 1123 2455 1178 quam
2482 1121 2583 1163 nec
2604 1109 2712 1162 vita
2741 1122 2930 1163 eorum
2965 1107 3056 1178 qui
3082 1105 3313 1163 docendi
3356 1106 3500 1161 vices
3533 1120 3658 1175 ges-

2088 1211 2306 1267 serunt,
2349 1199 2573 1268 adjuvit,
2622 1214 2722 1254 nec
2761 1198 2897 1271 legis
2955 1199 3256 1254 rudimenta
3302 1213 3366 1252 ac
3422 1196 3657 1252 introdu-

413 1288 672 1360 ἀκρατεῖς
704 1288 783 1353 είς
822 1288 1386 1360 φιλοκερδίας,ὁλίγου
1409 1287 1682 1352 παντελῶς
1716 1286 1982 1354 ἀξιοῦντες

2087 1290 2294 1344 ctiones
2318 1289 2676 1343 iulortnarunt
2706 1288 2772 1342 ad
2801 1296 3005 1342 rectam
3035 1297 3091 1342 et
3122 1286 3447 1356 inculpatam
3471 1289 3659 1343 vitam.

414 1378 574 1447 λόγου
617 1380 678 1432 τὸ
707 1380 914 1448 κρίνειν
956 1378 1132 1450 ὀρθῶς
1154 1394 1169 1409 ο
1211 1380 1306 1434 καὶ
1340 1372 1418 1443 οἷς
1449 1374 1514 1451 ἦν
1538 1377 1756 1449 ἄμεινον
1793 1380 1982 1450 ὲπερυ-

2087 1381 2173 1435 vel
2212 1380 2279 1434 ad
2325 1379 2656 1450 agnitionem
2691 1379 2940 1441 Christi.
2990 1377 3218 1444 Christi,
3272 1377 3516 1447 inquam,
3569 1376 3658 1442 qui

417 1468 611 1540 θριᾷν,
668 1469 755 1521 ἐπ’
810 1469 991 1531 αὐτοῖς
1039 1467 1104 1538 δὴ
1155 1466 1363 1531 τούτοις
1413 1469 1666 1538 ἐπαυχεῖν
1711 1466 1982 1533 εἰωθότες.

2087 1469 2195 1542 iam
2221 1471 2276 1525 in
2300 1479 2445 1526 terra
2483 1470 2836 1542 resplenduit.
2861 1479 2915 1525 et
2954 1467 3253 1524 luculenter
3271 1467 3404 1524 dicit
3438 1483 3452 1520 :
3491 1485 3510 1520 ι
3551 1465 3664 1536 Ego

432 1559 684 1628 Ἐμπεπύ
696 1575 874 1630 ρισται
903 1558 1078 1611 τοίνυν
1104 1559 1133 1611 6
1159 1557 1434 1629 ἀμπελὼν,
1462 1557 1582 1613 οὔτε
1639 1558 1717 1630 τῷ
1748 1558 1847 1630 βίῳ
1878 1559 1982 1613 τῶν

2087 1577 2204 1617 sum
2250 1560 2337 1614 lux
2378 1561 2597 1625 mundi,
2646 1575 2745 1632 ego
2788 1575 2906 1616 sum
2953 1561 3060 1623 via,
3108 1567 3164 1614 et
3210 1572 3309 1630 ego
3354 1572 3472 1613 sum
3519 1557 3661 1610 veri-

424 1648 785 1719 καθηγεῖσθαι
831 1647 1098 1718 λαχόντων
1132 1647 1526 1720 ὠφελούμενος,
1569 1647 1693 1702 οὗτε
1730 1649 1836 1721 μὴν
1866 1651 1982 1714 ταῖς

2089 1663 2172 1708 tas
2196 1652 2260 1707 ⁵⁸.
2294 1671 2313 1705 ι
2372 1650 2512 1721 Ergo
2571 1653 2843 1707 audiant:
2892 1651 3032 1717 Quid
3081 1648 3395 1705 incendistis
3448 1648 3660 1700 vineam

424 1742 674 1810 veptxzi;
705 1741 1015 1811 είσηγήσεσι
1045 1739 1555 1810 παιδαγωγούμενος
1590 1741 1669 1804 είς
1695 1740 1861 1812 ὀρθὴν
1892 1740 1982 1794 καὶ

2089 1751 2356 1807 meain,et
2375 1741 2604 1812 direptio
2634 1741 2884 1811 pauperis
2909 1739 2962 1793 in
2994 1740 3154 1794 domo
3172 1736 3383 1793 vestra?
3409 1735 3546 1804 Quid
3570 1752 3663 1789 vos

422 1829 783 1899 ἀνεπίληπτον
828 1828 1006 1901 ζωὴν,
1047 1832 1210 1902 ἤγουν
1253 1832 1334 1894 εἰς
1378 1830 1674 1900 ἐπίγνωσιν
1720 1829 1981 1903 Χριστοῦ,

2087 1832 2279 1901 injuria
2318 1831 2538 1887 allicitis
2566 1832 2815 1902 populum
2848 1846 3047 1895 meum,
3073 1839 3123 1885 et
3162 1829 3326 1885 iacies
3366 1844 3657 1898 pauperum

421 1917 511 1970 καὶ
544 1918 701 1971 τοῦτο
753 1918 1154 1989 ὲιτιλάμψαντός
1192 1937 1249 1973 τε
1282 1919 1382 1992 ἤδη
1421 1923 1533 1983 τοῖς
1569 1920 1662 1973 ἐπὶ
1716 1920 1816 1990 τῆς
1861 1919 1982 1990 γῆς,

2091 1923 2453 1994 pudefacitis?
2506 1925 2863 1979 Attraxerunt
2921 1922 3065 1977 enim
3130 1934 3395 1991 pauperes
3441 1921 3506 1973 ad
3549 1917 3657 1990 67

414 2009 525 2074 καὶ,
562 2009 807 2080 λέγοντος
869 2011 1149 2082 ένιιργῶς⁹
1190 2030 1208 2063 ι
1257 2011 1400 2081 Ἐγώ
1457 2013 1572 2082 είμι
1613 2011 1674 2065 τὸ
1723 2011 1839 2082 ςῶς
1893 2010 1982 2065 τοῦ

2091 2016 2454 2086 cognitionem
2510 2024 2672 2083 prout
2728 2014 2858 2084 ipsis
2886 2013 3058 2068 visum
3100 2011 3221 2075 fuit,
3276 2020 3439 2080 atque
3479 2010 3658 2064 vultus

410 2101 638 2172 κόσμου,
673 2101 782 2170 ἐγώ
812 2103 925 2174 είμι
952 2107 984 2176 ἡ
1028 2105 1166 2171 ὁδὸς,
1200 2106 1293 2160 καὶ
1326 2105 1434 2174 ἐγώ
1466 2108 1580 2177 ειμι
1611 2107 1644 2177 ἡ
1678 2106 1926 2179 ἀλήθεια.
1965 2125 1982 2159 ι

2090 2124 2276 2164 eorum
2298 2108 2474 2163 conati
2500 2115 2627 2164 sunt
2656 2105 2993 2177 pudefacere.
3024 2102 3485 2173 Quemadmodmn
3512 2103 3655 2156 enim

420 2193 790 2248 ’Λκουέτωσαν
832 2196 1011 2249 τοίνυν
1035 2213 1049 2228 ο
1096 2197 1284 2267 Ὑμεῖς
1317 2196 1374 2250 δὲ
1400 2195 1452 2250 τί
1491 2197 1850 2269 ὲνεπυρίσατε
1898 2198 1982 2251 τὸν

2087 2200 2310 2271 iustitia:
2339 2199 2596 2264 cultores,
2639 2206 2846 2253 tantum
2883 2213 2990 2251 non
3041 2196 3209 2250 nitido
3261 2194 3411 2249 vultu
3452 2193 3649 2246 tttulta-

406 2283 706 2354 ἀμπελῶνά
759 2303 882 2355 μου,
918 2287 1012 2342 καὶ
1049 2288 1082 2357 ἠ
1136 2286 1359 2361 ἁρπαγὴ
1391 2286 1484 2340 τοῦ
1519 2287 1736 2358 πτωχοῦ
1771 2290 1830 2341 ὲν
1878 2289 1989 2350 τοῖς
2096 2308 2200 2361 quc
2225 2292 2382 2361 pleno
2412 2291 2603 2344 ﬁducia
2638 2290 2689 2343 iu
2717 2289 2892 2344 oculis
2919 2288 3010 2344 Dei
3042 2295 3305 2342 steterant
3355 2303 3367 2339 :
3419 2286 3491 2339 ita
3526 2285 3659 2337 dici-

406 2374 575 2440 οἴκοις
602 2377 788 2447 ὐμῶν;
822 2377 887 2430 Τί
913 2379 1072 2449 ὑμεῖς
1103 2378 1336 2431 ἀδικεῖτε
1364 2377 1457 2430 τὸν
1484 2377 1613 2430 λαόν
1647 2396 1768 2449 μου,
1805 2379 1897 2432 καὶ
1922 2379 1990 2431 τά

410 2468 677 2537 πρόσωπα
727 2469 838 2523 τῶν
887 2471 1117 2542 πτωχῶν
1163 2471 1590 2542 καταισχύνετε;
1640 2470 1989 2541 Συνήρπαξον

410 2560 519 2630 γὰρ
551 2562 675 2623 τοὺς
714 2564 961 2634 πτωχοῦς
989 2567 1069 2627 είς
1105 2564 1318 2618 σύνεσιν
1347 2566 1440 2617 ἐπὶ
1465 2564 1525 2618 τὸ
1558 2564 1742 2630 αὐτοῖς
1773 2564 1984 2628 δοκοῦν,

415 2650 510 2701 καὶ
543 2652 999 2722 καταισχύνεσθαι
1049 2653 1460 2724 παρεσκεύαζον
1488 2654 1556 2709 τά
1595 2657 1858 2727 πρόσωπα
1892 2656 1988 2710 αύ-

415 2737 544 2790 τῶν.
604 2739 816 2811 ’Ὀνπερ
861 2745 968 2813 γὰρ
1006 2743 1206 2814 τρόπον
1245 2745 1292 2797 οί
1349 2745 1447 2815 τῆς
1477 2744 1817 2818 δικαιοσύνης
1863 2748 1986 2801 ἑπι-

419 2829 648 2902 μεληταὶ
702 2834 982 2904 μονονουχὶ
1029 2833 1261 2906 λαμπρῷ
1309 2836 1596 2908 προσώπῳ,
1646 2839 1741 2891 καὶ
1781 2838 1984 2912 πολλῆς

417 2920 641 2990 γέμοντι
672 2925 978 2996 παρρησίας
1011 2927 1065 2979 ἐν
1092 2913 1383 2996 ὀφθαλμοῖς
1411 2929 1676 3000 ἑστήκασι
1705 2929 1796 2983 τοῦ
1824 2929 1981 2995 Θεοῦ,

418 3009 560 3065 οῦτω
597 3014 772 3084 φαμὲν
804 3017 926 3079 τοὺς
970 3017 1068 3086 τῆς
1114 3019 1443 3090 φαυλότητος
1475 3019 1711 3091 ἐραστὰς
1758 3021 1984 3090 στυγνόν

2096 2308 2200 2361 quc
2225 2292 2382 2363 pleno
2412 2291 2603 2344 ﬁducia
2638 2290 2689 2343 iu
2717 2289 2892 2344 oculis
2919 2288 3010 2344 Dei
3042 2295 3305 2342 steterant
3355 2303 3367 2339 :

2090 2397 2211 2437 mus
2242 2382 2387 2435 vitiis
2416 2379 2658 2434 addictos
2693 2379 2938 2434 tetricaru
2987 2391 3049 2432 ac
3082 2377 3292 2430 tristem
3345 2373 3651 2442 ruborequu

2090 2490 2153 2530 ac
2184 2473 2389 2544 pudore
2424 2482 2690 2541 opertam,
2736 2471 2919 2526 cordis
2951 2468 3144 2525 faciem
3177 2479 3410 2539 gestare.
3454 2465 3560 2519 Sed
3597 2475 3651 2517 ut

2091 2565 2135 2620 is
2181 2565 2274 2635 qui
2329 2564 2396 2619 ad
2448 2562 2810 2634 cognitionem
2845 2561 3165 2631 paedagogus
3216 2568 3321 2623 est,
3360 2571 3652 2627 rerumque

2089 2655 2581 2726 pulcherrimarum
2611 2661 3080 2724 praemonstrator,
3097 2650 3252 2720 juvat
3284 2667 3298 2705 :
3332 2650 3413 2706 sic
3445 2664 3654 2710 omnes.

2087 2747 2269 2811 credo,
2293 2745 2382 2815 qui
2411 2746 2658 2800 doctores
2679 2744 2914 2799 ordinati
2937 2752 3086 2810 sunt,
3110 2741 3504 2800 inconunodnrn
3530 2738 3657 2794 am:-

2088 2847 2230 2902 rent,
2251 2836 2351 2890 nisi
2372 2849 2550 2890 rerum
2571 2833 2857 2889 meliorum
2877 2842 3144 2888 amantem
3163 2832 3403 2888 eltlciant
3421 2846 3541 2884 eum
3565 2833 3655 2898 qui

2089 2925 2408 2981 instituitur.
2440 2923 2656 2978 “ultore
2683 2938 2919 2993 namque
2945 2921 3140 2976 faciem
3166 2921 3286 2993 ejus
3316 2920 3653 2981 sumundum.

2086 3025 2140 3073 et
2168 3018 2259 3088 qui
2289 3017 2513 3072 scientia
2546 3031 2748 3086 pauper
2778 3026 2859 3070 est
2884 3029 2949 3069 ac
2983 3015 3180 3077 tenuis.
3213 3030 3333 3068 eum
3367 3013 3656 3067 detrudunt

417 3119 475 3154 τε
513 3104 603 3157 καὶ
623 3104 855 3174 ἀμειδὲς,
884 3107 1142 3180 αἰσχύνης
1173 3127 1232 3163 τε
1255 3112 1351 3164 καὶ
1383 3112 1648 3182 ἐντροπῆς
1678 3113 1982 3182 ἀνάμεστον

2087 3124 2275 3178 prope,
2307 3117 2359 3162 et
2386 3107 2599 3175 rapiunt
2627 3107 2693 3159 ad
2729 3106 2988 3173 turpiora.
3029 3104 3194 3158 Erant
3230 3104 3358 3158 item
3392 3101 3498 3156 alio
3519 3118 3654 3171 qun—

414 3194 474 3246 τὸ
499 3195 594 3264 τῆς
621 3196 844 3267 καρδίας
865 3176 1152 3269 πρόσωπον
1174 3200 1338 3272 ἔχειν.
1367 3176 1506 3256 Ἀλλ’
1531 3176 1720 3275 ὥσπερ
1743 3176 1982 3276 ὀνίνησιν

2089 3176 2202 3268 que
2216 3198 2372 3252 modo
2389 3196 2569 3264 injusti
2590 3211 2650 3249 ac
2675 3209 2896 3262 rapaces
2942 3191 3252 3248 Judaorutn
3285 3193 3449 3246 duces
3481 3231 3498 3256 ,
3527 3206 3646 3245 cum

410 3281 439 3331 6
477 3280 835 3352 παιδαγωγῶν
869 3288 947 3351 εις
997 3287 1231 3356 σύνεσιν,
1272 3291 1365 3343 καὶ
1394 3290 1502 3343 τῶν
1535 3292 1836 3348 καλλίστων
1866 3295 1981 3348 εισ-

409 3371 635 3442 ηγητὴς,
681 3373 855 3440 οὕτως
905 3378 1084 3432 ἀδικεί
1123 3381 1419 3435 παστισοῦν
1470 3380 1622 3453 οἶμαι
1670 3384 1780 3438 τῶν
1821 3402 1977 3438 τετα-

406 3463 622 3531 γμένων
654 3465 736 3528 είς
779 3466 1149 3536 διδασκάλους,
1178 3474 1226 3526 εί
1264 3471 1339 3544 μὴ
1365 3472 1474 3526 τῶν
1521 3475 1819 3546 ἀμεινόνων
1847 3476 1978 3545 ἐρα-

409 3551 539 3623 στὴν
568 3554 853 3628 ἀποτελοίη
894 3559 984 3612 τὸν
1026 3561 1428 3633 παιδευόμενον.
1462 3564 1826 3637 Καταισχύνει
1867 3565 1978 3637 γὰρ

2089 3288 2351 3344 dedecore
2402 3285 2788 3357 perfunderent
2836 3298 3132 3355 pauperum
3176 3283 3382 3350 facies,
3419 3293 3472 3338 et
3504 3282 3654 3337 locn-

2089 3379 2319 3450 pletihus
2353 3380 2810 3442 adhmrescerent,
2846 3377 3008 3432 etiam
3048 3375 3165 3445 lege
3187 3378 3400 3430 dicente
3435 3390 3449 3429 :
3487 3375 3641 3432 ludi—

2085 3473 2449 3538 ciumjustum
2476 3472 2749 3541 judicate;
2779 3479 2834 3525 et
2872 3472 3074 3540 passim
3103 3469 3452 3541 praecipiente
3491 3486 3505 3522 ;
3540 3469 3652 3522 Non

2085 3567 2316 3635 accipies
2347 3579 2634 3634 persmiatn
2669 3563 2724 3618 in
2755 3563 2985 3634 judicio.

407 3645 595 3719 ὥσπερ
634 3649 694 3705 τὸ
744 3650 1029 3721 πρόςωπον
1064 3655 1252 3720 αὑτοῦ,
1299 3659 1390 3712 καὶ
1424 3658 1636 3730 πτωχὸν
1662 3659 1794 3715 δντα
1837 3660 1975 3731 πρὸς
2048 3659 2280 3725 σύνεσιν,
2326 3659 2608 3732 μονονουχὶ
2650 3658 2746 3712 καὶ
2809 3655 3218 3723 καταϐιάζεται,
3254 3656 3346 3710 καὶ
3381 3655 3657 3724 συναρπά-

408 3742 491 3808 ζει
525 3743 658 3814 πρὸς
701 3746 770 3799 τὰ
796 3747 1009 3817 αἰσχίω.
1056 3745 1234 3806 τΗσαν
1265 3752 1323 3806 δὲ
1348 3754 1441 3806 καὶ
1470 3753 1670 3825 ἑτέρως
1724 3753 1898 3809 ἄδικοί
1934 3772 1995 3808 τε
2033 3757 2125 3810 καὶ
2162 3756 2409 3827 ἅρπαγες
2476 3755 2523 3806 οἱ
2563 3752 2672 3807 τῶν
2731 3752 2997 3807 Ἰουδαίων
3032 3751 3359 3825 καθηγηταὶ,
3393 3752 3485 3805 καὶ
3507 3766 3638 3803 κατ-

407 3834 754 3905 αισχύνοντες
821 3839 919 3907 μὲν
964 3841 1034 3894 τὰ
1083 3841 1190 3896 τῶν
1249 3844 1477 3915 πτωχῶν
1549 3848 1850 3919 πρόσωπα,
1905 3849 2290 3921 προσκείμενοι
2339 3847 2396 3901 δὲ
2441 3846 2750 3911 πλουσίοις,
2795 3847 2973 3901 καίτοι
3014 3846 3107 3902 τοῦ
3157 3849 3320 3918 νόμου
3371 3845 3652 3912 λέγοντοςο

406 3927 596 3997 Κρίμα
628 3927 833 3981 δίκαιον
864 3929 1104 4000 κρίνατε,
1139 3934 1230 3986 καὶ
1275 3937 1694 4007 παρεγγυῶντος
1731 3939 1977 4011 πανταχῆ
2014 3939 2096 4005 τὸ,
2133 3939 2209 3993 Οὐ
2238 3937 2315 4010 μὴ
2343 3935 2488 4008 λήψῃ
2524 3936 2812 4006 πρόσωπον
2844 3937 2901 3990 έν
2928 3935 3130 4006 κρίσει.

484 4020 629 4075 Ίὶὶδε
680 4023 842 4092 λέγει
896 4025 1111 4094 Κύριος
1134 4041 1147 4055 ⁸
1205 4027 1357 4082 Ἀνθ’
1388 4022 1478 4083 ὧν
1536 4028 1873 4098 ῠιειώθησαν
1915 4036 1976 4088 al

406 4114 722 4184 θυγατέρες
763 4116 932 4179 Σιὼν,
966 4116 1065 4172 καί
1104 4118 1523 4189 ἐπορεύθησαν
1572 4122 1793 4191 ὑψηλῷ
1845 4141 1979 4193 τρα-

410 4205 598 4272 χήλῳ,
648 4207 744 4259 καί
788 4208 1084 4278 νεύμασιν
1129 4212 1468 4283 ὀφθαλμῶν,
1515 4214 1615 4268 καὶ
1649 4213 1726 4285 τῇ
1771 4219 1981 4285 πορείᾳ

2159 4033 2318 4089 Vens.
2353 4034 2549 4096 16,1Ἱ.
2583 4028 2708 4085 Hier
2734 4030 2862 4084 dicit
2898 4028 3152 4082 Dominus
3177 4042 3196 4081 :
3246 4024 3354 4080 Pro
3398 4042 3456 4079 eo
3511 4032 3652 4096 quod

2082 4127 2235 4181 elata
2269 4137 2384 4179 sunt
2422 4126 2550 4194 filiae
2593 4125 2725 4179 Sion
2750 4165 2765 4188 ,
2800 4133 2845 4176 et
2897 4118 3294 4173 ambulaverunt
3346 4116 3482 4171 elato
3520 4119 3654 4173 collo

2084 4232 2136 4275 et
2176 4220 2390 4273 nutibus
2420 4216 2713 4279 oculorum,
2745 4223 2797 4268 et
2831 4214 3070 4279 ingressu
3099 4212 3289 4279 pedum
3337 4211 3495 4266 simul
3545 4222 3654 4264 tru-

409 4295 528 4350 τῶν
581 4297 800 4364 ποδῶν,
853 4299 971 4369 ἅμα
1019 4303 1323 4371 σύρουσαι
1365 4304 1505 4371 τοὺς
1551 4305 1824 4374 χιτῶνας,
1880 4307 1978 4360 καὶ

2087 4316 2212 4368 lium
2239 4312 2464 4370 tunicas.
2492 4307 2752 4377 simulque
2779 4305 3004 4375 pedibus
3023 4303 3271 4370 lusitent,
3307 4314 3356 4358 et
3401 4303 3653 4373 deprimet

409 4385 530 4453 τοῖς
550 4387 738 4441 ποσὶν
768 4388 887 4457 ἅμα
907 4389 1243 4460 παίζουσαι,
1273 4394 1370 4450 καί
1395 4395 1745 4450 ταπεινώσει
1778 4399 1811 4451 ό
1832 4397 1976 4463 Θεὸς

405 4475 714 4546 ἀρχούσας
739 4479 1065 4550 θυγατέρας
1094 4482 1265 4548 Σιὼν,
1303 4483 1402 4537 καὶ
1429 4486 1643 4554 Κύριος
1673 4487 1977 4542 ἀποκαλύο

406 4571 506 4636 ψει
531 4569 594 4622 τὸ
625 4571 833 4639 σχῆμα
871 4571 1071 4627 αὐτῶν
1100 4574 1170 4627 ἐν
1203 4575 1278 4643 τῇ
1314 4573 1503 4644 ἡμέρᾳ
1539 4577 1765 4645 ἐκείνῃ.

482 4657 871 4731 Προαπὲῳηνεν
898 4664 1030 4733 ἡμῖν
1063 4665 1091 4717 6
1122 4663 1297 4732 λόγος,
1316 4665 1396 4717 ὅτι
1433 4669 1544 4730 τοῖς
1572 4667 1835 4721 Ἰουδαίων
1854 4667 1977 4722 καθα

404 4753 637 4820 ηγηταῖς
680 4753 738 4803 ὲν
788 4755 988 4826 σπουδῇ
1037 4755 1247 4809 τέθειτο
1292 4759 1359 4829 τῇ
1429 4760 1861 4831 προύργιαιτέπιι
1919 4760 1982 4813 τὸ

402 4838 602 4911 χρῆναι
641 4840 903 4909 πλουτεῖν,
937 4846 1031 4899 καὶ
1072 4845 1228 4912 δόξαν
1258 4847 1399 4918 ἔχειν
1445 4849 1546 4922 τὴν
1587 4851 1644 4904 εν
1688 4868 1752 4920 γε
1808 4851 1982 4925 τούτῳ

404 4930 660 5013 διαφανῆ.
688 4933 919 5002 Πλήρεις
946 4935 1003 4988 δὲ
1030 4930 1171 5007 ἦσαν
1202 4938 1425 4993 ἀδικιῶν
1456 4940 1551 4994 καὶ⁹
1579 4941 1886 5008 πλεονεξίας
1906 4942 1981 5007 ὡς

402 5023 602 5086 αὐτοὺς
646 5022 746 5093 μὲν
774 5023 1032 5097 λαμπράς
1078 5045 1139 5080 τε
1185 5031 1242 5082 ὲν
1268 5029 1444 5096 ἄστει,
1477 5031 1569 5084 καὶ
1611 5032 1717 5103 μὴν
1748 5032 1844 5086 καὶ¹
1882 5033 1979 5096 τὰς

402 5113 460 5163 ὲν
505 5113 698 5183 ἀγροῖς
744 5116 1012 5171 ποιεῖσθαι
1046 5119 1326 5191 προόδους,
1377 5122 1563 5185 ἵπποις
1591 5140 1648 5176 τε
1679 5123 1978 5193 ἐποχουμέ-

404 5215 546 5266 νους,
589 5204 682 5256 καὶ
729 5206 849 5270 ταῖς
897 5206 1095 5271 ἔξωθεν
1148 5210 1472 5279 φαντασίαις
1506 5212 1615 5265 τῶν
1659 5214 1979 5285 δορυφορεῖν

401 5289 674 5343 εἰωθότων
700 5293 759 5345 οὐ
789 5294 1021 5365 μετρίως
1039 5295 1523 5369 ὲπευρυνομένους.
1544 5303 1855 5374 Κατῃτιᾶτο
1872 5305 1988 5374 γὰρ.

402 5381 599 5444 αὐτοὺς
625 5383 681 5435 ὲν
707 5387 820 5448 τοῖς
852 5386 1106 5459 ἀνωτέρω
1135 5388 1309 5458 λέγων
1329 5405 1343 5419 ⁸
1376 5391 1485 5445 Καὶ
1513 5393 1813 5465 ἐνεπλήσθη
1850 5397 1879 5464 ἡ
1907 5399 1976 5467 γῆ

406 5473 614 5540 ἵππων,
660 5476 753 5529 καὶ
798 5477 898 5530 οὐκ
929 5475 997 5551 ἦν
1035 5479 1269 5552 ἀριθμὸς
1318 5483 1427 5540 τῶν
1475 5485 1735 5554 ἁρμάτων
1763 5488 1975 5540 αὑτῶνι

409 5563 507 5616 καὶ
531 5564 826 5639 ἐνεπλήσθη
873 5571 906 5640 η
937 5571 1006 5642 γῆ
1035 5571 1300 5644 ἀργυρίου
1346 5575 1442 5630 καὶ
1484 5576 1726 5645 χρυσίου,
1759 5579 1849 5632 καὶ
1880 5580 1976 5631 οὐκ

483 5716 529 5749 ³⁸
557 5715 712 5775 Joan.
753 5736 864 5788 vtu,
900 5725 995 5787 l2;
1030 5743 1139 5791 xw,
1170 5727 1222 5780 i3.

2084 4406 2223 4460 Deus
2245 4403 2502 4471 principes
2533 4399 2671 4469 ﬁlias
2695 4397 2850 4465 Sion,
2885 4407 2943 4452 et.
2962 4395 3219 4452 Dominus
3252 4397 3453 4467 deteget
3505 4396 3653 4450 habi-

2085 4508 2194 4550 tunt
2219 4510 2401 4550 eorum
2431 4493 2518 4548 die
2554 4493 2666 4548 illo.

2166 4670 2469 4726 Der-laravit
2490 4681 2619 4723 ante
2639 4670 2792 4725 uehis
2825 4684 3005 4723 sermo
3031 4667 3341 4723 Judaeorum
3369 4663 3652 4734 praefectos

2089 4764 2190 4818 hoc
2235 4779 2378 4818 curae
2415 4763 2702 4832 studioque
2748 4761 3000 4815 habuisse
3033 4758 3371 4827 potissimum
3413 4765 3471 4810 ut
3514 4755 3653 4811 dite-

2087 4861 2322 4917 soerent,
2355 4860 2511 4907 etes.
2531 4866 2596 4906 eo
2627 4851 2848 4920 gloriam
2878 4849 3138 4905 illustrem
3170 4857 3657 4919 consequerentur.

2087 4945 2385 5014 plenosque
2410 4945 2574 4999 fuisse
2589 4942 2851 5010 iniustitia
2867 4949 2920 4994 et
2938 4939 3163 4993 avaritia
3182 4955 3196 4991 :
3216 4954 3324 5009 quo
3347 4938 3446 5008 ipsi
3467 4937 3652 5008 splen-

2085 5036 2239 5090 didos
2275 5043 2386 5088 tum
2428 5035 2476 5086 in
2502 5033 2652 5094 urbe.
2695 5039 2806 5083 tum
2836 5030 2887 5083 in
2914 5029 3060 5098 agris
3085 5039 3372 5097 proventus
3401 5029 3650 5098 percipe-

2095 5136 2214 5181 rent
2238 5164 2252 5187 ,
2313 5125 2468 5194 equis
2503 5123 2723 5184 invecti,
2756 5130 3104 5176 externorum
3142 5121 3348 5191 fulgore
3379 5134 3442 5174 ac
3473 5119 3655 5187 specie

2086 5215 2408 5283 stipatorum
2480 5228 2600 5268 non,
2655 5214 3001 5268 mediocriter
3070 5212 3287 5282 turgidi.
3363 5210 3654 5265 Accusavit

2089 5308 2288 5378 quippe
2313 5306 2431 5361 illos
2457 5307 2506 5360 in
2529 5307 2980 5375 praecedentibus,
2999 5303 3182 5357 dicens
3212 5317 3224 5354 ε
3257 5300 3323 5354 Ει
3352 5302 3549 5372 repleta
3568 5310 3652 5356 est

2091 5409 2233 5452 terra
2271 5399 2450 5466 equis,
2489 5410 2585 5450 uec
2637 5405 2757 5450 erat
2786 5407 3044 5448 numerus
3062 5407 3318 5446 curruum
3359 5392 3597 5462 ipsorum
3633 5407 3648 5445 :

2082 5499 2134 5544 et
2165 5489 2379 5559 impleta
2410 5497 2495 5542 est
2536 5496 2680 5542 terra
2711 5502 2842 5541 auro
2873 5500 2933 5540 ac
2962 5471 3216 5552 argento.
3275 5499 3373 5538 nec
3403 5494 3516 5538 erat
3551 5497 3650 5536 nu-

2082 5594 2262 5634 merus
2285 5579 2684 5633 thesaurorum.
2709 5575 2916 5630 Accidit
2935 5574 3097 5629 etiam
3126 5587 3311 5629 eorum
3333 5588 3529 5628 uxores
3557 5570 3644 5626 di-
