4132 6316
517 366 613 424 Ηθ

1537 376 1593 433 S.
1639 376 1914 432 CYRZLLl
1953 378 2420 437 ALLXANDRIM
2455 382 2772 442 ARClllEP.

3657 381 3757 439 ιεο

514 480 659 534 vitiis
683 478 1046 549 luxuriantes,
1078 485 1193 540 auri
1224 495 1278 542 et
1302 486 1536 559 lapidum
1561 491 1848 561 splendore
1874 492 2078 546 insole-

2188 489 2248 565 ἧν
2268 496 2498 569 ἀριθμὸς
2525 497 2633 552 τῶν
2659 496 2946 570 θησαυρῶν
2965 496 3165 553 αὐτῶν.
3194 492 3329 551 Εἶτα
3357 494 3636 550 συνέϐαινε
3658 497 3759 562 τὰς

514 586 687 638 scere,
705 588 770 629 ac
801 584 941 647 toga,
967 576 1211 647 stolaque
1237 580 1536 651 varii-gata,
1565 584 1848 652 cultusque
1866 583 2078 652 magni-

516 663 732 719 ﬁcentia
755 667 982 721 multum
999 669 1293 727 exsultare.
1328 672 1424 727 Est
1445 674 1589 727 enim
1615 690 1786 743 genus
1815 674 2081 731 muliebre

515 759 678 811 rebus
715 761 991 830 prosperis
1034 771 1087 816 et
1135 759 1453 819 ﬂorentibus
1500 765 1902 834 quodammodo
1958 765 2074 836 glo-

519 848 720 902 riosum
754 857 810 902 et
842 851 1327 919 ostentabundum,
1385 855 1763 926 imprimisque
1798 856 2082 925 splendide

516 939 699 994 vestiri
731 941 903 1010 cupit,
944 957 1076 998 auro
1102 946 1308 1011 ornari,
1345 945 1546 1001 elatum
1578 949 1930 1017 supercilium
1974 947 2077 1000 tol-

514 1029 646 1095 lere,
679 1035 927 1102 corporis
958 1034 1302 1093 formositate
1335 1039 1583 1108 gloriari.
1613 1040 1769 1109 Srepe
1814 1040 1978 1094 etiam
2010 1037 2082 1092 ob

512 1123 617 1177 hoc
642 1122 838 1194 ipsum,
870 1128 1302 1183 cohabitantium
1334 1131 1447 1203 68
1476 1132 1690 1185 animus
1728 1130 2077 1195 intumescit,

514 1226 581 1267 ac
631 1215 852 1285 quidam
904 1217 1006 1272 sibi
1067 1219 1210 1274 laudi
1243 1220 1446 1275 ducunt
1493 1236 1722 1276 uxorum
1772 1221 2079 1276 mollitiem.

515 1303 630 1359 lloc
681 1304 935 1361 fortassis
997 1310 1188 1365 morbo
1236 1310 1414 1366 aﬂ‘ecti
1484 1312 1704 1368 fuerunt
1772 1311 2079 1367 Judmornm

514 1409 791 1462 proceres,
827 1397 954 1451 dum
980 1400 1234 1467 pietatem
1269 1417 1390 1472 qua!
1423 1404 1473 1457 in
1503 1403 1668 1458 Deum
1701 1411 1785 1459 cst
1817 1405 2085 1458 haberent

516 1486 841 1556 despicatui.
893 1489 1010 1555 Quo
1047 1491 1191 1545 enim
1248 1507 1463 1562 semper
1519 1509 1651 1565 Opes
1694 1495 2082 1551 subministra-

517 1588 752 1644 rentur,
804 1581 1001 1651 populo
1045 1598 1113 1637 ex
1173 1586 1485 1654 praescripto
1544 1584 1808 1643 olferente
1840 1627 1856 1653 ,
1919 1588 2080 1642 (idem

515 1666 883 1724 Christianam
945 1673 1177 1743 amplexi
1240 1690 1345 1728 non
1397 1684 1545 1744 sunt,
1590 1692 1691 1732 nec
1743 1678 2080 1748 persuadere

516 1756 641 1813 aliis
689 1759 998 1827 voluerunt,
1052 1778 1273 1832 regnum
1327 1762 1423 1819 Dei
1477 1765 1843 1833 occludeutes,
1895 1781 2085 1837 queru-

2179 586 2289 641 τῶν
2331 591 2389 643 ἐν
2427 589 2642 662 πλούτῳ
2665 593 2959 659 γυναῖκας,
2995 589 3089 644 ἅτε
3118 590 3187 658 δὴ
3205 587 3494 661 τρυφώσας
3527 586 3761 659 ἐναόρύο

2182 680 2371 734 νεσθαι
2405 679 2614 751 ζητεῖν,
2646 683 2742 736 καὶ
2769 685 2882 747 τοῖς
2912 685 2974 736 ἐκ
3004 681 3230 754 χρυσίου
3271 682 3367 735 καὶ
3398 679 3562 733 λίθων
3587 679 3759 752 ὡραῖ-

2183 773 2360 841 σμοῖς,
2394 772 2782 841 ἐπιγάννυσθαι
2822 772 2878 826 δέ
2913 771 3032 826 λίαν
3060 773 3158 826 καὶ
3191 770 3350 842 στολῇ
3387 769 3640 840 ποικίλῃ,
3669 769 3762 823 καὶ

2181 859 2506 932 ἐσθημάτων
2542 863 2930 929 πολυτελείαις.
2976 865 3091 919 Ἀεὶ
3121 863 3232 934 γάρ
3265 880 3383 924 πως
3410 861 3471 915 τὸ
3515 861 3650 931 θῆλυ
3676 861 3763 929 γέ·

2180 969 2269 1016 νος
2298 955 2355 1009 ἐν
2402 959 2522 1019 ταῖς
2563 955 2701 1025 ἄγαν
2753 957 3073 1028 εὐημερίαις
3109 954 3382 1025 φιλόδοξόν
3410 953 3471 1008 τέ
3500 956 3615 1007 ἐστι
3664 953 3762 1008 καὶ

2162 1046 2660 1124 φιλεπιδεικτικὸν.
2695 1047 2923 1101 Ἥδιστα
2953 1049 3009 1102 δὲ
3032 1047 3153 1101 λίαν
3183 1048 3483 1118 εὐῖματεῖς,
3513 1046 3762 1116 καιομένα

2180 1152 2262 1189 τοι
2334 1140 2426 1191 καὶ
2492 1138 2865 1210 χρυσαῖζεται,
2925 1139 3019 1192 καὶ
3072 1137 3280 1209 ὑψηλὴν
3341 1135 3600 1191 ἀνασπῶν
3660 1136 3761 1206 τὴν

2183 1227 2376 1300 ὀφρὺν,
2414 1230 2644 1301 ἐπαυχεῖ
2675 1232 2740 1301 τῇ
2770 1229 2862 1283 τοῦ
2893 1228 3142 1299 σώματος
3171 1228 3312 1300 ῶρᾳ.
3340 1227 3451 1281 Καὶ
3492 1227 3579 1281 ἐπ’
3609 1224 3762 1297 αὐτῷ

2183 1320 2247 1393 δὴ
2294 1320 2468 1392 τούτῳ
2517 1321 2836 1385 πλειστάκις
2881 1324 2942 1374 τὸ
2977 1321 3086 1373 τῶν
3125 1319 3517 1373 συνοικούντων
3568 1317 3761 1382 αὐταῖς

2184 1410 2502 1480 ἐξογκοῦται
2528 1413 2783 1483 φρόνημα
2802 1428 2816 1444 ⁸
2842 1415 2937 1466 καὶ
2961 1413 3118 1480 δόξαν
3143 1412 3278 1466 ίδίαν
3310 1411 3589 1466 ποιοῦνταί
3609 1428 3756 1474 τινες

2183 1500 2283 1575 τὴν
2303 1503 2412 1556 τῶν
2439 1502 2714 1571 γυναικῶν
2735 1502 3029 1574 ἐξιτηλίαν.
3053 1499 3226 1560 Τοῦτο
3254 1502 3396 1575 τάχα
3426 1501 3761 1555 πεπόνθασιν

2185 1591 2235 1645 οἱ
2267 1591 2373 1646 τῶν
2418 1592 2684 1646 Ἰουδαίων
2732 1592 3000 1663 λαμπροὶ,
3030 1592 3129 1662 τῆς
3170 1594 3249 1657 είς
3299 1592 3431 1645 Θεὸν
3481 1590 3760 1655 εὐσεϐείας

2185 1683 2563 1754 ὴφειδηκότες.
2602 1684 2719 1738 Ἵνα
2751 1684 2857 1754 γὰρ
2892 1682 3067 1754 ἔχοιεν
3115 1684 3203 1737 ἀεὶ
3263 1681 3529 1755 μενούσας
3575 1682 3761 1746 αὐτοῖς

2184 1775 2284 1839 τὰς
2332 1775 2426 1830 τοῦ
2484 1776 2733 1833 πλουτεῖν
2784 1777 3069 1849 χορηγίας,
3123 1774 3599 1847 προσκομιζόντων
3650 1772 3760 1826 τῶν

515 1838 1101 1922 admodumscriptum
1141 1863 1247 1919 est,
1308 1871 1406 1912 nec
1465 1856 1567 1926 ipsi
1622 1859 1923 1921 intrantes,
1983 1872 2081 1912 nec

2188 1865 2330 1921 λαῶν
2361 1867 2430 1920 τὰ
2476 1867 2619 1922 κατὰ
2665 1869 2755 1923 τὸν
2801 1868 2963 1939 νόμον
2997 1869 3059 1921 οὐ
3108 1869 3396 1939 προσίεντο
3429 1865 3529 1937 τὴν
3575 1864 3762 1919 πίστιν

515 1940 867 2000 admittentes
898 1959 993 2001 eos
1026 1945 1116 2015 qui
1169 1947 1359 2001 volunt
1392 1947 1622 2017 ingredi.
1663 1946 1802 2002 llinc
1839 1947 2083 2003 Romano

515 2034 780 2089 exercitui
836 2037 889 2089 in
937 2038 1299 2093 vastationem
1345 2051 1410 2094 ae
1452 2040 1504 2093 in
1558 2040 1919 2108 direptionem
1972 2050 2086 2095 tra-

515 2125 614 2179 diti
645 2133 791 2193 sunt,
822 2135 878 2180 et
910 2144 1033 2182 cum
1072 2129 1394 2187 mulieribus
1424 2131 1583 2186 simul
1624 2141 1678 2186 et
1722 2132 2083 2198 cliarissimis,

514 2214 719 2270 aedibus
753 2230 813 2270 ac
841 2217 1036 2287 opibus
1063 2219 1343 2288 perierunt
1369 2236 1386 2276 :
1417 2220 1756 2290 aliorumque
1776 2231 1926 2287 sunt,
1965 2238 2084 2291 qua:

516 2322 731 2365 summo
780 2323 948 2379 opere
982 2325 1046 2366 ac
1084 2312 1265 2368 studio
1295 2323 1707 2380 coacervaraut,
1743 2315 1952 2383 ipsique
1983 2314 2085 2368 mi-

515 2399 733 2455 serandi
758 2410 906 2468 sunt,
938 2412 989 2457 et
1015 2417 1263 2470 errones,
1289 2413 1345 2460 et
1374 2405 1427 2459 in
1452 2407 1645 2459 ultima
1667 2405 1884 2459 miseria
1906 2405 2083 2475 palam

512 2501 822 2546 versantur.
853 2490 1130 2547 lnvehitur
1156 2508 1286 2563 ergo
1324 2495 1436 2549 haec
1452 2495 1627 2550 oratio
1651 2496 1704 2549 in
1726 2511 1912 2550 eorum
1929 2494 2087 2549 femi-

516 2596 612 2635 nas
626 2583 742 2637 sive
766 2583 926 2649 lllias,
957 2585 1247 2653 primarias
1265 2587 1475 2641 scilicet
1501 2596 1555 2641 ct
1574 2591 1808 2642 maxime
1825 2587 2085 2655 insignes,

513 2687 635 2741 qum
672 2673 839 2727 etiam
880 2683 1036 2727 erant
1068 2676 1480 2744 praepotentium
1508 2719 1525 2744 ,
1555 2690 1619 2731 ac
1646 2677 1820 2746 inquit
1850 2690 1866 2730 :
1898 2693 1917 2729 ι
1952 2675 2089 2732 Pro-

516 2774 702 2835 ptcrea
720 2764 866 2834 quod
888 2765 1043 2819 elata:
1070 2766 1287 2821 fuerunt
1316 2767 1436 2821 ﬁlia:
1466 2765 1619 2833 Sion,
1639 2768 1853 2839 altaque
1877 2769 2088 2830 cervice

520 2853 796 2919 incedunt,
827 2864 881 2907 et
908 2855 1132 2909 nutibus
1162 2855 1465 2922 oculorum,
1497 2875 1517 2908 ι
1546 2866 1600 2911 et
1628 2871 1747 2926 qua:
1775 2867 1902 2913 sunt
1931 2858 2084 2913 dein-

516 2957 665 3013 ceps.
732 2944 907 3000 Elatae
953 2955 1132 3001 autem
1187 2957 1355 3012 sunt,
1422 2964 1527 3003 non
1587 2950 1654 3003 de
1723 2951 1942 3013 virtute,
1993 2950 2086 3004 sed

517 3046 742 3106 propter
796 3037 1070 3093 carnalem
1123 3039 1466 3110 maximeque
1519 3049 1790 3095 terrenam
1852 3041 2088 3110 pruden-

518 3127 666 3182 tiam.
705 3128 886 3182 Altum
917 3128 1065 3184 enim
1094 3129 1195 3185 sibi
1227 3143 1436 3198 sapere,
1481 3130 1654 3200 deque
1693 3146 1752 3186 se
1801 3131 2087 3202 magniﬁce

515 3220 721 3276 sentire
753 3221 1081 3275 videbantur
1112 3260 1128 3286 ,
1192 3231 1413 3292 prepter
1466 3223 1776 3293 opulentam
1831 3223 2084 3293 gloriam,

515 3320 908 3380 externumque
939 3311 1395 3380 pulchritudinem
1417 3353 1433 3380 ,
1489 3329 1650 3384 quam
1698 3327 1764 3368 ex
1798 3314 2090 3384 lapidibus,

519 3409 575 3455 et
604 3416 759 3467 auro,
812 3411 868 3455 et
901 3411 1051 3456 veste
1086 3401 1234 3456 varia
1260 3403 1643 3459 coneiliarnnt.
1695 3403 1751 3458 lu
1791 3404 1874 3460 his
1909 3417 2088 3460 autem

519 3493 783 3551 describit
805 3492 962 3549 nobis
990 3508 1172 3550 sermo
1205 3494 1558 3563 prephcticus
1595 3496 1869 3567 ingenium
1905 3507 1959 3552 et
1994 3498 2091 3552 lia-

518 3586 689 3639 bitum
723 3584 964 3640 mulieris
989 3588 1362 3656 voluptuariae,
1397 3587 1554 3654 levis,
1577 3599 1880 3659 ornatuque
1911 3589 2090 3659 splen-

518 3677 646 3733 dido
685 3664 953 3733 decorata:
984 3694 999 3732 :
1025 3691 1153 3749 puta
1185 3688 1242 3733 ut
1267 3694 1334 3734 ει
1361 3696 1465 3734 una
1490 3682 1731 3735 omnium
1769 3683 1912 3736 inter
1944 3685 2087 3753 ipsas

517 3770 848 3825 feminarum
905 3769 1306 3826 demonstraret
1362 3772 1697 3840 superbiam.
1766 3772 2093 3828 lnccdebaut

484 3856 690 3931 ﬁgunt,
715 3860 915 3930 inquit,
952 3868 1176 3916 extento
1206 3861 1367 3927 collo,
1402 3870 1458 3915 et
1513 3863 1735 3918 nutibus
1788 3862 2088 3931 oculorum;

511 3885 690 3924 ulmi,
716 3885 915 3930 utqutt,
952 3885 1176 3916 uncum
1206 3885 1367 3927 cunu,
1402 3885 1458 3915 cl
1513 3885 1735 3918 Ituuuus
1788 3885 2088 3931 oculorum;

684 3953 904 4009 femina:
927 3953 1309 4019 ornatissimae,
1353 3954 1633 4027 vitamque
1660 3971 1780 4010 cum
1825 3957 2092 4026 gravitate

434 4074 435 4077 η
508 4050 548 4102 ἐ
624 4045 862 4116 ιρδίιιιιο
888 4044 1113 4114 colenti,
1152 4047 1473 4101 verecundia
1500 4046 1570 4101 sit
1623 4046 1954 4116 gratissima,
1992 4047 2084 4102 mi-

434 4074 435 4077 η
508 4044 862 4131 ἐῖᾏρδίιιιιο
888 4044 1113 4114 colenti,
1152 4047 1473 4101 verecundia
1500 4046 1570 4101 sit
1623 4046 1954 4117 gratissima,
1992 4047 2084 4102 mi-

519 4121 775 4210 niui'eque
813 4141 1004 4195 deceat
1044 4140 1285 4194 virorum
1321 4138 1495 4194 oculis
1550 4139 1814 4208 conspici.
1872 4137 1963 4192 liae
1990 4154 2093 4192 au-

519 4246 627 4290 tem
677 4234 729 4288 in
793 4241 998 4288 tantam
1061 4232 1417 4288 stoliditatem
1471 4240 1635 4302 atque
1693 4234 2089 4302 impudentiam

516 4326 880 4395 impegerunt,
909 4332 969 4378 ut
1013 4324 1064 4378 in
1118 4324 1466 4394 processibus
1515 4336 1580 4376 ac
1627 4323 1936 4379 incessibus
1974 4322 2090 4377 suis

516 4431 643 4472 sese
668 4415 1032 4482 venditarent,
1089 4415 1359 4469 cervicem
1397 4415 1672 4481 erigerent
1719 4422 1775 4467 et
1829 4413 2093 4466 externis-

2186 1957 2285 2029 τὴν
2317 1959 2395 2021 είς
2426 1958 2678 2028 Χριστὸν,
2700 1958 2823 2012 οὔτε
2856 1957 2962 2030 μὴν
2985 1958 3204 2029 ἐτέρους
3237 1956 3514 2011 πιστεύειν
3544 1954 3759 2026 ἦθελον,

2187 2050 2457 2116 κλείοντες
2486 2052 2583 2124 τὴν
2626 2051 2901 2122 βασιλείαν
2931 2052 3025 2105 τοῦ
3060 2050 3219 2113 Θεοῦ.
3251 2049 3396 2106 καθὰ
3424 2049 3757 2120 γέγραπται,

2186 2142 2283 2196 καὶ
2316 2142 2453 2214 μήτε
2484 2142 2873 2215 εἰσερχόμενοι,
2908 2145 3045 2214 μήτε
3073 2145 3186 2205 τοῖς
3214 2138 3486 2217 ἐθέλουσιν
3515 2138 3761 2207 ἐφιέντες

2187 2233 2468 2287 είσελθεῖν.
2525 2234 2707 2306 Ταύτῃ
2744 2251 2826 2287 τοι
2878 2232 2972 2289 καὶ
3029 2232 3270 2287 δέδονται
3315 2230 3432 2295 ταῖς
3472 2228 3760 2300 Ῥωμαίων

2189 2327 2469 2398 στρατιαῖς
2502 2326 2582 2390 είς
2636 2327 2934 2397 ἐρήμωσιν,
2984 2326 3065 2388 είς
3111 2321 3444 2395 διαρπαγὴν,
3498 2325 3592 2375 καὶ
3646 2321 3756 2374 ἀπο

2185 2415 2470 2481 ολὼλασιν,
2498 2416 2739 2493 γυναίοις
2781 2433 2843 2470 τε
2884 2414 3043 2486 ὁμοῦ,
3073 2415 3166 2469 καὶ
3196 2415 3306 2478 τοῖς
3336 2411 3646 2485 φιλτάτοις,
3677 2407 3759 2464 οἰ-

2187 2526 2306 2574 κοις
2361 2526 2419 2563 τε
2478 2511 2573 2565 καὶ
2637 2508 2872 2584 πλούτῳ.
2935 2508 3199 2578 Γεγόνασι
3258 2506 3367 2578 γὰρ
3420 2503 3624 2575 ἐτέρων
3689 2500 3762 2556 τὰ

2185 2599 2260 2663 ὡς
2298 2601 2355 2655 ἐν
2398 2600 2627 2673 πλείστῃ
2661 2602 2861 2672 σπουδῇ
2904 2597 3392 2670 συναγηγερμένα·
3452 2599 3662 2669 οἰκτροὶ
3703 2594 3761 2649 δὲ

2187 2689 2342 2743 αὐτοὶ
2393 2691 2488 2746 καὶ
2532 2689 2749 2762 ἀλῆται,
2793 2690 2886 2743 καὶ
2937 2689 3074 2761 πρὸς
3131 2688 3366 2759 ἐσχάτην
3397 2684 3631 2758 ὁρῶνται
3662 2701 3763 2741 τα·-

2187 2779 2512 2852 λαιπωρίαν.
2567 2782 2919 2854 Κατατρέχει
2953 2781 3132 2834 τοίνυν
3176 2781 3204 2833 ὀ
3251 2779 3410 2847 λόγος
3463 2776 3574 2830 τῶν
3627 2775 3760 2851 παρ’

2188 2873 2371 2939 αὐτοῖς
2421 2873 2716 2944 γυναικῶν,
2770 2874 2934 2943 ἤγουν
2978 2871 3086 2925 τῶν
3135 2869 3451 2942 θυγατέρων
3495 2862 3604 2922 οἷον
3649 2866 3762 2920 τῶν

2187 2963 2471 3035 ἀρχουσῶν
2531 2964 2797 3035 μάλιστα,
2857 2960 2952 3019 καὶ
3006 2961 3520 3033 περιφανεστέρων,
3566 2959 3622 3012 αῖ
3666 2957 3763 3011 καὶ

2187 3050 2328 3127 ἦσαν
2357 3056 2465 3109 τῶν
2500 3056 2807 3127 ἰσχυόντων,
2841 3053 2932 3108 καί
2966 3067 3161 3123 φησιν’
3201 3069 3219 3102 ι
3268 3050 3407 3104 ’Λνθ’
3436 3044 3510 3103 ὧν
3542 3048 3760 3120 ὑψώθη-

2194 3161 2292 3197 σαν
2346 3146 2402 3198 αί
2448 3143 2744 3214 θυγατέρες
2792 3141 2953 3209 Σιὼν,
3006 3143 3098 3196 καί
3147 3140 3523 3212 ἐπορεύθησαν
3574 3137 3765 3210 ὑψηλῷ

2190 3235 2465 3306 τραχήλῳ,
2502 3235 2596 3291 καὶ
2641 3236 2906 3307 νεύμασιν
2934 3231 3255 3304 ὀφθαλμῶν,
3304 3252 3322 3283 ι
3369 3230 3461 3285 καὶ
3506 3231 3572 3283 τὰ
3609 3230 3763 3301 ἑξῆς.

2203 3327 2525 3399 ’Υψώθητταν
2571 3326 2629 3381 δὲ
2657 3328 2717 3380 οὐ
2765 3327 2906 3381 κατὰ
2950 3326 3171 3396 ἀρετὴν,
3205 3324 3319 3377 ἀλλ’
3346 3323 3425 3387 ὡς
3467 3323 3524 3375 ἐν
3559 3325 3768 3393 φρονή-

2194 3439 2324 3493 ματι
2371 3420 2616 3493 σαρκικῷ
2650 3422 2743 3475 καὶ
2787 3419 3160 3491 γεωδεστάτῳ.
3199 3418 3362 3487 Μέγα
3408 3416 3517 3487 γὰρ
3559 3416 3763 3481 αὐτοῖς,

2190 3514 2266 3579 ὠς
2299 3515 2454 3586 ἔφην,
2487 3517 2702 3586 φρονεῖν
2732 3513 2926 3579 ἐδόκει,
2962 3512 3054 3565 ἐπὶ
3082 3509 3314 3581 πλούτῳ,
3365 3509 3456 3562 καί
3486 3505 3636 3577 δόξῃ,
3668 3506 3766 3559 καὶ

2189 3603 2488 3677 ὡραῖσμοῖς
2535 3606 2646 3667 τοῖς
2694 3603 2912 3670 ἔξωθεν,
2960 3601 3052 3663 οὓς
3079 3603 3143 3655 ἐκ
3179 3601 3343 3654 λίθων
3373 3601 3471 3655 καὶ
3512 3598 3763 3669 χρυσίου.

2190 3695 2285 3748 καὶ
2323 3694 2512 3764 στολῆς
2549 3692 2799 3764 ποικίλης
2849 3692 3184 3761 συλλέγουσι.
3231 3690 3436 3761 Γράφει
3469 3689 3525 3742 δὲ
3558 3690 3691 3760 ἡμῖν
3736 3687 3766 3740 ὀ

2192 3784 2529 3855 προφητικδς
2557 3785 2614 3836 ἐν
2651 3783 2859 3846 τούτοις
2893 3782 3048 3853 λόγος
3088 3770 3343 3855 φρόνημά
3370 3797 3430 3834 τε
3459 3780 3553 3833 καὶ
3580 3779 3770 3849 σχῆμα

2192 3874 2474 3945 φιληδόνου
2524 3889 2583 3927 τε
2638 3872 2731 3947 καί
2790 3873 3026 3944 ἀσέμνου
3084 3873 3360 3942 γυναικὸς,
3421 3872 3512 3925 καὶ
3577 3869 3767 3940 κόσμῳ

2190 3966 2443 4037 διαφανεῖ
2486 3965 2997 4037 κατηγλαῖσμένης,
3039 3961 3151 4019 οἷον
3197 3967 3262 4019 ἐκ
3317 3966 3483 4037 μιᾶς,
3544 3963 3766 4033 ἁπάσης

2190 4058 2291 4131 τῆς
2313 4076 2386 4112 πα
2396 4063 2440 4131 ρ’
2460 4060 2641 4123 αὐτοῖς
2665 4059 2920 4128 γυναικὸς
2940 4058 3292 4123 καταδεικνύς
3315 4057 3412 4130 τὴν
3433 4055 3765 4129 ἀγερωχίαν.

2204 4150 2611 4223 Ἐπορεύθησαν
2661 4150 2791 4221 γὰρ,
2843 4151 3027 4219 φησιν,
3087 4148 3275 4219 ὑψηλῷ
3329 4148 3614 4220 τραχήλῳ,
3670 4146 3769 4201 καὶ

2192 4242 2456 4314 νεύμασιν
2492 4241 2805 4314 ὀφθαλμῶν·
2838 4242 3014 4295 καίτοι
3044 4240 3265 4310 γυναικὶ
3290 4242 3355 4311 τῇ
3388 4238 3765 4310 κοσμιωτάτῃ,

2192 4337 2283 4389 καὶ
2329 4334 2420 4389 τδν
2471 4337 2530 4389 ἐν
2576 4333 2865 4406 σεμνότητι
2911 4333 3005 4386 καὶ
3056 4335 3324 4409 ἐπιεικείᾳ
3365 4329 3591 4409 τιμώσηὶ
3626 4328 3765 4400 βίον.

2192 4428 2355 4494 αἰδώς
2381 4429 2441 4483 τὲ
2487 4430 2633 4482 ἐστιν
2662 4428 2744 4481 ὅτι
2781 4426 3018 4498 μάλιστα
3050 4425 3199 4496 φίλη,
3236 4427 3331 4480 καὶ
3364 4424 3564 4496 πρέποι
3596 4422 3662 4476 ἂν
3705 4422 3769 4480 τὸ

520 4517 662 4577 rent,
694 4508 1034 4563 intuentibus
1066 4514 1397 4567 annuerent,
1424 4506 1699 4558 interdum
1746 4504 1909 4558 etiam
1946 4505 2084 4558 arri-

2196 4521 2331 4594 μηδέ
2359 4521 2587 4595 ὁρᾶσθαι
2624 4522 2736 4584 τοῖς
2783 4519 3027 4591 ἀρρένων
3059 4518 3355 4590 ὀφθαλμοῖς
3382 4533 3397 4547 ·
3436 4516 3492 4570 αί
3524 4515 3582 4570 δέ
3630 4514 3769 4586 πρὸς

518 4607 731 4667 tierent,
762 4608 815 4654 et
873 4600 984 4653 risu
1047 4598 1434 4667 propemodum
1491 4609 1550 4649 se
1601 4595 1935 4649 intuentibus
1962 4611 2089 4649 con-

516 4706 762 4765 gressum
805 4689 1213 4761 prnmitterent.
1252 4686 1350 4741 Est
1379 4685 1525 4741 enim
1585 4686 1931 4740 meretricius
1976 4686 2092 4740 aui-

516 4790 638 4840 mus
669 4780 938 4838 ittStabilis
965 4792 1179 4848 semper
1220 4788 1275 4833 et
1308 4775 1553 4843 ﬂuetuat,
1595 4776 1933 4844 multumque
1964 4778 2078 4832 otio

514 4874 734 4939 dililuit,
757 4874 897 4929 unde
918 4871 1089 4939 major
1115 4871 1332 4925 exsistit
1356 4869 1423 4923 ad
1448 4869 1750 4938 voluptates
1778 4869 2087 4936 propensio.

515 4968 717 5041 ubjicit
770 4978 949 5021 autem
993 4977 1041 5020 ct
1081 4966 1186 5021 illis
1209 4964 1416 5018 crimen
1457 4962 1703 5030 desidiae,
1754 4971 1810 5018 et
1858 4963 2087 5017 scortari

512 5060 687 5120 dicit:
720 5057 884 5119 simul
934 5059 1156 5113 trahunt
1194 5057 1413 5112 tunicas
1469 5065 1523 5109 et
1574 5055 1803 5109 lusitant
1834 5054 2081 5123 pedibus.

514 5152 785 5209 Nimirum
828 5142 1126 5203 verisimile
1156 5154 1241 5201 est
1272 5154 1325 5200 et
1353 5146 1455 5200 hoc
1482 5144 1552 5198 ab
1585 5144 1691 5198 illis
1750 5144 1818 5198 ad
1866 5144 2087 5213 elegan-

515 5248 645 5301 tiam
667 5240 1044 5314 complendam
1109 5239 1223 5292 ﬂeri
1272 5253 1286 5291 :
1329 5246 1520 5305 estque
1570 5237 1936 5291 meretricium
1984 5238 2089 5292 hoc

514 5332 844 5403 institutum,
875 5344 930 5389 et
962 5328 1379 5387 abominationis
1400 5339 1656 5384 extrema:
1684 5338 2083 5402 argumentum.

515 5414 631 5511 ω
660 5418 792 5484 Nam
830 5427 919 5483 ubi
945 5422 1138 5496 pedum
1164 5420 1425 5493 strepitus
1455 5436 1578 5477 cum
1611 5420 1945 5477 carminibus
1980 5437 2084 5476 nn-

519 5524 753 5585 merosis
775 5523 1069 5587 consentit,
1117 5518 1192 5577 ibi
1222 5516 1479 5573 videlicet
1512 5517 1735 5571 omnino
1754 5522 1808 5569 et
1830 5528 2085 5569 manuum

518 5620 759 5686 ipsarum
793 5617 1013 5684 plausus
1047 5620 1288 5677 resonat,
1338 5619 1393 5668 et
1419 5621 1580 5666 omne
1603 5621 1773 5677 genus
1799 5605 2080 5670 fceditatis,

519 5717 575 5762 et
613 5707 915 5762 invitantur
945 5714 1278 5775 spectatores
1308 5704 1376 5759 ad
1423 5701 1827 5774 turpitudinem.
1881 5699 1994 5754 Sub
2030 5700 2082 5755 id

520 5812 653 5855 vero
678 5810 886 5867 tempus
922 5794 1204 5866 deprimet,
1231 5794 1427 5864 inquit,
1473 5793 1613 5850 Deus
1640 5793 1909 5865 principes
1942 5792 2079 5849 tilias

2192 4612 2352 4667 τοῦτο
2376 4608 2666 4677 ἐξώκειλαν
2702 4609 2927 4682 βλαῦίας
2965 4626 3025 4665 τε
3060 4607 3195 4680 ὁμοῦ
3226 4609 3323 4663 καὶ
3355 4607 3767 4679 ἀναισχυντίας,

2191 4704 2266 4768 ὡς
2296 4703 2626 4774 ἐπιδεικτιᾷν
2657 4704 2716 4757 ὲν
2746 4701 3010 4774 προόδοις,
3038 4701 3132 4756 καί
3164 4700 3341 4773 αἴρειν
3374 4700 3473 4772 μὲν
3506 4699 3642 4771 ocos
3674 4700 3770 4754 τὸν

2190 4795 2425 4867 αὐχένα,
2454 4793 2717 4848 διανεύειν
2758 4794 2815 4847 δὲ
2862 4796 2973 4858 τοῖς
3013 4793 3211 4869 ὁρῶσιν
3254 4792 3446 4857 αὐτας,
3502 4807 3773 4863 προσμειέ

2190 4886 2379 4950 διὰσας
2420 4883 2531 4937 ἔσθ’
2559 4884 2668 4950 ὅτε,
2718 4882 2812 4936 καὶ
2859 4883 3141 4953 μονονουχὶ
3190 4880 3269 4952 τῷ
3315 4879 3511 4948 γέλωτι
3554 4878 3769 4932 καθυπ-

2197 4972 2552 5046 ισχνουμένας
2581 4971 2681 5043 ἤδη
2734 4973 2847 5035 τοῖς
2901 4970 3066 5042 ὁρῶσι
3111 4971 3209 5041 τὴν
3251 4967 3488 5027 σύνοδον.
3549 4967 3771 5039 Ὑδαρεὶ

2192 5064 2302 5136 γὰρ
2327 5064 2414 5118 ἀεὶ
2436 5063 2498 5118 τὸ
2522 5062 2777 5135 πορνικὸν
2802 5060 3059 5134 φρόνημά
3088 5062 3223 5126 ἐστι,
3250 5061 3345 5114 καί
3370 5059 3506 5115 πολύ
3535 5057 3770 5135 χαλᾶται

2194 5140 2330 5228 ipa;
2356 5155 2678 5226 ἑτοιμότητα
2702 5153 2801 5226 τὴν
2831 5154 2908 5217 είς
2945 5151 3157 5225 ἡδονὰς,
3193 5150 3452 5208 ἐπιτείνει
3479 5150 3536 5204 δὲ
3574 5150 3773 5212 αὐταῖς

2191 5247 2261 5302 τὰ
2286 5248 2384 5319 τῆς
2413 5246 2685 5319 ῥᾳθυμίας
2724 5244 3063 5317 ἐγκλήματα,
3097 5245 3191 5297 καὶ
3230 5239 3634 5313 πεπορνεῦσθαί
3662 5256 3772 5316 φη-

2195 5355 2301 5405 σιν,
2339 5339 2454 5410 ἅμα
2510 5336 2781 5409 συρούσας
2833 5337 2960 5401 τοὺς
3014 5335 3269 5407 χιτῶνας,
3325 5333 3420 5389 καὶ
3470 5332 3771 5397 παιζούσας

2192 5434 2307 5498 τοῖς
2334 5432 2512 5487 ποσίν.
2540 5432 2700 5496 Εἰκὸς
2726 5429 2783 5485 δὲ
2809 5426 2877 5502 ἦν
2897 5429 3129 5494 οίεσθαι,
3152 5425 3425 5484 καὶτοῦτο
3458 5425 3537 5488 είς
3562 5425 3771 5497 κόσμαν

2195 5524 2467 5578 συντελεῖν
2499 5523 2722 5587 αὐταῖς·
2765 5520 3022 5593 πορνικὸν
3071 5519 3129 5574 δέ
3169 5518 3231 5573 τὸ
3263 5516 3627 5592 ἐπιτήδευμα,
3674 5515 3772 5570 καὶ

2195 5615 2474 5687 βδελυρίας
2503 5613 2777 5680 ἀπόδειξις
2806 5612 2906 5684 τῆς
2949 5612 3204 5684 ἐσχάτης.
3242 5611 3419 5664 Ὅπου
3459 5608 3567 5680 γὰρ
3604 5609 3635 5662 ὀ
3658 5606 3771 5662 τῶν

2192 5706 2369 5761 ποδῶν
2436 5706 2639 5770 κτύπος
2701 5704 2993 5777 εὐρύθμοις
3048 5703 3257 5776 ᾇσμασι
3321 5703 3581 5774 συνηχεῖ,
3653 5700 3772 5753 ἐκεῖ
3820 5692 3835 5701 ’

2187 5813 2287 5851 που
2338 5795 2559 5860 πάντως
2616 5795 2708 5848 καὶ
2774 5793 2933 5858 αὐτὸς
2989 5793 3017 5846 ὀ
3064 5791 3151 5847 διὰ
3209 5791 3411 5865 χειρῶν
3460 5791 3769 5848 ἀνακτυπεῖ
