4132 6316
535 365 640 420 123

1557 360 1616 416 5.
1660 355 1930 416 CYItILLl
1971 352 2441 409 ALEXANDIll-Nl
2483 350 2799 406 ARCHIEP.

3687 343 3792 399 ιιι

529 499 695 540 nares
725 491 865 546 tuas,
902 488 958 536 et
986 481 1226 550 globulos
1255 481 1319 532 ad
1363 492 1520 533 aures
1557 485 1695 536 tuas.
1735 484 1788 529 et
1840 489 2096 529 coronam

2237 471 2409 523 πλυνα
2437 468 2498 520 τὸ
2525 462 2662 538 αἷμα
2683 466 2789 520 ἀπὸ
2819 464 2930 529 σοῦ,
2961 463 3050 517 καὶ
3071 462 3263 534 ειμισά
3292 477 3347 513 σε
3386 460 3444 513 ἐν
3468 459 3630 530 ἐλαίῳ
3655 475 3668 489 ·
3699 455 3795 512 καὶ

533 574 868 647 gloriationis
929 574 980 627 in
1022 581 1187 642 caput
1240 580 1409 624 tuum.
1471 568 1738 624 Exornavi
1796 577 1847 621 te
1882 582 2017 620 auro
2057 573 2110 620 et

533 675 794 737 argento:
827 673 880 719 et
921 665 1152 718 amictus
1186 662 1260 715 tui
1299 660 1528 731 hyssiul,
1575 668 1629 714 et
1678 658 1855 714 serica
1898 657 2108 712 tenuis-

477 741 494 763 “
531 756 666 809 sima
719 761 774 808 et
814 767 912 806 acu
945 752 1087 821 picta
1115 751 1181 804 “.
1217 770 1235 803 ι
1261 751 1492 806 Proinde
1539 751 1690 804 vario
1741 757 1932 803 ornatu
1971 746 2113 802 Deus

530 843 762 912 perpulit
807 843 1045 896 animam
1095 856 1216 910 quae
1259 857 1377 895 cum
1434 841 1552 910 ipso
1599 841 1897 896 domestica
1957 840 2110 911 quasi

526 935 911 1002 conjunctione
943 933 1196 1002 copulata
1229 941 1328 995 est,
1370 942 1424 984 et
1461 948 1639 987 rerum
1673 932 2114 1003 praeclarissima-

531 1043 651 1080 rum
705 1025 1043 1080 ornamentis
1089 1033 1317 1078 coronat
1369 1023 1744 1076 multifariam.
1805 1022 1905 1088 Qui
1958 1035 2110 1075 suam

529 1114 775 1184 ipsorum
816 1114 984 1169 vitam
1045 1112 1315 1181 inculpate
1355 1111 1674 1175 instituunt,
1719 1119 1774 1187 et
1815 1119 2001 1164 sancte
2051 1125 2116 1164 ac

532 1209 746 1276 integre
783 1211 1091 1267 versantur,
1139 1203 1331 1258 horum
1367 1202 1717 1273 intelligibilis
1770 1200 2116 1272 pulchritudo

536 1297 711 1366 trajor
768 1296 828 1349 lit
887 1305 941 1348 et
983 1295 1330 1360 cumulatior,
1369 1303 1424 1349 et
1467 1293 1790 1348 inconcussa
1851 1291 2111 1362 persistit.

536 1389 639 1455 Qui
684 1397 863 1443 autem
897 1385 1051 1440 facile
1092 1394 1148 1440 et
1172 1384 1484 1456 procliviter
1514 1384 1582 1438 ad
1608 1400 1672 1439 ea
1705 1399 1826 1454 quae
1861 1384 2114 1438 indecora

538 1488 667 1536 sunt
701 1478 1088 1550 prolabuntur,
1125 1486 1181 1532 et
1219 1476 1409 1532 leviter
1453 1476 1518 1532 ad
1560 1476 1821 1549 ﬂagitiosa
1875 1476 2113 1531 facinora

541 1570 847 1636 declinant,
897 1569 982 1624 his
1027 1567 1233 1624 accidet
1286 1576 1344 1622 ut
1397 1568 1650 1625 omnibus
1691 1568 1914 1624 omnino
1960 1567 2118 1622 bonis

542 1669 830 1727 eruantur,
867 1667 921 1714 et
971 1659 1057 1713 his
1095 1659 1258 1714 etiam
1283 1673 1404 1729 quae
1443 1660 1567 1713 data
1615 1667 1741 1713 sunt
1789 1657 1940 1723 olim,
1965 1673 2118 1713 care-

543 1753 698 1807 bunt.
737 1750 868 1804 Nam
909 1751 960 1804 in
991 1749 1161 1805 malos
1192 1759 1246 1804 et
1272 1751 1512 1819 impuros
1548 1760 1826 1806 amatores
1852 1751 2112 1812 incident,

2213 560 2438 614 ἐνέδυσά
2471 577 2530 612 σε
2575 557 2815 621 ποικίλα,
2870 555 2963 609 καὶ
3009 553 3250 608 ὑπέδυσά
3281 568 3337 604 σε
3367 549 3644 613 ὑάκινθον,
3701 553 3795 603 καὶ

2213 652 2391 717 ἔξωσά
2419 667 2478 704 σε
2519 650 2702 721 βύσσῳ
2721 666 2735 680 ο
2775 649 2865 703 καὶ
2893 645 3214 717 περιέϐαλον
3244 661 3301 696 σε
3337 643 3626 713 τριχάπτῳ
3654 661 3666 672 ·
3699 644 3795 694 καὶ

2213 742 2499 814 ἐκόσμησά
2530 759 2588 794 σε
2626 740 2836 810 κόσμῳ,
2866 739 2960 792 καὶ
2987 736 3290 808 περιέθηκα
3318 733 3510 805 ψέλλια
3539 735 3672 804 περὶ
3697 733 3797 795 τὰς

2212 836 2402 908 χεῖράς
2433 851 2550 898 σου,
2583 834 2677 888 καὶ
2707 832 2923 902 κάθεμα
2957 830 3086 901 περὶ
3110 829 3204 883 τὸν
3233 825 3503 898 τράχηλον
3538 842 3654 878 σου.
3684 825 3798 876 Καὶ

2215 928 2391 982 ἔδωκα
2419 926 2638 981 ἐνώτιον
2670 925 2798 996 περὶ
2821 925 2913 976 τδν
2939 921 3192 994 μυκτῆρά
3215 937 3330 981 σου,
3355 917 3448 971 καὶ
3471 916 3798 988 τροχίσκους

2215 1017 2343 1089 περὶ
2389 1016 2457 1072 τὰ
2495 1011 2612 1070 ὧτά
2665 1033 2758 1069 σου
2783 1032 2797 1046 ο
2839 1013 2930 1068 καὶ
2981 1013 3241 1082 στέφανον
3283 1012 3607 1080 καυχήσεως
3667 1023 3732 1058 πε
3742 1007 3797 1076 ρὶ

2214 1109 2314 1183 τὴν
2374 1109 2620 1179 κεφαλήν
2664 1125 2782 1162 σου.
2818 1106 2928 1159 Καὶ
2965 1103 3245 1174 ἐκόσμησά
3285 1119 3345 1154 σε
3381 1101 3568 1170 κόσμῳ
3610 1099 3800 1169 χρυσῷ

2215 1204 2311 1259 καὶ
2337 1201 2597 1274 ἀργυρῷ·
2646 1199 2742 1254 καὶ
2771 1198 2844 1253 τά
2887 1196 3210 1269 περιϐόλαιά
3257 1211 3351 1246 σου
3401 1192 3650 1262 βύσσινα,
3703 1190 3792 1242 και

2215 1296 2507 1368 τρίχαπτα,
2551 1295 2647 1348 καὶ
2676 1291 2911 1346 ποικίλα.
2934 1309 2952 1342 ι
2993 1287 3204 1342 Οὐκοῦν
3225 1285 3452 1355 ποικίλῳ
3484 1283 3584 1354 μὲν
3609 1283 3788 1351 κόσμει

2218 1385 2641 1457 κατὰφαιδρύνει
2673 1383 2806 1446 Θεὸς
2836 1381 2936 1453 τὴν
2967 1376 3489 1453 προσοικειουμένην
3519 1372 3668 1443 αὐτῷ
3695 1373 3801 1442 ψ)-

2217 1477 2339 1550 χὴν,
2389 1477 2486 1531 καὶ
2537 1478 2646 1538 τοῖς
2703 1474 2763 1538 ἐξ
2810 1471 3016 1545 ἀρετῶν
3073 1471 3386 1540 αὐχήμασιν
3442 1464 3801 1534 πολυτρόπως

2220 1569 2492 1638 στεφανοῖ.
2552 1565 2714 1620 Ἀλλά
2751 1568 2864 1628 τοῖς
2927 1565 3027 1634 μὲν
3065 1559 3391 1624 διασώζουσι
3437 1556 3537 1628 τὴν
3589 1552 3802 1608 ἑαυτῶν

2219 1659 2494 1714 πολιτείαν
2541 1656 2862 1730 ἀμώμητον,
2897 1655 2991 1709 καὶ
3035 1651 3370 1707 διατελοῦσιν
3405 1650 3463 1702 ἐν
3518 1643 3802 1716 ἁγιασμῷ,

2218 1750 2288 1805 τά
2315 1751 2416 1822 τῆς
2446 1749 2743 1820 εὐκοσμίας
2797 1747 2899 1818 τῆς
2936 1745 3133 1816 νοητῆς
3183 1745 3242 1797 ἐν
3298 1741 3602 1795 ἐπιδόσεσιν
3649 1739 3802 1791 ἔσται

543 1845 596 1897 in
631 1843 897 1912 principes
921 1842 1101 1898 seculi
1124 1841 1302 1912 hujus,
1327 1842 1379 1896 in
1408 1852 1648 1899 rectores
1670 1843 2035 1905 tenebrarum,
2061 1843 2112 1898 in

2235 1843 2451 1908 ιείςοσι,
2483 1842 2578 1896 καὶ
2600 1841 2911 1911 ἀκράδαντα
2943 1837 3207 1909 διαμενεῖ.
3239 1835 3364 1897 Τοῖς
3387 1850 3451 1901 γε
3478 1831 3585 1902 μὴν
3617 1829 3798 1883 διαπί-

540 1933 840 2002 spiritualia
891 1933 1178 2000 nequitize,
1223 1933 1316 2002 qui
1366 1933 1577 1986 animas
1625 1933 1823 1986 virtute
1877 1931 2122 1987 excultas

542 2024 778 2078 maxime
804 2033 1024 2092 captant
1058 2033 1114 2077 et
1143 2034 1428 2076 venantur.
1465 2022 1646 2078 Ludus
1698 2022 1840 2078 enim
1899 2032 1986 2078 est
2019 2024 2122 2079 illis

543 2124 597 2170 et
641 2115 846 2170 delicia:
903 2113 1257 2184 pessumdare
1302 2128 1434 2178 eas,
1486 2129 1593 2168 non
1635 2115 1812 2170 minus
1875 2117 2122 2182 profecto

542 2223 704 2278 quam
734 2219 970 2274 aucupes
1000 2219 1112 2259 rem
1141 2205 1355 2274 dignam
1378 2216 1432 2259 et
1454 2207 1727 2277 egregiam
1759 2215 1970 2276 putant,
1997 2223 2117 2278 pas-

541 2314 692 2353 seres
735 2297 963 2351 eximios
1011 2309 1225 2366 capere.
1283 2294 1665 2367 Scriptumqne
1712 2307 1797 2354 est
1842 2299 2008 2354 etiam
2057 2301 2123 2355 de

544 2393 747 2447 Satana
775 2410 788 2446 :
814 2390 962 2446 Esca:
992 2390 1108 2458 ejus
1135 2389 1464 2447 selectiores.
1487 2389 1667 2457 Quare
1695 2404 2120 2450 consentaneum

543 2491 629 2536 est
665 2491 722 2534 ut
772 2495 871 2534 nos
920 2478 1235 2547 vigilemus,
1271 2487 1328 2534 et
1375 2482 1616 2536 masculo
1659 2496 1723 2536 ac
1769 2482 1904 2537 virili
1945 2485 2126 2538 animo

545 2573 738 2636 simus,
794 2569 886 2624 Dei
952 2568 1212 2624 beneficio
1259 2577 1316 2624 et
1369 2584 1491 2640 ope,
1526 2585 1590 2626 ac
1637 2587 1905 2628 memores
1956 2573 2128 2629 simus

546 2657 687 2711 beati
739 2655 887 2709 Pauli
929 2655 1160 2710 dicentis
1193 2673 1208 2711 :
1242 2674 1260 2708 t
1293 2657 1472 2725 Quare
1507 2657 1598 2727 qui
1649 2673 1796 2715 Stare
1826 2662 1928 2732 71
1975 2661 2125 2718 vide-

549 2760 658 2813 tur,
689 2748 867 2801 videat
900 2765 966 2801 ne
1015 2747 1173 2802 cadat
1201 2747 1270 2803 ".
1332 2767 1350 2801 ι
1407 2750 1489 2805 Ad
1529 2751 1643 2806 hzec
1692 2758 2014 2818 accedentes
2058 2757 2125 2810 ad

549 2836 742 2906 Deum,
774 2839 862 2907 qui
905 2838 1087 2893 omnia
1135 2848 1352 2910 potest,
1396 2841 1448 2896 in
1481 2845 1736 2912 prec‘bus
1786 2846 2070 2901 dicendum
2109 2867 2122 2900 :

555 2945 572 2976 ι
623 2927 866 2993 Domine,
907 2930 958 2983 in
998 2930 1271 2986 voluntate
1302 2941 1391 2988 tua
1427 2943 1623 3004 pra-sta
1655 2937 1838 2992 decori
1876 2952 1994 2993 meo
2018 2940 2129 2994 vir-

549 3025 714 3073 tutcut
747 3018 812 3072 ⁸³.
846 3037 865 3070 ι

2219 1951 2445 1989 πτουσιν
2477 1934 2563 2005 ἐφ’
2593 1933 2627 1988 ἀ
2655 1933 2730 2004 μὴ
2769 1930 3048 2002 προσῆκεν
3088 1929 3339 1998 ἑτοίμως,
3379 1923 3474 1978 καλ⁷
3505 1920 3807 1976 ἀπονεύον-

2222 2041 2306 2079 σιν
2341 2024 2594 2097 ἐλαφρῶς
2623 2027 2703 2087 είς
2726 2022 2795 2076 τὰ
2833 2022 2936 2092 τῆς
2961 2019 3298 2089 φαυλότητος
3327 2015 3485 2086 ἔργα,
3525 2012 3806 2083 συμϐήσε-

2219 2135 2310 2170 ται
2332 2116 2549 2180 πάντως
2577 2117 2634 2169 ἐν
2663 2114 2902 2184 ἀποϐολῇ
2927 2111 3180 2182 γενέσθαι
3212 2108 3412 2172 παντὸς
3445 2105 3675 2174 ἀγαθοῦ,
3712 2103 3810 2156 καὶ

2220 2209 2328 2264 τῶν
2354 2209 2520 2265 πάλαι
2546 2207 2935 2280 δεδωρημένων
2966 2205 3192 2272 νοσῆσαι
3229 2202 3327 2273 τὴν
3363 2197 3618 2270 ἐρημίαν.
3646 2197 3810 2265 Περι-

2229 2303 2473 2354 πεσεῖται
2502 2299 2611 2370 γὰρ
2655 2300 2910 2369 πονηροῖς
2956 2313 3016 2351 τε
3045 2296 3140 2349 καὶ
3169 2292 3497 2361 ἀκαθάρτοις
3528 2289 3810 2358 ἐρασταῖς,

2228 2396 2339 2458 τοῖς
2368 2392 2595 2463 ἄρχουσι
2623 2389 2717 2444 τοῦ
2750 2390 2946 2452 αἰῶνος
2979 2385 3190 2447 τούτου,
3244 2384 3338 2438 καὶ
3365 2385 3478 2444 τοῖς
3508 2378 3813 2448 κοσμοκρά-

2229 2500 2380 2554 τορσι
2431 2479 2526 2535 τοῦ
2585 2479 2810 2542 σκότους
2859 2479 3070 2537 τούτου.
3123 2475 3234 2538 τοῖς
3283 2471 3673 2542 πνευματικοῖς
3711 2465 3814 2536 τῆς

2232 2578 2516 2648 πονηρίας,
2557 2575 2605 2628 οἳ
2635 2573 2699 2646 δὴ
2730 2573 2964 2644 μάλιστα
3011 2570 3110 2633 τὰς
3143 2567 3431 2652 ἐναρέδους
3475 2562 3683 2632 θηρῶσι

2230 2667 2348 2738 χάς-
2380 2665 2572 2738 Τρυφὴ
2601 2664 2710 2736 γὰρ
2737 2664 2920 2726 αὐτοῖς
2945 2662 3006 2715 τὸ
3025 2650 3423 2730 καωπρέῴειν
3450 2655 3638 2717 αύτάς.
3662 2650 3815 2705 Καθ-

2233 2759 2377 2830 άπερ
2413 2757 2605 2828 ἀμέλει
2649 2759 2742 2811 καὶ
2771 2757 2886 2819 τοῖς
2933 2753 3042 2808 τῶν
3078 2751 3296 2822 πτηνῶν
3323 2749 3633 2820 θηρευταῖς,
3664 2745 3817 2809 ἀξιό-

2232 2851 2436 2922 ληςπτον
2469 2846 2606 2904 εἷναί
2654 2867 2708 2903 τι
2740 2848 2803 2902 τὸ
2853 2850 3046 2919 χρῆμα
3084 2846 3232 2899 δοκεῖ
3272 2843 3344 2896 τά
3381 2843 3488 2896 τῶν
3519 2837 3819 2912 στρουθίων

2235 2943 2723 3016 περικαλλέστερα.
2763 2941 3078 3012 Γέγραπται
3130 2937 3189 2990 δέ
3241 2953 3345 2989 που
3400 2936 3494 2987 καὶ
3548 2932 3672 3004 περὶ¹
3724 2931 3818 2983 τοῦ

2237 3035 2472 3100 Σατανᾶ,
2529 3035 2611 3089 ὅτι
2653 3033 2720 3088 τά
2770 3032 3036 3104 βρώματα
3087 3027 3251 3082 αὑτοῦ
3300 3025 3555 3080 ἐκλεκτά.
3611 3020 3822 3076 Οὐκοῦν

547 3110 834 3165 ἀκόλουθον
889 3111 1036 3182 ἡμᾶς
1091 3111 1449 3197 ἐγρηγορέναι
1495 3130 1554 3167 τε
1608 3114 1703 3168 καὶ
1747 3116 2092 3189 ἀνδρίζεσθαι
2155 3125 2294 3193 μετά
2319 3125 2474 3194 Θεοῦ,
2505 3129 2600 3180 καὶ
2672 3124 3069 3197 διαμεμνῆσθαι
3095 3123 3345 3189 λέγοντος
3415 3116 3512 3170 τοῦ
3541 3115 3823 3187 μακαρίου

548 3202 783 3264 Παύλου.
841 3199 1002 3256 ὥστε·
1069 3220 1087 3252 ι
1117 3203 1176 3256 ’0
1231 3202 1404 3256 δοκῶν
1453 3204 1693 3270 ἑστάναι,
1747 3206 1991 3276 βλεπέτω
2051 3212 2126 3283 μὴ
2168 3215 2328 3288 πέσῃ.
2353 3237 2371 3271 ι
2399 3218 2574 3272 Δεῖδέ
2637 3218 2702 3289 δὴ
2738 3215 2874 3287 πρὸς
2895 3214 3069 3284 τούτῳ
3098 3211 3218 3282 Θεῷ
3242 3209 3320 3280 τῷ
3347 3209 3521 3262 πάντα
3584 3206 3824 3276 ἰσχύοντι

548 3295 869 3368 προσιόντας
931 3295 1112 3362 λέγειν
1150 3295 1208 3348 έν
1258 3297 1588 3365 προσευχαῖς
1612 3311 1625 3324 ⁸
1681 3314 1699 3348 ι
1736 3298 1931 3370 Κύριε,
1989 3303 2048 3356 ἐν
2105 3307 2183 3378 τῷ
2224 3309 2488 3382 θελήματί
2523 3329 2618 3365 σου
2649 3308 2921 3378 παρέσχου
2945 3305 3023 3376 τῷ
3049 3304 3237 3358 κάλλει
3269 3302 3518 3372 δύναμιν.
3549 3319 3566 3351 i

621 3383 785 3439 Vens.
837 3383 1027 3439 24-26.
1067 3382 1136 3438 Et
1172 3386 1270 3439 erit
1321 3401 1415 3452 pro
1445 3387 1598 3440 suavi
1640 3391 1799 3443 odore
1835 3393 2037 3460 pulsis,
2082 3409 2128 3449 ct

2305 3403 2412 3456 Kal
2445 3403 2614 3458 ἔσται
2652 3401 2782 3456 ἀντὶ
2829 3396 3030 3468 ὀσμῆς
3069 3395 3276 3465 ἡδείας
3323 3383 3632 3461 κονιορτός
3657 3408 3670 3424 ο
3726 3390 3825 3444 καὶ

553 3491 648 3538 pro
698 3476 910 3545 cingulo
965 3475 1190 3546 cingeris
1238 3476 1515 3544 funiculo,
1580 3488 1632 3532 et
1682 3498 1777 3549 pro
1831 3497 2135 3541 ornamento

547 3566 737 3632 capitis
768 3581 958 3629 aureo,
993 3565 1266 3618 calvitium
1300 3562 1515 3622 habebis
1559 3579 1770 3635 promer
1803 3586 1960 3638 opera
1991 3582 2081 3627 tua
2117 3588 2136 3627 :

551 3669 598 3710 et
625 3673 720 3725 pro
751 3659 930 3710 tunica
973 3656 1194 3711 clavam
1228 3673 1480 3725 purpura:
1523 3661 1760 3716 accincta
1805 3664 1909 3716 eris
1961 3681 2135 3718 sacco.

559 3745 625 3799 Et
657 3747 804 3815 ﬁlius
837 3759 958 3801 tuus
1007 3747 1412 3817 pulcherrimus,
1447 3767 1597 3819 quem
1649 3763 1707 3806 tu
1756 3771 1926 3819 amas,
1963 3757 2138 3826 gladio

554 3841 809 3894 rancidet.
847 3839 914 3893 Et
951 3849 1293 3910 prapotentes
1323 3845 1483 3898 vestri
1513 3843 1694 3914 gladio
1712 3845 1924 3912 cadent,
1963 3863 2008 3902 et
2039 3851 2139 3903 Itu-

556 3925 704 3979 miles
743 3925 1048 3981 reddentur.
1089 3922 1384 3982 Plorabunt
1429 3944 1600 3998 capsa'
1651 3932 1832 3984 mundi
1878 3934 2054 3994 vestri.
2091 3945 2138 3989 et

556 4017 932 4090 rlerelinqueris
958 4018 1094 4086 sola,
1129 4028 1179 4075 et
1211 4020 1283 4075 ad
1308 4032 1503 4076 terram
1539 4020 1800 4077 allideris.

629 4302 746 4359 Non
779 4303 878 4358 abs
910 4321 967 4359 re
994 4307 1102 4372 hic,
1133 4316 1190 4361 ut
1221 4306 1391 4363 videri
1419 4318 1599 4379 potest
1641 4311 1936 4377 nonnullis,
1973 4312 2144 4367 subti-

561 4393 686 4450 liter
713 4395 896 4450 omnia
952 4397 1018 4451 ad
1070 4399 1248 4451 vivum
1283 4407 1482 4453 tractat
1525 4414 1707 4454 sermo
1760 4403 2141 4472 proiiheticus;

561 4487 654 4542 sed
689 4486 814 4542 dum
860 4489 1070 4560 singula
1119 4491 1170 4542 in
1231 4488 1379 4544 hisce
1423 4491 1727 4548 delicatulis
1765 4503 1820 4548 et
1875 4497 2146 4566 voluptate

561 4577 931 4634 diﬂlueulibus
958 4579 1175 4633 feminis
1206 4586 1394 4635 exacte
1432 4584 1796 4652 persequitur,
1840 4593 1950 4639 tum
1984 4602 2147 4642 orna-

565 4683 654 4727 tus
678 4671 909 4744 species,
944 4681 1057 4726 tum
1102 4671 1246 4742 ipsas
1275 4672 1536 4741 pristinas
1566 4673 1788 4729 delicias
1831 4691 1896 4732 ac
1937 4677 2143 4733 luxum.

2243 3493 2375 3548 ἁντὶ
2409 3492 2611 3561 (chr-nc,
2643 3483 2892 3563 σχοινίῳ
2937 3488 3112 3558 ζώσῃ,
3145 3488 3241 3542 καί
3269 3485 3404 3541 ἀντὶ
3438 3485 3546 3538 τοῦ
3593 3485 3828 3552 κόσμου

2245 3585 2354 3654 τῆς
2386 3583 2659 3654 κεφαλῆς
2705 3584 2812 3638 τοῦ
2848 3582 3106 3652 χρυσίου
3145 3577 3516 3649 φαιίάκρωμα
3544 3576 3702 3641 ἕξεις
3731 3575 3831 3628 διὰ

2245 3676 2316 3730 τὰ
2341 3675 2484 3745 ἔργα
2511 3691 2628 3730 σου
2655 3693 2667 3706 ·
2710 3674 2810 3728 καί
2838 3674 2972 3729 ἀντὶ
2999 3671 3105 3726 τοῦ
3135 3669 3384 3741 χιτῶνος
3406 3668 3513 3723 τοῦ
3537 3684 3827 3738 μεσοπορ-

2245 3769 2460 3837 φύρου,
2492 3764 2782 3836 περιζώσῃ
2811 3764 3064 3818 σάκκον.
3098 3762 3206 3818 Kal
3251 3764 3284 3816 δ
3315 3763 3446 3826 υἱός
3476 3777 3592 3813 σου
3623 3763 3655 3813 ό
3685 3759 3830 3813 κάλ-

2245 3861 2478 3924 λιστος.
2513 3857 2586 3911 ὃν
2611 3855 2691 3911 σὺ
2725 3854 2984 3926 ἀγαπᾷς,
3014 3853 3281 3925 μαχαίρᾳ
3307 3851 3593 3905 πεσεῖται.
3623 3850 3730 3904 Kal
3773 3851 3836 3903 οἱ

2249 3950 2563 4018 ἰσχύοντες
2583 3946 2749 4017 ὑμῶν
2759 3947 3028 4016 μαχαίρᾳ
3051 3943 3404 4005 πεσοῦνται,
3430 3941 3528 3996 καί
3555 3959 3834 3994 ταπεινω-

2250 4041 2558 4107 Οιὶσονται,
2592 4039 2688 4093 καὶ
2716 4037 3133 4106 πον-θήσουσιν
3159 4038 3219 4089 al
3246 4033 3419 4103 θῆκαι
3449 4033 3557 4087 τοῦ
3597 4035 3773 4102 κόσμε
3799 4051 3834 4085 υ

2249 4129 2440 4201 ὑμῶν,
2483 4130 2578 4184 καί
2626 4126 3082 4198 καταλειφθήση
3108 4129 3290 4198 μόνη,
3316 4125 3415 4180 καί
3461 4127 3547 4191 είς
3571 4124 3687 4192 τὴν
3718 4121 3838 4194 γῆν

2249 4220 2652 4291 ἐδαφισθήσῃ.

2322 4314 2397 4367 Οὐ
2435 4313 2611 4385 μάτην
2642 4313 2700 4364 ἐν
2729 4311 2940 4374 τούτοις
2975 4308 3138 4362 οἴοιτό
3181 4326 3265 4373 τις
3315 4309 3615 4380 ίσχνολογεῖ
3651 4307 3774 4361 λίαν
3807 4308 3838 4359 ὁ

2254 4406 2588 4478 προφητικὸς
2617 4405 2747 4475 ἡμῖν
2774 4402 2950 4472 λόγος,
2981 4403 3189 4456 ’ἕκαστα
3209 4403 3265 4455 δέ
3287 4402 3356 4454 τά
3383 4403 3501 4464 ταῖς
3521 4400 3836 4472 τρυφώσαις

2253 4496 2374 4550 καθ’
2411 4497 2601 4568 ἡδονὴν
2637 4496 2824 4548 δίεισιν
2851 4494 3094 4564 ἀκριϐῶς
3127 4496 3197 4547 τά
3225 4511 3282 4546 τε
3325 4494 3438 4562 εἴδη
3471 4491 3564 4546 τοῦ
3604 4494 3837 4562 κόσμου.

2255 4590 2348 4641 καὶ
2372 4588 2539 4651 αὑτὰς
2573 4587 2669 4650 τὰς
2719 4587 2886 4640 πάλαι
2931 4586 3163 4658 τρυφάς.
3201 4582 3336 4640 Εἶτα
3372 4588 3453 4640 ὅτι
3496 4585 3839 4656 συμϐήσεται

2254 4680 2432 4750 πάντη
2480 4697 2538 4733 τε
2587 4680 2680 4733 καὶ
2714 4682 2930 4744 παντως
2972 4679 3161 4734 παθεῖν
3189 4680 3358 4743 αὐτὰς
3388 4678 3635 4751 τὴντῶν
3664 4678 3838 4739 οὕτω,

563 4762 699 4822 Tum
723 4765 981 4834 quoniam
1016 4763 1163 4834 ipsas
1201 4764 1480 4835 continget
1514 4764 1600 4822 his
1639 4767 1861 4823 omnino
1899 4769 2128 4839 dcsﬁtui1

2248 4772 2479 4844 ἡδίστων
2530 4771 2822 4843 ἀποϐολὴν,
2881 4771 3186 4825 διακεῖσθαι
3250 4770 3503 4840 βούλεται
3555 4769 3840 4840 μονονουχὶ

566 4856 800 4910 morderi
833 4871 928 4912 eas
969 4868 1024 4911 et
1058 4856 1289 4912 cruciari
1322 4857 1435 4912 vult
1474 4873 1655 4915 rerum
1698 4861 1834 4917 adeo
1861 4861 2143 4933 iucundis-

564 4949 826 5004 sintaruln
861 4949 1221 5017 ademptione,
1257 4951 1586 5021 Iugeroribus
1624 4968 1792 5024 prope
1828 4959 2144 5024 conficiens,

564 5052 618 5098 et
670 5040 826 5111 quasi
853 5039 964 5110 jam
1014 5039 1241 5097 aﬂlictas
1297 5045 1347 5097 in
1402 5046 1719 5100 memoriam
1769 5049 2146 5120 prosperitatis

565 5137 842 5206 eleganter
892 5144 1140 5200 revocat,
1195 5145 1251 5189 ut
1305 5136 1603 5192 futurorum
1643 5143 2049 5211 exspecmtione
2093 5152 2148 5196 et

570 5227 870 5283 terroribus
919 5227 1042 5282 inde
1098 5228 1574 5298 provenientibus,
1638 5230 1748 5286 imo
1798 5233 2153 5290 intolerandis

566 5320 968 5377 calamitatibus
1007 5321 1264 5390 percellat
1315 5321 1686 5388 vehementer,
1745 5341 1853 5394 quo
1900 5342 1994 5381 eas
2044 5337 2151 5380 tra-

566 5411 813 5464 ducatad
853 5411 1220 5476 honestatem,
1254 5410 1685 5482 persuadeatque
1721 5415 1787 5467 ad
1825 5414 1916 5468 Dei
1955 5415 2148 5484 placita

567 5515 874 5558 recurrere.
926 5503 1213 5575 Continget
1267 5502 1447 5574 igitur,
1515 5521 1620 5559 non
1678 5504 1887 5571 solum,
1942 5505 2148 5568 inquit,

570 5603 767 5645 ornatu
813 5594 1015 5662 privari
1076 5613 1169 5651 cas
1217 5614 1336 5664 tunc
1382 5602 1458 5654 sic
1505 5598 1870 5663 luxuriatum,
1915 5605 2008 5653 Sed
2052 5598 2154 5654 erit

639 5748 686 5778 ¹⁰
723 5749 916 5806 Ezcvh.
956 5768 1064 5818 xw,
1099 5754 1253 5810 8-K».
1331 5758 1370 5788 “
1411 5757 1582 5813 lCor.
1625 5773 1675 5821 .v,
1721 5756 1782 5809 l9.

2256 4864 2538 4934 συντήκων
2572 4863 2652 4925 εἰς
2681 4861 2878 4930 λύπας,
2927 4863 3021 4917 καὶ
3055 4864 3134 4927 εἰς
3162 4863 3470 4934 ἀνάμνησιν
3514 4861 3613 4932 τῆς
3639 4860 3840 4930 εὑημε-

2256 4956 2376 5028 ρίας
2409 4956 2484 5019 ὡς
2518 4955 2618 5027 ἤδη
2651 4955 2929 5020 παθούσας
2957 4955 3307 5026 ἀνακομίξων
3342 4953 3594 5016 ἀστείως,
3643 4952 3733 5006 ἵνα
3775 4954 3840 5020 τῇ

2253 5049 2360 5104 τῶν
2394 5048 2668 5118 ἐσομένων
2692 5048 3008 5120 προσδοκίᾳ,
3039 5047 3268 5110 καὶτοῖς
3313 5043 3562 5100 ἐντεῦθεν
3599 5043 3842 5114 δείματι,

2259 5141 2459 5213 μᾶλλον
2510 5141 2567 5194 δέ
2611 5143 2706 5195 καὶ
2755 5143 3048 5212 ὰφορήτοις
3098 5141 3405 5212 συμφοραῖς
3455 5139 3844 5207 καταπτοήαας

2257 5232 2470 5306 γοργῶς
2507 5234 2821 5306 μεταστήσῃ
2869 5232 3005 5303 πρὸς
3055 5231 3374 5301 εὐκοσμίαν,
3434 5229 3526 5282 καὶ
3565 5229 3645 5290 εἰς
3675 5228 3739 5280 τὸ
3767 5226 3846 5295 τῷ

2257 5326 2376 5397 Θεῷ
2404 5325 2593 5380 δοκοῦν
2622 5325 2894 5399 ἀναπείσῃ
2922 5323 3327 5395 παλινδρομεῖν.
3359 5321 3708 5392 Συμϐήσεται
3737 5319 3846 5372 τοί-

2259 5430 2372 5476 νυν,
2409 5413 2592 5484 φησὶν,
2644 5414 2744 5467 οὑκ
2772 5413 2830 5466 ἐν
2863 5412 3001 5486 μόνῃ
3035 5416 3288 5483 στερήσει
3317 5410 3409 5463 τοῦ
3439 5410 3648 5478 κόσμου
3691 5407 3846 5477 γενέ-

2262 5504 2382 5558 σθαι
2415 5505 2512 5569 τὰς
2551 5503 2694 5558 οὕτω
2728 5504 3038 5577 τρυφώσας,
3087 5504 3222 5557 ἀλλὰ
3264 5502 3372 5574 γὰρ
3409 5502 3500 5554 καὶ
3539 5501 3694 5554 ἔσται
3726 5499 3847 5553 ἀντὶ

2259 5598 2432 5666 ὀσμῆς
2467 5597 2668 5668 ἡδείας,
2725 5599 3016 5668 κονιορτὸς,
3060 5595 3204 5649 τοῦτ’
3234 5594 3399 5650 ἔστιν,
3459 5592 3577 5646 ἀντὶ
3633 5592 3740 5644 τῶν
3772 5592 3844 5644 οἴη

1883 5757 1924 5787 δ’
1957 5755 2098 5810 Ρῖέίιι.
2144 5771 2291 5814 nix.
2315 5763 2371 5813 ς.
