4134 6304
381 375 487 432 ιεε

1505 373 1575 429 IN
1615 373 1853 436 ιεΑιΑιι
1892 375 2020 431 LIB.
2067 375 2107 428 Ι.
2143 369 2355 427 ORAT.
2393 368 2481 425 ill.

3545 362 3643 418 126

381 506 496 546 κων
525 489 633 546 τῶν
664 488 1100 562 τεθυμωμένων,
1135 490 1435 563 ὀδοιπορίαι
1484 492 1691 563 μακραὶ
1736 491 1831 546 καὶ
1860 507 1939 544 κο·

2059 489 2221 543 etiam
2262 489 2370 543 illis
2402 502 2503 555 pro
2540 486 2898 542 odoramento
2931 482 3084 540 suavi
3130 481 3294 545 cinis,
3329 481 3381 535 id
3410 489 3513 544 est,
3545 497 3644 551 pro

380 578 702 652 νιορτώδεις,
744 578 1172 650 ἀποφερομένων
1211 578 1392 633 αὐτῶν
1444 582 1525 643 είς
1576 579 1957 651 αίχμαλωσίαν

378 672 667 743 τρυφεροῖς
703 669 786 724 ἔτι
827 670 977 726 ποσί.
1004 669 1118 724 Καὶ
1150 669 1272 741 οὐχὶ
1313 669 1380 740 δὴ
1408 669 1569 724 τοῦτο
1606 672 1788 742 μόνον,
1818 671 1956 724 ἀλλά

378 762 489 835 γὰρ
514 763 604 817 καὶ
632 761 846 817 ἔσονται
874 763 969 817 καὶ
990 764 1049 817 ὲν
1069 764 1330 834 σχήματι,
1359 763 1452 817 καὶ
1482 764 1541 817 ιν
1569 764 1697 818 erm
1726 763 1806 835 τῷ
1831 762 1954 817 λίαν

371 853 725 926 ἀτιμυτάτῳ,
759 853 837 918 ὡς
862 855 986 908 ἀντὶ
1021 853 1198 923 ζώνης
1225 853 1438 925 χρυσῆς
1483 854 1701 925 σχοινιῳ
1733 855 1952 925 περιδε-

365 944 555 1002 δόσθαι
583 944 751 1018 μόνῳ,
804 944 900 1000 καὶ
938 947 999 999 ὲν
1030 943 1329 1017 γυμνότητι
1375 945 1623 1016 κεφαλῆς
1656 946 1824 1016 ἦγοιιν
1854 962 1956 1015 φα·

367 1036 714 1109 λακρώματι,
742 1037 921 1092 καίτοι
944 1038 1112 1092 πάλαι
1141 1040 1364 1110 χρυσοῖς
1386 1036 1684 1107 κοσύμϐοις
1702 1039 1956 1107 ἀνεσφιγ-

371 1126 557 1199 μόνης.
591 1131 830 1201 Ἄμφιον
872 1131 932 1185 δι
969 1130 1184 1185 δίδωσιν
1235 1130 1451 1196 αὐταῖς,
1477 1130 1507 1185 δ
1539 1132 1658 1195 ταῖς
1681 1129 1956 1200 αίχμαλὼ-

367 1233 487 1283 ταις
513 1219 746 1290 πρέπον,
764 1219 909 1291 παχύ
931 1236 991 1273 τε
1021 1221 1116 1275 καὶ
1138 1220 1379 1287 εὐτελὶς,
1399 1221 1428 1275 δ
1443 1222 1535 1275 καὶ
1548 1220 1803 1291 ὀνομάζει
1831 1220 1957 1275 σάκε-

366 1324 484 1371 κον,
530 1308 626 1362 καὶ
652 1309 813 1362 τοῦτο
841 1310 1036 1372 αὐταῖς
1077 1309 1200 1363 ἀντὶ
1227 1309 1323 1362 τοῦ
1351 1309 1760 1382 μεσοπορφύρου
1791 1309 1955 1381 χιτῶ-

366 1416 456 1464 νος
476 1400 572 1454 καὶ
591 1400 884 1472 τρυφερῶν
913 1400 1256 1471 ἐσθημάτων.
1273 1401 1614 1472 Πῳππάγει
1636 1401 1694 1456 δὲ
1715 1402 1951 1465 τούτοις,

366 1488 452 1541 δτι
480 1488 593 1542 Καὶ
626 1488 658 1541 ό
686 1488 804 1552 υἱός
836 1504 934 1542 σου
958 1491 988 1543 ό
1020 1488 1319 1554 κάλλιστος,
1348 1490 1406 1545 δν
1428 1492 1666 1563 ἀγαπᾷς,
1705 1492 1954 1564 μαχαίρᾳ

370 1581 641 1632 πεσεῖται.
677 1579 840 1641 Ἐθος
889 1579 1000 1650 γὰρ
1033 1583 1144 1644 τοῖς
1182 1581 1359 1634 ιλοῦσι
1402 1580 1556 1636 πόλιν
1588 1583 1622 1653 ἢ
1654 1581 1861 1655 χώραν,
1892 1582 1954 1649 ἐξ

370 1668 540 1739 αὐτῆς
568 1668 839 1740 ἁρπάζειν
877 1669 1057 1742 θήλεις
1098 1672 1192 1724 καὶ
1238 1672 1454 1726 κόλπων
1494 1674 1721 1745 μητρὸς,
1758 1676 1826 1728 τά
1865 1691 1952 1745 μισ

371 1762 484 1831 κρά
529 1779 588 1815 τε
633 1763 725 1816 καὶ
768 1763 1048 1817 ὑποτίτθια
1094 1764 1268 1836 βρέφη
1319 1766 1567 1837 φονεύειν
1615 1765 1818 1837 ὠμῶς,
1863 1766 1948 1818 ἵνα

2058 581 2313 636 domibus
2358 579 2588 643 snﬂitis,
2622 576 2988 648 profectiones
3036 573 3218 630 multa:
3264 582 3322 628 et
3388 572 3645 643 pulveru-

2058 670 2256 735 lentm,
2315 685 2438 724 cum
2496 670 2550 723 in
2603 667 2977 734 captivitatem
3027 663 3386 728 abducentur,
3418 663 3644 732 pedibus

2054 762 2236 817 adhuc
2273 762 2474 816 teneris
2513 771 2569 816 et
2595 758 2917 815 delicalulis.
2950 756 3058 812 Nec
3093 757 3145 811 id
3185 754 3379 819 solum,
3409 754 3502 810 sed
3535 756 3645 809 for-

2055 870 2143 910 ma
2196 867 2262 908 ac
2313 852 2499 922 specie
2546 860 2708 907 erunt
2735 866 2898 920 quam
2945 847 3330 917 alijectissinta,
3385 857 3444 901 ut
3494 862 3644 902 zona:

2052 960 2231 1000 aurea
2266 945 2404 1008 loco,
2435 943 2553 999 solo
2578 941 2708 998 ίιιιιο
2745 940 3214 1009 circumligentur,
3258 938 3643 1009 patienturqne

2055 1037 2356 1092 nuditatem
2384 1033 2603 1104 capitis,
2639 1031 2918 1087 calvitium
2946 1030 3177 1094 scilicet,
3213 1028 3340 1084 licet
3367 1028 3639 1095 quondam

2051 1128 2235 1184 aureis
2258 1125 2582 1198 capillorum
2610 1124 2768 1179 nodis
2798 1122 3107 1178 redimitum
3142 1119 3325 1176 fuerit.
3353 1117 3641 1174 Indumen-

2054 1230 2167 1276 tum
2205 1220 2372 1275 etiam
2425 1218 2521 1272 dat
2572 1216 2681 1272 illis
2732 1216 2952 1286 dignum
3000 1212 3253 1282 captivis,
3292 1225 3536 1266 crassum
3585 1217 3640 1265 et

2055 1310 2182 1374 vile,
2236 1308 2379 1379 quod
2431 1323 2652 1365 saccum
2702 1306 2965 1371 nominat,
3012 1303 3171 1372 idque
3207 1312 3514 1372 purpurata
3544 1315 3637 1355 ve—

2053 1403 2154 1456 stis
2185 1409 2241 1455 et
2264 1401 2396 1456 lauti
2426 1402 2659 1456 amictus
2684 1399 2823 1455 vice.
2861 1396 3153 1467 Subjungit
3182 1407 3377 1464 porro:
3399 1392 3466 1447 Et
3496 1392 3639 1446 illius

2054 1504 2178 1548 tuus
2202 1492 2626 1562 pulcherrimus,
2662 1504 2824 1560 quem
2865 1497 2919 1544 tu
2955 1487 3159 1558 diligis,
3188 1484 3367 1554 gladio
3395 1493 3634 1539 corruet.

2052 1584 2148 1640 Est
2179 1585 2325 1638 enim
2366 1582 2420 1638 id
2468 1582 2524 1636 in
2567 1595 2720 1636 more
2750 1580 2834 1636 his
2865 1579 2955 1649 qui
2995 1578 3274 1648 regionem
3303 1575 3525 1644 capiunt
3554 1575 3635 1629 vel

2054 1677 2267 1740 urbem,
2304 1674 2561 1744 parvulos
2588 1672 2657 1727 ab
2687 1649 2821 1740 ipsis
2851 1669 3110 1725 uberibus
3132 1677 3188 1724 et
3215 1681 3247 1722 e
3278 1665 3484 1736 gremio
3517 1680 3636 1720 ma-

2052 1771 2182 1835 tris,
2221 1780 2277 1825 et
2330 1769 2431 1825 sub
2467 1765 2772 1823 nutricibus
2814 1764 2952 1819 altos
2997 1759 3291 1817 infantulos
3336 1772 3526 1828 rapere
3578 1764 3635 1810 et

370 1842 634 1914 βαδίζοιεν
670 1847 727 1900 αί
759 1847 963 1902 τούτων
995 1848 1231 1921 μητέρες
1258 1851 1318 1903 οῦ
1361 1851 1815 1922 πεφορτισμέναι,
1857 1850 1939 1903 ml

2045 1863 2305 1919 occidere
2341 1859 2654 1923 crudeliter,
2688 1873 2798 1928 quo
2826 1858 2906 1912 ire
2938 1855 3149 1926 possint
3197 1861 3399 1906 matres
3445 1864 3632 1905 eorum

367 1935 446 2010 μὴ
464 1940 527 2008 τῇ
556 1937 659 1990 τῶν
687 1939 900 2009 νηπίων
922 1941 1162 2012 φροντίδι
1191 1942 1648 2013 κατηχθισμέναι.
1678 1939 1886 1995 Οὐκοῦν
1913 1941 1947 2012 ἢ

360 2028 501 2082 κατά
530 2028 718 2084 τοῦτον
745 2030 835 2084 τὸν
858 2032 1056 2102 τρόπον
1090 2034 1337 2105 μαχαίρᾳ
1370 2034 1656 2088 πεσεῖσθαί
1684 2050 1817 2104 φησι
1856 2032 1949 2086 τὸν

357 2119 640 2189 ἀγαπητὸν
671 2121 866 2185 αὐταῖς
893 2123 1024 2187 υἱὸν,
1060 2123 1092 2194 ἢ
1127 2124 1222 2177 καὶ
1249 2123 1454 2197 ἑτέρως
1485 2124 1818 2194 μαχόμενον,
1853 2124 1948 2176 καὶ

355 2213 422 2283 τῇ
456 2213 566 2265 τῶν
595 2213 877 2284 πολεμίων
911 2215 1182 2269 τεθνεῶτα
1219 2217 1386 2287 χειρί.
1413 2217 1713 2286 Πενθήσειν
1751 2233 1815 2285 γε
1839 2215 1947 2288 μὴν

355 2301 454 2366 τὰς
475 2302 652 2374 θήκας
682 2304 788 2376 ἔφη
814 2305 910 2359 τοῦ
937 2307 1142 2378 κόσμου
1171 2308 1371 2374 αὐτῶν,
1396 2309 1495 2379 οὐχ
1516 2309 1592 2372 ὠς
1613 2308 1727 2362 τῶν
1755 2307 1946 2379 αἰσθη-

354 2392 465 2446 τῶν
498 2393 682 2465 θηκῶν
714 2398 937 2452 πενθεῖν
964 2398 1300 2471 δυναμένων,
1328 2400 1537 2464 ἀλλ’ὡς
1569 2400 1636 2454 ἂν
1665 2400 1718 2453 εί
1743 2417 1828 2464 τις
1852 2400 1942 2453 λέ-

356 2499 445 2551 γοι
497 2485 592 2538 καὶ
638 2483 788 2541 οῐκον
838 2490 1051 2544 πενθεῖν
1088 2492 1303 2556 οὐδενὸς
1352 2491 1630 2554 οἰκοῦντος
1676 2492 1734 2545 ὲν
1774 2490 1939 2562 αὐτῷ.

358 2574 706 2644 Προσεπάγει
736 2576 800 2631 δὲ
826 2578 1037 2642 τούτοις
1073 2580 1158 2644 τὸ,
1192 2581 1304 2634 Καὶ
1336 2581 1745 2654 καταλειφθήσῃ
1782 2583 1938 2653 μόνη.

358 2662 454 2715 καὶ
480 2666 562 2728 είς
595 2667 700 2737 γῆν
731 2667 1091 2740 ὲδαφισθήσῃ,
1122 2668 1267 2723 τοῦτ’
1296 2669 1464 2735 ἔστιν,
1500 2670 1595 2742 ἔσῃ
1623 2689 1709 2735 τις
1734 2673 1941 2746 ἐλεεινὴ

358 2757 454 2810 καὶ
475 2758 921 2831 κατεῤῥιμμὲνη,
948 2761 1041 2814 καὶ
1057 2758 1168 2816 οἷον
1193 2766 1271 2823 είς
1291 2764 1397 2834 γῆν
1418 2765 1663 2836 κειμίνη.
1689 2766 1940 2833 Τοιοῦτος

357 2849 470 2920 γάρ
516 2867 638 2914 πως
679 2851 708 2905 ὁ
750 2851 862 2922 βίος
900 2853 1006 2907 τῶν
1043 2855 1102 2907 ἐν
1131 2855 1475 2928 αἰχμαλωσίᾳ
1508 2857 1602 2911 καὶ
1637 2858 1937 2930 ἀθλιότητι,

361 2941 458 2993 καὶ
484 2942 699 3014 σκληρᾷ
726 2944 818 2997 καὶ
845 2946 1099 3018 ἀφορήτφ
1131 2945 1360 3019 δουλείᾳ.
1398 2947 1689 3003 Πάνδεινον
1712 2946 1808 3004 οὖν
1829 2951 1938 3022 ἀρα

357 3031 423 3086 τὸ
447 3034 817 3106 προσκροῦσαι
845 3036 981 3107 Θεῷ,
1015 3037 1110 3092 καὶ
1147 3037 1244 3092 τοῦ
1274 3040 1333 3092 ὲν
1357 3038 1558 3111 ψυχαῖς
1592 3044 1937 3114 καταφρονῆ-

359 3141 451 3179 σαι
479 3127 721 3192 κάλλους.
749 3129 885 3194 Τοὺς
910 3130 1103 3201 γάρτοι
1129 3131 1251 3185 λίαν
1283 3133 1714 3198 ἀπονενευκότας
1747 3135 1842 3188 ἐπὶ
1872 3135 1935 3189 τὸ

355 3215 618 3289 ῥᾴθυμον,
650 3221 848 3282 παντὸς
881 3220 1126 3292 ἐξίστησι
1160 3223 1368 3294 κόσμου
1402 3224 1552 3287 Θεὸς,
1583 3224 1742 3296 δῆλον
1768 3226 1825 3279 δὲ
1850 3227 1933 3281 ὅτι

348 3308 442 3361 τοῦ
483 3308 700 3380 νοητοῦ,
741 3312 837 3365 καὶ
878 3314 1120 3383 γυμνοὺς
1156 3314 1442 3385 ἀποφήνας
1477 3317 1700 3382 ἀπάσης
1728 3320 1935 3390 ἀρετῆς

350 3399 690 3470 παραδίδωσι
714 3403 827 3464 τοῖς
854 3403 1086 3474 ἐχθροῖς.
1119 3402 1277 3458 υῦτω
1302 3405 1482 3476 φαμὶν
1508 3407 1755 3462 δεδόσθαι
1782 3409 1936 3474 τινὰς

349 3491 429 3554 είς
464 3491 721 3562 ἀδόκιμον
745 3492 891 3559 νοῦν,
927 3495 1024 3548 κα)⁸
1052 3496 1132 3560 είς
1164 3495 1316 3566 πάθη
1339 3497 1580 3569 ἀτιμίας.
1611 3501 1935 3571 Συνέχοντος

352 3582 451 3652 μὲν
493 3582 604 3655 γάρ
643 3586 791 3656 ἡμᾶς
819 3587 917 3650 μείς
952 3587 1113 3656 ἰσχὺν
1150 3589 1250 3659 τὴν
1294 3592 1673 3664 πνευματικὴν
1704 3593 1800 3646 τοῦ
1840 3594 1935 3646 ἐπὶ

353 3674 560 3738 πάντας
589 3675 746 3741 Θεοῦ,
766 3676 1106 3748 διασώζομεν
1134 3679 1192 3732 ὲν
1221 3681 1433 3745 ἑαυτοῖς
1469 3682 1529 3736 τὸ
1555 3682 1810 3756 λαμπρὸν
1837 3686 1934 3755 τῆς

353 3764 490 3830 ιδίας
519 3764 734 3835 φύσεως
760 3768 973 3833 κάλλος.
1013 3770 1365 3840 ’Λφιστάντος
1383 3774 1439 3828 δὲ
1468 3774 1566 3847 τὴν
1589 3776 1930 3846 ἐπικουρίαν,

351 3859 550 3929 γυμνοὶ
587 3850 652 3932 δὴ
691 3860 907 3926 πάντως
942 3862 1181 3934 ἐσόμεθα
1206 3866 1406 3931 παντὸς
1438 3866 1669 3936 ἀγαθοῦ,
1706 3871 1798 3923 καὶ
1824 3871 1934 3923 τῶν

350 3947 410 4013 ἐξ
446 3949 650 4024 ἀρετῆς
684 3951 1021 4024 αὐχημάτων
1060 3955 1425 4022 ἀποϐαλόντες
1465 3959 1568 4030 τὴν
1599 3958 1928 4031 ὡραιότητα,

348 4043 462 4104 τοῖς
499 4043 602 4113 τῆς
630 4043 855 4114 ἀτιμίας
883 4046 1112 4100 πάθεσιν
1138 4049 1562 4122 ὑποκεισόμεθα,
1594 4051 1688 4106 καὶ
1709 4052 1930 4107 δουλεύ-

353 4147 518 4202 σομεν
540 4133 774 4206 ἐχθροῖς.

423 4223 534 4279 Kal
605 4226 1005 4298 ἐπιλήψονται
1062 4232 1214 4288 ἑπτὰ
1271 4234 1556 4303 γυναῖκες
1614 4235 1931 4305 ἀνθρώπου

347 4315 508 4383 ἑνὸς,
554 4316 865 4388 λέγουσαι·
900 4322 1009 4375 Τὸν
1037 4321 1221 4391 ἄρτον
1257 4322 1430 4393 ήμῶν
1468 4325 1794 4397 φατόμεθα.
1830 4327 1931 4382 καί

348 4407 420 4462 τὰ
463 4408 662 4479 ἱμάτια
691 4411 862 4481 ἡμῶν
894 4415 1384 4486 περιϐαλώμεθα.
1433 4416 1604 4486 πλὴν
1637 4417 1705 4471 τὸ
1743 4418 1932 4488 ὄνομα

2051 1969 2156 2007 non
2201 1962 2437 2015 onustm,
2479 1965 2581 2006 nec
2613 1948 2963 2020 parvulorum
3009 1947 3246 2017 pondere
3278 1957 3503 2013 pressae.
3538 1939 3634 1997 Vel

2046 2057 2181 2112 ergo
2214 2043 2295 2096 sic
2332 2039 2507 2109 gladio
2543 2051 2863 2093 occasurum
2897 2035 2976 2090 ait
3011 2035 3270 2090 dilectum
3324 2032 3432 2102 72
3484 2032 3632 2100 ipsa-

2048 2149 2167 2188 rum
2222 2132 2412 2194 ﬁlium,
2445 2129 2531 2184 vel
2563 2129 2728 2184 etiam
2768 2129 2821 2182 in
2863 2126 3051 2197 ιιι-ωηο
3083 2133 3140 2180 et
3190 2123 3429 2179 hostium
3467 2137 3633 2175 manu

2047 2222 2418 2281 interfectum.
2460 2219 2781 2276 Ploraturaa
2803 2227 2983 2274 autem
3012 2216 3146 2273 dicit
3176 2215 3388 2270 arculas
3410 2222 3634 2267 ornatus

2045 2317 2313 2386 ipsarum,
2344 2328 2450 2369 non
2493 2313 2650 2382 quasi
2690 2326 2852 2368 sensu
2889 2309 3126 2380 praedita:
3171 2308 3282 2361 sint
3319 2304 3539 2368 arculm,
3575 2316 3632 2356 ιιι

2043 2407 2258 2477 plorare
2300 2402 2547 2475 possint,
2577 2402 2672 2460 sed
2698 2400 2926 2472 perinde
2962 2413 3028 2455 ac
3060 2399 3106 2455 si
3134 2398 3331 2454 dixerit
3363 2395 3629 2464 quispiam

2044 2498 2227 2568 lugere
2267 2497 2514 2563 domum,
2548 2508 2672 2550 cum
2706 2507 2866 2549 nemo
2895 2492 2949 2548 in
2994 2507 3060 2549 ea
3091 2489 3321 2546 habitet.
3370 2486 3631 2542 Producit

2042 2597 2115 2654 ad
2151 2597 2264 2653 bmc
2293 2604 2351 2652 et
2380 2594 2514 2651 illud
2541 2611 2559 2651 :
2586 2592 2932 2662 Relinqueris
2957 2588 3100 2654 sola,
3143 2596 3199 2642 et
3247 2585 3301 2639 in
3333 2593 3533 2639 terram
3563 2582 3629 2634 ad

2042 2690 2406 2764 pavimentum
2451 2685 2837 2758 prosterneris,
2890 2683 2943 2738 id
2983 2689 3091 2744 est,
3152 2679 3350 2734 misera
3406 2675 3514 2730 eris
3575 2682 3631 2729 et

2042 2785 2315 2856 proiecta,
2351 2788 2407 2837 et
2435 2781 2582 2836 velut
2610 2777 2759 2834 humi
2798 2774 3014 2844 iacens.
3051 2771 3178 2828 liae
3209 2769 3477 2840 siquidem
3514 2764 3630 2820 fere

2038 2885 2124 2932 est
2168 2875 2276 2928 vita
2320 2885 2510 2929 eorum
2555 2868 2648 2939 qui
2690 2866 3026 2936 captivitate,
3067 2865 3161 2933 qui
3213 2859 3492 2926 aerumnis,
3533 2863 3627 2928 qui

2038 2980 2231 3037 aspera
2261 2974 2320 3021 et
2359 2959 2684 3019 intolerabili
2718 2957 2980 3014 servitute
3008 2960 3346 3025 premuntur.
3382 2952 3478 3007 Est
3529 2950 3630 3020 igi-

2040 3067 2126 3112 tur
2162 3055 2578 3128 gravissimum,
2630 3051 2796 3105 Deum
2827 3046 3128 3109 olfendere,
3182 3053 3239 3099 et
3286 3042 3453 3098 animi
3508 3042 3629 3111 pulo

2038 3147 2401 3203 chritudinem
2472 3138 2844 3209 parviducere.
2895 3136 2999 3205 Qui
3070 3134 3218 3190 enim
3278 3132 3511 3203 ignavia
3568 3146 3628 3186 se

2039 3237 2242 3292 dedunt
2270 3244 2327 3290 et.
2360 3230 2594 3304 torpori,
2627 3245 2722 3285 eos
2778 3229 2925 3285 Deus
2965 3224 3114 3282 omni
3155 3231 3347 3279 ornatu
3396 3221 3612 3292 spoliat,

2035 3327 2245 3383 scilicet
2269 3325 2468 3381 mentis
2496 3332 2551 3379 et
2578 3322 2909 3386 intellectus,
2945 3333 3009 3375 ac
3041 3319 3187 3374 omni
3215 3317 3416 3372 virtute
3453 3315 3627 3378 nuda-

2036 3428 2124 3476 tos
2165 3417 2332 3473 tradit
2369 3417 2643 3472 hostibus.
2694 3415 2772 3470 ita
2815 3414 3046 3469 dicimus
3081 3410 3296 3480 aliquos
3340 3410 3394 3464 in
3439 3422 3630 3478 repro-

2043 3509 2168 3564 bam
2213 3521 2450 3563 mentem
2487 3515 2542 3561 et
2590 3505 3025 3577 perturbationes
3074 3501 3464 3573 ignominiosas
3517 3509 3629 3555 tra-

2032 3599 2179 3654 ditos
2249 3611 2392 3655 esse.
2465 3597 2597 3650 Dum
2660 3595 2806 3651 enim
2860 3594 3002 3649 Deus
3066 3591 3158 3662 qui
3218 3605 3383 3659 super
3436 3603 3625 3645 omnes

2035 3690 2176 3746 Deus
2198 3699 2304 3756 est,
2340 3704 2438 3744 nos
2473 3691 2669 3744 robore
2706 3685 2978 3757 spirituali
3014 3683 3258 3739 continet
3298 3693 3352 3738 et
3383 3692 3625 3745 coercet.

2036 3783 2332 3837 retinemus
2386 3781 2439 3834 in
2500 3780 2657 3834 nobis
2723 3776 3068 3849 Splendidam
3125 3775 3363 3845 propriae
3419 3785 3626 3828 naturae

2034 3875 2308 3930 decorem.
2339 3870 2434 3926 Sin
2485 3885 2644 3941 opem
2678 3884 2832 3927 suam
2882 3869 3191 3930 subtrahat,
3224 3865 3482 3920 denu-lati
3514 3865 3611 3918 eri-

2035 3983 2157 4024 mus
2182 3967 2434 4023 ontnibus
2477 3964 2632 4020 bonis
2680 3963 3082 4029 virtutibusque
3109 4001 3127 4027 ,
3158 3968 3214 4014 et
3251 3959 3458 4025 abiecta
3491 3956 3616 4025 pul-

2034 4059 2373 4121 chritudine,
2403 4057 2563 4112 lat-dis
2602 4055 2891 4111 aﬂ‘ectibus
2921 4052 3361 4112 succumbemus,
3399 4063 3464 4104 ac
3509 4063 3624 4104 ser-

2035 4149 2247 4203 vlemns
2272 4144 2542 4200 hostibus.

2106 4237 2239 4291 Car.
2274 4236 2359 4290 IV.
2406 4234 2570 4288 Vens.
2607 4233 2659 4286 l.
2705 4229 2769 4285 Et
2815 4231 3203 4300 apprehenderat
3249 4231 3495 4286 utulieres
3547 4247 3624 4285 se-

2032 4342 2172 4399 ptem
2205 4343 2365 4381 ιιηιιιιι
2412 4327 2608 4389 cirum,
2649 4324 2877 4378 dicentes
2905 4335 2925 4375 :
2962 4322 3165 4379 Panem
3210 4332 3450 4379 nostrum
3498 4322 3623 4377 edc-

2035 4439 2180 4484 mus,
2240 4427 2289 4472 ιι
2341 4416 2656 4472 vestimentis
2731 4418 2925 4472 nostris
2999 4418 3328 4486 aperientur;
3384 4426 3624 4471 tantm-

347 4500 415 4554 τὸ
445 4503 564 4555 σὸν
582 4502 899 4569 κεκλήσθω
917 4504 1011 4575 ἐφ’
1029 4505 1208 4576 ἡμᾶς,
1239 4507 1428 4577 ἄφελε
1451 4508 1558 4563 τὸν
1579 4511 1926 4581 ὀνειδισμὸν

2042 4515 2182 4567 nodo
2215 4527 2397 4566 nomen
2434 4520 2583 4564 tuum
2623 4525 2781 4578 super
2813 4526 2908 4567 nos
2943 4520 3178 4575 vocetur,
3218 4509 3374 4577 aufer
3397 4510 3627 4564 dedecus

347 4585 536 4656 ἡμῶν.

417 4681 761 4750 Διαπεράνας
792 4677 850 4736 εὖ
885 4683 1032 4753 μάλα
1073 4684 1166 4738 τὸν
1193 4684 1371 4756 λόγον,
1407 4690 1501 4743 ἐπί
1538 4707 1601 4759 γε
1633 4694 1752 4757 ταῖς
1792 4694 1925 4746 ’1ου-

342 4767 512 4823 δαίων
540 4770 752 4837 γυναιξὶ
776 4773 895 4836 ταῖς
924 4777 989 4828 ὲκ
1017 4775 1230 4845 τρυφῆς
1261 4778 1355 4833 καὶ
1385 4778 1615 4834 πλούτου
1648 4781 1926 4853 βαδιουμέ-

342 4878 465 4924 ναις
487 4862 570 4923 εἰς
600 4862 993 4933 αίχμαλωσίαν,
1024 4869 1281 4937 πειρᾶται
1302 4869 1586 4938 δεικνύειν,
1622 4874 1702 4927 ὅτι
1734 4873 1925 4928 κέναν-

340 4953 455 5023 δροι
487 4951 591 5022 μὲν
613 4953 671 5006 αἱ
698 4952 800 5023 τῆς
832 4954 1090 5021 Ἰουδαίας
1111 4960 1445 5029 ἀπομενοῦσι
1472 4962 1674 5028 πόλεις,
1710 4963 1924 5017 ἔσονται

338 5044 398 5098 δὲ
452 5044 548 5098 καὶ
591 5047 654 5099 ὲν
704 5045 899 5101 σπάνει
939 5047 1106 5121 πολλῇ
1143 5050 1252 5104 τῶν
1289 5053 1455 5107 πάλαι
1501 5056 1923 5125 μαχιμωτάτων.

344 5136 491 5208 Ἔφη
507 5137 639 5210 γάρ,
659 5139 743 5192 ὅτι
766 5157 785 5191 ‹
807 5140 1016 5205 Πάντες
1036 5144 1086 5197 oi
1106 5144 1381 5215 ἰσχύοντες
1401 5146 1430 5198 ὑ
1437 5146 1555 5216 μῶν
1573 5148 1817 5220 μαχαίρᾳ
1834 5166 1929 5202 πε-

337 5227 582 5282 σοῦνται.
598 5248 617 5283 ι
652 5229 787 5284 Ποία
806 5249 892 5296 τις
910 5227 1003 5287 οὖν
1025 5226 1100 5287 ὧν
1120 5235 1302 5307 ἕφηνή
1319 5237 1482 5302 δεῖξις
1499 5254 1513 5303 ;
1544 5239 1760 5307 εὐφυῶς
1787 5240 1926 5310 ἀγαν

335 5321 434 5373 καὶ
459 5320 693 5386 ἀστείως
713 5325 1121 5397 ἐσκευασμένη.
1145 5329 1330 5398 Νόμου
1351 5332 1460 5403 γὰρ
1475 5332 1541 5402 δὴ
1570 5333 1667 5385 τοῦ
1687 5333 1775 5387 διὰ
1794 5337 1924 5389 Μω-

345 5410 482 5474 σέως
508 5411 763 5483 λέγοντος
789 5417 902 5480 τοῖς
935 5418 1070 5482 υἱοῖς
1120 5419 1357 5491 Ἰσραὴλ,
1395 5440 1414 5472 ι
1446 5424 1559 5476 Οὐκ
1585 5424 1736 5478 ἔσται
1764 5426 1820 5478 ἐν
1843 5444 1924 5481 σοι

341 5502 538 5569 ἄγονος
575 5506 697 5559 οὐδὲ
738 5509 948 5580 στείρα⁸
983 5530 1002 5561 ι
1043 5513 1101 5564 ὲν
1148 5513 1396 5584 ὲσχάτοις
1422 5515 1744 5586 ὀνειδισμοῖς
1776 5520 1921 5588 παρὰ

341 5595 456 5656 τοῖς
496 5594 770 5662 Ἰουδαίοις
792 5598 1069 5669 λελόγιστο
1095 5604 1152 5656 τὸ
1176 5609 1404 5672 γυναῖκα
1436 5608 1508 5678 μὴ
1535 5612 1735 5673 τεκεῖν,
1760 5611 1922 5679 ἤγουν

412 5750 453 5778 ⁶¹
487 5751 639 5803 υιῚΙῖ.
671 5768 767 5815 γιι,
803 5754 880 5807 Η.

2032 4612 2288 4656 nostrum.

2104 4692 2331 4747 Pulchre
2391 4689 2504 4759 jam
2558 4688 2816 4745 conclusa
2878 4689 3128 4744 oratione
3196 4690 3263 4742 de
3311 4685 3627 4741 Judteorum

2031 4784 2366 4847 mulieribus,
2404 4790 2626 4852 propter
2660 4779 2843 4833 luxtim
2873 4788 2928 4833 et.
2949 4777 3281 4846 opulentiam
3307 4777 3360 4830 in
3393 4779 3624 4847 captivi-

2031 4885 2197 4930 tatem
2234 4873 2512 4938 venturis,
2563 4869 2860 4926 ostendere
2904 4876 3137 4923 conatur
3214 4865 3414 4923 Judaze
3461 4871 3626 4925 urbes

2033 4967 2165 5022 viris
2197 4966 2363 5021 orbas
2391 4976 2698 5024 mansuras,
2739 4958 2855 5014 fore
2887 4958 3053 5012 etiam
3085 4960 3308 5014 multant
3343 4961 3623 5015 hominum

2033 5058 2306 5128 quondam
2351 5051 2836 5108 bellacissimorum
2885 5048 3143 5117 inopiam.
3196 5049 3331 5104 Nam
3365 5051 3577 5104 dixerat
3608 5069 3623 5102 :
3657 5049 3669 5104 ι’

2038 5167 2060 5203 ι
2097 5149 2300 5206 Omnes
2349 5143 2705 5215 praevalentes
2751 5140 2895 5196 inter
2922 5155 3019 5196 vos
3065 5141 3244 5211 gladio
3277 5152 3552 5196 corruent.
3599 5160 3623 5192 ι

2032 5246 2102 5298 At
2131 5257 2251 5310 qua:
2297 5241 2512 5294 tandem
2547 5248 2630 5293 est
2665 5237 2859 5293 horum
2889 5248 3008 5305 quae
3034 5235 3148 5289 dixi
3190 5233 3618 5287 demonstratio?

2032 5335 2200 5390 Valde
2221 5341 2548 5403 Opportuna,
2579 5343 2635 5388 et
2686 5332 2822 5388 scite
2866 5329 3133 5386 instituta.
3169 5325 3307 5380 (lqu
3334 5325 3478 5379 enim
3532 5324 3616 5376 lex

2032 5441 2128 5496 per
2171 5427 2349 5484 Mosen
2379 5426 2527 5482 dicat
2562 5427 2686 5480 liliis
2726 5423 2888 5481 Israel
2918 5440 2933 5478 :
2963 5440 2983 5476 ι
3024 5418 3140 5474 Non
3175 5417 3283 5472 erit
3317 5416 3370 5470 in
3402 5425 3453 5469 te
3485 5414 3614 5469 orba

2031 5536 2208 5589 ηείιιιθ
2268 5518 2475 5576 sterilis
2515 5517 2582 5581 ⁸³,
2621 5537 2641 5570 ι
2679 5515 2917 5569 maximo
2952 5510 3151 5584 probro
3191 5508 3417 5563 dabatur
3474 5503 3612 5570 apud

2033 5611 2244 5665 ,ίιιιιιιιοδ
2288 5609 2568 5664 “mlierem
2604 5622 2708 5661 non
2753 5617 2971 5673 parcre,
3020 5601 3113 5657 vel.
3160 5600 3212 5654 iu
3249 5599 3378 5654 viris
3433 5596 3626 5649 hum-ri
