4132 6316
525 359 627 418 127

1547 362 1606 418 S.
1646 362 1920 420 CYBILLI
1962 363 2434 421 ALEXANDRINI
2471 365 2786 422 AECHIEP.

3673 359 3784 417 {23

523 483 615 550 qui
676 480 867 536 liberis
909 490 1186 545 carerent;
1247 484 1429 537 statim
1475 485 1618 539 enim
1677 485 1784 539 illis
1830 484 2000 540 τηειρ
2049 493 2098 538 et

2203 484 2396 552 ἄγονον
2419 481 2558 540 εἷναί
2586 503 2708 538 τινα
2735 483 2843 538 τῶν
2875 483 3172 536 τελούντων
3205 481 3264 533 ιν
3289 477 3570 550 ἀνδράσιν.
3611 478 3788 542 Εὐθὺς

523 572 728 627 sterilis
761 573 967 628 macula
995 574 1170 628 inusta
1210 583 1314 630 est.
1351 576 1513 644 Atqui
1542 577 1838 644 spiritualis
1869 577 1984 633 διες
2015 579 2098 633 lex

523 675 663 719 erat.
721 664 974 718 Promisit
1025 667 1169 718 enim
1208 666 1584 720 universorum
1649 669 1790 724 Deus
1848 672 2098 727 Israt-Iem

528 753 942 822 intelligibilem,
992 753 1097 807 hoc
1138 763 1244 815 est,
1278 768 1509 810 mentem
1543 757 1706 812 Deum
1737 763 2102 829 cantemplan-

529 857 661 905 tem.
685 844 1076 898 infructuosam
1103 859 1208 899 non
1232 845 1349 900 fore
1365 861 1464 901 nec
1477 849 1734 913 sterilem,
1753 853 1846 906 sed
1869 853 2097 910 fertilem

526 936 726 1004 potius,
768 936 940 988 instar
972 937 1186 990 eximia:
1223 938 1505 1008 cujusdam
1540 956 1604 995 ac
1636 940 1876 998 fecunda:
1919 955 2095 1002 terrm.

527 1026 632 1096 73
683 1026 874 1080 \‘ernnt
924 1028 1027 1082 boc
1076 1028 1246 1083 Judaei
1310 1034 1606 1088 secundum
1666 1050 1884 1091 carnem
1945 1038 2102 1092 intel-

527 1119 784 1188 ligebant.
816 1122 1092 1176 Anitnales
1117 1125 1320 1192 quippe
1355 1135 1534 1191 erant,
1565 1128 1816 1194 spiritum
1865 1144 1971 1183 non
2005 1131 2100 1184 ba-

529 1211 738 1266 bentes.
768 1212 885 1266 Erit
923 1214 1131 1283 itaque,
1169 1216 1363 1286 inquit,
1398 1226 1548 1272 tanta
1582 1234 1678 1288 per
1715 1221 1990 1289 regionem
2022 1223 2100 1276 ri-

529 1317 715 1355 rorum
763 1305 994 1370 raritas,
1041 1305 1181 1360 bello
1226 1323 1416 1363 sexum
1466 1321 1754 1377 vastante,
1802 1325 1859 1366 ut
1894 1325 2098 1383 septem

527 1395 805 1460 mulieres,
845 1411 1040 1464 nempe
1075 1400 1294 1464 multa},
1347 1417 1456 1456 uno
1493 1405 1612 1458 viro
1641 1408 1979 1474 apprehenso
2019 1409 2100 1462 di-

525 1492 699 1537 ctura:
729 1485 839 1538 sint
864 1499 883 1539 :
913 1504 932 1537 ι
957 1485 1160 1547 Panem
1185 1501 1428 1546 nostrum
1456 1495 1820 1564 comedemus,
1852 1507 1908 1552 et
1944 1499 2101 1553 vesti-

524 1573 631 1628 bus
678 1577 880 1633 nostris
933 1583 1262 1648 operiemur,
1297 1598 1362 1659 ac
1401 1587 1620 1642 nomine
1675 1600 1766 1643 tuo
1820 1605 2095 1658 vocemur,

528 1664 683 1718 aufer
712 1669 946 1725 dedecus
975 1682 1274 1727 nostrum.»
1313 1675 1538 1731 Videsne
1561 1692 1656 1733 eas
1683 1682 1932 1735 orbitatis
1961 1684 2098 1736 infa-

529 1758 692 1808 miam
733 1759 1112 1829 extimescere,
1137 1773 1191 1817 et
1229 1767 1377 1820 orbae
1404 1781 1468 1820 ac
1495 1770 1695 1825 sterilis
1731 1787 1926 1826 nomen
1957 1774 2100 1828 refu-

2201 574 2312 645 γὰρ
2345 576 2529 639 αὐτοῖς
2575 575 2605 626 6
2636 574 2736 644 τῆς
2771 572 2965 641 ἀγόνου
3009 571 3105 624 καὶ
3138 569 3358 641 στείρας
3392 567 3790 640 προσετρίϐετο

2205 666 2415 737 μῶμος.
2445 669 2554 721 Καὶ
2577 666 2944 738 πνευματικὸς
2974 665 3073 734 μὲν
3095 665 3124 716 6
3148 663 3310 732 νόμος
3340 658 3427 732 ἦν.
3478 663 3781 730 Ἐπηγγέλο

2201 759 2324 812 λετο
2347 760 2456 831 γὰρ
2483 762 2514 812 ό
2532 760 2642 813 τῶν
2667 760 2803 813 ὅλων
2825 759 2957 822 Θεὸς
2993 759 3074 811 ὅτι
3106 758 3135 808 6
3156 755 3348 826 νοητὸς
3380 754 3614 826 Ἰσραὴλ,
3642 755 3788 808 τοῦτ’

2156 864 2164 872 ν
2199 845 2340 914 εστι,
2373 849 2496 911 νοῦς
2536 849 2677 920 ὁρῶν
2710 848 2872 909 Θεὸν,
2911 845 3013 898 οὐκ
3037 846 3285 914 ἄκαρπος
3311 843 3487 906 ἔσται,
3526 841 3651 895 οὔτε
3681 842 3791 894 ἁπ-

2200 940 2613 1009 εστειρωμένος,
2638 940 2912 1008 ἔγκαρπος
2934 935 2992 988 δὲ
3016 933 3218 1004 μᾶλλον
3253 934 3348 985 καὶ
3389 932 3462 1002 γῆ
3486 949 3570 994 τις
3598 931 3790 1004 ὥσπερ

2202 1030 2342 1101 καλὴ
2370 1030 2464 1083 καὶ
2489 1029 2786 1100 ἐξαίρετος.
2815 1027 2961 1098 Πλὴν
3001 1026 3182 1078 ἐνόουν
3211 1025 3452 1078 Ἰουδαῖοι
3485 1026 3787 1094 σαρκικῶς,

2200 1121 2424 1191 ψυχικοὶ
2451 1121 2560 1192 γὰρ
2579 1116 2742 1189 ἦσαν,
2773 1118 2992 1188 πνεῦμα
3019 1117 3095 1187 μὴ
3110 1117 3346 1187 ἔχοντες.
3377 1117 3567 1168 Ἔσται
3588 1117 3787 1181 τοίνυν,

2201 1213 2389 1283 φησὶν,
2441 1210 2678 1282 τοσαύτη
2727 1210 2920 1271 σπάνις
2962 1209 3208 1279 ἀρρένων
3247 1206 3388 1260 κατὰ
3434 1208 3534 1278 τὴν
3581 1206 3787 1280 χώραν,

2199 1303 2612 1372 δαπανήσαντος
2638 1301 2733 1356 τοῦ
2766 1301 3003 1371 πολέμου
3023 1299 3085 1354 τὸ
3107 1299 3282 1368 γένος,
3315 1300 3390 1362 ὼς
3421 1300 3561 1354 ἑπτὰ
3594 1305 3787 1367 γυναῖ-

2201 1411 2304 1456 κας
2341 1394 2460 1463 ἦτοι
2487 1386 2685 1456 πολλὰς
2719 1393 2838 1456 ἐνὸς
2869 1392 3061 1462 ἀνδρὸς
3091 1390 3555 1461 ἐπιλαμϐάνεσθαι
3581 1393 3673 1444 καὶ
3704 1391 3792 1444 λέ-

2201 1499 2340 1553 γειν’
2379 1503 2399 1536 ι
2450 1483 2553 1537 Τὸν
2588 1487 2750 1555 ἄρτον
2781 1483 2942 1554 ἡμῶν
2987 1481 3296 1552 φαγόμεθα,
3341 1484 3435 1536 καὶ
3469 1483 3530 1534 τὸ
3573 1483 3789 1550 ἱμάτιον

2203 1574 2361 1644 ἡμῶν
2403 1574 2862 1644 περιϐαλούμεθα·
2899 1574 3040 1644 πλὴν
3075 1573 3136 1626 τὸ
3170 1573 3344 1642 ὄνομα
3370 1574 3433 1626 τὸ
3463 1573 3554 1628 σὺν
3584 1575 3788 1644 κεκλή-

2203 1668 2317 1721 σθω
2346 1669 2430 1734 ἐφ’
2465 1669 2634 1738 ἡμᾶς,
2662 1667 2852 1736 ἄφειλε
2890 1671 2981 1720 τὸν
3005 1666 3307 1736 ὀνειδισμὸν
3340 1666 3516 1736 ἡμῶν.
3559 1684 3579 1718 ι
3627 1667 3790 1737 Ὁρᾷς

2203 1761 2351 1824 ὅπως
2371 1759 2600 1815 δεδείασι
2630 1763 2728 1830 τῆς
2758 1760 2980 1824 ἀτοκίας
3001 1759 3092 1812 τὸν
3111 1758 3435 1828 ὀνειδισμὸν,
3475 1761 3570 1812 καὶ
3599 1760 3660 1812 τὸ
3687 1762 3790 1830 τῆς

526 1848 700 1916 gere?
738 1850 1015 1907 Accedunt
1057 1857 1204 1910 enim
1239 1873 1343 1912 non
1385 1873 1640 1916 consueta
1675 1876 2005 1932 quaerentes,
2044 1878 2098 1920 et

2199 1854 2394 1922 ἀγόνου
2426 1856 2519 1908 καὶ
2548 1855 2767 1925 στείρας
2801 1853 3192 1924 παραιτοῦνται
3227 1852 3399 1921 ὄνομα
3427 1851 3580 1918 λίαν;
3605 1854 3787 1922 Προσ-

522 1950 645 2005 quae
667 1939 835 1994 moris
865 1951 952 1996 est
986 1957 1183 2000 uxores
1207 1961 1235 1998 a
1276 1949 1490 2005 maritis
1519 1953 1770 2021 accipere
1801 1954 1926 2026 (sibi
1956 1958 2098 2011 enim

527 2027 582 2081 in
616 2029 718 2084 hoc
749 2032 883 2087 satis
904 2035 1347 2104 suppeditaturas
1383 2040 1498 2112 fore
1524 2044 1758 2114 dicunt),
1790 2048 1883 2100 sed
1913 2057 2103 2117 petunt

527 2129 921 2194 tantummodo,
959 2132 1410 2199 quemadmodum
1448 2136 1578 2200 dixi,
1609 2148 1662 2191 ut
1700 2140 1918 2193 tollatur
1940 2142 2104 2196 dede-

523 2230 642 2270 cus.
667 2216 858 2288 Specta
883 2235 1010 2277 vero
1035 2223 1164 2277 mibi
1186 2225 1342 2294 hujus
1365 2229 1632 2283 sermonis
1655 2230 2096 2300 profunditatem.

525 2304 581 2358 Si
635 2308 778 2361 enim
838 2310 989 2367 dives
1044 2313 1237 2370 fuisset
1274 2319 1365 2386 qui
1426 2322 1735 2389 rogabatur,
1786 2323 2099 2391 neutiquam

523 2397 787 2455 dixissent
851 2405 1153 2462 mulieres:
1201 2408 1399 2465 Panem
1461 2424 1704 2466 nostrum
1755 2415 1998 2476 edemus,
2047 2425 2099 2471 el

526 2491 764 2547 vestibus
809 2498 1010 2552 nostris
1051 2501 1378 2568 aperientur.
1428 2503 1535 2558 Sed
1591 2507 1847 2574 quoniam
1906 2517 2102 2562 norant

524 2583 615 2648 qni
641 2599 704 2636 es
736 2585 873 2639 bello
917 2590 1118 2642 servati
1155 2602 1282 2645 sunt
1313 2602 1370 2647 et
1397 2594 1482 2647 vix
1516 2594 1840 2664 elﬂIgeraut,
1870 2599 1936 2652 ad
1973 2600 2096 2652 ulti-

531 2688 675 2726 suam
712 2677 970 2733 recidisse
1003 2682 1432 2749 mendicitatem,
1463 2697 1519 2740 et
1563 2688 1614 2741 in
1659 2704 1850 2762 magna
1898 2691 2100 2746 versari

528 2764 773 2831 miseria,
806 2771 1033 2834 omnino
1053 2773 1190 2827 nihil
1220 2787 1508 2844 quaerunt;
1551 2778 1654 2833 hoc
1690 2781 1866 2835 solum
1889 2793 2099 2852 peluttl,

527 2865 734 2910 matres
764 2872 886 2913 esse
907 2860 1224 2917 liberorum.
1261 2865 1330 2919 Et
1361 2867 1475 2921 bac
1501 2878 1586 2923 est
1629 2870 1890 2925 historica
1928 2878 2103 2927 oratio

527 2945 810 3003 hactenus.
833 2950 1162 3023 Detorquent
1181 2965 1360 3010 autem
1391 2959 1608 3027 quidam
1632 2962 1814 3015 nescio
1835 2965 2102 3033 quomodo

526 3040 579 3094 id
625 3043 766 3110 quod
799 3047 1138 3115 propositum
1181 3056 1266 3103 est
1302 3050 1368 3102 ad
1418 3052 1907 3107 considerationem
1949 3055 2103 3121 spiri-

2200 1945 2452 2016 έρχονται
2481 1946 2589 2016 γὰρ
2628 1947 2689 1999 οὐ
2715 1944 2784 1999 τὰ
2812 1945 3016 2016 συνήθη
3051 1943 3360 2015 ζητοῦντες,
3393 1944 3488 1996 καὶ
3516 1945 3615 1997 ὅσα
3635 1945 3789 2015 ὃέχε·

2203 2038 2330 2092 σθαι
2366 2038 2581 2107 γυναιξὶ
2613 2038 2763 2109 παρὰ
2809 2037 2918 2090 τῶν
2961 2037 3354 2091 συνοικούντων
3391 2036 3531 2101 ἔθοςο
3563 2038 3790 2100 ἑαυταῖς

2201 2132 2311 2205 γὰρ
2339 2131 2594 2202 ἀρκέσειν
2635 2133 2716 2194 εἰς
2743 2129 2902 2184 τοῦτό
2943 2148 3125 2200 φασιν.
3161 2130 3373 2184 αἰτοῦσι
3410 2131 3466 2184 δὲ
3500 2130 3682 2200 μόνον,
3712 2129 3789 2194 ὡς

2201 2224 2359 2294 ἔφην,
2397 2223 2490 2278 τοῦ
2529 2223 2836 2294 ὀνειδισμοῦ
2877 2225 2976 2295 τὴν
3009 2224 3317 2294 ἀφαίρεσιν.
3357 2221 3548 2292 Ἀθρει
3589 2221 3654 2292 δὴ
3695 2217 3790 2276 οῦν

2200 2314 2295 2368 τοῦ
2318 2315 2478 2383 λόγου
2511 2314 2571 2366 τὸ
2605 2313 2786 2384 βάθος.
2818 2315 2881 2367 El
2917 2313 3016 2382 μὲν
3039 2314 3144 2383 γὰρ
3175 2312 3428 2374 πλούσιος
3451 2308 3522 2384 ἦν
3555 2315 3582 2366 6
3609 2329 3793 2382 παρα-

2202 2407 2559 2478 καλούμενος.
2599 2407 2698 2459 οὐκ
2737 2405 2804 2458 ἂν
2836 2405 3043 2474 Εφασαν
3083 2406 3141 2457 αἱ
3170 2406 3446 2471 γυναῖκες’
3488 2403 3592 2456 Τδν
3624 2404 3792 2474 ἄρτον

2203 2497 2358 2569 ἡμῶν
2413 2495 2739 2566 φαγόμεθα,
2792 2496 2888 2548 καὶ
2950 2494 3011 2547 τὸ
3073 2495 3284 2564 ἱμάτιον
3341 2491 3499 2564 ἡμῶν
3555 2492 3789 2562 περιόαο

2203 2587 2462 2658 λούμεθα.
2499 2586 2718 2655 Ἐπειδὴ
2739 2585 2799 2638 δὲ
2829 2586 2976 2638 ἴσασι
2998 2584 3124 2648 τοὺς
3143 2586 3208 2637 ὲκ
3233 2583 3326 2636 τοῦ
3351 2583 3588 2654 πολέμου
3617 2599 3788 2637 σεσω-

2206 2677 2438 2746 σμένους
2483 2678 2577 2729 καὶ
2617 2675 2978 2743 διαφυγόντας
3009 2674 3160 2745 μόλις
3191 2676 3250 2726 ὲν
3275 2675 3482 2744 ἐσχάτῃ
3521 2675 3787 2736 πεσόντας

2206 2767 2481 2838 πτωχείᾳ,
2515 2767 2612 2820 καὶ
2662 2766 2860 2838 πολλὴν
2916 2767 3138 2836 ἔχοντας
3187 2765 3504 2835 ἀθλιότητα.
3563 2764 3786 2834 ζητοῦσι

2206 2861 2305 2932 μὲν
2329 2861 2459 2931 παρ’
2482 2861 2661 2912 αὐτῶν
2683 2859 2961 2923 παντελῶς
2987 2858 3162 2921 οὐδὲν,
3189 2857 3399 2911 αἰτοῦσι
3434 2857 3489 2910 δὲ
3541 2858 3700 2926 μόνον
3723 2857 3788 2910 τὸ

2201 2954 2408 3007 τέκνων
2437 2952 2690 3021 γενέσθαι
2724 2952 2962 3022 μητέρες
3006 2952 3114 3004 Καὶ
3139 2955 3167 3004 6
3201 2950 3299 3020 μὲν
3329 2949 3487 3018 λόγος
3509 2950 3610 3020 τῆς
3638 2951 3786 3003 ἱστο-

2207 3045 2328 3116 ρίας
2349 3048 2408 3098 ὲν
2429 3043 2664 3106 τούτοις.
2700 3042 3119 3112 Ἀποκομίζουσι
3144 3042 3200 3094 δὲ
3229 3041 3289 3095 τὸ
3320 3043 3682 3113 προκείμενον
3706 3044 3786 3105 εἰς

526 3130 746 3200 tualetn,
784 3150 889 3189 non
949 3151 1082 3193 sane
1142 3141 1275 3194 satis
1308 3153 1458 3196 recte
1487 3159 1500 3195 :
1537 3142 1736 3212 alioqui
1771 3147 1917 3198 enim
1949 3144 2095 3198 omni

2203 3136 2434 3208 θεωρίαν
2457 3135 2854 3205 πνευματικὴν,
2873 3135 2973 3187 οὐκ
3003 3129 3098 3186 οἷδ’
3125 3135 3294 3197 ὅπως,
3325 3134 3465 3197 τινὲς
3493 3135 3554 3186 οὐ
3580 3134 3790 3203 σφόδρα

521 3219 681 3278 laude
714 3225 862 3294 digni
891 3238 1096 3282 essent.
1138 3228 1418 3299 Siquidem
1455 3244 1708 3287 asserunt
1740 3246 1945 3302 septem
1977 3251 2100 3288 tnu-

523 3312 684 3368 lieres
729 3326 933 3384 septem
986 3333 1108 3374 esse
1158 3322 1405 3390 spiritus,
1450 3325 1625 3378 virum
1683 3325 1880 3380 deinde
1934 3342 2098 3380 unum

525 3404 828 3461 Christum.
883 3408 1018 3462 Tum
1066 3411 1268 3472 decora
1314 3427 1504 3481 parum
1546 3418 1860 3482 observato,
1892 3428 2099 3486 septem

525 3501 752 3569 spiritus
782 3501 932 3556 aiunt
960 3505 1010 3558 ei
1046 3504 1268 3560 dicere:
1298 3506 1466 3560 Aufer
1490 3509 1726 3563 dedecus
1756 3521 2019 3578 nostrum,
2047 3520 2102 3566 et

524 3609 718 3661 panem
767 3603 1008 3650 nostrum
1045 3599 1290 3665 edemus,
1315 3608 1368 3654 et
1400 3602 1637 3658 vestibus
1666 3604 1866 3658 nostris
1893 3605 2103 3674 aperie-

525 3702 666 3739 ntur.
702 3687 1025 3758 Quanquam
1063 3703 1161 3744 cur
1200 3693 1378 3760 potius
1419 3707 1524 3745 non
1563 3694 1873 3758 dicendum,
1898 3704 2099 3764 septem

524 3779 776 3834 mulieres
805 3781 1003 3836 multas
1047 3798 1169 3838 esse
1203 3785 1433 3850 animas,
1467 3801 1585 3855 quae
1623 3797 1676 3841 et
1715 3787 1988 3843 Clu-istum
2020 3803 2103 3844 re-

523 3880 789 3939 ceperunt
841 3885 939 3942 per
989 3875 1189 3939 iident,
1220 3891 1338 3944 qua:
1391 3877 1562 3945 ipsttm
1605 3889 1664 3932 nt
1715 3894 1906 3948 panem
1951 3891 2099 3935 etut

527 3974 732 4017 vestem
768 3965 961 4019 salutis
994 3976 1262 4035 quierunt,
1296 3977 1348 4022 et
1380 3970 1446 4022 ab
1479 3969 1593 4040 ipso
1617 3970 1849 4024 fructum
1879 3973 2102 4042 petunt?

522 4052 650 4107 'l'ale
667 4055 808 4108 enim
825 4055 952 4125 quid
979 4058 1142 4111 etiam
1162 4058 1352 4112 beatus
1379 4060 1546 4114 David
1563 4059 1754 4115 extulit
1769 4061 1836 4116 de
1855 4063 2098 4119 omnium

525 4143 816 4202 Servatore
845 4148 1064 4204 Christo
1098 4168 1109 4204 :
1145 4169 1163 4202 ι
1195 4151 1294 4216 Qui
1329 4152 1576 4208 habitare
1613 4154 1739 4208 facit
1771 4155 2009 4210 sterilem
2047 4157 2100 4211 iu

521 4241 681 4292 domo
717 4249 942 4295 matrem
985 4253 1202 4313 pzopter
1243 4244 1379 4300 filios
1431 4245 1700 4302 laetantem
1731 4248 1795 4299 δι.
1837 4267 1854 4300 s
1897 4247 2102 4302 Dicitur

520 4342 650 4381 vero
674 4330 916 4383 sterilem
944 4334 1240 4399 parituram
1270 4337 1567 4404 srptem,id
1593 4347 1678 4392 est
1705 4339 1890 4391 multa.
1931 4337 2100 4393 Variae

523 4427 651 4474 sunt
683 4435 914 4490 namque
939 4423 1184 4488 virtutes,
1205 4439 1315 4478 non
1337 4441 1461 4488 una,
1492 4427 1600 4481 imo
1630 4429 1832 4494 multae,
1869 4442 2096 4497 quarum

517 4522 725 4567 matres
755 4520 882 4568 sunt
909 4514 1104 4568 animae
1131 4529 1252 4582 quae
1280 4527 1462 4568 amant
1493 4515 1680 4570 Deum.

594 4767 898 4832 Vsas.2,3.
925 4767 1022 4823 Die
1049 4785 1166 4823 vero
1184 4762 1276 4824 illo
1306 4772 1594 4840 splendebit
1622 4773 1756 4828 Deus
1788 4776 1843 4829 in
1879 4780 2100 4835 consilio

521 4878 640 4915 cum
667 4862 834 4932 gloria
850 4879 1007 4929 super
1029 4875 1220 4917 terram
1252 4865 1322 4918 ad
1343 4865 1686 4920 excitandum
1717 4878 1765 4922 et
1800 4870 2098 4938 gloriﬁcau-

519 4958 647 5008 dum
683 4956 948 5008 residuum
990 4954 1182 5011 Israel.
1215 4955 1285 5011 Et
1321 4959 1444 5024 erit,
1469 4961 1610 5029 quod
1657 4961 1912 5031 reliquum
1937 4963 2096 5031 fuerit

515 5049 572 5100 itt
615 5043 767 5112 Sion,
803 5058 852 5101 et
899 5048 1036 5119 quod
1083 5051 1391 5104 remanserit
1438 5050 1492 5102 in
1540 5048 1838 5106 Jerusalem
1869 5067 1888 5106 :
1924 5056 2094 5109 sancti

513 5139 839 5194 tacebuntur
866 5157 1044 5197 omnes
1076 5145 1164 5212 qui
1203 5145 1368 5198 vocati
1398 5154 1519 5198 sunt
1563 5147 1631 5199 ad
1662 5149 1820 5201 situm
1850 5147 1902 5201 iu
1927 5146 2091 5203 Jeru-

515 5234 704 5291 salem.

588 5327 698 5398 74
751 5330 888 5396 Quia
933 5332 1210 5401 ambigunt
1270 5334 1490 5404 quidam
1558 5352 1792 5407 quonam
1853 5349 2097 5408 tempore

518 5420 632 5472 haec
689 5435 808 5489 qua:
853 5423 922 5477 de
969 5423 1276 5479 Judaeorum
1339 5427 1658 5485 mulieribus
1717 5432 1832 5485 sive
1876 5432 1942 5485 de
1985 5441 2093 5484 tota

517 5525 705 5564 eorum
743 5518 961 5585 regione
1007 5535 1103 5590 per
1132 5537 1320 5578 vocem
1366 5525 1642 5593 propheta:
1675 5526 1931 5596 przetlicta
1967 5535 2094 5580 sunt

517 5603 792 5669 evenient,
820 5616 1004 5661 utrum
1032 5619 1156 5667 ante
1185 5613 1265 5668 vel
1285 5623 1406 5684 post
1429 5615 1737 5674 Servatoris
1764 5617 2051 5674 adventum
2075 5635 2087 5671 :

588 5763 633 5794 ’δ
668 5757 805 5813 l‘sal.
839 5775 972 5822 exn,
1007 5765 1062 5817 9.

2202 3229 2482 3292 ποιοῦντες
2528 3227 2724 3298 ὀρθῶς·
2773 3227 2806 3297 ἢ
2859 3226 2968 3297 γὰρ
3019 3225 3086 3278 ἂν
3138 3226 3360 3278 ἐπαίνου
3400 3224 3598 3287 παντὸς
3644 3221 3790 3296 ἦσαν

2201 3321 2360 3388 ἄξιοι.
2394 3320 2533 3373 Φασὶ
2564 3320 2672 3389 γὰρ
2710 3313 2852 3372 εἶναι
2888 3316 3028 3371 ἑπτὰ
3067 3317 3168 3380 τὰς
3210 3319 3492 3386 γυναῖκας,
3530 3315 3598 3369 τὰ
3643 3317 3791 3370 ὲπτά

2203 3414 2507 3484 πνεύματα·
2536 3410 2824 3482 ἄνθρωπόν
2852 3427 2917 3480 γε
2964 3409 3068 3481 μὴν
3095 3411 3194 3464 ενα
3230 3409 3319 3463 τδν
3357 3409 3610 3480 Χριστόν.
3653 3407 3790 3464 Εἶτα

2202 3505 2296 3558 τοῦ
2338 3505 2638 3576 πρέποντος
2675 3503 2834 3572 ὀλίγα
2865 3505 3308 3577 πεφροντικότες,
3343 3504 3411 3558 τὰ
3451 3505 3594 3559 ἑπτὰ
3622 3505 3790 3558 πνεύ-

2205 3598 2353 3666 ματά
2380 3615 2511 3666 φασι
2537 3597 2714 3666 λέγειν
2737 3595 2930 3659 οὕτως·
2951 3597 3148 3665 Ἀφελε
3165 3598 3257 3650 τὸν
3281 3597 3582 3666 ὀνειδισμὸν
3607 3596 3788 3668 ἡμῶν,

2203 3691 2297 3744 καὶ
2326 3691 2418 3744 τὸν
2457 3692 2620 3763 ἄρτον
2648 3691 2810 3761 ἡμῶν
2841 3689 3146 3761 φαγόμεθα,
3179 3690 3275 3743 καὶ
3305 3691 3373 3744 τὰ
3405 3691 3595 3761 ἱμάτια
3630 3690 3792 3760 ἡμῶν

2203 3782 2663 3853 περιόαλούμεθα.
2699 3783 2891 3837 Καίτοι
2928 3782 3046 3845 πῶς
3073 3783 3176 3836 οὐκ
3205 3782 3426 3853 ἄμεινον
3449 3783 3646 3843 εἰπεῖν,
3687 3784 3790 3845 τὰς

2203 3875 2342 3927 ἑπτὰ
2364 3878 2629 3942 γυναῖκας
2655 3875 2852 3938 πολλὰς
2877 3870 3018 3928 εἶναι
3036 3873 3233 3944 ψυχὰς,
3263 3875 3319 3929 αἳ
3344 3874 3436 3928 καὶ
3459 3875 3790 3927 ὲπελάόοντο

2201 3964 2288 4017 διὰ
2323 3965 2556 4028 πίστεως
2601 3966 2696 4020 τοῦ
2729 3965 2986 4036 Χριστοῦ,
3022 3967 3184 4019 αὐτὸν
3213 3965 3288 4030 ὡς
3328 3966 3492 4037 ἄρτον
3523 3964 3787 4037 ζητοῦσαι

2203 4055 2297 4107 καὶ
2315 4055 2390 4118 ὠς
2416 4056 2630 4125 ἱμάτιον
2662 4057 2952 4128 σωτηρίου,
2979 4057 3184 4111 καὶτὸν
3207 4058 3303 4110 ἀπ’
3329 4055 3493 4109 αὑτοῦ
3523 4054 3788 4126 ζητοῦσαι

2203 4148 2433 4218 καρπόν.
2477 4149 2730 4204 Τοιοῦτον
2754 4150 2863 4221 γάρ
2889 4168 2942 4203 τι
2981 4151 3076 4203 καὶ
3113 4152 3141 4203 6
3170 4149 3442 4220 μακάριος
3480 4148 3584 4219 ἔφη
3621 4147 3788 4201 Δαϐὶδ

2202 4239 2332 4308 περὶ
2357 4239 2454 4294 τοῦ
2489 4241 2706 4294 πάντων
2735 4242 2986 4310 Σωτῆρος
3017 4240 3277 4312 Χριστοῦ-
3309 4261 3326 4292 t
3371 4239 3428 4295 '0
3459 4239 3792 4303 κατοικίζων

2202 4329 2422 4400 στείραν
2468 4332 2527 4383 ιν
2567 4329 2699 4401 οἴκῳ
2752 4329 2964 4401 μητέρα
3006 4330 3212 4384 τέκνων
3257 4331 3712 4400 εὐφραινομένην.
3763 4347 3782 4380 s

2202 4420 2431 4491 Εὕρηται
2492 4422 2548 4474 δὲ
2611 4423 2704 4475 καὶ
2769 4423 2960 4492 στείρα
3024 4425 3202 4476 τεκεῖν
3250 4423 3413 4487 ἑπτὰ,
3470 4421 3618 4475 τοῦτ’
3673 4422 3790 4473 ἔστι

2131 4513 2179 4572 ι)
2206 4511 2394 4564 πολλὰ.
2456 4512 2712 4584 Διάφοροι
2781 4513 2890 4582 γὰρ
2944 4513 3157 4582 ἀρεταὶ,
3221 4513 3316 4565 καὶ
3362 4513 3424 4565 οὐ
3481 4511 3579 4581 μία
3647 4510 3784 4581 μᾶλ-

2209 4602 2326 4668 λον,
2387 4603 2524 4656 ἀλλὰ
2591 4599 2903 4668 πολλαὶ,ὦν
2962 4605 3069 4656 εἰσι
3133 4603 3369 4674 μητέρες
3433 4606 3489 4655 αἱ
3549 4603 3788 4671 φιλόθεοι

2204 4691 2397 4761 ψυχαί.

2282 4785 2364 4854 Τῇ
2391 4785 2460 4840 δὲ
2487 4787 2674 4856 ἡμέρᾳ
2695 4788 2898 4856 ἐκείνῃ
2924 4787 3249 4857 ἐπιλάμψει
3271 4792 3304 4842 ό
3335 4788 3478 4854 Θεὸς
3496 4787 3787 4856 ὲνβουλῇ

2198 4879 2350 4951 μετὰ
2379 4881 2567 4947 δόξης
2594 4880 2692 4934 ἐπὶ
2721 4879 2856 4949 γῆς,
2885 4881 2991 4936 τοῦ
3023 4879 3261 4949 ὑψῶσαι
3292 4881 3391 4934 καὶ
3417 4879 3679 4944 δοξάσαι
3718 4880 3786 4933 τὸ

2204 4973 2601 5042 καταλειφθὲν
2638 4971 2744 5027 τοῦ
2783 4972 3039 5040 Ἰσραήλ.
3089 4971 3199 5026 Καὶ
3232 4973 3403 5026 ἔσται
3435 4972 3502 5024 τὸ
3541 4975 3786 5026 ὑπολει-

2201 5065 2353 5135 φθὲν
2400 5065 2470 5118 ἐν
2512 5062 2685 5130 Σιὼν,
2720 5062 2818 5116 καὶ
2847 5063 2912 5116 τὸ
2941 5062 3340 5128 καταλειφθὲν·
3375 5061 3445 5113 ὲν
3486 5061 3788 5128 Ἰερουσαι

2198 5157 2324 5224 λήμ
2357 5174 2369 5188 ’
2420 5156 2576 5224 ἅγιοι
2627 5153 3040 5222 κληθήσονται
3093 5152 3316 5216 πάντες
3357 5153 3411 5204 οι
3460 5151 3788 5218 κληθέντες

2201 5252 2289 5316 εις
2317 5247 2470 5316 ζωὴν·
2493 5249 2563 5301 ἐν
2602 5245 3016 5315 Ἰερουσαλήμ.

2288 5339 2698 5403 Ἐνδοιαζόντων
2730 5337 2889 5391 τινῶν
2918 5336 3060 5390 κατὰ
3105 5335 3260 5388 ποῖον
3304 5331 3457 5386 ἔσται
3489 5332 3681 5400 καιρὸν
3718 5330 3786 5384 τὰ

2202 5433 2295 5487 ἐπί
2324 5449 2388 5502 γε
2415 5435 2532 5494 ταῖς
2573 5431 2682 5484 τῶν
2715 5429 2981 5484 Ἰουδαίων
3014 5426 3280 5497 γυναιξὶν,
3318 5425 3437 5495 ἦτοι
3464 5425 3650 5492 πάσης
3675 5425 3778 5478 αὑ-⁸

2198 5525 2309 5578 τῶν
2361 5525 2459 5596 τῆς
2505 5523 2689 5595 χώρας
2727 5519 3246 5594 προανηγορευμένα
3277 5517 3368 5570 διὰ
3395 5517 3494 5586 τῆς
3525 5514 3622 5568 τοῦ
3650 5529 3786 5584 προ-

2201 5619 2374 5687 φήτου
2408 5617 2611 5687 φωνῆς,
2648 5616 2851 5684 πότερα
2880 5615 2986 5686 πρὸ
3022 5615 3120 5684 τῆς
3149 5611 3244 5667 τοῦ
3293 5609 3548 5681 Σωτῆρος
3591 5606 3784 5677 ἐπιδηο
