4134 6304
536 350 630 405 131

1569 348 1627 403 S.
1669 343 1947 402 CYIULLI
1989 342 2462 402 ALEXANDRINI
2502 345 2820 403 ARCHIEP.

3696 345 3799 403 ιδὶ

536 472 727 536 salem,
756 476 811 524 et
850 442 1197 523 ornabuntur
1222 454 1229 455 ί
1251 464 1443 537 gloria,
1480 475 1533 521 et
1564 466 1665 522 hoc
1694 477 1750 522 et
1802 467 1857 521 in
1901 466 2107 522 caelesti

2226 465 2632 538 ’Υψωθήσονται
2682 464 2845 519 πάλιν
2871 462 2919 518 οι
2954 462 3065 517 υίοὶ
3093 461 3341 535 Ἰσραήλ·
3378 459 3799 533 δοξασθήσονται

536 564 679 616 libro
731 561 963 617 describi
1000 559 1369 625 merebuntur,
1390 559 1519 613 licet
1579 559 1911 629 impietatem
1970 559 2112 614 haud

533 654 880 709 mediocriter
916 652 1281 715 exercuerint,
1320 650 1611 720 prophetas
1635 650 1956 717 occiderint,
1991 650 2114 705 mis-

534 760 626 799 sos
671 743 938 814 lapidibus
984 744 1292 809 obruerint,
1333 745 1507 815 ipsum
1554 744 1771 798 demum
1828 741 2112 798 Christum

533 836 691 891 morti
741 835 1085 901 tradiderint,
1112 850 1408 906 eorumque
1467 851 1659 889 manus
1720 834 1983 904 sanguine
2027 849 2114 889 re-

532 928 910 982 dundaverint.
949 926 1088 994 Quid
1130 928 1293 996 igitur
1333 927 1636 997 propheta?
1665 944 1684 978 ι
1712 927 1866 981 Eluet
1925 926 2112 980 Domi-

533 1034 653 1083 nus,
710 1018 903 1089 inquit,
962 1019 1151 1074 sordes
1202 1019 1434 1073 filiorum
1497 1028 1552 1072 et
1603 1018 1837 1072 filiarum
1875 1019 2031 1083 Sion,
2059 1027 2115 1073 et

530 1111 850 1180 sanguinem
909 1111 1289 1181 expurgabite
1323 1111 1502 1164 medio
1552 1125 1763 1174 eorum,
1802 1110 1856 1164 in
1918 1110 2113 1178 spiritu

525 1201 712 1271 jndicii
769 1210 825 1256 et
871 1201 1063 1269 spiritu
1116 1202 1350 1254 ardoris.
1380 1219 1398 1251 ι
1435 1200 1786 1268 Deliqnerunt
1842 1200 2112 1269 siquidem

530 1294 669 1351 citra
700 1291 1157 1355 controversiam,
1177 1290 1494 1361 jnstilicavit
1523 1306 1653 1344 vero
1697 1305 1889 1345 omnes
1944 1290 2115 1360 gratia

528 1403 630 1459 per
684 1386 990 1447 Christum,
1026 1385 1378 1454 ipsorumque
1436 1381 1846 1438 interfectorum
1897 1392 2115 1453 peccata

530 1477 805 1532 oblivione
822 1476 1087 1546 sepelivit.
1126 1475 1390 1529 Nimirum
1412 1485 1467 1529 et
1488 1475 1700 1531 divinus
1727 1473 2113 1531 Petrusludai-

528 1582 653 1620 cum
680 1566 935 1636 populum
969 1565 1165 1621 aliatur
1190 1566 1388 1620 alicubi
1418 1566 1637 1622 dicens:
1668 1584 1688 1618 ι
1729 1560 1835 1622 Vos
1857 1564 2114 1621 Sanctum

531 1668 585 1711 et
604 1654 829 1711 Justum
859 1658 1120 1726 negastis,
1157 1666 1212 1711 et
1242 1641 1530 1727 ﬂagitastis
1563 1657 1888 1712 homicidam
1922 1655 2114 1710 donari

527 1752 686 1804 vobis
707 1750 773 1803 ⁵⁸.
816 1767 835 1800 ι
874 1750 1081 1803 Alicubi
1118 1748 1313 1803 iterum
1346 1766 1359 1803 :
1395 1768 1413 1801 ι
1442 1749 1508 1804 Et
1542 1764 1703 1813 nunc,
1735 1749 1949 1814 fratres,
1990 1747 2114 1802 novi

2214 557 2295 623 δὲ,
2325 558 2417 612 καὶ
2460 558 2561 630 τὴν
2598 557 2713 611 ἀνω
2755 554 3108 627 κερδανοῦσιν
3137 554 3487 625 ἀπογραφὴν,
3513 554 3689 608 καίτοι
3714 554 3803 608 δε-

2213 646 2614 720 δυσσεϐήκασιν
2658 647 2720 699 ού
2768 645 3029 717 μετρίως,
3069 643 3403 699 ἀπεκτόνασι
3430 644 3557 706 τοὺς
3583 644 3801 715 προφήο

2214 755 2335 803 τας,
2384 738 2768 809 ἐλιθοϐόλησαν
2812 739 2937 799 τοὺς
2980 735 3446 806 ἀπεσταλμένους,
3495 736 3590 789 καὶ
3638 735 3801 791 αὑτὸν

2212 829 2271 883 δὲ
2296 827 2655 891 τελευτῶντες
2684 826 3016 898 προσέθεσαν
3038 825 3129 878 τὸν
3164 823 3417 896 Χριστὸν,
3454 824 3550 878 καὶ
3568 825 3799 894 γεγόναο

2218 935 2302 972 σιν
2327 917 2592 972 αὐτῶνοαί
2621 920 2802 989 χεῖρες
2833 917 3063 987 αἵματος
3093 916 3341 987 πλήρεις.
3373 914 3438 968 Τί
3484 910 3577 968 οὖν
3609 917 3638 968 ό
3666 932 3796 987 προσ
3858 953 3868 961 -

2217 1011 2427 1081 φήτης;
2482 1009 2830 1074 (Ἐκπλυνεῐ,
2868 1026 2888 1060 ι
2953 1007 3126 1079 φησὶ,
3181 1024 3200 1059 ι
3234 1004 3439 1076 Κύριος
3483 1005 3576 1058 τὸν
3631 1005 3804 1076 ῥύπον

2214 1102 2325 1155 τῶν
2354 1101 2506 1167 υίῶν,
2531 1102 2625 1155 καὶ
2655 1101 2765 1154 τῶν
2794 1098 3111 1171 θυγατέρων
3141 1098 3300 1161 Σιὼν,
3331 1097 3508 1151 καὶτὸ
3537 1091 3679 1167 αἷμα
3710 1098 3803 1150 ὲκ-

2217 1194 2470 1266 καθαριεϊ
2507 1194 2571 1246 ὲκ
2614 1192 2779 1263 μέσου
2811 1190 3012 1257 αὐτῶν,
3042 1194 3099 1245 ὲν
3141 1190 3414 1261 πνεύματι
3438 1189 3673 1262 κρίσεως
3703 1192 3802 1243 καὶ

2217 1290 2276 1340 ὲν
2328 1287 2597 1357 πνεύματι
2643 1285 2911 1349 καύσεως.
2941 1303 2961 1338 ι
3012 1282 3521 1356 Πεπλημμελήκασι
3558 1283 3655 1354 μὲν
3689 1280 3803 1354 γὰρ

2216 1378 2688 1449 ὁμολογουμένως·
2718 1376 2954 1431 ἐδικαίου
2997 1377 3054 1431 δὲ
3098 1377 3307 1439 πάντας
3354 1377 3388 1445 ἡ
3440 1375 3599 1445 χάρις
3641 1376 3674 1446 ἡ
3712 1362 3803 1429 διὰ

2218 1470 2478 1542 Χριστοῦ,
2509 1471 2603 1523 καὶ
2636 1468 2818 1532 αὐτοῖς
2851 1468 2908 1521 δὲ
2937 1470 3051 1532 τοῖς
3094 1467 3483 1537 πεφονευκόσιν
3518 1466 3805 1537 ἐχαρίζετο

2217 1563 2315 1635 τὴν
2347 1561 2675 1634 ἀμνηστίαν.
2709 1561 2820 1615 Καὶ
2867 1560 2998 1630 γοῦν
3036 1563 3066 1615 ό
3112 1559 3397 1624 θεσπέσιος
3438 1560 3645 1631 Πέτρος
3687 1561 3801 1624 τοῖς

2232 1654 2499 1709 Ἰουδαίων
2529 1655 2723 1725 δήμοις
2753 1653 3093 1724 προσεφώνει
3127 1653 3302 1723 λέγων
3322 1694 3338 1718 ,
3382 1653 3513 1706 ποτὲ
3549 1653 3650 1723 μὲν
3669 1692 3683 1715 ,
3716 1653 3800 1706 ὅτι

2225 1766 2243 1799 ι
2265 1748 2279 1766 ⁶
2290 1748 2455 1818 Υμεῖς
2473 1746 2531 1799 δὲ
2545 1746 2636 1799 τὸν
2655 1746 2846 1815 Ἀγιον
2865 1746 2959 1799 καὶ
2973 1745 3190 1799 Δίκαιον
3205 1744 3536 1816 ἠρνήσασθε,
3553 1744 3649 1798 καὶ
3662 1744 3799 1815 ῂτή-

532 1841 678 1910 quod
716 1858 780 1895 es
811 1841 1113 1910 ignorantia
1146 1841 1374 1906 fecistis,
1429 1841 1589 1895 sicuti
1624 1849 1680 1895 et
1718 1842 1990 1912 principes
2020 1855 2112 1895 ve-

2218 1852 2347 1888 σατε
2380 1835 2550 1906 ἀνδρα
2577 1833 2743 1903 φονέα
2764 1832 3088 1904 χαρισθῆναι
3119 1834 3268 1903 ὑμῖν.
3304 1852 3322 1885 ι
3358 1833 3494 1886 Ποτὲ
3522 1831 3580 1885 δὲ
3607 1831 3798 1886 πάλιν·

534 1935 653 1989 slri.
713 1934 1031 2005 Resipiscite
1064 1936 1270 2004 itaque,
1321 1944 1376 1988 et
1410 1934 1714 2004 baptizetur
1742 1934 2111 2005 unusquisque

488 2078 493 2085 ,
525 2034 771 2077 vestrum
802 2025 855 2077 in
886 2038 1078 2079 nomen
1108 2024 1319 2078 Domini
1349 2021 1500 2090 Jesu,
1531 2033 1586 2078 ct
1606 2024 1883 2092 accipietis
1907 2024 2107 2078 donum

534 2114 711 2169 sancti
737 2114 974 2183 Spiritus
1002 2132 1014 2169 :
1047 2115 1202 2169 vobis
1230 2116 1372 2169 enim
1404 2126 1531 2170 sunt
1560 2117 1944 2185 promissioues
1972 2124 2027 2171 et
2057 2117 2114 2172 fl-

525 2206 617 2261 iiis
678 2206 881 2261 vestris
912 2206 981 2261 ⁸⁹.
1007 2225 1025 2258 ι
1060 2206 1419 2276 Quapropter,
1485 2207 1678 2277 inquit,
1733 2209 2110 2263 universorum

531 2297 710 2366 opifex
744 2308 801 2351 et
846 2298 1125 2361 Dominus,
1162 2298 1390 2350 multum
1448 2297 1786 2361 misericors,
1815 2299 1905 2368 qui
1958 2313 2113 2353 man-

523 2389 815 2443 suetudine
857 2397 912 2442 et
953 2387 1238 2443 clementia
1293 2388 1542 2443 humanae
1593 2390 1792 2444 mentis
1834 2389 2112 2458 angustias

529 2482 765 2546 excedit,
801 2481 891 2549 qui
929 2495 1034 2535 non
1061 2480 1176 2534 vult
1207 2487 1437 2535 mortem
1463 2480 1769 2547 morientis,
1798 2496 1905 2550 quo
1932 2496 2055 2535 eum
2080 2497 2110 2536 a

534 2571 620 2624 via
666 2586 761 2625 sua
794 2585 958 2639 prava
1005 2576 1247 2633 avertat,
1273 2576 1328 2623 et
1369 2569 1551 2622 vivat:
1582 2569 1764 2623 abluet
1798 2570 1986 2624 sordes
2015 2584 2110 2625 eo-

533 2678 653 2715 ιιιιιιι
704 2661 800 2730 qui
839 2669 1157 2729 peccarunt,
1195 2666 1252 2714 et
1302 2672 1333 2712 e
1374 2658 1553 2713 medio
1602 2657 1816 2713 illorum
1862 2659 2115 2729 purgabit

532 2753 879 2821 sanguinem,
912 2749 1105 2819 spiritu
1139 2747 1331 2817 iudicii
1354 2757 1406 2803 et
1434 2747 1626 2818 spiritu
1654 2748 1886 2803 ardoris.
1914 2748 2112 2805 Judicii

533 2854 713 2897 autem
743 2842 993 2911 spiritum
1021 2840 1277 2907 dicimus,
1313 2855 1378 2895 ex
1420 2840 1624 2908 judicio
1646 2851 1794 2895 recto
1824 2850 1878 2895 et
1905 2841 2111 2910 iustitia

532 2936 702 2988 latum
732 2934 785 2989 in
818 2948 964 2988 nosa
993 2933 1107 2987 Deo
1136 2931 1426 2987 calculum.
1457 2932 1565 3003 76
1583 2931 1802 2987 Scilicet
1838 2933 1908 2986 ita
1938 2932 2114 3002 inquit

535 3028 799 3083 Servator
835 3044 848 3082 :
889 3044 909 3079 ι
938 3024 1095 3079 Nune
1141 3025 1405 3094 judicium
1456 3036 1542 3081 est
1579 3024 1760 3079 saaculi
1792 3024 1948 3093 hujus
1986 3026 2053 3080 “.
2085 3044 2104 3078 ι

529 3117 745 3174 iudicio
772 3117 921 3173 enim
960 3117 1240 3173 contendit
1262 3132 1385 3172 cum
1413 3119 1615 3173 mundo
1642 3119 1744 3173 hoc
1776 3129 1829 3173 et
1860 3133 1985 3174 cum
2009 3118 2111 3173 Sa-

2224 1945 2243 1980 ι
2267 1927 2378 1981 Καὶ
2397 1926 2512 1991 νῦν,
2534 1926 2774 1995 ἀδελφοὶ,
2796 1920 2933 1989 οἶδα,
2967 1924 3110 1978 κατὰ
3134 1925 3358 1993 ἄγνοιαν
3380 1923 3673 1994 ἐπράξατε,
3690 1921 3798 1976 ῶσο

2217 2034 2320 2089 περ
2343 2018 2437 2071 καὶ
2460 2019 2509 2071 οἱ
2533 2019 2791 2089 ἄρχοντες
2814 2017 2985 2089 ὑμῶν.
3005 2018 3388 2089 Μετανοήσατε
3406 2011 3520 2080 οῦν,
3539 2017 3631 2070 καὶ
3660 2015 3799 2086 βαπ-

2215 2110 2456 2181 τισθήτω
2475 2109 2701 2171 ἕκαστος
2722 2108 2875 2179 ὑμῶν
2893 2112 2969 2172 είς
2986 2109 3045 2162 τὸ
3066 2109 3238 2179 όνομα
3255 2107 3349 2162 τοῦ
3366 2108 3573 2181 Κυρίου
3598 2105 3797 2178 Ἰησοῦ,

2218 2207 2314 2259 καὶ
2347 2203 2579 2275 λήψεσθε
2609 2204 2707 2274 τὴν
2744 2202 2954 2273 δωρεὰν
2986 2200 3080 2255 τοῦ
3107 2202 3266 2270 ἁγίου
3288 2198 3607 2269 Πνεύματος
3626 2216 3638 2229 ·
3670 2199 3800 2267 ὑμῖν

2217 2299 2327 2369 γάρ
2356 2297 2492 2350 εἰσιν
2523 2297 2580 2351 ai
2613 2295 2936 2365 ἐπαγγελίαι
2967 2295 3063 2349 καὶ
3096 2298 3207 2358 τοῖς
3235 2294 3444 2357 τέκνοις
3474 2292 3650 2364 ὑμῶν.
3680 2309 3700 2343 ι
3740 2292 3799 2344 '0

2216 2394 2419 2459 τοίνυν,
2448 2391 2635 2462 φησὶν,
2667 2393 2695 2445 ὁ
2724 2390 2832 2444 τῶν
2856 2390 2992 2443 ὅλων
3017 2387 3347 2459 δημιουργὸς
3392 2388 3486 2440 καὶ
3507 2385 3711 2455 Κύριος
3729 2422 3744 2446 ,
3771 2385 3823 2435 δ’

2225 2484 2386 2547 πολὺς
2429 2484 2505 2547 είς
2551 2483 2720 2547 ἔλεος,
2749 2485 2777 2536 ὁ
2804 2481 2972 2536 νικῶν
3000 2481 3298 2552 ἡμερότητι
3326 2479 3425 2541 τάς
3451 2475 3798 2547 ἀνθρωπίνας

2222 2572 2618 2644 μικροψυχίας·
2665 2574 2694 2626 ό
2728 2570 2804 2642 μὴ
2832 2571 3005 2633 θέλων
3042 2569 3135 2623 τὸν
3169 2569 3395 2622 θάνατον
3434 2565 3528 2620 τοῦ
3560 2564 3797 2634 ἀποθνήο

2221 2679 2460 2725 σκοντος,
2489 2664 2565 2726 ὡς
2594 2661 2656 2715 τὸ
2681 2661 3006 2733 ἐπιστρέψαι
3034 2660 3195 2715 αὐτὸν
3223 2658 3332 2714 ἀπὸ
3354 2658 3452 2724 τῆς
3478 2654 3600 2711 ὁδοῦ
3632 2657 3801 2712 αὑτοῦ

2217 2756 2319 2826 τῆς
2367 2758 2634 2826 πονηρᾶς,
2672 2756 2768 2809 καὶ
2817 2755 2918 2826 ζῇν
2957 2752 3151 2822 αὑτὸν,
3182 2750 3444 2805 ἒκπλυνεϊ
3489 2751 3582 2804 τὸν
3626 2749 3801 2821 ῥύπον

2217 2847 2325 2900 τῶν
2355 2848 2774 2918 ἡμαρτηκότων,
2810 2846 3132 2913 ἐκκαθαριεί
3153 2846 3210 2899 δὲ
3242 2845 3338 2898 καὶ
3364 2843 3425 2897 τὸ
3449 2839 3587 2914 αἷμα
3612 2844 3676 2894 ὲκ
3709 2839 3798 2911 μέ·

2221 2958 2312 2994 σου
2358 2940 2540 2994 αὐτῶν
2583 2941 2641 2994 ὲν
2687 2939 2956 3011 πνεύματι
2999 2939 3232 3011 κρίιειεωι⁵
3276 2937 3370 2991 καὶ
3413 2939 3471 2990 ὲν
3525 2933 3795 3002 πνεύματι

2218 3033 2482 3096 καύσεως.
2518 3032 2630 3086 Καὶ
2675 3032 2737 3086 τὸ
2794 3032 2891 3102 μὲν
2942 3032 3039 3102 τῆς
3083 3031 3317 3103 κρίσεως
3345 3027 3564 3099 πνεῦμά
3594 3042 3791 3097 φαμεν,

2215 3125 2314 3196 τὴν
2339 3125 2476 3196 μετὰ
2497 3126 2731 3198 κρίσεως
2760 3124 2946 3195 ὀρθῆς,
2970 3125 3088 3195 ήτοι
3108 3123 3474 3191 δικαιοσύνης,
3501 3116 3795 3188 ἐξενεχθεί·

534 3219 658 3263 tana
688 3226 702 3263 :
744 3219 800 3263 et
836 3209 978 3263 hunc
1000 3209 1225 3278 quidem
1254 3210 1416 3276 eiecit
1450 3220 1509 3263 ut
1538 3210 1733 3279 injuria
1766 3208 2109 3273 allicientem,

2217 3186 2314 3268 σαν
2339 3186 2426 3283 ξφ*
2458 3186 2589 3285 ἡμίν
2624 3186 2773 3287 παρά
2793 3186 3151 3285 δεόῦνψῆφον.
3183 3211 3340 3265 Οὕτω
3360 3186 3467 3280 γάρ
3493 3209 3596 3263 πού
3709 3222 3795 3260 σιν

532 3301 656 3356 illos
704 3315 837 3355 vero
891 3300 1212 3367 justifieavit
1244 3316 1276 3355 e
1311 3302 1510 3355 mundo
1557 3316 1652 3370 per
1702 3301 1882 3365 fidem,
1914 3300 2112 3367 injuria

535 3392 782 3448 atfectos.
811 3392 1039 3447 Ardoris
1070 3406 1201 3447 vero
1221 3392 1475 3462 spiritum
1510 3392 1763 3457 dicimus,
1797 3391 2025 3460 gratiam
2057 3391 2111 3446 in

537 3491 889 3539 sacrosancto
915 3484 1208 3552 baptismo,
1239 3500 1343 3537 non
1373 3485 1578 3551 absque
1609 3482 1819 3552 Spiritu
1848 3482 2001 3536 nobis
2026 3482 2111 3535 iu-

536 3585 871 3646 generatam.
894 3574 1157 3645 Baptizati
1190 3587 1371 3629 autem
1402 3584 1457 3629 et
1479 3575 1571 3629 loti
1610 3590 1819 3639 sumus,
1846 3591 1950 3628 non
1974 3588 2111 3644 aqua

537 3666 701 3733 nuda,
732 3667 826 3719 sed
845 3680 942 3720 nec
971 3668 1152 3720 cinere
1194 3665 1345 3719 vituli
1373 3666 1649 3720 emundati
1678 3682 1886 3729 sumus,
1929 3666 1993 3719 ad
2034 3680 2116 3721 so-

537 3758 643 3812 lam
700 3757 885 3812 carnis
937 3757 1391 3827 puriﬁcationem,
1438 3744 1888 3826 quemadmodum
1943 3757 2117 3826 inquit

539 3848 731 3902 beatus
763 3846 964 3902 Paulus
986 3848 1053 3913 “,
1091 3849 1185 3902 sed
1222 3846 1427 3917 Spiritu
1465 3857 1675 3912 sancto,
1705 3861 1755 3902 et
1783 3848 1906 3918 igne
1935 3850 2114 3903 divino

535 3955 601 3995 ac
628 3939 977 4007 intelligibili,
1011 3938 1105 4006 qui
1138 3939 1327 3994 sordes
1358 3938 1674 3993 vitiositatis
1711 3939 1761 3991 in
1788 3939 1944 3991 nobis
1965 3939 2115 3993 dete-

538 4031 607 4085 rit
636 4042 688 4087 et
724 4031 979 4094 absumit,
1007 4038 1061 4083 ct
1107 4030 1315 4100 peccati
1357 4029 1787 4098 inquinationem
1838 4030 2012 4099 liquat
2058 4042 2113 4087 et

532 4124 803 4193 excoquit.
842 4122 994 4177 Hunc
1028 4121 1336 4177 Servatoris
1378 4123 1667 4176 adventum
1706 4122 1858 4177 nobis
1896 4133 1949 4176 et
1977 4123 2116 4178 alter

535 4230 751 4285 quoque
780 4230 810 4269 e
840 4219 1045 4270 sanctis
1073 4217 1349 4286 pmpltetis
1374 4216 1812 4285 praesignilicavit
1842 4216 2113 4287 inquiens:

542 4324 561 4357 ι
584 4304 720 4371 Quia
745 4320 872 4359 ecce
900 4307 1207 4375 egredietur
1227 4308 1384 4377 quasi
1425 4307 1565 4376 ignis
1599 4308 1855 4372 fornacis,
1882 4321 1933 4363 et
1959 4308 2112 4379 quasi

540 4398 705 4451 lterba
744 4395 1001 4461 Iutorum,
1030 4407 1086 4452 et
1132 4400 1383 4469 purgabit
1429 4398 1714 4454 conflando
1735 4402 1892 4466 quasi
1920 4417 2114 4473 argen-

541 4498 652 4541 tum
682 4497 737 4541 ct
768 4488 919 4557 quasi
951 4505 1143 4544 aurum
1171 4490 1271 4543 “.o
1305 4492 1379 4544 De
1407 4487 1609 4544 Iudaeis
1638 4493 1783 4545 enim
1812 4494 1900 4561 qui
1930 4494 2114 4548 inobe—

538 4580 758 4635 dientia
814 4580 1030 4634 crimini
1086 4578 1270 4634 aliines
1329 4591 1745 4648 permanserunt
1796 4599 1811 4633 :
1863 4582 2116 4638 «Defecit

540 4670 703 4737 follis,
730 4689 748 4723 ι
784 4670 979 4740 inquit,
1007 4685 1033 4722 ε
1060 4670 1129 4724 ab
1167 4669 1324 4739 igne;
1371 4670 1569 4724 defecit
1604 4672 1900 4738 plumbum,
1936 4673 1987 4727 in
2026 4688 2117 4727 va-

541 4778 668 4815 num
706 4762 858 4817 faber
884 4773 1165 4831 argentum
1192 4762 1389 4819 conﬁat
1423 4782 1436 4818 :
1475 4763 1693 4818 malitiae
1723 4778 1911 4819 eorum
1941 4764 2112 4835 lique-

540 4853 698 4907 factae
738 4863 1208 4926 sunt;argentum
1251 4857 1599 4927 reprobatum
1622 4865 1819 4919 vocate
1841 4872 1957 4924 eos,
1989 4859 2114 4927 quia

539 4947 851 5017 reprobavit
899 4962 993 5002 eos
1047 4949 1307 5004 Dominus
1335 4950 1449 5004 ⁸³.»
1499 4949 1556 5004 In
1602 4950 1759 5005 nobis
1796 4959 1974 5005 autem
2022 4952 2111 5020 qui

538 5039 893 5104 credidimus,
921 5055 1024 5094 non
1066 5042 1118 5095 in
1152 5041 1362 5096 irritum
1393 5041 1657 5098 laboravit
1681 5042 1831 5098 faber
1859 5051 2115 5111 argenta—

541 5135 672 5195 rius,
703 5146 880 5201 neque
924 5133 1120 5188 defecit
1170 5134 1312 5189 follis
1355 5136 1423 5190 ab
1478 5136 1621 5207 igne,
1655 5151 1754 5191 nec
1799 5135 2111 5206 plumbum;

538 5223 747 5290 purgati
786 5224 930 5276 enim
970 5239 1158 5278 sumus
1198 5225 1250 5276 in
1285 5224 1479 5294 spiritu
1530 5224 1716 5294 iudicii
1755 5236 1810 5281 et
1836 5227 1889 5281 in
1924 5228 2115 5296 spiritu

540 5313 772 5367 ardoris.
795 5313 947 5379 Quod
969 5315 1013 5367 si
1037 5314 1158 5383 quis
1184 5315 1311 5369 velit
1333 5316 1511 5369 dicere
1530 5318 1898 5385 purgationem
1927 5319 1978 5371 in
2002 5318 2115 5387 spio

542 5402 645 5454 ritu
667 5403 853 5469 judicii
885 5414 939 5458 et
956 5405 1147 5474 spiritu
1174 5406 1561 5461 combustionis
1586 5406 1640 5461 in
1668 5406 1890 5462 Judaico
1918 5410 2117 5479 populo

545 5493 739 5546 tactam
765 5508 888 5549 esse
915 5510 1010 5564 per
1041 5496 1380 5554 calamitates
1422 5497 1667 5566 bellicas,
1692 5509 1746 5554 et
1774 5513 1872 5568 per
1895 5515 1957 5555 ea
1994 5515 2115 5570 quae

545 5582 687 5648 passi
725 5593 852 5635 sunt
898 5584 1148 5655 (purgant
1186 5589 1329 5643 enim
1377 5597 1431 5643 et
1458 5592 1754 5645 emundant
1781 5591 2108 5661 punitiones,

2213 3311 2240 3362 6
2274 3309 2499 3379 Σωτήρ·
2550 3326 2567 3359 ι
2600 3307 2715 3360 Νῦν
2757 3306 2938 3376 κρίσις
2988 3306 3104 3359 ἐστὶ
3148 3304 3245 3358 τοῦ
3293 3304 3486 3366 αίῶνος
3520 3299 3732 3354 τούτου.
3771 3318 3790 3351 ι

2228 3399 2475 3453 Ἑδίκασε
2511 3398 2620 3468 γὰρ
2646 3396 2725 3468 τῷ
2753 3397 2909 3450 αἰῶνι
2937 3396 3112 3467 τούτῳ
3160 3394 3255 3449 καὶ
3299 3394 3379 3465 τῷ
3415 3392 3661 3463 Σατανᾷ·
3700 3388 3795 3443 καὶ

2213 3491 2304 3542 τὸν
2354 3490 2453 3560 μὲν
2502 3487 2834 3557 ἐκϐέϐληκεν
2881 3485 2957 3549 ὡς
3000 3484 3327 3555 ἠδικηκότα·
3376 3479 3692 3536 δεδικαίωκε
3738 3478 3796 3530 δὲ

2212 3583 2338 3645 τοὺς
2366 3583 2424 3633 ὲν
2449 3579 2526 3651 τῷ
2556 3580 2744 3650 κόσμῳ
2776 3578 2866 3633 διὰ
2909 3578 3009 3649 τῆς
3041 3576 3276 3638 πίστεως
3308 3574 3383 3638 ὼς
3410 3570 3791 3643 ἠδικημένους.

2216 3673 2477 3735 Καύσεως
2505 3672 2562 3725 δὲ
2594 3671 2812 3741 πνεῦμά
2844 3686 3025 3740 φαμεν
3050 3669 3148 3740 τὴν
3186 3667 3279 3721 ἐπὶ
3319 3666 3395 3737 τῷ
3426 3663 3566 3734 ἁγίῳ
3595 3660 3793 3733 βαπτί-

2217 3780 2380 3834 σματι
2412 3762 2590 3833 χάριν,
2624 3762 2685 3815 ού
2714 3760 2836 3830 δίχα
2865 3760 3179 3831 ΙΙνεύματος
3217 3761 3273 3812 ὲν
3308 3758 3438 3828 ⁴ἡμῖν
3478 3752 3793 3825 γινομένην.

2219 3852 2637 3922 Βεϐαπτίτμεθα
2690 3852 2788 3922 μὲν
2843 3852 2955 3922 γὰρ
3007 3851 3108 3903 οὐκ
3158 3850 3216 3901 ὲν
3252 3846 3405 3900 ὕδατι
3439 3843 3651 3915 γυμνῷ,
3680 3841 3793 3895 ἀλλ’

2215 3944 2336 3996 οὐδὲ
2370 3942 2550 4013 σποδῷ
2582 3942 2885 4012 δαμάλεως,
2919 3938 3317 4013 ἑῤῥαντίσμεθα
3352 3938 3410 3991 δὲ
3443 3936 3579 4007 πρὸς
3625 3934 3793 4004 μόνην

2214 4034 2312 4106 τὴν
2339 4034 2433 4106 τῆς
2463 4034 2666 4104 σαρκὸς
2698 4032 3067 4104 καθαρότητα,
3099 4032 3243 4085 καθά
3270 4046 3431 4101 φησιν
3460 4031 3489 4082 ό
3521 4028 3792 4099 μακάριος

2216 4126 2449 4190 Παῦλος,
2480 4124 2594 4178 ἀλλ’
2622 4126 2678 4177 ὲν
2707 4124 2988 4195 Πνεύματι
3035 4124 3193 4192 ἁγίῳ,
3225 4124 3317 4177 καὶ
3366 4123 3498 4192 πυρὶ
3542 4119 3620 4190 τῷ
3663 4119 3792 4189 θείῳ

2216 4222 2310 4271 καὶ⁹
2334 4217 2528 4289 νοητῷ,
2558 4218 2686 4280 τοὺς
2732 4216 2833 4288 τῆς
2874 4218 2931 4270 ἐν
2967 4219 3101 4288 ἡμῖν
3131 4216 3460 4285 φαυλότητος
3484 4212 3791 4267 δαπανῶντι

2216 4309 2437 4380 ῥύπους,
2457 4308 2660 4363 καὶτὸν
2684 4311 2748 4363 ὲκ
2763 4309 2862 4380 τῆς
2886 4310 3157 4381 ἁμαρτίας
3179 4309 3465 4379 ἑκτήκοντι
3497 4302 3788 4378 μολυσμὸν.

2216 4404 2483 4476 Τοιαύτην
2529 4406 2661 4475 ἡμῖν
2707 4403 2804 4458 τοῦ
2855 4404 3102 4475 Σωτῆρος
3127 4404 3226 4474 τὴν
3258 4402 3439 4471 ἀοριξιν
3476 4400 3571 4454 καὶ
3610 4400 3792 4473 ἕτερος

2144 4526 2189 4581 D
2215 4497 2321 4551 τῶν
2390 4497 2561 4565 ἁγίων
2633 4497 2929 4569 προφητῶν
2999 4495 3531 4565 προκαταμεμήνυκε
3580 4492 3788 4562 λέγων·

2219 4590 2372 4643 «Ὅτι
2421 4589 2530 4643 ἰδοῦ
2558 4588 2719 4651 αὐτὸς
2751 4586 3127 4658 εἰσπορεύεται
3155 4587 3230 4650 ῶς
3263 4586 3374 4657 πῦρ
3399 4586 3786 4657 χωνευτηρίου.

2213 4682 2307 4733 καὶ
2332 4679 2409 4743 ὡς
2441 4678 2547 4732 πόα
2577 4677 2906 4742 πλυνόντων,
2941 4678 3037 4731 καὶ
3063 4676 3328 4730 καθιεῖται
3354 4675 3603 4746 χωνεύων
3624 4675 3703 4739 ὼς
3734 4674 3794 4727 τὸ

2211 4769 2472 4840 ἀργύριον
2496 4770 2591 4822 καὶ
2614 4768 2690 4832 ὡς
2714 4768 2774 4821 τὸ
2797 4768 3038 4840 χρυσίον.
3067 4787 3098 4820 ι.
3114 4769 3247 4839 Περὶ
3272 4770 3371 4838 μὲν
3401 4768 3510 4839 γὰρ
3532 4768 3644 4820 τῶν
3673 4768 3794 4820 Ἰου-

2210 4859 2397 4922 δαίων,
2421 4859 2470 4913 οἶ
2521 4860 2614 4912 καὶ
2659 4863 2771 4923 τοῖς
2812 4863 2913 4930 τῆς
2936 4858 3219 4921 ἀπειθείας
3251 4859 3591 4930 ἐγκλήμασιν
3619 4860 3791 4931 ἔνοχοι

2223 4953 2612 5024 μεμενήκασιν·
2640 4971 2657 5003 ι
2681 4951 2945 5019 Ἐξέλιπε,
2961 4972 2978 5004 ι
3003 4952 3186 5022 φησὶ,‹
3213 4952 3463 5022 φυσητὴρ
3477 4951 3582 5007 ἀπὸ
3601 4952 3792 5023 πυρὸς,

2219 5042 2433 5109 ἐξέλιπε
2452 5042 2718 5114 μόλιϐδος,
2735 5045 2815 5107 είς
2837 5046 2989 5097 κενὸν
3007 5045 3380 5116 ἀργυροκόπος
3402 5045 3789 5116 ἀργυροκοπεί

2219 5137 2479 5208 Πονηρίαι
2508 5136 2686 5189 αὐτῶν
2722 5137 2821 5189 οὐκ
2851 5136 3155 5207 ὲτάκησαν·
3191 5136 3454 5207 ἀργύριον
3478 5135 3798 5190 ἀποδεδοκιν

2223 5230 2499 5299 μασμένον
2523 5229 2789 5282 καλέσατε
2819 5229 3035 5293 αὐτοὺς,
3058 5230 3139 5282 ὃτι
3174 5230 3575 5299 ἀπεδοκίμασεν
3595 5229 3791 5290 αὐτοὺς

2220 5318 2442 5391 Κύριος.
2475 5338 2492 5371 ι
2534 5319 2650 5389 Ἐφ’
2678 5322 2808 5391 ἡμῖν
2854 5320 2912 5373 δὲ
2959 5323 3071 5385 τοῖς
3113 5321 3556 5386 πεπιστευκόσιν,
3582 5321 3682 5373 οῦκ
3713 5321 3792 5382 είς

2220 5412 2376 5465 κενὸν
2430 5412 2758 5468 κεκοπίακεν
2806 5414 3213 5485 ἀργυροκόπος,
3248 5413 3372 5467 οὔτε
3426 5414 3533 5486 μὴν
3577 5412 3791 5477 ἐξέλιπε

2222 5506 2471 5577 φυσητηρ
2499 5505 2606 5559 ἀπὸ
2632 5506 2801 5578 πυρδς
2831 5507 2861 5576 ἢ
2891 5506 3159 5577 μόλιϐδος,
3193 5505 3580 5579 κεκαθάρμεθα
3606 5506 3716 5576 γὰρ
3736 5505 3792 5557 ἑν

2218 5597 2487 5665 πνεύματι
2520 5598 2750 5669 κρίσεως
2776 5599 2869 5651 καὶ
2895 5601 2953 5652 ὲν
2978 5599 3245 5670 πνεύματι
3267 5602 3533 5662 καύσεως.
3561 5600 3623 5652 Εί
3650 5597 3708 5652 δὲ
3728 5596 3790 5666 δὴ

615 5738 657 5767 ⁸⁸
689 5737 811 5790 Act.
847 5751 927 5801 ιιι,
956 5739 1040 5795 14.
1084 5742 1128 5773 ⁸⁹
1162 5744 1315 5809 ibid.,
1344 5748 1407 5799 i7
1437 5762 1589 5817 seqq.
1628 5747 1841 5803 “Joan.
1866 5751 2064 5815 “1,31.
2109 5758 2112 5780 ⁴

2223 5726 2341 5809 ιιιηί
2362 5770 2436 5821 Ix,
2464 5755 2548 5819 I5,
2583 5755 2667 5809 ll.
2711 5756 2755 5787 θ’
2783 5754 3007 5811 Malaclt.
3030 5757 3181 5825 tn,2,
3207 5758 3259 5815 3.
3303 5759 3349 5791 “
3367 5758 3566 5815 Jerem.
3598 5752 3783 5825 Vt,‘29.
