4134 6304
328 373 430 430 I33

1500 369 1566 425 IN
1606 367 1838 424 ISAIMI
1882 368 2009 424 LIB.
2053 370 2090 423 1.
2131 368 2339 424 ORAT.
2385 371 2468 424 Ill.

3484 370 3583 425 1M

329 486 567 555 βούλοιτό
607 504 686 550 τις
726 486 821 558 τὴν
856 487 913 539 ὲν
942 486 1213 555 πνεύματι
1253 483 1501 546 καύσεως
1525 480 1904 550 ἀποκάθαρσιν

2010 491 2063 533 et
2111 480 2354 534 omnium
2391 476 2557 549 judici
2591 478 2721 532 dare
2755 490 2965 549 panos,
3003 477 3272 534 Interdum
3322 495 3352 535 ο
3407 485 3586 539 multis

327 579 651 652 γεγενῆσθαι
676 580 855 650 λέγειν
885 583 977 634 ἐπὶ
1011 575 1123 642 τοῖς
1159 577 1426 631 Ἰουδαίων
1454 575 1663 647 δήμοις,
1690 574 1778 627 διὰ
1808 575 1907 644 τῆς

2018 572 2233 626 delictis
2286 570 2521 636 liberat),
2552 584 2582 624 a
2618 584 2745 625 vero
2794 585 2861 626 ne
2911 571 2991 629 sic
3044 573 3258 643 quidem
3312 573 3587 630 ahermlit

329 673 394 723 tat
426 671 519 724 τοῦ
553 672 789 742 πολέμου
842 673 1129 743 συμφορᾶς
1183 672 1278 723 καὶ
1313 664 1388 723 ὧν
1421 668 1904 739 ὑπομμενήκασιν

2015 665 2214 717 oratio.

327 766 346 830 ί
368 763 794 835 ἁποκαθαίρουσι
844 765 941 836 μὲν
976 763 1084 834 γάρ
1109 764 1162 816 αἱ
1188 762 1460 825 κολάσεις.

1520 762 1613 815 καὶ
1642 759 1973 813 ἀπαλλάττει
2012 757 2126 810 ἔσθ’
2203 757 2292 810 ὅτε
2340 756 2550 810 πολλῶν
2568 756 3075 829 -πλημμελημάτων
3111 757 3171 811 τὸ
3198 759 3458 829 ὑποσχεῖν
3486 759 3587 824 sic

322 856 477 920 δίκας
504 855 580 926 τῷ
606 859 823 910 πάντων
855 859 1019 927 κριτῇ
1040 858 1057 923 )
1078 873 1092 886 ο
1127 855 1346 926 φορέσει
1377 854 1470 907 καὶ
1495 851 1638 905 οὕτω
1664 851 1726 904 τὸ
1749 850 1946 920 ἀληθὲς
1980 851 2008 902 ὁ
2033 849 2210 917 λόγος.

392 950 498 1005 Kal
529 949 684 1016 ἣξει,
706 949 803 1002 καὶ
830 949 1020 1012 ἔσται,
1046 945 1163 1013 πᾶς
1184 949 1370 1010 τόπος
1395 945 1502 1000 τοῦ
1530 945 1711 1015 ὄρους
1732 945 1906 1011 Σιὼν,

321 1042 419 1095 καὶ
447 1040 641 1095 πάντα
671 1041 745 1094 τὰ
779 1041 1122 1109 περικύκλῳ
1154 1036 1368 1106 αὐτῆς,
1398 1036 1642 1090 σκιάσει
1681 1034 1907 1105 νεφέλη

322 1133 563 1202 ἡμέρας,
602 1133 700 1188 καὶ
745 1135 826 1199 ὡς
870 1131 1145 1195 καπνοῦ,
1189 1129 1288 1184 καὶ
1339 1130 1422 1195 ὠς
1475 1129 1672 1197 φωτὸς
1720 1127 1907 1196 πυρὸς

318 1223 635 1292 καιομένου
659 1223 901 1290 νυκτὸς,
926 1222 1093 1290 πάσῃ
1124 1219 1200 1289 τῇ
1220 1220 1371 1288 δόξῃ
1396 1218 1903 1286 σκεπασθήσεται.

319 1313 428 1366 Καὶ
461 1314 633 1366 ἔσται
664 1315 753 1378 εις
785 1313 967 1367 σκιὰν
988 1313 1107 1367 ἀπὸ
1140 1312 1463 1380 καύματος,
1486 1310 1580 1364 καὶ
1605 1310 1675 1362 ἐν
1706 1309 1903 1380 σκέπῃ

319 1403 420 1455 καὶ
450 1404 521 1455 ἐν
553 1404 888 1472 ἀποκρύφῳ
917 1403 1036 1458 ἀπὸ
1067 1403 1476 1471 σκληρότητος
1506 1401 1602 1456 καὶ
1632 1401 1831 1458 ὑετοῦ.

395 1497 530 1566 Περὶ⁸
550 1497 694 1560 τίνος
723 1495 834 1566 ἄρα
860 1498 942 1561 τὸ,
969 1495 1150 1561 “Hist,
1172 1494 1303 1565 φησί
1320 1510 1334 1559 ;
1354 1494 1558 1564 Πότερα
1578 1495 1672 1548 τοῦ
1691 1494 1905 1565 καιροῦ,

328 1588 450 1640 καθ’
476 1587 535 1640 ὃν
576 1588 729 1640 ἔσται
752 1588 946 1651 ταῦτα,
973 1587 1004 1658 ἣ
1035 1589 1160 1658 περὶ
1188 1587 1279 1641 τοῦ
1306 1587 1561 1651 καθέντος
1594 1589 1789 1642 ἑαυτὸν
1826 1591 1906 1653 είς

328 1679 582 1742 κένωσιν,
607 1679 702 1732 καὶ
731 1678 1061 1742 καταϐάντος
1088 1678 1145 1746 ἐξ
1175 1678 1404 1750 οὐρανοῦ
1436 1679 1522 1732 ἵνα
1547 1679 1609 1732 τὸ
1632 1678 1908 1752 ἀνθρώπι-

2082 940 2241 997 Vens.
2270 942 2326 1005 5,
2364 941 2416 996 6.
2461 941 2526 996 Et
2569 944 2751 1007 veniet,
2776 954 2824 997 et
2859 945 2960 998 erit
3003 945 3171 999 omnis
3217 946 3361 1000 locus
3396 952 3587 1004 mont's

2008 1035 2161 1094 Sion.
2185 1047 2234 1088 et
2253 1035 2429 1088 omnia
2467 1051 2585 1104 qua
2612 1036 2665 1089 in
2693 1036 2917 1089 circuitu
2939 1036 3051 1106 ejus
3083 1049 3229 1102 sunt,
3254 1039 3585 1092 obumbrubt’t

2007 1125 2166 1179 nubes
2205 1126 2476 1191 interdiu,
2526 1140 2680 1181 noctu
2724 1144 2845 1182 vero
2899 1130 3072 1182 instar
3119 1130 3253 1197 fumi
3321 1142 3369 1184 et
3420 1132 3588 1184 instar

2006 1217 2303 1283 splendoris
2357 1218 2490 1287 ignis
2536 1218 2758 1284 incensi,
2795 1220 2936 1272 omni
2986 1220 3158 1289 gloria
3194 1221 3481 1291 obleg‘llr,
3535 1233 3585 1276 et

2006 1308 2102 1360 erit
2142 1310 2257 1362 loco
2288 1311 2484 1363 umbra:
2524 1311 2590 1363 ab
2621 1320 2775 1378 testu,
2809 1322 2856 1365 et
2890 1311 3004 1365 loco
3055 1316 3357 1381 tegunmtti,
3384 1326 3428 1368 et
3462 1315 3582 1369 αισα

2006 1400 2323 1453 conditionis
2349 1416 2380 1452 ιι
2411 1400 2615 1454 sterilia
2640 1411 2687 1453 et
2712 1400 2912 1470 pluria.

2079 1491 2152 1544 De
2173 1506 2280 1560 quo
2307 1491 2474 1560 igitur
2498 1491 2649 1557 dicit,
2669 1489 2896 1547 Veniet?
2938 1490 3074 1546 Num
3106 1493 3170 1546 de
3199 1502 3439 1563 tempore
3471 1511 3582 1567 quo

2006 1584 2117 1638 haec
2149 1583 2328 1637 futura
2378 1595 2528 1651 stmt,
2562 1602 2628 1639 an
2659 1586 2725 1640 de
2757 1601 2822 1641 eo
2845 1587 2934 1656 qui
2970 1601 3027 1640 se
3051 1587 3117 1640 ad
3156 1587 3578 1645 exinanitionem

2003 1673 2242 1739 demisit,
2275 1684 2328 1728 et
2368 1677 2433 1730 de
2465 1676 2618 1732 cmlis
2657 1677 2936 1732 descendit
2965 1687 3026 1732 ut
3061 1693 3230 1749 genus
3286 1681 3580 1736 humanum

327 1789 416 1824 νον
460 1770 700 1843 διασώσῃ
746 1771 933 1840 γένοςς
973 1771 1226 1842 Ἀρμόσει
1260 1771 1441 1825 τοίνυν
1464 1773 1493 1824 ό
1521 1770 1700 1841 λόγος,
1730 1773 1831 1825 κᾶν
1859 1773 1904 1825 si

2009 1767 2291 1821 servaret?
2337 1765 2636 1834 Quadrabit
2687 1782 2818 1840 ergo
2869 1772 3066 1834 oratio,
3126 1773 3242 1826 sive
3287 1773 3401 1829 hac
3460 1773 3582 1844 quis

322 1864 384 1917 τέ
416 1880 500 1926 τις
530 1863 677 1932 λέγοι
700 1864 829 1935 περὶ
862 1861 950 1916 τοῦ
975 1861 1165 1934 καιροῦ
1191 1862 1293 1932 τῆς
1321 1863 1615 1934 ἐπιδημίας
1647 1863 1899 1936 εἰρῆσθαι

321 1955 476 2008 ταυτί
496 1972 508 1985 ο
543 1954 644 2007 κᾶν
672 1955 774 2007 εἴτ’
807 1950 902 2008 οὖν
928 1953 1016 2008 ἐπ’
1045 1953 1207 2007 αὑτοῦ
1239 1953 1484 2024 βούλοιτο
1513 1955 1607 2008 τοῦ
1635 1955 1896 2027 Χριστοῦ.

333 2046 683 2116 Ἀφικόμενος
725 2046 837 2118 γάρ
881 2046 1007 2110 τοὺς
1054 2046 1152 2118 τῆς
1189 2045 1389 2118 νοητῆς
1435 2045 1574 2100 Σιὼν
1613 2048 1765 2111 υίοὺς
1807 2046 1902 2101 καὶ

314 2140 414 2210 τῆς
446 2139 738 2211 ἐλευθέρας
783 2138 1137 2211 Ἰερουσαλὴμ
1170 2141 1268 2210 τῆς
1300 2157 1414 2211 παρ
1451 2139 1642 2193 ἑαυτοῦ
1679 2140 1901 2210 χάριτος

317 2230 596 2301 στεφανῶν
641 2231 888 2302 ἀπέφηνε
936 2231 1263 2303 μακαρίους,
1292 2231 1389 2285 καὶ
1426 2225 1536 2285 οἷόν
1584 2248 1669 2294 τις
1716 2232 1902 2296 αὐτοῖς

315 2322 505 2393 γέγονε
554 2321 891 2394 σκεπαστὴς,
927 2322 1209 2393 μονονουχὶ
1250 2322 1349 2394 τὴν
1402 2323 1634 2393 ἀρχαίαν
1686 2322 1902 2392 ἐκείνην

317 2413 629 2484 ὲπαρτήσας
654 2411 886 2481 νεφέλην
910 2411 1008 2483 τὴν
1039 2411 1203 2466 πάλαι
1247 2410 1718 2475 κατασκιάζουσαν
1751 2413 1808 2463 ὲν
1834 2413 1899 2483 τῇ

318 2501 512 2572 ἐρήμῳ
560 2502 653 2555 τὸν
687 2502 905 2572 Ἰσραήλ
927 2519 940 2534 ·
975 2501 1150 2575 ταύτῃ
1172 2503 1254 2555 τοί
1301 2519 1434 2573 φησι
1457 2518 1471 2534 ·
1503 2501 1616 2555 Καὶ
1640 2502 1781 2572 ἥξει,
1811 2503 1904 2556 καὶ

319 2593 475 2647 ἔσται
526 2595 632 2655 πᾶς
667 2594 830 2656 τόπος
876 2591 973 2646 τοῦ
1019 2593 1179 2664 δρους
1211 2591 1370 2656 Σιὼν,
1396 2593 1492 2646 καὶ
1520 2591 1589 2644 τὰ
1622 2592 1796 2645 πάντα
1835 2594 1903 2647 τά

2002 1858 2068 1910 de
2113 1858 2378 1912 adventus
2440 1868 2683 1929 tempore
2713 1861 2986 1926 extulerit,
3019 1863 3131 1919 sive
3165 1864 3314 1918 malit
3361 1866 3427 1920 de
3465 1867 3582 1936 ipso

2001 1945 2109 2018 77
2133 1945 2352 2003 Christo
2386 1950 2675 2003 enuntiari.
2705 1949 2837 2005 Nam
2860 1967 2981 2006 cum
3013 1953 3059 2009 is
3081 1955 3247 2020 venit,
3280 1955 3462 2011 Sionis
3481 1960 3587 2015 sub

2004 2037 2413 2104 intelligentiam
2447 2038 2694 2093 cadentis
2725 2050 2778 2095 et
2819 2040 3003 2096 Ιίὺοιιεε
3057 2041 3361 2099 Jerusalem
3397 2044 3572 2120 ﬁlios,

2002 2142 2095 2181 sua
2138 2142 2408 2182 coronans
2437 2131 2631 2200 gratia,
2670 2130 2857 2187 felices
2883 2133 3142 2198 reddidit,
3174 2145 3228 2189 et
3262 2136 3425 2190 veluti
3451 2153 3579 2206 pro-

2003 2226 2176 2274 tector
2216 2221 2486 2291 quispiam
2535 2221 2643 2278 illis
2685 2225 2916 2291 exstitit,
2954 2234 3162 2280 tantum
3196 2242 3298 2282 non
3336 2237 3575 2283 veterem

2005 2310 2401 2394 illam_nubem
2460 2326 2898 2384 reprasentans,
2948 2331 3068 2386 quae
3101 2319 3228 2372 olim
3273 2320 3323 2373 in
3362 2319 3579 2377 deserto

2001 2404 2348 2461 obumbravit
2378 2405 2660 2474 Israelem;
2699 2408 2826 2465 hinc
2851 2410 2982 2466 dicit
3015 2429 3029 2466 :
3068 2409 3133 2466 Et
3161 2423 3357 2479 veniet,
3388 2424 3442 2470 et
3474 2416 3581 2470 erit

2001 2496 2182 2550 omnis
2212 2497 2364 2551 loeus
2389 2498 2591 2552 montis
2620 2497 2774 2564 Sion,
2811 2508 2867 2554 et
2892 2503 3073 2554 omnia
3103 2517 3222 2571 quae
3257 2504 3306 2557 in
3348 2504 3577 2562 circuitu

2002 2586 2118 2655 ejus
2145 2597 2293 2651 sunt,
2321 2589 2668 2644 obttmhrahit
2704 2591 2872 2646 nubes
2908 2592 3014 2647 die.
3057 2592 3123 2648 Ut
3151 2596 3295 2648 enim
3324 2595 3445 2651 vitae
3474 2597 3576 2652 huc

323 2683 455 2757 περὶ
488 2683 673 2754 κύκλῳ
701 2683 873 2753 αὐτῆς
919 2683 1132 2737 σκιάσει
1172 2685 1366 2755 νεφέλη
1412 2686 1764 2756 ἡμέρας.Ἵνα
1795 2686 1902 2758 γὰρ

2004 2679 2088 2747 ius
2136 2691 2327 2735 aestum
2388 2691 2442 2735 et
2504 2681 2856 2748 probationes
2895 2698 3015 2752 qua:
3074 2701 3138 2739 ex
3191 2689 3579 2742 tentatiouihus

323 2776 418 2828 τοῦ
447 2775 718 2844 παρόντος
746 2774 863 2846 βίου
888 2774 978 2828 τὸν
1007 2774 1283 2839 καύσωνα,
1311 2777 1403 2831 καὶ
1431 2779 1528 2842 τὰς
1558 2779 1621 2831 ἐκ
1653 2777 1760 2831 τῶν
1782 2797 1903 2832 πει-

328 2866 555 2936 ρασμῶν
598 2865 921 2936 δοκιμασίας
955 2867 1122 2937 ἦγουν
1172 2867 1439 2938 πυρώσεις
1474 2868 1902 2942 διαδιδράσκοιεν

327 2959 377 3009 oi
420 2958 522 3029 τὴν
574 2958 769 3029 νοητὴν
805 2959 1077 3022 οίκοῦντες
1103 2958 1260 3026 Σιὼν,
1293 2961 1436 3015 τοῦτ’
1461 2962 1601 3028 ἐστι,
1641 2963 1740 3035 τὴν
1782 2966 1904 3018 Ἐκ-

328 3048 820 3121 κλησίαν,νεφέλης
851 3049 1004 3119 δίκην
1031 3053 1314 3121 μονονουχὶ
1340 3052 1434 3104 καὶ
1459 3052 1903 3125 ἐπικρεμάμενος

331 3143 640 3213 σκεπαστὴς
668 3142 837 3207 ἔσται,
860 3143 1049 3213 φησὶν,
1068 3146 1096 3196 ὀ
1122 3145 1360 3214 Χριστός
1382 3162 1394 3174 ·
1425 3147 1453 3199 ὁ
1477 3146 1639 3210 αὐτὸς
1658 3146 1713 3199 δὲ
1739 3147 1900 3203 πάλιν
1929 3128 1970 3186 C

328 3232 417 3284 τὸν
443 3234 506 3284 ὲκ
548 3232 646 3302 τῆς
676 3231 914 3301 ἀμαθίας
943 3234 1038 3285 καὶ
1064 3232 1381 3303 διαϐολικῆς
1414 3235 1730 3305 σκαιότητος
1760 3236 1898 3289 ἀπο-

327 3323 472 3376 σοϐεῖ
499 3324 707 3388 σκότον,
740 3323 1069 3394 ὲπιλάμπων
1097 3326 1177 3389 είς
1204 3325 1350 3390 νοῦν,
1375 3325 1450 3391 ὡς
1478 3325 1593 3396 φῶς
1614 3328 1673 3381 ὲν
1698 3329 1896 3399 σκότῳ,

302 3415 415 3468 καὶ
443 3415 518 3502 φς
555 3415 730 3487 πυρὸς
762 3416 926 3486 αὐγή.
975 3415 1292 3486 Γέγραπται
1338 3416 1395 3470 δὲ
1446 3417 1577 3489 περὶ
1621 3417 1729 3476 τῶν
1766 3419 1901 3472 uith

334 3507 573 3578 Ἰσραὴλ,
605 3507 688 3560 ὃτι
732 3506 1027 3577 Ὠδήγησεν
1072 3508 1270 3571 αὐτοὺς
1325 3510 1383 3562 ἐν
1434 3509 1632 3581 νεφέλῃ
1661 3510 1898 3581 ἡμέρας,

294 3601 418 3654 -καὶ
449 3601 577 3672 ὃλην
731 3599 902 3653 νύκτα
950 3601 1008 3652 ἐν
1051 3586 1315 3671 φωτισμῷ
1340 3603 1529 3672 πυρός.
1551 3601 1711 3656 Ἀλλὰ
1739 3603 1900 3655 τύποι

292 3686 421 3756 ,μὲν
452 3688 655 3750 ἐκεῖνα,
691 3689 786 3740 καὶ
817 3687 926 3739 τῶν
969 3689 1173 3758 νοητῶν
1198 3689 1401 3752 εἰκόνες
1424 3705 1437 3718 ·
1469 3689 1699 3762 ἀλήθεια
1743 3690 1801 3745 δὲ
1831 3692 1901 3745 τά

2004 2772 2444 2841 proficiscuntur,
2491 2785 2655 2846 atque
2687 2775 2934 2831 ustiones
2974 2778 3182 2847 fugiant
3213 2779 3266 2832 hi
3297 2779 3388 2848 qui
3442 2780 3575 2834 Sion

2005 2864 2394 2935 iutelligibilem
2446 2866 2711 2933 habitant,
2765 2868 2816 2921 id
2851 2878 2932 2922 est
2959 2867 3280 2934 Ecclesiam,
3313 2871 3468 2926 nubis
3495 2872 3578 2925 in-

2003 2967 2119 3011 star
2158 2959 2565 3028 proyemodnm,
2593 2959 2944 3029 impeudehit,
2987 2961 3180 3030 inquit.
3219 2971 3271 3016 et
3303 2974 3579 3031 protector

2004 3051 2107 3102 erit
2142 3047 2416 3113 Christus,
2453 3051 2568 3118 ipse
2598 3051 2966 3119 iguoratiouis
2995 3062 3050 3104 et
3089 3052 3368 3105 diabolica:
3399 3054 3582 3121 nequi-

2007 3142 2093 3196 tiae
2123 3141 2373 3210 dispellet
2423 3140 2695 3205 tenebras,
2747 3140 3070 3195 illucescens
3111 3130 3298 3206 metui,
3325 3152 3579 3212 tauquam

2006 3231 2094 3285 lux
2133 3233 2185 3287 in
2225 3233 2477 3302 caligine.
2515 3242 2570 3287 et
2602 3242 2857 3303 tanquam
2891 3234 3030 3305 ignis
3067 3237 3394 3291 coruscatio.
3430 3237 3582 3290 Scri-

2005 3338 2154 3398 ptum
2195 3342 2410 3398 quoque
2437 3336 2521 3383 est
2553 3330 2619 3384 de
2649 3326 2774 3383 [iliis
2799 3327 2987 3394 Israel,
3023 3327 3080 3383 In
3114 3331 3256 3384 nube
3280 3330 3459 3383 divina
3488 3345 3582 3386 eos

2004 3418 2248 3483 deduxit,
2290 3428 2345 3473 et
2397 3419 2450 3473 in
2494 3420 2785 3489 splendore
2834 3421 2971 3492 ignis
3009 3434 3104 3490 per
3139 3430 3302 3475 totam
3343 3430 3577 3479 noctem.

2005 3506 2201 3563 Verum
2252 3509 2366 3564 haec
2414 3510 2524 3581 typi
2555 3512 2792 3577 fuerunt,
2822 3521 2880 3567 et
2915 3528 3096 3567 rerum
3130 3528 3379 3567 verarum
3410 3516 3580 3568 simu-

2005 3597 2152 3656 lacra
2187 3618 2201 3655 :
2240 3602 2441 3657 veritas
2487 3612 2668 3658 autem
2703 3619 2800 3673 per
2829 3604 3121 3659 Christum.
3168 3604 3262 3661 Est
3293 3605 3434 3660 enim
3467 3606 3583 3675 ipse

2004 3692 2208 3748 veritas
2285 3692 2473 3766 Itaque
2521 3696 2611 3766 qui
2660 3696 3020 3767 opitulatione
3056 3698 3198 3768 digni
3232 3709 3356 3753 stmt
3387 3698 3578 3762 habiti,

285 3777 409 3831 ·-διὰ
430 3778 688 3849 Χριστοῦ.
712 3779 823 3833 Καὶ
849 3782 959 3850 γάρ
992 3781 1139 3832 ἐστιν
1171 3778 1332 3843 αὐτὸς
1355 3781 1387 3852 ἡ
1416 3779 1666 3850 ἀλήθεια.
1702 3777 1777 3836 Οὖ
1798 3782 1900 3854 τῆς

296 3868 644 3940 ἐπικουρίας
675 3869 988 3941 ἠξιωμένοι,
1018 3871 1193 3938 πάντη
1217 3887 1274 3924 τε
1299 3872 1388 3924 καὶ
1417 3872 1637 3937 πάντως
1664 3872 1899 3943 ῑἔσονται,

301 3961 508 4033 φησὶν,
540 3960 618 4024 ὡς
653 3962 733 4025 είς
780 3961 940 4013 σκιὰν
986 3961 1096 4014 ἀπὸ
1145 3959 1440 4032 καύματος,
1472 3964 1569 4016 καὶ
1616 3965 1674 4017 ὲν
1723 3965 1902 4038 σκέπῃ

283 4055 415 4108 -καὶ
445 4054 506 4106 ὲν
531 4052 836 4124 ἀποκρύφῳ
864 4053 972 4106 ἀπὸ
1002 4053 1365 4126 σκληρότητος
1400 4056 1493 4108 καὶ
1521 4054 1699 4111 ὑετοῦ.
1726 4058 1899 4130 Σκλη-

284 4147 508 4220 ρότητι
548 4146 605 4198 δὲ
636 4146 732 4199 καὶ
761 4147 936 4211 ὑετοῖς
983 4146 1307 4217 παρεικάζει
1338 4147 1500 4200 πάλιν
1525 4150 1624 4219 τὴν
1648 4148 1756 4203 τῶν
1779 4168 1900 4203 πει-

2005 4151 2150 4206 ettim
2201 4150 2603 4220 quodammodo
2654 4151 2829 4219 inquit
2862 4150 3155 4205 Christus:
3203 4169 3224 4205 ι
3266 4150 3455 4209 Omnis
3484 4156 3582 4226 igi-

297 4236 556 4310 ρασμῶν
600 4238 930 4310 φαιδρότητα
995 4240 1089 4292 καὶ
1147 4239 1522 4310 ἀκμαιοτάτην
1573 4240 1897 4312 προσϐολήν.

2005 4249 2093 4298 tur
2142 4242 2455 4313 quicunque
2497 4242 2651 4296 audit
2699 4257 2978 4298 sermones
3006 4257 3201 4312 meos,
3259 4255 3315 4301 et
3370 4248 3583 4323 perlicit

281 4328 483 4382 υῦτω
533 4326 641 4397 γάρ
688 4326 790 4380 πού
840 4344 1000 4398 φησιν
1028 4329 1057 4379 ὁ
1091 4328 1353 4399 Χριστός·
1405 4349 1423 4379 ε
1455 4327 1570 4391 Πᾶς
1611 4324 1706 4384 οὖν
1753 4330 1901 4393 ὅστις

2008 4335 2148 4402 illos,
2178 4331 2572 4388 assimilabitur
2596 4332 2711 4387 viro
2739 4333 3014 4402 prudenti,
3042 4334 3133 4402 qui
3169 4334 3456 4392 aediﬁcavit
3484 4339 3583 4392 do-

285 4419 498 4493 ἀκούῃ
528 4418 722 4488 λόγους
739 4417 960 4484 τούτους
984 4420 1078 4473 καὶ
1100 4421 1228 4490 ποιῇ
1253 4420 1475 4484 αὐτοὺς,
1504 4421 1901 4491 ὁμοιωθήσεται

2009 4442 2155 4480 mum
2185 4441 2339 4480 suam
2391 4441 2554 4495 super
2611 4436 2861 4495 petram;
2906 4436 2961 4480 et
2997 4428 3280 4482 descendit
3304 4430 3497 4495 imber,
3523 4439 3581 4486 et

289 4515 478 4586 ἀνδρὶ
516 4513 781 4584 φρονίμῳ,
829 4513 977 4576 ὅστις
1020 4511 1340 4583 ᾠκοδόμησε
1390 4511 1488 4582 τὴν
1531 4512 1707 4566 οἰκίαν
1738 4512 1903 4567 αὑτοῦ

2010 4526 2276 4574 venerunt
2313 4516 2556 4583 ﬂumina,
2604 4527 2656 4572 et
2703 4516 2970 4572 [laverunt
3010 4517 3179 4581 venti,
3233 4527 3288 4572 et
3331 4518 3581 4574 incubue-

285 4605 403 4657 ἐπὶ
460 4603 561 4672 τὴν
592 4603 800 4675 πέτραν
823 4620 836 4634 ·
883 4604 977 4658 καὶ
1008 4602 1217 4674 κατέϐη
1249 4605 1282 4674 ή
1319 4602 1508 4675 βροχὴ,
1536 4606 1627 4658 καὶ
1661 4601 1823 4678 ἦλθον
1857 4607 1904 4661 οἱ

2007 4619 2133 4664 runt
2157 4610 2208 4663 in
2235 4609 2454 4665 domum
2489 4610 2658 4675 illam,
2684 4626 2782 4665 nec
2808 4611 3024 4666 cecidit.
3050 4610 3296 4664 Fundata
3328 4619 3412 4664 est
3434 4612 3580 4663 enim

285 4694 586 4764 ποταμοὶ,
611 4693 705 4747 καὶ
733 4694 1000 4748 ἔπνευσαν
1030 4695 1081 4747 οἱ
1109 4693 1300 4764 ἄνεμοι
1317 4710 1330 4724 ⁸
1363 4696 1456 4750 καί
1478 4698 1820 4767 προσέπεσαν
1841 4699 1904 4769 τῇ

2004 4716 2167 4770 super
2198 4716 2386 4772 rupem
2418 4701 2482 4756 “.
2518 4701 2687 4757 iCum
2717 4718 2845 4757 vero
2866 4704 3073 4773 adjicit,
3098 4701 3254 4757 Ontni
3285 4701 3455 4771 gloria
3482 4701 3583 4755 ob-

279 4788 471 4858 οἰκίᾳ
505 4784 705 4858 ἐκείνῃ,
740 4787 834 4840 καί
877 4787 977 4840 οὐκ
1010 4787 1205 4840 ἔπεσεν
1226 4803 1240 4817 ο
1274 4786 1636 4857 τεθεμελίωτο
1673 4788 1782 4860 γὰρ
1815 4790 1904 4842 ἐπὶ

2009 4802 2238 4864 legetur,
2284 4794 2462 4848 innuit
2503 4808 2608 4849 non
2635 4793 3022 4863 particularem
3051 4793 3286 4861 aliquam
3325 4791 3438 4846 fore
3462 4808 3583 4862 gra-

281 4881 554 4949 πέτραν.
587 4894 606 4926 ι
647 4875 964 4946 Πρόστιθεὶς
991 4877 1070 4943 δὲ,
1101 4877 1183 4930 ὃτι
1229 4877 1378 4950 πάσῃ
1427 4881 1494 4949 τῇ
1539 4878 1667 4951 δόξῃ
1701 4896 1904 4933 σκεπα-

2014 4884 2142 4939 tiam
2175 4884 2378 4940 Christi
2414 4885 2481 4940 iis
2509 4886 2603 4954 qui
2635 4885 2686 4939 in
2713 4899 2837 4949 eum
2865 4883 3230 4949 crediderunt,
3254 4886 3348 4939 sed
3367 4900 3581 4939 omnem

279 4973 610 5041 σθήσεται,
643 4966 823 5021 δίδωσι
853 4970 1011 5031 νοεῖν,
1041 4969 1118 5033 ὠς
1143 4969 1203 5022 οὑ
1242 4969 1444 5041 μερική
1469 4986 1554 5032 τις
1579 4970 1729 5022 ἔσται
1753 4971 1904 5041 παρὰ

2011 4972 2066 5027 in
2119 4974 2435 5029 universum
2469 4973 2730 5028 honorem
2761 4987 2824 5026 ac
2859 4971 3168 5026 thesaurum
3197 4973 3582 5028 misericordia:

276 5058 562 5135 Χριστοῦ
588 5061 701 5122 τοῖς
730 5061 1154 5113 πεπιστευκόσιν
1181 5061 1262 5124 είς
1307 5061 1471 5114 αὐτὸν
1500 5062 1533 5130 ὴ
1564 5061 1723 5131 χάρις
1741 5103 1756 5128 ,
1788 5060 1902 5115 ἀλλ’

2014 5065 2120 5119 illis
2173 5065 2539 5121 tribuendum.
2584 5062 2757 5118 Erunt
2790 5072 2970 5116 autem
2993 5061 3096 5117 sub
3126 5061 3384 5130 operculo
3406 5072 3463 5114 et
3491 5074 3583 5113 ve-

275 5152 346 5203 ἐν
382 5145 690 5217 ὁλοκλήρῳ
719 5145 996 5217 προθυμίᾳ.
1025 5147 1124 5217 τῆς
1158 5149 1243 5200 ἐπ’
1267 5149 1447 5211 αὐτοῖς
1487 5148 1639 5203 ἔσται
1669 5150 1900 5218 φειδοῦς.

2011 5155 2250 5211 lamento
2279 5157 2396 5223 ejus
2424 5155 2516 5225 qui
2542 5169 2762 5212 servare
2783 5164 2982 5226 potest,
3013 5162 3068 5209 et
3111 5153 3204 5222 qui
3235 5160 3387 5206 extra
3425 5165 3585 5204 omne

279 5243 586 5295 Ἔσονται
616 5237 672 5290 δὲ
695 5238 752 5289 ὲν
774 5238 1034 5310 περιϐολῇ
1057 5239 1151 5292 καὶ
1174 5242 1347 5310 σκηνῇ
1372 5238 1467 5292 τοῦ
1487 5237 1680 5304 σώζειν
1700 5241 1904 5313 lex-Jov-

2013 5248 2214 5300 malum
2261 5247 2511 5302 collocat.

269 5354 409 5401 τος,
449 5333 563 5386 καὶ
594 5331 798 5395 παντὸς
824 5331 928 5396 ἔξω
957 5333 1199 5398 τιθέντος
1233 5333 1430 5389 κακοῦ.

363 5428 566 5494 ’ᾼσω
600 5419 677 5487 δὴ
716 5418 796 5484 τῷ
834 5421 1196 5492 ἠγαπημένῳ
1236 5417 1402 5493 ᾆσμα
1449 5423 1555 5478 τοῦ
1592 5425 1903 5494 ἀγαπητοῦ

268 5515 370 5584 τῷ
399 5510 742 5584 ἀμπελῶνί
766 5532 904 5583 μου.

372 5602 567 5677 Ὄρος
594 5601 782 5675 ὥσπερ
807 5622 885 5670 τις
921 5607 1013 5660 καὶ
1047 5608 1340 5682 προγραφὴ
1365 5610 1470 5663 τῶν
1505 5609 1754 5680 εἰρῆσθαι
1783 5609 1907 5679 μελ-

2005 3785 2207 3856 ubique
2247 3795 2302 3842 et
2351 3789 2587 3859 undique
2627 3799 2811 3856 erunt,
2848 3790 3044 3861 inquit,
3084 3792 3134 3845 in
3172 3793 3486 3846 umbraculo
3514 3795 3584 3846 ah

2005 3885 2138 3930 testu
2174 3885 2229 3931 et
2255 3877 2309 3931 in
2343 3887 2674 3949 legumento,
2705 3889 2754 3935 et
2785 3880 2837 3934 in
2865 3882 3079 3936 occulto
3103 3881 3170 3934 ab
3200 3881 3495 3948 asperitate
3528 3891 3582 3934 et

2003 3965 2206 4038 pluvia.
2252 3966 2468 4025 Rursus
2510 3970 2867 4026 teutationum
2922 3971 3320 4024 vehementiam
3352 3980 3406 4022 et
3435 3984 3586 4023 acer-

2005 4058 2204 4115 rimum
2241 4059 2505 4115 assultum
2539 4049 2824 4129 comparat.
2846 4060 3208 4128 asperitatLet
3243 4062 3460 4129 pluviis.
3491 4065 3582 4122 Sic

2081 5427 2210 5481 Cn.
2243 5425 2301 5482 V.
2352 5426 2515 5482 Vens.
2560 5427 2608 5479 I.
2659 5424 2895 5481 Cantabo
2931 5443 3066 5480 nunc
3104 5426 3294 5480 dilecto
3323 5427 3582 5482 canticum

2010 5519 2184 5571 dilecti
2217 5521 2375 5573 vincte
2400 5535 2544 5571 mea'.

2089 5609 2299 5665 Prin-.us
2338 5625 2522 5666 versus
2565 5607 2851 5678 proposita-
2893 5609 3172 5665 scotentiae
3209 5607 3371 5664 veluti
3395 5607 3584 5666 delini-

361 5763 415 5796 ιι
448 5757 668 5815 λειω..
707 5772 800 5823 νη,
830 5759 918 5824 ει,
951 5762 1032 5815 Ξῑὶ.
