4132 6316
583 395 688 450 HS

573 601 681 654 hoc
717 614 814 653 nos
840 597 1121 652 conflrmat
1157 597 1270 665 ipse
1298 608 1421 650 cum
1463 594 1538 648 ait
1577 612 1590 649 :
1629 612 1647 645 ι
1697 592 1908 649 Manete
1950 597 2156 662 in‘me,

571 693 684 765 83
712 701 763 745 et
785 707 881 762 ego
902 691 954 744 in
980 689 1152 744 vobis.
1178 687 1642 754 Quemadmodum
1680 687 1884 756 palmes
1925 702 2032 741 non
2070 702 2161 758 po-

575 797 681 841 test
723 786 953 838 fructum
987 782 1132 837 ferre
1161 798 1191 836 a
1235 780 1432 850 seipso,
1480 780 1581 834 nisi
1618 789 1832 834 maneat
1877 779 1930 833 in
1979 779 2086 834 vite
2139 797 2154 834 :

569 878 651 933 sic
677 889 853 945 neque
885 890 1002 939 vos,
1037 874 1139 928 nisi
1169 873 1438 927 maneatis
1467 871 1520 925 in
1563 886 1669 926 me.
1713 869 1823 940 Ego
1847 884 1964 925 sum
2009 870 2154 936 vitis,

569 984 666 1024 vos
697 969 944 1040 palmites
980 985 994 1022 :
1027 967 1115 1035 qui
1152 979 1334 1020 manet
1373 967 1425 1019 in
1463 979 1569 1028 me,
1599 973 1653 1019 et
1684 978 1786 1032 ego
1837 964 1889 1017 in
1929 961 2040 1029 illo,
2066 962 2158 1019 ille

570 1058 673 1113 fert
717 1056 951 1112 fructum
985 1057 1261 1126 copiosum
1297 1073 1310 1110 :
1350 1057 1476 1124 quia
1513 1055 1630 1109 sine
1660 1067 1746 1108 mc
1783 1069 1890 1108 non
1931 1054 2158 1122 potestis

567 1148 749 1204 facere
801 1149 1094 1218 quidquam
1137 1147 1206 1199 ".
1247 1164 1266 1196 ι
1319 1145 1453 1200 Dico
1513 1147 1695 1214 itaque
1747 1152 1999 1214 Oportere
2063 1159 2158 1213 per

487 1311 490 1314 ἢ
568 1238 730 1293 iidem
755 1247 807 1292 ct
839 1238 1185 1292 dilcc1ionem
1214 1247 1267 1291 ct
1303 1236 1666 1290 obedientiam
1707 1249 1804 1304 per
1827 1237 2029 1299 omnia,
2061 1237 2155 1292 viti

567 1347 734 1396 verae,
770 1331 823 1384 id
863 1339 966 1392 est,
1015 1329 1252 1394 Christo,
1289 1329 1681 1382 adhaerescere.
1727 1327 1842 1397 Ipse
1890 1328 2154 1397 siquidem

569 1424 764 1479 reddet
787 1439 888 1479 nos
926 1421 1236 1494 frugiferos,
1286 1422 1403 1492 ipse
1447 1419 1802 1476 circumdabit
1854 1435 2059 1490 sepem,
2106 1427 2158 1474 et

570 1517 833 1573 excitabit
865 1531 1099 1580 murum,
1133 1522 1190 1569 et
1214 1513 1422 1568 arcebit
1455 1521 1815 1566 transeuntes.
1863 1509 1929 1564 Et
1973 1511 2037 1564 ad
2081 1512 2158 1580 ip-

571 1623 690 1663 sum
717 1606 915 1661 alicubi
941 1607 1070 1661 dicit
1098 1619 1311 1659 sacrum
1341 1603 1619 1659 oraculum
1654 1620 1668 1658 :
1709 1621 1727 1654 ι
1763 1601 1829 1656 Ει
1866 1614 2154 1657 exstruen-

573 1707 664 1752 tur
709 1695 1026 1751 solitudines
1069 1705 1172 1749 tum
1219 1703 1514 1765 perpetua',
1549 1702 1604 1747 et
1639 1702 2048 1747 monumentum
2103 1691 2153 1745 in

571 1797 776 1854 tetates,
812 1798 865 1842 et
905 1787 1190 1842 vocaberis
1225 1785 1525 1840 aediﬁcator
1566 1786 1797 1855 sepium,
1832 1793 1887 1839 et
1932 1785 2155 1840 semitas

571 1880 923 1935 intermedias
947 1893 1160 1934 cessare
1189 1879 1356 1934 facies
1385 1879 1452 1930 ⁷⁸.
1497 1897 1516 1930 ι
1599 1935 1612 1944 κ

1575 390 1631 445 ι.
1672 385 1944 444 CYRILLI
1985 387 2458 444 ALEXANDRINI
2497 387 2817 444 ARCHlEP.

577 507 828 562 videlicet
863 502 1225 574 epiritualcm,
1263 500 1528 557 fructuosi
1573 500 1770 556 redditi
1825 515 2032 556 sumus.
2085 501 2157 556 Ad

2271 519 2364 575 ρον
2396 503 2610 574 καρπὸν
2639 504 2894 574 καθαίρει
2922 503 3074 568 αὐτὸ,
3111 503 3200 558 ἵνα
3237 505 3448 576 καρπὸν
3488 507 3712 563 πλείονα

3746 398 3853 453 ιιι

3756 515 3852 578 φέ-

2266 611 2354 665 ρῃ.
2400 614 2419 646 ι
2467 593 2687 665 Ἐπειδὴ
2713 593 2767 648 δὲ
2802 593 2950 665 αὐτῷ
2979 596 3446 667 προσπεφύκαμεν
3481 596 3547 650 δι’
3583 601 3850 674 nixam-.1;-

2260 702 2376 750 τος,
2407 685 2566 755 δῆλον
2625 687 2707 739 ὅτι
2757 686 2856 756 τῆς
2911 687 3306 757 πνευματικῆς,
3373 689 3850 761 ἀποτετελέσμεθα

2260 779 2622 850 καρποφόροι·
2665 780 2759 832 καὶ
2791 777 2926 849 πρός
2950 795 3012 846 γε
3046 778 3202 833 τοῦτο
3230 780 3378 851 ἡμᾶς
3416 783 3646 852 ὲμπεδοῖ
3677 783 3850 854 λέγων

2260 869 2442 934 αὑτός·
2480 889 2498 921 ι
2534 871 2769 926 Μείνατε
2802 872 2860 924 ἐν
2898 872 3044 941 ἐμοὶ,
3081 871 3237 940 κάγὼ
3278 873 3336 925 ὲν
3363 875 3514 943 ὑμῖν.
3551 876 3752 941 Καθὼς
3787 879 3852 932 τὸ

2259 961 2448 1031 κλῆμα
2477 962 2537 1015 οὑ
2566 962 2789 1015 δύναται
2817 963 3028 1034 καρπὸν
3052 963 3239 1035 φέρειν
3269 965 3363 1034 ἀφ’
3392 967 3609 1032 ἑαυτοῦ,
3643 970 3737 1022 ὲάν
3773 971 3850 1041 μὴ

2263 1053 2426 1125 μείνῃ
2468 1055 2526 1107 ὲν
2557 1055 2624 1125 τῇ
2667 1053 2897 1125 ἀμπέλῳ
2920 1073 2931 1086 ·
2964 1055 3138 1118 οὕτως
3165 1056 3286 1110 οὐδὲ
3327 1057 3505 1127 ὑμεῖς,
3541 1059 3638 1112 ἐὰν
3679 1060 3751 1131 μὴ
3791 1064 3851 1115 ὲν

2258 1145 2384 1215 ἐμοὶ
2421 1145 2662 1217 μείνητε.
2699 1145 2839 1214 Ἐγώ
2865 1150 2978 1218 είμι
3002 1148 3035 1218 ἡ
3065 1148 3328 1219 ἄμπελος,
3361 1150 3518 1220 ὑμεῖς
3545 1151 3598 1203 δὲ
3627 1151 3694 1206 τὰ
3717 1153 3850 1225 κλή-

2261 1252 2429 1307 ματα·
2474 1239 2502 1290 6
2549 1237 2724 1306 μένων
2756 1240 2813 1290 ὲν
2847 1239 2990 1308 ἐμοὶ,
3017 1238 3171 1306 κάγὼ
3206 1240 3264 1290 ὲν
3301 1239 3470 1310 αὐτῷ,
3508 1235 3661 1304 οὗτος
3693 1245 3850 1314 φέρει

2259 1327 2471 1399 καρπὸν
2521 1328 2709 1392 πολὺν,
2762 1331 2843 1382 ὅτι
2884 1336 3053 1402 χωρὶς
3102 1331 3236 1401 ἐμοῦ
3287 1332 3346 1384 οὐ
3394 1332 3624 1386 δύνασθε
3675 1340 3849 1388 ποιεῖν

2258 1419 2430 1473 οὐδέν.
2473 1439 2490 1472 ι
2536 1421 2750 1490 Χρῆναι
2784 1423 2841 1474 δὲ
2882 1418 2973 1474 οῦν
3000 1421 3176 1491 ἔγωγέ
3210 1441 3350 1494 φημι
3383 1427 3846 1497 προσερηρεῖσθαι

2257 1511 2367 1565 δεῖν
2391 1511 2479 1565 διὰ
2519 1513 2756 1576 πίστεως
2796 1514 2890 1567 καὶ
2920 1515 3140 1585 ἀγάπης
3183 1516 3276 1569 καὶ
3305 1516 3401 1586 τῆς
3431 1519 3512 1580 είς
3537 1521 3644 1571 πᾶν
3667 1519 3849 1572 ὁτιοῦν

2261 1602 2570 1666 εὐπειθείας
2607 1606 2671 1674 τῇ
2707 1604 2937 1676 ἀμπέλῳ
2965 1607 3030 1675 τῇ
3067 1604 3317 1677 ἀληθινῇ,
3357 1607 3504 1660 τοῦτ’
3537 1608 3672 1671 ἔστι,
3708 1610 3839 1680 Χρι-

2261 1694 2389 1764 στῷ-
2424 1695 2594 1758 Αὐτὸς
2632 1694 2740 1766 γὰρ
2777 1697 2926 1765 ἡμᾶς
2955 1698 3225 1766 ἀποφανεῖ
3256 1700 3656 1770 καρποφόρους,
3683 1702 3848 1764 αὐτὸς

2261 1784 2546 1854 περιθήσει
2581 1785 2854 1854 φραγμὸν,
2888 1785 2980 1838 καὶ
3027 1787 3211 1857 ἐγερεῖ
3241 1788 3300 1839 τὸ
3339 1791 3533 1858 τεῖχος,
3577 1792 3670 1843 καὶ
3706 1793 3847 1844 ἁποο

2187 1865 2228 1919 Β
2260 1878 2445 1946 στήσει
2472 1876 2826 1940 διοδεύοντας.
2869 1879 2980 1932 Καὶ
3009 1879 3146 1948 πρὸς
3178 1879 3339 1931 αὐτόν
3373 1879 3474 1932 πού
3506 1897 3637 1950 φησι
3665 1881 3848 1949 λόγιον

571 1971 735 2044 Ιερόν·
783 1990 801 2023 ι
839 1970 950 2025 Καὶ
998 1968 1516 2040 οίκοδομηθήσονταί
1557 1984 1649 2020 σου
1690 1967 1886 2039 ἔρημοι
1925 1963 2154 2029 αίὼνιοι,
2196 1964 2291 2016 καὶ
2355 1964 2700 2034 μνημόσυνον
2739 1963 2942 2032 γενεῶν
3011 1968 3246 2034 γενεαῖς,
3279 1969 3371 2020 καὶ
3411 1969 3656 2040 κληθήσῃ
3697 1973 3849 2026 οἰκο-

570 2065 734 2136 δόμος
759 2063 1051 2135 φραγμῶν,
1081 2064 1177 2117 καὶ
1199 2063 1300 2126 τὰς
1333 2061 1553 2134 τρίϐους
1574 2060 1673 2124 τὰς
1694 2060 1798 2114 ἀνά
1831 2061 1992 2132 μέσον
2025 2059 2273 2121 παύσεις.
2316 2076 2336 2109 ι

645 2160 814 2216 Vnus.
870 2158 923 2212 7.
979 2155 1142 2211 Vinea
1193 2156 1332 2211 enim
1392 2155 1604 2210 Domini
1661 2154 1912 2220 Sabaoth,
1970 2156 2158 2209 domus

571 2250 780 2315 Israel,
827 2260 875 2304 et
931 2251 1085 2302 homo
1143 2247 1318 2312 Juda,
1373 2247 1577 2302 novella
1634 2246 1894 2316 plantatio
1941 2245 2155 2300 dilecta.

572 2343 883 2413 Exspectat'i
925 2352 975 2393 ut
1005 2339 1195 2409 faceret
1223 2339 1508 2408 judicium,
1538 2344 1593 2390 at
1639 2336 1762 2405 fecit
1802 2336 2155 2406 iniquitatem,

568 2444 616 2489 et
661 2451 762 2488 non
782 2434 1069 2504 justitiam,
1099 2432 1188 2484 sed
1221 2430 1524 2484 clamorem.

638 2525 867 2595 Liquido
914 2525 966 2578 in
1001 2524 1085 2578 liis
1119 2523 1300 2577 verbis
1347 2519 1609 2584 ostendit,
1651 2534 1757 2574 non
1797 2534 1858 2574 se
1893 2518 2038 2589 loqui
2090 2517 2159 2575 de

572 2617 727 2669 vinea
775 2613 1027 2668 sensibus
1078 2610 1328 2678 objecta,
1396 2609 1491 2663 sed
1555 2609 1830 2663 intellectu
1881 2617 2155 2678 percepta.

571 2705 752 2761 Sumit
777 2703 920 2757 enim
958 2703 1072 2756 fere
1112 2715 1331 2770 semper
1373 2698 1657 2767 Scriptura
1696 2697 1955 2752 divinitus
1993 2697 2159 2765 inspi-

573 2807 687 2850 rata
727 2792 972 2861 exempla
1006 2805 1129 2860 qua:
1175 2797 1437 2859 apparent
1476 2798 1530 2841 et
1572 2796 1780 2858 patent,
1826 2786 1893 2841 ad
1938 2785 2159 2840 demon-

573 2887 895 2944 strationem
951 2899 1134 2938 rerum
1179 2880 1584 2946 obscuriorum,
1621 2890 1677 2933 et
1710 2880 1810 2932 sub
1856 2877 2154 2946 intelligen-

573 2985 700 3035 tiam
754 2977 1074 3034 viventium.
1119 2974 1214 3028 Est
1265 2974 1437 3037 enim,
1493 2972 1690 3041 inquit,
1740 2970 1897 3025 vinea
1947 2967 2156 3023 Domini

571 3073 828 3135 Sabaoth,
856 3083 907 3126 et
937 3083 1156 3140 germen
1175 3067 1456 3131 dilectum,
1483 3065 1672 3120 domus
1700 3061 1882 3127 Israel,
1913 3072 1966 3116 et
1997 3062 2159 3116 homo

569 3167 724 3224 Iuda.
765 3165 1148 3221 Verumtamen
1186 3175 1309 3214 cum
1351 3159 1498 3212 illam
1531 3156 1678 3211 omni
1711 3151 2080 3209 misericordia
2104 3159 2161 3205 et

569 3259 860 3314 dilectione
883 3257 1160 3325 dignarer,
1190 3261 1244 3306 et
1276 3250 1424 3305 omni
1462 3264 1590 3302 cura
1618 3259 1980 3317 prosequerer
2005 3282 2021 3306 ,
2050 3257 2157 3296 non

572 3352 674 3405 fuit
709 3361 1048 3402 racemorum
1088 3343 1265 3407 ferax,
1316 3356 1420 3394 non
1473 3338 1600 3392 vitis
1651 3351 1937 3408 generosa,
1986 3333 2157 3402 legem

2346 2151 2409 2204 '0
2451 2152 2558 2222 γὰρ
2600 2152 2887 2222 ἁμπελὼν
2941 2153 3161 2222 Κυρίου
3214 2154 3488 2220 Σαϐαὼθ,
3537 2151 3705 2222 οἶκος
3734 2157 3848 2212 τοῦ

2271 2242 2519 2314 Ἰσραήλ
2545 2244 2698 2308 ἐστι,
2718 2245 2816 2298 καὶ
2837 2245 3146 2314 ἅνθρωπος
3172 2246 3279 2301 τοῦ
3310 2246 3524 2311 Ἰούδα,
3545 2250 3848 2317 νεόφυτον

2256 2333 2664 2405 ἠγαπημένον.
2687 2337 2932 2404 Ἔμεινα
2951 2335 3056 2390 τοῦ
3087 2335 3337 2404 ποιῆσαι
3358 2338 3578 2404 κρίσιν,
3591 2339 3847 2405 ἐποίησε

2257 2424 2326 2478 δὲ
2341 2427 2598 2496 ἀνομίαν
2621 2427 2718 2481 καὶ
2748 2429 2819 2480 οὐ
2853 2426 3270 2496 δικαιοσύνην,
3295 2429 3457 2482 ἀλλὰ
3479 2428 3771 2499 κραυγήν.

2340 2514 2709 2585 Ἀποδέδειχεν
2737 2517 2984 2587 ἐναργῶς
3034 2519 3092 2570 ἒν
3145 2517 3375 2581 τούτοις,
3411 2518 3605 2590 ὅτιπερ
3630 2522 3658 2572 6
3685 2520 3847 2587 λόγος

2259 2609 2407 2678 αὐτῷ
2441 2608 2668 2678 γέγονεν
2694 2611 2757 2663 οὺ
2795 2612 2922 2682 περὶ
2965 2611 3224 2682 αἰσθητοῦ
3259 2612 3460 2682 μᾶλλον
3489 2613 3842 2683 ἀμπελῶνος.

2259 2699 2393 2753 ἀλλά
2420 2701 2546 2771 περὶ
2570 2699 2782 2771 νοητοῦ.
2799 2701 3023 2771 Δέχεται
3050 2702 3158 2773 γὰρ
3179 2703 3263 2755 ἀεί
3290 2721 3404 2766 πως
3429 2705 3460 2774 ἡ
3487 2703 3842 2767 θεόπνευστος

2258 2791 2299 2844 Γ
2305 2792 2448 2861 ραφὴ
2479 2791 2549 2843 τά
2577 2792 2797 2862 ἐμφανῆ
2839 2793 2946 2846 τῶν
2995 2794 3457 2864 παραδειγμάτων
3494 2797 3575 2860 είς
3621 2798 3845 2861 ἔνδειξιν

2257 2884 2364 2938 τῶν
2393 2883 2776 2953 ἀφανεστέρων
2820 2885 2913 2937 καὶ
2941 2884 3147 2955 νοητῶν
3187 2887 3550 2956 πραγμάτων.
3596 2889 3703 2942 Καὶ
3733 2891 3844 2958 γάρ

2260 2980 2402 3042 ἐστι,
2430 2976 2614 3047 φησὶν,
2649 2974 2957 3046 ὁάμπελὼν
2991 2977 3084 3030 τοῦ
3117 2978 3323 3049 Κυρίου
3359 2978 3606 3045 Σαϐαὼθ,
3650 2982 3742 3033 καὶ
3784 2982 3846 3032 τὸ

2258 3069 2514 3139 νεόφυτον
2559 3068 2938 3138 ἠγαπημένον,
2978 3070 3008 3122 6
3069 3063 3215 3133 οἶκος
3267 3070 3362 3124 τοῦ
3405 3070 3640 3142 Ἰσραὴλ,
3687 3071 3778 3124 καὶ
3817 3073 3846 3123 6

2257 3161 2543 3232 ἄνθρωπος
2587 3160 2679 3214 τοῦ
2733 3160 2922 3213 Ἰούδα.
2975 3159 3137 3213 Ἀλλὰ
3189 3162 3365 3215 καίτοι
3417 3162 3516 3231 τῆς
3563 3162 3696 3234 παρ’
3724 3165 3846 3233 ἐμοὶ

2260 3253 2474 3322 φειδοῦς
2499 3253 2595 3308 καὶ
2619 3253 2840 3324 ἀγάπης
2870 3252 3194 3323 ἠξιωμένος,
3249 3253 3342 3306 καὶ
3365 3252 3542 3322 πάσης
3562 3254 3846 3324 φροντίδος

2265 3342 2672 3407 ἀπολελαυκὼς,
2726 3343 2786 3396 οὐ
2839 3344 3061 3411 γέγονεν
3125 3343 3406 3415 εῦόοτρνς,
3459 3343 3557 3396 οὐκ
3597 3343 3846 3414 ἄμπελος

573 3458 682 3498 non
727 3438 912 3504 coluit,
947 3449 1055 3491 non
1084 3433 1308 3503 probam
1355 3443 1529 3498 neque
1571 3435 1815 3482 sanetam
1866 3425 2029 3478 vitam
2067 3423 2157 3476 de—

2261 3428 2508 3500 εὒγενὴς,
2549 3430 2612 3481 οὐ
2639 3427 2905 3498 τετίμηκε
2937 3428 3124 3497 νόμον,
3157 3428 3278 3480 οὐδὲ
3316 3429 3532 3500 ἐπιεικῆ
3558 3431 3651 3482 καὶ
3681 3430 3850 3498 ἁγίαν

572 3535 674 3604 git,
709 3531 803 3586 sed
848 3543 995 3598 spem
1030 3523 1282 3595 agricola:
1316 3520 1478 3576 Veluti
1514 3517 1722 3574 fefellit.
1774 3516 1887 3587 Ego
1941 3514 2156 3584 quidem

572 3622 884 3692 exspectavi
914 3618 1198 3688 judicium,
1242 3613 1296 3667 id
1339 3621 1446 3676 est,
1474 3623 1544 3665 ex
1575 3609 1757 3662 animo
1811 3607 2027 3662 sincero
2069 3619 2158 3659 re-

576 3724 744 3777 ctam,
779 3722 835 3766 et
862 3713 914 3764 in
944 3705 1198 3762 omnibus
1227 3704 1388 3759 rebus
1415 3701 1640 3771 agendis
1675 3699 1987 3768 opinionem
2013 3697 2161 3750 irre-

571 3801 994 3878 preltensibilem
1029 3813 1122 3854 seu
1147 3796 1434 3864 judicium.
1472 3793 1579 3847 Sed
1611 3791 1722 3855 illa,
1755 3790 1948 3858 inquit,
1975 3798 2158 3858 patra—

571 3901 649 3953 vit
682 3897 1046 3964 iniquitatem.
1081 3887 1300 3957 Alioqui
1319 3884 1464 3942 enim
1493 3882 1767 3954 quomodo
1807 3881 1934 3935 vitis
1973 3879 2158 3950 spinas

570 3987 827 4062 pareret?
869 3985 1063 4054 Itaque
1112 3981 1325 4045 fefellit,
1374 3986 1434 4033 ut
1487 3977 1597 4046 jam
1650 3973 1782 4030 dixi.
1816 3971 1972 4030 Unde
2013 3971 2158 4028 enim

569 4097 787 4155 aequum
818 4088 938 4135 erat
969 4074 1196 4147 iustitia:
1233 4073 1444 4128 fruetus
1475 4080 1742 4132 crescere,
1786 4064 1912 4120 inde
1965 4074 2160 4134 praeter

569 4154 1030 4246 exspectationem
1071 4168 1216 4223 edita
1250 4173 1337 4221 est
1367 4162 1473 4218 vita
1504 4175 1625 4230 quae
1660 4169 1716 4214 et
1757 4171 1788 4212 a
1817 4157 1988 4212 sacris
2027 4154 2159 4225 legi-

573 4270 676 4324 bus
701 4265 879 4320 aliena
928 4271 1066 4324 erat,
1117 4267 1174 4315 et
1212 4256 1413 4314 divinis
1464 4252 1751 4323 praeceptis
1802 4247 2156 4320 repugnabat.

569 4357 784 4412 Idcirco
813 4353 945 4408 fecit
971 4351 1315 4421 iniquitatem
1342 4355 1398 4402 et
1442 4361 1550 4399 non
1585 4343 1877 4412 justitiam,
1913 4338 2008 4396 sed
2044 4338 2158 4394 cla-

573 4462 808 4506 morem.
841 4444 1145 4500 Clamorem
1171 4447 1356 4493 autem
1386 4437 1511 4501 hoc,
1543 4435 1758 4505 opinor,
1779 4433 1908 4486 dicit
1940 4441 2161 4485 :osten-

569 4544 707 4598 deus
733 4540 900 4594 vitam
927 4549 1118 4590 eorum
1149 4528 1432 4584 iracundia
1472 4509 1827 4596 praecipitem,
1863 4534 1920 4578 et
1948 4524 2158 4594 plenam

573 4629 922 4686 tumultibus.
962 4623 1142 4689 Quare
1187 4629 1242 4674 et
1291 4619 1505 4672 divinus
1557 4616 1756 4669 Paulus
1807 4615 2160 4668 sanctilicatis

572 4723 825 4796 pracipit
853 4722 1046 4776 dicens
1072 4731 1087 4769 :
1118 4712 1234 4787 84
1259 4731 1279 4765 ι
1311 4710 1500 4767 Omnis
1525 4720 1703 4764 autem
1724 4707 1946 4770 clamor,
1981 4709 2156 4772 etira,

567 4829 623 4874 et
659 4817 838 4880 furor,
867 4825 926 4870 et
965 4810 1316 4868 maledictum
1365 4805 1585 4860 tollatur
1623 4817 1653 4855 a
1685 4801 1858 4865 vobis,
1897 4810 1952 4854 et
1998 4813 2160 4854 omne

573 4909 772 4964 vitium
810 4906 880 4960 ".
915 4923 936 4957 ι
971 4901 1159 4973 Neque
1185 4914 1319 4956 vero
1345 4898 1501 4952 decet
1548 4909 1646 4950 eos
1692 4893 1782 4964 qui
1825 4901 2006 4948 mento
2047 4901 2159 4946 sta-

568 5002 666 5058 bili
705 5015 774 5058 ac
801 4998 989 5056 sedata
1017 4994 1230 5066 praediti
1261 4999 1408 5055 sunt,
1441 4988 1658 5046 stolidis
1705 4987 1782 5042 uti
1819 4984 2162 5041 vociferatio-

571 5098 732 5153 nibus
761 5113 776 5151 :
807 5092 906 5150 sed
933 5092 1019 5148 his
1045 5089 1301 5146 convenit
1333 5085 1506 5156 magis
1535 5083 1738 5154 quibus
1775 5080 1885 5135 vita
1915 5089 2001 5134 est
2035 5078 2163 5132 labi-

572 5192 638 5246 lis
657 5200 714 5247 et
747 5187 979 5250 lubrica,
1009 5184 1119 5239 imo
1140 5181 1208 5236 ad
1234 5193 1396 5236 omne
1425 5177 1636 5231 facinus
1659 5173 1934 5245 proclivis,
1969 5181 2023 5226 et
2062 5169 2154 5239 qui

574 5285 759 5339 lurore
795 5278 969 5349 magis
997 5287 1161 5345 quam
1201 5268 1489 5340 prudentia
1522 5267 1689 5322 vitam
1724 5265 2034 5320 instituunt.
2062 5259 2156 5314 Vi-

575 5379 734 5429 detur
747 5374 910 5428 etiam
948 5364 1346 5424 atrocissimam
1368 5359 1680 5415 Iudaeorum
1712 5357 2157 5412 exclamationem

576 5467 925 5528 subitmuere,
970 5473 1132 5529 quam
1189 5463 1382 5510 contra
1416 5452 1591 5521 ipsum
1645 5448 1922 5503 Christum
1961 5447 2163 5500 excita-

471 5569 476 5574 ‘
579 5567 723 5610 runt.
778 5553 1084 5624 Objiciente
1117 5560 1354 5616 namque
1381 5541 1556 5597 Pilato
1587 5556 1654 5593 an
1693 5552 1872 5604 regem
1915 5551 2071 5591 suum
2106 5534 2161 5587 in

581 5656 799 5695 crucem
834 5642 918 5707 agi
942 5637 1160 5703 vellent,
1185 5634 1332 5690 omni
1363 5634 1590 5687 honesto
1618 5636 1674 5682 et
1703 5629 1901 5697 pietate
1942 5624 2164 5694 postha-

2258 3526 2442 3581 διεῦίω
2490 3522 2670 3596 ζωήνο
2722 3522 2991 3593 ἐψεύσατο
3039 3522 3096 3576 δὲ
3143 3523 3333 3595 ὥσπερ
3375 3525 3468 3577 καὶ
3505 3523 3604 3596 τὴν
3623 3525 3717 3578 τοῦ
3742 3541 3850 3594 γη-

2260 3615 2549 3677 πονοῦντος
2574 3612 2784 3667 ἐλπίδα.
2819 3611 2960 3682 Ἐγὼ
2990 3612 3087 3682 μὲν
3113 3612 3221 3683 γὰρ
3245 3614 3622 3685 προσεδόκησα
3643 3616 3847 3687 κρίσιν,

2259 3707 2407 3762 τοῦτ’
2430 3708 2568 3771 ἔστι,
2627 3707 2726 3778 τὴν
2774 3709 2840 3760 ἐκ
2888 3704 3124 3768 διανοίας
3179 3705 3506 3776 εἰλικρινοῦς
3550 3707 3717 3778 ὀρθὴν
3751 3709 3848 3764 καὶ

2259 3801 2560 3873 ἀμώμητον
2590 3799 2688 3872 τὴν
2741 3800 2826 3868 ἐφ’
2856 3798 3026 3853 ἅπασι
3063 3802 3176 3864 τοῖς
3221 3803 3543 3868 πρακτικοῖς
3596 3803 3848 3872 αἵρεσιν,

2259 3895 2378 3967 ἦτοι
2411 3893 2616 3966 κρίσιν.
2659 3893 2718 3944 Ὅ
2741 3891 2819 3958 δὲ,
2848 3892 3002 3962 φησὶ,
3035 3892 3334 3963 πεποίηκεν
3363 3893 3612 3963 ἀνομίαν.
3653 3894 3848 3948 Καίτοι

2262 3984 2380 4050 πῶς
2430 3984 2496 4039 ἂν
2527 3983 2773 4056 ἄμπελος
2815 3982 3056 4047 ἀκάνθας
3097 3983 3282 4051 τέκοι;
3315 3984 3510 4037 οὐκοῦν
3557 3985 3848 4054 ἐψεύσατο,

2260 4075 2513 4148 καθάπερ
2546 4075 2683 4147 ἔφην
2713 4075 2938 4148 ἀρτίως.
2971 4073 3133 4130 Ὅθεν
3170 4075 3280 4146 γὰρ
3310 4070 3378 4146 ἦν
3409 4074 3555 4138 εἰκὸς
3592 4077 3720 4139 τοὺς
3751 4077 3850 4146 τῆς

2261 4168 2613 4238 δικαιοσύνης
2659 4166 2930 4236 ἀναφῦναι
2985 4167 3263 4239 καρποὺς,
3324 4167 3536 4221 ἐκεῖθεν
3587 4167 3848 4238 ἀδόκητος

2259 4261 2534 4316 ἑκδέδοται
2575 4259 2708 4331 βίος,
2739 4261 2770 4313 6
2802 4260 2895 4313 καὶ
2919 4259 3101 4330 νόμων
3125 4259 3228 4323 ἔξω
3269 4258 3378 4312 τῶν
3421 4259 3583 4330 ίερῶν
3614 4259 3711 4312 καὶ
3740 4259 3851 4310 τῶν

2258 4354 2324 4408 ὲκ
2373 4354 2472 4425 τῆς
2517 4351 2666 4414 θείας
2722 4350 2945 4420 ἐντολῆς
3005 4350 3344 4422 κατάρῤησιν
3405 4351 3561 4420 ἔχων.
3636 4348 3852 4403 Οὐκοῦν

2260 4441 2514 4511 εποίησεν
2543 4438 2795 4508 ἀνομίαν,
2815 4438 2909 4492 καὶ
2927 4439 2987 4491 οὺ
3014 4437 3382 4509 δικαιοσύνην,
3417 4439 3554 4494 ἀλλὰ
3573 4441 3846 4511 κραυγήν.

2260 4531 2524 4604 Κρανγὴν
2561 4531 2620 4584 δέ
2668 4547 2835 4602 φησιν
2885 4533 3060 4585 ἐκεῖνο
3090 4527 3243 4602 οἶμαί
3300 4549 3402 4584 που
3451 4532 3736 4596 δεικνύων,
3766 4534 3851 4586 δτι

2261 4624 2480 4692 γέγονεν
2542 4624 2725 4686 αὐτοῖς
2796 4623 3166 4693 σεσοϐημένος
3229 4626 3327 4694 μὲν
3381 4627 3462 4688 είς
3516 4626 3693 4696 ὀργὰς
3753 4628 3846 4682 καὶ

2263 4715 2490 4787 θορύϐου
2547 4717 2741 4787 μεστὸς
2768 4717 2796 4769 6
2828 4716 2960 4786 βίος.
2993 4716 3083 4769 Διὸ
3121 4719 3214 4770 καὶ
3246 4721 3273 4771 6
3313 4717 3600 4780 θεσπέσιος
3635 4719 3841 4783 Παῦλος

2260 4811 2372 4872 τοῖς
2392 4809 2748 4880 ἡγιασμένοις
2769 4809 3071 4862 ἐντέλλεται
3096 4807 3290 4876 λέγων’
3317 4828 3334 4860 ι
3362 4809 3518 4862 Πᾶσα
3533 4809 3588 4862 δὲ
3607 4813 3849 4881 κραυγὴ,

2259 4899 2354 4953 καὶ
2382 4898 2542 4970 ὀργὴ,
2595 4898 2692 4952 καὶ
2741 4897 2934 4969 θυμὸς,
2974 4899 3070 4952 καὶ
3120 4898 3439 4969 βλασφημία
3489 4899 3715 4971 ἀρθήτω
3754 4898 3850 4970 ἀφ’

2260 4990 2414 5060 ὑμῶν
2441 4989 2539 5044 σὺν
2583 4990 2734 5059 πάσῃ
2784 4990 2974 5061 κακία.
3008 5009 3026 5042 ι
3063 4989 3272 5058 Πρέποι
3330 4989 3436 5060 γὰρ
3488 4989 3574 5054 ἂν,
3625 4991 3688 5042 οὐ
3735 4994 3853 5056 τοῖς

2258 5080 2612 5136 καθεστῶσαν
2661 5079 2844 5152 ἔχουσι
2891 5082 2993 5150 τὴν
3051 5082 3245 5152 φρένα,
3283 5082 3344 5134 τὸ
3391 5084 3512 5144 ταῖς
3544 5081 3853 5151 ἀσυφήλοις

2262 5173 2562 5244 κεχρῆσθαι
2600 5174 2902 5242 κραυγαῖς,
2937 5172 3166 5236 ἐκείνοις
3195 5172 3252 5224 δὲ
3307 5171 3528 5242 μᾶλλον,
3562 5169 3646 5234 οἷς
3671 5173 3702 5224 6
3737 5171 3858 5242 βίος

2261 5263 2362 5315 οὐκ
2411 5260 2658 5332 ἀσφαλής
2687 5278 2699 5291 ·
2749 5261 2948 5332 μᾶλλον
2976 5260 3034 5313 δὲ
3066 5261 3205 5332 πρὸς
3243 5262 3351 5314 πᾶν
3401 5261 3583 5314 ὁτιοῦν
3612 5262 3862 5325 εὐκόλως

2257 5353 2364 5405 τῶν
2395 5352 2601 5418 κακῶν,
2621 5353 2714 5406 καὶ
2736 5351 2892 5423 θυμῷ
2911 5351 3112 5423 μᾶλλον
3137 5353 3171 5423 ἢ
3191 5353 3404 5406 συνέσει
3431 5351 3861 5422 διοικουμένοις.

2263 5445 2448 5496 Ἐοικε
2510 5444 2570 5497 δὲ
2642 5444 2738 5497 καὶ
2808 5445 2906 5515 τὴν
2979 5443 3327 5514 παγχάλεπον
3391 5443 3501 5496 τῶν
3578 5442 3864 5497 Ἰουδαίων

2259 5535 2510 5606 κραυγὴν
2542 5535 2979 5601 ὑπαινίττεσθαι,
3022 5538 3088 5607 ἢν
3123 5535 3211 5588 ἐπ’
3245 5535 3395 5606 αὐτῷ
3418 5534 3748 5606 πεποίηνται
3776 5535 3870 5607 τῷ

2259 5622 2501 5696 Χριστῷ.
2543 5625 2774 5680 Πιλάτου
2808 5624 2918 5696 γὰρ
2957 5625 3325 5691 ὀνειδίζοντος,
3379 5627 3428 5678 εί
3479 5625 3542 5697 δὴ
3575 5623 3874 5696 βούλοιντδ

661 5792 881 5856 "Joau.
916 5813 1004 5865 xv,
1039 5796 1091 5864 4,
1135 5795 1188 5851 5.
1263 5793 1443 5849 "lsa.
1503 5803 1656 5858 ινιιι,
1714 5787 1800 5841 l2.
1879 5786 1926 5818 "
1981 5783 2178 5857 prcs.
2237 5799 2313 5851 tv,
2353 5783 2441 5839 31.
