4134 6304
355 315 464 374 “5

1496 319 1562 376 IN
1601 321 1837 378 ISAIAM
1877 323 2007 380 LIB.
2051 325 2092 380 l.
2131 321 2342 382 οιιΑτ.
2383 324 2464 382 Ill.

3532 326 3632 383 N6

360 436 726 517 σταυροῦσθαι
768 437 861 492 τὸν
892 439 1114 509 βασιλέα
1150 441 1243 494 τὸν
1273 443 1503 508 ἐαυτῶν,
1538 445 1758 517 ἀπάσης
1784 446 1930 500 εύκο·

2050 446 2183 514 bita,
2211 445 2584 503 exclamarunt
2620 464 2631 498 :
2671 463 2689 497 ι
2730 443 2900 509 Tolle,
2923 441 3065 507 tolle,
3093 441 3240 499 cruci
3263 441 3416 513 etilge
3444 444 3628 515 illum;

360 527 524 597 σμίας
548 541 609 579 τε
645 515 778 597 όμόῦ
806 528 900 582 καὶ
928 527 1208 598 φιλοθεῖας
1247 530 1607 602 ὴφειδηκότες
1640 515 1949 603 ἀνακεκρᾶ-

360 633 530 683 γεσαν
555 616 726 670 αὐτοί·
760 636 781 668 ι
814 613 966 687 Αἶρε,
991 615 1134 692 αἶρε,
1155 621 1469 694 σταύρωσον
1488 624 1670 678 αὐτόν’
1699 625 1799 678 οὐκ
1827 625 1950 695 ἐχο-

363 723 465 775 μεν
496 707 714 777 βασιλέα
734 713 782 764 εί
811 711 886 782 μὴ
918 712 1225 783 Καίσαρα.»
1259 714 1489 787 Κραυγὴ
1508 715 1686 770 τοίνυν
1709 716 1944 789 πονηρὲ,

358 798 461 867 τῆς
505 799 771 854 Ἰουδαίων
798 804 1120 875 συναγωγῆς
1155 806 1185 858 ό
1223 806 1453 877 καρπὸς,
1479 807 1545 860 δι’
1572 809 1639 880 ἠν
1666 808 1947 880 ἀφῄρηται

357 889 451 940 καὶ
481 890 759 960 φραγμοῦ,
780 894 877 946 καὶ
897 892 1101 964 τοίχου,
1132 897 1224 948 καὶ
1245 896 1463 967 ἀρδείας
1486 898 1586 969 τῆς
1615 900 1681 952 ἐκ
1708 899 1948 968 νεφελῶν

354 979 548 1046 ἁγίων.
592 982 946 1053 Ἐστέρηνται
972 985 1029 1038 δὲ
1063 987 1156 1039 καὶ
1184 988 1403 1059 ἀπάσης
1433 989 1774 1061 ἐπιμελείας.
1802 992 1947 1063 Ἔφη

354 1071 484 1140 γὰρ,
511 1072 593 1125 δτι
632 1073 842 1145 Ἀνήσω
867 1075 958 1130 τὸν
977 1077 1280 1147 ἀμπελῶνά
1304 1097 1425 1150 μου,
1449 1082 1546 1133 καὶ
1569 1082 1630 1134 οὐ
1655 1080 1729 1152 μὴ
1743 1083 1945 1154 τμηθῇ,

352 1166 462 1218 οὐδ’
505 1168 568 1220 ού
609 1169 684 1239 μὴ
731 1173 937 1241 σκαφῇ.
971 1170 1378 1243 Κατεχερσώθη
1424 1171 1482 1224 δέ
1527 1171 1646 1236 ὅλος
1702 1173 1946 1237 ἀκάνθας

353 1258 676 1324 ἑκτετοκὼς,
711 1262 770 1315 αἳ
800 1263 996 1331 φλογός
1029 1264 1138 1316 είσι
1165 1265 1369 1334 τροφή.

430 1350 573 1403 Οὐαὶ
607 1353 661 1404 οι
705 1352 1130 1418 συνάπτοντες
1167 1355 1365 1408 οὶκίαν
1400 1356 1550 1424 πρὸς
1596 1357 1807 1417 οὶκίαν,
1848 1356 1946 1409 καὶ

354 1438 544 1508 ἀγρὸν
572 1441 723 1507 πρὸς
751 1442 940 1510 ἀγρὸν
994 1441 1345 1512 ἐγγίζοντες,
1385 1446 1483 1499 ἵνα
1524 1446 1627 1500 τοῦ
1679 1449 1949 1514 πλησίον

357 1529 703 1596 ἀ;;ἐ.1ωνταί
730 1549 806 1586 τι.
839 1531 935 1601 Μὴ
983 1534 1263 1601 οἰκήσετε
1300 1539 1472 1606 μόνοι
1516 1538 1612 1591 ἐπὶ
1644 1538 1755 1604 τῆς
1795 1538 1949 1608 γῆς;

380 1619 681 1688 Ἠκούσθη
717 1622 828 1690 γὰρ
856 1625 942 1689 είς
976 1623 1046 1677 τὰ
1073 1619 1193 1678 ὦτα
1218 1628 1436 1694 Κυρίου
1472 1628 1714 1682 Σαϐαὼθ
1739 1630 1941 1685 ταῦτα.

432 1708 554 1763 Ἵνα
582 1712 657 1781 μή
689 1729 774 1776 τις
802 1714 974 1785 οἴηται
1010 1715 1185 1786 μάτην
1200 1719 1567 1790 κατειρηκότα
1589 1719 1686 1774 τοῦ
1725 1721 1942 1794 Ἰσραὴλ

356 1799 479 1870 εικῆ
517 1817 575 1852 τε
609 1801 708 1872 τὴν
736 1803 977 1873 ἄμπελον
1003 1806 1296 1870 διαϐαλεῖν,
1334 1809 1411 1872 ὠς
1440 1810 1642 1880 ἥκιστα
1673 1812 1774 1881 μὲν
1810 1828 1941 1866 στα-

353 1889 531 1962 φυλὴν
566 1893 937 1961 ἐκτετοκυίαν,
967 1898 1169 1968 μᾶλλον
1204 1900 1262 1953 δέ
1295 1901 1558 1966 ἀκάνθας,
1584 1903 1733 1956 τοῦτ’
1763 1904 1935 1971 εστιν,

349 1983 472 2034 ἀντὶ
502 1983 761 2052 κρίσεως,
798 1985 914 2056 ἦτοι
944 1989 1230 2059 χριμάτων
1268 1991 1500 2047 δικαίων
1529 1995 1785 2066 ἀνομίας,
1815 1998 1940 2052 ἀντὶ

343 2070 399 2124 δὲ
428 2071 526 2142 τῆς
557 2072 912 2148 δικαιοσύνης
953 2082 1205 2152 κραυγήν
1230 2099 1246 2113 ⁶
1298 2084 1695 2156 ἀπαριθμείται
1741 2089 1941 2159 χρησί-

341 2179 459 2234 μως
496 2164 564 2218 τὰ
594 2161 767 2231 διήὧν
801 2163 871 2240 ἧν
899 2170 1064 2236 είκὸς,
1107 2174 1167 2226 οὐ
1202 2175 1438 2246 μετρίως
1481 2181 1939 2250 κατεγνωσμένον

341 2252 495 2320 ἰδεῖν,
526 2257 622 2308 καὶ
649 2258 754 2310 οὐκ
792 2260 886 2312 ἐπὶ
923 2264 1033 2326 τοῖς
1057 2263 1313 2334 τυχοῦσιν
1344 2267 1553 2333 ἁπλῶς,
1575 2269 1690 2322 ἀλλ’
1711 2271 1803 2324 ἐπὶ
1823 2272 1939 2336 τοῖς

340 2343 482 2413 ἀγαν
512 2348 936 2419 ἐκνομωτάτοις,
974 2353 1068 2406 καὶ
1093 2358 1203 2419 τοῖς
1234 2357 1316 2410 ὅτι
1349 2357 1584 2427 μάλιστα
1601 2375 1939 2432 κατεστυγη·

347 2435 531 2505 μένοις
559 2441 714 2510 παρά
745 2457 808 2509 γε
837 2441 915 2512 τῷ
944 2444 1219 2516 φιλαρέτῳ
1247 2447 1385 2518 Θεῷ.
1422 2450 1696 2522 Ταύτῃτοί
1728 2468 1894 2522 φησιν
1919 2465 1936 2480 ·

350 2546 367 2575 ε
410 2527 548 2582 Οὐαὶ
584 2532 634 2582 οἱ
667 2533 1032 2599 συνάπτοντες
1055 2537 1234 2591 οίκίαν
1265 2539 1401 2609 πρὸς
1420 2541 1619 2606 οἰκίαν,
1653 2543 1757 2596 καὶ.
1771 2543 1939 2615 ἀγρὸν

348 2616 489 2686 πρὸς
526 2618 701 2689 ἀγρὸν
730 2621 1062 2689 ἐγγίζοντες,
1099 2625 1190 2679 ἵνα
1231 2627 1328 2680 τοῦ
1363 2629 1588 2700 πλησίον
1631 2632 1936 2699 ἀφέλωνται

348 2723 422 2760 τι.
454 2726 477 2759 ι
521 2708 745 2761 Ἐνεστι
775 2711 885 2781 γὰρ
907 2711 982 2776 ὡς
1009 2713 1213 2768 ἐπίπαν
1242 2718 1356 2780 τοῖς
1387 2716 1625 2772 ἐθέλουσι
1664 2712 1933 2789 πλουτεῖν,

349 2796 444 2850 καὶ
489 2797 598 2868 μὴν
629 2798 727 2854 καὶ
754 2800 816 2853 τὸ
832 2801 1091 2857 δύνασθαι
1118 2804 1337 2876 λαχοῦσι
1374 2809 1509 2880 πρὸς
1543 2810 1717 2878 τοῦτο,
1743 2813 1807 2867 τὸ
1847 2813 1950 2878 ἀει-

349 2903 403 2940 τι
434 2887 618 2943 θέλειν
673 2893 791 2954 τοῖς
818 2893 916 2963 ἤδη
958 2898 1376 2967 πεπορισμένοις
1423 2901 1781 2974 ἐπισωρεύειν
1827 2906 1931 2974 ἐτι,

357 2978 452 3031 καὶ
487 2978 559 3032 τὰ
588 2979 688 3050 τῆς
731 2982 914 3046 οὐσίας
959 2986 1143 3050 αὐτοῖς
1181 2989 1241 3042 ἐν
1282 2989 1681 3062 ἀκαταλήκτοις
1710 2996 1937 3051 πλεονα-

350 3071 532 3137 σμοῖς,
589 3071 819 3142 ὁρᾶσθαι
878 3079 1064 3134 ποιεῖν,

346 3160 567 3230 ὁμόροις
587 3163 670 3217 ἀεὶ
698 3166 791 3218 καὶ
820 3167 1076 3234 γείτοσιν·
1106 3171 1408 3244 εὐρυτέρας
1426 3192 1485 3229 τε
1506 3177 1605 3241 τὰς
1628 3179 1685 3230 ἐν
1704 3181 1922 3235 ἄστεσιν

344 3254 521 3318 οίκίας
564 3257 848 3313 ἀποτελεῖν
901 3262 1327 3331 σπουδάζοντες,
1371 3269 1827 3342 καταϐιαζόμενοι
1861 3273 1920 3327 δὲ

343 3343 468 3403 τοὺς
495 3344 602 3398 τῶν
623 3349 968 3420 ὁμορούντων
1013 3355 1198 3418 αὐτοῖς
1246 3360 1461 3429 χωρίων
1499 3362 1780 3429 δεσπότας,
1826 3367 1920 3419 καὶ

341 3435 645 3528 τοῖς-ἰδίοις
681 3442 1065 3509 συνάπτοντες.
1115 3446 1434 3519 ’ᾼκόρεστον
1467 3454 1575 3524 γάρ
1620 3471 1673 3508 τι
1728 3459 1921 3528 χρῆμα

341 3525 597 3592 πλούσιος
630 3530 791 3603 ἀνὴρ,
812 3535 860 3586 εἰ
886 3538 1217 3607 παραήοιτό
1250 3559 1369 3607 πως
1406 3544 1554 3615 αὐτῷ
1578 3546 1639 3599 τὸ
1656 3532 1918 3604 δύνασθαι

571 3620 715 3692 ἆπερ
747 3622 812 3677 ἂν
845 3623 1087 3694 βούλοιτο
1118 3631 1436 3700 κατορθοῦν.
1481 3635 1763 3691 Ηέπαυται
1809 3638 1919 3711 γάρ

339 3705 595 3799 οὐδαμῶς
652 3713 767 3775 τοῖς
803 3713 914 3766 τοῦ.
945 3716 1113 3781 πέλας
1153 3720 1466 3792 ἐπιπηδῶνο
1508 3726 1602 3778 καὶ
1650 3727 1777 3798 διψῇ

340 3796 432 3848 ἀεὶ
465 3800 527 3851 τὸ
564 3799 720 3854 οὔπω
773 3805 968 3876 παρὸν,
1018 3809 1262 3880 γλίχεται
1303 3813 1358 3867 δέ
1398 3814 1506 3869 τῶν
1545 3819 1711 3889 μήπω
1745 3796 1918 3873 πεπο-

342 3890 637 3958 ρισμένων.
665 3894 801 3948 Οὐαὶ
827 3897 1030 3963 τοίνυν,
1053 3902 1333 3972 φησὶ,,τοτς
1359 3909 1652 3963 συνάπτειν
1675 3911 1918 3971 ἐθέλουσι

339 3978 440 4075 τὰς
478 3982 688 4075 ἑαυτῶν
715 3988 893 4054 οἰκίας
921 3994 1042 4055 ταῖς
1078 3995 1302 4065 ἐτέρων,
1339 4000 1432 4052 καὶ
1473 4001 1663 4073 ἀγροῖς
1690 4004 1915 4075 ἀγροὺς,

342 4070 435 4166 ίνα
462 4073 558 4166 τοῦ
595 4078 821 4147 πλησίον
867 4082 1174 4152 ἀφέλωνταί
1225 4105 1298 4143 τι.
1340 4070 1622 4162 Πρόφασιν
1664 4070 1777 4166 γάρ.
1801 4114 1919 4162 πως

340 4164 433 4218 ἀεὶ
470 4165 564 4218 τοῦ
589 4170 784 4239 χρῆναι
828 4173 1168 4232 πλεονεκτεῖν
1204 4183 1476 4237 ποιεῖσθαι
1520 4164 1879 4250 σπουδάζουσι
1901 4231 1916 4255 ,

337 4255 406 4308 τὸ
441 4257 519 4327 μὴ
557 4259 667 4312 δεῖν
699 4261 917 4333 ἐτέρους
945 4271 1182 4339 γειπιᾴν
1206 4273 1390 4336 αὐτοῖς
1413 4289 1429 4305 ο
1488 4269 1609 4330 εἶτα
1646 4277 1919 4347 βιάζονται

337 4349 470 4412 τοὺς
500 4349 944 4425 ἀσθενεστέρους,
963 4360 1057 4413 καὶ
1079 4360 1491 4418 πλεονεκτοῦσιν
1524 4367 1753 4433 ἀνοσίως
1788 4388 1922 4426 κατ-

2050 550 2154 590 non
2184 537 2448 592 habemus
2474 549 2654 607 regem
2687 535 2788 590 nisi
2816 534 3084 591 Cmsarem
3117 534 3186 591 ⁸⁸.
3219 553 3236 587 ι
3260 533 3480 590 Clamor
3500 551 3630 607 ergo

2050 625 2363 697 improbus,
2419 626 2693 696 improbus
2743 624 2948 681 Judalci
3032 625 3369 681 conciliabuli
3426 621 3633 682 fructus

2047 724 2149 780 est,
2184 732 2280 787 per
2304 711 2467 788 quem
2499 716 2672 772 orbati
2712 730 2835 771 sunt
2867 727 2921 773 et
2972 732 3100 789 sepe
3122 756 3137 782 ,
3185 726 3239 772 et
3289 718 3545 783 maceria,
3579 728 3633 772 et

2048 807 2373 864 irroratione
2400 825 2429 864 e
2460 810 2664 864 sanctis
2695 809 2946 872 nubibus,
2979 810 3234 881 omnique
3271 808 3433 863 etiam
3477 825 3627 869 cura.

2047 899 2254 972 Quippe
2280 902 2410 957 dicit
2442 921 2456 958 :
2493 902 2766 956 Dimittunt
2809 902 3017 956 vincam
3061 917 3258 969 meam,
3292 911 3347 958 et
3380 916 3482 957 non
3534 918 3634 972 pu-

2050 993 2274 1063 tahiutr,
2315 1009 2421 1048 non
2454 994 2707 1060 fodietur.
2741 991 2958 1048 Vastata
2991 1002 3075 1048 est
3102 995 3245 1050 enim
3281 1001 3414 1060 tota,
3442 994 3631 1063 spinas

2047 1084 2293 1154 gignens,
2328 1099 2449 1154 qua:
2479 1083 2620 1154 ignis
2647 1083 2968 1138 alimentum
2996 1093 3142 1137 sunt.

2118 1369 2284 1427 Vatis.
2318 1371 2373 1433 8.
2399 1370 2452 1429 9.
2495 1370 2581 1426 Va:
2617 1372 2696 1424 his
2718 1370 2809 1437 qui
2839 1369 3163 1439 conjuuguut
3187 1369 3397 1421 domum
3430 1368 3497 1420 ad
3526 1369 3625 1421 do-

1999 1493 2009 1504 -
2048 1478 2209 1526 nium,
2248 1470 2298 1516 et
2324 1477 2508 1530 agrum
2540 1462 2607 1512 ad
2652 1476 2836 1529 agrum
2866 1459 3311 1529 appropinquant,
3357 1466 3415 1510 ιιι
3454 1457 3626 1510 uicino

2046 1553 2248 1625 aliquid
2281 1553 2550 1616 auferant.
2587 1552 2668 1605 An
2715 1551 2811 1605 soli
2853 1550 3154 1604 habitabilis
3191 1551 3247 1603 in
3298 1549 3476 1605 terra?
3515 1547 3629 1605 Alq

2045 1646 2160 1699 dita
2190 1655 2309 1699 sunt
2339 1643 2477 1698 enim
2506 1644 2617 1698 haec
2652 1644 2708 1697 in
2744 1644 2960 1697 auribus
2992 1641 3202 1696 Domini
3231 1639 3484 1700 Sabaoth.

2113 1733 2193 1791 Ne
2221 1735 2343 1806 quis
2367 1735 2640 1790 existimet
2669 1733 2867 1788 frustra
2898 1748 3018 1788 eum
3056 1733 3106 1788 in
3127 1732 3374 1788 lsraelem
3399 1733 3626 1795 dixisse.

2043 1836 2098 1883 et
2124 1826 2244 1883 sine
2274 1844 2438 1883 causa
2473 1826 2793 1883 calumniari
2826 1827 3071 1892 vincam,
3093 1836 3279 1893 utpote
3311 1840 3416 1879 non
3471 1838 3643 1888 uvas,‘

2041 1921 2136 1976 sed
2157 1920 2340 1991 spinas
2368 1919 2692 1988 parientem,
2733 1917 2785 1971 id
2820 1927 2923 1983 est,
2977 1932 3077 1987 pro
3110 1915 3314 1984 judicio
3362 1924 3415 1969 et
3461 1914 3628 1982 aequi-

2043 2003 2171 2076 tate,
2205 2010 2566 2080 iniquitatem,
2598 2023 2696 2087 pro
2722 2007 2933 2079 justitia
2968 2006 3290 2066 clamorem,
3343 2003 3625 2061 commodo

2040 2112 2322 2158 enumerat
2350 2118 2410 2159 ea
2438 2118 2502 2158 ex
2528 2102 2748 2172 quibus,
2777 2101 3130 2172 quamobrem
3168 2099 3623 2160 fueritaccusata.

2042 2193 2239 2249 intueri
2286 2209 2351 2250 ac
2378 2195 2566 2250 videre
2600 2195 2759 2249 liceat
2794 2213 2807 2249 :
2845 2210 2949 2248 non
2990 2201 3208 2264 pr0pter
3239 2191 3479 2262 vulgaria
3508 2188 3624 2259 iam

2038 2296 2093 2342 et
2116 2289 2445 2356 communia,
2492 2287 2841 2357 sedpropter
2881 2302 2945 2342 ea
2977 2301 3100 2356 qua:
3134 2285 3481 2341 vehementer
3518 2281 3626 2353 legi

2043 2377 2395 2434 dissentanea
2431 2388 2577 2445 sunt,
2614 2380 2956 2448 maximeque
2995 2376 3103 2432 Deo
3148 2375 3365 2431 virtutis
3415 2373 3639 2433 amanti.

2040 2467 2236 2524 invisa.
2269 2468 2393 2525 Ideo
2421 2469 2552 2523 dicit
2587 2487 2601 2524 :
2639 2485 2658 2520 ι
2685 2465 2776 2522 Vae
2811 2467 2895 2522 his
2921 2466 3012 2537 qui
3043 2466 3382 2536 coniungunt
3405 2465 3634 2522 domum.

2039 2557 2247 2625 domui,
2273 2568 2329 2614 et
2374 2574 2562 2630 agrum
2613 2573 2735 2614 cum
2782 2573 2912 2627 agro
2950 2556 3229 2627 copulant,
3268 2563 3329 2610 ut
3375 2551 3624 2625 proximo

2038 2649 2242 2721 aliquid
2285 2649 2553 2705 auferant.
2593 2669 2612 2703 ι
2654 2650 2800 2706 inest
2835 2651 2977 2705 enim
3012 2648 3235 2704 omnino
3275 2647 3360 2703 bis
3406 2646 3496 2717 qui
3539 2645 3624 2700 di-

2041 2748 2247 2794 tescere
2291 2739 2498 2806 volunt,
2543 2749 2597 2794 et
2645 2739 2735 2809 qui
2773 2741 3014 2810 potentia
3063 2739 3264 2803 valent,
3303 2746 3363 2792 ut
3407 2750 3624 2806 semper.

2038 2829 2322 2901 acquisitis
2351 2830 2486 2901 jam,
2536 2830 2737 2901 aliquid
2785 2833 2891 2886 huc
2936 2830 3102 2885 velint
3153 2828 3515 2893 accumulare,
3569 2836 3628 2882 et

2041 2932 2100 2978 ut
2134 2937 2262 2978 suas
2304 2921 2596 2979 facultates
2631 2939 2696 2979 ac
2727 2923 2914 2995 copias
2952 2922 3175 2981 inﬁnitis
3217 2919 3621 2976 accessionibus

2038 3029 2361 3070 coacervare
2388 3015 2703 3072 videantur.
2729 3013 3060 3070 lnsidiantur
3093 3013 3237 3066 enim
3284 3026 3498 3081 setnpcr
3537 3026 3623 3064 ac-

1105 3079 1216 3132 Καὶ
1249 3080 1380 3148 γοῦν
1445 3084 1769 3153 ἐπιφύονται
1822 3092 1930 3154 τοῖς

2036 3103 2169 3158 colis
2199 3103 2413 3169 vicinis,
2440 3113 2496 3157 et
2526 3102 2766 3158 urbanas
2803 3117 2888 3156 res
2920 3102 3254 3172 ampliﬁcare
3289 3105 3527 3162 student,
3567 3110 3622 3154 et

2034 3190 2289 3244 dominos
2333 3190 2448 3244 suis
2472 3190 2690 3259 pradiis
2736 3188 2994 3244 ﬁnitimos
3033 3188 3371 3259 Opprimunt,
3404 3198 3458 3241 et
3496 3203 3618 3241 cum

2034 3283 2150 3338 suis
2198 3280 2555 3352 coniungunt.
2595 3280 2690 3336 Est
2733 3281 2877 3337 enim
2907 3279 3213 3336 insatiabile
3253 3280 3507 3349 quiddam
3541 3281 3624 3333 vir

2029 3374 2202 3439 dives,
2236 3372 2503 3442 siquidem
2541 3371 2682 3442 quod
2723 3372 2852 3427 velit
2882 3371 2930 3427 ei
2965 3369 3302 3426 liceatfacile
3335 3371 3616 3441 perﬁcere.

2025 3460 2135 3531 85
2165 3461 2420 3528 Quiescet
2446 3461 2589 3515 enim
2614 3475 3101 3531 nunquam,neque
3124 3462 3357 3515 cessabit
3391 3461 3621 3531 proximi

2027 3552 2184 3607 bonis
2213 3552 2454 3608 inhiare:
2475 3555 2617 3623 quod
2641 3553 2878 3608 nondum
2911 3554 3080 3620 adest,
3100 3554 3238 3619 sitit,
3265 3566 3452 3623 ctqua:
3486 3570 3622 3608 non-

2027 3643 2150 3698 dum
2167 3654 2354 3712 parata
2370 3653 2516 3712 sunt,
2531 3644 2989 3715 concupiscitﬂz
3008 3645 3191 3716 igitur,
3211 3646 3406 3714 inquit,
3427 3644 3508 3698 bis
3525 3646 3619 3713 qui

2026 3732 2451 3804 voluntjungere
2472 3734 2586 3790 suis
2610 3735 2814 3791 aedibus
2834 3736 3061 3800 alienas,
3101 3746 3153 3792 et
3171 3750 3331 3807 agros
3367 3737 3536 3805 agris,
3558 3735 3621 3787 ut

2026 3827 2272 3894 proximo
2303 3828 2553 3882 auferant
2592 3827 3058 3898 aliquid.Semper
3087 3829 3229 3882 enim
3253 3843 3472 3882 causam
3499 3837 3621 3879 Slu-

2026 3914 2157 3969 dent
2171 3917 2488 3983 obtendere,
2506 3932 2606 3973 cur
2622 3917 2744 3987 plus
2763 3919 2860 3988 ipsi
2880 3919 3159 3987 possidere
3178 3919 3429 3981 debeant,
3443 3926 3497 3970 et
3514 3930 3616 3970 cur

2026 4007 2159 4063 alios
2172 4009 2271 4063 sibi
2288 4007 2569 4080 contiguos
2589 4024 2710 4065 esse
2727 4025 2831 4063 non
2853 4020 3099 4079 Oporteat
3117 4028 3129 4062 :
3147 4009 3269 4062 dein
3291 4006 3614 4062 imbecillio-

2028 4119 2114 4159 res
2139 4113 2357 4175 cogunt,
2380 4113 2435 4158 et
2459 4104 2624 4173 impie
2648 4106 2866 4171 rapiunt
2887 4103 2954 4155 ab
2975 4103 3080 4156 illis
3096 4101 3423 4170 ejulantibus
3441 4101 3616 4155 inter-

2025 4196 2175 4260 dum,
2195 4205 2249 4251 et
2273 4204 2462 4250 contra
2496 4209 2681 4248 eorum
2722 4193 2983 4247 saevitiam
3005 4191 3453 4251 vociferantibus.
3471 4190 3612 4265 Quid

2027 4286 2190 4356 igitur
2210 4286 2315 4340 illis
2334 4283 2463 4338 dicit
2485 4298 2662 4337 sermo
2679 4283 3063 4354 prepheticus?
3079 4282 3281 4352 Ecquid
3301 4282 3616 4338 habitabilis

2029 4380 2126 4433 soli
2156 4375 2416 4432 interra?
2455 4374 2663 4446 Ecquid
2710 4374 2876 4440 enim,
2909 4376 3105 4444 inquit,
3141 4390 3236 4431 vos
3285 4391 3408 4432 esse
3464 4375 3612 4432 solos

337 4437 676 4507 οιμώζοντας
700 4441 814 4496 ἔσθ’
842 4444 950 4507 ὅτε,
989 4449 1082 4502 καὶ
1114 4449 1213 4519 τῆς
1251 4451 1478 4524 ἐνούσης
1514 4455 1698 4520 αὐτοῖς
1738 4461 1920 4514 σκαιόο

2033 4475 2075 4524 in
2107 4479 2248 4523 terra
2279 4467 2658 4522 arbitramini?
2708 4481 2886 4522 annon
2939 4455 3217 4536 prazsidet,
3258 4479 3311 4521 et
3337 4484 3456 4537 quae
3490 4477 3612 4521 acta

337 4545 505 4599 τητος
538 4535 1043 4605 κατακεκραγότας.
1079 4539 1144 4591 Τί
1189 4536 1282 4594 οὗν
1324 4541 1431 4612 ἄρα
1476 4547 1638 4616 φησὶν
1681 4549 1861 4614 αὐτοῖς
1892 4553 1921 4605 ὁ

339 4621 681 4713 προφητικδς
705 4625 898 4694 λόγος;
926 4630 1017 4701 Μὴ
1048 4631 1300 4701 οἰκήσετε
1342 4635 1494 4703 μόνοι
1526 4638 1619 4692 ἐπὶ
1651 4641 1746 4710 τῆς
1778 4643 1916 4713 γῆ;;

337 4706 491 4781 *Αρα
521 4712 648 4784 γὰρ,
683 4719 867 4787 φησὶν,
896 4720 1073 4775 οἴεσθε
1115 4724 1306 4793 μόνους
1346 4727 1491 4796 ὑμᾶς
1520 4733 1660 4785 κατὰ
1691 4706 1919 4804 τὴν

338 4803 633 4874 ὑπάρχειν,
678 4809 753 4877 μὴ
790 4811 1155 4882 ἐφεστηκότος
1174 4815 1330 4882 Θεοῦ,
1378 4821 1471 4872 καὶ
1525 4803 1916 4894 ἐφορῶντοςτά

335 4895 628 4966 δρώμενα;
653 4900 844 4955 Καίτοι
861 4902 980 4958 λίαν
1012 4907 1178 4974 ἐγγὺς
1202 4909 1231 4961 ὀ
1257 4911 1365 4963 τῶν
1396 4913 1532 4968 ὅλων
1564 4917 1681 4969 ἐστὶ
1707 4919 1914 4972 Δεσπό-

336 5003 457 5055 της·
489 4988 737 5060 ἠκούσθη
765 4992 833 5045 τὰ
860 4996 991 5065 παρ’
1025 4997 1200 5066 ὑμῶν.
1238 5001 1346 5054 Καὶ
1377 5004 1496 5056 τίνα
1522 5008 1755 5074 τρόπον;
1791 5012 1920 5074 ἴσως

341 5080 541 5148 ἐρεῖτε.
579 5082 1100 5154 Κατακεκραγότων
1131 5089 1373 5160 δηλονότι
1407 5096 1515 5147 τῶν
1552 5098 1920 5169 ἠδικημένων.

341 5170 601 5225 Τοιοῦεόν
624 5190 676 5229 τι
711 5177 802 5229 καὶ
833 5177 862 5228 ὁ
892 5179 1144 5250 Σωτῆρος
1189 5185 1321 5253 ἡμῖν
1367 5188 1611 5257 γέγραφε
1645 5192 1916 5264 μαθητής·

344 5283 361 5312 ε
380 5265 516 5332 ’Ἄγε
537 5267 656 5330 νῦν,
675 5270 724 5321 οί
746 5267 1014 5336 πλούσιοι,
1039 5273 1307 5329 κλαύσατε
1324 5278 1666 5346 ὀλολύζοντες
1690 5286 1780 5337 ἐπὶ
1802 5291 1922 5351 ταῖς

336 5352 741 5426 ταλαιπωρίαις
799 5358 927 5428 ὑμῖν
972 5363 1091 5422 ταῖς
1135 5364 1548 5434 ἐπερχομέναις.
1576 5387 1592 5416 ι
1649 5370 1756 5422 Καὶ
1789 5374 1923 5442 πρός

336 5464 404 5516 γε
438 5450 612 5519 τούτῳ
656 5451 843 5522 φησίν·
886 5473 904 5504 ι
930 5454 1060 5508 ’ἰδοὺ
1099 5458 1127 5509 ό
1182 5458 1369 5524 μισοῦς
1402 5459 1510 5511 τῶν
1541 5462 1785 5532 ἐργατῶν
1818 5467 1922 5518 τῶν

335 5541 678 5611 ἀμησάντων
710 5543 805 5606 τὰς
833 5545 1014 5616 χώρας
1048 5549 1221 5618 ὑμῶν.
1262 5552 1318 5603 '0
1352 5553 1792 5626 ἀπεστερημένος
1831 5561 1931 5629 ἀς)

411 5724 651 5782 “Joatt.
695 5743 803 5796 ιιι,
863 5730 942 5785 lli.
1021 5733 1060 5762 ⁶¹
1119 5734 1234 5790 Jac.
1291 5750 1339 5800 ι’,
1380 5736 1505 5801 ιπι.

2028 4569 2157 4616 sunt
2220 4560 2443 4628 inspicit
2502 4557 2678 4614 Deus?
2714 4556 3035 4629 Quanquam
3088 4558 3375 4613 admodum
3437 4571 3604 4626 prope

2025 4650 2545 4707 est'universorum
2600 4650 2774 4704 Deus:
2817 4652 3000 4704 audita
3062 4659 3190 4706 sunt
3246 4650 3361 4703 haec
3418 4656 3602 4701 vestra

2026 4742 2287 4802 facinora.
2315 4743 2384 4796 At
2406 4742 2719 4812 quomodo?
2754 4741 2938 4798 forsan
2979 4743 3194 4798 dicetis.
3223 4737 3613 4806 Exclaniaruut

2025 4835 2272 4890 videlicet
2298 4834 2351 4889 hi
2386 4835 2475 4904 qui
2509 4835 2703 4903 injuria
2729 4834 2905 4889 aﬁ‘ecti
2943 4841 3089 4887 sunt.
3126 4831 3313 4885 Simile
3347 4831 3606 4900 quiddam

2024 4925 2332 4980 Servatoris
2357 4927 2656 4998 discipulus
2683 4927 2920 4995 scripsit.
2954 4943 2972 4974 ι
3005 4924 3162 4994 Agite
3194 4940 3356 4992 nunc,
3386 4925 3606 4990 divites,

2023 5015 2230 5085 plurale
2255 5017 2520 5071 ululantes
2545 5018 2596 5070 in
2631 5001 2862 5070 miseriis
2889 5030 3008 5084 qua:
3039 5030 3135 5070 vos
3174 5016 3455 5070 invadunt.
3486 5034 3504 5066 ι
3538 5014 3606 5069 Et

2023 5108 2088 5158 ad
2111 5108 2223 5160 hzec
2253 5108 2415 5160 dicit:
2444 5126 2463 5158 ι
2500 5107 2637 5162 Ecce
2665 5120 2872 5160 merces
2889 5108 3261 5176 operariorum
3282 5107 3372 5175 qui
3397 5107 3610 5159 demes-

2023 5206 2245 5250 suerunt
2278 5199 2478 5268 praedia
2524 5209 2724 5253 vestra.
2757 5196 3085 5253 Defraudata
3121 5213 3150 5251 a
3182 5198 3335 5252 vobis
3375 5198 3603 5261 clamat,

2022 5301 2069 5343 ct
2130 5290 2541 5346 vociferationes
2571 5307 2755 5346 eorum
2805 5293 2895 5361 qui
2946 5299 3284 5346 messucrunt
3314 5290 3379 5341 ad
3448 5303 3608 5343 aures

2027 5382 2230 5434 Domini
2258 5381 2492 5438 Sabaoth
2514 5383 2954 5453 pervenerunt“.
2983 5403 3001 5434 ι
3024 5380 3402 5450 Accepitenim
3422 5396 3605 5448 prom-

2024 5474 2267 5542 ptissime
2306 5491 2462 5530 VOLBS
2495 5491 2680 5530 eorum
2733 5477 2820 5542 qui
2874 5474 3049 5538 vexati
3096 5485 3224 5527 sunt
3263 5487 3291 5525 a
3347 5471 3604 5526 divitibus

2025 5564 2366 5622 sanctissima
2423 5577 2487 5623 ct
2515 5566 2881 5635 improbitatis
2919 5564 3142 5620 inimica
3203 5571 3416 5619 natura.
3452 5561 3608 5629 Quod
