4134 6304
356 296 460 352 H9

1496 293 1562 348 IN
1601 292 1836 349 ISAIAM
1875 291 2006 348 LIB.
2048 293 2086 348 1.
2131 292 2347 351 ORAT.
2387 292 2476 350 Ill.

3466 256 3470 261 ’
3518 293 3624 350 nso

354 419 469 478 τοῖς
489 412 710 468 ἄστεσιν
725 411 920 476 οίκίας.
953 412 1044 483 Μὴ
1070 411 1177 482 μὴν
1211 411 1507 482 εὐφορήσει
1531 411 1601 465 τὰ
1621 412 1679 464 ἐν
1709 412 1924 484 ἀγροῖς,

2049 421 2136 476 ist,
2176 411 2279 468 nisi
2328 412 2399 468 sit
2450 411 2540 482 qui
2580 409 2770 465 domos
2797 408 2852 464 in
2887 408 3113 466 urbibus
3177 412 3464 471 inhabitet.
3512 416 3623 476 Nec

357 496 493 560 Θεοῦ
515 500 990 574 καταφθείροντος,
1015 503 1109 556 καὶ
1129 502 1228 573 τὴν
1247 501 1355 555 τῶν
1376 502 1663 575 ἀπλήστων
1685 503 1939 576 ἐλέγχον-

359 614 451 661 τος
480 594 710 650 ἀδικίαν.
754 593 973 665 Ἐπειδὴ
1018 593 1074 646 δὲ
1124 594 1218 648 καὶ
1275 592 1434 665 ἡμῶν
1470 595 1699 660 ἕκαστος
1740 597 1800 652 ὲν
1831 597 1942 670 ἰδία

360 690 507 758 ψυχῇ
551 685 737 757 νοητὸν
769 682 882 757 ἔχει
909 683 1196 757 γεώργιον,
1235 685 1328 739 καλ⁷
1354 686 1446 739 τὸν
1475 685 1573 756 τῆς
1595 684 1941 759 δικαιοσύνης

361 775 648 848 ἐργάζεται
678 776 900 846 σπόρον,
922 774 1320 847 φυλαττώμεθα
1339 776 1398 829 τὸ
1424 776 1782 849 προσκρούειν
1797 777 1938 850 Θεῷ.

362 869 494 922 Τότε
521 868 631 939 γὰρ
665 867 807 933 τότε,
844 866 1096 939 καθάπερ
1141 861 1292 919 οἷκον
1331 866 1546 939 ἀσφαλῆ
1575 867 1670 920 καὶ
1719 871 1940 940 ἐρηρει-

362 959 582 1029 σμένον,
627 959 920 1030 οἰκήσομεν
962 957 1060 1029 τὴν
1111 957 1364 1029 πολυειδῆ
1420 958 1516 1012 καὶ
1577 958 1944 1028 παμποίκιλον

360 1050 582 1121 ἀρετὴν,
627 1049 1006 1120 πληθυνοῦμεν
1031 1050 1089 1103 δὲ
1125 1051 1288 1104 σίτων
1320 1048 1511 1122 ὥσπερ
1540 1050 1806 1114 κοιλάδες·
1857 1052 1944 1105 eb-

362 1140 660 1213 λογήσειδὲ
704 1143 733 1195 6
782 1141 892 1195 τῶν
940 1142 1076 1195 ὅλων
1104 1141 1238 1204 Θεὸς
1266 1140 1360 1195 τὸν
1391 1141 1594 1212 σπόρον
1634 1141 1821 1213 ἡμῶν,
1851 1142 1945 1196 καὶ

363 1232 588 1304 αὐξήσει
623 1233 691 1287 τά
706 1234 1022 1304 γεννήματα
1052 1233 1152 1302 τῆς
1192 1231 1539 1304 δικαιοσύνης
1587 1232 1761 1303 ἡμῶν,
1801 1233 1946 1288 καθά

365 1340 528 1395 φησιν
550 1325 579 1377 6
611 1322 898 1387 Θεσπέσιος
925 1321 1160 1386 Παύλος.

442 1523 588 1576 Οὐαὶ
638 1525 692 1576 οῖ
741 1522 1099 1592 ἐγειρόμενοι
1140 1520 1223 1587 τῷ
1260 1523 1426 1591 πρωῒ,
1479 1523 1575 1577 καί
1615 1525 1681 1578 τὸ
1733 1528 1948 1597 σίκερα

371 1611 712 1681 διώκοντες,
755 1616 811 1665 οἱ
843 1612 1132 1684 μένοντες
1161 1614 1227 1667 τὸ
1259 1614 1375 1683 ὀψέ
1405 1631 1416 1644 '
1446 1617 1479 1669 ό
1503 1616 1614 1685 γὰρ
1639 1612 1805 1685 οἶνος
1837 1622 1946 1673 αὑ-

370 1703 518 1770 τοὺς
532 1705 890 1774 συγκαύσει.
910 1705 1071 1760 Μετὰ
1093 1705 1203 1776 γὰρ
1227 1705 1470 1774 κιθάρας
1490 1707 1588 1761 καὶ
1606 1711 1949 1778 ψαλτηρίου

2042 506 2274 564 (elicitur
2326 504 2647 575 provenient
2696 517 2819 574 qua
2869 504 3082 559 suntin
3134 506 3314 576 agris,
3374 507 3483 562 Deo
3527 523 3623 566 va-

2042 605 2227 654 stante
2257 604 2313 653 et
2342 609 2528 652 eorum
2562 594 2885 663 iniustitiam
2927 605 3272 666 coarguente.
3309 594 3448 663 Quia
3496 611 3626 656 vero

2041 687 2271 758 quisque
2310 694 2550 741 nostrum
2588 685 2772 741 animo
2803 699 2905 740 suo
2958 684 3121 740 habet
3179 685 3622 755 agricolationem

2043 778 2144 834 sub
2174 775 2579 848 intelligentiam
2615 775 2919 840 cadentem,
2951 785 3009 830 et
3050 784 3346 831 sementem
3370 837 3380 845 ,
3404 777 3627 845 iustitiae

2043 870 2217 927 facit:
2268 882 2563 925 caveamus
2600 882 2669 923 ne
2719 869 2772 923 in
2822 867 3185 924 offensionem
3239 869 3482 924 divinam
3546 872 3629 924 in-

2043 977 2347 1020 eurramus.
2400 961 2554 1017 Tunc
2598 961 2768 1027 enim,
2830 970 2960 1017 tunc
3026 960 3254 1016 virtutes
3304 961 3629 1029 multiplices

2045 1071 2108 1112 ac
2146 1054 2312 1110 varia:
2361 1053 2423 1107 in
2464 1051 2618 1109 nobis
2651 1062 2909 1121 tanquam
2975 1050 3028 1106 in
3056 1050 3333 1106 domicilio
3402 1061 3518 1107 tuto
3562 1068 3628 1105 ac

2047 1145 2254 1201 munito
2286 1142 2628 1205 habitabant,
2682 1149 2739 1196 et
2774 1141 3106 1196 frumentum
3158 1141 3319 1210 quasi
3364 1143 3422 1197 in
3476 1153 3622 1198 terra

2045 1234 2310 1306 profunda
2365 1232 2886 1303 multiplicabimus:
2935 1240 2991 1286 et
3047 1231 3424 1288 universorum
3485 1234 3634 1289 Deus

2045 1326 2240 1384 semini
2274 1332 2463 1380 nostro
2506 1323 2809 1389 benedicet,
2841 1331 2899 1378 et
2924 1321 3130 1379 (ructus
3169 1321 3398 1392 iustitia
3424 1333 3622 1381 nostra:

2048 1417 2284 1489 augebit,
2308 1416 2465 1471 sicuti
2495 1424 2551 1469 et
2580 1413 2792 1468 divinus
2817 1412 3014 1468 Paulus
3045 1412 3225 1481 inquit
3248 1410 3297 1444 “

2114 1507 2225 1579 87
2269 1505 2431 1562 Vens.
2497 1504 2583 1571 ll,
2651 1503 2734 1558 l2.
2771 1501 2860 1557 Va
2914 1503 2998 1557 Itis
3031 1501 3122 1572 qui
3191 1499 3627 1571 expergiscantur

2047 1616 2221 1665 mane,
2256 1607 2304 1652 et
2327 1606 2596 1652 sectantur
2648 1597 2895 1662 siceram,
2929 1607 2975 1648 et
3032 1594 3101 1648 ad
3137 1607 3405 1663 uesperum
3466 1603 3628 1658 asque

2049 1706 2249 1744 moram
2297 1689 2536 1742 trahunt.
2582 1683 2773 1740 Vinum
2821 1687 2959 1739 enim
3007 1684 3282 1739 succendat
3312 1697 3421 1736 eos.
3481 1677 3626 1733 Nam

371 1796 471 1850 καὶ
501 1795 842 1867 τυμπάνων,
870 1796 976 1850 τὸν
997 1773 1173 1850 air-ari
1193 1773 1466 1862 πίνούσι,
1489 1799 1587 1852 καὶ
1613 1773 1845 1867 bona},
1871 1801 1944 1855 τὰ

2049 1797 2163 1837 sunt
2193 1779 2395 1835 cithara
2433 1787 2481 1834 et
2505 1776 2784 1849 psalterio,
2821 1783 2871 1832 et
2894 1776 3155 1846 tympanis
3189 1785 3238 1829 et
3277 1773 3419 1829 tibiis
3448 1774 3637 1828 vim

369 1887 439 1942 δὲ
464 1889 609 1957 ἔργα
622 1889 841 1956 Κυρίου
885 1890 998 1942 οὐκ
1023 1888 1414 1958 ἐμϐλέπουσι,
1443 1891 1541 1945 καί
1569 1891 1642 1946 τὰ
1664 1893 1810 1963 ἔργα
1828 1893 1950 1948 τῶν

365 1979 585 2050 χειρῶν
603 1979 792 2034 αὐτοῦ
824 1981 898 2034 οὐ
922 1979 1349 2035 κατανοοῦσιν.

434 2070 703 2124 Συνάπτει
736 2071 849 2133 τοῖς
886 2067 1124 2140 πρώτοις
1151 2067 1316 2141 ἔτερα
1349 2071 1445 2125 καὶ
1476 2071 1810 2143 παγχάλεπα
1838 2072 1948 2129 τῶν

362 2159 634 2214 πλουσίων
655 2156 997 2230 ἐγκλήματα.
1028 2155 1309 2228 Πάρεσται
1337 2156 1447 2230 γὰρ
1473 2159 1684 2223 αὐτοῖς,
1716 2160 1855 2232 πρός
1881 2176 1947 2230 γε

359 2251 440 2323 τῷ
469 2249 757 2323 βούλεσθαι
801 2249 1146 2304 πλεονεκτεῖν
1190 2247 1287 2304 καὶ
1316 2249 1632 2321 ἁκορέστως
1666 2249 1948 2321 βιάζεσθαι

360 2345 487 2406 τοὺς
516 2341 964 2412 ἀσθενεστέρους,
992 2340 1089 2396 καὶ
1113 2340 1174 2396 τὸ
1194 2341 1252 2394 ἐν
1270 2340 1454 2405 πότοις
1475 2337 1618 2396 εἷναι
1636 2343 1835 2412 φιλεῖν,
1855 2345 1949 2397 καὶ

361 2435 595 2505 τρυφαῖς
626 2432 1045 2502 ὲπιγάννυσθαι,
1071 2430 1280 2502 κώμοις
1310 2447 1369 2487 τε
1391 2433 1489 2486 καὶ
1520 2432 1716 2504 μέθαις
1741 2434 1948 2488 ἀκατα-

362 2523 584 2592 λήκτοις
611 2562 626 2588 ,
656 2523 755 2577 καὶ
793 2525 907 2586 τοῖς
955 2523 1022 2576 hc
1072 2522 1432 2591 φιλοσαρκίας
1494 2524 1949 2595 καταμιαίνεσθαι

364 2617 587 2676 κακοῖς·
628 2615 725 2668 καὶ
764 2612 921 2668 τοῦτο
958 2613 1254 2684 ἐνδελεχῶς
1291 2612 1498 2669 οἴεσθαι
1527 2615 1639 2669 δεῖν
1666 2616 1863 2680 αὐτοὺς
1890 2618 1949 2670 ὲν

363 2711 537 2762 παντὶ
593 2703 669 2771 δὴ
715 2706 873 2761 τοῦτο
933 2707 1199 2774 πράττειν
1256 2705 1450 2778 καιρῷ.
1510 2708 1714 2772 Ἱκανὸς
1759 2708 1867 2779 γάρ
1919 2710 1949 2762 6

340 2797 604 2864 ⁸’πλοῖἱτιις
632 2799 899 2870 ἀκονῆσαι
942 2797 1080 2868 πρὸς
1120 2797 1352 2868 τρυφὰς,
1397 2799 1488 2852 καὶ
1517 2799 1610 2854 τὸν
1645 2800 1731 2854 ἐπ’
1761 2801 1950 2865 αὐτοῖς

367 2891 639 2959 ἀφανίσαι
675 2887 856 2959 κόρον.
903 2888 1043 2941 Ἀλλ’
1074 2905 1094 2940 ι
1133 2889 1161 2941 6
1198 2888 1431 2960 σπείρων
1465 2891 1546 2954 είς
1571 2889 1669 2962 τὴν
1697 2891 1900 2963 σάρκα,
1922 2911 1943 2945 ι

372 2981 524 3036 καθά
562 2998 726 3052 φησιν
755 2982 783 3035 6
805 2979 1033 3046 Παῦλος,
1066 2999 1083 3032 ι
1107 2981 1172 3034 ἐκ
1206 2980 1306 3052 τῆς
1336 2981 1537 3052 σαρκὸς
1581 2981 1787 3053 θερίσει
1820 2983 1950 3052 φθο-

2046 1873 2250 1936 bibunt,
2285 1885 2443 1940 opera
2487 1884 2605 1924 uera
2628 1867 2965 1922 Dominittan
3011 1867 3310 1932 intuentur,
3360 1875 3637 1934 meperet

2046 1977 2302 2018 manentis
2329 1960 2446 2030 eius
2491 1957 2846 2015 considerant.

2119 2054 2375 2124 Adiungit
2405 2051 2598 2123 primis
2614 2050 2719 2106 alia
2748 2047 3271 2120 etiampravissirna
3307 2043 3541 2101 crimina
3568 2039 3640 2098 in»

2047 2146 2258 2202 divites.
2330 2143 2465 2200 Nam
2514 2151 2876 2216 praeterquam
2937 2139 3082 2213 quod
3150 2137 3395 2194 avaritia:
3457 2132 3635 2191 dediti

2046 2240 2258 2313 sint,et
2293 2249 2458 2306 supra
2516 2235 2734 2291 modum
2776 2233 3069 2291 tenuiores
3111 2230 3464 2301 opprimat,
3523 2224 3630 2279 bac

2049 2329 2174 2385 tnali
2231 2328 2441 2384 accedit
2488 2327 2676 2391 etiam,
2720 2333 2781 2381 ut
2834 2325 2947 2379 sint
2984 2322 3299 2392 frequentes
3322 2318 3374 2371 in
3434 2328 3629 2384 perpo-

2050 2421 2370 2488 tationibus,
2402 2430 2462 2476 ut
2491 2419 2703 2475 luxuria
2730 2411 2996 2480 diﬁluant,
3027 2423 3085 2470 ut
3112 2407 3626 2469 comessationibus,

2048 2514 2404 2570 ebrietatibus
2464 2511 2770 2580 continuis,
2810 2508 3130 2576 ceterisque
3186 2502 3342 2558 malis
3387 2515 3507 2572 qua:
3557 2513 3635 2552 ex

2048 2606 2228 2661 carnis
2283 2605 2508 2678 libidine
2566 2602 2838 2667 oriuntur,
2905 2596 3408 2656 commacttlentur:
3468 2591 3637 2660 idque-

2048 2695 2263 2765 ingiter,
2307 2695 2528 2764 perinde
2557 2693 2709 2764 quasi
2739 2694 2841 2748 ltoc
2868 2692 3019 2747 omni
3060 2701 3301 2760 tempore
3341 2700 3401 2741 se
3431 2685 3632 2740 debere

2050 2779 2227 2843 facere
2251 2786 2648 2842 existimarent.
2691 2785 2979 2855 Opulcntia
3009 2781 3155 2838 enim
3187 2779 3403 2836 abunde
3433 2773 3631 2833 stimu-

2050 2880 2162 2934 lare
2216 2886 2392 2950 potest
2432 2877 2500 2932 ad
2565 2876 2888 2947 voluptates,
2935 2885 3261 2942 omnemque
3312 2867 3622 2924 satietatem

2040 2971 2103 3030 in
2149 2972 2256 3028 illis
2302 2971 2511 3026 tollere.
2561 2971 2632 3025 At
2694 2987 2713 3021 ι
2743 2968 2836 3039 qui
2886 2967 3120 3022 seminat
3164 2964 3218 3018 in
3277 2975 3464 3025 carne,
3493 2977 3512 3012 ι
3567 2964 3633 3012 ιιι

377 3075 501 3146 ράν.
539 3047 757 3138 »νἸζέλος
799 3073 906 3145 γὰρ
935 3073 1036 3145 τῆς
1083 3047 1422 3145 προσκαίρού
1474 3047 1691 3146 τρυφῖγς
1736 3047 1947 3148 μακρὸν

2050 3060 2225 3131 inquit
2255 3059 2472 3126 Paulus,
2508 3076 2526 3111 ι
2559 3072 2628 3114 ex
2659 3071 2823 3112 carne
2858 3055 3046 3110 metiet
3074 3052 3478 3121 corruptionem
3510 3047 3578 3102 ⁸⁸.
3606 3065 3626 3098 ι

372 3128 752 3237 καὶ-διηνεκὲς
783 3128 936 3221 ἔσται
973 3128 1246 3237 δάκρύονῑ,
1296 3128 1390 3220 καὶ
1442 3128 1712 3238 σαρκίκξς

2050 3128 2204 3208 Finis
2249 3151 2393 3206 enim
2449 3148 2764 3220 temporarii
2823 3148 3004 3210 luxus,
3064 3143 3224 3213 longa
3283 3150 3336 3196 et
3376 3136 3632 3210 perennis

368 3258 588 3330 ὄλεθρος
613 3259 641 3310 6
672 3257 904 3329 καρπός.
954 3257 1162 3329 Γράφει
1207 3259 1388 3313 τοίνυν
1421 3260 1555 3330 ἡμῖν
1600 3262 1629 3314 6
1661 3262 1951 3332 προφήτης

367 3348 466 3413 τὰς
498 3348 605 3402 τῶν
648 3348 918 3405 Ἰουδαίων
944 3349 1279 3421 ἀγερωχίας,
1327 3352 1422 3404 καὶ
1469 3353 1532 3406 τὸ
1573 3350 1820 3423 ἐξίτηλον
1868 3353 1951 3416 είς

363 3439 600 3512 τρυφὰς,
641 3440 737 3494 καὶ
776 3441 833 3494 τὺ
866 3441 1165 3513 κεχυμένον
1187 3443 1271 3507 είς
1307 3444 1568 3509 ἀσωτίας.
1606 3445 1793 3500 Πάντα
1816 3445 1947 3518 γὰρ,

360 3531 521 3601 φησὶ,
595 3529 786 3602 καιρὸν
842 3532 1212 3602 ἀπονέμοντες
1273 3533 1396 3595 ταῖς
1457 3531 1948 3604 γαστριμαργίαις,

369 3622 475 3680 ὑπὸ
499 3622 598 3692 τὴν
638 3623 715 3675 Ern
749 3621 973 3692 ζητοῦσι
1003 3623 1066 3676 τὸ
1094 3623 1312 3692 σίκερα,
1359 3624 1456 3678 καὶ
1498 3626 1610 3687 τοῖς
1637 3623 1794 3694 ἡλίου
1827 3621 1950 3695 δρό-

371 3727 493 3783 μοις
544 3713 940 3768 συνεκτείνουσι
977 3715 1103 3778 τοὺς
1145 3715 1366 3779 πότους,
1411 3715 1504 3769 καὶ
1535 3714 1731 3786 μέχρις
1781 3713 1953 3783 αὐτῆς

371 3803 626 3873 μένοντες
652 3804 751 3875 τῆς
776 3805 1035 3876 ἑσπέρας.
1082 3805 1141 3859 'U
1168 3805 1277 3878 γὰρ
1306 3801 1447 3871 οἶνος
1475 3805 1673 3869 αὐτοὺς
1705 3804 1951 3874 συγκαύη

370 3912 472 3949 σει.
513 3895 993 3968 Ὀμολογουμένως
1033 3897 1133 3968 μὲν
1174 3897 1283 3968 γὰρ
1315 3898 1537 3968 ἐμποιεῖ
1588 3914 1712 3951 τινα
1755 3896 1952 3951 καῦσιν

367 3985 501 4057 ἄδην
531 3988 821 4058 πινόμενος
862 3990 975 4051 τοῖς
1021 3987 1350 4058 σπλάγχνοις
1378 3989 1407 4041 6
1446 3982 1609 4052 οἶνος.
1643 3987 1952 4056 Συγκαύσει

367 4077 427 4130 δὲ
454 4078 548 4130 καὶ
587 4078 789 4149 ἑτέρως
822 4077 918 4131 τοῦ
946 4078 1167 4150 μεθύειν
1190 4080 1318 4144 τοὺς
1344 4080 1605 4159 ἐραστὰς,
1658 4079 1810 4134 ἔσται
1841 4079 1951 4152 γὰρ

372 4168 557 4230 αὐτοῖς
588 4169 725 4239 πρὸς
756 4168 917 4224 τοῦτο
971 4170 1292 4235 κολάζοντος
1322 4171 1570 4242 ἀφορμή.
1627 4170 1949 4242 Συγκαυθή-

374 4273 563 4312 σονται
591 4258 649 4313 δὲ
683 4260 860 4332 πάντη
891 4278 948 4314 τε
970 4261 1062 4315 καὶ
1093 4262 1306 4326 πάντως
1326 4264 1404 4324 είς
1431 4261 1635 4331 φλόγας
1661 4278 1727 4314 πε
1736 4259 1950 4332 μπόμεέ

367 4368 451 4406 νοι
477 4350 581 4416 τὰς
603 4352 891 4426 διηνεκεῖς,
925 4355 1017 4409 καὶ
1045 4356 1454 4427 ἡτοιμαρμένας
1481 4354 1560 4424 τῷ
1589 4354 1821 4427 διαϐόλῳ
1854 4355 1952 4409 καὶ

2051 3247 2157 3300 erit
2202 3244 2469 3315 lacryma,
2500 3251 2555 3298 et
2595 3240 2829 3296 carnalis
2874 3235 3166 3306 voluptatis
3198 3233 3429 3298 fructus,
3470 3230 3632 3285 inter-

2051 3340 2177 3395 itus.
2222 3336 2490 3394 Describit
2561 3336 2745 3405 itaque
2790 3332 3052 3403 propheta
3106 3323 3262 3383 nobis
3318 3322 3629 3379 Judaortnn

2052 3431 2272 3497 fastum,
2327 3440 2384 3486 et
2468 3426 2968 3485 immoderationem
3046 3424 3252 3486 luxus,
3295 3416 3631 3487 ell'usamqnc

2052 3523 2544 3591 intemperantiam.
2601 3517 2775 3576 Omne
2832 3516 2978 3572 enim
3049 3522 3260 3583 tempus
3323 3508 3500 3563 ventri
3567 3520 3633 3560 ac

2051 3612 2190 3682 gulae
2226 3611 2490 3676 tribuunt,
2530 3607 2634 3664 sub
2663 3619 2918 3661 auroram
2973 3603 3205 3659 siceram
3256 3607 3526 3670 quarunt,
3575 3603 3632 3648 et

2051 3704 2117 3757 ad
2156 3700 2288 3758 solis
2319 3715 2538 3756 cursum
2559 3696 2989 3769 compotationes
3023 3694 3372 3763 protrahunt,
3411 3701 3631 3757 perma-

2052 3803 2244 3849 nentes
2269 3798 2451 3863 usque.
2490 3791 2558 3846 ad
2606 3802 2911 3860 vesperum.
2958 3776 3150 3841 Vinum
3201 3782 3344 3838 enim
3381 3777 3633 3834 incendat

2050 3898 2165 3940 eos.
2197 3883 2413 3941 Excitat
2460 3883 2659 3956 quippe
2702 3884 2757 3937 in
2788 3878 3089 3936 visceribus
3117 3875 3340 3945 largiter
3394 3869 3633 3926 bibentis

2050 3977 2208 4048 plane
2268 3976 2542 4048 quoddam
2608 3974 2940 4029 incendium.
3014 3969 3153 4037 Quin
3210 3964 3414 4021 etalio
3473 3960 3632 4021 modo

2054 4070 2234 4124 vinum
2274 4067 2567 4125 succendat
2605 4065 2722 4118 haec
2755 4059 3036 4116 ebrietatis
3077 4053 3366 4125 mancipia.
3405 4049 3631 4107 Occasio

2051 4164 2309 4218 nimirum
2365 4159 2473 4215 erit
2536 4165 2595 4212 ut
2648 4147 2971 4223 supplicium
3043 4151 3110 4204 de
3166 4146 3273 4223 illis
3338 4153 3623 4210 sumatur;

2051 4250 2732 4324 siquidem‘incendentur,
2774 4243 3006 4316 ablegati
3040 4244 3092 4297 in
3134 4220 3386 4294 ll'amntan
3433 4235 3636 4306 sempi-

2054 4355 2284 4406 ternam,
2321 4337 2536 4394 diabolo
2555 4337 2778 4409 ejusque
2807 4332 3013 4405 angelis
3034 4331 3382 4390 destinatam.
3409 4326 3632 4384 Scilicet

366 4450 480 4513 τοῖς
522 4420 776 4518 ἀγγέλοις
804 4448 992 4504 αὑτοῦ.
1040 4420 1309 4522 Ἰέαύτῃτοι
1353 4420 1450 4504 καῖ
1480 4451 1508 4502 6
1530 4420 1947 4520 -M0uao;'6pob

2055 4435 2181 4488 hinc
2203 4432 2449 4488 ebriosus
2485 4445 2588 4485 una
2613 4444 2735 4485 cum
2771 4428 2892 4484 aliis
2939 4423 3184 4498 profanis
3202 4436 3240 4478 'a
3274 4420 3383 4478 Deo
3439 4434 3635 4476 exsors

2119 4527 2150 4536 .,
2247 4533 2256 4536 Α
2670 4521 2683 4536 a
3006 4509 3057 4536 ,Γ
3104 4512 3140 4536 ιζ
3175 4534 3202 4536 __
3280 4518 3427 4536 £___._-
3452 4514 3612 4536 ΒΑ...-

367 4542 481 4602 τοῖς
504 4539 682 4606 ἄλλοις
708 4540 957 4612 βεϐήλοις
982 4542 1295 4613 άπόκληρος
1327 4541 1478 4596 ἔσται
1503 4541 1653 4613 παρὰ
1686 4542 1827 4614 Θεῷ,
1853 4543 1949 4596 καὶ

368 4633 451 4694 είς
493 4631 591 4704 τὴν
638 4633 748 4686 τῶν
786 4632 1035 4706 οὐρανῶν
1083 4633 1361 4704 βασιλείαν
1407 4635 1508 4687 οὐκ
1558 4634 1944 4688 εἰσελεύσεται.

371 4720 516 4793 Ὅρα
548 4721 657 4795 γὰρ
699 4723 801 4794 ὅση
841 4723 952 4777 τῶν
995 4723 1268 4778 Ἰουδαίων
1299 4722 1491 4792 γέγονε
1535 4724 1678 4780 κατὰ
1720 4726 1949 4797 καιροὺς

367 4812 403 4885 ἡ
447 4813 543 4866 ἐπὶ
593 4812 656 4867 τὸ
701 4817 894 4887 χρῆναι
955 4815 1173 4887 τρυφᾷν
1217 4814 1478 4886 ὲξιτηλία.
1530 4817 1704 4872 Ὅπου
1750 4819 1860 4890 γὰρ
1918 4818 1950 4870 6

364 4905 604 4978 κιθάρας
638 4906 880 4974 κτύπος,
916 4907 1011 4961 καὶ
1040 4908 1337 4980 τυμπάνων
1378 4904 1535 4980 ἦχος,
1577 4911 1672 4963 καὶ
1703 4909 1812 4963 τῶν
1852 4909 1950 4962 αὑ-

364 4997 606 5052 λούντων
643 4998 1114 5069 συναναφώνησις,
1156 5000 1253 5053 σὺν
1283 4998 1556 5071 εὐρυθμίᾳ
1585 5000 1680 5053 καὶ
1706 4999 1946 5070 κρότοις,

362 5090 483 5142 ἐκεῖ
527 5105 629 5141 που
666 5088 887 5152 πάντως
929 5089 1047 5142 ἐστὶ
1081 5087 1175 5141 καὶ
1222 5089 1330 5143 πᾶν
1378 5083 1520 5151 εἶδος
1563 5087 1944 5159 ἀκαθαρσίας,

361 5181 459 5233 καὶ
494 5179 564 5233 τὰ
601 5179 786 5252 κρυφῆ
816 5181 1115 5250 γιγνόμενα
1145 5182 1275 5252 παρ’
1302 5179 1504 5244 αὐτῶν,
1527 5178 1566 5233 ἃ.
1599 5180 1693 5233 καὶ
1723 5178 1946 5251 αἰσχρόν

357 5279 478 5330 ἐστι
504 5272 705 5342 λέγειν.
736 5275 937 5344 Ζημιοῖ
969 5273 1026 5326 δὲ
1057 5273 1213 5327 τοῦτο
1245 5273 1447 5338 αὐτοὺς
1472 5273 1533 5325 τὸ
1575 5273 1651 5344 μὴ
1676 5271 1936 5326 δύνασθαι

360 5365 603 5437 καθορᾷν
652 5366 751 5438 τὴν
781 5365 877 5419 τοῦ
916 5365 1052 5420 Θεοῦ
1080 5366 1261 5432 δόξαν,
1292 5369 1431 5439 μήτε
1468 5364 1577 5437 μὴν
1622 5362 1948 5430 ὲνατενίζειν

363 5459 480 5518 τοῖς
537 5457 715 5527 ἔργοις
777 5457 968 5512 αὑτοῦ.
1031 5459 1243 5530 Ὥσπερ
1293 5458 1404 5530 γὰρ
1463 5461 1492 5512 6
1547 5454 1642 5509 τοῦ
1697 5455 1949 5528 σώματος

360 5546 646 5617 ὀφθαλμὸς
669 5590 682 5613 ,
712 5550 746 5620 ἢ
788 5550 988 5615 κόνεως
1020 5549 1364 5621 ἐμϐαλούσης
1384 5589 1398 5613 ,
1435 5549 1466 5620 ἦ
1510 5549 1692 5619 λήμης
1724 5551 1953 5619 ἐγκεχυ-

436 5698 485 5732 ⁸⁴
510 5696 553 5754 ιΙ
579 5696 706 5755 Cor.
755 5717 833 5760 ll.
898 5701 982 5755 10.
1079 5703 1130 5734 "‘
1163 5702 1341 5758 GttLtl.
1387 5718 1464 5760 τι.
1495 5703 1547 5753 8.

2054 4527 2179 4591 erit,
2209 4533 2264 4581 et
2301 4539 2525 4595 regnum
2583 4521 2844 4579 cmlorum
2894 4509 3208 4590 neutiquam
3280 4514 3635 4581 ingredietur.

2056 4620 2294 4676 Observa
2325 4628 2506 4673 autem
2546 4624 2750 4688 quanta
2807 4604 2976 4670 fuerit
3025 4601 3155 4669 olim
3216 4608 3525 4664 Judazorum
3579 4604 3633 4656 in

2055 4712 2419 4784 voluptatibus
2463 4710 2841 4766 consectandis
2879 4707 3185 4766 eﬂ'renatio.
3238 4698 3343 4758 Ubi
3400 4711 3637 4768 namque

2056 4805 2279 4863 citharae
2298 4819 2464 4862 sonus
2493 4813 2601 4871 est,
2621 4812 2677 4860 et
2719 4813 3097 4874 tympanorum
3128 4797 3339 4869 pulsus,
3365 4807 3431 4849 ac
3461 4791 3638 4847 tibici«

2055 4913 2185 4954 num
2221 4903 2517 4954 concentus
2555 4910 2681 4952 cum
2732 4905 3082 4949 numerorum
3142 4887 3512 4945 concinnitate
3579 4893 3636 4938 ει

2054 4991 2355 5062 plausibus,
2379 4989 2452 5045 ibi
2478 4988 2700 5044 omnino
2744 4995 2827 5040 est
2861 4993 2916 5039 et
2947 4992 3109 5039 omne
3146 4996 3316 5053 genus
3351 4972 3638 5040 foeditatis,

2055 5096 2229 5152 eaque
2304 5081 2442 5136 ﬁunt
2516 5080 2656 5134 clam
2732 5075 2800 5134 ab
2859 5074 2967 5133 illis
3017 5089 3137 5146 qua:
3200 5085 3356 5143 turpe
3411 5080 3499 5127 est
3555 5069 3635 5123 vel

2056 5175 2255 5230 dicere.
2303 5171 2458 5238 Quod
2495 5169 2714 5240 quidem
2753 5167 3142 5241 impedimento
3194 5164 3301 5219 illis
3337 5171 3442 5228 est,
3498 5154 3637 5231 quol-

2057 5265 2237 5321 minus
2275 5261 2504 5335 gloriam
2531 5262 2624 5317 Dei
2670 5262 3008 5327 intueantur,
3044 5257 3270 5328 ejusque
3332 5266 3500 5324 opera
3555 5261 3638 5305 at-

2057 5359 2296 5415 tendant.
2328 5358 2462 5415 Nam
2502 5366 2561 5412 ut.
2583 5357 2832 5427 corporis
2859 5354 3067 5418 oculus,
3097 5350 3181 5407 vél
3235 5347 3457 5420 pulvere
3498 5345 3638 5415 inje-

2058 5460 2182 5519 cto,
2239 5452 2322 5509 vel
2372 5449 2632 5524 lippidine
2673 5448 2879 5515 oﬂ'usa,
2938 5447 3023 5503 vel
3069 5444 3393 5501 obturbante
3443 5437 3628 5493 vulne-

2060 5561 2139 5616 re,
2195 5545 2339 5603 clare
2390 5559 2496 5600 non
2546 5549 2724 5611 potest
2773 5541 2990 5595 videre:
3047 5535 3127 5594 sic
3181 5546 3335 5592 mens
3395 5530 3632 5586 humana
