4132 6316
450 246 542 299 131

1445 250 1502 308 8.
1542 249 1822 311 αϊιιιιιι
1860 252 2335 314 ALEXANDRINI
2377 259 2701 316 AliCHlEP.

3628 252 3732 309 153

446 360 561 433 33
593 373 774 416 carnis
806 358 1170 433 voluptatibus
1216 363 1504 435 degravata
1553 380 1617 423 ac
1657 369 1902 424 demersa
1925 409 1939 434 ,
1971 368 2039 424 ad

2158 372 2337 446 μένης,
2361 374 2394 445 ἢ
2430 373 2885 447 παρενοχλοῦντος
2916 370 3233 444 τραύματος
3262 368 3392 423 ἰδεῖν
3416 367 3478 422 οῦ
3500 366 3729 423 δύναται

454 451 620 508 Deum
648 453 840 523 nequit
877 455 1166 525 respicere,
1213 471 1315 513 nec
1339 455 1481 513 facta
1528 457 1648 529 ejus
1691 458 1802 515 fixo
1846 460 2037 515 obtutu

452 544 863 614 contemplari:
924 561 956 602 ο
1006 547 1205 617 quibus
1269 551 1737 615 manifestissime,
1781 551 1910 622 quis
1973 566 2040 608 ac

455 636 635 703 qualis
660 634 852 707 Opiies
885 649 991 706 est,
1018 640 1208 697 liceret
1229 643 1684 701 animadvertere.
1712 645 1792 700 E1
1821 654 2041 702 creatu-

457 741 640 783 rarum
700 729 845 785 enim
909 731 1317 803 pulchritudine
1369 737 1737 808 cognoscitur,
1809 752 2043 809 eumque

458 820 714 878 admirari
763 831 824 881 et
848 825 1128 896 suspicere
1154 828 1368 886 abunde
1396 831 1596 900 poterit
1643 832 1690 887 is
1719 831 1814 902 qui
1855 847 2040 890 rerum

460 911 529 963 ab
565 912 685 983 ipso
712 913 977 973 factarum
1006 918 1369 978 admiratione
1396 921 1522 993 capi
1571 922 1828 979 voluerit.
1870 921 2043 980 Sicuti

457 1004 604 1059 enim
663 1004 856 1065 beatus
899 1007 1100 1066 Paulus
1140 1012 1381 1067 scribit:
1437 1030 1458 1065 ι
1504 1011 1801 1071 lnvisibilia
1847 1015 1969 1086 ejus
2013 1030 2046 1072 ε

458 1096 733 1152 creatione
756 1100 945 1156 mundi
976 1116 1074 1172 per
1107 1116 1172 1158 ea
1223 1120 1346 1175 qua:
1405 1104 1550 1161 facta
1585 1114 1714 1161 sunt
1772 1106 2046 1163 intellecta

458 1189 890 1257 conspiciuntur,
933 1203 1137 1250 aeterna
1181 1197 1395 1252 scilicet
1460 1197 1580 1268 ejus
1613 1198 1696 1253 vis
1743 1209 1800 1254 et
1848 1199 2048 1256 divini-

460 1290 545 1336 tas
582 1280 652 1339 “.
705 1301 725 1335 ι
788 1283 1103 1343 Verisimile
1150 1296 1336 1345 autem
1381 1300 1488 1356 est,
1520 1292 1836 1361 prophetam
1888 1307 2051 1348 accu-

459 1387 585 1428 sare
609 1371 855 1441 Judaeos,
882 1377 1037 1444 quasi
1067 1379 1160 1449 qui
1193 1382 1691 1450 compotationibus
1727 1398 1787 1439 se
1819 1384 2049 1450 dedant,

461 1473 518 1517 et
544 1462 614 1517 ad
635 1464 862 1523 delicias
882 1469 1228 1540 cupidissime
1256 1472 1558 1539 convniant,
1586 1489 1684 1530 nec
1705 1475 1885 1531 animo
1908 1477 2050 1533 inte-

466 1553 568 1607 rim
615 1554 797 1612 futura
833 1562 1092 1630 cogitent,
1125 1561 1177 1617 id
1223 1572 1326 1630 est,
1365 1579 1484 1634 quae
1507 1564 1641 1636 ipsis
1684 1580 1750 1621 ex
1783 1566 1864 1622 ira
1905 1567 2052 1623 velut

465 1645 650 1703 divina
703 1659 965 1706 eventura
1013 1663 1191 1718 erant,
1239 1668 1360 1723 qua:
1391 1656 1552 1711 etiam
1591 1672 1755 1729 opera
1794 1674 2049 1715 manuum

471 1740 562 1793 Dei
595 1753 896 1813 nuncupat.
924 1743 1129 1827 Pacem
1171 1747 1320 1803 enim
1367 1749 1657 1804 constituit
1702 1749 2054 1820 diligentibus

464 1845 547 1894 se,
591 1831 731 1886 mala
768 1848 898 1891 vero
921 1846 1076 1890 creat
1100 1837 1187 1894 his
1220 1839 1312 1908 qui
1356 1837 1424 1893 ad
1461 1839 1594 1895 iram
1626 1841 1930 1897 concitant.
1995 1831 2059 1897 εἰ
2098 1888 2106 1903 .

465 1924 611 1977 enim
671 1922 854 1981 futura
912 1936 1101 1983 contra
1154 1943 1215 1984 se
1273 1929 1488 1986 Domini
1532 1946 1703 2003 opera
1762 1933 2052 2000 vidissent,

467 2016 934 2083 perpotationibus
970 2019 1202 2074 minime
1228 2020 1607 2088 indulsissent,
1653 2026 1749 2079 sed
1786 2039 1933 2081 curae
1993 2040 2058 2082 ac

466 2108 620 2163 cordi
661 2107 891 2165 fuissent
954 2110 1062 2168 illis
1118 2113 1411 2187 lacrymm,
1477 2124 1664 2186 gratus
1715 2116 1911 2174 fuisset
1970 2117 2055 2173 lu-

466 2209 611 2267 rtus,
643 2200 880 2268 labores,
915 2217 1129 2274 preces,
1174 2207 1509 2277 ptenitentia‘.
1548 2207 1747 2275 ofﬁcia,
1894 2213 2054 2268 malis

464 2306 586 2358 quae
656 2307 720 2349 ex
789 2296 1209 2370 intemperantia
1297 2307 1644 2373 proveniant,
1714 2302 1874 2377 longe
1930 2319 2057 2376 gra-

466 2384 623 2439 tiara.

543 2575 704 2632 Vsus.
732 2578 823 2643 i5,
861 2577 949 2633 16.
985 2578 1237 2648 Captivus
1261 2581 1425 2652 igitur
1451 2583 1677 2654 populus
1709 2601 1851 2639 meus
1882 2585 2056 2655 [actus

466 2680 568 2733 (ιι,
610 2670 739 2741 quia
768 2668 1056 2725 Dominum
1107 2688 1212 2727 non
1241 2675 1508 2745 cognorit,
1557 2686 1607 2731 et
1644 2676 1802 2731 multi
1844 2678 2058 2749 fameet

468 2761 564 2814 siti
587 2777 738 2832 aqua
770 2763 940 2817 necati
970 2773 1114 2820 sunt.
1149 2762 1215 2818 Et
1236 2764 1480 2821 dilatavit
1536 2768 1781 2839 infernus
1825 2769 2059 2825 animant

469 2870 657 2919 suam,
688 2864 740 2909 et
787 2856 995 2925 aperuit
1028 2873 1086 2912 as
1138 2874 1326 2926 suum,
1357 2861 1470 2914 sine
1499 2860 1903 2917 intermissione.
1949 2861 2060 2919 De-

469 2947 813 3012 scendentqne
872 2949 1069 3006 nobiles
1109 2960 1160 3005 et
1217 2952 1416 3022 magni,
1484 2952 1673 3008 divites
1727 2964 1776 3008 et
1820 2964 2061 3025 pastores

2141 466 2397 539 καθαρῶς
2418 486 2430 498 ·
2453 466 2595 522 οῦτω
2617 467 2712 521 καὶ
2738 464 3076 538 ἀνθρώπινος
3096 461 3221 527 νοῦς
3247 464 3368 525 ταῖς
3387 460 3487 532 τῆς
3520 461 3730 531 σαρκὸς

2142 557 2193 611 εί
2243 556 2684 631 καταπαχύνοιτο
2746 556 3002 628 τρυφαῖς.
3059 552 3329 626 ἁναμύειν
3386 551 3449 606 οὐ
3503 549 3731 607 δύναται

2142 650 2281 722 πρὸς
2313 649 2468 714 Θεὸν,
2516 648 2641 704 οὔτε
2675 649 2781 721 μὴν
2814 645 3020 719 ἀκρισῆ
3049 647 3163 708 τοῖς
3205 645 3335 716 παρ’
3384 640 3552 696 αὑτοῦ
3582 658 3732 711 γινο-

2147 742 2328 813 μένοις
2359 739 2646 813 ἐνερείδειν
2686 739 2787 810 τὴν
2822 738 2974 810 ὄψιν*
3025 736 3092 790 δι’
3138 728 3215 790 ὧν
3272 735 3388 789 ἔστι
3437 735 3532 788 καὶ
3582 734 3731 805 μάλα

2146 830 2354 902 σαφῶς,
2397 831 2481 895 τίς
2508 847 2569 883 τε
2615 831 2711 884 καὶ⁸
2742 830 2866 892 ὅσος
2897 828 3044 881 ἐστὶν
3075 828 3103 881 ὁ
3128 825 3491 900 Δημιουργὸς,
3529 826 3733 880 ἐννοεῖν

2144 922 2430 980 δύνασθαι.
2467 920 2802 976 Γινώσκεται
2826 918 2937 991 γὰρ
2960 918 3069 973 ἀπὸ
3097 917 3365 988 καλλονῆς
3390 917 3728 987 κτισμάτων

2147 1014 2240 1068 καὶ
2267 1012 2598 1084 θαυμάσειεν
2636 1009 2704 1065 ἂν
2737 1009 2902 1065 αὐτὸν
2931 1008 3026 1063 καὶ
3057 1007 3207 1080 μάλα
3247 1007 3524 1070 πλουσίως
3557 1006 3585 1058 ὁ
3617 1008 3733 1070 τοῖς

2150 1109 2280 1182 παρ’
2312 1107 2477 1163 αὐτοῦ
2509 1104 2907 1178 πεποιημένοις
2929 1104 2992 1159 τὸ
3025 1102 3212 1176 θαῦμα
3245 1101 3440 1166 διδούς.
3486 1101 3575 1165 Ὠς
3613 1102 3726 1172 γὰρ
3791 1086 3801 1096 ’

2147 1204 2177 1256 ὁ
2202 1201 2473 1273 μακάριος
2503 1200 2706 1271 γράφει
2736 1196 2948 1261 Παῦλος
2968 1213 2982 1227 ο
3020 1215 3039 1249 ι
3069 1195 3152 1249 Τὰ
3178 1194 3389 1267 ἀόρατα
3421 1192 3590 1248 αὑτοῦ
3621 1193 3733 1247 ἀπὸ

2150 1295 2383 1355 κτίσεως
2409 1292 2613 1363 κόσμου
2646 1292 2760 1353 τοῖς
2790 1289 3060 1361 ποιήμασι
3086 1286 3358 1358 νοούμενα
3390 1286 3690 1358 καθορᾶται
3716 1327 3730 1350 ,

2149 1388 2186 1458 ἦ
2215 1404 2273 1440 τε
2308 1386 2475 1449 ἀΐδιος
2504 1381 2669 1437 αὑτοῦ
2695 1374 2927 1452 δύναμις
2957 1380 3051 1434 καὶ
3096 1379 3363 1447 θειότης.»
3396 1378 3557 1442 Εἰκὸς
3583 1377 3639 1431 δὲ
3667 1377 3732 1449 δὴ

2151 1481 2244 1535 τὸν
2272 1481 2559 1553 προφήτην
2593 1474 2981 1533 καταιτιᾶσθαι
3008 1475 3134 1539 τοὺς
3173 1473 3460 1535 Ἰουδαίους
3486 1472 3562 1535 ὡς
3591 1473 3735 1539 ἀγα-

2154 1573 2364 1629 σπῶνται
2398 1572 2594 1636 πότους
2619 1611 2634 1636 ,
2681 1566 3109 1638 συλλεγομένους
3132 1565 3190 1620 δὲ
3216 1565 3311 1619 καὶ
3353 1564 3501 1637 μάλα
3529 1562 3735 1635 προθύ-

2158 1683 2274 1739 μως
2321 1666 2402 1729 είς
2442 1663 2683 1736 τρυφάς·
2721 1660 2796 1739 μὴ
2851 1660 2957 1732 μὴν
3002 1658 3086 1712 ἔτι
3136 1659 3234 1711 καὶ
3272 1660 3353 1723 εἰς
3399 1655 3526 1710 νοῦν
3568 1656 3735 1727 ἔχειν,

2157 1736 2325 1830 ἤγουν
2354 1758 2433 1820 είς
2461 1754 2532 1809 τὰ
2562 1736 2824 1826 μέλλοντα
2857 1749 3105 1822 θεωρεῖν,
3140 1746 3287 1801 τοῦτ’
3318 1746 3454 1811 ἔστι,
3489 1745 3557 1800 τὰ
3589 1762 3730 1812 συμ-

2157 1851 2396 1921 ϐήσοντα
2429 1848 2613 1908 αὐτοῖς
2643 1845 2720 1909 ὡς
2748 1846 2812 1898 ἐκ
2840 1841 2992 1905 θείας
3031 1841 3205 1912 ὀργῆς
3225 1879 3239 1903 ,
3262 1841 3298 1894 ἃ
3316 1840 3410 1893 καὶ
3442 1838 3579 1909 ἔργα
3603 1837 3741 1909 φησι

2157 1941 2266 1996 τῶν
2306 1938 2503 2012 χειρῶν
2530 1936 2624 1991 τοῦ
2649 1935 2808 1990 Θεοῦ.
2846 1936 3000 1990 Ποιεῖ
3026 1934 3134 2005 γὰρ
3180 1933 3404 2006 εἰρήνην
3451 1932 3563 1995 τοῖς
3599 1931 3740 1997 ἀγα-

2158 2030 2336 2084 πῶσιν
2366 2027 2550 2090 αὑτὸν,
2580 2025 2676 2080 καὶ
2699 2027 2813 2088 τοῖς
2836 2021 3237 2095 παροτρύνουσι
3265 2019 3443 2086 κτίζει
3477 2019 3646 2073 κακά.
3667 2019 3735 2073 El

2157 2123 2267 2193 γὰρ
2302 2119 2487 2192 ἐώρων
2516 2118 2586 2172 τὰ
2614 2117 2850 2188 ἐσόμενα
2876 2115 2997 2194 κατ’
3023 2113 3200 2169 αὐτῶν
3226 2112 3361 2185 ἔργα
3399 2112 3745 2183 Κυρίου,οὺκ

2156 2214 2223 2271 ἂν
2265 2213 2556 2285 ἠνέσχοντο
2587 2210 2786 2274 πότον,
2823 2208 2938 2263 ἀλλ’
2985 2202 3054 2278 ἦν
3098 2204 3164 2260 ἂν
3195 2205 3380 2269 αὐτοῖς
3427 2204 3486 2258 ὲν
3535 2202 3743 2274 σπουδῇ
3836 2212 3841 2215 ⁷

2157 2307 2218 2360 τὸ
2245 2306 2501 2376 δάκρυον,
2545 2302 2640 2355 καὶ
2670 2299 2822 2370 φίλος
2868 2300 2897 2352 ὁ
2942 2297 3157 2369 θρῆνος,
3187 2295 3340 2349 πόνοι
3364 2310 3423 2346 τε
3453 2294 3546 2347 καὶ
3576 2310 3747 2365 προσ-

2158 2397 2336 2469 ευχαὶ,
2355 2396 2453 2451 καὶ
2480 2394 2550 2448 τὰ
2573 2394 2673 2463 τῆς
2701 2388 3094 2463 μεταγνώσεως
3125 2387 3283 2457 ἔργα,
3314 2382 3422 2437 τῶν
3446 2384 3502 2437 ἐν
3536 2383 3746 2453 ἀσωτίᾳ

2159 2492 2349 2547 κακῶν
2387 2492 2592 2564 ἡδίονα.

2234 2585 2450 2639 Τοίνυν
2479 2579 2859 2651 αἰχμάλωτος
2900 2580 2932 2631 ὁ
2979 2576 3132 2641 λαός
3163 2591 3284 2644 μου
3319 2571 3608 2642 ἐγενήθη,
3648 2566 3749 2621 διὰ

2159 2674 2228 2729 τὸ
2264 2674 2351 2745 μὴ
2385 2672 2609 2729 εἰδέναι
2654 2670 2878 2733 αὐτοὺς
2914 2668 3025 2722 τὸν
3065 2667 3309 2734 Κύριον.
3351 2663 3460 2719 Kal
3509 2658 3748 2729 πλῆθος

2158 2766 2413 2839 ἐγενήθη
2458 2765 2710 2833 νεκρῶν,
2760 2762 2859 2817 διὰ
2898 2761 3082 2832 λιμὸν
3118 2760 3217 2814 καὶ
3260 2757 3454 2828 δίψαν
3500 2754 3745 2819 ὕδατος.

2160 2860 2271 2917 Kal
2322 2859 2665 2913 ἐπλάτυνεν
2700 2858 2733 2910 ὁ
2777 2854 2928 2923 ᾅδης
2973 2851 3089 2916 τὴν
3138 2849 3355 2921 ψυχὴν
3395 2846 3606 2909 αὑτοῦ,
3646 2842 3748 2898 και

2161 2952 2468 3023 διήνοιξεν
2519 2952 2584 3005 τὸ
2640 2949 2836 3018 στόμα
2880 2946 3090 3012 αὑτοῦ,
3133 2943 3240 2999 τοῦ
3290 2940 3378 3012 μὴ
3422 2936 3747 2993 διαλιπεῖν.

468 3038 605 3108 ejus.
651 3039 938 3111 Dejicietur
980 3042 1157 3109 homo,
1207 3052 1258 3099 et
1300 3045 1592 3114 ignominia
1637 3045 1895 3117 aﬂicietur
1952 3048 2052 3116 vir,

2159 3046 2269 3102 Kal
2295 3043 2738 3112 καταϐήσονται
2768 3042 2820 3095 oi
2853 3038 3115 3104 ἔνδοξοι,
3142 3037 3238 3089 καὶ
3263 3037 3318 3089 ol
3339 3031 3616 3104 μεγάλοι,
3647 3029 3750 3083 καὶ

465 3143 517 3183 at
566 3132 706 3186 oculi
756 3133 884 3189 elati
902 3135 1347 3193 humiliabuntnr.
1371 3135 1677 3193 Extolletur
1720 3148 1900 3193 autem
1954 3138 2059 3194 Do-

468 3228 643 3281 minus
673 3224 908 3283 Sabaoth
950 3228 1006 3283 in
1042 3228 1273 3300 judicio,
1322 3240 1374 3285 et
1412 3230 1557 3286 Deus
1602 3241 1816 3287 sanctus
1862 3233 2060 3304 glorio-

471 3336 562 3374 sus
604 3319 702 3373 erit
747 3321 799 3375 in
832 3318 1074 3391 justitia.

548 3589 682 3644 llem
717 3590 770 3644 in
813 3589 1107 3660 perniciem
1136 3591 1353 3658 cedere,
1384 3592 1452 3648 ad
1478 3592 1664 3649 ultima
1692 3594 1831 3652 mala
1861 3595 2081 3652 ducere

473 3698 569 3738 eos
619 3681 710 3751 qui
737 3679 925 3735 volunt
953 3680 1182 3738 delicate
1210 3696 1275 3739 ac
1325 3681 1563 3739 molliter
1612 3684 1819 3752 vivere,
1875 3686 2060 3742 divina

475 3792 575 3830 nos
614 3775 668 3830 in
709 3774 794 3830 his
837 3774 996 3831 docet
1027 3775 1225 3833 oratio.
1275 3775 1410 3833 Cum
1468 3778 1617 3832 enim
1666 3776 1909 3836 Iudaicae
1970 3795 2059 3836 re.-

473 3870 653 3940 gionis
704 3868 918 3937 incolae,
964 3868 1086 3925 aliis
1127 3868 1391 3925 clariores
1440 3869 1893 3942 illustrioresque,
1926 3886 2058 3942 ope-

476 3979 595 4016 rum
658 3961 753 4018 Dei
818 3975 1006 4018 curam
1054 3960 1394 4034 negligerent
1465 3971 1723 4034 tanquam
1787 3952 2063 4036 inutilem,

389 4114 397 4125 γ
476 4068 709 4125 rumque
760 4053 1019 4127 operibus
1065 4068 1323 4110 manuum
1381 4052 1499 4126 ejus
1562 4055 1768 4111 nullum
1821 4057 2059 4113 studium

477 4147 899 4215 impenderent,
961 4148 1457 4206 comessationibus
1529 4157 1713 4206 autem
1788 4151 2063 4222 perpetuis

481 4248 762 4304 vacarent,
838 4239 1091 4295 ebrietati
1171 4240 1539 4313 indulgerent,
1615 4256 1682 4297 ac
1772 4241 2063 4296 immodice

479 4334 1017 4401 intemperanterque
1075 4330 1228 4391 tibiis
1299 4337 1602 4396 canentes,
1668 4332 1722 4387 in
1798 4348 1865 4388 eo
1921 4342 2063 4388 totos

2160 3141 2216 3195 οι
2262 3139 2568 3198 πλούσιοι,
2618 3133 2719 3190 καὶ
2769 3135 2824 3187 οἱ
2870 3131 3074 3202 νομεῖς
3127 3126 3339 3198 αὐτῆς.
3394 3123 3505 3180 Καὶ
3542 3136 3752 3176 taxat-

2159 3228 2495 3298 νωθήσεται
2559 3225 2874 3292 ἅνθρωπος
2896 3264 2912 3288 ,
2970 3220 3068 3275 καί
3119 3216 3515 3281 ἀτισθήσεται
3568 3210 3749 3282 ἀνήρ.

2161 3324 2269 3378 Καὶ
2316 3323 2372 3375 οἱ
2410 3317 2705 3388 ὀφθαλμοί
2748 3318 2803 3370 οί
2850 3314 3132 3384 μετέωροι
3171 3305 3752 3376 ταπεινωθήσονται,

2161 3412 2260 3470 καὶ
2313 3410 2699 3479 ὑψωθήσεται
2762 3408 2978 3477 Κύριος
3036 3404 3304 3472 Σαϐαὼθ,
3369 3400 3469 3457 καί
3519 3402 3553 3455 ὁ
3603 3398 3755 3466 Θεὸς

2162 3504 2330 3576 ἅγιος
2351 3499 2797 3568 δοξασθήσεται
2824 3499 2894 3554 ἐν
2920 3498 3314 3568 δικαιοσύνῃ.

2234 3597 2357 3650 Ὀτι
2404 3596 2519 3658 τοῖς
2557 3593 2771 3648 θέλουσι
2822 3593 3036 3664 τρυφᾷν
3091 3591 3384 3664 ὲκτελευτᾷ
3437 3591 3500 3645 τδ
3555 3590 3752 3663 χρῆμα

2161 3689 2301 3762 πρὸς
2332 3687 2554 3760 ὄλεθρον
2590 3686 2687 3740 καὶ
2712 3684 2849 3757 πρὸς
2876 3685 3009 3738 αὐτό
3031 3701 3135 3738 που
3161 3684 3222 3738 τὸ
3253 3682 3467 3739 λοῖσθον
3497 3684 3755 3754 ἀφικνεῖ-

2162 3801 2254 3838 ται
2288 3782 2397 3835 τῶν
2436 3779 2645 3846 κακῶν,
2693 3780 2721 3833 ὁ
2767 3778 2910 3842 θεῖος
2953 3778 3101 3850 ἡμᾶς
3145 3778 3204 3831 ὲν
3247 3776 3463 3841 τούτοις
3507 3776 3755 3832 διδάσκει

2163 3876 2340 3953 λόγος.
2380 3873 2599 3945 Ἐπειδὴ
2659 3871 2766 3944 γὰρ
2810 3872 2859 3924 oi
2916 3871 3017 3940 τῆς
3057 3869 3329 3924 Ἰουδαίων
3383 3868 3590 3941 χώρας,
3642 3867 3756 3923 τῶν

2164 3968 2341 4025 ἄλλων
2396 3963 2889 4038 περιφανέστεροι,
2953 3962 3214 4034 μεθέντες
3275 3962 3352 4025 ὡς
3408 3961 3638 4033 ἀκερδὲς
3691 3960 3757 4015 τδ

2165 4064 2365 4136 χρῆναι
2412 4055 2872 4130 περιεργάζεσθαι
2912 4054 2982 4109 τὰ
3031 4054 3171 4127 ἔργα
3208 4051 3303 4107 τοῦ
3347 4051 3508 4113 Θεοῦ,
3550 4051 3648 4106 καὶ
3691 4051 3756 4108 τὸ

2165 4152 2465 4226 ἐμϐλέπειν
2507 4150 2576 4206 τὰ
2618 4149 2758 4221 ἔργα
2802 4148 2912 4203 τῶν
2951 4147 3150 4221 χειρῶν
3193 4144 3382 4208 αὐτοῦ,
3422 4144 3554 4218 παρ’
3600 4144 3756 4198 οὐδὲν

2165 4245 2499 4319 ποιήσασθαι
2544 4240 3012 4315 μεμελετηκότες.
3073 4238 3282 4311 κώμοις
3335 4255 3395 4291 τε
3443 4237 3755 4310 διηνεκέσιν

2165 4336 2481 4410 ἐσχόλαζον,
2520 4335 2616 4390 καὶ
2644 4333 2862 4404 μεθύειν
2886 4330 3077 4403 ιἤθελον
3101 4329 3420 4385 ἀσωτότατα
3452 4325 3757 4383 καταυλού-

479 4424 599 4479 dies
629 4399 1027 4492 producerent:
1079 4422 1327 4479 abituros
1357 4437 1490 4478 sane
1549 4424 1793 4494 captivos
1846 4425 1940 4489 ait,
2008 4435 2056 4480 et

2171 4447 2346 4502 μενοι,
2413 4431 2509 4486 καὶ
2562 4426 2723 4481 τοῦτο
2781 4410 3243 4497 διημερεύοντες
3288 4423 3599 4494 οξχήσονται
3653 4422 3756 4492 μὲν

477 4519 781 4573 servituros
846 4514 1109 4578 inimicis,
1179 4520 1492 4585 tantamque
1552 4513 1667 4569 fore
1697 4529 1792 4586 per
1849 4529 2065 4571 omnem

478 4612 757 4686 regionem
820 4615 1158 4665 mortuorum
1216 4604 1396 4659 inedia
1456 4614 1513 4660 et
1588 4605 1679 4660 siti
1724 4606 2067 4676 pereuntium

477 4702 906 4769 multitudinem,
934 4708 993 4754 ut
1035 4695 1282 4753 infernus
1341 4696 1607 4769 praelargo
1631 4706 1687 4753 et
1745 4697 2056 4769 inexplebili

477 4795 593 4876 89
642 4807 759 4860 ore,
802 4791 1182 4862 hiantibusque
1240 4789 1485 4846 faucibus
1513 4790 1812 4846 absorbens
1857 4804 1950 4846 eos
1974 4792 2066 4863 qui

480 4886 893 4952 descenderent,
924 4886 1145 4955 suisque
1167 4896 1262 4940 eos
1330 4881 1603 4940 thesauris
1635 4883 1897 4955 spoliatus,
1927 4900 2061 4955 quo-

480 4982 771 5042 dammodo
816 4980 889 5039 sit
934 4980 1325 5041 exsultaturus.
1370 4977 1503 5037 Nam
1535 4996 1658 5039 cum
1706 4978 1901 5037 inferni
1949 4981 2068 5036 ani-

482 5093 626 5135 mam
683 5074 963 5133 dilatatam
1015 5073 1194 5139 audis,
1248 5072 1394 5132 aliud
1429 5072 1564 5129 nihil
1598 5089 1759 5147 quam
1791 5074 1931 5145 quod
1951 5073 2062 5143 jam

482 5180 615 5245 dixi,
655 5176 966 5248 significare
1005 5191 1128 5232 eum
1170 5173 1304 5234 velle
1334 5173 1750 5233 existimandum
1782 5183 1887 5230 est.
1929 5172 2065 5229 Nam

483 5271 766 5341 Scriptura
820 5267 1085 5337 divinitus
1139 5266 1375 5336 aspiratn
1450 5265 1762 5320 nominibus
1838 5263 2070 5337 ﬁgurate

2167 4521 2504 4593 αἰχμάλωτοι
2561 4521 2656 4572 καὶ
2713 4516 3092 4572 δουλεύσουσιν
3136 4514 3388 4587 ἐχθροῖς,
3434 4512 3646 4584 πληθὺς
3699 4512 3760 4568 δὲ

2165 4614 2405 4685 τοσαύτη
2428 4611 2638 4685 νεκρῶν
2668 4609 2811 4666 κατὰ
2842 4609 3025 4663 πᾶσαν
3055 4607 3211 4662 ἔσται
3236 4606 3334 4679 τὴν
3366 4605 3575 4679 χώραν,
3606 4604 3759 4676 λιμῷ

2169 4704 2266 4759 καὶ
2293 4703 2437 4777 δίψει
2464 4700 2814 4766 διολωλότων,
2841 4699 2917 4762 ὡς
2960 4698 3243 4770 μονονουχὶ
3283 4696 3633 4766 σπαταλῆσαι
3663 4696 3759 4750 τὸν

2173 4797 2309 4871 ᾅδην
2352 4795 2549 4849 πλατεῖ
2605 4794 2701 4847 καὶ
2743 4791 3007 4862 ἀπλήστῳ
3053 4789 3302 4859 στόματι,
3352 4788 3546 4861 χανδὸν
3597 4787 3760 4856 ἐκρο-

2173 4891 2376 4963 φοῦντα
2413 4889 2537 4952 τοὺς
2589 4883 3040 4946 καταϐαίνοντας,
3095 4883 3188 4936 καὶ
3239 4882 3352 4945 τοῖς
3412 4880 3565 4944 ίδίοις
3621 4879 3757 4933 ἁπο-

2173 4983 2424 5038 κλείοντα
2471 4979 2785 5051 θησαυροῖς.
2833 4975 3006 5028 Ὅταν
3051 4970 3161 5045 γᾶρ
3211 4971 3340 5043 ᾆδου
3390 4970 3571 5042 ψυχὴν
3621 4970 3762 5024 πλαο

2173 5072 2474 5145 τυνομένην
2504 5069 2742 5133 ἀκούεις,
2768 5065 3050 5138 νομιστέον
3080 5066 3266 5136 ἓτερον
3285 5062 3439 5117 οῦδὲν
3469 5060 3759 5131 βούλεσθαι

2170 5165 2365 5240 δηλοῦν
2403 5162 2588 5224 αὑτὸν,
2621 5160 2655 5231 ἢ
2688 5161 2828 5230 ὅπερ
2850 5158 2988 5231 ἔφην
3011 5157 3233 5229 ἀρτίωςο
3272 5155 3554 5226 Κέχρηται
3579 5152 3685 5224 γὰρ
3722 5155 3757 5225 ἢ

2173 5260 2529 5321 θεόπνευστος
2561 5250 2755 5327 Γραφὴ
2783 5253 2897 5314 τοῖς
2934 5249 3164 5320 ὀνόμασι
3194 5246 3470 5318 τροπικῶς
3498 5244 3611 5297 ἔσθ’
3642 5245 3756 5309 ὅτε,

484 5337 656 5415 utitur
717 5360 1014 5427 interdum,
1067 5367 1122 5415 et
1178 5356 1336 5431 quasi
1373 5356 1763 5428 metaphoriee,
1818 5357 1981 5412 etiam
2014 5353 2056 5408 ir

2173 5352 2268 5405 καὶ
2299 5344 2410 5403 οἷον
2442 5350 2507 5403 ὲκ
2546 5344 2861 5416 μεταφορᾶς
2888 5382 2903 5406 ,
2958 5342 3052 5394 καὶ
3088 5341 3182 5396 ἐπὶ
3214 5338 3323 5394 τῶν
3370 5338 3470 5391 οὐκ
3522 5337 3764 5407 ἐχόντων

486 5454 647 5510 rebus
671 5466 792 5522 quae
818 5450 1104 5508 animabus
1142 5460 1352 5515 carent,
1389 5448 1498 5504 into
1528 5461 1648 5518 qua:
1672 5460 1773 5502 nec
1804 5445 1854 5499 in
1882 5444 2056 5499 ordim

2173 5444 2374 5513 ψυχὴν,
2398 5440 2512 5496 ἀλλ’
2541 5439 2663 5494 οὐδὲ
2690 5442 2748 5494 ὲν
2776 5436 2928 5505 τάξει
2961 5434 3116 5501 ζώων
3144 5429 3564 5505 ἡριθμημὲνων,
3595 5426 3629 5498 ἢ
3664 5428 3764 5480 καὶ

484 5559 547 5598 ac
608 5544 752 5599 serie
812 5543 1128 5601 animalium
1174 5551 1551 5608 numerantur,
1596 5550 1687 5596 aut
1721 5555 1842 5611 qua:
1885 5553 2056 5595 rever:

2177 5535 2347 5589 ὄντων
2375 5532 2583 5586 τούτων
2621 5530 2741 5589 κατ’
2770 5526 3052 5607 ἀλήθειαν.
3091 5526 3227 5579 Ποία
3268 5523 3375 5597 γΞιρ
3412 5520 3536 5594 ᾅδου

566 5699 610 5734 ⁸⁸
643 5698 797 5759 Rom.
846 5714 886 5763 ι,
917 5696 1009 5758 20.
