  <div class='ocr_page' id='page_1' title='image "/cluster/home/n/w/nwhite01/storage/ocr_20150623/70/mdp.39015078384453/084.png"; bbox 0 0 4134 6304; ppageno 0'>
   <div class='ocr_carea' id='block_1_1' title="bbox 344 326 448 382">
    <p class='ocr_par' dir='ltr' id='par_1_1' title="bbox 344 326 448 382">
     <span class='ocr_line' id='line_1_1' title="bbox 344 326 448 382; baseline 0.029 -4"><span class='ocrx_word' id='word_1_1' title='bbox 344 326 448 382; x_wconf 63' lang='grc'><strong>153</strong></span> 
     </span>
    </p>
   </div>
   <div class='ocr_carea' id='block_1_2' title="bbox 1484 320 2464 382">
    <p class='ocr_par' dir='ltr' id='par_1_2' title="bbox 1484 320 2464 382">
     <span class='ocr_line' id='line_1_2' title="bbox 1484 320 2464 382; baseline -0.001 -2"><span class='ocrx_word' id='word_1_2' title='bbox 1484 324 1547 381; x_wconf 75' lang='grc' dir='ltr'><strong>ΙΝ</strong></span> <span class='ocrx_word' id='word_1_3' title='bbox 1586 326 1822 382; x_wconf 64' lang='grc' dir='ltr'>ιεΑιΑιι</span> <span class='ocrx_word' id='word_1_4' title='bbox 1865 321 1996 378; x_wconf 83' lang='lat' dir='ltr'><strong>LIB.</strong></span> <span class='ocrx_word' id='word_1_5' title='bbox 2038 320 2081 377; x_wconf 89' lang='grc'><strong>1.</strong></span> <span class='ocrx_word' id='word_1_6' title='bbox 2121 323 2336 380; x_wconf 74' lang='lat' dir='ltr'><strong>ORAT.</strong></span> <span class='ocrx_word' id='word_1_7' title='bbox 2378 322 2464 379; x_wconf 83' lang='lat' dir='ltr'><strong>Ill.</strong></span> 
     </span>
    </p>
   </div>
   <div class='ocr_carea' id='block_1_3' title="bbox 3517 317 3621 372">
    <p class='ocr_par' dir='ltr' id='par_1_3' title="bbox 3517 317 3621 372">
     <span class='ocr_line' id='line_1_3' title="bbox 3517 317 3621 372; baseline 0 0"><span class='ocrx_word' id='word_1_8' title='bbox 3517 317 3621 372; x_wconf 58' lang='lat'><strong>15‘</strong></span> 
     </span>
    </p>
   </div>
   <div class='ocr_carea' id='block_1_4' title="bbox 342 432 1929 511">
    <p class='ocr_par' dir='ltr' id='par_1_4' title="bbox 342 437 1929 511">
     <span class='ocr_line' id='line_1_4' title="bbox 342 437 1929 511; baseline 0.001 -22"><span class='ocrx_word' id='word_1_9' title='bbox 342 439 520 501; x_wconf 79' lang='grc' dir='ltr'>Τοπος</span> <span class='ocrx_word' id='word_1_10' title='bbox 540 437 597 493; x_wconf 61' lang='grc' dir='ltr'>δὲ</span> <span class='ocrx_word' id='word_1_11' title='bbox 632 437 832 508; x_wconf 67' lang='grc' dir='ltr'>μᾶλλον</span> <span class='ocrx_word' id='word_1_12' title='bbox 861 440 889 492; x_wconf 84' lang='grc' dir='ltr'>ὀ</span> <span class='ocrx_word' id='word_1_13' title='bbox 911 438 1063 511; x_wconf 69' lang='grc' dir='ltr'>ᾅδης,</span> <span class='ocrx_word' id='word_1_14' title='bbox 1096 442 1189 495; x_wconf 79' lang='lat' dir='ltr'><strong>xui</strong></span> <span class='ocrx_word' id='word_1_15' title='bbox 1235 441 1423 511; x_wconf 73' lang='grc' dir='ltr'>ψυχῶν</span> <span class='ocrx_word' id='word_1_16' title='bbox 1467 441 1668 495; x_wconf 77' lang='grc' dir='ltr'>ἀθλίων</span> <span class='ocrx_word' id='word_1_17' title='bbox 1710 439 1929 510; x_wconf 76' lang='grc' dir='ltr'>ἀμειδὲς</span> 
     </span>
    </p>
   </div>
   <div class='ocr_carea' id='block_1_5' title="bbox 2031 432 3622 511">
    <p class='ocr_par' dir='ltr' id='par_1_5' title="bbox 2036 432 3622 504">
     <span class='ocr_line' id='line_1_5' title="bbox 2036 432 3622 504; baseline -0.002 -14"><span class='ocrx_word' id='word_1_18' title='bbox 2036 437 2323 492; x_wconf 77' lang='lat' dir='ltr'><strong>exsistunt.</strong></span> <span class='ocrx_word' id='word_1_19' title='bbox 2357 437 2491 504; x_wconf 76' lang='lat' dir='ltr'><strong>Qua:</strong></span> <span class='ocrx_word' id='word_1_20' title='bbox 2533 437 2678 491; x_wconf 88' lang='lat' dir='ltr'><strong>enim</strong></span> <span class='ocrx_word' id='word_1_21' title='bbox 2708 444 2794 492; x_wconf 89' lang='lat' dir='ltr'><strong>est</strong></span> <span class='ocrx_word' id='word_1_22' title='bbox 2840 434 3038 491; x_wconf 87' lang='lat' dir='ltr'><strong>lnl&#39;ernl</strong></span> <span class='ocrx_word' id='word_1_23' title='bbox 3067 433 3251 490; x_wconf 83' lang='lat' dir='ltr'><strong>anima</strong></span> <span class='ocrx_word' id='word_1_24' title='bbox 3273 433 3300 487; x_wconf 67' lang='grc' dir='ltr'>ἲ</span> <span class='ocrx_word' id='word_1_25' title='bbox 3334 432 3510 489; x_wconf 88' lang='lat' dir='ltr'><strong>Locus</strong></span> <span class='ocrx_word' id='word_1_26' title='bbox 3532 448 3622 502; x_wconf 85' lang='lat' dir='ltr'><strong>po-</strong></span> 
     </span>
    </p>
   </div>
   <div class='ocr_carea' id='block_1_6' title="bbox 343 529 1927 602">
    <p class='ocr_par' dir='ltr' id='par_1_6' title="bbox 343 529 1927 602">
     <span class='ocr_line' id='line_1_6' title="bbox 343 529 1927 602; baseline 0.001 -21"><span class='ocrx_word' id='word_1_27' title='bbox 343 529 738 600; x_wconf 82' lang='grc' dir='ltr'>δεσμωτήριον.</span> <span class='ocrx_word' id='word_1_28' title='bbox 771 530 985 584; x_wconf 81' lang='grc' dir='ltr'>υὺκοῦν</span> <span class='ocrx_word' id='word_1_29' title='bbox 1024 532 1135 585; x_wconf 89' lang='grc' dir='ltr'><strong>τῶν</strong></span> <span class='ocrx_word' id='word_1_30' title='bbox 1186 533 1243 585; x_wconf 75' lang='grc' dir='ltr'>ὲν</span> <span class='ocrx_word' id='word_1_31' title='bbox 1292 534 1429 602; x_wconf 77' lang='grc' dir='ltr'>τῷδε</span> <span class='ocrx_word' id='word_1_32' title='bbox 1477 532 1553 602; x_wconf 84' lang='grc' dir='ltr'>τῷ</span> <span class='ocrx_word' id='word_1_33' title='bbox 1601 532 1702 602; x_wconf 82' lang='grc' dir='ltr'>βίῳ</span> <span class='ocrx_word' id='word_1_34' title='bbox 1732 532 1927 601; x_wconf 81' lang='grc' dir='ltr'>ὲντρυ·</span> 
     </span>
    </p>
   </div>
   <div class='ocr_carea' id='block_1_7' title="bbox 349 622 1928 694">
    <p class='ocr_par' dir='ltr' id='par_1_7' title="bbox 349 622 1928 694">
     <span class='ocr_line' id='line_1_7' title="bbox 349 622 1928 694; baseline 0.001 -21"><span class='ocrx_word' id='word_1_35' title='bbox 349 622 577 692; x_wconf 72' lang='grc' dir='ltr'>φώντων</span> <span class='ocrx_word' id='word_1_36' title='bbox 624 624 794 693; x_wconf 77' lang='grc' dir='ltr'>ψυχαὶ</span> <span class='ocrx_word' id='word_1_37' title='bbox 855 625 1275 693; x_wconf 75' lang='grc' dir='ltr'>κατοιχήσονται</span> <span class='ocrx_word' id='word_1_38' title='bbox 1337 625 1437 694; x_wconf 82' lang='grc' dir='ltr'>μὲν</span> <span class='ocrx_word' id='word_1_39' title='bbox 1488 627 1568 687; x_wconf 83' lang='grc' dir='ltr'><strong>εἰς</strong></span> <span class='ocrx_word' id='word_1_40' title='bbox 1614 624 1706 676; x_wconf 85' lang='grc' dir='ltr'>τὸν</span> <span class='ocrx_word' id='word_1_41' title='bbox 1757 622 1928 693; x_wconf 74' lang='grc' dir='ltr'>ᾅδην,</span> 
     </span>
    </p>
   </div>
   <div class='ocr_carea' id='block_1_8' title="bbox 348 715 1930 787">
    <p class='ocr_par' dir='ltr' id='par_1_8' title="bbox 348 715 1930 787">
     <span class='ocr_line' id='line_1_8' title="bbox 348 715 1930 787; baseline 0 -20"><span class='ocrx_word' id='word_1_42' title='bbox 348 715 791 786; x_wconf 75' lang='grc' dir='ltr'>κατεμπλήσουσι</span> <span class='ocrx_word' id='word_1_43' title='bbox 819 715 876 768; x_wconf 77' lang='grc' dir='ltr'>δὲ</span> <span class='ocrx_word' id='word_1_44' title='bbox 898 715 1087 787; x_wconf 85' lang='grc' dir='ltr'>ὥσπερ</span> <span class='ocrx_word' id='word_1_45' title='bbox 1110 716 1209 785; x_wconf 78' lang='grc' dir='ltr'>τὴν</span> <span class='ocrx_word' id='word_1_46' title='bbox 1239 717 1438 787; x_wconf 70' lang='grc' dir='ltr'>ψυχήν.</span> <span class='ocrx_word' id='word_1_47' title='bbox 1474 718 1582 770; x_wconf 75' lang='grc' dir='ltr'>Καί</span> <span class='ocrx_word' id='word_1_48' title='bbox 1603 733 1654 768; x_wconf 90' lang='grc' dir='ltr'><strong>τι</strong></span> <span class='ocrx_word' id='word_1_49' title='bbox 1685 715 1930 768; x_wconf 84' lang='grc' dir='ltr'>τοιοῦτον</span> 
     </span>
    </p>
   </div>
   <div class='ocr_carea' id='block_1_9' title="bbox 344 803 1930 875">
    <p class='ocr_par' dir='ltr' id='par_1_9' title="bbox 344 803 1930 875">
     <span class='ocr_line' id='line_1_9' title="bbox 344 803 1930 875; baseline -0.001 -19"><span class='ocrx_word' id='word_1_50' title='bbox 344 808 480 875; x_wconf 72' lang='grc' dir='ltr'>ἡμῖν</span> <span class='ocrx_word' id='word_1_51' title='bbox 527 804 556 857; x_wconf 82' lang='grc' dir='ltr'><strong><em>ὁ</em></strong></span> <span class='ocrx_word' id='word_1_52' title='bbox 606 804 895 867; x_wconf 78' lang='grc' dir='ltr'><strong>Θεσπέσιος</strong></span> <span class='ocrx_word' id='word_1_53' title='bbox 950 803 1188 875; x_wconf 78' lang='grc' dir='ltr'>μελῳδὸς</span> <span class='ocrx_word' id='word_1_54' title='bbox 1254 805 1539 875; x_wconf 65' lang='grc' dir='ltr'>ὐπδηλοί,</span> <span class='ocrx_word' id='word_1_55' title='bbox 1580 804 1754 872; x_wconf 86' lang='grc' dir='ltr'>λέγων</span> <span class='ocrx_word' id='word_1_56' title='bbox 1797 803 1930 874; x_wconf 89' lang='grc' dir='ltr'><strong>περί</strong></span> 
     </span>
    </p>
   </div>
   <div class='ocr_carea' id='block_1_10' title="bbox 343 892 1930 967">
    <p class='ocr_par' dir='ltr' id='par_1_10' title="bbox 343 892 1930 967">
     <span class='ocr_line' id='line_1_10' title="bbox 343 892 1930 967; baseline 0.002 -22"><span class='ocrx_word' id='word_1_57' title='bbox 343 897 549 963; x_wconf 72' lang='grc' dir='ltr'>πάσης,</span> <span class='ocrx_word' id='word_1_58' title='bbox 570 892 742 964; x_wconf 81' lang='grc' dir='ltr'>οἶμαι,</span> <span class='ocrx_word' id='word_1_59' title='bbox 771 894 951 965; x_wconf 76' lang='grc' dir='ltr'>ψυχῆς</span> <span class='ocrx_word' id='word_1_60' title='bbox 975 896 1259 967; x_wconf 72' lang='grc' dir='ltr'><strong>φιληδόνου</strong></span> <span class='ocrx_word' id='word_1_61' title='bbox 1288 913 1347 949; x_wconf 87' lang='grc' dir='ltr'><strong>τε</strong></span> <span class='ocrx_word' id='word_1_62' title='bbox 1381 900 1477 950; x_wconf 85' lang='lat' dir='ltr'><strong>xui</strong></span> <span class='ocrx_word' id='word_1_63' title='bbox 1505 897 1930 967; x_wconf 81' lang='grc' dir='ltr'>φιλαμαρτήμο-</span> 
     </span>
    </p>
   </div>
   <div class='ocr_carea' id='block_1_11' title="bbox 345 985 1933 1058">
    <p class='ocr_par' dir='ltr' id='par_1_11' title="bbox 345 985 1933 1058">
     <span class='ocr_line' id='line_1_11' title="bbox 345 985 1933 1058; baseline 0.001 -22"><span class='ocrx_word' id='word_1_64' title='bbox 345 1001 435 1045; x_wconf 88' lang='grc' dir='ltr'><strong>νος</strong></span> <span class='ocrx_word' id='word_1_65' title='bbox 456 1001 468 1012; x_wconf 86' lang='grc'><em>’</em></span> <span class='ocrx_word' id='word_1_66' title='bbox 502 985 887 1039; x_wconf 79' lang='grc' dir='ltr'>Εἰσελεύσεται</span> <span class='ocrx_word' id='word_1_67' title='bbox 931 986 1037 1050; x_wconf 80' lang='grc' dir='ltr'>ἓως</span> <span class='ocrx_word' id='word_1_68' title='bbox 1068 988 1263 1054; x_wconf 75' lang='grc' dir='ltr'>γενεᾶς</span> <span class='ocrx_word' id='word_1_69' title='bbox 1300 987 1556 1058; x_wconf 81' lang='grc' dir='ltr'>πατέρων</span> <span class='ocrx_word' id='word_1_70' title='bbox 1604 986 1792 1050; x_wconf 84' lang='grc' dir='ltr'>αὐτοῦ,</span> <span class='ocrx_word' id='word_1_71' title='bbox 1827 986 1933 1049; x_wconf 74' lang='grc' dir='ltr'>’ἕως</span> 
     </span>
    </p>
   </div>
   <div class='ocr_carea' id='block_1_12' title="bbox 346 1073 1930 1148">
    <p class='ocr_par' dir='ltr' id='par_1_12' title="bbox 346 1073 1930 1148">
     <span class='ocr_line' id='line_1_12' title="bbox 346 1073 1930 1148; baseline 0.001 -21"><span class='ocrx_word' id='word_1_72' title='bbox 346 1073 544 1139; x_wconf 78' lang='grc' dir='ltr'>αἰῶνος</span> <span class='ocrx_word' id='word_1_73' title='bbox 585 1077 687 1129; x_wconf 86' lang='grc' dir='ltr'>οὐκ</span> <span class='ocrx_word' id='word_1_74' title='bbox 733 1075 927 1144; x_wconf 65' lang='grc' dir='ltr'>ἅψεται</span> <span class='ocrx_word' id='word_1_75' title='bbox 973 1076 1109 1145; x_wconf 79' lang='grc' dir='ltr'>φῶς.</span> <span class='ocrx_word' id='word_1_76' title='bbox 1158 1078 1374 1148; x_wconf 84' lang='grc' dir='ltr'>Ὠσπερ</span> <span class='ocrx_word' id='word_1_77' title='bbox 1416 1079 1525 1148; x_wconf 85' lang='grc' dir='ltr'>γὰρ</span> <span class='ocrx_word' id='word_1_78' title='bbox 1572 1079 1699 1141; x_wconf 68' lang='grc' dir='ltr'>τοὺς</span> <span class='ocrx_word' id='word_1_79' title='bbox 1744 1076 1930 1146; x_wconf 78' lang='grc' dir='ltr'><strong>ἁγίους</strong></span> 
     </span>
    </p>
   </div>
   <div class='ocr_carea' id='block_1_13' title="bbox 345 1165 1933 1240">
    <p class='ocr_par' dir='ltr' id='par_1_13' title="bbox 345 1165 1933 1240">
     <span class='ocr_line' id='line_1_13' title="bbox 345 1165 1933 1240; baseline 0.002 -21"><span class='ocrx_word' id='word_1_80' title='bbox 345 1165 863 1237; x_wconf 79' lang='grc' dir='ltr'>ἀπαλλαττομένους</span> <span class='ocrx_word' id='word_1_81' title='bbox 893 1168 1004 1221; x_wconf 85' lang='grc' dir='ltr'><strong>τῶν</strong></span> <span class='ocrx_word' id='word_1_82' title='bbox 1030 1168 1156 1223; x_wconf 74' lang='grc' dir='ltr'>καθ’</span> <span class='ocrx_word' id='word_1_83' title='bbox 1188 1171 1340 1240; x_wconf 80' lang='grc' dir='ltr'>ἡμᾶς</span> <span class='ocrx_word' id='word_1_84' title='bbox 1370 1171 1735 1240; x_wconf 79' lang='grc' dir='ltr'><strong>πραγμάτων,</strong></span> <span class='ocrx_word' id='word_1_85' title='bbox 1763 1186 1933 1239; x_wconf 83' lang='grc' dir='ltr'>προσ-</span> 
     </span>
    </p>
   </div>
   <div class='ocr_carea' id='block_1_14' title="bbox 346 1257 1934 1331">
    <p class='ocr_par' dir='ltr' id='par_1_14' title="bbox 346 1257 1934 1331">
     <span class='ocr_line' id='line_1_14' title="bbox 346 1257 1934 1331; baseline 0.001 -22"><span class='ocrx_word' id='word_1_86' title='bbox 346 1257 572 1327; x_wconf 73' lang='grc' dir='ltr'>τεθῆναι</span> <span class='ocrx_word' id='word_1_87' title='bbox 619 1276 753 1330; x_wconf 76' lang='grc' dir='ltr'>φησι</span> <span class='ocrx_word' id='word_1_88' title='bbox 806 1259 869 1312; x_wconf 81' lang='grc' dir='ltr'>τὸ</span> <span class='ocrx_word' id='word_1_89' title='bbox 910 1259 1154 1330; x_wconf 82' lang='grc' dir='ltr'>Γράμμα</span> <span class='ocrx_word' id='word_1_90' title='bbox 1205 1260 1271 1313; x_wconf 82' lang='grc' dir='ltr'>τὸ</span> <span class='ocrx_word' id='word_1_91' title='bbox 1316 1261 1462 1331; x_wconf 73' lang='grc' dir='ltr'>ἱερὸν</span> <span class='ocrx_word' id='word_1_92' title='bbox 1503 1263 1616 1324; x_wconf 87' lang='grc' dir='ltr'>τοῖς</span> <span class='ocrx_word' id='word_1_93' title='bbox 1661 1260 1934 1330; x_wconf 74' lang='grc' dir='ltr'><strong>πατράσιν</strong></span> 
     </span>
    </p>
   </div>
   <div class='ocr_carea' id='block_1_15' title="bbox 349 1349 1930 1423">
    <p class='ocr_par' dir='ltr' id='par_1_15' title="bbox 349 1349 1930 1423">
     <span class='ocr_line' id='line_1_15' title="bbox 349 1349 1930 1423; baseline 0.004 -22"><span class='ocrx_word' id='word_1_94' title='bbox 349 1349 534 1402; x_wconf 84' lang='grc' dir='ltr'>αὐτῶν</span> <span class='ocrx_word' id='word_1_95' title='bbox 552 1366 564 1378; x_wconf 75' lang='grc'><strong><em>⁸</em></strong></span> <span class='ocrx_word' id='word_1_96' title='bbox 582 1351 801 1421; x_wconf 74' lang='grc' dir='ltr'>εἴρηται</span> <span class='ocrx_word' id='word_1_97' title='bbox 818 1350 927 1421; x_wconf 78' lang='grc' dir='ltr'>γάρ</span> <span class='ocrx_word' id='word_1_98' title='bbox 956 1367 1060 1402; x_wconf 92' lang='grc' dir='ltr'><strong>που</strong></span> <span class='ocrx_word' id='word_1_99' title='bbox 1086 1350 1224 1420; x_wconf 76' lang='grc' dir='ltr'>πρὸς</span> <span class='ocrx_word' id='word_1_100' title='bbox 1235 1351 1327 1404; x_wconf 81' lang='grc' dir='ltr'>τὸν</span> <span class='ocrx_word' id='word_1_101' title='bbox 1348 1351 1616 1423; x_wconf 77' lang='grc' dir='ltr'>μακάριον</span> <span class='ocrx_word' id='word_1_102' title='bbox 1641 1352 1892 1422; x_wconf 78' lang='grc' dir='ltr'>Ἀϐραάμ</span> <span class='ocrx_word' id='word_1_103' title='bbox 1914 1366 1930 1381; x_wconf 79' lang='grc'><strong>⁸</strong></span> 
     </span>
    </p>
   </div>
   <div class='ocr_carea' id='block_1_16' title="bbox 359 1441 1934 1516">
    <p class='ocr_par' dir='ltr' id='par_1_16' title="bbox 359 1441 1934 1516">
     <span class='ocr_line' id='line_1_16' title="bbox 359 1441 1934 1516; baseline 0.003 -25"><span class='ocrx_word' id='word_1_104' title='bbox 359 1460 377 1491; x_wconf 82' lang='grc' dir='ltr'><strong>ι</strong></span> <span class='ocrx_word' id='word_1_105' title='bbox 405 1442 515 1494; x_wconf 68' lang='grc' dir='ltr'><strong>Καὶ</strong></span> <span class='ocrx_word' id='word_1_106' title='bbox 542 1443 606 1495; x_wconf 72' lang='grc' dir='ltr'>σὺ</span> <span class='ocrx_word' id='word_1_107' title='bbox 635 1442 985 1512; x_wconf 81' lang='grc' dir='ltr'>προστεθήσῃ</span> <span class='ocrx_word' id='word_1_108' title='bbox 1016 1441 1156 1511; x_wconf 77' lang='grc' dir='ltr'>πρὸς</span> <span class='ocrx_word' id='word_1_109' title='bbox 1175 1445 1302 1507; x_wconf 82' lang='grc' dir='ltr'>τοὺς</span> <span class='ocrx_word' id='word_1_110' title='bbox 1320 1444 1561 1516; x_wconf 81' lang='grc' dir='ltr'><strong>πατέρας</strong></span> <span class='ocrx_word' id='word_1_111' title='bbox 1584 1462 1676 1498; x_wconf 76' lang='grc' dir='ltr'><strong>σου</strong></span> <span class='ocrx_word' id='word_1_112' title='bbox 1706 1444 1934 1516; x_wconf 74' lang='grc' dir='ltr'>τραφεὶς</span> 
     </span>
    </p>
   </div>
   <div class='ocr_carea' id='block_1_17' title="bbox 355 1533 1934 1604">
    <p class='ocr_par' dir='ltr' id='par_1_17' title="bbox 355 1533 1934 1604">
     <span class='ocr_line' id='line_1_17' title="bbox 355 1533 1934 1604; baseline 0.004 -21"><span class='ocrx_word' id='word_1_113' title='bbox 355 1535 413 1584; x_wconf 69' lang='grc' dir='ltr'>ὲν</span> <span class='ocrx_word' id='word_1_114' title='bbox 457 1535 605 1604; x_wconf 69' lang='grc' dir='ltr'>γήρᾳ</span> <span class='ocrx_word' id='word_1_115' title='bbox 652 1533 838 1604; x_wconf 80' lang='grc' dir='ltr'>καλῷ·</span> <span class='ocrx_word' id='word_1_116' title='bbox 873 1553 894 1588; x_wconf 72' lang='grc' dir='ltr'><strong>ι</strong></span> <span class='ocrx_word' id='word_1_117' title='bbox 942 1535 1086 1590; x_wconf 89' lang='grc' dir='ltr'>οῦτω</span> <span class='ocrx_word' id='word_1_118' title='bbox 1130 1538 1225 1590; x_wconf 78' lang='grc' dir='ltr'>καὶ</span> <span class='ocrx_word' id='word_1_119' title='bbox 1276 1538 1402 1600; x_wconf 81' lang='grc' dir='ltr'>τοὺς</span> <span class='ocrx_word' id='word_1_120' title='bbox 1456 1537 1827 1601; x_wconf 78' lang='grc' dir='ltr'>τελευτῶντας</span> <span class='ocrx_word' id='word_1_121' title='bbox 1874 1538 1934 1589; x_wconf 84' lang='grc' dir='ltr'>ὲν</span> 
     </span>
    </p>
   </div>
   <div class='ocr_carea' id='block_1_18' title="bbox 359 1622 1934 1697">
    <p class='ocr_par' dir='ltr' id='par_1_18' title="bbox 359 1622 1934 1697">
     <span class='ocr_line' id='line_1_18' title="bbox 359 1622 1934 1697; baseline 0.004 -25"><span class='ocrx_word' id='word_1_122' title='bbox 359 1622 662 1691; x_wconf 70' lang='grc' dir='ltr'>ἁμαρτίαις</span> <span class='ocrx_word' id='word_1_123' title='bbox 686 1625 765 1686; x_wconf 86' lang='grc' dir='ltr'><strong>είς</strong></span> <span class='ocrx_word' id='word_1_124' title='bbox 794 1624 988 1692; x_wconf 70' lang='grc' dir='ltr'>γενεὰν</span> <span class='ocrx_word' id='word_1_125' title='bbox 1020 1625 1269 1696; x_wconf 79' lang='grc' dir='ltr'>πατέρων</span> <span class='ocrx_word' id='word_1_126' title='bbox 1294 1625 1477 1679; x_wconf 78' lang='grc' dir='ltr'>αὐτῶν</span> <span class='ocrx_word' id='word_1_127' title='bbox 1497 1625 1934 1697; x_wconf 80' lang='grc' dir='ltr'>ἁποδραμεῖσθαι</span> 
     </span>
    </p>
   </div>
   <div class='ocr_carea' id='block_1_19' title="bbox 357 1709 1931 1786">
    <p class='ocr_par' dir='ltr' id='par_1_19' title="bbox 357 1709 1931 1786">
     <span class='ocr_line' id='line_1_19' title="bbox 357 1709 1931 1786; baseline 0.008 -30"><span class='ocrx_word' id='word_1_128' title='bbox 357 1722 541 1776; x_wconf 75' lang='grc' dir='ltr'>φαμεν</span> <span class='ocrx_word' id='word_1_129' title='bbox 557 1747 572 1770; x_wconf 96' lang='grc'><strong>,</strong></span> <span class='ocrx_word' id='word_1_130' title='bbox 601 1709 842 1781; x_wconf 82' lang='grc' dir='ltr'>πατέρας</span> <span class='ocrx_word' id='word_1_131' title='bbox 864 1712 1041 1765; x_wconf 84' lang='grc' dir='ltr'>αὐτῶν</span> <span class='ocrx_word' id='word_1_132' title='bbox 1060 1710 1196 1766; x_wconf 76' lang='grc' dir='ltr'>εἶναι</span> <span class='ocrx_word' id='word_1_133' title='bbox 1236 1713 1486 1781; x_wconf 85' lang='grc' dir='ltr'>λέγοντες</span> <span class='ocrx_word' id='word_1_134' title='bbox 1512 1714 1637 1778; x_wconf 74' lang='grc' dir='ltr'>τοὺς</span> <span class='ocrx_word' id='word_1_135' title='bbox 1662 1715 1931 1786; x_wconf 84' lang='grc' dir='ltr'>ὀμοιοειδῆ</span> 
     </span>
    </p>
   </div>
   <div class='ocr_carea' id='block_1_20' title="bbox 2033 528 3624 595">
    <p class='ocr_par' dir='ltr' id='par_1_20' title="bbox 2033 528 3624 595">
     <span class='ocr_line' id='line_1_20' title="bbox 2033 528 3624 595; baseline -0.002 -15"><span class='ocrx_word' id='word_1_136' title='bbox 2033 530 2140 584; x_wconf 84' lang='lat' dir='ltr'><strong>tius</strong></span> <span class='ocrx_word' id='word_1_137' title='bbox 2170 540 2254 584; x_wconf 89' lang='lat' dir='ltr'><strong>est</strong></span> <span class='ocrx_word' id='word_1_138' title='bbox 2305 530 2572 595; x_wconf 77' lang='lat' dir='ltr'><strong>infernus,</strong></span> <span class='ocrx_word' id='word_1_139' title='bbox 2603 538 2661 585; x_wconf 86' lang='lat' dir='ltr'><strong>et</strong></span> <span class='ocrx_word' id='word_1_140' title='bbox 2711 529 3018 584; x_wconf 84' lang='lat' dir='ltr'><strong>animarum</strong></span> <span class='ocrx_word' id='word_1_141' title='bbox 3064 528 3395 582; x_wconf 84' lang='lat' dir='ltr'><strong>miserarum</strong></span> <span class='ocrx_word' id='word_1_142' title='bbox 3432 537 3624 579; x_wconf 85' lang='lat' dir='ltr'><strong>carcer</strong></span> 
     </span>
    </p>
   </div>
   <div class='ocr_carea' id='block_1_21' title="bbox 2032 611 3623 691">
    <p class='ocr_par' dir='ltr' id='par_1_21' title="bbox 2032 611 3623 691">
     <span class='ocr_line' id='line_1_21' title="bbox 2032 611 3623 691; baseline -0.006 -16"><span class='ocrx_word' id='word_1_143' title='bbox 2032 620 2306 675; x_wconf 84' lang='lat' dir='ltr'><strong>horridus.</strong></span> <span class='ocrx_word' id='word_1_144' title='bbox 2338 621 2546 674; x_wconf 73' lang='lat' dir='ltr'><strong>Anima:</strong></span> <span class='ocrx_word' id='word_1_145' title='bbox 2595 620 2759 691; x_wconf 86' lang='lat' dir='ltr'><strong>igitur</strong></span> <span class='ocrx_word' id='word_1_146' title='bbox 2804 633 2992 674; x_wconf 90' lang='lat' dir='ltr'><strong>eorum</strong></span> <span class='ocrx_word' id='word_1_147' title='bbox 3030 620 3118 688; x_wconf 88' lang='lat' dir='ltr'><strong>qni</strong></span> <span class='ocrx_word' id='word_1_148' title='bbox 3144 618 3197 672; x_wconf 93' lang='lat' dir='ltr'><strong>in</strong></span> <span class='ocrx_word' id='word_1_149' title='bbox 3229 619 3331 671; x_wconf 87' lang='lat' dir='ltr'><strong>bac</strong></span> <span class='ocrx_word' id='word_1_150' title='bbox 3355 617 3468 670; x_wconf 85' lang='lat' dir='ltr'><strong>vita</strong></span> <span class='ocrx_word' id='word_1_151' title='bbox 3495 611 3623 667; x_wconf 83' lang='lat' dir='ltr'><strong>deli-</strong></span> 
     </span>
    </p>
   </div>
   <div class='ocr_carea' id='block_1_22' title="bbox 2031 708 3624 782">
    <p class='ocr_par' dir='ltr' id='par_1_22' title="bbox 2031 708 3624 782">
     <span class='ocr_line' id='line_1_22' title="bbox 2031 708 3624 782; baseline -0.007 -14"><span class='ocrx_word' id='word_1_152' title='bbox 2031 713 2130 768; x_wconf 90' lang='lat' dir='ltr'><strong>ciis</strong></span> <span class='ocrx_word' id='word_1_153' title='bbox 2156 723 2212 766; x_wconf 89' lang='lat' dir='ltr'><strong>et</strong></span> <span class='ocrx_word' id='word_1_154' title='bbox 2234 712 2931 782; x_wconf 83' lang='lat' dir='ltr'><strong>voluptatibusindulgent,</strong></span> <span class='ocrx_word' id='word_1_155' title='bbox 2965 712 3031 765; x_wconf 84' lang='lat' dir='ltr'><strong>ad</strong></span> <span class='ocrx_word' id='word_1_156' title='bbox 3073 708 3351 765; x_wconf 79' lang='lat' dir='ltr'><strong>infernum</strong></span> <span class='ocrx_word' id='word_1_157' title='bbox 3394 708 3624 761; x_wconf 85' lang='lat' dir='ltr'><strong>descen-</strong></span> 
     </span>
    </p>
   </div>
   <div class='ocr_carea' id='block_1_23' title="bbox 2030 795 3624 873">
    <p class='ocr_par' dir='ltr' id='par_1_23' title="bbox 2030 795 3624 873">
     <span class='ocr_line' id='line_1_23' title="bbox 2030 795 3624 873; baseline -0.004 -17"><span class='ocrx_word' id='word_1_158' title='bbox 2030 806 2174 867; x_wconf 86' lang='lat' dir='ltr'><strong>dent,</strong></span> <span class='ocrx_word' id='word_1_159' title='bbox 2205 814 2261 858; x_wconf 91' lang='lat' dir='ltr'><strong>et</strong></span> <span class='ocrx_word' id='word_1_160' title='bbox 2302 804 2604 871; x_wconf 89' lang='lat' dir='ltr'><strong>implebunt</strong></span> <span class='ocrx_word' id='word_1_161' title='bbox 2648 805 2802 873; x_wconf 84' lang='lat' dir='ltr'><strong>quasi</strong></span> <span class='ocrx_word' id='word_1_162' title='bbox 2847 802 2967 872; x_wconf 82' lang='lat' dir='ltr'><strong>ejus</strong></span> <span class='ocrx_word' id='word_1_163' title='bbox 3007 804 3268 856; x_wconf 88' lang='lat' dir='ltr'><strong>animam.</strong></span> <span class='ocrx_word' id='word_1_164' title='bbox 3304 795 3624 868; x_wconf 67' lang='lat' dir='ltr'><strong>Cuiusmodi</strong></span> 
     </span>
    </p>
   </div>
   <div class='ocr_carea' id='block_1_24' title="bbox 2030 885 3626 963">
    <p class='ocr_par' dir='ltr' id='par_1_24' title="bbox 2030 885 3626 963">
     <span class='ocr_line' id='line_1_24' title="bbox 2030 885 3626 963; baseline -0.006 -15"><span class='ocrx_word' id='word_1_165' title='bbox 2030 904 2116 948; x_wconf 87' lang='lat' dir='ltr'><strong>est</strong></span> <span class='ocrx_word' id='word_1_166' title='bbox 2179 895 2318 963; x_wconf 90' lang='lat' dir='ltr'><strong>quod</strong></span> <span class='ocrx_word' id='word_1_167' title='bbox 2351 895 2508 949; x_wconf 88' lang='lat' dir='ltr'><strong>nobis</strong></span> <span class='ocrx_word' id='word_1_168' title='bbox 2556 894 2773 948; x_wconf 86' lang='lat' dir='ltr'><strong>divinus</strong></span> <span class='ocrx_word' id='word_1_169' title='bbox 2826 892 3134 946; x_wconf 74' lang='lat' dir='ltr'><strong>modulator</strong></span> <span class='ocrx_word' id='word_1_170' title='bbox 3176 889 3506 946; x_wconf 80' lang='lat' dir='ltr'><strong>subindicat.</strong></span> <span class='ocrx_word' id='word_1_171' title='bbox 3545 885 3626 938; x_wconf 82' lang='lat' dir='ltr'><strong>ln-</strong></span> 
     </span>
    </p>
   </div>
   <div class='ocr_carea' id='block_1_25' title="bbox 2032 979 3626 1055">
    <p class='ocr_par' dir='ltr' id='par_1_25' title="bbox 2032 979 3626 1055">
     <span class='ocr_line' id='line_1_25' title="bbox 2032 979 3626 1055; baseline -0.004 -17"><span class='ocrx_word' id='word_1_172' title='bbox 2032 999 2228 1054; x_wconf 87' lang='lat' dir='ltr'><strong>quens,</strong></span> <span class='ocrx_word' id='word_1_173' title='bbox 2280 985 2501 1055; x_wconf 81' lang='lat' dir='ltr'><strong>Opinor,</strong></span> <span class='ocrx_word' id='word_1_174' title='bbox 2553 987 2620 1040; x_wconf 85' lang='lat' dir='ltr'><strong>de</strong></span> <span class='ocrx_word' id='word_1_175' title='bbox 2670 986 2818 1040; x_wconf 92' lang='lat' dir='ltr'><strong>omni</strong></span> <span class='ocrx_word' id='word_1_176' title='bbox 2863 986 3042 1038; x_wconf 83' lang='lat' dir='ltr'><strong>anima</strong></span> <span class='ocrx_word' id='word_1_177' title='bbox 3095 997 3214 1052; x_wconf 78' lang='lat' dir='ltr'><strong>qua:</strong></span> <span class='ocrx_word' id='word_1_178' title='bbox 3260 979 3626 1047; x_wconf 68' lang='lat' dir='ltr'><strong>voluptatibus</strong></span> 
     </span>
    </p>
   </div>
   <div class='ocr_carea' id='block_1_26' title="bbox 2031 1073 3620 1144">
    <p class='ocr_par' dir='ltr' id='par_1_26' title="bbox 2031 1073 3620 1144">
     <span class='ocr_line' id='line_1_26' title="bbox 2031 1073 3620 1144; baseline -0.004 -15"><span class='ocrx_word' id='word_1_179' title='bbox 2031 1084 2087 1129; x_wconf 85' lang='lat' dir='ltr'><strong>et</strong></span> <span class='ocrx_word' id='word_1_180' title='bbox 2118 1075 2264 1130; x_wconf 80' lang='lat' dir='ltr'><strong>vitiis</strong></span> <span class='ocrx_word' id='word_1_181' title='bbox 2293 1075 2507 1131; x_wconf 86' lang='lat' dir='ltr'><strong>addicta</strong></span> <span class='ocrx_word' id='word_1_182' title='bbox 2538 1085 2653 1130; x_wconf 86' lang='lat' dir='ltr'><strong>est:</strong></span> <span class='ocrx_word' id='word_1_183' title='bbox 2713 1074 3050 1144; x_wconf 77' lang='lat' dir='ltr'><strong>Ingredietur</strong></span> <span class='ocrx_word' id='word_1_184' title='bbox 3102 1075 3167 1128; x_wconf 91' lang='lat' dir='ltr'><strong>ad</strong></span> <span class='ocrx_word' id='word_1_185' title='bbox 3208 1073 3620 1143; x_wconf 69' lang='lat' dir='ltr'><strong>generationem</strong></span> 
     </span>
    </p>
   </div>
   <div class='ocr_carea' id='block_1_27' title="bbox 2033 1162 3621 1234">
    <p class='ocr_par' dir='ltr' id='par_1_27' title="bbox 2033 1162 3621 1234">
     <span class='ocr_line' id='line_1_27' title="bbox 2033 1162 3621 1234; baseline -0.005 -13"><span class='ocrx_word' id='word_1_186' title='bbox 2033 1175 2244 1234; x_wconf 85' lang='lat' dir='ltr'><strong>patrum</strong></span> <span class='ocrx_word' id='word_1_187' title='bbox 2294 1183 2537 1231; x_wconf 90' lang='lat' dir='ltr'><strong>suorum,</strong></span> <span class='ocrx_word' id='word_1_188' title='bbox 2575 1167 2627 1220; x_wconf 92' lang='lat' dir='ltr'><strong>in</strong></span> <span class='ocrx_word' id='word_1_189' title='bbox 2679 1166 2935 1222; x_wconf 68' lang='lat' dir='ltr'><strong>szecnlum</strong></span> <span class='ocrx_word' id='word_1_190' title='bbox 2995 1179 3100 1219; x_wconf 90' lang='lat' dir='ltr'><strong>non</strong></span> <span class='ocrx_word' id='word_1_191' title='bbox 3167 1166 3372 1218; x_wconf 91' lang='lat' dir='ltr'><strong>videbit</strong></span> <span class='ocrx_word' id='word_1_192' title='bbox 3423 1162 3621 1215; x_wconf 76' lang='lat' dir='ltr'><strong>lucrm.</strong></span> 
     </span>
    </p>
   </div>
   <div class='ocr_carea' id='block_1_28' title="bbox 2034 1255 3621 1314">
    <p class='ocr_par' dir='ltr' id='par_1_28' title="bbox 2034 1255 3621 1314">
     <span class='ocr_line' id='line_1_28' title="bbox 2034 1255 3621 1314; baseline -0.003 -2"><span class='ocrx_word' id='word_1_193' title='bbox 2034 1258 2168 1313; x_wconf 81' lang='lat' dir='ltr'><strong>Nam</strong></span> <span class='ocrx_word' id='word_1_194' title='bbox 2214 1268 2274 1313; x_wconf 94' lang='lat' dir='ltr'><strong>ut</strong></span> <span class='ocrx_word' id='word_1_195' title='bbox 2307 1269 2524 1314; x_wconf 85' lang='lat' dir='ltr'><strong>sanctos</strong></span> <span class='ocrx_word' id='word_1_196' title='bbox 2579 1270 2765 1313; x_wconf 89' lang='lat' dir='ltr'><strong>nostra</strong></span> <span class='ocrx_word' id='word_1_197' title='bbox 2803 1259 2902 1313; x_wconf 81' lang='lat' dir='ltr'><strong>bac</strong></span> <span class='ocrx_word' id='word_1_198' title='bbox 2949 1256 3158 1311; x_wconf 84' lang='lat' dir='ltr'><strong>mortali</strong></span> <span class='ocrx_word' id='word_1_199' title='bbox 3189 1255 3500 1310; x_wconf 84' lang='lat' dir='ltr'><strong>conditione</strong></span> <span class='ocrx_word' id='word_1_200' title='bbox 3527 1255 3621 1307; x_wconf 87' lang='lat' dir='ltr'><strong>de-</strong></span> 
     </span>
    </p>
   </div>
   <div class='ocr_carea' id='block_1_29' title="bbox 2034 1347 3628 1422">
    <p class='ocr_par' dir='ltr' id='par_1_29' title="bbox 2034 1347 3628 1422">
     <span class='ocr_line' id='line_1_29' title="bbox 2034 1347 3628 1422; baseline -0.005 -15"><span class='ocrx_word' id='word_1_201' title='bbox 2034 1352 2248 1408; x_wconf 74' lang='lat' dir='ltr'><strong>functos</strong></span> <span class='ocrx_word' id='word_1_202' title='bbox 2315 1353 2561 1422; x_wconf 85' lang='lat' dir='ltr'><strong>patribus</strong></span> <span class='ocrx_word' id='word_1_203' title='bbox 2613 1353 2729 1407; x_wconf 83' lang='lat' dir='ltr'><strong>suis</strong></span> <span class='ocrx_word' id='word_1_204' title='bbox 2785 1351 3065 1422; x_wconf 80' lang='lat' dir='ltr'><strong>aggregari</strong></span> <span class='ocrx_word' id='word_1_205' title='bbox 3127 1364 3283 1404; x_wconf 85' lang='lat' dir='ltr'><strong>saera</strong></span> <span class='ocrx_word' id='word_1_206' title='bbox 3341 1347 3628 1414; x_wconf 83' lang='lat' dir='ltr'><strong>Scriptura</strong></span> 
     </span>
    </p>
   </div>
   <div class='ocr_carea' id='block_1_30' title="bbox 2034 1440 3625 1511">
    <p class='ocr_par' dir='ltr' id='par_1_30' title="bbox 2034 1440 3625 1511">
     <span class='ocr_line' id='line_1_30' title="bbox 2034 1440 3625 1511; baseline -0.006 -11"><span class='ocrx_word' id='word_1_207' title='bbox 2034 1453 2458 1511; x_wconf 87' lang='lat' dir='ltr'><strong>commemorat;</strong></span> <span class='ocrx_word' id='word_1_208' title='bbox 2489 1444 2692 1499; x_wconf 85' lang='lat' dir='ltr'><strong>etenim</strong></span> <span class='ocrx_word' id='word_1_209' title='bbox 2740 1446 2943 1499; x_wconf 90' lang='lat' dir='ltr'><strong>dictum</strong></span> <span class='ocrx_word' id='word_1_210' title='bbox 2972 1453 3054 1499; x_wconf 88' lang='lat' dir='ltr'><strong>est</strong></span> <span class='ocrx_word' id='word_1_211' title='bbox 3083 1444 3243 1496; x_wconf 85' lang='lat' dir='ltr'><strong>beato</strong></span> <span class='ocrx_word' id='word_1_212' title='bbox 3272 1440 3583 1492; x_wconf 78' lang='lat' dir='ltr'><strong>Abralianio</strong></span> <span class='ocrx_word' id='word_1_213' title='bbox 3609 1452 3625 1490; x_wconf 90' lang='lat'>:</span> 
     </span>
    </p>
   </div>
   <div class='ocr_carea' id='block_1_31' title="bbox 2039 1529 3627 1608">
    <p class='ocr_par' dir='ltr' id='par_1_31' title="bbox 2039 1529 3627 1608">
     <span class='ocr_line' id='line_1_31' title="bbox 2039 1529 3627 1608; baseline -0.004 -18"><span class='ocrx_word' id='word_1_214' title='bbox 2039 1556 2059 1589; x_wconf 82' lang='grc' dir='ltr'><strong>ι</strong></span> <span class='ocrx_word' id='word_1_215' title='bbox 2098 1538 2161 1592; x_wconf 84' lang='lat' dir='ltr'><strong>Et</strong></span> <span class='ocrx_word' id='word_1_216' title='bbox 2215 1547 2272 1592; x_wconf 91' lang='lat' dir='ltr'><strong>tu</strong></span> <span class='ocrx_word' id='word_1_217' title='bbox 2323 1538 2613 1607; x_wconf 86' lang='lat' dir='ltr'><strong>apponeris</strong></span> <span class='ocrx_word' id='word_1_218' title='bbox 2664 1537 2734 1592; x_wconf 90' lang='lat' dir='ltr'><strong>ad</strong></span> <span class='ocrx_word' id='word_1_219' title='bbox 2793 1546 2976 1608; x_wconf 91' lang='lat' dir='ltr'><strong>patres</strong></span> <span class='ocrx_word' id='word_1_220' title='bbox 3040 1546 3192 1600; x_wconf 89' lang='lat' dir='ltr'><strong>tuos,</strong></span> <span class='ocrx_word' id='word_1_221' title='bbox 3250 1531 3518 1586; x_wconf 76' lang='lat' dir='ltr'><strong>enutritus</strong></span> <span class='ocrx_word' id='word_1_222' title='bbox 3572 1529 3627 1584; x_wconf 91' lang='lat' dir='ltr'><strong>in</strong></span> 
     </span>
    </p>
   </div>
   <div class='ocr_carea' id='block_1_32' title="bbox 2033 1621 3628 1692">
    <p class='ocr_par' dir='ltr' id='par_1_32' title="bbox 2033 1621 3628 1692">
     <span class='ocr_line' id='line_1_32' title="bbox 2033 1621 3628 1692; baseline -0.006 -10"><span class='ocrx_word' id='word_1_223' title='bbox 2033 1634 2319 1683; x_wconf 78' lang='lat' dir='ltr'><strong>senectute</strong></span> <span class='ocrx_word' id='word_1_224' title='bbox 2363 1628 2505 1682; x_wconf 89' lang='lat' dir='ltr'><strong>bona</strong></span> <span class='ocrx_word' id='word_1_225' title='bbox 2535 1626 2619 1681; x_wconf 71' lang='grc' dir='ltr'><strong>’τι</strong></span> <span class='ocrx_word' id='word_1_226' title='bbox 2658 1646 2678 1679; x_wconf 71' lang='grc' dir='ltr'><strong>ι</strong></span> <span class='ocrx_word' id='word_1_227' title='bbox 2715 1627 2794 1682; x_wconf 88' lang='lat' dir='ltr'><strong>sic</strong></span> <span class='ocrx_word' id='word_1_228' title='bbox 2825 1637 2879 1682; x_wconf 88' lang='lat' dir='ltr'><strong>et</strong></span> <span class='ocrx_word' id='word_1_229' title='bbox 2926 1637 3171 1681; x_wconf 82' lang='lat' dir='ltr'><strong>mortuos</strong></span> <span class='ocrx_word' id='word_1_230' title='bbox 3202 1624 3255 1678; x_wconf 87' lang='lat' dir='ltr'><strong>in</strong></span> <span class='ocrx_word' id='word_1_231' title='bbox 3285 1623 3522 1692; x_wconf 80' lang='lat' dir='ltr'><strong>peccatis</strong></span> <span class='ocrx_word' id='word_1_232' title='bbox 3561 1621 3628 1673; x_wconf 86' lang='lat' dir='ltr'><strong>ad</strong></span> 
     </span>
    </p>
   </div>
   <div class='ocr_carea' id='block_1_33' title="bbox 2035 1716 3626 1788">
    <p class='ocr_par' dir='ltr' id='par_1_33' title="bbox 2035 1716 3626 1788">
     <span class='ocr_line' id='line_1_33' title="bbox 2035 1716 3626 1788; baseline -0.006 -14"><span class='ocrx_word' id='word_1_233' title='bbox 2035 1735 2204 1788; x_wconf 74' lang='lat' dir='ltr'><strong>genus</strong></span> <span class='ocrx_word' id='word_1_234' title='bbox 2265 1728 2479 1788; x_wconf 84' lang='lat' dir='ltr'><strong>patrum</strong></span> <span class='ocrx_word' id='word_1_235' title='bbox 2539 1733 2760 1774; x_wconf 88' lang='lat' dir='ltr'><strong>suorum</strong></span> <span class='ocrx_word' id='word_1_236' title='bbox 2800 1732 3090 1773; x_wconf 84' lang='lat' dir='ltr'><strong>recurrere</strong></span> <span class='ocrx_word' id='word_1_237' title='bbox 3133 1716 3392 1773; x_wconf 86' lang='lat' dir='ltr'><strong>dicimus.</strong></span> <span class='ocrx_word' id='word_1_238' title='bbox 3437 1720 3626 1782; x_wconf 81' lang='lat' dir='ltr'><strong>patres</strong></span> 
     </span>
    </p>
   </div>
   <div class='ocr_carea' id='block_1_34' title="bbox 360 1799 1929 1880">
    <p class='ocr_par' dir='ltr' id='par_1_34' title="bbox 360 1799 1929 1876">
     <span class='ocr_line' id='line_1_34' title="bbox 360 1799 1929 1876; baseline 0.006 -26"><span class='ocrx_word' id='word_1_239' title='bbox 360 1799 457 1850; x_wconf 81' lang='lat' dir='ltr'><strong>xui</strong></span> <span class='ocrx_word' id='word_1_240' title='bbox 479 1799 568 1854; x_wconf 73' lang='grc' dir='ltr'><strong>διὰ</strong></span> <span class='ocrx_word' id='word_1_241' title='bbox 600 1801 817 1855; x_wconf 85' lang='grc' dir='ltr'>πάντων</span> <span class='ocrx_word' id='word_1_242' title='bbox 857 1802 977 1874; x_wconf 78' lang='grc' dir='ltr'>ἴσην</span> <span class='ocrx_word' id='word_1_243' title='bbox 1011 1805 1104 1858; x_wconf 79' lang='lat' dir='ltr'><strong>xui</strong></span> <span class='ocrx_word' id='word_1_244' title='bbox 1142 1806 1343 1876; x_wconf 82' lang='grc' dir='ltr'>ὁμοίως</span> <span class='ocrx_word' id='word_1_245' title='bbox 1373 1805 1604 1876; x_wconf 84' lang='grc' dir='ltr'>ἔχουσαν</span> <span class='ocrx_word' id='word_1_246' title='bbox 1630 1805 1929 1870; x_wconf 75' lang='grc' dir='ltr'>διαζῶντας</span> 
     </span>
    </p>
   </div>
   <div class='ocr_carea' id='block_1_35' title="bbox 2031 1799 3629 1880">
    <p class='ocr_par' dir='ltr' id='par_1_35' title="bbox 2037 1807 3629 1880">
     <span class='ocr_line' id='line_1_35' title="bbox 2037 1807 3629 1880; baseline -0.006 -15"><span class='ocrx_word' id='word_1_247' title='bbox 2037 1826 2132 1865; x_wconf 89' lang='lat' dir='ltr'><strong>eos</strong></span> <span class='ocrx_word' id='word_1_248' title='bbox 2179 1810 2514 1880; x_wconf 73' lang='lat' dir='ltr'><strong>appellantes</strong></span> <span class='ocrx_word' id='word_1_249' title='bbox 2553 1810 2644 1879; x_wconf 86' lang='lat' dir='ltr'><strong>qui</strong></span> <span class='ocrx_word' id='word_1_250' title='bbox 2681 1825 2778 1879; x_wconf 86' lang='lat' dir='ltr'><strong>per</strong></span> <span class='ocrx_word' id='word_1_251' title='bbox 2804 1809 2986 1863; x_wconf 80' lang='lat' dir='ltr'><strong>omnia</strong></span> <span class='ocrx_word' id='word_1_252' title='bbox 3037 1807 3354 1864; x_wconf 69' lang='lat' dir='ltr'><strong>consimiles</strong></span> <span class='ocrx_word' id='word_1_253' title='bbox 3387 1813 3544 1869; x_wconf 93' lang='lat' dir='ltr'><strong>sunt,</strong></span> <span class='ocrx_word' id='word_1_254' title='bbox 3571 1811 3629 1857; x_wconf 91' lang='lat' dir='ltr'><strong>et</strong></span> 
     </span>
    </p>
   </div>
   <div class='ocr_carea' id='block_1_36' title="bbox 356 1888 1929 1971">
    <p class='ocr_par' dir='ltr' id='par_1_36' title="bbox 356 1888 1929 1969">
     <span class='ocr_line' id='line_1_36' title="bbox 356 1888 1929 1969; baseline 0.006 -28"><span class='ocrx_word' id='word_1_255' title='bbox 356 1888 522 1958; x_wconf 80' lang='grc' dir='ltr'>ζωήν.</span> <span class='ocrx_word' id='word_1_256' title='bbox 571 1891 633 1945; x_wconf 82' lang='grc' dir='ltr'>Εἰ</span> <span class='ocrx_word' id='word_1_257' title='bbox 666 1892 724 1945; x_wconf 78' lang='grc' dir='ltr'>δὲ</span> <span class='ocrx_word' id='word_1_258' title='bbox 774 1892 837 1964; x_wconf 83' lang='grc' dir='ltr'>δὴ</span> <span class='ocrx_word' id='word_1_259' title='bbox 886 1894 1094 1963; x_wconf 76' lang='grc' dir='ltr'><strong>λέγοιτο</strong></span> <span class='ocrx_word' id='word_1_260' title='bbox 1129 1895 1335 1967; x_wconf 81' lang='grc' dir='ltr'>πλῆθος</span> <span class='ocrx_word' id='word_1_261' title='bbox 1384 1894 1524 1951; x_wconf 80' lang='grc' dir='ltr'>εἶναι</span> <span class='ocrx_word' id='word_1_262' title='bbox 1568 1898 1802 1969; x_wconf 83' lang='grc' dir='ltr'>νεκρῶν,</span> <span class='ocrx_word' id='word_1_263' title='bbox 1842 1898 1929 1952; x_wconf 79' lang='grc' dir='ltr'>διὰ</span> 
     </span>
    </p>
   </div>
   <div class='ocr_carea' id='block_1_37' title="bbox 2031 1888 3614 1971">
    <p class='ocr_par' dir='ltr' id='par_1_37' title="bbox 2038 1896 3614 1971">
     <span class='ocr_line' id='line_1_37' title="bbox 2038 1896 3614 1971; baseline -0.005 -15"><span class='ocrx_word' id='word_1_264' title='bbox 2038 1903 2296 1971; x_wconf 62' lang='lat' dir='ltr'><strong>aequalem</strong></span> <span class='ocrx_word' id='word_1_265' title='bbox 2323 1902 2486 1955; x_wconf 83' lang='lat' dir='ltr'><strong>vitam</strong></span> <span class='ocrx_word' id='word_1_266' title='bbox 2521 1902 2729 1955; x_wconf 85' lang='lat' dir='ltr'><strong>vivunt.</strong></span> <span class='ocrx_word' id='word_1_267' title='bbox 2756 1901 2853 1956; x_wconf 88' lang='lat' dir='ltr'><strong>Sin</strong></span> <span class='ocrx_word' id='word_1_268' title='bbox 2879 1915 3008 1954; x_wconf 81' lang='lat' dir='ltr'><strong>vero</strong></span> <span class='ocrx_word' id='word_1_269' title='bbox 3037 1901 3178 1954; x_wconf 80' lang='lat' dir='ltr'><strong>dicat</strong></span> <span class='ocrx_word' id='word_1_270' title='bbox 3210 1896 3614 1960; x_wconf 77' lang='lat' dir='ltr'><strong>multitudinem</strong></span> 
     </span>
    </p>
   </div>
   <div class='ocr_carea' id='block_1_38' title="bbox 352 1981 1934 2062">
    <p class='ocr_par' dir='ltr' id='par_1_38' title="bbox 352 1981 1934 2062">
     <span class='ocr_line' id='line_1_38' title="bbox 352 1981 1934 2062; baseline 0.008 -30"><span class='ocrx_word' id='word_1_271' title='bbox 352 1981 509 2049; x_wconf 80' lang='grc' dir='ltr'>λιμὸν</span> <span class='ocrx_word' id='word_1_272' title='bbox 533 1983 626 2035; x_wconf 80' lang='lat' dir='ltr'><strong>xui</strong></span> <span class='ocrx_word' id='word_1_273' title='bbox 648 1984 809 2054; x_wconf 75' lang='grc' dir='ltr'>δίψαν</span> <span class='ocrx_word' id='word_1_274' title='bbox 839 1985 1048 2050; x_wconf 83' lang='grc' dir='ltr'>ὓδατος,</span> <span class='ocrx_word' id='word_1_275' title='bbox 1075 1990 1249 2042; x_wconf 78' lang='grc' dir='ltr'>ἐκεῖνό</span> <span class='ocrx_word' id='word_1_276' title='bbox 1279 2007 1481 2059; x_wconf 81' lang='grc' dir='ltr'>φαμεν,</span> <span class='ocrx_word' id='word_1_277' title='bbox 1513 1991 1542 2043; x_wconf 86' lang='grc' dir='ltr'><strong>δ</strong></span> <span class='ocrx_word' id='word_1_278' title='bbox 1562 2007 1614 2042; x_wconf 89' lang='grc' dir='ltr'><strong>τι</strong></span> <span class='ocrx_word' id='word_1_279' title='bbox 1652 1991 1934 2062; x_wconf 73' lang='grc' dir='ltr'>γέγραφεν</span> 
     </span>
    </p>
   </div>
   <div class='ocr_carea' id='block_1_39' title="bbox 363 2071 1935 2153">
    <p class='ocr_par' dir='ltr' id='par_1_39' title="bbox 363 2071 1935 2153">
     <span class='ocr_line' id='line_1_39' title="bbox 363 2071 1935 2153; baseline 0.008 -30"><span class='ocrx_word' id='word_1_280' title='bbox 363 2071 622 2144; x_wconf 76' lang='grc' dir='ltr'>Ἰώσηπος</span> <span class='ocrx_word' id='word_1_281' title='bbox 670 2076 700 2127; x_wconf 84' lang='grc' dir='ltr'><strong>ὁ</strong></span> <span class='ocrx_word' id='word_1_282' title='bbox 734 2075 836 2146; x_wconf 82' lang='grc' dir='ltr'>τῆς</span> <span class='ocrx_word' id='word_1_283' title='bbox 877 2077 1143 2132; x_wconf 76' lang='grc' dir='ltr'>Ἰουδαίων</span> <span class='ocrx_word' id='word_1_284' title='bbox 1178 2084 1465 2152; x_wconf 75' lang='grc' dir='ltr'>συμφορᾶς</span> <span class='ocrx_word' id='word_1_285' title='bbox 1507 2082 1935 2153; x_wconf 80' lang='grc' dir='ltr'>ὲκτραγῳδήσας</span> 
     </span>
    </p>
   </div>
   <div class='ocr_carea' id='block_1_40' title="bbox 344 2161 1933 2244">
    <p class='ocr_par' dir='ltr' id='par_1_40' title="bbox 344 2161 1933 2244">
     <span class='ocr_line' id='line_1_40' title="bbox 344 2161 1933 2244; baseline 0.008 -30"><span class='ocrx_word' id='word_1_286' title='bbox 344 2163 422 2234; x_wconf 81' lang='grc' dir='ltr'>τῷ</span> <span class='ocrx_word' id='word_1_287' title='bbox 457 2161 558 2236; x_wconf 84' lang='grc' dir='ltr'>βίῳ</span> <span class='ocrx_word' id='word_1_288' title='bbox 598 2167 662 2219; x_wconf 73' lang='grc' dir='ltr'>τὸ</span> <span class='ocrx_word' id='word_1_289' title='bbox 707 2167 941 2237; x_wconf 82' lang='grc' dir='ltr'>μέγεθος</span> <span class='ocrx_word' id='word_1_290' title='bbox 970 2186 985 2201; x_wconf 75' lang='grc' dir='ltr'><strong>ο</strong></span> <span class='ocrx_word' id='word_1_291' title='bbox 1041 2171 1124 2223; x_wconf 85' lang='grc' dir='ltr'>ὅτι</span> <span class='ocrx_word' id='word_1_292' title='bbox 1173 2171 1646 2244; x_wconf 83' lang='grc' dir='ltr'>πολιορκουμένης</span> <span class='ocrx_word' id='word_1_293' title='bbox 1689 2174 1792 2244; x_wconf 82' lang='grc' dir='ltr'>τῆς</span> <span class='ocrx_word' id='word_1_294' title='bbox 1835 2173 1933 2227; x_wconf 83' lang='grc' dir='ltr'><strong>Ἰε-</strong></span> 
     </span>
    </p>
   </div>
   <div class='ocr_carea' id='block_1_41' title="bbox 347 2256 1929 2336">
    <p class='ocr_par' dir='ltr' id='par_1_41' title="bbox 347 2256 1929 2336">
     <span class='ocr_line' id='line_1_41' title="bbox 347 2256 1929 2336; baseline 0.008 -29"><span class='ocrx_word' id='word_1_295' title='bbox 347 2256 631 2329; x_wconf 74' lang='grc' dir='ltr'>ρουσαλὴμ</span> <span class='ocrx_word' id='word_1_296' title='bbox 654 2259 853 2327; x_wconf 85' lang='grc' dir='ltr'>γύναια</span> <span class='ocrx_word' id='word_1_297' title='bbox 890 2262 988 2332; x_wconf 76' lang='grc' dir='ltr'>μὲν</span> <span class='ocrx_word' id='word_1_298' title='bbox 1011 2263 1374 2331; x_wconf 70' lang='grc' dir='ltr'>κατεδήδοκεν</span> <span class='ocrx_word' id='word_1_299' title='bbox 1397 2264 1433 2318; x_wconf 76' lang='grc' dir='ltr'>ἃ</span> <span class='ocrx_word' id='word_1_300' title='bbox 1461 2265 1715 2319; x_wconf 82' lang='grc' dir='ltr'>τετὸκασι</span> <span class='ocrx_word' id='word_1_301' title='bbox 1747 2266 1929 2336; x_wconf 85' lang='grc' dir='ltr'>κορία,</span> 
     </span>
    </p>
   </div>
   <div class='ocr_carea' id='block_1_42' title="bbox 342 2349 1932 2428">
    <p class='ocr_par' dir='ltr' id='par_1_42' title="bbox 342 2349 1932 2428">
     <span class='ocr_line' id='line_1_42' title="bbox 342 2349 1932 2428; baseline 0.008 -28"><span class='ocrx_word' id='word_1_302' title='bbox 342 2349 573 2417; x_wconf 73' lang='grc' dir='ltr'>ἧττοντο</span> <span class='ocrx_word' id='word_1_303' title='bbox 601 2351 658 2405; x_wconf 87' lang='grc' dir='ltr'>δὲ</span> <span class='ocrx_word' id='word_1_304' title='bbox 699 2353 900 2417; x_wconf 80' lang='grc' dir='ltr'>παντὸς</span> <span class='ocrx_word' id='word_1_305' title='bbox 928 2354 1033 2406; x_wconf 75' lang='grc' dir='ltr'>ὑπὸ</span> <span class='ocrx_word' id='word_1_306' title='bbox 1063 2354 1224 2426; x_wconf 88' lang='grc' dir='ltr'>λιμοῦ</span> <span class='ocrx_word' id='word_1_307' title='bbox 1261 2357 1357 2409; x_wconf 82' lang='lat' dir='ltr'><strong>xui</strong></span> <span class='ocrx_word' id='word_1_308' title='bbox 1387 2358 1637 2428; x_wconf 81' lang='grc' dir='ltr'>ἀνάγκης</span> <span class='ocrx_word' id='word_1_309' title='bbox 1673 2356 1767 2411; x_wconf 88' lang='grc' dir='ltr'><strong>τοῦ</strong></span> <span class='ocrx_word' id='word_1_310' title='bbox 1818 2363 1932 2422; x_wconf 77' lang='grc' dir='ltr'>τοῖς</span> 
     </span>
    </p>
   </div>
   <div class='ocr_carea' id='block_1_43' title="bbox 341 2441 1931 2521">
    <p class='ocr_par' dir='ltr' id='par_1_43' title="bbox 341 2441 1931 2521">
     <span class='ocr_line' id='line_1_43' title="bbox 341 2441 1931 2521; baseline 0.008 -27"><span class='ocrx_word' id='word_1_311' title='bbox 341 2441 556 2495; x_wconf 81' lang='grc' dir='ltr'>ὀδοῦσιν</span> <span class='ocrx_word' id='word_1_312' title='bbox 583 2444 846 2509; x_wconf 73' lang='grc' dir='ltr'>εἴκοντος.</span> <span class='ocrx_word' id='word_1_313' title='bbox 874 2446 1002 2500; x_wconf 86' lang='grc' dir='ltr'>’Ὁτι</span> <span class='ocrx_word' id='word_1_314' title='bbox 1035 2448 1092 2500; x_wconf 78' lang='grc' dir='ltr'>δὲ</span> <span class='ocrx_word' id='word_1_315' title='bbox 1120 2449 1223 2501; x_wconf 82' lang='grc' dir='ltr'>οὐκ</span> <span class='ocrx_word' id='word_1_316' title='bbox 1260 2449 1322 2501; x_wconf 82' lang='grc' dir='ltr'>ὲν</span> <span class='ocrx_word' id='word_1_317' title='bbox 1370 2449 1507 2520; x_wconf 79' lang='grc' dir='ltr'>μόνῃ</span> <span class='ocrx_word' id='word_1_318' title='bbox 1539 2450 1699 2504; x_wconf 88' lang='grc' dir='ltr'>τοῦτο</span> <span class='ocrx_word' id='word_1_319' title='bbox 1743 2452 1931 2521; x_wconf 87' lang='grc' dir='ltr'>γέγονε</span> 
     </span>
    </p>
   </div>
   <div class='ocr_carea' id='block_1_44' title="bbox 345 2534 1933 2615">
    <p class='ocr_par' dir='ltr' id='par_1_44' title="bbox 345 2534 1933 2615">
     <span class='ocr_line' id='line_1_44' title="bbox 345 2534 1933 2615; baseline 0.009 -32"><span class='ocrx_word' id='word_1_320' title='bbox 345 2534 413 2601; x_wconf 75' lang='grc' dir='ltr'>τῇ</span> <span class='ocrx_word' id='word_1_321' title='bbox 471 2534 868 2606; x_wconf 76' lang='grc' dir='ltr'>Ἰερουσαλὴμ,</span> <span class='ocrx_word' id='word_1_322' title='bbox 933 2538 1068 2591; x_wconf 71' lang='grc' dir='ltr'>ἀλλὰ</span> <span class='ocrx_word' id='word_1_323' title='bbox 1126 2540 1223 2591; x_wconf 82' lang='lat' dir='ltr'><strong>xui</strong></span> <span class='ocrx_word' id='word_1_324' title='bbox 1282 2542 1341 2592; x_wconf 78' lang='grc' dir='ltr'>ὲν</span> <span class='ocrx_word' id='word_1_325' title='bbox 1384 2544 1505 2603; x_wconf 89' lang='grc' dir='ltr'>ταῖς</span> <span class='ocrx_word' id='word_1_326' title='bbox 1563 2542 1780 2612; x_wconf 80' lang='grc' dir='ltr'>ἑτέραις</span> <span class='ocrx_word' id='word_1_327' title='bbox 1834 2545 1933 2615; x_wconf 83' lang='grc' dir='ltr'>τῆς</span> 
     </span>
    </p>
   </div>
   <div class='ocr_carea' id='block_1_45' title="bbox 363 2626 1929 2704">
    <p class='ocr_par' dir='ltr' id='par_1_45' title="bbox 363 2626 1929 2704">
     <span class='ocr_line' id='line_1_45' title="bbox 363 2626 1929 2704; baseline 0.009 -27"><span class='ocrx_word' id='word_1_328' title='bbox 363 2626 630 2690; x_wconf 84' lang='grc' dir='ltr'>ἰουδαίας</span> <span class='ocrx_word' id='word_1_329' title='bbox 674 2628 918 2691; x_wconf 80' lang='grc' dir='ltr'>πόλεσιν,</span> <span class='ocrx_word' id='word_1_330' title='bbox 967 2629 1081 2693; x_wconf 84' lang='grc' dir='ltr'><strong>πῶς</strong></span> <span class='ocrx_word' id='word_1_331' title='bbox 1109 2631 1176 2684; x_wconf 78' lang='grc' dir='ltr'>ἂν</span> <span class='ocrx_word' id='word_1_332' title='bbox 1219 2631 1252 2701; x_wconf 86' lang='grc' dir='ltr'>ἢ</span> <span class='ocrx_word' id='word_1_333' title='bbox 1297 2632 1462 2686; x_wconf 83' lang='grc' dir='ltr'>πόθεν</span> <span class='ocrx_word' id='word_1_334' title='bbox 1496 2633 1786 2689; x_wconf 80' lang='grc' dir='ltr'>ὲνδοιάσειέ</span> <span class='ocrx_word' id='word_1_335' title='bbox 1807 2655 1929 2704; x_wconf 86' lang='grc' dir='ltr'>τις;</span> 
     </span>
    </p>
   </div>
   <div class='ocr_carea' id='block_1_46' title="bbox 351 2719 1928 2803">
    <p class='ocr_par' dir='ltr' id='par_1_46' title="bbox 351 2719 1928 2803">
     <span class='ocr_line' id='line_1_46' title="bbox 351 2719 1928 2803; baseline 0.006 -30"><span class='ocrx_word' id='word_1_336' title='bbox 351 2719 568 2773; x_wconf 83' lang='grc' dir='ltr'>οὐκοῦν</span> <span class='ocrx_word' id='word_1_337' title='bbox 602 2720 847 2803; x_wconf 87' lang='grc' dir='ltr'>πλεῖστοι</span> <span class='ocrx_word' id='word_1_338' title='bbox 878 2721 979 2790; x_wconf 77' lang='grc' dir='ltr'>μὲν</span> <span class='ocrx_word' id='word_1_339' title='bbox 1004 2722 1119 2774; x_wconf 84' lang='grc' dir='ltr'>ὅσοι</span> <span class='ocrx_word' id='word_1_340' title='bbox 1164 2723 1554 2793; x_wconf 79' lang='grc' dir='ltr'>δεδαπάνηνται</span> <span class='ocrx_word' id='word_1_341' title='bbox 1578 2726 1658 2798; x_wconf 80' lang='grc' dir='ltr'>τῷ</span> <span class='ocrx_word' id='word_1_342' title='bbox 1685 2728 1928 2801; x_wconf 85' lang='grc' dir='ltr'>πολέμῳ,</span> 
     </span>
    </p>
   </div>
   <div class='ocr_carea' id='block_1_47' title="bbox 349 2811 1932 2888">
    <p class='ocr_par' dir='ltr' id='par_1_47' title="bbox 349 2811 1932 2888">
     <span class='ocr_line' id='line_1_47' title="bbox 349 2811 1932 2888; baseline 0.007 -23"><span class='ocrx_word' id='word_1_343' title='bbox 349 2812 447 2865; x_wconf 81' lang='grc' dir='ltr'>καὶ</span> <span class='ocrx_word' id='word_1_344' title='bbox 474 2811 834 2868; x_wconf 84' lang='grc' dir='ltr'>πεπτώκασιν</span> <span class='ocrx_word' id='word_1_345' title='bbox 864 2815 922 2866; x_wconf 80' lang='grc' dir='ltr'>ὲν</span> <span class='ocrx_word' id='word_1_346' title='bbox 944 2815 1238 2886; x_wconf 76' lang='grc' dir='ltr'>μαχαίραις</span> <span class='ocrx_word' id='word_1_347' title='bbox 1256 2833 1272 2850; x_wconf 88' lang='grc'><strong>·</strong></span> <span class='ocrx_word' id='word_1_348' title='bbox 1300 2817 1507 2871; x_wconf 81' lang='grc' dir='ltr'>πολλῶν</span> <span class='ocrx_word' id='word_1_349' title='bbox 1535 2819 1592 2874; x_wconf 83' lang='grc' dir='ltr'>δὲ</span> <span class='ocrx_word' id='word_1_350' title='bbox 1625 2821 1733 2874; x_wconf 88' lang='grc' dir='ltr'><strong>τῶν</strong></span> <span class='ocrx_word' id='word_1_351' title='bbox 1758 2822 1932 2888; x_wconf 79' lang='grc' dir='ltr'>οὕτως</span> 
     </span>
    </p>
   </div>
   <div class='ocr_carea' id='block_1_48' title="bbox 351 2905 1930 2987">
    <p class='ocr_par' dir='ltr' id='par_1_48' title="bbox 351 2905 1930 2987">
     <span class='ocr_line' id='line_1_48' title="bbox 351 2905 1930 2987; baseline 0.008 -30"><span class='ocrx_word' id='word_1_352' title='bbox 351 2905 715 2960; x_wconf 77' lang='grc' dir='ltr'>ἀπολωλότων</span> <span class='ocrx_word' id='word_1_353' title='bbox 741 2905 989 2971; x_wconf 84' lang='grc' dir='ltr'>πλείονας</span> <span class='ocrx_word' id='word_1_354' title='bbox 1009 2911 1039 2978; x_wconf 80' lang='grc' dir='ltr'><strong>ἡ</strong></span> <span class='ocrx_word' id='word_1_355' title='bbox 1060 2908 1152 2962; x_wconf 86' lang='grc' dir='ltr'><strong>τοῦ</strong></span> <span class='ocrx_word' id='word_1_356' title='bbox 1170 2908 1329 2979; x_wconf 82' lang='grc' dir='ltr'>λιμοῦ</span> <span class='ocrx_word' id='word_1_357' title='bbox 1346 2911 1705 2985; x_wconf 76' lang='grc' dir='ltr'>κατέφθειρεν</span> <span class='ocrx_word' id='word_1_358' title='bbox 1735 2916 1930 2987; x_wconf 77' lang='grc' dir='ltr'>ἀγριό-</span> 
     </span>
    </p>
   </div>
   <div class='ocr_carea' id='block_1_49' title="bbox 351 2997 1930 3074">
    <p class='ocr_par' dir='ltr' id='par_1_49' title="bbox 351 2997 1930 3074">
     <span class='ocr_line' id='line_1_49' title="bbox 351 2997 1930 3074; baseline 0.008 -25"><span class='ocrx_word' id='word_1_359' title='bbox 351 3013 474 3067; x_wconf 87' lang='grc' dir='ltr'>της.</span> <span class='ocrx_word' id='word_1_360' title='bbox 509 2999 572 3050; x_wconf 81' lang='lat' dir='ltr'><strong>Ei</strong></span> <span class='ocrx_word' id='word_1_361' title='bbox 592 2997 649 3051; x_wconf 82' lang='grc' dir='ltr'>δὲ</span> <span class='ocrx_word' id='word_1_362' title='bbox 673 2999 732 3069; x_wconf 79' lang='grc' dir='ltr'>δή</span> <span class='ocrx_word' id='word_1_363' title='bbox 760 3017 842 3062; x_wconf 88' lang='grc' dir='ltr'><strong>τις</strong></span> <span class='ocrx_word' id='word_1_364' title='bbox 881 2999 1046 3068; x_wconf 81' lang='grc' dir='ltr'>λέγοι,</span> <span class='ocrx_word' id='word_1_365' title='bbox 1071 3002 1164 3055; x_wconf 83' lang='grc' dir='ltr'>καὶ</span> <span class='ocrx_word' id='word_1_366' title='bbox 1202 3000 1410 3072; x_wconf 82' lang='grc' dir='ltr'>νοητῶν</span> <span class='ocrx_word' id='word_1_367' title='bbox 1435 3004 1644 3059; x_wconf 74' lang='grc' dir='ltr'>ὑδάτων</span> <span class='ocrx_word' id='word_1_368' title='bbox 1676 3008 1930 3074; x_wconf 86' lang='grc' dir='ltr'>γενέσθαι</span> 
     </span>
    </p>
   </div>
   <div class='ocr_carea' id='block_1_50' title="bbox 355 3091 1931 3166">
    <p class='ocr_par' dir='ltr' id='par_1_50' title="bbox 355 3091 1931 3166">
     <span class='ocr_line' id='line_1_50' title="bbox 355 3091 1931 3166; baseline 0.006 -24"><span class='ocrx_word' id='word_1_369' title='bbox 355 3091 572 3153; x_wconf 68' lang='grc' dir='ltr'>σπὲνιν,</span> <span class='ocrx_word' id='word_1_370' title='bbox 620 3091 712 3144; x_wconf 83' lang='lat' dir='ltr'><strong>xui</strong></span> <span class='ocrx_word' id='word_1_371' title='bbox 748 3092 952 3162; x_wconf 71' lang='grc' dir='ltr'>τροφῆς</span> <span class='ocrx_word' id='word_1_372' title='bbox 994 3093 1094 3163; x_wconf 77' lang='grc' dir='ltr'>τῆς</span> <span class='ocrx_word' id='word_1_373' title='bbox 1137 3093 1291 3157; x_wconf 77' lang='grc' dir='ltr'>θείας</span> <span class='ocrx_word' id='word_1_374' title='bbox 1339 3094 1768 3166; x_wconf 78' lang='grc' dir='ltr'>δεδυσσεϐηκόσι</span> <span class='ocrx_word' id='word_1_375' title='bbox 1818 3101 1931 3162; x_wconf 85' lang='grc' dir='ltr'>τοῖς</span> 
     </span>
    </p>
   </div>
   <div class='ocr_carea' id='block_1_51' title="bbox 363 3182 1926 3255">
    <p class='ocr_par' dir='ltr' id='par_1_51' title="bbox 363 3182 1926 3255">
     <span class='ocr_line' id='line_1_51' title="bbox 363 3182 1926 3255; baseline 0.006 -20"><span class='ocrx_word' id='word_1_376' title='bbox 363 3182 664 3246; x_wconf 76' lang='grc' dir='ltr'>Ἰουδαίοιςο</span> <span class='ocrx_word' id='word_1_377' title='bbox 688 3183 1024 3239; x_wconf 81' lang='grc' dir='ltr'>ἀπολωλέναι</span> <span class='ocrx_word' id='word_1_378' title='bbox 1055 3186 1113 3239; x_wconf 83' lang='grc' dir='ltr'>δὲ</span> <span class='ocrx_word' id='word_1_379' title='bbox 1135 3186 1308 3250; x_wconf 75' lang='grc' dir='ltr'>οὕτως</span> <span class='ocrx_word' id='word_1_380' title='bbox 1333 3188 1552 3251; x_wconf 80' lang='grc' dir='ltr'>αὐτοὺς,</span> <span class='ocrx_word' id='word_1_381' title='bbox 1580 3189 1673 3241; x_wconf 82' lang='lat' dir='ltr'><strong>xui</strong></span> <span class='ocrx_word' id='word_1_382' title='bbox 1705 3184 1815 3244; x_wconf 76' lang='grc' dir='ltr'>οἷον</span> <span class='ocrx_word' id='word_1_383' title='bbox 1846 3193 1926 3255; x_wconf 80' lang='grc' dir='ltr'><strong>είς</strong></span> 
     </span>
    </p>
   </div>
   <div class='ocr_carea' id='block_1_52' title="bbox 345 3276 1929 3351">
    <p class='ocr_par' dir='ltr' id='par_1_52' title="bbox 345 3276 1929 3351">
     <span class='ocr_line' id='line_1_52' title="bbox 345 3276 1929 3351; baseline 0.006 -23"><span class='ocrx_word' id='word_1_384' title='bbox 345 3276 473 3347; x_wconf 69' lang='grc' dir='ltr'>ᾅδου</span> <span class='ocrx_word' id='word_1_385' title='bbox 514 3276 877 3341; x_wconf 82' lang='grc' dir='ltr'>καθικέσθαι,</span> <span class='ocrx_word' id='word_1_386' title='bbox 916 3278 1007 3332; x_wconf 78' lang='grc' dir='ltr'>διὰ</span> <span class='ocrx_word' id='word_1_387' title='bbox 1042 3295 1106 3346; x_wconf 85' lang='grc' dir='ltr'><strong>γε</strong></span> <span class='ocrx_word' id='word_1_388' title='bbox 1149 3278 1246 3332; x_wconf 87' lang='grc' dir='ltr'><strong>τοῦ</strong></span> <span class='ocrx_word' id='word_1_389' title='bbox 1296 3280 1371 3351; x_wconf 85' lang='grc' dir='ltr'>μὴ</span> <span class='ocrx_word' id='word_1_390' title='bbox 1416 3279 1797 3344; x_wconf 76' lang='grc' dir='ltr'>ζωοποιεῖσθαι</span> <span class='ocrx_word' id='word_1_391' title='bbox 1838 3283 1929 3338; x_wconf 80' lang='grc' dir='ltr'>διὰ</span> 
     </span>
    </p>
   </div>
   <div class='ocr_carea' id='block_1_53' title="bbox 345 3368 1930 3442">
    <p class='ocr_par' dir='ltr' id='par_1_53' title="bbox 345 3368 1930 3442">
     <span class='ocr_line' id='line_1_53' title="bbox 345 3368 1930 3442; baseline 0.006 -22"><span class='ocrx_word' id='word_1_392' title='bbox 345 3368 605 3439; x_wconf 78' lang='grc' dir='ltr'>Χριστοῦ,</span> <span class='ocrx_word' id='word_1_393' title='bbox 681 3370 807 3424; x_wconf 82' lang='grc' dir='ltr'>καθ’</span> <span class='ocrx_word' id='word_1_394' title='bbox 857 3371 1154 3442; x_wconf 75' lang='grc' dir='ltr'>ὁμοιότητα</span> <span class='ocrx_word' id='word_1_395' title='bbox 1208 3371 1318 3424; x_wconf 86' lang='grc' dir='ltr'><strong>τῶν</strong></span> <span class='ocrx_word' id='word_1_396' title='bbox 1364 3375 1776 3429; x_wconf 76' lang='grc' dir='ltr'>πιστευσάντων</span> <span class='ocrx_word' id='word_1_397' title='bbox 1848 3378 1930 3440; x_wconf 75' lang='grc' dir='ltr'><strong>εἰς</strong></span> 
     </span>
    </p>
   </div>
   <div class='ocr_carea' id='block_1_54' title="bbox 347 3463 1928 3541">
    <p class='ocr_par' dir='ltr' id='par_1_54' title="bbox 347 3463 1928 3541">
     <span class='ocr_line' id='line_1_54' title="bbox 347 3463 1928 3541; baseline 0.004 -25"><span class='ocrx_word' id='word_1_398' title='bbox 347 3464 533 3516; x_wconf 69' lang='grc' dir='ltr'>αὐτόν·</span> <span class='ocrx_word' id='word_1_399' title='bbox 567 3464 668 3516; x_wconf 71' lang='grc' dir='ltr'>οὐκ</span> <span class='ocrx_word' id='word_1_400' title='bbox 699 3463 764 3517; x_wconf 83' lang='grc' dir='ltr'>ἂν</span> <span class='ocrx_word' id='word_1_401' title='bbox 796 3465 1035 3535; x_wconf 82' lang='grc' dir='ltr'>ἁμάρτοι</span> <span class='ocrx_word' id='word_1_402' title='bbox 1056 3463 1152 3517; x_wconf 87' lang='grc' dir='ltr'><strong>τοῦ</strong></span> <span class='ocrx_word' id='word_1_403' title='bbox 1186 3464 1443 3534; x_wconf 77' lang='grc' dir='ltr'>ἀληθοῦς.</span> <span class='ocrx_word' id='word_1_404' title='bbox 1465 3467 1792 3541; x_wconf 77' lang='grc' dir='ltr'>Συμδέόηκε</span> <span class='ocrx_word' id='word_1_405' title='bbox 1818 3469 1928 3541; x_wconf 85' lang='grc' dir='ltr'><strong>γὰρ</strong></span> 
     </span>
    </p>
   </div>
   <div class='ocr_carea' id='block_1_55' title="bbox 345 3553 1928 3630">
    <p class='ocr_par' dir='ltr' id='par_1_55' title="bbox 345 3553 1928 3630">
     <span class='ocr_line' id='line_1_55' title="bbox 345 3553 1928 3630; baseline 0.003 -24"><span class='ocrx_word' id='word_1_406' title='bbox 345 3555 545 3617; x_wconf 69' lang='grc' dir='ltr'>αὐτοὺς</span> <span class='ocrx_word' id='word_1_407' title='bbox 591 3555 685 3608; x_wconf 81' lang='lat' dir='ltr'><strong>xui.</strong></span> <span class='ocrx_word' id='word_1_408' title='bbox 714 3553 874 3607; x_wconf 81' lang='grc' dir='ltr'>τοῦτο</span> <span class='ocrx_word' id='word_1_409' title='bbox 910 3554 1126 3607; x_wconf 84' lang='grc' dir='ltr'>παθεῖν.</span> <span class='ocrx_word' id='word_1_410' title='bbox 1145 3553 1311 3608; x_wconf 78' lang='grc' dir='ltr'>Ἀλλὰ</span> <span class='ocrx_word' id='word_1_411' title='bbox 1333 3555 1479 3620; x_wconf 81' lang='grc' dir='ltr'>τινες</span> <span class='ocrx_word' id='word_1_412' title='bbox 1511 3557 1576 3610; x_wconf 81' lang='grc' dir='ltr'>ἂν</span> <span class='ocrx_word' id='word_1_413' title='bbox 1605 3558 1851 3630; x_wconf 80' lang='grc' dir='ltr'>νοηθεῖεν</span> <span class='ocrx_word' id='word_1_414' title='bbox 1877 3558 1928 3611; x_wconf 77' lang='lat' dir='ltr'><strong>oi</strong></span> 
     </span>
    </p>
   </div>
   <div class='ocr_carea' id='block_1_56' title="bbox 345 3640 1929 3719">
    <p class='ocr_par' dir='ltr' id='par_1_56' title="bbox 345 3640 1929 3719">
     <span class='ocr_line' id='line_1_56' title="bbox 345 3640 1929 3719; baseline 0.004 -22"><span class='ocrx_word' id='word_1_415' title='bbox 345 3644 770 3711; x_wconf 78' lang='grc' dir='ltr'>καταϐαίνοντες</span> <span class='ocrx_word' id='word_1_416' title='bbox 797 3685 811 3708; x_wconf 91' lang='grc'><strong>,</strong></span> <span class='ocrx_word' id='word_1_417' title='bbox 838 3640 920 3710; x_wconf 78' lang='grc' dir='ltr'>οἷς</span> <span class='ocrx_word' id='word_1_418' title='bbox 958 3647 1055 3700; x_wconf 85' lang='lat' dir='ltr'><strong>xui</strong></span> <span class='ocrx_word' id='word_1_419' title='bbox 1084 3646 1246 3710; x_wconf 77' lang='grc' dir='ltr'>αὐτὸς</span> <span class='ocrx_word' id='word_1_420' title='bbox 1283 3649 1312 3700; x_wconf 78' lang='grc' dir='ltr'><strong>ὁ</strong></span> <span class='ocrx_word' id='word_1_421' title='bbox 1344 3646 1479 3719; x_wconf 71' lang='grc' dir='ltr'>ᾅδης</span> <span class='ocrx_word' id='word_1_422' title='bbox 1519 3650 1929 3704; x_wconf 79' lang='grc' dir='ltr'>καταπλατὺνει</span> 
     </span>
    </p>
   </div>
   <div class='ocr_carea' id='block_1_57' title="bbox 344 3736 1926 3814">
    <p class='ocr_par' dir='ltr' id='par_1_57' title="bbox 344 3736 1926 3814">
     <span class='ocr_line' id='line_1_57' title="bbox 344 3736 1926 3814; baseline 0.004 -24"><span class='ocrx_word' id='word_1_423' title='bbox 344 3737 626 3806; x_wconf 70' lang='grc' dir='ltr'>τῆν’ίδίαν</span> <span class='ocrx_word' id='word_1_424' title='bbox 670 3736 881 3808; x_wconf 75' lang='grc' dir='ltr'>ψυχὴν,</span> <span class='ocrx_word' id='word_1_425' title='bbox 935 3738 1030 3792; x_wconf 81' lang='lat' dir='ltr'><strong>xui</strong></span> <span class='ocrx_word' id='word_1_426' title='bbox 1065 3739 1128 3791; x_wconf 79' lang='grc' dir='ltr'>τὸ</span> <span class='ocrx_word' id='word_1_427' title='bbox 1159 3738 1436 3811; x_wconf 80' lang='grc' dir='ltr'>ἄπληστον</span> <span class='ocrx_word' id='word_1_428' title='bbox 1477 3741 1681 3809; x_wconf 80' lang='grc' dir='ltr'>ἀνοίξει</span> <span class='ocrx_word' id='word_1_429' title='bbox 1719 3745 1926 3814; x_wconf 81' lang='grc' dir='ltr'>στόμα,</span> 
     </span>
    </p>
   </div>
   <div class='ocr_carea' id='block_1_58' title="bbox 347 3826 1928 3901">
    <p class='ocr_par' dir='ltr' id='par_1_58' title="bbox 347 3826 1928 3901">
     <span class='ocr_line' id='line_1_58' title="bbox 347 3826 1928 3901; baseline 0.004 -21"><span class='ocrx_word' id='word_1_430' title='bbox 347 3828 695 3899; x_wconf 81' lang='grc' dir='ltr'>προσεπάγει</span> <span class='ocrx_word' id='word_1_431' title='bbox 727 3826 901 3897; x_wconf 88' lang='grc' dir='ltr'>λέγων</span> <span class='ocrx_word' id='word_1_432' title='bbox 921 3842 937 3857; x_wconf 74' lang='grc'><strong><em>⁸</em></strong></span> <span class='ocrx_word' id='word_1_433' title='bbox 968 3829 1031 3881; x_wconf 86' lang='grc' dir='ltr'><strong>Οἱ</strong></span> <span class='ocrx_word' id='word_1_434' title='bbox 1056 3826 1259 3893; x_wconf 73' lang='grc' dir='ltr'>ἔνδοξοι</span> <span class='ocrx_word' id='word_1_435' title='bbox 1285 3830 1377 3883; x_wconf 89' lang='lat' dir='ltr'><strong>xui</strong></span> <span class='ocrx_word' id='word_1_436' title='bbox 1402 3832 1451 3883; x_wconf 87' lang='lat' dir='ltr'><strong>oi</strong></span> <span class='ocrx_word' id='word_1_437' title='bbox 1483 3832 1733 3901; x_wconf 81' lang='grc' dir='ltr'>μεγάλοι,</span> <span class='ocrx_word' id='word_1_438' title='bbox 1756 3834 1852 3886; x_wconf 85' lang='lat' dir='ltr'><strong>xui</strong></span> <span class='ocrx_word' id='word_1_439' title='bbox 1879 3834 1928 3887; x_wconf 86' lang='grc' dir='ltr'><strong>οί</strong></span> 
     </span>
    </p>
   </div>
   <div class='ocr_carea' id='block_1_59' title="bbox 347 3918 1929 3995">
    <p class='ocr_par' dir='ltr' id='par_1_59' title="bbox 347 3918 1929 3995">
     <span class='ocr_line' id='line_1_59' title="bbox 347 3918 1929 3995; baseline 0.004 -24"><span class='ocrx_word' id='word_1_440' title='bbox 347 3919 630 3985; x_wconf 80' lang='grc' dir='ltr'>πλούσιοι,</span> <span class='ocrx_word' id='word_1_441' title='bbox 669 3919 763 3972; x_wconf 84' lang='lat' dir='ltr'><strong>xui</strong></span> <span class='ocrx_word' id='word_1_442' title='bbox 814 3920 864 3972; x_wconf 83' lang='lat' dir='ltr'><strong>oi</strong></span> <span class='ocrx_word' id='word_1_443' title='bbox 906 3918 1085 3990; x_wconf 82' lang='grc' dir='ltr'>λοιμοὶ</span> <span class='ocrx_word' id='word_1_444' title='bbox 1134 3920 1323 3992; x_wconf 83' lang='grc' dir='ltr'>αὐτῆς.</span> <span class='ocrx_word' id='word_1_445' title='bbox 1373 3921 1592 3993; x_wconf 81' lang='grc' dir='ltr'>Ἐπειδὴ</span> <span class='ocrx_word' id='word_1_446' title='bbox 1632 3922 1741 3994; x_wconf 83' lang='grc' dir='ltr'><strong>γὰρ</strong></span> <span class='ocrx_word' id='word_1_447' title='bbox 1786 3920 1929 3995; x_wconf 81' lang='grc' dir='ltr'>ἦσαν</span> 
     </span>
    </p>
   </div>
   <div class='ocr_carea' id='block_1_60' title="bbox 347 4008 1930 4084">
    <p class='ocr_par' dir='ltr' id='par_1_60' title="bbox 347 4008 1930 4084">
     <span class='ocr_line' id='line_1_60' title="bbox 347 4008 1930 4084; baseline 0.002 -20"><span class='ocrx_word' id='word_1_448' title='bbox 347 4010 457 4064; x_wconf 87' lang='grc' dir='ltr'><strong>τῶν</strong></span> <span class='ocrx_word' id='word_1_449' title='bbox 487 4010 592 4064; x_wconf 81' lang='grc' dir='ltr'><strong>ἀνὰ</strong></span> <span class='ocrx_word' id='word_1_450' title='bbox 635 4012 815 4064; x_wconf 79' lang='grc' dir='ltr'>πᾶσαν</span> <span class='ocrx_word' id='word_1_451' title='bbox 837 4009 938 4080; x_wconf 80' lang='grc' dir='ltr'>τὴν</span> <span class='ocrx_word' id='word_1_452' title='bbox 960 4008 1146 4079; x_wconf 84' lang='grc' dir='ltr'>χώραν</span> <span class='ocrx_word' id='word_1_453' title='bbox 1181 4010 1474 4081; x_wconf 80' lang='grc' dir='ltr'>ἡγούμενοι</span> <span class='ocrx_word' id='word_1_454' title='bbox 1505 4012 1602 4074; x_wconf 74' lang='grc' dir='ltr'>καὶ</span> <span class='ocrx_word' id='word_1_455' title='bbox 1632 4014 1930 4084; x_wconf 80' lang='grc' dir='ltr'>περιφανέ-</span> 
     </span>
    </p>
   </div>
   <div class='ocr_carea' id='block_1_61' title="bbox 348 4096 1929 4172">
    <p class='ocr_par' dir='ltr' id='par_1_61' title="bbox 348 4096 1929 4172">
     <span class='ocr_line' id='line_1_61' title="bbox 348 4096 1929 4172; baseline 0.003 -19"><span class='ocrx_word' id='word_1_456' title='bbox 348 4117 552 4171; x_wconf 88' lang='grc' dir='ltr'>στεροι,</span> <span class='ocrx_word' id='word_1_457' title='bbox 586 4098 866 4154; x_wconf 81' lang='grc' dir='ltr'>δι”αῦτῶν</span> <span class='ocrx_word' id='word_1_458' title='bbox 892 4096 962 4171; x_wconf 86' lang='grc' dir='ltr'>ἦν</span> <span class='ocrx_word' id='word_1_459' title='bbox 1000 4097 1150 4163; x_wconf 86' lang='grc' dir='ltr'>εἱκδς</span> <span class='ocrx_word' id='word_1_460' title='bbox 1184 4100 1775 4172; x_wconf 83' lang='grc' dir='ltr'>παιδαγωγηθήσεσθαι</span> <span class='ocrx_word' id='word_1_461' title='bbox 1828 4122 1929 4158; x_wconf 86' lang='grc' dir='ltr'>κα-</span> 
     </span>
    </p>
   </div>
   <div class='ocr_carea' id='block_1_62' title="bbox 347 4189 1926 4265">
    <p class='ocr_par' dir='ltr' id='par_1_62' title="bbox 347 4189 1926 4265">
     <span class='ocr_line' id='line_1_62' title="bbox 347 4189 1926 4265; baseline 0.003 -20"><span class='ocrx_word' id='word_1_462' title='bbox 347 4192 458 4253; x_wconf 79' lang='grc' dir='ltr'><strong>λῶς</strong></span> <span class='ocrx_word' id='word_1_463' title='bbox 484 4191 547 4244; x_wconf 78' lang='grc' dir='ltr'><strong>τὺ</strong></span> <span class='ocrx_word' id='word_1_464' title='bbox 574 4193 845 4261; x_wconf 67' lang='grc' dir='ltr'>ὑπήκοονυ</span> <span class='ocrx_word' id='word_1_465' title='bbox 868 4190 1007 4243; x_wconf 73' lang='grc' dir='ltr'>ἀλλὰ</span> <span class='ocrx_word' id='word_1_466' title='bbox 1045 4189 1203 4244; x_wconf 90' lang='grc' dir='ltr'>τοῦτο</span> <span class='ocrx_word' id='word_1_467' title='bbox 1239 4191 1340 4261; x_wconf 82' lang='grc' dir='ltr'>μὲν</span> <span class='ocrx_word' id='word_1_468' title='bbox 1371 4192 1473 4245; x_wconf 76' lang='grc' dir='ltr'><strong>οὐκ</strong></span> <span class='ocrx_word' id='word_1_469' title='bbox 1519 4192 1711 4265; x_wconf 77' lang='grc' dir='ltr'>ἔδρων.</span> <span class='ocrx_word' id='word_1_470' title='bbox 1751 4196 1926 4250; x_wconf 83' lang='grc' dir='ltr'>Τύποι</span> 
     </span>
    </p>
   </div>
   <div class='ocr_carea' id='block_1_63' title="bbox 345 4282 1927 4359">
    <p class='ocr_par' dir='ltr' id='par_1_63' title="bbox 345 4282 1927 4359">
     <span class='ocr_line' id='line_1_63' title="bbox 345 4282 1927 4359; baseline 0 -19"><span class='ocrx_word' id='word_1_471' title='bbox 345 4286 405 4340; x_wconf 79' lang='grc' dir='ltr'>δὲ</span> <span class='ocrx_word' id='word_1_472' title='bbox 437 4284 626 4355; x_wconf 83' lang='grc' dir='ltr'>ὥσπερ</span> <span class='ocrx_word' id='word_1_473' title='bbox 654 4284 747 4336; x_wconf 85' lang='lat' dir='ltr'><strong>xui</strong></span> <span class='ocrx_word' id='word_1_474' title='bbox 775 4282 1140 4353; x_wconf 83' lang='grc' dir='ltr'>ὑπογραμμὸς</span> <span class='ocrx_word' id='word_1_475' title='bbox 1173 4285 1433 4352; x_wconf 85' lang='grc' dir='ltr'>γεγόνασι</span> <span class='ocrx_word' id='word_1_476' title='bbox 1462 4287 1574 4349; x_wconf 82' lang='grc' dir='ltr'>τοῖς</span> <span class='ocrx_word' id='word_1_477' title='bbox 1615 4286 1796 4350; x_wconf 79' lang='grc' dir='ltr'>ἄλλοις</span> <span class='ocrx_word' id='word_1_478' title='bbox 1830 4289 1927 4359; x_wconf 86' lang='grc' dir='ltr'>τῆς</span> 
     </span>
    </p>
   </div>
   <div class='ocr_carea' id='block_1_64' title="bbox 346 4375 1927 4449">
    <p class='ocr_par' dir='ltr' id='par_1_64' title="bbox 346 4375 1927 4449">
     <span class='ocr_line' id='line_1_64' title="bbox 346 4375 1927 4449; baseline 0.001 -18"><span class='ocrx_word' id='word_1_479' title='bbox 346 4378 626 4447; x_wconf 70' lang='grc' dir='ltr'>ἱπαρᾱτου</span> <span class='ocrx_word' id='word_1_480' title='bbox 668 4375 835 4445; x_wconf 78' lang='grc' dir='ltr'>ζωῆς,</span> <span class='ocrx_word' id='word_1_481' title='bbox 872 4376 964 4428; x_wconf 89' lang='lat' dir='ltr'><strong>xui</strong></span> <span class='ocrx_word' id='word_1_482' title='bbox 1012 4376 1146 4446; x_wconf 80' lang='grc' dir='ltr'>πρὸς</span> <span class='ocrx_word' id='word_1_483' title='bbox 1190 4377 1389 4440; x_wconf 81' lang='grc' dir='ltr'>αὐτούς</span> <span class='ocrx_word' id='word_1_484' title='bbox 1429 4377 1531 4430; x_wconf 79' lang='grc' dir='ltr'>πού</span> <span class='ocrx_word' id='word_1_485' title='bbox 1565 4395 1698 4449; x_wconf 80' lang='grc' dir='ltr'>φησι</span> <span class='ocrx_word' id='word_1_486' title='bbox 1743 4378 1927 4449; x_wconf 80' lang='grc' dir='ltr'>λόγιον</span> 
     </span>
    </p>
   </div>
   <div class='ocr_carea' id='block_1_65' title="bbox 348 4467 1926 4542">
    <p class='ocr_par' dir='ltr' id='par_1_65' title="bbox 348 4467 1926 4542">
     <span class='ocr_line' id='line_1_65' title="bbox 348 4467 1926 4542; baseline 0 -18"><span class='ocrx_word' id='word_1_487' title='bbox 348 4472 492 4542; x_wconf 77' lang='grc' dir='ltr'>ἱερόν</span> <span class='ocrx_word' id='word_1_488' title='bbox 513 4488 525 4500; x_wconf 89' lang='grc'><strong>·</strong></span> <span class='ocrx_word' id='word_1_489' title='bbox 568 4488 587 4522; x_wconf 79' lang='grc' dir='ltr'><strong>ι</strong></span> <span class='ocrx_word' id='word_1_490' title='bbox 621 4470 744 4523; x_wconf 79' lang='grc' dir='ltr'><strong>Ὀτι</strong></span> <span class='ocrx_word' id='word_1_491' title='bbox 793 4468 960 4536; x_wconf 64' lang='grc' dir='ltr'>παγίς</span> <span class='ocrx_word' id='word_1_492' title='bbox 989 4467 1286 4538; x_wconf 79' lang='grc' dir='ltr'>ἐγενήθητε</span> <span class='ocrx_word' id='word_1_493' title='bbox 1318 4471 1386 4539; x_wconf 79' lang='grc' dir='ltr'>τῇ</span> <span class='ocrx_word' id='word_1_494' title='bbox 1438 4473 1639 4542; x_wconf 74' lang='grc' dir='ltr'>σκοπιᾷ</span> <span class='ocrx_word' id='word_1_495' title='bbox 1662 4511 1676 4533; x_wconf 95' lang='grc'><strong>,</strong></span> <span class='ocrx_word' id='word_1_496' title='bbox 1710 4472 1807 4524; x_wconf 76' lang='grc' dir='ltr'>καὶ</span> <span class='ocrx_word' id='word_1_497' title='bbox 1849 4473 1926 4536; x_wconf 88' lang='grc' dir='ltr'>ὠς</span> 
     </span>
    </p>
   </div>
   <div class='ocr_carea' id='block_1_66' title="bbox 346 4557 1928 4632">
    <p class='ocr_par' dir='ltr' id='par_1_66' title="bbox 346 4557 1928 4632">
     <span class='ocr_line' id='line_1_66' title="bbox 346 4557 1928 4632; baseline 0.001 -19"><span class='ocrx_word' id='word_1_498' title='bbox 346 4561 562 4615; x_wconf 81' lang='grc' dir='ltr'>δίκτυον</span> <span class='ocrx_word' id='word_1_499' title='bbox 589 4558 952 4629; x_wconf 73' lang='grc' dir='ltr'>ἐκτεταμένον</span> <span class='ocrx_word' id='word_1_500' title='bbox 981 4558 1075 4611; x_wconf 70' lang='grc' dir='ltr'><strong>ἐπὶ</strong></span> <span class='ocrx_word' id='word_1_501' title='bbox 1105 4557 1165 4610; x_wconf 82' lang='grc' dir='ltr'>τὸ</span> <span class='ocrx_word' id='word_1_502' title='bbox 1196 4559 1518 4629; x_wconf 77' lang='grc' dir='ltr'>Ἰταϐύριον,</span> <span class='ocrx_word' id='word_1_503' title='bbox 1541 4559 1569 4613; x_wconf 84' lang='grc' dir='ltr'><strong>δ</strong></span> <span class='ocrx_word' id='word_1_504' title='bbox 1597 4562 1644 4614; x_wconf 83' lang='grc' dir='ltr'>οξ</span> <span class='ocrx_word' id='word_1_505' title='bbox 1668 4562 1928 4632; x_wconf 84' lang='grc' dir='ltr'>ἀγρεύον-</span> 
     </span>
    </p>
   </div>
   <div class='ocr_carea' id='block_1_67' title="bbox 344 4649 1928 4724">
    <p class='ocr_par' dir='ltr' id='par_1_67' title="bbox 344 4649 1928 4724">
     <span class='ocr_line' id='line_1_67' title="bbox 344 4649 1928 4724; baseline 0 -16"><span class='ocrx_word' id='word_1_506' title='bbox 344 4671 440 4719; x_wconf 85' lang='grc' dir='ltr'><strong>τες</strong></span> <span class='ocrx_word' id='word_1_507' title='bbox 488 4652 584 4724; x_wconf 79' lang='grc' dir='ltr'>τὴν</span> <span class='ocrx_word' id='word_1_508' title='bbox 626 4651 799 4722; x_wconf 78' lang='grc' dir='ltr'>θήραν</span> <span class='ocrx_word' id='word_1_509' title='bbox 852 4649 1192 4721; x_wconf 79' lang='grc' dir='ltr'>κατέπηξαν.</span> <span class='ocrx_word' id='word_1_510' title='bbox 1252 4671 1271 4704; x_wconf 74' lang='grc' dir='ltr'><strong>ι</strong></span> <span class='ocrx_word' id='word_1_511' title='bbox 1338 4651 1500 4723; x_wconf 73' lang='grc' dir='ltr'>Ὁρᾷς</span> <span class='ocrx_word' id='word_1_512' title='bbox 1559 4654 1707 4717; x_wconf 86' lang='grc' dir='ltr'>ὅπως</span> <span class='ocrx_word' id='word_1_513' title='bbox 1760 4658 1928 4722; x_wconf 73' lang='grc' dir='ltr'>παγὶς</span> 
     </span>
    </p>
   </div>
   <div class='ocr_carea' id='block_1_68' title="bbox 349 4743 1930 4817">
    <p class='ocr_par' dir='ltr' id='par_1_68' title="bbox 349 4743 1930 4817">
     <span class='ocr_line' id='line_1_68' title="bbox 349 4743 1930 4817; baseline 0 -16"><span class='ocrx_word' id='word_1_514' title='bbox 349 4748 445 4801; x_wconf 78' lang='lat' dir='ltr'><strong>xui</strong></span> <span class='ocrx_word' id='word_1_515' title='bbox 476 4747 748 4817; x_wconf 80' lang='grc' dir='ltr'>θήρατρον</span> <span class='ocrx_word' id='word_1_516' title='bbox 773 4743 1031 4813; x_wconf 76' lang='grc' dir='ltr'>γεγόνασι</span> <span class='ocrx_word' id='word_1_517' title='bbox 1086 4746 1199 4807; x_wconf 86' lang='grc' dir='ltr'>τοῖς</span> <span class='ocrx_word' id='word_1_518' title='bbox 1236 4743 1448 4806; x_wconf 85' lang='grc' dir='ltr'>λοιποῖς</span> <span class='ocrx_word' id='word_1_519' title='bbox 1476 4785 1490 4807; x_wconf 92' lang='grc'><strong>,</strong></span> <span class='ocrx_word' id='word_1_520' title='bbox 1535 4745 1618 4798; x_wconf 83' lang='grc' dir='ltr'>ὅτι</span> <span class='ocrx_word' id='word_1_521' title='bbox 1663 4747 1758 4801; x_wconf 84' lang='lat' dir='ltr'><strong>xui</strong></span> <span class='ocrx_word' id='word_1_522' title='bbox 1804 4750 1930 4812; x_wconf 84' lang='grc' dir='ltr'>ταῖς</span> 
     </span>
    </p>
   </div>
   <div class='ocr_carea' id='block_1_69' title="bbox 345 4835 1930 4910">
    <p class='ocr_par' dir='ltr' id='par_1_69' title="bbox 345 4835 1930 4910">
     <span class='ocr_line' id='line_1_69' title="bbox 345 4835 1930 4910; baseline -0.003 -14"><span class='ocrx_word' id='word_1_523' title='bbox 345 4840 457 4897; x_wconf 74' lang='grc' dir='ltr'><strong>τῶν</strong></span> <span class='ocrx_word' id='word_1_524' title='bbox 480 4837 800 4910; x_wconf 82' lang='grc' dir='ltr'>ἡγουμένων</span> <span class='ocrx_word' id='word_1_525' title='bbox 820 4835 1164 4900; x_wconf 79' lang='grc' dir='ltr'>ἐπιεικείαις,</span> <span class='ocrx_word' id='word_1_526' title='bbox 1183 4836 1277 4890; x_wconf 85' lang='lat' dir='ltr'><strong>xui</strong></span> <span class='ocrx_word' id='word_1_527' title='bbox 1304 4835 1490 4907; x_wconf 86' lang='grc' dir='ltr'>μέντοι</span> <span class='ocrx_word' id='word_1_528' title='bbox 1512 4838 1607 4890; x_wconf 81' lang='grc' dir='ltr'>καὶ</span> <span class='ocrx_word' id='word_1_529' title='bbox 1632 4838 1930 4910; x_wconf 73' lang='grc' dir='ltr'>ῥᾳθυμίαις</span> 
     </span>
    </p>
   </div>
   <div class='ocr_carea' id='block_1_70' title="bbox 341 4927 1932 5002">
    <p class='ocr_par' dir='ltr' id='par_1_70' title="bbox 341 4927 1932 5002">
     <span class='ocr_line' id='line_1_70' title="bbox 341 4927 1932 5002; baseline -0.002 -16"><span class='ocrx_word' id='word_1_530' title='bbox 341 4932 432 4987; x_wconf 81' lang='grc' dir='ltr'>ἀεί</span> <span class='ocrx_word' id='word_1_531' title='bbox 457 4948 574 4993; x_wconf 81' lang='grc' dir='ltr'><strong>πως</strong></span> <span class='ocrx_word' id='word_1_532' title='bbox 595 4928 825 4982; x_wconf 76' lang='grc' dir='ltr'>ἔπεσθαι</span> <span class='ocrx_word' id='word_1_533' title='bbox 847 4929 992 4996; x_wconf 70' lang='grc' dir='ltr'>φιλεῖ</span> <span class='ocrx_word' id='word_1_534' title='bbox 1020 4927 1080 4981; x_wconf 86' lang='grc' dir='ltr'>τὸ</span> <span class='ocrx_word' id='word_1_535' title='bbox 1111 4928 1369 4998; x_wconf 82' lang='grc' dir='ltr'>ὑπήκοον.</span> <span class='ocrx_word' id='word_1_536' title='bbox 1394 4928 1606 4982; x_wconf 67' lang='grc' dir='ltr'>Οὐκοῦν</span> <span class='ocrx_word' id='word_1_537' title='bbox 1629 4930 1704 4993; x_wconf 85' lang='grc' dir='ltr'>ὡς</span> <span class='ocrx_word' id='word_1_538' title='bbox 1731 4931 1932 5002; x_wconf 82' lang='grc' dir='ltr'>παραί-</span> 
     </span>
    </p>
   </div>
   <div class='ocr_carea' id='block_1_71' title="bbox 342 5019 1927 5092">
    <p class='ocr_par' dir='ltr' id='par_1_71' title="bbox 342 5019 1927 5092">
     <span class='ocr_line' id='line_1_71' title="bbox 342 5019 1927 5092; baseline -0.001 -16"><span class='ocrx_word' id='word_1_539' title='bbox 342 5041 448 5076; x_wconf 87' lang='grc' dir='ltr'>τιοι</span> <span class='ocrx_word' id='word_1_540' title='bbox 473 5021 760 5092; x_wconf 80' lang='grc' dir='ltr'>γεγονότες</span> <span class='ocrx_word' id='word_1_541' title='bbox 787 5020 970 5088; x_wconf 76' lang='grc' dir='ltr'>σφίσιν</span> <span class='ocrx_word' id='word_1_542' title='bbox 1010 5021 1245 5082; x_wconf 81' lang='grc' dir='ltr'>ἑαυτοῖς,</span> <span class='ocrx_word' id='word_1_543' title='bbox 1277 5020 1373 5073; x_wconf 81' lang='lat' dir='ltr'><strong>xui</strong></span> <span class='ocrx_word' id='word_1_544' title='bbox 1400 5021 1514 5084; x_wconf 84' lang='grc' dir='ltr'>τοῖς</span> <span class='ocrx_word' id='word_1_545' title='bbox 1543 5019 1724 5084; x_wconf 75' lang='grc' dir='ltr'>ἄλλοις</span> <span class='ocrx_word' id='word_1_546' title='bbox 1755 5021 1927 5075; x_wconf 74' lang='grc' dir='ltr'>ἅπασι</span> 
     </span>
    </p>
   </div>
   <div class='ocr_carea' id='block_1_72' title="bbox 339 5111 1930 5185">
    <p class='ocr_par' dir='ltr' id='par_1_72' title="bbox 339 5111 1930 5185">
     <span class='ocr_line' id='line_1_72' title="bbox 339 5111 1930 5185; baseline -0.001 -18"><span class='ocrx_word' id='word_1_547' title='bbox 339 5114 438 5168; x_wconf 85' lang='grc' dir='ltr'><strong>τοῦ</strong></span> <span class='ocrx_word' id='word_1_548' title='bbox 471 5111 772 5166; x_wconf 84' lang='grc' dir='ltr'>ἀπολέσθαι</span> <span class='ocrx_word' id='word_1_549' title='bbox 803 5111 947 5176; x_wconf 81' lang='grc' dir='ltr'>δεῖν,</span> <span class='ocrx_word' id='word_1_550' title='bbox 980 5111 1186 5182; x_wconf 83' lang='grc' dir='ltr'>πρῶτοι</span> <span class='ocrx_word' id='word_1_551' title='bbox 1224 5112 1628 5179; x_wconf 77' lang='grc' dir='ltr'>καταϐήσονται</span> <span class='ocrx_word' id='word_1_552' title='bbox 1670 5113 1766 5166; x_wconf 87' lang='lat' dir='ltr'><strong>xui</strong></span> <span class='ocrx_word' id='word_1_553' title='bbox 1798 5131 1930 5185; x_wconf 88' lang='grc' dir='ltr'>προ-</span> 
     </span>
    </p>
   </div>
   <div class='ocr_carea' id='block_1_73' title="bbox 338 5202 1931 5274">
    <p class='ocr_par' dir='ltr' id='par_1_73' title="bbox 338 5202 1931 5274">
     <span class='ocr_line' id='line_1_73' title="bbox 338 5202 1931 5274; baseline 0 -16"><span class='ocrx_word' id='word_1_554' title='bbox 338 5205 628 5258; x_wconf 68' lang='grc' dir='ltr'>εὶάσουσιν</span> <span class='ocrx_word' id='word_1_555' title='bbox 680 5204 758 5265; x_wconf 78' lang='grc' dir='ltr'><strong>εἰς</strong></span> <span class='ocrx_word' id='word_1_556' title='bbox 820 5202 983 5273; x_wconf 72' lang='grc' dir='ltr'>ᾆδον,</span> <span class='ocrx_word' id='word_1_557' title='bbox 1024 5202 1378 5272; x_wconf 77' lang='grc' dir='ltr'>ὲπιπηδὼσης</span> <span class='ocrx_word' id='word_1_558' title='bbox 1431 5203 1634 5274; x_wconf 84' lang='grc' dir='ltr'>τρόπον</span> <span class='ocrx_word' id='word_1_559' title='bbox 1679 5204 1803 5258; x_wconf 73' lang='grc' dir='ltr'>τινὰ</span> <span class='ocrx_word' id='word_1_560' title='bbox 1837 5205 1931 5258; x_wconf 79' lang='lat' dir='ltr'><strong>xui</strong></span> 
     </span>
    </p>
   </div>
   <div class='ocr_carea' id='block_1_74' title="bbox 344 5293 1930 5367">
    <p class='ocr_par' dir='ltr' id='par_1_74' title="bbox 344 5293 1930 5367">
     <span class='ocr_line' id='line_1_74' title="bbox 344 5293 1930 5367; baseline -0.001 -19"><span class='ocrx_word' id='word_1_561' title='bbox 344 5298 454 5367; x_wconf 76' lang='grc' dir='ltr'>πρό</span> <span class='ocrx_word' id='word_1_562' title='bbox 480 5313 543 5364; x_wconf 84' lang='grc' dir='ltr'><strong>γε</strong></span> <span class='ocrx_word' id='word_1_563' title='bbox 575 5294 685 5348; x_wconf 85' lang='grc' dir='ltr'><strong>τῶν</strong></span> <span class='ocrx_word' id='word_1_564' title='bbox 716 5293 893 5348; x_wconf 78' lang='grc' dir='ltr'>ἄλλων</span> <span class='ocrx_word' id='word_1_565' title='bbox 923 5293 1107 5357; x_wconf 82' lang='grc' dir='ltr'>αὐτοῖς</span> <span class='ocrx_word' id='word_1_566' title='bbox 1133 5293 1233 5362; x_wconf 73' lang='grc' dir='ltr'>τῆς</span> <span class='ocrx_word' id='word_1_567' title='bbox 1256 5293 1406 5358; x_wconf 82' lang='grc' dir='ltr'>Θείας</span> <span class='ocrx_word' id='word_1_568' title='bbox 1427 5293 1617 5364; x_wconf 79' lang='grc' dir='ltr'>ὀργῆς.</span> <span class='ocrx_word' id='word_1_569' title='bbox 1649 5294 1930 5366; x_wconf 81' lang='grc' dir='ltr'>Κολασθή-</span> 
     </span>
    </p>
   </div>
   <div class='ocr_carea' id='block_1_75' title="bbox 344 5385 1928 5456">
    <p class='ocr_par' dir='ltr' id='par_1_75' title="bbox 344 5385 1928 5456">
     <span class='ocr_line' id='line_1_75' title="bbox 344 5385 1928 5456; baseline -0.002 -16"><span class='ocrx_word' id='word_1_570' title='bbox 344 5405 535 5441; x_wconf 78' lang='grc' dir='ltr'>σονται</span> <span class='ocrx_word' id='word_1_571' title='bbox 579 5387 635 5440; x_wconf 80' lang='grc' dir='ltr'>δὲ</span> <span class='ocrx_word' id='word_1_572' title='bbox 679 5386 778 5456; x_wconf 76' lang='grc' dir='ltr'><strong>οὐχ</strong></span> <span class='ocrx_word' id='word_1_573' title='bbox 820 5387 903 5438; x_wconf 81' lang='grc' dir='ltr'>ὅτι</span> <span class='ocrx_word' id='word_1_574' title='bbox 952 5385 1193 5439; x_wconf 75' lang='grc' dir='ltr'>πλούσιοι</span> <span class='ocrx_word' id='word_1_575' title='bbox 1240 5386 1335 5438; x_wconf 68' lang='grc' dir='ltr'>καὶ</span> <span class='ocrx_word' id='word_1_576' title='bbox 1377 5385 1578 5450; x_wconf 79' lang='grc' dir='ltr'>ἔνδοξοι</span> <span class='ocrx_word' id='word_1_577' title='bbox 1619 5387 1928 5455; x_wconf 68' lang='grc' dir='ltr'>γεγόνασιν,</span> 
     </span>
    </p>
   </div>
   <div class='ocr_carea' id='block_1_76' title="bbox 342 5475 1925 5549">
    <p class='ocr_par' dir='ltr' id='par_1_76' title="bbox 342 5475 1925 5549">
     <span class='ocr_line' id='line_1_76' title="bbox 342 5475 1925 5549; baseline -0.003 -15"><span class='ocrx_word' id='word_1_578' title='bbox 342 5478 465 5534; x_wconf 75' lang='grc' dir='ltr'>ἀλλ’</span> <span class='ocrx_word' id='word_1_579' title='bbox 513 5479 595 5530; x_wconf 77' lang='grc' dir='ltr'><strong>ὅτι</strong></span> <span class='ocrx_word' id='word_1_580' title='bbox 629 5477 830 5549; x_wconf 72' lang='grc' dir='ltr'>λοιμοὶ,</span> <span class='ocrx_word' id='word_1_581' title='bbox 875 5475 1020 5530; x_wconf 78' lang='grc' dir='ltr'>τοῦτ’</span> <span class='ocrx_word' id='word_1_582' title='bbox 1053 5476 1190 5538; x_wconf 77' lang='grc' dir='ltr'>ἔστι,</span> <span class='ocrx_word' id='word_1_583' title='bbox 1243 5478 1434 5547; x_wconf 77' lang='grc' dir='ltr'>φΟοροὶ</span> <span class='ocrx_word' id='word_1_584' title='bbox 1490 5480 1586 5532; x_wconf 72' lang='grc' dir='ltr'>καὶ</span> <span class='ocrx_word' id='word_1_585' title='bbox 1625 5478 1925 5548; x_wconf 78' lang='grc' dir='ltr'>λυμεῶνες,</span> 
     </span>
    </p>
   </div>
   <div class='ocr_carea' id='block_1_77' title="bbox 344 5566 1928 5640">
    <p class='ocr_par' dir='ltr' id='par_1_77' title="bbox 344 5566 1928 5640">
     <span class='ocr_line' id='line_1_77' title="bbox 344 5566 1928 5640; baseline -0.001 -17"><span class='ocrx_word' id='word_1_586' title='bbox 344 5569 445 5622; x_wconf 64' lang='grc' dir='ltr'>καὶ</span> <span class='ocrx_word' id='word_1_587' title='bbox 480 5568 709 5631; x_wconf 78' lang='grc' dir='ltr'>ἑαυτῶν,</span> <span class='ocrx_word' id='word_1_588' title='bbox 737 5568 811 5633; x_wconf 82' lang='grc' dir='ltr'><strong>ὡς</strong></span> <span class='ocrx_word' id='word_1_589' title='bbox 843 5566 1000 5638; x_wconf 68' lang='grc' dir='ltr'>ἔφην,</span> <span class='ocrx_word' id='word_1_590' title='bbox 1032 5567 1125 5620; x_wconf 77' lang='lat' dir='ltr'><strong>xu&quot;.</strong></span> <span class='ocrx_word' id='word_1_591' title='bbox 1157 5568 1255 5638; x_wconf 81' lang='grc' dir='ltr'>τῆς</span> <span class='ocrx_word' id='word_1_592' title='bbox 1281 5569 1541 5637; x_wconf 71' lang='grc' dir='ltr'>ἀγελαίας</span> <span class='ocrx_word' id='word_1_593' title='bbox 1576 5569 1831 5640; x_wconf 75' lang='grc' dir='ltr'>πληθύος.</span> <span class='ocrx_word' id='word_1_594' title='bbox 1869 5573 1928 5622; x_wconf 73' lang='grc' dir='ltr'><strong>ΟΞ</strong></span> 
     </span>
    </p>
   </div>
   <div class='ocr_carea' id='block_1_78' title="bbox 423 5724 1418 5793">
    <p class='ocr_par' dir='ltr' id='par_1_78' title="bbox 423 5724 1418 5793">
     <span class='ocr_line' id='line_1_78' title="bbox 423 5724 1418 5793; baseline -0.005 -7"><span class='ocrx_word' id='word_1_595' title='bbox 423 5725 471 5760; x_wconf 76' lang='grc'><strong>⁸⁷</strong></span> <span class='ocrx_word' id='word_1_596' title='bbox 537 5724 670 5786; x_wconf 85' lang='lat' dir='ltr'><strong>Gen.</strong></span> <span class='ocrx_word' id='word_1_597' title='bbox 710 5743 794 5793; x_wconf 67' lang='grc' dir='ltr'><strong>τι,</strong></span> <span class='ocrx_word' id='word_1_598' title='bbox 865 5728 946 5783; x_wconf 76' lang='lat' dir='ltr'><strong>l3.</strong></span> <span class='ocrx_word' id='word_1_599' title='bbox 1028 5727 1072 5757; x_wconf 76' lang='lat'><strong>&quot;</strong></span> <span class='ocrx_word' id='word_1_600' title='bbox 1111 5729 1246 5784; x_wconf 58' lang='lat'><strong>0.303</strong></span> <span class='ocrx_word' id='word_1_601' title='bbox 1278 5743 1324 5790; x_wconf 70' lang='grc' dir='ltr'><strong>ν,</strong></span> <span class='ocrx_word' id='word_1_602' title='bbox 1374 5727 1418 5782; x_wconf 86' lang='lat' dir='ltr'><strong>l.</strong></span> 
     </span>
    </p>
   </div>
   <div class='ocr_carea' id='block_1_79' title="bbox 2037 1985 3626 2062">
    <p class='ocr_par' dir='ltr' id='par_1_79' title="bbox 2037 1985 3626 2062">
     <span class='ocr_line' id='line_1_79' title="bbox 2037 1985 3626 2062; baseline -0.004 -15"><span class='ocrx_word' id='word_1_603' title='bbox 2037 2008 2160 2049; x_wconf 83' lang='lat' dir='ltr'><strong>esse</strong></span> <span class='ocrx_word' id='word_1_604' title='bbox 2185 2003 2521 2047; x_wconf 89' lang='lat' dir='ltr'><strong>mortuorum</strong></span> <span class='ocrx_word' id='word_1_605' title='bbox 2563 2007 2671 2062; x_wconf 69' lang='lat' dir='ltr'><strong>pra:</strong></span> <span class='ocrx_word' id='word_1_606' title='bbox 2711 1992 2855 2047; x_wconf 79' lang='lat' dir='ltr'><strong>fame</strong></span> <span class='ocrx_word' id='word_1_607' title='bbox 2905 2001 2959 2047; x_wconf 90' lang='lat' dir='ltr'><strong>et</strong></span> <span class='ocrx_word' id='word_1_608' title='bbox 2987 1992 3076 2045; x_wconf 89' lang='lat' dir='ltr'><strong>siti</strong></span> <span class='ocrx_word' id='word_1_609' title='bbox 3122 2005 3297 2059; x_wconf 72' lang='lat' dir='ltr'><strong>aquae,</strong></span> <span class='ocrx_word' id='word_1_610' title='bbox 3329 1989 3459 2042; x_wconf 90' lang='lat' dir='ltr'><strong>illud</strong></span> <span class='ocrx_word' id='word_1_611' title='bbox 3485 1985 3626 2040; x_wconf 87' lang='lat' dir='ltr'><strong>diei-</strong></span> 
     </span>
    </p>
   </div>
   <div class='ocr_carea' id='block_1_80' title="bbox 2037 2077 3630 2155">
    <p class='ocr_par' dir='ltr' id='par_1_80' title="bbox 2037 2077 3630 2155">
     <span class='ocr_line' id='line_1_80' title="bbox 2037 2077 3630 2155; baseline -0.006 -14"><span class='ocrx_word' id='word_1_612' title='bbox 2037 2099 2161 2141; x_wconf 84' lang='lat' dir='ltr'><strong>mus</strong></span> <span class='ocrx_word' id='word_1_613' title='bbox 2184 2085 2326 2153; x_wconf 91' lang='lat' dir='ltr'><strong>quod</strong></span> <span class='ocrx_word' id='word_1_614' title='bbox 2348 2084 2573 2155; x_wconf 83' lang='lat' dir='ltr'><strong>scripsit</strong></span> <span class='ocrx_word' id='word_1_615' title='bbox 2590 2083 2878 2153; x_wconf 70' lang='lat' dir='ltr'><strong>Iosephus.</strong></span> <span class='ocrx_word' id='word_1_616' title='bbox 2912 2085 3005 2155; x_wconf 92' lang='lat' dir='ltr'><strong>qui</strong></span> <span class='ocrx_word' id='word_1_617' title='bbox 3030 2082 3271 2138; x_wconf 67' lang='lat' dir='ltr'><strong>.Iudaica:</strong></span> <span class='ocrx_word' id='word_1_618' title='bbox 3295 2077 3630 2135; x_wconf 78' lang='lat' dir='ltr'><strong>calamitatis</strong></span> 
     </span>
    </p>
   </div>
   <div class='ocr_carea' id='block_1_81' title="bbox 2037 2171 3628 2248">
    <p class='ocr_par' dir='ltr' id='par_1_81' title="bbox 2037 2171 3628 2248">
     <span class='ocr_line' id='line_1_81' title="bbox 2037 2171 3628 2248; baseline -0.004 -15"><span class='ocrx_word' id='word_1_619' title='bbox 2037 2177 2463 2248; x_wconf 85' lang='lat' dir='ltr'><strong>magnitudinem</strong></span> <span class='ocrx_word' id='word_1_620' title='bbox 2533 2177 2739 2247; x_wconf 81' lang='lat' dir='ltr'><strong>tragice</strong></span> <span class='ocrx_word' id='word_1_621' title='bbox 2799 2177 2996 2232; x_wconf 85' lang='lat' dir='ltr'><strong>litteris</strong></span> <span class='ocrx_word' id='word_1_622' title='bbox 3055 2176 3313 2244; x_wconf 84' lang='lat' dir='ltr'><strong>prodidit.</strong></span> <span class='ocrx_word' id='word_1_623' title='bbox 3374 2171 3628 2227; x_wconf 74' lang='lat' dir='ltr'><strong>Obsessis</strong></span> 
     </span>
    </p>
   </div>
   <div class='ocr_carea' id='block_1_82' title="bbox 2028 2268 3632 2339">
    <p class='ocr_par' dir='ltr' id='par_1_82' title="bbox 2028 2268 3632 2339">
     <span class='ocr_line' id='line_1_82' title="bbox 2028 2268 3632 2339; baseline -0.002 -18"><span class='ocrx_word' id='word_1_624' title='bbox 2028 2269 2140 2339; x_wconf 87' lang='lat' dir='ltr'><strong>jam</strong></span> <span class='ocrx_word' id='word_1_625' title='bbox 2182 2268 2592 2339; x_wconf 83' lang='lat' dir='ltr'><strong>Hierosolymis,</strong></span> <span class='ocrx_word' id='word_1_626' title='bbox 2623 2268 2955 2322; x_wconf 68' lang='lat' dir='ltr'><strong>mulierculae</strong></span> <span class='ocrx_word' id='word_1_627' title='bbox 2981 2269 3210 2320; x_wconf 89' lang='lat' dir='ltr'><strong>ederunt</strong></span> <span class='ocrx_word' id='word_1_628' title='bbox 3237 2280 3376 2332; x_wconf 89' lang='lat' dir='ltr'><strong>quos</strong></span> <span class='ocrx_word' id='word_1_629' title='bbox 3405 2276 3632 2331; x_wconf 81' lang='lat' dir='ltr'><strong>pepere-</strong></span> 
     </span>
    </p>
   </div>
   <div class='ocr_carea' id='block_1_83' title="bbox 2031 2355 3630 2429">
    <p class='ocr_par' dir='ltr' id='par_1_83' title="bbox 2031 2355 3630 2429">
     <span class='ocr_line' id='line_1_83' title="bbox 2031 2355 3630 2429; baseline -0.006 -11"><span class='ocrx_word' id='word_1_630' title='bbox 2031 2375 2159 2418; x_wconf 83' lang='lat' dir='ltr'><strong>rant</strong></span> <span class='ocrx_word' id='word_1_631' title='bbox 2199 2363 2420 2425; x_wconf 89' lang='lat' dir='ltr'><strong>liberos,</strong></span> <span class='ocrx_word' id='word_1_632' title='bbox 2451 2370 2506 2414; x_wconf 88' lang='lat' dir='ltr'><strong>et</strong></span> <span class='ocrx_word' id='word_1_633' title='bbox 2538 2359 2799 2429; x_wconf 79' lang='lat' dir='ltr'><strong>quidquid</strong></span> <span class='ocrx_word' id='word_1_634' title='bbox 2841 2359 2894 2412; x_wconf 90' lang='lat' dir='ltr'><strong>in</strong></span> <span class='ocrx_word' id='word_1_635' title='bbox 2932 2358 3126 2411; x_wconf 89' lang='lat' dir='ltr'><strong>dentes</strong></span> <span class='ocrx_word' id='word_1_636' title='bbox 3184 2358 3354 2417; x_wconf 80' lang='lat' dir='ltr'><strong>venit,</strong></span> <span class='ocrx_word' id='word_1_637' title='bbox 3389 2355 3528 2408; x_wconf 85' lang='lat' dir='ltr'><strong>lame</strong></span> <span class='ocrx_word' id='word_1_638' title='bbox 3563 2369 3630 2409; x_wconf 83' lang='lat' dir='ltr'><strong>ac</strong></span> 
     </span>
    </p>
   </div>
   <div class='ocr_carea' id='block_1_84' title="bbox 2034 2444 3627 2522">
    <p class='ocr_par' dir='ltr' id='par_1_84' title="bbox 2034 2444 3627 2522">
     <span class='ocr_line' id='line_1_84' title="bbox 2034 2444 3627 2522; baseline -0.008 -14"><span class='ocrx_word' id='word_1_639' title='bbox 2034 2453 2361 2509; x_wconf 89' lang='lat' dir='ltr'><strong>necessitate</strong></span> <span class='ocrx_word' id='word_1_640' title='bbox 2417 2459 2669 2522; x_wconf 89' lang='lat' dir='ltr'><strong>urgente,</strong></span> <span class='ocrx_word' id='word_1_641' title='bbox 2701 2450 3054 2503; x_wconf 78' lang='lat' dir='ltr'><strong>devorarunt.</strong></span> <span class='ocrx_word' id='word_1_642' title='bbox 3092 2445 3280 2514; x_wconf 85' lang='lat' dir='ltr'><strong>Neque</strong></span> <span class='ocrx_word' id='word_1_643' title='bbox 3312 2445 3415 2498; x_wconf 79' lang='lat' dir='ltr'><strong>hoc</strong></span> <span class='ocrx_word' id='word_1_644' title='bbox 3454 2444 3627 2496; x_wconf 78' lang='lat' dir='ltr'><strong>solum</strong></span> 
     </span>
    </p>
   </div>
   <div class='ocr_carea' id='block_1_85' title="bbox 2034 2533 3630 2616">
    <p class='ocr_par' dir='ltr' id='par_1_85' title="bbox 2034 2533 3630 2616">
     <span class='ocr_line' id='line_1_85' title="bbox 2034 2533 3630 2616; baseline -0.008 -15"><span class='ocrx_word' id='word_1_645' title='bbox 2034 2545 2420 2616; x_wconf 82' lang='lat' dir='ltr'><strong>Hierosolymis</strong></span> <span class='ocrx_word' id='word_1_646' title='bbox 2453 2543 2653 2598; x_wconf 81' lang='lat' dir='ltr'><strong>factum</strong></span> <span class='ocrx_word' id='word_1_647' title='bbox 2688 2556 2808 2597; x_wconf 87' lang='lat' dir='ltr'><strong>esse</strong></span> <span class='ocrx_word' id='word_1_648' title='bbox 2829 2584 2844 2605; x_wconf 80' lang='lat'><strong>,</strong></span> <span class='ocrx_word' id='word_1_649' title='bbox 2878 2539 2974 2596; x_wconf 87' lang='lat' dir='ltr'><strong>sed</strong></span> <span class='ocrx_word' id='word_1_650' title='bbox 3011 2549 3066 2594; x_wconf 92' lang='lat' dir='ltr'><strong>et</strong></span> <span class='ocrx_word' id='word_1_651' title='bbox 3098 2539 3151 2593; x_wconf 90' lang='lat' dir='ltr'><strong>in</strong></span> <span class='ocrx_word' id='word_1_652' title='bbox 3186 2537 3399 2592; x_wconf 67' lang='lat' dir='ltr'><strong>caeteris</strong></span> <span class='ocrx_word' id='word_1_653' title='bbox 3430 2533 3630 2589; x_wconf 72' lang='lat' dir='ltr'><strong>Judteas</strong></span> 
     </span>
    </p>
   </div>
   <div class='ocr_carea' id='block_1_86' title="bbox 2033 2625 3630 2706">
    <p class='ocr_par' dir='ltr' id='par_1_86' title="bbox 2033 2625 3630 2706">
     <span class='ocr_line' id='line_1_86' title="bbox 2033 2625 3630 2706; baseline -0.009 -12"><span class='ocrx_word' id='word_1_654' title='bbox 2033 2638 2292 2701; x_wconf 83' lang='lat' dir='ltr'><strong>urbibus,</strong></span> <span class='ocrx_word' id='word_1_655' title='bbox 2351 2636 2621 2706; x_wconf 89' lang='lat' dir='ltr'><strong>quomodo</strong></span> <span class='ocrx_word' id='word_1_656' title='bbox 2682 2633 2894 2688; x_wconf 83' lang='lat' dir='ltr'><strong>dubitet</strong></span> <span class='ocrx_word' id='word_1_657' title='bbox 2947 2632 3259 2702; x_wconf 84' lang='lat' dir='ltr'><strong>quispiam,</strong></span> <span class='ocrx_word' id='word_1_658' title='bbox 3331 2638 3387 2682; x_wconf 90' lang='lat' dir='ltr'><strong>et</strong></span> <span class='ocrx_word' id='word_1_659' title='bbox 3437 2625 3630 2681; x_wconf 74' lang='lat' dir='ltr'><strong>unde!</strong></span> 
     </span>
    </p>
   </div>
   <div class='ocr_carea' id='block_1_87' title="bbox 2032 2721 3631 2796">
    <p class='ocr_par' dir='ltr' id='par_1_87' title="bbox 2032 2721 3631 2796">
     <span class='ocr_line' id='line_1_87' title="bbox 2032 2721 3631 2796; baseline -0.009 -11"><span class='ocrx_word' id='word_1_660' title='bbox 2032 2728 2358 2796; x_wconf 85' lang='lat' dir='ltr'><strong>Complures</strong></span> <span class='ocrx_word' id='word_1_661' title='bbox 2385 2727 2642 2781; x_wconf 88' lang='lat' dir='ltr'><strong>nimirum</strong></span> <span class='ocrx_word' id='word_1_662' title='bbox 2668 2726 2809 2781; x_wconf 89' lang='lat' dir='ltr'><strong>bello</strong></span> <span class='ocrx_word' id='word_1_663' title='bbox 2844 2725 3151 2794; x_wconf 87' lang='lat' dir='ltr'><strong>consumpti</strong></span> <span class='ocrx_word' id='word_1_664' title='bbox 3178 2731 3324 2788; x_wconf 90' lang='lat' dir='ltr'><strong>sunt,</strong></span> <span class='ocrx_word' id='word_1_665' title='bbox 3369 2733 3423 2777; x_wconf 90' lang='lat' dir='ltr'><strong>et</strong></span> <span class='ocrx_word' id='word_1_666' title='bbox 3453 2721 3631 2789; x_wconf 77' lang='lat' dir='ltr'><strong>gladio</strong></span> 
     </span>
    </p>
   </div>
   <div class='ocr_carea' id='block_1_88' title="bbox 2032 2815 3631 2882">
    <p class='ocr_par' dir='ltr' id='par_1_88' title="bbox 2032 2815 3631 2882">
     <span class='ocr_line' id='line_1_88' title="bbox 2032 2815 3631 2882; baseline -0.008 -4"><span class='ocrx_word' id='word_1_667' title='bbox 2032 2821 2388 2878; x_wconf 75' lang='lat' dir='ltr'><strong>ceciderunt:</strong></span> <span class='ocrx_word' id='word_1_668' title='bbox 2438 2827 2494 2872; x_wconf 91' lang='lat' dir='ltr'><strong>at</strong></span> <span class='ocrx_word' id='word_1_669' title='bbox 2555 2818 2742 2874; x_wconf 88' lang='lat' dir='ltr'><strong>multis</strong></span> <span class='ocrx_word' id='word_1_670' title='bbox 2775 2820 2855 2874; x_wconf 87' lang='lat' dir='ltr'><strong>sic</strong></span> <span class='ocrx_word' id='word_1_671' title='bbox 2887 2832 2919 2871; x_wconf 84' lang='lat' dir='ltr'><strong>e</strong></span> <span class='ocrx_word' id='word_1_672' title='bbox 2942 2818 3122 2872; x_wconf 90' lang='lat' dir='ltr'><strong>medio</strong></span> <span class='ocrx_word' id='word_1_673' title='bbox 3162 2816 3412 2875; x_wconf 91' lang='lat' dir='ltr'><strong>sublatis,</strong></span> <span class='ocrx_word' id='word_1_674' title='bbox 3448 2815 3631 2882; x_wconf 88' lang='lat' dir='ltr'><strong>plures</strong></span> 
     </span>
    </p>
   </div>
   <div class='ocr_carea' id='block_1_89' title="bbox 2035 2905 3628 2980">
    <p class='ocr_par' dir='ltr' id='par_1_89' title="bbox 2035 2905 3628 2980">
     <span class='ocr_line' id='line_1_89' title="bbox 2035 2905 3628 2980; baseline -0.006 -12"><span class='ocrx_word' id='word_1_675' title='bbox 2035 2922 2210 2969; x_wconf 79' lang='lat' dir='ltr'><strong>tzunen</strong></span> <span class='ocrx_word' id='word_1_676' title='bbox 2241 2912 2433 2966; x_wconf 71' lang='lat' dir='ltr'><strong>inedia:</strong></span> <span class='ocrx_word' id='word_1_677' title='bbox 2458 2911 2638 2965; x_wconf 87' lang='lat' dir='ltr'><strong>rabies</strong></span> <span class='ocrx_word' id='word_1_678' title='bbox 2678 2910 2932 2980; x_wconf 86' lang='lat' dir='ltr'><strong>perdidit.</strong></span> <span class='ocrx_word' id='word_1_679' title='bbox 2959 2906 3056 2964; x_wconf 88' lang='lat' dir='ltr'><strong>Sin</strong></span> <span class='ocrx_word' id='word_1_680' title='bbox 3079 2924 3211 2962; x_wconf 87' lang='lat' dir='ltr'><strong>vero</strong></span> <span class='ocrx_word' id='word_1_681' title='bbox 3233 2909 3380 2962; x_wconf 84' lang='lat' dir='ltr'><strong>dicat</strong></span> <span class='ocrx_word' id='word_1_682' title='bbox 3408 2905 3628 2974; x_wconf 79' lang='lat' dir='ltr'><strong>aliquis.</strong></span> 
     </span>
    </p>
   </div>
   <div class='ocr_carea' id='block_1_90' title="bbox 2034 2996 3631 3074">
    <p class='ocr_par' dir='ltr' id='par_1_90' title="bbox 2034 2996 3631 3074">
     <span class='ocr_line' id='line_1_90' title="bbox 2034 2996 3631 3074; baseline -0.005 -15"><span class='ocrx_word' id='word_1_683' title='bbox 2034 3019 2298 3074; x_wconf 86' lang='lat' dir='ltr'><strong>aquarum</strong></span> <span class='ocrx_word' id='word_1_684' title='bbox 2348 3002 2450 3058; x_wconf 86' lang='lat' dir='ltr'><strong>sub</strong></span> <span class='ocrx_word' id='word_1_685' title='bbox 2482 3003 2891 3071; x_wconf 86' lang='lat' dir='ltr'><strong>intelligentiam</strong></span> <span class='ocrx_word' id='word_1_686' title='bbox 2929 3002 3259 3065; x_wconf 87' lang='lat' dir='ltr'><strong>cadentium,</strong></span> <span class='ocrx_word' id='word_1_687' title='bbox 3294 2998 3511 3066; x_wconf 79' lang='lat' dir='ltr'><strong>cibique</strong></span> <span class='ocrx_word' id='word_1_688' title='bbox 3543 2996 3631 3051; x_wconf 78' lang='lat' dir='ltr'><strong>dl-</strong></span> 
     </span>
    </p>
   </div>
   <div class='ocr_carea' id='block_1_91' title="bbox 2040 3087 3632 3163">
    <p class='ocr_par' dir='ltr' id='par_1_91' title="bbox 2040 3087 3632 3163">
     <span class='ocr_line' id='line_1_91' title="bbox 2040 3087 3632 3163; baseline -0.008 -14"><span class='ocrx_word' id='word_1_689' title='bbox 2040 3096 2149 3149; x_wconf 90' lang='lat' dir='ltr'><strong>vini</strong></span> <span class='ocrx_word' id='word_1_690' title='bbox 2209 3094 2446 3163; x_wconf 86' lang='lat' dir='ltr'><strong>inopiam</strong></span> <span class='ocrx_word' id='word_1_691' title='bbox 2513 3091 2702 3155; x_wconf 76' lang='lat' dir='ltr'><strong>fuisse,</strong></span> <span class='ocrx_word' id='word_1_692' title='bbox 2757 3087 2961 3143; x_wconf 67' lang='lat' dir='ltr'><strong>Judais</strong></span> <span class='ocrx_word' id='word_1_693' title='bbox 3026 3089 3191 3157; x_wconf 90' lang='lat' dir='ltr'><strong>impie</strong></span> <span class='ocrx_word' id='word_1_694' title='bbox 3255 3087 3632 3154; x_wconf 78' lang='lat' dir='ltr'><strong>scelerateque</strong></span> 
     </span>
    </p>
   </div>
   <div class='ocr_carea' id='block_1_92' title="bbox 2034 3177 3630 3251">
    <p class='ocr_par' dir='ltr' id='par_1_92' title="bbox 2034 3177 3630 3251">
     <span class='ocr_line' id='line_1_92' title="bbox 2034 3177 3630 3251; baseline -0.004 -15"><span class='ocrx_word' id='word_1_695' title='bbox 2034 3186 2366 3247; x_wconf 72' lang='lat' dir='ltr'><strong>viventibus,</strong></span> <span class='ocrx_word' id='word_1_696' title='bbox 2405 3184 2588 3251; x_wconf 84' lang='lat' dir='ltr'><strong>itaque</strong></span> <span class='ocrx_word' id='word_1_697' title='bbox 2630 3197 2724 3236; x_wconf 88' lang='lat' dir='ltr'><strong>eos</strong></span> <span class='ocrx_word' id='word_1_698' title='bbox 2783 3180 3010 3249; x_wconf 86' lang='lat' dir='ltr'><strong>periisse</strong></span> <span class='ocrx_word' id='word_1_699' title='bbox 3053 3187 3107 3233; x_wconf 89' lang='lat' dir='ltr'><strong>et</strong></span> <span class='ocrx_word' id='word_1_700' title='bbox 3136 3178 3283 3232; x_wconf 89' lang='lat' dir='ltr'><strong>velut</strong></span> <span class='ocrx_word' id='word_1_701' title='bbox 3318 3179 3386 3231; x_wconf 83' lang='lat' dir='ltr'><strong>ad</strong></span> <span class='ocrx_word' id='word_1_702' title='bbox 3421 3177 3630 3232; x_wconf 77' lang='lat' dir='ltr'><strong>inferos</strong></span> 
     </span>
    </p>
   </div>
   <div class='ocr_carea' id='block_1_93' title="bbox 2030 3268 3628 3342">
    <p class='ocr_par' dir='ltr' id='par_1_93' title="bbox 2030 3268 3628 3342">
     <span class='ocr_line' id='line_1_93' title="bbox 2030 3268 3628 3342; baseline -0.006 -10"><span class='ocrx_word' id='word_1_703' title='bbox 2030 3276 2360 3340; x_wconf 87' lang='lat' dir='ltr'><strong>concedisse,</strong></span> <span class='ocrx_word' id='word_1_704' title='bbox 2398 3282 2678 3342; x_wconf 82' lang='lat' dir='ltr'><strong>propterea</strong></span> <span class='ocrx_word' id='word_1_705' title='bbox 2713 3271 2855 3340; x_wconf 91' lang='lat' dir='ltr'><strong>quod</strong></span> <span class='ocrx_word' id='word_1_706' title='bbox 2893 3284 2991 3340; x_wconf 87' lang='lat' dir='ltr'><strong>per</strong></span> <span class='ocrx_word' id='word_1_707' title='bbox 3028 3269 3302 3323; x_wconf 80' lang='lat' dir='ltr'><strong>Christum</strong></span> <span class='ocrx_word' id='word_1_708' title='bbox 3348 3270 3414 3321; x_wconf 88' lang='lat' dir='ltr'><strong>ad</strong></span> <span class='ocrx_word' id='word_1_709' title='bbox 3461 3268 3628 3322; x_wconf 84' lang='lat' dir='ltr'><strong>vitam</strong></span> 
     </span>
    </p>
   </div>
   <div class='ocr_carea' id='block_1_94' title="bbox 2032 3360 3629 3433">
    <p class='ocr_par' dir='ltr' id='par_1_94' title="bbox 2032 3360 3629 3433">
     <span class='ocr_line' id='line_1_94' title="bbox 2032 3360 3629 3433; baseline -0.007 -8"><span class='ocrx_word' id='word_1_710' title='bbox 2032 3369 2266 3427; x_wconf 86' lang='lat' dir='ltr'><strong>revocati</strong></span> <span class='ocrx_word' id='word_1_711' title='bbox 2329 3384 2433 3422; x_wconf 91' lang='lat' dir='ltr'><strong>non</strong></span> <span class='ocrx_word' id='word_1_712' title='bbox 2468 3366 2692 3429; x_wconf 80' lang='lat' dir='ltr'><strong>fuerint,</strong></span> <span class='ocrx_word' id='word_1_713' title='bbox 2748 3362 2998 3433; x_wconf 80' lang='lat' dir='ltr'><strong>exemplo</strong></span> <span class='ocrx_word' id='word_1_714' title='bbox 3044 3375 3237 3416; x_wconf 88' lang='lat' dir='ltr'><strong>eorum</strong></span> <span class='ocrx_word' id='word_1_715' title='bbox 3270 3361 3363 3431; x_wconf 90' lang='lat' dir='ltr'><strong>qui</strong></span> <span class='ocrx_word' id='word_1_716' title='bbox 3395 3360 3447 3413; x_wconf 92' lang='lat' dir='ltr'><strong>in</strong></span> <span class='ocrx_word' id='word_1_717' title='bbox 3501 3374 3629 3415; x_wconf 86' lang='lat' dir='ltr'><strong>eum</strong></span> 
     </span>
    </p>
   </div>
   <div class='ocr_carea' id='block_1_95' title="bbox 2029 3452 3626 3527">
    <p class='ocr_par' dir='ltr' id='par_1_95' title="bbox 2029 3452 3626 3527">
     <span class='ocr_line' id='line_1_95' title="bbox 2029 3452 3626 3527; baseline -0.007 -9"><span class='ocrx_word' id='word_1_718' title='bbox 2029 3463 2405 3519; x_wconf 86' lang='lat' dir='ltr'><strong>crediderant:</strong></span> <span class='ocrx_word' id='word_1_719' title='bbox 2445 3459 2490 3514; x_wconf 92' lang='lat' dir='ltr'><strong>is</strong></span> <span class='ocrx_word' id='word_1_720' title='bbox 2522 3457 2840 3527; x_wconf 88' lang='lat' dir='ltr'><strong>neutiquam</strong></span> <span class='ocrx_word' id='word_1_721' title='bbox 2877 3471 2906 3510; x_wconf 87' lang='lat' dir='ltr'><strong>a</strong></span> <span class='ocrx_word' id='word_1_722' title='bbox 2936 3469 3067 3511; x_wconf 89' lang='lat' dir='ltr'><strong>vero</strong></span> <span class='ocrx_word' id='word_1_723' title='bbox 3095 3454 3454 3510; x_wconf 86' lang='lat' dir='ltr'><strong>aberraverit.</strong></span> <span class='ocrx_word' id='word_1_724' title='bbox 3494 3452 3626 3507; x_wconf 81' lang='lat' dir='ltr'><strong>Nam</strong></span> 
     </span>
    </p>
   </div>
   <div class='ocr_carea' id='block_1_96' title="bbox 2028 3546 3629 3616">
    <p class='ocr_par' dir='ltr' id='par_1_96' title="bbox 2028 3546 3629 3616">
     <span class='ocr_line' id='line_1_96' title="bbox 2028 3546 3629 3616; baseline -0.009 -4"><span class='ocrx_word' id='word_1_725' title='bbox 2028 3564 2084 3612; x_wconf 85' lang='lat' dir='ltr'><strong>et</strong></span> <span class='ocrx_word' id='word_1_726' title='bbox 2121 3555 2227 3611; x_wconf 85' lang='lat' dir='ltr'><strong>hoc</strong></span> <span class='ocrx_word' id='word_1_727' title='bbox 2262 3553 2340 3608; x_wconf 89' lang='lat' dir='ltr'><strong>eis</strong></span> <span class='ocrx_word' id='word_1_728' title='bbox 2360 3551 2579 3607; x_wconf 88' lang='lat' dir='ltr'><strong>accidit.</strong></span> <span class='ocrx_word' id='word_1_729' title='bbox 2616 3550 2890 3604; x_wconf 66' lang='lat' dir='ltr'><strong>Caeterum</strong></span> <span class='ocrx_word' id='word_1_730' title='bbox 2913 3549 2966 3602; x_wconf 78' lang='lat' dir='ltr'><strong>lii</strong></span> <span class='ocrx_word' id='word_1_731' title='bbox 2997 3549 3088 3616; x_wconf 89' lang='lat' dir='ltr'><strong>qui</strong></span> <span class='ocrx_word' id='word_1_732' title='bbox 3114 3547 3476 3609; x_wconf 90' lang='lat' dir='ltr'><strong>descendunt,</strong></span> <span class='ocrx_word' id='word_1_733' title='bbox 3508 3546 3629 3614; x_wconf 83' lang='lat' dir='ltr'><strong>qui-</strong></span> 
     </span>
    </p>
   </div>
   <div class='ocr_carea' id='block_1_97' title="bbox 2030 3636 3630 3714">
    <p class='ocr_par' dir='ltr' id='par_1_97' title="bbox 2030 3636 3630 3714">
     <span class='ocr_line' id='line_1_97' title="bbox 2030 3636 3630 3714; baseline -0.006 -12"><span class='ocrx_word' id='word_1_734' title='bbox 2030 3646 2131 3702; x_wconf 87' lang='lat' dir='ltr'><strong>bus</strong></span> <span class='ocrx_word' id='word_1_735' title='bbox 2151 3645 2264 3714; x_wconf 91' lang='lat' dir='ltr'><strong>ipse</strong></span> <span class='ocrx_word' id='word_1_736' title='bbox 2292 3644 2428 3698; x_wconf 87' lang='lat' dir='ltr'><strong>adeo</strong></span> <span class='ocrx_word' id='word_1_737' title='bbox 2469 3641 2715 3696; x_wconf 77' lang='lat' dir='ltr'><strong>infernus</strong></span> <span class='ocrx_word' id='word_1_738' title='bbox 2748 3655 2901 3696; x_wconf 88' lang='lat' dir='ltr'><strong>suam</strong></span> <span class='ocrx_word' id='word_1_739' title='bbox 2934 3640 3171 3694; x_wconf 85' lang='lat' dir='ltr'><strong>animam</strong></span> <span class='ocrx_word' id='word_1_740' title='bbox 3195 3639 3404 3702; x_wconf 82' lang='lat' dir='ltr'><strong>dilatat,</strong></span> <span class='ocrx_word' id='word_1_741' title='bbox 3431 3636 3545 3707; x_wconf 77' lang='lat'><strong>90</strong></span> <span class='ocrx_word' id='word_1_742' title='bbox 3572 3645 3630 3692; x_wconf 84' lang='lat' dir='ltr'><strong>et</strong></span> 
     </span>
    </p>
   </div>
   <div class='ocr_carea' id='block_1_98' title="bbox 2028 3731 3625 3805">
    <p class='ocr_par' dir='ltr' id='par_1_98' title="bbox 2028 3731 3625 3805">
     <span class='ocr_line' id='line_1_98' title="bbox 2028 3731 3625 3805; baseline -0.009 -11"><span class='ocrx_word' id='word_1_743' title='bbox 2028 3753 2091 3794; x_wconf 90' lang='lat' dir='ltr'><strong>os</strong></span> <span class='ocrx_word' id='word_1_744' title='bbox 2119 3735 2469 3793; x_wconf 88' lang='lat' dir='ltr'><strong>insaturabile</strong></span> <span class='ocrx_word' id='word_1_745' title='bbox 2509 3735 2737 3805; x_wconf 88' lang='lat' dir='ltr'><strong>aperiet,</strong></span> <span class='ocrx_word' id='word_1_746' title='bbox 2780 3734 3003 3804; x_wconf 91' lang='lat' dir='ltr'><strong>quinam</strong></span> <span class='ocrx_word' id='word_1_747' title='bbox 3073 3731 3446 3796; x_wconf 75' lang='lat' dir='ltr'><strong>intelligantur</strong></span> <span class='ocrx_word' id='word_1_748' title='bbox 3481 3744 3625 3795; x_wconf 86' lang='lat' dir='ltr'><strong>esse,</strong></span> 
     </span>
    </p>
   </div>
   <div class='ocr_carea' id='block_1_99' title="bbox 2028 3818 3612 3902">
    <p class='ocr_par' dir='ltr' id='par_1_99' title="bbox 2028 3818 3612 3902">
     <span class='ocr_line' id='line_1_99' title="bbox 2028 3818 3612 3902; baseline -0.008 -18"><span class='ocrx_word' id='word_1_749' title='bbox 2028 3830 2206 3902; x_wconf 81' lang='lat' dir='ltr'><strong>pergit</strong></span> <span class='ocrx_word' id='word_1_750' title='bbox 2247 3842 2413 3899; x_wconf 90' lang='lat' dir='ltr'><strong>porro</strong></span> <span class='ocrx_word' id='word_1_751' title='bbox 2458 3827 2770 3891; x_wconf 88' lang='lat' dir='ltr'><strong>ostendere,</strong></span> <span class='ocrx_word' id='word_1_752' title='bbox 2819 3841 2944 3881; x_wconf 86' lang='lat' dir='ltr'><strong>cum</strong></span> <span class='ocrx_word' id='word_1_753' title='bbox 2986 3825 3093 3878; x_wconf 84' lang='lat' dir='ltr'><strong>ait:</strong></span> <span class='ocrx_word' id='word_1_754' title='bbox 3131 3822 3370 3887; x_wconf 78' lang='lat' dir='ltr'><strong>Nobiles,</strong></span> <span class='ocrx_word' id='word_1_755' title='bbox 3407 3818 3612 3888; x_wconf 82' lang='lat' dir='ltr'><strong>magni,</strong></span> 
     </span>
    </p>
   </div>
   <div class='ocr_carea' id='block_1_100' title="bbox 2029 3909 3624 3989">
    <p class='ocr_par' dir='ltr' id='par_1_100' title="bbox 2029 3909 3624 3989">
     <span class='ocr_line' id='line_1_100' title="bbox 2029 3909 3624 3989; baseline -0.009 -14"><span class='ocrx_word' id='word_1_756' title='bbox 2029 3921 2246 3987; x_wconf 81' lang='lat' dir='ltr'><strong>divites,</strong></span> <span class='ocrx_word' id='word_1_757' title='bbox 2273 3928 2330 3975; x_wconf 84' lang='lat' dir='ltr'><strong>et</strong></span> <span class='ocrx_word' id='word_1_758' title='bbox 2361 3928 2544 3989; x_wconf 85' lang='lat' dir='ltr'><strong>pestes</strong></span> <span class='ocrx_word' id='word_1_759' title='bbox 2575 3918 2718 3989; x_wconf 83' lang='lat' dir='ltr'><strong>ejus.</strong></span> <span class='ocrx_word' id='word_1_760' title='bbox 2760 3917 2894 3971; x_wconf 80' lang='lat' dir='ltr'><strong>Nam</strong></span> <span class='ocrx_word' id='word_1_761' title='bbox 2931 3932 3050 3970; x_wconf 88' lang='lat' dir='ltr'><strong>cum</strong></span> <span class='ocrx_word' id='word_1_762' title='bbox 3082 3917 3247 3969; x_wconf 86' lang='lat' dir='ltr'><strong>totius</strong></span> <span class='ocrx_word' id='word_1_763' title='bbox 3275 3912 3513 3981; x_wconf 86' lang='lat' dir='ltr'><strong>regionis</strong></span> <span class='ocrx_word' id='word_1_764' title='bbox 3543 3909 3624 3963; x_wconf 78' lang='lat' dir='ltr'><strong>fa-</strong></span> 
     </span>
    </p>
   </div>
   <div class='ocr_carea' id='block_1_101' title="bbox 2029 4007 3628 4083">
    <p class='ocr_par' dir='ltr' id='par_1_101' title="bbox 2029 4007 3628 4083">
     <span class='ocr_line' id='line_1_101' title="bbox 2029 4007 3628 4083; baseline -0.009 -14"><span class='ocrx_word' id='word_1_765' title='bbox 2029 4013 2132 4069; x_wconf 90' lang='lat' dir='ltr'><strong>cile</strong></span> <span class='ocrx_word' id='word_1_766' title='bbox 2159 4012 2432 4083; x_wconf 87' lang='lat' dir='ltr'><strong>principes</strong></span> <span class='ocrx_word' id='word_1_767' title='bbox 2459 4009 2785 4066; x_wconf 77' lang='lat' dir='ltr'><strong>exsisterent</strong></span> <span class='ocrx_word' id='word_1_768' title='bbox 2840 4018 2896 4062; x_wconf 92' lang='lat' dir='ltr'><strong>et</strong></span> <span class='ocrx_word' id='word_1_769' title='bbox 2960 4007 3290 4075; x_wconf 80' lang='lat' dir='ltr'><strong>insigniores</strong></span> <span class='ocrx_word' id='word_1_770' title='bbox 3313 4041 3328 4064; x_wconf 93' lang='lat'><strong>,</strong></span> <span class='ocrx_word' id='word_1_771' title='bbox 3371 4016 3469 4070; x_wconf 88' lang='lat' dir='ltr'><strong>par</strong></span> <span class='ocrx_word' id='word_1_772' title='bbox 3506 4010 3628 4055; x_wconf 88' lang='lat' dir='ltr'><strong>erat</strong></span> 
     </span>
    </p>
   </div>
   <div class='ocr_carea' id='block_1_102' title="bbox 2029 4094 3627 4167">
    <p class='ocr_par' dir='ltr' id='par_1_102' title="bbox 2029 4094 3627 4167">
     <span class='ocr_line' id='line_1_102' title="bbox 2029 4094 3627 4167; baseline -0.008 -8"><span class='ocrx_word' id='word_1_773' title='bbox 2029 4115 2088 4160; x_wconf 93' lang='lat' dir='ltr'><strong>ut</strong></span> <span class='ocrx_word' id='word_1_774' title='bbox 2127 4104 2325 4159; x_wconf 82' lang='lat' dir='ltr'><strong>subditi</strong></span> <span class='ocrx_word' id='word_1_775' title='bbox 2360 4102 2686 4157; x_wconf 91' lang='lat' dir='ltr'><strong>rudimentis</strong></span> <span class='ocrx_word' id='word_1_776' title='bbox 2731 4099 3092 4167; x_wconf 67' lang='lat' dir='ltr'><strong>paedagogicis</strong></span> <span class='ocrx_word' id='word_1_777' title='bbox 3130 4111 3228 4164; x_wconf 90' lang='lat' dir='ltr'><strong>per</strong></span> <span class='ocrx_word' id='word_1_778' title='bbox 3266 4094 3388 4147; x_wconf 89' lang='lat' dir='ltr'><strong>illos</strong></span> <span class='ocrx_word' id='word_1_779' title='bbox 3413 4096 3519 4147; x_wconf 86' lang='lat' dir='ltr'><strong>rite</strong></span> <span class='ocrx_word' id='word_1_780' title='bbox 3543 4094 3627 4147; x_wconf 81' lang='lat' dir='ltr'><strong>in-</strong></span> 
     </span>
    </p>
   </div>
   <div class='ocr_carea' id='block_1_103' title="bbox 2029 4184 3624 4258">
    <p class='ocr_par' dir='ltr' id='par_1_103' title="bbox 2029 4184 3624 4258">
     <span class='ocr_line' id='line_1_103' title="bbox 2029 4184 3624 4258; baseline -0.006 -9"><span class='ocrx_word' id='word_1_781' title='bbox 2029 4195 2418 4249; x_wconf 88' lang='lat' dir='ltr'><strong>stituerentur:</strong></span> <span class='ocrx_word' id='word_1_782' title='bbox 2475 4190 2618 4258; x_wconf 91' lang='lat' dir='ltr'><strong>quod</strong></span> <span class='ocrx_word' id='word_1_783' title='bbox 2685 4187 2758 4240; x_wconf 92' lang='lat' dir='ltr'><strong>illi</strong></span> <span class='ocrx_word' id='word_1_784' title='bbox 2815 4188 3034 4255; x_wconf 91' lang='lat' dir='ltr'><strong>quidem</strong></span> <span class='ocrx_word' id='word_1_785' title='bbox 3089 4186 3316 4239; x_wconf 90' lang='lat' dir='ltr'><strong>minime</strong></span> <span class='ocrx_word' id='word_1_786' title='bbox 3357 4184 3624 4239; x_wconf 81' lang='lat' dir='ltr'><strong>fecerant.</strong></span> 
     </span>
    </p>
   </div>
   <div class='ocr_carea' id='block_1_104' title="bbox 2030 4277 3627 4357">
    <p class='ocr_par' dir='ltr' id='par_1_104' title="bbox 2030 4277 3627 4357">
     <span class='ocr_line' id='line_1_104' title="bbox 2030 4277 3627 4357; baseline -0.005 -18"><span class='ocrx_word' id='word_1_787' title='bbox 2030 4285 2166 4357; x_wconf 82' lang='lat' dir='ltr'><strong>Typi</strong></span> <span class='ocrx_word' id='word_1_788' title='bbox 2203 4283 2404 4352; x_wconf 87' lang='lat' dir='ltr'><strong>quippe</strong></span> <span class='ocrx_word' id='word_1_789' title='bbox 2442 4291 2497 4336; x_wconf 88' lang='lat' dir='ltr'><strong>et</strong></span> <span class='ocrx_word' id='word_1_790' title='bbox 2527 4279 2776 4349; x_wconf 75' lang='lat' dir='ltr'><strong>exempla</strong></span> <span class='ocrx_word' id='word_1_791' title='bbox 2812 4277 3036 4332; x_wconf 80' lang='lat' dir='ltr'><strong>fuerunt</strong></span> <span class='ocrx_word' id='word_1_792' title='bbox 3066 4278 3187 4333; x_wconf 88' lang='lat' dir='ltr'><strong>aliis</strong></span> <span class='ocrx_word' id='word_1_793' title='bbox 3214 4279 3337 4332; x_wconf 76' lang='lat' dir='ltr'><strong>vita:</strong></span> <span class='ocrx_word' id='word_1_794' title='bbox 3368 4293 3627 4333; x_wconf 78' lang='lat' dir='ltr'><strong>exsecra-</strong></span> 
     </span>
    </p>
   </div>
   <div class='ocr_carea' id='block_1_105' title="bbox 2028 4367 3628 4444">
    <p class='ocr_par' dir='ltr' id='par_1_105' title="bbox 2028 4367 3628 4444">
     <span class='ocr_line' id='line_1_105' title="bbox 2028 4367 3628 4444; baseline -0.006 -13"><span class='ocrx_word' id='word_1_795' title='bbox 2028 4376 2186 4431; x_wconf 90' lang='lat' dir='ltr'><strong>bilis:</strong></span> <span class='ocrx_word' id='word_1_796' title='bbox 2223 4388 2358 4444; x_wconf 90' lang='lat' dir='ltr'><strong>qnos</strong></span> <span class='ocrx_word' id='word_1_797' title='bbox 2385 4386 2597 4426; x_wconf 90' lang='lat' dir='ltr'><strong>sacrum</strong></span> <span class='ocrx_word' id='word_1_798' title='bbox 2633 4369 2912 4424; x_wconf 89' lang='lat' dir='ltr'><strong>oraculum</strong></span> <span class='ocrx_word' id='word_1_799' title='bbox 2941 4369 3141 4424; x_wconf 84' lang='lat' dir='ltr'><strong>alicubi</strong></span> <span class='ocrx_word' id='word_1_800' title='bbox 3178 4368 3425 4424; x_wconf 83' lang='lat' dir='ltr'><strong>aﬂ&#39;atur:</strong></span> <span class='ocrx_word' id='word_1_801' title='bbox 3466 4389 3483 4420; x_wconf 82' lang='grc' dir='ltr'><strong>ι</strong></span> <span class='ocrx_word' id='word_1_802' title='bbox 3522 4367 3628 4423; x_wconf 79' lang='lat' dir='ltr'><strong>La-</strong></span> 
     </span>
    </p>
   </div>
   <div class='ocr_carea' id='block_1_106' title="bbox 1960 4461 3628 4544">
    <p class='ocr_par' dir='ltr' id='par_1_106' title="bbox 1960 4461 3628 4544">
     <span class='ocr_line' id='line_1_106' title="bbox 1960 4461 3628 4544; baseline -0.005 -24"><span class='ocrx_word' id='word_1_803' title='bbox 1960 4490 2002 4544; x_wconf 73' lang='grc' dir='ltr'>ο</span> <span class='ocrx_word' id='word_1_804' title='bbox 2031 4482 2203 4538; x_wconf 84' lang='lat' dir='ltr'><strong>queus</strong></span> <span class='ocrx_word' id='word_1_805' title='bbox 2240 4464 2369 4519; x_wconf 83' lang='lat' dir='ltr'><strong>facti</strong></span> <span class='ocrx_word' id='word_1_806' title='bbox 2400 4464 2535 4519; x_wconf 89' lang='lat' dir='ltr'><strong>estis</strong></span> <span class='ocrx_word' id='word_1_807' title='bbox 2580 4462 2963 4532; x_wconf 88' lang='lat' dir='ltr'><strong>speculationi,</strong></span> <span class='ocrx_word' id='word_1_808' title='bbox 2994 4471 3047 4517; x_wconf 92' lang='lat' dir='ltr'><strong>et</strong></span> <span class='ocrx_word' id='word_1_809' title='bbox 3078 4461 3230 4515; x_wconf 91' lang='lat' dir='ltr'><strong>velut</strong></span> <span class='ocrx_word' id='word_1_810' title='bbox 3280 4471 3391 4515; x_wconf 89' lang='lat' dir='ltr'><strong>rete</strong></span> <span class='ocrx_word' id='word_1_811' title='bbox 3419 4475 3628 4528; x_wconf 70' lang='lat' dir='ltr'><strong>expan-</strong></span> 
     </span>
    </p>
   </div>
   <div class='ocr_carea' id='block_1_107' title="bbox 2035 4548 3626 4626">
    <p class='ocr_par' dir='ltr' id='par_1_107' title="bbox 2035 4548 3626 4626">
     <span class='ocr_line' id='line_1_107' title="bbox 2035 4548 3626 4626; baseline -0.006 -14"><span class='ocrx_word' id='word_1_812' title='bbox 2035 4573 2153 4613; x_wconf 91' lang='lat' dir='ltr'><strong>sum</strong></span> <span class='ocrx_word' id='word_1_813' title='bbox 2188 4571 2351 4626; x_wconf 87' lang='lat' dir='ltr'><strong>super</strong></span> <span class='ocrx_word' id='word_1_814' title='bbox 2408 4553 2700 4625; x_wconf 82' lang='lat' dir='ltr'><strong>ltabyrion,</strong></span> <span class='ocrx_word' id='word_1_815' title='bbox 2736 4553 2862 4623; x_wconf 89' lang='lat' dir='ltr'><strong>quia</strong></span> <span class='ocrx_word' id='word_1_816' title='bbox 2909 4560 3176 4608; x_wconf 72' lang='lat' dir='ltr'><strong>venantes</strong></span> <span class='ocrx_word' id='word_1_817' title='bbox 3221 4550 3390 4603; x_wconf 81' lang='lat' dir='ltr'><strong>feram</strong></span> <span class='ocrx_word' id='word_1_818' title='bbox 3416 4548 3626 4602; x_wconf 68' lang='lat' dir='ltr'><strong>deﬁxe-</strong></span> 
     </span>
    </p>
   </div>
   <div class='ocr_carea' id='block_1_108' title="bbox 2037 4639 3624 4717">
    <p class='ocr_par' dir='ltr' id='par_1_108' title="bbox 2037 4639 3624 4717">
     <span class='ocr_line' id='line_1_108' title="bbox 2037 4639 3624 4717; baseline -0.008 -12"><span class='ocrx_word' id='word_1_819' title='bbox 2037 4650 2280 4706; x_wconf 71' lang='lat' dir='ltr'><strong>runt&quot;.i</strong></span> <span class='ocrx_word' id='word_1_820' title='bbox 2342 4647 2580 4703; x_wconf 76' lang='lat' dir='ltr'><strong>Videsne</strong></span> <span class='ocrx_word' id='word_1_821' title='bbox 2636 4661 2744 4717; x_wconf 92' lang='lat' dir='ltr'><strong>quo</strong></span> <span class='ocrx_word' id='word_1_822' title='bbox 2775 4648 3005 4715; x_wconf 88' lang='lat' dir='ltr'><strong>laqueus</strong></span> <span class='ocrx_word' id='word_1_823' title='bbox 3062 4655 3116 4699; x_wconf 91' lang='lat' dir='ltr'><strong>et</strong></span> <span class='ocrx_word' id='word_1_824' title='bbox 3154 4644 3338 4712; x_wconf 83' lang='lat' dir='ltr'><strong>pedica</strong></span> <span class='ocrx_word' id='word_1_825' title='bbox 3399 4639 3624 4708; x_wconf 80' lang='lat' dir='ltr'><strong>reliquis</strong></span> 
     </span>
    </p>
   </div>
   <div class='ocr_carea' id='block_1_109' title="bbox 2035 4729 3625 4810">
    <p class='ocr_par' dir='ltr' id='par_1_109' title="bbox 2035 4729 3625 4810">
     <span class='ocr_line' id='line_1_109' title="bbox 2035 4729 3625 4810; baseline -0.009 -12"><span class='ocrx_word' id='word_1_826' title='bbox 2035 4743 2281 4798; x_wconf 83' lang='lat' dir='ltr'><strong>fuerint?</strong></span> <span class='ocrx_word' id='word_1_827' title='bbox 2325 4741 2592 4796; x_wconf 79' lang='lat' dir='ltr'><strong>Nimirum</strong></span> <span class='ocrx_word' id='word_1_828' title='bbox 2667 4738 3048 4810; x_wconf 56' lang='lat' dir='ltr'><strong>praefectorum</strong></span> <span class='ocrx_word' id='word_1_829' title='bbox 3119 4735 3479 4803; x_wconf 89' lang='lat' dir='ltr'><strong>probitatem,</strong></span> <span class='ocrx_word' id='word_1_830' title='bbox 3539 4729 3625 4786; x_wconf 83' lang='lat' dir='ltr'><strong>vel</strong></span> 
     </span>
    </p>
   </div>
   <div class='ocr_carea' id='block_1_110' title="bbox 2025 4831 3628 4898">
    <p class='ocr_par' dir='ltr' id='par_1_110' title="bbox 2025 4831 3628 4898">
     <span class='ocr_line' id='line_1_110' title="bbox 2025 4831 3628 4898; baseline -0.009 -5"><span class='ocrx_word' id='word_1_831' title='bbox 2025 4837 2188 4893; x_wconf 86' lang='lat' dir='ltr'><strong>etiam</strong></span> <span class='ocrx_word' id='word_1_832' title='bbox 2244 4835 2547 4890; x_wconf 89' lang='lat' dir='ltr'><strong>socordiam</strong></span> <span class='ocrx_word' id='word_1_833' title='bbox 2596 4831 2796 4886; x_wconf 84' lang='lat' dir='ltr'><strong>imitari</strong></span> <span class='ocrx_word' id='word_1_834' title='bbox 2853 4831 3174 4898; x_wconf 88' lang='lat' dir='ltr'><strong>plerumque</strong></span> <span class='ocrx_word' id='word_1_835' title='bbox 3224 4833 3628 4880; x_wconf 85' lang='lat' dir='ltr'><strong>consueverunt</strong></span> 
     </span>
    </p>
   </div>
   <div class='ocr_carea' id='block_1_111' title="bbox 2029 4918 3614 4995">
    <p class='ocr_par' dir='ltr' id='par_1_111' title="bbox 2029 4918 3614 4995">
     <span class='ocr_line' id='line_1_111' title="bbox 2029 4918 3614 4995; baseline -0.006 -13"><span class='ocrx_word' id='word_1_836' title='bbox 2029 4927 2248 4982; x_wconf 87' lang='lat' dir='ltr'><strong>subditi.</strong></span> <span class='ocrx_word' id='word_1_837' title='bbox 2288 4925 2471 4995; x_wconf 89' lang='lat' dir='ltr'><strong>Itaque</strong></span> <span class='ocrx_word' id='word_1_838' title='bbox 2504 4939 2601 4978; x_wconf 90' lang='lat' dir='ltr'><strong>ceu</strong></span> <span class='ocrx_word' id='word_1_839' title='bbox 2649 4930 2902 4980; x_wconf 83' lang='lat' dir='ltr'><strong>auctores</strong></span> <span class='ocrx_word' id='word_1_840' title='bbox 2946 4928 3000 4975; x_wconf 91' lang='lat' dir='ltr'><strong>et</strong></span> <span class='ocrx_word' id='word_1_841' title='bbox 3045 4932 3222 4972; x_wconf 66' lang='lat' dir='ltr'><strong>causa!</strong></span> <span class='ocrx_word' id='word_1_842' title='bbox 3252 4918 3507 4972; x_wconf 87' lang='lat' dir='ltr'><strong>interitus</strong></span> <span class='ocrx_word' id='word_1_843' title='bbox 3555 4927 3614 4972; x_wconf 84' lang='lat' dir='ltr'><strong>et</strong></span> 
     </span>
    </p>
   </div>
   <div class='ocr_carea' id='block_1_112' title="bbox 2031 5011 3617 5085">
    <p class='ocr_par' dir='ltr' id='par_1_112' title="bbox 2031 5011 3617 5085">
     <span class='ocr_line' id='line_1_112' title="bbox 2031 5011 3617 5085; baseline -0.009 -11"><span class='ocrx_word' id='word_1_844' title='bbox 2031 5019 2133 5074; x_wconf 87' lang='lat' dir='ltr'><strong>sibi</strong></span> <span class='ocrx_word' id='word_1_845' title='bbox 2179 5018 2312 5085; x_wconf 89' lang='lat' dir='ltr'><strong>ipsis</strong></span> <span class='ocrx_word' id='word_1_846' title='bbox 2363 5026 2419 5070; x_wconf 91' lang='lat' dir='ltr'><strong>et</strong></span> <span class='ocrx_word' id='word_1_847' title='bbox 2442 5016 2562 5070; x_wconf 89' lang='lat' dir='ltr'><strong>aliis</strong></span> <span class='ocrx_word' id='word_1_848' title='bbox 2616 5013 2886 5076; x_wconf 84' lang='lat' dir='ltr'><strong>omnibus,</strong></span> <span class='ocrx_word' id='word_1_849' title='bbox 2944 5012 3102 5081; x_wconf 83' lang='lat' dir='ltr'><strong>primi</strong></span> <span class='ocrx_word' id='word_1_850' title='bbox 3155 5011 3508 5076; x_wconf 89' lang='lat' dir='ltr'><strong>descendent,</strong></span> <span class='ocrx_word' id='word_1_851' title='bbox 3560 5015 3617 5060; x_wconf 88' lang='lat' dir='ltr'><strong>et</strong></span> 
     </span>
    </p>
   </div>
   <div class='ocr_carea' id='block_1_113' title="bbox 2033 5097 3626 5179">
    <p class='ocr_par' dir='ltr' id='par_1_113' title="bbox 2033 5097 3626 5179">
     <span class='ocr_line' id='line_1_113' title="bbox 2033 5097 3626 5179; baseline -0.009 -16"><span class='ocrx_word' id='word_1_852' title='bbox 2033 5109 2338 5179; x_wconf 69' lang='lat' dir='ltr'><strong>praecipites</strong></span> <span class='ocrx_word' id='word_1_853' title='bbox 2374 5108 2530 5160; x_wconf 90' lang='lat' dir='ltr'><strong>ibunt</strong></span> <span class='ocrx_word' id='word_1_854' title='bbox 2564 5105 2632 5157; x_wconf 91' lang='lat' dir='ltr'><strong>ad</strong></span> <span class='ocrx_word' id='word_1_855' title='bbox 2687 5103 2913 5168; x_wconf 81' lang='lat' dir='ltr'><strong>inferos,</strong></span> <span class='ocrx_word' id='word_1_856' title='bbox 2964 5103 3144 5156; x_wconf 83' lang='lat' dir='ltr'><strong>divina</strong></span> <span class='ocrx_word' id='word_1_857' title='bbox 3205 5101 3286 5153; x_wconf 90' lang='lat' dir='ltr'><strong>ira</strong></span> <span class='ocrx_word' id='word_1_858' title='bbox 3332 5107 3457 5152; x_wconf 85' lang='lat' dir='ltr'><strong>ante</strong></span> <span class='ocrx_word' id='word_1_859' title='bbox 3491 5097 3626 5152; x_wconf 85' lang='lat' dir='ltr'><strong>alios</strong></span> 
     </span>
    </p>
   </div>
   <div class='ocr_carea' id='block_1_114' title="bbox 2033 5191 3623 5271">
    <p class='ocr_par' dir='ltr' id='par_1_114' title="bbox 2033 5191 3623 5271">
     <span class='ocr_line' id='line_1_114' title="bbox 2033 5191 3623 5271; baseline -0.007 -20"><span class='ocrx_word' id='word_1_860' title='bbox 2033 5199 2435 5271; x_wconf 83' lang='lat' dir='ltr'><strong>quodammodo</strong></span> <span class='ocrx_word' id='word_1_861' title='bbox 2492 5197 2546 5252; x_wconf 89' lang='lat' dir='ltr'><strong>in</strong></span> <span class='ocrx_word' id='word_1_862' title='bbox 2593 5196 2739 5266; x_wconf 91' lang='lat' dir='ltr'><strong>ipsos</strong></span> <span class='ocrx_word' id='word_1_863' title='bbox 2780 5196 3073 5249; x_wconf 88' lang='lat' dir='ltr'><strong>insiliente.</strong></span> <span class='ocrx_word' id='word_1_864' title='bbox 3126 5191 3426 5245; x_wconf 88' lang='lat' dir='ltr'><strong>Pnnientur</strong></span> <span class='ocrx_word' id='word_1_865' title='bbox 3471 5202 3623 5253; x_wconf 89' lang='lat' dir='ltr'><strong>vero,</strong></span> 
     </span>
    </p>
   </div>
   <div class='ocr_carea' id='block_1_115' title="bbox 2036 5284 3622 5363">
    <p class='ocr_par' dir='ltr' id='par_1_115' title="bbox 2036 5284 3622 5363">
     <span class='ocr_line' id='line_1_115' title="bbox 2036 5284 3622 5363; baseline -0.009 -16"><span class='ocrx_word' id='word_1_866' title='bbox 2036 5309 2138 5347; x_wconf 83' lang='lat' dir='ltr'><strong>ttnn</strong></span> <span class='ocrx_word' id='word_1_867' title='bbox 2187 5293 2316 5363; x_wconf 88' lang='lat' dir='ltr'><strong>quia</strong></span> <span class='ocrx_word' id='word_1_868' title='bbox 2375 5291 2571 5345; x_wconf 84' lang='lat' dir='ltr'><strong>divites</strong></span> <span class='ocrx_word' id='word_1_869' title='bbox 2628 5297 2681 5343; x_wconf 89' lang='lat' dir='ltr'><strong>et</strong></span> <span class='ocrx_word' id='word_1_870' title='bbox 2718 5287 2926 5342; x_wconf 90' lang='lat' dir='ltr'><strong>nobiles</strong></span> <span class='ocrx_word' id='word_1_871' title='bbox 2972 5294 3116 5351; x_wconf 89' lang='lat' dir='ltr'><strong>sunt,</strong></span> <span class='ocrx_word' id='word_1_872' title='bbox 3150 5284 3243 5338; x_wconf 91' lang='lat' dir='ltr'><strong>sed</strong></span> <span class='ocrx_word' id='word_1_873' title='bbox 3277 5284 3400 5350; x_wconf 85' lang='lat' dir='ltr'><strong>quia</strong></span> <span class='ocrx_word' id='word_1_874' title='bbox 3425 5288 3622 5350; x_wconf 88' lang='lat' dir='ltr'><strong>pestes,</strong></span> 
     </span>
    </p>
   </div>
   <div class='ocr_carea' id='block_1_116' title="bbox 2037 5373 3623 5452">
    <p class='ocr_par' dir='ltr' id='par_1_116' title="bbox 2037 5373 3623 5452">
     <span class='ocr_line' id='line_1_116' title="bbox 2037 5373 3623 5452; baseline -0.011 -10"><span class='ocrx_word' id='word_1_875' title='bbox 2037 5389 2086 5442; x_wconf 87' lang='lat' dir='ltr'><strong>id</strong></span> <span class='ocrx_word' id='word_1_876' title='bbox 2116 5399 2220 5452; x_wconf 84' lang='lat' dir='ltr'><strong>est,</strong></span> <span class='ocrx_word' id='word_1_877' title='bbox 2261 5387 2404 5440; x_wconf 87' lang='lat' dir='ltr'><strong>labes</strong></span> <span class='ocrx_word' id='word_1_878' title='bbox 2434 5393 2487 5440; x_wconf 89' lang='lat' dir='ltr'><strong>et</strong></span> <span class='ocrx_word' id='word_1_879' title='bbox 2512 5385 2629 5437; x_wconf 90' lang='lat' dir='ltr'><strong>lues</strong></span> <span class='ocrx_word' id='word_1_880' title='bbox 2679 5393 2788 5436; x_wconf 92' lang='lat' dir='ltr'><strong>tum</strong></span> <span class='ocrx_word' id='word_1_881' title='bbox 2816 5382 2896 5435; x_wconf 88' lang='lat' dir='ltr'><strong>sui</strong></span> <span class='ocrx_word' id='word_1_882' title='bbox 2934 5380 3199 5447; x_wconf 89' lang='lat' dir='ltr'><strong>ipsorum,</strong></span> <span class='ocrx_word' id='word_1_883' title='bbox 3236 5374 3313 5429; x_wconf 93' lang='lat' dir='ltr'><strong>uti</strong></span> <span class='ocrx_word' id='word_1_884' title='bbox 3351 5373 3485 5436; x_wconf 81' lang='lat' dir='ltr'><strong>dixi,</strong></span> <span class='ocrx_word' id='word_1_885' title='bbox 3511 5380 3623 5426; x_wconf 86' lang='lat' dir='ltr'><strong>tum</strong></span> 
     </span>
    </p>
   </div>
   <div class='ocr_carea' id='block_1_117' title="bbox 2038 5461 3624 5548">
    <p class='ocr_par' dir='ltr' id='par_1_117' title="bbox 2038 5461 3624 5548">
     <span class='ocr_line' id='line_1_117' title="bbox 2038 5461 3624 5548; baseline -0.011 -18"><span class='ocrx_word' id='word_1_886' title='bbox 2038 5477 2214 5548; x_wconf 83' lang='lat' dir='ltr'><strong>gregis</strong></span> <span class='ocrx_word' id='word_1_887' title='bbox 2269 5475 2526 5530; x_wconf 82' lang='lat' dir='ltr'><strong>universi.</strong></span> <span class='ocrx_word' id='word_1_888' title='bbox 2570 5473 2654 5538; x_wconf 91' lang='lat' dir='ltr'><strong>lli,</strong></span> <span class='ocrx_word' id='word_1_889' title='bbox 2700 5472 2894 5540; x_wconf 90' lang='lat' dir='ltr'><strong>inquit,</strong></span> <span class='ocrx_word' id='word_1_890' title='bbox 2946 5469 3034 5539; x_wconf 89' lang='lat' dir='ltr'><strong>qui</strong></span> <span class='ocrx_word' id='word_1_891' title='bbox 3066 5480 3259 5536; x_wconf 79' lang='lat' dir='ltr'><strong>magno</strong></span> <span class='ocrx_word' id='word_1_892' title='bbox 3294 5473 3506 5519; x_wconf 88' lang='lat' dir='ltr'><strong>tumore</strong></span> <span class='ocrx_word' id='word_1_893' title='bbox 3540 5461 3624 5515; x_wconf 86' lang='lat' dir='ltr'><strong>in-</strong></span> 
     </span>
    </p>
   </div>
   <div class='ocr_carea' id='block_1_118' title="bbox 2042 5552 3624 5634">
    <p class='ocr_par' dir='ltr' id='par_1_118' title="bbox 2042 5552 3624 5634">
     <span class='ocr_line' id='line_1_118' title="bbox 2042 5552 3624 5634; baseline -0.012 -9"><span class='ocrx_word' id='word_1_894' title='bbox 2042 5569 2148 5625; x_wconf 82' lang='lat' dir='ltr'><strong>ﬂati</strong></span> <span class='ocrx_word' id='word_1_895' title='bbox 2202 5577 2347 5634; x_wconf 89' lang='lat' dir='ltr'><strong>sunt,</strong></span> <span class='ocrx_word' id='word_1_896' title='bbox 2395 5565 2688 5623; x_wconf 80' lang='lat' dir='ltr'><strong>reddentur</strong></span> <span class='ocrx_word' id='word_1_897' title='bbox 2741 5561 2935 5631; x_wconf 79' lang='lat' dir='ltr'><strong>abiecti</strong></span> <span class='ocrx_word' id='word_1_898' title='bbox 2995 5567 3048 5616; x_wconf 84' lang='lat' dir='ltr'><strong>et</strong></span> <span class='ocrx_word' id='word_1_899' title='bbox 3091 5554 3419 5615; x_wconf 84' lang='lat' dir='ltr'><strong>inhonorati.</strong></span> <span class='ocrx_word' id='word_1_900' title='bbox 3446 5552 3624 5622; x_wconf 82' lang='lat' dir='ltr'><strong>Quem</strong></span> 
     </span>
    </p>
   </div>
  </div>
