4132 6316
514 322 623 378 155

1507 323 1565 378 3.
1604 321 1883 379 CYRILIJ
1922 322 2392 381 ALEXANDRINI
2431 325 2751 383 ARCHIEP.

3681 318 3782 373 136

515 436 661 489 enim
697 431 890 489 mortis
929 440 1108 488 terror
1133 447 1238 488 non
1273 435 1618 503 prosternet?
1648 435 1738 489 Vel
1776 449 1934 500 quem
1950 433 2085 489 ‘ocu-

2201 434 2258 488 δὲ
2280 435 2493 504 μεγάλα
2518 434 2816 502 φυσῶντες,
2852 429 3038 502 φησὶν,
3063 428 3279 483 ισονται
3314 430 3780 498 τεταπεινωμένοι

521 527 631 578 lum
676 525 876 580 elatum
909 532 962 579 et
985 524 1148 578 altum
1192 525 1578 594 suspicientem
1629 525 1808 594 gravis
1835 525 2101 578 etintole-

525 617 695 670 randa
753 617 1034 672 calamitas
1083 617 1322 687 quietum
1371 627 1427 670 et
1453 618 1685 687 sopitum
1709 632 1814 671 non
1873 617 2101 671 reddet?

516 707 667 772 llmc,
701 708 908 774 inquit,
956 710 1136 762 omnia
1169 707 1258 761 ubi
1306 707 1609 773 evenerint,
1662 707 1948 762 extolletur
1989 707 2096 762 Do-

517 800 697 854 minus
750 798 986 853 Sabaoth
1022 799 1109 853 die
1145 799 1254 861 illa,
1285 799 1336 853 id
1379 808 1480 863 est,
1517 808 1626 852 tum
1657 800 1872 867 quando
1903 798 2014 853 inec
2033 801 2098 854 de

519 890 626 942 illis
661 891 919 956 przedicta
952 888 1016 942 ad
1053 890 1257 942 exitum
1301 890 1610 943 dei-urrcnt.
1650 887 1945 942 Extollitur
1971 902 2096 940 vero

517 979 776 1034 Dominus
824 979 1062 1035 Sabaoth
1116 982 1168 1035 in
1195 979 1399 1048 judicio
1437 989 1492 1034 et
1517 979 1750 1046 iustitia,
1780 994 1901 1032 cum
1946 989 2097 1032 recto

515 1085 614 1122 suo
641 1080 694 1125 et
725 1083 1072 1126 sacrosancto
1101 1073 1310 1126 calculo
1349 1072 1403 1124 in
1445 1073 1698 1140 populum
1724 1073 2012 1138 superbum
2044 1079 2099 1126 et

513 1159 914 1227 voluptuarium
981 1160 1388 1213 animadvertit.
1445 1158 1609 1213 Proin
1652 1161 1892 1214 aversari
1937 1160 2098 1215 lasci-

515 1251 680 1315 viam,
709 1253 1003 1319 carnisque
1037 1251 1286 1304 libidines
1337 1250 1556 1304 inutiles
1601 1250 1684 1303 vel
1711 1251 1888 1317 potius
1924 1251 2099 1318 impu-

519 1342 765 1394 rissimas
795 1359 956 1410 quam
986 1343 1302 1412 longissime
1333 1341 1624 1411 proﬂigare
1667 1343 1998 1404 Studeamus,
2033 1357 2098 1398 ne

516 1436 708 1477 emitra
744 1427 961 1481 insultet
1009 1429 1164 1483 nobis
1211 1427 1455 1483 infernus
1508 1430 1868 1497 inexplebilis.
1906 1431 2096 1487 Memi-

519 1517 697 1570 nimus
736 1520 878 1571 enim
929 1521 1268 1574 Serratorem
1309 1522 1553 1577 divisse:
1599 1540 1616 1574 ι
1662 1521 1748 1577 Vm
1776 1523 1926 1577 vobis
1963 1527 2098 1579 divi-

520 1607 687 1673 tibus,
710 1610 833 1679 quia
885 1611 1097 1665 habetis
1148 1613 1572 1668 consolationem
1617 1625 1848 1669 vestram
1893 1616 1995 1667 ⁸³.»
2035 1617 2097 1670 lit

521 1714 742 1755 rursus:
784 1721 800 1752 ι
835 1701 979 1756 Beati
1020 1704 1108 1773 qui
1137 1704 1329 1774 lugetis
1374 1721 1534 1771 nunc,
1572 1709 1696 1776 quia
1728 1708 2089 1765 riilcliitis’°.o

2204 526 2301 578 καὶ
2323 527 2525 596 ἄτιμοι.
2550 527 2659 578 Καὶ
2687 524 2805 578 τινα
2835 522 2946 593 γάρ
2977 521 3040 574 ού
3070 518 3426 574 ταπεινοῖτοῦ
3464 519 3696 573 θανάτου
3717 520 3782 574 τὸ

2201 615 2393 686 δεῖμα;
2431 619 2502 670 Ἦ
2537 618 2689 670 ποῖον
2721 613 3000 684 ὀφθαλμὸν
3027 610 3336 681 ἐπηρμένον
3379 611 3474 664 καὶ
3511 611 3625 664 ἄνω
3663 611 3782 681 βλέο

2203 723 2373 761 ποντα
2393 707 2540 778 δεινὴ
2561 709 2656 760 καὶ
2687 705 2746 758 δύ
2757 721 2964 766 σοιστος
2993 703 3052 755 ού
3081 703 3460 772 κατακοιμίζει
3483 719 3548 754 συ
3557 704 3778 772 μιρορά;

2202 799 2420 853 Τούτων
2452 801 2532 864 δὲ,
2572 799 2760 870 φησὶν,
2797 797 3053 850 ἁπάντων
3087 792 3517 864 συμϐεϐηκότων
3554 793 3780 862 ὑψωθή-

2203 905 2356 942 σεται
2388 888 2590 958 Κύριος
2623 885 2873 951 Σαϐαὼθ,
2914 886 2970 937 ἐν
3021 886 3086 954 τῇ
3137 884 3321 954 ἡμέρᾳ
3361 883 3580 954 ἐκείνῃ,
3632 881 3778 935 τοῦτ’

2201 979 2336 1043 ἐστι,
2367 981 2486 1033 κατ’
2514 981 2690 1031 ἐκεῖνο
2715 976 2810 1030 τοῦ
2840 975 3062 1045 καιροῦ,
3101 973 3222 1028 καθ’
3246 974 3304 1026 ὃν
3331 976 3413 1036 εἰς
3441 973 3615 1043 πέρας
3645 973 3778 1044 δραι

2204 1074 2385 1141 μεῖται
2418 1070 2486 1122 τὰ
2532 1070 2619 1122 ἐπ’
2659 1070 2842 1132 αὐτοῖς
2891 1067 3372 1138 προηγορευμένα.
3420 1065 3684 1134 ’Υψοῦται
3721 1066 3781 1119 δὲ

2204 1162 2361 1232 μόνος
2386 1161 2590 1232 Κύριος
2617 1159 2842 1214 Σαϐαὼθ
2880 1161 2936 1211 ἐν
2966 1159 3217 1228 κρίματι,
3249 1158 3340 1210 καὶ
3361 1158 3419 1210 ἐν
3438 1156 3776 1228 δικαιοσύνῃ,

2200 1251 2274 1313 ὡς
2315 1250 2447 1321 ὀρθῇ
2495 1249 2587 1303 καὶ
2637 1250 2761 1320 ὁσία
2797 1251 2862 1318 τῇ
2914 1248 3082 1318 ψήφῳ
3129 1245 3365 1308 κολάσας
3405 1246 3494 1298 τὸν
3541 1245 3780 1308 ἀλαζόνα

2200 1339 2345 1404 λαὸν,
2395 1342 2486 1395 τὸν
2526 1340 2726 1409 ἀπειθῆ
2775 1341 2868 1392 καὶ
2919 1339 3222 1408 φιλήδονον.
3270 1337 3642 1406 Παραιτητὲον
3685 1333 3777 1391 οὖν

2200 1435 2309 1506 ἄρα
2354 1434 2454 1496 τὰς
2481 1434 2711 1503 τρυφὰς,
2758 1434 2850 1486 καὶ
2889 1432 2964 1494 ὡς
2989 1430 3264 1484 ἀπωτάτω
3299 1429 3572 1482 ποιεῖσθαι
3620 1446 3778 1484 σπου·

2199 1525 2448 1595 δάζωμεν
2470 1526 2567 1588 τὰς
2606 1525 2896 1594 ἀνονήτους
2931 1521 3322 1592 φιλοσαρκίας,
3357 1520 3557 1592 μᾶλλον
3587 1521 3644 1572 δέ
3678 1521 3776 1583 τὰς

2203 1616 2636 1685 μυσαρωτάτας,
2672 1615 2761 1666 ῖνα
2804 1613 2880 1683 μὴ
2915 1612 3314 1682 κατατρυφήσῃ
3340 1613 3432 1664 καὶ
3461 1611 3546 1678 ἐφ’
3580 1613 3714 1680 ἡμῖν
3747 1611 3777 1659 6

2525 1706 2547 1721 οι

2198 1706 2473 1776 ἄπληστος
2523 1706 2674 1777 ᾇδης.
2717 1704 3070 1775 Μεμνήμεθα
3103 1703 3212 1774 γὰρ
3250 1703 3345 1756 τοῦ
3384 1703 3638 1774 Σωτῆρος
3687 1704 3774 1756 λέ-

520 1789 738 1843 Desinet
781 1792 925 1844 enim
965 1792 1114 1845 labor
1167 1794 1218 1846 in
1249 1796 1506 1862 quietem,
1541 1805 1594 1849 et
1648 1797 1909 1853 bonorum
1941 1801 2085 1853 sudo

2207 1815 2426 1866 γοντοςο
2465 1818 2482 1850 ι
2515 1799 2653 1854 Οὐαὶ
2688 1799 2816 1868 ὑμῖν
2845 1800 2956 1859 τοῖς
2984 1794 3280 1859 πλουσίοις,
3313 1797 3394 1849 ὅτι
3424 1797 3657 1865 ἀπέχετε
3680 1796 3777 1867 τὴν

522 1895 636 1932 rum
667 1881 786 1935 linis
820 1883 1121 1950 voluptates
1156 1887 1468 1940 conciliabit
1490 1899 1750 1942 atternum
1774 1892 2085 1956 duraturas,

513 1967 649 2024 Nam
690 1973 822 2040 «qui
861 1977 1094 2029 seminat
1142 1977 1193 2030 in
1243 1992 1428 2042 carne,
1481 1987 1537 2032 et
1597 1995 1663 2033 ex
1707 1996 1872 2033 carne
1925 1991 2088 2038 metet

515 2061 815 2129 interitum,
840 2083 858 2116 ι
899 2064 1059 2120 sicuti
1095 2069 1352 2136 scriptum
1383 2078 1467 2123 est
1491 2070 1560 2134 ’⁸,
1597 2086 1616 2120 ι
1641 2079 1696 2124 et
1723 2073 1812 2139 qui
1856 2072 2089 2128 seminat

515 2152 571 2206 in
609 2155 823 2222 spiritu,
863 2164 918 2211 et
941 2172 1007 2210 ex
1046 2157 1239 2228 spiritu
1275 2168 1439 2215 metet
1469 2161 1627 2215 vitam
1659 2171 1972 2217 aeternam.»

2193 1891 2538 1961 παράκλησιν
2569 1889 2743 1959 ὑμῶν.
2781 1909 2797 1941 ι
2852 1889 2960 1942 Καὶ
2990 1889 3189 1952 πάλιν,
3225 1888 3306 1940 ὅτι
3345 1905 3364 1938 ι
3411 1888 3691 1958 Μακάριοι
3729 1889 3776 1941 οἰ

2188 1981 2508 2045 πενθοῦντες
2536 1981 2651 2044 νῦν,
2673 1984 2755 2036 ὅτι
2779 1981 3055 2051 γελάσετε·
3086 1999 3104 2032 ι
3133 1978 3422 2049 καταλήξει
3445 1980 3553 2049 γὰρ
3570 1981 3598 2032 6
3617 1980 3777 2043 πόνος

2188 2076 2268 2139 εις
2295 2073 2607 2146 ἀναψυχὴν,
2647 2075 2743 2129 καὶ
2773 2073 2994 2143 ἀγαθῶν
3025 2071 3266 2142 ἱδρώτων
3300 2071 3362 2124 τὸ
3399 2070 3608 2139 πέρας,
3641 2087 3776 2142 τρυ-

2193 2165 2298 2234 φῆς
2341 2165 2473 2235 ἡμῖν
2523 2164 2676 2218 ἔσται
2712 2163 2814 2233 τῆς
2851 2165 2929 2223 εἰς
2979 2161 3152 2215 αἰῶνα
3189 2161 3466 2236 πρόξενον.
3516 2179 3536 2214 ι
3576 2161 3634 2215 '0
3665 2161 3776 2234 γὰρ

514 2247 757 2318 σπείρων
808 2251 890 2314 εἰς
945 2251 1044 2321 τὴν
1096 2252 1305 2324 σάρκα,
1359 2256 1424 2308 ἐκ
1480 2257 1580 2326 τῆς
1633 2257 1835 2329 σαρκὸς
1878 2258 2082 2330 θερίσει
2159 2259 2386 2333 φθορὰν,
2426 2279 2445 2313 ι
2509 2259 2655 2313 καθὰ
2703 2259 3058 2329 γέγραπταιο
3105 2275 3124 2308 ι
3163 2257 3259 2310 καὶ
3303 2258 3333 2310 6
3407 2255 3650 2327 σπείρων
3696 2257 3776 2319 εἰς

506 2338 574 2392 τὸ
613 2340 861 2411 πνεῦμα,
907 2344 972 2397 ἐκ
1017 2344 1112 2398 τοῦ
1159 2345 1470 2417 πνεύματος
1513 2348 1717 2422 θερίσει
1757 2351 1904 2423 ζωὴν
1951 2353 2192 2406 αἰώνιον.
2241 2373 2260 2406 ι

580 2433 686 2503 91
723 2433 888 2491 Vsus.
929 2437 1016 2492 17.
1059 2437 1126 2491 Et
1154 2452 1434 2508 pascentur
1473 2443 1691 2511 direpti,
1725 2455 1780 2496 ut
1818 2447 1992 2511 tauri,
2033 2455 2083 2500 et

506 2523 820 2581 solitudines
849 2545 1040 2583 eorum.
1059 2531 1149 2600 qui
1176 2533 1317 2601 capti
1348 2543 1490 2598 sunt,
1522 2536 1646 2604 agni
1676 2536 2044 2604 deputantur.

581 2697 890 2754 Constituta
944 2701 1122 2756 adhuc
1173 2703 1390 2772 regione
1434 2703 1772 2770 Judaeorum,
1819 2708 2084 2776 rebusque

510 2791 766 2844 secundis
793 2789 1040 2856 ﬂorente,
1066 2802 1255 2846 contra
1289 2797 1548 2864 sanguine
1578 2794 1872 2852 Israelitico
1901 2800 2083 2853 oriun-

507 2885 612 2938 dos
646 2883 885 2937 iiuitimze
926 2895 1117 2955 gentes
1157 2886 1576 2956 belligerabaut;
1611 2889 1826 2958 Deoque
1867 2892 2084 2945 univer-

511 2974 691 3029 sitatis
727 2973 971 3029 Israclem
1008 2977 1160 3044 quasi
1198 2989 1353 3032 scuto
1388 2991 1728 3051 contegeute,
1768 2982 2088 3036 rebellantes

2259 2446 2364 2500 Kal
2401 2442 2902 2510 βοσκηοήσονται
2951 2445 3004 2496 οἱ
3038 2441 3478 2510 διηρπασμένα
3513 2441 3595 2507 ὡς
3633 2441 3776 2494 ταῦ-

2181 2553 2300 2604 ροι,
2345 2537 2442 2590 καὶ
2486 2536 2594 2601 τὰς
2632 2533 2891 2610 ἐρήμους
2937 2531 3056 2586 τῶν
3094 2533 3555 2602 ἀπειλημμένων
3597 2532 3777 2600 ἄρνες

2190 2628 2502 2697 φάγονται.

2259 2717 2608 2788 Συνεστώσης
2632 2719 2707 2771 ἔτι
2737 2719 2836 2788 τῆς
2868 2716 3133 2771 Ἰουδαίων
3156 2716 3340 2787 χώρας
3369 2717 3460 2769 καὶ
3486 2717 3545 2769 ἐν
3571 2717 3776 2787 ἀκμαῖς

2189 2809 2356 2882 οὔσης
2383 2811 2476 2863 τοῦ
2512 2812 2823 2880 εὐημερεῖν,
2849 2811 3115 2881 ἐμάχοντο
3147 2810 3246 2880 μὲν
3281 2811 3418 2880 πρὸς
3443 2812 3568 2872 τοὺς
3597 2809 3656 2875 ἐξ
3689 2811 3777 2864 αῖ-

2194 2917 2361 2971 ματος
2396 2899 2610 2971 Ἰσραὴλ
2638 2901 2707 2952 τὰ
2741 2902 2997 2972 περίοικα
3023 2900 3130 2954 τῶν
3165 2899 3354 2953 ἐθνῶν.
3373 2900 3589 2970 Ἐπειδὴ
3617 2900 3675 2952 δὲ
3708 2896 3792 2970 ἦν.

2188 2993 2216 3044 6
2247 2992 2354 3044 τῶν
2386 2992 2520 3044 ὅλων
2545 2991 2676 3054 Θεὸς
2706 2994 2733 3044 6
2764 2992 3110 3055 συνασπίςων
3139 2991 3217 3062 τῷ
3242 2992 3481 3062 Ἰσραὴλ,
3511 2993 3777 3064 κεκράτη-
3849 3062 3851 3064 η

512 3065 592 3120 sic
624 3066 844 3130 devicit,
881 3078 935 3121 ut
973 3083 1162 3123 oumes
1205 3070 1338 3124 citra
1385 3087 1615 3142 pugnam
1658 3076 1979 3144 expugnarit
2029 3086 2084 3129 et

2189 3101 2282 3138 κεν
2323 3083 2494 3148 οὕτως
2541 3086 2646 3138 τῶν
2690 3085 3101 3155 ἀνθεστηκότων
3135 3083 3209 3147 ὡς
3239 3085 3395 3154 νικᾷν
3426 3085 3650 3155 ἀμαχεὶ,
3683 3086 3779 3137 καὶ

511 3156 753 3228 fregerit,
786 3171 1067 3232 terrasque
1096 3178 1283 3218 eorum
1318 3165 1622 3234 diripuerit,
1659 3167 1823 3221 nrbes
1857 3169 2084 3237 pupula-

511 3259 597 3304 tus
626 3250 810 3313 fuerit,
840 3262 894 3306 et
925 3267 1011 3306 res
1038 3253 1241 3308 alienas
1267 3264 1520 3323 tauquam
1553 3267 1824 3326 potestate
1851 3262 2082 3327 quadam

507 3349 567 3393 et
615 3343 936 3396 auctoritate
982 3344 1224 3411 praediti,
1279 3345 1483 3409 tulerit,
1533 3347 1723 3414 egerit.
1779 3347 1848 3399 At
1894 3347 1984 3399 ubi
2029 3347 2080 3400 iu

509 3431 784 3484 Christum
809 3433 968 3499 impie
985 3444 1231 3503 egerunt,
1255 3434 1479 3489 Romani
1506 3437 1775 3490 exercitus
1799 3440 2082 3492 vastatiOui

512 3522 906 3590 direptiouique
932 3525 1160 3593 expositi
1193 3535 1348 3589 sunt,
1396 3525 1559 3580 nrbes
1590 3539 1875 3591 crematae,
1905 3520 2085 3582 omnia

509 3626 699 3666 eorum
732 3614 867 3668 bona
891 3616 1097 3685 direpta
1131 3633 1161 3670 a
1195 3617 1530 3674 victoribus:
1559 3618 1680 3672 dein
1717 3617 2082 3674 Butnanorum

511 3706 681 3773 copiis
705 3707 1122 3764 subduceutibus
1151 3724 1210 3764 se
1240 3725 1531 3778 parumper
1558 3725 1622 3764 ac
1642 3713 1971 3775 cedentibus,
1994 3714 2082 3781 qui

507 3797 638 3851 olim
661 3797 856 3868 direpti
888 3808 1032 3865 sunt,
1067 3801 1425 3856 incursionem
1457 3799 1680 3867 faciunt,
1703 3804 1863 3856 urbes
1891 3818 1955 3858 ac
1990 3804 2085 3857 d0-

508 3904 629 3943 mos
652 3891 1041 3958 pervestigant,
1061 3901 1114 3964 et
1137 3892 1371 3960 reliquas
1395 3907 1482 3946 res
1513 3892 1829 3958 compilatas
1855 3893 1905 3946 in
1929 3887 2082 3948 suam

507 3980 709 4050 quique
755 3984 1027 4053 regionem
1089 3984 1403 4052 important.
1452 3982 1761 4052 Cujusmoli
1814 3995 1904 4039 est
1939 3987 2082 4054 quod

505 4071 664 4126 nobis
694 4071 838 4126 Deus
871 4073 1242 4129 universitatis
1283 4073 1552 4144 significat
1595 4089 1724 4128 voce
1765 4075 2078 4144 prophetze:

510 4179 533 4215 ι
578 4162 898 4230 Racemate,
945 4179 1213 4221 racemate
1247 4166 1401 4234 quasi
1442 4167 1653 4220 vineam
1704 4166 1960 4238 reliquias
2001 4166 2081 4222 ls-

505 4255 672 4308 raelis
705 4273 717 4309 :
750 4259 1075 4312 revertimini
1110 4268 1362 4329 tanquam
1397 4258 1754 4329 vindemiator
1785 4260 1850 4312 ad
1875 4259 2079 4313 cartal-

504 4345 616 4401 lum
650 4363 803 4401 suum
827 4348 894 4401 ".
931 4368 948 4400 ι
988 4349 1232 4404 Pra‘dicit
1263 4350 1454 4418 igitur,
1492 4325 1596 4403 n.0n
1630 4350 1762 4404 satis
1801 4348 1936 4413 fore,
1966 4350 2080 4403 haec

504 4436 680 4492 solum
719 4453 746 4490 a
783 4439 1048 4495 Romano
1070 4441 1236 4495 milite
1267 4455 1458 4509 passos
1494 4456 1636 4505 esse,
1683 4442 1776 4496 sed
1817 4451 2077 4509 praetcrea

503 4543 570 4584 ex
603 4530 952 4584 ﬁnitimarum
985 4531 1224 4600 gentium
1256 4530 1573 4584 crudelitate
1617 4531 1732 4586 hac
1770 4544 2076 4596 accessura,

501 4623 688 4680 dicens
723 4642 737 4678 :
775 4642 793 4674 ι
822 4622 886 4676 Et
931 4631 1221 4692 pascentur
1261 4621 1353 4691 qui
1382 4621 1577 4692 direpti
1613 4631 1774 4685 sunt,
1823 4632 2075 4693 tanquam

503 4719 697 4774 lauri.»
715 4715 820 4784 Qui
844 4717 990 4772 enim
1011 4714 1160 4780 olim,
1185 4715 1378 4786 inquit,
1403 4715 1689 4785 direptioni
1711 4730 1896 4770 eorum
1921 4715 2078 4773 facile

500 4806 779 4876 patebant,
793 4806 917 4876 quia
936 4806 1077 4863 Deus
1097 4820 1254 4878 opem
1279 4806 1507 4872 ferebat,
1527 4807 1578 4862 Ιιί
1600 4806 1872 4876 regionem
1887 4822 2073 4864 eorum

500 4900 793 4969 depascent
829 4913 930 4954 ceu
978 4900 1147 4965 tauri,
1189 4900 1242 4956 id
1284 4909 1388 4968 est,
1420 4899 1668 4967 feroces,
1723 4899 2075 4970 magnanimi,

499 4999 555 5046 et
594 4989 687 5060 qui
728 4989 983 5045 invictam
1028 4991 1096 5045 ad
1147 4992 1508 5049 resistendum
1557 4991 1664 5046 vim
1712 4989 1958 5046 aﬂ‘crent.
2011 4988 2078 5045 Et

498 5081 814 5138 solitudines
842 5096 1030 5138 eorum
1067 5083 1160 5153 qui
1196 5084 1369 5141 relicti
1400 5094 1547 5150 sunt,
1593 5083 1715 5155 agni
1760 5083 2074 5153 depasccnt.

498 5173 740 5230 Relictos
769 5174 904 5230 dicit
931 5175 1206 5231 obsessos.
1243 5176 1379 5244 Agui
1411 5176 1715 5239 comedent,
1745 5180 1846 5230 boc
1869 5183 1976 5240 est,
2000 5173 2075 5229 illi

498 5281 688 5321 rursus
727 5266 822 5337 qui
864 5276 991 5323 sunt
1021 5281 1087 5322 ex
1133 5269 1403 5336 gentibus.
1446 5266 1582 5322 Cum
1629 5269 1774 5323 enim
1820 5270 1967 5325 velut
2008 5269 2078 5324 de

501 5360 673 5414 tauris
723 5360 884 5415 verba
936 5358 1189 5423 fecisset,
1234 5361 1530 5430 persistens
1576 5360 1629 5415 in
1668 5371 1858 5430 tropo,
1909 5377 2078 5432 agnos

503 5448 706 5518 adjecit
742 5469 756 5505 :
786 5462 846 5507 ut
869 5462 1056 5508 tauros
1075 5466 1196 5508 esse
1222 5453 1381 5507 valde
1410 5451 1661 5506 robustos
1689 5452 2074 5524 intelligamus.

503 5540 652 5598 Alios
675 5555 806 5598 vero
829 5543 924 5612 qui
961 5543 1097 5599 tales
1127 5557 1232 5599 nou
1262 5553 1408 5608 sunt,
1439 5541 1539 5598 sed
1561 5541 1846 5599 inferiores
1877 5559 1937 5598 ac
1971 5544 2076 5597 mi-

577 5693 618 5726 ”
651 5692 763 5748 Luc
799 5709 872 5755 Vt,
904 5695 993 5750 24.
1069 5696 1113 5726 ’°
1173 5695 1359 5753 Matth.
1387 5712 1414 5747 ν
1443 5739 1454 5760 ,
1620 5702 1658 5730 ⁸³
1695 5700 1867 5754 Galil.
1905 5717 1974 5761 νι.
2009 5703 2059 5754 8.

2185 3180 2512 3230 καταπτοεῖν
2551 3178 2816 3241 ἅπαντας,
2849 3177 2942 3229 καὶ
2969 3174 3295 3246 διαρπάζειν
3326 3175 3507 3229 αὐτῶν
3544 3177 3643 3239 τὰς
3669 3175 3778 3246 χὼ-

2187 3286 2308 3339 ρας,
2344 3271 2437 3321 καὶ
2471 3268 2770 3339 καταδῃούν
2801 3268 2898 3330 τὰς
2929 3269 3133 3330 πόλεις,
3171 3269 3325 3335 ἄγειν
3359 3285 3417 3320 τε
3462 3269 3555 3320 καὶ
3588 3268 3780 3338 φέρειν

2185 3358 2255 3410 τὰ
2299 3360 2500 3428 ἑτέρων
2544 3359 2659 3428 μετ’
2689 3357 2958 3421 ἐξουσίας.
2978 3358 3196 3429 Ἐπειδὴ
3226 3359 3282 3412 δὲ
3317 3359 3780 3428 δεδυσσεϐήκατιν

2185 3449 2266 3510 εἰς
2309 3447 2564 3518 Χριστὸν,
2601 3447 2693 3498 καὶ
2738 3445 2977 3498 δέδονται
3011 3446 3130 3510 ταῖς
3164 3447 3451 3516 Ῥωμαίων
3499 3451 3779 3518 στρατιαῖς

2185 3539 2265 3600 εἰς
2307 3537 2526 3607 ὄλεθρον
2573 3538 2667 3590 καὶ
2710 3537 3042 3607 διαρπαγὴν,
3097 3539 3519 3610 ἐνεπρήσθησαν
3573 3541 3674 3607 μὲν
3719 3542 3778 3593 αἱ

2186 3629 2391 3694 πόλεις,
2420 3629 2835 3700 διηρπάσθησαν
2863 3629 2919 3681 δὲ
2955 3630 3131 3684 πάντα
3162 3631 3227 3683 τὰ
3255 3631 3382 3684 ὄντα
3410 3632 3592 3694 αὐτοῖς
3623 3634 3779 3701 παρᾶ

2183 3722 2292 3772 τῶν
2317 3721 2698 3792 νενικηκότων.
2743 3717 2876 3774 Εἶτα
2909 3721 3007 3791 τῆς
3050 3721 3336 3792 Ῥωμαίων
3366 3725 3623 3794 στρατιᾶς
3670 3724 3778 3775 ὑπο

2185 3802 2440 3882 ενδούσης
2469 3812 2663 3883 βραχὺ,
2697 3813 3022 3884 κατέτρεχον
3050 3815 3098 3865 oi
3128 3814 3295 3866 παλαι
3325 3813 3776 3884 διαρπαζόμενοι,

2185 3905 2370 3967 πόλεις
2403 3921 2464 3956 τε
2497 3905 2590 3957 καὶ
2625 3903 2811 3966 οἴκους
2841 3903 3288 3976 διερευνώμενοι,
3332 3907 3688 3976 συνεκόμιζόν
3719 3924 3778 3960 τε

2182 3996 2251 4050 τά
2277 3995 2458 4060 λοιπὰ,
2497 3998 2591 4048 καὶ
2618 3998 2695 4060 εἷς
2733 3995 2833 4059 τὰς
2874 3996 3023 4065 σφῶν
3051 3997 3230 4050 αὐτῶν
3259 3998 3535 4069 ἀπέφερον
3564 3998 3774 4069 χώρας.

2184 4086 2293 4140 Καί
2345 4103 2398 4138 τι
2445 4085 2686 4139 τοιοῦτον
2733 4088 2865 4156 ἡμῖν
2920 4085 3177 4156 ὑποδηλοῖ
3235 4087 3408 4156 λέγων
3441 4090 3469 4141 6
3501 4088 3606 4140 τῶν
3637 4089 3777 4142 ὅλων

2183 4175 2314 4238 Θεὸς
2334 4176 2422 4229 διὰ
2451 4177 2631 4247 φωνῆς
2661 4177 2942 4248 προφήτου
2963 4195 2977 4210 ο
3016 4197 3032 4228 ι
3060 4177 3394 4248 Καλαμόῐσθε
3412 4219 3426 4240 ,
3452 4179 3777 4249 καλαμᾶσθε

2183 4266 2259 4330 ὡς
2291 4266 2534 4337 ἄμπελον
2577 4265 2648 4319 τὰ
2690 4266 2853 4320 λοιπά
2886 4267 2981 4320 τού
3019 4268 3236 4338 Ἰσραήλ
3258 4284 3275 4300 ο
3301 4269 3667 4340 ἐπιστρέψατε
3700 4269 3777 4332 ὡς

2183 4357 2212 4410 ὁ
2235 4357 2450 4429 τρυγὼν
2479 4359 2575 4412 ἐπὶ
2603 4357 2695 4411 τὸν
2727 4358 3029 4429 κάρταλλον
3059 4357 3245 4414 αὑτοῦ.
3283 4377 3301 4410 ι
3326 4359 3445 4412 ’Ότι
3475 4358 3652 4413 τοίνυν
3675 4361 3780 4414 οὐκ

2184 4449 2412 4522 ἀρκέσει
2471 4452 2607 4521 μόνα
2654 4451 2845 4504 παθεῖν
2877 4451 3073 4514 αὐτοὺς
3116 4451 3184 4504 τὰ
3228 4451 3292 4504 ἐκ
3337 4451 3435 4521 τῆς
3483 4450 3778 4521 Ῥωμαίων

2185 4541 2476 4610 στρατιᾶς,
2510 4540 2940 4610 προστεθήσεται
2967 4539 3025 4592 δὲ
3063 4540 3156 4593 καὶ
3184 4539 3249 4592 τὰ
3280 4540 3343 4592 ἐκ
3367 4540 3460 4610 τῆς
3492 4539 3778 4610 ὠμότητος

2179 4629 2289 4683 τῶν
2322 4629 2540 4700 ὁμόρων
2571 4628 2803 4700 ἐχθρῶν,
2841 4628 3207 4702 προαγορεύει
3238 4628 3415 4696 λέγων
3437 4645 3450 4658 ·
3488 4647 3506 4680 ι
3543 4629 3652 4682 Καὶ
3694 4629 3779 4699 βο-

2185 4721 2548 4792 σκηθήσονται
2576 4722 2626 4774 οἱ
2652 4721 3052 4792 διηρπασμένοι
3081 4721 3154 4782 ὡς
3175 4719 3386 4792 ταῦροι.
3412 4720 3517 4773 »Ὀὶ
3539 4719 3648 4794 γὰρ
3670 4723 3779 4777 ﬁd-

2180 4812 2289 4879 λαι,
2327 4815 2512 4885 φησὶν,
2536 4812 2743 4884 ἕτοιμοι
2792 4811 3185 4884 διηρπασμένοι
3219 4813 3310 4866 ὑπ’
3345 4811 3549 4877 αὐτῶν,
3579 4812 3670 4866 διὰ
3717 4814 3781 4867 τὸ

2181 4904 2481 4977 ἐπαμύνειν
2510 4903 2663 4968 Θεὸν,
2694 4903 3238 4974 κατανεμηθήσονται
3261 4903 3359 4974 τὴν
3380 4902 3566 4974 χώραν
3591 4905 3781 4958 αὐτῶν

2179 4995 2251 5060 ὡς
2285 4995 2499 5067 ταῦροι,
2534 4994 2677 5047 τοῦτ’
2705 4994 2840 5059 ἔστι,
2871 4993 3031 5046 δεινοὶ
3059 4993 3154 5046 καὶ
3180 4992 3477 5063 ἀγέρωχοι,
3513 4994 3607 5047 καί
3633 4992 3783 5062 ἄμα-

2177 5101 2270 5154 χον
2300 5085 2514 5155 ἔχοντες
2562 5084 2661 5155 τὴν
2697 5084 3031 5138 ἀντίστασιν.
3079 5083 3188 5135 Καὶ
3234 5081 3332 5145 τάς
3379 5083 3620 5153 ἐρήμους
3671 5083 3786 5134 τῶθ

2177 5177 2618 5248 ἀπειλειμμένων
2663 5177 2825 5248 ἄρνες
2876 5176 3162 5245 φάγονται.
3181 5175 3652 5247 Ἀπειλειμμένων
3702 5176 3760 5228 δὲ

2184 5271 2338 5340 φησι,
2367 5269 2473 5323 τῶν
2519 5269 3008 5342 πολιορκηθέντων.
3040 5267 3151 5332 Τὰς
3194 5266 3391 5332 τοίνυν,
3425 5268 3610 5336 φησιν,
3647 5270 3784 5340 ἐρη-

2191 5361 2463 5431 μωθείσας
2501 5361 2682 5426 πόλεις
2714 5360 2822 5414 τῶν
2861 5359 3328 5431 πολιορκηθέντων
3372 5357 3534 5428 ἄρνες
3569 5358 3782 5430 βοσκηο

2189 5450 2480 5520 θήσονται,
2511 5451 2654 5506 τοῦτ’
2684 5451 2799 5505 ἐστι
2842 5452 3002 5505 πάλιν
3049 5453 3097 5505 οἱ
3151 5451 3211 5516 ἐξ
3254 5449 3692 5522 ἐθνῶν.Ὲπειδὴ
3722 5451 3782 5506 δὲ

2188 5542 2350 5596 πάλιν
2392 5541 2467 5607 ὡς
2517 5546 2643 5617 περὶ
2690 5544 2902 5616 ταύρων
2950 5545 3082 5615 ἡμῖν
3131 5542 3424 5611 πεποῐηται
3456 5539 3550 5593 τὸν
3591 5540 3776 5611 λόγον,

2137 5703 2179 5734 θ’
2240 5701 2440 5758 Jcrcm.
2493 5719 2563 5759 γι,
2618 5701 2669 5756 9.
