4134 6304
356 305 458 361 157

1542 308 1610 363 IN
1649 307 1890 365 lSAlAI
1927 308 2058 366 LIB.
2091 308 2137 365 ι.
2172 309 2383 369 οιιΑτ.
2423 311 2515 367 ιν.

3547 316 3656 375 158

359 417 638 491 μεμένηκε
677 421 741 490 τῇ
786 422 962 493 τροπῇ
992 460 1008 486 ,
1054 422 1150 475 καὶ
1199 424 1589 494 προστέθεικεν
1633 426 1838 498 ἄρνας,
1873 426 1949 479 ἵνα

2066 429 2184 480 nori
2219 428 2414 482 robore
2439 425 2675 497 praediti,
2711 441 2880 498 agnos
2903 427 3257 499 appellemus.
3283 427 3365 482 Ad
3400 431 3655 484 eumdem

357 513 486 576 τοὺς
516 513 613 583 μὲν
644 514 781 595 ἄγαν
811 515 1067 586 ίσχυροὶις
1091 515 1303 585 νοῶμεν
1329 520 1411 581 εἰς
1442 519 1697 589 μᾶσχους.
1734 519 1874 580 Τοὺς
1895 518 1953 571 δὲ

363 605 440 677 μὴ
473 605 644 670 οὕτως
677 607 920 678 ἔχοντας,
955 609 1365 680 ὑποϐεϐηκότας
1394 611 1449 664 δὲ
1479 613 1536 664 ἐν
1561 612 1707 682 ἰσχύϊ
1737 610 1946 681 μείονι,

363 697 593 766 λέγομεν
622 697 815 768 ἄρνας.
836 699 993 754 Οὕτω
1020 701 1086 773 δὴ
1119 704 1212 756 καὶ
1243 703 1343 774 τὴν
1379 702 1612 756 ἑκάστου
1643 703 1754 757 τῶν
1789 701 1955 774 ρᾳθυ-

361 787 608 858 μούντων
652 790 883 862 καρδίαν
926 792 982 845 αἱ
1030 795 1266 865 πονηραὶ
1316 795 1413 848 καὶ
1449 795 1750 866 ἀκάθαρτοι
1785 811 1956 866 νεμη-

357 878 614 949 θήσονται
656 881 950 949 δυνάμεις,
982 883 1059 948 ὡς
1097 885 1287 956 μόσχοι
1321 886 1416 940 καὶ
1461 887 1644 957 ἄρνες.
1680 885 1869 956 Τροφὴ
1898 885 1957 940 δὲ

358 969 553 1033 αὐταῖς
589 970 650 1024 τὸ
677 972 964 1044 φιλήδονον
989 1015 1002 1040 ,
1051 976 1144 1029 καὶ
1173 975 1267 1030 νοῦ
1298 977 1440 1047 ῥοπὴ
1472 975 1760 1046 βλέποντος
1792 978 1870 1035 εἰς
1898 975 1960 1029 τδ

361 1062 468 1134 πλη
478 1063 707 1134 μμελές.

1003 1179 1224 1233 ΛΟΓΟΣ
1255 1182 1306 1232 Δ¹
1317 1218 1329 1233 .

435 1309 583 1363 Οὐαί
625 1309 1038 1380 ἐπισπώμενοι
1087 1313 1199 1379 τὰς
1243 1313 1536 1383 ἁμαρτίας
1577 1317 1656 1382 ὡς
1705 1316 1959 1384 σχοινίῳ

356 1399 568 1467 μακρῷ
588 1400 689 1454 καί
716 1405 799 1468 ὡς
817 1401 1000 1472 ζυγοῦ
1024 1403 1220 1471 ἱμάντι
1245 1403 1547 1474 δαμάλεως
1562 1408 1666 1473 τὰς
1680 1408 1954 1478 ἀνομίας,

364 1494 418 1543 cl
459 1491 782 1560 λέγοντες·
824 1485 905 1545 ’Τὸ
947 1492 1127 1563 τάχος
1153 1493 1439 1564 cry-tamira;
1476 1495 1515 1551 ἁ
1540 1497 1820 1567 ποιήσει,
1855 1500 1958 1553 ἵνα

369 1581 609 1651 ἴδωμεν,
641 1583 738 1636 καί
768 1583 991 1639 ἐλθέτω
1023 1586 1061 1654 ἡ
1084 1585 1288 1656 βουλὴ
1319 1588 1424 1643 τοῦ
1461 1590 1634 1660 ἁγίου
1684 1590 1954 1661 Ἰσραὴλ,

369 1675 473 1728 ινα
501 1674 752 1745 γνῶμεν.

2056 532 2273 587 quoque
2304 517 2524 572 modum
2571 518 2763 574 inertis
2791 519 3056 588 cujusque
3096 528 3152 574 et
3189 519 3370 586 supini
3414 519 3653 574 hominis

2056 624 2172 672 cor,
2204 624 2383 679 pravae
2409 620 2464 663 et
2498 608 2723 677 impurte
2755 618 3053 677 potestates
3085 609 3227 663 velut
3256 611 3418 663 boves
3448 619 3495 663 et
3525 612 3649 679 agni

2055 696 2487 759 devorabunlur,
2514 697 2729 766 illisque
2759 696 2956 751 Cedent
3007 698 3059 752 in
3091 698 3270 752 cibum
3300 699 3646 767 voluptuarii,

2055 796 2112 841 et
2153 787 2245 855 qui
2296 786 2512 841 animos
2568 797 2734 856 atque
2785 787 2976 843 oculos
3030 796 3356 843 convertunt
3406 790 3471 842 ad
3520 802 3651 857 pcc-

2054 876 2312 933 eanduun

2588 1185 2698 1255 92
2739 1184 2999 1240 ont'rto
3040 1184 3125 1239 tv.

2128 1319 2261 1374 CAP.
2310 1319 2375 1374 V.
2427 1319 2589 1374 Vens.
2628 1322 2713 1385 13,
2769 1321 2852 1376 19.
2921 1320 3012 1375 Va:
3056 1323 3389 1374 trahentibus
3435 1335 3648 1388 renata

2059 1420 2312 1480 tanquam
2341 1412 2583 1479 funiculo
2617 1412 2796 1480 longo,
2823 1423 2869 1465 et
2898 1422 3146 1473 tanquam
3169 1411 3289 1480 jugi
3318 1412 3434 1464 toro
3453 1413 3646 1481 juven-

2058 1517 2134 1555 ca:
2162 1502 2494 1571 iniquitates,
2545 1503 2841 1556 dicentibus
2871 1515 2890 1553 :
2925 1499 3039 1554 Cito
3083 1502 3496 1572 appwpiuqtteut
3533 1520 3650 1570 qua:

2059 1592 2238 1658 faciet,
2260 1605 2311 1645 ut
2339 1592 2623 1652 videamus.
2643 1603 2689 1644 et
2716 1594 2885 1646 veniat
2910 1593 3190 1646 consilium
3212 1595 3384 1646 sancti
3403 1591 3647 1657 lsrttclis,

2061 1695 2113 1736 ttt
2140 1685 2393 1736 sciamus.

453 1790 512 1844 '0
559 1791 658 1859 μὲν
702 1791 812 1846 τῶν
842 1792 979 1846 ὅλων
1007 1793 1338 1867 δημιουργὸς
1369 1795 1464 1850 καὶ
1488 1796 1713 1867 Κύριος,
1754 1796 1949 1868 ἡμερό-

2130 1795 2515 1850 liniversitatis
2541 1794 2718 1862 opifex
2759 1806 2809 1849 et
2851 1794 3132 1859 Dominus,
3161 1797 3412 1848 humana:
3441 1804 3648 1848 natura

370 1899 491 1954 τητι
541 1884 704 1937 νικῶν
752 1887 853 1956 τῆς
897 1887 1188 1960 ἀνθρώπου
1239 1890 1454 1960 φύσεως
1500 1890 1600 1961 τὴν
1646 1889 1953 1954 ἀσθένειαν,

369 1973 686 2046 προσελάλει
718 1979 831 2039 τοῖς
869 1977 1248 2052 ἀρχαιοτέροις
1275 1980 1365 2035 διὰ
1393 1980 1503 2035 τῶν
1535 1980 1709 2050 ἁγίων
1735 1997 1955 2051 προφη-

365 2065 490 2129 τῶν,
517 2066 598 2121 τά-
632 2066 701 2120 δι’
740 2060 816 2122 ὧν
844 2063 914 2140 ἦν
948 2070 1097 2136 εἰκὸς
1139 2062 1529 2144 μεταχωρῆσαι
1567 2074 1704 2144 πρὸς
1732 2074 1803 2127 τὰ
1835 2072 1958 2143 βελ-

361 2155 481 2225 τίω,
508 2157 578 2214 τὰ
607 2159 776 2230 χείρω
823 2160 1110 2233 μεθέντας,
1139 2162 1237 2217 καὶ
1275 2163 1611 2234 φαυλότητος
1645 2164 1748 2235 μὲν
1791 2181 1959 2218 κατα-

361 2245 516 2318 λῆξαι
549 2249 646 2304 καὶ
678 2251 980 2324 ἁμαρτίας,
1016 2253 1302 2309 διαϐιῶναι
1329 2255 1388 2308 δὲ
1424 2255 1624 2326 μᾶλλον
1665 2259 1724 2310 ἑν
1761 2258 1954 2328 ἀρετῇ.

363 2340 454 2394 καὶ
478 2341 781 2412 κατορθοῦν
809 2343 1030 2399 ἑλέσθαι
1075 2345 1138 2399 τὸ
1185 2345 1414 2416 ἀγαθόν.
1447 2347 1667 2418 Ταύτης
1699 2364 1762 2400 τε
1790 2347 1958 2403 ἑνεκα

360 2428 455 2499 τῆς
503 2429 708 2499 αἰτίας,
736 2432 868 2486 ποτὲ
927 2434 1027 2504 μὲν
1073 2434 1260 2498 αὐτοῖς
1309 2434 1695 2506 παρετίθειτά
1722 2435 1859 2507 γέρα
1888 2435 1958 2490 τὰ

358 2521 476 2583 τοῖς
504 2521 680 2588 ἁγίοις
703 2523 1122 2594 ηὐτρεπισμένα
1139 2540 1152 2554 ·
1176 2526 1309 2579 ποτὲ
1326 2525 1383 2578 δὲ
1411 2527 1538 2589 τοὺς
1559 2525 1660 2593 τῆς
1683 2525 1956 2590 κολάσεως

358 2612 635 2680 ἀφηγεῖτο
659 2614 918 2684 τρόπους,
948 2617 1076 2680 τοὺς
1106 2619 1220 2680 τοῖς
1251 2600 1702 2690 φιλαμαρτήμοσι
1722 2618 1956 2687 πρέπον·

353 2720 486 2770 τας,
530 2705 617 2758 ἶνα
671 2706 1012 2777 πανταχὸθεν
1061 2709 1329 2781 συνελάσῃ
1380 2711 1518 2782 πρὸς
1572 2711 1635 2765 τὸ
1683 2711 1967 2781 ὡφελοῦν.”

360 2795 523 2852 Ἀλλ’
550 2796 726 2860 οὐδεὶς
769 2793 840 2870 ἦν
891 2800 1089 2872 τρόπος

340 2884 699 2941 ἀπώσασθαι
742 2887 1056 2959 δυνάμενος.
1076 2891 1516 2958 Ἀπονενευκὸτες
1548 2896 1656 2967 γὰρ
1687 2897 1767 2958 εἰς
1797 2895 1951 2964 φιλο-

354 2977 591 3050 κερδίαν
626 2980 717 3032 καὶ
754 2980 981 3049 τρυφὰς,
1017 2981 1107 3034 καὶ
1138 2983 1237 3054 τὴν
1265 2986 1502 3057 ἐσχάτην
1526 2986 1630 3058 ἢδη
1669 2986 1954 3054 νοσοῦντες

1288 2820 1311 2833 Α
1359 2803 1549 2833 ἸΑΙ-ἓηῖ

2061 1887 2430 1943 inﬁrmitatem
2467 1887 2688 1941 vincens
2717 1885 3026 1950 clementia,
3049 1899 3146 1955 per
3169 1894 3390 1939 sanctos
3411 1885 3645 1954 prophe-

2058 1989 2143 2037 tas
2177 1979 2375 2034 allatus
2415 1987 2500 2035 est
2551 1980 2817 2050 majores,
2865 1980 3006 2033 unde
3057 1991 3154 2033 eos
3199 1977 3267 2031 ad
3316 1977 3544 2032 meliora
3587 1988 3649 2031 so

2063 2070 2335 2138 recipere,
2365 2068 2635 2123 deteriora
2671 2068 3000 2137 relinquere,
3028 2082 3060 2121 ι
3082 2066 3231 2121 vitiis
3256 2081 3321 2122 ac
3344 2066 3646 2122 sceleribus

2057 2161 2347 2227 desistere,
2387 2175 2452 2216 ac
2484 2160 2537 2214 in
2573 2160 2776 2215 virtute
2810 2158 2990 2230 potius
3026 2159 3376 2221 reviviscere,
3406 2173 3471 2214 ac
3493 2158 3642 2227 quod

2056 2251 2257 2309 bonum
2297 2261 2380 2306 est
2406 2250 2696 2322 diligenter
2725 2249 3001 2320 persequi,
3035 2257 3157 2304 erat
3189 2258 3644 2304 consentaneum.

2055 2343 2299 2415 Eamque
2328 2344 2399 2399 ob
2429 2359 2543 2398 rem
2574 2342 2681 2398 illis
2713 2358 2859 2398 nunc
2894 2342 3115 2412 praemia
3148 2339 3355 2395 sanctis
3378 2339 3648 2394 destinata

2057 2436 2339 2506 proponit,
2393 2450 2537 2490 nunc
2583 2433 2975 2503 suppliciorum
3018 2447 3220 2504 genera
3265 2432 3646 2500 peccatoribus

2056 2524 2218 2595 digna
2241 2524 2490 2594 exponit,
2523 2532 2583 2578 ut
2605 2525 2860 2580 omnibus
2885 2525 3063 2579 modis
3091 2523 3158 2577 ad
3183 2522 3234 2576 id
3261 2524 3407 2592 quod
3427 2523 3647 2591 expedit

2056 2618 2339 2687 perducat.
2377 2615 2486 2672 Sed
2536 2627 2648 2671 tum
2683 2615 2863 2672 nullus
2896 2625 3016 2671 erat
3054 2616 3251 2670 modus
3287 2624 3380 2668 aut
3410 2614 3496 2669 via
3525 2628 3644 2683 qua

2054 2708 2362 2765 Judtnorum
2417 2710 2644 2782 ignavia:
2697 2708 3034 2781 depellenda:
3080 2711 3215 2764 satis
3269 2723 3394 2764 esse
3445 2710 3639 2779 potuit.

2055 2799 2191 2856 Nam
2231 2803 2284 2856 in
2327 2802 2611 2857 avaritiam
2644 2810 2700 2857 et
2730 2801 3006 2857 libidinem
3048 2801 3306 2871 prolapsi,
3351 2810 3406 2855 et
3449 2801 3643 2857 nimbo

2058 2894 2419 2951 contumacia:
2446 2894 2498 2947 in
2522 2893 2689 2948 Deum
2713 2903 2957 2947 extreme
2987 2891 3318 2958 laborantes,
3345 2893 3396 2944 in
3423 2905 3643 2947 sanctos

2056 2989 2350 3058 prophetas
2393 2987 2635 3057 graviter
2676 2985 2935 3040 concitati
2983 2996 3148 3050 sunt;
3203 2995 3255 3038 et
3299 2984 3390 3038 alii
3427 2986 3645 3054 quidem

362 3069 630 3123 ἀπόνοιαν
652 3070 789 3125 κατά
808 3071 940 3124 Θεοῦ
961 3107 976 3131 ,
997 3076 1110 3136 τοῖς
1128 3074 1302 3143 ἁγίοις
1323 3079 1631 3149 προφήταις
1649 3079 1949 3149 ἐπεφύοντο

2060 3080 2219 3133 dictis
2268 3094 2458 3132 eorum
2508 3077 2666 3131 Iidem
2724 3090 2833 3130 non
2885 3076 3147 3129 habentes
3195 3075 3424 3130 dicere:
3467 3091 3486 3125 ι
3525 3075 3641 3128 Alia

362 3161 550 3215 δεινοί.
580 3161 690 3215 Καὶ
716 3162 766 3214 oi
793 3162 893 3233 μὲν
925 3164 1282 3231 ἀπιστοῦντες
1308 3168 1588 3234 παντελῶς
1613 3174 1725 3235 τοῖς
1753 3173 1822 3226 δι’
1846 3175 1944 3228 σὺ·

2054 3170 2212 3225 nobis
2243 3170 2544 3236 loquimini,
2571 3177 2627 3223 et
2659 3167 2981 3222 annuntiate
3018 3165 3180 3218 alium
3215 3179 3456 3219 errorem
3486 3165 3572 3230 ”;
3615 3183 3636 3219 ι

356 3251 474 3306 τῶν
521 3251 826 3325 λεγομένοις
870 3255 1135 3325 ἑτρασκον·
1162 3279 1180 3311 σ
1210 3260 1383 3315 ’Δλλα
1421 3263 1554 3333 ἡμῖν
1586 3262 1818 3329 λαλεῖτε,
1852 3266 1950 3320 καὶ

348 3340 719 3409 ἀναγγέλλετε
755 3344 945 3416 ἑτέραν
971 3346 1240 3418 πλάνησιν
1264 3367 1278 3380 °
1313 3369 1332 3401 ι
1366 3351 1416 3404 οἱ
1449 3351 1504 3405 δὲ
1538 3356 1822 3425 μονονουχὶ
1853 3357 1950 3410 καὶ

349 3433 786 3505 καταιτιώμενοι
819 3437 881 3490 τὸ
908 3437 1008 3508 τῆς
1045 3437 1198 3503 θείας
1252 3441 1468 3510 φύσεως
1497 3445 1818 3511 ἀνεξίκακον
1857 3449 1952 3501 ἀλ-

343 3514 543 3587 λήλοις
580 3517 726 3573 κατὰ
758 3519 819 3574 τὸ
861 3522 1008 3586 είκὸς
1035 3526 1448 3594 προσγελῶντες
1473 3528 1715 3600 ἔφασκον
1743 3548 1757 3564 ⁸
1789 3532 1950 3587 una:

346 3607 582 3681 μακρὰν
605 3611 664 3664 αἱ
690 3612 923 3683 ἡμέραι,
947 3615 1195 3670 ἀπόλωλε
1227 3620 1379 3674 πᾶσα
1407 3622 1619 3692 ὅρασις.
1663 3625 1776 3678 Καὶ
1815 3624 1950 3693 γοῦν

340 3699 454 3772 ἔφη
493 3717 605 3753 που
648 3701 781 3767 Θεὸς
828 3706 963 3777 πρὸς
1010 3707 1101 3762 τὸν
1150 3711 1420 3783 μακάριον
1463 3712 1721 3787 Ἰεζεχιήλ
1746 3732 1761 3746 ·
1801 3734 1820 3769 t
1851 3716 1949 3770 Υἱὲ

336 3790 672 3862 ἀνθρώπου,
711 3792 821 3849 nos
862 3798 891 3850 δ
932 3792 1082 3864 οἶκος
1131 3799 1342 3874 Ἰσραὴλ
1386 3807 1415 3857 ὁ
1461 3807 1949 3878 παραπικραίνων,

334 3885 612 3952 ὶέγοντες
649 3884 919 3954 λέγουσιν·
957 3891 1022 3944 Ἠ
1051 3894 1241 3965 ὅρασις
1275 3897 1341 3966 ἣν
1369 3890 1524 3963 οὗτος
1553 3901 1676 3971 ὁρᾷ,
1707 3901 1787 3964 είς
1814 3901 1951 3972 ὴμέ-

331 3997 443 4053 ρας
497 3979 731 4045 πολλὰς.
767 3985 864 4037 κα)⁸
885 3986 971 4048 είς
1004 3989 1230 4058 καιροὺς
1265 3994 1510 4062 μακροὺς
1547 3987 1702 4057 οὗτος
1735 4010 1951 4066 προφη-

324 4073 511 4126 τεύει.
549 4072 658 4126 Διά
706 4073 868 4129 τοῦτο
914 4077 1070 4132 εἰπὸν
1107 4080 1325 4146 αὐτοῖς·
1355 4083 1494 4137 Τάδε
1525 4083 1675 4154 λέγει
1719 4087 1951 4142 Ἀδωναῒ

327 4162 581 4236 Κύριοςο
622 4166 699 4218 Οὐ
753 4167 827 4237 μὴ
865 4170 1152 4239 μηκύνωσι
1182 4174 1385 4239 πάντες
1427 4177 1476 4229 oi
1508 4176 1656 4244 λόγοι
1688 4195 1814 4248 μου,
1853 4178 1947 4244 οὓς

325 4255 400 4308 ἂν
453 4253 729 4327 λαλήσω·
765 4256 847 4309 ὅτι
889 4257 1108 4330 λαλήσω
1156 4261 1336 4330 λόγον,
1371 4266 1466 4319 καὶ
1515 4267 1748 4338 ποιήσω,
1800 4267 1948 4337 λέγει

335 4344 587 4399 Ἀδωναῖ
632 4345 864 4416 Κύριος.
892 4367 911 4399 ι
939 4349 1159 4422 ’Έτεροι
1212 4353 1270 4406 δὲ
1324 4354 1488 4408 πάλιν
1524 4359 1807 4428 μονονουχὶ
1854 4356 1949 4410 καὶ

316 4434 738 4506 ἀπεγνωκότες
767 4438 867 4507 τῆς
900 4437 1110 4492 ἑαυτῶν
1159 4443 1436 4512 σωτηρίας
1469 4444 1565 4496 καὶ
1614 4442 1778 4515 ζωῆς,
1813 4460 1947 4497 κατ-

2058 3262 2150 3318 alii
2188 3276 2336 3328 vero,
2375 3269 2582 3315 natura:
2609 3259 2806 3314 divina:
2847 3257 3164 3328 patientiam
3209 3270 3375 3326 prope
3414 3255 3644 3310 dixerim

2052 3363 2393 3414 accusantes,
2430 3350 2568 3405 inter
2597 3364 2677 3415 se,
2713 3358 2770 3402 ιιι
2802 3356 3045 3418 apparet.
3081 3345 3225 3416 loqui
3258 3360 3324 3401 ac
3352 3346 3641 3401 deridere:

2053 3443 2249 3499 Procul
2297 3443 2455 3498 abest
2495 3442 2634 3510 dies,
2684 3441 2843 3508 periit
2889 3440 3067 3494 omnis
3109 3441 3266 3494 visio.
3317 3438 3524 3495 Idcirco
3564 3439 3643 3493 ait

2053 3535 2195 3591 Deus
2234 3535 2300 3590 ad
2348 3537 2562 3589 beatum
2606 3532 2987 3588 Ezecbiclcm:
3027 3551 3046 3584 ι
3082 3529 3183 3585 Fili
3215 3531 3477 3596 hominis,
3513 3543 3642 3585 ecce

2053 3630 2245 3683 domus
2272 3628 2431 3684 Israel
2459 3643 2812 3697 exasperatis,
2845 3641 3060 3695 semper
3089 3625 3219 3679 dicit
3247 3644 3260 3679 :
3292 3623 3441 3679 Vis-io
3477 3639 3642 3695 quam

2055 3722 2143 3777 hic
2175 3721 2341 3788 videt,
2373 3730 2458 3776 est
2489 3721 2541 3776 in
2589 3721 2785 3776 multos
2823 3721 2961 3784 dies,
2993 3731 3047 3775 et
3093 3720 3144 3774 itt
3179 3720 3470 3788 longinqua
3505 3727 3640 3771 lem-

2052 3830 2179 3885 pora
2221 3814 2311 3870 hic
2356 3814 2706 3868 vaticinatur.
2753 3812 3044 3878 Propterea
3094 3812 3181 3866 dic
3211 3813 3317 3866 illis
3354 3831 3364 3865 :
3396 3808 3521 3863 [Lee
3566 3807 3643 3861 ait

2053 3906 2261 3962 Adonai
2285 3906 2541 3962 Dominus
2563 3921 2578 3960 :
2602 3904 2721 3960 Non
2744 3905 3130 3975 protrahantur
3150 3918 3342 3956 omnes
3363 3912 3643 3954 sermones

2060 3999 2165 4054 mei
2202 4014 2338 4069 quos
2373 3999 2584 4068 loquar,
2614 3998 2740 4068 quia
2777 3998 2963 4064 loquar
2993 4008 3306 4051 sermonem
3332 3989 3639 4052 etfaciam,

2051 4093 2183 4149 dicit
2211 4094 2419 4148 Adonai
2455 4092 2712 4146 Dominus
2732 4091 2796 4143 ’ἢ
2835 4108 2860 4141 ι
2888 4087 3131 4142 Rursum
3161 4087 3252 4140 alii
3291 4094 3510 4139 tantum
3533 4098 3640 4139 non

2052 4180 2120 4235 de
2151 4195 2248 4234 sua
2293 4179 2533 4248 ipsorum
2575 4178 2750 4233 salute
2778 4187 2836 4230 et
2865 4179 2972 4230 vita
3006 4178 3382 4244 desperantes,
3416 4176 3489 4229 ita
3516 4177 3638 4228 atti-

2053 4270 2187 4326 mosi
2223 4280 2280 4325 et
2325 4270 2560 4324 audaces
2602 4268 2733 4323 facti
2779 4276 2925 4331 sunt,
2971 4267 3066 4337 qui
3112 4267 3278 4322 etiam
3329 4268 3586 4322 dixerunt
3619 4283 3640 4325 δ

2053 4361 2242 4417 Veniat
2268 4363 2376 4416 cito
2396 4363 2521 4417 belli
2550 4373 2762 4430 tempus
2786 4401 2802 4426 ,
2840 4376 2949 4416 non
2977 4361 3252 4417 ituenieut
3273 4376 3376 4417 nos
3396 4361 3644 4416 imbelles

2053 4465 2108 4511 et
2141 4457 2207 4509 ad
2243 4459 2491 4525 quemvis
2524 4454 2811 4525 strepitum
2844 4454 3179 4525 pavitantes,
3203 4455 3294 4523 qui
3323 4455 3639 4509 vastitatem

315 4528 711 4603 εθρασύνοντο
735 4529 836 4600 τῆς
858 4531 1031 4602 ὀργῆς
1049 4570 1066 4596 ,
1092 4533 1188 4587 καὶ
1213 4533 1278 4604 δὴ
1304 4534 1399 4588 καὶ
1425 4533 1662 4605 ἔφασκον
1682 4553 1694 4566 ·
1732 4537 1946 4590 Ἠκέτω

2053 4517 2438 4602 illaturi-sunt.
2479 4517 2680 4602 Sumus
2710 4556 2764 4601 et
2809 4517 2908 4601 nos
2950 4517 3186 4601 bellandi
3220 4517 3326 4597 non
3374 4542 3639 4613 imperiti,

312 4623 597 4702 τδτάχος
625 4623 660 4676 ὁ
687 4620 786 4676 τοῦ
819 4623 1061 4694 πολέμου
1090 4625 1304 4696 καιρὸς,
1333 4627 1435 4679 οὐκ
1465 4627 1760 4699 ἀνάνδρους
1795 4630 1945 4700 ἡμᾶς

311 4716 347 4786 ἢ
377 4714 691 4786 ψοφοδεεῖς
721 4713 886 4779 ὄντας
912 4716 1242 4788 εὑρήσουσιν
1256 4719 1304 4770 οἱ
1322 4719 1628 4794 καταδῃοῦν
1643 4721 1938 4783 ἐθέλοντες.

322 4805 862 4880 Ἐμπειροπόλεμοι
881 4809 977 4860 καὶ
994 4809 1174 4879 ἡμεῖς,
1195 4804 1361 4865 καὶεῦ
1381 4809 1583 4876 εἰδότες
1598 4812 1666 4867 τὰ
1680 4814 1938 4868 τακτικά.

307 4901 463 4964 Τοὺς
513 4897 711 4952 ταῦτα
762 4899 1182 4969 πεφροντικότας
1226 4901 1506 4969 ταλανίζει
1549 4906 1796 4973 δικαίως,
1849 4911 1942 4962 καί

302 5010 506 5065 φησιν·
533 5011 555 5045 ε
585 4989 738 5046 Οὐαὶ
754 4990 807 5044 oi
826 4989 1208 5061 ἐπισπώμενοι
1224 4994 1321 5058 τὰς
1339 4996 1610 5067 ἁμαρτίας
1627 4999 1702 5064 ὡς
1720 5002 1940 5071 σχοινίῳ

303 5084 536 5157 μακρῷ,
564 5084 668 5137 καὶ
687 5082 774 5146 ὡς
805 5081 976 5151 ζυγοῦ
1005 5084 1192 5158 ἱμάντι
1215 5085 1502 5157 δαμάλεως
1527 5089 1625 5154 τὰς
1650 5093 1898 5163 ἀνομίας.
1915 5114 1932 5146 s

313 5179 646 5251 ’Δμαρτίας
679 5176 743 5230 δὲ
773 5175 874 5230 καὶ
907 5175 1140 5248 ἀνομίας
1169 5179 1226 5232 ἑν
1255 5180 1464 5245 τούτοις
1497 5183 1630 5253 φησὶ
1660 5183 1758 5248 τάς
1796 5186 1937 5256 ὑπέρ

297 5288 364 5339 γε
397 5268 517 5324 τῶν
551 5263 871 5339 ἁμαρτιῶν
913 5267 1189 5339 τιμωρίας
1236 5268 1355 5339 ἦτοι
1394 5270 1675 5336 κολάσεις,
1710 5274 1930 5344 μακρὰν

304 5363 408 5432 μὲν
430 5361 612 5426 οὔσας
643 5359 758 5420 ἔτι.
797 5357 901 5412 καὶ
920 5357 1074 5413 οὔπω
1109 5359 1358 5429 πλησίον,
1387 5363 1477 5421 διά
1497 5381 1580 5417 τοι
1599 5364 1660 5417 τὸ
1679 5365 1933 5431 ἀνεξικα-

299 5454 424 5506 κεῖν
476 5451 564 5505 ἔτι
609 5448 925 5522 βούλεσθαι
961 5450 1053 5504 τὸν
1092 5451 1258 5515 Θεὸν,
1294 5453 1594 5525 ἑλκομένας
1637 5457 1696 5510 δὲ
1738 5459 1938 5530 τρόπον

301 5544 434 5602 τινὰ
461 5543 602 5616 παρ’
629 5543 847 5610 αὐτῶν,
872 5542 962 5596 διὰ
992 5543 1086 5598 τοῦ
1123 5544 1409 5616 βούλεσθαι
1443 5547 1537 5601 καὶ
1565 5551 1676 5611 τοῖς
1701 5552 1764 5604 ἐκ
1791 5552 1939 5615 θείας

379 5695 430 5727 ’³
470 5701 584 5763 ita.
627 5717 766 5771 xxx,
835 5701 926 5756 10.
996 5702 1261 5757 διείρειν.
1291 5718 1385 5768 xu,
1435 5703 1637 5768 27,28.

2047 4647 2104 4694 et
2131 4639 2210 4695 rei
2251 4639 2504 4696 militaris
2546 4655 2652 4695 non
2694 4640 2891 4710 ignari.
2938 4639 3048 4695 Hos
3079 4651 3214 4708 ergo
3244 4636 3310 4689 ad
3348 4635 3495 4690 hunc
3523 4650 3645 4689 mea
3722 4710 3729 4717 _

2047 4733 2173 4787 dum
2205 4730 2428 4788 alfectos
2461 4733 2655 4788 merito
2681 4732 2846 4803 luget,
2875 4741 2931 4788 et
2962 4734 3176 4802 inquit:
3209 4728 3369 4800 93,:
3401 4726 3490 4784 Va:
3523 4736 3636 4785 tra-

2047 4823 2302 4880 hentibus
2330 4834 2552 4895 peccata
2577 4823 2723 4879 velut
2745 4822 2987 4880 funiculo
3011 4823 3190 4891 longo,
3209 4828 3266 4877 et
3285 4820 3637 4891 quasi=jugall

2045 4917 2160 4972 loro
2180 4918 2448 4987 juvenes,
2479 4919 2853 4989 iniquitates.)
2879 4915 3107 4971 Peccata
3131 4915 3527 4986 «iniquitates
3551 4912 3640 4967 hie

2049 5009 2182 5064 dicit
2216 5010 2479 5080 supplicia
2511 5020 2569 5064 et
2602 5022 2792 5079 ρωπος»
2826 5022 2928 5078 pro
2961 5009 3200 5077 peccatis
3236 5029 3248 5063 :
3280 5004 3470 5076 procul
3506 5017 3661 5058 vero

2049 5101 2243 5156 abesse
2276 5102 2454 5155 adhuc
2491 5109 2545 5154 et
2587 5099 2826 5155 nondum
2859 5112 3049 5169 prope,
3089 5097 3233 5166 quod
3271 5098 3414 5150 Deus
3457 5094 3638 5148 adhuc

2049 5190 2158 5260 pati
2209 5191 2378 5256 velit;
2437 5192 2578 5246 trahi
2626 5200 2809 5246 autem
2861 5186 3261 5260 quodammodo
3306 5185 3373 5240 ab
3411 5183 3540 5246 illis,
3568 5197 3636 5238 eo

2047 5281 2192 5350 quod
2227 5281 2423 5337 divina:
2455 5282 2551 5337 irze
2572 5283 3013 5338 acrimoniamet
3038 5275 3388 5348 asperitatem
3421 5274 3633 5330 sensuri

2047 5372 2176 5428 sint.
2219 5372 2425 5441 Quibus
2455 5387 2554 5446 ego
2596 5373 2823 5445 singulis
2870 5373 3000 5427 illud
3043 5365 3540 5438 congruentissima
3579 5373 3635 5419 et

2048 5481 2175 5520 vere
2209 5467 2311 5522 dici
2361 5481 2518 5535 posse
2560 5468 2800 5523 arbitror
2837 5483 2850 5519 :
2889 5483 2907 5516 ι
2944 5462 3083 5520 Num
3120 5459 3347 5516 divitias.
3370 5456 3631 5515 bonitatis

2050 5558 2166 5626 ejus
2207 5567 2261 5612 et
2290 5560 2587 5617 tolerantiae
2619 5569 2671 5615 et
2711 5557 2953 5614 lenitatis
2997 5550 3356 5615 contemnis?
3400 5548 3630 5622 1800?“
