4132 6316
471 334 575 390 1³59

1462 335 1522 391 Ι.
1564 333 1838 394 ογιιιιιι
1874 331 2346 389 ΑωιΑΝυιιιΜ
2383 335 2713 394 ARCHIEP.

3647 320 3751 378 lC!)

471 453 773 509 bonitatem
839 450 936 508 Del
987 448 1057 506 ad
1104 449 1535 521 resipiscentiam
1587 461 1639 507 te
1684 449 1954 505 invitare?
1992 451 2059 503 At

2164 448 2331 521 ὁρτῆς
2375 452 2695 521 περιπεσεῖν
2747 446 3066 517 κινήμασιν.
3104 436 3276 511 Οἶμαι
3321 438 3380 493 δδ
3421 435 3602 507 ἔγωγε
3644 434 3752 487 τῶν

472 542 773 599 secundum
823 542 1240 597 obstinationem
1289 550 1457 609 tuam,
1492 551 1547 598 et
1588 558 1684 598 cor
1734 543 2055 612 resipiscere

473 635 715 690 nescium
750 634 1085 688 thesaurizas
1116 633 1209 687 tihi
1248 633 1351 703 ipsi
1389 634 1523 688 iram
1557 634 1608 689 in
1637 636 1722 690 die
1754 635 1848 690 irae
1880 644 1934 689 et
1966 650 2051 688 re-

471 721 759 776 velatiouis
779 720 909 791 justi
941 721 1127 792 judicii
1164 723 1255 777 Dei
1274 723 1343 777 ’⁸.
1378 743 1399 775 ι
1426 724 1832 780 Traltuntenim
1857 725 1951 791 ita,
1976 726 2051 779 uti

472 812 607 872 dixi,
641 812 742 880 ipsi
789 813 841 865 in
880 826 941 867 se
982 813 1283 881 punitionis
1328 823 1558 883 tempus,
1594 816 1843 872 fortassis
1881 819 2045 871 etiam

474 903 635 956 soluti
663 903 789 958 inde
810 911 863 957 et
888 905 1087 969 securi,
1114 906 1239 975 quia
1274 905 1456 960 dill'crt
1483 908 1675 975 punire
1702 923 1820 970 eos,
1850 918 1898 963 et
1926 912 2052 979 quia

479 996 710 1063 turpiter
731 995 1169 1064 delinquentibus
1191 1010 1406 1065 poenam
1431 1013 1536 1052 non
1563 998 1784 1069 irrogat.
1805 997 2054 1056 Trahunt

477 1099 606 1153 ergo
640 1095 862 1154 peccata
903 1086 1057 1155 quasi
1108 1085 1348 1141 funiculo
1380 1087 1565 1156 longo,
1599 1098 1653 1143 et
1694 1091 1849 1159 quasi
1887 1089 2052 1160 jugali

477 1173 596 1226 loro
624 1173 896 1241 iuvencae,
930 1174 1269 1242 iniquitates.
1295 1174 1761 1241 Quemadmodum
1792 1178 1935 1231 enim
1961 1179 2052 1247 qui

468 1264 729 1331 iuvencas
756 1264 839 1318 vel
875 1266 1041 1319 boves
1066 1265 1209 1334 jugis
1232 1267 1582 1332 submittunt,
1612 1268 1833 1322 trahunt
1865 1285 2043 1339 quan—

474 1354 652 1423 doque
673 1354 723 1406 vi
753 1352 942 1418 multa,
968 1363 1022 1407 et
1044 1353 1267 1423 alligant
1300 1354 1366 1408 ad
1404 1353 1617 1411 labores
1645 1373 1657 1408 :
1686 1356 1753 1410 ad
1780 1358 2051 1423 eumdem,

476 1443 664 1503 credo,
684 1442 854 1511 ipsutn
880 1442 1118 1505 modum,
1139 1443 1190 1496 hi
1216 1443 1307 1512 qui
1336 1458 1395 1498 se
1416 1443 1678 1509 objiciunt
1709 1445 1803 1501 ira:
1833 1446 2049 1514 divinae,

476 1533 692 1588 dicunt:
710 1549 730 1585 ‹
754 1533 1197 1603 Appropinquent
1220 1534 1329 1587 cito
1344 1550 1463 1603 qua
1480 1534 1659 1601 faciet,
1678 1545 1737 1591 ut
1755 1537 2054 1605 videamus,

475 1633 531 1676 ct
558 1623 1032 1677 veniatconsilium
1056 1624 1228 1678 sancti
1254 1624 1488 1689 lsraelis,
1510 1635 1569 1681 ut
1589 1628 1840 1686 sciamus.
1857 1648 1876 1682 ι
1903 1628 2055 1686 Alius

479 1715 608 1768 item
642 1727 675 1768 e
707 1714 911 1768 sanctis
946 1715 1221 1784 prophetis
1258 1714 1401 1785 luget
1429 1730 1644 1786 quoque
1672 1732 1766 1772 eos
1789 1719 1877 1789 qui
1912 1719 2053 1774 istud

2152 538 2412 592 τοιούτων
2441 540 2657 610 ἑκάστῳ
2681 554 2785 609 πρε
2796 533 3116 589 πωδέστατά
3138 548 3197 585 τε
3222 531 3317 584 καὶ
3346 525 3565 596 άληθῶς
3593 523 3752 579 δύνα-

2157 630 2280 684 σθαι
2309 630 2489 699 λέγειν
2523 632 2667 701 ἡμᾶς
2685 645 2698 659 ·
2735 648 2753 681 ι
2794 627 2867 681 Ἦ
2886 624 2979 679 τοῦ
3004 623 3236 677 πλούτου
3258 619 3356 690 τῆς
3381 616 3753 690 χρηστότητος

2155 721 2347 785 αὐτοῦ,
2384 723 2478 776 καὶ
2509 722 2609 793 τῆς
2642 720 2861 791 ἀνοχῆς,
2892 717 2987 771 καὶ
3031 716 3130 785 τῆς
3165 710 3553 785 μακροθυμίας
3584 725 3753 762 κατα-

2155 815 2395 885 φρονεῖς,
2431 812 2644 881 ἀγνοῶν
2689 812 2772 865 ὅτι
2820 809 2885 863 τὸ
2930 806 3165 881 χρηστὸν
3194 802 3288 858 τοῦ
3316 798 3453 855 θεοῦ
3485 801 3565 863 είς
3598 799 3754 870 μετά-

2154 902 2305 956 νοιάν
2340 918 2397 955 σε
2426 903 2584 971 ἄγεις
2617 899 2771 955 Κατᾶ
2791 899 2849 953 δὲ
2872 898 2970 969 τὴν
3002 891 3348 967 σκληρότητὰ
3378 907 3475 944 σου
3498 888 3596 943 καὶ
3617 888 3753 967 ἀμε-

2153 993 2415 1065 τανόητον
2460 993 2690 1065 καρδῖαν
2745 989 3106 1064 θησαυρίζεις
3167 982 3385 1055 σεαυτῷ
3441 979 3631 1055 ὀργὴν,
3695 981 3752 1032 ἐν

2154 1082 2339 1154 ἡμέρᾳ.
2386 1083 2555 1152 ὀργῆς
2617 1082 2712 1135 καὶ
2761 1078 3159 1148 ἀποκαλύψεως
3204 1075 3301 1130 καὶ
3355 1068 3753 1142 δικαιοκρισίας

2153 1169 2248 1222 τοῦ
2282 1169 2437 1225 Θεοῦ.
2453 1190 2471 1221 ι
2498 1169 2755 1224 Ἐλκουσι
2776 1169 2906 1240 γάρ,
2930 1168 3006 1231 ὼς
3032 1167 3191 1235 ἔφην,
3216 1164 3373 1216 αὐτοὶ
3395 1161 3517 1216 καθ’
3543 1160 3751 1215 ἑαυτῶν

2154 1260 2248 1315 τὸν
2279 1261 2379 1331 τῆς
2412 1261 2688 1325 κολάσεως
2718 1260 2930 1333 καιρὸν,
2960 1258 3101 1329 τάχα
3123 1273 3227 1310 που
3263 1252 3748 1328 μικροψυχοῦντες,

2154 1351 2235 1404 ὅτι
2278 1350 2466 1421 μέλλει
2514 1352 2757 1416 κολάζων
2808 1348 3166 1413 αὐτοὺς,καὶ
3212 1347 3291 1418 μὴ
3337 1342 3752 1416 πλημμελοῦσιν

2155 1441 2475 1505 ἁκαθέκτως
2509 1443 2743 1495 ἐπετίθει
2791 1442 2890 1507 τὰς
2938 1438 3383 1505 δίκας.Ἕλκουσι
3424 1437 3602 1491 τοίνυν
3652 1435 3752 1500 τὰς

2155 1533 2432 1605 ἁμαρτίας
2481 1533 2557 1598 ὼς
2610 1522 2805 1605 σχοῖνῳ
2848 1533 3065 1605 μακρῷ,
3096 1532 3189 1586 καὶ
3234 1531 3310 1595 ὡς
3356 1528 3521 1598 ζυγοῦ
3568 1527 3753 1599 ἱμάντι

2154 1626 2440 1698 δαμάλεως
2485 1626 2588 1691 τὰς
2637 1627 3115 1698 ἁνομίας.”Ωσπερ
3159 1624 3270 1697 γὰρ
3315 1624 3414 1687 τὰς
3463 1620 3750 1693 δαμάλεις.

2155 1718 2275 1790 ἦτοι
2309 1719 2406 1784 τὰς
2437 1717 2565 1791 βοῦς
2597 1718 2962 1792 ὑποφέροντες
2991 1720 3104 1780 τοῖς
3136 1716 3342 1785 ζυγοῖς,
3367 1714 3617 1769 ἕλκουσιν
3640 1711 3751 1765 ἐσθ’

476 1806 666 1859 dicunt
690 1805 936 1874 idemque
962 1809 1224 1863 sentiunt.
1248 1806 1364 1874 Vae,
1385 1808 1578 1878 inquit,
1612 1809 2052 1867 desiderantibus

2164 1811 2245 1865 ὅτε
2274 1812 2372 1864 σὺν
2407 1810 2499 1883 βίᾳ
2524 1810 2716 1882 πολλῇ,
2745 1811 2841 1865 καὶ
2875 1807 3373 1876 καταδεσμεύουσιν
3409 1808 3489 1868 εἰς
3535 1802 3748 1867 πόνοὶς·

475 1896 615 1950 diem
636 1895 867 1962 Domini,
886 1908 940 1951 et
964 1897 1050 1952 illa
1074 1910 1157 1954 est
1182 1899 1359 1970 caligo
1380 1908 1435 1955 et
1455 1915 1564 1955 non
1589 1901 1705 1969 lux,
1730 1910 1785 1956 et
1807 1903 2053 1972 opacitas

477 2003 582 2042 non
630 1987 836 2043 habens
877 1988 1058 2043 lumen
1088 2005 1265 2044 suum.
1294 1991 1581 2058 Quocirca,
1610 2007 1731 2046 cum
1767 1992 1933 2047 Deum
1963 1993 2053 2049 oi-

476 2077 690 2135 feusum
715 2095 836 2135 esse
865 2080 1240 2150 intelligimus,
1260 2082 1546 2138 confestim
1568 2084 1688 2139 duci
1719 2085 2055 2153 pmnitudine

475 2180 714 2239 oportet,
746 2179 804 2225 et
833 2171 1084 2239 precibus
1114 2172 1352 2228 assiduis
1389 2172 1539 2227 illum
1574 2174 1821 2245 mitigare
1849 2178 2050 2244 potius,

476 2276 582 2315 non
632 2273 963 2317 commotum
1009 2263 1124 2334 jam
1171 2264 1417 2330 irritare,
1481 2280 1581 2321 nec
1629 2266 2052 2323 comminantem

477 2362 845 2409 contemnere.
894 2354 991 2410 Est
1031 2356 1175 2410 enim
1209 2356 1346 2411 lenis
1376 2366 1430 2411 et
1460 2357 1686 2412 multum
1719 2360 2052 2421 misericors.

475 2444 730 2503 auferens
763 2446 1106 2517 iniquitates,
1127 2456 1183 2504 et
1213 2463 1477 2520 superans
1504 2448 1819 2519 iujnstitias,
1842 2460 1898 2506 et
1921 2467 2054 2521 pau-

473 2536 554 2590 cis
586 2537 912 2607 quandoque
939 2539 1199 2610 lacrymis
1226 2540 1592 2608 peccantium,
1620 2538 1687 2593 ad
1724 2539 2058 2609 placabilita-

479 2640 585 2683 tem
627 2630 1093 2700 serenitatemque
1122 2631 1222 2685 sibi
1259 2632 1625 2700 gratissimam
1661 2633 1981 2689 traducitur.

2153 1901 2246 1955 τὸν
2278 1902 2472 1965 αὐτὸν,
2504 1896 2657 1973 οἶμαι
2680 1941 2695 1965 ,
2725 1902 2926 1974 τρόπον
2959 1902 3202 1954 κάκεῖνοι
3225 1900 3339 1961 τοῖ;
3378 1900 3442 1951 ἐκ
3475 1895 3626 1958 θείας
3658 1894 3752 1965 ὀρ-

2155 1991 2262 2060 γῆς
2299 1992 2771 2065 ὲπισυμδήσεσθαι
2809 1990 3092 2064 μέλλουσιν
3130 1990 3358 2052 ἑαυτοὺς
3384 1988 3756 2059 ὑποφέροντες

2156 2082 2417 2155 ἔφασκοψ
2446 2103 2465 2137 ‹
2489 2085 2795 2156 Ἐγγισάτω
2817 2084 2878 2139 τὺ
2897 2084 3083 2154 τάχος,
3108 2082 3143 2138 ἃ.
3170 2083 3402 2151 ποιήσει,
3422 2080 3509 2133 ἵνα
3531 2080 3753 2147 ἴδωμεν,

2156 2177 2253 2233 καὶ
2281 2177 2483 2232 ἐλθέτω
2510 2181 2544 2250 ἡ
2578 2178 2743 2250 βουλὴ
2766 2178 2859 2232 τοῦ
2899 2177 3056 2247 ἁγίου
3096 2173 3314 2247 Ἰσραὴλ
3343 2173 3431 2226 ῖνα
3458 2172 3698 2241 γνῶμεν.
3731 2191 3751 2222 ι

2156 2269 2328 2323 Τοῦτο
2363 2269 2624 2340 λέγοντας
2668 2272 2764 2325 καὶ
2801 2269 2943 2325 οὕτω
2993 2267 3410 2341 πεφρονηκότας
3441 2265 3538 2319 καὶ
3569 2263 3758 2334 ἔτερος

2155 2362 2265 2417 τῶν
2300 2364 2472 2432 ἁγίων
2505 2364 2804 2437 προφητῶν
2835 2363 3112 2429 ταλανίζει
3152 2361 3351 2429 λέγων·
3387 2359 3525 2412 Οὐαὶ
3554 2356 3605 2410 οἱ
3635 2358 3756 2409 ἑπι-

2157 2454 2457 2526 θυμοῦντες
2486 2458 2587 2529 τὴν
2610 2457 2825 2529 ἡμέραν
2859 2456 3089 2526 Κυρίου·
3120 2453 3215 2509 καὶ
3236 2452 3376 2523 αῦτη
3402 2452 3516 2505 ἐστὶ
3543 2450 3754 2513 σκότος,

2160 2549 2257 2602 καὶ
2282 2549 2345 2602 οὐ
2377 2548 2514 2619 φῶς,
2549 2550 2643 2604 καὶ
2673 2550 2874 2619 γνόφος
2899 2548 3001 2603 οὐκ
3029 2547 3168 2619 ἔχων
3193 2544 3392 2615 φέγγος
3424 2541 3607 2596 αὐτοῦ.
3638 2539 3759 2614 Χρὴ

2158 2640 2339 2695 τοίνυν
2382 2642 2750 2713 μανθάνοντας
2782 2643 2864 2697 ὅτι
2891 2640 3194 2709 λελύπηται
3226 2636 3380 2700 Θεὸς,
3417 2631 3759 2706 παραχρῆμα

478 2727 777 2797 μετανοεῖν,
808 2725 905 2779 καὶ
948 2724 1353 2797 άκαταλήκτοις
1398 2728 1732 2798 προσευχαῖς
1781 2728 2153 2800 μειλίσσεσθαι
2185 2716 2193 2727 ’
2228 2736 2429 2807 μᾶλλον
2460 2738 2656 2803 αὐτὸν,
2723 2738 2783 2791 οὗ
2816 2734 3181 2809 παροτρύνειν
3239 2733 3322 2788 ἔτι
3352 2727 3717 2799 κεκινημένον
3740 2738 3757 2755 ο

472 2818 600 2874 οὔτε
637 2819 745 2892 μὴν
772 2818 1125 2886 ἀπειλοῦντος
1151 2822 1540 2893 καταφρονεῖνο
1580 2821 1935 2895 μακρόθυμος
1956 2826 2066 2897 γάρ
2097 2828 2236 2897 ἐστι,
2295 2831 2391 2885 καὶ
2440 2830 2749 2897 πολυέλεος,
2816 2829 3111 2900 ἀποφέρων
3157 2828 3413 2900 ἀνομίας,
3448 2825 3543 2877 καὶ
3590 2821 3762 2892 ὑπερ-

475 2910 681 2965 εαίνων
713 2909 927 2975 ἀδικίας
954 2930 968 2943 ο
998 2910 1092 2966 καὶ
1134 2914 1350 2985 μικροῖς
1394 2911 1511 2967 ἔσθ’
1554 2913 1643 2968 ὅτε
1680 2914 1936 2987 δακρύοις
1980 2916 2089 2971 τῶν
2125 2921 2528 2994 ἡμαρτηκότων
2583 2923 2676 2976 ἐπὶ
2717 2921 2816 2993 τὴν
2877 2919 3028 2992 αὐτῷ
3062 2921 3387 2991 φιλαιτάτην
3415 2911 3761 2986 γαληνότητα

480 3004 896 3075 μεθιστάμενος.

552 3096 825 3163 \’sss.20,
871 3097 965 3153 2i.
1018 3095 1107 3154 Va:
1149 3098 1446 3155 dicentibus
1494 3098 1695 3155 malum
1739 3099 1966 3165 bonum,
2013 3110 2061 3155 τι

2239 3098 2382 3153 Οὐαί
2413 3101 2469 3153 οὶ
2495 3098 2781 3169 λέγοντες
2802 3097 2868 3152 τὸ
2900 3096 3170 3166 πονηρὸν
3194 3095 3409 3161 καλὸν,
3432 3094 3530 3148 καί
3558 3092 3627 3147 τό
3654 3112 3761 3148 κα-

480 3191 674 3246 bonum
704 3191 946 3258 malum;
981 3193 1070 3261 qui
1110 3205 1308 3260 ponunt
1340 3192 1580 3248 tenebras
1606 3193 1798 3257 lucem,
1824 3208 1870 3248 et
1892 3196 2064 3249 lucem

482 3280 752 3348 tenebras;
772 3285 859 3353 qui
878 3294 1077 3353 ponuut
1099 3300 1341 3338 amarum
1364 3284 1539 3353 dulce,
1562 3296 1608 3340 et
1630 3288 1782 3340 dulce
1799 3303 2064 3344 anmrum.

496 3371 587 3426 Vae
616 3372 698 3425 his
729 3372 820 3442 qui
859 3372 958 3425 sibi
1001 3373 1129 3441 ipsis
1178 3374 1419 3428 videntur
1454 3375 1746 3443 sapientes,
1791 3387 1839 3430 et
1887 3391 2065 3431 coram

484 3462 778 3530 semetipsis
800 3461 1079 3532 prudentes
1105 3471 1251 3519 sunt.

556 3552 878 3621 lnsipientes
923 3566 1046 3607 esse
1084 3552 1307 3607 omnino
1343 3565 1438 3608 eos
1479 3554 1643 3608 etiam
1694 3555 1843 3610 hisce
1886 3556 2067 3613 verbis

486 3645 697 3714 arguit,
736 3643 826 3712 qui
861 3651 1086 3712 peccata
1128 3643 1284 3712 quasi
1332 3642 1493 3715 longo
1518 3644 1632 3717 94
1662 3645 1908 3702 funiculo
1950 3656 2066 3703 tra-

484 3735 642 3790 hunt.
681 3733 817 3788 Cum
858 3733 1003 3788 enim
1041 3734 1417 3802 paenitentiam
1456 3738 1605 3791 omni
1657 3736 1814 3793 laude
1851 3739 2066 3809 dignam

482 3824 818 3887 existimare,
836 3832 893 3878 et
922 3837 981 3877 se
999 3823 1067 3876 ab
1090 3823 1169 3876 ira
1204 3824 1550 3892 impendente
1575 3827 1743 3893 probe
1765 3843 1831 3883 ac
1859 3828 2068 3897 integre

484 3914 719 3970 vivendo
767 3926 1116 3977 conservare,
1158 3920 1214 3968 et
1262 3912 1375 3968 Deo
1423 3916 1784 3987 omnipotenti
1838 3916 2066 3984 oﬂ‘euso,

483 4018 647 4076 prece
671 4015 726 4060 et
752 4005 1168 4077 supplicatione,
1206 4020 1268 4061 se
1300 4008 1534 4077 probare
1565 4019 1847 4080 oporteret
1872 4029 1886 4065 :
1911 4027 2069 4066 num-

486 4098 702 4154 tnularii
744 4100 974 4169 improbi
1017 4110 1336 4166 evaserunt,
1374 4102 1615 4171 turpiora
1664 4103 1716 4157 in
1754 4106 1932 4173 pretio
1970 4104 2070 4159 ha-

485 4193 698 4259 bentes,
715 4200 963 4249 notantes
982 4207 1117 4247 vero
1141 4203 1200 4248 ut
1220 4194 1588 4250 adulterinum
1614 4196 1753 4251 citra
1776 4197 2067 4253 discrimen

488 4282 540 4336 id
571 4283 715 4353 quod
746 4283 1108 4352 praestabilius
1132 4294 1241 4350 est,
1268 4293 1325 4341 et
1357 4286 1424 4340 ad
1451 4301 1604 4342 suam
1642 4288 1880 4356 ipsorum
1923 4288 2071 4343 salu-

491 4380 602 4425 tem
646 4370 1016 4425 utilissimum.
1044 4375 1313 4429 Convenit
1338 4390 1470 4446 ergo
1512 4377 1639 4441 hoc,
1675 4377 1766 4433 Vae
1806 4379 1934 4446 illis,
1988 4380 2070 4435 sic

2166 3188 2284 3244 ,ων
2314 3190 2605 3258 πονηρὸν,
2637 3191 2693 3243 οἱ
2731 3188 2993 3255 τιθέντες
3023 3186 3089 3242 τὸ
3112 3188 3336 3252 σκότος
3373 3184 3518 3255 φῶς,
3546 3184 3646 3239 καί
3692 3187 3763 3241 τὸ

2168 3276 2296 3347 φῶς
2322 3278 2565 3344 σκότος,
2594 3280 2648 3331 οἱ
2686 3277 2949 3344 τιθέντες
2976 3276 3043 3331 τὸ
3072 3275 3285 3345 πικρὸν
3311 3274 3530 3345 γλυκὺ,
3561 3274 3662 3328 καὶ
3695 3275 3763 3330 τὸ

2167 3369 2364 3440 γλυκὺ
2405 3370 2641 3438 πικρόν.
2672 3369 2819 3424 Οὐαί
2866 3371 2922 3423 oi
2967 3369 3212 3423 συνετοί
3248 3367 3317 3421 ἐν
3358 3365 3619 3434 ἑαυτοῖς,
3662 3365 3764 3422 καὶ

2167 3463 2433 3517 ἐνώπιον
2457 3460 2689 3516 ἑαυτῶν
2712 3462 3140 3531 ἐπιστήμονες.

2254 3554 2571 3616 Ἀσυνέτους
2592 3553 2755 3617 ὄντας
2777 3549 3057 3616 παντελῶς
3084 3551 3180 3605 καὶ
3205 3551 3295 3606 διὰ
3323 3552 3526 3606 τούτων
3547 3549 3765 3623 ἐλέγχει

2168 3647 2296 3710 τοὺς
2322 3645 2423 3709 τὰς
2455 3645 2731 3717 ἁμαρτίας
2762 3644 3183 3714 ὲπισπωμένους
3202 3643 3279 3708 ὡς
3300 3644 3518 3715 σχοινίῳ
3544 3642 3764 3715 μακρῷ.

2169 3737 2299 3790 Δέον
2332 3736 2444 3807 γὰρ
2467 3735 2688 3788 ἐπαίνου
2716 3733 2918 3798 παντὸς
2939 3731 3126 3800 ἀξιοῦν
3145 3733 3207 3786 τὸ
3231 3731 3429 3806 χρῆναι
3455 3735 3764 3803 μετανοεῖν,

2170 3828 2264 3881 καὶ
2306 3826 2393 3880 διὰ
2447 3826 2629 3898 πάσης
2663 3823 2962 3888 ἐπιεικείας
3002 3824 3367 3878 ἀπαλλάττειν
3397 3825 3624 3885 ἑαυτοὺς
3663 3826 3764 3897 τῆς

2170 3918 2274 3988 ὲπη
2283 3936 2381 3990 ρτη
2391 3918 2556 3991 μένης
2585 3917 2778 3989 ὀργῆς,
2812 3917 2907 3969 καὶ
2929 3919 3048 3981 ταῖς
3074 3918 3354 3986 νηστείαις
3376 3916 3766 3985 ἀπολογεῖσθαι

2169 4006 2528 4077 λελυπημένῳ
2580 4005 2660 4074 τῷ
2708 4006 2925 4059 πάντων
2978 4004 3267 4077 κρατοῦντι
3313 4005 3433 4075 Θεῷ
3457 4022 3469 4035 '
3514 4005 3765 4074 ἀδόκιμοι

2170 4097 2429 4169 γεγόνασι
2458 4095 2804 4167 τραπεζῖται,
2832 4094 3104 4165 τιμῶντες
3128 4094 3225 4165 μὲν
3254 4093 3322 4147 τὰ
3343 4093 3562 4164 αἰσχίω,
3589 4111 3767 4148 κατα-

2171 4189 2582 4262 κιὸδηλεύοντες
2616 4188 2673 4241 δὲ
2718 4187 2781 4240 τὸ
2812 4187 3162 4259 ἁσυγκρίτως
3193 4186 3439 4257 ἄμεινον,
3468 4186 3562 4240 καὶ
3595 4186 3656 4240 τὸ
3682 4187 3766 4240 ὅτι

2175 4282 2414 4355 μάλιστα
2457 4279 2736 4343 λυσιτελὲς
2780 4281 2857 4343 είς
2906 4277 3183 4350 σωτηρίαν
3227 4277 3429 4339 αὐτοῖς.
3465 4275 3674 4347 Πρέπει
3698 4276 3766 4348 δὴ

2171 4372 2266 4430 οὖν
2320 4374 2430 4445 ἄρα
2480 4376 2591 4437 τοῖς
2638 4371 2780 4425 οὕτω
2832 4369 3202 4441 πεφρονηκόσι
3253 4368 3315 4422 τὸ
3367 4367 3509 4421 οὐαί.
3531 4366 3768 4422 Ἀνόσιοι

490 4461 733 4529 allectis,
787 4461 913 4533 quia
971 4464 1023 4519 in
1078 4467 1290 4535 seipsos
1339 4466 1485 4535 impii
1542 4476 1597 4522 et
1652 4470 1801 4523 stulti
1855 4469 2061 4540 jndices

2173 4469 2283 4541 γὰρ
2343 4468 2437 4522 καὶ
2480 4465 2729 4520 άσύνετοι
2775 4462 2898 4517 καθ’
2938 4461 3146 4516 ἑαυτῶν
3186 4462 3442 4530 γεγόνασι
3489 4461 3766 4515 δικασταί.

489 4555 837 4610 exstiterunt.
863 4555 1078 4611 Etenim
1113 4571 1239 4609 eum
1278 4556 1478 4610 malum
1512 4559 1710 4612 bonum
1756 4575 1878 4615 esse
1922 4562 2065 4616 dice-

491 4656 634 4712 rent,
658 4657 713 4703 et
745 4650 1001 4704 tenebras
1026 4648 1199 4703 lucent
1225 4649 1505 4717 ducerent,
1531 4661 1585 4706 et
1615 4667 1859 4707 amarum
1892 4654 2065 4722 dulce,

492 4750 546 4795 et
592 4739 749 4795 dulce
797 4755 1043 4796 amarum
1091 4739 1425 4797 allirmarent
1456 4762 1469 4798 :
1503 4759 1739 4815 cumque
1780 4746 2069 4804 maluerint

492 4832 833 4887 calamitates
863 4832 986 4888 belli
1012 4834 1231 4899 subire,
1260 4850 1383 4890 cum
1419 4836 1618 4907 alioqui
1658 4837 1814 4895 facile
1849 4855 1877 4892 a
1910 4840 2068 4895 malis

493 4923 762 4977 immunes
788 4934 911 4977 esse
950 4926 1274 4993 potuissent,
1312 4929 1596 4997 repudiata
1624 4929 1788 4984 etiam
1829 4932 1942 5002 ipsa
1976 4946 2074 5001 per

490 5012 1190 5086 Christumiltustrstione,
1219 5019 1273 5074 in
1301 5021 1544 5077 tenebris
1578 5019 1975 5077 remanserunt.
2006 5020 2075 5075 Et

492 5106 624 5161 uit-it
670 5106 930 5176 prOpheta
958 5124 974 5163 :
1004 5127 1025 5162 ι
1060 5109 1193 5165 Cum
1237 5123 1618 5182 exspectarent
1661 5114 1869 5179 lucem,
1918 5113 2075 5170 factae

491 5206 622 5251 sunt
662 5197 767 5253 illis
818 5199 1090 5267 tenebrae;
1141 5213 1530 5271 exspectantes
1582 5204 1963 5276 splendorem,
2023 5206 2075 5260 in

494 5290 726 5360 caligine
775 5293 1153 5348 versabantur.
1202 5313 1221 5346 ι
1272 5294 1354 5348 Ad
1406 5310 1525 5350 eam
1570 5311 1698 5353 vero
1746 5298 2076 5369 impietatem

496 5382 775 5452 animique
802 5382 1179 5441 eﬂ'erationem
1212 5386 1482 5467 provoluti
1515 5398 1663 5456 sunt,
1693 5398 1752 5443 ttt
1788 5399 2093 5458 quantum--

498 5473 583 5527 vis
613 5473 711 5530 Dei
737 5472 1044 5531 clementia:
1072 5475 1300 5547 ejusque
1327 5478 1440 5549 spei
1476 5478 1825 5536 dulcissimus
1870 5480 2078 5535 fructus

500 5561 607 5617 illis
638 5564 950 5635 propositus
980 5578 1156 5635 esset,
1192 5584 1474 5640 penarum
1511 5579 1689 5629 tamen
1722 5573 1822 5645 ipsi
1860 5574 2070 5630 acerhi-

586 5711 639 5805 ξ’
672 5712 832 5772 Rom.
871 5733 932 5786 ll,
968 5719 1019 5786 ι,
1071 5720 1124 5775 5.

2176 4561 2251 4615 Τδ
2283 4561 2380 4630 μὲν
2408 4559 2517 4630 γὰρ
2548 4557 2782 4629 πονηρὸν
2808 4554 2973 4610 καλὸν
3005 4550 3144 4607 εἶναι
3174 4553 3447 4623 λέγοντες,
3472 4555 3773 4623 καταλογι-

2177 4651 2396 4722 ζόμενοι
2428 4653 2488 4704 τδ
2516 4649 2704 4713 σκότος
2735 4648 2871 4718 φῶς,
2906 4646 3089 4699 καὶτὸ
3123 4647 3221 4717 μὲν
3254 4645 3451 4716 πικρὸν
3483 4646 3681 4714 γλυκὺ,
3711 4647 3774 4701 τὺ

2176 4745 2235 4799 δὲ
2276 4743 2450 4813 γλυκὺ
2486 4741 2681 4813 πικρὸν
2718 4737 2859 4795 εἶναι
2886 4737 3390 4807 διαϐεδαιούμενοι,
3436 4735 3525 4790 διά
3570 4753 3635 4805 γε
3674 4737 3772 4791 τοῦ

2180 4837 2378 4892 παθεῖν
2404 4835 2618 4889 ἑλέσθαι
2659 4834 2757 4897 τὰς
2802 4835 2867 4886 ὲκ
2898 4831 2992 4885 τοῦ
3023 4831 3262 4901 πολέμου
3291 4829 3576 4901 συμφορὰς
3599 4871 3614 4895 ,
3649 4832 3774 4884 καί.

2179 4946 2264 4983 τοι
2299 4928 2460 4999 μετὸν
2505 4926 2742 5011 εὐκόλως
2783 4924 2888 4989 ἔξω
2932 4922 3185 4992 γενέσθαι
3233 4919 3326 4973 τοῦ
3380 4918 3591 4983 κακοῦ,
3628 4936 3777 4990 παρ.

2179 5021 2453 5091 ωσάμενοι
2485 5019 2542 5073 δὲ
2580 5010 2685 5071 και
2716 5016 2881 5071 αὑτὸν
2926 5015 3018 5068 τὸν
3066 5013 3155 5067 διὰ
3187 5010 3428 5083 Χριστοῦ
3461 5013 3775 5082 φωτισμὸν.

2185 5112 2561 5183 μεμενήκασιν
2594 5111 2653 5163 έν
2695 5108 2891 5179 σκότῳ.
2921 5107 3033 5161 Καὶ
3068 5107 3123 5159 τί
3155 5123 3319 5178 φησιν
3364 5106 3394 5158 ό
3446 5105 3777 5176 προφήτηςς

2184 5224 2202 5257 t
2225 5204 2666 5273 ’Υπομεινάντων
2699 5200 2816 5270 φῶς
2843 5198 3063 5268 ἐγένετο
3092 5198 3276 5262 αὐτοῖς
3304 5197 3523 5260 σκότος’
3556 5214 3623 5268 με
3634 5197 3781 5249 {vano

2175 5314 2269 5360 τες
2301 5297 2475 5366 αὐγὴν
2511 5297 2568 5347 ὲν
2598 5292 2789 5364 σκοτίᾳ
2819 5292 3253 5364 περιεπάτησαν.
3286 5309 3303 5340 ι
3340 5287 3695 5342 Κατὼλισθον
3722 5287 3780 5339 δὲ

2175 5386 2494 5449 δυσϐουλίας
2527 5387 2606 5449 είς
2642 5385 2803 5439 τοῦτο
2842 5385 2936 5437 και
2968 5382 3181 5453 φρενῶν
3214 5380 3537 5452 ἀγριότητος
3558 5418 3571 5438 ,
3629 5376 3779 5433 ὥστε

2177 5480 2272 5534 καὶ
2305 5476 2673 5550 προκειμένης
2716 5476 2896 5539 αὐτοῖς
2932 5476 3012 5538 είς
3040 5474 3341 5529 ἀπόλαυσιν
3372 5472 3470 5542 τῆς
3500 5470 3781 5540 ἡμερότης

2183 5588 2273 5635 τος
2315 5569 2408 5625 τοῦ
2457 5567 2614 5634 Θεοῦ,
2646 5569 2741 5624 καὶ
2788 5567 2885 5637 τῆς
2932 5565 3179 5620 ἐντεῦθεν
3226 5563 3485 5633 γλυκείας
3536 5561 3778 5633 ἐλπίδος,
