4134 6304
355 371 449 427 ίδί

1513 357 1577 413 ω
1618 355 1852 412 ιδΔΙᾹΜ
1892 353 2022 409 ιω.
2065 356 2109 410 ι.
2150 355 2361 412 ΟΚᾹΤ.
2401 354 2499 412 ιν.

3520 356 3544 413 ί
3554 352 3622 407 tl!

349 494 569 546 ιῖλτιτο
599 486 797 561 μᾶλλον
830 483 984 540 αὐτοὶ
1012 481 1109 547 τὰς
1134 481 1200 534 ἐκ
1229 477 1322 532 τοῦ
1347 477 1669 542 κολάζεσθαι
1693 474 1940 546 πικρίας,

2063 481 2216 527 tatem
2260 474 2571 541 elegerunt,
2606 481 2659 526 et
2706 470 2791 525 ltls
2833 467 3168 539 gravissimis
3204 468 3416 536 quidem
3466 470 3624 523 malis

355 585 449 636 καὶ
475 585 599 642 ταῖς
634 578 775 632 οὕτω
806 577 999 638 δεινοῖς
1034 569 1394 642 ἐκτρύχεσοαι
1433 570 1642 631 κακοῖς.
1679 563 1953 619 Πεπονοέ-

359 691 445 726 ναι
474 672 535 724 δὲ
568 669 721 722 τοῦτό
750 683 912 738 φησιν
943 663 1162 725 αὐτοὺς,
1192 662 1274 714 ὅτι
1304 659 1589 727 γεγόνασιν
1636 660 1692 708 ἐν
1739 656 1954 717 ἑαυτοῖς

363 763 596 828 συνετοὶ,
651 761 745 813 καὶ
793 756 1024 810 ἐνώπιον
1075 751 1282 807 ἑαυτῶν
1329 744 1952 819 ἐπιστήμονες.Ἀληθὲς

365 855 440 908 ὅτι
466 853 610 906 κατὰ
626 852 720 921 τὴν
741 849 831 903 τοῦ
852 843 1258 917 Παροιμιαστοῦ
1279 843 1486 913 φωνὴν,
1505 861 1521 891 ι
1545 837 1954 906 ’Λνεξὲλεγκτος

366 947 527 1015 σοφία
553 944 841 996 πλανᾶται.
874 962 889 992 ι
911 937 1169 1009 Φορτικδν
1190 937 1246 989 δὲ
1273 936 1365 988 καὶ
1389 935 1679 1003 ἐπιζήμιον
1710 929 1771 983 τδ
1801 946 1954 1000 περι-

368 1037 683 1101 αυτίςεσοαι
714 1036 892 1103 φιλεῖν
925 1035 1038 1095 τοῖς
1071 1029 1229 1083 τοῦτο
1268 1028 1402 1097 δρᾷν
1430 1025 1683 1087 εἰωθόσι,
1707 1021 1798 1075 καὶ
1825 1023 1954 1075 ἁπο-

369 1129 564 1182 eam;
594 1128 731 1199 μόνῃ
759 1127 824 1196 τῇ
865 1123 972 1193 ίδίςι
999 1120 1192 1191 γνώμῃ
1223 1120 1284 1173 τὸ
1311 1119 1492 1172 δοκεῖν
1514 1116 1710 1168 εἰδέναι
1732 1114 1789 1167 τὸ
1812 1114 1956 1183 ὠφε-

373 1217 514 1274 λοῦν.
545 1217 701 1272 Οὕτω
734 1216 826 1269 καὶ
859 1212 1099 1285 Γράμμα
1130 1211 1291 1280 φησὶν
1328 1208 1474 1275 ἱερόν
1500 1225 1511 1236 ·
1558 1207 1616 1259 Ὀ
1642 1206 1697 1258 δὲ
1742 1203 1955 1258 κατοιά-

381 1327 535 1380 μενος
563 1310 655 1362 καὶ
695 1303 1115 1375 καταφρονητὴς
1165 1300 1305 1370 ἀνὴρ
1349 1296 1564 1361 ἀλαζὼν
1594 1297 1742 1349 οὐδὲν
1775 1295 1835 1347 οὐ
1881 1294 1956 1365 μὴ

380 1401 603 1472 mpsim.
642 1397 858 1466 Ταύτην
895 1395 1110 1464 ἔχοντες
1146 1391 1243 1460 τὴν
1273 1389 1580 1461 ἀρρωστίαν
1615 1389 1695 1449 είς
1716 1386 1839 1439 νοῦν
1862 1385 1957 1439 καὶ⁵

386 1493 608 1562 καρδίαν
652 1493 702 1542 oi.
739 1489 847 1541 τῶν
880 1485 1152 1538 Ἰουδαίων
1186 1480 1510 1550 καθηγηταὶ,
1545 1479 1641 1542 τὰς
1675 1477 1824 1548 παρὰ
1861 1475 1954 1529 τοῦ

383 1582 636 1654 Σωτῆρος
681 1581 781 1632 οὑκ
818 1577 1062 1646 ἐδέχοντο
1096 1568 1605 1644 συμϐουλά;.Ἦσαν
1635 1570 1763 1641 γὰρ,
1792 1565 1954 1640 ἦσαν,

374 1674 485 1727 οὐκ
534 1672 762 1726 ἐνώπιον
800 1671 1005 1741 Κυρίου
1057 1668 1275 1738 μᾶλλον,
1327 1665 1442 1718 ἀλλ’
1476 1663 1703 1716 ἐνώπιον
1752 1662 1957 1715 ἑαυτῶν

378 1767 759 1836 ἐπιστήμονες,
801 1759 1197 1832 ἐξοφρυώμενοι
1228 1758 1326 1828 μὲν
1353 1757 1444 1810 καὶ
1468 1755 1609 1825 μέγα
1638 1752 1958 1824 φρονοῦντες

2052 564 2293 618 dit-esuri
2328 563 2652 618 maluerunt.
2701 564 2862 629 quue
2894 571 3174 629 propterea
3220 559 3324 613 illis
3362 561 3627 616 accidisse

2050 656 2148 718 ait,
2181 655 2324 724 quod
2366 655 2504 722 apud
2545 654 2752 722 seipsos
2801 652 3096 722 sapientes,
3131 662 3186 705 et
3219 651 3271 704 in
3305 651 3476 705 oculis
3516 654 3626 706 suis

2052 747 2345 814 prudentes
2377 747 2702 798 viderentur.
2730 745 2877 812 Quod
2907 742 3124 811 quidem
3154 758 3338 794 verum
3366 754 3468 807 est,
3501 747 3629 810 quia

2046 835 2201 905 juxta
2233 833 2602 888 Parmmiastte
2631 851 2817 887 vocent
2842 835 2887 864 "
2924 852 2935 885 :
2979 851 2995 883 ι
3029 833 3305 903 Sapientia
3339 835 3628 901 reprelien-

2053 928 2221 982 sionis
2252 928 2564 997 impatiens,
2583 937 2746 979 errat.
2780 944 2799 977 ι
2822 924 2887 979 Et
2913 924 3012 978 sibi
3048 925 3323 991 pta‘litlcre
3352 924 3546 980 solt-re.
3572 933 3629 975 et.

2053 1031 2116 1068 ex
2146 1030 2247 1070 suo
2287 1016 2513 1068 albitrio
2549 1014 2862 1083 judicioqtte
2907 1014 3044 1073 solo,
3072 1014 3200 1081 quid
3247 1013 3373 1065 utile
3406 1014 3624 1076 cognitu

2052 1106 2142 1168 sit,
2169 1107 2457 1174 explicare,
2488 1107 2538 1158 id
2565 1119 2724 1175 grave
2751 1115 2833 1158 est
2864 1115 2917 1158 et
2961 1105 3320 1172 perniciosum
3347 1105 3432 1158 his
3459 1106 3546 1174 qui
3577 1106 3628 1158 id

2057 1199 2240 1252 facere
2293 1207 2712 1253 consueverunt.
2772 1196 2866 1252 Sic
2915 1197 3077 1250 etiam
3133 1214 3286 1250 sat-ra
3349 1199 3629 1267 Set-Tptura

2055 1290 2230 1359 inquit
2259 1307 2272 1343 :
2303 1288 2542 1343 Iusolens
2569 1298 2622 1341 et
2661 1298 2998 1355 contemptor
3022 1292 3086 1341 at:
3121 1289 3202 1341 vir
3231 1305 3390 1358 atrrog
3410 1308 3487 1340 ins
3523 1304 3627 1342 non

2057 1381 2329 1451 proliciet.
2362 1381 2495 1437 Cum
2535 1379 2639 1434 hoc
2676 1380 2838 1433 animi
2875 1382 3062 1435 morbo
3092 1380 3392 1433 laborarent
3418 1379 3631 1433 Iudaeo-

2056 1488 2175 1527 rum
2219 1476 2404 1539 dutrcs,
2441 1471 2668 1527 consilio
2717 1470 3027 1526 Servat0ris
3079 1488 3184 1524 non
3220 1474 3497 1538 acquieret
3530 1480 3626 1522 ιιιῑ.

2055 1563 2225 1618 Erant
2253 1565 2421 1628 enim,
2449 1574 2606 1618 erant
2647 1566 2962 1632 prudentes,
3007 1577 3112 1617 non
3141 1564 3280 1631 apud
3321 1561 3628 1627 Dotninom,

2057 1656 2148 1708 sed
2189 1655 2329 1724 apud
2369 1669 2448 1717 se,
2491 1653 2777 1723 supercilia
2813 1655 3080 1715 tollentes,
3125 1661 3182 1705 et
3212 1651 3317 1703 alte
3357 1651 3628 1715 sapientes

2059 1742 2278 1814 ιιι-θρίοι-
2317 1744 2621 1799 divinarum
2670 1743 2846 1814 legunt
2894 1742 3201 1805 scientiam,
3242 1754 3364 1793 cum
3409 1739 3632 1792 otnnino

382 1860 476 1912 ἐπὶ
635 1856 740 1908 τῶν
787 1827 946 1907 θείων
989 1827 1189 1923 είδήσει
1231 1827 1430 1922 νόμων,
1472 1848 1770 1917 ἐγνωκότες
1802 1847 1859 1900 δὲ
1898 1846 1958 1900 τὺ

2063 1836 2191 1890 nihil
2240 1835 2518 1890 sciverint.
2568 1834 2705 1889 (Σιεςί
2741 1835 2883 1889 enim
2927 1843 3101 1891 erant.
3135 1832 3286 1902 juxta
3326 1827 3632 1884 Servatoris

383 1946 602 2018 σύμπαν
629 1943 796 1998 οὐδέν.
827 1942 1027 2011 Τυφλοὶ
1054 1942 1156 2012 γὰρ
1180 1935 1319 2010 ἦσαν
1346 1938 1561 2008 τυφλῶν
1588 1937 1792 2006 ὁδηγοὶ,
1820 1934 1958 1989 κατὰ

380 2039 476 2108 τὴν
502 2035 666 2091 αὑτοῦ
691 2035 782 2088 τοῦ
810 2034 1065 2104 Σωτῆρος
1098 2032 1302 2102 φωνήν.

451 2132 593 2187 Οὐαί
619 2133 674 2186 οἱ
708 2130 1026 2198 ἰσχύοντες
1052 2124 1238 2196 ὑμῶν,
1263 2127 1316 2178 οι
1345 2124 1452 2178 τὸν
1469 2119 1638 2177 οἶνον
1655 2122 1957 2183 πίνοντες.

381 2224 479 2282 καὶ
511 2227 565 2279 οι
600 2221 892 2277 duracta!
935 2222 988 2273 οἱ
1027 2216 1428 2286 κεραννύντες
1479 2213 1545 2268 τὸ
1597 2213 1811 2279 σίκερα
1837 2229 1850 2242 ·
1903 2210 1960 2264 οι

381 2314 751 2379 δικαιοῦντες
791 2311 900 2364 τὸν
945 2306 1133 2375 ἀσεϐῆ
1163 2306 1341 2360 ἕνεκα
1375 2303 1598 2373 δώρων,
1640 2301 1736 2356 καί
1769 2299 1837 2354 τὸ
1868 2297 1960 2352 δι.

385 2424 552 2462 καιον
572 2404 676 2460 τοῦ
703 2403 939 2457 δικαίου
967 2401 1264 2470 αἴροντες.
1575 2406 1585 2412 ‘

455 2498 520 2551 Ui.
546 2500 645 2566 τῆς
689 2493 957 2549 Ἰουδαίων
994 2490 1319 2560 συναγωγῆς
1351 2485 1633 2558 ἁδρότεροι
1660 2501 1721 2538 τε
1754 2484 1846 2537 καὶ
1870 2482 1961 2536 εὐ-

384 2584 723 2656 κλεέστεροι,
742 2582 839 2637 καί
859 2582 919 2634 τὸ
947 2579 1204 2651 προῖιχειν
1227 2577 1336 2630 τῶν
1361 2576 1535 2630 ἄλλων
1561 2577 1618 2628 ἐν
1636 2575 1834 2646 εἰδήσει
1855 2574 1961 2626 τῶν

384 2675 551 2729 θείων
585 2675 801 2745 ἔχοντες
838 2671 1042 2739 νόμων,
1078 2669 1174 2722 καὶ
1206 2668 1304 2730 τὰς
1332 2665 1464 2736 παρ’
1496 2665 1679 2726 αὐτοῖς
1709 2661 1963 2731 ποιούμε-

386 2783 472 2823 νοι
501 2761 1090 2838 κρίσεις,διε6έ6ληντο
1118 2758 1257 2821 λίαν,
1287 2756 1362 2820 ὡς
1388 2756 1658 2824 ἄπληστον
1687 2755 1766 2817 είς
1797 2753 1965 2822 δωρο·

389 2857 574 2910 δοκίαν
597 2852 927 2912 ἐκτείνοντες
957 2850 1113 2919 χεῖρα
1133 2885 1147 2908 ,
1181 2847 1273 2899 καὶ
1301 2847 1411 2906 τοῖς
1439 2843 1648 2917 ἀδικεῖν
1689 2841 1963 2895 ἐθέλουσιν

393 2947 657 3014 ἀδελφοὺς
697 2941 794 3012 τὴν
827 2940 952 3010 παρ’
990 2936 1194 2992 ἑαυτῶν
1226 2935 1458 2999 εὐκόλως
1514 2930 1964 2996 καταπωλοῦντες

393 3039 572 3111 ψῆφον
596 3053 610 3068 ·
636 3035 806 3090 καίτοι
832 3030 922 3086 τοῦ
955 3032 1116 3102 νόμον
1152 3028 1397 3097 λέγοντος
1419 3024 1660 3098 ἐναργῶς
1679 3043 1692 3054 ’
1737 3043 1755 3076 ⁴
1776 3023 1966 3094 κρίμα

394 3127 598 3181 δίκαιον
641 3123 876 3195 κρίνατε.
911 3139 930 3173 ι
961 3120 1082 3172 Ὀτι
1106 3117 1163 3172 δέ
1190 3119 1339 3170 ἐστιν
1373 3115 1567 3185 ἀληθὲς
1613 3115 1641 3168 ὅ
1683 3130 1845 3185 φημι,
1876 3130 1963 3165 πι-

394 3221 651 3273 στώσεται
700 3215 873 3282 λέγων
922 3214 950 3266 ὁ
999 3211 1285 3281 προφήτης
1334 3207 1691 3279 Ἀμὸακούμ·
1747 3225 1765 3257 ι
1815 3205 1962 3270 Ἕως

385 3310 546 3375 τίνος,
588 3307 781 3379 Κύριε,
814 3301 1173 3374 κεκράξομαι,
1208 3301 1300 3354 καὶ
1333 3300 1430 3353 οὐκ
1461 3297 1790 3372 εἰσακοόσῃς
1836 3296 1964 3369 βοή-

382 3420 547 3475 σομαι
595 3399 730 3471 πρὸς
769 3398 827 3451 σὲ
862 3397 1235 3467 ἀδικούμενος,
1277 3395 1370 3446 καὶ
1400 3392 1460 3445 οὐ
1493 3390 1726 3459 σώσεις;
1763 3391 1882 3444 Ἵνα
1909 3388 1966 3442 τί

381 3496 590 3561 ἔδειξας
631 3509 720 3564 μοι
755 3490 954 3553 κόπους
982 3489 1075 3542 καὶ
1105 3486 1320 3550 πόνους,
1346 3483 1657 3537 ἐπιϐλέπειν
1688 3482 1965 3536 ταλαιπω-

389 3587 510 3660 ρίαν
540 3585 633 3640 καὶ
662 3581 949 3644 ἀσέϐειανς
983 3577 1072 3644 Ἐξ
1103 3578 1350 3639 ἐναντίας
1386 3593 1486 3646 μου
1522 3574 1712 3644 γέγονε
1746 3572 1927 3644 κρίσις
1945 3611 1960 3637 ι

386 3680 479 3732 καὶ
503 3679 532 3729 ὁ
555 3677 747 3746 κριτὴς
773 3672 1054 3742 λαμὸανει.
1077 3670 1175 3724 Διὰ
1199 3669 1357 3722 τοῦτο
1376 3667 1746 3721 διεσκέδασται
1768 3663 1929 3733 νόμος
1945 3703 1962 3728 ,

389 3771 480 3823 καὶ
513 3770 572 3821 οὐ
609 3766 914 3832 διεξάγεται
941 3765 1017 3825 είς
1048 3763 1195 3824 τέλος
1226 3760 1395 3832 κρίμα
1421 3798 1435 3822 ,
1470 3760 1551 3812 ὃτι
1581 3756 1781 3826 ἀσεϐὴς
1805 3771 1967 3809 κατα-

382 3859 700 3916 δυναστεύει
726 3858 818 3911 τὸν
844 3854 1273 3909 δίκαιον.Ἔνεκα
1310 3852 1497 3904 τούτου
1537 3848 1874 3915 ἐξελεύσεται
1903 3845 1967 3899 τὸ

385 3954 562 4026 κρίμα
607 3947 1056 4020 διεστραμμένον.
1090 3965 1108 3996 ι
1145 3946 1252 3998 Καὶ
1282 3944 1441 4005 αὐτὸς
1484 3941 1540 3994 δέ
1589 3939 1692 3993 πού
1746 3955 1908 4009 φησιν
1937 3938 1966 3990 ὁ

386 4045 675 4107 θεσπέσιος
713 4040 942 4102 Ἡσαΐας
969 4037 1106 4108 πρὸς
1153 4036 1252 4107 τὴν
1284 4031 1654 4104 Ἰερουσαλὴμ,
1707 4032 1825 4102 ἦτοι
1867 4028 1965 4099 τὴν

386 4135 527 4191 Σιών
552 4153 564 4165 ο
608 4154 628 4185 ι
658 4133 721 4186 Οἱ
755 4128 1011 4202 ἄρχοντές
1056 4144 1151 4180 σου
1187 4124 1520 4186 ἀπειθοῦσιν,
1556 4123 1798 4176 κοινωνοὶ
1843 4121 1966 4175 κλε-

386 4226 564 4292 πτῶν,
597 4223 914 4292 ἀγαπῶντες
943 4221 1109 4292 δῶρα,
1136 4217 1423 4280 διώκοντες
1450 4214 1798 4284 ἀνταπόδομα
1825 4229 1838 4242 ο
1870 4213 1964 4283 όρο

386 4321 578 4390 φανοίς
602 4317 664 4370 οὐ
696 4314 987 4385 κρίνοντες,
1015 4312 1109 4367 καὶ
1149 4310 1327 4382 κρίσει
1370 4308 1546 4378 χήρας
1574 4306 1634 4357 οὐ
1676 4303 1967 4376 προσέχον-

382 4430 499 4475 τες.
533 4430 552 4463 ι
601 4409 785 4462 Ταῦτα
829 4407 885 4460 δὲ
943 4405 1111 4477 ἔδρων
1155 4399 1397 4472 αἰσχρῶν
1454 4398 1754 4469 λημμάτων
1793 4394 1969 4468 ἡττώ·

2057 1942 2266 1992 vocem,
2298 1925 2465 1981 duces
2487 1939 2779 1980 caecorum.

2133 2123 2295 2178 Vsus.
2319 2121 2409 2190 22,
2438 2121 2529 2178 25.
2597 2119 2684 2174 γω
2726 2122 2806 2176 his
2836 2123 2924 2192 qui
2960 2122 3095 2175 inter
3140 2137 3222 2175 vos
3255 2120 3459 2173 robusti
3507 2123 3633 2172 utut

2057 2214 2127 2267 ad
2148 2216 2422 2268 bibendum
2442 2217 2643 2278 uinum,
2667 2213 2896 2281 elgolidi
2922 2214 2989 2267 ad
3015 2213 3335 2266 miscendam
3365 2213 3586 2264 siceram
3610 2219 3634 2264 ε

2058 2307 2147 2376 qui
2164 2304 2462 2377 justiﬁcanl
2503 2305 2719 2373 impium
2763 2311 2976 2374 propter
3016 2318 3252 2367 innuero,
3286 2310 3334 2354 et
3365 2301 3633 2371 justitiam

2051 2398 2192 2468 justi
2220 2396 2409 2450 tollunt
2432 2396 2496 2448 ab
2522 2411 2604 2449 eo.

2129 2484 2401 2540 Primores
2433 2493 2488 2540 et.
2552 2483 2870 2539 nobilissimi
2931 2480 3169 2539 Judaicm
3218 2482 3537 2554 Synagogze,
3582 2491 3637 2538 et

2062 2577 2152 2647 qui
2190 2577 2333 2631 inter
2355 2575 2491 2630 alios
2512 2575 2823 2645 cognitione
2858 2573 3163 2628 divinarum
3189 2574 3366 2645 legum
3421 2574 3632 2627 emine-

2046 2668 2214 2733 ‘baut,
2239 2666 2553 2734 ju'diciaque
2599 2667 2738 2735 apud
2789 2678 2884 2720 eos
2919 2662 3028 2734 95
3073 2666 3418 2727 exercebant,
3457 2665 3637 2736 gravi-

2065 2767 2148 2812 ter
2179 2755 2338 2824 hujus
2368 2754 2613 2808 criminis
2642 2753 3077 2817 arcessebantur,
3125 2753 3278 2822 quasi
3338 2754 3404 2805 ad
3475 2751 3637 2820 largi-

2067 2845 2241 2901 tiones
2298 2843 2639 2912 accipiendas
2673 2844 3045 2912 inexplebilem
3076 2858 3291 2896 mamnn
3338 2845 3637 2897 extenden-

2067 2946 2165 2999 tes,
2185 2947 2238 2990 et
2267 2934 2461 3003 quibus
2486 2934 2699 2987 aninms
2722 2943 2839 2988 erat
2869 2934 3120 3004 injuriam
3154 2935 3333 2988 laeere
3359 2934 3640 2998 fratribus,

2065 3027 2150 3083 his
2173 3026 2334 3082 facile
2381 3041 2536 3080 suum
2565 3024 2877 3093 suﬂragium
2921 3026 3235 3090 vendentes,
3316 3025 3441 3078 licet
3493 3026 3639 3077 clare

2067 3120 2211 3171 dicat
2255 3118 2375 3170 lex:
2412 3134 2429 3165 ι
2463 3114 2732 3169 .ludiciuut
2758 3116 2964 3182 justum
3000 3113 3238 3180 judicale
3267 3115 3334 3166 ’⁷.
3378 3133 3396 3164 ι
3431 3113 3636 3167 Verum

2064 3208 2348 3275 essequod
2386 3206 2508 3260 dico
2536 3206 2878 3258 conﬁrmabit
2904 3206 3169 3274 prapbeta
3211 3203 3504 3267 Habacum,
3553 3207 3638 3258 di-

2063 3315 2190 3357 cens
2215 3315 2234 3354 :
2270 3317 2290 3351 ι
2330 3296 2621 3366 Quousque
2673 3282 2941 3361 clamabo,
2977 3309 3033 3352 et
3059 3312 3163 3351 non
3190 3297 3484 3352 exaudies?
3540 3312 3635 3351 vo-

2063 3392 2331 3448 cilerabor
2374 3389 2439 3443 ad
2486 3400 2536 3443 te
2577 3388 2680 3441 vim
2733 3389 2964 3459 patiens,
3037 3399 3092 3443 et
3162 3405 3267 3442 non
3356 3387 3642 3442 servabis?

2063 3479 2537 3550 Quareostendisti
2576 3479 2705 3533 mibi
2740 3479 2952 3534 labores
2973 3488 3024 3533 et
3050 3479 3264 3534 dolores
3319 3489 3378 3533 ut
3405 3479 3637 3533 viderem

2065 3575 2338 3628 miseriam
2384 3583 2434 3626 el
2494 3569 2864 3640 impietatem?
2912 3570 3111 3626 Contra
3142 3586 3229 3626 tne
3294 3569 3493 3624 factum
3555 3581 3641 3624 cst

2057 3660 2345 3729 judicium,
2373 3671 2429 3716 et
2474 3661 2638 3727 judex
2696 3662 2914 3729 accipit.
2960 3660 3081 3716 Ideo
3112 3663 3366 3732 dissipata
3411 3671 3495 3716 est
3529 3663 3637 3724 lex,

2065 3764 2244 3807 etnon
2271 3753 2584 3818 perductum
2607 3759 2693 3804 est
2717 3751 2781 3804 ad
2814 3752 2970 3805 liuent
2990 3750 3276 3818 judicium,
3297 3754 3419 3820 quia
3448 3753 3641 3820 impius

2066 3841 2495 3912 praavaletjusto.
2525 3842 2727 3896 Idcirco
2739 3842 2901 3896 exibit
2917 3841 3183 3911 judicium
3205 3860 3514 3912 perversum
3535 3842 3598 3895 ".
3615 3861 3635 3894 ι

2067 3935 2286 3988 Diviuus
2307 3949 2522 4002 quoque
2563 3932 2726 3987 Isaias
2761 3935 2872 4002 ipse
2901 3934 3190 4002 alloquitur
3217 3931 3520 3986 Jerusalem
3546 3949 3639 3988 seu

2067 4025 2232 4079 Sion:
2272 4043 2291 4075 ι
2334 4023 2610 4091 Principes
2645 4025 2720 4076 tui
2751 4038 2854 4076 non
2887 4024 3166 4084 obediunt,
3201 4022 3332 4076 socii
3359 4032 3488 4079 sunt
3554 4023 3639 4078 fu-

2065 4113 2460 4180 ratn,dilignnt
2507 4127 2748 4174 munera,
2809 4111 3020 4164 iubiant
3093 4109 3350 4179 pratniis,
3427 4112 3643 4182 pupillis

2068 4204 2460 4274 ttonjudicant,
2491 4201 2772 4269 etjudicio
2825 4199 2999 4254 viduae
3033 4215 3137 4255 n0n
3201 4205 3576 4260 attendunt”.
3617 4225 3637 4258 ι

2068 4300 2194 4356 11ωο
2225 4307 2403 4352 autem
2435 4295 2701 4358 fecerunt,
2747 4293 2983 4362 corrupti
3014 4296 3245 4351 sordidis
3303 4300 3641 4365 muneribus,

2071 4406 2133 4443 ac
2163 4386 2416 4442 fortassis
2446 4386 2611 4439 etiam
2661 4383 2826 4454 impie
2847 4383 3185 4454 colligentes,
3217 4395 3271 4441 et
3297 4389 3362 4442 ad
3407 4391 3642 4444 fomenta

390 4517 538 4572 μενοι
555 4516 566 4530 ·
588 4498 683 4552 καὶ⁵
698 4497 838 4567 τάχα
860 4493 1053 4548 που.τὰ
1078 4493 1157 4556 εἰς
1181 4489 1375 4551 πότους
1399 4489 1490 4541 καὶ
1513 4486 1719 4558 τρυφὰς
1743 4485 1961 4547 ἀνοσίως

2077 4480 2341 4535 [ωιίιιι-ιιιη
2383 4476 2714 4546 voluptatum
2759 4491 2822 4529 ex
2879 4475 3091 4545 injuriis
3122 4491 3492 4545 corrogautes.
3543 4479 3642 4534 Ac-

388 4592 780 4663 ἐρανιςόμενοι,
811 4587 903 4640 καὶ
951 4586 1010 4651 ἐξ
1051 4582 1274 4636 ἀδικιῶν
1326 4579 1689 4647 συλλέγοντες.
1724 4579 1970 4632 Δίτιᾶται

388 4683 499 4753 γὰρ
515 4682 705 4742 αὐτοὺς
727 4679 814 4731 διὰ
829 4677 1010 4746 φωνῆς
1037 4676 1333 4747 προφήτου,
1352 4671 1542 4740 λέγων·
1562 4672 1672 4725 Καὶ
1692 4669 1759 4724 τὰ
1782 4670 1973 4739 ἱμάτια

387 4768 569 4827 αὐτῶν
593 4767 941 4838 δεσμεύοντες
964 4764 1236 4836 σχοινίοις,
1265 4765 1738 4834 παραπετάσματα
1756 4761 1970 4814 ἐποίουν

387 4863 626 4934 ἐχόμενα
653 4860 744 4914 τοῦ
778 4854 1167 4928 θυσιαστηρίου
1185 4896 1200 4919 ,
1224 4856 1316 4907 καὶ
1341 4851 1484 4908 οἶνον
1505 4857 1569 4906 ἐκ
1595 4850 1969 4922 συκοφαντιῶν

384 4958 571 5011 ἔπινον
597 4954 655 5004 ἐν
681 4950 757 5022 τῷ
783 4950 915 5021 οἴκῳ
933 4946 1025 5002 τοῦ
1055 4945 1191 5000 Θεοῦ
1217 4944 1412 5000 αὐτῶν.
1429 4945 1565 4998 Οὐαὶ
1588 4945 1788 5008 τοίνυν,
1811 4940 1962 5011 φησὶ,

381 5049 497 5109 τοῖς
532 5044 712 5114 ἀδροῖς
741 5042 832 5095 καὶ
856 5040 1120 5104 δυνατοῖς,
1146 5039 1258 5100 τοῖς
1289 5037 1534 5108 ἀρτίουσι
1565 5034 1868 5106 περιέργως
1903 5029 1965 5083 τὸ

382 5137 599 5207 σίκερα,
632 5134 744 5197 τοῖς
773 5129 1110 5202 φιλοπόταις,
1143 5124 1238 5180 καὶ
1265 5125 1520 5193 ἀγαπῶσι
1553 5123 1742 5194 μέθην,
1763 5123 1875 5185 τοῖς
1905 5121 1966 5174 τὺ

381 5229 594 5281 δίκαιον
616 5224 832 5296 αἴρουσι
862 5221 951 5274 τοῦ
986 5218 1213 5285 δικαίου,
1240 5215 1384 5270 τοῦτ’
1404 5215 1539 5280 ἔστι,
1564 5220 1672 5277 τοῖς
1700 5212 1963 5283 κατακρί-

372 5332 535 5370 νουσι
588 5315 688 5385 μὲν
719 5315 811 5366 τὸν
852 5311 1201 5387 ⁴1λδικημὲνοη¹
1235 5299 1570 5378 ἀπονέμουσι
1598 5305 1654 5358 δέ
1680 5304 1860 5375 ψῆφον
1885 5304 1964 5357 δι-

383 5430 411 5461 ν
425 5409 542 5462 αίαν
561 5410 674 5471 τοῖς
693 5404 909 5459 είωθόσι
937 5404 1295 5456 πλεονεκτεῖν.
1318 5401 1428 5454 Καὶ
1443 5396 1622 5459 τοῦτο,
1649 5393 1823 5467 οἶμαι,
1848 5396 1964 5448 ἐστὶ

388 5500 449 5552 τὸ
474 5497 773 5567 ἀναφανδὸν
808 5497 982 5549 εἰπεῖν
1014 5494 1073 5546 τὸ
1105 5491 1339 5564 πονηρὸν
1364 5488 1549 5554 καλὸν,
1583 5488 1676 5541 καὶ
1715 5488 1776 5540 τὸ
1803 5487 1967 5540 καλὸν

393 5589 648 5659 πονηρὸν,
679 5589 771 5641 καὶ
803 5587 986 5650 σκότος
1015 5587 1095 5648 είς
1121 5583 1255 5654 φῶς,
1283 5585 1376 5638 καὶ
1410 5583 1470 5636 τὸ
1501 5581 1614 5651 φῶς
1645 5581 1722 5642 εἱς
1754 5579 1964 5642 σκότος,

464 5744 510 5776 ’⁸
543 5745 702 5800 Prov.
736 5759 851 5807 χιιι,
895 5743 979 5799 l9.
1051 5743 1095 5773 "
1138 5741 1292 5795 Deut.
1331 5755 1367 5806 ι,
1404 5736 1489 5791 l6.

1567 5738 1612 5771 "
1643 5735 1838 5790 llahac.
1872 5753 1906 5802 ι,
1938 5735 2064 5791 2-1.

2071 4581 2224 4626 cusat
2249 4569 2446 4640 quippe
2475 4582 2568 4623 eos
2596 4580 2727 4620 voce
2752 4569 3044 4637 prophetae.
3076 4570 3262 4625 dicens
3286 4588 3300 4624 :
3336 4570 3523 4624 Vestes
3552 4587 3644 4625 eo-

2075 4678 2190 4716 rum
2232 4661 2525 4714 vincientes
2585 4658 2865 4722 funiculis,
2932 4661 3052 4715 vela
3103 4661 3346 4715 fecerunt
3395 4663 3645 4732 contigua

2073 4755 2248 4818 altari,
2282 4762 2336 4808 et
2369 4754 2550 4807 vinum
2581 4767 2645 4804 ex
2673 4753 3046 4823 sycophantiis
3110 4751 3365 4804 biberunt
3406 4752 3456 4803 iu
3486 4752 3646 4806 domo

2073 4845 2166 4900 Dci
2205 4834 2308 4899 sui.
2337 4843 2429 4899 Vm
2470 4846 2667 4911 itaque,
2703 4843 2895 4912 inquit,
2931 4840 3015 4894 bis
3044 4841 3134 4907 qui
3168 4840 3372 4894 robusti
3429 4851 3554 4894 sont
3597 4853 3644 4894 et

2073 4939 2257 5002 validi,
2312 4936 2400 5004 qui
2425 4935 2693 5005 exquisite
2718 4935 2947 4986 siceram
2984 4931 3264 4995 condiunt,
3296 4932 3385 5000 qui
3437 4933 3645 5000 potioni

2072 5028 2370 5095 indulgent,
2423 5035 2477 5076 et
2522 5023 2782 5076 ebrietate
2834 5020 3190 5085 delectantur,
3225 5023 3315 5088 qui
3375 5021 3644 5090 justitiam

2072 5119 2264 5172 tollunt
2298 5131 2329 5169 a
2368 5116 2543 5183 justo,
2582 5114 2634 5167 id
2673 5122 2774 5175 cst,
2816 5111 3014 5182 injuste
3052 5126 3367 5181 oppressum
3397 5113 3641 5165 condent-

2071 5220 2224 5277 naut,
2256 5219 2308 5264 et
2339 5223 2555 5263 causam
2583 5206 2861 5262 hominum
2889 5204 3129 5258 avaritia:
3152 5202 3482 5257 studentium
3503 5201 3644 5268 justa

2071 5302 2333 5360 sententia
2360 5297 2636 5368 adjuvant.
2671 5296 2738 5352 Et
2781 5299 2882 5353 hoc
2924 5298 3081 5365 plane
3139 5303 3243 5357 est,
3288 5305 3345 5346 ut
3389 5293 3643 5357 arbitror,

2075 5395 2279 5450 malum
2309 5394 2493 5447 dicere
2529 5391 2752 5454 bonum,
2779 5399 2833 5444 et
2874 5389 3068 5442 bonum
3130 5385 3352 5451 malum,
3403 5386 3648 5438 tenebras

2074 5485 2271 5549 lucem,
2321 5493 2375 5537 et
2410 5483 2582 5536 lucem
2612 5480 2887 5540 tenebras,
2919 5490 3166 5531 amarum
3197 5476 3376 5538 dulce,
3405 5483 3456 5527 et
3485 5472 3645 5526 dulce

2076 5548 2341 5634 aibat-um.
2409 5576 2660 5647 Deplorat
2723 5582 2904 5627 autern
2964 5573 3017 5626 in
3072 5571 3325 5627 omnibus
3375 5569 3648 5634 robustos,

2139 5736 2182 5767 "
2215 5733 2316 5787 lsa.
2354 5747 2391 5797 t,
2421 5731 2510 5788 ‘25.
