4134 6304
478 387 581 442 ibi"

1468 380 1528 438 S.
1569 376 1849 437 CYRILLI
1888 371 2360 430 ALEXANDRINI
2400 367 2722 429 ARClllEP.

3655 369 3759 424 ιιι

479 501 852 575 prmcellentcs
902 510 957 557 et
1020 509 1403 573 prapotentes,
1470 497 1904 567 quandoquidem
1965 509 2060 563 pn-

2176 493 2220 547 ιδ
2248 492 2444 563 πικρὸν
2476 490 2669 560 γλυκὺ,
2698 490 2793 543 καὶ
2825 488 2885 541 τὸ
2924 486 3094 556 γλυκὺ
3134 486 3352 556 πικρόν.
3372 485 3569 539 ’ἰστέον
3598 484 3653 537 δὲ
3676 487 3756 540 ὅτι

480 604 660 651 tentes
682 602 931 663 potenter
954 603 1008 648 et
1033 593 1235 648 acriter
1267 589 1682 661 torquebuntur,
1712 596 1768 641 et
1797 587 1884 643 cui
1918 586 2059 637 mnl-

476 692 595 742 tum
638 686 878 740 additum
931 694 1035 750 est,
1087 684 1155 739 ab
1197 698 1263 739 eo
1320 682 1545 737 multant
1588 680 1856 749 exigetur,
1903 676 2060 746 juxta

478 792 667 833 vocem
704 776 1036 831 Servatoris.
1089 774 1207 829 Non
1239 774 1382 829 enim
1440 773 1552 842 pari
1609 769 1873 839 supplicio
1942 764 2063 821 afﬂ-

480 869 693 922 cientur
721 867 1069 937 principes'et
1097 865 1321 921 subditi.
1377 863 1592 918 Etenim
1644 860 1701 916 hi
1762 864 2064 930 praetexunt

481 959 753 1015 interdum
794 974 989 1016 senon
1030 958 1172 1014 scire
1195 957 1525 1012 voluntatem
1573 951 1774 1009 domini
1830 950 1911 1005 sui
1947 967 1961 1004 :
2008 957 2065 1002 at

483 1050 559 1105 illi
595 1051 696 1105 etsi
744 1052 921 1106 sciant
963 1049 1332 1114 exactissime,
1382 1062 1489 1103 non
1542 1044 1793 1099 fecerunt
1859 1050 2059 1095 tamen.

481 1141 723 1212 Eamque
756 1142 825 1198 ob
871 1155 1094 1196 causam
1124 1139 1321 1195 merito
1361 1137 1578 1194 duriora
1606 1134 1878 1206 patientur
1916 1130 1983 1186 ab
2000 1146 2064 1186 eo

482 1235 572 1304 qui
605 1249 822 1304 poenam
860 1231 1088 1303 irrogat.

555 1404 719 1458 Vens.
757 1402 849 1457 24.
880 1400 1167 1472 Propterea
1213 1398 1653 1471 quemadmodum
1678 1408 1928 1454 saturetur
1971 1398 2070 1453 sti-

483 1499 612 1563 puta
648 1509 680 1546 a
707 1494 932 1547 carbone
961 1493 1120 1562 ignis,
1143 1502 1189 1545 et
1225 1493 1559 1545 comburetur
1595 1507 1625 1543 a
1653 1490 1871 1558 ﬂamma
1934 1504 2069 1543 reso-

487 1588 625 1648 luta,
683 1587 840 1638 radis:
867 1601 1049 1639 eorum
1086 1585 1238 1655 quasi
1262 1585 1457 1655 lanugo
1482 1584 1602 1649 erit,
1631 1593 1679 1637 et
1740 1585 1839 1652 ﬂos
1887 1598 2066 1636 eorum

485 1688 541 1729 ut
573 1677 704 1730 cinis
733 1679 994 1730 ascendet.

552 1768 666 1841 96
691 1768 975 1836 Quoniam,
1009 1766 1208 1839 inquit,
1232 1773 1420 1821 contra
1450 1774 1510 1821 Se
1543 1765 1643 1836 ipsi
1677 1771 2066 1834 protraxerunt

2160 584 2376 639 δυνατοὶ⁹
2392 582 2632 646 δυνατῶς
2657 579 3050 652 ἐτασθήσονται
3073 592 3085 607 '
3110 577 3205 631 καὶ
3227 570 3270 644 ᾧ
3297 576 3596 649 παρέθεντο
3619 576 3755 628 πολὺ

2162 676 2549 749 περισσότερον
2587 671 2880 727 ἀπαιτοῦσι
2932 671 3061 741 παρ’
3097 668 3285 733 αὑτοῦ,
3340 669 3481 722 κατά
3518 669 3619 739 τὴν
3660 668 3755 723 τοῦ

2162 770 2412 840 Σωτῆρος
2444 768 2649 839 φωνήν.
2682 767 2755 821 Οὐ
2786 766 2893 837 γὰρ
2917 765 3017 835 ἴσῳ
3044 763 3228 835 τρόπῳ
3256 761 3325 815 τὰ
3351 761 3452 832 τῆς
3480 761 3755 825 κολάσεως

2163 860 2315 915 ἔσται
2367 852 2481 923 τοῖς
2511 876 2570 911 τε
2625 858 2951 930 ἡγουμένοις
2979 855 3072 909 xui.
3105 857 3216 918 τοῖς
3248 852 3352 907 ὑπὸ
3379 854 3536 923 χεῖρα
3565 852 3755 923 κειμέ-

2163 952 2373 1014 νοις.οΞ
2409 952 2507 1022 μὲν
2536 948 2645 1021 γὰρ
2676 948 2788 1002 ἔσθ’
2811 949 2899 1002 ὅτε
2924 943 3324 1016 προϐαλοῦνται
3357 944 3418 997 τὸ
3449 943 3523 1015 μὴ
3558 944 3757 998 εἰδέναι

2164 1042 2324 1113 τυχὸν
2347 1042 2406 1094 τὸ
2443 1041 2655 1112 θέλημα
2679 1039 2773 1093 τοῦ
2808 1039 2997 1111 κυρίου
3026 1037 3206 1093 αὐτῶν
3228 1053 3240 1067 ⁸
3278 1040 3326 1092 at
3355 1036 3412 1090 δὲ
3438 1037 3617 1091 καίτοι
3638 1036 3757 1090 λίαν

2178 1133 2479 1202 ἐγνωκότες
2501 1131 2745 1204 ἀκριϐῶς
2767 1130 2827 1186 οῦ
2852 1131 3194 1202 δεδράκασιν.
3220 1128 3405 1201 Ταύτῃ
3428 1146 3512 1183 τοι
3528 1128 3756 1192 δικαίως

2165 1221 2600 1293 δυσαχθεστέραν
2631 1219 2963 1292 ὑπομενοῦσι
2994 1220 3094 1292 τὴν
3128 1218 3223 1273 τοῦ
3258 1218 3582 1283 κολάζοντος
3611 1216 3757 1289 κίνη-

2169 1328 2273 1366 σιν.

2237 1404 2342 1458 Διὰ
2391 1402 2590 1470 τοῦτο,
2644 1403 2717 1458 ὃν
2758 1404 2983 1474 τρόπον
3023 1401 3389 1470 καυθήσεται
3432 1404 3471 1471 ἡ
3516 1401 3753 1472 καλάμη

2166 1494 2287 1547 ὑπὸ
2349 1494 2645 1563 ἄνθρακος
2698 1495 2908 1563 πυρὸς,
2959 1495 3058 1549 καὶ
3103 1495 3595 1564 συγκαυθήσεται
3636 1491 3755 1550 ὑπὸ

2167 1580 2399 1648 φλογὸς
2431 1578 2771 1649 ἀνειμένης,
2811 1581 2849 1647 ἡ
2872 1576 3005 1646 ῥίζα
3033 1577 3235 1633 αὐτῶν
3263 1579 3343 1645 ὡς
3371 1578 3522 1648 χοῦς
3561 1578 3751 1641 ἔσται,

2168 1671 2350 1724 καὶτὸ
2372 1672 2554 1737 ἄνθος
2574 1672 2792 1735 αὐτῶν,
2815 1671 2896 1737 ὡς
2923 1671 3234 1739 κονιορτὸς
3260 1670 3650 1738 ἀναϐήσεται.

2252 1763 2472 1834 Ἐπειδὴ
2509 1764 2618 1835 γὰρ
2643 1762 2797 1816 αὐτοὶ
2842 1762 2966 1818 καθ’
2998 1762 3229 1831 ἑαυτῶν,
3272 1763 3467 1834 φησὶν,
3512 1762 3756 1817 ἐπεσπά-

484 1869 706 1929 peccata
736 1858 879 1914 velut
901 1856 1142 1913 funiculo
1182 1855 1364 1926 longo,
1409 1868 1510 1909 nec
1542 1853 1671 1909 recti
1715 1868 1895 1908 rerum
1918 1852 2063 1907 testi-

2176 1870 2330 1907 παντο
2357 1854 2455 1917 τὰς
2505 1855 2779 1925 ἁμαρτίας
2816 1853 2893 1918 ὡς
2935 1854 3155 1925 σχοινίῳ
3190 1853 3409 1925 μακρῷ,
3451 1854 3548 1907 καὶ
3598 1853 3756 1923 γεγό-

486 1960 723 2006 tnatores
783 1949 1020 2014 fuerunt,
1080 1948 1434 2004 criminantes
1487 1945 1708 2009 bonum,
1783 1943 2067 1998 laudantes

484 2042 713 2108 malum,
748 2043 1027 2110 sapientes
1048 2041 1212 2095 etiam
1240 2039 1382 2106 apud
1406 2038 1639 2105 seipsos,
1663 2044 1718 2091 et
1740 2035 1915 2092 oculis
1953 2035 2068 2090 suis

410 2163 416 2169 ~
486 2132 808 2202 prudentes,
844 2141 900 2186 et
923 2146 1044 2202 quae
1106 2129 1192 2184 his
1251 2127 1483 2183 fmdiora
1523 2136 1678 2182 erant
1738 2134 2069 2196 spectantes,

487 2224 713 2293 impium
782 2234 1009 2293 propter
1080 2235 1305 2276 munera
1359 2220 1565 2290 justum
1625 2216 2061 2289 pronuntiantes,

482 2313 571 2385 jus
584 2313 734 2382 justo
755 2313 1045 2383 eripientes
1079 2329 1093 2367 :
1150 2312 1235 2367 his
1269 2310 1522 2367 omnibus
1564 2309 1634 2365 de
1654 2309 1853 2373 causis,
1888 2314 2071 2362 ’erunt

490 2404 721 2458 materia
756 2400 1191 2468 concremabilis,
1226 2401 1400 2456 instar
1429 2399 1678 2470 stipulae,
1705 2407 1761 2453 et
1801 2397 1943 2467 ignis
1996 2395 2078 2451 lo-

487 2506 728 2549 mentum
779 2504 834 2549 et
907 2493 1141 2548 ﬂamma:
1190 2506 1436 2548 accensae
1506 2506 1605 2546 eos
1667 2492 2069 2560 depasceutur:

488 2595 549 2640 ut
598 2602 702 2640 una
727 2601 850 2639 cum
879 2585 1156 2639 radicibus
1186 2583 1429 2654 ipsorum
1469 2595 1687 2652 quoque
1714 2572 1924 2634 fructus
1949 2589 2076 2632 con-

487 2689 796 2743 sumantur,
826 2678 880 2731 id
906 2687 1009 2742 est,
1049 2686 1107 2730 ut
1130 2690 1258 2730 eum
1281 2674 1603 2746 parentibus
1633 2681 1688 2728 et
1704 2687 1771 2728 ex
1794 2671 1881 2726 bis
1905 2671 2101 2733 etiam"

495 2771 771 2841 procreati
805 2768 968 2824 simul
996 2770 1291 2833 intereant,
1323 2776 1379 2822 et
1432 2774 1705 2841 tanquam
1744 2761 2076 2833 pulvisculus

489 2840 589 2918 aut
641 2862 804 2928 cinis,
871 2860 1200 2932 rapidissimi
1266 2859 1415 2914 venti
1463 2859 1666 2928 impetu
1702 2840 2075 2926 ‘dissipentur.

488 2960 790 3014 Accensam
814 2969 940 3011 vero
960 2953 1231 3008 ﬂammam
1262 2953 1416 3020 dicit,
1442 2965 1565 3022 qua:
1589 2965 1621 3004 a
1643 2946 1791 3004 nullo
1806 2945 2077 3002 exstincta

488 3057 593 3104 est.
618 3043 979 3101 lnciditenim
1016 3044 1348 3114 quandoque
1370 3042 1511 3113 ignis
1547 3050 1603 3095 et
1632 3038 1686 3094 in
1717 3048 1980 3108 segetem,
2022 3040 2082 3093 et

487 3140 752 3205 invites,
799 3148 904 3192 non
950 3145 1131 3192 tamen
1179 3137 1566 3199 incenduntur,
1593 3131 1719 3203 qula
1764 3130 1916 3186 multi
1954 3143 2081 3186 suc-

2166 1958 2320 1999 νασιν
2352 1945 2453 1998 οὐκ
2488 1944 2639 2015 ὀρθοὶ
2665 1943 2772 1998 τῶν
2817 1943 3159 2015 πραγμάτων
3185 1945 3389 2015 κριταὶ,
3420 1942 3757 2012 καταφέγον-

2165 2053 2257 2099 τες
2291 2036 2388 2106 μὲν
2414 2035 2477 2088 τὸ
2505 2035 2730 2104 ἀγαθὸν,
2757 2034 3111 2099 ἐπαινοῦντες
3129 2035 3187 2088 δὲ
3219 2034 3280 2088 τὸ
3305 2033 3563 2106 πονηρὸν,
3606 2032 3759 2103 σοφοί

2168 2142 2228 2180 τε
2251 2121 2390 2196 ἦσαν
2419 2127 2478 2179 ὲν
2511 2126 2748 2191 ἑαυτοῖς,
2774 2126 2870 2180 καὶ
2890 2125 3123 2180 ἐνώπιον
3145 2126 3354 2180 ἑαυτῶν
3374 2125 3756 2197 ἐπιστήμονες,

2169 2216 2266 2271 καὶ
2302 2216 2441 2288 πρὸς
2469 2217 2536 2271 τὰ
2579 2216 2660 2273 ἔτι
2693 2217 2900 2272 τούτων
2956 2217 3206 2289 αἰσχίονα
3268 2216 3592 2287 βλέποντες,
3621 2216 3760 2271 δεδι-

2170 2309 2446 2363 καιώκασι
2478 2309 2575 2382 μὲν
2605 2310 2770 2364 ἕνεκα
2809 2309 2999 2383 δώρων
3026 2310 3117 2365 τὸν
3148 2309 3344 2381 ἀσεϐῆ,
3382 2311 3445 2364 τὸ
3467 2308 3525 2364 δὲ
3553 2310 3761 2364 δίκαιον

2169 2401 2264 2456 τοῦ
2287 2402 2496 2456 δικαίου
2533 2402 2722 2458 ἔλαϐον
2742 2418 2754 2432 ·
2791 2402 2995 2455 τούτων
3016 2401 3178 2456 ἕνεκα
3198 2401 3416 2456 πάντων
3432 2400 3509 2464 ὡς
3530 2400 3762 2454 εὐκατά-

2173 2508 2417 2565 πρηστος
2466 2493 2590 2566 ὕλη,
2650 2495 2745 2551 καὶ
2796 2495 3050 2565 καλάμης
3101 2494 3278 2565 δίκην,
3324 2493 3496 2565 πυρὸς
3551 2492 3761 2548 ἔσονται

2172 2583 2369 2657 τροφὴ,
2396 2586 2491 2638 καὶ
2520 2585 2717 2655 φλόγες
2743 2585 2939 2648 αὐτοὺς
2967 2584 3248 2657 ἀνειμέναι
3282 2585 3761 2657 κατανεμηθήσον-

2174 2693 2298 2745 ται,
2335 2677 2411 2740 ὼς
2452 2677 2587 2749 ὁμοῦ
2618 2680 2737 2740 ταῖς
2783 2677 2959 2747 ῥίζαις
2989 2677 3113 2740 τοὺς
3151 2674 3212 2741 ἐξ
3237 2676 3415 2731 αὐτῶν
3446 2675 3764 2746 δαπανηθῆ-

2175 2785 2265 2822 ναι
2293 2771 2538 2841 καρποὺς
2560 2811 2574 2837 ,
2605 2768 2749 2822 τοῦτ’
2802 2770 2941 2835 ἔστι,
2993 2768 3359 2825 ουνδιολέςθαι
3387 2772 3501 2834 τοῖς
3547 2769 3765 2824 τεκοῦσι

2176 2861 2245 2916 τὰ
2294 2860 2353 2928 ἐξ
2390 2861 2610 2929 αὐτῶν,
2676 2863 2770 2915 καὶ
2821 2864 2898 2927 ὡς
2941 2862 3068 2935 χοῦν
3100 2864 3133 2934 ἢ
3167 2863 3315 2919 κόνιν
3376 2863 3762 2937 ραγδαιοτάτου

2178 2954 2490 3027 πνεύματος
2514 2954 2925 3028 διαριπισθῆναι
2976 2954 3323 3027 προσϐολαῖς.
3367 2952 3685 3026 ’Δνειμένην
3708 2951 3763 3006 δὲ

2178 3047 2354 3118 φλόγα
2390 3048 2523 3121 φησὶ
2550 3048 2648 3122 τὴν
2691 3049 2782 3103 ὑπ’
2836 3047 3052 3114 οὐδενὸς
3103 3047 3493 3121 σϐεννυμένην.
3558 3049 3764 3120 Ἐμπέ-

2178 3157 2364 3194 πτωκε
2422 3140 2522 3211 μὲν
2557 3140 2668 3212 γὰρ
2710 3138 2744 3211 ἢ
2784 3140 2956 3212 ληῒοις
3012 3138 3179 3212 ἤγουν
3218 3138 3488 3210 ἀμπέλοις
3535 3138 3650 3193 ἔσθ’
3676 3141 3765 3193 ὅτι

491 3232 739 3289 currunt,
777 3238 878 3279 nec
905 3222 1087 3278 sinunt
1126 3236 1250 3277 eum
1276 3221 1633 3287 invalescere,
1665 3226 1907 3288 utagros
1928 3217 2076 3275 nullo

2305 3192 2333 3258 ί
2347 3192 2462 3281 ἀλλ’
2474 3192 2551 3282 οὐ
2569 3192 3150 3301 ’γέγονεν-νανημμένη,
3203 3192 3592 3301 ἐπαμυνόντων
3614 3192 3621 3193 7

490 3316 816 3387 prohibente
849 3314 1222 3383 depopuletur.
1239 3310 1508 3367 Caeterum
1540 3311 1589 3366 si
1618 3309 1798 3364 nullus
1831 3308 2071 3377 laborat,

494 3420 596 3463 nec
632 3405 865 3460 ulterius
888 3417 1110 3461 cursum
1146 3402 1380 3457 ﬂammae
1409 3401 1658 3472 impedit,
1692 3410 1821 3455 tunc
1847 3406 2077 3456 accensa

490 3500 624 3563 erit,
674 3507 730 3553 et
782 3495 979 3563 libera,
1022 3504 1078 3550 et
1136 3493 1403 3551 eﬂrenate
1449 3492 1812 3563 quodcunque
1858 3491 2077 3549 obvium

496 3586 743 3642 invadet.
786 3582 967 3651 Quare
1002 3583 1110 3639 Deo
1158 3582 1528 3652 omnipotente
1586 3580 1799 3637 bellicis
1849 3581 2079 3637 calami-

497 3678 703 3734 tatibus
742 3691 838 3733 eos
898 3675 1210 3745 obiiciente,
1279 3681 1337 3731 et
1389 3681 1744 3731 sacrosancto
1820 3672 2080 3743 suffragio

497 3771 794 3835 inuitante,
839 3782 963 3822 cum
1012 3766 1190 3823 nullus
1230 3766 1472 3823 omnium
1530 3765 1842 3821 subveniret
1885 3783 1902 3822 :
1954 3766 2079 3824 hinc

496 3876 784 3920 accensam
834 3859 1030 3928 facem,
1080 3859 1287 3930 optimo
1319 3860 1446 3929 jure
1490 3859 1627 3914 iram
1681 3860 1945 3918 nominat.
2013 3857 2081 3916 Ut

496 3958 640 4012 enim
676 3957 870 4011 beatus
891 3954 1067 4011 Moses
1094 3954 1212 4009 ait:
1249 3970 1269 4005 t
1303 3949 1444 4007 Deus
1471 3958 1653 4006 noster
1684 3951 1823 4021 ignis
1883 3966 2079 4008 consu-

498 4065 654 4104 mens
699 4055 803 4104 est.
849 4048 917 4104 Et
958 4048 1002 4103 si
1024 4046 1281 4102 clauserit
1346 4053 1538 4099 contra
1593 4043 1886 4110 hominem,
1956 4045 2081 4114 quis

498 4142 789 4211 aperiet“!
824 4160 843 4193 ι
879 4140 972 4196 His
1035 4141 1198 4213 igitur
1246 4137 1466 4194 divinus
1525 4136 1693 4192 David
1744 4136 1943 4192 acciuit
1999 4137 2083 4192 di-

497 4250 631 4291 cens
662 4253 676 4288 :
711 4252 731 4285 ι
766 4233 845 4288 Tu
890 4232 1275 4299 formidabilis,
1300 4246 1332 4287 ο
1363 4229 1614 4295 Domine,
1647 4230 1836 4298 ecquis
1865 4227 2082 4283 resistet

502 4329 603 4382 tibi
628 4324 690 4379 "i
736 4344 756 4378 ι
788 4323 1050 4381 Omnibus
1070 4324 1236 4395 igitur
1281 4322 1486 4377 viribus
1527 4320 1828 4391 eﬂugicnda
1856 4329 1938 4375 est
1967 4318 2082 4374 inec

502 4419 606 4484 ira,
652 4427 838 4488 utpote
867 4415 1124 4470 terribilis
1153 4426 1208 4468 et
1238 4411 1584 4467 inevitabilis.
1616 4409 1799 4479 itaque
1827 4411 2083 4464 docemur

502 4512 556 4566 in
584 4508 836 4581 precibus
862 4507 1041 4563 dicere
1069 4526 1082 4561 :
1114 4524 1133 4557 ι
1172 4503 1421 4570 Domine,
1453 4517 1520 4556 ne
1543 4501 1598 4555 in
1622 4501 1805 4555 furore
1830 4509 1922 4555 tuo
1961 4502 2083 4555 red-

503 4614 700 4673 arguas
728 4614 834 4666 nte,
867 4613 969 4653 nec
1012 4598 1092 4650 ira
1135 4606 1226 4649 tua
1261 4594 1490 4663 castiges
1535 4608 1621 4647 me
1652 4592 1693 4648 ⁸.
1731 4610 1749 4644 ι
1793 4589 1910 4646 Non
1935 4592 2077 4646 enim

503 4693 762 4759 acerbum
817 4698 903 4746 est
935 4685 1214 4759 castigari,
1249 4685 1345 4740 sed
1370 4700 1439 4739 ex
1482 4682 1563 4737 ira
1622 4683 1776 4753 quasi
1809 4691 1862 4737 et
1896 4678 2083 4737 furore

506 4788 560 4842 id
590 4796 782 4842 contra
832 4800 931 4842 nos
957 4783 1098 4850 lleri,
1132 4789 1187 4838 et
1237 4779 1525 4836 molestum
1557 4787 1663 4843 ess,
1710 4787 1765 4833 et
1826 4776 2086 4832 intolera-

503 4879 635 4936 bile.
683 4878 777 4933 Sic
817 4887 871 4933 et
922 4877 1213 4948 propheta:
1260 4892 1279 4926 ι
1313 4872 1552 4942 Castiga,
1604 4890 1624 4924 ι
1658 4868 1854 4941 inquit,
1910 4887 1932 4923 ί
1964 4887 2083 4935 nos,

507 4971 760 5037 Domine,
792 4984 979 5025 verum
1008 4969 1062 5023 in
1094 4966 1324 5036 judicio,
1359 4981 1467 5022 non
1491 4965 1544 5021 in
1575 4962 1758 5021 furore
1785 4982 1800 5019 :
1873 4977 1941 5017 ne
1986 4978 2086 5018 nos

508 5066 577 5122 ad
600 5078 884 5122 numerum
910 5061 1297 5133 paucissimum
1324 5060 1558 5127 redigas.
1598 5075 1617 5109 ι

2175 3314 2305 3383 λῶν,
2351 3317 2446 3371 καὶ
2483 3317 2801 3388 προσελθεῖν
2831 3319 2933 3372 οὐκ
2966 3318 3200 3385 ἐώντων,
3243 3318 3367 3373 οὔτε
3401 3319 3508 3390 μὴν
3534 3318 3768 3375 ἀδιακω-

2176 3406 2352 3474 λύτως
2391 3408 2795 3480 κατανέμεσθαι
2819 3411 2946 3474 τοὺς
2979 3411 3205 3481 ἀγρούς.
3243 3408 3543 3477 Πονοῦντος
3570 3410 3629 3466 δὲ
3671 3410 3765 3466 οῦ-

2176 3499 2344 3566 δενδς,
2395 3500 2566 3571 ήγουν
2600 3500 2997 3568 ἁνακόπτοντος
3022 3503 3114 3558 τὸν
3144 3504 3402 3559 ἐπέκεινα
3443 3503 3644 3578 δρόμον
3669 3504 3768 3578 τῆς

2179 3589 2397 3660 φλογὸς,
2435 3591 2557 3645 τότε
2602 3590 2667 3664 δή
2713 3592 2833 3647 τότε
2872 3595 2967 3648 καὶ
3013 3593 3316 3666 ἀνημμένη,
3353 3612 3438 3661 τις
3479 3596 3634 3650 ἔσται
3674 3597 3770 3650 καὶ

2178 3683 2397 3753 ἄφετος,
2451 3683 2548 3738 καὶ
2603 3683 2855 3755 ἁχάλινος
2916 3679 3054 3740 οὖσα
3116 3686 3257 3757 πρὸς
3309 3687 3419 3742 πᾶν
3457 3685 3638 3742 ὁτιοῦν
3660 3686 3769 3741 τῶν

2181 3773 2620 3846 παρακειμένων.
2652 3774 2861 3829 Οὐκοῦν
2886 3776 3189 3849 ἐπειδήπερ
3233 3780 3354 3841 ταῖς
3395 3776 3490 3832 τοῦ
3530 3777 3769 3849 πολέμου

2181 3868 2490 3936 συμφοραῖς
2517 3867 2883 3937 ὑποφέροντος
2916 3868 3113 3932 αὐτοὺς
3149 3867 3244 3922 τοῦ
3280 3870 3458 3935 πάντα
3494 3869 3771 3941 ἰσχύοντος

2180 3955 2337 4022 Θεοῦ,
2370 3959 2463 4011 καὶ
2503 3959 2627 4031 ὁσίᾳ
2663 3961 2828 4032 ψήφῳ
2865 3961 3210 4029 κολάζοντος,
3267 3962 3443 4027 οὐδεὶς
3494 3962 3767 4027 παντελῶς

2181 4048 2476 4120 ὲπαμύνων
2495 4045 2562 4122 ἦν
2581 4069 2593 4082 ·
2617 4050 2791 4125 ταύτῃ
2814 4069 2894 4106 τοι
2918 4053 3011 4107 καὶ
3039 4054 3182 4125 μάλα
3204 4054 3431 4117 εἰκότως
3449 4055 3769 4126 ἀνημμένην

2183 4136 2356 4207 φλόγα
2380 4136 2478 4209 τὴν
2506 4140 2674 4210 ὀργὴν
2704 4139 2981 4212 ὀνομάζει.
3028 4144 3115 4205 Ὠς
3142 4144 3251 4215 γάρ
3290 4162 3457 4216 φησιν
3496 4144 3526 4197 ὁ
3582 4146 3763 4215 μακά-

2185 4245 2297 4299 ριος
2342 4230 2546 4302 Μωσῆς
2574 4247 2587 4260 ο
2633 4249 2652 4282 t
2726 4232 2784 4284 '0
2840 4233 2973 4299 Θεὸς
3012 4232 3169 4306 ήμῶν
3213 4234 3324 4306 πῦρ
3374 4234 3767 4289 καταναλίσκον

2181 4316 2351 4386 ἐστὶν,
2384 4322 2479 4375 καὶ
2507 4323 2602 4377 ἐὰν
2643 4321 2830 4396 κλείσῃ
2847 4325 2989 4377 κατὰ
3032 4325 3345 4397 ἀνθρώπου,
3378 4326 3463 4390 τίς
3484 4327 3716 4392 ἀνοίξεις
3741 4344 3761 4378 s

2183 4411 2293 4465 Καὶ
2345 4413 2505 4466 τοῦτο
2557 4413 2716 4479 εἰδὼς
2747 4416 2776 4469 ὁ
2813 4414 3100 4480 θεσπέσιος
3146 4417 3311 4471 Δαόὶδ
3358 4417 3586 4487 ψάλλει·
3627 4436 3648 4468 ι
3696 4418 3768 4469 Σὺ

2188 4505 2416 4577 φοδερὸς
2456 4501 2527 4569 εἴ,
2569 4507 2664 4562 καὶ
2710 4507 2793 4572 τίς
2843 4509 3223 4581 ἀντιστήσεται
3286 4527 3369 4565 σοι
3399 4510 3510 4566 ἀπὸ
3547 4511 3644 4583 τῆς
3677 4512 3769 4581 δρα

2186 4600 2288 4669 γῆς
2343 4616 2470 4666 σου;
2505 4619 2523 4652 ι
2581 4600 2701 4673 Χρὴ
2744 4597 2836 4656 οὖν
2871 4600 2981 4673 ἄρα
3028 4604 3189 4656 παντὶ
3242 4602 3420 4656 σθένει
3457 4603 3770 4674 χρωμένους

2188 4691 2569 4761 παραιτεῖσθαι
2590 4694 2689 4764 τὴν
2709 4693 2900 4766 ὀργήν·
2933 4693 3161 4768 φοϐερὸν
3188 4696 3299 4770 γὰρ
3334 4696 3393 4750 τὸ
3437 4696 3650 4768 χρῆμα,
3681 4696 3770 4749 καὶ

2185 4779 2597 4872 δυσδιάφυκτον·
2647 4786 2741 4838 καὶ
2773 4784 2903 4853 γοῦν
2931 4786 3290 4858 δεδιδάγμεθα
3313 4787 3491 4858 λέγειν
3521 4791 3579 4844 ὲν
3610 4805 3773 4861 προσ-

2185 4875 2405 4945 ευχκῖςο
2462 4892 2481 4926 σ
2528 4873 2721 4946 Κύριε,
2784 4876 2860 4949 μὴ
2903 4877 2981 4951 τῷ
3029 4876 3186 4952 θυμῷ
3236 4896 3328 4935 σου
3380 4879 3608 4957 ἐλέγξῃς
3667 4897 3768 4953 με,

2191 4964 2326 5037 μηδὲ
2349 4967 2413 5038 τῇ
2441 4965 2577 5038 ὀργῇ
2615 4981 2706 5020 σου
2730 4966 3027 5040 παιδεύσῃς
3052 4987 3141 5040 με.
3182 4990 3202 5022 ι
3236 4971 3309 5025 Οὐ
3338 4971 3445 5045 γὰρ
3472 4971 3640 5040 ἔστιν,
3673 4973 3773 5026 οὐκ

2188 5055 2336 5112 ἐστιν
2376 5058 2440 5113 τὸ
2477 5057 2828 5115 παιδεύεσθαι
2857 5060 3116 5132 χαλεπόν.
3142 5062 3402 5135 Φορτικὸν
3426 5063 3485 5118 δὲ
3520 5064 3615 5119 καὶ
3644 5063 3774 5118 δύσ-

509 5175 713 5227 οιστον,
744 5159 805 5215 τὸ
851 5162 909 5214 ὲν
954 5159 1093 5230 ὀργῇ
1132 5156 1234 5232 καὶΔ
1271 5153 1429 5225 θυμῷ
1472 5150 1631 5207 τοῦτο
1667 5149 2005 5225 πράττεσθαι
2047 5152 2169 5208 καθ’
2202 5153 2364 5226 ήμῶν
2392 5172 2405 5185 ·
2444 5152 2588 5209 οὔτω
2625 5155 2720 5210 καὶ
2759 5159 2790 5211 ὁ
2836 5158 3121 5232 προφήτης
3163 5158 3349 5228 ἔλεγεν
3374 5179 3388 5192 ·
3424 5179 3443 5212 ι
3482 5161 3776 5216 Παίδευσον

510 5259 679 5329 ἡμᾶς,
724 5255 918 5327 Κύριε,
954 5251 1093 5324 πλὴν
1122 5253 1179 5304 ὲν
1212 5248 1415 5321 κρίσει,
1445 5248 1540 5301 καὶ
1587 5246 1665 5319 μὴ
1715 5248 1773 5300 ὲν
1808 5244 1988 5319 θυμῷ,
2030 5247 2117 5302 ἵνα
2159 5246 2237 5318 μὴ
2269 5247 2487 5318 ὀλίγους
2533 5250 2680 5321 ἡμᾶς
2716 5251 2970 5322 ποιήσῃς.
3010 5268 3032 5304 s

488 5406 491 5413 ,
576 5344 965 5403 Vstts.’25.Non
982 5345 1119 5398 enim
1137 5341 1411 5397 voluerant
1429 5339 1586 5409 legem
1607 5336 1813 5392 Domini
1830 5337 2090 5405 Sabaoth,

510 5441 601 5496 sed
634 5440 906 5493 oraculum
939 5435 1110 5492 sancti
1148 5432 1368 5489 Israelt's
1394 5432 1695 5485 irritarent.
1754 5428 1821 5485 Et
1858 5446 2089 5484 commo-

510 5541 596 5587 tus
624 5544 698 5585 est
720 5532 899 5600 lurore
927 5528 1182 5583 Dominus
1222 5524 1457 5581 Sabaoth
1500 5523 1553 5576 in
1586 5519 1834 5592 populum
1900 5539 2090 5587 suum,

511 5636 560 5678 et
588 5622 765 5691 injecit
791 5637 1003 5677 manum
1028 5620 1083 5675 in
1105 5636 1216 5684 eos,
1250 5630 1296 5672 et
1318 5617 1573 5688 percussit
1597 5631 1705 5678 eos,
1729 5625 1775 5667 et
1794 5613 2090 5669 exacerbati

592 5775 611 5807 ⁸
639 5776 800 5833 Deut.
833 5787 907 5841 ιν,
940 5772 1031 5827 24.
1107 5775 1129 5805 ⁸
1153 5770 1295 5827 Psnl.
1332 5786 1494 5835 Lxsv,
1530 5770 1582 5823 8.
1663 5767 1683 5798 ³
1710 5767 1851 5823 Psal.
1893 5782 1966 5835 Vt,
1997 5768 2050 5823 2.

2271 5341 2355 5394 οὐ
2383 5339 2497 5411 γὰρ
2534 5340 2849 5411 ἠθέλησαν
2872 5344 2979 5399 τὸν
3001 5345 3192 5415 νόμον
3240 5347 3464 5414 Κυρίου
3511 5345 3777 5407 Σαϐαὼθ.

2199 5431 2359 5487 ἀλλά
2405 5433 2473 5487 τὸ
2517 5434 2724 5504 λόγιον
2754 5434 2862 5489 τοῦ
2884 5434 3058 5505 ἁγίου
3103 5436 3352 5504 Ἰσραὴλ
3395 5436 3777 5505 παρώξυναν.

2198 5524 2307 5576 Καὶ
2342 5522 2611 5593 ἐθυμώθη
2645 5523 2793 5595 ὀργῆ
2825 5525 3039 5595 Κύριος
3065 5523 3310 5581 Σαϐαὼθ
3339 5527 3437 5581 ἐπὶ
3476 5528 3587 5581 τὸν
3626 5527 3783 5582 λαὸν

2199 5613 2409 5681 αὐτοῦ,
2434 5615 2533 5670 καὶ
2564 5616 2820 5672 ἐπέϐαλε
2852 5616 2968 5687 τὴν
2999 5616 3171 5689 χεῖρα
3199 5617 3389 5672 αὑτοῦ
3413 5618 3507 5672 ἐπ’
3532 5619 3782 5687 αὐτοὺς,
