4134 6304
516 402 621 458 161

1519 399 1580 455 5.
1621 395 1906 454 CYRILLl
1944 394 2421 473 ALEXANDRINI
2463 394 2558 452 AR
2606 393 2790 451 HIEP.

3710 394 3819 451 168

514 532 777 586 equorum
825 531 1008 572 eorum
1039 525 1095 570 ut
1132 515 1303 571 sclida
1351 522 1501 585 petra
1529 513 1758 582 γεραιαιί
1787 524 1942 567 sunt:
1979 524 2097 566 rota

2210 514 2612 582 ὑποδημάτων
2632 513 2853 578 αὐτῶν,
2877 506 2966 565 ὧν
3006 512 3078 565 τὰ
3115 476 3279 580 ﬁalis;
3307 511 3453 577 ὀξέα
3499 510 3659 577 ἐστι,
3710 512 3818 567 καὶ

515 626 770 665 curruum
828 610 1061 680 ipsorum
1111 608 1266 677 quasi
1320 615 1620 675 tempestas.
1683 604 1904 659 Irruunt
1950 604 2104 674 quasi

517 702 713 765 leones,
758 712 807 754 et
845 684 1126 755 astiterunt
1159 699 1314 770 quasi
1350 698 1559 752 catulus
1590 696 1777 751 leonis.
1819 693 1888 748 Et
1923 711 2111 764 appre-

519 795 709 849 hendet
728 804 773 846 et
797 792 1172 861 vociferabitur
1185 791 1338 860 quasi
1355 790 1494 858 fera,
1517 797 1566 844 et
1590 788 1792 859 injiciet
1807 805 1880 853 se,
1901 803 1993 840 nec
2009 790 2108 840 erit

517 889 610 957 qui
656 887 869 949 eripiat.
924 884 993 938 Et
1038 884 1413 952 eociferabitur
1451 890 1666 952 propter
1700 883 1842 950 ipsos
1869 881 1955 935 die
1991 878 2107 944 illo,

520 989 577 1034 stt
602 980 806 1033 sonitus
858 978 1019 1031 maris
1042 976 1373 1040 inundantis,
1400 984 1448 1028 et
1477 974 1767 1044 ίιιερίσὶοιιι⁵
1791 974 1848 1027 in
1883 981 2105 1036 terram,

516 1084 565 1127 et
600 1089 716 1127 ecce
730 1072 900 1141 caligo
934 1081 1070 1124 tetra
1104 1070 1160 1123 in
1184 1084 1366 1123 eorum
1394 1067 1596 1136 inopia.

2211 608 2284 661 τὰ
2330 606 2475 670 τόξα
2506 605 2705 659 αὐτῶν
2726 603 3106 673 ἐντεταμένα.
3137 605 3202 656 Ol
3242 603 3428 671 πόδες
3452 602 3575 659 τῶν
3611 604 3816 659 ἵππων

2208 693 2409 750 αὐτῶν
2435 695 2516 760 ὡς
2552 696 2765 764 στερεὰ
2802 693 2989 763 πέτρα
3020 693 3471 763 ἐλογίσθησαν-ο
3510 696 3568 747 oi
3605 694 3811 764 τροχοί

2210 783 2331 839 τῶν
2378 784 2658 855 ἁρμάτων
2692 782 2892 839 αὐτῶν·
2930 785 3012 851 ὡς
3041 785 3331 855 namq-lc.
3390 783 3682 854 ὀρμῶσιν
3729 785 3813 852 ὡς

2208 878 2473 945 λέοντες,
2506 877 2605 931 καὶ
2624 877 3084 946 παρεστήκασιν
3116 878 3196 944 ὡς
3230 878 3508 947 σκύμνος
3534 877 3825 945 λέοντος.’

2208 969 2318 1024 Καὶ
2367 968 2752 1037 ἐπιλήψεται,
2800 968 2900 1023 καί
2952 968 3254 1035 ,βοήσεται
3294 968 3377 1034 ὡς
3421 969 3655 1037 θηρίον,
3710 969 3814 1022 καὶ

2207 1061 2469 1127 ἐκϐαλεῖ,
2515 1061 2617 1114 καὶ
2665 1062 2777 1115 οὐκ
2817 1060 2991 1116 ἔσται
3050 1064 3084 1115 ὀ
3128 1059 3450 1129 ῥυόμενος.
3500 1060 3611 1116 Kal
3655 1058 3813 1125 βοή-

516 1183 687 1223 σεται
723 1164 800 1219 δι’
835 1162 1062 1228 αὐτοὺς
1099 1160 1170 1214 ἐν
1219 1159 1297 1228 τῇ
1328 1159 1518 1230 ἡμέρᾳ
1576 1161 1807 1230 ἐκείνῃ,
1845 1159 1929 1225 ὡς
1975 1156 2145 1227 φωνὴ
2201 1153 2527 1221 θαλάσσης
2582 1153 3036 1224 κυμαινούσης,
3091 1152 3194 1206 καί
3243 1153 3650 1226 ἐμϐλέψαντα
3720 1154 3811 1220 εις

513 1260 653 1332 τῆν.
705 1259 805 1313 καί
866 1256 997 1311 ἰδοὺ
1045 1256 1270 1321 σκότος
1314 1256 1592 1324 σκληρὸν
1635 1256 1706 1310 ἐν
1757 1253 1835 1323 τῇ
1884 1251 2103 1320 ἀπορίᾳ
2135 1246 2356 1304 αὐτῶν.

584 1351 739 1419 Quod
774 1352 854 1403 ira
883 1349 937 1403 in
972 1364 1069 1403 eos
1095 1347 1243 1415 iusta
1293 1346 1588 1415 judicantis
1641 1346 1728 1403 hic
1766 1361 1869 1400 non
1927 1346 2102 1410 sistet,

2284 1341 2409 1393 Ὅτι
2458 1340 2534 1412 μὴ
2583 1340 2744 1412 μέχρι
2797 1338 3005 1395 τούτων
3034 1338 3104 1393 τὰ
3131 1339 3230 1410 τῆο,
3287 1341 3376 1394 ἐπ’
3408 1340 3592 1405 αὐτοῖς
3634 1340 3808 1412 ὀργῆς

516 1444 612 1498 sed
639 1442 865 1496 ulterius
895 1441 1296 1510 progredietur,
1333 1453 1397 1493 ex
1429 1439 1516 1495 his
1540 1454 1661 1510 qua:
1685 1440 1799 1510 jam
1830 1437 2097 1508 proposita

2215 1434 2619 1506 μετρηθήσεται
2649 1434 2802 1507 παρά
2822 1434 2917 1489 τοῦ
2938 1434 3012 1489 τὰ
3041 1434 3228 1489 δίκαια
3248 1435 3548 1506 κρίνοντος,
3599 1437 3809 1508 «906+,-

517 1544 665 1598 sunt,
699 1533 1045 1601 perspicuum
1074 1534 1199 1586 erit.
1239 1527 1375 1584 Nam
1402 1530 1526 1585 licet
1546 1530 1846 1586 crudeliter
1884 1528 2097 1593 vastati,

2213 1525 2435 1579 σεταιδὲ
2456 1527 2551 1580 καὶ
2570 1527 2848 1592 ἐπέκεινα,
2873 1529 3127 1598 σαφηνιεῖ
3159 1529 3220 1581 τὸ
3256 1528 3638 1599 προκείμενον.
3662 1530 3806 1584 Kai-

520 1624 665 1676 iame
692 1632 745 1676 et
776 1623 864 1676 siti
892 1622 1087 1690 pressi,
1118 1622 1360 1692 bellique
1401 1621 1807 1677 calamitatibus
1861 1620 2097 1688 impliciti

2211 1634 2294 1671 τοι
2325 1617 2435 1696 γὰρ
2464 1618 2671 1690 ἀγρίως
2683 1618 3115 1690 πεπορθημένοι,
3143 1618 3287 1690 λιμῷ
3298 1636 3358 1674 τε
3384 1620 3480 1674 καὶ
3494 1620 3807 1690 δίψειπεπιο

517 1716 722 1769 l'uerint
773 1714 991 1778 miselli,
1047 1725 1228 1771 tamen
1292 1716 1345 1769 in
1414 1714 1518 1770 bac
1577 1714 1863 1769 aversione
1904 1727 1933 1766 a
1993 1712 2097 1767 Dea

2211 1709 2451 1779 εσμένοι,
2477 1709 2575 1764 καὶ
2618 1713 2741 1774 ταῖς
2768 1709 2862 1764 τοῦ
2900 1709 3141 1781 πολέμου
3176 1713 3488 1782 συμφοραῖς
3518 1706 3805 1776 ὲναλόντες

518 1807 899 1878 perstiterunt,
934 1819 1032 1861 nec
1053 1805 1123 1859 ab
1148 1807 1226 1861 ira
1270 1806 1425 1861 liberi
1464 1809 1840 1875 immunesque
1865 1804 2097 1860 fuerunt.

2210 1803 2258 1854 οἱ
2288 1801 2530 1865 δείλαιοι,
2572 1804 2949 1874 μεμενήκασιν
2974 1804 3031 1856 ὲν
3055 1803 3376 1874 ἀποστροφῇ
3397 1802 3555 1870 Θεοῦ,
3575 1805 3671 1858 καὶ
3701 1806 3804 1858 οὐκ

519 1897 633 1952 lloc
657 1899 825 1964 enim,
849 1899 1064 1968 opinor,
1116 1898 1386 1969 signiﬁcat
1419 1899 1509 1954 ubi
1537 1899 1642 1953 ait:
1669 1898 1861 1953 Adhuc
1910 1910 2097 1952 manus

2205 1892 2314 1958 ἔξω
2350 1893 2608 1961 γεγόνασι
2631 1894 2732 1963 τῆς
2750 1895 2942 1966 ὀργῆς.
2975 1893 3146 1949 Τοῦτο
3177 1895 3308 1965 γὰρ,
3343 1893 3520 1966 οἶμαι,
3547 1895 3803 1966 σημαίνει

517 1989 750 2056 excelsa,
786 1992 983 2061 quippe
1026 1990 1229 2046 feriens
1260 2006 1355 2046 eos
1387 1991 1481 2061 qui
1507 1999 1888 2060 peccaverunt.
1937 1988 1993 2042 lu
2019 1988 2101 2043 al-

520 2092 633 2135 tum
683 2082 831 2135 enim
893 2094 1113 2150 semper
1179 2081 1427 2136 elevatur
1470 2095 1663 2136 manus
1723 2080 2098 2151 percutientis.

518 2173 654 2227 Dein
678 2188 799 2240 quae
828 2181 884 2226 et
908 2181 1109 2242 quanta
1143 2173 1409 2226 montium
1473 2172 1706 2227 irritatio
1753 2173 1826 2226 sit
1896 2170 2100 2238 futura,

517 2276 573 2318 et
599 2266 688 2335 qui
720 2264 920 2320 luroris
944 2279 1134 2320 eorum
1177 2265 1485 2320 administri
1526 2271 1708 2332 erunt,
1736 2273 1937 2334 quanta
1976 2279 2101 2320 cum

518 2362 839 2417 fortitudine
863 2370 917 2416 et
940 2361 1189 2425 audacia,
1238 2372 1293 2416 et
1318 2361 1536 2417 insueta
1586 2360 1639 2415 iu
1697 2360 1946 2416 homines
1998 2359 2102 2414 im-

517 2442 776 2508 manitate
813 2462 866 2508 et
894 2452 1100 2508 saevitia
1126 2453 1462 2517 adoriantur,
1490 2451 1733 2507 declarat
1762 2467 1886 2505 cum
1923 2450 2056 2506 dicit
2081 2466 2097 2506 :

482 2574 489 2579 -
521 2564 541 2597 ι
573 2546 759 2616 Itaque
789 2545 991 2599 levabit
1042 2544 1256 2614 signum
1304 2543 1357 2598 in
1411 2543 1664 2613 gentibus
1715 2541 2041 2611 longinquis.
2074 2558 2095 2593 ι

514 2635 633 2692 Non
665 2637 809 2691 enim
842 2636 1009 2690 vieini
1045 2644 1226 2698 erant,
1279 2640 1372 2686 aut
1393 2632 1705 2688 Judmorum
1739 2634 1945 2702 regioni
1974 2647 2102 2688 con-

518 2728 760 2793 termini,
781 2727 869 2796 qui
901 2742 1020 2795 eam
1047 2734 1349 2788 vastarunt,
1378 2735 1432 2778 et
1455 2723 1828 2796 Hierosolyma
1849 2735 2102 2780 cunctas-

518 2836 624 2892 que
651 2817 959 2873 inda-orum
991 2818 1153 2872 urbes
1191 2825 1541 2882 cremarunt;
1575 2817 1670 2870 sed
1700 2807 1765 2871 ex
1789 2816 2103 2886 longinquis

520 2910 837 2980 regionibus
867 2916 922 2965 et
948 2924 1015 2964 ex
1040 2907 1189 2963 omni
1216 2918 1358 2962 terra
1396 2909 1709 2978 congregati
1742 2927 1756 2963 :
1792 2909 2103 2979 complures

517 3006 739 3075 quippe,
764 3001 874 3057 imo
899 3000 1328 3055 innumerabiles
1353 2999 1658 3070 conjunctis
1688 3001 1860 3070 coliiis
1907 3011 1962 3055 et
1988 3000 2102 3071 cly-

516 3097 635 3166 peis
665 3094 1050 3165 Vespasianum
1073 3103 1127 3148 et
1156 3091 1336 3147 Titum
1361 3093 1708 3162 adjuVerunt.
1733 3088 2092 3163 Signumqu‘e,

2202 1983 2380 2052 λέγων
2400 1985 2610 2049 τὸ,“Ἐτι
2635 1987 2668 2057 ἡ
2692 1989 2812 2058 χεὶρ
2834 1986 3037 2058 ὑψηλὴ,
3058 1987 3140 2041 ὅτι
3158 1986 3471 2057 πλήττουσα
3484 1989 3606 2051 τοὺς
3629 1989 3807 2060 ἡμαρ-

2202 2074 2458 2144 τηκότας.
2495 2075 2661 2146 Ὑψοῦ
2696 2076 2807 2148 γὰρ
2840 2077 2927 2131 ἀεί
2953 2095 3073 2141 πως
3098 2080 3132 2149 ἠ
3167 2077 3264 2132 τοῦ
3295 2079 3548 2143 παίοντος
3589 2081 3802 2151 αῖρτται

2204 2168 2345 2238 χείρ.
2380 2164 2514 2222 Εἶτα
2540 2168 2681 2240 τίςῆ
2722 2169 2888 2232 πόσος
2937 2171 2967 2224 ὁ
3014 2169 3124 2222 τῶν
3162 2170 3307 2242 ὀρῶν
3357 2171 3511 2225 ἔσται
3560 2171 3804 2242 παροξυ-

2206 2256 2344 2327 σμὸς
2370 2300 2382 2323 ,
2413 2258 2559 2322 τίνες
2590 2258 2648 2312 δὲ
2676 2259 2772 2314 καὶ
2816 2261 2867 2313 oi
2896 2262 3012 2324 τοῖς
3045 2261 3272 2315 ἐκείνων
3326 2263 3801 2335 ὑπηρετησόμενοι

2204 2348 2422 2421 θυμοῖς,
2449 2355 2541 2405 καὶ
2570 2352 2689 2421 μεθ’
2714 2353 2846 2425 ὅσης
2870 2354 3092 2423 ἥξουσιν
3117 2354 3367 2425 ἀνδρείας
3389 2371 3450 2407 τε
3481 2355 3575 2408 καὶ
3617 2355 3802 2410 εὐτολ-

2206 2440 2357 2511 μίας,
2411 2443 2506 2495 καὶ
2565 2444 2666 2515 τῆς
2706 2445 2786 2506 εἰς
2850 2443 3174 2515 ἀνθρώπους
3228 2443 3431 2513 ἀήθους
3492 2443 3794 2516 ὠμότητος,

2202 2532 2493 2603 ἔμφανίζει
2525 2535 2701 2603 λέγων
2720 2551 2737 2566 θ
2774 2554 2793 2588 ι
2813 2533 3121 2605 Τοιγαροῦν
3141 2537 3265 2606 ἀρεῖ
3295 2534 3577 2607 σύσσημον
3606 2539 3665 2591 ἐν
3687 2541 3798 2602 τοῖς

2203 2624 2380 2679 ἔθνεσι
2409 2628 2519 2691 τοῖς
2555 2629 2775 2700 μακράν
2806 2668 2820 2682 .
2854 2647 2873 2681 ι
2921 2629 2997 2682 οὐ
3036 2629 3146 2700 γάρ
3176 2630 3366 2701 ὅμοροι
3415 2631 3511 2684 καὶ
3557 2631 3798 2699 γείτονες

2202 2718 2303 2789 τῆς
2352 2719 2624 2775 Ἰουδαίων
2664 2720 2848 2794 χώρας
2905 2722 2958 2774 οἱ
3012 2724 3218 2793 ταύτην
3281 2724 3643 2794 ἠρημωκότες
3701 2725 3796 2777 καὶ

2204 2814 2698 2884 κατεμπρήσαντες
2730 2815 2800 2867 τὰ
2842 2813 3214 2886 Ἰεροσόλυμα,
3244 2817 3339 2870 καὶ
3370 2816 3590 2880 ἁπάσας
3617 2816 3675 2870 δὲ
3699 2817 3797 2880 τὰς

2202 2901 2311 2956 τῶν
2358 2902 2627 2956 Ἰουδαίων
2658 2902 2861 2968 πόλεις,
2909 2902 3023 2958 ἀλλ’
3046 2905 3111 2958 ἐκ
3140 2903 3337 2976 χωρῶν
3397 2904 3511 2958 τῶν
3551 2906 3790 2977 μακρὰν,

2205 2994 2299 3048 καὶ
2328 2994 2388 3061 ἐξ
2417 2995 2636 3066 ἀπάσης
2680 2995 2781 3067 τῆς
2830 2995 2937 3067 γῆς
2988 2997 3483 3069 συναγηγερμένοι.
3541 2999 3788 3053 Πλεῖστος

2203 3086 2312 3158 γὰρ
2342 3085 2490 3139 λίανο
2529 3085 2728 3158 μᾶλλον
2755 3085 2812 3142 δὲ
2840 3089 2985 3159 τάχα
3034 3107 3136 3143 που
3168 3092 3260 3144 καὶ
3284 3091 3521 3162 ἀριθμοῦ
3545 3091 3792 3161 κρείττοο

519 3191 712 3260 inquit,
738 3189 977 3246 dabitur.
1016 3185 1241 3254 perinde
1272 3192 1329 3238 ut
1359 3183 1483 3238 belli
1518 3199 1583 3239 ac
1620 3199 1813 3255 pugnae
1841 3194 2097 3253 tempore.

2209 3192 2298 3240 νες
2331 3178 2424 3231 καὶ
2452 3180 2502 3230 οἱ
2539 3177 2963 3243 συνασπίζοντες
2990 3180 3388 3250 Οὐεσπασιανῷ
3417 3198 3474 3234 τε
3507 3184 3600 3235 καὶ
3629 3182 3789 3254 Τίτῳ.

523 3283 616 3338 Sic
678 3282 823 3335 enim
901 3278 1132 3333 ducibus
1193 3276 1437 3331 solemne
1500 3286 1622 3342 est,
1694 3276 2100 3331 multitudinem

518 3377 624 3432 sub
676 3374 810 3442 ipsis
851 3379 1150 3426 merentem
1204 3369 1257 3423 in
1310 3368 1483 3422 aciem
1523 3368 1826 3433 educturis,
1885 3371 2100 3438 signum

516 3465 788 3536 quntltlnllt
843 3464 1009 3526 dare,
1070 3470 1123 3519 et
1176 3462 1395 3524 vexilla,
1453 3470 1515 3514 ut
1563 3470 1796 3525 vocant,
1841 3461 1896 3516 iu
1930 3462 2100 3515 altum

527 3558 739 3609 tollere.
803 3552 1046 3621 Quorum
1104 3562 1159 3607 et
1216 3552 1478 3621 propheta
1537 3550 1706 3608 Isaias
1782 3551 2030 3607 nleminit
2082 3569 2099 3608 :

514 3650 629 3722 99
661 3648 939 3717 Capietur,
988 3646 1261 3714 inquiens,
1304 3655 1363 3699 ut
1402 3645 1662 3700 vexillum
1705 3644 1757 3700 in
1806 3656 2013 3710 monte,
2046 3657 2102 3703 et

515 3754 576 3798 ut
604 3744 816 3813 signum
854 3744 1046 3809 gerens
1082 3744 1136 3793 in
1169 3736 1329 3792 colle.
1367 3735 1636 3791 Vexillum
1677 3752 1912 3807 namque
1941 3738 2104 3794 collo~

515 3845 703 3889 cantes
737 3835 789 3886 iu
837 3831 1075 3902 praealtis
1114 3829 1428 3894 verticibus,
1479 3830 1561 3885 vel
1604 3840 1750 3885 recta
1776 3830 2096 3900 procedunt,

512 3928 597 3983 vel
631 3924 1005 3988 retrocedunt,
1037 3922 1121 3979 vel
1159 3921 1327 3989 etiam
1360 3923 1699 3991 suspendunt
1734 3923 1991 3992 quiddam
2028 3927 2097 3980 ad

514 4020 656 4089 quod
689 4018 834 4072 acies
865 4016 1104 4086 respicit.
1136 4013 1297 4070 Novit
1320 4013 1465 4070 enim
1499 4014 1602 4069 hoc
1628 4024 1788 4084 pacto
1818 4015 1971 4071 ducis
2004 4030 2099 4070 vo-

513 4114 799 4167 luntatem.
838 4109 1027 4181 Itaque
1055 4110 1275 4175 levabit,
1304 4110 1498 4180 inquit,
1529 4110 1765 4181 signum,
1793 4108 2099 4165 assibilabit

516 4206 642 4258 illis.
682 4202 857 4257 Sumit
891 4203 991 4257 hoc
1018 4216 1227 4270 rursus,
1247 4201 1395 4257 velut
1419 4217 1448 4258 a
1493 4202 1887 4257 consuetudine
1913 4217 2093 4271 apum.

514 4293 703 4347 Solent
735 4293 878 4345 enim
905 4291 1094 4360 apiarii
1126 4291 1286 4347 sibilo
1309 4307 1406 4348 eas
1443 4293 1707 4358 excitare,
1737 4300 1792 4345 et
1816 4290 1892 4346 ita
1915 4306 1979 4346 ex
2012 4291 2096 4345 al-

512 4385 714 4440 veariis
735 4386 800 4438 ad
818 4380 977 4436 ﬂores
996 4391 1049 4438 et
1070 4384 1265 4438 herbas
1288 4386 1539 4447 educere,
1557 4393 1612 4438 et
1630 4400 1695 4439 ex
1718 4387 1863 4456 agris
1879 4397 2096 4456 quoque

519 4478 804 4537 reducere.
829 4477 1082 4545 domique
1104 4488 1162 4530 ut
1191 4477 1554 4530 immorentur
1578 4475 1813 4529 edicere.
1844 4474 2097 4531 Sibilabit

509 4584 660 4636 ergo,
697 4569 893 4639 inquit.
919 4566 981 4622 Hi
1004 4581 1133 4620 vero
1157 4580 1441 4619 accurrere
1460 4565 1709 4620 volucres
1737 4574 1792 4619 et
1825 4563 1990 4629 leves,
2013 4564 2097 4618 fa-

512 4676 653 4716 mem
685 4670 1015 4730 magnopere
1046 4668 1150 4708 non
1169 4667 1385 4718 curare,
1422 4668 1521 4708 nec
1540 4654 1924 4723 pertimescere
1948 4656 2096 4710 labo-

510 4770 620 4819 res,
649 4752 745 4808 sed
775 4754 1053 4807 insomnes
1075 4763 1217 4815 esse,
1239 4755 1293 4826 et
1307 4746 1607 4817 praecincti,
1630 4762 1696 4801 ac
1712 4746 1905 4801 bellico
1928 4762 2094 4818 appa-

511 4861 632 4907 ratu
666 4844 1097 4913 instructissimi,
1135 4843 1413 4899 indomitis
1448 4843 1605 4908 equis
1637 4843 1784 4911 vehi,
1823 4857 1887 4897 ac
1918 4843 2093 4898 instar

509 4941 746 4999 turbinis
780 4939 1036 5009 impetum
1074 4937 1274 5001 facere,
1304 4936 1553 4992 leouilms
1582 4936 1811 5002 similes,
1845 4952 1908 4991 ac
1943 4952 2095 4992 more

507 5035 748 5092 ferarum
781 5034 1001 5101 ,vorare
1036 5045 1052 5082 :
1084 5020 1318 5084 occursu
1358 5028 1499 5083 adeo
1532 5027 1659 5083 οωνί
1701 5035 1759 5081 et
1788 5037 1989 5094 truces,
2035 5038 2095 5083 ut

506 5126 643 5176 citra
677 5133 911 5192 pugnam
938 5125 1161 5189 possent
1185 5118 1428 5185 vincere,
1452 5117 1670 5173 nemine
1697 5125 1888 5173 contra
1915 5132 1976 5173 se
1997 5131 2095 5188 op-

504 5221 763 5285 ponente,
797 5211 877 5267 vel
912 5214 980 5267 ad
1013 5210 1317 5266 subsidium
1359 5210 1645 5267 ferendum
1681 5212 1820 5267 satis
1854 5213 2093 5273 valente.

506 5305 620 5360 Erit
653 5305 782 5360 item
813 5304 1060 5373 ploratus
1092 5317 1158 5358 eo
1181 5313 1446 5373 tempore,
1486 5312 1542 5358 et
1571 5304 1782 5360 clamor
1810 5305 2091 5366 confusus.

487 5406 566 5482 ςιι
603 5408 766 5449 neruo
803 5395 874 5447 sit
903 5393 996 5463 qui
1031 5392 1219 5462 pmsit
1257 5391 1403 5456 aliis,
1436 5393 1662 5462 perinde
1684 5393 1839 5461 quasi
1882 5394 2096 5448 sonitus

487 5487 672 5546 nitaris
707 5500 807 5554 per
851 5487 1127 5554 regionem
1174 5482 1490 5540 Judaei-um
1536 5483 1918 5555 dissiparetur.
1978 5483 2098 5538 Erit

502 5574 667 5627 etiam
694 5574 868 5641 caligo
895 5583 1058 5637 tetra,
1104 5574 1268 5644 idque
1314 5575 1510 5644 partim
1560 5584 1786 5645 propter
1832 5574 2085 5629 nebulam

501 5664 660 5732 quasi
688 5675 745 5714 ct
774 5673 990 5717 noctem
1022 5664 1369 5734 intelligitur,
1395 5666 1618 5735 partim,
1653 5681 1719 5719 ac
1745 5665 1964 5735 quidem
1991 5680 2087 5719 vc-

502 5770 633 5817 rtus,
691 5760 915 5821 pr0pter
969 5762 1206 5808 terrores
1263 5764 1319 5809 et
1367 5757 1579 5811 consilii
1630 5757 1892 5827 inopiam.
1946 5755 2087 5810 Mala

499 5846 646 5901 enim
692 5843 946 5917 graviora
999 5847 1166 5900 menti
1208 5850 1461 5903 tenebras
1502 5846 1806 5904 οσιιιιόιιιιι.
1855 5848 2087 5904 lnservit

2203 3268 2493 3338 Σύσσημον
2512 3268 2570 3322 δὲ
2595 3269 2900 3341 δοθήσεται,
2936 3273 3122 3344 φησιν,
3156 3272 3230 3337 ὡς
3260 3276 3318 3328 ὲν
3347 3273 3525 3345 καιρῷ
3552 3273 3792 3344 πολέμου

2203 3360 2307 3438 καὶ,
2353 3362 2554 3432 μάχης.
2605 3361 2768 3426 Ἕθος
2811 3365 2921 3436 γὰρ
2975 3366 3090 3428 τοῖς
3128 3368 3455 3437 στρατηγοῖς
3493 3365 3797 3432 ἐξοπλίζειν

2206 3451 2494 3520 μέλλουσιν
2555 3455 2637 3518 είς
2689 3455 2998 3526 παράταξιν
3039 3456 3140 3528 τὴν
3185 3456 3294 3509 ὑπὸ
3350 3460 3510 3528 χεῖρα
3558 3459 3789 3530 πληθὺν,

2205 3540 2460 3614 σύσσημα
2487 3544 2711 3613 διδόναι,
2749 3546 2848 3610 τὰς
2881 3548 3217 3619 καλουμένας
3257 3549 3500 3619 σημαίας
3538 3549 3799 3621 αἴροντας

2204 3633 2360 3703 ὑψοῦ.
2396 3629 2497 3688 Ὧν
2535 3639 2628 3691 καὶ
2653 3639 2685 3691 ό
2714 3644 2998 3712 προφήτης
3040 3639 3270 3704 Ἠσατας
3303 3641 3673 3713 διαμέμνηται
3704 3642 3799 3696 λέ-

2202 3741 2336 3795 γων·
2371 3727 2893 3802 Καταληφθήσεται,
2926 3733 3003 3798 ὼς
3049 3734 3196 3798 ῖστδς
3242 3735 3329 3788 ἐπ’
3357 3734 3539 3807 ὅρους,
3575 3736 3673 3790 καὶ
3717 3737 3793 3801 ὡς

2204 3819 2447 3889 σημαίαν
2470 3822 2653 3893 φέρων
2679 3822 2774 3877 ἐπὶ
2824 3822 3037 3894 βουνοῦ.
3083 3824 3286 3889 Ἰστοὺς
3310 3827 3421 3897 γὰρ
3456 3828 3704 3893 ἱστάντες
3734 3830 3794 3881 ἐν

2203 3909 2425 3981 ὑψηλοῖς
2477 3913 2755 3985 γηλόφοις,
2791 3914 3130 3989 ἣόρθοῦσιν,
3172 3919 3207 3990 ἢ
3262 3918 3703 3984 κατακλίνουσιν,
3755 3920 3789 3991 ἢ

2201 4008 2297 4060 καὶ
2320 4008 2608 4080 ἀπαρτῶσί
2626 4027 2748 4066 τινα
2794 4012 2931 4083 πρὸς
2958 4012 2994 4068 ἀ
3028 4013 3215 4084 βλέπει
3241 4014 3303 4067 τὸ
3334 4014 3596 4086 μάχιμον.
3640 4012 3791 4069 Εἶδον

2199 4095 2257 4149 δὲ
2283 4095 2427 4151 οὕτω
2446 4098 2540 4151 τοῦ
2578 4100 2885 4172 στρατηγοῦ
2915 4101 2968 4154 τί
2997 4102 3059 4154 τὸ
3083 4102 3292 4156 δοκοῦν.
3318 4103 3473 4173 Δίρει
3503 4100 3795 4174 τοιγαροῦν

2199 4189 2584 4262 τὸσύσσημον,
2634 4191 2792 4262 φησὶ,
2824 4193 2920 4246 καὶ
2968 4195 3151 4266 συριεῖ
3199 4195 3403 4258 αὐτοῖς.
3460 4195 3686 4266 Δέχεται
3735 4195 3791 4251 δὲ

2200 4284 2296 4337 καὶ
2359 4282 2520 4338 τοῦτο
2550 4283 2733 4348 πάλιν,
2770 4284 2847 4349 ὡς
2873 4285 2982 4340 ἀπό
3004 4303 3067 4354 γε
3097 4285 3198 4356 τῆς
3226 4286 3518 4356 συνηθείας
3562 4292 3665 4358 τῆς
3701 4289 3791 4343 ἰπὶ

2199 4374 2308 4429 τῶν
2357 4375 2548 4447 μυιῶν.
2589 4375 2679 4432 Ἐν
2729 4377 2839 4431 ἔθει
2863 4378 2975 4450 γάρ
3015 4377 3136 4442 πώς
3177 4381 3295 4432 ἐστι
3324 4382 3437 4444 τοῖς
3476 4380 3791 4450 μελισσοκό-

2202 4482 2325 4537 μοις
2363 4467 2602 4540 συρίζειν
2634 4471 2824 4533 αὐταῖς
2849 4483 2864 4498 ⁸
2887 4468 3034 4524 οὕτω
3054 4487 3111 4523 τε
3146 4471 3255 4525 τῶν
3302 4471 3546 4542 σίμϐλων
3585 4472 3792 4542 ἀποφό-

2209 4572 2322 4629 ρειν
2353 4560 2435 4624 εἰς
2464 4558 2601 4631 ἄνθη
2634 4562 2725 4615 καὶ
2764 4561 2937 4628 πόας,
2989 4562 3084 4616 καὶ
3130 4562 3239 4634 μὴν
3298 4563 3395 4616 καὶ
3433 4561 3792 4634 ἀνακομίζειν

2204 4650 2264 4717 ἑξ
2301 4651 2511 4722 ἀγρῶν,
2556 4655 2696 4707 οἴκοι
2731 4670 2792 4708 τε
2835 4655 3009 4719 αὐτὰς
3039 4656 3414 4721 ἐναυλίζεσθαι
3453 4659 3649 4713 ποιεῖν.
3684 4658 3789 4713 Συ-

2203 4745 2542 4823 ριεῖ·τοίνυν.
2588 4748 2772 4818 φησίν.
2803 4749 2868 4803 Oi
2899 4748 2958 4803 δὲ
3009 4748 3298 4820 ἀφίξονται
3346 4751 3544 4823 πτηνοί
3585 4767 3647 4806 τι
3696 4751 3789 4809 καὶ

2200 4836 2429 4907 κοῦφοι,
2463 4836 2622 4909 λιμοῦ
2658 4841 2757 4912 μὲν
2783 4841 2942 4911 ὀλίγα
2970 4843 3415 4914 πεφροντικότες,
3466 4845 3531 4899 οὐ
3561 4845 3792 4910 δεδιότες

2200 4928 2260 4983 δὲ
2284 4930 2501 4994 πόνους,
2541 4931 2738 4986 ἄϋπνοι
2766 4950 2826 4987 τε
2876 4936 2972 4988 καὶ
3005 4934 3387 5000 εὐζωνότατοι,
3426 4938 3524 4992 καὶ
3566 4936 3795 5011 ἐξηρτυο

2204 5022 2356 5094 μένοι
2393 5023 2464 5077 τὰ
2494 5026 2749 5091 τακτικὰ,
2785 5027 2881 5080 καὶ
2901 5026 3157 5096 ἀτρύτοις
3195 5028 3384 5093 ἵπποις
3408 5030 3790 5102 ἐποχούμενοι,

2201 5113 2300 5168 καὶ
2320 5113 2600 5187 ὁρμῶντες
2627 5114 2703 5179 ὡς
2753 5118 3029 5186 καταιγὶς,
3064 5118 3162 5171 καὶ
3209 5119 3268 5171 ὲν
3320 5119 3421 5190 ῖσῳ
3463 5119 3670 5187 λέουσι,
3700 5123 3795 5176 καὶ

2201 5207 2582 5273 κατεσθίοντες
2599 5208 2676 5272 ὡς
2706 5208 2889 5281 θηρία.
2916 5210 3250 5283 Δυσάντητοι
3271 5211 3330 5265 δὲ
3373 5210 3549 5277 οὕτως
3578 5213 3794 5269 ἔσονται

2197 5302 2296 5355 καὶ
2322 5300 2509 5367 δεινοὶ,
2556 5301 2632 5365 ὡς
2661 5302 2868 5373 ἀμαχεὶ
2895 5303 3164 5359 δύνασθαι
3203 5305 3364 5375 νικᾷν
3400 5304 3793 5375 ἀντεξάγοντος

2194 5391 2429 5456 οὐδενὸς,
2504 5392 2672 5464 ἠγουν
2736 5394 2938 5456 ἱκανῶς
3010 5396 3230 5468 ἔχοντος
3298 5399 3380 5457 εἰς
3447 5398 3793 5471 ἐπιχωρίαν.

2199 5482 2395 5538 Ἔσται
2420 5484 2477 5539 δὲ
2507 5486 2703 5557 θρῆνος
2726 5488 2844 5539 κατ’
2868 5489 3048 5541 ἐκεῖνο
3081 5489 3279 5561 καιροῦ
3316 5491 3411 5545 καὶ
3460 5489 3558 5563 βοὴ
3586 5507 3795 5562 συμμιν

2195 5574 2317 5646 γῆς,
2342 5574 2418 5637 ὡς
2450 5576 2604 5629 οὐδὲν
2637 5575 2824 5648 ἕτερον
2854 5578 3110 5647 ἡγεῖσθαί
3136 5597 3308 5644 τινας,
3336 5580 3371 5652 ἢ
3401 5581 3485 5634 ὅτι
3516 5582 3796 5651 θαλάσσης

2190 5667 2297 5739 ἠχὴ
2332 5667 2435 5737 τῆς
2486 5668 2753 5724 Ἰουδαίων
2786 5671 3213 5726 κατασκίδναται
3242 5671 3448 5743 χώρας.
3503 5676 3701 5730 Ἔσται
3737 5677 3795 5731 ει

2191 5759 2286 5810 καὶ
2326 5758 2561 5830 σκληρὸν
2587 5759 2777 5822 σκότος
2826 5760 2922 5813 καὶ
2954 5758 3072 5813 οὔτι
3108 5778 3215 5814 που
3260 5763 3482 5828 πάντως
3532 5764 3596 5819 τὸ
3625 5766 3794 5832 ὡς’ὶν

2189 5849 2388 5921 ὁμίχλῃ
2417 5848 2709 5915 νοούμενον
2740 5850 2835 5905 καὶ
2865 5852 3043 5918 νυκτὶ,
3072 5852 3135 5905 τὸ
3174 5854 3237 5906 ἐκ
3268 5853 3544 5925 δειμάτων
3567 5854 3627 5909 δὲ
3653 5855 3796 5925 μάλ-
