4134 6304
342 364 442 421 169

1461 357 1529 413 IN
1558 358 1795 416 {SAIAM
1835 361 1966 418 ΜΒ.
2005 362 2049 419 ἱ.
2085 360 2293 419 οιιΑτ.
2331 363 2420 418 Π.

3485 369 3586 422 170

341 487 433 540 λον
459 482 555 536 καὶ
592 478 841 551 ἀπορίας.
871 479 1060 533 Σκοτοῖ
1086 477 1193 550 γὰρ
1220 477 1312 531 τὸν
1340 476 1463 535 νοῦν
1492 477 1561 531 τὰ
1589 477 1915 549 παγχάλεπα

2021 477 2187 550 igitur
2217 479 2357 535 Dens
2401 477 2768 533 universitatis
2799 477 3017 534 utilitati
3060 487 3255 535 nostra:
3315 481 3367 535 in
3408 488 3587 539 omni-

343 576 453 628 τῶν
498 570 697 625 κακῶν.
762 571 996 640 Ὀνίνησι
1046 567 1335 639 τοιγαροῦν
1394 567 1481 622 διὰ
1524 566 1722 632 παντὸς
1762 569 1912 638 ἡμᾶς

343 670 371 719 ὁ
406 665 513 717 τῶν
539 663 674 717 ὅλων
703 661 856 723 Θεός.
886 662 1124 713 Ποιεῖται
1169 661 1277 731 γὰρ
1314 660 1374 712 ού
1428 659 1604 730 μάτην
1655 660 1754 722 τὰς
1803 659 1913 712 τῶν

343 757 613 826 ἐσομένων
656 751 1113 823 προαγορεύσεις·
1181 751 1274 804 καὶ
1317 750 1511 804 δίεισιν
1550 749 1793 820 ἀκριϐῶς
1845 748 1915 802 τά

343 846 544 918 μεγέθη
572 845 680 898 τῶν
737 844 923 898 κακῶν
962 860 974 872 ·
1022 843 1087 896 ἵν’
1146 842 1442 912 ἐπειδήπερ
1483 839 1828 911 άνουθέτητοί
1855 857 1914 893 τε

248 994 254 998 ,
341 938 600 1000 πολλάκις
635 937 822 1007 ἐσμὲν,
856 935 950 988 καὶ
979 933 1325 1005 πεποιήμεθα
1366 934 1496 1002 παρ’
1518 932 1670 985 οὐδὲν
1714 930 1806 984 τὸν
1839 932 1917 993 είς

343 1028 681 1099 μετάγνωσιν
698 1025 969 1082 καλοῦντα
986 1024 1143 1092 λόγον
1168 1061 1183 1086 ,
1217 1022 1322 1076 κᾶν
1351 1022 1484 1090 γοῦν
1511 1018 1917 1090 ὑποπτήξαντες

340 1119 400 1172 τὸ
426 1122 547 1183 ταῖς
579 1116 722 1171 οὓτω
756 1117 956 1179 δειναῖς
996 1114 1256 1170 ἐναλῶναι
1304 1113 1506 1174 δίκαις,
1542 1110 1632 1163 τὸν
1678 1110 1817 1163 θεῖον
1860 1111 1917 1162 ἐν

341 1213 556 1274 ἑαυτοῖς
616 1207 983 1280 εἰσδεξώμεθα
1038 1206 1237 1277 φόϐον,
1272 1205 1367 1258 καὶ
1413 1201 1916 1261 ἀποσπουδάσαντες

341 1304 409 1356 τὰ
435 1302 670 1373 πονηρὰ,
713 1299 1175 1372 μετακομίσωμεν
1200 1296 1302 1366 τὴν
1351 1293 1574 1362 καρδίαν
1602 1292 1700 1354 ἐίς
1750 1307 1812 1358 γε
1855 1290 1918 1341 τὸ

343 1396 539 1465 χρῆναι
571 1392 759 1445 λοιπδν
783 1390 1006 1444 ἑλέσθαι
1029 1389 1090 1441 τὸ
1109 1386 1328 1454 ἀγαθόν.

415 1485 524 1538 Καὶ
549 1485 786 1552 ἐγένετο
817 1481 924 1535 τοῦ
944 1479 1243 1540 ἐνιαυτοῦ,
1300 1473 1368 1531 οὗ
1407 1475 1704 1530 ἀπέθανεν
1741 1473 1919 1537 Ὀζῖας

349 1578 381 1627 ὀ
398 1575 720 1639 βασιλεὺς,
748 1569 912 1626 εἶδον
942 1571 1048 1623 τὸν
1067 1571 1281 1636 Κύριον
1301 1565 1559 1628 Σαϐαὼθ,
1582 1565 1919 1632 καθήμενον

348 1666 449 1719 ἐπὶ
478 1666 694 1732 θρόνου
726 1662 971 1732 ὑψηλοῦ
1022 1661 1118 1714 καί
1155 1658 1488 1728 ἐπηρμένου
1514 1673 1529 1687 ’
1556 1657 1654 1710 καὶ
1681 1657 1917 1726 πλήρης

351 1762 383 1811 δ
434 1755 592 1826 οἶκος
632 1757 743 1825 τῆς
784 1757 969 1824 δόξης
997 1754 1201 1810 αὐτοῦ.
1246 1754 1355 1808 Kal
1396 1753 1690 1822 Σεραςρεὶμ
1716 1751 1916 1819 εἱστή-

2017 571 2134 625 bus.
2169 570 2278 625 Nec
2307 571 2449 624 enim
2487 570 2606 625 sine
2644 585 2808 625 causa
2852 571 2982 626 facit
3030 571 3333 628 futurorum
3391 577 3587 645 praedi-

2015 659 2252 713 ctionem
2279 699 2295 722 ,
2345 668 2401 713 et
2447 670 2698 715 accurate
2733 670 2917 716 narrat
2969 663 3386 732 magnitudinem
3421 665 3590 720 malo-

2018 762 2159 811 rum,
2193 759 2250 803 ut
2283 750 2543 818 quoniam
2574 766 2717 820 saepe
2751 752 3011 808 indociles
3045 770 3253 819 sumus,
3283 764 3337 812 et
3375 771 3588 812 sermo-

2017 853 2138 893 nem
2165 839 2232 894 ad
2275 841 2647 908 pmnitentiam
2690 852 2973 899 vocantem
3009 845 3349 916 negligimus,
3393 848 3586 903 saltem

2018 937 2318 986 metuentes
2343 946 2414 985 ne
2452 942 2560 986 tam
2590 935 2777 1003 grandi
2807 948 2967 1005 ptena
3007 935 3361 1003 involvamur,
3395 939 3488 995 Dei
3522 940 3588 994 ti-

2019 1036 2224 1077 morem
2258 1023 2310 1077 in
2358 1023 2515 1079 nobis
2544 1026 2928 1094 suscipiamus,
2968 1037 3024 1083 et
3048 1030 3387 1086 dediscentes
3421 1032 3583 1097 mala,

2018 1113 2257 1167 animum
2287 1113 2540 1184 deinceps
2569 1117 2634 1169 ad
2662 1117 2858 1172 bonum
2896 1119 3329 1188 amplectendum
3357 1137 3585 1178 conver-

2021 1213 2216 1258 tamus.

2090 1473 2220 1527 CAP.
2247 1471 2329 1527 VI.
2369 1474 2528 1528 Vens.
2564 1476 2677 1529 1-5.
2721 1476 2786 1529 Et
2823 1477 3019 1543 factum
3045 1492 3118 1533 est
3148 1497 3285 1534 anno
3314 1496 3416 1550 quo
3447 1498 3576 1534 mor-

2021 1576 2142 1620 tuus
2168 1575 2242 1619 est
2281 1563 2442 1620 Ozias
2489 1584 2582 1621 res:
2622 1569 2724 1621 nidi
2765 1569 3045 1624 Domitium
3077 1570 3306 1626 Sabaoth
3326 1573 3584 1628 sedentem

2022 1660 2080 1713 in
2123 1659 2257 1714 solio
2302 1662 2502 1716 excelso
2551 1671 2598 1714 et
2637 1661 2868 1727 elevato;
2915 1673 2963 1717 et
2992 1661 3142 1730 plena
3187 1665 3370 1718 donius
3419 1664 3585 1735 gloria

2019 1750 2154 1819 ejus.
2218 1748 2288 1804 Et
2320 1752 2594 1821 Seraphin:
2643 1763 2889 1808 steterunt
2944 1754 3140 1808 circum
3170 1771 3288 1809 eum
3318 1771 3337 1810 :
3367 1772 3459 1810 sex
3487 1756 3588 1811 ala-

350 1818 788 1916 κεισαναύκλῳ
823 1818 1026 1902 αὺτοῦ.
1074 1846 1181 1911 Ἓξ
1229 1818 1521 1914 πτέρυγες
1551 1818 1786 1908 veriveri,
1818 1818 1915 1896 καί

2024 1843 2139 1907 uni,
2186 1852 2234 1896 et
2268 1859 2357 1897 sea:
2407 1818 2509 1898 alte
2554 1844 2737 1909 alteri;
2765 1845 2970 1899 duabus
3003 1848 3210 1913 quidem
3237 1847 3477 1901 uelabant
3509 1847 3592 1917 fa-

346 1942 414 2006 ἒξ
436 1939 719 2009 πτέρυγες
765 1936 846 2001 τῷ
884 1936 996 1990 ἐνί.
1031 1934 1142 1990 Καὶ
1200 1934 1330 2000 ταῖς
1365 1933 1483 2002 μὲν
1533 1931 1734 1997 δυσὶν,
1781 1947 1918 1985 κατ-

343 2032 685 2087 εκάλυπτον
739 2030 812 2084 τὰ
840 2029 1155 2096 πρόσωπα,
1182 2025 1282 2078 καί
1327 2025 1456 2091 ταῖς
1484 2024 1627 2078 δυσὶ
1661 2021 1914 2077 κατεκά-

339 2128 574 2180 λυπτον
607 2121 750 2188 τοὺς
783 2118 1007 2184 πόδας,
1047 2118 1145 2171 καὶ
1198 2116 1328 2184 ταῖς
1369 2116 1554 2170 δυσὶν
1595 2114 1909 2169 ἐπέταντο.

338 2218 447 2272 Kal
531 2215 856 2284 ἐκέκραγον
905 2212 1105 2280 ἔτερος
1162 2210 1312 2278 πρὸς
1359 2210 1468 2262 τὸν
1517 2208 1742 2277 ἕτερον,
1809 2208 1909 2260 καί

2025 1934 2176 1995 ciem,
2204 1932 2409 1988 duabus
2444 1948 2560 1987 vero
2588 1933 2887 1988 obselaltant
2922 1936 3098 2002 pedes,
3126 1946 3172 1989 et
3203 1937 3406 1990 duabus
3445 1937 3593 1991 eola-

2023 2023 2168 2076 bant.
2205 2022 2613 2094 Clamabantqtte
2644 2025 2778 2079 alter
2818 2027 2887 2079 ad
2928 2025 3171 2092 alterum,
3219 2038 3268 2082 et
3308 2029 3588 2083 dixerunt:

2023 2102 2273 2177 Sanctus,
2316 2125 2550 2180 sanctus,
2595 2127 2807 2172 sanctus
2855 2115 3112 2174 Dominus
3143 2118 3395 2186 Sabaoth,
3437 2122 3589 2190 plena

2021 2216 2097 2258 est
2132 2208 2300 2261 omnis
2329 2216 2468 2261 terra
2492 2207 2662 2277 gloria
2693 2209 2824 2274 ejus.

339 2309 570 2376 ελεγον
599 2307 811 2375 "Arum,
842 2302 1027 2371 ἅγιος,
1081 2301 1248 2370 ἅγιος
1271 2301 1484 2369 Κύριος
1510 2299 1775 2362 Σαϐαὼθ,
1796 2296 2038 2364 πλήρης
2068 2294 2492 2366 πᾶσαήγῆτῆς
2524 2298 2708 2367 δόξης
2738 2301 2943 2355 αὐτοῧο

407 2401 481 2453 Οὐ
510 2398 630 2452 καθ’
653 2398 749 2450 Eva
786 2396 971 2465 τυχὸν,
1011 2392 1135 2446 οὔτε
1169 2391 1274 2463 μὴν
1297 2391 1633 2454 ἀδιαστάτως
1652 2391 1702 2443 οἱ
1740 2387 1919 2460 μακά-

343 2511 448 2565 ριοι
473 2490 745 2562 προφῆται
766 2490 865 2551 τὰς
889 2486 996 2540 τῶν
1016 2485 1258 2558 ὁράσεων
1283 2482 1651 2551 ἀποκαλύψεις
1682 2482 1922 2551 ἐδέχοντο

343 2581 495 2651 παρὰ
524 2578 680 2633 Θεοῦ.
724 2578 856 2632 Ἀνὰ
885 2577 1049 2649 μέρος
1077 2576 1133 2628 δέ
1165 2574 1385 2644 μᾶλλον,
1422 2573 1564 2628 κατὰ
1591 2572 1652 2625 τὸ
1676 2572 1920 2644 Δεσπότῃ

345 2671 559 2726 δοκοῦν.
589 2670 700 2723 Καὶ
727 2670 785 2721 ἐν
818 2667 1035 2739 χρόνοις
1070 2664 1194 2719 καθ’
1229 2663 1321 2733 οὓς
1352 2663 1508 2734 ἤθελε
1544 2660 1699 2717 τοῦτο
1730 2663 1861 2735 δρᾷν
1889 2666 1920 2716 ὁ

345 2760 746 2817 ἀποκαλύπτων
776 2758 947 2828 βαθέα
970 2759 1063 2810 καὶ
1088 2756 1398 2827 άπόκρυφα,
1426 2757 1519 2810 καὶ
1548 2755 1828 2824 γινώσκων
1847 2756 1916 2811 τά

347 2849 723 2922 κεκρυμμένα.
756 2848 870 2902 Καὶ
920 2847 1027 2920 γὰρ
1076 2848 1188 2900 ἐστι
1232 2847 1368 2918 μετά
1391 2848 1545 2901 τοῦτο
1588 2846 1723 2916 φῶς,
1770 2848 1916 2902 καθά

349 2944 678 3013 γέγραπται.
723 2940 898 3005 Ὀζίου
934 2938 1214 3009 τοιγαροῦν
1244 2938 1338 2992 τοῦ
1380 2941 1474 2992 καὶ
1534 2941 1784 3009 Ἀζαρίου
1816 2957 1914 2993 πε-

2100 2388 2259 2459 ιοο
2288 2389 2400 2445 Nec
2447 2390 2629 2454 simul,
2674 2406 2773 2446 nec
2810 2392 2928 2446 sine
2968 2394 3249 2448 intervallo
3280 2395 3419 2450 beati
3466 2410 3593 2465 pro-

2023 2478 2198 2550 pbetie
2225 2482 2465 2536 visorum
2503 2482 2858 2538 revelationes
2884 2494 3211 2552 acceperunt
3258 2501 3287 2539 a
3335 2487 3463 2554 Deo,
3495 2492 3589 2544 sed

2023 2569 2290 2639 paulatim
2327 2581 2381 2624 et
2422 2571 2721 2641 sigillatim,
2756 2583 2916 2643 prout
2948 2574 3174 2632 Domino
3201 2578 3372 2633 visum
3403 2589 3508 2645 est,
3538 2593 3593 2633 et

2026 2669 2137 2714 tum
2175 2675 2298 2715 cum
2337 2660 2508 2716 voluit
2539 2662 2719 2718 facere
2763 2664 2830 2727 is,
2865 2663 2955 2732 qui
3002 2665 3193 2737 retegit
3244 2667 3506 2737 profunda
3539 2679 3594 2722 et

2024 2758 2254 2812 secreta.
2289 2759 2344 2805 et
2371 2751 2461 2820 qui
2491 2752 2701 2807 occulta
2731 2756 3026 2822 cognoscit.
3050 2756 3163 2812 Lux
3189 2743 3334 2814 enim
3362 2761 3501 2828 apud
3526 2760 3589 2815 il-

2022 2838 2130 2893 lum
2159 2849 2262 2905 est,
2289 2841 2428 2897 sicut
2449 2843 2711 2910 scriptum
2742 2857 2845 2902 est.
2868 2846 2998 2904 01in
3031 2849 3215 2918 igitur,
3251 2851 3341 2918 qui
3369 2860 3424 2904 et
3457 2851 3591 2903 Aza-

2023 2927 2131 2982 rias
2145 2929 2320 2984 dictus
2369 2938 2472 2997 est,
2496 2933 2668 2989 adhuc
2696 2939 3076 3005 superstite,'et
3101 2940 3248 3008 regni
3279 2941 3591 3010 Hierosoly-

350 3033 562 3106 ριόντος
593 3031 687 3097 ἔτι,
717 3031 806 3085 καὶ
837 3029 961 3093 τοὺς
987 3029 1082 3099 τῆς
1113 3029 1388 3099 βασιλείας
1431 3033 1529 3100 τῆς
1580 3032 1638 3083 ἐν
1666 3032 1778 3094 τοῖς
1823 3031 1915 3083 Ἰε-

2022 3020 2209 3074 mitani
2255 3022 2447 3076 solium
2476 3032 2800 3093 occupante,
2835 3030 3144 3097 superiores
3178 3044 3460 3086 sermones
3491 3033 3591 3087 lia-

349 3123 670 3196 ροσολύμοις
722 3121 995 3184 διέποντος
1041 3119 1299 3191 θρόνους,
1342 3122 1468 3185 τοὺς
1521 3122 1613 3174 ἐπὶ
1662 3123 1773 3185 τοῖς
1816 3121 1917 3192 ἠδη

343 3214 582 3282 φθάσασι
629 3211 917 3282 πεποίηται
970 3211 1162 3278 λόγους
1219 3215 1249 3266 ὁ
1312 3213 1580 3284 μακάριος
1634 3213 1923 3285 προφήτης

352 3305 600 3368 Ἡσαΐας.
624 3299 731 3359 Ἦν
755 3303 856 3375 μὲν
888 3304 998 3374 γὰρ
1040 3304 1218 3367 Ὀζίας
1244 3303 1337 3356 καὶ
1388 3304 1641 3375 Ἀζαρίας
1692 3304 1800 3358 τῶν
1833 3306 1917 3359 ὅτι

340 3399 577 3469 μάλιστα
603 3396 1038 3467 φιλοθεωτάτων,
1080 3395 1440 3463 πεποιηκέναι
1472 3396 1580 3466 γὰρ
1603 3395 1820 3464 λέγεται
1857 3396 1919 3449 τδ

337 3485 495 3548 esse;
522 3487 581 3539 ἐν
617 3485 913 3557 ὀφθαλμοῖς
934 3483 1030 3538 τοῦ
1058 3483 1214 3537 Θεοῦ.
1246 3484 1395 3555 Πλὴν
1423 3486 1485 3538 ού
1521 3485 1683 3556 μέχρι
1719 3486 1918 3549 παντὸς

335 3575 632 3629 διεσώσατο
675 3577 846 3644 καλὴν
896 3574 993 3627 καὶ
1048 3574 1347 3644 ἀμώμητον
1370 3574 1469 3644 τῆς
1517 3574 1798 3638 εὐσεϐείας
1820 3577 1918 3646 τὴν

335 3667 517 3733 δόξαν.
546 3666 898 3736 Κατισχύσας
927 3665 1038 3738 γὰρ
1063 3665 1149 3719 διὰ
1178 3665 1314 3720 Θεοῦ
1342 3665 1449 3718 τῶν
1476 3667 1691 3737 ὁμόρων
1724 3666 1913 3730 ἐθνῶν,

338 3759 570 3812 πλεῖστά
597 3765 655 3811 τε
687 3759 788 3812 ὅσα
829 3757 925 3811 καὶ
956 3756 1361 3827 ἀξιοθαύμαστα
1402 3756 1519 3810 κατ’
1540 3756 1721 3810 αὐτῶν
1751 3759 1919 3827 ἐργα-

339 3852 600 3920 σάμενος,
651 3852 767 3912 τοῖς
798 3849 898 3920 τῆς
929 3849 1235 3919 εὐπραγίας
1282 3848 1616 3919 μεμέθυσται
1661 3849 1915 3917 τρόποις·

338 3942 432 3994 καὶ
479 3940 815 3994 κατώλισθεν
874 3941 956 4004 είς
1003 3940 1318 4011 ὑπεροψίαν.
1379 3939 1632 4008 ’Δφίκετο
1681 3938 1789 4009 γὰρ
1837 3941 1917 4002 είς

335 4028 494 4082 τοῦτο
522 4029 765 4102 γνώμης,
802 4029 942 4083 ὥστε
989 4030 1083 4083 καὶ
1136 4029 1466 4102 λειτουργίαν
1525 4028 1771 4098 ἁρπάσαι
1817 4028 1917 4100 τὴν

340 4121 627 4192 ίεράν,καὶ
655 4120 989 4192 αὐτόκλητος
1018 4119 1191 4173 ἐλθεῖν
1222 4120 1312 4172 ἐπὶ
1339 4119 1399 4172 τὸ
1429 4118 1537 4172 δεῖν
1565 4117 1813 4189 ἱερᾶσθαι
1840 4118 1916 4188 τῷ

335 4210 481 4280 Θεῷ.
511 4210 781 4264 Εἰσελθὼν
809 4211 919 4283 γὰρ
968 4213 1049 4275 είς
1081 4212 1172 4265 τὸν
1214 4209 1355 4264 θεῖον
1416 4210 1562 4271 ναὸν,
1607 4211 1667 4262 οὺ
1701 4209 1789 4263 διὰ
1817 4210 1916 4280 τῆς

331 4303 446 4356 τῶν
472 4301 715 4355 Λευῖτῶν
737 4304 1030 4373 μεσιτείας,
1061 4304 1225 4375 ἤγουν
1271 4302 1480 4372 ἱερέων,
1524 4299 1915 4371 προσκομίζειν

2017 3112 2135 3167 buit
2156 3110 2345 3168 beatus
2372 3114 2629 3183 prapheta
2657 3116 2847 3171 Isaias.
2872 3117 3003 3173 Nam
3030 3118 3213 3184 Ozias,
3231 3119 3322 3190 qui
3347 3121 3589 3184 Azarias.

2019 3203 2175 3258 valde
2202 3203 2324 3273 pius
2372 3213 2491 3258 erat
2522 3215 2576 3259 et
2607 3204 2911 3276 religiosus,
2938 3208 3136 3280 quippe
3166 3210 3257 3279 qui
3294 3210 3489 3279 legitur
3513 3213 3589 3267 fe-

2018 3295 2160 3349 cisse
2189 3305 2394 3350 rectum
2428 3297 2480 3350 in
2502 3296 2673 3352 oculis
2703 3298 2796 3353 Dei
2823 3317 2836 3353 :
2867 3309 2923 3354 at
2947 3300 3213 3372 integram
3239 3311 3296 3357 et
3327 3302 3587 3358 illibatam

2019 3386 2298 3455 religionis
2333 3389 2557 3458 gloriam
2594 3405 2688 3460 per
2741 3392 2925 3446 omnia
2965 3409 3070 3449 non
3121 3395 3363 3450 retinuit.
3413 3395 3581 3465 Expu-

2017 3481 2194 3550 gnatis
2213 3481 2356 3557 enim
2388 3481 2480 3538 Dei
2513 3482 2715 3539 auxilio
2745 3493 2801 3539 et
2834 3484 3096 3541 beneflcio
3131 3486 3373 3542 finitimis
3399 3490 3579 3557 genti-

2021 3572 2140 3635 bus,
2176 3581 2232 3626 et
2284 3570 2530 3641 pluribus
2576 3575 3018 3646 admirandisque
3058 3576 3218 3632 rebus
3256 3588 3449 3632 contra
3493 3593 3587 3633 eas

2017 3665 2206 3732 gestis,
2238 3664 2379 3720 felici
2426 3667 2529 3722 hoc
2556 3683 2809 3724 successu
2853 3669 3152 3725 inebriatus
3184 3678 3287 3734 est,
3329 3679 3384 3724 et
3410 3670 3477 3723 ad
3505 3683 3588 3723 su-

2018 3756 2217 3822 perbiae
2246 3757 2525 3826 scOpulum
2556 3759 2802 3829 impegit.
2847 3761 2921 3815 Eo
2967 3762 3113 3815 enim
3146 3764 3396 3817 amentiae
3425 3763 3584 3815 deve-

2019 3847 2117 3907 nit,
2156 3853 2215 3900 ut
2253 3862 2466 3901 sacrum
2499 3848 2858 3904 ministerium
2894 3851 2995 3905 sibi
3033 3853 3147 3920 ipse
3191 3851 3504 3922 arripuerit,
3535 3862 3587 3906 et

2016 3945 2226 4004 sponte,
2257 3953 2361 3991 non
2391 3947 2633 4005 vocatus,
2665 3941 2731 3994 ad
2760 3942 3097 3996 sacrificandi
3122 3958 3314 3997 munus
3344 3957 3588 3997 accesseo

2018 4024 2402 4095 ritJngressus
2431 4027 2575 4081 enim
2602 4028 2693 4081 Dei
2724 4030 3006 4097 templum,
3038 4045 3141 4082 non
3167 4028 3475 4085 Levitarum
3504 4033 3585 4086 vel

2017 4116 2360 4169 sacerdotum
2388 4130 2553 4184 opera
2582 4117 2786 4170 vicaria
2815 4119 2888 4171 nti
2919 4119 2969 4171 in
3001 4118 3294 4175 efferendis
3336 4121 3444 4176 Deo
3494 4124 3589 4178 lio-

2018 4207 2146 4261 stiis
2177 4206 2364 4271 voluit,
2394 4205 2488 4260 sed
2526 4207 2592 4260 ad
2619 4207 2858 4261 divinum
2901 4209 3071 4264 altare
3092 4211 3361 4278 assiliens,
3391 4223 3589 4283 praeter

2021 4312 2224 4352 morem
2245 4305 2299 4351 et
2321 4297 2492 4367 legem
2517 4312 2803 4369 aggressus
2833 4309 2916 4355 est
2948 4301 3222 4358 incensum
3240 4304 3490 4362 adolere:
3525 4324 3587 4361 ac

331 4393 495 4464 ἦθελε
525 4394 626 4458 τὰς
674 4363 865 4457 θυσίας
909 4363 1169 4464 τῷ⁷
1214 4363 1353 4445 Ἀλλ’
1406 4363 1492 4444 ἐπ’
1529 4363 1665 4445 abso
1774 4363 1915 4445 θεῖον

2021 4363 2626 4459 τεμνειιθηευεήηυὶιιέιῖι
2664 4400 2747 4446 est
2781 4404 2811 4445 a
2853 4391 2991 4447 tribu
3033 4396 3376 4460 sacerdotali,
3435 4401 3585 4467 quasi

329 4487 690 4557 ἀναπηδήσας
736 4485 1143 4557 θυσιαστήριον,
1198 4485 1377 4555 θυμᾷν
1425 4483 1607 4553 ἐζήτει
1661 4483 1809 4555 παρὰ
1855 4482 1917 4536 τὸ

330 4576 526 4641 εἰωθὸς
553 4577 764 4631 καὶτὸν
817 4577 1001 4647 νόμον.
1035 4578 1146 4631 Καὶ
1198 4577 1458 4647 ἠλέγχετο
1498 4577 1596 4646 μὲν
1645 4575 1794 4645 παρὰ
1818 4578 1917 4646 τῆς

332 4666 726 4737 ἱερατευούσης
758 4668 931 4737 φυλῆς
954 4668 1031 4730 ὡς
1079 4666 1272 4719 ἀνόσια
1305 4665 1467 4737 δρῶν,
1503 4667 1595 4720 καὶ
1622 4666 1920 4738 παραλύειν

326 4759 629 4829 ἐπιχειρῶν
655 4759 746 4812 τὸν
777 4761 957 4830 νόμον.
999 4759 1219 4829 Ἐπειδὴ
1253 4758 1307 4812 δὲ
1357 4762 1467 4823 τοῖς
1499 4758 1598 4829 τῆς
1646 4758 1919 4829 βασιλείας

323 4851 648 4921 αὐχήμασιν
679 4851 959 4922 ἐντρυφῶν
1017 4849 1457 4922 προσνενέμηκεν
1508 4849 1685 4920 ἐαυτῷ
1734 4849 1911 4903 καὶτὸ

325 4942 583 5012 ἱερᾶσθαι
606 4941 858 5013 πρέπεινο
882 4942 978 4995 καὶ
996 4941 1127 5014 παρ’
1156 4941 1309 4995 οὐδὲν
1335 4941 1653 5012 ποιούμενος
1677 4941 1774 5004 τὰς
1802 4940 1911 4993 τῶν

326 5035 374 5086 is
386 5035 524 5102 ρέων
559 5033 888 5104 συμϐουλὰς,
920 5033 1182 5104 ἠλέγχετο
1209 5033 1550 5104 παραχρῆμα
1578 5031 1729 5102 παρὰ
1752 5029 1907 5084 Θεοῦ.

321 5124 684 5195 Λελέπρωται
712 5124 842 5196 γὰρ,
873 5125 1055 5187 αὐτοῖς
1104 5122 1374 5193 μετώποις
1415 5122 1787 5192 ἐπηνθηκότος
1816 5121 1909 5173 τοῦ

321 5215 555 5277 πάθους.
590 5208 759 5284 Οἶμαι
789 5215 846 5267 δὲ
892 5214 1003 5268 δεῖν
1052 5213 1188 5285 πρὸς
1230 5212 1432 5283 ἀκρισῆ
1461 5212 1571 5266 τῶν
1611 5210 1917 5282 είρημένων

321 5307 532 5379 εῐδησιν
565 5306 662 5361 καὶ
687 5305 832 5361 αὐτὰ
863 5305 934 5359 τὰ
965 5307 1085 5360 θεῖα
1113 5305 1454 5378 παραθέσθαι
1492 5304 1648 5372 λόγια
1667 5344 1681 5368 ,
1718 5303 1788 5355 τὰ
1827 5302 1914 5353 ἐπ’

319 5398 477 5469 αὐτῷ
499 5400 879 5470 γεγραμμένα.
904 5400 1056 5470 Ἔχει
1078 5399 1136 5453 δέ
1164 5397 1356 5462 οὕτως·
1386 5416 1404 5448 ι
1442 5398 1528 5451 Ἐν
1554 5395 1664 5449 ετει
1686 5393 1916 5464 εἰκοστῷ

319 5490 424 5543 καὶ
455 5488 666 5558 ἑϐδόμῳ
698 5489 776 5560 τῷ
810 5488 1088 5562 Ἰεροὸοὰμ
1118 5488 1328 5559 βασιλεῖ
1359 5486 1598 5560 Ἰσραὴλ,
1633 5485 1916 5538 ἐϐασίλευ-

2017 4482 2178 4549 impie
2207 4495 2394 4550 agens,
2423 4490 2480 4535 et
2507 4481 2676 4551 legem
2703 4483 2929 4538 violans.
2973 4487 3041 4541 At
3074 4487 3118 4541 is
3142 4488 3304 4556 regali
3329 4490 3588 4558 dignitate

2017 4572 2369 4638 insolescens,
2396 4574 2498 4630 sibi
2533 4575 2672 4632 hanc
2705 4578 2993 4633 sacerdotii
3015 4576 3344 4635 functionem
3367 4594 3589 4651 arroga-

2017 4665 2426 4735 vit,spretoque
2448 4668 2789 4722 sacerdotum
2814 4670 3065 4735 consilio,
3096 4671 3378 4726 confestim
3420 4686 3448 4724 a
3481 4671 3589 4726 Deo

2018 4756 2385 4827 redarguitur,
2404 4757 2550 4828 lepra
2576 4759 2831 4814 videlicet
2852 4774 3159 4830 percussus,
3188 4763 3374 4818 morbo
3400 4763 3451 4818 in
3477 4765 3587 4834 ipsa

2019 4848 2153 4904 adeo
2176 4849 2353 4904 fronte
2386 4851 2744 4919 germinante.
2779 4849 2895 4916 Quo
2922 4859 3099 4907 autem
3131 4852 3246 4909 haec
3285 4868 3405 4924 quae
3446 4856 3588 4911 dicta

2023 4946 2150 4991 sunt
2180 4938 2390 5007 plenius
2432 4939 2823 5009 intelligantur,
2870 4942 3049 4996 divina
3080 4959 3294 5015 quoque
3321 4946 3434 5014 ipsa
3467 4962 3589 5002 ora—

2019 5028 2136 5081 cula
2168 5043 2287 5098 quae
2314 5030 2380 5082 de
2406 5029 2511 5083 hac
2541 5045 2598 5083 re
2627 5030 2822 5097 scripta
2851 5042 2995 5097 sunt,
3026 5038 3336 5104 apponenda
3358 5052 3480 5091 esse
3506 5052 3590 5090 ar-

2023 5119 2214 5172 bitror.
2249 5116 2341 5172 Sic
2366 5129 2545 5174 autem
2575 5133 2636 5174 se
2658 5120 2862 5177 habent
2885 5141 2898 5178 :
2930 5141 2949 5175 ι
2972 5123 3129 5180 Anno
3147 5127 3401 5183 vicesimo
3431 5132 3590 5200 septi-

2019 5223 2107 5261 mo
2160 5208 2470 5264 Jeroboami
2510 5213 2653 5282 regis
2687 5212 2874 5285 lsrael,
2906 5219 3150 5287 regnavit
3187 5219 3413 5274 Azarias
3450 5222 3592 5277 filius

2018 5299 2275 5366 Amaziae,
2309 5301 2452 5370 regis
2481 5299 2641 5358 Juda.
2667 5301 2837 5359 Filius
2866 5308 3139 5364 sexdecim
3167 5324 3429 5365 annorum
3450 5321 3588 5377 erat,

2017 5406 2138 5446 cum
2159 5402 2430 5459 regnaret.
2453 5394 2826 5466 Regnavitque
2841 5399 3230 5471 quinquaginta
3254 5403 3390 5458 duos
3418 5419 3589 5460 annos

2017 5482 2069 5535 in
2100 5482 2421 5538 Jerusalem.
2448 5483 2653 5542 Nomen
2682 5499 2861 5542 autem
2880 5490 3071 5545 matris
3095 5490 3284 5548 Clialia
3307 5491 3505 5565 (l)'fuit
3523 5497 3592 5550 de

318 5597 421 5633 σεν
462 5577 716 5651 ’Δζαρίας
770 5580 884 5643 υίὸς
930 5579 1191 5651 Ἀμασίου
1263 5579 1528 5649 βασιλέως
1583 5575 1772 5630 Ἰούδα.
1822 5576 1915 5640 Ἐξ

2028 5575 2350 5632 Jerusalem.
2382 5575 2637 5647 Fecitque
2668 5581 2808 5647 quod
2839 5591 3044 5637 rectum
3065 5594 3183 5638 erat
3216 5585 3268 5639 in
3296 5588 3465 5642 oculis
3490 5587 3593 5642 Do—

397 5738 477 5803 (l)
527 5734 682 5804 \‘nlg.
716 5732 919 5789 Chelia.

651 5830 919 5890 Ριτιιοι..
972 5832 1085 5892 Gn.
1143 5829 1328 5890 LXX.

3165 5828 3196 5886 6
