4144 6302
569 396 665 451 ΠΙ

1562 395 1621 448 s.
1662 364 2446 504 cintLu'waANonmt
2487 393 2804 449 meumr.

3725 395 3828 450 ΠΞ

569 514 702 570 mini
732 514 883 584 juxta
906 516 1083 568 omnia
1118 526 1236 583 quin
1294 513 1494 569 fecerat
1527 514 1773 568 Amasias
1808 522 1958 582 pater
1994 515 2145 583 ejus:

2254 514 2348 567 καί
2379 513 2510 568 δέκα
2550 515 2686 567 ἐτῶν
2718 509 2785 585 ἦν
2819 514 2877 566 ἐν
2907 510 2982 583 τῷ
3007 509 3312 582 βασιλεύειν
3344 509 3527 572 αὑτὸν,
3569 512 3662 564 καὶ
3693 529 3827 566 πεν-

570 611 808 660 attamen
849 603 1059 660 excelsa
1091 618 1196 659 non
1226 603 1466 659 sustulit.
1495 604 1684 658 Adhuc
1710 604 1937 673 populus
1972 606 2143 660 sacri-

571 695 775 760 licavit,
802 704 861 751 et
905 693 1137 750 sumtum
1188 693 1314 749 fecit
1352 695 1404 748 in
1433 696 1690 749 excelsis.
1722 694 1923 765 Tetigit
1960 704 2143 748 autem

564 787 832 843 Dominus
879 799 1081 856 regem,
1127 794 1182 840 et
1218 787 1364 855 lepra
1398 796 1681 853 correptus
1704 795 1822 840 erat
1857 800 2031 855 usque
2080 785 2143 839 ad

569 880 712 958 diem
739 880 927 943 mortis
956 894 1068 933 sua:
1097 879 1137 931 ⁸.
1170 897 1189 930 ι
1227 877 1349 933 Haec
1379 877 1593 946 quidem
1624 878 1677 930 in
1706 876 1925 946 Regnis.
1959 877 2013 931 In
2044 877 2146 930 Pn-

570 970 920 1039 ralipomenis
945 970 1097 1041 101
1125 979 1328 1034 autem,
1360 979 1418 1023 ut
1437 971 1546 1025 dixi
1578 985 1593 1022 :
1629 989 1646 1019 ι
1673 968 1737 1023 Ει
1764 968 2092 1031 utobtinuit,
2120 988 2137 1020 ι

557 1064 771 1134 inquit,
798 1081 816 1114 ι
851 1062 1051 1117 elatum
1082 1072 1167 1117 est
1188 1077 1281 1118 cor
1311 1061 1428 1128 ejus
1470 1063 1534 1115 ad
1572 1060 2048 1130 corrumpendum.
2079 1060 2145 1117 Et

568 1154 767 1226 injuste
805 1156 917 1224 egit
959 1162 1145 1208 contra
1173 1153 1459 1207 Dominum
1487 1152 1653 1205 Deum
1688 1166 1866 1215 suum,
1901 1152 2147 1205 intravit-

566 1261 669 1314 que
712 1242 967 1313 templum
997 1242 1205 1297 Domini
1243 1248 1301 1295 ut
1334 1241 1574 1296 adoleret
1606 1243 1658 1295 in
1684 1242 1839 1295 altari
1872 1240 2146 1295 sulllntcn-

567 1346 766 1391 torum.
789 1333 1035 1389 Introivit
1076 1342 1252 1387 autem
1276 1345 1395 1401 post
1422 1332 1600 1401 ipsum
1645 1332 1936 1387 Zacharias
1963 1347 2144 1387 sacer-

568 1426 689 1490 dos,
718 1433 771 1477 et
801 1438 904 1476 una
928 1437 1050 1475 cum
1078 1436 1143 1477 eo
1171 1422 1477 1475 sacerdotes
1504 1419 1715 1475 Domini
1746 1420 2017 1488 octoginta
2042 1422 2145 1474 duo

570 1523 954 1586 prarpotentes,
988 1523 1044 1567 et
1072 1514 1289 1568 stabant
1316 1523 1504 1567 contra
1532 1510 1718 1566 Oziam
1755 1525 1956 1582 regem,
1982 1523 2033 1565 et
2066 1512 2147 1566 in-

568 1607 766 1677 quinnt
799 1623 811 1659 :
854 1603 970 1659 Non
1005 1605 1132 1659 licet
1160 1604 1284 1667 tibi,
1325 1603 1478 1664 Ozia,
1522 1602 1740 1658 adolere
1766 1601 2012 1666 Domino,
2052 1603 2145 1657 sed

577 1713 746 1767 penes
766 1712 863 1751 uos
882 1705 960 1752 est
974 1737 987 1758 ,
1007 1695 1097 1765 qui
1122 1694 1420 1749 sacerdotio
1443 1690 1734 1762 lungimtir,
1755 1693 1844 1764 qui
1868 1692 1959 1747 lilii
1979 1694 2144 1747 Aaro-

574 1789 657 1846 nis
697 1805 912 1855 sumus,
943 1789 1036 1857 qui
1068 1787 1474 1842 sanctillcamur
1511 1786 1579 1840 ad
1617 1785 1957 1840 adolendum.
1983 1784 2082 1839 Esi
2114 1800 2144 1838 e

2246 608 2482 676 τήκοντα
2529 607 2624 659 καὶ
2673 605 2766 658 δύο
2823 603 2917 675 ἐτη
2966 602 3315 657 ἐϐασίλευσεν
3358 603 3415 656 ἐν
3449 602 3828 675 Ἰερουσαλὴμ,

2247 699 2341 751 καὶ
2362 697 2536 767 ὕνομα
2564 696 2663 767 τῆς
2702 695 2906 768 μητρὸς
2944 694 3110 749 αὐτοῦ
3135 693 3313 748 Χαλία
3352 693 3412 759 ἐξ
3448 694 3825 766 Ἰερουσαλήμ.

2246 789 2356 841 Καὶ
2388 787 2612 863 ἐποίησε
2642 787 2705 840 τὸ
2737 785 2955 848 εὐσεϐὲς
2983 787 3041 838 ἐν
3087 784 3382 855 ὀφθαλμοῖς
3427 784 3657 857 Κυρίου,
3687 787 3831 839 κατὰ

2248 878 2428 931 πάντα
2458 878 2558 930 ὅσα
2586 877 2840 948 ἐποίησεν
2880 875 3144 948 Ἀμαζίας
3181 879 3210 930 6
3250 876 3435 947 πατὴρ
3462 877 3650 933 αὐτοῦ.
3681 879 3828 949 Πλὴν

2245 970 2354 1021 τῶν
2379 967 2604 1039 ῦψηλῶν
2632 968 2732 1020 οὐκ
2761 965 2972 1038 ἐξῆρεν·
3023 965 3103 1020 ἔτι
3134 968 3163 1019 6
3218 965 3346 1030 λαὸς
3368 965 3654 1032 ἐθυσίαξεν
3674 1005 3693 1026 .
3733 968 3833 1022 καὶ

2246 1057 2475 1129 ἐθυμίαν
2505 1059 2565 1111 ἐν
2595 1060 2707 1121 τοῖς
2738 1057 2984 1126 ὑψηλοῖς.
3025 1057 3138 1110 Kal
3167 1056 3346 1128 ἥψατο
3365 1055 3569 1126 Κύριές
3604 1057 3700 1110 τοῦ
3732 1057 3831 1129 βα·

2249 1149 2456 1212 σιλέως.
2488 1149 2599 1202 Καὶ
2621 1144 2689 1220 ἦν
2714 1147 3122 1220 λελεπρωμένος
3169 1149 3275 1212 ἕως
3332 1148 3544 1220 ἡμέρας
3593 1147 3827 1203 θανάτου

2246 1239 2429 1293 αὑτοῦ.
2469 1260 2487 1291 ι
2523 1241 2633 1294 Καὶ
2652 1240 2812 1295 ταυτὶ
2862 1240 2961 1311 μὲν
3012 1240 3073 1293 ἐν
3102 1241 3224 1303 ταῖς
3274 1238 3602 1304 Βασιλείαις.
3654 1242 3742 1294 Ἐν
3767 1240 3828 1294 δέ

2246 1330 2772 1402 Παραλειπομέναις,
2799 1330 2874 1393 ὡς
2904 1329 3056 1401 ἔφην’
3091 1348 3110 1381 ι
3138 1329 3247 1383 Kal
3266 1329 3340 1393 ὡς
3369 1329 3686 1399 κατίσχυσε,
3723 1348 3833 1399 φη-

2249 1424 2353 1488 σὶν,
2394 1422 2584 1494 ὑψώθη
2611 1426 2643 1494 ἡ
2674 1423 2869 1494 καρδία
2888 1422 3052 1477 αὐτοῦ
3092 1422 3470 1491 καταφθεῖραι.
3500 1421 3613 1475 Kal
3636 1421 3828 1492 ἠδίκη-

2247 1533 2338 1570 σεν
2367 1518 2425 1569 ἐν
2442 1515 2628 1586 Κυρίῳ
2655 1514 2774 1584 θεῷ
2806 1513 2987 1567 αὑτοῦ·
3044 1509 3138 1566 καὶ
3185 1512 3430 1583 εἰσῆλθεν
3478 1513 3556 1575 εἱς
3582 1510 3675 1565 τὸν
3704 1510 3832 1564 ναὸν

2246 1607 2447 1678 Κυρίου
2463 1606 2724 1677 θυμιᾶσαι
2740 1606 2831 1658 ἐπὶ
2849 1607 2910 1659 τὸ
2927 1604 3311 1675 θυσιαστήριον
3324 1601 3434 1656 τῶν
3448 1602 3831 1674 θυμιαμάτων·

2245 1699 2338 1751 καὶ
2367 1696 2613 1767 εἰσῆλθεν
2642 1695 2816 1748 ὀπίσω
2870 1693 3036 1748 αὑτοῦ
3093 1692 3348 1764 ’Λζαρίας
3384 1694 3412 1746 6
3473 1694 3674 1762 ἱερεὺς,
3732 1692 3827 1745 καὶ

2250 1790 2365 1860 μετ’
2394 1789 2560 1842 αὑτοῦ
2593 1789 2756 1859 ἱερεῖς
2783 1785 2877 1841 τοῦ
2912 1784 3115 1857 Κυρίου
3137 1784 3465 1856 ὀγδοήκοντα
3488 1784 3584 1838 καὶ
3603 1783 3696 1837 δύο
3721 1784 3831 1837 υἱοὶ

576 1877 926 1938 sanctuario,
977 1877 1103 1945 quia
1139 1874 1408 1931 recessisti
1451 1889 1480 1928 ο
1531 1874 1778 1939 Domino,
1822 1883 1876 1929 et
1914 1890 2017 1928 non
2051 1874 2145 1929 erit

2254 1879 2487 1934 δυνατοί·
2513 1881 2608 1933 καὶ
2635 1877 2869 1949 ἔστησαν
2890 1876 2982 1930 ἐπὶ¹
3024 1875 3206 1940 Ὀζίαν
3235 1876 3328 1930 τὸν
3361 1875 3602 1947 βασιλέα,
3625 1875 3719 1929 καὶ
3749 1869 3831 1928 εῖ-

570 1970 665 2024 tibi
694 1971 792 2023 hoc
822 1969 1005 2039 gloriae
1032 1986 1059 2021 a
1086 1966 1213 2023 Deo.
1248 1967 1421 2021 Iratus
1448 1975 1534 2028 est
1581 1976 1759 2020 autem
1794 1964 1976 2030 Ozias,
2013 1979 2061 2020 et
2089 1967 2142 2021 in

576 2075 736 2115 manu
773 2059 889 2127 ejus
929 2058 1259 2112 thuribulum
1292 2067 1430 2125 erat,
1465 2067 1524 2109 ut
1563 2057 1803 2111 adoleret
1832 2057 1883 2110 in
1924 2058 2142 2126 templo.

572 2150 813 2219 Cumque
840 2150 1032 2223 .iratus
1065 2159 1209 2203 esset
1238 2150 1350 2217 ipse
1398 2147 1791 2211 sacerdotibus,
1842 2149 1987 2217 lepra
2027 2160 2143 2203 orta

573 2251 657 2298 est
686 2244 738 2297 in
779 2240 958 2298 l'ronte
991 2240 1107 2309 ejus
1135 2254 1322 2295 coram
1353 2240 1727 2295 sacerdotibus
1765 2248 1816 2294 in
1851 2241 2011 2297 domo
2043 2242 2146 2296 Do-

560 2331 722 2394 mini,
758 2344 920 2400 supra
961 2329 1137 2382 altare
1181 2327 1627 2386 suliimentorum.
1660 2329 2050 2400 Convenitque
2086 2347 2143 2384 se

570 2422 636 2476 ad
665 2436 788 2476 eum
809 2435 1052 2479 summus
1076 2422 1328 2476 sacerdos
1357 2431 1409 2473 et
1433 2422 1760 2489 sacerdotes,
1806 2433 1860 2476 et
1892 2436 2020 2478 ecce
2068 2423 2141 2475 lc-

572 2529 765 2583 prosus
797 2522 882 2568 est
930 2514 982 2565 in
1016 2512 1214 2571 fronte.
1246 2522 1409 2581 atque
1452 2528 1576 2566 eum
1628 2514 1754 2566 inde
1783 2527 2007 2583 propere
2047 2515 2141 2580 eji-

574 2605 745 2659 ciuut.
783 2603 913 2658 Nam
935 2614 991 2656 et
1015 2605 1129 2672 ipse
1159 2603 1435 2657 festinavit
1460 2604 1631 2667 exire,
1666 2603 1792 2671 quia
1824 2604 2002 2671 arguit
2023 2621 2142 2655 ι-ιιιιι

550 2695 833 2753 σιῡοηιὶιιιιε
865 2695 941 2749 ὀ.
979 2712 996 2745 ι
1035 2692 1167 2747 Cum
1197 2702 1375 2746 autem
1417 2693 1501 2748 lex
1530 2693 1759 2750 Massica
1789 2697 2040 2760 sanciret,
2071 2698 2144 2749 le-

575 2801 794 2853 prosum
819 2793 875 2837 ut
899 2784 1230 2838 immundum
1256 2785 1479 2838 omnino
1504 2799 1535 2838 e
1566 2786 1762 2841 castris
1793 2789 2141 2840 emittendum

573 2891 718 2939 csse,
746 2877 990 2943 leprosus
1015 2889 1143 2928 vero
1176 2874 1504 2942 inquinaret,
1553 2890 1615 2929 ac
1656 2891 1751 2930 sua
1812 2876 2145 2931 immunditie

580 2966 842 3036 pollutum
871 2964 1123 3020 redderet
1146 2980 1267 3019 eum
1291 2966 1507 3034 quicum
1536 2966 1652 3036 ipse
1677 2976 2021 3035 versaretur;
2050 2968 2144 3023 ba-

576 3058 779 3114 bitaret
805 3068 983 3113 tamen
1014 3055 1177 3113 Ozias
1209 3056 1623 3129 Hierosolymis,
1660 3058 1787 3114 hinc
1822 3067 1988 3116 letam
2017 3074 2142 3131 pro-

550 3150 857 3219 ..pemodum
876 3148 1178 3207 Jerusalem
1203 3150 1525 3219 inquinans:
1550 3153 1716 3206 tacuit
1740 3151 2016 3219 Dominus,
2037 3168 2140 3208 non

2256 1986 2364 2024 παν
2393 1968 2558 2038 αὐτῷ·
2594 1967 2669 2021 Ob
2701 1984 2813 2032 σοι,
2860 1965 3029 2030 Ὀζία,
3062 1964 3326 2035 θυμιᾶσαι
3358 1964 3437 2036 τῷ
3461 1966 3670 2037 Κυρίῳ,
3712 1965 3828 2019 ἀλλ’

2246 2064 2377 2132 ἡμῖν
2404 2063 2518 2124 τοῖς
2544 2058 2877 2130 ίερατεύουσι
2929 2058 3043 2120 τοῖς
3084 2058 3222 2121 υἱοῖς
3266 2056 3478 2129 Ἀαρὼν
3515 2061 3627 2121 τοῖς
3669 2059 3830 2129 ἡγια-

2249 2154 2484 2223 σμένοις,
2520 2151 2798 2223 θυμιᾶσαι.
2836 2148 3057 2214 Ἔξελθε
3089 2148 3200 2204 ἀπὸ
3222 2148 3315 2203 τοῦ
3346 2150 3707 2221 ἁγιάσματος,
3745 2151 3833 2203 ὅτι

2246 2249 2487 2316 ἀπέστης
2517 2245 2625 2299 ἀπὸ
2654 2243 2879 2316 Κυρίου.
2907 2245 3016 2298 Καὶ
3044 2244 3145 2297 οὐκ
3173 2241 3322 2297 ἔσται
3349 2259 3429 2296 σοι
3449 2241 3607 2296 τοῦτο
3637 2244 3717 2306 εἰς
3743 2242 3832 2296 δό-

2250 2338 2346 2402 ξαν
2378 2335 2529 2406 παρὰ
2555 2335 2756 2406 Κυρίου
2783 2332 2940 2387 Θεοῦ.
2973 2334 3085 2388 Kal
3120 2332 3376 2406 ἐθυμώθη
3409 2331 3613 2397 Ὀζίας·
3648 2332 3743 2386 καὶ⁵
3769 2325 3830 2386 ἐν

2245 2433 2310 2500 τῇ
2337 2431 2482 2501 χειρὶ
2534 2427 2697 2482 αὐτοῦ
2732 2428 2792 2481 τὸ
2840 2427 3198 2500 θυμιατήριον
3240 2425 3335 2480 τοῦ
3366 2425 3630 2496 θυμιάσαι
3662 2427 3722 2480 ἐν
3749 2423 3832 2495 τῷ

2246 2521 2377 2591 ναιῖν
2413 2523 2470 2574 ἐν
2499 2521 2577 2592 τῷ
2604 2520 2920 2592 θυμωθῆναι
2943 2520 3104 2575 αὐτὸν
3132 2520 3267 2592 πρὸς
3299 2520 3426 2583 τοὺς
3455 2521 3642 2592 ἱερεῖς,
3678 2519 3771 2573 καὶ
3790 2519 3832 2591 ἡ

2245 2613 2421 2685 λέπρα
2442 2612 2718 2666 ἀνέτειλεν
2741 2614 2798 2664 ἐν
2819 2610 2897 2683 τῷ
2924 2600 3170 2682 μετώπῳ
3225 2610 3409 2675 αὐτοῦ,
3452 2610 3692 2664 ἐναντίον
3715 2609 3829 2662 τῶν

2249 2705 2436 2774 ἱερέων
2469 2707 2524 2757 ἐν
2547 2704 2622 2773 τῷ
2652 2705 2785 2774 οἴκῳ
2809 2703 3038 2772 Κυρίου,
3086 2701 3271 2755 ἐπάνω
3301 2700 3394 2754 τοῦ
3439 2699 3829 2771 θυσιαστηρίου

2245 2797 2354 2849 τῶν
2381 2795 2759 2865 θυμιαμάτων.
2789 2796 2898 2847 Καὶ
2921 2792 3254 2863 ἐπέστρεψεν
3282 2793 3369 2846 ἐπ’
3399 2791 3560 2845 αὐτὸν
3585 2792 3614 2843 6
3648 2791 3830 2862 ἱερεὺς

2248 2889 2276 2940 6
2311 2885 2525 2958 πρῶτος
2556 2885 2649 2937 καὶ
2678 2887 2727 2936 οἱ
2771 2886 2955 2955 ἱερεῖς,
2989 2884 3083 2937 καὶ
3114 2883 3224 2937 ἰδοῦ
3254 2882 3416 2947 αὐτὸς
3434 2881 3632 2954 λεπρὸς
3670 2883 3728 2935 ἐν
3747 2880 3832 2952 τῷ

2249 2975 2502 3047 μετώπῳ.
2539 2976 2651 3028 Kal
2692 2976 3068 3029 κατέσπευσαν
3096 2974 3259 3028 αὑτὸν
3309 2973 3539 3036 ἐκεῖθεν.
3578 2973 3673 3027 καὶ
3717 2972 3832 3042 γὰρ

2245 3067 2405 3131 αὐτὸς
2438 3067 2698 3122 ἔσπευσεν
2721 3066 2974 3131 ἐξελθεῖν,
3005 3066 3087 3120 ὅτι
3110 3065 3335 3138 ήλεγξεν
3362 3065 3526 3123 αὐτὸν
3549 3063 3770 3135 Κύριος.
3801 3082 3824 3116 ι

2259 3158 2480 3228 Ἐπειδὴ
2507 3158 2563 3212 δὲ
2620 3158 2716 3212 τοῦ
2766 3157 2854 3211 διὰ
2888 3156 3133 3220 Μωσέως
3181 3158 3607 3226 προστάττοντος
3662 3157 3829 3229 νόμου

573 3243 789 3310 quidem
829 3246 1121 3312 prophetas
1151 3256 1367 3297 sanctos
1394 3244 1721 3298 contumelia
1755 3244 2012 3309 alliciens,
2045 3247 2136 3299 sed

2250 3250 2436 3322 κρῆναι
2467 3250 2532 3322 δὴ
2569 3252 2784 3315 πάντως
2835 3248 3212 3319 ἐκπέμπεσθαι
3251 3249 3349 3319 τῆς
3379 3248 3735 3321 παρεμδολῆς
3755 3247 3834 3312 ὡς

518 3355 527 3359 ν
573 3335 756 3402 potius
784 3334 1151 3389 admonitione
1187 3350 1374 3388 eorum
1426 3334 1673 3404 indignos
1715 3336 1996 3391 declarans
2029 3352 2143 3401 eos,

574 3428 667 3494 qui
700 3428 865 3479 etiam
904 3434 1097 3493 praeter
1126 3427 1452 3495 legisiaioris
1488 3427 1821 3481 voluntatem
1873 3427 2147 3482 immundo

556 3517 975 3572 inhabitarent.
1025 3515 1120 3571 Sic
1156 3518 1300 3571 enim
1337 3518 1510 3585 inquit
1545 3517 1738 3571 alicubi
1769 3527 1825 3573 et
1850 3521 1914 3573 ad
1934 3520 2146 3574 beatum

579 3606 918 3662 Ezeclticlem
966 3627 980 3661 :
1027 3626 1044 3659 ι
1078 3608 1142 3663 Et
1175 3608 1406 3676 linguam
1432 3618 1576 3661 tuam
1604 3606 1795 3677 ligabo,
1822 3617 1877 3664 et
1907 3610 2149 3664 obmute-

576 3714 718 3764 sces,
749 3714 847 3753 nec
873 3701 982 3755 eris
1015 3699 1121 3753 illis
1141 3710 1497 3753 corrcctoret
1534 3713 1728 3755 censor
1758 3714 1773 3753 :
1809 3700 1933 3770 quia
1960 3702 2150 3757 domus

575 3803 910 3859 exasperatis
932 3799 1017 3846 est
1058 3792 1123 3844 “.
1158 3810 1177 3842 ι
1214 3790 1490 3844 Obmutuit
1522 3790 1704 3860 igitur,
1748 3792 2038 3846 ostendens
2071 3794 2150 3845 ni-

576 3885 773 3939 mirum
803 3882 1250 3955 indignationem.
1287 3884 1568 3939 Commota
1616 3894 1743 3938 sunt
1777 3885 1920 3939 enim
1958 3884 2147 3941 Hiero-

562 3975 804 4046 solyma,
852 3984 907 4030 et
950 3988 1211 4031 concussa
1241 3984 1324 4030 est
1353 3968 1601 4031 universa
1645 3974 1950 4030 Iuda-orum
1983 3977 2147 4046 regio.

577 4066 732 4132 Quod
761 4064 1120 4134 intelligemus
1143 4079 1208 4119 ex
1244 4065 1327 4119 bis
1366 4078 1485 4133 quae
1522 4066 1783 4136 propheta
1824 4067 1989 4121 Amos
2021 4068 2152 4121 scri—

574 4158 700 4228 psit.
760 4155 934 4211 Habet
984 4156 1127 4211 enim
1156 4157 1237 4211 sic
1276 4173 1292 4209 τ
1353 4175 1371 4208 ι
1402 4155 1578 4212 Verba
1633 4157 1794 4212 Amos
1841 4171 1960 4227 quae
2008 4156 2150 4213 facta

575 4257 701 4305 sunt
722 4250 775 4303 in
808 4248 1057 4307 Accarim
1109 4265 1174 4303 ex
1218 4247 1453 4314 Thecue,
1482 4264 1603 4318 quae
1644 4248 1776 4303 vidit
1806 4263 1968 4319 super
1993 4246 2151 4303 Jeru-

573 4342 761 4402 salem,
797 4342 1130 4409 temporibus
1168 4342 1312 4396 Ozi:e
1346 4342 1491 4410 regis
1523 4340 1683 4405 Juda,
1714 4350 1771 4396 et
1820 4339 2152 4410 temporibus

570 4430 883 4487 Jcroboami
917 4431 1011 4486 lilii
1045 4431 1175 4487 Joas
1205 4433 1346 4500 regis
1371 4430 1556 4495 Israel,
1586 4434 1796 4487 duobus
1839 4436 1998 4485 annis
2029 4442 2153 4484 ante

2247 3342 2557 3413 ἀκάθαρτον
2583 3342 2673 3395 τὸν
2702 3342 2920 3411 λεπρδν,
2947 3341 3402 3411 καταμιαίνοντος
3432 3340 3489 3393 δέ
3512 3341 3608 3393 καὶ
3650 3339 3833 3393 κοινὸν

2248 3431 2635 3501 ἀποφαίνοντος
2658 3432 2757 3501 τῆς
2785 3429 3126 3501 ἀκαθαρσίας
3143 3428 3236 3483 τοῦ
3261 3429 3462 3501 λεπροῦ
3486 3428 3577 3483 τὸν
3602 3429 3833 3483 συνόντα

2249 3521 2396 3591 αὐτῷ
2423 3561 2437 3584 ,
2492 3523 2812 3592 κατῴκηκεν
2870 3522 2929 3573 ἐν
2977 3522 3089 3584 τοῖς
3153 3520 3546 3592 Ἱεροσολύμοις
3610 3520 3833 3585 Ὀζίας,

2254 3613 2534 3682 μονονουχὶ
2578 3610 2871 3681 σύμπασαν
2899 3612 2987 3666 διὰ
3012 3612 3203 3666 τούτου
3238 3611 3465 3682 μιαίνων
3492 3611 3593 3680 τὴν
3635 3610 3837 3680 Ἰερου-

2253 3704 2455 3775 σαλήμ.
2474 3705 2771 3773 Σεσίγηκεν
2790 3703 2818 3755 6
2834 3704 3106 3774 Δεσπότης
3130 3704 3228 3758 οὐκ
3249 3702 3528 3772 ἀτιμάζων
3546 3701 3835 3773 προφήτας

2253 3796 2462 3860 ἁγίους,
2504 3797 2753 3861 ἀναξίους
2775 3796 2830 3849 δὲ
2861 3796 3060 3866 μᾶλλον
3100 3794 3414 3864 ἀποφαίνων
3436 3793 3534 3862 τῆς
3568 3792 3697 3863 παρ’
3733 3792 3833 3846 a6-

2253 3887 2346 3940 τοῦ
2390 3887 2670 3950 νουθεσίας
2703 3889 2828 3951 τοὺς
2884 3886 3225 3959 ἀκαθάρτους
3264 3882 3643 3949 συνοικοῦντας
3679 3885 3835 3954 παρὰ

2252 3995 2314 4047 γε
2344 3979 2404 4031 τὸ
2440 3978 2516 4048 τῷ
2536 3978 2801 4052 νομοθέτῃ
2841 3978 3048 4032 δοκοῦν.
3085 3976 3242 4031 υῦτω
3274 3977 3381 4048 γάρ
3433 3975 3533 4029 πού
3570 3991 3703 4043 φησι
3734 3975 3833 4028 καὶ

2253 4067 2388 4136 πρὸς
2413 4068 2503 4121 τὸν
2539 4068 2806 4137 μακάριον
2840 4065 3118 4138 Ὶεζεχιήλ·
3148 4086 3166 4118 ι
3194 4068 3302 4121 Καὶ
3330 4067 3428 4136 τὴν
3447 4064 3698 4136 γλῶσσάν
3731 4080 3829 4119 σου

2257 4161 2522 4230 συνδήσω,
2558 4161 2651 4211 καὶ
2674 4159 3117 4230 ἀποκωφωθήσῃ·
3163 4158 3258 4211 καὶ
3285 4157 3384 4210 οὐκ
3406 4156 3504 4228 ἔσῃ
3534 4156 3718 4219 αὐτοῖς
3748 4157 3829 4223 εἱς

2254 4250 2420 4323 ἄνδρα
2455 4248 2765 4313 εὐθύνοντα,
2820 4250 2900 4300 ὅτι
2931 4243 3076 4311 οἶκος
3110 4245 3563 4317 παραπικραίνων
3591 4243 3762 4298 ἐστίν.
3802 4261 3823 4294 ι

2268 4341 2659 4411 Ἀποσεσίγηκε
2684 4340 2883 4403 τοίνυν,
2905 4340 3079 4393 καίτοι
3111 4338 3368 4392 δεικνύων
3389 4338 3489 4408 τὴν
3517 4337 3832 4410 ἀγανάκτηο

2257 4452 2361 4488 σιν.
2384 4433 2665 4487 Σέσεισται
2704 4432 2813 4503 γὰρ
2839 4431 2907 4484 τὰ
2948 4430 3315 4500 Ἱεροσόλυμα,
3353 4430 3443 4484 καὶ
3492 4429 3828 4500 κατεὼνὴθη

575 4536 729 4578 terra:
759 4532 959 4578 motum
998 4523 1063 4575 ι’.
1091 4542 1110 4574 ι
1148 4523 1439 4590 Postquam
1484 4532 1661 4576 autem
1713 4524 1937 4577 obiisset
1992 4522 2145 4578 Osias

2258 4527 2405 4578 πᾶσα
2439 4524 2547 4577 τῶν
2584 4523 2853 4577 Ἰουδαίων
2882 4523 3052 4594 χώρα.
3084 4521 3356 4592 Εἰσόμεθα
3383 4521 3440 4574 δὲ
3468 4522 3561 4574 καὶ
3580 4518 3742 4574 τοῦτο
3761 4520 3829 4573 δι’

572 4614 734 4670 desiit
775 4625 992 4683 tempus
1044 4612 1269 4679 silentii,
1313 4613 1630 4682 divinasque
1682 4614 1919 4669 visiones
1950 4616 2145 4670 sanctis

2255 4610 2331 4669 ὧν
2356 4616 2647 4685 ἐγεγράφει
2670 4615 2698 4664 ὁ
2731 4593 3013 4684 προφήτης
3057 4612 3255 4681 Ἀμώς.
3289 4612 3442 4682 Ἔχει
3477 4610 3581 4681 γὰρ
3630 4610 3831 4673 οὕτως·

573 4703 850 4772 prophetis
878 4703 1021 4759 Deus
1064 4701 1449 4757 universitatis
1485 4702 1734 4755 reddidit.
1769 4702 1996 4771 Ideoque
2027 4712 2150 4770 pro-

456 4839 470 4861 ,
572 4796 735 4860 pheta
762 4794 929 4850 Isaias
968 4813 982 4849 :
1017 4794 1115 4848 «Et
1140 4794 1462 4855 lnctumcst,
1488 4792 1680 4863 inquit,
1710 4807 1852 4847 anno
1875 4808 1983 4863 quo
2006 4809 2150 4848 mor-

575 4896 700 4939 tuus
731 4892 814 4939 est
841 4884 1003 4941 Ozias
1025 4899 1139 4947 rex,
1162 4883 1320 4954 103
1349 4884 1457 4937 vidi
1482 4882 1766 4937 Dominum
1792 4882 2032 4938 Sabaoth
2066 4900 2151 4939 se-

573 4978 792 5030 dentem
809 4975 861 5029 in
886 4975 1022 5032 solio
1036 4976 1251 5032 excelso
1268 4985 1321 5030 et
1339 4975 1569 5033 elevato.
1583 4995 1602 5026 ι
1623 4973 1941 5044 Pmphetum
1969 4987 2147 5031 autem

573 5068 772 5123 vidisse
806 5067 1001 5122 Filium
1037 5068 1086 5123 in
1112 5069 1285 5138 gloria
1324 5066 1413 5122 Del
1456 5077 1512 5123 et
1558 5067 1754 5129 Patris,
1797 5083 1952 5121 nemo
1997 5069 2150 5122 dubi-

571 5167 689 5214 tare
727 5161 948 5229 pulerit,
999 5174 1122 5214 cum
1183 5157 1421 5214 Joannes
1471 5160 1672 5215 scribat
1699 5161 1766 5215 de
1802 5177 1867 5215 eo
1913 5173 2143 5230 aperte:

576 5266 596 5298 ι
640 5246 766 5304 Βίης
818 5258 997 5305 autem
1048 5249 1184 5304 dixit
1234 5248 1421 5311 lsaias,
1475 5254 1690 5317 quando
1741 5252 1873 5304 vidit
1921 5253 2146 5321 gloriam

576 5341 712 5408 ejus,
743 5342 920 5409 deque
972 5356 1037 5397 eo
1064 5341 1276 5395 locutus
1308 5350 1391 5395 est
1418 5342 1480 5392 ⁸³.
1529 5362 1546 5393 ι
1601 5343 1791 5409 Specta
1827 5359 1956 5398 vero
2009 5344 2140 5397 mihi

576 5429 766 5484 divinae
793 5430 1071 5499 dignitatis
1111 5430 1494 5497 praestantiam.
1551 5440 1609 5483 et
1660 5431 1712 5482 in
1747 5444 1956 5484 omnem
2000 5446 2146 5486 crea-

578 5526 749 5571 turam
791 5518 1147 5573 dominatum.
1182 5517 1277 5573 llle
1313 5520 1454 5572 enim
1497 5530 1577 5573 est
1620 5520 1672 5572 in
1704 5519 1919 5573 excelso
1954 5531 2005 5573 et
2034 5511 2144 5573 eic-

576 5616 700 5661 Vato
730 5608 941 5675 throno,
984 5609 1359 5678 pulcherrimis
1405 5615 1553 5680 regni
1584 5608 1885 5678 insignibus
1928 5613 2143 5679 egregie

2261 4727 2277 4757 ι
2300 4707 2462 4776 Λόγοι
2509 4706 2686 4776 Ἀμὼς
2718 4706 2769 4758 οἳ
2804 4706 3053 4774 ἐγένοντο
3073 4704 3130 4756 ἐν
3166 4702 3468 4773 Ἀκκαρεὶμ
3502 4702 3560 4752 ἐν
3589 4699 3831 4761 Θεκουὲ,

2252 4798 2344 4861 οὒς
2365 4798 2473 4852 ἴδεν
2489 4795 2629 4866 ὑπὲρ
2659 4796 2970 4866 Ἰερουσαλὴ
2979 4813 3017 4866 μ
3037 4798 3093 4848 ἐν
3115 4794 3349 4865 ἡμέραις
3371 4792 3545 4856 Ὀζίου
3565 4790 3836 4861 βασιλέως

2265 4889 2464 4950 Ἰούδα,
2501 4890 2594 4942 καὶ
2641 4889 2698 4940 ἐν
2725 4888 2959 4958 ἡμέραις
3014 4884 3295 4955 Ἰεροὸοὰμ
3347 4882 3442 4937 τοῦ
3491 4883 3643 4943 Ἰωᾱς
3675 4881 3835 4951 βασι-

2253 4983 2388 5045 λέως
2409 4979 2636 5056 ’Ἰσραὴλ
2660 4978 2766 5048 πρὸ
2801 4977 2895 5029 δύο
2940 4975 3075 5029 ἐτῶν
3112 4975 3207 5029 τοῦ
3260 4971 3508 5044 σεισμοῦ.
3537 4990 3555 5023 ι
3606 4972 3834 5044 Ἐπειδὴ

2250 5068 2306 5121 δὲ
2354 5066 2741 5136 τετελεύτηκεν
2807 5064 2987 5130 Ὀζίας
3055 5062 3454 5133 συγκατέληξεν
3519 5060 3670 5132 αὐτῷ
3727 5062 3835 5133 τῆς

2252 5159 2461 5228 σιωπῆς
2492 5160 2520 5212 6
2546 5158 2754 5229 καιρός.
2787 5157 2897 5210 Kal
2930 5156 3092 5210 πάλιν
3117 5156 3286 5209 ἐδίδου
3312 5155 3410 5217 τὰς
3437 5152 3695 5214 θεοπτίας
3716 5154 3835 5216 τοῖς

2249 5251 2424 5317 ἁγίοις
2459 5253 2764 5320 προφήταις
2796 5249 2825 5301 6
2851 5247 2957 5301 τῶν
2994 5247 3129 5301 ὅλων
3157 5247 3307 5310 Θεός.
3343 5245 3529 5319 Ταύτῃ
3551 5244 3632 5297 τοί
3660 5260 3836 5316 φησιν

2250 5342 2277 5392 6
2304 5341 2585 5409 προφήτης
2617 5339 2840 5402 Ἡσαΐας
2864 5355 2878 5366 ·
2914 5356 2932 5388 ι
2960 5338 3070 5392 Καὶ
3099 5338 3316 5406 ἐγένετο
3341 5335 3435 5389 τοῦ
3468 5333 3721 5389 ἐνιαυτοῦ
3769 5330 3836 5387 οὒ

2250 5430 2520 5482 ἀπέθανεν
2558 5430 2740 5492 ’θείας
2760 5432 2789 5481 6
2818 5428 3089 5499 βασιλεὺς,
3122 5429 3229 5482 ἴδον
3257 5428 3349 5481 τὸν
3369 5426 3574 5499 Κύριον
3596 5424 3835 5480 Σαὸαὼθ

2252 5521 2555 5591 καθήμενον
2588 5521 2679 5574 ἐπὶ
2715 5521 2902 5592 θρόνου
2928 5519 3133 5591 ὑψηλοῦ
3167 5521 3260 5572 καὶ
3288 5518 3620 5590 ἐπηρμένου.
3645 5533 3667 5569 ι
3708 5516 3837 5570 Ὀτι

2254 5612 2351 5681 μὲν
2384 5608 2477 5665 οὖν
2506 5614 2597 5666 τὸν
2642 5612 2767 5664 Υίὸν
2821 5615 2850 5666 6
2883 5613 3168 5684 προφήτης
3216 5610 3468 5663 τεθέαται
3519 5610 3579 5662 ἐν
3603 5609 3674 5680 τῇ
3704 5606 3839 5682 δόξῃ

647 5762 668 5792 ’
706 5758 769 5814 IV
811 5759 941 5829 Reg.
975 5777 1061 5824 xv,
1100 5764 1212 5816 1-5.
1291 5767 1333 5798 ¹⁰
1364 5766 1401 5818 II
1433 5765 1607 5819 Paral.
1652 5781 1799 5828 nrt,
1837 5764 2017 5818 lli-9.0.
2095 5767 2135 5796 “

2250 5769 2363 5821 ccli.
2406 5784 2485 5834 ιιι,
2518 5767 2607 5822 26.
2678 5770 2721 5800 ¹²
2754 5768 2917 5824 Amos
2973 5784 3012 5835 ι,
3046 5768 3098 5821 l.
3178 5767 3220 5799 ¹³
3246 5766 3400 5820 Joan.
3430 5780 3531 5831 ιιι,
3557 5761 3647 5818 M.
