4134 6304
330 393 431 449 I75

1489 389 1554 444 ΙΝ
1591 389 1826 444 iSAlAM
1863 388 1992 444 LIB.
2028 389 2074 442 i.
2116 387 2327 446 OBAT.
2368 387 2454 444 IV.

3506 385 3607 456 tu

327 512 428 569 τοῦ
466 510 600 566 Θεοῦ
621 512 714 566 καὶ
736 511 968 581 Πατρὺς,
995 511 1099 564 οὐκ
1124 509 1191 565 ἂν
1222 509 1512 566 ἐνδοιάσειέ
1535 529 1641 579 τις,
1670 511 1909 565 Ἰωάννου

2023 519 2336 566 coronatus.
2366 510 2644 580 Suprema:
2682 509 2809 565 item
2844 519 3157 580 potestates,
3194 513 3388 583 quibus
3438 516 3614 573 nulla!

329 606 634 675 γράφοντος
687 603 932 674 ἐναργῶς
980 604 1112 675 περὶ
1167 603 1367 658 αὐτοῦ·
1403 605 1617 658 «Ταῦτα
1648 605 1704 658 δὲ
1757 600 1911 656 εἶπεν

344 697 593 763 Ἡσαΐας,
614 697 701 750 ὅτε
730 696 811 750 ῐδε
838 694 937 766 τὴν
961 694 1121 759 δόξαν
1154 694 1341 759 αὐτοῦ,
1375 696 1470 750 καὶ
1509 694 1736 764 ἑλάλησε
1781 695 1912 764 περὶ

329 789 550 846 αὐτοῦ.»
592 788 783 859 Ἀθρει
814 789 871 842 δέ
895 806 984 859 μοι
1010 788 1110 858 τῆς
1144 787 1481 859 θεοπρεποῦς
1549 786 1822 857 ὑπεροχῆς
1851 786 1912 838 τὺ

326 881 567 952 ἀξίωμα,
600 880 696 934 καὶ
722 879 785 932 τὸ
817 877 956 932 κατά
982 878 1164 945 πάσης
1195 877 1424 940 κτίσεως
1462 877 1683 947 κράτος.
1722 876 1782 927 Ὀ
1815 875 1912 944 μὲν

325 973 435 1045 γάρ
464 974 612 1025 ἐστιν
637 970 724 1040 ἐφ’
751 968 953 1040 ὑψηλοῦ
996 987 1055 1023 τε
1089 968 1181 1024 καὶ
1219 968 1538 1040 ἐπηρμένου
1581 967 1774 1038 θρόνου
1803 970 1915 1031 τοῖς

324 1066 429 1135 τῆς
455 1065 732 1136 βασιλείας
794 1064 1257 1134 ὲκπρεπεστάτοις
1306 1061 1620 1131 αὐχήμασιν
1667 1056 1726 1112 εὖ
1771 1059 1914 1129 μάλα

325 1156 790 1228 κατεστεμμένος.
839 1156 902 1208 Ai
960 1154 1018 1208 δὲ
1061 1154 1326 1208 ἀνωτάτω
1381 1151 1659 1220 δυνάμεις,
1693 1151 1811 1222 μεθ’
1846 1152 1915 1214 ἃς

325 1249 480 1304 οὐδὲν
505 1247 766 1302 ἐπέκεινα
792 1246 902 1301 τῶν
949 1245 1192 1317 γενητῶν
1245 1241 1388 1299 εἶναι
1436 1243 1673 1312 λέγεται,
1729 1243 1912 1311 κύκλῳ

326 1343 641 1411 περιιστᾶσι
670 1340 825 1404 τάξιν
853 1339 1074 1409 ἔχουσαι
1110 1339 1213 1409 τήν
1232 1337 1528 1408 οἰκετικὴν,
1562 1338 1652 1388 καὶ
1673 1339 1792 1397 ταῖς
1818 1339 1910 1388 εύ-

326 1434 564 1503 φημίαις
594 1431 1120 1502 καταγεραίρουσαι.
1170 1430 1362 1501 Πλήρη
1393 1446 1448 1482 τε
1479 1424 1616 1482 εἷναί
1653 1446 1786 1497 φησι
1813 1428 1911 1498 τὴν

326 1523 434 1592 γῆν
458 1521 680 1575 ἃπασαν
703 1523 802 1591 τῆς
830 1521 988 1590 δόξης
1007 1519 1190 1575 αὑτοῦ.
1223 1521 1429 1592 Χρῆναι
1461 1520 1515 1573 δὲ
1543 1520 1912 1590 ὑπολαμϐάνω

334 1613 412 1684 μὴ
438 1616 498 1666 ἐν
525 1617 776 1678 τοπικοῖς
798 1613 1051 1684 ὑψῶμασι
1076 1614 1166 1666 τὸν
1194 1612 1334 1666 θεῖον
1381 1613 1589 1666 οῐεσθαι
1635 1613 1910 1667 τεθεῖσθαι

329 1705 544 1775 θρόνον.
571 1703 782 1775 Εῦηθες
829 1704 940 1774 γὰρ
985 1706 1078 1758 καὶ
1104 1703 1360 1773 ἀσύνετον
1399 1704 1590 1774 κομιδῇ
1616 1704 1677 1756 τὸ
1722 1705 1911 1774 χρῆμά

330 1798 504 1851 ἐστιν.
555 1795 721 1865 Ὑψοῦ
767 1795 873 1849 δὲό
918 1790 1059 1858 θεεοξ
1079 1795 1314 1848 τέθειται
1359 1795 1568 1866 θρόνος,
1626 1795 1765 1849 καθὸ
1817 1796 1911 1848 καὶ

2019 615 2106 655 res
2126 602 2320 671 genita:
2344 601 2649 671 superiores
2682 600 2952 670 leguntur,
2982 605 3340 676 undeqnaque
3364 610 3598 664 circum-

2016 700 2187 754 stant,
2239 691 2661 745 domesticorum
2703 692 2878 747 locum
2923 701 3188 763 tenentes,
3232 713 3463 771 eumque
3506 715 3598 757 ar-

2016 790 2208 837 nantes
2243 782 2513 837 laudibus.
2554 801 2572 833 ι
2600 783 2757 837 Plena
2783 796 2886 849 est,
2916 785 3114 853 inquit,
3158 796 3297 841 terra
3337 792 3596 848 universa

2014 874 2183 942 gloria
2221 873 2359 940 ejus.
2394 892 2412 925 ι
2438 873 2532 930 Dei
2565 887 2742 931 autem
2779 879 3029 933 thronum
3060 880 3237 933 nonin
3261 882 3594 939 sublimitate

2015 966 2118 1021 loci
2151 967 2439 1021 terminata
2469 970 2729 1037 positum,
2755 969 3129 1042 meoiudicio,
3163 975 3479 1030 existimare
3506 978 3592 1031 de.

2016 1060 2203 1114 bemus
2237 1075 2251 1111 :
2282 1059 2334 1113 Id
2360 1061 2503 1115 enim
2535 1060 2777 1130 profecto
2824 1065 3043 1118 stultum
3077 1077 3156 1120 est
3189 1078 3241 1120 et
3280 1068 3529 1124 frivolum
3574 1090 3587 1127 :

2015 1160 2069 1204 at
2124 1152 2176 1204 in
2218 1149 2433 1205 sublimi
2494 1151 2585 1205 Dei
2646 1153 2874 1208 thronus
2917 1156 3121 1224 positus
3170 1170 3273 1224 est,
3326 1171 3594 1229 quatenus

2015 1241 2185 1294 divini
2217 1243 2369 1311 regni
2405 1242 2576 1312 gloria
2620 1257 2836 1298 omnem
2866 1257 3114 1301 naturam
3158 1252 3256 1303 sub
3289 1252 3591 1322 intelligen-

2029 1330 2155 1383 tiam
2180 1333 2486 1393 cadentem,
2517 1347 2776 1402 superare
2812 1335 3149 1408 intelligitur.
3188 1341 3386 1394 Deinde
3420 1344 3590 1400 sessio

2012 1437 2133 1489 qua:
2161 1424 2227 1475 de
2265 1438 2329 1476 eo
2356 1425 2576 1490 dicitur,
2613 1425 2775 1483 veluti
2809 1424 3117 1480 firmitatem
3151 1441 3202 1482 et
3239 1432 3588 1488 stabilitatem

2014 1513 2068 1567 in
2102 1516 2291 1570 eodem
2331 1517 2594 1573 bonorum
2644 1529 2832 1574 tenore
2867 1523 3332 1593 constantiamque
3377 1527 3591 1581 videtur

2013 1608 2328 1664 subnotare.
2362 1609 2548 1666 Paallit
2574 1613 2716 1666 enim
2748 1616 2826 1671 sic
2852 1623 2906 1669 et
2937 1616 3128 1671 beatus
3159 1615 3326 1672 David
3354 1636 3368 1674 :
3400 1638 3417 1671 ι
3450 1619 3588 1679 Deus

2013 1701 2167 1752 sedet
2199 1701 2251 1754 in
2298 1702 2492 1757 throno
2531 1715 2718 1758 saneto
2756 1720 2858 1759 suo
2886 1707 2951 1757 “.
2987 1725 3005 1759 ι
3043 1707 3110 1762 Ει
3141 1711 3402 1778 propheta
3437 1710 3588 1766 Jere-
3633 1711 3644 1729 ‘

2019 1794 2157 1847 mias
2187 1795 2254 1847 ad
2277 1810 2400 1847 eum
2432 1795 2558 1848 dicit
2594 1814 2607 1850 :
2651 1815 2667 1846 ι
2699 1797 2776 1851 Τιι
2813 1799 2969 1853 sedes
3003 1800 3054 1853 in
3101 1804 3514 1870 sempiternmn,
3539 1814 3593 1858 ει

328 1889 530 1940 νοεῖται
559 1889 736 1958 πάσης
760 1886 1015 1941 ἐπέκεινα
1037 1887 1253 1956 φύσεως
1279 1891 1481 1958 νοητῆς
1519 1888 1619 1958 τῆς
1646 1889 1743 1941 τοῦ
1766 1888 1904 1941 Θεοῦ

2012 1896 2109 1935 nos
2141 1884 2382 1949 perimus
2417 1885 2471 1940 in
2504 1888 2897 1956 sempiternum
2934 1890 2997 1944 “.
3039 1909 3055 1942 ι
3094 1889 3323 1961 Semper
3359 1894 3502 1947 enim
3537 1905 3592 1949 et

327 1979 608 2048 βασιλείας
629 1981 661 2051 ἠ
681 1978 827 2044 δόξα.
863 1979 929 2032 Ἥ
955 1978 1011 2032 δὲ
1039 1978 1255 2042 κάθισις
1281 1981 1310 2049 ή
1337 1979 1604 2034 ὲπάύτοῦ
1620 1981 1719 2049 τὴν
1740 1981 1906 2033 οἱονεὶ

323 2070 650 2139 βεϐαιότητά
674 2088 734 2122 τε
770 2071 865 2124 καὶ
892 2074 952 2125 ὲν
987 2070 1273 2141 ταυτότητι
1312 2070 1423 2123 τῶν
1445 2070 1667 2139 ἀγαθῶν
1695 2072 1905 2142 ἴδρυσίν

318 2179 377 2214 τε
405 2163 498 2214 καὶ
534 2161 794 2232 διαμονὴν
822 2161 999 2216 ἔοικεν
1035 2163 1354 2233 ὑποδηλοῦν.
1398 2163 1603 2217 Ψὰλλει
1625 2163 1734 2233 γάρ
1760 2163 1907 2216 οὕτω

320 2255 414 2308 καὶ
436 2257 464 2307 ὁ
485 2254 772 2317 θεσπέσιος
802 2254 986 2308 Δαϐίδο
1020 2276 1038 2306 ι
1077 2255 1134 2308 ὐ
1159 2256 1293 2318 Θεὸς
1317 2255 1552 2324 κάθηται
1582 2256 1676 2308 ἐπὶ
1713 2256 1904 2326 θρόνου

320 2344 476 2411 ἁγίου
504 2344 692 2398 αὑτοῦ.
722 2362 743 2396 ι
807 2345 918 2400 Καὶ
958 2345 1065 2416 μὴν
1104 2346 1197 2400 καὶ
1238 2348 1268 2399 ό
1314 2347 1602 2417 προφήτης
1642 2347 1907 2418 Ἱερεμίας

318 2437 456 2506 πρὸς
482 2437 648 2492 αὐτόν
715 2437 820 2490 πού
875 2454 1071 2507 φησιν’
1115 2455 1134 2488 t
1173 2439 1298 2492 Ὀτι
1345 2439 1409 2491 σὺ
1454 2439 1764 2509 καθήμενος
1818 2440 1906 2493 τὸν

319 2528 514 2592 αἰῶνα,
543 2528 639 2581 καὶ
667 2529 831 2598 ἡμεῖς
859 2527 1226 2598 ἀπολλύμενοι
1251 2529 1346 2582 τὸν
1374 2529 1565 2582 αἰῶνα.
1592 2549 1611 2579 ι
1654 2531 1768 2582 ’Λεὶ
1803 2531 1909 2602 γὰρ

323 2620 419 2671 καὶ
442 2620 502 2671 ὲν
537 2619 701 2672 *παντὶ¹
756 2618 935 2689 χρόνῳ
962 2617 1178 2689 φθαρτή
1214 2619 1275 2672 τέ
1321 2620 1468 2672 ἐστιν
1494 2623 1528 2691 ὴ
1565 2622 1904 2692 πεποιημένη

324 2707 511 2775 φύσις,
545 2708 639 2760 καὶ
667 2707 777 2761 τῶν
810 2707 1053 2778 γενητῶν
1083 2711 1141 2760 ἐν
1175 2709 1385 2773 τούτοις
1410 2710 1470 2763 τὸ
1502 2711 1716 2781 μέτρον·
1736 2713 1905 2781 κάθη-

326 2817 436 2873 ται.
453 2799 536 2863 δὲ,
566 2798 644 2862 ὼς
671 2798 834 2868 ἔφην,
864 2802 897 2868 ὴ
934 2799 1150 2853 πάντων
1176 2801 1405 2870 τεχνῖτις
1435 2803 1525 2854 καὶ
1576 2803 1906 2873 δημιουργὸς

330 2863 517 2959 σοφία,
550 2889 695 2944 τοῦτ’
724 2891 893 2952 ἔστιν,
923 2892 1214 2962 άκλόνητον
1264 2891 1377 2961 ἔχει
1397 2892 1492 2963 τὴν
1535 2895 1594 2946 ὲν
1616 2896 1906 2965 ταυτότητι

329 2983 615 3054 διαμονήν.
645 2982 830 3053 Πλήρη
852 2982 906 3035 δὲ
937 2978 1076 3039 εἶναί
1106 3000 1237 3054 φησι
1293 2983 1384 3038 τὸν
1420 2980 1568 3039 οἷκον
1612 2987 1712 3056 τῆς
1747 2988 1906 3058 δόξης

326 3073 523 3128 αὑτοῦ.
561 3071 724 3128 Οὔπω
759 3073 865 3144 γάρ
910 3073 1378 3146 δεδυσσεϐηκότος-
1422 3076 1517 3130 τοῦ
1571 3078 1779 3150 Ἰσραὴλ
1828 3079 1907 3142 εἰς

323 3167 418 3219 τὸν
450 3166 652 3237 Κύριον
678 3166 832 3236 ήμῶν
877 3166 1087 3238 Ἰησοῦν
1138 3166 1229 3221 τὸν
1259 3167 1513 3239 Χριστὸν,
1546 3169 1786 3240 ἐπλήρου
1814 3171 1905 3224 τὸν

317 3256 472 3313 οἷκον
502 3259 592 3313 τὸν
629 3261 686 3312 ὲν
715 3262 828 3323 τοῖς
886 3259 1288 3330 Ἱεροσολύμοις
1339 3261 1373 3331 ή
1420 3260 1517 3313 τοῦ
1574 3239 1710 3314 Θεοῦ
1758 3262 1905 3328 δόξα.
1934 3239 1978 3298 C

331 3352 550 3422 Ἐπειδὴ
571 3351 631 3405 δὲ
665 3352 977 3422 ἠρνήσαντο
1002 3351 1103 3422 τήν
1138 3350 1418 3421 βασιλείαν
1455 3353 1640 3416 αὐτοῦ,
1674 3355 1768 3408 καὶ
1809 3371 1908 3407 πε-

318 3443 606 3497 πτώκασιν
658 3445 740 3507 εἰς
788 3443 1114 3511 ἀνοσιότητα
1167 3443 1406 3512 τρόπων.
1460 3437 1536 3497 Οῦ
1595 3445 1781 3499 ἕνεκεν
1810 3446 1910 3515 τὴν

317 3536 505 3603 φωνὴν
530 3535 776 3604 ἥκουσαν
807 3535 1076 3602 λέγοντος·
1107 3554 1126 3585 t
1149 3535 1280 3589 Ἰδοὺ
1300 3535 1520 3604 ἀφίεται
1551 3538 1678 3606 ὑμῖν
1709 3540 1737 3590 ὁ
1761 3533 1909 3602 οἶκος

319 3625 498 3694 ὑμῶν.
524 3644 543 3676 ι
595 3626 844 3694 Ἐκάστῳ
865 3625 922 3678 δὲ
948 3624 1058 3677 τῶν
1113 3625 1394 3695 Σεραφεὶμ
1424 3624 1483 3691 ἐξ
1531 3626 1908 3696 ὲμπεφυκέναι

320 3719 456 3786 φησὶ
477 3717 576 3778 τὰς
608 3718 909 3787 πτέρυγας,
939 3715 1013 3779 ὡς
1053 3719 1172 3780 ταῖς
1204 3718 1300 3787 μὲν
1321 3717 1442 3771 δυσὶ
1473 3717 1909 3772 κατακαλύπτειν

317 3806 382 3859 τὸ
410 3807 725 3876 πρόσωπον,
753 3809 870 3870 ταῖς
892 3807 950 3859 δὲ
987 3806 1108 3859 δυσὶ
1152 3809 1277 3870 τοὺς
1323 3809 1510 3873 πόδας,
1551 3808 1820 3863 πέτασθαι
1852 3807 1909 3860 δὲ

318 3899 440 3958 ταῖς
470 3897 705 3959 λοιπαῖς.
735 3897 1162 3967 Διερμηνεύεται
1191 3897 1247 3950 δὲ
1269 3899 1569 3969 Σεραφεὶμ.
1592 3898 1908 3970 ἐμπρησταὶ

319 3989 441 4055 ἤτοι
473 3988 878 4062 θερμαίνοντες.
913 3988 1140 4059 Ψυχρὸν
1179 3989 1288 4060 γάρ
1327 3990 1478 4044 οὐδὲν
1516 3990 1668 4060 παρά
1695 4005 1759 4056 γε
1789 3991 1906 4052 ταῖς

321 4081 435 4134 ἄνω
485 4079 802 4151 δυνάμεσιν,
850 4082 1016 4152 αἵπερ
1046 4080 1114 4140 άν
1172 4077 1280 4136 εἷεν
1315 4081 1551 4152 μάλιστα
1599 4081 1693 4134 καὶ⁸
1740 4082 1904 4149 ἔγγὺς

321 4169 481 4222 θεοῦ.
513 4170 701 4242 Ταύτῃ
731 4189 811 4224 τοι
850 4174 946 4227 καὶ
970 4175 1129 4243 ἡμεῖς
1162 4173 1313 4227 αὐτοὶ
1341 4171 1670 4244 κολλώμενοι
1700 4172 1788 4224 διά
1819 4174 1908 4223 πί·-

322 4278 496 4324 στεως
519 4265 614 4314 καὶ
639 4263 912 4325 πολιτείας
960 4264 1059 4332 τῆς
1109 4264 1323 4333 ἀγαθῆς
1374 4265 1469 4316 καὶ
1526 4263 1905 4333 ὲννομωτάτης

321 4357 543 4420 ζέοντες
576 4355 989 4427 ἀποτελούμεθα
1038 4359 1115 4428 τῷ
1153 4359 1443 4428 πνεύματι,
1469 4360 1560 4411 καὶ
1589 4357 1782 4428 θερμοὶ
1807 4358 1904 4429 τὴν

320 4451 544 4519 ἀγάπην
575 4450 676 4520 τὴν
709 4451 789 4512 είς
819 4450 971 4504 Θεόν.
1005 4450 1278 4520 Σύμϐολον
1305 4451 1363 4504 δὲ
1414 4449 1474 4502 τὸ
1513 4453 1630 4512 ταῖς
1681 4450 1905 4522 πτέρυξι

2012 1976 2236 2030 omnino
2271 1980 2606 2047 corruptioni
2656 1980 2890 2036 obnoxia
2934 1994 3018 2039 est
3062 1999 3239 2038 rerum
3287 1995 3501 2050 natura,
3538 1998 3629 2041 et-

2010 2082 2203 2121 eorum
2241 2084 2359 2137 qua:
2387 2080 2563 2123 ortum
2597 2072 2797 2127 habent
2843 2090 3095 2130 mensura
3137 2077 3380 2146 qum-dam
3411 2088 3497 2131 est
3528 2092 3594 2132 ac

2019 2160 2303 2213 terminus.
2353 2161 2518 2215 Sedet
2574 2173 2778 2228 autem,
2816 2168 2890 2219 uti
2943 2166 3076 2231 dixi,
3125 2170 3366 2222 omnium
3412 2187 3590 2223 rerum

2013 2248 2425 2304 architectatrix
2462 2264 2518 2306 et
2559 2255 2741 2322 opifex
2795 2257 3083 2326 sapientia,
3129 2258 3177 2310 id
3213 2271 3315 2321 est,
3369 2260 3591 2314 immota

2010 2349 2117 2405 est,
2155 2349 2211 2394 et
2254 2342 2443 2397 eodem
2476 2346 2633 2399 modo
2679 2357 2979 2415 permanet.
3025 2347 3249 2404 Plenam
3303 2350 3434 2403 dit-it
3473 2367 3593 2406 esse

2013 2434 2229 2488 domum
2259 2435 2427 2504 gloria
2462 2435 2600 2503 ejus.
2672 2438 2802 2491 Nam
2831 2439 3065 2508 quandiu
3093 2439 3257 2494 lsraei
3287 2455 3392 2495 non
3427 2443 3594 2499 admi-

2013 2525 2084 2578 sit
2134 2526 2490 2595 impietatem-
2527 2540 2714 2584 contra
2764 2529 3051 2585 Dominum
3112 2543 3357 2588 nostrum
3409 2533 3590 2590 Jesutn

2013 2616 2329 2682 Christum,
2392 2619 2563 2688 gloria
2624 2621 2715 2674 Dei
2783 2620 3324 2688 llierosolytnitanam
3376 2626 3592 2681 domum

2014 2708 2272 2776 implevit.
2309 2709 2414 2764 Sed
2465 2724 2750 2782 postquam
2786 2728 3053 2785 negarunt
3104 2732 3327 2788 regnum
3357 2719 3495 2789 ejus.
3537 2721 3590 2773 in

2014 2815 2223 2854 morum
2268 2801 2597 2870 impietatem
2641 2817 2987 2873 proruerunt.
3025 2810 3235 2863 Idcirco
3269 2813 3594 2866 audiverunt

2015 2902 2200 2942 vocem
2250 2889 2481 2944 dicentis
2531 2910 2542 2944 :
2592 2910 2610 2941 t
2643 2894 2779 2947 Ecce
2833 2894 3152 2964 relinquitur
3198 2897 3353 2952 vobis
3401 2899 3592 2952 domus

2017 2989 2191 3032 vestra
2222 2981 2434 3036 deserta
2466 2982 2530 3034 “.
2561 3003 2577 3030 ι
2618 2982 2924 3054 Unicuique
2948 2994 3125 3039 autem
3173 2986 3457 3056 Seraphim
3497 3004 3590 3046 se:

2013 3070 2128 3125 alas
2171 3070 2397 3124 adnatas
2440 3088 2559 3126 esse
2599 3075 2753 3138 dicit,
2790 3085 2845 3127 ut
2891 3076 3096 3129 duabus
3131 3075 3341 3140 faciem,
3381 3077 3589 3132 duabus

2013 3164 2179 3232 pedes
2205 3173 2465 3233 tegerent,
2516 3166 2735 3234 reliquis
2768 3168 3034 3221 volarent.
3073 3166 3385 3238 Seraphim,
3437 3170 3587 3240 igniti

2012 3272 2106 3310 seu
2144 3257 2414 3311 ferventes
2444 3259 2753 3325 exponitur.
2804 3258 2859 3313 In
2897 3260 3109 3328 superis
3132 3263 3275 3315 enim
3310 3266 3590 3332 potestati-

2012 3349 2113 3402 bus
2155 3349 2285 3401 nihil
2340 3349 2615 3418 frigidum,
2668 3361 2721 3403 ut
2777 3367 2895 3419 qua:
2938 3353 3181 3421 proxime
3228 3354 3395 3410 Deum
3441 3366 3585 3411 sunt.

2013 3439 2122 3494 Nos
2152 3442 2314 3494 etiam
2367 3443 2469 3496 hoc
2519 3447 2675 3496 modo
2704 3458 2800 3511 per
2832 3443 2989 3498 [idem
3043 3452 3097 3499 et
3145 3444 3344 3500 bonam
3377 3446 3589 3518 legique

2015 3532 2250 3585 tmtxinie
2277 3543 2696 3586 consentaneum
2731 3536 2854 3587 vitae
2883 3535 3276 3590 institutionem
3302 3539 3375 3596 illi
3399 3541 3585 3609 agglu-

2014 3624 2190 3685 tinnti,
2217 3625 2410 3692 spiritu
2444 3626 2714 3680 ferventes
2746 3629 3081 3694 perficimur,
3122 3638 3176 3684 et
3224 3632 3492 3686 charitate
3534 3633 3586 3686 in

2017 3716 2176 3787 103
2197 3717 2361 3771 Deum
2392 3720 2663 3773 ardentes.
2683 3718 2848 3773 Porro
2882 3719 3165 3791 Seraphin:
3191 3723 3289 3778 alis
3319 3726 3493 3778 velare
3518 3723 3589 3776 fa.

2011 3810 2147 3859 ciem
2163 3820 2213 3861 et
2235 3810 2424 3876 pedes,
2441 3819 2491 3864 et
2515 3811 2726 3865 duobus
2750 3812 2952 3874 volare,
2975 3813 3276 3883 symbolum
3299 3826 3399 3877 est,
3422 3815 3586 3866 ηειιιίς

2012 3915 2132 3952 nent
2153 3915 2309 3966 posse
2325 3901 2407 3954 vel
2427 3903 2774 3972 principium,
2797 3904 2877 3957 vel
2901 3905 3059 3958 linem
3077 3908 3468 3960 sententiarum
3493 3918 3584 3960 ant

2007 4003 2317 4043 sermonum
2348 3992 2413 4046 de
2447 3994 2552 4048 Deo
2573 3996 2946 4063 introspicere.
2967 3995 3136 4064 Caput
3158 3998 3300 4050 enim
3335 4007 3388 4050 et
3423 3999 3585 4053 facies

2007 4082 2296 4153 designant
2340 4085 2686 4154 principium,
2737 4086 2898 4138 linem
2951 4088 3131 4148 pedes.
3177 4087 3335 4141 Caret
3385 4091 3583 4143 etenim

2007 4174 2278 4242 principio
2316 4173 2606 4241 Divinitas,
2647 4187 2698 4228 et
2743 4179 2861 4229 linis
2902 4189 2982 4230 est
3023 4180 3224 4232 nescia.
3273 4177 3380 4234 Nos
3406 4192 3582 4237 autem

2009 4263 2099 4315 vix
2132 4263 2405 4315 intuemur
2442 4279 2501 4316 ea
2531 4278 2651 4332 qua:
2687 4265 2738 4317 in
2784 4265 2959 4318 medio
3001 4266 3344 4337 interjaceut,
3376 4286 3461 4336 ea,
3505 4273 3582 4326 in-

2008 4369 2193 4422 quam,
2233 4368 2355 4422 qua:
2380 4365 2621 4420 tempore
2653 4356 2806 4419 iittnt,
2838 4372 2946 4426 quo
2976 4373 3036 4411 ea
3060 4375 3179 4427 quae
3207 4378 3309 4416 non
3352 4375 3498 4429 sunt,
3531 4367 3581 4419 in

2007 4443 2265 4499 eﬂ’ectum
2293 4445 2583 4514 aliquando
2613 4451 3004 4515 producuntur.
3035 4449 3229 4506 Volunt
3250 4455 3504 4525 denique,
3529 4469 3585 4512 nt

319 4540 762 4595 κατακαλύπτειν
790 4540 860 4593 τὰ
891 4541 1169 4612 Σεραφεὶμ
1194 4543 1255 4594 τό
1269 4557 1327 4592 τε
1354 4541 1645 4610 πρόσωπον
1665 4541 1903 4604 καὶτοὺς

2012 4536 2102 4604 qui
2145 4535 2279 4590 nihil
2307 4539 2682 4606 proculcaturn
2732 4539 2931 4594 habent
2971 4556 3063 4596 seu
3102 4541 3370 4609 abjectum
3403 4563 3415 4597 :
3454 4548 3581 4613 quin

319 4631 510 4693 πόδας,
532 4631 798 4684 πέτασθαι
829 4632 885 4685 δὲ
909 4635 1030 4694 ταῖς
1056 4631 1228 4693 δυσὶν,
1257 4632 1350 4687 τοῦ
1384 4633 1457 4702 μὴ
1477 4631 1736 4686 δύνασθαί
1752 4650 1904 4696 τινας

318 4723 352 4793 ἦ
387 4721 564 4796 ἀρχὴν
593 4722 627 4792 ἢ
656 4723 809 4786 τέλος
867 4725 1001 4794 ὁρᾷν
1068 4724 1287 4777 ἐννοιῶν
1351 4725 1384 4794 ἢ
1438 4723 1611 4793 λόγων
1644 4724 1750 4778 τῶν
1779 4727 1908 4796 περὶ

317 4813 481 4867 θεοῦ.
523 4813 782 4883 Σημαίνει
810 4815 909 4885 μὲν
937 4816 1049 4887 γάρ
1069 4815 1169 4888 τὴν
1192 4816 1366 4887 ἀρχὴν
1398 4818 1430 4887 ή
1458 4815 1689 4886 κεφαλὴ,
1729 4818 1820 4870 καὶ
1847 4817 1906 4869 τὸ

318 4908 640 4978 πρόσωπον,
671 4907 732 4960 τὺ
761 4908 818 4961 δέ
851 4924 914 4976 γε
955 4908 1110 4972 τέλος
1168 4910 1219 4961 oi.
1276 4910 1453 4973 πόδες.
1485 4910 1752 4980 Ἀναρχον
1798 4909 1904 4977 γὰρ

318 4999 379 5052 τὸ
402 4999 556 5053 Θεῖον
581 4999 678 5052 καὶ
702 4999 959 5069 τελευτᾷν
983 5000 1083 5053 οὐκ
1104 5000 1262 5064 εἰδός.
1287 5000 1702 5072 Προσσάλλομεν
1723 5000 1780 5054 δὲ
1795 5003 1907 5063 τοῖς

316 5091 408 5143 διὰ
442 5091 608 5160 μέσου
638 5091 794 5161 μόλις
811 5093 924 5154 τοῖς
953 5091 1094 5145 κατά
1121 5108 1182 5160 γε
1207 5095 1333 5156 τοὺς
1353 5092 1577 5163 χρόνους
1600 5093 1763 5162 φημὶ,
1788 5092 1909 5144 καθ’

319 5182 416 5246 οὒς
464 5183 535 5235 τὰ
570 5184 672 5237 οὐκ
703 5183 836 5236 ὄντα
868 5183 1001 5238 ποτὲ
1034 5183 1294 5255 παρήχθη
1345 5184 1482 5252 πρὸς
1517 5183 1766 5253 ὓπαρξιν.
1809 5183 1911 5235 [Ιὲ-

319 5271 505 5329 τονταί
543 5293 610 5344 γε
647 5276 754 5347 μὴν
788 5277 865 5339 ὡς
907 5277 1060 5330 οὐδὲν
1104 5276 1316 5346 ἔχοντες
1342 5276 1404 5328 τὸ
1447 5273 1907 5347 κατερριμμένον.

332 5366 504 5435 Ὑψοῦ
528 5367 585 5419 δὲ
613 5368 814 5437 μᾶλλον
841 5368 929 5421 ἀεὶ
955 5367 1019 5419 τὸ
1051 5367 1306 5438 φρόνημα
1336 5367 1470 5436 πρὸς
1498 5366 1649 5417 Θεόν.
1697 5355 1772 5417 Ού
1804 5365 1909 5432 γάρ

316 5476 402 5513 τοι
431 5458 552 5511 καθ’
592 5461 737 5529 ἡμᾶς
757 5458 1013 5530 φρονοῦσι
1040 5460 1108 5513 τά
1147 5459 1316 5522 κάτω,
1344 5458 1458 5511 ἀλλ’
1486 5461 1541 5511 ὲν
1573 5457 1903 5527 ἀπορρήτοις

316 5551 467 5605 τισὶν
493 5548 781 5617 ὑψώμασιν
823 5549 1040 5604 ἐννοιῶν
1080 5551 1135 5603 αἱ
1183 5549 1441 5602 ἀνωτάτω
1495 5547 1751 5614 δυνάμεις
1815 5545 1904 5596 τὸν

319 5642 528 5694 οἰκεῖον
559 5637 744 5708 ἔχουσι
781 5640 920 5694 νοῦν,
955 5639 1214 5710 Εῦφημον
1262 5639 1318 5692 δὲ
1372 5639 1465 5691 καὶ
1499 5639 1559 5689 τὸ
1601 5638 1775 5705 στόμα
1808 5636 1903 5686 αὐ-

395 5797 609 5861 u'Psal.
649 5812 790 5864 τινι,
827 5796 877 5852 9.
957 5799 998 5829 "
1036 5799 1241 5855 Βιιιίιι-Ιι
1306 5813 1384 5859 ιιι,

2008 4628 2188 4695 potius
2227 4629 2335 4684 alte
2375 4645 2588 4697 semper
2638 4632 2848 4684 illortnn
2887 4648 3038 4688 mens
3074 4637 3125 4688 in
3176 4635 3342 4689 Deum
3391 4635 3580 4693 fertur.

2007 4717 2124 4773 Non
2158 4721 2326 4784 enim,
2361 4732 2416 4774 ut
2452 4739 2570 4784 nos,
2613 4725 2724 4778 haec
2748 4723 2930 4778 intima
2969 4727 3187 4793 sapiunt
3228 4728 3307 4779 ine
3341 4738 3581 4795 potestn-

2010 4820 2089 4868 tes
2113 4829 2396 4884 supremae,
2427 4818 2518 4867 sed
2537 4827 2768 4866 mentem
2803 4815 3002 4868 habent
3023 4817 3234 4869 arcanis
3265 4820 3581 4885 quibusdam

2009 4905 2400 4958 sententiarum
2429 4905 2853 4958 sublimitatibus
2884 4902 3096 4956 aﬂixam
3126 4914 3178 4958 et
3215 4909 3580 4977 coniunctam.

2008 4995 2082 5050 Os
2111 5012 2328 5064 quoque
2357 5012 2544 5050 eorum
2571 4995 2786 5060 plenum
2811 5004 2895 5049 cst
2928 4995 3122 5052 faustis
3158 5001 3583 5056 ominatiouibus

2009 5102 2073 5140 ac
2098 5088 2367 5145 laudibus.
2404 5087 2642 5141 Gloriam
2671 5088 2813 5141 enim
2866 5071 3179 5153 det-amant;
3222 5092 3384 5159 idque
3416 5092 3582 5146 alter-

2012 5181 2096 5230 nis
2138 5179 2367 5238 vicibus,
2406 5193 2510 5231 non
2555 5179 2680 5246 quia
2715 5178 3102 5250 tlefatigantur,
3133 5191 3192 5236 ut
3233 5196 3332 5253 ego
3366 5183 3582 5252 quidem

2010 5273 2269 5335 arbitror,
2309 5272 2400 5326 sed
2438 5272 2643 5326 honore
2670 5272 2771 5326 Sibi
2810 5285 2996 5329 mutuo
3020 5275 3242 5340 cedunt,
3273 5285 3323 5328 et
3348 5276 3581 5328 vicissim

2010 5359 2350 5412 laudationes
2383 5363 2634 5413 reddunt.
2677 5360 2870 5415 Omnia
2911 5363 3054 5416 enim
3099 5377 3291 5431 supera
3336 5363 3586 5415 ordinate

2015 5452 2148 5506 liunt
2170 5468 2230 5506 ac
2255 5453 2528 5506 decenter.
2563 5453 2697 5506 Cum
2740 5469 2866 5507 vero
2899 5474 2916 5504 ι
2947 5453 3180 5507 Sanctus
3214 5473 3230 5503 ι
3265 5464 3346 5508 ter
3375 5455 3581 5522 dicunt,

2013 5545 2270 5596 claudunt
2302 5545 2556 5612 hymnum
2586 5545 2636 5596 in
2671 5545 2793 5607 hoc,
2825 5563 2842 5594 ι
2891 5544 3147 5598 Dominus
3176 5544 3434 5609 Sabaoth,
3467 5567 3484 5596 9
3532 5547 3582 5603 in

2015 5648 2116 5685 una
2138 5635 2353 5687 deitatis
2389 5644 2575 5688 natura
2604 5629 3273 5690 sanctamconstituentes
3299 5635 3577 5696 Triadem.‘

1561 5797 1602 5824 ⁸⁸
1635 5794 1821 5847 Matth.
1854 5808 2005 5859 χχιιι,
2037 5795 2126 5846 5:5.
