4144 6302
585 397 700 455 175

1585 392 1641 448 S.
1682 391 1958 448 CYRILLI
1999 390 2470 447 ALEXANDRINI
2513 391 2829 447 ARCHIEP.

3755 390 3867 446 {76

595 511 907 568 Subsistere
948 510 1092 564 enim
1134 505 1348 562 Patrem
1388 509 1544 576 plane
1586 509 1837 576 dicimus,
1881 511 1959 564 sic
2001 509 2164 564 etiam

2282 511 2408 571 ταῖς.
2453 505 2802 574 Δοξολογοῦσι
2837 504 2945 575 7&9
2973 503 3252 557 καὶτοῦτο
3288 503 3346 570 ἐξ
3386 502 3645 573 ἀμοιϐῆς,
3680 504 3743 559 οὑ
3769 505 3865 560 8ιά

595 605 814 668 Filium,
853 611 906 657 et
935 601 1202 670 Spiritum
1237 609 1507 656 sanctum.
1545 600 1728 670 Neque
1760 617 1886 657 vero
1923 617 2059 670 quos
2093 603 2173 655 di-

593 696 790 760 cimus,
820 695 873 748 in
916 691 1224 746 naturalem
1271 691 1507 762 aliquam
1546 693 1915 748 diversitatem
1952 692 2056 746 ulla
2087 707 2176 746 ra-

594 787 673 842 tio
706 785 968 846 dissecat,
1002 783 1096 837 sed
1127 783 1179 836 in
1212 782 1412 853 triplici
1460 783 1735 854 hypostasi
1763 800 1866 838 una
1894 784 2064 839 deitas
2093 785 2174 837 in-

576 875 872 945 telligitur.
913 874 1024 928 lloc
1057 873 1278 943 quidem
1330 874 1488 930 nobis
1529 885 1784 931 testatum
1827 874 2038 933 faciunt
2078 891 2175 945 per

592 972 694 1024 hos
719 964 1252 1034 sanctos-Seraphim
1285 1005 1300 1031 ,
1341 967 1432 1036 qui
1475 968 1781 1021 universam
1826 979 2026 1022 terram
2062 982 2176 1021 ma-

590 1059 788 1127 jestate
818 1057 934 1126 ejus
981 1057 1200 1126 plenam
1252 1057 1524 1122 dictitant,
1574 1056 1754 1112 futura
1795 1059 2172 1127 praecinentes,

593 1159 647 1204 et
679 1150 1189 1218 administrataeper
1212 1147 1489 1204 Christum
1522 1149 1944 1218 dispensationis
1983 1161 2178 1220 myste-

575 1242 736 1296 'rium
754 1241 1221 1310 praenuntiantes.
1257 1236 1584 1308 Priusquam
1605 1240 1748 1294 enim
1783 1238 2022 1296 Verbum
2049 1257 2177 1297 raro

592 1335 798 1388 factum
843 1340 1010 1394 esset,
1045 1331 1132 1385 ille
1172 1330 1407 1398 daemon,
1439 1331 1528 1386 ille
1559 1331 1818 1395 exitialis,
1861 1332 1947 1386 ille
1987 1334 2174 1401 draco,

598 1425 689 1480 ille
735 1424 998 1490 delector,
1036 1421 1222 1478 orbem
1259 1431 1536 1477 terrarum
1589 1427 1908 1492 occupabat,
1947 1439 2000 1481 et
2024 1443 2175 1482 crea-

576 1524 722 1570 ztura
755 1529 866 1584 prae
903 1514 1165 1569 Creatore
1191 1522 1248 1568 et
1277 1511 1572 1570 Conditore
1603 1517 1969 1571 adorabatur:
2001 1528 2058 1571 at
2087 1520 2174 1574 ubi

603 1608 780 1662 factus
823 1615 909 1662 est
954 1607 1116 1660 homo
1165 1605 1500 1675 unigenitum
1557 1607 1649 1662 Dei
1700 1607 1952 1674 Verbum,
1998 1612 2178 1667 omnis

581 1709 747 1751 terra
789 1697 1212 1765 majestate-ejus
1255 1697 1459 1766 repleta
1492 1709 1594 1752 est.
1627 1697 1704 1753 Illi
1739 1702 1882 1754 enim
1907 1699 2084 1757 ﬂectet
2120 1718 2179 1758 se

601 1805 957 1859 omnegenu,
989 1799 1043 1843 et
1076 1789 1151 1842 illi
1183 1803 1374 1844 omnes
1415 1790 1610 1860 linguae
1646 1807 1710 1844 ac
1745 1793 1914 1848 tribus
1951 1798 2178 1850 conﬁtc-

2274 616 2336 666 γε
2368 599 2426 652 τὸ
2478 599 2730 667 κάμνειν,
2791 594 3043 664 καθάπερ
3097 591 3334 664 ἐγῷμαι,
3381 593 3766 664 παραχωροῦσι
3800 594 3862 658 δὲ

2277 689 2476 759 μᾶλλον
2505 688 2603 751 τὰς
2624 687 2785 757 τιμάς
2817 685 3079 756 ἀλλήλως,
3115 685 3209 737 καὶ
3253 684 3713 755 ἀντιδωρούμεναι
3759 686 3862 750 τὰς

2271 780 2596 848 δοξολογίας.
2636 779 2821 832 Πάντα
2849 777 2958 848 7&9
2990 779 3048 829 ἐν
3077 776 3268 847 κόσμῳ
3289 775 3356 829 τὰ
3384 777 3514 830 ἀνω.
3538 777 3671 847 Τρὶς
3691 776 3750 828 δὲ
3773 777 3856 834 τὺ.

2280 891 2298 922 ι
2336 871 2524 940 ’Ἄγιος
2549 890 2566 923 ι
2593 871 2870 939 λέγουσαι,
2895 867 3277 923 κατακλείουσι
3303 867 3398 938 τὴν
3428 866 3758 935 δοξολογίαν,
3779 871 3859 931 εἰς

2272 965 2352 1029 τὸ,
2377 983 2396 1016 ι
2420 963 2622 1033 Κύριος
2646 961 2926 1023 saeuae,»
2952 963 3010 1014 ἐν
3025 961 3124 1031 μιᾷ
3139 960 3388 1030 θεότητος
3411 960 3568 1029 φύσει
3583 959 3682 1030 τὴν
3695 961 3859 1028 άγίαν

2272 1053 2511 1116 τιθέντες
2541 1053 2766 1124 Τριάδα.
2831 1051 3162 1120 ’Υφεστάναι
3197 1052 3296 1122 μὲν
3341 1053 3448 1122 γὰρ
3486 1051 3857 1123 ὁμολογουμέα

2279 1163 2383 1208 νως
2421 1144 2600 1215 φαμὲν
2619 1145 2710 1197 τὸν
2743 1143 2994 1214 Πατέραο
3045 1143 3188 1195 οῦτω
3223 1142 3278 1194 δὲ
3323 1144 3416 1195 καὶ
3456 1143 3546 1196 τὸν
3580 1143 3726 1208 Υἱδν,
3762 1146 3861 1197 καὶ

2274 1238 2334 1290 τὸ
2367 1236 2591 1307 Πνεῦμα
2616 1236 2677 1289 τὸ
2697 1235 2872 1304 ἅγιον.
2898 1235 3010 1288 Καὶ⁹
3033 1233 3190 1305 λόγος
3218 1235 3391 1298 οὐδεὶς
3423 1234 3699 1306 διατέμνει
3721 1235 3859 1308 πρὸς

2278 1328 2578 1400 ἑτερότητα
2616 1327 2852 1396 φυσικὴν
2887 1325 2997 1379 τῶν
3034 1325 3438 1396 ὠνομασμένων
3468 1325 3717 1392 ἕκαστον,
3742 1325 3862 1379 ἀλλ’

2279 1425 2336 1474 ἐν
2369 1422 2703 1475 ὑποστάσεσι
2729 1419 2878 1490 τρισὶ
2908 1421 3108 1472 νοεῖται
3143 1417 3242 1488 μία
3271 1416 3481 1488 θεότης.
3524 1419 3635 1471 Καὶ
3670 1419 3860 1472 διἀὑ-

2277 1511 2385 1565 τῶν
2421 1514 2554 1584 ημῖν
2585 1510 2742 1566 τοῦτο
2771 1509 3188 1582 μεμαρτύρηται
3217 1509 3327 1562 τῶν
3359 1509 3530 1578 ἀγίων
3557 1511 3860 1581 Σεραφεὶμ,

2279 1603 2327 1655 οἳ
2353 1602 2449 1656 καὶ
2479 1601 2660 1673 πλήρη
2686 1603 2871 1655 πᾶσαν
2892 1600 2992 1671 τὴν
3019 1600 3124 1670 γῆν
3145 1595 3286 1654 εἶναι
3330 1600 3548 1669 λέγουσι
3570 1602 3669 1671 τῆς
3700 1602 3860 1672 δόξης

2279 1691 2467 1752 αὑτοῦ,
2490 1689 3001 1764 προαναφωνοῦντες
3015 1689 3083 1742 τά
3105 1690 3359 1760 ἐσόμενα,
3383 1690 3477 1743 καὶ
3500 1689 3596 1758 τῆς
3622 1690 3710 1742 διὰ
3729 1692 3861 1761 Χρι-

2282 1784 2407 1838 στοῦ
2431 1782 2807 1853 γεγενημένης
2862 1781 3172 1852 οἰκονομίας
3221 1780 3751 1853 προαναγγέλλοντες
3799 1783 3861 1834 τὸ

601 1883 821 1944 buntur,
852 1897 913 1934 ac
947 1880 1021 1933 illi
1056 1881 1317 1945 servient,
1347 1881 1500 1952 juxta
1536 1883 1585 1935 id
1617 1887 1759 1950 quod
1789 1886 2048 1955 scriptum
2071 1899 2174 1942 est.

2285 1877 2602 1948 μυστήριον.
2641 1876 2779 1945 Πρὶν
2803 1875 2900 1944 μὲν
2927 1873 3036 1944 7&9
3059 1874 3237 1944 σάρκα
3268 1871 3520 1941 γενέσθαι
3551 1873 3644 1925 τὸν
3663 1873 3859 1940 Λόγον,

601 1972 966 2029 Proclamavit
1020 1983 1075 2026 et
1109 1973 1212 2027 hoc
1257 1983 1383 2026 ante
1415 1976 1604 2027 beatus
1644 1973 1811 2028 David
1867 1976 1919 2029 in
1957 1977 2173 2046 spiritu;

2282 1971 2606 2041 κατεκράτει
2632 1968 2732 2038 τῆς
2763 1969 2854 2021 ὑπ’
2882 1966 3109 2039 οὐρανὸν
3141 1968 3170 2019 6
3197 1965 3407 2036 δαίμων
3437 1967 3466 2018 6
3486 1965 3803 2036 ἀλητήριος,
3834 1969 3864 2018 6

601 2065 738 2119 dixit
768 2066 913 2118 enim
947 2080 960 2117 :
1001 2081 1018 2114 ι
1050 2062 1254 2118 Omnes
1289 2072 1479 2132 gentes
1515 2079 1651 2134 quas
1698 2065 1891 2131 lecisti,
1936 2070 2172 2134 venient,

2282 2063 2517 2135 δράκων,
2549 2063 2579 2115 6
2605 2061 2936 2131 ἀποστάτης.
2991 2057 3376 2130 Προσεκυνήθη
3424 2057 3480 2110 δὲ
3497 2074 3593 2111 και
3624 2060 3656 2128 ὴ
3684 2059 3866 2122 κτίσις

587 2162 654 2208 et
699 2154 1004 2208 adorabunt
1054 2167 1239 2208 coram
1299 2161 1350 2206 te
1389 2153 1451 2206 ιτ.
1498 2171 1517 2204 ι
1569 2151 1682 2208 Hoc
1723 2155 2022 2224 perfectum
2068 2171 2171 2224 est,

2284 2158 2433 2228 παρά
2468 2155 2560 2208 τὸν
2593 2153 2851 2207 κτίσαντα
2881 2153 2977 2206 καὶ
3021 2151 3278 2221 Ποιητήν·
3335 2150 3522 2222 ἐπειδὴ
3553 2151 3610 2203 δέ
3638 2151 3866 2219 γέγονεν

599 2253 792 2300 vocata
820 2244 1060 2314 gentium
1097 2244 1465 2312 multitudine,
1501 2254 1557 2299 et
1585 2247 1796 2302 cunctis
1832 2262 1954 2302 eum
1985 2249 2080 2318 qui
2109 2251 2176 2304 de

2282 2247 2566 2317 ἄνθρωπος
2598 2244 2628 2296 6
2658 2241 2950 2314 μονογενὴς
2979 2241 3074 2294 τοῦ
3106 2240 3240 2293 Θεοῦ
3275 2239 3468 2309 Λόγος,
3507 2241 3865 2312 πεπλήρωται

601 2335 757 2391 nobis
795 2347 849 2390 et
893 2350 990 2405 pro
1026 2336 1182 2391 nobis
1209 2335 1408 2402 factus,
1441 2343 1526 2391 est
1564 2338 1936 2405 adorantibus,
1969 2341 2174 2412 quique

2282 2337 2380 2407 τῆς
2417 2335 2574 2405 δόξης
2603 2333 2766 2388 αὐτοῦ
2817 2334 2967 2385 πᾶσα
3151 2329 3375 2400 Κάμψει
3419 2331 3529 2401 γάρ
3555 2331 3707 2402 αὑτῷ
3732 2333 3866 2386 ’πᾶν

599 2445 695 2498 per
729 2429 965 2500 seipsunt
1003 2437 1184 2483 manet
1214 2444 1376 2498 supra
1401 2429 1606 2485 omnia.

2283 2431 2432 2499 γόνυ,
2459 2427 2554 2482 καὶ
2589 2429 2739 2481 πᾶσα
2767 2425 2930 2495 φυλὴ,
2961 2425 3056 2477 καὶ
3075 2424 3320 2492 γλῶσσαι
3353 2423 3863 2501 ἐξομολογήσονται.

598 2522 692 2574 καὶ
756 2519 906 2590 αὐτῷ
957 2519 1336 2582 δουλεύσουσι,
1415 2521 1557 2574 κατὰ
1633 2521 1694 2573 τὸ
1760 2523 2164 2594 γεγραμμένον.
2234 2513 2722 2592 Προανακεκράγει
2759 2516 2816 2568 δὲ
2869 2515 2964 2567 καὶ
3022 2513 3178 2567 τοῦτο
3225 2515 3255 2566 6
3285 2513 3554 2584 μακάριος
3603 2515 3768 2569 Δασὶδ
3805 2519 3868 2569 ἐν

605 2613 902 2682 πνεύματυ
929 2611 1034 2680 ἐφη
1060 2611 1189 2681 γάρ·
1219 2631 1237 2662 ι
1279 2612 1465 2664 Πάντα
1489 2612 1558 2664 τὰ
1585 2613 1713 2684 ἐθνη
1749 2615 1850 2667 ὅσα
1896 2615 2159 2686 ἐποίησας
2179 2653 2194 2679 ,
2255 2612 2468 2684 ήξουσι,
2505 2614 2601 2664 καὶ⁸
2629 2608 3102 2688 προσκυνήσουσιν
3142 2603 3370 2659 ἐνώπιόν
3401 2623 3544 2670 σου,
3597 2607 3792 2679 Κύριε.
3838 2629 3858 2660 ι

601 2703 773 2756 Τοῦτό
801 2719 883 2755 τοι
909 2700 1218 2753 τετέλεσται
1246 2701 1588 2772 κεκλημένης
1626 2703 1724 2772 τῆς
1791 2703 1850 2769 ἐξ
1913 2702 2084 2756 ἐθνῶν
2116 2701 2376 2774 πληθύοςο
2430 2701 2525 2752 καὶ
2572 2693 3024 2768 προσκυνούντων
3053 2694 3310 2752 ἁπάντων
3343 2693 3424 2765 τῷ
3453 2694 3522 2747 δι’
3564 2696 3714 2767 ἡμᾶς
3745 2699 3866 2752 καθ’

614 2801 646 2868 ή
659 2799 767 2868 μᾶς
817 2795 1132 2865 γενομένῳ,
1195 2797 1528 2868 μεμενηκότι
1583 2798 1640 2853 δέ
1699 2797 1768 2852 δι’
1823 2800 2015 2853 ἐαυτὸν
2073 2801 2214 2870 ὑπὲρ
2249 2799 2446 2852 πάντα.

678 2885 838 2956 104
866 2885 1032 2939 Vens.
1064 2885 1120 2939 4.
1158 2885 1431 2940 Elevamm
1463 2897 1537 2942 eu
1566 2891 1964 2956 superliminare
2001 2908 2031 2944 a
2061 2907 2178 2946 voce

599 2996 703 3049 qua
733 2977 1050 3044 clamabant,
1077 2988 1122 3033 ει
1151 2978 1337 3034 domus
1371 2979 1564 3048 repleta
1591 2991 1665 3035 est
1691 2981 1855 3050 fumo.

671 3069 1077 3139 Contemplatus
1129 3078 1212 3124 est
1246 3070 1390 3125 enim
1430 3072 1690 3142 propheta
1739 3073 2023 3128 Dominum
2073 3075 2178 3129 Sa-

602 3161 764 3216 baoth
799 3163 1078 3216 sedentem
1130 3161 1183 3215 in
1219 3161 1356 3217 solio
1389 3163 1534 3220 celso
1583 3176 1637 3220 et
1665 3166 1907 3231 elevato,
1941 3169 2175 3222 circum-

599 3251 869 3306 stantibus
922 3252 1158 3320 undique
1213 3253 1418 3307 sanctis
1472 3252 1778 3322 Seraphim,
1830 3265 1886 3310 et
1936 3256 2181 3312 laudibus

591 3341 877 3398 continuis
914 3355 1036 3394 eum
1086 3342 1610 3410 percelebrantibus.
1667 3345 1969 3400 Aﬂirmavit
2013 3349 2178 3402 etiam

591 3435 825 3486 domum
869 3431 1037 3487 luisse
1077 3432 1289 3501 plenam
1319 3433 1487 3503 gloria
1516 3434 1652 3501 ejus.
1687 3433 1840 3490 Nune
1875 3452 2002 3492 vero
2027 3452 2181 3492 com-

594 3532 810 3576 ‘tnotum
840 3537 962 3577 esse
1003 3523 1132 3577 dicit
1184 3524 1639 3591 superliminare,
1690 3535 1744 3580 et
1785 3527 1998 3582 domum
2033 3528 2182 3585 fumo

603 3614 900 3683 cppletam,
925 3614 1084 3682 idque
1106 3616 1262 3684 quasi
1296 3631 1324 3668 a
1353 3630 1488 3670 voce
1516 3657 1530 3679 ,
1567 3632 1670 3685 qua
1697 3620 1868 3673 sancti
1897 3618 2179 3691 Seraphim

604 3707 926 3760 clamarunt.
963 3705 1213 3776 Nunquid
1254 3723 1383 3780 ergo
1437 3723 1624 3764 vocem
1670 3711 1912 3767 dicemus
1963 3729 2180 3769 causam

608 3798 778 3852 fuisse
831 3812 1019 3853 eorum
1069 3814 1187 3868 quas
1241 3800 1292 3853 in
1354 3801 1515 3854 domo
1547 3801 1897 3857 acciderunt?
1928 3805 2090 3874 Atqui
2129 3807 2183 3861 id

581 3891 806 3944 sentire
827 3931 843 3957 ,
878 3890 1007 3960 quid
1049 3890 1103 3943 ni
1133 3891 1204 3946 sit
1235 3890 1388 3945 valde
1417 3893 1694 3957 ineptum?
1720 3895 1961 3961 Quonam
2017 3897 2184 3969 igitur

605 3992 762 4049 pacto
793 3982 984 4035 horum
1008 3983 1292 4036 verborum
1327 3983 1745 4051 intelligentiam
1788 3989 2182 4057 assequemur?

593 4072 815 4142 'Optitne
860 4080 916 4126 et
959 4073 1252 4141 sapienter.
1285 4073 1425 4127 Ante
1460 4073 1766 4130 Servatoris
1817 4076 1986 4130 nostri
2019 4077 2182 4130 inltu-
2220 4131 2227 4138 ,

606 4163 968 4220 manationem
998 4176 1053 4218 et
1077 4163 1391 4228 adventum,
1427 4166 1552 4222 dum
1577 4167 1754 4222 adlmc
1785 4167 1952 4223 Israel
1989 4183 2184 4223 secun-

604 4257 730 4310 dum
765 4257 936 4326 legem
970 4255 1231 4312 inoliense
1257 4268 1312 4312 et
1334 4259 1605 4329 inculpate
1639 4261 1805 4314 vitam
1849 4261 2178 4324 institueret,

606 4347 915 4416 percelebre
969 4347 1098 4403 illud
1134 4350 1425 4418 templum,
1470 4351 1616 4420 quod
1659 4350 2051 4423 Hierosolymis
2082 4368 2182 4407 ex-

605 4437 806 4492 struxit
837 4438 1131 4504 Solomon,
1163 4441 1333 4507 gloria
1381 4441 1562 4494 divina
1605 4442 1934 4511 replebatur.
1961 4443 2097 4498 Nam
2127 4445 2179 4498 in

603 4544 674 4584 eo
708 4529 1096 4585 sacriﬁcabant
1137 4545 1206 4583 ex
1258 4531 1390 4595 legis
1421 4532 1757 4631 praescripto.
1791 4531 2057 4589 Caeterum
2091 4535 2180 4591 ubi
2208 4572 2261 4631 ο

604 4626 672 4677 de
700 4621 856 4678 cmlis
883 4622 1192 4676 venientem
1225 4623 1278 4675 in
1311 4623 1543 4675 humana
1573 4621 1768 4688 forma,
1799 4634 1852 4678 et
1880 4640 1947 4680 ex
1983 4626 2100 4697 lege
2127 4637 2181 4683 et

605 4713 885 4783 prophetis
936 4711 1284 4782 prtedicatum
1353 4727 1458 4766 non
1515 4726 1865 4784 receperunt,
1913 4718 2020 4772 imo
2059 4719 2181 4775 vita:

603 4805 900 4874 principem
930 4805 1041 4859 vita
1081 4805 1396 4874 privarunt,
1433 4805 1722 4874 dereliquit
1750 4808 1966 4862 domum
2002 4826 2178 4878 suam,

603 4897 976 4951 hmreditatem
996 4911 1150 4952 suam
1184 4896 1413 4952 dimisit.
1451 4897 1680 4954 Divertit
1707 4901 1850 4955 enim
1881 4902 1948 4956 ad
1971 4913 2174 4972 gentes,

598 5000 652 5042 et
671 4988 856 5043 omnis
884 4998 1028 5043 terra
1057 4989 1379 5060 gloriaejus
1403 4991 1625 5061 impleta
1667 5003 1770 5056 est,
1801 4995 1947 5065 regio
1969 4993 2180 5052 Iudaeo-

604 5098 720 5136 rum
769 5082 823 5136 in
856 5083 1169 5137 vastitatem
1207 5086 1424 5138 redacta
1462 5093 1575 5149 est,
1610 5087 1976 5158 templumque
2006 5089 2180 5158 ipsum

603 5176 906 5231 incensum.
939 5174 1170 5242 Quando
1202 5175 1366 5245 igitur
1398 5175 1552 5245 juxta
1597 5179 1933 5247 prophetiam
1964 5188 2018 5234 et
2047 5194 2186 5248 prm-

601 5267 932 5329 dictionem,
966 5280 1097 5322 voce
1147 5276 1466 5320 sanctorum
1521 5267 1802 5337 Seraphim
1850 5269 2064 5338 impleta
2098 5278 2186 5324 est

606 5358 854 5412 universa
888 5367 1033 5410 terra
1091 5356 1374 5423 majestate
1404 5358 1556 5426 ejus,
1594 5368 1720 5412 tunc
1770 5359 2186 5426 superliminare

607 5451 791 5520 tetnpli
817 5459 1148 5504 commotum
1167 5458 1271 5514 est,
1299 5447 1552 5518 fumoque
1575 5449 1851 5518 impletum
1874 5459 1978 5506 est.
1997 5451 2183 5521 Itaque

611 5541 733 5608 boc,
761 5559 780 5592 ι
806 5540 852 5594 Δ
872 5557 1003 5596 voce
1029 5557 1133 5611 qua
1161 5540 1522 5608 clamabant”
1555 5541 1811 5611 temporis
1833 5541 2186 5613 signiﬁcatio.

609 5644 733 5686 nem
797 5633 958 5685 habet
991 5651 1003 5684 :
1063 5647 1162 5687 nec
1211 5648 1432 5701 prorsus
1463 5633 1758 5705 doxologia:
1813 5647 1950 5703 Opus
1984 5642 2067 5689 est
2099 5633 2181 5690 vel

680 5783 723 5816 "
749 5783 894 5840 Psal.
924 5799 1118 5849 ωιτν,
1146 5785 1199 5838 8.

2357 2889 2466 2946 Kal
2493 2887 2724 2955 ἐπήρθη
2754 2885 2818 2937 τὸ
2851 2883 3191 2953 ὑπέρθυρον
3229 2883 3348 2938 ἀπὸ
3397 2881 3506 2950 τῆς
3542 2882 3748 2952 φωνῆς
3789 2881 3868 2955 ἦς

2282 2981 2626 3048 ἐκέκρατον,
2661 2975 2763 3030 καὶ
2806 2978 2838 3028 ό
2866 2971 3032 3040 οἶκος
3076 2973 3356 3043 ἐπλήσθη
3389 2975 3646 3030 καπνοῦ.

2353 3070 2619 3125 Τεθέαται
2645 3067 2744 3139 μὲν
2767 3064 2876 3136 7&9
2908 3068 2938 3120 6
2970 3068 3253 3138 προφήτης
3273 3066 3365 3120 τὸν
3397 3067 3602 3139 Κύριον
3631 3068 3861 3124 Σαϐαὼθ

2283 3164 2594 3236 καθήμενον
2643 3160 2736 3214 ἐπὶ
2768 3158 2960 3230 θρόνου
2997 3157 3203 3229 ὑψηλοῦ
3237 3160 3331 3212 καὶ
3370 3160 3708 3231 ἐπηρμένου,
3763 3180 3867 3215 πε-

2286 3259 2649 3334 ριεστηκότων
2699 3257 2759 3309 ἐν
2795 3253 2979 3324 κύκλῳ
3016 3253 3126 3308 τῶν
3176 3254 3349 3322 ἁγίων
3409 3256 3716 3326 Σεραφεὶμ,
3771 3261 3867 3310 καὶ

2285 3351 2685 3420 ἁκαταλήκτοις
2731 3345 3057 3414 δοξολογίαις
3107 3344 3498 3415 εὐφημούντων
3536 3345 3722 3400 αὑτόν.
3778 3349 3869 3399 Δι-

2284 3441 2598 3498 εὸεεαιοῦτο
2627 3439 2705 3503 δὲ,
2743 3439 2826 3491 ὅτι
2870 3437 3082 3508 πλήρης
3107 3439 3136 3490 6
3157 3432 3305 3500 οἶκος
3349 3438 3449 3507 τῆς
3469 3437 3628 3508 δόξης
3677 3439 3864 3492 αὑτοῦ.

2282 3536 2396 3590 Νῦν
2435 3535 2492 3588 δὲ
2540 3529 2777 3602 ἐπῆρθαί
2825 3542 2957 3600 φησι
2997 3528 3061 3582 τὸ
3113 3529 3440 3601 ὑπέρθυρον,
3479 3529 3869 3600 ἐμπεπλῆσθαι

2281 3627 2339 3679 δὲ
2367 3626 2462 3679 καὶ
2490 3624 2582 3677 τὸν
2611 3618 2758 3676 οἷκον
2805 3618 3036 3682 καπνοῦ,
3075 3619 3168 3672 καὶ
3199 3619 3306 3672 ἀπό
3336 3635 3398 3687 γε
3433 3620 3534 3690 τῆς
3570 3624 3756 3688 φωνῆς
3800 3617 3870 3692 ἧς

2282 3717 2584 3787 ἐκέκραγον
2621 3715 2691 3768 τὰ
2729 3713 2862 3780 ἅγια
2881 3710 3178 3783 Σεραφείμ.
3208 3704 3334 3780 'Ap’
3367 3704 3462 3764 οῦν
3503 3710 3742 3781 ἐροῦμεν
3768 3711 3870 3782 τὴν

2283 3809 2464 3879 φωνὴν
2494 3806 2672 3861 αἰτίαν
2700 3804 2960 3874 γενέσθαι
2986 3803 3095 3856 τῶν
3141 3801 3564 3872 συμϐεόηκότων
3589 3803 3668 3873 τῷ
3695 3804 3866 3874 οίκῳς

2283 3899 2474 3953 Καίτοι
2527 3898 2643 3960 πῶς
2691 3897 2751 3948 οὑ
2802 3894 3006 3965 σφόδρα
3060 3895 3208 3946 ἐστὶν
3261 3892 3494 3956 ἀκαλλὲς
3540 3894 3602 3946 τὸ
3648 3897 3868 3964 φρονεῖν

2284 3989 2497 4043 ἑλέσθαι
2527 3987 2719 4050 ταυτί;
2765 3986 2898 4039 Τίνα
2940 3985 3004 4054 δὴ
3048 3981 3146 4036 οὖν
3178 3985 3378 4055 τρόπον
3422 3986 3542 4047 ταῖς
3588 3983 3697 4037 τῶν
3724 4001 3865 4056 προ-

2283 4081 2551 4152 κειμένων
2604 4077 3017 4149 προσϐαλοῦμεν
3051 4076 3316 4140 ἐννοίαις;
3375 4077 3609 4146 Ἀριστά
3663 4093 3722 4129 τε
3771 4079 3866 4130 καὶ

2285 4175 2486 4244 σοφῶς.
2524 4172 2638 4242 Πρὸ
2674 4171 2771 4241 μέν
2795 4170 2894 4240 τῆς
2919 4168 3013 4222 τοῦ
3047 4169 3296 4240 Σωτῆρος
3322 4169 3479 4240 ήμῶν
3512 4169 3869 4240 ἐνανθρωπή-

2285 4283 2422 4329 σεως
2448 4265 2542 4318 καὶ
2571 4261 2884 4332 ἐπιδημίας,
2916 4260 2995 4314 ἐτι
3025 4261 3124 4331 τὴν
3156 4263 3214 4313 ἐν
3233 4260 3385 4331 νόμῳ
3416 4259 3693 4313 πολιτείαν
3719 4262 3870 4314 ἁκω·

2283 4358 2455 4421 λύτως
2479 4373 2541 4409 τε
2585 4355 2680 4410 καὶ
2720 4353 3141 4424 ἀνεπιπλήκτως
3173 4351 3450 4415 διέποντος
3481 4350 3576 4404 τοῦ
3622 4352 3870 4424 Ἰσραήλ,

2283 4449 2498 4520 πλήρης
2519 4443 2587 4518 ἦν
2616 4449 2646 4500 6
2681 4445 2964 4516 διαϐόητος
2996 4445 3202 4508 ἐκεῖνος
3225 4443 3361 4507 νεὼς
3393 4445 3451 4497 ἐν
3483 4446 3594 4508 τοῖς
3639 4443 3872 4516 Ἰεροσο-

2283 4542 2476 4611 λύμοις
2507 4539 2566 4591 ὃν
2595 4535 2846 4608 Σολομὼν
2877 4535 3198 4604 ἀνεδείματο
3239 4539 3337 4606 τῆς
3364 4534 3521 4603 δόξης
3567 4535 3662 4602 τοῦ
3704 4535 3867 4592 Θεοῦ.

2299 4631 2613 4686 Ἐπετέλουν
2660 4629 2770 4700 γὰρ
2814 4631 2872 4682 ἐν
2920 4627 3070 4697 αὑτῷ
3117 4627 3218 4690 τὰς
3260 4627 3400 4680 κατά
3447 4628 3611 4698 νόμον
3650 4629 3867 4692 θυσίας.

2299 4719 2518 4789 Ἐπειδὴ
2549 4719 2606 4773 δέ
2653 4718 2743 4771 τὸν
2772 4717 2832 4783 ἐξ
2866 4715 3098 4788 ούρανοῦ
3136 4715 3436 4786 ἀφιγμένον
3469 4717 3526 4768 ἐν
3543 4713 3870 4788 ἀνθρωπεία

2289 4814 2492 4884 μορφῇ,
2531 4811 2624 4864 καὶ
2656 4809 2742 4863 διὰ
2789 4809 2955 4880 νόμου
2989 4808 3082 4860 καὶ
3125 4805 3419 4878 προφητῶν
3449 4810 3872 4879 κεκηρυγμένον

2285 4906 2347 4958 οὑ
2409 4903 2788 4974 προσήκαντο,
2857 4898 3056 4968 μᾶλλον
3108 4898 3162 4952 δέ
3216 4900 3312 4951 καὶ
3375 4899 3708 4952 ἀπεκτόνασι
3776 4901 3875 4954 τὸν

2287 4994 2528 5067 ἀρχηγὸν
2579 4994 2676 5064 τῆς
2731 4991 2898 5064 ζωῆς,
2949 4991 3273 5060 ἐγκατέλιπε
3325 4991 3415 5044 τὸν
3464 4988 3613 5045 οἷκον
3676 4993 3870 5051 αὑτοῦ,

2287 5084 2465 5154 ἀφῆκε
2502 5083 2600 5152 τὴν
2625 5082 2986 5153 κληρονομίαν
3014 5079 3200 5135 αὑτοῦ.
3247 5081 3602 5135 Ἀπονένευκε
3651 5082 3762 5155 γὰρ
3789 5086 3874 5148 εἰς

2286 5175 2354 5226 τὰ
2390 5174 2538 5244 ἔθνη,
2570 5173 2665 5226 καὶ
2697 5171 3051 5244 πεπλήρωται
3099 5171 3196 5242 μὲν
3226 5175 3374 5226 πᾶσα
3407 5175 3439 5243 ἦ
3479 5173 3548 5243 Υῆ
3579 5174 3679 5244 τῆς
3710 5174 3875 5244 δόξης

2287 5265 2472 5319 αὑτοῦ.
2510 5265 2872 5336 Παραδέδοται
2901 5265 2960 5318 δὲ
3005 5264 3114 5318 τῶν
3161 5264 3428 5318 Ἰουδαίων
3460 5266 3493 5336 ή
3524 5265 3683 5338 χώρα
3730 5269 3875 5339 πρὸς

2289 5358 2591 5428 ἐρήμωσιν,
2623 5357 3010 5427 ἐμπέπρησται
3037 5355 3094 5408 δέ
3145 5356 3236 5409 καὶ
3279 5355 3442 5420 αὑτὸς
3467 5357 3496 5408 6
3541 5356 3698 5422 νεώς.
3739 5359 3872 5412 Ὅτε

2287 5447 2465 5502 τοίνυν
2494 5449 2632 5502 κατά
2673 5465 2735 5516 γε
2768 5448 2866 5519 τὴν
2905 5446 3240 5519 προφητείαν
3268 5447 3436 5517 ήγουν
3469 5450 3875 5522 προαγόρευσιν

2292 5541 2409 5609 ἦτοι
2455 5540 2637 5610 φωνὴν
2679 5540 2786 5593 τῶν
2820 5542 2990 5608 ἁγίων
3037 5540 3316 5611 Σεραφεὶμ
3348 5539 3592 5611 ἐπλήσθη
3638 5543 3793 5597 πᾶσα
3836 5543 3875 5614 ἡ

2289 5634 2362 5702 γῆ
2385 5633 2487 5704 τῆς
2517 5633 2673 5703 δόξης
2712 5632 2897 5699 αὑτοῦ,
2925 5633 3046 5688 τότε
3091 5631 3302 5688 ἐπὴοθη
3343 5633 3404 5686 τὸ
3435 5632 3750 5705 ὑπέρθυρον
3775 5633 3874 5688 τοῦ
