4144 6302
261 358 352 417 ΓΠ

1429 368 1497 424 ιΝ
1540 369 1778 426 ΙδΑΙΑΜε
1807 371 1934 428 LIB;
1977 373 2015 428 ι.
2049 371 2254 429 ΟΒᾹΤ.
2300 369 2382 429 IV.

3423 379 3521 434 £78

261 473 406 538 ναοῦ,
444 476 539 531 καὶ
567 475 870 549 ἐνεπλήσθη
902 481 1131 538 καπνοῦ.
1175 483 1385 538 υὺκοῦν
1417 488 1498 550 τό,
1535 507 1558 538 ι·
1590 489 1697 542 ἀπὸ
1744 491 1839 557 τῆς

1954 485 2188 542 eﬂ‘ectus.
2255 486 2596 543 Commotum
2657 497 2839 544 autem
2890 501 3012 544 esse
3077 481 3518 560 superlimiuare,

261 569 442 642 tpmvﬁc;
462 563 532 640 ἧς
547 569 869 640 έκέκραγον,
903 590 926 622 ι
955 573 1150 643 χρόνου
1186 576 1387 646 μᾶλλόν
1415 581 1533 632 ἐστι
1567 596 1832 649 σημαντι-

263 659 373 722 κὸν,
396 661 516 731 οὐχὶ
538 661 602 732 δὴ
625 663 843 726 πάντως
870 664 970 732 τῆς
992 664 1302 735 δοξολογίας
1335 668 1496 739 ἔργον
1526 671 1620 722 καὶ
1646 671 1841 722 ἀποτέο

264 761 450 823 ὰεσμα.
465 753 538 824 Ση
546 754 722 824 μαίνει
739 753 816 822 δὲ,
835 750 1102 826 οἵμαι,τδ,
1114 776 1132 809 ι
1144 757 1282 828 Ἐπή
1291 758 1392 828 ρθη
1407 759 1466 812 τὸ
1480 759 1805 831 ὑπέρθυρον,
1820 781 1836 810 ι

262 842 318 896 τὺ
341 845 759 916 καταλελεῖφθαι
789 849 880 903 τὸν
906 853 1049 907 ναόν.
1081 855 1202 908 Ὅτι
1227 856 1283 908 δὲ
1304 856 1398 908 καὶ
1427 856 1839 927 ὲμπέπρησται.

265 931 321 986 τὸ
335 936 723 1006 ἐμπεπλῆσθαι
743 940 922 1009 λέγειν
938 943 1099 998 αὐτόν
1117 944 1345 999 καπνοῦ.
1373 946 1434 998 Ei
1452 946 1505 999 δὲ
1531 947 1596 1017 δή
1623 964 1704 1010 τις
1725 946 1845 1016 βού-

267 1024 405 1079 λοιτο
442 1027 534 1080 καὶ
569 1028 691 1082 καθ’
719 1029 907 1102 ἕτερον
935 1033 1134 1102 τρόπον
1156 1034 1227 1086 τὰ
1250 1035 1429 1088 τοιάδε
1455 1038 1618 1094 νοεῖν.
1650 1037 1742 1088 καὶ
1777 1035 1846 1088 τὰ

269 1117 404 1170 κατὰ
429 1117 627 1182 παντὸς
649 1120 748 1173 ’τοῦ
768 1122 877 1175 τῶν
908 1123 1177 1178 Ἰουδαίων
1203 1124 1390 1190 ἔθνους
1411 1127 1726 1199 πεπρᾶχθαι
1753 1126 1841 1179 λέ-

269 1225 379 1275 γειν
407 1209 549 1264 αὐτὰ
569 1212 792 1279 νοητῶς,
818 1213 918 1266 οὐκ
937 1213 1003 1266 ἂν
1034 1214 1272 1286 ἁμάρτοι
1299 1214 1397 1268 τοῦ
1429 1216 1733 1286 πρέποντος
1759 1217 1843 1268 λο-

267 1300 482 1369 γισμοῦ.
515 1301 646 1354 Ὅτε
667 1303 774 1374 γὰρ
801 1307 902 1374 τῆς
930 1304 1026 1358 τοῦ
1050 1305 1302 1376 Σωτῆρος
1324 1307 1478 1376 ἡμῶν
1499 1307 1655 1377 δόξης
1676 1306 1843 1377 ἐπλή-

271 1388 367 1458 σθη
416 1391 568 1443 πᾶσα
603 1393 638 1462 ἡ
681 1392 752 1460 γῆ
797 1393 1152 1463 κεκλημένων
1181 1395 1268 1447 διὰ
1328 1395 1423 1464 τῆς
1456 1396 1691 1458 πίστεως
1737 1394 1847 1447 τῶν

268 1478 458 1545 ἐθνῶν,
476 1480 598 1532 τότε
620 1481 720 1550 τῆς
737 1482 1004 1535 Ἰουδαίων
1033 1483 1265 1548 διανοίας
1281 1486 1428 1538 πᾶσα
1460 1486 1557 1556 μὲν
1578 1484 1843 1555 ἀσφάλεια

270 1568 490 1625 λέλυται
516 1574 880 1644 πνευματική.
914 1574 1136 1628 Καπνοῦ
1155 1575 1210 1629 δὲ
1230 1576 1388 1648 δίκην
1413 1579 1462 1629 oi
1483 1576 1728 1641 τάλανες,
1747 1576 1846 1648 τὴν

271 1661 332 1712 ὲκ
364 1661 466 1731 τῆς
493 1660 736 1731 ἀμαθίας
765 1663 932 1734 ἀχλὺν
962 1665 1211 1730 λαϐόντες
1241 1669 1323 1731 εἰς
1367 1666 1492 1721 νοῦν
1534 1667 1724 1735 τυφλοὶ
1751 1684 1843 1736 γε-

269 1753 458 1821 γόνασι
505 1754 731 1826 νοητῶς.
780 1757 1042 1829 Ταύτῃτοι
1087 1759 1178 1813 καὶ
1227 1762 1256 1813 6
1293 1761 1484 1833 Σωτὴρ
1527 1761 1709 1824 αὐτοῖς
1741 1763 1842 1814 ὲπ-

1945 581 2220 651 signiﬁcat
2245 619 2260 646 ,
2291 590 2350 635 ut
2378 579 2590 648 opinor,
2647 580 2864 636 dissolvi
2901 581 3157 651 templum
3195 581 3520 636 :incensum

1947 673 2072 728 item
2115 687 2260 742 esse,
2287 687 2353 727 ex
2391 686 2456 727 eo
2487 673 2629 740 quod
2663 673 2869 742 impleri
2914 671 3060 729 fumo
3097 673 3261 737 dicat,
3302 671 3512 742 perspi-

1945 778 2104 817 eumn
2156 771 2259 818 est.
2293 762 2388 818 Sin
2420 763 2648 818 voluerit
2683 765 2804 832 quis
2843 765 2950 818 alio
2981 765 3138 818 modo
3174 767 3289 818 ham
3324 762 3494 817 intelli

1945 870 2107 922 gere,
2145 864 2200 909 et
2245 853 2312 909 de
2341 853 2486 908 omni
2526 863 2686 925 gente
2742 854 2965 910 Iudaica
3021 870 3086 910 ea
3118 854 3530 924 intelllgihiliter

1947 943 2190 1012 perfecta
2213 958 2336 998 esse
2367 944 2585 1007 dixerit,
2617 961 2644 998 a
2677 959 2822 1001 recta
2866 947 3076 1001 ratione
3106 961 3212 1000 non
3247 947 3526 1001 exorbita-

1947 1036 2104 1091 verit.
2139 1035 2417 1104 Siquidem
2449 1053 2571 1091 cum
2599 1036 2905 1092 Servatoris
2934 1040 3102 1092 nostri
3139 1039 3311 1108 gloria
3342 1040 3522 1093 omnis

1946 1136 2089 1181 terra
2125 1126 2325 1194 repleta
2349 1137 2511 1190 esset,
2551 1129 2756 1184 vocalis
2787 1145 2882 1199 per
2909 1131 3074 1185 ﬁdem
3107 1133 3376 1201 gentibus,
3415 1142 3526 1184 tum

1947 1217 2252 1272 Judarorum
2312 1219 2478 1272 animi
2512 1221 2578 1274 de
2628 1221 2774 1274 omni
2807 1221 3072 1288 spirituali
3107 1221 3406 1277 securitate
3464 1237 3528 1275 ac

1949 1306 2337 1375 tranquillitate
2369 1308 2555 1362 dimoti
2594 1324 2656 1364 ac
2690 1309 2882 1377 dejecti
2931 1320 3092 1378 sunt,
3138 1325 3202 1364 ac
3230 1310 3282 1363 in
3317 1324 3523 1363 morem

1948 1395 2101 1463 fumi,
2147 1397 2336 1451 nebula
2379 1399 2732 1470 ignorationis
2779 1403 2830 1455 in
2867 1402 3105 1456 animum
3165 1401 3483 1455 intromissa
3511 1439 3526 1462 ,

1949 1490 2130 1544 miseri
2185 1490 2430 1546 homines
2478 1492 2608 1547 caeci
2669 1493 2826 1564 105
2883 1493 3100 1547 fuerunt
3145 1493 3524 1563 intelligentia.

1948 1580 2087 1635 Hinc
2145 1588 2200 1634 et
2291 1579 2544 1637 Servator
2621 1583 2872 1639 clamavit
2942 1584 3046 1656 illis
3101 1602 3114 1637 :
3187 1601 3206 1634 ι
3260 1581 3503 1650 Quandiu

1948 1671 2123 1726 lucem
2172 1672 2384 1728 habetis
2406 1715 2422 1741 ,
2453 1673 2723 1730 ambulate
2754 1676 2806 1731 in
2861 1657 3014 1741 lucc,
3043 1691 3109 1730 ne
3161 1678 3399 1730 tenehrm
3432 1689 3527 1726 vos

1949 1772 2218 1832 occupent
2254 1763 2318 1818 ¹⁸.
2355 1783 2375 1817 ι
2407 1763 2717 1820 ,ιυιιιεοτιιηι
2759 1774 2936 1822 autem
2972 1779 3182 1822 mentes
3208 1766 3442 1820 lubricas
3468 1774 3524 1818 et

267 1843 470 1914 εφὼνει
493 1845 666 1915 λέγων
684 1862 699 1878 ·
723 1866 742 1900 ι
769 1848 910 1912 Ἕως
937 1851 1000 1903 τὸ
1038 1851 1155 1920 φῶς
1186 1851 1360 1921 ἔχετε,
1393 1855 1744 1923 περιπατεῖτε
1786 1855 1845 1905 ὲν

1954 1855 2136 1911 labiles
2175 1870 2295 1911 esse
2315 1897 2330 1924 ,
2369 1871 2434 1911 ac
2465 1858 2610 1912 omni
2636 1859 2819 1926 generi
2852 1860 3320 1929 perturbationum
3351 1857 3519 1911 obuo-

268 1936 343 2007 τῷ
369 1939 527 2009 φωτὶ,
561 1940 645 1994 ἵνα
689 1939 763 2012 μὴ
797 1942 830 2013 ή
876 1943 1067 1996 σκοτία
1097 1944 1241 2014 ὑμᾶς
1280 1943 1583 2016 καταλάϐῃ.
1629 1963 1648 1995 ι
1689 1943 1754 1996 Τί
1786 1944 1846 1997 δέ

265 2028 412 2082 ἔστιν
453 2031 700 2102 ἀσφαλὴς
747 2033 840 2086 καὶ
887 2034 1157 2099 εὐάλωτος
1197 2035 1306 2088 τῶν
1351 2035 1620 2089 Ἰουδαίων
1651 2036 1680 2088 6
1717 2033 1844 2098 νοῦς

1952 1946 2090 2011 xias,
2123 1960 2226 2014 ope
2247 1961 2478 2017 superna
2511 1947 2819 2016 destitutas,
2845 1951 3033 2021 ecquis
3067 1952 3281 2004 tandem
3316 1957 3399 2002 est
3430 1946 3522 2015 qui

1951 2033 2229 2102 ambigat?

263 2119 398 2190 πρὸς
435 2121 545 2174 πᾶν
565 2119 745 2174 ὁτιοῦν
774 2122 881 2175 τῶν
909 2122 1103 2178 παθῶν
1146 2124 1467 2196 ἐπικουρίας
1505 2123 1606 2194 τῆς
1667 2124 1875 2178 ἀνωθεν
1905 2122 2110 2194 ἕρημος
2167 2122 2264 2189 ὢν,
2311 2124 2426 2188 πῶς
2468 2125 2534 2180 ἂν
2580 2127 2874 2181 ὲνδοιάσειέ
2920 2147 3001 2193 τις
3055 2130 3162 2182 τῶν
3205 2125 3263 2182 εὗ
3311 2129 3531 2197 φρονεῖ·

261 2208 527 2262 είωθότων
548 2227 562 2275 ;

331 2303 438 2360 Kal
489 2302 651 2370 εἶπα,
700 2301 768 2360 Ὦ
801 2308 988 2375 τάλας
1032 2310 1181 2379 ἐγὼ,
1236 2310 1327 2363 ὅτι
1381 2311 1846 2378 κατανένυγμαι,

263 2397 352 2450 ὅτι
401 2396 712 2464 ἅνθρωπος
775 2396 860 2451 ὢν
880 2439 895 2462 ,
939 2400 1040 2454 καί
1089 2400 1397 2469 ἀκάθαρτα
1445 2401 1620 2470 χείλη
1672 2401 1849 2470 ἔχων,

261 2485 332 2539 ἐν
350 2485 522 2554 μέσῳ
549 2486 704 2540 λαοῦ
737 2487 1044 2556 ἀκάθαρτα
1080 2490 1258 2559 χείλη
1282 2489 1532 2557 ἔχοντος
1553 2489 1668 2559 ἐγὼ
1689 2487 1848 2543 οἰκῶ·

267 2577 365 2629 καὶ
431 2575 540 2628 τὸν
589 2576 857 2640 βασιλέα
912 2580 1135 2646 Κύριον
1201 2579 1443 2633 Σαϐαὼθ
1498 2575 1667 2633 εἶδον
1728 2578 1853 2645 τοῖς

269 2665 626 2735 ὀφθαλμοῖς.

355 2756 416 2811 '0
443 2756 534 2811 διὰ
569 2755 666 2809 τοῦ
713 2757 992 2826 πανσόφου
1021 2758 1261 2822 Μωσέως
1289 2759 1616 2830 προστέταχε
1664 2760 1849 2830 νόμος,

281 2849 356 2919 μὴ
403 2848 906 2918 συναναμίγνυσθαι
953 2852 1063 2913 τοῖς
1104 2850 1277 2918 ἁγίοις
1317 2852 1407 2904 τὸν
1454 2852 1701 2922 βέϐηλον,
1751 2853 1849 2904 καὶ

282 2936 450 3009 πολλή
495 2953 582 3000 τις
626 2937 767 3006 ἄγαν
801 2941 834 3010 ἠ
880 2940 1198 3010 ὲπιτήρησις
1234 2939 1385 3011 παρὰ
1415 2944 1528 3003 τοῖς
1577 2941 1851 3003 Ἰουδαίοις

279 3033 340 3084 ἐν
370 3030 602 3096 τούτοις.
634 3033 740 3086 Καὶ
766 3031 891 3100 γοῦν
917 3034 1027 3096 τοῖς
1055 3033 1232 3101 ἁγίοις
1263 3033 1582 3096 ἀποστόλοις
1610 3032 1852 3088 ἁλιεύου·

2021 2304 2182 2359 Vsns.
2212 2304 2262 2359 5-
2301 2302 2370 2357 Et
2397 2305 2528 2372 dimi,
2555 2306 2600 2358 0
2625 2322 2705 2360 me
2730 2308 2974 2361 miserum
2996 2345 3011 2370 ,
3042 2311 3164 2377 quia
3189 2319 3529 2379 compunctus

1946 2410 2061 2448 sum
2085 2394 2248 2462 :quia
2269 2409 2385 2446 cum
2412 2394 2564 2448 homo
2593 2394 2692 2448 sim
2713 2436 2726 2458 ,
2754 2404 2803 2448 et
2832 2396 3105 2450 immunda
3136 2397 3279 2452 labia
3311 2399 3527 2463 habent,

1947 2485 2001 2538 in
2026 2484 2196 2537 medio
2234 2483 2413 2552 populi
2435 2484 2710 2539 immunda
2750 2487 2892 2542 labia
2923 2489 3161 2544 habentis
3188 2507 3280 2560 ego
3313 2490 3530 2547 habito:

1948 2588 1996 2629 et
2046 2592 2216 2640 reqem
2244 2575 2528 2630 Dominum
2555 2576 2792 2634 Sabaoth
2814 2579 2918 2634 vidi
2943 2581 3107 2637 oculis
3141 2586 3291 2637 nteit.

2026 2753 2138 2808 Lex
2168 2769 2264 2823 per
2293 2753 2477 2810 Mosen
2513 2756 2974 2826 sapientissimum
3020 2759 3228 2826 sanxit,
3272 2760 3531 2830 profanus

1955 2861 2078 2901 cum
2115 2846 2314 2901 sanctis
2340 2863 2406 2900 ne
2435 2849 2629 2904 habeto
2662 2851 3073 2915 commercium,
3107 2852 3270 2920 inque
3303 2867 3368 2906 eo
3385 2856 3526 2922 apud

1953 2938 2166 2996 Judanos
2201 2957 2409 2998 summa
2463 2952 2582 2996 erat
2639 2941 2968 2997 observatio.
3024 2943 3250 2998 Sauctos
3316 2960 3532 3013 quoque

1955 3032 2226 3101 apostolos
2279 3032 2392 3101 jam
2453 3033 2724 3099 piscantes
2765 3031 3032 3084 allocutus
3074 3040 3158 3084 est
3216 3031 3476 3085 Dominus
3515 3049 3538 3084 :.

277 3141 363 3177 σιν
395 3123 475 3178 ἔτι
515 3123 847 3196 προσεφώνει
888 3123 1062 3192 λέγων
1101 3125 1131 3177 6
1158 3124 1393 3196 Κύριος·
1442 3125 1757 3180 «Χαλάσατε
1786 3126 1850 3180 τὰ

1963 3124 2275 3189 ιῡίηιίιιὶιε,
2295 3125 2564 3194 inquiens,
2587 3123 2720 3178 retia
2741 3131 2914 3177 vestra
2939 3122 3004 3176 ad
3027 3131 3305 3191 capturum
3339 3140 3390 3176 ει
3423 3139 3546 3191 quo-

268 3216 465 3270 δίκτυα
511 3217 659 3286 ὑμῶν
688 3218 768 3281 εἰς
806 3219 1036 3286 ἄγραν.»
1075 3212 1152 3271 Οῦ
1195 3217 1259 3289 δὴ
1309 3219 1616 3287 γεγονότος,
1653 3219 1852 3289 ἰχθύων

272 3305 372 3374 μὲν
406 3305 612 3374 πλῆθος
658 3307 985 3377 συνείληπτο
1031 3307 1189 3373 πολὺ,
1240 3305 1603 3378 τεθαυμακὼς
1651 3308 1708 3361 δὲ
1756 3307 1852 3362 τοῦ

269 3393 428 3463 λόγου
452 3397 549 3466 τὴν
573 3397 801 3469 δύναμιν
831 3401 861 3452 ό
892 3401 1177 3464 θεσπέσιος
1195 3399 1422 3465 Πέτρος,
1461 3417 1480 3450 ι
1514 3399 1860 3469 Προσέπεσε,

271 3487 425 3556 φησὶ,
462 3491 576 3552 τοῖς
621 3490 814 3560 γόνασι
867 3491 960 3545 τοῦ
1003 3490 1196 3562 Ἰησοῦ,
1231 3492 1440 3560 λέγων·
1484 3490 1704 3556 Ἔξελθε
1758 3492 1854 3546 ἀπ’

271 3577 436 3648 ἐμοῦ,
464 3580 546 3632 ὅτι
575 3581 713 3652 ἀνὴρ
741 3582 1065 3652 ἁμαρτωλός
1112 3585 1250 3652 εἰμι,
1286 3581 1480 3652 Κύριε.
1523 3601 1541 3634 ι
1591 3582 1730 3636 Ἀλλ’
1758 3583 1858 3637 οὐκ

270 3668 339 3721 ἂν
363 3672 392 3722 ὁ
425 3671 631 3741 Πέτρος
676 3673 941 3744 ἠθέλησεν
979 3674 1233 3728 ἀπελθεῖν
1275 3674 1371 3728 ἀπ’
1403 3674 1568 3728 αὐτοῦ
1599 3675 1690 3728 τὸν
1717 3676 1855 3747 Χρι-

272 3762 419 3814 στόν.
485 3764 702 3836 Ἐπειδὴ
733 3766 790 3818 δὲ
823 3767 940 3838 ᾔδει
989 3767 1082 3820 τόν
1122 3766 1219 3820 τοῦ
1250 3768 1415 3839 νόμου
1452 3768 1676 3831 σκοπὸν,
1707 3767 1854 3839 ὡμο-

269 3851 422 3921 λόγει
456 3855 556 3924 μὲν
586 3856 668 3909 ὅτι
709 3857 1034 3927 ἁμαρτωλός
1061 3859 1209 3912 ἐστιν
1232 3899 1249 3923 ,
1299 3859 1486 3912 ἐδεδίει
1526 3858 1584 3911 δὲ
1609 3858 1688 3928 τῷ
1716 3859 1856 3931 ἁγίῳ

272 3947 534 4008 συνεῖναι,
585 3949 727 4003 κατά
751 3965 815 4016 γε
848 3949 908 4002 τὸ
951 3950 1228 4022 κρατῆσαν
1262 3951 1348 4005 ἀεὶ
1377 3949 1530 4022 παρὰ
1559 3945 1673 4014 ⁸ιῖοῖς
1728 3952 1858 4006 Ἰου-

267 4033 443 4098 δαίοις
491 4035 630 4100 ἔθος.
698 4039 1026 4109 ’Δφιγμένου
1069 4041 1126 4093 δέ
1170 4058 1298 4095 ποτε
1340 4041 1433 4096 τοῦ
1477 4041 1714 4113 Χριστοῦ
1759 4041 1856 4097 καὶ

271 4125 360 4188 εἰς
379 4125 479 4196 τὴν
507 4127 688 4198 χώραν
714 4129 821 4184 τῶν
841 4131 1217 4204 Γεργεσηνῶν,
1245 4127 1363 4188 εἷτα
1390 4133 1855 4205 τεθεραπευκότος

273 4217 408 4281 τοὺς
438 4220 500 4272 ὲν
523 4223 635 4284 τοῖς
679 4223 962 4292 μνημείοις
991 4224 1376 4296 δαιμωνῶντας
1402 4226 1631 4298 ἀγρίως,
1664 4224 1857 4288 τεθαν-

275 4309 491 4378 μάκασι
533 4311 634 4381 μὲν
669 4313 766 4384 τὴν
813 4313 1157 4387 θεοσημείαν.
1198 4319 1343 4389 Ἔφη
1386 4318 1442 4371 δὲ
1481 4319 1510 4371 6
1552 4317 1853 4379 Ματθαῖος,

270 4403 360 4454 ὃτι
425 4423 442 4454 ι
501 4403 654 4457 Πᾶσα
698 4407 731 4473 ἠ
782 4407 938 4471 πόλις
988 4408 1208 4479 ἐξῆλθεν
1261 4411 1342 4472 είς
1388 4409 1712 4478 συνάντησιν
1757 4405 1853 4460 τοῦ

1958 3216 2102 3274 facto
2127 3256 2142 3280 ,
2175 3231 2370 3287 magna
2402 3215 2620 3286 quidem
2654 3215 2880 3285 piscium
2920 3214 3206 3269 tnultitmlo
3228 3225 3380 3285 capta
3413 3227 3545 3280 est,

1956 3325 2022 3367 ac
2054 3309 2268 3366 divinus
2307 3307 2501 3364 Petrus
2532 3307 2678 3364 verbi
2717 3309 2821 3362 vim
2856 3307 3152 3362 admiratus
3189 3325 3200 3361 :
3230 3327 3248 3359 ι
3277 3308 3481 3362 Accidit
3515 3347 3532 3370 ,

1957 3401 2054 3465 ait,
2117 3401 2183 3454 ad
2223 3413 2394 3471 genua
2451 3397 2577 3454 Jesu
2632 3397 2863 3452 dicens:
2901 3396 3115 3452 Recede
3169 3411 3197 3449 a
3244 3414 3365 3462 me,
3409 3414 3529 3450 nam

1959 3493 2120 3547 homo
2172 3500 2424 3560 peccator
2456 3505 2600 3556 sum,
2641 3488 2868 3544 Domine
2899 3489 2963 3542 ".
3009 3508 3026 3540 ι
3069 3488 3292 3542 Nolcbat
3353 3498 3528 3543 tamen

1957 3581 2150 3638 Petrus
2209 3581 2484 3638 Christum
2540 3596 2569 3634 a
2619 3595 2678 3636 se
2723 3581 2910 3644 abire,
2975 3580 3065 3634 sed
3133 3580 3346 3648 cognito
3399 3579 3569 3648 legis-

1957 3687 2141 3742 scopo,
2169 3687 2228 3729 se
2262 3683 2602 3742 peccatorem
2643 3671 2922 3728 confessus
2963 3682 3066 3739 est,
3095 3688 3156 3728 ac
3184 3688 3306 3728 cum
3339 3681 3532 3727 sancto

1958 3777 2079 3819 esse
2102 3764 2336 3830 horruit,
2371 3764 2670 3819 secundum
2702 3778 2843 3828 eam,
2881 3779 2999 3834 quae
3031 3779 3244 3833 semper
3269 3765 3410 3834 apud
3438 3761 3532 3815 Ju-

1957 3853 2102 3908 daeos
2150 3853 2474 3919 lnvaluerat,
2507 3855 2977 3910 consuetudinem.
3011 3853 3144 3908 Cum
3175 3854 3339 3908 etiam
3370 3852 3532 3907 Chri-

1958 3956 2074 3998 stus
2104 3944 2157 3997 in
2192 3944 2466 4014 regionem
2506 3945 2928 4012 Gergesinorum
2952 3945 3243 4014 aliquando
3275 3947 3530 4008 venisset,

1956 4036 2154 4092 deinde
2192 4037 2244 4091 in
2277 4040 2644 4094 monumentis
2679 4039 2997 4092 immaniter
3030 4054 3059 4092 a
3095 4042 3336 4092 daemone
3366 4055 3556 4093 vexat

1959 4139 2044 4186 tos
2071 4137 2336 4193 curasset,
2363 4129 2602 4201 divinum
2620 4129 2836 4198 quidem
2859 4130 3071 4199 signum
3101 4130 3351 4184 admirati
3378 4141 3538 4197 sunt;

1956 4231 2192 4276 attamen
2254 4220 2392 4274 dixit
2448 4219 2734 4277 Matthmus
2789 4237 2803 4274 :
2879 4240 2897 4272 ι
2952 4220 3084 4274 Tota
3129 4221 3318 4276 civitas
3368 4222 3534 4277 exivit

1957 4313 2170 4368 obviam
2210 4310 2362 4378 Iesu,
2396 4323 2451 4367 et
2484 4328 2604 4368 cum
2644 4313 2908 4369 vidissent
2943 4314 3088 4368 illum
3113 4355 3127 4378 ,
3163 4317 3426 4384 rogabant
3477 4325 3534 4370 ut

1959 4418 1988 4458 a
2043 4404 2240 4460 ﬁnibus
2295 4404 2531 4474 ipsorum
2561 4404 2880 4461 abscederet
2909 4406 2978 4460 ὀ.
3012 4425 3029 4457 ι
3062 4407 3250 4458 Annon
3282 4421 3412 4459 vero
3435 4405 3532 4459 de-

284 4493 464 4563 Ἰησοῦ
485 4509 499 4523 °
535 4497 629 4549 καὶ
657 4497 858 4562 ίδόντες
899 4500 1082 4566 αὐτὸν,
1118 4502 1504 4574 παρεκάλεσαν
1551 4501 1850 4573 μεταϐῆναι

1963 4496 2122 4553 cebat
2158 4498 2329 4568 magis
2359 4506 2419 4552 ut
2467 4512 2588 4553 eum
2641 4502 2730 4567 qui
2775 4508 3062 4553 curaverat
3115 4498 3444 4560 detinerent,
3479 4507 3536 4550 et

268 4585 390 4639 ἀπὸ
413 4585 521 4638 τῶν
544 4589 706 4658 ὁρίων
725 4590 925 4645 αὐτῶν.
966 4612 985 4644 ι
1020 4593 1214 4648 Καίτοι
1243 4593 1360 4658 πῶς
1390 4595 1490 4647 οὐκ
1513 4594 1621 4647 ἔδει
1655 4594 1850 4664 μᾶλλον

1963 4597 2218 4656 rogarent
2251 4587 2330 4642 uti
2356 4588 2496 4658 apud
2532 4603 2589 4643 se
2620 4599 2886 4651 maneret,
2920 4598 2973 4643 et
3006 4588 3107 4642 alia
3129 4602 3344 4657 quoque
3374 4585 3528 4655 plura

273 4678 694 4746 μεταποιεῖσθαι
724 4681 818 4735 τοῦ
844 4683 1329 4755 τεθεραπευκότος,
1373 4686 1466 4739 καὶ
1513 4686 1850 4758 παρακαλεῖν

1962 4681 2224 4736 miracula
2282 4680 2557 4750 patraret?
2587 4678 2783 4734 Verum
2827 4680 2932 4734 illis
2975 4679 3314 4748 temporibus
3363 4676 3536 4746 signi-

270 4771 608 4840 προσμεῖναί
635 4791 693 4826 τε
721 4775 926 4840 αὐτοῖς,
962 4777 1056 4829 καὶ
1092 4775 1302 4829 πολλῶν
1333 4777 1533 4849 ἐτέρων
1562 4778 1854 4848 θαυμάτων

265 4861 530 4929 γενέσθαι
568 4863 940 4936 δημιουργόν;
987 4867 1128 4921 Ἀλλ’
1159 4864 1228 4940 ἦν
1257 4869 1541 4933 εὐλαϐείας
1581 4868 1858 4936 ἀπόδειξις

269 4953 400 5006 κατ’
426 4954 602 5008 ἐκεῖνο
628 4958 822 5029 καιροῦ
849 4959 942 5010 καὶ
964 4959 1129 5030 τιμῆς
1158 4961 1272 5022 τοῖς
1297 4960 1471 5028 ἁγίοις
1503 4960 1859 5031 ὀφειλομένης

266 5043 475 5114 τρόπος
499 5045 561 5098 τὸ
592 5048 978 5119 παραιτεῖσθαί
1002 5066 1155 5113 τινας
1178 5049 1418 5119 ἐγγίζειν
1460 5051 1664 5113 αὐτοῖς.
1709 5052 1860 5104 Ματ-

271 5134 434 5189 θαίου
480 5139 816 5210 κεκλημένου
864 5143 958 5194 καὶ
1004 5141 1470 5214 ἀκολουθήσαντος
1496 5141 1574 5211 τῷ
1615 5143 1858 5214 Χριστῷ,

271 5223 396 5282 εἶτα
442 5231 775 5301 κεκληκότος
808 5232 969 5286 αὐτὸν
1011 5235 1092 5296 εἰς
1126 5234 1217 5288 τὸν
1249 5231 1398 5287 οἷκον
1429 5234 1594 5286 αὑτοῦ
1621 5248 1635 5264 ⁸
1682 5252 1698 5282 ι
1750 5234 1861 5286 Καὶ

271 5321 444 5387 1502:,»
471 5326 626 5394 φησι,
661 5325 878 5379 «πολλοὶ⁵
905 5325 1222 5397 ἁμαρτωλοὶ
1243 5327 1339 5380 καὶ
1367 5326 1595 5379 τελῶναι
1618 5323 1860 5387 ἐλθόντες

267 5415 659 5470 συνανέκειντο
700 5417 779 5486 τῷ
833 5416 1012 5487 Ἰησοῦ
1063 5419 1299 5482 καὶτοῖς
1349 5417 1622 5489 μαθηταῖς
1671 5416 1858 5470 αὑτοῦ.

263 5507 384 5562 Καὶ
417 5507 622 5571 ἰδόντες
649 5511 698 5560 οι
721 5511 999 5581 Φαρισαῖοι
1024 5511 1210 5581 ἔλεγον
1231 5513 1344 5575 τοῖς
1369 5511 1634 5582 μαθηταῖς
1658 5508 1822 5563 αὐτοῦ
1841 5524 1856 5537 '

262 5601 372 5655 Διὰ
417 5601 472 5655 τί
520 5601 665 5672 μετὰ
718 5601 829 5655 τῶν
874 5602 1217 5674 ἁμαρτωλῶν
1270 5603 1364 5656 καὶ
1397 5603 1644 5656 τελωνῶν
1689 5598 1859 5654 ἐσθίει

1963 4773 2139 4828 licatio
2168 4782 2285 4829 erat
2313 4773 2635 4828 reverentia:
2661 4771 2966 4841 cujusdam,
2996 4779 3050 4824 et
3085 4769 3306 4824 honoris
3333 4768 3554 4824 sanctis.

1958 4867 2126 4921 debiti
2155 4865 2343 4920 modus
2365 4864 2612 4935 quidam,
2639 4878 2856 4924 cavere,
2885 4876 2949 4914 ne
2963 4862 3052 4931 qui
3071 4876 3164 4915 eos
3189 4863 3536 4917 accederent.

1958 4957 2241 5013 Mattheus
2269 4956 2433 5010 etiam
2467 4969 2588 5008 cum
2629 4962 2854 5008 vocatus
2885 4961 3204 5021 sequeretur
3237 4951 3535 5014 Christum,

1959 5065 2025 5106 ac
2051 5059 2234 5119 postea
2263 5062 2387 5101 eum
2421 5046 2472 5098 in
2507 5047 2721 5099 domum
2745 5060 2897 5099 suam
2926 5045 3248 5099 invitasset:
3280 5063 3298 5095 ι
3322 5042 3483 5105 Ecce,
3516 5064 3534 5094 ι

1961 5140 2156 5209 inquit,
2189 5155 2208 5188 ι
2247 5137 2399 5191 multi
2425 5145 2739 5206 peccatores
2769 5147 2824 5191 et
2847 5135 3115 5206 publicani
3160 5145 3534 5194 accesserunt,

1961 5241 2017 5287 et
2041 5231 2414 5286 accubuerunt
2449 5244 2572 5283 cum
2605 5227 2728 5284 Jesu
2779 5241 2836 5285 et
2874 5228 3150 5298 discipulis
3197 5228 3334 5297 ejus.
3387 5219 3540 5292 Quoi]

1968 5323 2058 5377 ubi
2097 5322 2355 5375 vidissent
2409 5320 2665 5375 l‘harisazi
2695 5361 2709 5386 ,
2763 5323 3017 5377 dixerunt
3046 5319 3325 5389 discipulis
3374 5320 3490 5389 ejus
3523 5337 3563 5374 ι.

1963 5417 2150 5482 Quare
2191 5429 2312 5468 cum
2383 5416 2682 5482 publicanis
2732 5423 2788 5468 et
2841 5411 3212 5483 peccatoribus
3269 5409 3378 5466 edit
3405 5425 3564 5480 prae-ﬂ

1966 5515 2154 5575 ceptor
2189 5514 2366 5560 vester
2389 5505 2431 5536 “
2457 5506 2480 5558 ?
2509 5525 2526 5557 ι
2567 5505 2825 5574 lntelligis
2861 5521 2988 5576 ergo
3013 5520 3108 5560 eos
3141 5504 3414 5560 Christum
3449 5519 3542 5558 ac-

1965 5613 2161 5654 cusare
2190 5637 2204 5660 ,
2261 5598 2400 5666 quod
2457 5598 2574 5667 lege
2609 5599 2915 5667 posthabita
2950 5598 3182 5655 voluerit
3227 5586 3572 5656 cum'malis.

348 5757 388 5791 "
410 5755 572 5817 Joan.
607 5771 708 5822 xu,
733 5757 824 5813 35.
908 5758 948 5791 "
981 5756 1113 5813 Luc.
1140 5773 1193 5825 ν,
1217 5758 1272 5813 4η
1297 5759 1352 5813 8.
1430 5758 1474 5790 ὀ
1508 5758 1692 5813 Matth.
1729 5771 1845 5820 vm,

1954 5799 1960 5807 .
2040 5755 2082 5788 ²¹
2129 5752 2318 5811 Matth.
2347 5770 2422 5823 ιι,
2453 5753 2661 5821 10,,Η.
