4122 6292
608 400 705 463 l7)

1598 412 1655 466 s.
1696 398 1975 468 cvntLLt
2013 406 2486 477 ALEXANDRINI
2523 406 2838 476 metuar.

3773 426 3872 477 180

608 532 787 585 cibum
823 541 1037 600 capere.
1069 529 1284 585 Incusat
1338 548 1498 601 porro
1556 532 1695 589 Deus
1728 550 1840 596 eos,
1899 536 2058 607 106
2087 538 2179 606 qui

2293 541 2645 604 ὅδιδάσκαλος
2670 539 2857 611 ύμῶν;
2899 560 2915 589 ι
2949 540 3121 607 Συνῆς
3149 534 3244 593 οὖν
3274 540 3421 602 ὅπως
3453 539 3529 602 ὡς
3554 537 3873 610 ήμεληκότα

608 621 846 676 Judaica:
883 621 1178 693 Synagoga:
1211 623 1503 691 primatum
1541 637 1904 694 occuparunt,
1936 642 2032 697 per
2057 644 2184 698 pro-

609 713 849 781 phetam,
887 715 1109 768 dicens:
1150 733 1167 764 ι
1197 713 1339 768 Inter
1372 725 1619 770 sanctum
1654 726 1709 771 et
1765 717 2047 788 profanum
2080 736 2184 775 nou

609 806 1005 860 discreverunt.
1048 825 1066 858 ι
1120 805 1458 864 Reverentia:
1492 809 1673 880 igitur,
1702 822 1761 865 ut
1814 812 1964 878 dixi,
1998 814 2185 867 modus

609 908 760 958 crat,
831 905 884 951 et
946 897 1196 964 legalium
1257 910 1644 968 praeceptorum
1695 902 1932 968 traditio,
1985 911 2057 969 ιιι,
2090 919 2184 958 eos

611 988 818 1042 u-rsari
856 1002 977 1044 cum
1011 990 1215 1043 sanctis
1246 990 1470 1056 nollent,
1503 993 1554 1045 in
1585 993 1782 1061 quibus
1809 995 1919 1048 vitii
1951 996 2188 1064 suspicio

610 1072 859 1148 θαι-εισι,
894 1092 947 1136 et
1001 1082 1093 1151 qui
1133 1098 1236 1137 nou
1298 1084 1556 1139 haberent
1613 1100 1641 1138 a
1695 1087 1932 1154 peccatis
1961 1086 2186 1141 liberam

610 1173 1019 1228 coascientiam.
1064 1172 1193 1229 Tale
1226 1174 1484 1243 quiddam
1521 1176 1681 1229 etiam
1721 1178 1878 1230 beato
1914 1178 2189 1246 praphetae

609 1263 874 1321 accidisse
901 1265 1134 1331 videtur,
1170 1265 1398 1334 ideoque
1417 1267 1530 1320 ait:
1561 1285 1580 1316 ι
1620 1266 1871 1321 Miserum
1905 1284 2006 1333 me,
2061 1269 2187 1338 quia

609 1366 967 1426 compunctus
1005 1372 1177 1412 sum.»
1204 1357 1312 1412 Nec
1341 1358 1468 1428 quia
1496 1370 1850 1427 compunctus
1891 1370 2031 1423 erat,
2062 1375 2189 1429 pro-

611 1457 796 1525 pterea
836 1449 1000 1504 miser
1025 1449 1119 1503 luit
1150 1468 1164 1503 :
1197 1463 1317 1502 nam
1352 1451 1453 1503 hoc
1510 1460 1665 1519 pacto
1695 1451 2013 1520 intelligere,
2060 1453 2186 1520 quid

619 1541 671 1594 ni
708 1541 1050 1609 perineptum
1079 1542 1101 1594 ?
1129 1543 1224 1596 sed
1252 1543 1376 1611 quia
1408 1554 1762 1610 compunctus
1795 1559 1944 1609 sum,
1994 1544 2186 1614 inquit,

614 1649 642 1684 a
674 1632 1030 1700 conscientia,
1064 1636 1314 1691 nimirum
1348 1639 1468 1692 ideo
1492 1637 1769 1691 dicebam:
1803 1638 1878 1691 ιΟ
1911 1653 1995 1692 me
2024 1638 2187 1691 misc—

616 1734 754 1786 rutu.
780 1727 905 1795 quia
941 1728 1101 1781 homo
1131 1743 1284 1791 sum,
1318 1738 1374 1781 et
1408 1729 1683 1789 immunda
1715 1729 1855 1784 labia
1894 1731 2084 1793 habeo,
2136 1730 2186 1782 in

615 1818 793 1872 medio
814 1819 992 1887 populi
1027 1820 1303 1875 immunda
1337 1820 1478 1875 labia
1508 1820 1757 1875 habentis
1787 1835 1884 1890 ego
1908 1821 2114 1878 habito.
2136 1827 2191 1874 et

2288 627 2380 680 τοῦ
2410 628 2573 698 νόμου
2602 628 2936 698 κατῃτιῶντο
2961 628 3053 681 τὸν
3081 628 3338 698 Χριστὸν,
3371 628 3461 681 διά
3481 644 3562 681 τοι
3603 629 3668 681 τὸ
3697 627 3874 682 θέλειν

2290 720 2695 774 συνδιαιτᾶσθαι
2748 725 3025 793 πονηροῖς.
3104 722 3452 774 Ἐπαιτιᾶται
3521 719 3581 772 δέ
3629 736 3735 773 που
3780 722 3874 773 καὶ

2288 809 2419 872 Θεὸς
2448 812 2573 873 τοὺς
2604 811 2705 879 τῆς
2762 810 3032 864 Ἰουδαίων
3075 811 3407 880 Συναγωγῆς
3448 810 3875 880 προσεγκεωθαι

2288 903 2550 974 λαχόντας
2568 904 2656 958 διὰ
2686 904 2964 977 προφήτου
2998 904 3223 973 λέγων-ι
3266 905 3392 957 Ἀνὰ
3414 896 3576 973 μέέον
3598 903 3755 971 ἁγίου
3779 903 3875 956 καὶ

2292 989 2521 1061 βεϐήλου
2561 993 2621 1045 οὐ
2655 992 2975 1046 διέστελλον.
3004 1012 3022 1044 ι
3046 991 3348 1056 Εὑλαϐείας
3369 988 3464 1045 οὖν
3496 993 3603 1061 ἄρα
3647 993 3870 1061 τρόπος,

2289 1084 2366 1146 ὡς
2397 1083 2554 1156 ἔφην,
2583 1085 2678 1138 καὶ
2712 1084 2953 1156 νομικῶν
2986 1085 3338 1155 ὲνταλμάτων
3369 1083 3672 1153 παράδοσις
3703 1085 3766 1136 τὺ
3798 1085 3874 1155 μὴ

2292 1177 2530 1227 συνεῖναι
2564 1175 2740 1229 θέλειν
2767 1179 2881 1238 τοῖς
2918 1177 3095 1244 ἁγίοις
3123 1176 3251 1239 τοὺς
3281 1177 3338 1229 ὲν
3372 1174 3644 1245 ὑπολήψει
3676 1174 3874 1243 φαυλό-

2290 1283 2471 1335 τητος,
2531 1269 2624 1320 καὶ
2679 1268 2779 1321 οὐκ
2841 1269 3130 1339 ἐλεύθερον
3193 1266 3477 1339 ἁμαρτιῶν
3538 1268 3761 1337 ἔχοντας
3814 1267 3879 1319 τὸ

2294 1359 2548 1423 συνειδός.
2605 1360 2859 1414 Τοιοῦτόν
2916 1379 2969 1416 τι
3023 1360 3118 1415 καὶ
3159 1364 3187 1415 ὀ
3250 1361 3519 1431 μακάριος
3585 1360 3876 1430 προφήτης

2291 1452 2484 1521 ὁρᾶται
2518 1452 2720 1514 παθὼν,
2760 1455 3016 1527 ταύτῃτοί
3043 1471 3207 1524 φησιν
3229 1471 3242 1483 ·
3286 1474 3303 1501 ι
3338 1450 3406 1504 Ὢ
3425 1452 3592 1515 τάλας
3628 1450 3761 1520 ἐγὼ.
3793 1452 3876 1504 ὅτι

2293 1543 2713 1615 κατανένυγμαι.
2750 1565 2767 1596 ι
2804 1547 2914 1599 Καὶ
2939 1548 2999 1599 οὐ
3033 1547 3121 1600 διὰ
3140 1545 3301 1599 τοῦτο
3333 1544 3524 1608 τάλας.
3572 1545 3656 1597 ὅτι
3700 1558 3843 1596 κατα
3864 1571 3875 1580 -

2292 1634 2566 1689 νένυκται·
2600 1636 2714 1701 πῶς
2748 1638 2848 1690 οὐκ
2872 1636 3065 1709 εὔηθες
3094 1637 3252 1691 τοῦτο
3277 1636 3419 1690 οὕτω
3444 1638 3589 1689 νοεῖν
3615 1634 3765 1702 ςάλλ’
3792 1634 3875 1687 ὅτι

2293 1726 2708 1792 κατανένυκται,
2756 1730 2942 1800 φησὶν,
2982 1730 3087 1783 ὑπὸ
3139 1728 3234 1782 τοῦ
3268 1727 3592 1791 συνειδότος,
3635 1724 3792 1796 δῆλον
3820 1724 3877 1776 δὲ

2292 1817 2373 1869 ὅτι
2405 1817 2490 1871 διὰ
2522 1817 2680 1871 τοῦτο
2701 1819 2857 1890 ἔφην’
2898 1839 2917 1872 ι
2946 1815 3014 1873 Ὦ
3058 1820 3227 1883 τάλας
3279 1817 3410 1887 ἐγὼ,
3461 1819 3544 1870 ὅτι
3593 1815 3878 1886 ἄνθρωπος

618 1924 797 1978 regem
855 1911 1136 1965 Dominum
1189 1911 1429 1967 Sabaoth
1466 1913 1570 1966 vidi
1612 1913 1785 1967 oculis
1818 1913 1974 1965 meis.
2009 1931 2027 1962 ι
2057 1911 2189 1964 Nam

2300 1907 2396 1971 ὢν,
2425 1910 2521 1963 καὶ
2564 1911 2851 1980 ἀκάθαρτα
2882 1912 3036 1983 χείλη
3070 1911 3231 1981 ἔχων,
3278 1912 3337 1963 ὲν
3390 1909 3540 1980 μέσῳ
3580 1906 3712 1960 λαοῦ
3742 1907 3879 1960 ἀκα-

613 2015 737 2055 cum
771 2003 944 2057 sancti
993 2002 1283 2073 Seraphim'
1341 2006 1542 2059 mundo
1593 2016 1650 2059 et
1701 2005 2042 2060 sanctissimo
2100 2018 2195 2057 ore

614 2093 800 2147 laudes
825 2095 1174 2161 cecinissent,
1206 2097 1380 2150 timuit
1413 2097 1521 2163 ille,
1546 2112 1574 2149 a
1601 2096 1709 2150 Deo
1727 2099 1925 2166 quippe
1948 2096 2191 2155 eductus.

614 2186 718 2240 non
753 2185 1005 2255 ignorans
1031 2187 1341 2243 indecorum
1376 2204 1501 2245 esse
1534 2191 1584 2243 in
1621 2206 1715 2245 ore
1749 2189 2050 2258 peccatoris
2080 2190 2192 2243 lau-

609 2278 907 2342 dationetn,
942 2282 1394 2349 quemadmodum
1428 2283 1688 2349 scriptum
1711 2295 1812 2337 est.
1858 2282 2019 2336 Erant
2049 2284 2191 2337 enim

612 2371 885 2425 immunda
929 2372 1085 2440 plane
1125 2374 1489 2428 lsraelitarum
1537 2376 1675 2429 labia
1707 2417 1721 2441 ,
1781 2384 1966 2444 utpote
2009 2376 2100 2445 qui
2140 2376 2191 2428 in

614 2459 896 2518 Dominum
945 2476 1186 2520 nostrum
1231 2466 1416 2521 Jesum
1455 2468 1729 2523 Christum
1762 2469 2006 2523 comit'ia
2044 2468 2194 2536 jece-

614 2566 758 2610 runt.
789 2556 884 2611 Sin
908 2571 1036 2613 vero
1056 2560 1445 2628 aiatpropheta
1474 2575 1532 2615 se
1559 2575 1774 2630 quoque
1798 2563 2067 2631 ejusmodi
2094 2562 2193 2615 ha-

615 2646 743 2701 bere
772 2647 911 2702 labia
931 2688 946 2711 ,
978 2647 1105 2705 licet
1141 2646 1448 2704 Israeliticae
1482 2650 1775 2720 impietatis
1803 2653 1962 2720 plane
1998 2667 2194 2720 expers

614 2733 779 2791 fuerit
804 2777 823 2803 ,
854 2738 1085 2794 dicimus
1133 2754 1256 2793 eum
1297 2749 1355 2794 ut
1382 2752 1627 2796 sanctmn
1653 2745 1718 2796 de
1755 2757 1813 2797 se
1844 2744 2083 2797 modeste
2119 2743 2194 2797 lo-

616 2828 738 2896 qui,
766 2838 957 2897 estque
990 2832 1290 2900 probabile,
1341 2843 1611 2903 quatenus
1648 2845 1764 2889 erat
1813 2848 1879 2887 ex
1931 2836 2193 2903 sanguine

610 2919 807 2986 lsrael,
834 2925 1068 2992 selpsum
1103 2925 1248 2978 omni
1287 2925 1516 2979 crimine
1561 2940 1667 2979 non
1702 2926 1966 2990 eximere,
1998 2940 2190 2992 perva-

612 3022 794 3081 gatum
831 3025 1009 3070 autem
1061 3016 1241 3087 populi
1300 3018 1490 3071 vitium
1552 3030 1775 3083 uorare,
1815 3026 1872 3071 ut
1904 3025 2085 3073 servet
2117 3018 2191 3072 ita

612 3106 738 3161 illos
791 3107 882 3177 qui
948 3117 1335 3177 peccaverant.
1383 3109 1472 3163 Vel
1512 3110 1762 3164 humana:
1802 3120 2011 3164 natura
2047 3125 2192 3165 mor-

611 3186 736 3250 bum
764 3199 1052 3253 conﬁtetur
1093 3217 1106 3252 :
1139 3200 1443 3262 cuiusmodi
1480 3209 1561 3255 est
1597 3199 1728 3255 illud
1760 3201 1970 3255 abeato
1988 3200 2193 3256 Davide

614 3298 800 3347 contra
846 3300 1063 3348 Omnem
1114 3294 1386 3349 hominem
1448 3295 1696 3349 dictum:
1736 3313 1756 3346 ι
1804 3295 1914 3366 Ego
1981 3296 2090 3350 dixi
2137 3296 2189 3348 in

616 3397 840 3437 excessu
872 3398 1018 3438 meo:
1052 3384 1241 3440 Omnis
1279 3386 1442 3442 homo
1472 3385 1704 3440 mendax
1735 3387 1804 3439 ".
1851 3406 1869 3439 ι
1917 3386 2014 3441 Est
2046 3388 2191 3442 enim

618 3474 815 3532 infecta
842 3479 1030 3532 morbo
1058 3478 1321 3533 mendacii
1352 3494 1417 3533 ac
1461 3479 1713 3534 vanitatis
1744 3494 1899 3534 mens
1932 3479 2192 3546 humana,

614 3562 739 3622 licet
786 3567 928 3622 malo
986 3569 1088 3623 hoc
1149 3569 1447 3624 liberentur
1491 3571 1750 3641 quidam,
1788 3570 2082 3625 sobrietate
2136 3572 2194 3627 id

616 3658 1035 3716 tucrifacientes.
1100 3662 1303 3716 Timuit
1351 3678 1483 3734 ergo
1553 3663 2017 3734 prapheta-quod
2068 3681 2191 3721 cum

618 3753 847 3805 umndtts
872 3767 979 3807 non
1014 3762 1177 3819 esset,
1197 3756 1652 3822 quemadmodum
1682 3765 1831 3811 certe
1869 3768 1995 3812 sunt
2019 3759 2191 3814 sancti

614 3836 922 3916 Seraphim,
982 3845 1266 3901 Dominum
1301 3845 1539 3903 Sabaoth
1593 3848 1987 3918 contemplatus
2032 3849 2195 3905 fuerit

609 3944 666 3992 et
711 3938 982 4003 tacuerit,
1049 3946 1212 4008 atque
1263 3937 1400 3995 adeo
1458 3952 1489 3991 a
1554 3938 1807 3994 laudibus
1854 3940 2193 3996 celebrandis

610 4020 967 4100 abstinuerit,
997 4033 1141 4101 quod
1181 4047 1277 4087 ore
1306 4047 1414 4087 non
1454 4032 1526 4085 ita
1570 4033 1772 4088 mundo
1803 4033 1874 4088 sit
1904 4035 2188 4104 praeditus.

610 4122 764 4190 Quod
797 4132 977 4179 autem
1005 4123 1156 4193 puris
1196 4122 1356 4179 labiis
1377 4123 1655 4179 celebrare
1695 4123 1879 4179 laudes
1907 4135 2188 4194 oporteat,

609 4229 678 4271 ex
725 4230 791 4271 eo
815 4216 961 4285 quod
992 4216 1212 4287 quidam
1252 4225 1567 4272 sanctorum
1627 4216 2019 4287 discipulorum
2060 4217 2192 4273 dicit

610 4308 679 4362 de
730 4308 909 4377 lingua
941 4347 957 4372 ,
1021 4309 1238 4378 planum
1291 4310 1408 4364 ﬁeri
1487 4320 1667 4382 potest
1703 4326 1719 4364 :
1753 4330 1772 4363 ι
1823 4312 1914 4367 Illa
1985 4311 2188 4366 lauda-

612 4408 732 4450 mus
757 4394 1044 4451 Dominum
1058 4407 1113 4452 et
1140 4397 1389 4463 Patrem,
1418 4409 1473 4454 et
1495 4399 1583 4454 illa
1604 4401 1983 4458 maledicimus
2017 4404 2192 4456 homi-

611 4501 707 4543 nes
728 4487 795 4543 ad
820 4488 1230 4544 similitudinem
1264 4488 1356 4543 Dei
1393 4491 1659 4546 conditos.
1692 4492 1808 4548 Non
1832 4501 2067 4563 oportet,
2087 4493 2189 4548 fra-

2298 2000 2469 2072 οαρτα
2518 2001 2669 2072 χείλη
2722 2002 2935 2073 ἔχοντος
2986 2002 3098 2071 ἐγὼ
3146 2001 3310 2055 οίκῶ·
3367 2001 3462 2054 καὶ
3508 1997 3600 2052 τὸν
3658 1995 3880 2067 βασιλέα

2296 2093 2498 2162 Κύριον
2534 2094 2762 2148 Σαϐαὼθ
2806 2095 2914 2148 ἴδον
2958 2097 3072 2158 τοῖς
3124 2093 3422 2163 ὀφθαλμοῖς
3480 2108 3638 2163 μου.»
3659 2089 3877 2159 Ἐπειδὴ

2295 2186 2404 2256 γὰρ
2468 2186 2537 2238 τά
2592 2187 2724 2255 ἆγια
2778 2188 3059 2258 Σεραφεὶμ
3117 2187 3377 2257 καθαροῖς
3438 2185 3532 2236 καὶ
3585 2183 3879 2249 πανάγνοις

2297 2279 2558 2348 στόμασιν
2591 2278 2874 2332 ἐποιοῦντο
2908 2279 3005 2341 τὰς
3030 2278 3359 2347 δοξολογίας,
3402 2276 3573 2329 δέδιεν
3612 2274 3774 2336 αὐτὸς
3819 2274 3879 2325 τὸ

2295 2370 2505 2441 χρῆμα,
2540 2370 2878 2434 θεοδίδακτος
2922 2368 3019 2435 ὢν,
3071 2370 3167 2424 καὶ⁸
3196 2371 3296 2423 οὐκ
3341 2369 3614 2439 ἀγνοήσας
3650 2367 3734 2419 ὃτι
3780 2365 3878 2435 οὐχ

2294 2462 2495 2532 ὡραῖος
2525 2459 2672 2524 αἶνος
2726 2464 2783 2515 ὲν
2836 2463 3064 2534 στόματι
3096 2460 3445 2534 ἁμαρτωλοῦ,
3486 2459 3632 2513 καθά
3675 2458 3876 2528 γέγραε

2294 2569 2447 2610 πται.
2489 2550 2598 2607 Ἦν
2625 2555 2727 2625 μὲν
2757 2554 2863 2627 γὰρ
2892 2550 3346 2626 ὁμολογουμένως
3400 2553 3687 2623 ἀκάθαρτα
3722 2550 3875 2620 χείλη

2294 2648 2388 2700 τοῦ
2460 2648 2702 2719 Ἰσραήλ·
2760 2648 3214 2719 δεδυσφημήκασι
3265 2646 3375 2717 γὰρ
3404 2648 3483 2709 είς
3533 2644 3627 2698 τὸν
3674 2644 3878 2712 Κύριον

2295 2739 2449 2809 ἡμῶν
2480 2740 2688 2809 Ἰησοῦν
2732 2741 2824 2793 τὸν
2871 2739 3125 2811 Χριστόν.
3181 2740 3244 2793 Εί
3277 2738 3336 2791 δὲ
3390 2737 3455 2808 δὴ
3507 2736 3654 2804 λέγοι
3703 2734 3797 2787 καὶ
3850 2735 3880 2785 ὁ

2296 2833 2602 2903 προφήτης,
2630 2833 2713 2884 ὅτι
2748 2834 2843 2885 καὶ
2872 2823 3035 2896 aii-rb;
3063 2833 3176 2903 ἔχοι
3201 2832 3271 2886 τά
3302 2832 3455 2902 χείλη
3483 2830 3729 2893 τοιαῦτα,
3757 2827 3878 2881 καίο

2291 2939 2373 2974 τοι
2409 2922 2510 2991 τῆς
2545 2922 2640 2975 τοῦ
2684 2924 2903 2994 Ἰσραὴλ
2951 2923 3272 2987 δυσσεϐείας
3322 2925 3633 2996 ἀμοιρήσας
3676 2936 3874 2974 παντε-

2293 3013 2418 3077 λῶς,
2462 3014 2641 3085 φαμὲν
2673 3016 2756 3067 ὅτι
2791 3014 3071 3086 μετριάζει
3114 3015 3212 3086 μὲν
3253 3015 3328 3078 ὡς
3371 3014 3524 3082 ἅγιος
3552 3057 3566 3081 ,
3625 3012 3773 3075 εἰκὸς
3820 3009 3877 3063 δὲ

2292 3107 2373 3159 ὅτι
2402 3108 2497 3160 καὶ
2539 3106 2615 3170 ὡς
2643 3107 2908 3178 ὑπάρχων
2949 3106 3007 3172 ἐξ
3047 3107 3281 3178 αἵματος
3349 3106 3590 3178 Ἰσραήλ,
3625 3106 3726 3159 οὐκ
3770 3104 3875 3169 ἔξω

2292 3198 2473 3268 τίθησι
2516 3199 2618 3270 τῆς
2644 3201 2824 3264 αἰτίας
2857 3200 3070 3253 ἑαυτόν.
3121 3198 3260 3251 Ἀλλ’
3295 3197 3563 3269 ὑποφέρει
3595 3197 3675 3267 τῷ
3716 3196 3879 3266 κοινῷ

2295 3292 2390 3345 τοῦ
2431 3291 2561 3346 λαοῦ
2617 3292 3075 3364 πλημμελήματι,
3129 3290 3319 3355 σώζων
3367 3290 3455 3343 διὰ
3501 3288 3696 3343 τούτου
3755 3290 3879 3350 τοὺς

2296 3386 2682 3457 ἡμαρτηκότας
2715 3402 2732 3419 ο
2765 3387 2932 3457 ἤγουν
2982 3386 3082 3455 τῆς
3114 3383 3404 3455 ἀνθρώπου
3436 3382 3654 3452 φύσεως
3690 3383 3881 3451 ὁμολο-

2295 3482 2384 3549 γεῖ
2415 3479 2511 3546 τὴν
2544 3480 2718 3534 νόσον.
2766 3479 2976 3533 Ὀποῖόν
3010 3480 3127 3531 ἐστι
3172 3478 3234 3531 τὸ
3283 3477 3435 3548 παρὰ
3470 3475 3566 3529 τοῦ
3605 3475 3878 3546 μακαρίιυ

2296 3572 2459 3626 Δαὸὶδ
2511 3572 2653 3625 κατὰ
2672 3571 2765 3625 τοῦ
2793 3572 2994 3631 παντὸς
3014 3569 3302 3641 ἀνθρώπου
3326 3569 3618 3638 λεγόμενον
3643 3582 3655 3594 ·
3685 3585 3703 3617 ι
3742 3564 3879 3633 Ἐγὼ

2294 3662 2423 3718 εἶπα
2452 3672 2510 3718 έν
2542 3668 2607 3736 τῇ
2643 3664 2895 3718 ἐκστάσει
2936 3679 3058 3736 μουσ
3092 3664 3207 3726 Πᾶς
3246 3661 3532 3730 ἄνθρωπος
3559 3657 3819 3728 ψεύστης.
3856 3678 3872 3707 ι

2296 3759 2461 3811 Νοσεῖ
2504 3758 2615 3831 γὰρ
2667 3758 2728 3810 τὸ
2763 3757 2955 3827 ψεῦδος
2991 3759 3025 3829 ή
3078 3754 3367 3828 ἀνθρώπου
3417 3755 3650 3817 διάνοια,
3689 3752 3789 3807 κᾶν
3837 3755 3879 3804 εί

2295 3849 2719 3904 ἀπαλλάττοιντό
2770 3865 2915 3914 τινες
2971 3848 3065 3903 τοῦ
3118 3847 3314 3912 κακοῦ,
3374 3846 3533 3918 νήφει
3581 3845 3643 3898 τδ
3692 3844 3878 3915 χρῆμα

2295 3941 2689 4018 κερδαίνοντες.
2720 3940 2868 3994 Δέδιε
2901 3942 3082 3995 τοίνυν
3106 3943 3135 3994 ό
3166 3943 3448 4010 προφήτης
3477 3939 3558 3991 ὅτι
3595 3936 3669 4007 μὴ
3702 3935 3884 4004 ὑπάρ-

2296 4053 2406 4107 χων
2435 4034 2578 4089 οὕτω
2625 4034 2888 4107 καθαρὸς,
2930 4033 3181 4105 καθάπερ
3209 4033 3402 4104 ἀμέλει
3434 4030 3504 4083 τὰ
3541 4031 3675 4098 ἆγια
3713 4029 3884 4097 Σερα-

2295 4127 2451 4196 φεὶμ,
2486 4126 2741 4180 τεθέαται
2793 4126 2891 4196 μὲν
2934 4125 3026 4178 τὸν
3076 4124 3283 4195 Κύριον
3316 4120 3569 4186 Σαϐαὼθ,
3621 4118 3877 4188 σεσίγηκε

2292 4219 2368 4281 δὲ,
2390 4219 2565 4273 καίτοι
2589 4217 2786 4289 μᾶλλον
2806 4217 3034 4285 ὀφείλων
3064 4214 3383 4283 δοξολογεῖν,
3404 4212 3492 4266 διὰ
3518 4209 3580 4264 τδ
3612 4209 3689 4281 μὴ
3710 4205 3881 4268 οὕτως

2293 4310 2438 4381 ἔχειν
2471 4309 2712 4381 καθαρὸν
2740 4309 2801 4361 τὸ
2837 4309 3031 4379 στόμα.
3071 4307 3193 4359 Ὅτι
3218 4305 3274 4358 δὲ
3305 4304 3410 4376 χρὴ
3452 4302 3719 4372 καθαροῖς
3763 4296 3881 4350 στόο

2298 4419 2461 4472 μασιν
2488 4403 2833 4474 ὐμνολογεϊν.
2865 4400 3032 4469 σαφὲς
3063 4398 3130 4452 ἂν
3155 4397 3365 4467 γένοιτο
3406 4394 3533 4465 περὶ
3575 4392 3675 4461 τῆς
3702 4388 3885 4458 γλώσ-

2295 4510 2393 4564 σης
2426 4493 2675 4562 λέγοντος
2718 4493 2834 4556 ἑνὸς
2868 4491 2976 4545 τῶν
3020 4490 3191 4560 ἁγίων
3249 4485 3528 4560 μαθητῶν·
3565 4505 3583 4537 ι
3621 4485 3710 4537 Ἐν
3739 4483 3876 4552 αὐτῇ

612 4592 722 4637 tres
743 4582 871 4646 mei,
889 4582 1003 4637 haac
1020 4582 1099 4638 sic
1121 4581 1260 4637 ﬁeri.
1303 4582 1554 4654 Nunquid
1585 4584 1706 4640 t'ons
1725 4600 1789 4639 ex
1806 4589 1993 4641 eodem
2023 4587 2181 4657 107

2293 4584 2614 4656 εὐλογοῦμεν
2660 4586 2750 4638 τὸν
2796 4585 3000 4655 Κύριον
3046 4585 3140 4636 καὶ
3194 4581 3437 4652 Πατέρα.
3469 4578 3581 4632 Καὶ
3629 4578 3687 4629 ὲν
3742 4572 3880 4643 αὐτῇ

608 4671 1077 4728 foramineebullit
1096 4672 1307 4729 dulcem
1334 4683 1388 4730 et
1408 4690 1647 4730 amaram
1688 4678 1910 4748 aquam?
1939 4677 2189 4748 Nunquid

2299 4677 2665 4750 καταρώμεθα
2709 4679 2835 4737 τοὺς
2868 4674 3191 4748 ἀνθρώπους
3219 4715 3234 4739 ,
3281 4676 3409 4736 τοὺς
3453 4670 3575 4725 καθ’
3624 4667 3887 4739 ὁμοίωσιν

608 4774 805 4833 potest,
826 4765 1021 4820 fratres
1038 4765 1164 4828 mei,
1191 4766 1479 4823 licusoleas
1493 4769 1735 4836 proferre
1751 4770 1875 4823 ?aut
1892 4772 2015 4824 vitis
2031 4771 2188 4825 licus?

2298 4769 2429 4822 Θεοῦ
2474 4770 2785 4839 γεγονότας.
2820 4770 2894 4821 Οὐ
2943 4768 3070 4839 χρὴ,
3116 4764 3335 4833 ἀδελφοί
3379 4780 3503 4833 μου,
3535 4761 3709 4813 ταῦτα
3743 4756 3889 4810 οὕτω

609 4855 1031 4926 Sicnequeidem
1048 4858 1167 4914 fons
1182 4860 1442 4915 salsamet
1460 4861 1671 4918 dulcem
1693 4880 1887 4934 aquam
1910 4864 2147 4919 edere".
2164 4883 2182 4913 ι

2297 4862 2559 4931 γίνεσθαι.
2596 4864 2800 4932 Μήτιή
2839 4863 2989 4932 πηγὴ
3034 4863 3097 4914 ὲκ
3140 4859 3238 4930 τῆς
3274 4857 3445 4927 αὐτῆς
3470 4854 3611 4920 ὀπῆς
3645 4850 3801 4921 βρύει
3832 4850 3887 4899 τὸ

605 4946 778 5017 γλυκὺ
826 4947 920 5002 καὶ
946 4949 1007 5002 τὸ
1034 4952 1263 5020 πικρόν;
1328 4953 1419 5023 Μὴ
1471 4952 1714 5020 δύναται,
1757 4955 1976 5023 ἀδελφοί
2026 4972 2150 5025 μου,
2194 4956 2332 5023 συκῆ
2387 4953 2569 5016 ἐλαίας
2622 4954 2879 5022 ποιῆσαις
2929 4952 2961 5023 ἢ
3011 4952 3255 5021 ἄμπελος
3313 4949 3490 5010 σῦκας
3527 4943 3719 5006 Οὕτως
3764 4940 3886 4994 οὐδὲ

604 5036 802 5094 ἁλυκὸν
837 5039 1009 5110 γλυκὺ
1044 5042 1268 5113 ποιῆσαι
1299 5041 1460 5117 ὓδωρ.
1495 5064 1513 5097 ι

678 5133 837 5191 Vsus.
864 5133 919 5198 6,
961 5135 1015 5188 'l.
1047 5135 1113 5188 Et
1133 5137 1322 5191 minus
1355 5141 1510 5191 estad
1531 5155 1612 5192 me
1636 5156 1769 5193 unus
1788 5156 1851 5193 ea:
1875 5138 2149 5208 Seraphin:
2168 5183 2180 5197 ,

599 5234 665 5309 et.
692 5226 748 5279 ίιι
784 5241 948 5279 manu
993 5224 1216 5279 habebat
1239 5229 1515 5281 carbonem
1535 5270 1547 5292 ,
1573 5246 1722 5297 quem
1757 5231 1955 5298 forcipe
1986 5232 2184 5295 accepit

601 5315 665 5368 ab
705 5318 888 5381 altari,
942 5329 990 5372 et
1055 5320 1222 5388 tetigit
1268 5335 1323 5371 os
1360 5335 1550 5384 meum,
1596 5334 1644 5374 et
1683 5324 1860 5375 dixit:
1892 5322 2022 5376 Ecce
2059 5324 2178 5376 teli-

603 5408 678 5474 git
706 5411 804 5462 hoc
831 5410 973 5463 labia
1013 5418 1129 5473 tua,
1170 5419 1217 5464 et
1242 5410 1434 5463 adimet
1477 5412 1775 5480 iniquitates
1809 5423 1948 5477 luas,
1983 5424 2028 5467 et
2065 5429 2171 5482 pec-

603 5508 722 5554 tata
755 5510 847 5553 tua
895 5502 1219 5556 emundabit.

2366 5133 2474 5187 Καὶ
2502 5131 2817 5199 ἀπεστάλη
2868 5130 3018 5197 πρὸς
3051 5130 3130 5199 μὲ
3158 5128 3228 5181 ἓν
3260 5126 3380 5179 τῶν
3418 5124 3734 5192 Σεραερειμ,
3784 5123 3885 5175 καὶ

2292 5229 2363 5276 i-r
2389 5224 2463 5292 τῇ
2494 5225 2642 5292 χειρὶ
2684 5220 2848 5293 εἶχεν
2878 5223 3178 5291 ἄνθρακα,
3212 5220 3285 5273 ὃν
3324 5216 3399 5286 τῇ
3427 5217 3630 5270 λαϐίδι
3664 5217 3888 5270 ἔλασεν

2292 5318 2410 5371 ἀπὸ
2441 5317 2546 5370 τοῦ
2583 5317 3039 5384 θυσιαστηρίου.
3077 5313 3183 5367 Καὶ
3218 5312 3418 5380 ἥψατο
3444 5307 3553 5364 τοῦ
3576 5309 3885 5377 στόματός

2284 5429 2425 5481 μου,
2469 5411 2569 5463 καὶ
2593 5407 2790 5463 εἶπεν·
2828 5408 2984 5463 Ἰδοὺ
3016 5407 3216 5477 ἥψατο
3256 5404 3431 5458 τοῦτο
3463 5401 3587 5455 τῶν
3629 5400 3889 5470 χειλέων

2293 5519 2430 5566 σου,
2474 5504 2569 5555 καὶ
2609 5501 2824 5570 ἀρε.ῖεῖ
2848 5501 2952 5566 τὰς
2976 5500 3231 5568 ἀνομίας
3264 5514 3403 5560 σου,
3435 5493 3534 5547 καὶ
3560 5492 3673 5559 τὰς
3696 5493 3885 5562 dirup-

2295 5597 2426 5661 τίας
2452 5609 2569 5647 σου
2611 5592 3036 5661 περικαθαριεῒ,

674 5672 903 5729 Divinos
953 5676 1149 5734 Paulus
1183 5682 1374 5735 scribit
1410 5682 1474 5735 de
1499 5681 1702 5735 sanctis
1732 5683 1957 5750 angelis,
1986 5698 2182 5739 omnes

2377 5688 2434 5739 Ὀ
2485 5686 2772 5749 θεσπέσιος
2815 5686 3013 5757 γράφει
3080 5682 3292 5745 Παῦλος
3353 5681 3483 5753 περὶ
3538 5678 3652 5733 τῶν
3712 5676 3890 5745 ἁγίων

679 5829 726 5862 ⁸¹
755 5828 897 5887 Psal.
936 5848 1056 5891 ειν.
1110 5837 1190 5888 ll.
1270 5838 1313 5868 ³³
1342 5836 1457 5892 Jac.
1490 5856 1571 5899 tu.
1597 5841 1648 5894 θ.
