4122 6292
364 390 458 449 181

1483 394 1551 450 IN
1593 391 1825 451 ISAIAM
1864 388 1993 445 ΜΒ.
2038 389 2077 443 l.
2114 388 2319 445 ORAT.
2366 384 2454 446 IV.

3516 397 3620 451 illi

360 504 654 576 ἀγγέλων,
693 505 773 558 ὅτι
830 505 1027 571 πάντες
1069 508 1178 561 εἰσὶ
1222 507 1569 580 λειτουργικὰ
1621 508 1913 579 πνεύματα

2038 518 2158 560 esse
2195 506 2539 561 administros
2578 505 2829 576 spiritus,
2866 506 2931 560 ad
2990 505 3346 562 ministerium
3391 507 3620 577 delega-

357 599 446 659 είς
500 594 772 649 διακονίαν
818 596 1255 669 ἀποστελλόμενα
1304 600 1393 655 διὰ
1450 603 1572 665 τοὺς
1636 600 1931 672 μέλλοντας

360 687 717 758 κληρονομεῖν
776 688 1068 758 σωτηρίαν.
1125 692 1235 745 Καὶ
1281 693 1341 746 τὺ
1387 693 1575 763 χρῆμά
1623 693 1772 745 ιστιν
1831 691 1933 744 οῦκ

360 778 694 848 ἀσυμφανές.
723 779 907 833 Πάντα
942 780 1040 851 μὲν
1076 781 1184 854 γὰρ
1213 784 1271 837 ὲν
1311 784 1500 854 κόσμῳ
1539 785 1605 839 τὰ
1631 786 1782 855 παρὰ
1811 786 1932 847 ταῖς

358 868 471 923 ἄνευ
492 868 754 939 δυνάμεσι
775 871 869 924 καὶ
897 874 1060 943 τιμῆς
1081 875 1197 945 ήτοι
1227 874 1568 946 λειτουργίας
1599 875 1776 947 μέτρα
1800 876 1930 944 παρ’

357 959 574 1023 αὐταῖς,
605 961 698 1015 καὶ
723 962 839 1034 ὅροι
866 961 1130 1018 τέθεινται
1160 965 1258 1036 τῆς
1288 966 1522 1020 ἑκάστου
1552 965 1740 1035 δόξης,
1784 965 1933 1035 παρά

358 1066 424 1117 γε
452 1050 547 1104 τοῦ
569 1052 745 1108 πάντα
775 1053 919 1108 κατὰ
938 1054 998 1107 τὸ
1018 1056 1163 1125 αύτῷ
1180 1056 1370 1111 δοκοῦν
1401 1057 1753 1128 διανέμοντος
1772 1056 1930 1109 Θεοῦ.

356 1142 505 1214 Πλὴν
538 1137 618 1207 εἷς
654 1146 742 1212 ἐφ’
784 1145 989 1199 ἅπασιν
1020 1148 1049 1199 ὁ
1084 1147 1272 1216 ζυγὸς,
1322 1149 1419 1201 κα)⁸
1450 1149 1781 1220 ὑπηρετοῦσι
1813 1150 1933 1202 νεῦ-

358 1250 495 1301 μασι
521 1237 637 1298 τοῖς
651 1239 1025 1299 Δεσποτικοῖς,
1052 1238 1155 1291 οὐκ
1182 1238 1522 1302 ἀπαξιοῦντα
1542 1240 1641 1308 τὴν
1663 1240 1929 1301 δουλείαν.

351 1323 475 1379 ἀλλ’
505 1327 565 1380 ἐν
596 1328 765 1398 μοίρᾳ
791 1328 963 1398 τιμῆς
997 1330 1095 1383 καὶ
1129 1328 1290 1399 δόξης
1329 1330 1787 1401 καταλογιζόμενά
1835 1346 1932 1385 που

358 1416 421 1468 τὸ
450 1418 509 1469 έν
534 1418 747 1480 τούτοις
790 1420 1037 1488 γνήσιον.
1086 1420 1607 1491 Προαναμορφοῦται
1649 1423 1828 1477 τοίνυν
1873 1426 1933 1477 ἐν

358 1507 658 1577 ὀφθαλμοῖς
699 1507 796 1561 τοῦ
834 1511 1110 1581 προφήτου
1139 1511 1198 1563 τὸ
1234 1513 1465 1583 Χριστοῦ
1502 1517 1818 1587 μυστήριον,
1844 1517 1933 1571 διὰ

360 1596 472 1650 τῶν
522 1599 635 1653 ἄνω
680 1599 965 1670 δυνάμεων
1006 1598 1065 1656 εὖ
1112 1603 1254 1672 μάλα
1281 1604 1716 1675 διακονούμενον.
1772 1609 1935 1661 Ἀπο-

362 1686 642 1745 στέλλεται
674 1688 805 1758 γοῦν
832 1690 891 1746 ἓν
918 1693 1023 1746 τῶν
1050 1693 1323 1767 Σιραιρεὶμ
1343 1697 1590 1768 ἄνθρακα
1611 1698 1755 1768 ἔχον,
1783 1700 1843 1753 ὃν
1862 1702 1927 1770 τῇ

363 1776 539 1830 λαδέδι
581 1778 773 1832 ἐλλόεν
801 1779 907 1833 ἀπὸ
931 1781 1022 1835 τοῦ
1057 1782 1464 1856 θυσιαστηρίου.
1499 1789 1609 1843 Καὶ
1636 1790 1795 1844 τοῦτο
1818 1790 1926 1861 ἄρα

359 1864 428 1936 ἦν
469 1870 706 1941 Χριστοῦ
741 1871 1025 1943 σύμόολον,
1060 1874 1126 1938 ις
1155 1873 1224 1928 δι’
1268 1879 1432 1947 ἡμᾶς,
1478 1882 1569 1933 καὶ
1598 1880 1739 1951 ὑπὲρ
1767 1882 1925 1952 ἡμῶν

358 1959 755 2029 προσεκόμισεν
779 1959 971 2017 ἑαυτὸν
1000 1960 1077 2033 τῷ
1107 1962 1226 2035 Θεῷ
1260 1966 1355 2019 καὶ
1392 1968 1589 2037 Πατρὶ,
1616 1973 1697 2034 εἰς
1731 1971 1925 2025 θυσίαν

353 2052 728 2121 πνευματικὴν
765 2053 1014 2125 καθαρὰν
1044 2057 1138 2111 καὶ
1179 2056 1448 2130 ἀὸέόηλον
1484 2063 1578 2115 καὶ
1625 2065 1707 2125 είς
1753 2065 1929 2135 ὀσμὴν

347 2141 599 2206 εὐωδίας.
633 2143 820 2216 Ταύτῃ
841 2163 926 2200 τοι
953 2147 1050 2200 καὶ
1079 2149 1228 2219 μάλα
1251 2150 1479 2217 εἰκότως
1509 2155 1574 2207 ἐκ
1604 2154 1701 2208 τοῦ
1740 2156 1928 2210 θυσια-

346 2234 573 2304 στηρίου
599 2235 955 2305 λαμϐάνεται.
989 2239 1393 2310 Παρεικάζεταί
1416 2260 1479 2312 γε
1514 2246 1624 2315 μὴν
1671 2246 1922 2317 ἄνθρακι·

342 2321 440 2373 καὶ
472 2320 563 2377 διὰ
586 2323 748 2377 ποίαν
775 2327 960 2380 αἰτίαν
990 2329 1168 2398 εέπεῖν
1194 2332 1686 2399 ἀναγκαῖον.”Εθος
1713 2338 1777 2408 τῇ
1806 2336 1925 2390 θεο-

347 2411 600 2483 πνεύστῳ
625 2414 818 2488 Γραφῇ
858 2420 995 2488 πυρὶ
1034 2420 1136 2492 τὴν
1166 2422 1319 2477 θείαν
1352 2427 1711 2496 παρεικάζειν
1742 2429 1921 2495 φύσιν.

353 2505 539 2575 Ὄφθη
579 2507 689 2579 γὰρ
718 2509 864 2563 οὕτω
900 2509 977 2581 τῷ
1031 2515 1291 2585 μακαρίῳ
1343 2517 1563 2587 Ἰσραὴλ
1605 2519 1665 2571 ὲν
1704 2520 1782 2590 τῷ
1812 2521 1925 2591 ὁρει

348 2594 572 2665 Χωρὴμ
596 2599 716 2667 ήτοι
741 2602 874 2655 Σινᾶ
894 2606 961 2672 τῇ
983 2605 1286 2677 ήμέρᾳτῆς
1307 2608 1625 2678 ὲκκλησίας.
1655 2611 1811 2667 Οῦτω
1833 2616 1924 2668 καὶ

349 2688 507 2758 αὐτῷ
528 2689 608 2759 τῷ
629 2693 886 2764 μακαρίῳ
914 2697 1089 2768 Mue-ﬁ
1112 2701 1459 2769 ποιμαίνοντι
1496 2706 1637 2758 κατά
1672 2706 1770 2777 τὴν
1793 2707 1922 2778 ἐρη-

2039 605 2122 649 tos
2166 608 2386 667 propter
2435 610 2528 651 eos
2562 596 2652 665 qui
2705 596 3076 651 [nereditatem
3116 596 3307 652 salutis
3337 602 3613 665 accepturi

2034 696 2157 740 sunt
2180 688 2246 741 ".
2279 686 2431 754 Quod
2458 700 2564 742 non
2600 697 2682 742 est
2720 687 3032 744 obscurum.
3053 686 3248 744 Omnia
3276 704 3510 758 nutuque
3543 691 3611 742 ah

2035 778 2139 833 illis
2175 782 2443 850 supremis
2477 781 2827 849 potestatibus
2870 791 3060 836 ornate
3092 782 3475 850 splendideque
3517 784 3619 835 :nl‘

2039 870 2436 937 ministrautur,
2473 881 2526 924 et
2571 872 2792 927 honoris
2817 912 2831 935 ,
2884 880 2935 925 et
2975 871 3465 928 administrationis
3501 882 3613 927 ter-

2037 961 2167 1016 mini
2227 962 2475 1032 ﬁnesque
2543 961 2727 1033 gloriae
2797 964 2990 1030 cuique
3059 972 3184 1018 sunt
3240 962 3516 1018 «instituti
3583 978 3611 1014 ιι

2040 1053 2173 1118 Dec,
2213 1053 2306 1123 qui
2344 1054 2522 1107 omnia
2575 1068 2672 1123 pro
2711 1054 2972 1109 arbitratu
3016 1067 3116 1108 suo
3172 1052 3469 1123 dispensat.
3520 1053 3614 1105 At-

2035 1144 2126 1213 qui
2168 1144 2307 1199 idem
2349 1144 2499 1214 quasi
2527 1144 2715 1215 jugum
2745 1155 2825 1199 est
2860 1145 3114 1199 omnibus
3158 1145 3364 1199 sanctis
3401 1144 3609 1212 spiritio

2036 1235 2157 1299 bus,
2184 1242 2240 1288 et
2278 1234 2491 1289 Domini
2519 1236 2668 1289 nutui
2700 1236 2963 1298 serviunt,
3017 1250 3119 1289 non
3165 1234 3441 1305 indignant
3468 1249 3602 1290 cen-

2036 1335 2218 1382 sentes
2242 1326 2584 1390 servitutem,
2632 1327 2725 1381 sed
2758 1326 2946 1380 honori
2983 1326 3238 1397 laudique
3272 1328 3532 1381 ducentes
3559 1326 3610 1381 id

2036 1426 2288 1487 prompto
2346 1432 2409 1471 ac
2471 1416 2677 1471 liberali
2738 1418 2918 1471 animo
2971 1415 3170 1471 facere.
3229 1415 3612 1488 Pratﬁguratur

2037 1507 2200 1575 igitur
2227 1506 2297 1563 ob
2327 1507 2511 1562 oculos
2557 1509 2829 1577 prophetzc
2896 1508 3211 1579 mysterium
3250 1507 3476 1572 Christi,
3516 1522 3613 1578 per

2035 1613 2260 1667 superas
2303 1607 2598 1669 potestates
2639 1598 2840 1669 optime
2886 1598 3342 1655 administratum.
3381 1597 3611 1654 Mittitur

2034 1689 2217 1759 itaque
2262 1705 2294 1745 e
2327 1689 2609 1759 Seraphitn
2660 1705 2822 1755 unus,
2872 1691 3161 1746 carbonem
3192 1689 3418 1755 habens,
3448 1705 3607 1761 quem

2034 1779 2105 1835 de
2137 1794 2229 1835 ara
2263 1780 2492 1851 sumpsit
2533 1780 2755 1849 forcipe.
2799 1778 2926 1839 Haec
2963 1781 3180 1836 demum
3230 1790 3351 1837 erat
3403 1782 3605 1839 Christi

1962 1847 2008 1907 Β
2035 1868 2356 1941 signiﬁcatio
2386 1847 2452 1925 vet
2513 1847 2942 1942 representatio,
2984 1873 3075 1943 qui
3103 1884 3322 1943 propter
3373 1890 3472 1930 nos
3541 1890 3607 1929 ac

2032 1971 2213 2017 nostra
2247 1977 2408 2017 causa
2439 1961 2675 2031 seipsum
2720 1962 2772 2016 in
2819 1962 3147 2018 sacriﬁcium
3178 1963 3480 2033 spirituale,
3506 1979 3605 2032 pu-

2033 2070 2151 2108 rum
2185 2052 2652 2124 acimpollutum,
2682 2051 2899 2117 obtulit,
2949 2053 3000 2107 in
3038 2054 3263 2111 odorem
3289 2055 3469 2110 suavis
3492 2054 3603 2109 fra—

2029 2145 2269 2215 grantiae.
2322 2147 2511 2213 Itaque
2568 2160 2675 2200 non
2727 2145 2826 2199 abs
2890 2160 2947 2199 re
2998 2147 3066 2200 de
3117 2145 3272 2201 altari
3320 2147 3600 2217 accipitur.

2028 2236 2197 2302 Quam
2223 2246 2402 2292 autem
2433 2237 2503 2291 ob
2530 2250 2747 2292 causam
2783 2236 3110 2291 assiiniletur
3159 2252 3343 2307 pruna
3366 2278 3383 2305 ,
3414 2239 3600 2291 dicen-

2029 2329 2155 2381 dum
2207 2337 2289 2380 est
2340 2328 2671 2382 necessario.
2715 2324 3010 2380 Familiare
3043 2337 3128 2381 est
3154 2326 3446 2396 Scriptura:
3468 2329 3603 2380 divi-

2028 2420 2170 2473 nitus
2210 2418 2479 2485 inspirata:
2530 2416 2765 2472 divinam
2831 2426 3079 2473 naturam
3110 2417 3217 2488 igni
3248 2432 3590 2487 comparare.

2028 2511 2117 2565 Sic
2163 2512 2307 2563 enim
2356 2511 2607 2580 apparuit
2649 2509 2833 2564 lsraeli
2884 2511 2939 2565 in
3007 2520 3187 2564 monte
3236 2510 3449 2564 Choreb
3506 2524 3601 2564 seu

2028 2601 2181 2667 Sina,
2212 2604 2264 2658 in
2328 2603 2415 2657 die
2448 2604 2902 2676 congregationis.
2967 2604 3060 2658 Sic
3104 2603 3271 2658 etiam
3301 2602 3400 2672 ipsi
3444 2602 3602 2656 beato

2027 2693 2155 2748 Mosi
2181 2695 2421 2763 pascenti
2452 2696 2503 2749 in
2528 2696 2764 2761 deserto,
2789 2697 2969 2767 specie
3012 2695 3151 2765 ignis
3195 2695 3324 2750 olim
3375 2697 3425 2749 iu
3461 2698 3596 2749 rubo

350 2796 479 2850 μον,
513 2783 573 2834 ὲν
601 2782 732 2837 εῖδει
754 2787 926 2855 πυρὸς
951 2788 1010 2842 ὲν
1034 2790 1117 2861 τῷ
1143 2790 1288 2863 βάτῳ
1314 2794 1455 2848 κατὰ
1487 2799 1731 2867 καιροὺς,
1763 2800 1918 2870 ὤφθη

2022 2797 2346 2857 conspectus
2402 2796 2504 2851 est,
2561 2796 2617 2843 et
2659 2787 3084 2858 colloquebatur.
3140 2786 3600 2854 Quemadmodum

351 2889 416 2926 τε
444 2876 539 2929 καὶ
571 2877 916 2947 προσελάλει.
943 2882 1151 2953 Ὠσπερ
1188 2881 1281 2938 οὖν
1318 2888 1347 2940 ὁ
1384 2886 1586 2958 ἄνθραξ
1617 2888 1773 2954 ξύλον
1802 2894 1922 2946 ἐστὶ

351 2967 424 3035 τῇ
456 2966 636 3035 φύσει,
666 2968 805 3038 πλὴν
833 2971 950 3036 ὅλος
969 2973 1037 3025 δι’
1064 2974 1186 3029 ὅλου
1218 2975 1566 3048 μεμέστωται
1599 2981 1697 3034 τοῦ
1724 2984 1917 3053 πυρὸς,

352 3057 450 3109 καὶ
472 3059 572 3129 τὴν
595 3059 757 3116 αὐτοῦ
785 3061 1011 3135 δύναμίν
1048 3083 1107 3120 τε
1150 3068 1245 3122 καὶ
1282 3070 1569 3142 ὶνέργειαν
1599 3073 1740 3143 ἔχει’
1778 3078 1917 3131 κατὰ

2024 2876 2190 2946 igitur
2217 2879 2380 2933 carbo
2423 2878 2622 2948 lignum
2662 2880 2878 2949 quidem
2903 2890 3091 2933 natura
3116 2887 3221 2943 est,
3242 2892 3426 2932 verum
3459 2889 3600 2933 tonus

2022 2968 2166 3022 omni
2198 2984 2263 3022 ex
2304 2978 2455 3039 parte
2484 2970 2588 3039 igni
2614 2969 2805 3040 plenus
2846 2979 2951 3035 est,
2991 2969 3213 3038 ejusque
3245 2970 3350 3023 vim
3387 2979 3443 3030 et
3475 2970 3597 3025 efﬁ-

2022 3060 2308 3116 cacitatem
2374 3062 2576 3116 habet:
2614 3065 2680 3116 ad
2738 3064 3011 3130 eumdem,
3073 3071 3220 3131 puto,
3276 3062 3493 3115 modum
3540 3070 3596 3115 et

348 3146 558 3240 τοῦτον.
581 3145 765 3221 οἶμαι,
799 3153 999 3232 τρόπον
1032 3157 1190 3210 νοοίτ’
1219 3157 1288 3212 ἂν
1315 3159 1541 3225 εἰκότως
1580 3164 1672 3216 καὶ
1700 3164 1860 3227 αὐτὸς
1883 3167 1912 3219 ὁ

2024 3154 2138 3221 ipse
2160 3152 2420 3207 Dominus
2460 3163 2639 3208 uoster
2688 3151 2846 3208 Iesus
2889 3152 3137 3208 Christus
3187 3152 3383 3206 merito
3417 3162 3597 3221 potest

342 3238 549 3309 Κύριος
576 3241 732 3311 ήμῶν
766 3244 971 3315 Ἰησοῦς
999 3248 1029 3300 ὁ
1047 3248 1285 3318 Χριστός
1306 3268 1319 3281 ·
1355 3268 1377 3301 ‹
1407 3251 1606 3319 Γέγονε
1634 3253 1744 3325 γὰρ
1776 3256 1914 3327 σὰρξ

2025 3244 2246 3316 intelligi
2279 3262 2293 3297 :
2342 3242 2514 3300 «Caro
2536 3245 2679 3301 enim
2713 3243 2947 3314 Verbum
3000 3243 3196 3300 factum
3227 3257 3328 3311 est,
3362 3256 3439 3315 et
3490 3245 3588 3298 ba-

338 3328 373 3380 ὁ
411 3328 605 3398 Λόγος,
635 3331 734 3386 καὶ
770 3334 1081 3405 ἐσκήνωσεν
1110 3339 1169 3393 ἐν
1193 3341 1348 3409 ἡμῖν.
1391 3361 1411 3393 ι
1460 3343 1595 3397 amr
1631 3347 1679 3399 εί
1709 3346 1802 3400 καὶ
1847 3343 1918 3418 ἦν

344 3420 465 3473 καθ’
505 3422 653 3492 ἡμᾶς
692 3424 971 3496 ὁρώμενος
1015 3427 1303 3500 ἄνθρωπος
1330 3436 1746 3505 οἰκονομικῶς,
1801 3438 1915 3493 ἀλλ’

332 3505 435 3563 οῦν
478 3512 624 3567 ἅπαν
649 3514 715 3567 τὸ
747 3517 847 3585 τῆς
893 3516 1144 3591 θεότητος
1177 3522 1454 3594 πλήρωμα
1496 3528 1820 3600 κατῴκησεν
1857 3532 1917 3583 ὲν

333 3602 527 3673 αὐτῷ,
580 3608 723 3662 κατὰ
766 3610 857 3676 γέ.
887 3628 1033 3681 φημι
1082 3613 1173 3666 τὸν
1230 3616 1329 3685 τῆς
1358 3658 1363 3663 .
1390 3617 1637 3683 ὲνώσεως
1688 3624 1913 3693 τρόπον.

341 3695 615 3767 Ταύτῃτοι
649 3699 746 3752 καὶ
776 3700 864 3754 διὰ
900 3702 1000 3771 τῆς
1029 3702 1163 3768 ἰδίας
1189 3708 1390 3777 σαρκὸς
1437 3708 1916 3781 θεοπρεπεστάτας

334 3787 482 3857 ἔχων
504 3791 697 3861 ὁρᾶται
725 3791 825 3855 τὰς
852 3793 1151 3863 ἐνεργείας.
1177 3798 1393 3866 Ἥψατο
1417 3799 1548 3868 γοῦν
1588 3803 1688 3874 τῆς
1728 3805 1913 3878 σοροῦ,

341 3882 436 3934 καὶ
467 3883 735 3954 ἀνέστησε
777 3885 869 3939 τὸν
888 3888 1156 3942 τεθνεῶτα
1183 3891 1281 3959 τῆς
1303 3892 1476 3961 χήρας
1503 3894 1639 3947 υίὸν.
1665 3897 1775 3948 Καὶ
1807 3898 1915 3965 μὴν

334 3974 434 4028 καὶ
460 3974 669 4039 πτύσας
699 3976 927 4032 ἐνετίθει
947 3980 1168 4049 τυφλοῖς
1192 3982 1255 4037 τὸ
1279 3982 1518 4052 βλέπειν,
1553 3987 1713 4057 πηλῷ
1741 4006 1910 4044 κατα-

340 4064 511 4136 χρίων
554 4067 681 4131 τοὺς
728 4068 1063 4140 ὀφθαλμούς.
1110 4072 1373 4145 ’Δνθρακι
1419 4076 1484 4148 δὴ
1532 4073 1626 4132 οὖν
1659 4075 1719 4133 εὖ
1767 4082 1912 4152 μάλα

339 4158 742 4227 παρεικαστέον
769 4159 861 4216 τὸν
875 4162 1241 4234 Ἐμμανουήλ,
1263 4165 1322 4231 ὃς
1348 4168 1399 4220 εί
1428 4170 1526 4222 καὶ
1553 4169 1765 4237 γένοιτὸ
1794 4190 1913 4236 πως

337 4250 399 4302 ἐν
432 4250 547 4311 τοῖς
581 4251 867 4324 ἡμετέροις
913 4254 1163 4324 χείλεσιν,
1220 4259 1395 4331 πάντη
1431 4278 1491 4314 τε
1549 4263 1643 4317 καὶ
1695 4264 1912 4330 πάντως

337 4345 568 4414 ἀφαιρεῖ
611 4345 709 4409 τὰς
747 4347 1039 4418 ἁμαρτίας,
1091 4353 1186 4403 καί
1238 4355 1625 4425 περικαθαριεῖ
1655 4359 1753 4421 τὰς
1786 4359 1910 4413 ἀνο-

334 4436 487 4504 μίας.
532 4430 667 4488 Εἶτα
709 4430 827 4500 πῶς
866 4440 924 4491 ὲν
950 4442 1062 4503 τοῖς
1103 4444 1393 4513 ἡμετέροις
1435 4445 1670 4514 χείλεσιν
1720 4448 1903 4513 ἕσται;

2020 3336 2209 3390 bitavit
2245 3337 2296 3390 in
2315 3336 2587 3393 uobis".o
2626 3337 2822 3393 Verum
2858 3338 3103 3407 quamvis
3125 3349 3271 3394 esset
3297 3339 3458 3393 homo
3490 3353 3587 3391 no-

2021 3428 2102 3479 bis
2159 3428 2349 3481 similis
2411 3429 2619 3484 ratione
2674 3430 3109 3499 dispensationis,
3175 3441 3353 3483 tamen
3414 3432 3592 3485 cumis

2019 3520 2293 3587 plenitudo
2320 3520 2615 3577 divinitatis
2643 3524 2696 3577 in
2723 3539 2790 3578 eo
2815 3522 3096 3588 habitavit,
3154 3526 3310 3577 modo
3373 3521 3615 3592 inquam-

2021 3610 2256 3665 uuionis.
2301 3610 2438 3667 Hinc
2469 3622 2523 3668 et
2581 3615 2633 3668 in
2676 3593 2839 3669 carn‘e
2866 3627 2961 3668 sua
2996 3612 3158 3682 108
3189 3614 3342 3682 plane
3370 3614 3591 3668 divinis-

2020 3700 2211 3755 simant
2263 3705 2521 3771 operandi
2574 3692 2838 3761 'virtutem
2886 3706 3088 3759 habere
3116 3708 3382 3759 cernitur.
3423 3705 3589 3760 Tacto

2019 3794 2282 3865 siquidem
2314 3797 2512 3865 loculo,
2557 3808 2824 3853 mortuum
2862 3799 3037 3854 vidua:
3070 3798 3235 3853 ﬁlium
3267 3800 3584 3860 suscitavit;

2017 3896 2214 3943 etcum
2262 3890 2572 3957 inspuisset,
2601 3888 2712 3946 luto
2740 3891 2976 3944 inunctis
3005 3889 3197 3951 oculis,
3223 3888 3382 3943 caecis
3411 3888 3586 3940 visum

2018 3980 2280 4034 restituit.
2328 3978 2653 4035 Rectissime
2688 3996 2817 4048 ergo
2870 3984 2955 4035 hic
2996 3980 3314 4034 Emmanuel
3365 3980 3586 4035 carboni

2017 4073 2413 4139 comparandus
2437 4082 2541 4132 est,
2601 4073 2691 4140 qui
2734 4073 2780 4125 si
2831 4073 2881 4125 in
2930 4076 3130 4126 nostris
3171 4073 3568 4139 quodaminodo

2015 4164 2172 4219 labiis
2195 4165 2376 4222 fuerit.
2415 4163 2634 4218 omnino
2665 4172 2882 4230 peccata
2909 4162 3135 4226 auferet,
3167 4174 3221 4217 et
3252 4164 3571 4233 iniquitates

2015 4254 2361 4324 expurgabit.
2391 4253 2671 4319 Quomodo
2703 4261 2880 4305 autem
2929 4254 2979 4305 in
3031 4254 3188 4309 labiis
3213 4256 3408 4311 nostris
3441 4255 3586 4309 erit?

2014 4346 2226 4414 quando
2258 4346 2434 4409 fidem,
2459 4358 2576 4413 quae
2599 4344 2649 4396 in
2680 4342 2850 4412 ipsum
2881 4354 2983 4405 est,
3023 4346 3253 4401 confessi
3286 4346 3576 4401 fuerimus.

2015 4438 2089 4493 ita
2114 4448 2168 4493 et
2201 4437 2412 4494 divinus
2459 4437 2655 4492 Paulus
2706 4453 2773 4489 τι
2820 4436 2989 4505 Prope
3058 4449 3107 4494 te
3170 4442 3387 4494 verbum
3447 4451 3566 4501 cst,

340 4527 507 4580 Ὅταν
543 4528 645 4597 τὴν
689 4529 872 4582 πίστιν
901 4532 1254 4603 ὁμολογῶμεν
1279 4534 1381 4604 τὴν
1417 4537 1497 4595 είς
1526 4538 1704 4590 αὐτόν.
1749 4539 1906 4593 Οὕτω

2022 4532 2066 4583 in
2098 4543 2193 4583 ore
2250 4538 2360 4592 tuo,
2396 4530 2538 4584 etin
2591 4531 2753 4584 corde
2815 4538 2928 4593 tuo;
2998 4533 3109 4584 haec
3160 4542 3241 4583 est
3272 4530 3580 4599 prrcdicatio

337 4614 432 4666 καὶ
473 4615 502 4666 ὁ
549 4613 833 4679 θεσπέσιος
877 4618 1080 4689 γράφει
1132 4620 1373 4684 Παῦλος·
1407 4641 1424 4673 ι
1471 4623 1662 4693 Ἐγγύς
1706 4644 1799 4680 σου
1847 4631 1907 4680 τὸ

334 4705 495 4775 ῥῆμά
526 4707 691 4772 ἐστιν,
731 4708 791 4760 ὲν
832 4708 910 4779 τῷ
941 4710 1169 4779 στόματί
1206 4728 1322 4775 σου,
1373 4714 1467 4766 καὶ
1510 4718 1568 4768 ὲν
1598 4720 1662 4788 τῇ
1706 4719 1904 4795 καρδίᾳ

337 4813 455 4849 σοῦ’
504 4796 652 4851 τοῦτ’
682 4798 800 4853 ἐστι
842 4801 905 4853 τὸ
944 4802 1097 4871 ῥῆμα
1127 4801 1228 4872 τῆς
1256 4803 1509 4869 πίστεως,
1559 4807 1588 4860 ὃ
1634 4808 1907 4879 κηρύσσο-

334 4904 456 4957 μεν.
508 4888 632 4943 Ὅτι
670 4889 766 4943 ἐὰν
808 4891 1150 4963 ὁμολογήσῃς
1208 4895 1267 4946 ὲν
1312 4895 1390 4965 τῷ
1440 4898 1667 4968 στόματί
1704 4917 1796 4953 σου
1827 4902 1905 4953 ὅτι

324 4980 537 5052 Κύριος
593 4969 824 5052 Ἰησοῦς,
869 4986 963 5038 καὶ
993 4985 1292 5059 πιστεύσῃς
1329 4989 1386 5042 έν
1418 4992 1484 5059 τῇ
1538 4992 1735 5064 καρδίᾳ
1786 5011 1904 5054 σου,

328 5072 413 5124 δτι
460 5075 490 5125 ὁ
535 5073 672 5134 Θεὸς
728 5074 889 5126 αὐτὸν
943 5076 1163 5147 ήγειρεν
1227 5078 1291 5130 ὲκ
1338 5081 1583 5151 νεκρῶν,
1646 5085 1901 5157 σωθήσῃ·

332 5163 533 5236 καρδίᾳ
579 5164 688 5235 γὰρ
745 5167 1057 5227 πιστεύεται
1116 5171 1195 5234 εἰς
1259 5170 1642 5245 δικαιοσύνην,
1679 5179 1902 5247 στόματι

328 5256 386 5310 δὲ
414 5253 765 5325 ὁμολογεῖται
789 5259 868 5322 είς
904 5261 1195 5331 σωτηρίαν.
1236 5282 1255 5313 ι
1287 5263 1466 5316 Ἔστω
1494 5266 1672 5318 τοίνυν
1702 5270 1760 5319 ἐν
1790 5270 1903 5330 τοῖς

328 5352 561 5422 χείλεσιν
592 5352 751 5423 ⁴ήμῶν
776 5352 808 5404 ὁ
844 5352 983 5413 θεῖος
1029 5353 1254 5425 ἄνθραξ,
1295 5355 1325 5406 ὁ
1359 5355 1447 5407 τὸν
1496 5358 1558 5409 ἐκ
1596 5360 1693 5427 τῆς
1727 5360 1905 5431 ἁμαρ-

323 5443 452 5506 τίας
496 5444 857 5513 καταφλέγων
886 5445 1165 5514 συρφετὸν,
1200 5447 1295 5497 καὶ
1325 5446 1414 5497 τὸν
1456 5449 1517 5500 ἐκ
1550 5448 1649 5516 τῆς
1674 5450 1904 5519 ἀνομίας

328 5535 583 5606 έντήκων
649 5535 857 5606 ῥύπον,
903 5535 997 5588 καὶ
1043 5534 1261 5600 ζέοντας
1307 5538 1454 5605 ἡμᾶς
1502 5538 1779 5591 ἀποτελῶν
1830 5542 1905 5609 τῷ

320 5627 628 5697 πνεύματι.
661 5627 722 5681 El
758 5627 817 5680 δὲ
846 5627 910 5699 δὴ
955 5628 1165 5696 λέγοιτο
1199 5632 1262 5700 τῇ
1298 5629 1468 5684 λαϐίδι
1513 5630 1903 5700 λαμϐάνεσθαι,

402 5785 444 5815 ’⁸
486 5783 652 5838 llclir.
685 5800 723 5845 ι,
760 5784 838 5837 14.
918 5786 959 5816 ’⁵
990 5784 1143 5839 .loztn.
1180 5800 1213 5848 ι,
1258 5783 1340 5838 l-i.
1416 5787 1461 5818 "
1495 5785 1646 5842 lium.
1686 5804 1757 5852 xl,
1789 5791 1842 5843 8.

2014 4621 2134 4678 ﬁdei
2183 4637 2344 4693 quam
2392 4623 2765 4692 praedicamus.
2821 4622 2954 4691 Quia
3012 4624 3053 4677 si
3098 4622 3374 4677 confessus
3412 4621 3579 4676 fueris

2011 4729 2103 4766 ore
2142 4722 2234 4769 tuo
2272 4713 2553 4769 Dominum
2588 4712 2797 4779 Jesum,
2850 4725 2905 4769 et
2951 4715 3243 4770 crutlldelis
3276 4714 3437 4768 corde
3488 4724 3578 4769 tuo

2015 4811 2178 4862 Deum
2196 4808 2645 4875 excitasseipsum
2671 4823 2701 4862 e
2748 4806 2994 4868 mortuis,
3022 4804 3324 4859 servaberis
3366 4823 3379 4859 :
3417 4806 3579 4861 corde

2011 4900 2153 4953 enim
2189 4900 2426 4955 creditur
2472 4901 2536 4953 ad
2584 4899 3050 4967 jtistiﬁcatimiem,
3103 4912 3198 4953 ore
3234 4908 3409 4954 autem
3442 4914 3574 4954 con—

2015 4993 2177 5047 fessio
2217 4992 2276 5045 lit
2297 4993 2362 5045 ad
2395 4992 2620 5045 salutem
2652 4990 2696 5020 ’⁸
2723 4989 2788 5042 ’⁷.
2822 5008 2839 5040 ι
2876 4988 2958 5041 Sit
2984 4990 3163 5058 itaque
3192 4991 3241 5044 in
3298 4991 3451 5045 labiis
3486 5007 3583 5045 no-

2014 5084 2143 5138 stris
2174 5083 2390 5137 divinus
2422 5082 2602 5139 carbo,
2655 5082 2744 5147 qui
2774 5079 2977 5147 peccati
3018 5081 3337 5150 quisquilias
3379 5082 3577 5139 exurit,

2012 5187 2066 5229 ut
2094 5174 2393 5244 iniquitatis
2438 5172 2623 5226 sordes
2649 5172 2839 5239 liquat,
2869 5182 2921 5226 et
2948 5188 3046 5226 nos
3077 5174 3272 5242 spiritu
3304 5172 3579 5226 ferventes

2017 5266 2205 5319 ieddit.
2232 5267 2382 5331 Quod
2408 5273 2584 5318 autem
2615 5263 2812 5318 dicitur
2849 5263 3053 5331 forcipe
3111 5263 3300 5333 accipi,
3357 5264 3575 5332 elegan-

2012 5368 2091 5409 tcr
2118 5357 2418 5425 intelliges;
2467 5358 2606 5425 quod
2660 5358 2813 5410 Iidem
2872 5358 2921 5408 in
2956 5358 3067 5423 ipso
3102 5370 3164 5407 ac
3212 5356 3574 5424 cognitionem

2013 5449 2269 5517 legalibus
2326 5458 2378 5501 ct
2426 5449 2752 5515 propheticis
2808 5450 3233 5503 institutionibus
3271 5450 3383 5502 sive
3432 5464 3573 5516 pra:-

2013 5540 2368 5601 ilictionibus,
2437 5549 2689 5607 tanquam
2756 5542 3006 5608 quapiam
3059 5538 3261 5608 forcipe
3309 5541 3571 5609 capimus.

2016 5627 2162 5682 Unde
2203 5630 2398 5698 passim
2430 5629 2493 5682 ad
2533 5631 2811 5685 veritatem
2846 5633 3174 5700 probandam
3205 5673 3218 5697 ,
3265 5641 3574 5687 sanctorum

1922 5791 1961 5820 "
1988 5789 2114 5843 ibid.
2152 5789 2231 5841 lli.
