4144 6302
482 449 490 453 -
524 400 629 462 183
1512 381 1582 467 s.'
1611 401 1882 466 CYRILBI
1920 401 2127 460 ALEXI

2231 399 2392 459 IIIINI
2429 399 2741 460 ARCHIEP.
3675 390 3782 447 186

530 523 893 588 apostolorum
934 517 1248 593 obsignatUr
1281 538 1345 577 ac
1387 523 1738 579 conﬁrmatur
1765 523 1958 576 oratio.
2017 520 2106 576 Ci-

2231 521 2460 590 ι-υνήσεις
2485 518 2718 578 ἀστείως
2745 517 2830 570 ὅτι
2861 512 3042 566 πίστιν
3063 509 3164 582 τὴν
3183 507 3276 562 ἐπτ
3293 501 3464 578 αὐτῷ,
3479 504 3578 560 καὶ
3599 504 3782 576 μέντοι

535 611 660 663 tatis
686 612 827 665 enim
852 627 915 668 ex
948 612 1062 682 lege
1105 624 1160 668 et
1206 615 1482 684 prophetis
1511 613 1853 690 testimoniis,
1885 612 2089 666 audito-

2231 611 2292 683 ὴν
2319 610 2541 681 γνῶσιν,
2575 607 2825 678 καθάπερ
2852 605 2962 659 τινλ⁸
2991 601 3170 658 λαϐίδι
3199 597 3485 671 δεχώμεθα
3515 596 3606 651 διὰ
3629 613 3785 665 νομι-

533 699 683 756 ribus
709 702 868 756 ﬁdem
903 703 1148 758 faciunt:
1185 707 1356 777 etipsi
1387 687 1933 777 quoque'carbonem
1973 717 2100 772 quo-

2231 702 2319 756 ιῶν
2367 718 2426 755 τε
2473 700 2590 771 ἅμα
2646 698 2742 753 καὶ
2797 693 3155 769 προφητικῶν
3189 688 3607 759 παιδευμάτων,
3657 687 3779 777 ήτοι

533 790 826 848 dummodo
862 808 1047 848 eorum
1096 775 1615 863 labris-admovent,
1662 809 1784 850 cum
1846 794 2003 850 Iidem
2048 794 2099 848 in

2231 792 2678 864 προαγορεύσεων.
2717 787 2880 843 Ὅθεν
2911 786 3006 840 καὶ
3044 784 3075 837 6
3105 782 3214 836 τῶν
3242 780 3418 849 ἀγίων
3460 775 3782 831 ἀποστόλων

530 877 802 935 Christum
836 883 996 952 plane
1028 885 1452 955 simpliciterque
1477 894 1775 956 exponunt.

2231 885 2289 947 :l;
2323 882 2579 953 ἀλήθειαν
2621 879 2868 949 πανταχῆ
2902 871 3413 946 κατασφραγίζεται
3452 868 3629 936 λόγος.
3674 866 3783 918 Ks-

531 973 794 1042 χρημένοι
820 975 928 1045 γὰρ
960 977 1080 1040 ταῖς
1115 979 1177 1031 ὲκ
1232 979 1396 1048 νόμου
1441 981 1534 1033 καὶ
1571 980 1864 1052 προφητῶν
1905 979 2255 1050 μαρτυρίαις,
2315 976 2666 1031 ἀναπείθουσι
2703 975 2830 1036 τοὺς
2897 968 3311 1042 ἀκροωμένους,
3344 965 3438 1019 καὶ
3505 957 3789 1033 μονονουχὶ

532 1062 622 1115 τὸν
651 1064 897 1136 ἄνθρακα
933 1072 1268 1139 προσάγουσι
1297 1073 1391 1126 καὶ
1445 1076 1598 1127 αὐτοὶ
1655 1077 1766 1138 τοῖς
1815 1074 2048 1146 χείλεσιν
2110 1073 2312 1136 αὐτῶν,
2359 1072 2641 1142 ὁμολογεῖν
2685 1070 2784 1140 τὴν
2820 1067 3002 1120 πίστιν
3065 1065 3165 1134 τὴν
3210 1064 3290 1126 είς
3332 1059 3565 1132 Χριστὸν
3611 1071 3790 1124 παραι-

534 1156 905 1220 σκευάζοντες.

609 1244 768 1302 Vana.
798 1250 850 1304 8.
887 1251 954 1304 Et
999 1256 1174 1308 audivi
1199 1272 1370 1311 vocem
1395 1257 1607 1312 Domini
1631 1260 1849 1312 dicentis
1876 1275 1892 1311 :
1941 1258 2104 1324 Quem

536 1341 778 1394 mittam?
800 1352 848 1395 et
883 1345 1000 1412 quis
1036 1347 1398 1414 proﬁciscetur
1428 1351 1498 1404 ad
1528 1351 1775 1420 pupulum
1799 1352 2006 1404 istum?
2042 1349 2107 1404 Et

537 1429 652 1484 dixi
672 1447 690 1484 :
729 1431 864 1487 Ecce
887 1449 979 1504 ego
1019 1452 1157 1502 sum,
1191 1440 1338 1494 mitte
1361 1457 1464 1496 nte.

613 1613 901 1685 Postquam
958 1619 1234 1687 prophetae
1269 1621 1407 1677 labia
1445 1627 1608 1678 carbo
1649 1623 1844 1694 tetigit,
1881 1622 2104 1691 ejusque

542 1707 745 1761 amovit
765 1706 1100 1779 iniquitates,
1157 1721 1282 1767 tunc
1313 1727 1500 1768 vocem
1553 1713 1764 1769 Domini
1807 1714 1976 1777 audit,
2013 1728 2111 1769 nec

542 1796 851 1853 extimescit
901 1800 1151 1872 amplius,
1205 1812 1261 1857 et
1315 1813 1452 1860 tacet
1506 1805 1637 1860 illud
1685 1821 1747 1860 ει
1781 1803 2109 1862 Omiserum

2288 1249 2396 1303 Καὶ
2449 1247 2687 1315 ἤκουσα
2746 1241 2854 1308 τῆς
2912 1237 3119 1308 φωνῆς
3179 1237 3402 1304 Κυρίου
3469 1235 3794 1305 λέγοντος·

2222 1346 2361 1396 Τίνα
2400 1337 2772 1398 ἀποστείλω;
2826 1333 2925 1387 καί
2964 1332 3053 1396 τίς
3091 1330 3452 1398 πορεύσεται
3497 1328 3649 1397 πρὸς
3683 1329 3794 1382 τὸν

2213 1433 2365 1487 λαὸν
2406 1429 2662 1488 τοῦτον;
2705 1423 2815 1478 Καὶ
2865 1418 3036 1476 εἴποι·
3082 1419 3228 1473 Ἰδοὺ
3270 1417 3386 1488 ἐγώ
3427 1419 3546 1487 ειμι
3571 1432 3584 1446 ·
3639 1418 3796 1471 ἀπό-

2214 1523 2460 1578 στειλόν
2483 1535 2578 1588 με.

2291 1616 2417 1668 Ὅτε
2447 1611 2556 1664 τῶν
2596 1608 2692 1662 τοῦ
2718 1608 2999 1680 προφήτου
3031 1601 3257 1674 χειλέων
3291 1604 3321 1655 ό
3357 1597 3564 1670 ἄνθραξ
3593 1598 3791 1669 ἥψατο,

2218 1707 2312 1761 καὶ
2339 1704 2626 1776 ἀφῄρηκεν
2664 1697 2831 1754 αὐτοῦ
2864 1696 2965 1760 τάς
3005 1693 3260 1760 ἀνομίας,
3301 1691 3423 1745 τότε
3463 1691 3560 1744 καὶ
3606 1688 3794 1743 ἀκούει

2217 1800 2314 1869 τῆς
2351 1795 2534 1867 φωνῆς
2571 1791 2801 1864 Κυρίου,
2832 1789 2927 1842 καὶ
2953 1787 3093 1842 δέδιε
3119 1786 3218 1857 μὲν
3243 1783 3450 1845 ούκὲτι,
3482 1783 3580 1836 καὶ
3615 1782 3798 1851 σιωπᾷ

544 1899 629 1939 me
652 1887 716 1938 ι’»
760 1901 824 1941 ac
848 1903 907 1943 se
930 1887 1147 1946 fortiter
1171 1891 1239 1947 ad
1270 1893 1584 1963 legationem
1613 1895 1914 1973 obeundam
1943 1894 2109 1958 sistit,

2231 1891 2289 1957 :6,
2317 1909 2334 1942 ι
2365 1888 2545 1951 Τάλας
2570 1885 2734 1954 syth,»
2772 1881 3128 1973 παρειστήκει
3151 1878 3209 1931 δὲ
3246 1877 3342 1930 καὶ
3388 1873 3534 1946 μάλα
3579 1874 3796 1945 γοργῶς
3830 1910 3833 1911 ν

542 1990 718 2046 eoque
756 1978 917 2034 veluti
979 1997 1081 2036 non
1112 1993 1354 2049 vocatus,
1387 1985 1534 2041 ultro
1555 2002 1616 2043 se
1644 1984 1839 2055 ingerit
1867 2001 1880 2038 :
1920 2003 1939 2035 ι
1973 1983 2110 2039 Ecce

542 2082 664 2137 ego,
699 2069 852 2124 mitte
873 2086 980 2128 me.
1008 2091 1027 2126 ι
1059 2071 1210 2140 Quod
1223 2073 1616 2146 sidicatDeus;
1639 2073 1844 2142 «Quem
1876 2074 2106 2135 mittam.

542 2168 599 2213 et
653 2160 777 2228 quis
835 2163 1210 2231 proﬁciscetur
1260 2164 1328 2220 ad
1378 2165 1629 2236 populum
1698 2164 1941 2219 istum?)
2006 2177 2111 2219 non

542 2251 772 2307 dicimus
799 2267 985 2310 vocem
1031 2268 1151 2310 esse
1197 2255 1515 2321 dubitantis,
1561 2267 1655 2311 aut
1695 2256 1845 2325 quasi
1903 2254 2114 2324 egentis

543 2343 724 2414 aliquo
793 2345 885 2415 qui
946 2348 1214 2413 mittatur,
1293 2350 1387 2404 sed
1465 2349 1882 2420 perstringentis
1935 2347 2114 2418 potius

541 2433 791 2490 lsraelem
819 2445 1070 2506 tanquam
1095 2438 1250 2494 valde
1283 2437 1698 2504 inobedientem,
1727 2448 1781 2493 et
1802 2439 1893 2509 qui
1925 2452 2110 2493 eorum

543 2525 633 2593 qui
691 2529 839 2581 missi
891 2537 1019 2582 sunt
1086 2528 1290 2583 nemini
1335 2528 1804 2596 obsecundaverit,
1853 2529 1962 2584 imo
2021 2543 2116 2585 eos

544 2623 900 2676 interemerit.
954 2621 1086 2677 Nam
1141 2623 1280 2679 alios
1327 2624 1716 2679 contumeliose
1793 2631 2114 2685 tractarunt,

547 2714 854 2782 lapidarunt
891 2713 1045 2782 alios,
1103 2712 1263 2787 109
1315 2716 1451 2772 alios
1505 2717 1665 2770 etiam
1700 2715 2114 2773 interfecerunt:

549 2807 1007 2875 quemadmodum
1059 2819 1114 2863 et
1177 2808 1427 2864 Christus
1458 2808 1640 2874 dixit,
1681 2818 1933 2864 contexta
1966 2809 2121 2866 nobis

550 2896 603 2948 in
630 2894 933 2966 Evangeliis
959 2897 1230 2967 parabola.
1273 2896 1445 2965 Quem
1488 2913 1618 2969 ergo
1645 2899 1897 2954 mittam?
1923 2898 2122 2970 Ecquis

550 2987 925 3054 proﬁciscetur
975 2989 1042 3043 ad
1097 2989 1350 3060 populum
1386 2990 1580 3056 istum,
1624 2991 1714 3060 qui
1788 3001 1912 3044 ante
1945 2990 2124 3046 missis

549 3093 661 3134 non
710 3080 958 3147 credidit,
1003 3081 1093 3151 qui
1135 3081 1320 3147 durus,
1355 3082 1444 3150 qui
1497 3081 1731 3136 crudelis
1776 3081 2123 3136 fuit?Etre-

2213 1981 2406 2036 ἑαυτὸν
2439 1981 2520 2043 εἰς
2564 1975 2890 2046 ἀποστολὴν,
2925 1973 3021 2027 καὶ
3047 1964 3158 2024 οἷον
3192 1967 3494 2036 αὐτόμολος
3531 1967 3612 2028 είς
3639 1964 3799 2018 τοῦτό

2213 2093 2294 2129 τοι
2336 2071 2461 2138 ἰὼν,
2498 2070 2580 2134 τὺ,
2618 2089 2635 2121 ι
2669 2068 2801 2121 Ἰδοὺ
2835 2065 2968 2133 ἐγὼ,
3004 2060 3323 2116 ἀπόστειλόν
3371 2075 3456 2130 με.
3486 2077 3504 2108 ι
3539 2058 3602 2109 El
3634 2056 3690 2108 δὲ
3727 2055 3793 2124 δὴ

2215 2166 2363 2234 λέγοι
2409 2163 2570 2226 Θεός·
2607 2179 2625 2211 ι
2651 2159 2784 2213 Τίνα
2820 2153 3158 2218 ἁποστείλω;
3207 2151 3303 2205 καὶ
3340 2149 3425 2213 τίς
3467 2147 3800 2220 πορεύσεται

2216 2259 2352 2330 πρὸς
2387 2257 2479 2308 τόν
2507 2253 2636 2308 λαὸν
2667 2250 2882 2314 toﬁ-uoti;
2910 2247 3045 2302 ιούκ
3072 2243 3413 2316 ήπορηκότος
3444 2237 3584 2294 εἷναί
3616 2256 3797 2330 φαμεν

2216 2329 2314 2422 τήν
2364 2348 2548 2419 φωνὴν
2567 2386 2582 2411 ,
2641 2344 2763 2400 οὐδὲ
2819 2339 2930 2396 οἷον
2986 2341 3044 2392 ὲν
3111 2337 3306 2391 σπάνει
3370 2333 3654 2404 γεγονότος

2217 2419 2286 2494 πε
2294 2437 2700 2512 μφθησομένου,
2718 2428 3152 2500 καταιτιωμένου
3178 2427 3235 2481 δὲ
3254 2425 3454 2498 μᾶλλον
3473 2424 3567 2477 τὸν
3581 2419 3800 2494 Ἰσραὴλ

2218 2534 2293 2596 ὡς
2329 2529 2532 2599 ἀπειθῆ
2576 2527 2730 2590 λίαν,
2774 2523 2868 2577 καὶ
2914 2521 3134 2586 εἴξαντα
3177 2517 3274 2589 μὲν
3309 2515 3487 2570 οὐδενὶ
3517 2513 3628 2567 τῶν
3662 2529 3798 2583 προ-

2221 2621 2670 2692 απεσταλμένων,
2707 2614 3046 2672 ἀπεκτονότα
3071 2612 3130 2664 δὲ
3167 2609 3368 2681 μᾶλλον
3396 2605 3614 2670 αὐτούς.
3660 2605 3800 2666 Τοὺς

2225 2716 2326 2786 μὲν
2378 2712 2488 2784 γὰρ
2536 2710 2789 2782 ὕϐρισαν,
2842 2706 2970 2768 τοὺς
3016 2703 3073 2756 δὲ
3120 2699 3525 2770 ἐλιθοϐόλησαν,
3581 2693 3800 2786 magae

2221 2784 2571 2865 ἀπέκτειναν,
2595 2798 2741 2852 καθά
2767 2813 2934 2867 φησιν
2964 2796 2992 2847 6
3020 2791 3282 2863 Χριστὸς,
3315 2789 3412 2860 τὴν
3441 2790 3499 2840 ὲν
3551 2789 3663 2848 τοῖς
3697 2784 3799 2837 Εὐ-

2223 2894 2500 2966 αγγελίοις
2559 2894 2690 2963 ἡμῖν
2727 2888 2996 2951 συντιθεὶς
3043 2884 3379 2957 παραϐολήν.
3423 2881 3557 2934 Τίνα
3596 2879 3662 2949 δὴ
3705 2873 3802 2931 οὖν

2224 2990 2352 3060 ἀρα,
2383 2986 2566 3057 φησὶν,
2621 2979 2956 3046 ἀποστείλω;
2996 2978 3109 3033 Καὶ
3150 2977 3231 3040 τίς
3279 2973 3607 3044 πορεύσεται
3663 2970 3803 3041 πρὸς

2225 3081 2315 3132 τὸν
2363 3077 2490 3132 λαδν
2548 3074 2767 3141 τοῦτον;
2833 3073 2884 3132 οἳ
2935 3074 3048 3133 τοῖς
3102 3069 3204 3139 ἤδη
3260 3063 3802 3139 προαπεσταλμένος

549 3173 663 3243 ipsa
725 3174 1146 3245 comprobarunt
1231 3190 1337 3230 non
1407 3189 1530 3231 esse
1593 3173 1828 3230 hominis
1889 3172 2126 3242 cujusvis

2231 3168 2613 3241 ήπειθηκότες,
2660 3165 2885 3236 σκληροί
2912 3162 2972 3216 τέ
3013 3163 3120 3214 εἰσι
3143 3201 3155 3220 .
3189 3160 3284 3213 καὶ
3317 3158 3646 3226 δυσάντητοι
3670 3197 3683 3220 ,
3715 3153 3806 3206 καὶ

550 3279 674 3320 cum
701 3265 808 3320 illis
831 3280 942 3320 rem
973 3266 1196 3334 habere,
1248 3268 1342 3322 sed
1373 3269 1674 3322 constantis
1700 3267 1898 3328 solum,
1927 3277 1981 3320 et
2004 3281 2127 3336 pro-

2231 3261 2294 3315 δι’
2324 3259 2504 3314 αὐτῶν
2545 3253 2753 3321 ἔδειξαν
2794 3254 2902 3307 τῶν
2942 3253 3308 3323 πραγμάτων,
3356 3249 3431 3312 ὡς
3469 3248 3569 3300 οὐκ
3619 3246 3688 3300 ἂν
3721 3245 3806 3315 εἴη

555 3357 734 3422 p'riam-
772 3357 940 3424 ipsam
971 3357 1135 3410 vitam
1182 3357 1486 3412 abnuentis.
1536 3357 1686 3423 Quod
1723 3372 1850 3412 vero
1894 3356 2034 3412 ﬂecti
2067 3372 2127 3412 ac

2231 3353 2323 3408 τοῦ
2347 3352 2598 3421 τυχόντος
2631 3346 2959 3420 προσϐαλεῖν
2997 3345 3200 3407 αὐτοῖς,
3245 3343 3406 3414 μόνου
3444 3339 3502 3393 δὲ
3542 3339 3688 3408 τάχα
3715 3337 3808 3392 τοῦ

558 3448 759 3502 moveri
781 3449 998 3503 omnino
1027 3450 1262 3504 noluerit
1300 3448 1484 3513 Israel,
1513 3451 1638 3505 licet
1669 3465 1737 3506 ex
1773 3451 1856 3504 his
1889 3451 2126 3514 discere,

557 3554 677 3610 quae
740 3541 876 3595 Deus
931 3543 996 3595 ad
1050 3544 1262 3596 beatum
1319 3543 1636 3612 prophetam
1688 3541 2024 3598 Ezechielem
2057 3541 2132 3596 lo-

557 3642 714 3686 cutus
740 3642 842 3697 est,
871 3645 988 3702 quae
1024 3633 1096 3687 ita
1127 3648 1185 3688 se
1215 3634 1415 3688 habent
1442 3651 1454 3686 :
1485 3651 1503 3683 ι
1542 3632 1639 3688 Fili
1691 3634 1948 3698 hominis,
1973 3633 2127 3698 vade,

559 3725 843 3796 ingredere
891 3727 958 3780 ad
1002 3729 1218 3781 domum
1272 3727 1456 3793 Israel,
1489 3741 1540 3783 et
1589 3727 1811 3797 loquere
1857 3741 2135 3782 sermones

560 3833 709 3872 meos
736 3819 800 3871 ad
848 3831 1008 3873 cum:
1038 3819 1292 3889 quoniam
1358 3837 1460 3874 nun
1507 3821 1572 3874 ad
1603 3819 1854 3890 p0pulum
1882 3817 2132 3889 profundi

559 3910 686 3965 labii
716 3918 772 3964 et
808 3910 988 3979 gravis
1048 3910 1239 3981 linguae
1269 3913 1559 3973 emitteris,
1597 3912 1662 3965 ad
1703 3911 1919 3967 domum
1949 3911 2132 3977 Israel,

559 4016 735 4071 neque
779 4003 845 4056 ad
902 4002 1126 4073 populos
1156 4003 1354 4058 mullos
1381 4002 1607 4058 alterius
1638 4001 1807 4068 vocis,
1833 4001 1916 4056 vel
1943 4001 2138 4056 aliena:

560 4093 793 4164 lingua;
831 4108 1002 4164 neque
1026 4095 1090 4148 ad
1133 4109 1247 4160 eos,
1282 4095 1370 4163 qui
1397 4110 1588 4166 graves
1619 4093 1795 4164 lingua
1827 4103 1975 4159 sunt,
2004 4108 2138 4163 quo-

559 4195 681 4241 rum
731 4201 1008 4243 sermones
1060 4203 1164 4244 non
1221 4190 1425 4244 audies.
1485 4189 1546 4242 Ιίίι
1583 4189 1626 4242 si
1669 4189 1734 4241 ad
1782 4189 1916 4242 tales
1960 4187 2139 4241 misis-

560 4291 677 4335 sem
717 4290 801 4349 te,
847 4283 1120 4337 audissent
1166 4292 1218 4336 te
1261 4301 1274 4336 :
1322 4291 1377 4336 at.
1431 4282 1623 4337 domus
1679 4281 1847 4336 Israel
1881 4296 1984 4335 non
2025 4279 2141 4333 vult

567 4371 759 4426 audire
789 4380 863 4438 te,
908 4374 1030 4441 quia
1075 4371 1268 4427 nolunt
1327 4372 1516 4428 audire
1559 4385 1644 4426 me
1680 4389 1694 4425 :
1734 4371 1992 4442 quoniam
2029 4376 2139 4424 tota

567 4467 759 4519 domus
786 4461 948 4518 Israel
991 4464 1323 4519 contentiosa
1386 4473 1490 4530 est,
1558 4473 1614 4519 et
1646 4465 1783 4519 dum
1839 4462 2087 4521 corde".
2117 4480 2135 4514 ι

2232 3445 2326 3499 καὶ
2376 3442 2546 3513 αὐτῆς
2590 3437 2970 3508 ἀπεγνωκότος
3015 3436 3114 3505 τῆς
3173 3435 3306 3498 ἰδίας
3356 3431 3523 3502 ζωῆς.
3571 3431 3696 3484 Ὅτι
3754 3428 3813 3482 δὲ

2220 3535 2454 3622 ⁸γέγονεν
2491 3530 2777 3602 ἀκαμπής.
2811 3528 2907 3582 καὶ
2939 3525 3296 3622 ἀνρυθέτητος
3327 3523 3467 3592 ἀξίαν
3493 3524 3522 3576 6
3566 3518 3811 3590 Ἰσραὴλ,

2234 3626 2501 3698 ἀναμάθοι
2540 3641 2623 3686 τις
2658 3625 2724 3677 ἂν
2763 3621 2858 3674 καὶ
2895 3619 2960 3672 δι’
2988 3612 3062 3673 ὧν
3091 3617 3194 3687 ἔφη
3233 3615 3365 3679 Θεὸς
3404 3614 3541 3686 πρὸς
3587 3613 3680 3666 τὸν
3719 3629 3816 3682 μα-

2236 3720 2428 3792 κάριον
2465 3714 2731 3786 Ἐζεχιήλ.
2765 3714 2920 3783 Ἔχει
2964 3711 3021 3764 δὲ
3065 3710 3270 3773 οὕτως’
3303 3727 3323 3760 ι
3356 3709 3453 3761 Υἱὲ
3496 3705 3814 3774 ἀνθρώπου,

2239 3811 2440 3884 βάδιζε,
2469 3807 2678 3862 εἴσελθε
2699 3808 2778 3869 είς
2802 3805 2895 3860 τὸν
2923 3799 3072 3858 οἷκον
3090 3802 3184 3856 τοῦ
3200 3801 3438 3872 Ἰσραὴλ,
3465 3801 3560 3853 καὶ
3579 3797 3816 3867 λάλησον

2236 3905 2362 3967 τοὺς
2387 3901 2578 3970 λόγους
2610 3917 2710 3971 μου
2744 3897 2878 3969 πρὸς
2904 3897 3089 3962 αὐτὸν,
3120 3895 3255 3948 διότι
3284 3895 3348 3948 οὐ
3374 3893 3513 3966 πρὸς
3557 3893 3687 3945 λαὸν
3718 3891 3818 3960 βα-

2239 3993 2488 4064 θύχειλον
2515 3991 2611 4044 καὶ
2641 3989 3058 4060 βραδύγλωσσον
3092 3985 3481 4058 ὲξαποστέλλῃ,
3503 3985 3642 4056 πρὸς
3667 3978 3819 4038 οἷκον

2237 4085 2334 4140 τεῦ
2366 4082 2601 4154 Ἰσραὴλ,
2633 4081 2754 4134 οὐδὲ
2790 4080 2922 4150 πρὸς
2966 4079 3128 4142 λαοὺς
3170 4077 3400 4140 πολλοὺς
3449 4074 3819 4144 ἀλλοφώνους,

2239 4179 2275 4248 ἢ
2328 4173 2756 4246 ἀλλογλώσσους,
2791 4173 2912 4225 οὐδὲ
2946 4170 3238 4241 στιϐαροὺς
3271 4171 3338 4240 τῇ
3369 4167 3592 4239 γλώσσῃ
3629 4167 3819 4230 δντας,

2241 4265 2316 4324 ὧν
2365 4270 2465 4322 ούκ
2511 4265 2720 4336 ἀκούσῃ
2761 4264 2888 4327 τοὺς
2940 4263 3133 4332 λόγους
3171 4261 3372 4315 αὐτῶν.
3419 4259 3529 4314 Καὶ
3578 4261 3626 4311 εί
3681 4259 3823 4329 πρὸς

2243 4361 2519 4424 τοιούτους
2546 4355 2903 4425 ἐξαπέστειλά
2935 4372 3015 4418 σε,
3039 4354 3194 4406 αὐτοὶ
3217 4351 3284 4406 ἂν
3320 4351 3646 4422 εἰσήκουσάν
3678 4367 3776 4402 σου
3805 4368 3821 4381 ·

2244 4457 2273 4509 6
2313 4455 2372 4508 δὲ
2417 4449 2563 4514 οῐκος
2609 4449 2704 4504 τοῦ
2748 4447 2967 4518 Ἰσραὴλ
3002 4447 3063 4498 οὐ
3103 4445 3179 4516 μὴ
3228 4443 3548 4514 θελήσουσιν
3587 4441 3825 4495 ἀκοῦσαί

567 4557 797 4612 'l‘antum
839 4572 944 4612 non
1003 4555 1252 4611 videlicet
1289 4554 1566 4618 dubitans,
1598 4564 1670 4622 et,
1717 4566 1777 4610 ut
1809 4559 1967 4612 modo
2005 4557 2127 4622 dixi,

2247 4565 2362 4611 σου,
2409 4545 2543 4600 διότι
2583 4544 2644 4596 ού
2692 4540 2968 4612 βούλονται
3009 4535 3328 4591 εἰσακοῦσαι
3371 4553 3504 4606 μου,
3537 4535 3622 4587 ὅτι
3657 4535 3771 4596 πᾶς
3798 4535 3828 4586 ό

565 4651 635 4705 ob
703 4648 923 4704 multam
1001 4647 1370 4703 crudelitatem
1448 4647 1723 4704 Israelitas
1799 4647 2138 4703 insimulans.

564 4739 738 4810 Quem
777 4740 941 4811 igitur
979 4739 1180 4796 mitto?
1221 4739 1486 4810 Propheta
1545 4740 1708 4810 igitur
1731 4740 1876 4794 omni
1918 4747 2142 4793 cuncta-

566 4832 717 4886 tione
751 4830 1000 4900 abjecta:
1053 4847 1073 4882 ι
1112 4829 1271 4896 Ecce,
1340 4831 1538 4902 inquit,
1598 4845 1719 4900 ego,
1778 4829 1933 4883 mitte
1975 4843 2080 4882 me.
2119 4847 2138 4879 ι

569 4920 800 4991 Quando
825 4936 954 4994 ergo
974 4932 1027 4978 et
1058 4939 1158 4980 nos
1179 4923 1392 4980 divinus
1435 4924 1601 4980 carbo
1620 4921 1929 4993 contigerit,
1961 4919 2029 4975 ab
2059 4919 2144 4975 of-

572 5013 740 5070 fensis
766 5014 884 5084 puri
905 5013 1131 5081 erimus,
1166 5021 1222 5070 et
1248 5013 1502 5085 prompti,
1544 5021 1709 5083 atque
1732 5009 1800 5065 ad
1853 5022 2138 5080 capessen-

571 5107 695 5162 dam
750 5104 1076 5177 legationem
1106 5105 1420 5176 juveniliter
1449 5104 1690 5159 alacres:
1741 5102 1884 5172 quod
1911 5111 1965 5156 et
2003 5099 2146 5156 {ecc-

571 5210 700 5256 runt
721 5200 890 5255 divini
921 5198 1194 5270 discipuli.
1245 5197 1504 5265 Quamvis
1529 5196 1672 5251 enim
1725 5210 1789 5251 ex
1821 5192 2022 5250 Iudaeis
2059 5207 2149 5247 es-

572 5303 712 5359 sent,
739 5302 793 5348 et
817 5301 944 5348 ante
969 5291 1294 5346 charitatem
1340 5290 1390 5343 in
1420 5289 1695 5343 Christum
1731 5289 2009 5354 donatam,
2049 5286 2149 5341 im‘

2245 4635 2394 4702 οἶκος
2409 4637 2501 4690 τοῦ
2517 4634 2734 4707 Ἰσραὴλ
2755 4631 3046 4704 φιλόνεικοί
3065 4631 3193 4694 είσι,
3220 4629 3317 4683 καὶ
3340 4625 3788 4697 σκληροκὰρδιοι.
3803 4644 3821 4676 ι

2248 4730 2490 4792 Εἰκότως
2515 4727 2579 4798 δὴ
2602 4723 2696 4781 οὖν
2736 4723 3017 4797 μονονουχὶ
3045 4722 3350 4793 ἀπορήσας,
3403 4719 3604 4790 μᾶλλον
3626 4718 3706 4780 δὲ,
3749 4716 3828 4780 ὡς

2249 4823 2407 4893 ἔφην,
2435 4819 2635 4891 ἀρτίως
2665 4818 2759 4869 ἐπὶ
2785 4814 2953 4885 πολλῇ
2977 4814 3097 4867 λίαν
3122 4811 3365 4881 ὠμότητι
3390 4806 3829 4877 καταιτιώμενος

2250 4917 2376 4977 τοὺς
2408 4913 2467 4977 ἐξ
2502 4909 2739 4982 Ἰσραήλ.
2771 4907 2906 4961 Τίνα
2940 4906 3005 4976 δὴ
3039 4900 3132 4959 οὖν
3160 4901 3502 4967 ἀποστείλω;
3535 4899 3832 4968 Μελλήσας

2252 5008 2317 5080 δή
2343 5004 2436 5060 οὖν
2463 5007 2492 5058 6
2518 5005 2805 5075 προφήτης
2825 4999 2945 5055 κατ’
2967 4997 3160 5053 οὐδένα
3192 4995 3394 5065 τρόπον
3410 5007 3424 5022 ⁸
3450 5013 3469 5044 ι
3492 4991 3625 5045 Ἰδοὺ
3658 4990 3828 5057 ὲγὼ,ι

2256 5100 2444 5170 φησὶν,
2479 5115 2498 5148 ι
2536 5091 2856 5149 ἀπόστειλόν
2895 5107 2982 5161 με.
3019 5107 3038 5140 ι
3061 5088 3233 5142 Ὅταν
3261 5085 3443 5139 τοίνυν
3473 5083 3570 5137 καὶ
3608 5080 3774 5151 ήμῶν
3804 5080 3836 5132 6

2259 5190 2399 5252 θεῖος
2424 5186 2628 5257 ἄνθραξ
2661 5182 3013 5254 ἐπιθιγγάνῃ,
3045 5177 3277 5249 καθαροὶ
3317 5177 3416 5248 μὲν
3448 5172 3689 5244 ἐσόμεθα
3725 5172 3840 5225 τῶν

2257 5279 2707 5349 διεπταισμένων,
2736 5275 3005 5346 πρόθυμοι
3035 5272 3092 5326 δὲ
3135 5271 3228 5325 καὶ
3257 5266 3493 5322 νεανικοὶ
3527 5264 3668 5335 πρὸς
3699 5265 3840 5317 ἀπο-

575 5355 709 5451 pura
741 5391 796 5438 et
826 5384 928 5452 ipsi
964 5382 1101 5437 labia
1129 5380 1391 5436 haberent
1418 5394 1542 5432 cum
1575 5379 1786 5433 caneris
1823 5395 1835 5432 :
1869 5387 2127 5446 postquan

2260 5374 2472 5445 στολὴν,
2499 5373 2527 5425 ὂ
2550 5372 2612 5443 δὴ
2655 5372 2749 5424 καὶ
2778 5368 3124 5439 πεπράκασιν
3154 5365 3202 5417 οί
3247 5360 3524 5416 θεσπέσιοι
3567 5355 3838 5427 μαθηταί.

580 5489 755 5532 tamen
810 5477 966 5530 Iidem
987 5474 1358 5540 admisissent,
1395 5473 1710 5542 praeclaram
1759 5469 2127 5526 confessioncn

2259 5464 2453 5520 Καίτοι
2501 5462 2609 5532 γὰρ
2651 5460 2802 5522 ὄντες
2849 5458 2908 5522 ἐξ
2960 5454 3262 5519 Ἰουδαίων,
3307 5451 3404 5504 καὶ
3449 5447 3553 5518 πρὸ
3594 5449 3699 5542 τῇς
3760 5449 3842 5509 εἰς

578 5566 883 5629 ediderunt,
918 5582 980 5618 ac
1015 5565 1180 5620 carbo
1227 5579 1319 5619 eos
1347 5537 1562 5634 tetigit,
1591 5577 1654 5617 ac
1695 5571 1804 5616 tum
1845 5559 2059 5630 quidem
2085 5571 2127 5610 at

2261 5555 2493 5627 Χριστόν
2519 5554 2759 5624 ἀγάπης,
2795 5546 3082 5618 ἀκάθαρτά
3114 5561 3217 5599 που
3250 5543 3343 5597 καὶ
3373 5539 3555 5594 αὐτῶν
3587 5537 3658 5592 τὰ
3687 5537 3843 5608 χείλη

580 5651 901 5727 legationem
928 5659 1101 5711 vocati
1131 5667 1275 5723 simt,
1307 5667 1358 5710 cl
1422 5632 1537 5712 ~ine
1569 5671 1722 5712 mora
1749 5653 2115 5724 sequebantur

2267 5648 2405 5721 μετά
2431 5647 2538 5703 τῶν
2569 5645 2742 5703 ἄλλων
2772 5643 3007 5716 ἔχοντες,
3052 5637 3246 5711 ἐπειδὴ
3274 5636 3332 5690 δὲ
3368 5634 3719 5707 προσήκαντο
3745 5632 3846 5703 τὴν

654 5812 699 5844 ³³
729 5812 925 5869 Ειεειι.
969 5826 1052 5874 Ill,
1093 5811 1118 5863 l
1147 5814 1228 5864 ⁴-7.
