  <div class='ocr_page' id='page_1' title='image "/cluster/home/n/w/nwhite01/storage/ocr_20150623/70/mdp.39015078384453/100.png"; bbox 0 0 4144 6302; ppageno 0'>
   <div class='ocr_carea' id='block_1_1' title="bbox 341 341 1911 443">
    <p class='ocr_par' dir='ltr' id='par_1_1' title="bbox 341 341 1911 413">
     <span class='ocr_line' id='line_1_1' title="bbox 341 341 1911 413; baseline 0.015 -24"><span class='ocrx_word' id='word_1_1' title='bbox 341 341 447 402; x_wconf 63' lang='grc'><strong>185</strong></span> <span class='ocrx_word' id='word_1_2' title='bbox 1518 350 1586 408; x_wconf 80' lang='lat' dir='ltr'><strong>IN</strong></span> <span class='ocrx_word' id='word_1_3' title='bbox 1624 352 1858 412; x_wconf 67' lang='lat' dir='ltr'><strong>ISAIAM</strong></span> <span class='ocrx_word' id='word_1_4' title='bbox 1899 357 1911 413; x_wconf 91' lang='grc' dir='ltr'><strong>Ι</strong></span> 
     </span>
    </p>
   </div>
   <div class='ocr_carea' id='block_1_2' title="bbox 2015 341 3625 443">
    <p class='ocr_par' dir='ltr' id='par_1_2' title="bbox 2015 360 3625 443">
     <span class='ocr_line' id='line_1_2' title="bbox 2015 360 3625 443; baseline 0.017 -27"><span class='ocrx_word' id='word_1_5' title='bbox 2015 401 2028 416; x_wconf 94' lang='grc'><strong>.</strong></span> <span class='ocrx_word' id='word_1_6' title='bbox 2075 360 2115 417; x_wconf 94' lang='lat' dir='ltr'><strong>l.</strong></span> <span class='ocrx_word' id='word_1_7' title='bbox 2153 361 2362 423; x_wconf 77' lang='lat' dir='ltr'><strong>ORAT.</strong></span> <span class='ocrx_word' id='word_1_8' title='bbox 2401 362 2486 425; x_wconf 73' lang='grc' dir='ltr'>Π.</span> <span class='ocrx_word' id='word_1_9' title='bbox 3525 386 3625 443; x_wconf 75' lang='grc'><strong>186</strong></span> 
     </span>
    </p>
   </div>
   <div class='ocr_carea' id='block_1_3' title="bbox 346 465 1911 566">
    <p class='ocr_par' dir='ltr' id='par_1_3' title="bbox 346 465 1908 541">
     <span class='ocr_line' id='line_1_3' title="bbox 346 465 1908 541; baseline 0.003 -20"><span class='ocrx_word' id='word_1_10' title='bbox 346 465 561 532; x_wconf 79' lang='grc' dir='ltr'>πίστιν,</span> <span class='ocrx_word' id='word_1_11' title='bbox 595 465 918 537; x_wconf 76' lang='grc' dir='ltr'><strong>πεποίηνται</strong></span> <span class='ocrx_word' id='word_1_12' title='bbox 960 466 1058 538; x_wconf 78' lang='grc' dir='ltr'>τὴν</span> <span class='ocrx_word' id='word_1_13' title='bbox 1099 465 1270 536; x_wconf 77' lang='grc' dir='ltr'>καλὴν</span> <span class='ocrx_word' id='word_1_14' title='bbox 1316 468 1628 538; x_wconf 74' lang='grc' dir='ltr'><strong>ὁμολογίαν,</strong></span> <span class='ocrx_word' id='word_1_15' title='bbox 1662 470 1840 541; x_wconf 69' lang='grc' dir='ltr'>ἥψατο</span> <span class='ocrx_word' id='word_1_16' title='bbox 1879 472 1908 526; x_wconf 88' lang='grc' dir='ltr'><strong>δ</strong></span> 
     </span>
    </p>
   </div>
   <div class='ocr_carea' id='block_1_4' title="bbox 2015 465 3630 566">
    <p class='ocr_par' dir='ltr' id='par_1_4' title="bbox 2043 481 3630 566">
     <span class='ocr_line' id='line_1_4' title="bbox 2043 481 3630 566; baseline 0.018 -35"><span class='ocrx_word' id='word_1_17' title='bbox 2043 482 2260 538; x_wconf 89' lang='lat' dir='ltr'><strong>tametsi</strong></span> <span class='ocrx_word' id='word_1_18' title='bbox 2293 481 2470 540; x_wconf 71' lang='lat' dir='ltr'><strong>Moses</strong></span> <span class='ocrx_word' id='word_1_19' title='bbox 2503 485 2937 556; x_wconf 85' lang='lat' dir='ltr'><strong>sapientissimus</strong></span> <span class='ocrx_word' id='word_1_20' title='bbox 2962 491 3102 547; x_wconf 87' lang='lat' dir='ltr'><strong>dicat</strong></span> <span class='ocrx_word' id='word_1_21' title='bbox 3135 511 3149 548; x_wconf 92' lang='lat'>:</span> <span class='ocrx_word' id='word_1_22' title='bbox 3187 513 3205 546; x_wconf 84' lang='grc' dir='ltr'><strong>ι</strong></span> <span class='ocrx_word' id='word_1_23' title='bbox 3236 493 3501 566; x_wconf 75' lang='lat' dir='ltr'><strong>Obsecro,</strong></span> <span class='ocrx_word' id='word_1_24' title='bbox 3523 504 3630 559; x_wconf 78' lang='lat' dir='ltr'><strong>Uo-</strong></span> 
     </span>
    </p>
   </div>
   <div class='ocr_carea' id='block_1_5' title="bbox 340 556 1911 662">
    <p class='ocr_par' dir='ltr' id='par_1_5' title="bbox 340 556 1911 634">
     <span class='ocr_line' id='line_1_5' title="bbox 340 556 1911 634; baseline 0.004 -22"><span class='ocrx_word' id='word_1_25' title='bbox 340 557 442 614; x_wconf 61' lang='grc' dir='ltr'><strong>καὶ⁵</strong></span> <span class='ocrx_word' id='word_1_26' title='bbox 477 557 660 612; x_wconf 84' lang='grc' dir='ltr'>αὐτῶν</span> <span class='ocrx_word' id='word_1_27' title='bbox 685 559 715 611; x_wconf 91' lang='lat'><strong>6</strong></span> <span class='ocrx_word' id='word_1_28' title='bbox 738 556 944 630; x_wconf 77' lang='grc' dir='ltr'><strong>ἄνθραξ</strong></span> <span class='ocrx_word' id='word_1_29' title='bbox 964 597 978 619; x_wconf 92' lang='grc'><strong>,</strong></span> <span class='ocrx_word' id='word_1_30' title='bbox 1014 557 1136 612; x_wconf 85' lang='grc' dir='ltr'>τότε</span> <span class='ocrx_word' id='word_1_31' title='bbox 1169 559 1262 612; x_wconf 70' lang='grc' dir='ltr'>καὶ</span> <span class='ocrx_word' id='word_1_32' title='bbox 1302 560 1595 631; x_wconf 80' lang='grc' dir='ltr'><strong>κέκληνται</strong></span> <span class='ocrx_word' id='word_1_33' title='bbox 1628 563 1764 634; x_wconf 82' lang='grc' dir='ltr'>πρὸς</span> <span class='ocrx_word' id='word_1_34' title='bbox 1791 565 1911 618; x_wconf 69' lang='grc' dir='ltr'><strong>ἀπο</strong></span> 
     </span>
    </p>
   </div>
   <div class='ocr_carea' id='block_1_6' title="bbox 2015 556 3624 662">
    <p class='ocr_par' dir='ltr' id='par_1_6' title="bbox 2042 556 3624 662">
     <span class='ocr_line' id='line_1_6' title="bbox 2042 556 3624 662; baseline 0.017 -38"><span class='ocrx_word' id='word_1_35' title='bbox 2042 572 2209 662; x_wconf 81' lang='lat' dir='ltr'><strong>mine,</strong></span> <span class='ocrx_word' id='word_1_36' title='bbox 2258 583 2449 645; x_wconf 86' lang='lat' dir='ltr'><strong>coopta</strong></span> <span class='ocrx_word' id='word_1_37' title='bbox 2490 575 2654 631; x_wconf 85' lang='lat' dir='ltr'><strong>alium</strong></span> <span class='ocrx_word' id='word_1_38' title='bbox 2685 587 2986 662; x_wconf 82' lang='lat' dir='ltr'><strong>potentem,</strong></span> <span class='ocrx_word' id='word_1_39' title='bbox 3013 597 3171 652; x_wconf 91' lang='lat' dir='ltr'><strong>quem</strong></span> <span class='ocrx_word' id='word_1_40' title='bbox 3204 589 3391 646; x_wconf 89' lang='lat' dir='ltr'><strong>mittas</strong></span> <span class='ocrx_word' id='word_1_41' title='bbox 3407 556 3538 647; x_wconf 58' lang='grc' dir='ltr'><strong>οιῖ</strong></span> <span class='ocrx_word' id='word_1_42' title='bbox 3560 556 3624 651; x_wconf 63' lang='grc' dir='ltr'>ἐι</span> 
     </span>
    </p>
   </div>
   <div class='ocr_carea' id='block_1_7' title="bbox 341 646 1911 740">
    <p class='ocr_par' dir='ltr' id='par_1_7' title="bbox 341 646 1911 721">
     <span class='ocr_line' id='line_1_7' title="bbox 341 646 1911 721; baseline 0.003 -19"><span class='ocrx_word' id='word_1_43' title='bbox 341 647 561 720; x_wconf 79' lang='grc' dir='ltr'>στολὴν,</span> <span class='ocrx_word' id='word_1_44' title='bbox 608 647 702 701; x_wconf 79' lang='grc' dir='ltr'>καὶ</span> <span class='ocrx_word' id='word_1_45' title='bbox 745 646 1077 718; x_wconf 70' lang='grc' dir='ltr'>ἠκολούθουν</span> <span class='ocrx_word' id='word_1_46' title='bbox 1127 647 1414 720; x_wconf 78' lang='grc' dir='ltr'><strong>ἀμελλητὶ,</strong></span> <span class='ocrx_word' id='word_1_47' title='bbox 1460 651 1634 704; x_wconf 91' lang='grc' dir='ltr'>καίτοι</span> <span class='ocrx_word' id='word_1_48' title='bbox 1683 651 1911 721; x_wconf 72' lang='grc' dir='ltr'>λέγοντα</span> 
     </span>
    </p>
   </div>
   <div class='ocr_carea' id='block_1_8' title="bbox 2015 646 3720 740">
    <p class='ocr_par' dir='ltr' id='par_1_8' title="bbox 2039 646 3720 740">
     <span class='ocr_line' id='line_1_8' title="bbox 2039 646 3720 740; baseline 0.014 -26"><span class='ocrx_word' id='word_1_49' title='bbox 2039 657 2307 719; x_wconf 79' lang='lat' dir='ltr'><strong>Jercmias</strong></span> <span class='ocrx_word' id='word_1_50' title='bbox 2353 664 2550 721; x_wconf 91' lang='lat' dir='ltr'><strong>iterum</strong></span> <span class='ocrx_word' id='word_1_51' title='bbox 2587 687 2599 722; x_wconf 91' lang='lat'>:</span> <span class='ocrx_word' id='word_1_52' title='bbox 2645 646 2784 723; x_wconf 54' lang='lat' dir='ltr'><strong>t—Tll</strong></span> <span class='ocrx_word' id='word_1_53' title='bbox 2815 670 2907 740; x_wconf 90' lang='lat' dir='ltr'><strong>qui</strong></span> <span class='ocrx_word' id='word_1_54' title='bbox 2955 646 3103 737; x_wconf 66' lang='lat' dir='ltr'><strong>~es,o</strong></span> <span class='ocrx_word' id='word_1_55' title='bbox 3155 646 3470 736; x_wconf 85' lang='lat' dir='ltr'><strong>Dominator</strong></span> <span class='ocrx_word' id='word_1_56' title='bbox 3716 733 3720 737; x_wconf 88' lang='lat'><strong>.</strong></span> 
     </span>
    </p>
   </div>
   <div class='ocr_carea' id='block_1_9' title="bbox 337 739 1911 842">
    <p class='ocr_par' dir='ltr' id='par_1_9' title="bbox 337 739 1911 818">
     <span class='ocr_line' id='line_1_9' title="bbox 337 739 1911 818; baseline 0.004 -26"><span class='ocrx_word' id='word_1_57' title='bbox 337 739 439 794; x_wconf 81' lang='grc' dir='ltr'>τοῦ</span> <span class='ocrx_word' id='word_1_58' title='bbox 476 740 756 810; x_wconf 84' lang='grc' dir='ltr'>πανσόφου</span> <span class='ocrx_word' id='word_1_59' title='bbox 783 739 1061 804; x_wconf 80' lang='grc' dir='ltr'><strong>Μωσέως·</strong></span> <span class='ocrx_word' id='word_1_60' title='bbox 1096 759 1114 792; x_wconf 82' lang='lat' dir='ltr'><strong>t</strong></span> <span class='ocrx_word' id='word_1_61' title='bbox 1147 740 1351 810; x_wconf 84' lang='grc' dir='ltr'>Δέομαι</span> <span class='ocrx_word' id='word_1_62' title='bbox 1374 781 1389 804; x_wconf 95' lang='grc'><strong>,</strong></span> <span class='ocrx_word' id='word_1_63' title='bbox 1422 742 1617 812; x_wconf 83' lang='grc' dir='ltr'>Κύριε,</span> <span class='ocrx_word' id='word_1_64' title='bbox 1654 745 1911 818; x_wconf 83' lang='grc' dir='ltr'>προχείρι</span> 
     </span>
    </p>
   </div>
   <div class='ocr_carea' id='block_1_10' title="bbox 2015 739 3625 842">
    <p class='ocr_par' dir='ltr' id='par_1_10' title="bbox 2043 739 3625 842">
     <span class='ocr_line' id='line_1_10' title="bbox 2043 739 3625 842; baseline 0.016 -37"><span class='ocrx_word' id='word_1_65' title='bbox 2043 751 2209 816; x_wconf 86' lang='lat' dir='ltr'><strong>mine,</strong></span> <span class='ocrx_word' id='word_1_66' title='bbox 2267 768 2396 811; x_wconf 85' lang='lat' dir='ltr'><strong>ecce</strong></span> <span class='ocrx_word' id='word_1_67' title='bbox 2459 771 2566 814; x_wconf 89' lang='lat' dir='ltr'><strong>non</strong></span> <span class='ocrx_word' id='word_1_68' title='bbox 2617 759 2731 814; x_wconf 89' lang='lat' dir='ltr'><strong>scio</strong></span> <span class='ocrx_word' id='word_1_69' title='bbox 2783 739 2953 831; x_wconf 86' lang='lat' dir='ltr'><strong>loqui,</strong></span> <span class='ocrx_word' id='word_1_70' title='bbox 2999 765 3255 834; x_wconf 89' lang='lat' dir='ltr'><strong>quoniam</strong></span> <span class='ocrx_word' id='word_1_71' title='bbox 3304 785 3406 842; x_wconf 89' lang='lat' dir='ltr'><strong>ego</strong></span> <span class='ocrx_word' id='word_1_72' title='bbox 3441 774 3625 840; x_wconf 83' lang='lat' dir='ltr'><strong>junior</strong></span> 
     </span>
    </p>
   </div>
   <div class='ocr_carea' id='block_1_11' title="bbox 340 832 1911 930">
    <p class='ocr_par' dir='ltr' id='par_1_11' title="bbox 340 832 1911 909">
     <span class='ocr_line' id='line_1_11' title="bbox 340 832 1911 909; baseline 0.002 -22"><span class='ocrx_word' id='word_1_73' title='bbox 340 849 430 887; x_wconf 87' lang='grc' dir='ltr'><strong>σαι</strong></span> <span class='ocrx_word' id='word_1_74' title='bbox 470 832 630 888; x_wconf 77' lang='grc' dir='ltr'>ἀλλον</span> <span class='ocrx_word' id='word_1_75' title='bbox 673 833 994 904; x_wconf 81' lang='grc' dir='ltr'>δυνάμενον,</span> <span class='ocrx_word' id='word_1_76' title='bbox 1021 833 1082 886; x_wconf 79' lang='grc' dir='ltr'>ὃν</span> <span class='ocrx_word' id='word_1_77' title='bbox 1108 833 1460 902; x_wconf 40' lang='grc' dir='ltr'><strong>ἀποστελεῖς,⁸</strong></span> <span class='ocrx_word' id='word_1_78' title='bbox 1502 855 1520 887; x_wconf 74' lang='grc' dir='ltr'><strong>ι</strong></span> <span class='ocrx_word' id='word_1_79' title='bbox 1576 836 1844 909; x_wconf 82' lang='grc' dir='ltr'>Ἰερεμίου</span> <span class='ocrx_word' id='word_1_80' title='bbox 1877 838 1911 892; x_wconf 78' lang='grc' dir='ltr'><strong>δί</strong></span> 
     </span>
    </p>
   </div>
   <div class='ocr_carea' id='block_1_12' title="bbox 2015 832 3624 930">
    <p class='ocr_par' dir='ltr' id='par_1_12' title="bbox 2043 832 3624 930">
     <span class='ocr_line' id='line_1_12' title="bbox 2043 832 3624 930; baseline 0.016 -34"><span class='ocrx_word' id='word_1_81' title='bbox 2043 857 2166 898; x_wconf 87' lang='lat' dir='ltr'><strong>sum</strong></span> <span class='ocrx_word' id='word_1_82' title='bbox 2200 843 2271 899; x_wconf 79' lang='grc'><strong>³⁸.</strong></span> <span class='ocrx_word' id='word_1_83' title='bbox 2317 864 2331 899; x_wconf 85' lang='grc' dir='ltr'><strong>ι</strong></span> <span class='ocrx_word' id='word_1_84' title='bbox 2397 847 2777 908; x_wconf 85' lang='lat' dir='ltr'><strong>Ferventiores</strong></span> <span class='ocrx_word' id='word_1_85' title='bbox 2811 852 2976 924; x_wconf 88' lang='lat' dir='ltr'><strong>igitur</strong></span> <span class='ocrx_word' id='word_1_86' title='bbox 3015 832 3106 913; x_wconf 19' lang='lat' dir='ltr'><strong>ind</strong></span> <span class='ocrx_word' id='word_1_87' title='bbox 3160 832 3516 930; x_wconf 64' lang='lat' dir='ltr'><strong>apostolatum</strong></span> <span class='ocrx_word' id='word_1_88' title='bbox 3568 876 3624 922; x_wconf 83' lang='lat' dir='ltr'><strong>et</strong></span> 
     </span>
    </p>
   </div>
   <div class='ocr_carea' id='block_1_13' title="bbox 342 920 1911 1016">
    <p class='ocr_par' dir='ltr' id='par_1_13' title="bbox 342 920 1910 1000">
     <span class='ocr_line' id='line_1_13' title="bbox 342 920 1910 1000; baseline 0.004 -24"><span class='ocrx_word' id='word_1_89' title='bbox 342 920 504 978; x_wconf 91' lang='grc' dir='ltr'>πάλιν</span> <span class='ocrx_word' id='word_1_90' title='bbox 525 941 543 957; x_wconf 76' lang='grc' dir='ltr'><strong>ο</strong></span> <span class='ocrx_word' id='word_1_91' title='bbox 577 923 680 977; x_wconf 85' lang='lat' dir='ltr'><strong>t&#39;O</strong></span> <span class='ocrx_word' id='word_1_92' title='bbox 713 921 808 987; x_wconf 82' lang='grc' dir='ltr'>ὢν,</span> <span class='ocrx_word' id='word_1_93' title='bbox 836 925 1085 979; x_wconf 82' lang='grc' dir='ltr'><strong>Δέσποτα</strong></span> <span class='ocrx_word' id='word_1_94' title='bbox 1104 925 1301 996; x_wconf 77' lang='grc' dir='ltr'>Κύριε,</span> <span class='ocrx_word' id='word_1_95' title='bbox 1349 925 1460 979; x_wconf 77' lang='grc' dir='ltr'>ἰδοὺ</span> <span class='ocrx_word' id='word_1_96' title='bbox 1495 926 1596 979; x_wconf 82' lang='grc' dir='ltr'>οὐκ</span> <span class='ocrx_word' id='word_1_97' title='bbox 1633 928 1910 1000; x_wconf 82' lang='grc' dir='ltr'>ὲπίσταμα</span> 
     </span>
    </p>
   </div>
   <div class='ocr_carea' id='block_1_14' title="bbox 2015 920 3624 1016">
    <p class='ocr_par' dir='ltr' id='par_1_14' title="bbox 2044 920 3624 1016">
     <span class='ocr_line' id='line_1_14' title="bbox 2044 920 3624 1016; baseline 0.016 -29"><span class='ocrx_word' id='word_1_98' title='bbox 2044 934 2407 994; x_wconf 75' lang='lat' dir='ltr'><strong>ministerium</strong></span> <span class='ocrx_word' id='word_1_99' title='bbox 2439 939 2774 1010; x_wconf 90' lang='lat' dir='ltr'><strong>Christiani,</strong></span> <span class='ocrx_word' id='word_1_100' title='bbox 2810 920 2972 1016; x_wconf 74' lang='lat' dir='ltr'><strong>quam</strong></span> <span class='ocrx_word' id='word_1_101' title='bbox 3007 920 3220 1007; x_wconf 70' lang='lat' dir='ltr'><strong>veteres</strong></span> <span class='ocrx_word' id='word_1_102' title='bbox 3269 956 3462 1010; x_wconf 88' lang='lat' dir='ltr'><strong>sancti.</strong></span> <span class='ocrx_word' id='word_1_103' title='bbox 3498 920 3624 1012; x_wconf 41' lang='lat' dir='ltr'><strong>illa;</strong></span> 
     </span>
    </p>
   </div>
   <div class='ocr_carea' id='block_1_15' title="bbox 341 1015 1911 1118">
    <p class='ocr_par' dir='ltr' id='par_1_15' title="bbox 341 1015 1911 1090">
     <span class='ocr_line' id='line_1_15' title="bbox 341 1015 1911 1090; baseline 0.003 -22"><span class='ocrx_word' id='word_1_104' title='bbox 341 1016 542 1082; x_wconf 83' lang='grc' dir='ltr'>λαλεῖν,</span> <span class='ocrx_word' id='word_1_105' title='bbox 567 1017 649 1071; x_wconf 74' lang='grc' dir='ltr'>ὅτι</span> <span class='ocrx_word' id='word_1_106' title='bbox 688 1017 799 1083; x_wconf 81' lang='grc' dir='ltr'><strong>ἐγὼ</strong></span> <span class='ocrx_word' id='word_1_107' title='bbox 836 1017 1102 1088; x_wconf 82' lang='grc' dir='ltr'>νεώτερός</span> <span class='ocrx_word' id='word_1_108' title='bbox 1129 1018 1264 1087; x_wconf 90' lang='grc' dir='ltr'>είμι.</span> <span class='ocrx_word' id='word_1_109' title='bbox 1305 1035 1324 1068; x_wconf 76' lang='grc' dir='ltr'><strong>ι</strong></span> <span class='ocrx_word' id='word_1_110' title='bbox 1371 1015 1707 1090; x_wconf 88' lang='grc' dir='ltr'>Θερμότεροι</span> <span class='ocrx_word' id='word_1_111' title='bbox 1740 1019 1804 1090; x_wconf 79' lang='grc' dir='ltr'>δὴ</span> <span class='ocrx_word' id='word_1_112' title='bbox 1837 1015 1911 1074; x_wconf 62' lang='grc' dir='ltr'><strong>οὗ1</strong></span> 
     </span>
    </p>
   </div>
   <div class='ocr_carea' id='block_1_16' title="bbox 2015 1015 3617 1118">
    <p class='ocr_par' dir='ltr' id='par_1_16' title="bbox 2041 1015 3617 1118">
     <span class='ocr_line' id='line_1_16' title="bbox 2041 1015 3617 1118; baseline 0.016 -39"><span class='ocrx_word' id='word_1_113' title='bbox 2041 1026 2176 1118; x_wconf 78' lang='lat' dir='ltr'><strong>stris</strong></span> <span class='ocrx_word' id='word_1_114' title='bbox 2207 1039 2391 1118; x_wconf 80' lang='lat' dir='ltr'><strong>autem</strong></span> <span class='ocrx_word' id='word_1_115' title='bbox 2420 1031 2581 1102; x_wconf 81' lang='lat' dir='ltr'><strong>hujus</strong></span> <span class='ocrx_word' id='word_1_116' title='bbox 2608 1036 2687 1090; x_wconf 87' lang='lat' dir='ltr'><strong>rei</strong></span> <span class='ocrx_word' id='word_1_117' title='bbox 2726 1015 2883 1108; x_wconf 83' lang='lat' dir='ltr'><strong>typus</strong></span> <span class='ocrx_word' id='word_1_118' title='bbox 2918 1054 3040 1096; x_wconf 85' lang='lat' dir='ltr'><strong>esse</strong></span> <span class='ocrx_word' id='word_1_119' title='bbox 3061 1045 3257 1111; x_wconf 89' lang='lat' dir='ltr'><strong>poterit</strong></span> <span class='ocrx_word' id='word_1_120' title='bbox 3282 1045 3472 1102; x_wconf 85' lang='lat' dir='ltr'><strong>beatus</strong></span> <span class='ocrx_word' id='word_1_121' title='bbox 3493 1063 3617 1118; x_wconf 77' lang='lat' dir='ltr'><strong>pro-</strong></span> 
     </span>
    </p>
   </div>
   <div class='ocr_carea' id='block_1_17' title="bbox 344 1106 1911 1199">
    <p class='ocr_par' dir='ltr' id='par_1_17' title="bbox 344 1106 1911 1181">
     <span class='ocr_line' id='line_1_17' title="bbox 344 1106 1911 1181; baseline 0.001 -20"><span class='ocrx_word' id='word_1_122' title='bbox 344 1107 479 1180; x_wconf 79' lang='grc' dir='ltr'>πρὸς</span> <span class='ocrx_word' id='word_1_123' title='bbox 528 1108 831 1181; x_wconf 79' lang='grc' dir='ltr'>ἀποστολὴν</span> <span class='ocrx_word' id='word_1_124' title='bbox 889 1107 987 1162; x_wconf 73' lang='grc' dir='ltr'>καὶ</span> <span class='ocrx_word' id='word_1_125' title='bbox 1049 1106 1328 1163; x_wconf 84' lang='grc' dir='ltr'>διακονίαν</span> <span class='ocrx_word' id='word_1_126' title='bbox 1385 1107 1496 1160; x_wconf 84' lang='grc' dir='ltr'><strong>τῶν</strong></span> <span class='ocrx_word' id='word_1_127' title='bbox 1551 1109 1911 1181; x_wconf 62' lang='grc' dir='ltr'>ἀρχαιοτέρωπ</span> 
     </span>
    </p>
   </div>
   <div class='ocr_carea' id='block_1_18' title="bbox 2015 1106 3620 1199">
    <p class='ocr_par' dir='ltr' id='par_1_18' title="bbox 2038 1106 3620 1199">
     <span class='ocr_line' id='line_1_18' title="bbox 2038 1106 3620 1199; baseline 0.016 -31"><span class='ocrx_word' id='word_1_128' title='bbox 2038 1115 2200 1183; x_wconf 91' lang='lat' dir='ltr'><strong>pheta</strong></span> <span class='ocrx_word' id='word_1_129' title='bbox 2248 1115 2440 1185; x_wconf 84' lang='lat' dir='ltr'><strong>lsaias,</strong></span> <span class='ocrx_word' id='word_1_130' title='bbox 2481 1133 2604 1193; x_wconf 89' lang='lat' dir='ltr'><strong>post</strong></span> <span class='ocrx_word' id='word_1_131' title='bbox 2653 1106 2911 1182; x_wconf 83' lang='lat' dir='ltr'><strong>carbonis</strong></span> <span class='ocrx_word' id='word_1_132' title='bbox 2957 1106 3242 1199; x_wconf 76' lang='lat' dir='ltr'><strong>attactum,</strong></span> <span class='ocrx_word' id='word_1_133' title='bbox 3267 1150 3390 1191; x_wconf 88' lang='lat' dir='ltr'><strong>cum</strong></span> <span class='ocrx_word' id='word_1_134' title='bbox 3421 1106 3620 1193; x_wconf 62' lang='lat' dir='ltr'><strong>clamat</strong></span> 
     </span>
    </p>
   </div>
   <div class='ocr_carea' id='block_1_19' title="bbox 341 1198 1911 1287">
    <p class='ocr_par' dir='ltr' id='par_1_19' title="bbox 341 1198 1911 1272">
     <span class='ocr_line' id='line_1_19' title="bbox 341 1198 1911 1272; baseline 0 -18"><span class='ocrx_word' id='word_1_135' title='bbox 341 1198 512 1270; x_wconf 74' lang='grc' dir='ltr'>ἁγίων</span> <span class='ocrx_word' id='word_1_136' title='bbox 563 1201 614 1254; x_wconf 80' lang='lat' dir='ltr'><strong>oi</strong></span> <span class='ocrx_word' id='word_1_137' title='bbox 665 1201 724 1254; x_wconf 69' lang='grc' dir='ltr'><strong>έν</strong></span> <span class='ocrx_word' id='word_1_138' title='bbox 773 1200 1012 1272; x_wconf 83' lang='grc' dir='ltr'>Χριστῷ.</span> <span class='ocrx_word' id='word_1_139' title='bbox 1069 1201 1180 1255; x_wconf 80' lang='grc' dir='ltr'><strong>Καὶ</strong></span> <span class='ocrx_word' id='word_1_140' title='bbox 1227 1200 1402 1271; x_wconf 85' lang='grc' dir='ltr'>σαφὴς</span> <span class='ocrx_word' id='word_1_141' title='bbox 1448 1198 1518 1254; x_wconf 82' lang='grc' dir='ltr'><strong>ἀν</strong></span> <span class='ocrx_word' id='word_1_142' title='bbox 1559 1200 1771 1268; x_wconf 88' lang='grc' dir='ltr'>γένοιτο</span> <span class='ocrx_word' id='word_1_143' title='bbox 1817 1201 1911 1254; x_wconf 83' lang='grc' dir='ltr'>τοῦ</span> 
     </span>
    </p>
   </div>
   <div class='ocr_carea' id='block_1_20' title="bbox 2015 1198 3036 1287">
    <p class='ocr_par' dir='ltr' id='par_1_20' title="bbox 2035 1207 3036 1287">
     <span class='ocr_line' id='line_1_20' title="bbox 2035 1207 3036 1287; baseline 0.014 -28"><span class='ocrx_word' id='word_1_144' title='bbox 2035 1214 2092 1260; x_wconf 90' lang='lat' dir='ltr'><strong>et</strong></span> <span class='ocrx_word' id='word_1_145' title='bbox 2117 1207 2249 1263; x_wconf 83' lang='lat' dir='ltr'><strong>dicit</strong></span> <span class='ocrx_word' id='word_1_146' title='bbox 2279 1230 2294 1266; x_wconf 91' lang='lat'>:</span> <span class='ocrx_word' id='word_1_147' title='bbox 2326 1229 2346 1263; x_wconf 85' lang='lat' dir='ltr'><strong>t</strong></span> <span class='ocrx_word' id='word_1_148' title='bbox 2377 1212 2519 1268; x_wconf 89' lang='lat' dir='ltr'><strong>Ecce</strong></span> <span class='ocrx_word' id='word_1_149' title='bbox 2546 1231 2666 1287; x_wconf 82' lang='lat' dir='ltr'><strong>ego,</strong></span> <span class='ocrx_word' id='word_1_150' title='bbox 2701 1219 2855 1274; x_wconf 86' lang='lat' dir='ltr'><strong>mitte</strong></span> <span class='ocrx_word' id='word_1_151' title='bbox 2882 1236 2988 1277; x_wconf 90' lang='lat' dir='ltr'><strong>me.</strong></span> <span class='ocrx_word' id='word_1_152' title='bbox 3016 1241 3036 1273; x_wconf 83' lang='lat' dir='ltr'><strong>s</strong></span> 
     </span>
    </p>
   </div>
   <div class='ocr_carea' id='block_1_21' title="bbox 342 1293 3616 1390">
    <p class='ocr_par' dir='ltr' id='par_1_21' title="bbox 342 1293 3616 1390">
     <span class='ocr_line' id='line_1_21' title="bbox 342 1293 3616 1390; baseline 0.009 -44"><span class='ocrx_word' id='word_1_153' title='bbox 342 1294 664 1390; x_wconf 82' lang='grc' dir='ltr'>πράγματος</span> <span class='ocrx_word' id='word_1_154' title='bbox 920 1299 950 1349; x_wconf 98' lang='lat'><strong>6</strong></span> <span class='ocrx_word' id='word_1_155' title='bbox 984 1295 1270 1390; x_wconf 36' lang='lat' dir='ltr'><strong>tandem;</strong></span> <span class='ocrx_word' id='word_1_156' title='bbox 1298 1293 1600 1390; x_wconf 58' lang='lat' dir='ltr'><strong>_7tpotpﬁm€</strong></span> <span class='ocrx_word' id='word_1_157' title='bbox 1655 1293 1882 1359; x_wconf 76' lang='grc' dir='ltr'><strong>Ἡσαΐας</strong></span> <span class='ocrx_word' id='word_1_158' title='bbox 1902 1335 1920 1361; x_wconf 69' lang='grc'><strong>9</strong></span> <span class='ocrx_word' id='word_1_159' title='bbox 1957 1299 2097 1368; x_wconf 78' lang='grc' dir='ltr'>μετὰ</span> <span class='ocrx_word' id='word_1_160' title='bbox 2153 1303 2254 1374; x_wconf 77' lang='grc' dir='ltr'>τὴν</span> <span class='ocrx_word' id='word_1_161' title='bbox 2278 1305 2373 1360; x_wconf 80' lang='grc' dir='ltr'>τοῦ</span> <span class='ocrx_word' id='word_1_162' title='bbox 2428 1307 2700 1381; x_wconf 73' lang='grc' dir='ltr'><strong>ἄνθρακος</strong></span> <span class='ocrx_word' id='word_1_163' title='bbox 2755 1314 2975 1386; x_wconf 72' lang='grc' dir='ltr'>ἐπαφὴν</span> <span class='ocrx_word' id='word_1_164' title='bbox 3004 1316 3399 1390; x_wconf 85' lang='grc' dir='ltr'>ἀνακεκραγώς</span> <span class='ocrx_word' id='word_1_165' title='bbox 3429 1339 3489 1376; x_wconf 86' lang='grc' dir='ltr'><strong>τε</strong></span> <span class='ocrx_word' id='word_1_166' title='bbox 3523 1323 3616 1376; x_wconf 74' lang='grc' dir='ltr'>καὶ</span> 
     </span>
    </p>
   </div>
   <div class='ocr_carea' id='block_1_22' title="bbox 339 1385 1575 1456">
    <p class='ocr_par' dir='ltr' id='par_1_22' title="bbox 339 1385 1575 1456">
     <span class='ocr_line' id='line_1_22' title="bbox 339 1385 1575 1456; baseline -0.001 -17"><span class='ocrx_word' id='word_1_167' title='bbox 339 1387 512 1456; x_wconf 87' lang='grc' dir='ltr'>λέγων</span> <span class='ocrx_word' id='word_1_168' title='bbox 536 1387 631 1440; x_wconf 73' lang='grc' dir='ltr'>τόο</span> <span class='ocrx_word' id='word_1_169' title='bbox 677 1405 694 1439; x_wconf 85' lang='grc' dir='ltr'><strong>ι</strong></span> <span class='ocrx_word' id='word_1_170' title='bbox 741 1387 872 1441; x_wconf 81' lang='grc' dir='ltr'>Ἰδοὺ</span> <span class='ocrx_word' id='word_1_171' title='bbox 905 1385 1039 1456; x_wconf 70' lang='grc' dir='ltr'>ἐγὼ,</span> <span class='ocrx_word' id='word_1_172' title='bbox 1071 1386 1386 1440; x_wconf 77' lang='grc' dir='ltr'>ἀπόστεὶλόν</span> <span class='ocrx_word' id='word_1_173' title='bbox 1426 1403 1514 1456; x_wconf 87' lang='grc' dir='ltr'><strong>με.</strong></span> <span class='ocrx_word' id='word_1_174' title='bbox 1557 1404 1575 1438; x_wconf 82' lang='lat' dir='ltr'><strong>s</strong></span> 
     </span>
    </p>
   </div>
   <div class='ocr_carea' id='block_1_23' title="bbox 410 1478 1922 1552">
    <p class='ocr_par' dir='ltr' id='par_1_23' title="bbox 410 1478 1922 1552">
     <span class='ocr_line' id='line_1_23' title="bbox 410 1478 1922 1552; baseline 0.001 -15"><span class='ocrx_word' id='word_1_175' title='bbox 410 1482 520 1538; x_wconf 80' lang='lat' dir='ltr'><strong>Kal</strong></span> <span class='ocrx_word' id='word_1_176' title='bbox 533 1478 732 1537; x_wconf 76' lang='grc' dir='ltr'>εἷπεν·</span> <span class='ocrx_word' id='word_1_177' title='bbox 761 1484 1113 1552; x_wconf 81' lang='grc' dir='ltr'><strong>Πορεύθητι,</strong></span> <span class='ocrx_word' id='word_1_178' title='bbox 1142 1484 1238 1538; x_wconf 75' lang='grc' dir='ltr'>καὶ</span> <span class='ocrx_word' id='word_1_179' title='bbox 1264 1480 1438 1538; x_wconf 74' lang='grc' dir='ltr'>εἶκον</span> <span class='ocrx_word' id='word_1_180' title='bbox 1460 1483 1541 1550; x_wconf 87' lang='grc' dir='ltr'>τῷ</span> <span class='ocrx_word' id='word_1_181' title='bbox 1568 1482 1697 1552; x_wconf 79' lang='grc' dir='ltr'><strong>,ιαῷ</strong></span> <span class='ocrx_word' id='word_1_182' title='bbox 1713 1483 1922 1551; x_wconf 62' lang='lat' dir='ltr'><strong>cmiter</strong></span> 
     </span>
    </p>
   </div>
   <div class='ocr_carea' id='block_1_24' title="bbox 356 1575 1926 1648">
    <p class='ocr_par' dir='ltr' id='par_1_24' title="bbox 356 1575 1926 1648">
     <span class='ocr_line' id='line_1_24' title="bbox 356 1575 1926 1648; baseline -0.001 -14"><span class='ocrx_word' id='word_1_183' title='bbox 356 1575 530 1644; x_wconf 73' lang='grc' dir='ltr'>Ἀκοῆ</span> <span class='ocrx_word' id='word_1_184' title='bbox 550 1577 863 1640; x_wconf 74' lang='grc' dir='ltr'><strong>ἀκούσετε,</strong></span> <span class='ocrx_word' id='word_1_185' title='bbox 887 1575 985 1630; x_wconf 74' lang='grc' dir='ltr'><strong>καί</strong></span> <span class='ocrx_word' id='word_1_186' title='bbox 1005 1577 1078 1631; x_wconf 82' lang='grc' dir='ltr'>οὐ</span> <span class='ocrx_word' id='word_1_187' title='bbox 1086 1577 1172 1648; x_wconf 79' lang='grc' dir='ltr'>μὴ</span> <span class='ocrx_word' id='word_1_188' title='bbox 1192 1577 1438 1647; x_wconf 74' lang='grc' dir='ltr'>συνῆτε·</span> <span class='ocrx_word' id='word_1_189' title='bbox 1468 1579 1567 1633; x_wconf 73' lang='grc' dir='ltr'>καὶ</span> <span class='ocrx_word' id='word_1_190' title='bbox 1583 1579 1926 1644; x_wconf 71' lang='grc' dir='ltr'>,ϐλέποντες</span> 
     </span>
    </p>
   </div>
   <div class='ocr_carea' id='block_1_25' title="bbox 2109 1484 3611 1578">
    <p class='ocr_par' dir='ltr' id='par_1_25' title="bbox 2109 1484 3611 1578">
     <span class='ocr_line' id='line_1_25' title="bbox 2109 1484 3611 1578; baseline 0.018 -40"><span class='ocrx_word' id='word_1_191' title='bbox 2109 1484 2271 1578; x_wconf 67' lang='lat' dir='ltr'><strong>Vens.</strong></span> <span class='ocrx_word' id='word_1_192' title='bbox 2307 1486 2363 1552; x_wconf 82' lang='lat'><strong>9,</strong></span> <span class='ocrx_word' id='word_1_193' title='bbox 2399 1488 2486 1544; x_wconf 80' lang='grc'><strong>10.</strong></span> <span class='ocrx_word' id='word_1_194' title='bbox 2523 1487 2590 1544; x_wconf 83' lang='lat' dir='ltr'><strong>Et</strong></span> <span class='ocrx_word' id='word_1_195' title='bbox 2623 1492 2760 1548; x_wconf 66' lang='lat' dir='ltr'><strong>dixit</strong></span> <span class='ocrx_word' id='word_1_196' title='bbox 2796 1509 2816 1548; x_wconf 90' lang='lat'><strong><em>:</em></strong></span> <span class='ocrx_word' id='word_1_197' title='bbox 2861 1493 3232 1566; x_wconf 72' lang='lat' dir='ltr'><strong>Proﬁciscere,</strong></span> <span class='ocrx_word' id='word_1_198' title='bbox 3290 1512 3341 1557; x_wconf 90' lang='lat' dir='ltr'><strong>et</strong></span> <span class='ocrx_word' id='word_1_199' title='bbox 3387 1505 3474 1561; x_wconf 81' lang='lat' dir='ltr'><strong>dic</strong></span> <span class='ocrx_word' id='word_1_200' title='bbox 3511 1524 3611 1578; x_wconf 79' lang='lat' dir='ltr'><strong>po-</strong></span> 
     </span>
    </p>
   </div>
   <div class='ocr_carea' id='block_1_26' title="bbox 2031 1577 3611 1667">
    <p class='ocr_par' dir='ltr' id='par_1_26' title="bbox 2031 1577 3611 1667">
     <span class='ocr_line' id='line_1_26' title="bbox 2031 1577 3611 1667; baseline 0.017 -39"><span class='ocrx_word' id='word_1_201' title='bbox 2031 1577 2157 1645; x_wconf 82' lang='lat' dir='ltr'><strong>pqu</strong></span> <span class='ocrx_word' id='word_1_202' title='bbox 2177 1578 2300 1632; x_wconf 72' lang='lat' dir='ltr'><strong>huic</strong></span> <span class='ocrx_word' id='word_1_203' title='bbox 2331 1593 2352 1633; x_wconf 89' lang='lat'><strong><em>:</em></strong></span> <span class='ocrx_word' id='word_1_204' title='bbox 2386 1579 2547 1651; x_wconf 84' lang='grc' dir='ltr'><strong>ιιο</strong></span> <span class='ocrx_word' id='word_1_205' title='bbox 2567 1581 2767 1638; x_wconf 74' lang='lat' dir='ltr'><strong>Audiat</strong></span> <span class='ocrx_word' id='word_1_206' title='bbox 2795 1586 3042 1650; x_wconf 73' lang='lat' dir='ltr'><strong>audietis,</strong></span> <span class='ocrx_word' id='word_1_207' title='bbox 3075 1599 3124 1644; x_wconf 92' lang='lat' dir='ltr'><strong>et</strong></span> <span class='ocrx_word' id='word_1_208' title='bbox 3141 1607 3246 1646; x_wconf 89' lang='lat' dir='ltr'><strong>non</strong></span> <span class='ocrx_word' id='word_1_209' title='bbox 3272 1577 3611 1667; x_wconf 68' lang='lat' dir='ltr'><strong>intelligetis;</strong></span> 
     </span>
    </p>
   </div>
   <div class='ocr_carea' id='block_1_27' title="bbox 337 1665 1911 1761">
    <p class='ocr_par' dir='ltr' id='par_1_27' title="bbox 337 1665 1911 1738">
     <span class='ocr_line' id='line_1_27' title="bbox 337 1665 1911 1738; baseline 0.003 -20"><span class='ocrx_word' id='word_1_210' title='bbox 337 1665 612 1734; x_wconf 71' lang='grc' dir='ltr'>βλέψετε</span> <span class='ocrx_word' id='word_1_211' title='bbox 635 1705 650 1730; x_wconf 91' lang='grc'><strong>,</strong></span> <span class='ocrx_word' id='word_1_212' title='bbox 698 1667 797 1720; x_wconf 78' lang='grc' dir='ltr'>καὶ</span> <span class='ocrx_word' id='word_1_213' title='bbox 844 1669 916 1722; x_wconf 82' lang='grc' dir='ltr'>οὐ</span> <span class='ocrx_word' id='word_1_214' title='bbox 951 1666 1040 1738; x_wconf 78' lang='grc' dir='ltr'>μὴ</span> <span class='ocrx_word' id='word_1_215' title='bbox 1092 1667 1282 1737; x_wconf 64' lang='lat' dir='ltr'><strong>tanta.</strong></span> <span class='ocrx_word' id='word_1_216' title='bbox 1325 1669 1664 1738; x_wconf 77' lang='grc' dir='ltr'>Ἐπαχύνθη</span> <span class='ocrx_word' id='word_1_217' title='bbox 1712 1667 1823 1738; x_wconf 74' lang='grc' dir='ltr'>γὰρ</span> <span class='ocrx_word' id='word_1_218' title='bbox 1874 1669 1911 1738; x_wconf 72' lang='grc' dir='ltr'>ἡ</span> 
     </span>
    </p>
   </div>
   <div class='ocr_carea' id='block_1_28' title="bbox 2015 1665 3609 1761">
    <p class='ocr_par' dir='ltr' id='par_1_28' title="bbox 2031 1665 3609 1761">
     <span class='ocr_line' id='line_1_28' title="bbox 2031 1665 3609 1761; baseline 0.015 -41"><span class='ocrx_word' id='word_1_219' title='bbox 2031 1668 2342 1761; x_wconf 66' lang='lat' dir='ltr'><strong>stridentes</strong></span> <span class='ocrx_word' id='word_1_220' title='bbox 2367 1672 2628 1736; x_wconf 74' lang='lat' dir='ltr'><strong>uidebitis,</strong></span> <span class='ocrx_word' id='word_1_221' title='bbox 2660 1685 2708 1729; x_wconf 89' lang='lat' dir='ltr'><strong>et</strong></span> <span class='ocrx_word' id='word_1_222' title='bbox 2745 1694 2850 1731; x_wconf 79' lang='lat' dir='ltr'><strong>non</strong></span> <span class='ocrx_word' id='word_1_223' title='bbox 2894 1679 3158 1736; x_wconf 74' lang='lat' dir='ltr'><strong>videbitis.</strong></span> <span class='ocrx_word' id='word_1_224' title='bbox 3187 1665 3609 1744; x_wconf 36' lang='lat' dir='ltr'><strong>Crassum—enirn</strong></span> 
     </span>
    </p>
   </div>
   <div class='ocr_carea' id='block_1_29' title="bbox 341 1759 1926 1829">
    <p class='ocr_par' dir='ltr' id='par_1_29' title="bbox 341 1759 1926 1829">
     <span class='ocr_line' id='line_1_29' title="bbox 341 1759 1926 1829; baseline 0 -14"><span class='ocrx_word' id='word_1_225' title='bbox 341 1759 561 1829; x_wconf 81' lang='grc' dir='ltr'>καρδιά</span> <span class='ocrx_word' id='word_1_226' title='bbox 596 1759 702 1814; x_wconf 86' lang='grc' dir='ltr'>τοῦ</span> <span class='ocrx_word' id='word_1_227' title='bbox 739 1761 894 1816; x_wconf 63' lang='lat' dir='ltr'><strong>dum“:</strong></span> <span class='ocrx_word' id='word_1_228' title='bbox 925 1761 1162 1826; x_wconf 82' lang='grc' dir='ltr'>τούτου,</span> <span class='ocrx_word' id='word_1_229' title='bbox 1205 1762 1308 1816; x_wconf 73' lang='grc' dir='ltr'><strong>καί</strong></span> <span class='ocrx_word' id='word_1_230' title='bbox 1355 1761 1483 1828; x_wconf 84' lang='grc' dir='ltr'>τοῖς</span> <span class='ocrx_word' id='word_1_231' title='bbox 1517 1762 1686 1820; x_wconf 74' lang='grc' dir='ltr'>,ὠσίν</span> <span class='ocrx_word' id='word_1_232' title='bbox 1725 1759 1926 1816; x_wconf 75' lang='grc' dir='ltr'>αὐτῶν</span> 
     </span>
    </p>
   </div>
   <div class='ocr_carea' id='block_1_30' title="bbox 332 1851 1926 1924">
    <p class='ocr_par' dir='ltr' id='par_1_30' title="bbox 332 1851 1926 1924">
     <span class='ocr_line' id='line_1_30' title="bbox 332 1851 1926 1924; baseline 0.001 -18"><span class='ocrx_word' id='word_1_233' title='bbox 332 1851 574 1922; x_wconf 79' lang='grc' dir='ltr'>,βαρέως</span> <span class='ocrx_word' id='word_1_234' title='bbox 630 1851 904 1921; x_wconf 79' lang='grc' dir='ltr'>ἤκουσαν</span> <span class='ocrx_word' id='word_1_235' title='bbox 925 1893 942 1918; x_wconf 97' lang='grc'><strong>,</strong></span> <span class='ocrx_word' id='word_1_236' title='bbox 989 1853 1089 1908; x_wconf 77' lang='grc' dir='ltr'><strong>καί</strong></span> <span class='ocrx_word' id='word_1_237' title='bbox 1144 1853 1290 1922; x_wconf 78' lang='grc' dir='ltr'>τοὺς</span> <span class='ocrx_word' id='word_1_238' title='bbox 1340 1854 1690 1924; x_wconf 73' lang='grc' dir='ltr'>ὀφθαλμοὺς</span> <span class='ocrx_word' id='word_1_239' title='bbox 1725 1851 1926 1910; x_wconf 72' lang='grc' dir='ltr'>αὐτῶν</span> 
     </span>
    </p>
   </div>
   <div class='ocr_carea' id='block_1_31' title="bbox 337 1944 1925 2016">
    <p class='ocr_par' dir='ltr' id='par_1_31' title="bbox 337 1944 1925 2016">
     <span class='ocr_line' id='line_1_31' title="bbox 337 1944 1925 2016; baseline -0.001 -17"><span class='ocrx_word' id='word_1_240' title='bbox 337 1945 714 2016; x_wconf 80' lang='grc' dir='ltr'><strong>ἐκάμμυσαν,</strong></span> <span class='ocrx_word' id='word_1_241' title='bbox 751 1945 836 2016; x_wconf 81' lang='grc' dir='ltr'>μή</span> <span class='ocrx_word' id='word_1_242' title='bbox 877 1959 1026 2000; x_wconf 76' lang='grc' dir='ltr'>ποτε</span> <span class='ocrx_word' id='word_1_243' title='bbox 1069 1945 1241 2001; x_wconf 76' lang='grc' dir='ltr'>ἴδωσι</span> <span class='ocrx_word' id='word_1_244' title='bbox 1273 1947 1401 2013; x_wconf 82' lang='grc' dir='ltr'>τοῖς</span> <span class='ocrx_word' id='word_1_245' title='bbox 1433 1945 1793 2015; x_wconf 75' lang='grc' dir='ltr'><strong>ὀφθαλμοῖς,</strong></span> <span class='ocrx_word' id='word_1_246' title='bbox 1824 1944 1925 2006; x_wconf 69' lang='grc' dir='ltr'>καὶ</span> 
     </span>
    </p>
   </div>
   <div class='ocr_carea' id='block_1_32' title="bbox 335 2035 1923 2108">
    <p class='ocr_par' dir='ltr' id='par_1_32' title="bbox 335 2035 1923 2108">
     <span class='ocr_line' id='line_1_32' title="bbox 335 2035 1923 2108; baseline 0.002 -21"><span class='ocrx_word' id='word_1_247' title='bbox 335 2037 460 2104; x_wconf 81' lang='grc' dir='ltr'>τοῖς</span> <span class='ocrx_word' id='word_1_248' title='bbox 488 2037 642 2092; x_wconf 74' lang='grc' dir='ltr'><strong>ὠσὶν</strong></span> <span class='ocrx_word' id='word_1_249' title='bbox 668 2037 1002 2102; x_wconf 83' lang='grc' dir='ltr'>ἀκούσωσι,</span> <span class='ocrx_word' id='word_1_250' title='bbox 1051 2037 1152 2093; x_wconf 75' lang='grc' dir='ltr'>καὶ</span> <span class='ocrx_word' id='word_1_251' title='bbox 1179 2036 1257 2107; x_wconf 75' lang='grc' dir='ltr'>τῇ</span> <span class='ocrx_word' id='word_1_252' title='bbox 1282 2037 1497 2108; x_wconf 78' lang='grc' dir='ltr'>καρδίᾳ</span> <span class='ocrx_word' id='word_1_253' title='bbox 1535 2035 1795 2103; x_wconf 81' lang='grc' dir='ltr'>συνῶσι,</span> <span class='ocrx_word' id='word_1_254' title='bbox 1821 2036 1923 2090; x_wconf 74' lang='grc' dir='ltr'><strong>καί</strong></span> 
     </span>
    </p>
   </div>
   <div class='ocr_carea' id='block_1_33' title="bbox 330 2126 1447 2199">
    <p class='ocr_par' dir='ltr' id='par_1_33' title="bbox 330 2126 1447 2199">
     <span class='ocr_line' id='line_1_33' title="bbox 330 2126 1447 2199; baseline 0.004 -19"><span class='ocrx_word' id='word_1_255' title='bbox 330 2126 763 2196; x_wconf 74' lang='grc' dir='ltr'>ἐπιστρέψωσι,</span> <span class='ocrx_word' id='word_1_256' title='bbox 794 2127 896 2182; x_wconf 74' lang='grc' dir='ltr'>καὶ</span> <span class='ocrx_word' id='word_1_257' title='bbox 921 2127 1178 2199; x_wconf 75' lang='grc' dir='ltr'>ιάσωμαι</span> <span class='ocrx_word' id='word_1_258' title='bbox 1203 2130 1447 2196; x_wconf 82' lang='grc' dir='ltr'>αὐτούς.</span> 
     </span>
    </p>
   </div>
   <div class='ocr_carea' id='block_1_34' title="bbox 401 2216 1921 2294">
    <p class='ocr_par' dir='ltr' id='par_1_34' title="bbox 401 2216 1921 2294">
     <span class='ocr_line' id='line_1_34' title="bbox 401 2216 1921 2294; baseline 0.003 -22"><span class='ocrx_word' id='word_1_259' title='bbox 401 2216 670 2290; x_wconf 83' lang='grc' dir='ltr'>Πώρωσιν</span> <span class='ocrx_word' id='word_1_260' title='bbox 698 2219 797 2290; x_wconf 84' lang='grc' dir='ltr'>μὲν</span> <span class='ocrx_word' id='word_1_261' title='bbox 831 2219 944 2274; x_wconf 82' lang='grc' dir='ltr'><strong>ἀπὺ</strong></span> <span class='ocrx_word' id='word_1_262' title='bbox 975 2220 1174 2291; x_wconf 79' lang='grc' dir='ltr'>μέρους</span> <span class='ocrx_word' id='word_1_263' title='bbox 1211 2221 1541 2291; x_wconf 79' lang='grc' dir='ltr'>γεγενῆσθαι</span> <span class='ocrx_word' id='word_1_264' title='bbox 1562 2221 1642 2292; x_wconf 86' lang='grc' dir='ltr'><strong>τῷ</strong></span> <span class='ocrx_word' id='word_1_265' title='bbox 1680 2222 1921 2294; x_wconf 78' lang='grc' dir='ltr'>Ἰσραὴλ,</span> 
     </span>
    </p>
   </div>
   <div class='ocr_carea' id='block_1_35' title="bbox 328 2307 1923 2388">
    <p class='ocr_par' dir='ltr' id='par_1_35' title="bbox 328 2307 1923 2388">
     <span class='ocr_line' id='line_1_35' title="bbox 328 2307 1923 2388; baseline 0.004 -26"><span class='ocrx_word' id='word_1_266' title='bbox 328 2311 357 2363; x_wconf 95' lang='lat'><strong>6</strong></span> <span class='ocrx_word' id='word_1_267' title='bbox 387 2309 677 2374; x_wconf 81' lang='grc' dir='ltr'>θεσπέσιος</span> <span class='ocrx_word' id='word_1_268' title='bbox 712 2307 928 2382; x_wconf 86' lang='grc' dir='ltr'>γράφει</span> <span class='ocrx_word' id='word_1_269' title='bbox 949 2312 1162 2376; x_wconf 83' lang='grc' dir='ltr'>Παῦλος</span> <span class='ocrx_word' id='word_1_270' title='bbox 1182 2329 1196 2344; x_wconf 87' lang='grc'><strong>·</strong></span> <span class='ocrx_word' id='word_1_271' title='bbox 1235 2313 1612 2385; x_wconf 85' lang='grc' dir='ltr'>διερμηνεύων</span> <span class='ocrx_word' id='word_1_272' title='bbox 1639 2315 1697 2367; x_wconf 83' lang='grc' dir='ltr'>δὲ</span> <span class='ocrx_word' id='word_1_273' title='bbox 1728 2315 1923 2388; x_wconf 86' lang='grc' dir='ltr'>ὥσπερ</span> 
     </span>
    </p>
   </div>
   <div class='ocr_carea' id='block_1_36' title="bbox 327 2402 1920 2476">
    <p class='ocr_par' dir='ltr' id='par_1_36' title="bbox 327 2402 1920 2476">
     <span class='ocr_line' id='line_1_36' title="bbox 327 2402 1920 2476; baseline 0.004 -21"><span class='ocrx_word' id='word_1_274' title='bbox 327 2402 452 2456; x_wconf 87' lang='grc' dir='ltr'>τίνα</span> <span class='ocrx_word' id='word_1_275' title='bbox 503 2403 706 2476; x_wconf 77' lang='grc' dir='ltr'>τρόπον</span> <span class='ocrx_word' id='word_1_276' title='bbox 764 2404 951 2468; x_wconf 85' lang='grc' dir='ltr'>αὐτοῖς</span> <span class='ocrx_word' id='word_1_277' title='bbox 1012 2403 1110 2476; x_wconf 83' lang='grc' dir='ltr'>τὴν</span> <span class='ocrx_word' id='word_1_278' title='bbox 1155 2403 1415 2476; x_wconf 82' lang='grc' dir='ltr'>πώρωσιν</span> <span class='ocrx_word' id='word_1_279' title='bbox 1455 2405 1660 2475; x_wconf 78' lang='grc' dir='ltr'>συνέϐη</span> <span class='ocrx_word' id='word_1_280' title='bbox 1705 2407 1920 2461; x_wconf 80' lang='grc' dir='ltr'>παθεῖν.</span> 
     </span>
    </p>
   </div>
   <div class='ocr_carea' id='block_1_37' title="bbox 344 2495 1923 2569">
    <p class='ocr_par' dir='ltr' id='par_1_37' title="bbox 344 2495 1923 2569">
     <span class='ocr_line' id='line_1_37' title="bbox 344 2495 1923 2569; baseline 0.003 -22"><span class='ocrx_word' id='word_1_281' title='bbox 344 2516 361 2547; x_wconf 76' lang='grc' dir='ltr'><strong>ι</strong></span> <span class='ocrx_word' id='word_1_282' title='bbox 378 2496 542 2567; x_wconf 80' lang='grc' dir='ltr'>Ἀχρι</span> <span class='ocrx_word' id='word_1_283' title='bbox 555 2495 666 2568; x_wconf 82' lang='grc' dir='ltr'><strong>γὰρ</strong></span> <span class='ocrx_word' id='word_1_284' title='bbox 688 2497 952 2568; x_wconf 74' lang='grc' dir='ltr'>σήμερον,</span> <span class='ocrx_word' id='word_1_285' title='bbox 979 2497 1170 2568; x_wconf 62' lang='grc' dir='ltr'>φησιν,</span> <span class='ocrx_word' id='word_1_286' title='bbox 1193 2496 1359 2569; x_wconf 79' lang='grc' dir='ltr'>ἡνίκα</span> <span class='ocrx_word' id='word_1_287' title='bbox 1382 2497 1449 2551; x_wconf 80' lang='grc' dir='ltr'><strong>ἀν</strong></span> <span class='ocrx_word' id='word_1_288' title='bbox 1480 2496 1923 2568; x_wconf 78' lang='grc' dir='ltr'>ἀναγινώσκηται</span> 
     </span>
    </p>
   </div>
   <div class='ocr_carea' id='block_1_38' title="bbox 334 2587 1914 2660">
    <p class='ocr_par' dir='ltr' id='par_1_38' title="bbox 334 2587 1914 2660">
     <span class='ocr_line' id='line_1_38' title="bbox 334 2587 1914 2660; baseline 0 -19"><span class='ocrx_word' id='word_1_289' title='bbox 334 2588 545 2654; x_wconf 81' lang='grc' dir='ltr'>Μωσῆς</span> <span class='ocrx_word' id='word_1_290' title='bbox 567 2625 584 2653; x_wconf 91' lang='grc'><strong>,</strong></span> <span class='ocrx_word' id='word_1_291' title='bbox 621 2587 890 2659; x_wconf 77' lang='grc' dir='ltr'>κάλυμμα</span> <span class='ocrx_word' id='word_1_292' title='bbox 941 2587 1034 2642; x_wconf 68' lang='grc' dir='ltr'><strong>ἐπὶ</strong></span> <span class='ocrx_word' id='word_1_293' title='bbox 1070 2587 1172 2660; x_wconf 78' lang='grc' dir='ltr'>τὴν</span> <span class='ocrx_word' id='word_1_294' title='bbox 1206 2588 1433 2659; x_wconf 75' lang='grc' dir='ltr'>καρδίαν</span> <span class='ocrx_word' id='word_1_295' title='bbox 1483 2587 1662 2642; x_wconf 79' lang='grc' dir='ltr'>αὐτῶν</span> <span class='ocrx_word' id='word_1_296' title='bbox 1687 2592 1914 2643; x_wconf 78' lang='grc' dir='ltr'>κεῖται.»</span> 
     </span>
    </p>
   </div>
   <div class='ocr_carea' id='block_1_39' title="bbox 337 2671 1922 2753">
    <p class='ocr_par' dir='ltr' id='par_1_39' title="bbox 337 2671 1922 2753">
     <span class='ocr_line' id='line_1_39' title="bbox 337 2671 1922 2753; baseline 0.003 -23"><span class='ocrx_word' id='word_1_297' title='bbox 337 2677 456 2730; x_wconf 71' lang='grc' dir='ltr'><strong>Καὶ</strong></span> <span class='ocrx_word' id='word_1_298' title='bbox 487 2677 596 2748; x_wconf 85' lang='grc' dir='ltr'>γὰρ</span> <span class='ocrx_word' id='word_1_299' title='bbox 628 2671 698 2748; x_wconf 81' lang='grc' dir='ltr'><strong>ῆν</strong></span> <span class='ocrx_word' id='word_1_300' title='bbox 739 2677 1035 2732; x_wconf 87' lang='grc' dir='ltr'>ἀκόλουθον</span> <span class='ocrx_word' id='word_1_301' title='bbox 1067 2683 1185 2742; x_wconf 84' lang='grc' dir='ltr'>τοῖς</span> <span class='ocrx_word' id='word_1_302' title='bbox 1224 2681 1305 2744; x_wconf 81' lang='grc' dir='ltr'>εἰς</span> <span class='ocrx_word' id='word_1_303' title='bbox 1344 2679 1502 2733; x_wconf 83' lang='grc' dir='ltr'>τοῦτο</span> <span class='ocrx_word' id='word_1_304' title='bbox 1530 2680 1710 2733; x_wconf 82' lang='grc' dir='ltr'>λοιπὸν</span> <span class='ocrx_word' id='word_1_305' title='bbox 1734 2681 1922 2753; x_wconf 82' lang='grc' dir='ltr'>ἀγριόο</span> 
     </span>
    </p>
   </div>
   <div class='ocr_carea' id='block_1_40' title="bbox 336 2769 1919 2841">
    <p class='ocr_par' dir='ltr' id='par_1_40' title="bbox 336 2769 1919 2841">
     <span class='ocr_line' id='line_1_40' title="bbox 336 2769 1919 2841; baseline 0.004 -22"><span class='ocrx_word' id='word_1_306' title='bbox 336 2785 504 2839; x_wconf 89' lang='grc' dir='ltr'>τητος</span> <span class='ocrx_word' id='word_1_307' title='bbox 544 2769 766 2840; x_wconf 88' lang='grc' dir='ltr'>τρόπων</span> <span class='ocrx_word' id='word_1_308' title='bbox 797 2769 1178 2841; x_wconf 77' lang='grc' dir='ltr'>ὠλισθηκόσιν,</span> <span class='ocrx_word' id='word_1_309' title='bbox 1215 2771 1290 2835; x_wconf 87' lang='grc' dir='ltr'><strong>ώς</strong></span> <span class='ocrx_word' id='word_1_310' title='bbox 1327 2771 1460 2826; x_wconf 86' lang='grc' dir='ltr'>πολὺ</span> <span class='ocrx_word' id='word_1_311' title='bbox 1515 2774 1692 2826; x_wconf 79' lang='grc' dir='ltr'>νοσεῖν</span> <span class='ocrx_word' id='word_1_312' title='bbox 1729 2772 1791 2825; x_wconf 81' lang='grc' dir='ltr'><strong>τὸ</strong></span> <span class='ocrx_word' id='word_1_313' title='bbox 1827 2773 1919 2840; x_wconf 76' lang='grc' dir='ltr'><strong>ἐξ·</strong></span> 
     </span>
    </p>
   </div>
   <div class='ocr_carea' id='block_1_41' title="bbox 337 2861 1918 2934">
    <p class='ocr_par' dir='ltr' id='par_1_41' title="bbox 337 2861 1918 2934">
     <span class='ocr_line' id='line_1_41' title="bbox 337 2861 1918 2934; baseline 0.008 -25"><span class='ocrx_word' id='word_1_314' title='bbox 337 2861 514 2926; x_wconf 82' lang='grc' dir='ltr'>ήνιον,</span> <span class='ocrx_word' id='word_1_315' title='bbox 565 2861 662 2914; x_wconf 73' lang='grc' dir='ltr'>καὶ</span> <span class='ocrx_word' id='word_1_316' title='bbox 711 2861 848 2932; x_wconf 83' lang='grc' dir='ltr'>μήτε</span> <span class='ocrx_word' id='word_1_317' title='bbox 898 2864 1010 2925; x_wconf 87' lang='grc' dir='ltr'>τοῖς</span> <span class='ocrx_word' id='word_1_318' title='bbox 1055 2862 1298 2927; x_wconf 82' lang='grc' dir='ltr'><strong>Μωσέως</strong></span> <span class='ocrx_word' id='word_1_319' title='bbox 1356 2865 1680 2934; x_wconf 86' lang='grc' dir='ltr'>γράμμασιν</span> <span class='ocrx_word' id='word_1_320' title='bbox 1745 2867 1918 2921; x_wconf 85' lang='grc' dir='ltr'>εἴκειν</span> 
     </span>
    </p>
   </div>
   <div class='ocr_carea' id='block_1_42' title="bbox 262 2950 1917 3029">
    <p class='ocr_par' dir='ltr' id='par_1_42' title="bbox 262 2950 1917 3029">
     <span class='ocr_line' id='line_1_42' title="bbox 262 2950 1917 3029; baseline 0.005 -26"><span class='ocrx_word' id='word_1_321' title='bbox 262 3019 264 3021; x_wconf 5' lang='grc' dir='ltr'><strong>ς</strong></span> <span class='ocrx_word' id='word_1_322' title='bbox 340 2950 636 3016; x_wconf 64' lang='grc' dir='ltr'>ἐθέλοντες,</span> <span class='ocrx_word' id='word_1_323' title='bbox 683 2954 820 3024; x_wconf 81' lang='grc' dir='ltr'>μήτε</span> <span class='ocrx_word' id='word_1_324' title='bbox 861 2952 968 3025; x_wconf 76' lang='grc' dir='ltr'>μὴν</span> <span class='ocrx_word' id='word_1_325' title='bbox 993 2956 1106 3018; x_wconf 83' lang='grc' dir='ltr'>τοῖς</span> <span class='ocrx_word' id='word_1_326' title='bbox 1149 2955 1324 3024; x_wconf 80' lang='grc' dir='ltr'>ἁγίοις</span> <span class='ocrx_word' id='word_1_327' title='bbox 1367 2959 1710 3027; x_wconf 84' lang='grc' dir='ltr'>προφήταις·</span> <span class='ocrx_word' id='word_1_328' title='bbox 1744 2975 1917 3029; x_wconf 82' lang='grc' dir='ltr'>προσ-</span> 
     </span>
    </p>
   </div>
   <div class='ocr_carea' id='block_1_43' title="bbox 2025 1759 3612 1850">
    <p class='ocr_par' dir='ltr' id='par_1_43' title="bbox 2025 1759 3612 1850">
     <span class='ocr_line' id='line_1_43' title="bbox 2025 1759 3612 1850; baseline 0.016 -39"><span class='ocrx_word' id='word_1_329' title='bbox 2025 1759 2271 1828; x_wconf 55' lang='lat' dir='ltr'><strong>electum</strong></span> <span class='ocrx_word' id='word_1_330' title='bbox 2325 1772 2401 1817; x_wconf 85' lang='lat' dir='ltr'><strong>est</strong></span> <span class='ocrx_word' id='word_1_331' title='bbox 2447 1780 2541 1818; x_wconf 91' lang='lat' dir='ltr'><strong>cor</strong></span> <span class='ocrx_word' id='word_1_332' title='bbox 2585 1769 2762 1836; x_wconf 77' lang='lat' dir='ltr'><strong>populi</strong></span> <span class='ocrx_word' id='word_1_333' title='bbox 2809 1769 3006 1840; x_wconf 80' lang='lat' dir='ltr'><strong>hujus,</strong></span> <span class='ocrx_word' id='word_1_334' title='bbox 3045 1782 3097 1827; x_wconf 84' lang='lat' dir='ltr'><strong>et</strong></span> <span class='ocrx_word' id='word_1_335' title='bbox 3134 1776 3353 1833; x_wconf 75' lang='lat' dir='ltr'><strong>auribus</strong></span> <span class='ocrx_word' id='word_1_336' title='bbox 3383 1783 3612 1850; x_wconf 76' lang='lat' dir='ltr'><strong>graviter</strong></span> 
     </span>
    </p>
   </div>
   <div class='ocr_carea' id='block_1_44' title="bbox 2025 1850 3609 1940">
    <p class='ocr_par' dir='ltr' id='par_1_44' title="bbox 2025 1850 3609 1940">
     <span class='ocr_line' id='line_1_44' title="bbox 2025 1850 3609 1940; baseline 0.015 -39"><span class='ocrx_word' id='word_1_337' title='bbox 2025 1850 2352 1918; x_wconf 77' lang='lat' dir='ltr'><strong>audierunt,</strong></span> <span class='ocrx_word' id='word_1_338' title='bbox 2409 1863 2458 1907; x_wconf 86' lang='lat' dir='ltr'><strong>et</strong></span> <span class='ocrx_word' id='word_1_339' title='bbox 2513 1855 2695 1912; x_wconf 84' lang='lat' dir='ltr'><strong>oculos</strong></span> <span class='ocrx_word' id='word_1_340' title='bbox 2743 1875 2868 1914; x_wconf 84' lang='lat' dir='ltr'><strong>suos</strong></span> <span class='ocrx_word' id='word_1_341' title='bbox 2911 1863 3283 1931; x_wconf 75' lang='lat' dir='ltr'><strong>occluserunt,</strong></span> <span class='ocrx_word' id='word_1_342' title='bbox 3335 1871 3609 1940; x_wconf 76' lang='lat' dir='ltr'><strong>nequando</strong></span> 
     </span>
    </p>
   </div>
   <div class='ocr_carea' id='block_1_45' title="bbox 2025 1942 3611 2020">
    <p class='ocr_par' dir='ltr' id='par_1_45' title="bbox 2025 1942 3611 2020">
     <span class='ocr_line' id='line_1_45' title="bbox 2025 1942 3611 2020; baseline 0.011 -25"><span class='ocrx_word' id='word_1_343' title='bbox 2025 1942 2236 1996; x_wconf 78' lang='lat' dir='ltr'><strong>videant</strong></span> <span class='ocrx_word' id='word_1_344' title='bbox 2293 1943 2486 2011; x_wconf 81' lang='lat' dir='ltr'><strong>oculis,</strong></span> <span class='ocrx_word' id='word_1_345' title='bbox 2533 1957 2585 2000; x_wconf 80' lang='lat' dir='ltr'><strong>et</strong></span> <span class='ocrx_word' id='word_1_346' title='bbox 2635 1951 2855 2004; x_wconf 81' lang='lat' dir='ltr'><strong>auribus</strong></span> <span class='ocrx_word' id='word_1_347' title='bbox 2875 1955 3122 2020; x_wconf 82' lang='lat' dir='ltr'><strong>audiant,</strong></span> <span class='ocrx_word' id='word_1_348' title='bbox 3157 1966 3204 2011; x_wconf 89' lang='lat' dir='ltr'><strong>et</strong></span> <span class='ocrx_word' id='word_1_349' title='bbox 3238 1959 3396 2014; x_wconf 87' lang='lat' dir='ltr'><strong>corde</strong></span> <span class='ocrx_word' id='word_1_350' title='bbox 3421 1960 3611 2016; x_wconf 82' lang='lat' dir='ltr'><strong>intelli-</strong></span> 
     </span>
    </p>
   </div>
   <div class='ocr_carea' id='block_1_46' title="bbox 2024 2043 3113 2109">
    <p class='ocr_par' dir='ltr' id='par_1_46' title="bbox 2024 2043 3113 2109">
     <span class='ocr_line' id='line_1_46' title="bbox 2024 2043 3113 2109; baseline 0.015 -22"><span class='ocrx_word' id='word_1_351' title='bbox 2024 2043 2171 2104; x_wconf 81' lang='lat' dir='ltr'><strong>gant,</strong></span> <span class='ocrx_word' id='word_1_352' title='bbox 2199 2043 2248 2090; x_wconf 80' lang='lat' dir='ltr'><strong>et</strong></span> <span class='ocrx_word' id='word_1_353' title='bbox 2278 2049 2672 2109; x_wconf 77' lang='lat' dir='ltr'><strong>convertantur,</strong></span> <span class='ocrx_word' id='word_1_354' title='bbox 2709 2053 2758 2098; x_wconf 86' lang='lat' dir='ltr'><strong>et</strong></span> <span class='ocrx_word' id='word_1_355' title='bbox 2791 2061 2971 2102; x_wconf 86' lang='lat' dir='ltr'><strong>sanem</strong></span> <span class='ocrx_word' id='word_1_356' title='bbox 3005 2064 3113 2103; x_wconf 88' lang='lat' dir='ltr'><strong>eos.</strong></span> 
     </span>
    </p>
   </div>
   <div class='ocr_carea' id='block_1_47' title="bbox 2094 2208 3606 2286">
    <p class='ocr_par' dir='ltr' id='par_1_47' title="bbox 2094 2208 3606 2286">
     <span class='ocr_line' id='line_1_47' title="bbox 2094 2208 3606 2286; baseline 0.013 -22"><span class='ocrx_word' id='word_1_357' title='bbox 2094 2208 2523 2269; x_wconf 70' lang='lat' dir='ltr'><strong>Escaecationem</strong></span> <span class='ocrx_word' id='word_1_358' title='bbox 2552 2230 2622 2272; x_wconf 77' lang='lat' dir='ltr'><strong>ex</strong></span> <span class='ocrx_word' id='word_1_359' title='bbox 2676 2226 2830 2286; x_wconf 86' lang='lat' dir='ltr'><strong>parte</strong></span> <span class='ocrx_word' id='word_1_360' title='bbox 2883 2219 3082 2280; x_wconf 78' lang='lat' dir='ltr'><strong>factam</strong></span> <span class='ocrx_word' id='word_1_361' title='bbox 3146 2221 3334 2279; x_wconf 88' lang='lat' dir='ltr'><strong>lsraeli</strong></span> <span class='ocrx_word' id='word_1_362' title='bbox 3388 2224 3606 2282; x_wconf 87' lang='lat' dir='ltr'><strong>divinus</strong></span> 
     </span>
    </p>
   </div>
   <div class='ocr_carea' id='block_1_48' title="bbox 2024 2299 3605 2382">
    <p class='ocr_par' dir='ltr' id='par_1_48' title="bbox 2024 2299 3605 2382">
     <span class='ocr_line' id='line_1_48' title="bbox 2024 2299 3605 2382; baseline 0.012 -26"><span class='ocrx_word' id='word_1_363' title='bbox 2024 2299 2226 2359; x_wconf 79' lang='lat' dir='ltr'><strong>Paulus</strong></span> <span class='ocrx_word' id='word_1_364' title='bbox 2251 2305 2467 2373; x_wconf 80' lang='lat' dir='ltr'><strong>scribit,</strong></span> <span class='ocrx_word' id='word_1_365' title='bbox 2503 2307 2866 2376; x_wconf 89' lang='lat' dir='ltr'><strong>interpretans</strong></span> <span class='ocrx_word' id='word_1_366' title='bbox 2889 2309 3002 2367; x_wconf 76' lang='lat' dir='ltr'><strong>fere</strong></span> <span class='ocrx_word' id='word_1_367' title='bbox 3023 2315 3476 2382; x_wconf 76' lang='lat' dir='ltr'><strong>quemadmodum</strong></span> <span class='ocrx_word' id='word_1_368' title='bbox 3501 2317 3605 2375; x_wconf 80' lang='lat' dir='ltr'><strong>illis</strong></span> 
     </span>
    </p>
   </div>
   <div class='ocr_carea' id='block_1_49' title="bbox 2024 2398 3600 2471">
    <p class='ocr_par' dir='ltr' id='par_1_49' title="bbox 2024 2398 3600 2471">
     <span class='ocr_line' id='line_1_49' title="bbox 2024 2398 3600 2471; baseline 0.01 -22"><span class='ocrx_word' id='word_1_369' title='bbox 2024 2398 2388 2453; x_wconf 71' lang='lat' dir='ltr'><strong>escaecatione</strong></span> <span class='ocrx_word' id='word_1_370' title='bbox 2425 2399 2535 2467; x_wconf 86' lang='lat' dir='ltr'><strong>pati</strong></span> <span class='ocrx_word' id='word_1_371' title='bbox 2568 2401 2874 2471; x_wconf 69' lang='lat' dir='ltr'><strong>contigerit.</strong></span> <span class='ocrx_word' id='word_1_372' title='bbox 2920 2420 2940 2454; x_wconf 83' lang='lat' dir='ltr'><strong>t</strong></span> <span class='ocrx_word' id='word_1_373' title='bbox 2974 2405 3056 2458; x_wconf 86' lang='lat' dir='ltr'><strong>Ad</strong></span> <span class='ocrx_word' id='word_1_374' title='bbox 3101 2405 3419 2461; x_wconf 86' lang='lat' dir='ltr'><strong>hodiernum</strong></span> <span class='ocrx_word' id='word_1_375' title='bbox 3446 2408 3600 2470; x_wconf 81' lang='lat' dir='ltr'><strong>enim</strong></span> 
     </span>
    </p>
   </div>
   <div class='ocr_carea' id='block_1_50' title="bbox 2023 2488 3598 2564">
    <p class='ocr_par' dir='ltr' id='par_1_50' title="bbox 2023 2488 3598 2564">
     <span class='ocr_line' id='line_1_50' title="bbox 2023 2488 3598 2564; baseline 0.008 -22"><span class='ocrx_word' id='word_1_376' title='bbox 2023 2502 2196 2558; x_wconf 87' lang='lat' dir='ltr'><strong>usque</strong></span> <span class='ocrx_word' id='word_1_377' title='bbox 2231 2488 2395 2556; x_wconf 89' lang='lat' dir='ltr'><strong>diem,</strong></span> <span class='ocrx_word' id='word_1_378' title='bbox 2421 2490 2619 2560; x_wconf 91' lang='lat' dir='ltr'><strong>inquit,</strong></span> <span class='ocrx_word' id='word_1_379' title='bbox 2660 2492 2877 2563; x_wconf 86' lang='lat' dir='ltr'><strong>quando</strong></span> <span class='ocrx_word' id='word_1_380' title='bbox 2919 2495 3116 2564; x_wconf 90' lang='lat' dir='ltr'><strong>legitur</strong></span> <span class='ocrx_word' id='word_1_381' title='bbox 3171 2496 3384 2562; x_wconf 76' lang='lat' dir='ltr'><strong>Moses,</strong></span> <span class='ocrx_word' id='word_1_382' title='bbox 3420 2499 3598 2554; x_wconf 86' lang='lat' dir='ltr'><strong>velum</strong></span> 
     </span>
    </p>
   </div>
   <div class='ocr_carea' id='block_1_51' title="bbox 2023 2579 3600 2658">
    <p class='ocr_par' dir='ltr' id='par_1_51' title="bbox 2023 2579 3600 2658">
     <span class='ocr_line' id='line_1_51' title="bbox 2023 2579 3600 2658; baseline 0.008 -25"><span class='ocrx_word' id='word_1_383' title='bbox 2023 2579 2173 2634; x_wconf 91' lang='lat' dir='ltr'><strong>cordi</strong></span> <span class='ocrx_word' id='word_1_384' title='bbox 2189 2593 2375 2635; x_wconf 91' lang='lat' dir='ltr'><strong>eorum</strong></span> <span class='ocrx_word' id='word_1_385' title='bbox 2399 2581 2692 2651; x_wconf 86' lang='lat' dir='ltr'><strong>imponitur</strong></span> <span class='ocrx_word' id='word_1_386' title='bbox 2708 2583 2800 2638; x_wconf 77' lang='grc'><strong>³⁶⁶.</strong></span> <span class='ocrx_word' id='word_1_387' title='bbox 2825 2603 2845 2638; x_wconf 74' lang='grc' dir='ltr'><strong>ι</strong></span> <span class='ocrx_word' id='word_1_388' title='bbox 2867 2584 3078 2642; x_wconf 86' lang='lat' dir='ltr'><strong>Etenim</strong></span> <span class='ocrx_word' id='word_1_389' title='bbox 3105 2588 3195 2658; x_wconf 89' lang='lat' dir='ltr'><strong>qui</strong></span> <span class='ocrx_word' id='word_1_390' title='bbox 3222 2588 3289 2643; x_wconf 87' lang='lat' dir='ltr'><strong>ad</strong></span> <span class='ocrx_word' id='word_1_391' title='bbox 3321 2589 3478 2644; x_wconf 82' lang='lat' dir='ltr'><strong>istam</strong></span> <span class='ocrx_word' id='word_1_392' title='bbox 3503 2589 3600 2644; x_wconf 71' lang='lat' dir='ltr'><strong>deo</strong></span> 
     </span>
    </p>
   </div>
   <div class='ocr_carea' id='block_1_52' title="bbox 2023 2673 3605 2750">
    <p class='ocr_par' dir='ltr' id='par_1_52' title="bbox 2023 2673 3605 2750">
     <span class='ocr_line' id='line_1_52' title="bbox 2023 2673 3605 2750; baseline 0.008 -24"><span class='ocrx_word' id='word_1_393' title='bbox 2023 2687 2170 2727; x_wconf 90' lang='lat' dir='ltr'><strong>mum</strong></span> <span class='ocrx_word' id='word_1_394' title='bbox 2220 2688 2429 2730; x_wconf 77' lang='lat' dir='ltr'><strong>morum</strong></span> <span class='ocrx_word' id='word_1_395' title='bbox 2469 2673 2738 2732; x_wconf 78' lang='lat' dir='ltr'><strong>feritatem</strong></span> <span class='ocrx_word' id='word_1_396' title='bbox 2805 2677 3011 2750; x_wconf 81' lang='lat' dir='ltr'><strong>delapsi</strong></span> <span class='ocrx_word' id='word_1_397' title='bbox 3057 2688 3213 2746; x_wconf 86' lang='lat' dir='ltr'><strong>sunt,</strong></span> <span class='ocrx_word' id='word_1_398' title='bbox 3272 2691 3332 2736; x_wconf 93' lang='lat' dir='ltr'><strong>ut</strong></span> <span class='ocrx_word' id='word_1_399' title='bbox 3365 2681 3605 2739; x_wconf 75' lang='lat' dir='ltr'><strong>cll‘rcues</strong></span> 
     </span>
    </p>
   </div>
   <div class='ocr_carea' id='block_1_53' title="bbox 2022 2761 3604 2844">
    <p class='ocr_par' dir='ltr' id='par_1_53' title="bbox 2022 2761 3604 2844">
     <span class='ocr_line' id='line_1_53' title="bbox 2022 2761 3604 2844; baseline 0.009 -29"><span class='ocrx_word' id='word_1_400' title='bbox 2022 2761 2200 2832; x_wconf 87' lang='lat' dir='ltr'><strong>plane,</strong></span> <span class='ocrx_word' id='word_1_401' title='bbox 2258 2779 2434 2834; x_wconf 89' lang='lat' dir='ltr'><strong>neque</strong></span> <span class='ocrx_word' id='word_1_402' title='bbox 2474 2765 2729 2824; x_wconf 76' lang='lat' dir='ltr'><strong>Mosaicis</strong></span> <span class='ocrx_word' id='word_1_403' title='bbox 2763 2770 3006 2840; x_wconf 83' lang='lat' dir='ltr'><strong>scriptis,</strong></span> <span class='ocrx_word' id='word_1_404' title='bbox 3040 2786 3217 2841; x_wconf 89' lang='lat' dir='ltr'><strong>neque</strong></span> <span class='ocrx_word' id='word_1_405' title='bbox 3241 2775 3450 2828; x_wconf 84' lang='lat' dir='ltr'><strong>sanctis</strong></span> <span class='ocrx_word' id='word_1_406' title='bbox 3479 2788 3604 2844; x_wconf 90' lang='lat' dir='ltr'><strong>pro-</strong></span> 
     </span>
    </p>
   </div>
   <div class='ocr_carea' id='block_1_54' title="bbox 2021 2855 3600 2932">
    <p class='ocr_par' dir='ltr' id='par_1_54' title="bbox 2021 2855 3600 2932">
     <span class='ocr_line' id='line_1_54' title="bbox 2021 2855 3600 2932; baseline 0.007 -22"><span class='ocrx_word' id='word_1_407' title='bbox 2021 2855 2222 2924; x_wconf 87' lang='lat' dir='ltr'><strong>phetis,</strong></span> <span class='ocrx_word' id='word_1_408' title='bbox 2247 2856 2390 2914; x_wconf 83' lang='lat' dir='ltr'><strong>addo</strong></span> <span class='ocrx_word' id='word_1_409' title='bbox 2420 2859 2606 2926; x_wconf 84' lang='lat' dir='ltr'><strong>etiam,</strong></span> <span class='ocrx_word' id='word_1_410' title='bbox 2637 2875 2812 2931; x_wconf 84' lang='lat' dir='ltr'><strong>neque</strong></span> <span class='ocrx_word' id='word_1_411' title='bbox 2851 2863 2954 2932; x_wconf 85' lang='lat' dir='ltr'><strong>ipsi</strong></span> <span class='ocrx_word' id='word_1_412' title='bbox 2988 2861 3211 2920; x_wconf 86' lang='lat' dir='ltr'><strong>Christo</strong></span> <span class='ocrx_word' id='word_1_413' title='bbox 3243 2865 3470 2921; x_wconf 90' lang='lat' dir='ltr'><strong>obedire</strong></span> <span class='ocrx_word' id='word_1_414' title='bbox 3501 2879 3600 2921; x_wconf 85' lang='lat' dir='ltr'><strong>vo-</strong></span> 
     </span>
    </p>
   </div>
   <div class='ocr_carea' id='block_1_55' title="bbox 2022 2946 3600 3024">
    <p class='ocr_par' dir='ltr' id='par_1_55' title="bbox 2022 2946 3600 3024">
     <span class='ocr_line' id='line_1_55' title="bbox 2022 2946 3600 3024; baseline 0.009 -23"><span class='ocrx_word' id='word_1_415' title='bbox 2022 2946 2221 3002; x_wconf 87' lang='lat' dir='ltr'><strong>luerint</strong></span> <span class='ocrx_word' id='word_1_416' title='bbox 2245 2966 2258 3002; x_wconf 91' lang='lat'><strong>:</strong></span> <span class='ocrx_word' id='word_1_417' title='bbox 2284 2963 2378 3004; x_wconf 90' lang='lat' dir='ltr'><strong>eos</strong></span> <span class='ocrx_word' id='word_1_418' title='bbox 2413 2949 2621 3006; x_wconf 70' lang='lat' dir='ltr'><strong>nebulae</strong></span> <span class='ocrx_word' id='word_1_419' title='bbox 2674 2952 3031 3024; x_wconf 83' lang='lat' dir='ltr'><strong>intelligibilis</strong></span> <span class='ocrx_word' id='word_1_420' title='bbox 3055 2956 3410 3014; x_wconf 81' lang='lat' dir='ltr'><strong>circumfundi</strong></span> <span class='ocrx_word' id='word_1_421' title='bbox 3448 2969 3600 3015; x_wconf 84' lang='lat' dir='ltr'><strong>tene-</strong></span> 
     </span>
    </p>
   </div>
   <div class='ocr_carea' id='block_1_56' title="bbox 340 3039 1911 3121">
    <p class='ocr_par' dir='ltr' id='par_1_56' title="bbox 340 3041 1911 3121">
     <span class='ocr_line' id='line_1_56' title="bbox 340 3041 1911 3121; baseline 0.013 -27"><span class='ocrx_word' id='word_1_422' title='bbox 340 3041 496 3113; x_wconf 91' lang='grc' dir='ltr'>θείην</span> <span class='ocrx_word' id='word_1_423' title='bbox 541 3043 586 3096; x_wconf 86' lang='grc' dir='ltr'>δ’</span> <span class='ocrx_word' id='word_1_424' title='bbox 625 3043 692 3097; x_wconf 83' lang='grc' dir='ltr'>ἂν</span> <span class='ocrx_word' id='word_1_425' title='bbox 734 3046 813 3098; x_wconf 88' lang='grc' dir='ltr'>ὅτι</span> <span class='ocrx_word' id='word_1_426' title='bbox 858 3045 994 3116; x_wconf 87' lang='grc' dir='ltr'>μηδὲ</span> <span class='ocrx_word' id='word_1_427' title='bbox 1047 3047 1202 3118; x_wconf 84' lang='grc' dir='ltr'><strong>αύτῷ</strong></span> <span class='ocrx_word' id='word_1_428' title='bbox 1257 3047 1339 3119; x_wconf 80' lang='grc' dir='ltr'>τῷ</span> <span class='ocrx_word' id='word_1_429' title='bbox 1384 3047 1630 3120; x_wconf 78' lang='grc' dir='ltr'>Χριστῷ,</span> <span class='ocrx_word' id='word_1_430' title='bbox 1688 3049 1767 3120; x_wconf 83' lang='grc' dir='ltr'>τῷ</span> <span class='ocrx_word' id='word_1_431' title='bbox 1819 3050 1911 3121; x_wconf 80' lang='grc' dir='ltr'><strong>τῆς</strong></span> 
     </span>
    </p>
   </div>
   <div class='ocr_carea' id='block_1_57' title="bbox 2015 3039 3603 3121">
    <p class='ocr_par' dir='ltr' id='par_1_57' title="bbox 2022 3039 3603 3114">
     <span class='ocr_line' id='line_1_57' title="bbox 2022 3039 3603 3114; baseline 0.007 -21"><span class='ocrx_word' id='word_1_432' title='bbox 2022 3039 2158 3104; x_wconf 89' lang='lat' dir='ltr'><strong>bris,</strong></span> <span class='ocrx_word' id='word_1_433' title='bbox 2181 3048 2236 3094; x_wconf 90' lang='lat' dir='ltr'><strong>et</strong></span> <span class='ocrx_word' id='word_1_434' title='bbox 2269 3041 2493 3096; x_wconf 87' lang='lat' dir='ltr'><strong>minimo</strong></span> <span class='ocrx_word' id='word_1_435' title='bbox 2535 3043 2715 3098; x_wconf 87' lang='lat' dir='ltr'><strong>minus</strong></span> <span class='ocrx_word' id='word_1_436' title='bbox 2744 3059 2774 3097; x_wconf 88' lang='lat' dir='ltr'><strong>a</strong></span> <span class='ocrx_word' id='word_1_437' title='bbox 2828 3043 3095 3114; x_wconf 82' lang='lat' dir='ltr'><strong>lapidibus</strong></span> <span class='ocrx_word' id='word_1_438' title='bbox 3148 3062 3308 3102; x_wconf 83' lang='lat' dir='ltr'><strong>sensu</strong></span> <span class='ocrx_word' id='word_1_439' title='bbox 3361 3050 3603 3106; x_wconf 83' lang='lat' dir='ltr'><strong>carenti-</strong></span> 
     </span>
    </p>
   </div>
   <div class='ocr_carea' id='block_1_58' title="bbox 337 3135 1919 3214">
    <p class='ocr_par' dir='ltr' id='par_1_58' title="bbox 337 3135 1919 3214">
     <span class='ocr_line' id='line_1_58' title="bbox 337 3135 1919 3214; baseline 0.006 -26"><span class='ocrx_word' id='word_1_440' title='bbox 337 3135 540 3206; x_wconf 85' lang='grc' dir='ltr'>νοητῆς</span> <span class='ocrx_word' id='word_1_441' title='bbox 581 3137 778 3207; x_wconf 80' lang='grc' dir='ltr'>ἀχλύος</span> <span class='ocrx_word' id='word_1_442' title='bbox 820 3138 1338 3212; x_wconf 78' lang='grc' dir='ltr'>καταλαμϐάνεσθαι</span> <span class='ocrx_word' id='word_1_443' title='bbox 1379 3143 1578 3214; x_wconf 83' lang='grc' dir='ltr'>σκότῳ,</span> <span class='ocrx_word' id='word_1_444' title='bbox 1627 3144 1721 3198; x_wconf 78' lang='grc' dir='ltr'>καὶ</span> <span class='ocrx_word' id='word_1_445' title='bbox 1760 3143 1919 3213; x_wconf 85' lang='grc' dir='ltr'>ὀλίγα</span> 
     </span>
    </p>
   </div>
   <div class='ocr_carea' id='block_1_59' title="bbox 332 3227 1918 3309">
    <p class='ocr_par' dir='ltr' id='par_1_59' title="bbox 332 3227 1918 3309">
     <span class='ocr_line' id='line_1_59' title="bbox 332 3227 1918 3309; baseline 0.008 -31"><span class='ocrx_word' id='word_1_446' title='bbox 332 3227 632 3295; x_wconf 76' lang='grc' dir='ltr'>διενεγκεῖν</span> <span class='ocrx_word' id='word_1_447' title='bbox 671 3229 782 3284; x_wconf 86' lang='grc' dir='ltr'><strong>τῶν</strong></span> <span class='ocrx_word' id='word_1_448' title='bbox 819 3230 1166 3304; x_wconf 85' lang='grc' dir='ltr'>ἀναισθήτων</span> <span class='ocrx_word' id='word_1_449' title='bbox 1197 3231 1381 3290; x_wconf 89' lang='grc' dir='ltr'>λίθων.</span> <span class='ocrx_word' id='word_1_450' title='bbox 1418 3234 1637 3306; x_wconf 82' lang='grc' dir='ltr'>Ταύτην</span> <span class='ocrx_word' id='word_1_451' title='bbox 1675 3231 1769 3290; x_wconf 78' lang='grc' dir='ltr'>οὖν</span> <span class='ocrx_word' id='word_1_452' title='bbox 1807 3235 1918 3309; x_wconf 83' lang='grc' dir='ltr'><strong>ἀρα</strong></span> 
     </span>
    </p>
   </div>
   <div class='ocr_carea' id='block_1_60' title="bbox 326 3319 1916 3396">
    <p class='ocr_par' dir='ltr' id='par_1_60' title="bbox 326 3319 1916 3396">
     <span class='ocr_line' id='line_1_60' title="bbox 326 3319 1916 3396; baseline 0.007 -25"><span class='ocrx_word' id='word_1_453' title='bbox 326 3321 562 3373; x_wconf 88' lang='grc' dir='ltr'>ποιεῖται</span> <span class='ocrx_word' id='word_1_454' title='bbox 594 3319 694 3392; x_wconf 80' lang='grc' dir='ltr'>τὴν</span> <span class='ocrx_word' id='word_1_455' title='bbox 743 3322 1146 3396; x_wconf 84' lang='grc' dir='ltr'>προαγόρευσιν</span> <span class='ocrx_word' id='word_1_456' title='bbox 1190 3326 1220 3378; x_wconf 92' lang='lat'><strong>6</strong></span> <span class='ocrx_word' id='word_1_457' title='bbox 1261 3325 1370 3380; x_wconf 88' lang='grc' dir='ltr'><strong>τῶν</strong></span> <span class='ocrx_word' id='word_1_458' title='bbox 1406 3326 1544 3380; x_wconf 83' lang='grc' dir='ltr'>ὅλων</span> <span class='ocrx_word' id='word_1_459' title='bbox 1598 3326 1761 3392; x_wconf 86' lang='grc' dir='ltr'>Θεὸς,</span> <span class='ocrx_word' id='word_1_460' title='bbox 1823 3329 1916 3382; x_wconf 64' lang='grc' dir='ltr'><strong>κα)⁵</strong></span> 
     </span>
    </p>
   </div>
   <div class='ocr_carea' id='block_1_61' title="bbox 325 3411 1914 3489">
    <p class='ocr_par' dir='ltr' id='par_1_61' title="bbox 325 3411 1914 3489">
     <span class='ocr_line' id='line_1_61' title="bbox 325 3411 1914 3489; baseline 0.007 -26"><span class='ocrx_word' id='word_1_461' title='bbox 325 3411 404 3482; x_wconf 84' lang='grc' dir='ltr'><strong>τῷ</strong></span> <span class='ocrx_word' id='word_1_462' title='bbox 427 3414 679 3484; x_wconf 82' lang='grc' dir='ltr'>προφήτῃ</span> <span class='ocrx_word' id='word_1_463' title='bbox 720 3417 1013 3486; x_wconf 77' lang='grc' dir='ltr'>παρεγγυᾷ</span> <span class='ocrx_word' id='word_1_464' title='bbox 1045 3416 1533 3489; x_wconf 87' lang='grc' dir='ltr'>προκαταμηνύειν</span> <span class='ocrx_word' id='word_1_465' title='bbox 1576 3417 1760 3483; x_wconf 80' lang='grc' dir='ltr'>αὐτοῖς</span> <span class='ocrx_word' id='word_1_466' title='bbox 1780 3435 1795 3450; x_wconf 74' lang='grc' dir='ltr'><strong>ο</strong></span> <span class='ocrx_word' id='word_1_467' title='bbox 1833 3422 1914 3474; x_wconf 79' lang='grc' dir='ltr'>ὅτι</span> 
     </span>
    </p>
   </div>
   <div class='ocr_carea' id='block_1_62' title="bbox 335 3505 1914 3582">
    <p class='ocr_par' dir='ltr' id='par_1_62' title="bbox 335 3505 1914 3582">
     <span class='ocr_line' id='line_1_62' title="bbox 335 3505 1914 3582; baseline 0.004 -26"><span class='ocrx_word' id='word_1_468' title='bbox 335 3523 355 3556; x_wconf 87' lang='grc' dir='ltr'><strong>ι</strong></span> <span class='ocrx_word' id='word_1_469' title='bbox 379 3505 542 3575; x_wconf 82' lang='grc' dir='ltr'>Ἀκοῇ</span> <span class='ocrx_word' id='word_1_470' title='bbox 587 3505 850 3560; x_wconf 77' lang='grc' dir='ltr'>ἀκούσετε</span> <span class='ocrx_word' id='word_1_471' title='bbox 899 3507 995 3562; x_wconf 80' lang='grc' dir='ltr'><strong>καὶ</strong></span> <span class='ocrx_word' id='word_1_472' title='bbox 1034 3507 1096 3560; x_wconf 80' lang='grc' dir='ltr'>οὐ</span> <span class='ocrx_word' id='word_1_473' title='bbox 1129 3508 1204 3579; x_wconf 83' lang='grc' dir='ltr'>μὴ</span> <span class='ocrx_word' id='word_1_474' title='bbox 1250 3509 1473 3580; x_wconf 76' lang='grc' dir='ltr'>συνῆτεο</span> <span class='ocrx_word' id='word_1_475' title='bbox 1497 3511 1593 3564; x_wconf 79' lang='grc' dir='ltr'>καὶ</span> <span class='ocrx_word' id='word_1_476' title='bbox 1627 3510 1914 3582; x_wconf 77' lang='grc' dir='ltr'>βλέποντες</span> 
     </span>
    </p>
   </div>
   <div class='ocr_carea' id='block_1_63' title="bbox 327 3595 1910 3673">
    <p class='ocr_par' dir='ltr' id='par_1_63' title="bbox 327 3595 1910 3673">
     <span class='ocr_line' id='line_1_63' title="bbox 327 3595 1910 3673; baseline 0.007 -27"><span class='ocrx_word' id='word_1_477' title='bbox 327 3595 574 3666; x_wconf 80' lang='grc' dir='ltr'>βλέψετε,</span> <span class='ocrx_word' id='word_1_478' title='bbox 607 3598 700 3650; x_wconf 74' lang='grc' dir='ltr'>καὶ</span> <span class='ocrx_word' id='word_1_479' title='bbox 724 3598 804 3650; x_wconf 88' lang='grc' dir='ltr'><strong>ού.</strong></span> <span class='ocrx_word' id='word_1_480' title='bbox 823 3597 899 3670; x_wconf 78' lang='grc' dir='ltr'>μὴ</span> <span class='ocrx_word' id='word_1_481' title='bbox 931 3598 1104 3671; x_wconf 71' lang='grc' dir='ltr'>ἴδητε.</span> <span class='ocrx_word' id='word_1_482' title='bbox 1135 3619 1154 3651; x_wconf 72' lang='grc' dir='ltr'><strong>ι</strong></span> <span class='ocrx_word' id='word_1_483' title='bbox 1209 3599 1473 3669; x_wconf 84' lang='grc' dir='ltr'>Γεγόνασι</span> <span class='ocrx_word' id='word_1_484' title='bbox 1502 3601 1613 3673; x_wconf 81' lang='grc' dir='ltr'>γὰρ</span> <span class='ocrx_word' id='word_1_485' title='bbox 1647 3603 1910 3673; x_wconf 79' lang='grc' dir='ltr'>αὐτήκοοι</span> 
     </span>
    </p>
   </div>
   <div class='ocr_carea' id='block_1_64' title="bbox 325 3687 1910 3763">
    <p class='ocr_par' dir='ltr' id='par_1_64' title="bbox 325 3687 1910 3763">
     <span class='ocr_line' id='line_1_64' title="bbox 325 3687 1910 3763; baseline 0.006 -25"><span class='ocrx_word' id='word_1_486' title='bbox 325 3688 425 3756; x_wconf 87' lang='grc' dir='ltr'><strong>τῆς</strong></span> <span class='ocrx_word' id='word_1_487' title='bbox 469 3687 564 3740; x_wconf 79' lang='grc' dir='ltr'>τοῦ</span> <span class='ocrx_word' id='word_1_488' title='bbox 609 3688 862 3760; x_wconf 83' lang='grc' dir='ltr'>Σωτῆρος</span> <span class='ocrx_word' id='word_1_489' title='bbox 898 3692 1081 3762; x_wconf 81' lang='grc' dir='ltr'>φωνῆς</span> <span class='ocrx_word' id='word_1_490' title='bbox 1105 3708 1119 3722; x_wconf 89' lang='grc'><strong>·</strong></span> <span class='ocrx_word' id='word_1_491' title='bbox 1163 3691 1402 3757; x_wconf 78' lang='grc' dir='ltr'>ἐδίδαξεν</span> <span class='ocrx_word' id='word_1_492' title='bbox 1438 3693 1498 3747; x_wconf 82' lang='grc' dir='ltr'>ὲν</span> <span class='ocrx_word' id='word_1_493' title='bbox 1547 3697 1910 3763; x_wconf 84' lang='grc' dir='ltr'>συναγωγαῖς,</span> 
     </span>
    </p>
   </div>
   <div class='ocr_carea' id='block_1_65' title="bbox 327 3778 1905 3852">
    <p class='ocr_par' dir='ltr' id='par_1_65' title="bbox 327 3778 1905 3852">
     <span class='ocr_line' id='line_1_65' title="bbox 327 3778 1905 3852; baseline 0.003 -19"><span class='ocrx_word' id='word_1_494' title='bbox 327 3778 803 3852; x_wconf 81' lang='grc' dir='ltr'>προσπεφώνηκεν</span> <span class='ocrx_word' id='word_1_495' title='bbox 845 3781 904 3834; x_wconf 82' lang='grc' dir='ltr'>ὲν</span> <span class='ocrx_word' id='word_1_496' title='bbox 946 3782 1061 3844; x_wconf 88' lang='grc' dir='ltr'>τοῖς</span> <span class='ocrx_word' id='word_1_497' title='bbox 1107 3781 1504 3852; x_wconf 85' lang='grc' dir='ltr'>Ἰεροσολύμοις</span> <span class='ocrx_word' id='word_1_498' title='bbox 1561 3783 1905 3850; x_wconf 83' lang='grc' dir='ltr'>πλειστάκις,</span> 
     </span>
    </p>
   </div>
   <div class='ocr_carea' id='block_1_66' title="bbox 325 3869 1910 3947">
    <p class='ocr_par' dir='ltr' id='par_1_66' title="bbox 325 3869 1910 3947">
     <span class='ocr_line' id='line_1_66' title="bbox 325 3869 1910 3947; baseline 0.003 -19"><span class='ocrx_word' id='word_1_499' title='bbox 325 3873 444 3928; x_wconf 85' lang='grc' dir='ltr'>ἀλλ’</span> <span class='ocrx_word' id='word_1_500' title='bbox 469 3869 611 3945; x_wconf 84' lang='grc' dir='ltr'>ἦσαν</span> <span class='ocrx_word' id='word_1_501' title='bbox 639 3874 696 3927; x_wconf 81' lang='grc' dir='ltr'>ὲν</span> <span class='ocrx_word' id='word_1_502' title='bbox 723 3871 823 3944; x_wconf 85' lang='grc' dir='ltr'><strong>ῐσῳ</strong></span> <span class='ocrx_word' id='word_1_503' title='bbox 845 3874 958 3936; x_wconf 89' lang='grc' dir='ltr'>τοῖς</span> <span class='ocrx_word' id='word_1_504' title='bbox 988 3873 1110 3945; x_wconf 87' lang='grc' dir='ltr'>μηδ’</span> <span class='ocrx_word' id='word_1_505' title='bbox 1140 3875 1277 3939; x_wconf 82' lang='grc' dir='ltr'>ὅλως</span> <span class='ocrx_word' id='word_1_506' title='bbox 1305 3875 1622 3947; x_wconf 88' lang='grc' dir='ltr'>ἀκηκοόσιν.</span> <span class='ocrx_word' id='word_1_507' title='bbox 1647 3878 1910 3946; x_wconf 85' lang='grc' dir='ltr'>Γεγόνασι</span> 
     </span>
    </p>
   </div>
   <div class='ocr_carea' id='block_1_67' title="bbox 324 3965 1910 4044">
    <p class='ocr_par' dir='ltr' id='par_1_67' title="bbox 324 3965 1910 4044">
     <span class='ocr_line' id='line_1_67' title="bbox 324 3965 1910 4044; baseline 0.003 -24"><span class='ocrx_word' id='word_1_508' title='bbox 324 3965 522 4037; x_wconf 78' lang='grc' dir='ltr'>θεωροὶ</span> <span class='ocrx_word' id='word_1_509' title='bbox 555 3965 665 4020; x_wconf 85' lang='grc' dir='ltr'><strong>τῶν</strong></span> <span class='ocrx_word' id='word_1_510' title='bbox 689 3965 1010 4038; x_wconf 78' lang='grc' dir='ltr'>παραδόξως</span> <span class='ocrx_word' id='word_1_511' title='bbox 1029 3967 1450 4039; x_wconf 83' lang='grc' dir='ltr'>τετελεσμένων.</span> <span class='ocrx_word' id='word_1_512' title='bbox 1482 3969 1778 4024; x_wconf 86' lang='grc' dir='ltr'>Τεθέανται</span> <span class='ocrx_word' id='word_1_513' title='bbox 1800 3971 1910 4044; x_wconf 89' lang='grc' dir='ltr'><strong>γάρ</strong></span> 
     </span>
    </p>
   </div>
   <div class='ocr_carea' id='block_1_68' title="bbox 323 4057 1911 4132">
    <p class='ocr_par' dir='ltr' id='par_1_68' title="bbox 323 4057 1911 4132">
     <span class='ocr_line' id='line_1_68' title="bbox 323 4057 1911 4132; baseline 0.003 -21"><span class='ocrx_word' id='word_1_514' title='bbox 323 4058 562 4129; x_wconf 76' lang='grc' dir='ltr'>λεπροὺς</span> <span class='ocrx_word' id='word_1_515' title='bbox 608 4057 706 4112; x_wconf 80' lang='grc' dir='ltr'>τοῦ</span> <span class='ocrx_word' id='word_1_516' title='bbox 756 4057 966 4123; x_wconf 85' lang='grc' dir='ltr'>πάθους</span> <span class='ocrx_word' id='word_1_517' title='bbox 1000 4058 1479 4132; x_wconf 81' lang='grc' dir='ltr'>ἀπηλλαγμένους,</span> <span class='ocrx_word' id='word_1_518' title='bbox 1517 4061 1911 4132; x_wconf 83' lang='grc' dir='ltr'>ἀναπηδῶντας</span> 
     </span>
    </p>
   </div>
   <div class='ocr_carea' id='block_1_69' title="bbox 323 4148 1910 4223">
    <p class='ocr_par' dir='ltr' id='par_1_69' title="bbox 323 4148 1910 4223">
     <span class='ocr_line' id='line_1_69' title="bbox 323 4148 1910 4223; baseline 0.003 -21"><span class='ocrx_word' id='word_1_519' title='bbox 323 4148 558 4218; x_wconf 74' lang='grc' dir='ltr'>χωλοὺς,</span> <span class='ocrx_word' id='word_1_520' title='bbox 591 4149 823 4218; x_wconf 82' lang='grc' dir='ltr'>τυφλοὺς</span> <span class='ocrx_word' id='word_1_521' title='bbox 855 4150 1282 4218; x_wconf 78' lang='grc' dir='ltr'>ἀναϐλέποντας,</span> <span class='ocrx_word' id='word_1_522' title='bbox 1314 4152 1544 4223; x_wconf 79' lang='grc' dir='ltr'>νεκροὺς</span> <span class='ocrx_word' id='word_1_523' title='bbox 1586 4152 1652 4205; x_wconf 87' lang='grc' dir='ltr'>ὲκ</span> <span class='ocrx_word' id='word_1_524' title='bbox 1692 4152 1910 4223; x_wconf 84' lang='grc' dir='ltr'>μνημά-</span> 
     </span>
    </p>
   </div>
   <div class='ocr_carea' id='block_1_70' title="bbox 319 4239 1909 4315">
    <p class='ocr_par' dir='ltr' id='par_1_70' title="bbox 319 4239 1909 4315">
     <span class='ocr_line' id='line_1_70' title="bbox 319 4239 1909 4315; baseline 0.003 -21"><span class='ocrx_word' id='word_1_525' title='bbox 319 4257 439 4294; x_wconf 84' lang='grc' dir='ltr'><strong>των</strong></span> <span class='ocrx_word' id='word_1_526' title='bbox 482 4239 905 4311; x_wconf 81' lang='grc' dir='ltr'>ἀνισταμένους·</span> <span class='ocrx_word' id='word_1_527' title='bbox 930 4242 1044 4296; x_wconf 85' lang='grc' dir='ltr'>ἀλλ’</span> <span class='ocrx_word' id='word_1_528' title='bbox 1076 4243 1388 4315; x_wconf 81' lang='grc' dir='ltr'>ὠφέληνται</span> <span class='ocrx_word' id='word_1_529' title='bbox 1422 4245 1520 4315; x_wconf 84' lang='grc' dir='ltr'>μὲν</span> <span class='ocrx_word' id='word_1_530' title='bbox 1561 4245 1682 4298; x_wconf 88' lang='grc' dir='ltr'>κατ’</span> <span class='ocrx_word' id='word_1_531' title='bbox 1717 4244 1909 4298; x_wconf 82' lang='grc' dir='ltr'>οὐδένα</span> 
     </span>
    </p>
   </div>
   <div class='ocr_carea' id='block_1_71' title="bbox 322 4331 1904 4408">
    <p class='ocr_par' dir='ltr' id='par_1_71' title="bbox 322 4331 1904 4408">
     <span class='ocr_line' id='line_1_71' title="bbox 322 4331 1904 4408; baseline 0.004 -24"><span class='ocrx_word' id='word_1_532' title='bbox 322 4331 552 4404; x_wconf 86' lang='grc' dir='ltr'>τρόπον,</span> <span class='ocrx_word' id='word_1_533' title='bbox 581 4332 773 4404; x_wconf 84' lang='grc' dir='ltr'>ὥσπερ</span> <span class='ocrx_word' id='word_1_534' title='bbox 798 4335 854 4388; x_wconf 85' lang='grc' dir='ltr'>δὲ</span> <span class='ocrx_word' id='word_1_535' title='bbox 892 4337 984 4389; x_wconf 78' lang='grc' dir='ltr'>καὶ</span> <span class='ocrx_word' id='word_1_536' title='bbox 1009 4335 1191 4391; x_wconf 83' lang='grc' dir='ltr'>αὐτῶν</span> <span class='ocrx_word' id='word_1_537' title='bbox 1222 4337 1486 4408; x_wconf 78' lang='grc' dir='ltr'>ὀμμάτων</span> <span class='ocrx_word' id='word_1_538' title='bbox 1525 4336 1904 4408; x_wconf 68' lang='grc' dir='ltr'>ἐστερημένοι,</span> 
     </span>
    </p>
   </div>
   <div class='ocr_carea' id='block_1_72' title="bbox 323 4425 1907 4500">
    <p class='ocr_par' dir='ltr' id='par_1_72' title="bbox 323 4425 1907 4500">
     <span class='ocr_line' id='line_1_72' title="bbox 323 4425 1907 4500; baseline 0.003 -22"><span class='ocrx_word' id='word_1_539' title='bbox 323 4425 597 4480; x_wconf 87' lang='grc' dir='ltr'>διετέλουν</span> <span class='ocrx_word' id='word_1_540' title='bbox 621 4427 670 4479; x_wconf 81' lang='lat' dir='ltr'><strong>oi</strong></span> <span class='ocrx_word' id='word_1_541' title='bbox 696 4426 938 4483; x_wconf 88' lang='grc' dir='ltr'>δείλαιοι.</span> <span class='ocrx_word' id='word_1_542' title='bbox 980 4427 1164 4500; x_wconf 80' lang='grc' dir='ltr'>Ταύτῃ</span> <span class='ocrx_word' id='word_1_543' title='bbox 1202 4447 1283 4482; x_wconf 90' lang='grc' dir='ltr'><strong>τοι</strong></span> <span class='ocrx_word' id='word_1_544' title='bbox 1323 4430 1417 4483; x_wconf 76' lang='grc' dir='ltr'><strong>καὶ</strong></span> <span class='ocrx_word' id='word_1_545' title='bbox 1439 4429 1788 4493; x_wconf 82' lang='grc' dir='ltr'>ὀνειδίζονται</span> <span class='ocrx_word' id='word_1_546' title='bbox 1817 4427 1907 4482; x_wconf 81' lang='grc' dir='ltr'>διὰ</span> 
     </span>
    </p>
   </div>
   <div class='ocr_carea' id='block_1_73' title="bbox 325 4515 1902 4592">
    <p class='ocr_par' dir='ltr' id='par_1_73' title="bbox 325 4515 1902 4592">
     <span class='ocr_line' id='line_1_73' title="bbox 325 4515 1902 4592; baseline 0.005 -24"><span class='ocrx_word' id='word_1_547' title='bbox 325 4515 432 4586; x_wconf 81' lang='grc' dir='ltr'><strong>τῆς</strong></span> <span class='ocrx_word' id='word_1_548' title='bbox 475 4517 584 4571; x_wconf 86' lang='grc' dir='ltr'><strong>τῶν</strong></span> <span class='ocrx_word' id='word_1_549' title='bbox 614 4517 786 4586; x_wconf 83' lang='grc' dir='ltr'>ἁγίων</span> <span class='ocrx_word' id='word_1_550' title='bbox 815 4519 1020 4590; x_wconf 87' lang='grc' dir='ltr'>φωνῆς,</span> <span class='ocrx_word' id='word_1_551' title='bbox 1065 4521 1142 4583; x_wconf 85' lang='grc' dir='ltr'>ὡς</span> <span class='ocrx_word' id='word_1_552' title='bbox 1194 4523 1483 4590; x_wconf 79' lang='grc' dir='ltr'>γεγονότες</span> <span class='ocrx_word' id='word_1_553' title='bbox 1525 4521 1614 4576; x_wconf 80' lang='grc' dir='ltr'>ἀεὶ</span> <span class='ocrx_word' id='word_1_554' title='bbox 1669 4520 1902 4592; x_wconf 70' lang='grc' dir='ltr'>σκληροσ</span> 
     </span>
    </p>
   </div>
   <div class='ocr_carea' id='block_1_74' title="bbox 324 4609 1905 4685">
    <p class='ocr_par' dir='ltr' id='par_1_74' title="bbox 324 4609 1905 4685">
     <span class='ocr_line' id='line_1_74' title="bbox 324 4609 1905 4685; baseline 0.003 -22"><span class='ocrx_word' id='word_1_555' title='bbox 324 4609 612 4682; x_wconf 79' lang='grc' dir='ltr'>τράχηλοι,</span> <span class='ocrx_word' id='word_1_556' title='bbox 650 4611 744 4664; x_wconf 73' lang='grc' dir='ltr'><strong>καὶ</strong></span> <span class='ocrx_word' id='word_1_557' title='bbox 777 4611 1022 4675; x_wconf 86' lang='grc' dir='ltr'>ἀπειθεῖς</span> <span class='ocrx_word' id='word_1_558' title='bbox 1056 4615 1124 4683; x_wconf 76' lang='grc' dir='ltr'>τῇ</span> <span class='ocrx_word' id='word_1_559' title='bbox 1165 4613 1390 4685; x_wconf 78' lang='grc' dir='ltr'>καρδίᾳ,</span> <span class='ocrx_word' id='word_1_560' title='bbox 1425 4615 1519 4668; x_wconf 62' lang='grc' dir='ltr'><strong>καῖ⁸</strong></span> <span class='ocrx_word' id='word_1_561' title='bbox 1548 4613 1905 4679; x_wconf 83' lang='grc' dir='ltr'>ἀπεκτονότες</span> 
     </span>
    </p>
   </div>
   <div class='ocr_carea' id='block_1_75' title="bbox 326 4703 1900 4778">
    <p class='ocr_par' dir='ltr' id='par_1_75' title="bbox 326 4703 1900 4778">
     <span class='ocr_line' id='line_1_75' title="bbox 326 4703 1900 4778; baseline 0.003 -22"><span class='ocrx_word' id='word_1_562' title='bbox 326 4703 538 4772; x_wconf 87' lang='grc' dir='ltr'>ἀγίους.</span> <span class='ocrx_word' id='word_1_563' title='bbox 569 4703 822 4778; x_wconf 79' lang='grc' dir='ltr'>Δεδόσθαι</span> <span class='ocrx_word' id='word_1_564' title='bbox 857 4720 922 4771; x_wconf 91' lang='grc' dir='ltr'><strong>γε</strong></span> <span class='ocrx_word' id='word_1_565' title='bbox 947 4703 1054 4774; x_wconf 77' lang='grc' dir='ltr'>μὴν</span> <span class='ocrx_word' id='word_1_566' title='bbox 1082 4705 1182 4774; x_wconf 84' lang='grc' dir='ltr'>τὴν</span> <span class='ocrx_word' id='word_1_567' title='bbox 1211 4705 1464 4774; x_wconf 85' lang='grc' dir='ltr'>πώρωσιν</span> <span class='ocrx_word' id='word_1_568' title='bbox 1493 4707 1678 4771; x_wconf 85' lang='grc' dir='ltr'>αὐτοῖς</span> <span class='ocrx_word' id='word_1_569' title='bbox 1713 4723 1900 4778; x_wconf 87' lang='grc' dir='ltr'>φησιν,</span> 
     </span>
    </p>
   </div>
   <div class='ocr_carea' id='block_1_76' title="bbox 325 4791 1904 4870">
    <p class='ocr_par' dir='ltr' id='par_1_76' title="bbox 325 4791 1904 4870">
     <span class='ocr_line' id='line_1_76' title="bbox 325 4791 1904 4870; baseline 0.003 -23"><span class='ocrx_word' id='word_1_570' title='bbox 325 4793 417 4848; x_wconf 86' lang='grc' dir='ltr'><strong>ῖνα</strong></span> <span class='ocrx_word' id='word_1_571' title='bbox 449 4792 526 4863; x_wconf 85' lang='grc' dir='ltr'><strong>μὴ</strong></span> <span class='ocrx_word' id='word_1_572' title='bbox 562 4791 711 4847; x_wconf 78' lang='grc' dir='ltr'>ἴδωσι</span> <span class='ocrx_word' id='word_1_573' title='bbox 749 4796 859 4858; x_wconf 88' lang='grc' dir='ltr'><strong>τοίς</strong></span> <span class='ocrx_word' id='word_1_574' title='bbox 896 4793 1218 4864; x_wconf 85' lang='grc' dir='ltr'>ὀφθαλμοῖς,</span> <span class='ocrx_word' id='word_1_575' title='bbox 1253 4796 1349 4849; x_wconf 77' lang='grc' dir='ltr'><strong>καὶ</strong></span> <span class='ocrx_word' id='word_1_576' title='bbox 1367 4797 1657 4870; x_wconf 77' lang='grc' dir='ltr'>συνῶσιτῇ</span> <span class='ocrx_word' id='word_1_577' title='bbox 1679 4797 1904 4870; x_wconf 83' lang='grc' dir='ltr'>καρδίᾳ,</span> 
     </span>
    </p>
   </div>
   <div class='ocr_carea' id='block_1_77' title="bbox 321 4883 1904 4960">
    <p class='ocr_par' dir='ltr' id='par_1_77' title="bbox 321 4883 1904 4960">
     <span class='ocr_line' id='line_1_77' title="bbox 321 4883 1904 4960; baseline 0.001 -21"><span class='ocrx_word' id='word_1_578' title='bbox 321 4886 421 4940; x_wconf 81' lang='grc' dir='ltr'>καὶ</span> <span class='ocrx_word' id='word_1_579' title='bbox 454 4883 850 4956; x_wconf 78' lang='grc' dir='ltr'>ἐπιστρέψωσι,</span> <span class='ocrx_word' id='word_1_580' title='bbox 883 4887 978 4939; x_wconf 79' lang='grc' dir='ltr'>καὶ</span> <span class='ocrx_word' id='word_1_581' title='bbox 1009 4885 1228 4957; x_wconf 75' lang='grc' dir='ltr'>ἰάσηται</span> <span class='ocrx_word' id='word_1_582' title='bbox 1259 4883 1481 4950; x_wconf 82' lang='grc' dir='ltr'>αὐτούς.</span> <span class='ocrx_word' id='word_1_583' title='bbox 1503 4889 1613 4942; x_wconf 75' lang='grc' dir='ltr'>Καὶ</span> <span class='ocrx_word' id='word_1_584' title='bbox 1643 4888 1806 4942; x_wconf 81' lang='grc' dir='ltr'>τοῦτο</span> <span class='ocrx_word' id='word_1_585' title='bbox 1834 4883 1904 4960; x_wconf 79' lang='grc' dir='ltr'><strong>ῆν</strong></span> 
     </span>
    </p>
   </div>
   <div class='ocr_carea' id='block_1_78' title="bbox 323 4977 1905 5051">
    <p class='ocr_par' dir='ltr' id='par_1_78' title="bbox 323 4977 1905 5051">
     <span class='ocr_line' id='line_1_78' title="bbox 323 4977 1905 5051; baseline 0.003 -20"><span class='ocrx_word' id='word_1_586' title='bbox 323 4977 435 5049; x_wconf 75' lang='grc' dir='ltr'><strong>ἄρα</strong></span> <span class='ocrx_word' id='word_1_587' title='bbox 466 4977 564 5032; x_wconf 71' lang='grc' dir='ltr'><strong>κα)⁸</strong></span> <span class='ocrx_word' id='word_1_588' title='bbox 612 4978 761 5050; x_wconf 85' lang='grc' dir='ltr'>μάλα</span> <span class='ocrx_word' id='word_1_589' title='bbox 798 4978 1006 5049; x_wconf 84' lang='grc' dir='ltr'>σαφῶς,</span> <span class='ocrx_word' id='word_1_590' title='bbox 1045 4981 1184 5050; x_wconf 83' lang='grc' dir='ltr'>ὅπερ</span> <span class='ocrx_word' id='word_1_591' title='bbox 1224 4979 1332 5051; x_wconf 76' lang='grc' dir='ltr'>ἔφη</span> <span class='ocrx_word' id='word_1_592' title='bbox 1375 4979 1613 5051; x_wconf 80' lang='grc' dir='ltr'>Χριστὸς</span> <span class='ocrx_word' id='word_1_593' title='bbox 1655 4980 1905 5036; x_wconf 79' lang='grc' dir='ltr'>ἀπειθεῖν</span> 
     </span>
    </p>
   </div>
   <div class='ocr_carea' id='block_1_79' title="bbox 318 5070 1900 5142">
    <p class='ocr_par' dir='ltr' id='par_1_79' title="bbox 318 5070 1900 5142">
     <span class='ocr_line' id='line_1_79' title="bbox 318 5070 1900 5142; baseline 0.002 -18"><span class='ocrx_word' id='word_1_594' title='bbox 318 5071 618 5142; x_wconf 77' lang='grc' dir='ltr'>ᾑρημένοις</span> <span class='ocrx_word' id='word_1_595' title='bbox 639 5087 654 5101; x_wconf 76' lang='grc' dir='ltr'><strong>ο</strong></span> <span class='ocrx_word' id='word_1_596' title='bbox 704 5088 724 5122; x_wconf 84' lang='grc' dir='ltr'><strong>ι</strong></span> <span class='ocrx_word' id='word_1_597' title='bbox 759 5071 853 5141; x_wconf 78' lang='grc' dir='ltr'><strong>Μὴ</strong></span> <span class='ocrx_word' id='word_1_598' title='bbox 902 5070 1201 5141; x_wconf 83' lang='grc' dir='ltr'>γογγύζετε</span> <span class='ocrx_word' id='word_1_599' title='bbox 1236 5072 1353 5142; x_wconf 88' lang='grc' dir='ltr'>μετ’</span> <span class='ocrx_word' id='word_1_600' title='bbox 1398 5070 1648 5142; x_wconf 80' lang='grc' dir='ltr'>ἀλλήλων</span> <span class='ocrx_word' id='word_1_601' title='bbox 1671 5087 1683 5100; x_wconf 87' lang='grc'><strong>·</strong></span> <span class='ocrx_word' id='word_1_602' title='bbox 1718 5073 1900 5138; x_wconf 79' lang='grc' dir='ltr'>οὐδεὶς</span> 
     </span>
    </p>
   </div>
   <div class='ocr_carea' id='block_1_80' title="bbox 316 5161 1899 5237">
    <p class='ocr_par' dir='ltr' id='par_1_80' title="bbox 316 5161 1899 5237">
     <span class='ocr_line' id='line_1_80' title="bbox 316 5161 1899 5237; baseline 0.003 -22"><span class='ocrx_word' id='word_1_603' title='bbox 316 5161 542 5219; x_wconf 86' lang='grc' dir='ltr'>δύναται</span> <span class='ocrx_word' id='word_1_604' title='bbox 592 5163 768 5217; x_wconf 82' lang='grc' dir='ltr'>ἐλθεῖν</span> <span class='ocrx_word' id='word_1_605' title='bbox 806 5163 942 5237; x_wconf 89' lang='grc' dir='ltr'>πρός</span> <span class='ocrx_word' id='word_1_606' title='bbox 997 5179 1087 5234; x_wconf 88' lang='grc' dir='ltr'><strong>με,</strong></span> <span class='ocrx_word' id='word_1_607' title='bbox 1129 5163 1223 5217; x_wconf 78' lang='grc' dir='ltr'><strong>ὲάν</strong></span> <span class='ocrx_word' id='word_1_608' title='bbox 1273 5162 1349 5235; x_wconf 79' lang='grc' dir='ltr'>μὴ</span> <span class='ocrx_word' id='word_1_609' title='bbox 1392 5165 1422 5218; x_wconf 90' lang='lat'><strong>6</strong></span> <span class='ocrx_word' id='word_1_610' title='bbox 1464 5164 1656 5236; x_wconf 81' lang='grc' dir='ltr'>Πατήρ</span> <span class='ocrx_word' id='word_1_611' title='bbox 1699 5182 1802 5236; x_wconf 90' lang='grc' dir='ltr'><strong>μου</strong></span> <span class='ocrx_word' id='word_1_612' title='bbox 1870 5167 1899 5219; x_wconf 93' lang='lat'><strong>6</strong></span> 
     </span>
    </p>
   </div>
   <div class='ocr_carea' id='block_1_81' title="bbox 318 5253 1902 5327">
    <p class='ocr_par' dir='ltr' id='par_1_81' title="bbox 318 5253 1902 5327">
     <span class='ocr_line' id='line_1_81' title="bbox 318 5253 1902 5327; baseline 0.002 -20"><span class='ocrx_word' id='word_1_613' title='bbox 318 5255 543 5327; x_wconf 84' lang='grc' dir='ltr'>πέμψας</span> <span class='ocrx_word' id='word_1_614' title='bbox 587 5272 657 5326; x_wconf 89' lang='grc' dir='ltr'><strong>με</strong></span> <span class='ocrx_word' id='word_1_615' title='bbox 700 5254 904 5326; x_wconf 75' lang='grc' dir='ltr'>ἑλκύσῃ</span> <span class='ocrx_word' id='word_1_616' title='bbox 955 5253 1140 5308; x_wconf 84' lang='grc' dir='ltr'>αὐτόν.</span> <span class='ocrx_word' id='word_1_617' title='bbox 1179 5273 1198 5307; x_wconf 74' lang='grc' dir='ltr'><strong>ι</strong></span> <span class='ocrx_word' id='word_1_618' title='bbox 1245 5255 1356 5308; x_wconf 78' lang='grc' dir='ltr'><strong>Καὶ</strong></span> <span class='ocrx_word' id='word_1_619' title='bbox 1397 5254 1594 5309; x_wconf 85' lang='grc' dir='ltr'>πάλιν·</span> <span class='ocrx_word' id='word_1_620' title='bbox 1645 5273 1664 5306; x_wconf 79' lang='grc' dir='ltr'><strong>ι</strong></span> <span class='ocrx_word' id='word_1_621' title='bbox 1713 5257 1826 5319; x_wconf 78' lang='grc' dir='ltr'><strong>Πᾶς</strong></span> <span class='ocrx_word' id='word_1_622' title='bbox 1872 5258 1902 5310; x_wconf 92' lang='lat'><strong>6</strong></span> 
     </span>
    </p>
   </div>
   <div class='ocr_carea' id='block_1_82' title="bbox 315 5343 1899 5416">
    <p class='ocr_par' dir='ltr' id='par_1_82' title="bbox 315 5343 1899 5416">
     <span class='ocr_line' id='line_1_82' title="bbox 315 5343 1899 5416; baseline 0.002 -19"><span class='ocrx_word' id='word_1_623' title='bbox 315 5344 555 5410; x_wconf 84' lang='grc' dir='ltr'>ἀκούσας</span> <span class='ocrx_word' id='word_1_624' title='bbox 585 5345 739 5416; x_wconf 83' lang='grc' dir='ltr'><strong>παρά</strong></span> <span class='ocrx_word' id='word_1_625' title='bbox 773 5344 870 5398; x_wconf 83' lang='grc' dir='ltr'>τοῦ</span> <span class='ocrx_word' id='word_1_626' title='bbox 905 5345 1138 5415; x_wconf 82' lang='grc' dir='ltr'>Πατρδς,</span> <span class='ocrx_word' id='word_1_627' title='bbox 1165 5343 1384 5415; x_wconf 75' lang='grc' dir='ltr'>ἔρχεται</span> <span class='ocrx_word' id='word_1_628' title='bbox 1421 5345 1559 5414; x_wconf 89' lang='grc' dir='ltr'>πρός</span> <span class='ocrx_word' id='word_1_629' title='bbox 1587 5362 1673 5415; x_wconf 89' lang='grc' dir='ltr'><strong>με.</strong></span> <span class='ocrx_word' id='word_1_630' title='bbox 1697 5363 1715 5396; x_wconf 77' lang='grc' dir='ltr'><strong>ι</strong></span> <span class='ocrx_word' id='word_1_631' title='bbox 1755 5346 1899 5400; x_wconf 85' lang='grc' dir='ltr'>Ούκ-</span> 
     </span>
    </p>
   </div>
   <div class='ocr_carea' id='block_1_83' title="bbox 317 5427 1898 5508">
    <p class='ocr_par' dir='ltr' id='par_1_83' title="bbox 317 5427 1898 5508">
     <span class='ocr_line' id='line_1_83' title="bbox 317 5427 1898 5508; baseline 0.001 -20"><span class='ocrx_word' id='word_1_632' title='bbox 317 5434 415 5488; x_wconf 80' lang='grc' dir='ltr'>οὖν</span> <span class='ocrx_word' id='word_1_633' title='bbox 439 5437 500 5489; x_wconf 84' lang='grc' dir='ltr'>οὺ</span> <span class='ocrx_word' id='word_1_634' title='bbox 530 5438 821 5508; x_wconf 85' lang='grc' dir='ltr'>κέκληνται</span> <span class='ocrx_word' id='word_1_635' title='bbox 851 5437 988 5508; x_wconf 75' lang='grc' dir='ltr'>πρὸς</span> <span class='ocrx_word' id='word_1_636' title='bbox 1018 5427 1314 5505; x_wconf 66' lang='grc' dir='ltr'>ἐπίγνωσιν</span> <span class='ocrx_word' id='word_1_637' title='bbox 1345 5438 1440 5492; x_wconf 80' lang='grc' dir='ltr'>τοῦ</span> <span class='ocrx_word' id='word_1_638' title='bbox 1475 5438 1630 5504; x_wconf 86' lang='grc' dir='ltr'>Υἱοῦ,</span> <span class='ocrx_word' id='word_1_639' title='bbox 1661 5439 1730 5492; x_wconf 80' lang='grc' dir='ltr'>δι’</span> <span class='ocrx_word' id='word_1_640' title='bbox 1755 5441 1898 5494; x_wconf 88' lang='grc' dir='ltr'>ἀπο-</span> 
     </span>
    </p>
   </div>
   <div class='ocr_carea' id='block_1_84' title="bbox 318 5527 1900 5605">
    <p class='ocr_par' dir='ltr' id='par_1_84' title="bbox 318 5527 1900 5605">
     <span class='ocr_line' id='line_1_84' title="bbox 318 5527 1900 5605; baseline 0.004 -24"><span class='ocrx_word' id='word_1_641' title='bbox 318 5527 608 5598; x_wconf 84' lang='grc' dir='ltr'>καλύψεως</span> <span class='ocrx_word' id='word_1_642' title='bbox 645 5529 740 5583; x_wconf 82' lang='grc' dir='ltr'>τοῦ</span> <span class='ocrx_word' id='word_1_643' title='bbox 765 5529 902 5584; x_wconf 82' lang='grc' dir='ltr'>Θεού</span> <span class='ocrx_word' id='word_1_644' title='bbox 937 5530 1032 5585; x_wconf 70' lang='grc' dir='ltr'>καὶ</span> <span class='ocrx_word' id='word_1_645' title='bbox 1065 5532 1297 5603; x_wconf 84' lang='grc' dir='ltr'>Πατρὸς,</span> <span class='ocrx_word' id='word_1_646' title='bbox 1321 5532 1404 5586; x_wconf 83' lang='grc' dir='ltr'>ὅτι</span> <span class='ocrx_word' id='word_1_647' title='bbox 1433 5533 1567 5605; x_wconf 81' lang='grc' dir='ltr'>μηδὲ</span> <span class='ocrx_word' id='word_1_648' title='bbox 1590 5528 1731 5604; x_wconf 78' lang='grc' dir='ltr'>ἦσαν</span> <span class='ocrx_word' id='word_1_649' title='bbox 1757 5533 1900 5598; x_wconf 82' lang='grc' dir='ltr'>ἄξιοι</span> 
     </span>
    </p>
   </div>
   <div class='ocr_carea' id='block_1_85' title="bbox 314 5618 1898 5697">
    <p class='ocr_par' dir='ltr' id='par_1_85' title="bbox 314 5618 1898 5697">
     <span class='ocr_line' id='line_1_85' title="bbox 314 5618 1898 5697; baseline 0.004 -24"><span class='ocrx_word' id='word_1_650' title='bbox 314 5618 418 5691; x_wconf 88' lang='grc' dir='ltr'><strong>τῆς</strong></span> <span class='ocrx_word' id='word_1_651' title='bbox 450 5619 522 5674; x_wconf 85' lang='grc' dir='ltr'><strong>δι’</strong></span> <span class='ocrx_word' id='word_1_652' title='bbox 553 5619 717 5675; x_wconf 82' lang='grc' dir='ltr'>αὑτοῦ</span> <span class='ocrx_word' id='word_1_653' title='bbox 753 5622 1033 5696; x_wconf 86' lang='grc' dir='ltr'>σωτηρίας</span> <span class='ocrx_word' id='word_1_654' title='bbox 1059 5623 1152 5676; x_wconf 75' lang='grc' dir='ltr'>καὶ</span> <span class='ocrx_word' id='word_1_655' title='bbox 1176 5623 1342 5694; x_wconf 79' lang='grc' dir='ltr'>ζωῆς.</span> <span class='ocrx_word' id='word_1_656' title='bbox 1386 5625 1450 5678; x_wconf 76' lang='lat' dir='ltr'><strong>Et</strong></span> <span class='ocrx_word' id='word_1_657' title='bbox 1479 5624 1624 5697; x_wconf 83' lang='grc' dir='ltr'><strong>δὲδὴ</strong></span> <span class='ocrx_word' id='word_1_658' title='bbox 1660 5643 1743 5689; x_wconf 88' lang='grc' dir='ltr'><strong>τις</strong></span> <span class='ocrx_word' id='word_1_659' title='bbox 1773 5623 1898 5697; x_wconf 79' lang='grc' dir='ltr'>βού-</span> 
     </span>
    </p>
   </div>
   <div class='ocr_carea' id='block_1_86' title="bbox 397 5773 1420 5845">
    <p class='ocr_par' dir='ltr' id='par_1_86' title="bbox 397 5773 1420 5845">
     <span class='ocr_line' id='line_1_86' title="bbox 397 5773 1420 5845; baseline -0.001 -10"><span class='ocrx_word' id='word_1_660' title='bbox 397 5773 441 5806; x_wconf 84' lang='grc'><em>³³</em></span> <span class='ocrx_word' id='word_1_661' title='bbox 473 5779 650 5835; x_wconf 70' lang='lat' dir='ltr'><strong>Esod.</strong></span> <span class='ocrx_word' id='word_1_662' title='bbox 688 5795 759 5842; x_wconf 82' lang='lat' dir='ltr'><strong>tv,</strong></span> <span class='ocrx_word' id='word_1_663' title='bbox 805 5780 889 5835; x_wconf 76' lang='lat' dir='ltr'><strong>i3.</strong></span> <span class='ocrx_word' id='word_1_664' title='bbox 971 5783 1012 5813; x_wconf 74' lang='grc'>³⁰</span> <span class='ocrx_word' id='word_1_665' title='bbox 1061 5780 1262 5837; x_wconf 83' lang='lat' dir='ltr'><strong>Jcrcm.</strong></span> <span class='ocrx_word' id='word_1_666' title='bbox 1309 5798 1343 5845; x_wconf 86' lang='lat' dir='ltr'><strong>t,</strong></span> <span class='ocrx_word' id='word_1_667' title='bbox 1372 5785 1420 5836; x_wconf 84' lang='grc'><strong>6.</strong></span> 
     </span>
    </p>
   </div>
   <div class='ocr_carea' id='block_1_87' title="bbox 2019 3132 3602 3207">
    <p class='ocr_par' dir='ltr' id='par_1_87' title="bbox 2019 3132 3602 3207">
     <span class='ocr_line' id='line_1_87' title="bbox 2019 3132 3602 3207; baseline 0.004 -19"><span class='ocrx_word' id='word_1_668' title='bbox 2019 3132 2122 3188; x_wconf 89' lang='lat' dir='ltr'><strong>bus</strong></span> <span class='ocrx_word' id='word_1_669' title='bbox 2172 3132 2383 3198; x_wconf 85' lang='lat' dir='ltr'><strong>abesse,</strong></span> <span class='ocrx_word' id='word_1_670' title='bbox 2417 3145 2840 3189; x_wconf 86' lang='lat' dir='ltr'><strong>consentaneum</strong></span> <span class='ocrx_word' id='word_1_671' title='bbox 2879 3146 2982 3191; x_wconf 89' lang='lat' dir='ltr'><strong>est.</strong></span> <span class='ocrx_word' id='word_1_672' title='bbox 3014 3136 3126 3192; x_wconf 85' lang='lat' dir='ltr'><strong>lloc</strong></span> <span class='ocrx_word' id='word_1_673' title='bbox 3185 3139 3410 3207; x_wconf 86' lang='lat' dir='ltr'><strong>proinde</strong></span> <span class='ocrx_word' id='word_1_674' title='bbox 3459 3141 3602 3195; x_wconf 81' lang='lat' dir='ltr'><strong>vati-</strong></span> 
     </span>
    </p>
   </div>
   <div class='ocr_carea' id='block_1_88' title="bbox 2020 3224 3597 3302">
    <p class='ocr_par' dir='ltr' id='par_1_88' title="bbox 2020 3224 3597 3302">
     <span class='ocr_line' id='line_1_88' title="bbox 2020 3224 3597 3302; baseline 0.006 -24"><span class='ocrx_word' id='word_1_675' title='bbox 2020 3224 2225 3279; x_wconf 88' lang='lat' dir='ltr'><strong>ciuium</strong></span> <span class='ocrx_word' id='word_1_676' title='bbox 2261 3224 2496 3280; x_wconf 88' lang='lat' dir='ltr'><strong>instituit</strong></span> <span class='ocrx_word' id='word_1_677' title='bbox 2521 3226 2896 3281; x_wconf 85' lang='lat' dir='ltr'><strong>universorum</strong></span> <span class='ocrx_word' id='word_1_678' title='bbox 2916 3226 3076 3291; x_wconf 88' lang='lat' dir='ltr'><strong>Deus,</strong></span> <span class='ocrx_word' id='word_1_679' title='bbox 3108 3239 3164 3285; x_wconf 91' lang='lat' dir='ltr'><strong>et</strong></span> <span class='ocrx_word' id='word_1_680' title='bbox 3185 3228 3344 3299; x_wconf 87' lang='lat' dir='ltr'><strong>jubet</strong></span> <span class='ocrx_word' id='word_1_681' title='bbox 3373 3231 3597 3302; x_wconf 88' lang='lat' dir='ltr'><strong>prophe-</strong></span> 
     </span>
    </p>
   </div>
   <div class='ocr_carea' id='block_1_89' title="bbox 2021 3316 3596 3387">
    <p class='ocr_par' dir='ltr' id='par_1_89' title="bbox 2021 3316 3596 3387">
     <span class='ocr_line' id='line_1_89' title="bbox 2021 3316 3596 3387; baseline 0.008 -18"><span class='ocrx_word' id='word_1_682' title='bbox 2021 3324 2128 3370; x_wconf 87' lang='lat' dir='ltr'><strong>tam</strong></span> <span class='ocrx_word' id='word_1_683' title='bbox 2151 3316 2472 3373; x_wconf 87' lang='lat' dir='ltr'><strong>denuntiare</strong></span> <span class='ocrx_word' id='word_1_684' title='bbox 2495 3317 2628 3372; x_wconf 89' lang='lat' dir='ltr'><strong>illis:</strong></span> <span class='ocrx_word' id='word_1_685' title='bbox 2653 3338 2670 3370; x_wconf 83' lang='lat' dir='ltr'><strong>t</strong></span> <span class='ocrx_word' id='word_1_686' title='bbox 2701 3319 2898 3374; x_wconf 82' lang='lat' dir='ltr'><strong>Auditu</strong></span> <span class='ocrx_word' id='word_1_687' title='bbox 2915 3321 3166 3387; x_wconf 80' lang='lat' dir='ltr'><strong>audietis,</strong></span> <span class='ocrx_word' id='word_1_688' title='bbox 3191 3333 3370 3378; x_wconf 88' lang='lat' dir='ltr'><strong>etnon</strong></span> <span class='ocrx_word' id='word_1_689' title='bbox 3395 3325 3596 3382; x_wconf 90' lang='lat' dir='ltr'><strong>intelli-</strong></span> 
     </span>
    </p>
   </div>
   <div class='ocr_carea' id='block_1_90' title="bbox 2019 3409 3591 3480">
    <p class='ocr_par' dir='ltr' id='par_1_90' title="bbox 2019 3409 3591 3480">
     <span class='ocr_line' id='line_1_90' title="bbox 2019 3409 3591 3480; baseline 0.003 -17"><span class='ocrx_word' id='word_1_690' title='bbox 2019 3411 2158 3477; x_wconf 71' lang='lat' dir='ltr'><strong>getis</strong></span> <span class='ocrx_word' id='word_1_691' title='bbox 2208 3452 2224 3476; x_wconf 96' lang='lat'><strong>,</strong></span> <span class='ocrx_word' id='word_1_692' title='bbox 2269 3420 2326 3465; x_wconf 89' lang='lat' dir='ltr'><strong>et</strong></span> <span class='ocrx_word' id='word_1_693' title='bbox 2371 3409 2618 3467; x_wconf 82' lang='lat' dir='ltr'><strong>videntes</strong></span> <span class='ocrx_word' id='word_1_694' title='bbox 2680 3412 2955 3480; x_wconf 73' lang='lat' dir='ltr'><strong>videbitis,</strong></span> <span class='ocrx_word' id='word_1_695' title='bbox 2995 3422 3051 3468; x_wconf 89' lang='lat' dir='ltr'><strong>et</strong></span> <span class='ocrx_word' id='word_1_696' title='bbox 3107 3429 3214 3468; x_wconf 92' lang='lat' dir='ltr'><strong>non</strong></span> <span class='ocrx_word' id='word_1_697' title='bbox 3264 3415 3534 3470; x_wconf 81' lang='lat' dir='ltr'><strong>videbitis.</strong></span> <span class='ocrx_word' id='word_1_698' title='bbox 3571 3434 3591 3468; x_wconf 72' lang='grc' dir='ltr'><strong>ι</strong></span> 
     </span>
    </p>
   </div>
   <div class='ocr_carea' id='block_1_91' title="bbox 2017 3499 3596 3576">
    <p class='ocr_par' dir='ltr' id='par_1_91' title="bbox 2017 3499 3596 3576">
     <span class='ocr_line' id='line_1_91' title="bbox 2017 3499 3596 3576; baseline 0.006 -22"><span class='ocrx_word' id='word_1_699' title='bbox 2017 3499 2256 3556; x_wconf 83' lang='lat' dir='ltr'><strong>Fuerunt</strong></span> <span class='ocrx_word' id='word_1_700' title='bbox 2288 3504 2430 3557; x_wconf 84' lang='lat' dir='ltr'><strong>enim</strong></span> <span class='ocrx_word' id='word_1_701' title='bbox 2471 3503 2571 3571; x_wconf 87' lang='lat' dir='ltr'><strong>ipsi</strong></span> <span class='ocrx_word' id='word_1_702' title='bbox 2600 3505 2763 3560; x_wconf 90' lang='lat' dir='ltr'><strong>auriti</strong></span> <span class='ocrx_word' id='word_1_703' title='bbox 2804 3515 2989 3572; x_wconf 85' lang='lat' dir='ltr'><strong>testes,</strong></span> <span class='ocrx_word' id='word_1_704' title='bbox 3016 3505 3406 3576; x_wconf 87' lang='lat' dir='ltr'><strong>auditoresque</strong></span> <span class='ocrx_word' id='word_1_705' title='bbox 3442 3507 3596 3563; x_wconf 83' lang='lat' dir='ltr'><strong>vocis</strong></span> 
     </span>
    </p>
   </div>
   <div class='ocr_carea' id='block_1_92' title="bbox 2017 3593 3593 3670">
    <p class='ocr_par' dir='ltr' id='par_1_92' title="bbox 2017 3593 3593 3670">
     <span class='ocr_line' id='line_1_92' title="bbox 2017 3593 3593 3670; baseline 0.004 -21"><span class='ocrx_word' id='word_1_706' title='bbox 2017 3593 2324 3650; x_wconf 85' lang='lat' dir='ltr'><strong>Servatoris</strong></span> <span class='ocrx_word' id='word_1_707' title='bbox 2351 3595 2573 3662; x_wconf 88' lang='lat' dir='ltr'><strong>;docuit</strong></span> <span class='ocrx_word' id='word_1_708' title='bbox 2602 3597 2654 3651; x_wconf 88' lang='lat' dir='ltr'><strong>in</strong></span> <span class='ocrx_word' id='word_1_709' title='bbox 2699 3599 3014 3670; x_wconf 84' lang='lat' dir='ltr'><strong>synagogis,</strong></span> <span class='ocrx_word' id='word_1_710' title='bbox 3061 3598 3317 3654; x_wconf 83' lang='lat' dir='ltr'><strong>clamavit</strong></span> <span class='ocrx_word' id='word_1_711' title='bbox 3347 3614 3593 3669; x_wconf 68' lang='grc' dir='ltr'>διερευν-</span> 
     </span>
    </p>
   </div>
   <div class='ocr_carea' id='block_1_93' title="bbox 2016 3687 3591 3760">
    <p class='ocr_par' dir='ltr' id='par_1_93' title="bbox 2016 3687 3591 3760">
     <span class='ocr_line' id='line_1_93' title="bbox 2016 3687 3591 3760; baseline 0.003 -20"><span class='ocrx_word' id='word_1_712' title='bbox 2016 3701 2165 3742; x_wconf 90' lang='lat' dir='ltr'><strong>mero</strong></span> <span class='ocrx_word' id='word_1_713' title='bbox 2219 3687 2628 3760; x_wconf 83' lang='lat' dir='ltr'><strong>Hierosolymis,</strong></span> <span class='ocrx_word' id='word_1_714' title='bbox 2677 3704 2741 3746; x_wconf 90' lang='lat' dir='ltr'><strong>ac</strong></span> <span class='ocrx_word' id='word_1_715' title='bbox 2772 3692 2994 3760; x_wconf 90' lang='lat' dir='ltr'><strong>perinde</strong></span> <span class='ocrx_word' id='word_1_716' title='bbox 3048 3700 3205 3746; x_wconf 87' lang='lat' dir='ltr'><strong>erant</strong></span> <span class='ocrx_word' id='word_1_717' title='bbox 3271 3705 3338 3747; x_wconf 84' lang='lat' dir='ltr'><strong>ac</strong></span> <span class='ocrx_word' id='word_1_718' title='bbox 3376 3691 3421 3746; x_wconf 86' lang='lat' dir='ltr'><strong>si</strong></span> <span class='ocrx_word' id='word_1_719' title='bbox 3459 3691 3591 3745; x_wconf 84' lang='lat' dir='ltr'><strong>nihii</strong></span> 
     </span>
    </p>
   </div>
   <div class='ocr_carea' id='block_1_94' title="bbox 2013 3779 3595 3852">
    <p class='ocr_par' dir='ltr' id='par_1_94' title="bbox 2013 3779 3595 3852">
     <span class='ocr_line' id='line_1_94' title="bbox 2013 3779 3595 3852; baseline 0.001 -19"><span class='ocrx_word' id='word_1_720' title='bbox 2013 3779 2238 3835; x_wconf 82' lang='lat' dir='ltr'><strong>cumino</strong></span> <span class='ocrx_word' id='word_1_721' title='bbox 2270 3781 2622 3837; x_wconf 86' lang='lat' dir='ltr'><strong>audivissent.</strong></span> <span class='ocrx_word' id='word_1_722' title='bbox 2663 3780 3010 3852; x_wconf 89' lang='lat' dir='ltr'><strong>Spectatores</strong></span> <span class='ocrx_word' id='word_1_723' title='bbox 3047 3797 3228 3837; x_wconf 84' lang='lat' dir='ltr'><strong>rerum</strong></span> <span class='ocrx_word' id='word_1_724' title='bbox 3263 3779 3595 3836; x_wconf 86' lang='lat' dir='ltr'><strong>admirabili-</strong></span> 
     </span>
    </p>
   </div>
   <div class='ocr_carea' id='block_1_95' title="bbox 2015 3865 3592 3942">
    <p class='ocr_par' dir='ltr' id='par_1_95' title="bbox 2015 3865 3592 3942">
     <span class='ocr_line' id='line_1_95' title="bbox 2015 3865 3592 3942; baseline 0.001 -18"><span class='ocrx_word' id='word_1_725' title='bbox 2015 3881 2096 3925; x_wconf 90' lang='lat' dir='ltr'><strong>ter</strong></span> <span class='ocrx_word' id='word_1_726' title='bbox 2117 3865 2294 3942; x_wconf 76' lang='lat' dir='ltr'><strong>supra</strong></span> <span class='ocrx_word' id='word_1_727' title='bbox 2313 3871 2472 3927; x_wconf 80' lang='lat' dir='ltr'><strong>(idem</strong></span> <span class='ocrx_word' id='word_1_728' title='bbox 2515 3882 2789 3942; x_wconf 85' lang='lat' dir='ltr'><strong>gestarum</strong></span> <span class='ocrx_word' id='word_1_729' title='bbox 2814 3875 3054 3929; x_wconf 77' lang='lat' dir='ltr'><strong>fuerunt.</strong></span> <span class='ocrx_word' id='word_1_730' title='bbox 3090 3875 3418 3942; x_wconf 83' lang='lat' dir='ltr'><strong>Spectarunt</strong></span> <span class='ocrx_word' id='word_1_731' title='bbox 3449 3871 3592 3926; x_wconf 87' lang='lat' dir='ltr'><strong>enim</strong></span> 
     </span>
    </p>
   </div>
   <div class='ocr_carea' id='block_1_96' title="bbox 2011 3961 3596 4031">
    <p class='ocr_par' dir='ltr' id='par_1_96' title="bbox 2011 3961 3596 4031">
     <span class='ocr_line' id='line_1_96' title="bbox 2011 3961 3596 4031; baseline 0.001 -15"><span class='ocrx_word' id='word_1_732' title='bbox 2011 3961 2263 4031; x_wconf 86' lang='lat' dir='ltr'><strong>leprosos</strong></span> <span class='ocrx_word' id='word_1_733' title='bbox 2287 3965 2477 4019; x_wconf 91' lang='lat' dir='ltr'><strong>morbo</strong></span> <span class='ocrx_word' id='word_1_734' title='bbox 2501 3963 2784 4031; x_wconf 89' lang='lat' dir='ltr'><strong>liberatos,</strong></span> <span class='ocrx_word' id='word_1_735' title='bbox 2814 3965 3127 4020; x_wconf 80' lang='lat' dir='ltr'><strong>exsilientes</strong></span> <span class='ocrx_word' id='word_1_736' title='bbox 3155 3964 3396 4028; x_wconf 88' lang='lat' dir='ltr'><strong>claudos,</strong></span> <span class='ocrx_word' id='word_1_737' title='bbox 3421 3977 3596 4018; x_wconf 68' lang='lat' dir='ltr'><strong>caecos</strong></span> 
     </span>
    </p>
   </div>
   <div class='ocr_carea' id='block_1_97' title="bbox 2013 4055 3586 4126">
    <p class='ocr_par' dir='ltr' id='par_1_97' title="bbox 2013 4055 3586 4126">
     <span class='ocr_line' id='line_1_97' title="bbox 2013 4055 3586 4126; baseline 0 -17"><span class='ocrx_word' id='word_1_738' title='bbox 2013 4055 2282 4120; x_wconf 87' lang='lat' dir='ltr'><strong>videntes,</strong></span> <span class='ocrx_word' id='word_1_739' title='bbox 2306 4065 2550 4112; x_wconf 89' lang='lat' dir='ltr'><strong>mortuos</strong></span> <span class='ocrx_word' id='word_1_740' title='bbox 2590 4071 2622 4110; x_wconf 93' lang='lat' dir='ltr'><strong>e</strong></span> <span class='ocrx_word' id='word_1_741' title='bbox 2665 4058 3027 4111; x_wconf 86' lang='lat' dir='ltr'><strong>monumentis</strong></span> <span class='ocrx_word' id='word_1_742' title='bbox 3097 4064 3480 4126; x_wconf 85' lang='lat' dir='ltr'><strong>resurgentes:</strong></span> <span class='ocrx_word' id='word_1_743' title='bbox 3525 4063 3586 4109; x_wconf 88' lang='lat' dir='ltr'><strong>at</strong></span> 
     </span>
    </p>
   </div>
   <div class='ocr_carea' id='block_1_98' title="bbox 2012 4146 3594 4218">
    <p class='ocr_par' dir='ltr' id='par_1_98' title="bbox 2012 4146 3594 4218">
     <span class='ocr_line' id='line_1_98' title="bbox 2012 4146 3594 4218; baseline -0.002 -15"><span class='ocrx_word' id='word_1_744' title='bbox 2012 4147 2120 4203; x_wconf 87' lang='lat' dir='ltr'><strong>illis</strong></span> <span class='ocrx_word' id='word_1_745' title='bbox 2165 4147 2280 4203; x_wconf 66' lang='lat' dir='ltr'><strong>haec</strong></span> <span class='ocrx_word' id='word_1_746' title='bbox 2339 4148 2560 4202; x_wconf 88' lang='lat' dir='ltr'><strong>minime</strong></span> <span class='ocrx_word' id='word_1_747' title='bbox 2581 4146 2925 4218; x_wconf 78' lang='lat' dir='ltr'><strong>profuerunt,</strong></span> <span class='ocrx_word' id='word_1_748' title='bbox 2981 4148 3076 4202; x_wconf 88' lang='lat' dir='ltr'><strong>sed</strong></span> <span class='ocrx_word' id='word_1_749' title='bbox 3116 4148 3297 4202; x_wconf 89' lang='lat' dir='ltr'><strong>miseri</strong></span> <span class='ocrx_word' id='word_1_750' title='bbox 3349 4146 3594 4204; x_wconf 79' lang='lat' dir='ltr'><strong>homines</strong></span> 
     </span>
    </p>
   </div>
   <div class='ocr_carea' id='block_1_99' title="bbox 2010 4239 3592 4311">
    <p class='ocr_par' dir='ltr' id='par_1_99' title="bbox 2010 4239 3592 4311">
     <span class='ocr_line' id='line_1_99' title="bbox 2010 4239 3592 4311; baseline 0 -17"><span class='ocrx_word' id='word_1_751' title='bbox 2010 4249 2272 4311; x_wconf 89' lang='lat' dir='ltr'><strong>perpetuo</strong></span> <span class='ocrx_word' id='word_1_752' title='bbox 2323 4239 2477 4309; x_wconf 83' lang='lat' dir='ltr'><strong>quasi</strong></span> <span class='ocrx_word' id='word_1_753' title='bbox 2511 4239 2690 4294; x_wconf 88' lang='lat' dir='ltr'><strong>orbati</strong></span> <span class='ocrx_word' id='word_1_754' title='bbox 2733 4240 2864 4308; x_wconf 88' lang='lat' dir='ltr'><strong>ipsis</strong></span> <span class='ocrx_word' id='word_1_755' title='bbox 2883 4239 3059 4294; x_wconf 89' lang='lat' dir='ltr'><strong>oculis</strong></span> <span class='ocrx_word' id='word_1_756' title='bbox 3105 4241 3450 4294; x_wconf 80' lang='lat' dir='ltr'><strong>exstiterunt.</strong></span> <span class='ocrx_word' id='word_1_757' title='bbox 3481 4239 3592 4294; x_wconf 84' lang='lat' dir='ltr'><strong>llac</strong></span> 
     </span>
    </p>
   </div>
   <div class='ocr_carea' id='block_1_100' title="bbox 2011 4331 3590 4402">
    <p class='ocr_par' dir='ltr' id='par_1_100' title="bbox 2011 4331 3590 4402">
     <span class='ocr_line' id='line_1_100' title="bbox 2011 4331 3590 4402; baseline 0 -14"><span class='ocrx_word' id='word_1_758' title='bbox 2011 4333 2078 4388; x_wconf 88' lang='lat' dir='ltr'><strong>de</strong></span> <span class='ocrx_word' id='word_1_759' title='bbox 2105 4347 2267 4388; x_wconf 84' lang='lat' dir='ltr'><strong>causa</strong></span> <span class='ocrx_word' id='word_1_760' title='bbox 2293 4346 2423 4386; x_wconf 89' lang='lat' dir='ltr'><strong>voce</strong></span> <span class='ocrx_word' id='word_1_761' title='bbox 2461 4339 2773 4386; x_wconf 88' lang='lat' dir='ltr'><strong>sanctorum</strong></span> <span class='ocrx_word' id='word_1_762' title='bbox 2799 4331 3003 4402; x_wconf 87' lang='lat' dir='ltr'><strong>probro</strong></span> <span class='ocrx_word' id='word_1_763' title='bbox 3035 4331 3142 4387; x_wconf 88' lang='lat' dir='ltr'><strong>illis</strong></span> <span class='ocrx_word' id='word_1_764' title='bbox 3167 4333 3412 4399; x_wconf 89' lang='lat' dir='ltr'><strong>vertitur,</strong></span> <span class='ocrx_word' id='word_1_765' title='bbox 3448 4334 3590 4402; x_wconf 88' lang='lat' dir='ltr'><strong>quod</strong></span> 
     </span>
    </p>
   </div>
   <div class='ocr_carea' id='block_1_101' title="bbox 2012 4423 3592 4494">
    <p class='ocr_par' dir='ltr' id='par_1_101' title="bbox 2012 4423 3592 4494">
     <span class='ocr_line' id='line_1_101' title="bbox 2012 4423 3592 4494; baseline 0 -14"><span class='ocrx_word' id='word_1_766' title='bbox 2012 4439 2230 4494; x_wconf 88' lang='lat' dir='ltr'><strong>semper</strong></span> <span class='ocrx_word' id='word_1_767' title='bbox 2282 4423 2584 4494; x_wconf 68' lang='lat' dir='ltr'><strong>prafracta:</strong></span> <span class='ocrx_word' id='word_1_768' title='bbox 2635 4424 2880 4480; x_wconf 84' lang='lat' dir='ltr'><strong>cervicis</strong></span> <span class='ocrx_word' id='word_1_769' title='bbox 2915 4424 3137 4492; x_wconf 70' lang='lat' dir='ltr'><strong>iuerint,</strong></span> <span class='ocrx_word' id='word_1_770' title='bbox 3172 4440 3237 4481; x_wconf 89' lang='lat' dir='ltr'><strong>ac</strong></span> <span class='ocrx_word' id='word_1_771' title='bbox 3286 4428 3452 4483; x_wconf 85' lang='lat' dir='ltr'><strong>corde</strong></span> <span class='ocrx_word' id='word_1_772' title='bbox 3489 4427 3592 4481; x_wconf 87' lang='lat' dir='ltr'><strong>itu-</strong></span> 
     </span>
    </p>
   </div>
   <div class='ocr_carea' id='block_1_102' title="bbox 2014 4517 3592 4588">
    <p class='ocr_par' dir='ltr' id='par_1_102' title="bbox 2014 4517 3592 4588">
     <span class='ocr_line' id='line_1_102' title="bbox 2014 4517 3592 4588; baseline 0.001 -16"><span class='ocrx_word' id='word_1_773' title='bbox 2014 4517 2296 4588; x_wconf 85' lang='lat' dir='ltr'><strong>morigeri,</strong></span> <span class='ocrx_word' id='word_1_774' title='bbox 2332 4525 2663 4588; x_wconf 83' lang='lat' dir='ltr'><strong>sanctosque</strong></span> <span class='ocrx_word' id='word_1_775' title='bbox 2717 4517 3036 4574; x_wconf 88' lang='lat' dir='ltr'><strong>occiderint.</strong></span> <span class='ocrx_word' id='word_1_776' title='bbox 3071 4517 3262 4572; x_wconf 87' lang='lat' dir='ltr'><strong>Datam</strong></span> <span class='ocrx_word' id='word_1_777' title='bbox 3292 4533 3424 4573; x_wconf 87' lang='lat' dir='ltr'><strong>vero</strong></span> <span class='ocrx_word' id='word_1_778' title='bbox 3485 4519 3592 4574; x_wconf 85' lang='lat' dir='ltr'><strong>illis</strong></span> 
     </span>
    </p>
   </div>
   <div class='ocr_carea' id='block_1_103' title="bbox 2011 4608 3592 4675">
    <p class='ocr_par' dir='ltr' id='par_1_103' title="bbox 2011 4608 3592 4675">
     <span class='ocr_line' id='line_1_103' title="bbox 2011 4608 3592 4675; baseline 0.001 -13"><span class='ocrx_word' id='word_1_779' title='bbox 2011 4621 2133 4663; x_wconf 86' lang='lat' dir='ltr'><strong>esse</strong></span> <span class='ocrx_word' id='word_1_780' title='bbox 2160 4608 2462 4664; x_wconf 71' lang='lat' dir='ltr'><strong>caecitatem</strong></span> <span class='ocrx_word' id='word_1_781' title='bbox 2510 4608 2662 4673; x_wconf 86' lang='lat' dir='ltr'><strong>dicit,</strong></span> <span class='ocrx_word' id='word_1_782' title='bbox 2707 4625 2776 4666; x_wconf 92' lang='lat' dir='ltr'><strong>ne</strong></span> <span class='ocrx_word' id='word_1_783' title='bbox 2805 4610 3024 4667; x_wconf 88' lang='lat' dir='ltr'><strong>videant</strong></span> <span class='ocrx_word' id='word_1_784' title='bbox 3073 4609 3264 4675; x_wconf 86' lang='lat' dir='ltr'><strong>oculis,</strong></span> <span class='ocrx_word' id='word_1_785' title='bbox 3319 4621 3377 4664; x_wconf 87' lang='lat' dir='ltr'><strong>et</strong></span> <span class='ocrx_word' id='word_1_786' title='bbox 3428 4609 3592 4664; x_wconf 85' lang='lat' dir='ltr'><strong>corde</strong></span> 
     </span>
    </p>
   </div>
   <div class='ocr_carea' id='block_1_104' title="bbox 2010 4698 3588 4773">
    <p class='ocr_par' dir='ltr' id='par_1_104' title="bbox 2010 4698 3588 4773">
     <span class='ocr_line' id='line_1_104' title="bbox 2010 4698 3588 4773; baseline 0.001 -19"><span class='ocrx_word' id='word_1_787' title='bbox 2010 4698 2338 4773; x_wconf 87' lang='lat' dir='ltr'><strong>intelligant,</strong></span> <span class='ocrx_word' id='word_1_788' title='bbox 2409 4710 2465 4758; x_wconf 89' lang='lat' dir='ltr'><strong>et</strong></span> <span class='ocrx_word' id='word_1_789' title='bbox 2507 4711 2915 4769; x_wconf 86' lang='lat' dir='ltr'><strong>convertantur,</strong></span> <span class='ocrx_word' id='word_1_790' title='bbox 2968 4713 3024 4759; x_wconf 92' lang='lat' dir='ltr'><strong>et</strong></span> <span class='ocrx_word' id='word_1_791' title='bbox 3087 4712 3254 4759; x_wconf 86' lang='lat' dir='ltr'><strong>sanet</strong></span> <span class='ocrx_word' id='word_1_792' title='bbox 3275 4716 3394 4760; x_wconf 87' lang='lat' dir='ltr'><strong>eos.</strong></span> <span class='ocrx_word' id='word_1_793' title='bbox 3469 4700 3588 4756; x_wconf 81' lang='lat' dir='ltr'><strong>Hoc</strong></span> 
     </span>
    </p>
   </div>
   <div class='ocr_carea' id='block_1_105' title="bbox 2007 4788 3585 4864">
    <p class='ocr_par' dir='ltr' id='par_1_105' title="bbox 2007 4788 3585 4864">
     <span class='ocr_line' id='line_1_105' title="bbox 2007 4788 3585 4864; baseline 0.002 -19"><span class='ocrx_word' id='word_1_794' title='bbox 2007 4788 2224 4846; x_wconf 89' lang='lat' dir='ltr'><strong>demum</strong></span> <span class='ocrx_word' id='word_1_795' title='bbox 2277 4799 2397 4847; x_wconf 86' lang='lat' dir='ltr'><strong>erat</strong></span> <span class='ocrx_word' id='word_1_796' title='bbox 2453 4791 2615 4862; x_wconf 90' lang='lat' dir='ltr'><strong>plane</strong></span> <span class='ocrx_word' id='word_1_797' title='bbox 2686 4792 2833 4863; x_wconf 89' lang='lat' dir='ltr'><strong>quod</strong></span> <span class='ocrx_word' id='word_1_798' title='bbox 2889 4793 3139 4848; x_wconf 87' lang='lat' dir='ltr'><strong>Christus</strong></span> <span class='ocrx_word' id='word_1_799' title='bbox 3187 4791 3322 4848; x_wconf 75' lang='lat' dir='ltr'><strong>dixit</strong></span> <span class='ocrx_word' id='word_1_800' title='bbox 3361 4791 3585 4864; x_wconf 89' lang='lat' dir='ltr'><strong>his,qui</strong></span> 
     </span>
    </p>
   </div>
   <div class='ocr_carea' id='block_1_106' title="bbox 2008 4881 3688 4943">
    <p class='ocr_par' dir='ltr' id='par_1_106' title="bbox 2008 4881 3688 4943">
     <span class='ocr_line' id='line_1_106' title="bbox 2008 4881 3688 4943; baseline 0.004 -7"><span class='ocrx_word' id='word_1_801' title='bbox 2008 4881 2266 4939; x_wconf 85' lang='lat' dir='ltr'><strong>nolebant</strong></span> <span class='ocrx_word' id='word_1_802' title='bbox 2332 4885 2604 4940; x_wconf 86' lang='lat' dir='ltr'><strong>credere:</strong></span> <span class='ocrx_word' id='word_1_803' title='bbox 2644 4903 2664 4937; x_wconf 83' lang='grc' dir='ltr'><strong>ι</strong></span> <span class='ocrx_word' id='word_1_804' title='bbox 2698 4885 2776 4941; x_wconf 82' lang='lat' dir='ltr'><strong>Ne</strong></span> <span class='ocrx_word' id='word_1_805' title='bbox 2833 4885 3181 4940; x_wconf 89' lang='lat' dir='ltr'><strong>murmuretis</strong></span> <span class='ocrx_word' id='word_1_806' title='bbox 3237 4885 3380 4942; x_wconf 89' lang='lat' dir='ltr'><strong>inter</strong></span> <span class='ocrx_word' id='word_1_807' title='bbox 3433 4902 3582 4943; x_wconf 89' lang='lat' dir='ltr'><strong>vos:</strong></span> <span class='ocrx_word' id='word_1_808' title='bbox 3684 4883 3688 4888; x_wconf 80' lang='grc'><em>’</em></span> 
     </span>
    </p>
   </div>
   <div class='ocr_carea' id='block_1_107' title="bbox 2007 4977 3582 5048">
    <p class='ocr_par' dir='ltr' id='par_1_107' title="bbox 2007 4977 3582 5048">
     <span class='ocr_line' id='line_1_107' title="bbox 2007 4977 3582 5048; baseline 0.002 -18"><span class='ocrx_word' id='word_1_809' title='bbox 2007 4990 2167 5031; x_wconf 87' lang='lat' dir='ltr'><strong>nemo</strong></span> <span class='ocrx_word' id='word_1_810' title='bbox 2225 4985 2403 5046; x_wconf 88' lang='lat' dir='ltr'><strong>potest</strong></span> <span class='ocrx_word' id='word_1_811' title='bbox 2459 4977 2646 5032; x_wconf 91' lang='lat' dir='ltr'><strong>venire</strong></span> <span class='ocrx_word' id='word_1_812' title='bbox 2699 4977 2768 5031; x_wconf 90' lang='lat' dir='ltr'><strong>ad</strong></span> <span class='ocrx_word' id='word_1_813' title='bbox 2805 4991 2909 5043; x_wconf 85' lang='lat' dir='ltr'><strong>me,</strong></span> <span class='ocrx_word' id='word_1_814' title='bbox 2955 4977 3058 5033; x_wconf 90' lang='lat' dir='ltr'><strong>nisi</strong></span> <span class='ocrx_word' id='word_1_815' title='bbox 3095 4977 3252 5034; x_wconf 81' lang='lat' dir='ltr'><strong>Pater</strong></span> <span class='ocrx_word' id='word_1_816' title='bbox 3285 4981 3379 5048; x_wconf 91' lang='lat' dir='ltr'><strong>qui</strong></span> <span class='ocrx_word' id='word_1_817' title='bbox 3428 4980 3582 5034; x_wconf 89' lang='lat' dir='ltr'><strong>misit</strong></span> 
     </span>
    </p>
   </div>
   <div class='ocr_carea' id='block_1_108' title="bbox 2007 5067 3584 5141">
    <p class='ocr_par' dir='ltr' id='par_1_108' title="bbox 2007 5067 3584 5141">
     <span class='ocr_line' id='line_1_108' title="bbox 2007 5067 3584 5141; baseline 0.001 -17"><span class='ocrx_word' id='word_1_818' title='bbox 2007 5083 2116 5133; x_wconf 88' lang='lat' dir='ltr'><strong>me,</strong></span> <span class='ocrx_word' id='word_1_819' title='bbox 2171 5069 2398 5124; x_wconf 84' lang='lat' dir='ltr'><strong>traxerit</strong></span> <span class='ocrx_word' id='word_1_820' title='bbox 2434 5082 2557 5123; x_wconf 88' lang='lat' dir='ltr'><strong>eum</strong></span> <span class='ocrx_word' id='word_1_821' title='bbox 2604 5068 2675 5123; x_wconf 83' lang='grc'><strong>³¹.</strong></span> <span class='ocrx_word' id='word_1_822' title='bbox 2707 5089 2726 5121; x_wconf 75' lang='grc' dir='ltr'><strong>ι</strong></span> <span class='ocrx_word' id='word_1_823' title='bbox 2761 5067 2826 5124; x_wconf 84' lang='lat' dir='ltr'><strong>Et</strong></span> <span class='ocrx_word' id='word_1_824' title='bbox 2863 5084 3055 5126; x_wconf 88' lang='lat' dir='ltr'><strong>rursus</strong></span> <span class='ocrx_word' id='word_1_825' title='bbox 3110 5089 3124 5125; x_wconf 91' lang='lat'><strong>:</strong></span> <span class='ocrx_word' id='word_1_826' title='bbox 3174 5089 3193 5123; x_wconf 85' lang='grc' dir='ltr'><strong>ι</strong></span> <span class='ocrx_word' id='word_1_827' title='bbox 3233 5071 3424 5128; x_wconf 89' lang='lat' dir='ltr'><strong>Omnis</strong></span> <span class='ocrx_word' id='word_1_828' title='bbox 3492 5072 3584 5141; x_wconf 92' lang='lat' dir='ltr'><strong>qui</strong></span> 
     </span>
    </p>
   </div>
   <div class='ocr_carea' id='block_1_109' title="bbox 2009 5159 3586 5232">
    <p class='ocr_par' dir='ltr' id='par_1_109' title="bbox 2009 5159 3586 5232">
     <span class='ocr_line' id='line_1_109' title="bbox 2009 5159 3586 5232; baseline 0.003 -18"><span class='ocrx_word' id='word_1_829' title='bbox 2009 5161 2218 5216; x_wconf 87' lang='lat' dir='ltr'><strong>audivit</strong></span> <span class='ocrx_word' id='word_1_830' title='bbox 2247 5176 2278 5215; x_wconf 91' lang='lat' dir='ltr'><strong>a</strong></span> <span class='ocrx_word' id='word_1_831' title='bbox 2316 5159 2478 5217; x_wconf 88' lang='lat' dir='ltr'><strong>Patre</strong></span> <span class='ocrx_word' id='word_1_832' title='bbox 2502 5170 2560 5218; x_wconf 89' lang='lat' dir='ltr'><strong>et</strong></span> <span class='ocrx_word' id='word_1_833' title='bbox 2583 5161 2794 5230; x_wconf 91' lang='lat' dir='ltr'><strong>didicit,</strong></span> <span class='ocrx_word' id='word_1_834' title='bbox 2839 5164 2987 5219; x_wconf 89' lang='lat' dir='ltr'><strong>venit</strong></span> <span class='ocrx_word' id='word_1_835' title='bbox 3018 5165 3086 5220; x_wconf 88' lang='lat' dir='ltr'><strong>ad</strong></span> <span class='ocrx_word' id='word_1_836' title='bbox 3133 5178 3219 5218; x_wconf 90' lang='lat' dir='ltr'><strong>me</strong></span> <span class='ocrx_word' id='word_1_837' title='bbox 3250 5163 3318 5218; x_wconf 84' lang='grc'><strong>³³.</strong></span> <span class='ocrx_word' id='word_1_838' title='bbox 3344 5182 3364 5217; x_wconf 77' lang='grc' dir='ltr'><strong>ι</strong></span> <span class='ocrx_word' id='word_1_839' title='bbox 3398 5162 3586 5232; x_wconf 84' lang='lat' dir='ltr'><strong>itaque</strong></span> 
     </span>
    </p>
   </div>
   <div class='ocr_carea' id='block_1_110' title="bbox 2007 5253 3586 5327">
    <p class='ocr_par' dir='ltr' id='par_1_110' title="bbox 2007 5253 3586 5327">
     <span class='ocr_line' id='line_1_110' title="bbox 2007 5253 3586 5327; baseline 0.001 -18"><span class='ocrx_word' id='word_1_840' title='bbox 2007 5255 2074 5311; x_wconf 89' lang='lat' dir='ltr'><strong>ad</strong></span> <span class='ocrx_word' id='word_1_841' title='bbox 2101 5254 2434 5325; x_wconf 87' lang='lat' dir='ltr'><strong>agnitionem</strong></span> <span class='ocrx_word' id='word_1_842' title='bbox 2467 5253 2666 5312; x_wconf 89' lang='lat' dir='ltr'><strong>Christi</strong></span> <span class='ocrx_word' id='word_1_843' title='bbox 2693 5271 2790 5327; x_wconf 87' lang='lat' dir='ltr'><strong>per</strong></span> <span class='ocrx_word' id='word_1_844' title='bbox 2821 5257 3206 5313; x_wconf 86' lang='lat' dir='ltr'><strong>revelationem</strong></span> <span class='ocrx_word' id='word_1_845' title='bbox 3241 5255 3333 5311; x_wconf 88' lang='lat' dir='ltr'><strong>Dei</strong></span> <span class='ocrx_word' id='word_1_846' title='bbox 3380 5263 3436 5310; x_wconf 90' lang='lat' dir='ltr'><strong>et</strong></span> <span class='ocrx_word' id='word_1_847' title='bbox 3484 5255 3586 5310; x_wconf 81' lang='lat' dir='ltr'><strong>Pa-</strong></span> 
     </span>
    </p>
   </div>
   <div class='ocr_carea' id='block_1_111' title="bbox 2007 5345 3579 5420">
    <p class='ocr_par' dir='ltr' id='par_1_111' title="bbox 2007 5345 3579 5420">
     <span class='ocr_line' id='line_1_111' title="bbox 2007 5345 3579 5420; baseline 0 -18"><span class='ocrx_word' id='word_1_848' title='bbox 2007 5347 2108 5403; x_wconf 90' lang='lat' dir='ltr'><strong>tris</strong></span> <span class='ocrx_word' id='word_1_849' title='bbox 2189 5345 2367 5404; x_wconf 89' lang='lat' dir='ltr'><strong>vocati</strong></span> <span class='ocrx_word' id='word_1_850' title='bbox 2417 5363 2522 5403; x_wconf 91' lang='lat' dir='ltr'><strong>non</strong></span> <span class='ocrx_word' id='word_1_851' title='bbox 2577 5357 2728 5417; x_wconf 91' lang='lat' dir='ltr'><strong>sunt,</strong></span> <span class='ocrx_word' id='word_1_852' title='bbox 2761 5349 2904 5420; x_wconf 89' lang='lat' dir='ltr'><strong>quod</strong></span> <span class='ocrx_word' id='word_1_853' title='bbox 2956 5349 3132 5404; x_wconf 86' lang='lat' dir='ltr'><strong>salute</strong></span> <span class='ocrx_word' id='word_1_854' title='bbox 3179 5347 3350 5418; x_wconf 87' lang='lat' dir='ltr'><strong>ipsius</strong></span> <span class='ocrx_word' id='word_1_855' title='bbox 3372 5355 3427 5402; x_wconf 92' lang='lat' dir='ltr'><strong>et</strong></span> <span class='ocrx_word' id='word_1_856' title='bbox 3469 5345 3579 5402; x_wconf 90' lang='lat' dir='ltr'><strong>vita</strong></span> 
     </span>
    </p>
   </div>
   <div class='ocr_carea' id='block_1_112' title="bbox 2005 5439 3582 5510">
    <p class='ocr_par' dir='ltr' id='par_1_112' title="bbox 2005 5439 3582 5510">
     <span class='ocr_line' id='line_1_112' title="bbox 2005 5439 3582 5510; baseline 0 -16"><span class='ocrx_word' id='word_1_857' title='bbox 2005 5439 2151 5510; x_wconf 88' lang='lat' dir='ltr'><strong>digni</strong></span> <span class='ocrx_word' id='word_1_858' title='bbox 2208 5455 2314 5495; x_wconf 91' lang='lat' dir='ltr'><strong>non</strong></span> <span class='ocrx_word' id='word_1_859' title='bbox 2373 5451 2550 5496; x_wconf 89' lang='lat' dir='ltr'><strong>erant.</strong></span> <span class='ocrx_word' id='word_1_860' title='bbox 2589 5440 2645 5497; x_wconf 89' lang='lat' dir='ltr'><strong>Si</strong></span> <span class='ocrx_word' id='word_1_861' title='bbox 2679 5442 2768 5497; x_wconf 92' lang='lat' dir='ltr'><strong>cui</strong></span> <span class='ocrx_word' id='word_1_862' title='bbox 2795 5442 2970 5510; x_wconf 86' lang='lat' dir='ltr'><strong>placet</strong></span> <span class='ocrx_word' id='word_1_863' title='bbox 3052 5441 3220 5495; x_wconf 87' lang='lat' dir='ltr'><strong>alium</strong></span> <span class='ocrx_word' id='word_1_864' title='bbox 3249 5454 3464 5495; x_wconf 87' lang='lat' dir='ltr'><strong>sensum</strong></span> <span class='ocrx_word' id='word_1_865' title='bbox 3498 5439 3582 5494; x_wconf 88' lang='lat' dir='ltr'><strong>his</strong></span> 
     </span>
    </p>
   </div>
   <div class='ocr_carea' id='block_1_113' title="bbox 2003 5532 3579 5605">
    <p class='ocr_par' dir='ltr' id='par_1_113' title="bbox 2003 5532 3579 5605">
     <span class='ocr_line' id='line_1_113' title="bbox 2003 5532 3579 5605; baseline 0 -19"><span class='ocrx_word' id='word_1_866' title='bbox 2003 5533 2183 5590; x_wconf 82' lang='lat' dir='ltr'><strong>verbis</strong></span> <span class='ocrx_word' id='word_1_867' title='bbox 2209 5548 2502 5605; x_wconf 86' lang='lat' dir='ltr'><strong>apponere,</strong></span> <span class='ocrx_word' id='word_1_868' title='bbox 2541 5534 2696 5603; x_wconf 92' lang='lat'><strong>111</strong></span> <span class='ocrx_word' id='word_1_869' title='bbox 2730 5534 2874 5589; x_wconf 91' lang='lat' dir='ltr'><strong>hunc</strong></span> <span class='ocrx_word' id='word_1_870' title='bbox 2915 5533 2985 5590; x_wconf 84' lang='lat' dir='ltr'><strong>ad</strong></span> <span class='ocrx_word' id='word_1_871' title='bbox 3017 5533 3236 5590; x_wconf 91' lang='lat' dir='ltr'><strong>modum</strong></span> <span class='ocrx_word' id='word_1_872' title='bbox 3297 5532 3579 5603; x_wconf 89' lang='lat' dir='ltr'><strong>intelliget.</strong></span> 
     </span>
    </p>
   </div>
   <div class='ocr_carea' id='block_1_114' title="bbox 2003 5624 3582 5700">
    <p class='ocr_par' dir='ltr' id='par_1_114' title="bbox 2003 5624 3582 5700">
     <span class='ocr_line' id='line_1_114' title="bbox 2003 5624 3582 5700; baseline 0 -20"><span class='ocrx_word' id='word_1_873' title='bbox 2003 5624 2255 5682; x_wconf 68' lang='lat' dir='ltr'><strong>Pratdicit</strong></span> <span class='ocrx_word' id='word_1_874' title='bbox 2285 5627 2430 5683; x_wconf 88' lang='lat' dir='ltr'><strong>enim</strong></span> <span class='ocrx_word' id='word_1_875' title='bbox 2459 5627 2838 5683; x_wconf 87' lang='lat' dir='ltr'><strong>universorum</strong></span> <span class='ocrx_word' id='word_1_876' title='bbox 2873 5625 3040 5697; x_wconf 89' lang='lat' dir='ltr'><strong>Deus,</strong></span> <span class='ocrx_word' id='word_1_877' title='bbox 3107 5637 3167 5684; x_wconf 90' lang='lat' dir='ltr'><strong>ut</strong></span> <span class='ocrx_word' id='word_1_878' title='bbox 3223 5627 3314 5700; x_wconf 93' lang='lat' dir='ltr'><strong>qui</strong></span> <span class='ocrx_word' id='word_1_879' title='bbox 3351 5625 3458 5685; x_wconf 86' lang='lat' dir='ltr'><strong>scit</strong></span> <span class='ocrx_word' id='word_1_880' title='bbox 3484 5639 3582 5681; x_wconf 82' lang='lat' dir='ltr'><strong>oc-</strong></span> 
     </span>
    </p>
   </div>
   <div class='ocr_carea' id='block_1_115' title="bbox 1503 5783 2955 5853">
    <p class='ocr_par' dir='ltr' id='par_1_115' title="bbox 1503 5783 2955 5853">
     <span class='ocr_line' id='line_1_115' title="bbox 1503 5783 2955 5853; baseline 0.002 -16"><span class='ocrx_word' id='word_1_881' title='bbox 1503 5783 1570 5814; x_wconf 80' lang='grc'><strong>³⁰⁹</strong></span> <span class='ocrx_word' id='word_1_882' title='bbox 1603 5783 1641 5838; x_wconf 85' lang='lat' dir='ltr'><strong>ll</strong></span> <span class='ocrx_word' id='word_1_883' title='bbox 1671 5785 1792 5843; x_wconf 83' lang='lat' dir='ltr'><strong>Cor.</strong></span> <span class='ocrx_word' id='word_1_884' title='bbox 1830 5799 1910 5853; x_wconf 84' lang='lat' dir='ltr'><strong>tu,</strong></span> <span class='ocrx_word' id='word_1_885' title='bbox 1947 5787 2030 5841; x_wconf 75' lang='lat' dir='ltr'><strong>l5.</strong></span> <span class='ocrx_word' id='word_1_886' title='bbox 2103 5788 2143 5819; x_wconf 81' lang='grc'><strong>³¹</strong></span> <span class='ocrx_word' id='word_1_887' title='bbox 2176 5785 2325 5843; x_wconf 77' lang='lat' dir='ltr'><strong>Joan.</strong></span> <span class='ocrx_word' id='word_1_888' title='bbox 2358 5801 2434 5849; x_wconf 73' lang='lat' dir='ltr'><strong>Vl.</strong></span> <span class='ocrx_word' id='word_1_889' title='bbox 2464 5786 2554 5842; x_wconf 65' lang='lat' dir='ltr'><strong>Ili.</strong></span> <span class='ocrx_word' id='word_1_890' title='bbox 2624 5785 2666 5816; x_wconf 80' lang='grc'><strong>³¹</strong></span> <span class='ocrx_word' id='word_1_891' title='bbox 2702 5785 2830 5842; x_wconf 89' lang='lat' dir='ltr'><strong>ibid.</strong></span> <span class='ocrx_word' id='word_1_892' title='bbox 2865 5786 2955 5842; x_wconf 70' lang='grc'><strong>45.</strong></span> 
     </span>
    </p>
   </div>
  </div>
