4122 6292
550 353 649 411 I87

1539 344 1595 398 S.
1638 339 1908 399 CYRILLI
1947 337 2420 394 ALEXANDRINI
2461 287 2782 392 ARC‘HIEP.

3714 333 3814 392 I88

548 466 693 523 culta
717 471 770 519 et
801 462 1004 526 futura,
1037 459 1241 526 aitque,
1271 456 1493 510 omnino
1524 471 1618 511 eos
1639 457 1892 517 .visnros,
1928 463 1984 509 et
2028 469 2123 508 au-

2231 451 2369 504 λοιτο
2416 448 2742 523 προσϐαλεῖν
2782 446 2986 515 ἑτέρως
3047 444 3169 506 ταῖς
3211 441 3320 496 τῶν
3369 443 3680 515 εἰρημένων
3729 449 3818 499 ὲν-

548 558 783 616 dituros.
832 563 1112 607 mansuros
1161 559 1342 600 autem
1385 561 1449 602 ac
1496 547 1536 601 si
1569 563 1673 601 non
1699 545 2000 608 audissent,
2036 561 2129 600 ne-

550 663 655 718 que
731 642 1078 711 contemplati
1149 640 1400 704 fuissent,
1475 640 1639 707 idque
1709 638 1839 707 ipsis
1901 647 2124 706 pr0pter

553 739 745 792 tuentis
784 749 895 788 sum
944 732 1204 786 malitiam
1255 733 1522 786 accidere.
1553 731 1716 786 Addit
1745 731 1959 794 deinde,
1995 731 2118 782 dum

549 829 666 882 liceo
715 825 951 889 faciunt,
999 825 1112 876 suis
1143 825 1377 892 ipsorum
1420 821 1684 891 capitibus
1741 822 2010 883 insidiari,
2070 830 2124 874 et

547 918 858 990 pertinarim
886 922 1074 970 morbo
1099 916 1426 976 laborantes,
1457 930 1555 967 nec
1590 913 1777 967 audire
1809 914 1966 977 velle,
2026 928 2126 967 nec

549 1013 730 1066 videre
779 1025 935 1078 posse
972 1027 986 1062 :
1027 1028 1044 1059 ι
1080 1007 1154 1062 Ne
1203 1007 1420 1060 videant
1465 1007 1660 1070 oculis,
1692 1015 1747 1061 et
1776 1006 2001 1060 audiant
2029 1019 2126 1057 au-

551 1106 697 1159 ribus
721 1145 735 1167 ,
777 1114 831 1158 et
875 1111 1193 1156 convertant
1223 1115 1282 1154 se
1303 1140 1320 1164 ,
1365 1109 1419 1153 et
1465 1115 1648 1154 sanem
1671 1114 1787 1154 eos.
1808 1118 1827 1149 ι
1861 1099 2124 1153 Auctores

549 1199 728 1264 itaque
785 1196 867 1249 sui
923 1195 1165 1264 ipsorum
1219 1193 1471 1247 interitus
1524 1193 1766 1254 fuerunt,
1801 1206 1924 1247 cum
1961 1204 2060 1245 nec
2092 1205 2120 1244 a

545 1289 762 1343 Christo
819 1297 977 1340 acute
1025 1285 1183 1341 dictis
1236 1298 1423 1337 aurem
1478 1283 1819 1343 adhiberent,
1872 1295 1975 1336 nec
2011 1296 2124 1335 suae

453 1421 457 1425 .
548 1385 743 1436 mentis
794 1379 1007 1432 oculum
1050 1378 1340 1446 aperirent.
1403 1375 1457 1429 Si
1496 1377 1639 1429 enim
1701 1377 1800 1429 hoc
1847 1375 2122 1439 fecissent,

547 1472 799 1528 conversi
845 1471 1094 1532 fuissent,
1143 1481 1198 1524 et
1235 1471 1278 1524 si
1304 1472 1506 1525 cultum
1537 1482 1696 1536 quem
1724 1468 1965 1537 oportuit
1999 1467 2126 1520 reli-

546 1565 819 1635 quissent,
868 1563 1073 1616 salvam
1118 1575 1180 1615 ac
1213 1574 1402 1614 sanam
1433 1574 1586 1616 suam
1613 1569 1864 1612 .tnentem
1908 1571 2128 1612 conser-

546 1666 786 1710 vassmtt.

2229 543 2416 607 νοεαις,
2452 543 2674 613 συνήσει
2701 539 2947 592 τοιῶσδε.
2985 536 3358 609 Προαγορεύει
3392 539 3490 607 μὲν
3517 538 3626 609 γὰρ
3655 541 3683 593 6
3711 542 3820 592 τῶν

2225 635 2362 689 ὅλων
2410 634 2564 698 Θεὸς,
2611 633 2686 696 ὡς
2737 631 3022 700 γινώσκων
3074 629 3144 682 τὰ
3192 631 3576 701 κεκρυμμένα,
3629 633 3819 686 καὶτὰ

2223 727 2476 796 ἐσόμενα,
2536 725 2629 780 καί
2687 741 2870 795 φησιν,
2925 724 3005 776 ὅτι
3071 723 3249 791 πάντη
3317 740 3377 774 τε
3448 724 3545 776 καὶ
3600 725 3818 787 πάντως

2225 817 2444 887 δψονται
2492 817 2590 887 μὲν
2640 817 2736 870 καλ⁸
2781 814 3139 881 ἀκούσονται,
3174 813 3396 885 μενοῦσί
3445 831 3508 882 γε
3569 815 3678 886 μὴν
3743 816 3819 878 ὡς

2232 910 2372 980 μήτε
2414 907 2734 978 ἀκηκοότες,
2785 908 2922 977 μήτε
2959 905 3351 976 συντιθέμενοι,
3383 905 3478 958 καὶ
3516 906 3677 958 τοῦτο
3711 925 3819 959 πα-

2232 998 2416 1062 θόντες
2445 1000 2510 1051 ἐκ
2554 998 2837 1070 μοχθηρᾶς
2878 998 3033 1052 αὐτοὶ
3066 997 3165 1069 τῆς
3192 997 3330 1060 ἰδίας
3354 997 3604 1068 γνώμης.
3632 999 3815 1069 Προσ-

2229 1093 2426 1160 επάγει
2468 1091 2524 1144 δὲ
2565 1091 2799 1154 τούτοις,
2847 1091 2930 1144 ὃτι
2960 1089 3131 1143 ταῦτα
3165 1089 3399 1162 δρῶντες
3431 1092 3630 1143 ἐκεῖνοι
3651 1131 3663 1149 ,
3697 1093 3818 1151 ταῖς

2232 1183 2391 1246 ἰδίαις
2413 1182 2826 1236 ἐπιϐουλεύουσι
2853 1182 3137 1251 κεφαλαῖς.
3167 1182 3592 1253 Ἠῥρωστήκασι
3623 1181 3730 1252 γάρ
3757 1181 3818 1232 τὸ

2228 1277 2510 1348 δυσήκοον,
2552 1276 2649 1330 καὶ
2691 1277 2753 1329 τὸ
2804 1275 2878 1346 μὴ
2909 1273 3168 1328 δύνασθαι
3210 1275 3471 1346 καθορᾷν,
3522 1295 3540 1327 ι
3573 1276 3692 1329 Ἵνα
3737 1276 3815 1347 μὴ

2232 1367 2384 1421 ἴδωσι
2429 1370 2540 1432 τοῖς
2569 1367 2894 1438 ὀφθαλμοῖς,
2928 1367 3024 1420 καὶ
3066 1368 3182 1430 τοῖς
3229 1367 3362 1420 ὠσὶν
3390 1367 3689 1426 ἀκούσωσι,
3722 1368 3817 1421 καὶ

2232 1461 2657 1532 ἐπιστρέφουσι,
2693 1461 2787 1514 καὶ
2829 1461 3049 1531 ἰάσομαι
3098 1459 3319 1523 αύτούς.
3357 1479 3376 1511 ι
3421 1459 3594 1513 Αἴτιοι
3639 1459 3818 1512 τοίνυν

2233 1554 2390 1608 αὐτοὶ
2417 1555 2514 1623 τῆς
2550 1553 2700 1623 σφῶν
2728 1553 2907 1606 αὐτῶν
2935 1552 3230 1624 γεγόνασιν
3260 1551 3558 1615 ἀπωλείας.
3593 1553 3731 1622 μήτε
3756 1551 3819 1602 τὸ

2234 1644 2326 1712 οὖς
2355 1645 2697 1716 παραθέντες
2733 1647 2846 1708 τοῖς
2887 1644 3037 1714 παρὰ
3075 1644 3314 1714 Χριστοῦ
3357 1643 3673 1713 λεγομένοις
3699 1638 3813 1707 ὀξυ,

549 1750 686 1822 μήτε
741 1748 847 1818 μὴν
892 1749 984 1802 τὸν
1030 1749 1128 1820 τῆς
1177 1747 1388 1801 ἑαυτῶν
1439 1746 1677 1809 διανοίας
1723 1744 2109 1816 ἀνευρύνοντες
2176 1741 2474 1812 ὀφθαλμόν.
2512 1743 2575 1795 Εἰ
2611 1742 2720 1814 γὰρ
2783 1739 2942 1794 τοῦτο
2993 1739 3184 1811 ἔδρων,
3223 1739 3569 1813 ὑπέστρεψαν
3598 1738 3685 1806 ἂν,
3726 1740 3817 1792 καὶ

543 1842 645 1911 τῆς
701 1841 1048 1912 καθηκούσης
1093 1830 1814 1912 θεραπείαςτετυχηκὸτες,
1868 1838 2005 1892 σῶόν
2041 1855 2104 1890 τε
2141 1837 2236 1891 καὶ
2263 1837 2394 1904 ὑγιᾶ
2419 1835 2508 1888 τὸν
2545 1834 2754 1888 ἑαυτῶν
2781 1832 3107 1887 διεσώσαντο
3132 1831 3278 1886 νοῦν.

618 1935 783 1992 Vens.
823 1939 912 2003 II,
949 1939 1036 1994 I2.
1077 1937 1145 1992 Et
1193 1940 1306 1992 dixi
1345 1954 1364 1991 :
1399 1939 1702 2004 Quousque,
1747 1935 2004 1990 Domine?
2055 1933 2122 1987 Et

2295 1933 2403 1986 Καὶ
2430 1927 2588 1985 εἶπα·
2607 1931 2761 1996 ’Ἐως
2790 1931 2956 1992 πότε,
2989 1929 3187 1995 Κύριε;
3212 1925 3322 1980 Καὶ
3339 1921 3690 1989 εἷπεν”Ἐως
3716 1924 3790 1978 ἂν

546 2032 682 2084 dixit
721 2049 738 2085 :
773 2031 948 2085 Donec
969 2041 1234 2087 vastentur
1252 2032 1425 2096 urbes,
1452 2041 1506 2084 ut
1531 2047 1633 2084 non
1653 2032 1718 2084 sit
1739 2031 1828 2098 qui
1852 2029 2125 2094 inhabitet,

547 2135 596 2179 et
626 2124 831 2188 domus,
863 2134 917 2178 ut
949 2141 1050 2178 non
1075 2126 1176 2177 sim
1210 2125 1466 2183 homines.
1491 2133 1537 2176 et
1563 2133 1700 2176 terra
1740 2121 2130 2190 derelinquetur

547 2220 774 2273 deserta.
809 2219 874 2272 Et
905 2230 1016 2286 post
1053 2221 1166 2273 ἠως
1193 2218 1453 2287 elongabit
1489 2217 1629 2272 Deus
1671 2218 1925 2283 homines,
1963 2227 2008 2271 et
2038 2217 2128 2271 de-

547 2310 718 2366 relicti
747 2311 1238 2381 multiplicabuntur
1264 2312 1318 2364 in
1347 2322 1506 2366 terra.

619 2485 920 2541 Verebatur
973 2489 1375 2557 prepheta,-ue
1410 2499 1664 2557 perpetua
1713 2497 1768 2542 et
1797 2488 2124 2554 sen'tpiterna

548 2579 842 2632 excmcatio
891 2580 1234 2631 induceretur
1268 2578 1544 2632 Israelitis.
1605 2578 1836 2646 Ideoque
1885 2590 2034 2646 rogat
2069 2591 2127 2630 ut

548 2680 763 2737 tempus
804 2671 940 2723 sciat
985 2683 1091 2737 quo
1137 2669 1237 2722 hoe
1288 2668 1525 2722 futurum
1580 2681 1683 2731 est,
1742 2680 1796 2723 et
1851 2683 2128 2739 quousque

549 2761 899 2828 protrahetur
929 2760 1042 2812 haec
1084 2759 1238 2828 quasi
1271 2759 1572 2826 aegrotatio.
1615 2760 1692 2811 Ad
1745 2775 1864 2828 quae
1908 2775 2128 2828 respon-

549 2855 682 2905 dens
716 2852 872 2908 Dens,
927 2849 1282 2902 vastationem
1338 2849 1576 2917 ipsorum
1628 2847 2126 2918 Hierosolymorum

551 2942 898 3012 praanuntiat.
944 2943 1188 3010 adeoque
1217 2941 1478 2996 universae
1517 2939 1824 2996 Iudaeorum
1870 2940 2126 3008 regionis,

549 3046 604 3088 et
628 3035 799 3104 inquit
840 3051 854 3086 :
889 3051 907 3085 ι
956 3032 1136 3088 Donec
1175 3042 1452 3088 vastentur
1485 3034 1668 3095 urbes,
1720 3039 1777 3085 ut
1819 3047 1924 3085 non
1977 3030 2130 3084 inha-

549 3126 809 3190 bitentur,
836 3137 888 3181 et
919 3128 1132 3190 domus,
1159 3136 1216 3180 ut
1243 3141 1350 3181 non
1386 3125 1494 3179 sint
1526 3124 1792 3178 homines.
1833 3142 1852 3175 ι
1886 3123 2039 3190 Quod
2061 3123 2127 3176 ad

549 3227 853 3274 extremum
885 3219 1087 3283 evenit,
1118 3234 1240 3273 cum
1278 3218 1640 3286 Vespasianus
1660 3226 1716 3269 et
1742 3216 1896 3270 Titus
1929 3224 2125 3270 terram

2229 2023 2572 2094 ἐρημωθῶσι
2603 2023 2814 2087 πόλεις
2835 2019 2996 2089 παρὰ
3028 2019 3094 2073 τὸ
3126 2018 3213 2088 μὴ
3250 2017 3654 2072 κατοικεῖσθαι
3675 2057 3692 2082 ,
3723 2015 3818 2068 καὶ

2229 2110 2398 2177 οἴκοι,
2445 2114 2604 2182 παρὰ
2651 2114 2716 2167 τὸ
2755 2114 2842 2182 μὴ
2887 2108 3038 2166 εῖναι
3074 2111 3425 2178 ἀνθρώπους
3451 2150 3464 2173 ,
3511 2107 3611 2163 καὶ
3662 2107 3699 2173 ἠ
3744 2104 3817 2176 γῆ

2230 2203 3041 2282 καταλειφθήσεταιβρημος.
3069 2199 3178 2254 Kal
3195 2199 3346 2268 μετὰ
3378 2197 3563 2252 ταῦτα
3587 2214 3816 2266 μακρη-

2230 2297 2320 2352 rei
2352 2301 2384 2350 ό
2419 2297 2562 2362 Θεὸς
2590 2295 2729 2362 τοὺς
2767 2291 3140 2362 ἀνθρώπους,
3168 2291 3268 2346 καὶ
3306 2294 3361 2346 οἱ
3391 2290 3820 2358 καταλειφθέν-

2229 2407 2328 2454 τες
2365 2387 2904 2457 πληθυνθήσονται
2924 2385 3023 2440 ἐπὶ
3057 2385 3168 2456 τῆς
3187 2384 3321 2454 τῆς.

2302 2480 2481 2533 Δέδιεν
2513 2482 2540 2532 ὁ
2574 2480 2878 2551 προφήτης,
2914 2476 2989 2548 μὴ
3033 2477 3144 2547 ἄρα
3173 2474 3446 2545 διηνεκὴς,
3492 2473 3584 2527 καὶ
3613 2472 3822 2524 ἀκατά-

2229 2573 2425 2641 ληκτος
2486 2574 2841 2644 ἐπενήνεκται
2891 2573 3003 2634 τοῖς
3058 2569 3119 2633 ἐξ
3170 2567 3382 2639 Ἰσραὴλ
3443 2568 3477 2636 ἡ
3540 2563 3814 2635 πώρωσις.

2229 2647 2417 2734 Ταύτῂ
2461 2681 2540 2716 τοι
2576 2666 2670 2716 καὶ
2703 2663 2987 2734 διαμαθείν
3037 2661 3178 2728 ἀξιοί
3225 2659 3318 2712 τὸν
3354 2659 3566 2730 χρόνον,
3604 2654 3724 2709 καθ’
3760 2655 3819 2708 ὃν

2229 2757 2381 2809 ἔσται
2420 2756 2577 2809 τοῦτο
2614 2758 2820 2819 αὐτοῖς,
2873 2755 3180 2827 καὶμέχρι
3221 2753 3363 2815 τίνος
3403 2749 3717 2820 παρατείνει
3759 2747 3819 2799 τι

2231 2849 2593 2921 ἀρρώστημα.
2618 2849 2728 2900 Καὶ⁸
2759 2849 2893 2916 πρός
2922 2864 2986 2915 γε
3008 2847 3072 2917 δὴ
3102 2847 3272 2900 ταῦτα
3301 2845 3430 2908 Θεὸς
3464 2839 3816 2913 προαγορεύει

2229 2943 2328 3014 τὴν
2356 2939 2556 3012 δῄωςιν
2585 2937 2764 2992 αὐτῶν
2794 2955 2851 2989 τε
2887 2938 2996 2989 τῶν
3040 2936 3450 3006 Ἰεροσολύμων,
3477 2933 3570 2987 καὶ
3604 2931 3818 2997 ἀπάσης

2229 3035 2328 3105 τῆς
2379 3031 2646 3086 Ἰουδαίων
2691 3028 2894 3101 χώρας,
2939 3027 3030 3081 καί
3067 3043 3249 3097 φησιν’
3279 3045 3297 3077 ι
3326 3028 3468 3088 Ἕως
3510 3025 3576 3077 ἂν
3606 3025 3823 3092 ἐρημωο

2231 3126 2365 3180 θῶσι
2416 3123 2598 3186 πόλεις
2651 3120 2805 3191 παρὰ
2859 3119 2919 3173 τὸ
2977 3117 3052 3189 μὴ
3092 3116 3486 3178 κατοικεῖσθαι,
3536 3115 3632 3167 καὶ
3685 3109 3820 3165 οἶκοι

2233 3218 2384 3288 παρά
2408 3216 2468 3269 τὸ
2501 3214 2576 3286 μὴ
2607 3209 2747 3267 εἶναι
2778 3211 3115 3282 ἀνθρώπους.
3149 3227 3168 3260 ι
3213 3209 3278 3260 Ὃ
3310 3206 3374 3277 δὴ
3411 3209 3503 3260 καὶ
3534 3207 3612 3269 είς
3648 3207 3820 3276 πέρας

545 3309 851 3376 Iudaicam,
879 3321 1000 3376 post
1022 3309 1331 3363 Servatoris
1357 3308 1762 3362 crucifixionem
1790 3315 1847 3361 et
1882 3308 1936 3361 in
1961 3305 2129 3361 ctelos

2233 3308 2566 3377 ἐκϐέϐηκεν,
2616 3302 3025 3358 Οὐεσπασιανοῦ
3086 3319 3146 3354 τε
3196 3300 3292 3354 καὶ
3336 3298 3497 3352 Τίτου
3541 3297 3820 3371 καταδῃω-

545 3402 976 3469 assumptionem
1007 3439 1023 3465 ,
1053 3401 1359 3471 depOpulati
1397 3410 1542 3454 sunt.
1589 3399 1744 3467 Quod
1796 3407 1976 3453 autem
2017 3399 2131 3453 ltazc

551 3493 800 3561 supplicii
864 3508 1113 3548 mensura
1184 3492 1660 3558 inobedientibus,
1725 3499 1786 3545 ut
1851 3490 2132 3560 hucusque

542 3584 816 3638 duntaxat
844 3586 1140 3654 patiantur,
1173 3600 1281 3638 non
1313 3584 1673 3650 adhibebitur,
1715 3591 1773 3639 et
1791 3583 1934 3652 quod
1959 3583 2014 3636 in
2049 3593 2132 3636 to-

550 3686 670 3730 tum
704 3693 826 3729 cum
867 3685 976 3730 tota
1008 3677 1181 3742 stirpe
1211 3692 1317 3730 non
1349 3677 1419 3729 sit
1455 3677 1728 3746 periturus
1759 3675 1943 3742 Israel,
1965 3676 2132 3747 signi-

547 3770 678 3822 ﬁcat
711 3769 895 3822 dit-ens
933 3787 945 3820 :
984 3787 1002 3818 ι
1040 3769 1102 3822 Et
1127 3779 1246 3836 post
1279 3771 1392 3823 haec
1417 3769 1574 3839 longe
1605 3768 1768 3824 faciet
1789 3769 1928 3823 Deus
1962 3769 2133 3824 homi-

554 3876 670 3926 nes,
703 3871 756 3914 et
782 3861 1025 3916 tlerelirti
1055 3862 1558 3929 multiplicabuntur
1594 3863 1647 3918 in
1685 3871 1851 3917 terra.
1890 3880 1910 3912 ι
1952 3860 2134 3931 Longe

552 3970 681 4009 vero
708 3954 890 4029 factia
918 3955 1025 4008 Deo
1068 3953 1310 4020 fuerunt,
1347 3970 1465 4008 cum
1506 3963 1561 4009 et
1605 3964 1843 4016 sanctos.
1872 3964 1927 4008 et
1959 3954 2131 4023 ipsum

551 4060 714 4112 porro
739 4047 858 4099 vitae
884 4045 1178 4115 principem
1209 4045 1603 4100 interfecerint.
1645 4045 1746 4112 Qui
1794 4059 1920 4098 vero
1961 4043 2131 4099 relicui

550 4140 792 4202 fuerunt,
819 4140 870 4193 id
901 4148 1002 4200 est.
1033 4139 1166 4195 Salvi
1205 4154 1267 4192 ac
1296 4139 1638 4209 superstites,
1667 4147 1722 4192 et
1761 4138 1850 4205 qui
1894 4138 1945 4190 in
1978 4137 2133 4193 Chri-

554 4243 697 4284 stum
735 4231 1104 4294 crediderunt,
1129 4232 1218 4298 qui
1248 4239 1302 4284 et
1332 4240 1452 4284 sunt
1483 4230 1728 4299 reliquis!
1753 4228 1912 4298 112
1943 4227 2130 4293 Israel,

556 4322 1053 4389 multiplicabuntur
1095 4336 1110 4376 :
1153 4323 1313 4391 idque
1365 4322 1419 4375 in
1459 4322 1724 4391 principio
1759 4322 1880 4376 libri
1905 4323 2134 4391 ipsemet

548 4413 716 4465 etiam
748 4414 936 4467 beatus
961 4413 1124 4467 Isaias
1155 4413 1498 4483 significavit,
1537 4429 1659 4468 cum
1704 4414 1818 4468 ait:
1849 4432 1869 4465 ι
1927 4413 1996 4470 Et
2028 4415 2130 4469 nisi

549 4503 814 4558 Dominus
864 4504 1101 4559 Sabaoth
1159 4501 1472 4570 reliquisset
1523 4504 1682 4584 nobis
1731 4517 1940 4568 semen,
1989 4505 2134 4559 velut

547 4595 788 4649 Sodoma
819 4596 944 4650 facti
976 4595 1287 4660 fuissemus,
1316 4604 1371 4650 et
1386 4595 1702 4650 Gomorrlue
1739 4595 1946 4650 similes
1994 4595 2133 4650 fuis-

547 4705 736 4744 semus
766 4690 834 4742 ³³.
865 4707 887 4740 ι
933 4687 1069 4743 Aliis
1115 4703 1278 4758 porro
1335 4670 1550 4742 videtur
1584 4687 1748 4741 etiam
1804 4687 1962 4739 aliter
2018 4688 2133 4741 haec

549 4783 718 4834 verba
773 4780 1132 4851 intelligenda.
1197 4782 1482 4846 Quaerente
1536 4779 1680 4834 enim
1747 4777 2026 4848 prapheta,
2078 4786 2133 4832 et

553 4871 772 4924 volente
819 4873 959 4926 scire
1012 4887 1292 4942 quousque
1345 4881 1401 4927 et
1459 4872 1697 4940 quandiu
1747 4873 2178 4925 ostenderetur-

548 4963 868 5028 excecatio,
905 4966 1195 5034 respondet
1220 4965 1364 5021 Deus
1400 4983 1415 5022 :
1449 4984 1466 5017 ι
1507 4965 1684 5019 Donec
1712 4973 1996 5019 vastentur
2040 4980 2134 5018 ur-

552 5057 672 5123 bes,
703 5064 764 5110 ut
787 5070 892 5110 non
925 5055 1255 5122 habitentur,
1286 5068 1341 5112 et
1363 5059 1577 5119 dOIIIllS,
1621 5065 1680 5110 ιιι
1728 5070 1832 5116 non
1873 5056 1984 5110 sint
2035 5055 2133 5110 ho-

551 5146 751 5208 mines,
808 5153 864 5198 et
910 5145 1148 5214 posthaec
1205 5146 1475 5217 elongabit
1519 5146 1661 5203 Deus
1701 5147 1944 5201 homines
1981 5162 1996 5198 :
2027 5163 2048 5198 ι
2077 5154 2134 5197 ιιι

555 5236 683 5290 inde
707 5236 1192 5294 consummationis
1221 5248 1433 5308 tempus
1482 5238 1861 5310 intelligamus.
1907 5237 2133 5305 Oportet

548 5329 701 5383 enim
737 5328 967 5398 primum
993 5327 1131 5384 bella
1153 5337 1211 5384 et
1252 5343 1500 5392 rumores
1537 5328 1800 5383 bellorum
1832 5326 2040 5391 audire,
2081 5333 2137 5380 et

553 5433 772 5490 gentem
798 5422 851 5476 in
877 5431 1116 5490 gentem,
1144 5429 1200 5478 et
1223 5438 1445 5493 regnum
1473 5435 1664 5478 contra
1695 5435 1916 5493 regnum
1958 5420 2137 5474 insur-

553 5531 707 5586 gere,
733 5525 791 5572 et.
817 5519 982 5573 urbes
1025 5533 1090 5574 ac
1134 5519 1323 5575 domos
1370 5517 1590 5574 vastari.
1648 5516 1850 5572 Deinde
1895 5515 1972 5570 ita
2022 5513 2137 5568 fore

556 5617 674 5662 tum
703 5609 887 5675 finem,
914 5625 1023 5679 quo
1057 5611 1214 5683 longe
1243 5612 1369 5668 facti
1401 5622 1525 5667 sunt
1571 5610 1839 5675 homines,
1885 5607 2138 5675 deinceps

629 5765 674 5793 ³³
736 5773 837 5828 lsa.
869 5789 907 5841 t,
955 5778 1008 5828 9.

2234 3401 2442 3454 σάντων
2468 3402 2565 3467 τὴν
2597 3397 2856 3450 Ἰουδαίαν
2885 3395 3023 3466 μετὰ
3048 3391 3139 3446 τὸν
3167 3390 3261 3445 τοῦ
3285 3390 3537 3462 Σωτῆρος
3568 3387 3817 3459 σταυρὸν,

2234 3492 2328 3544 καὶ
2357 3490 2622 3560 ἀνάληψιν
2661 3489 2758 3556 τὴν
2787 3489 2864 3550 εἰς
2891 3484 3174 3556 οὐρανούς.
3213 3484 3335 3537 Ὅτι
3357 3482 3412 3534 δὲ
3447 3481 3505 3535 οὐ
3545 3480 3706 3552 μέχρι
3728 3478 3820 3532 τοῦ

2231 3582 2403 3634 ταῦτα
2428 3581 2642 3641 παθεῖν,
2672 3578 3145 3650 ὲκμετρηθήσεται
3176 3577 3289 3638 τοῖς
3323 3570 3638 3626 ἀπειθοῦσιν
3671 3574 3703 3640 ἠ
3733 3570 3824 3623 κό-

2234 3673 2410 3735 λασις,
2469 3669 2594 3724 οὗτε
2637 3669 2742 3740 μὴν
2769 3669 2848 3731 εἰς
2871 3667 3017 3722 ἅπαν
3044 3667 3209 3737 ἤγουν
3237 3663 3512 3735 ὁλόρριζος
3549 3663 3578 3713 6
3609 3659 3822 3731 Ἰσραὴλ

2233 3766 2538 3836 οἰχήσεται,
2562 3761 2901 3833 καταμηνύει
2926 3760 3121 3828 λέγων·
3160 3776 3179 3810 ι
3217 3757 3328 3812 Καὶ
3358 3753 3495 3826 μετά
3519 3752 3692 3807 ταῦτα
3722 3768 3823 3824 μα-

2235 3859 2426 3930 κρυνεῖ
2466 3860 2495 3911 6
2537 3856 2668 3918 Θεὸς
2705 3855 2832 3918 τοὺς
2857 3851 3195 3926 ἀνθρώπους,
3227 3851 3321 3904 καὶ
3349 3850 3399 3902 oi
3435 3844 3822 3915 καταλειφθέν-

2233 3967 2345 4014 τες,
2382 3948 2854 4018 πληθυνθήσονται
2888 3944 2982 3999 ἐπὶ
3003 3945 3102 4016 τῆς
3137 3945 3258 4014 γῆς.
3304 3962 3321 3994 ι
3371 3938 3834 4012 Ἐμακρύνθησαν·

2237 4039 2335 4110 μὲν
2368 4037 2476 4109 γὰρ
2507 4037 2613 4091 ἀπὸ
2644 4036 2800 4102 Θεοῦ,
2828 4036 2924 4089 καὶ
2951 4033 3138 4103 ἁγίους
3159 4032 3538 4094 ἀπεκτονότες,
3567 4027 3821 4101 προσθέν-

2233 4149 2322 4195 τες
2355 4131 2413 4184 δὲ
2442 4129 2533 4183 τὸν
2567 4128 2807 4200 ἀρχηγὸν
2839 4129 2939 4199 τῆς
2970 4125 3131 4198 ζωῆς.
3170 4125 3235 4178 Οἱ
3265 4124 3320 4177 δὲ
3351 4122 3415 4194 δὴ
3439 4119 3827 4190 καταλειφθέν.

2219 4241 2345 4286 τες,
2384 4221 2530 4274 τοῦτ’
2565 4220 2732 4283 ἔστιν,
2770 4221 2820 4272 οἱ
2859 4216 3345 4291 περισεσωσμένοι,
3385 4214 3480 4267 καὶ
3523 4229 3822 4266 πεπιστευ-

2233 4317 2387 4380 κότες
2428 4315 2510 4379 εἰς
2556 4312 2814 4384 Χριστὸν,
2853 4312 2903 4365 οἳ
2953 4310 3047 4364 καί
3096 4311 3201 4361 εἱσι
3242 4307 3304 4360 τὸ
3342 4304 3696 4373 κατάλειμμα
3732 4301 3824 4356 τοῦ

2245 4404 2484 4477 Ἰσραὴλ,
2508 4405 2566 4457 ἐν
2590 4402 2779 4473 πολλῇ,
2800 4402 2986 4470 φησιν,
3009 4398 3222 4451 ἔσονται
3245 4393 3466 4465 πληθύῖ.
3488 4392 3826 4444 Πεπίστευκε

2235 4500 2342 4568 γὰρ
2375 4497 2435 4548 οὐ
2487 4495 2662 4567 βραχὺ
2702 4493 2866 4564 μέρος
2899 4489 2990 4544 τοῦ
3037 4486 3273 4559 Ἰσραὴλ,
3317 4485 3410 4536 καὶ
3447 4481 3606 4536 τοῦτο
3639 4485 3696 4534 ὲν
3725 4483 3826 4554 ἁρ-

2238 4591 2360 4659 χαῖς
2416 4587 2508 4640 τοῦ
2555 4585 2764 4656 βιϐλίου
2821 4584 2916 4636 καὶ
2949 4580 3110 4643 αὐτὸς
3151 4581 3179 4632 ὁ
3225 4577 3495 4648 μακάριος
3539 4577 3827 4646 προφήτης

2166 4647 2211 4701 D
2239 4647 2475 4744 "licata;
2523 4647 2827 4750 μεμήνυκε,
2875 4676 3068 4744 λέγων’
3104 4693 3123 4724 ι
3150 4647 3261 4725 Καὶ
3291 4671 3341 4724 εἰ
3485 4668 3689 4738 Κύριος
3722 4669 3827 4722 Σα-

2235 4770 2385 4826 ϐαὼθ
2420 4769 2782 4839 ἐγκατέλιπεν
2822 4768 2954 4838 ἡμῖν
2986 4764 3229 4836 σπέρμα,
3264 4762 3339 4824 ὼς
3366 4761 3573 4832 Σόδομα
3612 4758 3678 4812 ἂν
3709 4761 3829 4827 ἐγε-

2234 4863 2501 4934 νήθημεν,
2520 4861 2614 4915 καὶ
2640 4859 2715 4922 ὡς
2740 4857 2994 4928 Γομόρρα
3030 4853 3096 4908 ἂν
3119 4851 3504 4923 ὡμοιώθημεν.
3545 4868 3563 4902 ι
3584 4851 3743 4902 Δοκεῖ
3774 4848 3831 4902 δέ

2235 4973 2346 5008 τισι
2379 4955 2470 5008 καὶ
2500 4951 2701 5023 ἑτέρως
2726 4951 2868 5003 νοεῖν
2898 4947 3008 5000 τῶν
3039 4944 3418 5017 προκειμένων
3449 4943 3545 5013 τὴν
3575 4941 3827 5011 δύναμιν.

2237 5050 2617 5118 Διερωτῶντος
2644 5043 2702 5096 δὲ
2730 5041 2823 5095 τοῦ
2857 5039 3164 5112 προφήτου,
3185 5037 3281 5091 καὶ
3306 5035 3604 5106 ἀναμαθεῖν
3628 5033 3832 5086 ἐθέλον-

2238 5158 2330 5203 τος
2360 5143 2438 5201 ei;
2471 5139 2593 5192 τίνα
2625 5136 2722 5189 καὶ
2752 5134 2917 5188 πόσον
2946 5130 3312 5201 ὲκταθήσεται
3343 5127 3532 5199 καιρὸν
3574 5129 3607 5197 ἡ
3635 5124 3832 5196 πώρω-

2241 5249 2343 5295 σις,
2393 5229 2746 5301 ἀποκρίνεται
2781 5225 2950 5289 Θεός⁶
2993 5243 3010 5276 ι
3052 5224 3199 5285 Ἕως
3245 5219 3312 5275 ἂν
3355 5217 3718 5291 ὲρημωθώσιν
3776 5217 3830 5268 αἱ

2239 5324 2444 5386 πόλεις,
2471 5320 2626 5393 παρὰ
2643 5321 2703 5373 τὸ
2745 5317 2818 5390 μὴ
2849 5314 3244 5378 κατοικεῖσθαι,
3284 5313 3376 5365 καὶ
3404 5307 3562 5372 οἶκοι,
3596 5307 3746 5377 παρὰ
3773 5307 3832 5360 τὸ

2244 5419 2319 5490 μὴ
2361 5413 2503 5471 εἶναι
2542 5413 2898 5488 ἀνθρώπους,
2952 5411 3048 5464 καὶ
3079 5407 3218 5478 μετά
3287 5402 3456 5458 ταῦτα
3492 5402 3761 5472 μακρυνεῖ
3802 5400 3831 5451 6

2240 5514 2372 5577 Θεὸς
2396 5513 2518 5574 τοὺς
2539 5506 2879 5579 ἀνθρώπους·
2908 5523 2926 5555 ι
2954 5503 3040 5556 ἵνα
3064 5501 3152 5554 διὰ
3167 5497 3357 5551 τούτου
3388 5495 3596 5566 νοῶμεν
3616 5494 3706 5547 τὸν
3730 5491 3830 5561 τῆς

2245 5603 2553 5664 συντελείας
2585 5597 2795 5669 καιρόν.
2831 5597 2923 5649 Δεῖ
2948 5595 3055 5664 γὰρ
3085 5590 3350 5662 πρότερον
3377 5586 3646 5656 πολέμους
3684 5585 3830 5656 ἡμᾶς
