4122 6292
406 358 505 418 {89

1544 354 1611 420 ΙΝ
1653 354 1878 420 ISAIAM
1920 358 2046 421 LIB.
2089 366 2127 423 l.
2167 357 2378 423 ORAT.
2418 364 2507 423 iV.

3564 365 3668 425 £90

419 484 661 547 ⁷ικοῦσαι,
706 486 796 539 καὶ
841 483 1010 549 ἀκοὰς
1062 482 1311 555 πολέμων
1336 523 1351 546 ,
1401 485 1700 553 ἀναστῆναί
1734 503 1793 538 τε
1828 485 1960 539 ἔθνος

2083 488 2339 542 nimirum
2368 496 2485 558 post
2521 496 2733 556 tempus
2771 485 3186 553 resurrectionis
3228 484 3493 553 integram
3548 485 3665 539 lou-

421 579 500 631 ἐπ’
533 577 699 640 ἔθνος,
740 576 834 629 καὶ
866 575 1140 645 βασιλείας
1179 578 1271 629 ἐπὶ
1305 575 1597 643 βασιλείας,
1624 576 1981 647 ἐρημωθῆναί

420 686 470 722 τε
517 668 716 729 πόλεις,
760 669 853 721 καὶ
898 667 1101 731 οίκους,
1135 665 1233 721 εἷθ’
1273 668 1415 721 οὓτω
1448 669 1509 721 τὺ
1554 667 1732 730 τέλος·
1774 668 1891 739 μεθ’
1918 668 1981 723 δν

412 759 773 829 μακρύνονται
804 759 988 814 λοιπὸν
1018 763 1067 813 οἱ
1095 759 1391 830 ἄνθρωποι,
1422 762 1559 832 μετά
1594 761 1686 815 τὸν
1717 762 1817 831 τῆς
1843 762 1978 813 ἀνα-

408 850 645 914 στάσεως
677 850 917 921 δηλονότι
964 854 1174 922 καιρὸν,
1204 852 1295 905 τὸν
1328 853 1504 921 εὐαγῆ
1533 854 1626 906 καὶ
1657 852 1981 925 μακραίωνα

403 941 692 1007 διαζῶντες
721 943 854 1012 βίον,
890 942 1237 1015 ἀνῃρημένης
1282 948 1361 1009 εἰς
1403 945 1549 999 ἅπαν
1595 944 1696 1013 τῆς
1753 943 1979 1014 φθορᾶς,

405 1033 497 1085 καὶ
520 1050 619 1087 κατ
630 1035 943 1105 ηργημὲνου
972 1034 1064 1088 τοῦ
1087 1036 1449 1099 θανάτου,καὶ
1466 1036 1685 1107 ἁπάσης
1712 1036 1983 1106 ἁμαρτίας

2087 593 2316 651 gamque
2371 578 2535 634 vitam
2589 580 2850 642 viventes,
2893 579 3113 633 interitu
3150 588 3372 648 prorsus
3429 577 3660 642 sublato,

2088 682 2259 727 morte
2286 672 2585 729 exinanita.
2626 671 2881 740 omnique
2908 679 3128 739 peccato
3172 669 3439 724 submoto.
3477 665 3662 723 Esca:-

2087 772 2268 817 catutn
2298 775 2425 815 vero
2448 761 2700 816 lsraelem
2721 775 2859 825 esse,
2890 772 2942 813 et
2964 760 3419 814 extremismundi
3455 769 3664 829 tempoo

2086 855 2239 910 ribus
2265 855 2587 914 vocandum.
2617 869 2738 908 cum
2773 853 3053 923 Scriptura
3093 852 3356 906 divinitus
3399 850 3659 918 inspirata

2087 946 2229 1001 clare
2250 944 2499 1008 affirmet,
2523 946 2823 1013 producere
2851 954 2907 1000 et
2929 945 3250 1014 conquirere
3292 942 3413 998 ﬁdei
3458 943 3662 997 facien-

2087 1037 2169 1089 dae
2198 1045 2534 1104 argumenta,
2563 1034 2923 1090 frustraneum
2947 1050 3067 1089 esse
3102 1036 3357 1088 arbitror.

402 1123 768 1198 ἐξῃρημένης.
810 1129 930 1182 Ὀτι
978 1129 1036 1182 δὲ
1077 1130 1415 1200 πεπὼρωται
1449 1132 1478 1183 ὁ
1518 1129 1754 1200 Ἰσραὴλ,
1814 1128 2135 1199 κεκλήσεται
2173 1145 2238 1197 γε
2300 1129 2406 1199 μὴν
2468 1130 2527 1181 ἐν
2575 1130 2820 1197 ἐσχάτοις
2878 1127 2970 1181 τοῦ
3030 1127 3222 1191 αἰῶνος
3261 1130 3501 1197 καιροῖς,
3559 1128 3661 1199 τῆς

403 1221 757 1276 θεοπνεύστου
798 1222 836 1274 Γ
843 1222 1018 1294 ραφῆς
1045 1223 1309 1292 λεγούσης
1346 1222 1533 1293 σαφῶς
1560 1240 1619 1276 τε
1662 1224 1754 1276 καὶ
1782 1224 2044 1295 ἐναργῶς,
2083 1225 2289 1276 εἰκαῖον
2317 1220 2469 1293 οἶμαι
2496 1223 2555 1275 τὸ
2582 1223 2959 1286 διατείνεσθαι,
2993 1224 3085 1276 καὶ
3111 1221 3294 1295 ζητεῖν
3316 1223 3386 1275 τά
3407 1221 3661 1277 τελοῦντα

405 1315 537 1387 πρὸς
572 1316 966 1388 πληροφορίαν.

474 1411 587 1466 Καὶ
632 1413 722 1465 ἔτι
766 1412 859 1465 ἐπ’
913 1408 1101 1478 αὐτῆς
1150 1412 1278 1464 ἐστι
1337 1411 1400 1465 τὸ
1455 1412 1825 1473 ἐπιδέκατον,
1878 1411 1975 1465 καί

406 1503 595 1559 πάλιν
629 1502 877 1558 ἔσονται
920 1505 1006 1567 είς
1054 1501 1360 1571 προνομὴν
1397 1503 1476 1567 ὡς
1506 1504 1833 1571 τερέϐινθος
1877 1504 1973 1556 καὶ

406 1594 487 1659 ὠς
523 1592 802 1657 ,βάλανος
836 1592 982 1646 ὅταν
1004 1593 1233 1661 ἐκπέσῃ
1266 1596 1384 1647 ἀπὸ
1416 1594 1524 1663 τῆς
1549 1595 1738 1662 θήκης
1768 1597 1973 1650 αὐτοῦ.

475 1685 853 1756 Διαμέμνηται
887 1685 978 1736 καὶ
1010 1684 1105 1737 νῦν
1137 1684 1374 1755 ἱστορίας
1406 1687 1436 1738 ὁ
1470 1686 1805 1757 προφητικδς
1839 1687 1972 1757 ἡμῖν

401 1775 577 1844 λόγος,
611 1778 677 1847 ἣν
712 1777 1025 1844 ἀναγκαῖον,
1067 1776 1144 1840 ὡς
1187 1770 1385 1839 ἔοικεν,
1434 1779 1629 1831 είτιιεῖν⁹
1669 1777 1822 1831 ἔσται
1867 1778 1976 1849 γὰρ

395 1866 537 1921 οὕτω
570 1868 740 1936 σαφὲς
778 1869 836 1920 τὸ
874 1866 1218 1939 δηλούμενον.
1256 1869 1823 1940 Καταστρατευόντων
1862 1887 1974 1922 τοι-

393 1958 595 2031 γαροῦν
652 1959 756 2028 τῆς
814 1958 1082 2013 Ἰουδαίων
1137 1958 1340 2031 χώρας,
1403 1959 1477 2023 ὡς
1534 1960 1635 2032 ήδη
1691 1962 1973 2030 προεῖπον,

391 2049 799 2106 Οὐεσπασιανοῦ
842 2067 902 2103 τε
932 2050 1027 2113 καὶ
1065 2050 1248 2115 Τίτου,
1273 2049 1636 2122 δεδαπάνηται
1668 2051 1769 2122 μὲν
1802 2053 1834 2121 ή
1865 2051 1975 2103 τῶν

403 2140 668 2196 Ἰουδαίων
709 2142 884 2212 χώρα,
932 2141 1120 2195 πόλεσι
1170 2159 1229 2194 τε
1260 2143 1396 2213 ὁμοῦ
1442 2142 1538 2196 καὶ
1576 2143 1762 2205 αὐτοῖς
1805 2142 1975 2204 οῐκοις

388 2235 851 2306 ἐμπεπρησμένη,
898 2232 1079 2304 θέαμα
1131 2233 1339 2299 δεινὸν,
1395 2235 1489 2287 καὶ
1542 2234 1743 2298 παντὸς
1788 2235 1972 2287 οἴκτου

392 2325 586 2394 μεστὸν
628 2328 740 2389 τοῖς
773 2325 972 2397 ὁρῶσιν
1007 2322 1099 2396 ἦν,
1136 2325 1478 2395 ὀλιγανδρίας
1512 2325 1670 2397 ἥκειν
1696 2327 1776 2388 είς
1812 2326 1973 2379 τοῦτο

388 2415 574 2470 λοιπὸν
594 2417 655 2469 τὸ
682 2416 833 2473 ἔθνος
858 2418 1060 2481 αὐτοῖς,
1090 2419 1164 2480 ὡς
1186 2419 1283 2487 τῆς
1305 2417 1565 2486 ἀληθείας
1590 2418 1691 2471 οὐκ
1724 2419 1911 2489 ὰφαμα
1922 2437 1972 2488 p-

387 2509 502 2560 τεῖν
542 2505 635 2559 τὸν
666 2506 914 2573 λέγοντα,
949 2505 1359 2576 περιλελεῖφθαι
1411 2506 1561 2574 μόλις
1608 2508 1666 2558 ἐν
1710 2507 1843 2577 αὐτῇ
1876 2506 1968 2561 τοῦ

394 2597 596 2659 παντὸς
647 2596 820 2666 δήμου
869 2596 931 2648 τὸ
986 2596 1328 2650 ἐπιδέκατον.
1377 2591 1507 2649 Εἶτα
1567 2597 1964 2651 διατετελέκασι

393 2689 625 2760 χρόνους
668 2687 821 2749 τινὰς
856 2686 1179 2757 τρεφόμενοι
1218 2688 1314 2756 μὲν
1347 2690 1403 2740 ἐν
1452 2688 1660 2759 εἰρήνῃ,
1703 2688 1840 2757 πλὴν
1870 2691 1970 2742 οὐκ

394 2779 502 2843 ἔξω
533 2777 834 2848 δειμάτων,
868 2778 962 2830 τοῦ
999 2779 1090 2831 καὶ
1124 2766 1358 2842 εἰσαῦθίς
1396 2779 1584 2832 παθεῖν
1616 2781 1717 2850 τὴν
1743 2780 1964 2851 δῂωσιν,

394 2869 423 2923 ὃ
454 2870 521 2939 δὴ
556 2870 652 2922 καὶ
684 2868 925 2937 γέγονεν.
971 2869 1239 2940 Ἀδριανὸς
1272 2870 1379 2942 γὰρ
1421 2872 1560 2925 κατά
1601 2873 1827 2943 καιροὺς
1856 2872 1967 2926 τῶν

408 2960 696 3032 Ῥωμαίων
732 2961 999 3033 βασιλείας
1046 2960 1243 3015 διέπων
1278 2965 1404 3026 τοὺς
1456 2962 1690 3029 θάκους,
1728 2967 1823 3018 καὶ
1858 2966 1964 3037 μὴν

2153 1411 2319 1468 Vens.
2361 1412 2441 1467 l5.
2469 1412 2535 1465 Ει
2566 1415 2735 1466 adhuc
2762 1415 2810 1464 in
2836 1414 2926 1465 illa
2957 1422 3032 1465 est
3055 1412 3354 1473 dt'ct'malio,
3397 1424 3442 1465 et
3479 1426 3659 1467 rursus

2080 1505 2537 1569 eruntdircplioni
2578 1516 2631 1557 ut
2669 1506 3009 1569 tenbiuthua,
3057 1514 3102 1556 et
3144 1513 3200 1557 ut
3245 1504 3399 1572 glans
3448 1504 3660 1571 quando

2081 1597 2327 1649 exciderit
2356 1612 2420 1649 ea:
2448 1595 2600 1648 theca
2627 1611 2746 1649 sua.

2151 1687 2342 1741 incidit
2373 1688 2536 1742 etiam
2571 1687 2790 1740 nuncin
2838 1687 3162 1740 mentionem
3212 1686 3449 1741 historia:
3518 1703 3647 1755 pro-

2081 1779 2291 1850 phelica
2322 1778 2519 1843 oratio,
2553 1794 2712 1846 quam
2744 1795 2964 1832 necesse
3000 1787 3103 1843 est,
3153 1789 3212 1833 ιιι
3251 1780 3477 1844 videtur,
3511 1797 3655 1833 t‘Otll-

2079 1884 2382 1923 nmuorare
2419 1886 2433 1923 :
2480 1872 2558 1924 sic
2622 1870 2727 1924 erit
2764 1870 2905 1935 (mod
2948 1871 3236 1938 exponitur
3283 1870 3649 1926 manifestum.

2076 1959 2521 2029 Oppugnantibus
2551 1959 2712 2029 igitur
2760 1960 3032 2028 regionem
3081 1959 3387 2024 .Iudaic-am,
3444 1971 3501 2013 ut
3535 1961 3648 2031 jam

2076 2061 2199 2104 ante
2222 2051 2357 2112 dixi.
2393 2050 2719 2120 Vespasiano
2754 2061 2808 2104 et
2849 2051 2992 2113 Tito,
3055 2053 3168 2121 ipsa
3220 2052 3354 2107 adeo
3389 2053 3521 2105 urbs
3557 2050 3652 2106 Ju-

2077 2143 2311 2194 daaorum
2338 2142 2516 2195 excisa
2551 2152 2653 2204 est,
2689 2159 2791 2195 una
2822 2158 2941 2197 cum
2974 2143 3282 2198 civitatibus
3320 2152 3375 2198 et
3400 2144 3651 2200 domibus

2074 2241 2289 2295 exusta,
2321 2241 2374 2283 et
2407 2233 2772 2301 spectaculum
2817 2234 3035 2288 crudele
3076 2234 3199 2300 fuit,
3243 2249 3305 2288 ac
3344 2236 3650 2289 videntibus

2074 2338 2233 2391 quam
2276 2323 2753 2378 luctuosissimum.
2791 2325 3001 2380 Etenim
3037 2325 3105 2379 ad
3155 2336 3357 2380 tantam
3407 2327 3646 2381 virorum

2074 2416 2395 2484 paucitatem
2442 2430 2571 2485 gens
2602 2416 2815 2468 illorum
2849 2417 3060 2479 recidit,
3097 2426 3210 2470 uta
3246 2430 3372 2471 vero
3399 2416 3647 2471 deﬂuxu-

2074 2522 2163 2560 rus
2189 2524 2291 2559 non
2338 2508 2427 2570 sit,
2473 2506 2560 2573 qui
2604 2507 2687 2559 vix
2730 2508 2893 2560 totius
2924 2507 3102 2577 populi
3140 2508 3550 2562 decimationem
3592 2509 3644 2562 in

2070 2615 2130 2654 ea
2157 2601 2488 2669 superfuisse
2508 2599 2723 2653 dixerit.
2743 2598 2945 2653 Deinde
2972 2599 3365 2669 aliquantulum
3392 2600 3647 2668 temporis

2072 2691 2121 2743 in
2150 2706 2279 2760 pace
2306 2692 2399 2745 alti
2424 2692 2838 2758 conservatique
2888 2703 3321 2758 permanserunt,
3362 2709 3464 2745 nun
3509 2692 3645 2745 citra

2069 2794 2269 2836 metum
2311 2794 2485 2836 tamen
2542 2785 2705 2837 etiam
2749 2783 3002 2853 deinceps
3048 2785 3403 2837 “stationem
3454 2798 3646 2853 perpe-

2071 2874 2232 2928 tiendi
2266 2876 2443 2944 :quod
2473 2875 2669 2931 factmn
2706 2884 2809 2932 est.
2841 2874 2973 2929 Nam
3019 2876 3286 2929 Adrianus
3320 2876 3445 2928 olim
3494 2873 3644 2943 regni

2066 2965 2293 3019 Romani
2338 2966 2527 3020 solium
2576 2974 2784 3027 tenens.
2835 2975 2892 3020 et
2939 2966 3239 3019 Antiochus
3286 2965 3534 3028 lllustris,
3591 2964 3642 3017 in

409 3053 675 3122 Ἀντίοχος
696 3053 921 3123 ἐπίκλην
960 3053 1277 3124 Ἐπιφανὴς,
1315 3054 1657 3126 κατέδραμον
1699 3060 1798 3127 τῆς
1833 3058 1960 3109 Ίου-

2071 3056 2340 3126 regionem
2373 3053 2681 3108 Jndmorutn
2717 3056 3084 3108 incursionem
3130 3055 3392 3113 fecerunt,
3425 3064 3478 3107 et
3512 3053 3643 3107 nihil

391 3142 563 3195 δαίων.
578 3142 780 3214 χώρας,
817 3144 910 3196 καὶ
942 3144 1095 3196 οὐδὲν
1120 3139 1187 3214 ἧν
1215 3145 1273 3196 ἐν
1312 3144 1489 3214 μείοσι
1518 3145 1626 3197 τῶν
1657 3145 1825 3198 πάλαι
1859 3164 1959 3198 κα-

387 3233 498 3289 κῶν
555 3235 1092 3307 προσερημουμένων
1151 3234 1438 3307 λειψάνων,
1480 3236 1844 3307 πεμπομένων
1882 3239 1962 3302 εἰς

380 3326 761 3396 αίχμαλωσίαν
807 3327 919 3380 τῶν
959 3326 1428 3400 κατειλημμένων,
1471 3328 1560 3381 ὅτε
1608 3329 1706 3383 καὶ
1747 3329 1818 3383 τὰ
1853 3328 1962 3382 τῶν

361 3412 739 3473 Μακκαδαίων
752 3419 951 3490 συνέϐη
977 3411 1227 3488 γενέσθαι
1249 3421 1416 3491 πάθη.
1440 3420 1562 3474 Τῶν
1594 3422 1847 3476 τοιούτων
1879 3423 1959 3475 διο

378 3510 683 3582 ηγημάτων
703 3513 839 3581 ἡμῖν
868 3513 1103 3566 ποιεῖται
1137 3513 1233 3583 τὴν
1263 3514 1485 3584 μνήμην
1530 3516 1588 3567 ἐν
1618 3513 1960 3586 προηγορεύ-

382 3618 465 3655 σει
487 3603 648 3657 πάλιν
669 3604 698 3657 ὁ
719 3603 828 3673 τῶν
853 3604 993 3657 ὅλων
1007 3602 1137 3666 Θεὸς
1158 3605 1249 3658 καί
1277 3624 1459 3676 φησιν’
1489 3625 1507 3657 ι
1536 3608 1655 3661 Ἔτι
1683 3609 1769 3661 ἐπ’
1792 3609 1959 3679 αὐτῆς

379 3695 497 3747 ἐστι
546 3693 610 3748 τὸ
658 3694 999 3759 ἐπιδέκατον,
1033 3697 1123 3750 καὶ
1151 3698 1309 3753 πάλιν
1336 3698 1488 3753 ἔσται
1510 3701 1590 3764 εἰς
1620 3701 1952 3772 προνομήν.»

379 3785 456 3839 Οὐ
480 3786 589 3858 γὰρ
615 3784 719 3850 ἔξω
746 3786 1021 3857 φροντίδος
1047 3788 1310 3857 κείσεται,
1348 3792 1502 3862 φησὶ,
1537 3792 1641 3844 κᾶν
1677 3793 1725 3844 εί
1752 3792 1810 3845 ὲν
1844 3790 1955 3845 λειο

372 3876 565 3946 ψάνοις
594 3877 828 3946 γένοιτο,
868 3880 963 3933 καὶ
996 3880 1151 3934 τοῦτο
1194 3884 1431 3953 μικροῖς,
1475 3882 1585 3935 τῶν
1630 3882 1900 3937 Ἰουδαίων
1928 3884 1957 3936 ὀ

369 3968 563 4040 δῆμος·
593 3968 711 4023 ἀλλ’
737 3970 890 4024 ἔσται
912 3970 1071 4024 πάλιν
1092 3973 1170 4034 εἰς
1193 3973 1490 4044 προνομήν.
1524 3974 1814 4042 Γενήσεται
1835 3974 1891 4027 δὲ
1920 3975 1953 4045 ἡ

371 4059 523 4131 χώρα
553 4061 651 4116 καὶ¹
675 4061 797 4116 τότε
821 4063 985 4117 πάλιν
1014 4064 1196 4128 αὐτοῖς
1227 4064 1302 4127 ὡς
1328 4066 1652 4136 τερέϐινθος,
1679 4069 1770 4120 καὶ
1802 4068 1956 4121 αὐτοὶ

370 4150 429 4204 δὲ
474 4152 551 4215 ὡς
603 4151 849 4222 βάλανος,
895 4155 984 4207 ὅτε
1034 4155 1237 4226 ἐκπέσῃ
1271 4156 1379 4208 ἀπὸ
1414 4157 1514 4224 τῆς
1554 4156 1726 4229 θήκης
1763 4158 1950 4212 αὐτοῦ.

369 4243 545 4295 Φυτὸν
569 4243 669 4312 μὲν
696 4243 803 4314 γὰρ
833 4246 867 4315 ἡ
891 4245 1218 4315 τερέϐινθος,
1240 4247 1352 4299 ἀλλ’
1380 4248 1429 4299 εί
1454 4248 1668 4316 γένοιτο
1689 4249 1797 4301 τῶν
1829 4250 1954 4317 φύλ-

368 4333 478 4386 λων
508 4331 771 4403 ἀποόολὴ,
806 4333 938 4387 πολὺ
965 4334 1028 4405 δὴ
1058 4334 1180 4388 λίαν
1207 4334 1317 4403 ἔχει
1345 4334 1407 4387 τὸ
1432 4334 1691 4403 ἀτερπὲς,
1721 4335 1952 4407 ξηροτά-

2065 3147 2404 3215 ειιριινίοτιιηι
2439 3145 2699 3199 malorum
2736 3144 2894 3213 113
2931 3160 3035 3197 nun
3068 3154 3183 3196 erat
3232 3144 3285 3197 in
3325 3144 3445 3197 istis
3485 3143 3645 3196 mini-

2064 3238 2168 3291 mis
2201 3237 2439 3308 quidem,
2473 3236 2717 3305 reliquiis
2751 3236 3069 3297 devastalis,
3109 3236 3290 3290 missis
3319 3235 3371 3289 in
3416 3235 3641 3304 captivi-

2065 3337 2229 3382 tatem
2278 3328 2364 3382 his
2416 3329 2506 3397 qui
2564 3327 2936 3397 comprehensi
2987 3336 3164 3387 erant,
3223 3326 3437 3396 quando
3481 3328 3642 3382 etiam

2063 3417 2487 3473 Maccabaanrum
2542 3419 2680 3473 mala
2734 3419 3066 3475 acciderunt.
3113 3415 3425 3485 llujusmodi
3481 3419 3644 3487 igitur

2061 3511 2406 3566 historiarum
2444 3511 2773 3565 mentionem
2810 3509 2968 3564 nobis
2999 3509 3127 3563 facit
3153 3512 3327 3563 denuo
3366 3509 3418 3561 iu
3455 3509 3643 3563 vatici-

2061 3603 2150 3655 nio
2184 3601 2552 3656 universitatis
2582 3599 2743 3666 Deus,
2774 3609 2827 3653 et
2853 3600 3024 3669 inquit
3054 3617 3067 3653 :
3096 3600 3434 3654 «Adhnecrit
3465 3601 3516 3652 in
3551 3600 3640 3653 illa

2058 3693 2366 3755 decimatio,
2397 3701 2450 3745 et
2473 3708 2659 3746 rursus
2688 3693 2789 3745 erit
2821 3691 3164 3759 direptioni.»
3197 3689 3309 3744 Non
3333 3691 3474 3743 enim
3504 3705 3631 3743 cura

2059 3786 2342 3857 abjicietur
2373 3785 2550 3854 populi
2573 3784 2802 3850 .Iudaici,
2840 3786 3048 3839 tametsi
3079 3785 3286 3854 positus
3315 3787 3383 3839 sit
3432 3785 3484 3838 in
3515 3784 3640 3839 reli-

2057 3877 2199 3949 quiis
2216 3880 2396 3949 parvis
2426 3897 2439 3932 :
2461 3880 2552 3933 sed
2578 3894 2767 3933 rursus
2785 3880 2885 3931 erit
2911 3878 3215 3946 direptioni.
3235 3878 3451 3944 Eritque
3478 3878 3638 3929 etiam

2059 3981 2184 4023 tunc
2198 3972 2390 4025 iterum
2408 3970 2511 4026 illis
2526 3972 2671 4040 regio
2690 3985 2786 4025 ceu
2809 3971 3162 4032 terebinthus,
3178 3969 3456 4036 etipsiccu
3488 3967 3640 4035 glans

2054 4062 2268 4131 quando
2308 4062 2566 4114 ceciderit
2609 4078 2639 4113 e
2688 4060 2843 4113 theca
2888 4074 3005 4112 sua.
3056 4061 3232 4112 Arbor
3284 4059 3498 4127 quidem
3553 4067 3638 4112 cst

2057 4151 2414 4213 terebinthus,
2444 4161 2499 4202 at
2527 4149 2570 4203 si
2615 4148 2741 4201 folia
2791 4147 3133 4212 deﬂuxerint,
3187 4147 3343 4201 valde
3393 4148 3497 4200 erit
3542 4151 3635 4201 de-

2055 4242 2265 4306 formis,
2330 4255 2506 4294 ramos
2548 4239 2751 4294 habens
2802 4238 3156 4294 aridissimos.
3207 4234 3333 4293 Pari
3414 4240 3625 4293 ratione

2054 4335 2215 4390 etiam
2254 4332 2422 4402 regio,
2472 4341 2532 4386 ut
2583 4330 2713 4385 mihi
2758 4330 2989 4394 videtur,
3050 4345 3172 4386 cum
3232 4332 3634 4388 habitatoribus

366 4441 395 4476 τ
414 4442 492 4486 ,υς
533 4423 673 4494 ἔχων
713 4425 839 4488 τοὺς
873 4423 1103 4489 κλῶνας.
1143 4427 1299 4479 Κατὰ
1318 4425 1507 4479 τοῦτον
1529 4421 1679 4496 οἶμαι
1710 4427 1800 4480 τὸν
1821 4430 1948 4498 τρό-

2064 4425 2165 4480 suis
2209 4427 2553 4488 destituetur,
2586 4423 2777 4479 similis
2808 4422 3029 4478 omnino
3056 4424 3161 4479 erit
3195 4426 3481 4481 arboribus
3522 4424 3634 4478 ari-

368 4530 488 4575 πον,
524 4515 618 4568 καὶ
643 4514 794 4586 χώρα
839 4513 1086 4569 παθοῦσα
1112 4515 1220 4568 τῶν
1248 4516 1597 4570 ἐνοικούντων
1624 4518 1794 4590 αὐτὴν
1818 4521 1945 4592 ἐρή-

374 4608 653 4674 μωσιν,ἐν
684 4607 783 4678 ἴσῳ
815 4625 916 4661 που
949 4608 1167 4672 πάντως
1200 4607 1388 4679 ξηροῖς
1412 4608 1565 4662 ἔσται
1599 4613 1802 4679 φυτοῖς,
1829 4614 1942 4672 τοῖς

369 4698 488 4752 κατ’
529 4699 697 4771 αὐτὴν
736 4701 837 4755 οὐκ
878 4701 1060 4772 ἔχουσι
1105 4702 1206 4772 τὴν
1240 4700 1427 4772 ἄνθην,
1467 4696 1601 4757 ἀλλὰ
1636 4704 1730 4758 καὶ
1771 4705 1945 4775 αὐτῆς

365 4790 647 4863 παθούσης
673 4791 771 4863 τῆς
797 4792 1041 4862 φυλλίδος
1070 4793 1168 4864 τὴν
1189 4794 1478 4867 ἀποϐολήν.
1521 4796 1753 4867 Ὁμοίως
1786 4799 1819 4868 ἡ
1851 4799 1937 4867 βά·

360 4880 519 4946 λανος
543 4883 754 4952 καρπὸς
778 4882 877 4952 μέν
904 4885 1023 4937 ἐστι
1047 4882 1227 4956 δρυός
1261 4885 1389 4938 ὅταν
1415 4885 1472 4939 δὲ
1508 4886 1607 4957 τῆς
1639 4886 1812 4958 θήκης
1845 4889 1940 4940 ἐκ-

360 4974 524 5047 πέσῃ,
550 4975 674 5027 τότε
706 4974 1096 5047 παρακείσεται
1120 4977 1231 5041 τοῖς
1253 4976 1499 5030 εἰωθόσιν
1525 4979 1693 5048 αὐτὴν
1724 4979 1944 5031 κατανέ-

362 5064 559 5133 μεσθαι
585 5063 695 5118 τῶν
726 5064 899 5128 ζώων.
925 5065 1133 5125 Οὐκοῦν
1162 5068 1195 5136 ἡ
1224 5066 1322 5139 μὲν
1351 5067 1461 5121 τῶν
1496 5068 1760 5123 Ἰουδαίων
1789 5068 1940 5141 χώρα

359 5154 674 5226 μεμίμηται
697 5154 796 5227 τὴν
818 5155 1127 5226 τερέϐινθόν
1160 5157 1539 5211 ἀποϐαλοῦσαν
1567 5159 1637 5213 τά
1662 5160 1851 5228 φύλλα.
1877 5163 1940 5214 Οἱ

354 5247 413 5302 δὲ
449 5247 657 5318 ταύτης
694 5248 1157 5313 ἀποπεπτωκότες
1187 5248 1272 5301 διὰ
1321 5249 1413 5302 τοῦ
1465 5250 1693 5321 δραμεῖν
1744 5255 1821 5314 εἰς
1854 5255 1952 5312 αί-¹

356 5340 694 5410 χμαλωσίαν,
725 5339 803 5403 ὡς
835 5339 1053 5409 βάλανοι
1105 5340 1399 5404 κείσονται,
1453 5344 1733 5411 μονονουχὶ
1767 5342 1938 5414 θήκης

363 5432 499 5496 ἰδίας
529 5434 944 5496 ἐκπεπτωκότες
966 5435 1064 5502 τῆς
1091 5432 1420 5503 ἐνεγκούσης
1451 5433 1666 5498 αὐτούς.
1690 5435 1941 5489 Τοιοῦτόν

357 5536 412 5573 τι
453 5521 546 5574 καὶ
583 5524 612 5574 ὁ
643 5521 891 5593 Σολομὼν
925 5539 1110 5594 φησιν’
1152 5541 1169 5573 ι
1201 5524 1410 5595 Ὥσπερ
1449 5523 1633 5593 ὄρνεον
1684 5526 1812 5580 ὅταν
1847 5528 1939 5580 ὲκ-

440 5688 484 5728 ll
528 5697 664 5754 Prov
726 5714 893 5761 urtt,
930 5700 981 5755 8.

2053 4519 2157 4585 dis,
2198 4535 2314 4587 qua:
2344 4516 2529 4572 ﬂorem
2580 4532 2733 4572 sumn
2789 4532 2894 4571 non
2943 4516 3165 4580 habent,
3217 4518 3310 4570 scd
3366 4528 3421 4570 et
3481 4515 3627 4571 foliis

2052 4612 2440 4667 destituuntur.
2497 4610 2763 4665 Similiter
2810 4610 2963 4680 glans
3015 4607 3223 4663 fructus
3280 4607 3499 4678 quidem
3551 4621 3634 4661 est

2052 4720 2311 4774 quercus;
2363 4706 2578 4776 quando
2620 4713 2799 4759 autem
2846 4708 2998 4758 theca
3052 4701 3338 4765 exciderit,
3386 4712 3495 4755 tum
3550 4703 3630 4756 his

2053 4813 2172 4864 qua:
2206 4812 2322 4849 eam
2370 4802 2658 4865 depascere
2687 4797 2865 4850 solent
2918 4794 3283 4847 animantibus
3335 4794 3628 4864 prostitue-

2055 4896 2161 4942 tur.
2199 4888 2431 4942 Proinde
2461 4886 2766 4942 Iudaeorum
2814 4886 2962 4954 regio
3003 4886 3217 4941 imitata
3273 4896 3357 4942 est
3401 4888 3631 4941 terebin-

2052 4980 2200 5033 thum
2240 4996 2359 5048 quae
2394 4978 2520 5033 folia
2554 4977 2775 5045 abjecit.
2819 4974 2921 5041 Qui
2976 4985 3153 5030 autem
3199 4992 3261 5031 ea
3301 4977 3626 5040 exciderint,

2050 5070 2104 5123 in
2134 5069 2503 5136 captivitatem
2530 5066 2814 5135 fugientes,
2851 5065 3107 5135 jaccbunt
3135 5067 3304 5121 instar
3328 5066 3622 5135 glandium,

2051 5159 2432 5226 prepemodurn
2466 5173 2562 5211 sua
2615 5158 2796 5221 theca,
2842 5165 3005 5220 terra,
3043 5157 3282 5225 inquam,
3337 5170 3455 5223 quae
3506 5157 3628 5208 tulit

2044 5268 2136 5308 cos
2170 5249 2465 5304 cxturbati.
2519 5248 2706 5303 Simile
2762 5248 3012 5316 quiddam
3081 5257 3137 5301 et
3182 5246 3436 5300 Solomon
3489 5246 3564 5300 ait
3609 5264 3623 5299 :

2047 5364 2064 5394 ι
2104 5342 2253 5396 Sicut
2286 5342 2400 5396 avis
2435 5356 2559 5394 cum
2595 5339 2850 5393 ceciderit
2879 5353 2943 5392 ex
2976 5352 3074 5392 suo
3108 5337 3255 5402 nido,
3285 5336 3362 5390 sic
3382 5346 3435 5390 et
3463 5337 3625 5391 homo

2042 5453 2160 5489 cum
2185 5451 2283 5487 suo
2314 5435 2429 5488 loco
2456 5430 2815 5486 dimovebitur
2848 5429 2915 5481 ".
2962 5447 2980 5479 ι
3031 5429 3168 5495 Quid
3218 5427 3360 5481 enim
3407 5428 3492 5481 his
3532 5429 3621 5495 qui

2043 5529 2094 5580 in
2128 5527 2443 5594 captivitate
2474 5532 2600 5580 sunt
2643 5521 2761 5574 ﬁeri
2812 5530 2985 5590 potest
3035 5518 3431 5576 miserabilius?
3480 5518 3623 5587 Quid
