4144 6302
505 370 602 429 091

1492 374 1550 430 S.
1587 373 1868 448 CYRJLLI
1905 373 2374 432 ALEXANDRINI
2409 373 2727 434 ABCHIEP.

3651 371 3762 430 193

501 503 636 544 vero
667 496 774 543 tam
808 485 1065 543 miserum
1095 496 1256 573 est-et
1289 496 1395 544 tam
1425 489 1793 560 proculcatam
1835 505 1898 546 ac
1935 504 2065 546 con-

2178 489 2316 562 πέσῃ
2355 489 2418 542 ἐκ
2453 490 2550 559 τῆς
2596 489 2733 552 ίδίας
2773 487 2984 552 καλιᾶς,
3016 485 3160 541 οῦτω
3189 487 3282 541 καὶ
3313 485 3596 558 ἄνθρωπος
3627 486 3758 540 ὅταν

506 578 824 649 temptibile,
853 595 1012 650 quam
1045 578 1288 634 homines
1315 581 1367 635 in
1401 595 1615 636 manum
1652 581 1873 637 victoris
1913 581 2050 638 inci-

503 671 634 726 dere
651 669 674 725 τ

2160 583 2487 654 ἀποσπασθῇ
2511 584 2575 635 ἐκ
2603 581 2710 636 τῶν
2741 582 2887 635 ἰδίων
2916 582 3117 635 τόπων.
3162 600 3181 633 ι
3207 580 3274 634 Τί
3306 579 3417 650 γὰρ
3441 579 3509 634 ἂν
3542 578 3760 648 γένοιτο

2174 673 2297 728 τῶν
2338 674 2397 726 ἐν
2441 672 2789 744 αἰχμαλωσίᾳ
2836 673 2898 726 τὸ
2940 672 3284 743 οἰκτρότερον
3309 688 3336 737 ;.
3377 670 3444 723 Τί
3489 668 3547 723 δὲ
3582 665 3762 731 οὕτως

501 758 730 813 ἐλεεινὸν
763 759 857 813 καὶ
885 759 1290 832 πεπατημένον,
1325 762 1401 826 ὡς
1427 761 1747 834 ἀνθρώπους
1773 760 1880 814 ὑπὸ
1916 763 2075 832 χεῖρα
2103 764 2291 816 πεσεῖν
2320 761 2428 816 τῶν
2461 761 2917 832 κεκρατηκότωνῖ

569 851 697 906 Cn.
733 850 844 911 VII.
872 868 1018 907 salvs.
1055 853 1104 906 1.
1130 853 1196 907 Et
1229 856 1426 922 factum
1455 865 1529 909 est
1568 855 1620 909 in
1656 855 1837 909 diebus
1869 855 2067 908 Achasi

498 941 599 1009 ﬁlii
631 942 899 1006 Joatham,
927 942 1028 1012 ﬁlii
1055 942 1198 998 Ozia:
1225 946 1356 1014 regis
1387 944 1569 1012 ludis,
1592 947 1828 1000 ascendit
1860 945 2066 1001 Rimas-

497 1050 591 1086 sort
623 1049 712 1086 rex
744 1031 936 1102 Syriae,
969 1043 1018 1088 et
1054 1031 1257 1090 Phacee
1277 1036 1418 1103 ﬁlius
1452 1035 1698 1091 Romeliw
1739 1052 1833 1091 rex
1875 1036 2066 1101 Israel,

497 1132 674 1174 contra
691 1121 985 1176 Jerusalem
1016 1123 1084 1176 ad
1118 1124 1459 1178 obsidendum
1493 1141 1629 1191 eam,
1659 1137 1705 1178 et
1741 1142 1845 1178 non
1887 1137 2070 1194 potue-

497 1222 616 1266 runt
648 1229 948 1284 expugnare
981 1230 1118 1291 eaut.

565 1301 666 1368 Qui
708 1303 760 1356 in
803 1289 1102 1371 Scripturis
1147 1304 1406 1360 divinitus
1456 1305 1735 1376 inspiratis
1785 1307 2066 1363 historiam

497 1403 557 1446 ut
587 1406 702 1446 rem
728 1391 975 1448 frivolam
1024 1395 1325 1462 repudiarit,
1373 1396 1598 1466 fugiunt,
1639 1407 1695 1452 ut
1739 1398 1968 1464 videtur,
2004 1416 2069 1453 eo

497 1499 606 1552 quo
633 1484 789 1540 decet
818 1485 996 1552 modo,
1039 1502 1102 1541 ea
1137 1502 1256 1557 qua:
1287 1488 1341 1542 in
1384 1489 1514 1559 ipsis
1539 1491 1742 1558 scripta
1795 1501 1940 1558 sunt,
1989 1493 2062 1546 in-

502 1573 759 1643 telligere.
783 1575 1092 1645 Speculatio
1120 1578 1262 1632 enim
1285 1579 1572 1649 spiritalis,
1599 1594 1720 1650 quae
1743 1581 1881 1637 bona
1902 1592 1986 1638 est
2015 1592 2070 1638 et

500 1665 671 1729 utilis,
700 1675 756 1721 et
797 1665 1161 1737 intelligentia
1207 1668 1392 1725 oculos
1437 1671 1672 1727 maxime
1727 1672 2067 1742 collustrans,

500 1756 905 1812 cortlatissimos
947 1760 1163 1829 quidem
1211 1760 1401 1831 efﬁcit;
1436 1765 1651 1836 quando
1684 1764 1844 1838 114
1890 1776 2068 1821 autem

499 1846 702 1916 aliquid
745 1848 1002 1907 historice
1043 1860 1253 1921 gestum
1299 1868 1366 1909 ex
1417 1857 1589 1912 sacris
1642 1856 1864 1913 Litteris
1915 1858 2070 1914 nobis

498 1935 742 2007 aﬁ‘ertur,
793 1949 918 1998 tunc
985 1941 1128 1998 illam
1195 1961 1315 2016 quae
1373 1962 1440 2002 ex
1501 1947 1726 2004 historia
1777 1949 2065 2004 utilitatem

2246 855 2358 909 Καὶ
2394 853 2628 924 ἐγένετο
2659 855 2729 908 ἐν
2755 854 2885 916 ταῖς
2905 853 3152 922 ἡμέραις
3179 847 3364 919 Ἀχαζ
3377 848 3484 903 τοῦ
3521 849 3763 918 Ἰωαθάμ

2173 947 2282 1003 τοῦ
2316 947 2452 1003 υἱοῦ
2497 946 2678 1008 Ὸζῖου
2705 944 3010 1012 ,βασιλέως
3054 942 3260 1007 Ἰούδα,
3307 941 3492 1008 ἀνέϐη
3548 940 3763 995 Ῥαασο

2176 1040 2305 1094 σὼν
2331 1037 2632 1105 βασιλεὺς
2663 1038 2914 1106 Συρίας,
2945 1035 3043 1090 καὶ
3073 1033 3263 1089 Φακεὲ
3287 1033 3418 1099 υίὸς
3458 1034 3762 1100 Ῥομελίου

2173 1129 2475 1195 ,βασιλεὺς
2509 1128 2745 1196 Ἰσραὴλ
2807 1127 2904 1182 ἐπὶ
2966 1125 3356 1194 Ἰερουσαλὴμ
3416 1123 3763 1192 πολεμῆσαι

2175 1223 2388 1291 αὐτὴν,
2418 1223 2517 1276 καὶ
2550 1224 2660 1276 οὐκ
2688 1219 3086 1289 ἠδυνήθησαν
3115 1214 3520 1285 πολιορκῆσαι
3544 1216 3761 1281 αὐτήν.

2246 1316 2311 1367 Οἱ
2348 1313 2445 1384 τὴν
2486 1313 2544 1366 ἐν
2572 1315 2691 1375 ταῖς
2724 1310 3105 1372 θεοπνεύστοις
3137 1309 3383 1380 Γραφαῖς
3412 1306 3654 1378 ἱστορίαν
3684 1305 3762 1369 ὡς

2175 1403 2342 1458 ἕωλον
2389 1401 2836 1472 παραιτούμενοι,
2883 1398 3144 1469 φεύγουσι
3194 1395 3338 1450 κατὰ
3393 1394 3457 1448 τδ
3499 1393 3648 1458 εἰκὸς
3701 1392 3764 1447 τδ

2174 1493 2316 1546 νοεῖν
2356 1488 2638 1553 δύνασθαι,
2677 1487 2802 1542 καθ’
2831 1489 2889 1542 ὃν
2916 1488 3182 1557 προσήκει
3208 1484 3428 1556 τρόπον,
3464 1483 3535 1538 τὰ
3571 1485 3630 1538 ἐν
3659 1483 3757 1536 αὺ-

2173 1585 2286 1646 τοῖς
2311 1579 2694 1653 γεγραμμένα.
2733 1579 2948 1653 Θεωρία
2979 1578 3079 1649 μὲν
3106 1577 3216 1646 γὰρ
3250 1574 3593 1646 πνευματικὴ
3620 1575 3760 1647 καλή

2174 1692 2235 1729 τε
2265 1675 2358 1728 καὶ
2389 1673 2732 1744 ὀνησιφόρος,
2767 1672 2863 1725 καὶ
2895 1670 2993 1742 τῆς
3020 1669 3256 1732 διανοίας
3279 1668 3372 1722 τὸν
3397 1666 3679 1738 ὀφθαλμὸν
3700 1663 3761 1721 εῦ

2180 1765 2323 1836 μάλα
2390 1761 2929 1834 καταλαμπρύνουσα
2979 1758 3432 1830 νουνεχεστάτους
3485 1756 3770 1818 ἀπετέλει-

2162 1860 2347 1916 ,Ὅταν
2385 1858 2444 1912 δέ
2486 1877 2538 1912 τι
2570 1857 2685 1910 τῶν
2743 1857 3031 1928 ίστορικῶς
3084 1852 3494 1924 πεπραγμένων
3535 1850 3625 1905 διὰ
3653 1849 3762 1904 τῶν

2179 1951 2343 2022 ίερῶν
2371 1951 2503 2022 ἡμῖν
2525 1947 2872 2021 Γραμμάτων
2901 1945 3245 2016 είσφέρηται,
3269 1943 3393 1996 τότε
3437 1941 3501 2013 δὴ
3541 1941 3664 1994 τότε
3702 1942 3763 1993 τδ

500 2031 762 2099 nascitur,
805 2036 1059 2104 aucupari
1102 2036 1278 2102 decet,
1324 2047 1382 2094 ut
1419 2039 1759 2110 Scripturam
1809 2041 2070 2097 divinitus

2178 2042 2239 2094 ἐκ
2296 2040 2392 2112 τῆς
2447 2037 2690 2109 ἱστορίας
2740 2036 3010 2108 χρήσιμον
3063 2031 3330 2106 θηρᾶσθαι
3384 2031 3606 2103 πρέπει,
3673 2031 3762 2085 ἵνα

500 2123 820 2190 inspiratam
852 2130 1209 2198 undecunque
1231 2143 1330 2185 nos
1355 2141 1410 2187 et
1429 2146 1650 2188 servare
1678 2142 1732 2190 et
1755 2132 1947 2204 iuvare
1975 2150 2072 2205 ap-

499 2223 704 2282 pareat.
757 2215 988 2273 Enarrat
1036 2220 1220 2291 itaque
1272 2223 1425 2279 nobis
1475 2224 1622 2281 hisce
1665 2226 1846 2281 verbis
1895 2239 2075 2280 sermo

500 2307 868 2374 propheticus,
893 2325 1013 2380 qum
1031 2320 1274 2391 tempore
1297 2315 1445 2385 regni
1478 2314 1624 2370 Ozias
1655 2317 1900 2373 tribubus
1933 2317 2070 2374 .luda

500 2408 553 2450 et
583 2396 880 2469 Beniamin,
914 2403 1208 2474 decemque
1229 2405 1477 2464 tribubus
1499 2407 1552 2463 in
1576 2408 1848 2475 Samaria,
1879 2425 1998 2479 qua:
2019 2421 2074 2467 et

503 2489 754 2558 Ephraim
791 2493 1211 2551 nominabantur
1240 2508 1297 2552 et
1323 2498 1516 2568 Israel,
1548 2500 1913 2572 contigerunt.
1937 2501 2071 2558 Cum

503 2592 632 2634 vero
655 2589 889 2649 quatuor
912 2598 1096 2653 regum
1159 2589 1490 2656 temporibus
1542 2589 1790 2646 universa
1837 2593 2074 2662 prophe-

506 2669 594 2722 ti=e
640 2670 816 2724 oratio
871 2672 1054 2728 habita
1103 2674 1196 2740 sit,
1237 2691 1358 2745 qua:
1399 2678 1670 2749 sigillatim
1731 2683 2072 2751 contingunt,

503 2759 656 2825 ponit
701 2761 984 2832 propheta,
1021 2765 1394 2838 signiﬁcatque
1445 2759 1783 2838 necessario,
1831 2773 2074 2830 ordinem

503 2852 637 2907 visis
689 2861 851 2923 atque
907 2857 1249 2914 sermonibus
1311 2860 1426 2916 suis
1486 2862 1746 2932 optimum
1790 2865 2073 2922 adhibens.

507 2941 768 3000 Defuncto
799 2944 960 3016 igitur
1003 2948 1218 3015 Azaria,
1268 2951 1360 3021 qui
1404 2961 1461 3008 et
1503 2951 1682 3018 Ozias,
1743 2957 1982 3012 succedit
2023 2959 2074 3012 in

505 3047 729 3104 regnum
758 3033 1034 3105 Joatham,
1058 3052 1390 3112 scopumque
1415 3057 1478 3098 ac
1518 3043 1761 3100 instituta
1794 3047 1964 3117 patris
1991 3048 2073 3102 sui

503 3135 821 3193 persecutus
842 3138 944 3184 est.
986 3129 1192 3186 Dicitur
1225 3134 1422 3204 quippe
1449 3145 1504 3190 et
1538 3120 1731 3206 ipsein
1759 3138 1933 3194 oculis
1979 3137 2078 3195 Do-

505 3217 636 3272 mini
667 3217 860 3275 fecisse
889 3229 1119 3286 rectum,
1147 3225 1596 3292 quemadmodum
1634 3240 1689 3282 et
1726 3227 1919 3298 Ozias;
1977 3246 2074 3286 ve-

506 3324 624 3364 rum
662 3311 874 3366 excelsa
904 3328 1008 3367 non
1035 3315 1275 3382 sustulit,
1305 3317 1400 3371 sed
1429 3320 1725 3374 etiamnum
1757 3325 1986 3390 populus
2019 3325 2072 3378 in

2175 2128 2513 2201 πανταχόθεν
2541 2129 2692 2199 ἡμᾶς
2729 2128 2762 2198 ἠ
2800 2125 3155 2188 θεόπνευστος
3186 2122 3379 2194 Γραφὴ
3417 2121 3669 2186 σώζουσά
3700 2139 3759 2173 τε

2175 2223 2267 2276 καὶ
2291 2220 2578 2292 ὠφελοῦσα
2605 2218 2884 2290 φαίνηται.
2925 2219 3241 2287 Ἀφηγεῖται
3261 2215 3442 2268 τοίνυν
3479 2217 3508 2268 6
3545 2231 3758 2283 προφη-

2173 2312 2324 2376 τικὸς
2349 2313 2480 2383 ἡμῖν
2508 2312 2566 2365 ἐν
2589 2310 2799 2370 τούτοις
2833 2308 2990 2377 λόγος
3020 2307 3089 2361 τὰ
3126 2308 3185 2360 ἐν
3217 2307 3429 2376 καιροῖς
3449 2305 3550 2375 τῆς
3585 2304 3759 2368 Ὀζίου

2177 2405 2452 2476 βασιλείας
2488 2401 2873 2475 συμϐεϐηκότα
2896 2403 3009 2463 τοῖς
3035 2397 3094 2464 ἐξ
3121 2398 3292 2452 Ἰούδα
3324 2399 3417 2451 καὶ
3446 2397 3755 2466 Βενιαμεὶν,

2175 2496 2269 2550 καὶ
2298 2496 2418 2560 ταῖς
2443 2497 2499 2548 ἐν
2517 2496 2585 2566 τῇ
2611 2493 2895 2564 Σαμαρείᾳ
2919 2490 3050 2544 δέκα
3074 2489 3287 2559 φυλαῖς,
3319 2487 3376 2542 αῖ
3400 2489 3492 2540 καὶ
3521 2485 3758 2557 Ἐφραῒμ

2176 2587 2542 2658 ὠνομάζοντο,
2578 2585 2672 2639 καὶ
2701 2583 2801 2654 μέν
2831 2600 2912 2636 τοι
2941 2582 3036 2636 καὶ
3068 2580 3306 2652 Ἰσραήλ.
3356 2579 3573 2649 Ἐπειδὴ
3615 2579 3672 2631 δὲ
3700 2579 3759 2630 ἐν

2177 2680 2388 2749 καιροῖς
2405 2675 2689 2747 τεσσάρων
2714 2671 2976 2744 βασιλέων
3001 2673 3030 2724 6
3051 2671 3272 2742 σύμπας
3297 2670 3397 2741 τῆς
3420 2667 3756 2742 προφητείας

2176 2771 2369 2839 γέγονε
2387 2768 2562 2837 λόγος,
2583 2767 2652 2821 τὰ
2678 2769 2736 2822 ἐν
2763 2767 2876 2844 τοίς
2902 2762 3132 2817 ἑκάστου
3157 2764 3366 2833 καιροῖς
3388 2777 3452 2814 συ
3461 2760 3756 2831 μόαίνοντα

2177 2861 2388 2933 τίθησιν
2428 2863 2457 2913 6
2490 2859 2796 2931 προφήτης,
2837 2858 2932 2912 καὶ
2963 2855 3274 2924 ἀναγκαίως
3312 2852 3753 2921 ἐπισημαίνεται,

2176 2953 2328 3019 τάξιν
2382 2955 2497 3016 ταῖς
2543 2950 2823 3023 ὁράσεσιν,
2869 2950 2986 3020 ἧτοι
3043 2951 3158 3010 τοῖς
3202 2943 3397 2999 ἐαυτοῦ
3447 2944 3620 3012 λόγοις
3656 2943 3758 3014 τὴν

2177 3041 2407 3113 ἀρίστην
2433 3039 2710 3102 ἐπιτιθείς.
2740 3036 3045 3100 Τεθνεῶτος
3065 3033 3356 3106 τοιγαροῦν
3385 3032 3639 3104 ’Δζαρίου
3665 3033 3759 3086 καὶ

2175 3132 2270 3186 τοῦ
2316 3132 2514 3197 Ὀζίου,
2552 3131 2853 3201 διαδέχεται
2890 3127 2989 3199 τὴν
3026 3125 3301 3198 βασιλείαν
3343 3123 3587 3190 Ἰωαθὰν,
3631 3124 3760 3193 ἡκο-

2175 3225 2406 3296 λούθησέ
2455 3242 2515 3278 τε
2564 3222 2642 3294 τῷ
2676 3222 2881 3293 σκοπῷ,
2927 3220 3020 3274 καὶ
3063 3221 3174 3282 τοῖς
3221 3215 3620 3296 ἐπιτηδεύμασι
3665 3215 3769 3269 τοῦ

2180 3317 2312 3372 ίδίου
2341 3316 2565 3389 πατρός.
2605 3313 2834 3383 Λέγεται
2867 3312 2966 3384 μὲν
2997 3311 3106 3382 γὰρ
3137 3309 3230 3363 καὶ
3257 3309 3422 3373 αὐτὸς
3462 3310 3520 3364 ἐν
3559 3307 3764 3377 ὀφθαλ-

506 3400 740 3456 excelsis
795 3401 1068 3463 adolebat.
1126 3404 1193 3460 Et
1242 3407 1403 3463 Ozias
1453 3410 1668 3479 quidem
1725 3425 1922 3480 praeter
1996 3415 2074 3471 fas

2182 3411 2302 3480 μοῖς
2321 3408 2528 3479 Κυρίου
2557 3406 2781 3476 ποιῆσαι
2809 3405 2868 3458 τὸ
2891 3402 3067 3467 εὐθές,
3096 3402 3240 3456 καθὰ
3264 3403 3360 3456 καὶ
3387 3402 3590 3469 Ὀζίας,
3620 3401 3772 3472 πλὴν

506 3503 725 3544 sacrum
752 3504 947 3547 munus
969 3493 1180 3558 ambiit,
1214 3504 1270 3550 et
1309 3496 1506 3554 offerre
1540 3499 1759 3555 incensa
1791 3517 2078 3573 aggressus

508 3588 613 3644 est,
641 3590 695 3635 et
719 3596 838 3636 eam
868 3584 937 3638 ob
967 3599 1182 3638 causam
1226 3586 1370 3654 lepra
1413 3587 1641 3644 affectus
1685 3601 1790 3645 est.
1828 3590 2077 3650 Juatham

507 3679 686 3726 autem
712 3688 817 3726 non
846 3676 946 3731 sic.
987 3672 1279 3745 Postquam
1308 3686 1362 3732 et
1391 3678 1482 3734 ille
1520 3680 1799 3750 migrasset
1844 3697 1876 3737 e
1919 3683 2076 3752 vivis,

507 3764 835 3834 subrogatur
870 3765 921 3820 in
955 3780 1176 3838 regnum
1204 3769 1474 3836 Acbazus,
1511 3772 1855 3841 imperitante
1901 3776 2079 3833 adhuc

507 3853 784 3921 lsraelitis,
814 3857 867 3913 id
903 3867 1006 3926 est,
1051 3859 1234 3915 decem
1275 3862 1546 3930 tribubus,
1579 3861 1794 3922 Phacee
1829 3867 1938 3923 lilio
1971 3867 2079 3924 Ro-

508 3947 702 4004 meliae.
739 3947 836 4027 [ﬁo
859 3950 1055 4005 bellum
1080 3963 1266 4008 contra
1287 3955 1560 4010 Achazum
1595 3966 1650 4012 et
1672 3955 1863 4014 Judam
1891 3961 2076 4027 movit,

505 4048 561 4095 et
585 4055 694 4097 uno
719 4013 812 4098 die
827 4054 1041 4100 centum
1071 4045 1259 4118 viginti
1289 4047 1455 4104 millia
1485 4049 1779 4107 interemit.
1829 4013 2080 4110 lrritatus

507 4144 594 4189 est
632 4137 775 4192 enim
839 4139 1210 4197 universitatis
1265 4143 1429 4210 Deus,
1492 4155 1716 4216 propter
1771 4146 2076 4218 impietates

505 4226 727 4295 Achazi,
773 4229 838 4284 de
871 4245 978 4300 quo
1035 4233 1298 4303 scriptum
1363 4245 1448 4292 est
1498 4247 1692 4308 quarto
1743 4236 2076 4309 Regnorum,

507 4321 651 4388 quod
680 4320 733 4374 in
771 4322 859 4375 via
892 4324 1033 4392 regis
1059 4325 1221 4381 Israel
1262 4328 1570 4385 ambularit.
1617 4329 1746 4385 Erat
1790 4330 1935 4387 enim
1996 4331 2081 4385 vir

510 4409 728 4480 impius,
750 4419 806 4465 et
837 4415 1106 4470 serviebat
1135 4417 1314 4482 idolis,
1344 4428 1398 4473 et
1417 4420 1617 4476 liberos
1631 4436 1759 4478 suos
1774 4437 1872 4491 per
1902 4422 2078 4494 ignem

509 4501 767 4569 traduxit,
801 4504 1093 4564 immundis
1119 4507 1454 4564 daemonibus
1481 4512 1817 4568 sacriﬁcans.
1849 4512 2080 4584 Tempo-

506 4593 654 4649 ribus
677 4593 861 4665 itaque
889 4595 1059 4665 ipsius
1095 4599 1267 4668 regni,
1303 4607 1357 4652 et
1389 4600 1505 4669 ipse
1540 4601 1749 4658 Phacee
1792 4602 1934 4659 ﬁlius
1966 4604 2072 4659 Ro-

505 4683 698 4750 meliae,
723 4695 775 4740 et
803 4685 1082 4742 Rhaasson
1108 4702 1200 4743 rex
1226 4689 1410 4757 Aram,
1444 4691 1496 4745 id
1540 4699 1627 4746 est
1668 4691 1857 4762 Syria,
1891 4702 2078 4748 contra

505 4773 874 4849 Hierosolyma
939 4789 994 4836 et
1035 4779 1170 4836 Juda
1226 4782 1637 4852 conspirarunt,
1708 4796 2078 4855 veneruntque

505 4868 891 4938 populabundi.
936 4872 1130 4929 Verum
1159 4888 1264 4929 non
1295 4886 1551 4945 ceperunt
1582 4875 1794 4932 urbem.
1829 4875 2079 4933 Achazus

504 4970 709 5028 autem,
743 4961 1152 5032 impressionem
1181 4965 1571 5023 intolerabilem
1592 4979 1861 5032 metuens,
1882 4983 2079 5024 acervo

503 5055 853 5122 pecuniarum
889 5070 1082 5125 magno
1122 5070 1408 5130 congesto,
1467 5060 1532 5115 ad
1583 5059 2076 5132 Tbeglaphasarum

502 5161 682 5218 regem
729 5149 1073 5220 Assyriorum
1115 5151 1320 5222 legatos
1356 5153 1539 5219 mittit,
1598 5168 1796 5224 rogans
1850 5165 1909 5208 ut
1950 5154 2080 5209 velit

501 5238 604 5292 sibi
638 5240 882 5296 subsidio
938 5255 1079 5308 esse,
1129 5252 1296 5313 utque
1333 5237 1521 5298 contra
1576 5241 1856 5299 Rhaassou
1921 5257 2072 5298 arma

503 5331 699 5401 capiat.
722 5334 873 5400 Quod
896 5336 1060 5391 etiam
1097 5335 1162 5390 ad
1190 5336 1391 5391 exitum
1419 5334 1736 5406 perductum
1765 5345 1884 5403 est;
1919 5336 2077 5408 115

506 5424 885 5500 profectusque
925 5427 1182 5499 Assyrius
1213 5426 1356 5496 cepit
1399 5427 1736 5492 Damascum,
1787 5427 2080 5484 obtrunca-

507 5519 586 5571 vit
614 5516 913 5578 Rbaasson.
944 5521 1156 5578 Mortuo
1189 5529 1369 5578 autem
1404 5520 1618 5577 Phacee
1657 5520 1767 5576 ﬁlio
1796 5519 2076 5594 Romeliaa,

506 5608 600 5678 qui
633 5613 878 5680 regnavit
921 5613 976 5669 iu
1012 5612 1260 5670 Samaria
1288 5628 1451 5684 super
1488 5611 1764 5680 lsraelem,
1801 5623 2077 5682 sceptrum

509 5701 743 5770 rupeSSil.
767 5703 903 5760 Osee
940 5704 1083 5760 ﬁlius
1115 5705 1252 5772 Elae;
1287 5721 1396 5777 quo
1422 5714 1703 5780 regnante,
1740 5703 1947 5762 invadit
1977 5704 2078 5759 Sa-

513 5793 740 5852 mariam
777 5793 1122 5854 Salmanasar
1147 5797 1420 5867 Assyrius,
1455 5808 1731 5868 totamque
1773 5797 2080 5867 occupavit,

2180 3501 2246 3554 τὰ
2267 3498 2445 3570 ὑψηλὰ
2476 3498 2576 3552 οὐκ
2604 3496 2816 3568 ἐξῆρεν,
2843 3494 2958 3549 ἀλλ’
2985 3494 3065 3548 ἔτι
3094 3495 3123 3547 6
3147 3493 3274 3557 λαὸς
3295 3493 3536 3563 ἐθυμίων
3569 3495 3630 3546 ἐν
3649 3495 3768 3556 τοῖς

2181 3592 2427 3663 ὑψηλοῖς.
2460 3591 2568 3644 Καὶ
2591 3588 2824 3660 ἐζήτησε
2859 3587 2957 3658 μὲν
2993 3587 3172 3652 Ὀζίας
3196 3587 3347 3657 παρὰ
3369 3587 3430 3639 τὸ
3461 3585 3580 3652 ἐξὸν
3616 3587 3766 3657 ἱερα-

2179 3686 2366 3738 τεῦσαι
2390 3681 2529 3755 Θεῷ,
2559 3683 2653 3736 καὶ
2691 3681 3076 3752 προσενεγκεῖν
3115 3678 3458 3748 θυμιάματα,
3487 3677 3583 3730 καὶ
3610 3675 3763 3729 λελέι

2181 3792 2395 3847 πρωται
2424 3776 2628 3846 ταύτης
2652 3774 2814 3828 ἕνεκα
2839 3773 2938 3844 τῆς
2964 3771 3162 3836 αἰτίας.
3182 3769 3404 3826 Ἰωαθάν
3433 3788 3495 3840 γε
3523 3769 3633 3842 μὴν
3664 3770 3765 3840 οὐχ

2180 3867 2372 3932 οὕτως.
2413 3867 2630 3939 Ἐπειδὴ
2656 3866 2714 3920 δὲ
2742 3866 2835 3921 καὶ
2863 3865 3025 3930 αὐτὸς
3063 3865 3297 3933 ἀπεϐίω,
3330 3864 3638 3935 διαδέχεται
3663 3863 3764 3933 τὴν

2182 3957 2460 4030 βασιλείαν
2504 3959 2535 4012 6
2575 3957 2772 4028 Ἀχαζ,
2825 3955 3200 4028 βασιλεύοντος
3251 3956 3344 4008 ἐπὶ
3388 3955 3480 4008 τὸν
3524 3953 3765 4025 Ἰσραὴλ,

2180 4045 2324 4100 τοῦτ’
2346 4045 2486 4110 ἐστι,
2514 4045 2622 4100 τῶν
2649 4045 2857 4099 δώδεκα
2885 4045 3090 4115 φυλῶν,
3113 4046 3288 4099 Φακεέ
3310 4045 3426 4098 υἱοῦ
3457 4044 3760 4115 Ῥομελίου.

2181 4132 2351 4204 Οῦτος
2405 4139 2662 4210 κεκίνηκε
2708 4138 2943 4210 πόλεμον
2989 4138 3131 4192 κατὰ
3175 4137 3270 4192 τοῦ
3310 4137 3486 4208 ’Ἄχας
3534 4138 3629 4191 καὶ⁸
3667 4137 3764 4192 τοῦ

2179 4231 2372 4299 Ἰούδα,
2408 4231 2504 4286 καὶ
2531 4230 2817 4285 ἀπέκτεινε
2849 4231 2949 4302 μὲν
2980 4233 3038 4284 ἐν
3071 4233 3170 4303 μιᾷ
3209 4231 3394 4302 ἡμέρα
3439 4230 3636 4284 έκατὺν
3668 4231 3765 4283 καὶ

2180 4322 2354 4378 είκοσι
2380 4321 2644 4394 χιλιάδας.
2675 4321 3067 4392 Παρωτρύνετο
3099 4320 3208 4392 γὰρ
3253 4323 3282 4372 6
3311 4319 3420 4373 τῶν
3459 4320 3596 4374 ὅλων
3631 4319 3765 4383 Θεὸς

2180 4413 2239 4466 ἐν
2269 4414 2387 4476 ταῖς
2407 4410 2503 4465 τοῦ
2524 4409 2699 4481 Ἀχαζ
2718 4409 3076 4478 δυσσεϐείαις,
3104 4410 3231 4481 περὶ
3245 4405 3306 4465 οῦ
3337 4411 3432 4464 καὶ
3456 4411 3765 4482 γέγραπται

2179 4505 2238 4556 ἐν
2275 4505 2341 4574 τῇ
2381 4502 2618 4575 τετάρτῃ
2649 4501 2758 4556 τῶν
2790 4501 3104 4569 Βασιλειῶν,
3139 4503 3222 4555 ὅτι
3265 4502 3538 4575 ἐπορεύθη
3573 4505 3630 4556 ἐν
3659 4503 3768 4573 ὁδῷ

2183 4595 2446 4666 βασιλέως
2495 4595 2732 4666 Ἰσραήλ.
2765 4594 2960 4663 Γέγονε
3005 4595 3114 4665 γὰρ
3150 4596 3291 4668 ἀνὴρ
3339 4595 3627 4667 δυσσεϐὴς,
3671 4599 3770 4650 καὶ

2180 4687 2538 4759 λελάτρευκεν
2570 4685 2830 4751 εἰδώλοις,
2880 4687 2973 4741 καὶ
3013 4685 3082 4740 τὰ
3125 4687 3292 4741 τέκνα
3335 4686 3500 4741 αὑτοῦ
3535 4687 3770 4757 διήγαγε

2179 4778 2268 4831 διὰ
2297 4778 2469 4849 πυρὸς
2497 4776 2852 4848 καταθυμιῶν
2879 4763 2992 4841 τοῖς
3018 4777 3350 4850 ἀκαθάρτοις
3372 4777 3642 4848 δαίμοσιν.
3677 4778 3772 4832 Ἐν

2179 4872 2390 4940 καιροῖς
2413 4869 2697 4940 τοιγαροῦν
2723 4868 2822 4939 τῆς
2839 4868 3032 4922 ἐαυτοῦ
3061 4868 3338 4939 βασιλείας
3366 4869 3774 4941 συνεφράξαντο

2179 4962 2322 5018 κατά
2352 4979 2412 5014 τε
2446 4960 2554 5014 τῶν
2591 4958 2982 5032 Ἰεροσολύμων
3016 4959 3112 5012 καὶ
3150 4958 3342 5026 Ἰούδα,
3375 4960 3537 5024 αὐτός
3568 4977 3628 5013 τε
3657 4962 3770 5012 Φα-

2179 5055 2272 5109 κεέ
2306 5055 2334 5108 6
2360 5051 2453 5107 τοῦ
2487 5051 2766 5123 Ῥομελίου
2793 5092 2808 5118 ,
2832 5052 2927 5106 καὶ
2955 5049 3236 5106 Ῥαασσὼν
3268 5050 3521 5121 βασιλεὺς
3567 5052 3770 5122 Ἀρὰμ,

2177 5146 2324 5200 τοῦτ’
2371 5145 2487 5198 ἐστι
2531 5144 2748 5214 Συρίας.
2803 5144 2915 5197 Καὶ
2963 5138 3128 5214 ἦλθον
3175 5144 3252 5208 ὡς
3300 5143 3772 5217 καταδῃώσοντες,

2179 5239 2321 5311 πλὴν
2353 5239 2451 5308 οὐχ
2481 5233 2623 5291 εἷλον
2655 5236 2753 5307 τὴν
2775 5235 2949 5292 πόλιν.
2981 5235 3176 5300 Δεδιὼς
3201 5235 3258 5288 δέ
3294 5235 3393 5307 τὴν
3416 5235 3603 5306 ἔφοδον
3635 5235 3815 5304 ἀφόοκ

2182 5348 2354 5405 ρητον-
2378 5327 2541 5385 οὖσαν
2573 5332 2601 5384 ὁ
2627 5329 2822 5400 Ἀχαζ,
2849 5329 3096 5402 ἄθροισιν
3139 5328 3240 5402 μὲν
3275 5332 3512 5384 ποιεῖται
3545 5329 3774 5400 χρημά-

2181 5440 2288 5476 των
2320 5421 2542 5491 πολλὴν,
2570 5419 2934 5492 πρεσϐεύεται
2970 5419 3028 5473 δὲ
3073 5419 3211 5492 πρὸς
3254 5419 3346 5475 τὸν
3397 5419 3619 5490 βασιλέα
3661 5418 3778 5473 τῶν

2200 5514 2500 5586 Ἀσσυρίων
2545 5511 3026 5583 Θεγλαφολλασὰρ,
3085 5509 3464 5582 ἐπαμύνεσθαί
3497 5528 3556 5564 τε
3617 5511 3774 5582 αὑτῷ

2189 5607 2516 5680 παρακαλεῖ,
2547 5605 2642 5659 καὶ
2663 5603 3240 5679 καταστρατεύσασθαι
3269 5602 3364 5658 τοῦ
3409 5602 3715 5666 Ῥαασσὼν,
3746 5605 3772 5657 ε

2189 5700 2256 5771 δὴ
2292 5700 2384 5754 καὶ
2440 5701 2520 5762 είς
2572 5697 2747 5769 πέρας
2792 5698 3099 5768 ἐνήνεκται.
3139 5695 3339 5751 Ἐλθὼν
3385 5695 3443 5749 δὲ
3487 5695 3770 5767 Ἀσσύριος

2191 5787 2302 5846 εἷλε
2341 5792 2438 5863 τὴν
2469 5790 2776 5862 Δαμασκὸν,
2805 5789 3090 5846 ἀπέκτεινε
3119 5788 3177 5845 δὲ
3209 5787 3302 5843 καὶ⁵
3333 5789 3426 5844 τὸν
3459 5787 3769 5843 Ῥαασσὼνι
