4122 6292
397 377 498 434 193

1548 365 1623 422 ἸΝ
1663 365 1896 425 ISMAI
1934 365 2063 424 LIB.
2093 367 2140 424 Ι.
2171 363 2383 422 οιιΑτ.
2425 363 2514 419 ιν.

3537 375 3642 438 196

315 482 339 501 ⁸
390 469 825 540 τελευτήσαντος
866 465 922 518 δὲ
965 463 1057 516 καὶ
1086 461 1179 516 τοῦ
1209 460 1384 516 Φακεὲ
1420 459 1516 513 τοῦ
1563 459 1842 530 Ῥομελίου
1875 458 1965 515 τοῦ

2075 458 2322 514 lsraelem
2344 457 2614 528 captivum
2646 455 2886 522 abduxit,
2930 467 2983 514 et
3020 458 3071 514 in
3117 457 3313 518 ﬁnibus
3352 463 3638 525 Persarum

394 561 814 629 βασιλεύσαντος
841 556 978 611 κατὰ
1011 555 1110 626 τὴν
1142 552 1456 625 Σαμαρείαν
1480 552 1573 604 ἰπὶ
1607 553 1696 604 τὸν
1727 551 1965 623 Ἰσραήλ,

393 652 700 722 διαδέχεται
721 650 782 703 τὸ
809 649 1086 718 σκῆπτρον
1123 644 1278 715 Ὠσηὲ
1309 643 1424 707 υίὸς
1451 642 1612 707 Ἥλα,
1639 633 1700 696 οὗ
1729 641 1972 713 βασιλεύ-

408 760 612 806 σαν-τος,
641 742 858 812 ἔρχεται
880 737 1024 792 κατά
1054 735 1152 808 τὴν
1195 735 1507 807 Σαμαρείαν
1552 734 1917 804 Σαλμανασάρ
1942 733 1972 785 6

401 835 699 906 Ἀσσύριος,
748 834 842 886 καὶ
893 825 1003 884 εἷλε
1062 830 1160 900 μὲν
1206 829 1402 888 πᾶσαν,
1442 827 1745 896 ἀπεκόμισε
1783 823 1840 878 δι
1881 824 1972 877 τὸν

411 927 624 998 Ἰσραὴλ
676 925 1038 997 αἰχμάλωτον,
1092 922 1186 974 καὶ
1229 918 1524 990 ἀπῴκησεν
1561 919 1618 970 ἐν
1663 919 1776 979 τοῖς
1824 916 1972 985 δρεσι

401 1017 622 1089 Περσῶν
653 1018 748 1069 καὶ
775 1016 994 1086 Μήδων·
1031 1007 1150 1065 εἶτα
1184 1011 1334 1074 τινὰς
1373 1009 1482 1063 τῶν
1515 1009 1605 1077 ὑφ’
1639 1006 1817 1076 ἑαυτῷ
1845 1023 1974 1060 κατ-

399 1109 563 1162 οικεῖν
619 1105 867 1159 ἐκέλευσε
907 1103 1005 1176 τὴν
1057 1099 1390 1172 Σαμαρείαν,
1426 1099 1517 1152 τόν
1551 1114 1611 1150 τε
1651 1098 1714 1149 ὲκ
1741 1094 1970 1158 Χουνθά,

399 1197 489 1251 καὶ
518 1195 610 1249 τὸν
633 1194 1039 1266 Σαπφαρουῒαν.
1068 1192 1391 1263 Γέγραπται
1429 1187 1538 1260 γὰρ
1571 1187 1742 1246 οὕτως
1776 1189 1832 1240 ὲν
1856 1189 1972 1249 ταῖς

399 1285 732 1348 Βασιλείαις.
768 1285 862 1337 καὶ
895 1283 1104 1354 μακρὸς
1139 1281 1239 1351 μὲν
1285 1283 1314 1332 6
1342 1282 1424 1349 ἐφ’
1460 1279 1670 1348 ἑκάστῳ
1697 1277 1803 1330 τῶν
1832 1278 1976 1348 είρη·’

399 1378 576 1448 μένων
603 1375 758 1444 λόγος
797 1375 950 1445 παρά
996 1391 1060 1440 γε
1106 1375 1172 1442 τῇ
1214 1369 1552 1439 Θεοπνεύστῳ
1582 1369 1792 1440 Γραφῇ,
1834 1368 1973 1433 πλὴν

400 1471 707 1539 πεποίημαι
774 1466 874 1537 τὴν
931 1466 1207 1534 ἀφήγησιν
1265 1461 1668 1533 βραχυλογήσας
1731 1461 1806 1522 ὡς
1869 1459 1970 1514 ενι.

411 1554 678 1625 Ἐροῦμεν
723 1553 780 1606 δὲ
815 1553 911 1606 καὶ
954 1551 1059 1604 ἀνὰ
1093 1551 1254 1622 μέρος
1287 1550 1508 1613 ἕκαστα,
1535 1551 1652 1612 ταῖς
1697 1548 1805 1601 τῶν
1838 1566 1974 1619 προ-

403 1644 674 1714 κειμένων
704 1642 934 1705 ἐννοίαις
963 1642 1233 1714 έπόμενοι.
1252 1641 1337 1694 Ἑν
1359 1642 1477 1703 ταῖς
1500 1640 1736 1711 ἡμέραις
1773 1640 1971 1705 τοίνυν,

2079 564 2144 605 ac
2179 548 2454 604 Medorum
2497 547 2828 603 collocavit:
2873 551 3064 605 deinde
3108 553 3371 622 quosdam
3414 560 3506 628 qui
3550 576 3640 618 se-

2074 656 2196 696 cum
2221 649 2392 705 erant,
2415 639 2577 710 jussit
2617 640 2849 695 incolere
2881 639 3200 709 Samariam,
3246 649 3336 717 qui
3361 649 3426 704 de
3457 649 3641 707 Chuno

2081 733 2170 786 tlta
2201 741 2250 785 et
2282 731 2692 799 Sappltarviam.
2739 730 2828 786 Sic
2871 733 3012 787 enim
3051 735 3101 788 in
3145 733 3344 805 Regnis
3379 741 3639 811 scriptum

2072 832 2176 876 est.
2222 821 2287 876 Et
2336 823 2550 890 quidem
2597 823 2663 876 de
2706 822 2929 893 singulis
2967 840 3085 895 qua:
3116 827 3256 880 dicta
3311 839 3437 883 sunt
3483 831 3639 902 longa

2074 923 2159 969 est
2195 915 2246 967 in
2275 914 2554 982 Scriptura
2587 915 2843 970 divinitus
2873 917 3132 986 inspirata
3186 920 3385 985 oratio,
3417 931 3472 976 at
3511 941 3639 976 nar-

2076 1009 2337 1062 rationem
2389 1009 2528 1062 hanc
2576 1019 2773 1076 quanta
2821 1010 2969 1064 licuit
3013 1011 3275 1068 brevitate
3331 1029 3642 1082 persecutus

2075 1117 2214 1154 sum.
2252 1099 2358 1154 Sed
2395 1101 2757 1169 particulatim
2790 1103 3030 1158 dicemus
3060 1105 3289 1175 singula,
3329 1106 3643 1160 verborum-

2075 1209 2178 1263 que
2205 1193 2526 1248 sententiam
2551 1194 2740 1249 ordine
2769 1195 3176 1264 explicabimus.
3221 1196 3416 1252 Diebus
3440 1195 3640 1267 "igitur,

2075 1285 2269 1354 inquit,
2295 1285 2502 1339 'Achazi
2531 1284 2623 1339 lilii
2665 1284 2932 1351 Joatham,
2984 1287 3076 1340 lilii
3119 1288 3242 1344 Oza:
3292 1291 3431 1359 regis
3479 1289 3638 1350 Juda.

2076 1377 2357 1430 Illtaasson
2393 1393 2484 1431 rex
2517 1376 2704 1440 Aram,
2736 1377 2839 1433 hoc
2880 1389 2964 1433 est
2995 1377 3189 1450 Syriae,
3228 1391 3282 1436 et
3322 1381 3530 1438 Pltacee
3575 1384 3640 1436 li-

2074 1467 2178 1520 lius
2210 1466 2470 1521 llomelia:
2497 1483 2591 1522 rex
2612 1469 2792 1532 Israel,
2823 1472 3202 1540 conspirarunt
3226 1483 3410 1527 contra
3452 1473 3640 1528 lliero-

2074 1558 2304 1630 solyma,
2339 1567 2394 1612 et
2428 1571 2789 1628 pervenerunt
2823 1563 3091 1618 civitatem
3129 1562 3376 1624 deleturi.
3401 1579 3520 1618 eam
3553 1574 3638 1619 ta-

2079 1666 2196 1703 men
2226 1665 2535 1720 oppugnare
2569 1667 2672 1705 non
2714 1663 3028 1722 potuerunt.
3067 1654 3214 1710 Dicta
3253 1665 3380 1710 sunt
3409 1657 3520 1712 hare
3553 1657 3638 1711 in-

403 1731 586 1800 φησιν,
619 1730 792 1802 ’Δχαζ
829 1729 921 1784 τοῦ
959 1729 1179 1784 Ἰωαθὰν
1210 1729 1305 1782 τοῦ
1332 1729 1448 1783 υίοῦ
1493 1729 1669 1793 Ὀζίου
1711 1728 1965 1798 βασιλέως

2075 1739 2385 1815 scriptionis
2409 1749 2464 1795 et
2493 1740 2822 1810 praefationis
2857 1743 2975 1798 loco
3003 1753 3057 1798 et
3097 1759 3194 1799 ceu
3237 1725 3334 1815 per
3374 1747 3641 1801 narratio-

414 1818 600 1885 Ἰούδα,
672 1821 1166 1892 συμπεφωνήκασιν
1229 1819 1258 1872 ὅ
1304 1837 1362 1872 τε
1414 1819 1692 1873 Ῥαασσὼν
1724 1820 1965 1890 βασιλεὺς

2078 1843 2195 1881 nem
2222 1813 2560 1883 eventorum.
2605 1829 2905 1886 Declaravit
2941 1834 3068 1888 item
3110 1813 3390 1890 cons—ilium
3436 1838 3637 1907 ipsum-

408 1910 602 1980 Ἀράμ,
635 1909 776 1965 τοῦτ’
801 1912 937 1977 ἐστι,
969 1911 1185 1984 Συρίας,
1212 1913 1306 1966 καὶ
1338 1911 1513 1966 Φακεὲ
1545 1912 1661 1976 υίὸς
1691 1910 1963 1982 Ῥομελίου

2067 1933 2170 1987 que
2197 1926 2466 1983 conatum,
2495 1919 2818 1990 subjicitque
2843 1925 3096 1978 continuo
3118 1926 3191 1979 rei
3212 1925 3378 1993 ipsius
3395 1929 3593 1981 exitum
3621 1946 3634 1980 :

339 2067 352 2076 .
395 2001 646 2071 βασιλεὺς
679 2003 912 2076 Ἰσραὴλ,
952 2004 1093 2057 κατὰ
1128 2004 1237 2058 τῶν
1266 2003 1674 2076 Ἱεροσολύμων,
1710 2003 1965 2072 ἀφίκοντο

2077 2025 2179 2061 non
2211 2009 2352 2062 enim
2382 2019 2667 2080 potuerant
2695 2026 2812 2066 eam
2841 2029 3169 2084 oppugnare.

390 2089 446 2142 δὲ
473 2092 932 2162 καταδῃὼσοντες,
961 2093 1099 2163 πλὴν
1119 2093 1219 2148 οὐκ
1240 2092 1583 2163 ἠδυνήθησαν
1609 2093 1974 2164 πολιορκῆσαι
2006 2096 2196 2168 αὑτήν.
2231 2098 2458 2171 Εἴρηται
2479 2101 2535 2154 δὲ
2584 2101 2756 2156 ταῦτα
2801 2103 2938 2167 τέως
2951 2107 3010 2158 ὲν
3041 2109 3362 2180 προγραφῆς
3387 2110 3634 2181 δυνάμει,

392 2185 484 2237 καὶ
511 2185 587 2248 ὡς
610 2187 666 2239 ὲν
691 2187 965 2258 ἀφηγήσει
990 2188 1083 2241 τοῦ
1109 2188 1535 2260 συμϐεϐηκότος.
1562 2191 1724 2260 Δηλοῖ
1743 2191 1852 2260 γάρ
1900 2193 2000 2262 τὴν
2040 2193 2231 2263 σκέψιν
2293 2197 2386 2249 καὶ
2435 2199 2569 2250 αὐτὸ
2613 2199 2671 2252 δὲ
2703 2199 2764 2252 τὺ
2822 2200 3148 2273 ἐγχείρημα,
3199 2207 3535 2275 προσεπάγει
3581 2208 3640 2262 δι

392 2283 748 2353 παραχρῆμα,
800 2283 893 2336 καὶ
936 2284 996 2337 τὺ
1035 2281 1127 2337 τοῦ
1174 2285 1497 2354 πράγματος
1524 2285 1717 2356 πέρας·
1759 2287 1836 2340 Οὐ
1864 2286 1973 2358 γὰρ
2005 2287 2368 2361 ἠδυνήθησαν,
2397 2294 2551 2362 φησὶ,
2580 2293 2936 2364 πολιορκῆσαι
2966 2295 3154 2366 αὑτήν.

463 2373 571 2427 Καὶ
617 2374 921 2442 ἀνηγγέλη
967 2377 1054 2440 είς
1088 2374 1193 2428 τὸν
1226 2371 1392 2428 οἷκον
1445 2375 1620 2429 Δαϐὶδ
1667 2376 1965 2445 λέγοντες,

2155 2381 2315 2436 Vens.
2347 2382 2400 2436 2.
2451 2381 2522 2436 Et
2575 2386 2931 2438 renuntiatum
2981 2398 3057 2440 est
3102 2389 3280 2442 domui
3339 2387 3552 2444 Doridis
3604 2409 3636 2444 a

391 2463 829 2532 Συνεφώνησεν
859 2466 1028 2534 Ἀρὰμ
1051 2465 1200 2533 πρὸς
1222 2467 1616 2536 τὸνἜεοραῒμ,
1633 2469 1729 2522 καὶ
1756 2468 1965 2538 ἐξέστη

2075 2473 2385 2539 dicentibus,
2445 2473 2774 2543 Conspiravil
2841 2478 3005 2530 Aram
3087 2495 3204 2532 cum
3270 2479 3544 2548 Ephrem,
3589 2498 3638 2537 et

393 2555 433 2620 ἢ
465 2557 633 2623 ψυχὴ
677 2556 885 2620 αὑτοῦ,
933 2556 1033 2609 καὶ
1061 2556 1102 2623 ὴ
1137 2555 1310 2624 ψυχὴ
1339 2558 1446 2611 τοῦ
1473 2557 1624 2612 λαοῦ
1667 2560 1870 2626 αὐτοῦ,
1898 2561 1965 2614 ὃν

2075 2574 2404 2618 consternata
2439 2575 2516 2620 est
2561 2567 2739 2620 anima
2786 2567 2922 2637 ejus,
2957 2579 3005 2623 st
3065 2571 3246 2624 anima
3283 2574 3465 2640 populi
3503 2575 3638 2643 ejus,

395 2649 621 2714 τρόπον
662 2645 808 2700 ὅταν
849 2647 919 2700 ἐν
984 2645 1186 2716 δρυμῷ
1243 2647 1432 2712 ξύλον
1468 2649 1586 2703 ὑπὸ
1638 2651 1965 2721 πνεύματος

2073 2657 2509 2725 quemadmodum
2541 2659 2595 2712 in
2615 2659 2744 2715 silva
2766 2658 2962 2730 lignum
2988 2679 3020 2716 α
3046 2673 3196 2717 unto
3225 2672 3478 2719 moretur.

397 2737 695 2806 σαλευθῆ.

480 2828 860 2900 Ὀρισάμενος,
901 2826 975 2889 ὠς
1005 2825 1156 2896 ἔφην,
1184 2825 1292 2882 τῶν
1324 2827 1669 2900 διηγημάτων
1697 2829 1798 2901 τὴν
1826 2831 1964 2902 πρό-

2142 2829 2365 2886 Deﬁnita
2397 2847 2458 2888 ac
2489 2832 2782 2899 declarata,
2823 2846 2882 2890 ut
2942 2837 3208 2909 dicebam,
3266 2847 3632 2901 narrationum

401 2935 591 2988 φασιν,
628 2917 726 2970 καὶ
751 2915 826 2980 ὡς
852 2918 908 2969 ὲν
935 2914 1125 2986 βραχεῖ
1146 2918 1421 2990 κεφαλαίῳ
1461 2920 1761 2990 συλλήϐδην
1791 2920 1962 2974 είπὼν

2067 2920 2376 2983 occasione,
2405 2931 2457 2974 et
2515 2931 2767 2991 tauquam
2841 2924 2892 2978 in
2938 2924 3086 2981 brevi
3135 2945 3342 2986 summa
3393 2949 3637 3004 compre-

401 3009 464 3062 τὸ
489 3007 791 3080 ἐγχείρημα
822 3007 925 3060 τῶν
953 3007 1043 3060 δύο
1073 3006 1358 3077 βασιλέων,
1393 3011 1488 3063 καὶ
1512 3011 1595 3065 ὅτι
1623 3011 1760 3082 πρὸς
1789 3013 1962 3083 πέρας

2069 3010 2278 3065 hensim
2304 3023 2501 3065 conatu
2533 3013 2760 3068 duorum
2794 3031 2977 3085 regum
3009 3034 3448 3091 commemorato,
3478 3037 3639 3094 utque

403 3101 587 3162 αὐτοῖς
612 3100 707 3151 ούκ
733 3098 1024 3168 ἐκϐέϐηκεν
1050 3101 1079 3152 6
1103 3100 1302 3161 σκοπὸς
1323 3139 1338 3164 ,
1400 3100 1623 3172 ἄρχεται
1653 3101 1838 3157 λοιπὸν
1865 3105 1965 3158 άνά

2072 3103 2137 3155 ad
2161 3103 2363 3156 exitum
2401 3119 2584 3157 eorum
2610 3105 2832 3160 consilia
2885 3122 2988 3161 non
3037 3114 3400 3178 pervenerint,
3455 3116 3642 3186 incipit

406 3191 570 3262 μέρος
592 3190 788 3243 ἕκαστα
830 3187 1152 3260 κατισχνοῦν
1185 3189 1264 3260 τῷ
1301 3189 1462 3260 λόγῳ.
1504 3191 1804 3264 Ἀνηγγέλη
1830 3194 1958 3266 γάρ,

2067 3190 2318 3257 deinceps
2345 3204 2438 3258 per
2467 3201 2651 3260 partes
2674 3194 2882 3263 singula
2911 3199 3065 3265 quasi
3089 3202 3332 3254 oratione
3365 3211 3636 3275 persequi.

396 3283 577 3352 φησιν,
612 3281 691 3345 είς
715 3280 806 3333 τὸν
839 3277 983 3333 οἷκον
1021 3281 1206 3342 Δαϐὶδ,
1251 3280 1397 3335 τοῦτ’
1424 3281 1560 3347 ἐστι,
1591 3283 1684 3337 τὸν
1723 3283 1964 3354 βασιλεύς

388 3389 534 3436 οντα,
565 3371 659 3425 καὶ
685 3370 1028 3442 ἀπήγγελλον
1062 3371 1143 3424 δτι
1177 3371 1553 3441 συνεφώνησεν
1605 3373 1785 3445 Ἀράμ
1827 3376 1963 3444 πρὸς

391 3464 475 3516 τὸν
540 3463 802 3533 Ἐφραῖμ.
890 3461 1071 3533 Ἀράμ
1143 3461 1202 3514 δέ
1261 3479 1392 3532 φησι
1435 3463 1528 3516 τὸν
1574 3463 1784 3535 Σύρον,
1868 3468 1962 3518 καὶ

398 3554 636 3626 Ἓφραῒμ
651 3555 850 3622 ὁμοίως
870 3553 968 3616 τὰς
995 3556 1051 3605 ὲν
1067 3554 1345 3625 Σαμαρείᾳ
1373 3554 1504 3607 δέκα
1524 3556 1714 3624 φυλάς.
1746 3557 1960 3628 Ἐπειδὴ

388 3645 442 3699 δὲ
465 3644 636 3697 ταῦτα
666 3660 853 3696 τουτον
899 3643 1011 3714 ἔχει
1037 3644 1127 3696 τὸν
1159 3644 1376 3713 τρόπον,
1407 3644 1636 3699 ἐπύθετο
1665 3646 1760 3700 καὶ
1793 3649 1962 3700 πεπί-

391 3749 614 3786 ⁴πτευκεν
637 3735 666 3785 6
688 3727 836 3794 οἶκος
857 3732 1035 3796 Δαϐὶδ,
1052 3732 1196 3786 τοῦτ’
1226 3733 1392 3801 ἔστιν,
1414 3737 1443 3789 6
1466 3735 1661 3806 Ἀχαζ.
1681 3736 1900 3809 Ἐξέστη
1927 3739 1962 3810 ή

387 3823 533 3894 ψυχὴ
559 3821 723 3875 αὑτοῦ
771 3823 865 3874 καὶ⁵
891 3823 926 3894 ή
952 3821 1096 3894 ψυχὴ
1127 3823 1220 3876 τοῦ
1259 3823 1389 3876 λαοῦ
1431 3824 1619 3889 αὐτοῦ,
1674 3825 1734 3879 δν
1760 3827 1961 3896 τρόπον

384 3915 513 3966 ὅταν
539 3913 600 3966 ἐν
630 3911 826 3985 δρυμῷ
847 3911 999 3976 ξύλον
1027 3913 1130 3966 ὑπὸ
1155 3915 1462 3985 πνεύματος
1495 3915 1750 3988 σαλευϐῇ.
1781 3916 1854 3970 Τὸ
1874 3919 1956 3985 δὲ,

382 4003 600 4075 ἐξέστη,
639 4005 820 4072 τίθησι
869 4002 1083 4066 κοινῶς,
1133 4004 1253 4058 ἀντὶ
1296 4005 1415 4070 τοῦ,
1473 4007 1809 4080 κατεπλάγη,
1867 4012 1962 4062 καὶ

387 4097 580 4167 μικρὸν
632 4097 724 4148 καὶ
768 4093 940 4163 αὐτῆς
986 4093 1312 4148 ὲκπέπτωκε
1346 4098 1559 4167 φρενός.
1591 4100 1672 4154 Τά
1734 4102 1843 4173 γάρ
1877 4119 1961 4156 τοι

383 4188 535 4240 δεινά
568 4186 677 4239 τῶν
701 4186 992 4256 δειμάτων,
1029 4185 1190 4243 ἱκανά
1214 4186 1330 4251 πώς
1356 4189 1473 4242 ἔστι
1512 4191 1591 4255 είς
1613 4191 1674 4244 τὸ
1703 4197 1958 4248 κατασεῖ-

386 4294 478 4331 σαι
517 4276 778 4331 δύνασθαι
802 4275 894 4329 τὸν
934 4276 1079 4343 νοῦν,
1110 4277 1206 4330 καὶ⁵
1233 4279 1600 4350 καταδονῆσαι
1634 4283 1733 4351 τὴν
1760 4284 1957 4356 ψυχὴν,

381 4370 479 4423 καί
531 4386 587 4422 τι
628 4369 869 4422 τοιοῦτον
921 4370 1211 4440 ὑπομεῖναι
1254 4369 1454 4434 δοκεῖν,
1482 4373 1664 4424 ὁποῖον
1692 4372 1758 4425 ἂν
1794 4376 1959 4431 πάθοι

379 4461 476 4513 καὶ
501 4459 566 4513 τὸ
599 4461 660 4511 έν
682 4460 906 4532 δρυμοῖς
929 4430 1108 4528 ξύλον,
1132 4430 1462 4532 πνευμάτων
1489 4461 1696 4533 ἀγρίων
1728 4467 1960 4536 προσϐο-
1992 4430 2035 4486 D

379 4554 500 4616 λαῖς
552 4553 682 4623 τῇδέ
735 4570 796 4606 τε
839 4555 1066 4611 κάκεῖσε
1108 4551 1613 4624 διαρῤιπτούμενον.
1662 4555 1854 4626 Γέγονε
1904 4559 1960 4614 δὲ

386 4644 621 4715 μάλιστα
645 4644 744 4715 τῆς
775 4643 977 4708 δειλίας
1001 4647 1035 4716 ή
1066 4645 1358 4716 πρόφασις,
1384 4645 1501 4716 ήτοι
1533 4645 1632 4716 τῆς
1653 4649 1959 4714 ἐκστάσεως

382 4734 532 4804 αύτῷ
560 4735 622 4787 τὺ
656 4734 1017 4806 συμϐεϐηκός.
1057 4736 1198 4807 Ἤδη
1234 4735 1343 4807 γὰρ
1373 4736 1509 4808 ἔφην
1537 4738 1621 4791 δτι
1648 4739 1960 4810 βασιλεύον-

378 4843 472 4889 τος
508 4823 697 4889 αὐτοῦ,
736 4826 1106 4897 πεπολεμήκει
1158 4827 1296 4898 πρὸς
1340 4827 1432 4882 τὸν
1475 4830 1672 4885 Ἰούδαν
1708 4835 1738 4886 6
1764 4833 1957 4900 Φακεὲ,

377 4917 471 4970 καὶ
501 4915 712 4969 ἀνεῖλεν
744 4917 805 4968 ὲκ
835 4916 928 4970 τοῦ
958 4917 1090 4971 λαοῦ
1137 4919 1194 4970 ὲν
1225 4920 1325 4990 μιᾷ
1358 4921 1539 4992 ἡμέρᾳ
1567 4923 1760 4977 ἑκατὸν
1787 4923 1960 4978 εἰκοσι

373 5007 641 5078 χιλιάδας.
685 5008 809 5060 ὐτε
857 5008 1037 5064 τοίνυν
1077 5011 1168 5064 καὶ
1229 5012 1386 5081 μόνος
1427 5015 1455 5066 6
1481 5015 1653 5066 Φακεὲ
1704 5014 1958 5078 τοσοῦτος

377 5101 619 5167 γέγονεν,
647 5098 726 5164 ὡς
751 5100 1080 5169 κατισχῦσαι
1113 5102 1312 5173 ῥᾳδίως
1339 5102 1450 5157 τῶν
1487 5104 1545 5156 ὲν
1574 5106 1686 5168 τοῖς
1729 5105 1959 5174 Ἰεροσο-

373 5189 570 5259 λύμοις
595 5207 607 5219 ·
646 5191 765 5254 πῶς
807 5192 908 5244 οὐκ
937 5191 1042 5246 ἔδει
1087 5193 1177 5247 τὸν
1215 5195 1274 5248 ὲν
1301 5197 1414 5258 τοῖς
1443 5194 1692 5263 ἐσχάτοις
1727 5195 1960 5260 ἔνδειξα-

374 5281 501 5334 σθαι
546 5283 734 5352 φόϐον,
785 5285 948 5339 αὐτόν
991 5304 1052 5339 τε
1097 5287 1186 5339 τὸν
1225 5285 1416 5356 Ἀχαζ,
1457 5284 1668 5340 καὶτὸν
1691 5287 1777 5338 ἐπ’
1806 5287 1954 5358 αύτῷ

373 5372 524 5437 λαὸν,
560 5379 1064 5446 συμπεφωνηκότος
1087 5379 1181 5432 τοῦ
1206 5378 1399 5448 Σύρου,
1427 5378 1522 5431 καὶ
1555 5377 1955 5444 συνεξοπλίζον-

377 5479 466 5527 τος
495 5465 576 5534 τῷ
611 5467 851 5538 Ἑφραῒμ
886 5470 1024 5538 μετά
1049 5469 1158 5522 τῶν
1193 5468 1601 5540 Ἱεροσολύμων;

448 5555 560 5608 Kal
621 5553 748 5612 εἶπε
795 5561 1010 5628 Κύριος
1058 5560 1207 5627 πρὸς
1255 5560 1516 5620 Ἡσαΐαν,
1562 5559 1804 5623 Ἔξελθε
1870 5563 1956 5627 εὶς

373 5645 764 5714 συνάντησιν
792 5650 986 5718 Ἄχαζ,
1043 5651 1124 5704 σὺ
1172 5650 1272 5704 καὶ
1324 5655 1355 5704 ό
1390 5653 1802 5718 καταλειφθεὶς
1849 5654 1955 5706 ’Ia-

373 5735 537 5792 σοῦν
582 5741 616 5793 ό
642 5741 770 5806 υἱός
819 5757 959 5810 σου,
1021 5742 1171 5810 πρὸς
1207 5740 1322 5810 τὴν
1369 5745 1794 5812 κολυμϐήθραν
1846 5746 1953 5814 τῆς

2064 3282 2447 3337 Renuntiatum
2492 3294 2621 3350 est,
2670 3286 2866 3355 inquit,
2927 3290 3102 3344 domui
3168 3291 3404 3358 Davidis,
3434 3297 3484 3351 id
3533 3312 3638 3366 est,

2064 3375 2331 3444 regnanti,
2363 3382 2417 3429 et
2445 3377 2839 3432 annuntiarunt
2863 3379 3026 3434 Aram
3066 3397 3186 3437 cum
3216 3384 3468 3454 Ephraim
3503 3405 3637 3444 con-

2062 3467 2320 3535 spirasse.
2368 3467 2533 3523 Aram
2574 3483 2707 3525 vero
2758 3471 2952 3543 Syrum
3005 3475 3158 3540 dicit,
3203 3477 3458 3547 Epltraim
3490 3483 3645 3537 simi-

2064 3555 2188 3611 liter
2231 3557 2416 3611 decem
2463 3557 2633 3614 tribus
2663 3557 2718 3612 in
2755 3559 3022 3616 Samaria.
3058 3563 3181 3619 Ha'c
3207 3581 3327 3621 cum
3359 3570 3428 3624 ita
3461 3573 3639 3627 sella-

2062 3645 2288 3713 berent,
2326 3648 2531 3703 audivit
2571 3659 2628 3704 et
2669 3653 2897 3707 credidit
2930 3654 3122 3710 domus
3153 3656 3350 3723 David,
3386 3660 3486 3714 hoc
3525 3673 3632 3724 est.

2062 3737 2646 3795 Achaz.Cunstemata
2661 3751 2744 3796 est
2780 3745 2957 3798 anima
2974 3745 3110 3816 ejus,
3151 3749 3396 3804 etanima
3431 3753 3634 3820 populi,

2062 3828 2509 3894 quemadmodum
2524 3829 2858 3886 cuminsilva
2891 3832 3088 3904 lignum
3126 3851 3155 3889 a
3186 3849 3346 3893 vento
3369 3850 3634 3896 movetur.

2064 3915 2192 3970 Illud
2210 3928 2389 3974 autem
2430 3920 2990 3990 ἔξέστη,εοηειενηαια
3007 3941 3099 3980 seu
3131 3937 3341 3994 stupore
3381 3941 3636 3984 commota

2062 4017 2160 4070 est,
2189 4010 2338 4077 ponit
2367 4013 2723 4066 communiter
2739 4029 2856 4081 pro,
2873 4015 3377 4088 κατεπλάγη,ιιθ
3393 4021 3636 4087 perculsa

2062 4105 2166 4159 est,
2197 4106 2251 4150 et
2276 4100 2660 4167 propemodum
2712 4103 2822 4168 ipsa
2857 4115 3036 4157 mente
3068 4105 3291 4159 excidit.
3349 4107 3429 4160 Ex
3458 4111 3638 4178 gravi-

2065 4188 2162 4241 bus
2209 4188 2361 4241 enim
2394 4188 2691 4243 terroribus
2747 4192 3056 4247 concutitur
3082 4209 3255 4262 mens,
3312 4198 3634 4270 animusque

2062 4282 2384 4348 exagitatur,
2448 4280 2696 4350 idemque
2746 4283 2957 4337 videtur
2981 4287 3088 4352 pati
3121 4289 3261 4356 quod
3321 4289 3520 4360 lignum
3580 4296 3628 4347 in

2065 4371 2214 4426 silvis
2240 4385 2506 4425 satvorum
2541 4384 2824 4428 ventorum
2844 4375 3042 4444 impetu
3071 4377 3174 4433 huc
3200 4379 3322 4436 illuc
3342 4381 3634 4451 jactatum.

2064 4461 2245 4516 Causa
2281 4473 2457 4517 autem
2483 4472 2657 4520 metus
2684 4465 2796 4520 sive
2818 4477 3098 4524 exstaseos
3130 4485 3193 4524 ac
3219 4474 3636 4540 perturbationis

2066 4555 2114 4608 ei
2171 4553 2271 4608 luit
2353 4556 2402 4609 id
2430 4560 2572 4627 quod
2627 4558 2947 4630 contigerat.
3002 4560 3119 4616 Jam
3167 4564 3311 4616 enim
3368 4567 3634 4633 dicebam,

2068 4646 2158 4700 illo
2221 4660 2482 4718 regnante
2555 4649 2765 4707 Pltacee
2825 4653 3110 4709 adversum
3184 4653 3378 4710 ludam
3435 4658 3631 4713 bellum

2064 4739 2382 4808 suscepisse,
2435 4750 2490 4795 et
2554 4757 2665 4797 uno
2723 4743 2809 4797 die
2837 4758 2900 4797 ex
2959 4746 3153 4816 populo
3190 4756 3403 4800 centum
3443 4751 3631 4820 viginti

2065 4829 2244 4882 millia
2267 4845 2298 4884 e
2339 4831 2515 4887 medio
2539 4834 2842 4889 sustulisse.
2905 4835 3040 4890 Cum
3066 4838 3228 4906 igitur
3255 4841 3404 4896 solus
3425 4842 3632 4899 Phacee

2065 4919 2184 4974 talis
2219 4928 2508 4990 tantusque
2545 4925 2830 4989 exstiterit,
2859 4934 2917 4977 ut
2970 4925 3129 4982 facile
3176 4927 3618 5003 Hierosolymita-

2060 5022 2161 5061 nos
2234 5011 2546 5077 superarit,
2601 5026 2778 5066 annon
2847 5011 2934 5068 his
2997 5020 3253 5073 extremis
3303 5023 3631 5090 temporibus

2059 5108 2170 5152 tum
2211 5102 2488 5155 Achaxum
2545 5102 2742 5170 ipsum,
2791 5113 2901 5158 tum
2936 5108 3181 5163 subditos
3232 5111 3424 5166 timere
3466 5129 3629 5182 opor-

2061 5191 2330 5252 tuit,cum
2385 5195 2721 5249 consenserit
2772 5194 2962 5267 Syrus,
3009 5207 3065 5251 et
3126 5213 3274 5253 arma
3337 5202 3627 5272 copiasque

2063 5293 2186 5334 cum
2215 5279 2468 5350 Ephraim
2502 5285 2787 5341 adversum
2825 5286 3198 5360 Hierosolyma
3232 5291 3414 5346 tulerit
3445 5293 3468 5348 ?

2137 5565 2298 5618 Vsus.
2327 5567 2379 5620 5.
2416 5566 2486 5620 Et
2523 5570 2657 5623 dixit
2690 5569 2945 5627 Dominus
2974 5575 3041 5628 ad
3083 5574 3281 5630 Isaiam
3313 5595 3334 5632 .·
3373 5579 3643 5652 Egredere

2063 5654 2116 5707 in
2160 5670 2430 5709 occursum
2479 5658 2700 5726 Achazi,
2742 5672 2797 5714 tu
2827 5674 2873 5716 et
2925 5665 3202 5722 derelictus
3262 5668 3424 5726 Jasub
3488 5675 3642 5741 ﬁlius

2065 5758 2204 5812 tuus,
2254 5751 2323 5802 ad
2384 5751 2637 5818 piscinam
2684 5757 2965 5822 superioris
2998 5761 3094 5815 via:
3130 5762 3245 5831 agri
3287 5761 3521 5829 fullonis.
3563 5762 3635 5814 Et
