4122 6292
494 340 600 399 195

1498 333 1559 387 S.
1597 326 1877 388 CYRILLI
1910 327 2383 386 ALEXAMMHNI
2424 332 2749 387 ARCIilliP.

3670 335 3770 387 19ίί

498 459 637 513 dices
679 459 749 523 ei,
814 455 1045 512 Observa
1095 464 1148 510 ut
1202 455 1459 526 quiescas,
1508 462 1560 508 et
1619 469 1682 507 ne
1743 460 1967 518 metuas,
2022 464 2082 503 ue

2193 449 2318 503 ἅνω
2370 450 2512 506 ὀδοῦ
2556 451 2663 506 τοῦ
2710 450 2895 519 ἀγροῦ
2947 450 3052 504 τοῦ
3100 448 3390 518 κναφέως.
3462 450 3571 503 Καὶ
3625 450 3777 519 ἐρεῖς

497 552 680 607 anima
732 560 824 605 tua
854 550 1154 604 debilitatur
1192 564 1226 601 a
1260 546 1419 619 lignis
1450 546 1656 601 duobus
1688 545 1936 598 titionum
1990 543 2078 612 [u-

494 645 753 698 mantium
779 642 1020 697 istorum.
1067 637 1200 696 Cum
1257 641 1397 695 enim
1427 640 1509 693 ira
1535 637 1735 708 furoris
1764 637 1864 692 mei
1892 635 2078 705 fuerit,

498 737 690 790 iterum
740 733 963 788 satiabo.

564 906 796 963 Omnino
824 906 1061 962 clemens
1088 916 1171 961 est
1221 916 1275 960 et
1339 905 1649 961 misericors
1697 905 1972 972 Dominus,
2029 916 2082 960 ct

492 1014 681 1055 omnes
730 999 979 1056 homines
1049 999 1252 1055 servari
1314 999 1449 1065 vult,
1514 1008 1570 1053 et
1621 1000 1690 1052 ad
1746 998 2080 1069 agnitionem

495 1092 738 1147 veritatis
784 1090 1059 1157 venire”,
1135 1093 1425 1161 omniaque
1473 1093 1738 1163 gubernat
1787 1091 2080 1159 sapienter,

492 1183 689 1252 cuique
721 1182 910 1237 salutis
940 1183 1079 1239 viam
1127 1183 1443 1253 aequabilem
1494 1182 1819 1252 planamque
1847 1182 2072 1235 faciens.

493 1273 648 1339 Quod
685 1273 757 1328 ita
790 1289 912 1328 esse
940 1289 1006 1328 ex
1056 1274 1188 1343 ipsis
1236 1274 1397 1329 rebus
1453 1273 1581 1328 licet
1620 1273 1774 1327 nobis
1826 1288 2074 1328 cernere.

502 1362 638 1417 Nam
674 1364 922 1419 Achazus
957 1363 1057 1418 fuit
1088 1364 1392 1425 idololatra,
1417 1361 1798 1417 abominabilis
1818 1371 1873 1415 ct
1897 1360 2081 1430 profa-

494 1470 616 1509 nus.
649 1455 992 1510 Cunrnutem
1032 1455 1084 1508 in
1136 1453 1293 1509 malis
1323 1471 1427 1510 non
1464 1452 1732 1524 fugiendis
1775 1453 1887 1522 jam
1954 1468 2079 1506 ver-

495 1554 734 1613 saretur,
758 1560 812 1601 et
842 1548 1241 1601 calamitatibus
1303 1558 1510 1602 tantum
1569 1562 1673 1600 non
1758 1546 2080 1601 iuebriatum

492 1648 657 1707 atque
719 1639 971 1692 obrutum
1028 1653 1149 1693 eum
1208 1639 1667 1694 clementissimus
1739 1638 2082 1705 conspicatus

493 1738 663 1795 esset,
701 1729 1093 1799 consoqnenda:
1135 1730 1202 1784 ab
1255 1731 1369 1798 ipso
1428 1729 1619 1784 salutis
1671 1741 1818 1797 spem
1870 1727 2000 1783 facit
2052 1744 2083 1783 e

492 1822 742 1892 vestigio,
781 1837 842 1875 ac
877 1823 1160 1891 pollicetur
1206 1822 1487 1887 auxilium,
1522 1833 1580 1876 ιιι
1647 1822 1714 1875 ab
1745 1820 2073 1875 idolomania

492 1913 749 1978 desistat,
829 1914 1153 1983 studeatqne
1215 1916 1325 1984 jam
1387 1914 1488 1968 sibi
1530 1929 1559 1966 a
1606 1912 1878 1981 prioribus
1936 1913 2081 1967 vitiis

492 2015 796 2074 temperare
823 2046 837 2071 ,
865 2015 917 2060 et
952 2020 1090 2061 verte
1127 2005 1223 2061 Dei
1263 2005 1590 2072 cognitionis
1618 2005 1789 2059 lucem
1817 2005 2079 2072 recipere.

489 2097 678 2168 itaque
739 2098 996 2168 propheta
1061 2096 1283 2165 jubetur
1331 2095 1383 2149 ei
1456 2095 1669 2150 obviam
1742 2095 1919 2151 facere
1976 2113 2079 2150 una

488 2200 758 2259 praesente
790 2188 1014 2255 Jasobo,
1083 2188 1173 2257 qui
1212 2187 1480 2241 derelictio
1513 2196 1568 2240 et
1588 2185 1868 2241 derelictus
1914 2202 2083 2255 cxpov

489 2285 660 2345 nitur,
717 2281 884 2352 figura
958 2280 1350 2351 propemodum
1400 2279 1746 2349 signiﬁcante
1825 2287 2079 2349 tanquam

486 2371 544 2426 in
575 2371 819 2441 symbolo
872 2371 1109 2436 Acltazo,
1159 2371 1563 2425 conservandas
1616 2385 1738 2425 esse
1817 2371 2083 2441 reliquias

487 2460 649 2530 Judn,
677 2463 768 2533 qui
813 2462 922 2519 Deo
951 2463 1274 2517 adhmserat.
1325 2459 1533 2532 Typum
1566 2463 1711 2516 enim
1755 2460 1844 2516 Dei
1881 2479 2079 2531 νεβρίν-

488 2565 711 2611 sentaus
754 2552 1038 2625 propheta,
1093 2556 1475 2623 percommode
1525 2553 1683 2607 aliert
1734 2555 2082 2622 pollicitatio-

489 2661 614 2702 nem
651 2646 836 2701 auxilii
871 2646 922 2699 in
955 2646 1161 2715 piscina
1183 2645 1479 2713 superioris
1536 2646 1637 2700 vite
1675 2647 1789 2716 agri
1836 2647 2081 2707 fullonis.

488 2738 689 2807 Figura
727 2751 939 2791 rursum
996 2736 1270 2806 est117
1334 2736 1536 2800 piscina
1599 2738 1856 2792 salutaris
1920 2738 2082 2793 fontis

492 2831 630 2886 sacri
663 2829 945 2899 baptismi,
1004 2844 1124 2897 qute
1182 2845 1279 2884 nos
1328 2829 1488 2883 etiam
1537 2829 1591 2883 in
1650 2829 1792 2884 viam
1863 2831 2082 2887 deducit

490 2924 848 2995 superiorem,
879 2933 931 2978 et
956 2922 1172 2978 fullonis
1212 2924 1311 2978 sub
1367 2923 1777 2993 intelligentiam
1813 2926 2078 2992 cadentis,

491 3012 546 3067 id
574 3022 678 3079 est,
708 3011 824 3080 ejus
870 3011 962 3081 qtti
1015 3012 1204 3067 sordes
1238 3023 1452 3068 nostras
1500 3028 1689 3068 omnes
1741 3015 1998 3087 detergit,
2027 3025 2078 3071 ct

491 3104 561 3158 ab
619 3102 1043 3174 inquinamentis
1101 3104 1312 3158 liberat.
1376 3101 1555 3158 Firma
1629 3114 1711 3161 est
1768 3105 1885 3161 haec
1948 3121 2147 3178 ergoc

488 3194 846 3265 pollicitatio:
886 3206 941 3250 et
999 3195 1051 3250 in
1112 3186 1276 3265 figura
1333 3197 1646 3266 particulari
1694 3198 1910 3267 sapiens
1959 3198 2093 3253 teni-

492 3304 616 3359 gma
654 3304 717 3344 ac
749 3289 1044 3343 insinuatio
1081 3290 1154 3342 rei
1197 3287 1463 3358 generalis
1508 3300 1563 3343 et
1608 3305 1703 3358 per
1730 3288 2028 3354 Christum,
2059 3305 2088 3342 a

490 3379 759 3449 propheta
787 3377 983 3431 tradita
1005 3387 1110 3432 est.
1148 3366 1239 3431 Ait
1263 3387 1442 3432 autem
1476 3395 1489 3429 :
1525 3397 1544 3429 ι
1572 3378 1705 3434 Vide
1729 3388 1787 3432 ut
1816 3382 2087 3448 quiescas,

491 3480 548 3525 et
604 3484 670 3523 ne
704 3469 918 3534 timeas,
964 3483 1066 3522 nec
1095 3468 1275 3522 anima
1323 3480 1412 3523 tua
1464 3470 2091 3536 debilitetur,adunbus

492 3560 660 3633 lignis
699 3562 949 3615 titionum
975 3561 1201 3614 imorum
1244 3559 1678 3631 futnigantium.»
1723 3564 1875 3631 Quod
1938 3568 2082 3637 quie-

493 3668 650 3709 scere
680 3651 935 3721 curisque
960 3665 1176 3713 vacare,
1212 3662 1268 3704 et
1298 3668 1325 3705 a
1378 3653 1829 3722 trepidatiouihus
1848 3657 2091 3712 molestis

492 3740 724 3798 liberum
758 3757 881 3796 esse
913 3743 1188 3812 praecipiat
1217 3760 1232 3799 :
1283 3744 1527 3798 vocantis
1555 3744 1810 3800 nimirum
1857 3758 1965 3812 est,
2018 3749 2090 3804 id-

493 3851 600 3904 que
617 3833 1058 3905 prudentissime,
1083 3833 1148 3887 ad
1169 3833 1554 3900 obedientiam,
1573 3844 1628 3892 et
1642 3836 1805 3893 veluti
1828 3818 2089 3896 reducen-

493 3926 569 3981 tis
592 3924 656 3978 ad
680 3923 964 3994 principia,
1017 3933 1073 3976 ut
1099 3923 1241 3979 colat
1260 3940 1542 3981 sermones
1564 3925 1800 3993 divinos,
1825 3938 1881 3984 et
1944 3931 2090 3985 veri-

498 4022 660 4067 tatem
695 4027 881 4066 eorum
903 4027 1024 4081 qua:
1055 4013 1188 4078 dixi,
1231 4022 1486 4086 prompte
1518 4031 1620 4071 suo
1642 4017 1903 4089 sulfragio
1958 4036 2090 4075 cou—

494 4106 730 4161 iiteatur.
788 4104 957 4160 FtICt'S
992 4120 1124 4160 vero
1166 4116 1218 4160 et
1252 4107 1394 4180 ligna
1453 4105 1717 4164 fumantia
1771 4120 1933 4168 vocat
1973 4128 2087 4176 cos,

493 4199 588 4267 qui
624 4206 809 4252 contra
848 4196 997 4250 illuni
1029 4198 1435 4267 eouspirarunt,
1466 4202 1619 4270 quasi
1656 4202 1745 4271 qui
1772 4202 1936 4272 paulo
1961 4213 2081 4273 post

494 4297 552 4342 et
583 4301 704 4341 esse
752 4297 806 4340 et
860 4303 1084 4357 rrguare
1145 4289 1369 4344 desituri
1435 4289 1564 4344 sint.
1619 4292 2087 4357 Quemadmodum

495 4381 641 4433 enim
666 4374 867 4450 lignum
904 4394 997 4433 seu
1051 4381 1170 4434 titio
1229 4383 1445 4451 quando
1482 4396 1550 4437 ex
1589 4383 1711 4453 igne
1765 4386 2086 4441 extrahitur,

2183 538 2372 610 αὐτῷ,
2426 541 2697 608 Φύλαξαι
2732 530 2840 597 τοῦ
2887 541 3225 611 ἡσυχάσαι,
3270 543 3368 597 καί
3418 542 3505 612 μὴ
3565 542 3775 612 φοϐοῦ,

2175 632 2332 701 μηδὲ
2361 635 2400 701 ἡ
2444 632 2615 703 ψυχή
2642 649 2760 687 σου
2787 632 3114 689 ἀσθενείτω
3143 631 3264 687 ἀπὸ
3292 631 3412 686 τῶν
3437 632 3547 688 δύο
3579 632 3781 698 ξύλων

2181 724 2301 778 τῶν
2358 725 2561 781 δηλῶν
2617 724 2735 781 τῶν
2798 724 3242 794 καπνιζομένων
3298 727 3544 779 τούτων.
3593 725 3781 778 Ὅταν

2182 816 2292 887 γὰρ
2319 815 2466 885 ὀργὴ
2500 816 2606 871 τοῦ
2633 815 2824 887 θυμοῦ
2849 834 2970 886 μου
3000 816 3266 887 γένηται,
3295 813 3480 868 πάλιν
3504 814 3756 882 ἰάσομαι

2253 907 2598 977 Οἰκτείρμων
2651 908 2819 971 ὅντως
2869 906 2962 961 καὶ
3005 905 3252 975 ἐλεήμων
3311 907 3340 958 6
3383 903 3623 975 Κύριος.
3689 905 3772 955 κα“

2186 999 2397 1062 πάντας
2423 998 2748 1073 ἀνθρώπους
2773 997 2946 1051 ὲθέλει
2976 997 3234 1066 σωθῆναι,
3259 995 3353 1047 καὶ
3377 995 3456 1056 εἰς
3477 993 3781 1061 ἐπίγνωσιν

2183 1089 2445 1160 ἀληθείας
2469 1089 2663 1143 ἐλθεῖν*
2694 1090 2970 1160 οἰκονομεῖ
3007 1088 3063 1141 δὲ
3100 1087 3278 1140 πάντα
3310 1084 3516 1156 σαφῶς,
3545 1087 3639 1139 καὶ
3682 1103 3776 1138 κα-

2182 1182 2504 1236 ταλειαίνων
2533 1181 2749 1254 ἑκάστῳ
2774 1182 2875 1252 τῆς
2902 1181 3175 1252 σωτηρίας
3196 1181 3294 1251 τὴν
3313 1179 3450 1232 ὁδόν.
3479 1179 3590 1232 Καὶ
3613 1179 3774 1231 τοῦτο

2181 1277 2314 1345 ἡμῖν
2364 1272 2425 1338 ἐξ
2473 1273 2654 1328 αὐτῶν
2704 1273 2881 1326 ἔνεστι
2910 1271 3018 1325 τῶν
3060 1271 3399 1344 πραγμάτων
3440 1268 3616 1333 οὕτως
3651 1269 3773 1340 ἔχον

2187 1365 2333 1425 ἰδεῖν,
2373 1363 2538 1434 Ἀνὴρ
2574 1363 2673 1434 μὲν
2700 1363 2808 1434 γὰρ
2839 1362 3064 1431 γέγονεν
3093 1361 3479 1432 εἰδωλολάτρης
3512 1363 3541 1413 ό
3573 1359 3769 1430 Ἀχαζ,

2186 1454 2440 1526 βδελυρὸς
2489 1456 2583 1508 καὶ
2634 1453 2878 1525 βέϐηλος.
2928 1452 3150 1525 Ἐπειδὴ
3188 1453 3245 1506 δὲ
3294 1447 3364 1523 ἦν
3396 1453 3452 1505 ὲν
3506 1450 3774 1520 ἅφύκτοις

2183 1545 2285 1618 ἤδη
2319 1547 2532 1610 κακοῖς,
2566 1547 2660 1599 καὶ
2687 1545 2973 1615 μονονουχὶ
3004 1543 3273 1615 μεθύοντα
3300 1545 3415 1605 ταῖς
3466 1545 3775 1614 συμφοραῖς

2183 1620 2212 1688 6
2268 1634 2701 1706 φιλοικτείρμων
2752 1634 3030 1700 τεθέαται,
3090 1636 3444 1707 προστίθησιν
3499 1633 3663 1698 εὐθὺς
3713 1636 3774 1688 τὸ

2185 1728 2386 1795 ἐξεῖναι
2431 1727 2751 1799 μεταλαχεῖν
2797 1730 2896 1799 τῆς
2939 1728 3071 1800 παρ’
3115 1727 3277 1783 αὐτοῦ
3325 1728 3623 1800 σωτηρίας,
3673 1727 3773 1780 ὑπ-

2188 1821 2448 1893 ισχνεῖται
2480 1819 2539 1873 δὲ
2560 1819 2658 1891 τὴν
2694 1818 3035 1890 ἐπικουρίαν,
3064 1819 3152 1873 ἵνα
3181 1819 3365 1890 παύσῃ
3399 1818 3595 1890 μανίας
3624 1820 3775 1873 εἰδωο

2183 1906 2472 1983 λομᾱνοῦς,
2531 1913 2624 1966 καὶ
2662 1912 3000 1983 ἀποσχέσθαι
3058 1912 3452 1984 παρασκευάζῃ
3506 1910 3617 1965 τῶν
3670 1910 3772 1984 ήδη

2196 2004 2742 2076 προσεπταισμένων,
2802 2004 2894 2057 καὶ
2936 2003 2994 2057 τὸ
3037 2003 3135 2074 τῆς
3171 2002 3404 2075 ἀληθοῦς
3440 2003 3774 2072 θεογνωσίας

2183 2095 2502 2164 ἐκδέξασθαι
2530 2096 2664 2166 φῶς.
2702 2096 3036 2165 Προστάττει
3065 2096 3243 2149 τοίνυν
3288 2097 3317 2149 ὁ
3351 2097 3638 2167 προφήτης
3671 2097 3775 2150 int-.-

2185 2189 2418 2259 αντῆσαί
2464 2205 2521 2240 τε
2550 2187 2699 2258 αὐτῷ
2748 2187 2999 2250 συνόντος
3042 2187 3281 2257 Ἰασοῦμ,
3333 2187 3392 2252 ὃς
3435 2190 3771 2257 ὑπόλειμμα

2187 2284 2278 2335 καὶ
2308 2281 2825 2352 ὑπολελειμμένος
2878 2280 3273 2353 ἑρμηνεύεται·
3348 2281 3632 2350 μονονουχὶ
3676 2280 3770 2333 τοῦ

2182 2374 2356 2427 τύπου
2410 2372 2769 2444 σημαίνοντος
2815 2371 2891 2436 ὡς
2925 2373 2982 2427 ὲν
3035 2371 3291 2442 συμὸόλῳ
3322 2371 3401 2444 τῷ
3437 2371 3634 2443 Ἀχαζ,
3688 2372 3771 2425 ὅτι

2186 2466 2490 2539 σωθήσεται
2522 2464 2583 2518 τδ
2628 2464 2945 2535 ὑπόλειμμα
2976 2464 3071 2517 τοῦ
3123 2461 3291 2518 Ἰούδα
3343 2462 3480 2534 μετὰ
3509 2463 3646 2517 Θεοῦ
3676 2479 3770 2532 με·

2187 2559 2438 2629 μενηκός.
2474 2556 2609 2611 Θεοῦ
2640 2557 2750 2629 γὰρ
2795 2559 2875 2622 εἰς
2923 2556 3091 2611 τύπον
3119 2557 3148 2610 6
3184 2559 3473 2625 προφήτης
3499 2554 3772 2625 λαμϐάνε-

2183 2663 2296 2709 ται,
2332 2643 2391 2698 εὖ
2441 2646 2497 2698 δὲ
2542 2646 2607 2716 δὴ
2652 2645 2858 2718 σφόδρα
2904 2649 3003 2718 τῆς
3035 2646 3353 2719 ἐπικουρίας
3406 2647 3640 2698 ποιεῖται
3670 2644 3771 2714 τὴν

2185 2736 2478 2806 ὑπόσχεσιν
2544 2738 2636 2790 ἐπὶ
2678 2740 2745 2808 τῇ
2805 2738 3168 2809 κολυμϐήθρᾳ
3218 2738 3317 2808 τῆς
3369 2738 3480 2792 ἄνω
3522 2734 3641 2788 ὁδοῦ
3673 2734 3768 2787 τοῦ

2184 2827 2352 2899 ἀγροῦ
2396 2826 2487 2880 τοῦ
2539 2828 2808 2896 κναφέως.
2846 2828 3028 2892 Τύπος
3061 2830 3118 2883 δὲ
3147 2829 3309 2883 πάλιν
3350 2832 3384 2899 ἡ
3417 2824 3770 2896 κολυμϐήθρα

2182 2918 2279 2988 τῆς
2310 2916 2582 2987 σωτηρίου
2619 2917 2807 2987 πηγῆς
2845 2917 2938 2969 τοῦ
2969 2918 3126 2985 ἁγίου
3157 2919 3555 2989 βαπτίσματος,
3593 2918 3628 2987 ἢ
3672 2916 3769 2970 καὶ

2193 3012 2273 3074 εἰς
2324 3009 2443 3063 ὁδὸν
2490 3010 2637 3080 ἡμᾶς
2693 3009 2960 3078 ἀποφέρει
3010 3009 3110 3079 τὴν
3148 3010 3278 3070 ἄνω,
3329 3012 3421 3063 καὶ
3458 3009 3553 3064 τοῦ
3581 3007 3770 3081 νοητοῦ

2194 3102 2466 3174 κναφέως,
2516 3102 2660 3155 τοῦτ’
2690 3101 2824 3165 ἔστι,
2880 3103 2972 3154 τοῦ
3006 3102 3182 3157 πάντα
3240 3101 3411 3169 ῥύπον
3464 3102 3622 3173 ήμῶν
3678 3105 3771 3155 ὲκ-

2195 3195 2520 3265 σμήχοντος⁹
2560 3192 2653 3247 καὶ
2689 3190 3121 3252 ἀπαλλάττθντος
3150 3189 3460 3260 μολυσμῶν.
3502 3192 3771 3265 Ἀσφαλὴς

2193 3281 2287 3339 οὖν
2337 3287 2371 3354 ἡ
2408 3283 2718 3353 ὑπόσχεσις,
2768 3282 2861 3335 καὶ
2887 3281 2960 3344 ὡς
2995 3285 3051 3333 ἐν
3098 3281 3254 3351 τύπῳ
3279 3280 3378 3351 τῆς
3410 3287 3643 3356 μερικῆς
3675 3284 3772 3353 τῆς

2196 3377 2425 3432 καθόλου
2458 3360 2549 3428 καὶ
2578 3374 2667 3427 διὰ
2698 3372 2954 3444 Χριστοῦ,
2989 3374 3150 3446 σοφὸν
3173 3373 3378 3428 δέδοται
3410 3374 3486 3445 τῷ
3520 3379 3771 3449 προφήτῃ

2191 3471 2251 3522 τὺ
2284 3470 2530 3538 αἴνιγμα.
2578 3466 2717 3537 Φησὶ
2744 3466 2800 3518 δὲ
2832 3465 2911 3528 τὸ,
2951 3487 2967 3516 ι
2998 3467 3273 3521 Φυλάσσου
3336 3467 3426 3521 τοῦ
3481 3469 3768 3540 ἡτυχάσαι,

2199 3562 2294 3614 καὶ
2325 3560 2401 3631 μὴ
2432 3555 2598 3629 φοϐοῦ
2619 3597 2633 3622 ,
2672 3558 2808 3628 μηδὲ
2845 3559 2875 3628 ή
2901 3557 3046 3628 ψυχή
3080 3575 3169 3611 σου
3206 3558 3499 3611 ἀσθενείτω
3530 3561 3637 3613 ἀπὸ
3664 3561 3770 3616 τῶν

2189 3652 2282 3705 δύο
2334 3650 2507 3718 ξύλων
2545 3649 2653 3703 τῶν
2690 3648 2867 3703 δαλῶν
2918 3650 3025 3702 τῶν
3063 3648 3477 3721 καπνιζομένων
3504 3652 3760 3707 τούτων.»

2194 3746 2302 3801 Καὶ
2334 3741 2393 3797 τὸ
2431 3743 2531 3812 μὲν
2578 3743 2892 3797 ἐπιτάττειν
2921 3742 3150 3812 ἠρεμεῖν
3190 3742 3283 3795 καὶ¹
3319 3743 3616 3813 φροντίδων
3648 3743 3769 3813 δίχα

2190 3834 2472 3900 διατελεῖν,
2534 3834 2628 3888 καὶ
2678 3835 2794 3903 μὴν
2851 3835 2946 3887 καὶ
3009 3832 3280 3902 δειμάτων
3333 3833 3769 3891 ἀπαλλάττεσθαι

2192 3925 2444 3997 χαλεπῶν
2470 3943 2482 3955 ³
2523 3925 2810 3988 καλοῦντος
2842 3920 2910 3994 ἦν
2935 3924 3045 3996 ἄρα
3071 3927 3166 3978 καὶ
3196 3926 3343 3995 μάλα
3374 3925 3657 3995 ἐμφρόνως
3687 3926 3768 3986 εἰς

2192 4017 2522 4077 εὐπείθειαν,
2580 4017 2673 4070 καὶ
2722 4017 2886 4070 οἱονεὶ
2932 4019 3012 4078 εἰς
3040 4016 3215 4090 ἀρχὰς
3265 4016 3624 4086 ἀναφέροντος
3671 4013 3766 4067 τοῦ

2194 4110 2389 4183 χρῆναι
2413 4110 2576 4181 τιμᾷν
2610 4111 2735 4172 τοὺς
2765 4109 2895 4180 περὶ
2935 4108 3069 4161 Θεοῦ
3100 4109 3310 4177 λόγους,
3355 4108 3448 4163 καὶ
3472 4100 3554 4171 οἷς
3589 4105 3654 4162 ἂν
3679 4106 3761 4159 λέν

2195 4217 2283 4268 γοι
2312 4200 2371 4257 τὸ
2404 4199 2602 4270 ἀληθὲς
2629 4199 2863 4269 ἑτοίμως
2890 4198 3337 4268 ἐπιψηφίζεσθαι.
3369 4198 3571 4262 Δαλοὺς
3598 4198 3652 4252 δὲ
3678 4200 3770 4253 καὶ

2193 4290 2325 4359 ξύλα
2357 4290 2730 4360 καπνιζόμενα
2756 4290 2930 4355 καλεῖ,
2963 4292 3088 4354 τοὺς
3115 4291 3234 4344 κατ’
3267 4289 3432 4344 αὐτοῦ
3467 4307 3769 4359 συμπεφω-

2193 4382 2446 4455 νηκότας,
2482 4383 2558 4448 ὼς
2588 4384 2712 4436 ὅσον
2743 4382 2953 4437 οὐδέπω
2993 4381 3440 4450 πεπαυσομένους
3473 4381 3567 4433 καὶ
3602 4381 3767 4434 αὐτοῦ

496 4469 726 4539 fumigat
785 4469 1028 4538 quidem,
1078 4486 1263 4526 verum
1335 4473 1512 4542 ignem
1580 4473 1633 4527 itt
1676 4489 1798 4531 sese
1851 4477 2082 4545 amplius

2186 4475 2279 4535 τοῦ
2303 4471 2466 4539 εἶναι,
2500 4476 2595 4528 καὶ
2618 4474 2717 4544 τῆς
2748 4474 3044 4545 βασιλείας.
3063 4474 3271 4547 Ὥσπερ
3293 4472 3402 4543 γὰρ
3424 4469 3579 4536 ξύλον
3603 4473 3768 4543 ήγουν

496 4565 696 4617 habere
727 4559 956 4616 desinit:
986 4563 1101 4631 pari
1136 4577 1350 4633 quoque
1383 4565 1612 4632 ratione,
1637 4565 1889 4634 arbitror,
1923 4568 2083 4622 homo

496 4653 578 4707 vel
616 4654 756 4717 vitm,
791 4652 871 4706 vel
933 4654 1009 4707 rei
1066 4653 1297 4722 alicujus
1350 4654 1511 4710 linem
1562 4642 1840 4723 'facturus,
1886 4661 2081 4715 merito

497 4744 586 4798 fax
628 4744 734 4799 dici
769 4744 987 4815 poterit,
1017 4758 1111 4799 aut
1134 4746 1334 4817 lignum
1368 4748 1546 4805 adhuc
1569 4748 1864 4821 fumigans.
1897 4751 2075 4807 Cate-

497 4853 616 4890 runt
652 4836 740 4891 ubi
764 4851 857 4890 eos
897 4839 1112 4892 timidos
1167 4841 1456 4894 admodum
1492 4849 1543 4896 et
1578 4854 1814 4897 maerore
1842 4888 1849 4895 .
1880 4858 2077 4914 magno

495 4928 739 4984 defectos
769 4942 890 4984 esse
922 4928 1265 5002 intelligeret,
1305 4933 1450 5001 quod
1517 4932 1840 4989 dimicantes
1889 4942 2075 4988 contra

497 5021 708 5077 Phaore
736 5021 1102 5090 vincerentur,
1132 5032 1186 5078 et
1210 5025 1352 5093 quod
1406 5033 1620 5081 centum
1667 5025 1858 5097 viginti
1887 5025 2076 5082 .millia

494 5130 560 5168 ex
587 5112 746 5180 Juda,
780 5125 836 5168 ut
863 5113 996 5179 dixi,
1051 5130 1158 5170 uno
1209 5116 1297 5171 die
1350 5117 1728 5173 corruisseut:
1785 5118 1948 5173 etiam
1996 5119 2081 5175 his

495 5203 947 5258 terriculamentis
1025 5219 1119 5277 eos
1189 5203 1402 5269 eximit,
1462 5214 1518 5258 et
1565 5206 1778 5275 inquit:
1819 5207 2080 5274 «Quando

497 5294 647 5347 enim
690 5294 773 5348 ira
797 5293 997 5350 furoris
1024 5295 1127 5350 mei
1156 5293 1340 5356 fuerit,
1377 5295 1571 5350 iterum
1601 5297 1855 5361 sanabon
1889 5297 1945 5353 id
1970 5308 2072 5364 est,

499 5398 844 5455 nequaquam
874 5387 1224 5452 cecidissent,
1249 5387 1350 5443 nisi
1384 5385 1535 5442 furor
1570 5402 1723 5443 meus
1745 5388 1797 5442 in
1855 5403 2071 5442 manum

496 5474 731 5530 hostium
777 5492 869 5533 eos
896 5479 1230 5535 tradidisset.
1264 5477 1392 5547 Sed,
1426 5478 1624 5550 inquit,
1661 5480 1707 5536 si
1767 5478 1929 5536 fuerit
1996 5481 2073 5533 ira

497 5579 616 5619 mea
645 5577 833 5622 contra
864 5571 1127 5638 quosdam
1163 5585 1415 5638 accensa,
1442 5587 1633 5627 rursus
1660 5586 1756 5628 eos
1800 5573 1891 5641 qui
1929 5573 2071 5643 passi

495 5665 621 5714 Sunt
666 5660 890 5715 satiabo.
927 5660 1060 5715 Nam
1087 5664 1180 5732 qui
1231 5678 1299 5720 ex
1344 5663 1424 5720 ira
1485 5664 1726 5732 tradidit,
1791 5662 1950 5730 facile
2007 5678 2070 5718 ex

601 5767 645 5801 ³³
685 5771 706 5827 l
758 5769 877 5828 Tim
928 5789 990 5838 ll,
1026 5774 1079 5829 4.

2184 4567 2214 4619 6
2241 4565 2419 4628 δαλὸς,
2475 4566 2604 4617 ὅταν
2640 4563 2893 4634 ἐξέληται
2937 4560 3257 4637 τοῦγπυρὺς,
3284 4559 3605 4624 καπνίζεται
3648 4561 3766 4630 μὲν,

2185 4656 2324 4728 πλὴν
2349 4658 2405 4710 ἐν
2435 4656 2728 4727 καταλήξει
2759 4656 2992 4723 γίνεται,
3022 4652 3117 4707 τοῦ
3151 4655 3247 4708 καὶ
3283 4652 3363 4707 ἔτι
3391 4655 3453 4706 τὸ
3485 4652 3598 4723 πῦρ
3627 4652 3768 4726 ἐχειν

2183 4749 2241 4801 ἐν
2273 4746 2469 4818 ἑαυτῷ*
2502 4748 2642 4800 κατὰ
2671 4746 2764 4800 τὸν
2789 4744 2929 4808 ἴσον,
2955 4741 3130 4816 οἶμαι,
3166 4744 3378 4799 τουτονὶ
3409 4745 3630 4816 τρόπον,
3679 4746 3770 4798 καὶ

2181 4839 2472 4911 ἄνθρωπος
2522 4838 2736 4910 μέλλων
2765 4839 2798 4908 ἢ
2834 4836 2980 4915 ζωῆς
3009 4838 3043 4907 ἢ
3074 4839 3396 4909 πράγματος
3445 4840 3502 4890 ἐν
3531 4837 3768 4906 καταλή-

2184 4929 2267 4998 ξει
2292 4931 2557 5001 γίνεσθαι,
2579 4930 2775 4999 λέγοιτ’
2807 4926 2873 4984 ἂν
2894 4929 3118 4994 εἰκότως
3147 4929 3305 4992 δαλὸς
3334 4931 3368 5001 ἢ
3395 4929 3550 4997 ξύλον
3576 4946 3769 4982 καπνι-

2187 5024 2413 5096 ζόμενον
2439 5022 2540 5077 ἔτι.
2593 5020 2813 5093 Ἐπειδὴ
2840 5021 2897 5074 δὲ
2928 5021 3210 5091 ήπίστοιτο
3240 5022 3506 5093 περιδεεῖς
3539 5020 3771 5092 μάλιστα

2184 5113 2501 5182 γεγονότας,
2531 5112 2625 5167 καὶ
2658 5113 2713 5164 ὲν
2760 5110 3042 5182 κατηφείᾳ
3074 5112 3267 5184 πολλῇ,
3306 5113 3395 5167 διά
3421 5129 3481 5167 τε
3513 5111 3573 5165 τὸ
3610 5112 3777 5182 ήττᾶ-

2189 5205 2313 5259 σθαι
2336 5205 2762 5276 μεμαχημένους
2790 5205 2926 5274 πρὸς
2945 5204 3143 5270 Φακεὲ,
3170 5206 3258 5259 ὅτε
3273 5204 3368 5258 καὶ
3398 5201 3772 5264 πεπτώκασιν,

2186 5299 2263 5362 ὡς
2306 5296 2468 5370 ἔφην,
2527 5296 2721 5351 ἑκατὸν
2751 5297 2925 5351 εἴκοσι
2962 5296 3197 5373 χιλιάδες
3250 5299 3316 5351 ὲκ
3348 5296 3442 5351 τοῦ
3493 5294 3664 5347 ’ἰούδα
3717 5296 3775 5346 ὲν

2183 5388 2369 5460 ἡμέρα
2401 5391 2531 5460 μιᾷ·
2577 5388 2673 5442 καὶ
2715 5388 2922 5441 τούτων
2952 5387 3200 5460 ἐξίστησι
3229 5387 3337 5441 τῶν
3364 5385 3635 5455 δειμάτων
3678 5385 3776 5438 αύ-

2177 5480 2325 5541 τοὺς,
2355 5480 2447 5531 καί
2499 5493 2682 5550 φησιν’
2719 5478 2925 5531 «Ὅταν
2951 5526 2955 5531 .
2983 5477 3092 5550 γὰρ
3129 5475 3405 5549 όργὴ“τοῦ
3442 5476 3618 5548 θυμοῦ
3670 5493 3776 5547 μου

2177 5571 2426 5642 γένηται,
2455 5572 2615 5626 πάλιν
2652 5572 2934 5641 ἰάσομαι·›
2969 5569 3111 5623 τοῦτ’
3145 5568 3311 5633 ἔστιν,
3346 5568 3454 5621 οὐδ’
3483 5569 3549 5622 ἂν
3578 5570 3773 5621 ὲκείνοι

2182 5663 2562 5733 πεπτώκασιν,
2598 5666 2646 5718 εἰ
2685 5664 2759 5734 μὴ
2807 5661 3037 5716 δέδωκεν
3083 5661 3278 5725 αὐτοὺς
3326 5660 3430 5715 ὑπὸ
3476 5662 3633 5734 χεῖρα
3665 5656 3773 5715 τῶν
