4144 6302
559 335 664 396 199

1542 344 1602 401 S.
1642 343 1922 402 CYRILLI
1961 345 2437 405 ALEXANDRINI
2477 351 2796 410 ARCHIEP.

3713 362 3823 418 9οθ

556 462 863 520 νοωειίεω
878 462 930 517 in
949 461 1191 526 Samaria
1205 460 1438 529 Pbacee,
1452 461 1542 532 qui
1558 471 1674 517 erat
1689 462 1943 519 Romeliaa
1963 464 2125 535 ﬁlius,

2231 467 2430 523 ασσών.
2479 469 2860 529 Ἀποθανόντος
2913 467 2971 522 δὲ
3023 470 3117 522 καὶ
3168 470 3262 524 τοῦ
3308 471 3502 538 Φακεέ,
3534 475 3592 528 ἐν
3622 476 3689 547 τῇ
3717 475 3821 530 Xa-

558 568 784 623 regnum
816 553 976 625 119
998 553 1191 624 accipit
1215 551 1352 609 Osee
1382 553 1524 608 ﬁlius
1557 554 1686 620 Elae,
1718 554 1801 608 vir
1827 554 2128 626 improbus,

555 653 610 698 et
637 645 936 699 daemonum
967 644 1378 712 deceptionibus
1404 645 1688 700 addictior.
1724 645 1844 713 Quo
1907 661 2129 718 regnum

558 733 928 803 gubernante,
957 734 1205 788 ascendit
1240 732 1592 790 Salmanasar
1634 735 1891 808 Assyrius
1937 739 2133 792 adver-

555 838 649 878 sus
684 833 847 878 totam
877 822 1204 889 Samariam,
1248 835 1299 879 et
1343 824 1631 881 confestim
1687 836 1850 896 capto
1883 827 2042 894 Osca,
2075 842 2132 884 et

557 914 613 968 in
643 913 762 969 loco
792 914 937 969 servi
964 915 1169 980 habito,
1199 930 1262 969 ac
1287 923 1482 970 cuncta
1514 916 1738 987 regione
1791 926 2026 983 vastata,
2077 927 2133 973 et

557 1006 919 1061 lsraelitarum
947 1015 1090 1063 terra
1117 1007 1358 1062 desolata
1386 1024 1451 1064 ac
1471 1009 1713 1075 deserta,
1739 1010 1859 1064 loco
1892 1011 2129 1080 ipsorum

558 1097 861 1154 incolarum
886 1099 1181 1169 inquilinos
1210 1103 1478 1170 quosdam
1532 1102 1834 1167 constituit,
1867 1113 1960 1157 aut
2003 1117 2134 1158 sane

553 1191 884 1246 exsubditi
937 1193 1074 1255 suis,
1122 1194 1569 1262 Ecchutltamque
1616 1202 1671 1249 et
1722 1193 2128 1263 Sappltarvian.

554 1279 760 1336 Gentes
791 1290 998 1347 autem,
1031 1285 1215 1346 credo,
1243 1285 1326 1338 hae
1351 1283 1582 1339 Persicae
1609 1301 1624 1339 :
1673 1285 1752 1340 sic
1787 1286 1930 1340 enim
1981 1286 2034 1340 in
2065 1287 2131 1340 Ii-

557 1372 673 1426 bris
702 1373 1008 1442 Regnorum
1036 1376 1297 1444 scriptum
1338 1385 1443 1430 est.
1482 1373 1654 1445 Hujus
1689 1376 1843 1432 nobis
1893 1376 2133 1434 historiae

557 1463 922 1518 narrationem
967 1465 1228 1533 propheta
1267 1480 1708 1521 commemorans
1739 1484 1755 1521 :
1791 1485 1810 1518 ι
1842 1465 1969 1522 Haec
2002 1467 2133 1524 dicit

561 1551 839 1619 Dominus,
871 1553 1088 1624 inquit:
1129 1554 1242 1608 Non
1274 1555 1516 1610 manebit
1537 1555 1828 1610 consilium
1863 1557 1986 1622 hoc,
2033 1571 2133 1613 ne-

556 1658 663 1711 que
690 1645 817 1708 erit,
846 1647 940 1700 sed
972 1654 1135 1715 caput
1173 1645 1341 1699 Aram
1381 1647 1698 1712 Damascus,
1728 1657 1778 1704 et
1811 1658 1978 1718 caput
2027 1648 2132 1703 Da-

559 1738 726 1792 masci
754 1735 1063 1801 Rhaasson,
1093 1739 1186 1792 sed
1223 1738 1358 1792 intra
1385 1754 1556 1794 annos
1585 1743 1866 1812 sexaginta
1889 1753 1943 1796 et
1967 1742 2126 1811 quino

2237 559 2458 632 μαρείᾳ,
2517 560 2576 626 ὃς
2622 556 2692 633 ἦν
2736 561 2829 614 τοῦ
2870 560 3170 632 Ῥομελίου,
3211 562 3516 636 διαδέχεται
3575 566 3674 638 τὴν
3726 567 3822 638 βα-

2235 648 2441 702 σιλείαν
2480 651 2639 723 Ὠσηὲ
2667 651 2781 714 υίὸς
2815 650 2970 716 Ἠλεὶ,
2997 653 3236 722 πονηρὸς
3265 653 3426 726 ἀνὴρ,
3449 656 3541 710 καὶ
3564 661 3686 722 ταῖς
3707 658 3818 712 τῶν

2231 739 2524 810 δαιμονίων
2553 741 2792 806 ἀπάταις
2814 744 3154 815 ἐγκείμενος.
3187 737 3571 815 Οὗ,διέποντος
3598 749 3699 820 τὴν
3728 751 3820 821 βα-

2235 828 2442 883 σιλείαν
2466 831 2635 902 ἀνέϐη
2661 833 3028 906 Σαλμνασάρ
3055 839 3084 889 6
3129 837 3416 909 ’Δσσύριος
3459 839 3603 894 κατὰ
3633 843 3817 914 πάσης

2232 920 2332 990 τῆς
2357 921 2695 994 Σαμαρείας,
2725 926 2820 978 καὶ
2839 928 3184 999 παραχρῆμα
3207 928 3308 999 μὲν
3333 923 3480 984 εἷλεν
3507 931 3600 985 τὸν
3633 933 3814 1005 Ὠσηὲ,

2233 1013 2328 1066 καὶ
2359 1014 2418 1067 ἐν
2449 1015 2664 1069 οἰκέτου
2698 1017 2848 1083 τάξει
2886 1020 3204 1092 πεποίηται’
3239 1023 3600 1096 καταδῃώσας
3631 1027 3688 1080 δέ
3715 1029 3817 1101 τὴν

2233 1103 2418 1177 χώραν
2447 1105 2686 1174 ἃπασαν,
2713 1110 2807 1164 καὶ
2826 1111 2936 1166 τῶν
2963 1112 3096 1168 υἱῶν
3137 1115 3354 1188 Ἰσραὴλ
3377 1118 3662 1190 ἀποφήνας
3687 1121 3818 1193 ἐρή-

2234 1213 2366 1267 μην,
2398 1197 2722 1271 καθίστησιν
2759 1201 2873 1256 ἀντ’
2905 1203 3084 1258 αὐτῶν
3134 1206 3244 1259 τῶν
3299 1207 3445 1262 ἰδίων
3477 1210 3631 1275 τινὰς
3672 1213 3815 1267 ἐνοί-

2234 1306 2385 1354 κους,
2414 1291 2532 1362 ήτοι
2560 1293 2667 1347 τῶν
2708 1294 2813 1348 ὑπὸ
2841 1299 3018 1368 χεῖρα,
3054 1298 3146 1352 τόν
3177 1316 3237 1352 τε
3279 1301 3548 1372 Ἐκχουθὰ
3591 1305 3686 1359 καὶ
3719 1307 3816 1361 τὸν

2235 1381 2626 1455 Σαπφαρουῒαν
2653 1401 2665 1416 ·
2713 1385 2841 1458 ἔθνη
2879 1387 2938 1441 δὲ
2993 1384 3147 1460 οἶμαι
3196 1394 3354 1446 ταυτὶ⁵
3401 1394 3666 1466 Περσικά.
3717 1398 3817 1452 Γέ-

2234 1491 2476 1546 γραπται
2509 1477 2618 1550 γὰρ
2667 1478 2842 1544 οὕτως
2886 1482 2946 1534 ἐν
2987 1481 3191 1553 βίϐλοις
3228 1485 3546 1541 Βασιλειῶν.
3597 1490 3819 1563 Ταύτης

2234 1568 2367 1637 ἡμῖν
2414 1568 2655 1641 ίστορίας
2703 1570 2802 1643 τὴν
2835 1573 3113 1646 ἀφήγησιν
3161 1577 3190 1628 6
3245 1578 3554 1650 προφήτης,
3599 1580 3811 1649 λέγων·

2239 1679 2259 1712 ι
2285 1661 2424 1716 Τάδε
2456 1662 2607 1731 λέγει
2635 1665 2874 1737 Κύριοςο
2905 1667 2980 1720 Οὐ
3019 1669 3093 1739 μὴ
3117 1669 3350 1744 ἐμμείνῃ
3383 1674 3417 1744 ή
3445 1670 3608 1745 βουλὴ
3651 1675 3814 1747 αῦτη,

2234 1752 2355 1807 ούδέ
2387 1753 2561 1814 ἔσται.
2602 1755 2718 1810 ἀλλ’
2750 1758 2784 1828 ή
2827 1757 3036 1830 κεφαλὴ
3074 1759 3314 1832 Ἐφραίμ
3355 1765 3670 1834 Δαμασκὸς,
3719 1768 3814 1819 καὶ

556 1843 661 1897 que
683 1829 901 1884 deﬁciet
927 1844 1148 1900 regumu
1176 1829 1428 1899 prraim
1450 1846 1479 1884 a
1507 1832 1722 1903 populo.
1753 1851 1772 1884 ι
1801 1832 1867 1886 Et
1894 1834 2121 1888 obscura

2235 1847 2269 1917 ή
2304 1847 2511 1919 κεφαλὴ
2565 1816 2862 1920 Δαμασκοῦ
2905 1816 3214 1923 ’Ῥαασσίμιο
3261 1816 3378 1908 ἀλλ’

553 1921 769 1990 quidem
800 1929 884 1975 est
913 1923 1202 1975 verborum
1239 1929 1543 1991 structura,
1575 1932 1632 1978 at
1653 1925 1796 1980 hunc
1826 1925 1879 1979 iu
1908 1926 2125 1980 modum

553 2013 893 2081 assequenda
923 2021 1045 2067 est:
1083 2013 1280 2083 Caput,
1309 2013 1506 2083 inquit,
1533 2016 1719 2079 Aram,
1743 2015 1795 2070 id
1827 2025 1910 2070 est
1937 2015 2126 2086 Syriae.

557 2104 874 2158 Damascus.
930 2103 1248 2172 Metropolis
1279 2105 1425 2160 enim
1481 2105 1655 2177 Syria:
1703 2105 2019 2171 Damascus,
2075 2119 2131 2164 et

555 2205 720 2266 caput
748 2194 1002 2252 Damasci
1039 2194 1362 2262 Rhaassim,
1404 2197 1456 2253 id
1489 2207 1574 2254 est
1609 2197 1916 2255 Rbaassou.
1960 2199 2132 2270 Caput

553 2286 818 2354 siquidem
851 2287 1092 2358 regionis
1135 2297 1191 2344 et
1223 2288 1459 2344 civitatis
1494 2297 1601 2354 est,
1655 2291 1745 2361 qui
1799 2305 2018 2363 regnum
2075 2292 2128 2346 iu

554 2379 672 2433 illos
695 2380 854 2450 gerit.
907 2380 973 2434 Et
1007 2394 1229 2451 regnum
1280 2380 1532 2451 Epitraim
1569 2381 1785 2438 deﬁciet
1821 2397 1851 2436 a
1882 2382 2078 2453 populo
2111 2399 2128 2450 ;

555 2473 607 2524 in
663 2472 820 2527 annis
874 2472 1155 2543 sexaginta
1216 2481 1272 2527 et
1332 2473 1571 2542 quinque
1631 2473 1848 2529 deﬁciet
1903 2488 2128 2545 regnum

556 2563 845 2633 Epitraim,
871 2564 925 2618 id
945 2574 1032 2618 est
1056 2561 1254 2629 Israel;
1279 2563 1498 2619 deﬁciet
1518 2579 1735 2634 quoque
1755 2574 1915 2634 caput
1939 2567 2128 2631 Aram,

555 2654 607 2708 id
640 2663 724 2710 est
751 2654 1066 2720 Damascus,
1097 2665 1152 2710 et
1197 2665 1360 2725 caput
1394 2648 1661 2720 Damasci,
1701 2656 1750 2709 id
1803 2665 1888 2712 est
1920 2657 2131 2712 Rhaas-

555 2760 676 2800 son.
716 2744 870 2813 Cepit
916 2745 1082 2807 enim,
1119 2754 1176 2799 ut
1230 2746 1362 2812 dixi,
1414 2746 1959 2818 Theglapballasarus
2023 2750 2130 2804 Da-

558 2850 800 2891 mascum
831 2844 887 2890 et
915 2834 1218 2902 Rhaasson,
1244 2845 1299 2892 et
1329 2835 1766 2905 Salmanasarus,
1801 2838 1994 2895 Oscam
2031 2855 2125 2896 re-

558 2942 679 3002 gem
718 2926 1002 2998 Ephraim,
1045 2928 1161 2984 sive
1210 2927 1447 2996 lsraelis,
1497 2939 1552 2986 et
1592 2929 1971 2996 Somorrham,
2017 2932 2133 2988 sive

557 3016 884 3082 Samariam,
915 3018 1283 3076 communiter
1308 3031 1566 3078 currente
1597 3032 1655 3078 et
1682 3022 2012 3079 inservieute
2039 3023 2133 3079 illo

2231 1932 2326 1986 καὶ
2359 1934 2521 1988 πέντε
2573 1935 2713 1988 ἐτῶν
2761 1938 3001 2010 ἐκλείψει
3053 1941 3087 2011 ή
3133 1941 3380 2011 βασιλεία
3423 1945 3663 2018 Ἐφραῒμ
3706 1949 3817 2002 ἀπὸ

2231 2023 2381 2079 λαοῦ.
2398 2044 2417 2077 ι
2452 2027 2562 2080 Καὶ
2586 2028 2803 2102 ἀσαφὴς
2827 2031 2924 2100 μὲν
2952 2031 2986 2102 ἡ
3008 2032 3116 2088 τῶν
3131 2033 3328 2099 λέξεων
3358 2036 3622 2110 συνθήκη·
3652 2056 3819 2111 προσ-

2232 2115 2416 2171 ϐαλεῖν
2450 2119 2507 2172 δὲ
2547 2120 2650 2192 χρὴ
2711 2122 2954 2176 τοιῶσδε⁸
3005 2124 3070 2177 Ἦ
3100 2127 3352 2198 κεφαλή,
3383 2131 3570 2200 φησὶν,
3616 2131 3816 2203 Ἀρὰμ,

2231 2206 2376 2261 τοῦτ’
2411 2208 2528 2263 ἐστι
2574 2211 2673 2282 τῆς
2702 2213 2920 2284 Συρίας,
2953 2217 3265 2287 Δαμασκδς.
3297 2220 3448 2293 καὶή
3476 2221 3687 2294 κεφαλὴ
3715 2225 3818 2277 Δα-

2235 2299 2446 2368 μασκοῦ
2495 2302 2788 2373 Ῥαασσὶμ,
2819 2306 2965 2360 τοῦτ’
3003 2307 3151 2361 ἔστιν
3175 2312 3203 2362 6
3251 2311 3568 2366 Ῥαασσὼνο
3606 2314 3819 2386 κεφαλὴ

2232 2391 2342 2462 γὰρ
2359 2392 2458 2462 τῆς
2475 2409 2534 2445 τε
2555 2392 2739 2466 χώρας
2777 2396 2988 2470 καὶτῆς
3016 2399 3224 2465 πόλεως
3241 2405 3271 2456 6
3295 2403 3595 2474 βασιλεύων
3615 2408 3815 2464 αὐτῶν.

2231 2483 2342 2536 Καὶ
2376 2485 2408 2556 ἡ
2443 2485 2690 2556 βασιλεία
2729 2487 2786 2542 δέ
2829 2488 3067 2563 Ἐφραῒμ
3108 2493 3349 2565 ἐκλείψει
3387 2497 3495 2550 ἀπὺ
3538 2498 3706 2554 λαοῦ’
3737 2502 3819 2557 ἔτι

2232 2574 2494 2648 ἐξήκοντα
2509 2579 2605 2632 καὶ
2626 2579 2786 2636 πέντε
2805 2583 2942 2636 ἐτῶν
2959 2584 3196 2656 ἐκλείψει
3219 2589 3252 2658 ή
3277 2587 3524 2658 βασιλεία
3556 2595 3815 2667 Ἐφρατμ,

2231 2667 2375 2722 τοῦτ’
2424 2670 2576 2737 ἐστι,
2616 2672 2711 2726 τοῦ
2767 2675 3015 2748 Ἰσραήλο
3078 2678 3320 2750 ἐκλείψει
3380 2683 3476 2736 καὶ
3526 2687 3559 2757 ή
3609 2688 3820 2760 κεφαλὴ

2246 2761 2446 2834 Ἀρὰμ,
2474 2762 2619 2818 τοῦτ’
2653 2765 2799 2820 ἐστιν
2837 2769 2872 2839 ή
2912 2770 3223 2840 Δαμασκδς,
3255 2775 3348 2828 καὶ
3387 2778 3420 2847 ή
3460 2779 3668 2849 κεφαλὴ
3711 2783 3821 2833 Δα-

2236 2856 2471 2926 μασκοῦ,
2523 2859 2668 2912 τοῦτ’
2722 2859 2869 2914 ἐστιν
2921 2863 2951 2914 6
3001 2863 3300 2924 Ῥαασσών.
3347 2865 3506 2924 Εἷλεν
3560 2871 3690 2943 γάρ.
3740 2874 3822 2938 ὡς

2234 2944 2392 3018 ἔφην,
2423 2948 2453 3000 6
2499 2948 2597 3019 μὲν
2652 2949 3121 3027 Θεγλαφαλλασάρ
3154 2958 3252 3028 τήν
3294 2975 3355 3011 τε
3402 2962 3692 3033 Δαμασκὸν
3722 2966 3820 3018 καὶ

2233 3039 2325 3093 τὸν
2361 3038 2665 3107 Ῥαασσὼν,
2697 3043 2727 3096 6
2759 3043 2816 3097 δέ
2862 3045 3226 3121 Σαλμανασάρ
3255 3051 3347 3104 τὸν
3388 3054 3548 3124 Ὠσηέ
3597 3055 3820 3126 βασιλέα

558 3111 749 3180 verbo,
779 3110 998 3180 Deﬁciet
1025 3127 1046 3166 :
1080 3125 1135 3168 et
1160 3122 1323 3184 caput
1369 3114 1627 3184 Ephraim
1679 3115 1874 3171 civitas
1910 3114 2127 3170 Somor-

2245 3133 2507 3206 Ἐφραῒμ,
2545 3136 2663 3206 ήτοι
2708 3136 2804 3192 τοῦ
2847 3110 3082 3211 Ἰσραὴλ,
3123 3110 3218 3195 καὶ
3249 3144 3348 3214 τὴν
3387 3110 3669 3220 Σομορων,

553 3203 800 3267 rhorum,
831 3203 1048 3258 deﬁciet
1090 3219 1302 3260 rursus.
1329 3205 1503 3276 Caput
1530 3216 1708 3262 autem
1737 3205 1990 3274 Epltraim
2025 3205 2131 3261 So-

554 3295 780 3349 morrha
810 3306 991 3361 vocat,
1025 3297 1076 3348 id
1112 3307 1198 3350 est
1225 3297 1550 3352 Samariam.
1597 3296 1766 3351 Mater
1805 3298 1950 3352 enim
1982 3299 2134 3368 prin-

553 3399 792 3454 eepsque
818 3386 1012 3440 civitas
1031 3385 1295 3441 Samaria
1319 3385 1636 3442 Somorrba.
1662 3387 1919 3456 Ephraim
1952 3398 2130 3444 autem

553 3473 769 3543 quando
797 3473 946 3536 dicit,
979 3473 1227 3530 lsraelem
1268 3483 1451 3540 notat;
1517 3483 1574 3530 et
1611 3485 1766 3546 caput
1811 3473 2132 3532 Somorrha-

555 3580 674 3618 rum
711 3564 852 3620 ﬁlius
883 3564 1163 3633 Bomeliae,
1193 3567 1245 3622 id
1273 3577 1355 3622 est
1388 3565 1498 3621 Pha
1511 3581 1608 3623 cee
1635 3585 1649 3621 :
1685 3567 1822 3623 redit
1849 3582 1916 3623 ac
1944 3581 2128 3623 recur-

554 3655 627 3709 rit
657 3655 854 3709 iterum
895 3654 1022 3709 illud
1051 3654 1254 3725 deﬁciet
1290 3657 1341 3712 in
1371 3657 1645 3714 omnibus.
1675 3657 1933 3728 Adjungit
1967 3671 2130 3728 porro

552 3747 741 3802 hisce:
773 3763 792 3797 ι
830 3745 900 3801 Εῑ
942 3747 1122 3801 sinon
1176 3749 1544 3814 credideritis,
1591 3764 1698 3805 non
1740 3749 2073 3820 intelligetis.
2105 3769 2124 3802 ι

549 3838 620 3894 Ει
654 3839 769 3893 haec
798 3839 1018 3909 quidem
1051 3855 1156 3896 non
1193 3840 1467 3896 immerito
1497 3842 1769 3898 dicuntur.
1801 3841 2010 3897 Etenim
2038 3844 2128 3913 qui

553 3927 645 3984 Dei
685 3933 910 3984 verbum
957 3940 1185 3998 propter
1218 3928 1654 3985 incredulitatem
1675 3940 1909 3986 onerant
1936 3941 2130 3988 contu-

551 4018 753 4083 meliis,
787 4019 842 4073 bi
877 4019 1190 4089 cognitione
1219 4018 1340 4087 ejus
1361 4019 1570 4088 praditi
1603 4034 1722 4076 esse
1746 4035 1850 4075 non
1882 4031 2128 4091 possunt.

549 4108 778 4180 Oportet
804 4109 968 4182 igitur
1011 4109 1399 4166 incunctanter
1445 4111 1687 4180 recipere
1715 4126 1837 4182 qua:
1867 4110 2128 4166 exhiben-

551 4212 695 4259 tura
725 4202 858 4269 Deo,
889 4215 944 4258 et
971 4217 1092 4274 quae
1142 4203 1431 4273 pollicetur
1477 4217 1543 4259 ac
1586 4203 1848 4274 loquitur,
1893 4202 1980 4258 bis
2029 4216 2129 4256 au-

549 4308 721 4348 nuere
753 4297 1028 4350 alacriter.
1064 4291 1143 4349 Ita
1182 4296 1337 4349 nobis
1373 4295 1535 4349 inerit
1572 4295 1812 4365 c0guitio
1859 4292 2026 4359 bona,
2073 4300 2129 4348 ct

548 4395 783 4440 mentem
820 4398 1064 4441 nostram
1094 4386 1389 4441 illustrabit
1424 4386 1514 4440 lux
1546 4386 1828 4456 sapientia:
1877 4383 2016 4454 ejus.

616 4595 782 4650 Vens.
824 4593 906 4648 ιο.
941 4590 1007 4644 Et
1033 4591 1260 4658 perrexit
1287 4590 1538 4644 Dominus
1589 4590 1734 4659 loqui
1775 4591 2007 4660 Achaco,
2034 4595 2122 4649 di-

543 4705 663 4742 cens
683 4700 702 4739 :
730 4684 951 4740 Postula
970 4682 1066 4737 tibi
1093 4683 1304 4752 signum
1352 4699 1384 4734 ο
1411 4681 1521 4736 Deo
1557 4683 1718 4752 120
1747 4692 1859 4747 tuo,
1897 4685 1954 4738 in
2003 4702 2124 4754 pro-

543 4779 789 4846 fundum,
834 4777 913 4832 uel
961 4779 1017 4831 in
1055 4776 1335 4831 excelsum.
1376 4772 1443 4827 Et
1476 4775 1612 4828 dixit
1654 4775 1837 4829 Actias
1860 4791 1880 4830 :
1915 4777 2122 4850 Nequa-

539 4884 700 4939 quam
726 4869 1028 4937 postulabo,
1057 4883 1386 4938 nequaquam
1411 4867 1621 4922 tentabo
1655 4866 1959 4926 Dominum.

612 4960 837 5017 Acbazo
871 4961 1123 5016 thronum
1154 4959 1306 5032 regni
1329 4959 1610 5016 obtinente
1632 4958 2048 5036 Hierosolymis,
2067 4974 2122 5022 et

537 5054 607 5112 ad
634 5051 1050 5119 eﬁ’renationem
1079 5054 1366 5124 quamdam
1411 5053 1566 5111 valde
1599 5054 1870 5125 prolapso,
1909 5067 1966 5113 et
2007 5059 2120 5114 da:-

539 5147 846 5202 moniorum
874 5145 1109 5202 cultibus
1139 5143 1292 5201 falsis
1325 5145 1756 5214 adhaerescente,
1794 5164 1916 5206 eum
1943 5150 2118 5205 omni-

535 5239 638 5295 bus
671 5238 848 5295 modis
881 5245 1108 5293 conatur
1137 5238 1204 5292 ad
1246 5237 1442 5293 melius
1475 5239 1782 5306 traducere,
1803 5253 1859 5298 et
1891 5253 1950 5299 ut
1983 5245 2120 5300 veri-

536 5328 666 5382 tatis
699 5328 987 5400 opiniones
1037 5335 1384 5383 consectetur
1419 5343 1483 5384 ac
1523 5331 1728 5400 cupiat,
1759 5335 1818 5386 et
1853 5343 1999 5388 recta
2050 5334 2118 5389 de

536 5417 646 5472 ileo
674 5418 877 5473 sentire
905 5416 1055 5474 velit.
1081 5416 1351 5486 Quoniam
1386 5419 1549 5490 igitur
1579 5420 1844 5477 idolorum
1877 5423 2114 5480 cultores

535 5508 870 5580 magnifecit,
901 5526 966 5568 ac
995 5526 1138 5567 cura:
1171 5509 1464 5583 studioque
1490 5512 1543 5569 ei
1584 5510 1688 5568 fuit
1724 5529 1906 5570 rerum
1948 5530 2117 5573 even.

534 5614 622 5653 tus
643 5601 912 5656 curiosius
928 5603 1187 5668 scrutari,
1205 5613 1259 5659 et
1280 5617 1346 5660 ex
1370 5605 1547 5660 sacris
1570 5605 1842 5662 sciscitari
1869 5608 2112 5676 oracula,

533 5689 820 5759 verbisque
848 5690 1104 5748 falsorum
1151 5705 1334 5748 vatum
1374 5695 1669 5764 ludiﬁcari,
1710 5699 1970 5768 periculis
2015 5701 2109 5755 im-

528 5779 913 5852 pendentibus,
938 5779 1212 5839 Achazum
1239 5783 1354 5842 haec
1391 5785 1704 5845 molientem
1729 5791 1960 5846 retrahit
1985 5800 2112 5848 ante

1767 5901 1774 5906 .
1786 5898 1871 5907 -..ιο
1881 5897 1936 5905 —--c
1945 5897 2086 5906 w._na~

2236 3225 2570 3298 Σαμαρείαν,
2609 3227 2719 3281 ἀπὸ
2751 3230 2932 3285 κοινοῦ
2961 3233 3247 3304 τρέχοντος
3279 3237 3340 3289 τὸ
3367 3239 3654 3310 ¹ἐκλειπψιει
3674 3260 3688 3273 ο
3727 3245 3818 3297 καὶ

2235 3318 2268 3388 ἡ
2297 3319 2508 3391 κεφαλὴ
2539 3319 2597 3374 δέ
2646 3321 2886 3396 Ἐφραῒμ
2918 3327 3174 3399 Σομόρων
3207 3331 3444 3401 ἐκλείψει
3478 3336 3666 3392 πάλιν.
3713 3339 3821 3391 Κε-

2240 3409 2416 3503 φαλήν
2436 3411 2494 3503 δέ
2532 3412 2773 3485 Ἐφραῒμ
2795 3416 2863 3470 τὰ
2906 3417 3123 3491 Σόμορα
3167 3422 3342 3488 καλεῖ,
3377 3425 3524 3480 τοῦτ’
3557 3428 3672 3482 ἐστι
3724 3429 3824 3503 τὴν

2234 3501 2579 3594 Σαμαρείανο
2648 3507 2983 3578 μητρόπολις
3044 3511 3152 3583 γὰρ
3208 3514 3522 3586 Σαμαρείας
3579 3501 3817 3594 Σόμορα.

2246 3593 2489 3666 Ἐφραῒμ
2513 3595 2572 3649 δὲ
2598 3597 2725 3651 ὅταν
2749 3599 2918 3670 λέγει,
2944 3601 3035 3656 τὸν
3073 3605 3292 3679 Ἰσραὴλ
3329 3608 3512 3678 δηλοῖ·
3547 3613 3695 3684 καὶή
3727 3632 3820 3668 κε-

2233 3685 2377 3758 φαλὴ
2426 3688 2682 3760 Σομόρων
2739 3690 2856 3755 υίὸς
2911 3691 3007 3746 τοῦ
3058 3694 3362 3766 Ῥομελίου,
3419 3699 3565 3754 τοῦτ’
3594 3703 3745 3756 ἐστιν
3794 3709 3823 3758 6

2230 3776 2407 3830 Φακεέ
2427 3790 2444 3806 ⁰
2470 3777 2654 3849 τρέχει
2685 3779 2744 3833 δὲ
2793 3779 2956 3836 πάλιν
2985 3783 3047 3837 τὸ
3087 3785 3360 3856 ἐκλείψει
3404 3791 3546 3845 κατά
3580 3795 3816 3849 πάντων.

2232 3866 2580 3938 Προσεπάγει
2605 3867 2664 3921 δέ
2693 3869 2925 3937 τούτοις
2948 3890 2967 3925 ι
2990 3872 3100 3927 Καὶ
3120 3873 3216 3929 ἐὰν
3243 3876 3316 3948 μὴ
3337 3878 3689 3952 πιστεύσητε,
3711 3884 3823 3937 οὐδ’

2229 3958 2290 4010 ού
2320 3959 2395 4030 μὴ
2426 3960 2644 4032 συνῆτε.
2683 3962 2870 4032 »Ἔχει
2895 3963 2950 4017 δέ
2972 3964 3068 4018 καὶ
3089 3967 3296 4040 σφόδρα
3325 3969 3384 4022 τὸ
3413 3971 3560 4037 εἰκὸς
3583 3975 3612 4026 6
3644 3974 3819 4042 λόγος.

2231 4047 2357 4109 Τοῖς
2382 4047 2492 4121 γὰρ
2516 4052 2636 4113 ταῖς
2673 4053 2955 4117 ἀπιστίαις
2983 4056 3396 4128 περιυϐρίζουσι
3433 4060 3526 4115 τὸν
3552 4062 3648 4116 τοῦ
3684 4065 3820 4119 Θεοῦ

2230 4138 2410 4206 λόγον,
2439 4140 2550 4194 οὐδ’
2583 4139 2648 4194 ἂν
2689 4142 2966 4211 ἐγγένοιτο
2999 4146 3214 4212 σύνεσις
3242 4151 3275 4220 ἡ
3321 4151 3475 4224 παρὰ
3511 4155 3698 4210 αὐτοῦ.
3733 4160 3822 4210 Δεῖ

2229 4229 2520 4300 τοιγαροῦν
2553 4230 2820 4302 ἀμελλητὶ
2851 4235 3102 4306 δέχεσθαι
3127 4238 3196 4293 τὰ
3237 4241 3390 4314 παρά
3413 4243 3571 4308 Θεοῦ,
3616 4248 3712 4301 καὶ
3739 4242 3820 4313 οἷς

2230 4320 2296 4377 ἂν
2317 4323 2664 4396 ὑπισχνεῖται
2692 4327 2788 4379 καὶ
2834 4326 2988 4382 λαλεῖ
3024 4332 3299 4387 συννεύειν
3335 4335 3590 4406 ἑτοίμως.
3625 4341 3818 4395 Ἔσται

2230 4413 2340 4487 γὰρ
2371 4415 2430 4469 ἐν
2461 4417 2593 4488 ἡμῖν
2622 4416 2796 4482 οὕτως
2827 4421 2860 4491 ή
2895 4419 3110 4487 σύνεσις
3137 4425 3337 4499 ἀγαθὴ,
3364 4429 3459 4482 καὶ
3487 4433 3822 4503 περιαστρά-

2161 4501 2205 4556 D
2232 4505 2324 4574 ψει
2351 4506 2442 4560 τὸν
2480 4508 2604 4565 νοῦν
2631 4510 2734 4581 τῆς
2758 4514 2890 4583 παρ’
2928 4513 3095 4569 αὐτοῦ
3132 4518 3324 4588 σοφίας
3349 4520 3378 4573 6
3408 4523 3711 4594 φωτισμός.

2301 4599 2412 4652 Καὶ
2442 4601 2774 4668 προσέθετο
2808 4605 3026 4674 Κύριος
3065 4609 3338 4680 ⁸ιιιλῆσειι
3369 4611 3451 4679 τῷ
3483 4615 3680 4682 Ἀχαζ
3714 4617 3816 4670 ,λέ-

2229 4707 2351 4759 γων
2371 4703 2385 4718 ·
2407 4693 2661 4759 Αίτησαι
2687 4695 2923 4763 σεαυτῷ
2951 4699 3207 4768 σημεῖον
3230 4703 3390 4772 παρὰ
3414 4707 3639 4773 Κυρίου
3669 4709 3819 4764 Θεοῦ

2229 4794 2348 4833 σου
2377 4782 2464 4846 εὶς
2502 4780 2716 4850 βάθος,
2751 4785 2790 4854 ἢ
2828 4789 2917 4855 εις
2943 4788 3123 4858 ὕψος.
3165 4793 3276 4847 Καί
3302 4789 3474 4850 εἷπεν
3501 4797 3697 4866 Ἄχαζ·
3734 4803 3820 4855 Οὐ

2223 4870 2310 4941 μὴ
2340 4872 2588 4941 αἰτήσω,
2623 4876 2763 4930 οὐδ’
2793 4881 2867 4934 οὐ
2886 4881 2972 4950 μὴ
3000 4883 3264 4952 πειράσω
3298 4888 3537 4958 Κύριον.

2299 4962 2439 5056 Τοὺς
2474 4966 2574 5038 τῆς
2609 4965 2888 5036 βασιλείας
2915 4970 3170 5029 διέποντα
3197 4974 3398 5042 θάκους
3428 4981 3486 5032 ἐν
3506 4982 3618 5045 τοῖς
3655 4982 3818 5056 Ἱερο-

2229 5054 2487 5126 σολύμοις
2543 5058 2636 5112 τὸν
2681 5059 2881 5131 Ἀχαζ,
2923 5063 3018 5117 καὶ
3061 5065 3197 5119 πολὺ
3245 5067 3363 5122 λίαν
3415 5054 3820 5130 ἀπονενευκύτα

2227 5148 2365 5221 πρὸς
2395 5151 2456 5204 τὸ
2495 5152 2729 5223 ἐξήνιον,
2760 5156 2856 5209 καὶ
2887 5158 2968 5220 είς
3001 5157 3063 5212 τὸ
3101 5161 3459 5230 προσκεῖσθαι
3489 5164 3665 5233 φιλεῖν
3695 5169 3820 5232 ταῖς

2224 5239 2335 5295 τῶν
2364 5241 2657 5314 δαιμονίων
2695 5243 3159 5320 ψευδολατρείαις,
3195 5250 3284 5306 διὰ
3327 5254 3527 5319 παντὸς
3556 5258 3821 5329 πειρᾶται

2222 5332 2427 5403 τρόπον
2483 5335 2874 5407 μετακομίζειν
2912 5338 3006 5392 ἐπὶ
3045 5340 3107 5394 τὸ
3135 5340 3378 5413 ἄμεινον,
3419 5344 3514 5399 καὶ
3545 5346 3627 5411 εἰς
3654 5364 3721 5417 γε
3762 5352 3824 5403 τὸ

2223 5425 2332 5480 δεῖν
2360 5426 2471 5481 τῶν
2490 5428 2591 5499 τῆς
2618 5429 2878 5502 ἀληθείας
2904 5433 3190 5501 ἐφικέσθαι
3221 5435 3530 5506 δογμάτων,
3564 5440 3660 5494 καὶ
3680 5441 3822 5513 ὀρθὰ

2224 5521 2443 5590 φρονεῖν
2476 5521 2694 5578 ἐλέσθαι
2743 5524 2871 5596 περὶ
2917 5523 3074 5579 Θεοῦ.
3111 5525 3321 5581 Οὐκοῦν
3372 5529 3678 5603 ἐπειδήπερ
3703 5536 3820 5598 τοῖς

2221 5611 2332 5664 τῶν
2362 5614 2598 5671 εἰδώλων
2631 5615 2998 5688 θεραπευταῖς
3029 5620 3158 5691 περὶ
3187 5621 3386 5676 πολλοῦ
3420 5623 3686 5689 ἐτέθειτο,
3721 5630 3819 5682 καὶ

2220 5697 2288 5773 ἦν
2314 5705 2373 5757 ἐν
2427 5709 2628 5779 σπουδῇ
2686 5709 2748 5762 τὸ
2796 5711 2995 5782 χρῆναι
3049 5711 3510 5786 περιεργάζεσθαι
3556 5719 3655 5782 τὰς
3706 5720 3818 5774 τῶν

2221 5797 2565 5868 πραγμάτων
2594 5801 2873 5870 ἐκϐάσεις,
2897 5804 2992 5857 καὶ
3023 5807 3310 5876 χρησμοὺς
3338 5807 3514 5861 αἰτεῖν
3537 5808 3597 5876 ἐξ
3624 5809 3814 5883 ιερῶν,
