4144 6302
356 351 482 419 εοι,

1497 342 1564 396 IN
1608 340 1838 422 tsatan
1881 341 2007 396 Lm.
2054 343 2091 396 t.
2135 342 2341 396 onar.
2380 341 2463 393 tv.

3498 332 3601 400 202

357 469 457 523 καὶ
514 468 627 529 τοῖς
674 463 780 518 τῶν
829 460 1243 533 ψευδομάντεων
1307 459 1689 528 φενακίζεσθαι
1739 460 1935 526 λόγοις,

2047 468 2095 512 et
2142 459 2381 526 impedit,
2417 455 2766 527 prmcipitque
2809 463 2867 507 ιιι
2908 467 3007 506 non
3058 449 3164 517 jam
3214 465 3278 503 ex
3326 451 3600 508 consuetis

364 559 626 614 κινδύνων
655 557 833 619 αὐτοῖς
864 555 1278 625 ἐπηρτημένων,
1312 552 1708 624 προανακόπτει
1741 552 1936 622 τρόπον

364 651 488 704 τινὰ
523 650 678 703 τοῦτο
709 648 968 719 μέλλοντα
1002 650 1172 700 ποιεῖν
1203 646 1398 716 Ἀχας,
1422 645 1515 696 καὶ
1541 646 1670 715 πρὸς
1699 644 1759 697 τὺ
1785 662 1938 696 τετα-

367 744 516 813 χέναι
559 761 609 794 τι
639 745 880 811 σημεῖον,
915 741 1014 792 οὐκ
1048 742 1112 791 ἐκ
1142 739 1249 791 τῶν
1283 738 1525 806 συνηθῶν
1561 737 1738 789 αὐτῶν
1774 754 1940 806 τεμε-

365 839 490 900 νών,
528 836 638 890 οὐδ’
670 838 736 887 ὲκ
763 833 872 886 τῶν
906 831 1319 901 ψευδομάντεων
1348 829 1446 891 ἔτι,
1486 828 1683 898 μᾶλλον
1710 828 1765 880 δὲ
1791 827 1940 898 παρὰ

363 930 570 1000 Κυρίου
594 928 688 980 τοῦ
716 924 873 979 Θεοῦ.
909 924 1018 977 Καὶ
1044 923 1134 975 τὸν
1167 925 1265 992 τῆς
1305 922 1571 990 αἰτήσεως
1597 919 1796 990 τρόπον
1820 923 1940 981 ταῖς

365 1021 530 1075 αὑτοῦ
577 1020 778 1090 ψήφοις
823 1017 1233 1085 ἀπονενέμηκεν
1265 1013 1432 1066 εἰπών
1457 1032 1470 1044 ·
1507 1033 1523 1063 ι
1571 1014 1663 1075 Εἰς
1698 1012 1855 1082 βάθος
1904 1011 1936 1081 ἢ

367 1113 446 1174 εἰς
477 1110 625 1178 ὕψος,
661 1129 678 1160 ι
712 1106 856 1160 τοῦτ’
886 1107 1052 1171 ἐστιν,
1086 1105 1118 1174 ἢ
1146 1105 1226 1166 εἰς
1255 1101 1501 1173 οὐρανὸν,
1528 1102 1560 1171 ἦ
1588 1103 1666 1164 εἰς
1691 1105 1813 1172 γῆν,
1845 1102 1937 1154 καὶ

365 1205 434 1256 τὰ
457 1203 535 1255 ἔτι
570 1200 884 1270 κατωτέρω.
916 1198 1025 1250 Καὶ
1072 1194 1560 1264 πεπληροφόρηκεν
1609 1191 1694 1244 διὰ
1728 1192 1935 1257 τούτου,

367 1296 462 1347 καὶ
485 1293 663 1350 δίδωσι
687 1294 848 1353 νοεῖν,
876 1291 958 1342 ὅτι
988 1286 1119 1349 Θεὸς
1150 1287 1407 1355 ὑπάρχων
1435 1284 1541 1337 τῶν
1567 1284 1700 1336 ὅλων
1720 1285 1811 1336 καὶ
1835 1283 1940 1334 Κύ-

371 1400 508 1454 ριος,
539 1381 623 1433 ἐπ’
671 1380 917 1444 ἐξουσίας
964 1374 1255 1445 ἐργάζεται
1286 1376 1346 1426 τὸ
1377 1372 1584 1436 δοκοῦν,
1624 1372 1724 1426 κᾶν
1757 1374 1864 1425 εἴτε
1887 1391 1937 1425 τι

371 1473 481 1526 τῶν
538 1475 593 1524 ὲν
620 1469 836 1540 ούρανῴ
885 1469 1100 1537 βλέπειν
1155 1466 1410 1537 βούλοιτο,
1445 1464 1543 1518 κᾶν
1575 1463 1685 1516 εἴτε
1732 1483 1780 1517 τι
1831 1465 1939 1518 τιίν

377 1567 471 1620 ἐπὶ
494 1566 589 1634 τῆς
614 1563 738 1631 γῆς.
765 1559 1112 1631 Παραιτεῖταί
1133 1576 1192 1626 γε
1221 1559 1322 1629 μὴν
1343 1559 1371 1609 ὁ
1386 1557 1576 1627 Ἄχας,
1598 1558 1694 1627 ούχ
1713 1558 1789 1620 ὡς
1809 1557 1939 1612 Θεὸν

379 1656 714 1724 αἰδούμενος,
753 1652 1110 1722 περιυϐρίζων
1140 1651 1194 1704 δὲ
1247 1650 1444 1720 μᾶλλον
1485 1652 1511 1701 ὁ
1553 1649 1797 1712 δείλαιος,
1840 1647 1939 1704 κᾶν

379 1751 428 1799 εἰ
455 1751 563 1809 τοῖς
590 1744 647 1810 ἐξ
668 1744 944 1805 εὐλαϐείας
966 1741 1370 1809 ἐπισεμνύνοιτο
1401 1741 1593 1808 λόγοις.
1626 1740 1699 1791 Οὐ
1729 1740 1835 1812 γὰρ
1865 1738 1940 1808 μὴ

2044 551 2140 605 sibi
2167 552 2424 613 delubris,
2464 565 2564 600 non
2614 564 2679 601 ex
2707 545 2859 599 vanis
2891 545 3121 607 vatibus,
3160 543 3249 595 sed
3288 556 3315 593 a
3364 539 3599 593 Domino

2043 641 2149 695 Deo
2182 643 2362 708 potius
2387 643 2595 708 signum
2632 648 2794 708 petat.
2840 636 3021 691 Genus
3061 635 3223 686 etiam
3273 643 3326 686 et
3373 631 3595 684 modum

2042 734 2313 803 petitionis
2360 734 2598 800 assignat
2634 745 2726 783 sua
2766 728 3054 789 sententia,
3094 740 3213 780 cum
3267 724 3443 778 dicit:
3481 742 3500 774 ι
3540 721 3599 776 In

2041 828 2390 896 profundum,
2425 826 2506 880 vel
2551 827 2601 878 in
2648 825 2940 885 excelsum,
2983 842 2998 874 ι
3039 822 3140 874 hoc
3175 828 3276 883 est,
3318 819 3369 872 in
3403 817 3598 873 caelum

2042 919 2125 974 vel
2155 922 2204 972 in
2241 931 2463 985 terram,
2506 927 2667 986 atque
2699 919 2829 971 adeo
2863 915 3137 969 inferiora.
3168 913 3373 981 Quibus
3423 904 3603 966 verbis

2042 1013 2235 1078 prohat
2269 1027 2331 1064 ac
2367 1012 2658 1076 significat,
2687 1017 2851 1066 Deum
2887 1023 3006 1062 esse
3037 1004 3404 1060 universitatis
3431 1001 3603 1055 Domi-

2041 1120 2192 1166 num,
2241 1116 2292 1156 et
2334 1119 2428 1172 per
2473 1112 2788 1170 potestatem
2833 1111 2886 1152 et
2931 1098 3305 1152 auctoritatem
3345 1093 3603 1164 quidquid

2041 1194 2211 1248 visum
2274 1204 2358 1246 est
2411 1192 2647 1256 efficere,
2689 1193 2800 1245 sive
2873 1206 3052 1244 rerum
3106 1188 3436 1249 cmlcstium,
3489 1184 3605 1239 sive

2055 1287 2386 1339 terrestrium
2475 1285 2904 1353 procuratiOnem
2990 1279 3220 1334 voluerit
3302 1279 3599 1345 suscipere.

2039 1379 2306 1447 licpudiat
2324 1378 2512 1430 deinde
2526 1377 2793 1436 Achazus,
2814 1391 2915 1428 non
2945 1373 3095 1443 quasi
3115 1373 3278 1425 Deum
3305 1371 3593 1433 reveritus,

2039 1471 2132 1523 sed
2163 1469 2484 1522 contumelia
2511 1469 2688 1536 potius
2710 1467 2950 1522 afficiens
2979 1467 3163 1529 miser,
3186 1462 3399 1518 etiantsi
3425 1461 3604 1515 verbis

2042 1560 2225 1629 piis_et
2255 1561 2520 1628 religiosis
2544 1561 2822 1631 glorietur.
2851 1559 2964 1614 Non
2989 1559 3156 1622 enim,
3178 1558 3372 1624 inquit,
3401 1564 3600 1625 petam,

2044 1669 2141 1706 nec
2161 1655 2377 1706 tentabo
2399 1653 2700 1707 Dominum.
2725 1653 2851 1705 Nam
2881 1668 3001 1706 cmn
3023 1651 3243 1720 jubente
3265 1649 3373 1703 Deo
3396 1658 3600 1717 petere,

2046 1745 2087 1798 si
2126 1755 2304 1813 petere
2338 1745 2509 1806 nolis,
2564 1747 2704 1813 sapit
2743 1743 3079 1798 manifestam
3114 1742 3480 1809 impietatem.
3529 1739 3606 1791 si-

380 1841 612 1908 αἰτήσω,
667 1838 846 1907 φησὶν,
889 1836 996 1888 οὐδ’
1047 1835 1107 1887 ού
1164 1834 1237 1907 μὴ
1281 1833 1526 1904 πειράσω
1580 1832 1671 1888 τὸν
1718 1831 1940 1902 Κύριον.

2048 1837 2215 1888 mnlat
2247 1853 2305 1889 se
2333 1837 2472 1890 nolle
2513 1837 2684 1904 ip8ttln
2725 1845 2952 1899 tentare,
3001 1844 3057 1889 et
3102 1835 3264 1888 verba
3304 1833 3416 1886 fere
3470 1829 3605 1898 legis

393 1930 605 2000 Ἐπειδὴ
641 1930 748 1998 γὰρ
775 1927 906 1980 Θεοῦ
930 1925 1351 1998 προστάττοντος
1380 1926 1574 1986 αἰτεῖν,
1597 1924 1656 1976 τὸ
1681 1923 1754 1994 μὴ
1778 1925 1948 1976 αἰτεῖ-

379 2024 501 2076 σθαι
535 2022 706 2077 θέλειν
738 2021 964 2092 ἐναργὲς
996 2019 1108 2089 ἔχει
1135 2020 1194 2071 τὸ
1229 2018 1507 2083 δυσσεϐὲς,
1548 2017 1947 2073 ὑποπλὰττεται

371 2116 432 2167 τὸ
479 2116 553 2183 μὴ
589 2111 881 2182 πειρᾶσθαι
931 2109 1102 2164 θέλειν
1143 2108 1326 2173 αὐτὸν,
1361 2107 1454 2160 καὶ
1494 2107 1714 2177 νομικὸν
1758 2104 1946 2176 ὥσπερ

371 2208 689 2278 προΐσχεται
720 2205 806 2272 λόγ
819 2220 905 2256 ον’
954 2221 972 2254 ι
1006 2204 1080 2256 Οὐ
1107 2201 1218 2273 γὰρ
1247 2201 1596 2272 ἐκπειράσεις
1624 2200 1825 2270 Κύριον
1853 2200 1945 2251 τὸν

371 2301 505 2353 Θεόν
550 2315 663 2352 σου.
713 2316 731 2348 ι
772 2297 964 2349 Καίτοι
1017 2293 1131 2357 πῶς
1183 2293 1282 2363 οὐχ
1323 2291 1658 2346 ἁπαστισοῦν
1706 2292 1806 2361 τῆς
1851 2289 1947 2344 τοῦ

375 2389 551 2463 "sz;
605 2390 927 2459 σκαιότητος
982 2385 1311 2456 καταϐοήσει
1365 2383 1555 2452 λόγος;
1616 2381 1790 2435 Αὐτοῦ
1842 2381 1950 2450 γὰρ

371 2488 616 2552 ἐφιέντος
655 2485 823 2538 αἰτεῖν
854 2477 948 2533 τοῦ
995 2476 1152 2539 Θεοῦ,
1198 2475 1316 2538 πῶς
1342 2474 1442 2526 οὐκ
1485 2474 1705 2543 ἄμεινον
1749 2471 1810 2524 τὸ
1835 2471 1948 2535 ἐλέ-

377 2577 502 2630 σθαι
537 2574 734 2645 μᾶλλον
778 2573 954 2624 ἐκεῖνο
993 2569 1149 2640 δρᾷν,
1180 2567 1209 2620 ὃ
1242 2564 1629 2634 προστέταχεν,
1659 2563 1690 2634 ἢ
1731 2564 1948 2633 δυστρό-

380 2685 502 2728 ire);
534 2663 918 2733 εύρεσιλογεῐν,
964 2659 1059 2712 καὶ
1111 2658 1382 2726 πρόφασιν
1421 2653 1723 2716 εὐπειθείας
1780 2657 1946 2716 ποιεῖ-

382 2759 510 2810 σθαι
551 2753 756 2822 σαθρὰν
791 2752 873 2815 τὸ,
910 2751 982 2802 Οὺ
1026 2749 1100 2820 μὴ
1142 2748 1385 2818 πειράσω
1426 2745 1655 2817 Κύριονς
1699 2745 1833 2806 Ἀλλ’
1874 2741 1943 2817 ἦν

380 2851 410 2903 ὁ
439 2844 640 2907 σκοπὸς
673 2842 820 2913 αὐτῷ
858 2843 984 2904 τοὺς
1027 2840 1126 2909 μὲν
1167 2839 1367 2893 ἄνωθεν
1405 2840 1495 2892 καὶ
1525 2837 1672 2910 παρά
1700 2837 1832 2892 Θεοῦ
1865 2837 1942 2911 μὴ

388 2937 708 3013 προσίεσθαι
761 2937 968 3004 λόγους,
1017 2934 1180 3004 ψήφῳ
1211 2932 1267 2988 δὲ
1318 2930 1514 3002 μᾶλλον
1561 2934 1627 3004 τῇ
1675 2931 1943 3002 κρείττονι

2034 1925 2326 1986 obtendit:
2367 1943 2385 1974 ι
2431 1923 2542 1977 Non
2597 1926 2741 1978 enim
2799 1925 3030 1978 tentabis
3091 1923 3376 1976 Dominum
3434 1910 3602 1974 De'utn

2047 2014 2286 2067 tuum”.
2347 2034 2366 2066 ι
2436 2015 2626 2069 Annuit
2669 2026 2850 2068 autem
2918 2025 3001 2068 est
3067 2015 3190 2074 huic
3255 1996 3597 2084 perversitati

2043 2105 2244 2161 Achazi
2282 2106 2437 2175 pleno
2467 2121 2561 2159 ore
2604 2106 3085 2167 ret-.lamitandum?
3125 2104 3258 2159 Nam
3287 2120 3409 2162 cum
3464 2105 3602 2158 Deus

2047 2209 2229 2266 petere
2249 2196 2484 2266 juberet,
2512 2215 2686 2255 annon
2709 2197 3020 2268 praestabat,
3043 2197 3172 2253 illud
3194 2199 3332 2266 quod
3355 2196 3607 2262 praecepit

2048 2289 2266 2351 facere,
2319 2302 2478 2356 quam
2540 2289 2770 2356 maligne
2825 2287 3102 2356 captiones
3147 2286 3503 2347 comminisci,
3553 2295 3608 2336 et

2050 2381 2454 2436 excusationem
2515 2379 2891 2434 ioohedientiae
2955 2377 3202 2432 frivolam
3254 2385 3602 2446 praetexere.

2047 2471 2295 2527 scilicet:
2345 2469 2457 2524 Non
2495 2471 2713 2522 tentabo
2761 2469 3086 2523 Dominum?
3137 2467 3334 2522 Verum
3390 2465 3494 2522 hoc
3529 2465 3605 2520 illi

2049 2563 2100 2616 in
2130 2563 2310 2617 animo
2339 2573 2478 2624 erat,
2516 2576 2741 2630 superos
2767 2570 2926 2630 atque
2950 2559 3160 2613 divinos
3181 2571 3460 2617 sermones
3494 2571 3600 2615 non

2048 2654 2319 2723 amplecti,
2346 2655 2439 2707 sed
2473 2654 2812 2708 fatidicorum
2850 2652 3030 2720 potius
3056 2651 3411 2710 deliramenta
3445 2663 3605 2704 coro-

2048 2761 2199 2809 nare,
2227 2756 2281 2799 et
2308 2743 2624 2800 candidiore
2657 2744 2864 2800 calculo
2897 2741 3192 2810 anteferre,
3248 2741 3606 2813 auguriorum

2050 2851 2308 2904 responsa
2339 2836 2608 2893 curiosius
2645 2836 2933 2902 sciscitari,
2981 2845 3038 2892 et
3064 2835 3366 2891 dzemonum
3414 2835 3608 2906 praesis

2048 2931 2194 2984 dium
2235 2930 2544 2999 implorare.

390 3028 780 3102 στεφανοῦντας
837 3029 924 3082 τὸν
979 3028 1383 3099 χρησμολόγον,
1435 3026 1790 3098 ψευδοεπείας
1846 3027 1940 3086 καὶ
1977 3029 2099 3090 ταῖς
2141 3026 2344 3080 οἰωνῶν
2389 3026 2528 3096 τάχα
2583 3043 2683 3078 που
2743 3026 3198 3096 περιεργάζεσθαι
3233 3043 3483 3098 πτησεσι,
3513 3027 3609 3082 καὶ

385 3129 484 3190 τὰς
511 3130 575 3180 ἐκ
600 3127 702 3184 τῶν
726 3123 1010 3195 δαιμονίων
1037 3123 1354 3195 ἐπικουρίας
1385 3125 1576 3180 αἰτεῖν.

451 3218 560 3275 Kal
603 3213 784 3274 εἶπεν
861 3216 1175 3272 Ἀκούσατε
1214 3215 1326 3282 δὴ,
1381 3211 1549 3282 οἶκος
1596 3213 1792 3280 Δαϐὶὸ,
1854 3215 1941 3285 μὴ

2119 3216 2279 3270 Vens.
2314 3214 2398 3267 15.
2451 3211 2516 3265 Ει
2558 3213 2734 3266 dixit:
2771 3214 2979 3278 Audite,
3013 3212 3197 3268 damus
3246 3213 3418 3268 David
3441 3232 3459 3268 :
3487 3233 3609 3269 num

370 3311 587 3386 μικρὸν
611 3310 752 3380 ὑμῖν
774 3308 975 3378 ἀγῶνα
1001 3307 1284 3377 παρέχειν
1309 3307 1638 3376 ἀνθρώποις
1659 3324 1677 3370 ;
1697 3308 1796 3362 καὶ
1820 3307 1946 3375 πῶς

375 3401 568 3468 Κυρίῳ
595 3401 884 3468 παρέχετε
916 3396 1148 3468 dréra;
1177 3397 1280 3451 Διὰ
1306 3395 1480 3455 τοῦτο
1507 3396 1686 3453 δώσει
1732 3399 1946 3468 Κύριος

377 3490 558 3555 αὐτὸς
583 3491 724 3560 ὑμῖν
749 3490 1022 3559 σημεῖον.

459 3583 847 3654 Ἀπειρηκότος
871 3581 964 3635 τοῦ
997 3582 1170 3652 ’Δχαζ
1206 3581 1298 3638 τοῦ
1332 3581 1555 3652 σημείου
1580 3582 1678 3653 τὴν
1708 3581 1941 3652 αἴτησιν,

380 3674 480 3726 οὐκ
501 3672 832 3742 ἀνεχομένου
861 3689 921 3723 τε
945 3675 1108 3742 τιμᾷν
1139 3672 1172 3742 ἦ
1211 3672 1407 3732 εἰδέναι
1444 3672 1532 3726 τὸν
1569 3673 1727 3742 φύσει
1765 3691 1825 3727 τε
1853 3675 1947 3727 καὶ

381 3765 595 3836 ἀληθῶς
626 3765 753 3818 ὄντα
784 3763 935 3828 Θεὸν,
966 3765 1057 3815 καὶ
1094 3765 1199 3817 τῶν
1227 3764 1362 3817 ὅλων
1387 3764 1610 3834 Κύριον,
1653 3765 1734 3817 ὅτι
1765 3763 1842 3836 μὴ
1867 3765 1947 3827 είς

382 3860 530 3914 ἅπαν
554 3856 950 3928 ἁγνοηθήσεται
985 3857 1133 3926 παρὰ
1162 3856 1255 3910 τοῦ
1293 3855 1522 3927 Ἰσραὴλ,
1553 3857 1692 3927 μήτε
1725 3857 1829 3927 μὴν
1855 3856 1946 3910 τὸν

386 3951 516 4004 ἴδιον
544 3947 800 4006 ἀπολέσει
831 3947 1054 4017 κλῆρον,
1094 3947 1206 4000 ἀλλ’
1234 3948 1621 4017 ἐπιγνώσονται
1649 3947 1787 4010 κατὰ
1821 3964 1945 4004 και-

386 4042 532 4113 ροὺς,
573 4040 734 4099 αὑτὸν
775 4041 1032 4110 πειρᾶται.
1068 4038 1352 4094 διδάσκειν.
1380 4040 1526 4110 Πλὴν
1563 4039 1744 4094 οὐκέτι
1788 4039 1945 4108 λόγου

389 4135 486 4203 μὲν
523 4132 662 4196 ἀξιοῖ
696 4132 787 4184 τὸν
837 4131 1030 4201 Ἀχαζ,
1079 4131 1335 4202 ὑϐριστὴν
1382 4131 1511 4186 ὄντα
1551 4132 1645 4185 καὶ
1695 4130 1942 4202 θεομισῆ,

385 4221 817 4292 προσπεφώνηκε
845 4221 900 4272 δὲ
931 4220 1125 4290 μᾶλλον
1160 4221 1238 4290 τῷ
1263 4221 1394 4290 οἴκῳ
1423 4221 1607 4284 Δαὸὶδ,
1632 4220 1775 4274 τοῦτ’
1808 4221 1942 4287 ἔστι,

383 4313 500 4374 τοῖς
549 4313 613 4364 ὲκ
656 4311 829 4381 φυλῆς
872 4311 1056 4375 Ἰούδα,
1088 4310 1146 4380 ἐξ
1190 4309 1259 4385 ἧς
1313 4312 1408 4365 καὶ
1461 4312 1623 4374 αὐτὸς
1665 4312 1854 4382 γέγονε
1885 4314 1947 4366 τὸ

383 4400 528 4460 κατὰ
556 4402 734 4472 σάρκα
756 4402 1004 4468 Χριστός.
1048 4400 1453 4473 Ἀνεξικάκῳ[ς]
1480 4402 1535 4454 δὲ
1568 4401 1688 4455 λίαν
1716 4402 1790 4466 ὡς
1819 4402 1948 4466 Θεὸς

383 4496 614 4546 ποιεῖται
635 4494 734 4562 τὴν
757 4495 1170 4567 προαγόρευσιν.
1200 4495 1698 4565 Προαιτιασάμενος
1723 4495 1830 4566 γὰρ
1867 4495 1948 4549 ὅτι

2046 3322 2230 3376 parum
2280 3305 2420 3360 robis
2477 3317 2554 3360 est
2611 3306 2900 3360 molestiam
2975 3306 3216 3361 exhibere
3267 3308 3611 3363 hominibus?

2051 3398 2202 3467 121
2221 3398 2445 3452 etianme
2467 3397 2691 3452 Domino
2721 3399 2975 3467 facessitis
3001 3400 3260 3470 negotium
3279 3400 3305 3454 .9
3323 3398 3610 3470 Propterea

2045 3489 2188 3543 dabit
2220 3488 2475 3544 Dominus
2505 3490 2612 3558 ipse
2631 3489 2772 3544 vobis
2803 3491 3031 3560 signum.

2113 3580 2247 3634 Cum
2281 3582 2530 3636 Achazus
2557 3582 2695 3650 signi
2739 3582 3053 3652 petitionem
3097 3582 3480 3651 detrectasset,
3513 3602 3611 3641 nec

2045 3673 2339 3728 sustineret
2389 3673 2570 3728 colere
2615 3683 2708 3727 aut
2755 3690 3089 3743 cognoscere
3135 3685 3326 3731 natura
3381 3687 3443 3732 et
3485 3693 3611 3732 vere

2048 3766 2238 3831 Deum,
2282 3777 2335 3821 et
2379 3767 2662 3822 Dominum
2697 3769 3092 3832 universitatis}
3125 3779 3352 3823 conatur
3393 3772 3607 3836 docere,

2047 3871 2168 3911 eum
2198 3873 2305 3913 non
2352 3861 2564 3927 penitus
2583 3858 2832 3926 ignotum
2866 3857 2981 3912 fore
3007 3857 3212 3921 lsraefi,
3247 3874 3423 3926 neque
3455 3875 3608 3914 suam

2047 3958 2244 4002 sortem
2289 3952 2646 4018 perditurum,
2679 3951 2772 4005 sed
2821 3951 2949 4007 olim
2995 3966 3088 4006 eos
3132 3951 3278 4004 illum
3309 3951 3608 4020 agnituros.

2047 4039 2321 4092 Achazum
2349 4055 2474 4094 vero
2508 4041 2826 4095 insolentem
2862 4051 2916 4095 et
2946 4043 3037 4095 Dei
3075 4042 3306 4105 hostem,
3334 4057 3446 4094 non
3471 4040 3611 4096 ulte-

2049 4131 2164 4184 rius
2207 4129 2444 4197 alloquio
2474 4131 2744 4197 dignatur,
2781 4130 2875 4182 sed
2906 4132 3120 4183 domum
3173 4130 3350 4197 potius
3388 4127 3606 4184 Davidi-

2048 4235 2167 4274 cam
2199 4218 2505 4288 compellat,
2537 4221 2586 4272 id
2615 4229 2723 4282 est,
2752 4233 2853 4272 eos
2878 4220 2968 4288 qui
2997 4235 3063 4273 ex
3098 4220 3237 4274 tribu
3259 4215 3399 4276 Juda
3430 4232 3610 4292 erant,

2049 4327 2117 4365 ex
2144 4327 2252 4381 qua
2292 4321 2449 4364 natus
2493 4318 2576 4365 est
2613 4310 2902 4364 secundum
2927 4326 3144 4366 carnem
3194 4312 3306 4380 ipse
3337 4312 3607 4370 Christus.

2055 4403 2374 4457 Vaticinium
2410 4413 2589 4456 autem
2621 4403 2722 4456 hoc
2750 4401 3172 4457 clementissime
3200 4415 3254 4457 ιιι
3284 4405 3425 4460 Deus
3453 4405 3613 4461 insti-

2050 4496 2170 4560 tuit,
2204 4508 2465 4548 accusans
2504 4495 2756 4562 primum,
2798 4495 2939 4561 quod
2972 4508 3068 4562 pro
3106 4494 3272 4547 nihilo
3299 4495 3610 4560 haberetur,

384 4583 671 4653 πεποίηται
689 4585 817 4653 παρ’
835 4585 984 4637 οὐδὲν
1001 4585 1060 4637 τὸ
1078 4586 1169 4637 καὶ
1187 4583 1334 4654 αὑτῷ
1349 4583 1799 4657 προσκροῦσαιτῴ
1811 4585 1944 4638 πάν-

2055 4583 2225 4650 ipsum
2258 4583 2418 4636 etiam
2445 4581 2607 4638 Deum
2630 4584 3048 4650 omnipotentem
3069 4582 3338 4638 ofi'endere
3367 4595 3420 4638 et
3447 4585 3611 4640 veluti

385 4691 454 4728 τα
485 4673 714 4743 ἰσχύοντι
730 4676 866 4746 Θεῷ,
891 4678 982 4729 καὶ
1002 4672 1111 4729 οἷον
1139 4676 1352 4743 ἀγῶνας
1375 4676 1520 4747 αύτῴ
1538 4679 1630 4730 καὶ
1643 4679 1944 4748 καμάτους,

384 4761 512 4834 τόγε
535 4757 668 4833 ἧκον
694 4767 772 4827 εἰς
802 4767 1026 4829 αὐτοὺς,
1062 4766 1304 4821 σαλεύειν
1333 4767 1622 4838 ἐπιχειρεῖν
1644 4769 1730 4820 διά
1763 4785 1824 4838 γε
1853 4769 1945 4820 τοῦ

386 4853 465 4925 μὴ
493 4852 663 4909 θέλειν
685 4855 990 4927 όρθοποδεῖν
1010 4875 1021 4886 ·
1048 4858 1167 4910 τότε
1193 4857 1256 4930 δὴ
1273 4857 1390 4915 τότε
1409 4857 1504 4927 τῆς
1520 4858 1744 4916 καθόλου
1773 4877 1830 4911 τε
1854 4860 1946 4912 καὶ

379 4948 750 5019 γενικωτάτης
779 4950 1096 5019 ἐπικουρίας
1122 4953 1353 5003 ποιεῖται.
1389 4950 1488 5021 τὴν
1519 4952 1944 5022 προανάρρησιν.

379 5035 476 5104 τΩ,
495 5040 692 5104 τοίνυν,
721 5042 902 5110 φησιν,
927 5037 1072 5104 οἶκος
1097 5042 1278 5106 Δαϐιδ,
1306 5046 1353 5096 εἰ
1375 5041 1435 5095 τὸ
1457 5042 1758 5114 ἀνθρώποις
1791 5061 1950 5116 προσ-

381 5129 602 5200 κρούειν
627 5133 726 5183 ούκ
757 5133 1009 5203 ἀζήμιον,
1041 5132 1094 5185 τί
1115 5132 1191 5202 τῷ
1224 5134 1414 5204 Κυρίῳ
1448 5135 1712 5204 παρέχετε
1741 5137 1947 5203 ἀγῶνα,

379 5215 460 5288 τῷ
493 5217 739 5282 κολάζειν
763 5220 862 5289 μὲν
886 5221 984 5273 οὐκ
1012 5220 1266 5285 ἐθέλοντι,
1298 5222 1533 5293 ἰσχύοντι
1566 5223 1624 5276 δὲ
1643 5223 1798 5277 τοῦτο
1819 5225 1949 5295 δρᾷν

381 5310 478 5366 καὶ
505 5310 624 5367 λίαν
643 5313 900 5380 εύκόλως;
919 5313 1135 5382 Ἐπειδὴ
1159 5313 1215 5366 δὲ
1232 5315 1583 5386 παραιτεῖσθε
1611 5315 1702 5373 τοῦ
1723 5317 1948 5387 σημείου

383 5403 482 5473 τὴν
503 5404 738 5474 αἴτησιν,
770 5405 1068 5475 αύτὸμολός
1101 5409 1213 5478 έίμι
1254 5410 1389 5480 πρὸς
1424 5407 1598 5472 τοῦτο,
1635 5409 1794 5480 φησίν
1814 5426 1828 5438 ³
1856 5409 1957 5462 κᾶν

377 5496 438 5549 εἱ
467 5494 739 5563 βούλοισθε
785 5500 981 5560 νοσεῖν,
1020 5497 1210 5566 ἐπάγω
1252 5499 1349 5571 τὴν
1383 5498 1696 5568 θεραπείαν,
1726 5500 1956 5571 ἐπείπερ

383 5584 503 5653 εἰμὶ
549 5585 780 5655 χρηστὸς
822 5588 915 5641 καὶ
942 5587 1338 5657 φιλάνθρωπος.
1380 5589 1550 5652 Αὐτὸς
1589 5590 1714 5660 ύμῖν
1752 5590 1955 5662 Κύριος

460 5740 504 5772 ³⁷
543 5742 698 5798 Deut.
733 5761 807 5811 Vi,
834 5745 917 5797 16.

699 5836 976 5905 PATROL.
1023 5835 1138 5895 Gn.
1188 5833 1356 5900 LXX.

2056 4674 2328 4728 molestias
2387 4689 2451 4729 ac
2497 4675 2707 4744 negotia
2756 4676 3022 4729 exhibere
3075 4676 3122 4730 ei
3161 4676 3302 4744 quod
3351 4676 3418 4730 ad
3467 4675 3615 4744 ipsos

2055 4769 2270 4828 attinet,
2302 4781 2365 4821 eo
2401 4768 2542 4836 quod
2579 4778 2726 4822 recto
2757 4769 2889 4837 pede
2929 4771 3175 4824 incedere
3208 4767 3432 4824 nollent.
3460 4770 3613 4827 Tune

2053 4859 2302 4912 catholici
2364 4860 2727 4928 latissimeque
2768 4861 3003 4926 patentis
3064 4861 3247 4914 auxilii
3297 4863 3608 4918 vaticinium

2051 4951 2270 5018 profert.
2326 4948 2371 5005 Ο
2429 4953 2638 5015 domus,
2695 4951 2886 5019 inquit,
2946 4952 3160 5006 Davidis
3203 4971 3216 5006 :
3265 4955 3308 5010 si
3364 4956 3612 5010 homines

2052 5044 2265 5109 quidem
2306 5041 2576 5096 offendero
2629 5057 2732 5096 non
2776 5043 2898 5095 licet
2949 5044 3198 5111 impune,
3245 5046 3468 5099 Domino
3520 5049 3612 5114 qui

2052 5130 2244 5197 punire
2273 5129 2484 5196 quidem
2519 5145 2622 5184 non
2672 5131 2800 5195 vult,
2833 5142 3002 5200 potest
3030 5144 3208 5186 autem
3247 5145 3301 5188 et
3330 5133 3611 5197 facillime.

2052 5221 2179 5289 quid
2217 5220 2412 5274 creatis
2444 5220 2776 5277 molestiam?
2816 5225 3076 5289 thniam
3106 5234 3282 5276 autem
3323 5239 3418 5279 vos
3455 5240 3610 5280 recu-

2050 5314 2185 5368 satis
2213 5314 2424 5382 signum
2459 5324 2660 5382 petere,
2698 5316 2810 5384 ipse
2836 5327 3024 5384 sponte
3058 5332 3173 5368 mea
3208 5316 3364 5369 venio
3389 5318 3454 5369 ad
3487 5317 3614 5390 hoc,

2055 5405 2246 5474 inquit,
2279 5415 2335 5459 et
2364 5405 2490 5460 licet
2519 5405 2692 5460 velitis
2721 5418 3003 5476 aegrotare,
3032 5407 3237 5460 adduco
3266 5405 3612 5478 medicinam,

2054 5497 2479 5566 quandoquidem
2513 5498 2773 5567 benignus
2803 5513 2943 5563 sum,
2968 5507 3020 5551 et
3044 5497 3275 5552 hominis
3307 5511 3619 5562 amanussn

2053 5605 2192 5644 mus.
2227 5589 2343 5658 Ipse
2378 5588 2638 5645 Dominus
2681 5589 2830 5644 vobis
2861 5589 3068 5659 signum
3111 5588 3280 5651 dabit.
3311 5596 3458 5644 certo
3488 5601 3612 5654 perv
