4144 6302
565 386 674 446 2ὑὸ

1549 375 1604 431 S.
1649 372 1920 430 CYRILLI
1958 373 2420 428 ALEXANDRINI
2456 372 2772 428 ARCHIEP.

3679 359 3803 417 205-

566 504 798 563 suadens
849 500 1097 556 lsraelem
1143 503 1411 553 errantem
1457 510 1554 551 suo
1591 503 1830 563 tempore
1857 503 2126 575 servatum

2256 494 2386 548 ὡσει
2421 496 2666 565 σημεῖον,
2692 489 3048 564 πληροφορῶν
3079 489 3160 540 ὅτι
3189 485 3280 540 καὶ
3320 482 3625 554 σωθήσεται
3650 481 3791 537 κατὰ

566 597 634 652 iri
674 605 767 649 :‘et
796 608 901 648 non
957 592 1322 663 ignoraturum
1358 586 1670 649 Dominum,
1727 585 1819 639 sed
1864 585 2123 639 cultorem

544 686 664 744 ’κυεῖ
717 683 1004 742 servatoris
1048 696 1354 738 evasurum.
1386 679 1444 734 Id
1485 689 1664 733 autem
1716 692 1813 746 per
1857 676 2126 730 Christum

570 777 860 847 perfectum
892 784 991 840 est,
1031 775 1119 844 qui
1156 773 1366 826 vocavit
1400 773 1463 825 ad
1494 768 1820 839 agnitionem
1854 765 2126 829 lsraelem,

568 869 821 936 uumique
844 876 1063 936 peccato
1090 873 1144 919 et
1170 864 1433 936 lignorum
1469 876 1535 916 ac
1563 859 1798 932 lapidum
1827 859 1969 913 cultu
1997 858 2131 912 libe-

569 961 709 1013 ravit
738 959 927 1027 ipsum.

644 1135 812 1191 Vens.
840 1133 1027 1189 lli-16.
1064 1130 1196 1185 Ecce
1215 1132 1356 1201 virgo
1384 1132 1436 1182 in
1456 1138 1601 1181 utero
1627 1127 1859 1188 habebit,
1888 1137 1935 1180 et
1966 1127 2133 1189 pariet

571 1230 764 1304 ﬁlium,
789 1241 833 1282 et
866 1228 1117 1281 vocabunt
1143 1240 1327 1276 nomen
1353 1224 1487 1291 ejus,
1522 1217 1853 1272 Emmanuel.
1879 1218 2135 1287 Butyrum

573 1334 619 1376 et
682 1320 781 1375 mcl
821 1319 1084 1380 comedet;
1119 1316 1418 1383 priusquam
1466 1313 1597 1365 sciat
1648 1310 1736 1361 ille
1763 1308 1905 1360 mala
1938 1324 2139 1376 pra'po-

576 1429 717 1475 nere,
741 1412 885 1477 eliget
920 1408 1131 1461 bonum.
1158 1403 1285 1458 Ideo
1307 1406 1611 1473 priusquam
1635 1399 1762 1453 sciat
1781 1414 1910 1468 puer
1949 1398 2137 1452 bonum

577 1506 653 1560 rel
706 1504 941 1563 malum,
1008 1497 1222 1550 malitite
1285 1511 1385 1548 non
1458 1495 1808 1559 obtemperat,
1863 1499 1919 1543 ut
1983 1488 2139 1558 eligat

578 1598 788 1649 bonum.
841 1592 905 1643 lt‘t
960 1589 1279 1657 relinquetur
1306 1598 1460 1654 _tcrra
1525 1599 1682 1652 quam
1726 1591 1786 1634 tu
1839 1581 2066 1646 metuis,
2107 1595 2140 1633 ιι

579 1688 713 1758 [acie
762 1689 983 1738 duorum
1042 1698 1237 1751 regum.

651 1862 1019 1917 Reddiderunt
1052 1858 1270 1928 quidam
1303 1871 1487 1911 eorum
1519 1853 1609 1923 qui
1655 1852 1865 1907 divinas
1896 1849 2141 1918 Scriptu-
2170 1847 2216 1903 Β

582 1971 673 2009 ras
701 1953 1041 2023 interpretati
1079 1960 1240 2007 sunt:
1269 1950 1411 2004 Ecce
1436 1946 1608 2017 puella
1646 1945 1697 2000 in
1728 1951 1880 1998 utero
1906 1941 2142 1996 habebit.

579 2043 807 2098 Videtur
867 2041 1081 2110 quidem
1144 2036 1343 2092 Judazis
1396 2035 1587 2104 puclla:
1634 2032 1850 2088 nomine
1902 2039 2148 2099 oportere

584 2132 806 2185 Matrem
864 2129 1075 2183 Doti-ini
1130 2126 1450 2191 subnotari,
1506 2138 1606 2179 nec
1632 2122 1815 2178 vocari
1861 2121 2145 2190 virginem.

590 2224 915 2277 Existimant
965 2219 1228 2289 siquidem
1286 2216 1366 2273 fas
1396 2230 1517 2271 esse
1554 2216 1661 2269 vim
1716 2212 1955 2285 mysterii
1994 2225 2148 2265 ener-

583 2329 744 2379 vare,
777 2314 820 2367 si
857 2311 1028 2381 puella
1060 2325 1166 2364 non
1214 2310 1362 2377 virgo
1399 2306 1627 2361 dicatur.
1678 2304 1942 2359 Caeterum
1987 2302 2148 2358 rudes

588 2421 680 2459 cus
695 2418 810 2458 esse
834 2401 1016 2455 multis
1038 2400 1207 2455 modis
1224 2399 1405 2453 videre
1423 2396 1564 2451 licet.
1584 2395 1740 2463 122
1755 2393 1987 2448 Primum
2004 2391 2146 2447 enim

586 2493 709 2546 licet
740 2492 951 2543 dicatur
994 2489 1107 2542 haec
1150 2489 1300 2557 virgo
1346 2486 1544 2556 puella,
1586 2499 1690 2538 non
1727 2482 2025 2554 privabitur
2060 2495 2146 2544 eo,

581 2594 643 2635 ut
687 2583 758 2635 sit
801 2586 976 2649 virgo.
1013 2580 1143 2632 Dein
1187 2586 1497 2632 asseverant
1546 2576 1854 2645 prophetam
1894 2575 1959 2630 de
1984 2588 2150 2628 uxore

566 2672 785 2727 .Acltazi
817 2672 995 2725 dicere
1027 2669 1157 2723 illud
1186 2686 1200 2722 :
1251 2667 1389 2722 Ecce
1430 2666 1599 2737 puella
1644 2667 1697 2720 in
1727 2675 1881 2721 utero
1913 2664 2148 2728 habebit,

582 2777 637 2819 et
672 2765 840 2834 pariet
889 2762 1081 2826 lilium,
1114 2769 1174 2815 ut
1208 2759 1568 2829 intelligamus
1599 2773 1668 2813 ex
1698 2772 1762 2812 eo
1796 2769 1979 2812 natum
2018 2746 2153 2810 Eae-

585 2857 785 2911 cbiaxu.
839 2853 998 2922 Atqui
1029 2853 1151 2906 dum
1192 2851 1486 2922 prophetiae
1513 2850 1674 2905 verba
1716 2865 1820 2903 non
1847 2848 2155 2903 examinan-

591 2956 700 3014 tes,
752 2944 1156 2999 inconsiderate
1187 2943 1330 3012 quod
1368 2943 1511 2997 lubet
1549 2943 1851 3013 arripiunt,
1897 2951 2008 2995 tum
2056 2941 2157 2995 hoc

586 3038 752 3093 etiam
792 3036 967 3092 Solum
1002 3035 1200 3090 habere
1232 3035 1481 3089 videntur
1506 3048 1613 3104 quo
1642 3048 1796 3089 suum
1828 3033 2154 3104 propositum

589 3144 652 3185 ac
669 3128 991 3184 sententiam
1011 3125 1352 3182 confirment.
1372 3124 1589 3189 Verum,
1615 3138 1649 3179 o
1666 3124 1761 3179 viri
1780 3125 1984 3196 optimi,
2008 3124 2158 3179 dixe-

591 3222 664 3275 rit
683 3220 943 3289 quispiam
975 3217 1239 3287 illis,quis
1272 3215 1556 3271 Ezecltiam
1585 3216 1792 3271 vocavit
1817 3214 2157 3269 Emmanuel?

2262 3235 2461 3289 σκοπὸν
2516 3235 2779 3305 ἐμπεδοῦν
2838 3234 2925 3287 διὰ
2975 3233 3159 3287 τούτου
3206 3234 3299 3286 καὶ
3353 3233 3533 3302 μόνον.
3577 3230 3739 3292 Ἀλλ’,
3780 3223 3811 3283 ὗ

594 3310 690 3366 Vel
739 3313 879 3363 unde
929 3311 1304 3365 demonstrare
1346 3317 1632 3378 poterunt,
1667 3310 1807 3378 quod
1850 3309 2158 3378 priusquam

594 3403 762 3456 sciret
792 3400 880 3455 ille
906 3402 1102 3455 bonum
1133 3401 1219 3456 vel
1261 3400 1479 3465 malum,
1509 3400 1727 3455 malitiae
1756 3414 1864 3455 non
1887 3401 2163 3468 obtempe-

598 3502 763 3557 raret,
803 3502 860 3547 ut
887 3492 1108 3562 eligeret
1155 3490 1393 3546 bonum?
1422 3491 1587 3561 igitur
1626 3490 1987 3545 valedicamus
2031 3491 2163 3546 isto-

601 3602 718 3639 rutn
764 3585 1057 3655 praestigiis
1109 3592 1163 3640 et.
1203 3586 1345 3653 quod
1378 3593 1579 3638 rectum
1613 3598 1906 3653 verumque
1935 3592 2020 3639 est
2052 3598 2165 3637 am-

597 3678 934 3747 plectamur;
960 3681 1198 3730 sanctam
1233 3672 1503 3743 Virginem
1534 3673 1636 3728 hac
1656 3672 1932 3742 prophetia
1963 3675 2165 3729 nobisa

601 3771 711 3824 Deo
722 3766 965 3823 denotari
978 3762 1382 3821 credamus.Sic
1401 3765 1545 3820 enim
1562 3763 2001 3834 eritparadoxum
2021 3780 2163 3831 vere,

598 3867 762 3929 atque
794 3856 1127 3926 incredibile,
1164 3868 1220 3912 et
1261 3858 1473 3928 signum
1505 3858 1818 3924 maximum,
1856 3857 1907 3911 in
1942 3855 2160 3927 prul‘uno

594 3953 727 4007 dum
771 3949 931 4005 simul
959 3959 1013 4003 et
1039 3948 1332 4014 excelsum,
1381 3949 1532 4018 juxta
1571 3948 1807 4004 divinam
1860 3947 2170 4017 promissio-

596 4056 744 4095 nem.
794 4039 838 4095 Ε
884 4039 1131 4109 superuis
1158 4038 1320 4102 enim,
1352 4048 1406 4093 et
1434 4053 1498 4092 ex
1543 4039 1651 4093 Deo
1680 4036 1840 4093 Patre
1873 4039 2165 4093 secundum

602 4142 850 4186 naturam
879 4131 1090 4201 genitus
1133 4128 1300 4184 Filius
1332 4129 1673 4198 unigenitus,
1706 4130 2002 4183 exinanivit
2028 4129 2171 4197 seip-

601 4238 755 4289 sum,
791 4232 856 4277 tet
895 4238 965 4277 ex
1019 4232 1172 4278 utero
1226 4222 1472 4292 virginali
1516 4222 1692 4277 editus
1737 4231 1821 4276 est
1877 4220 2168 4276 secundum

604 4329 846 4379 carnem,
878 4329 982 4368 non
1007 4315 1239 4369 humana
1272 4315 1494 4369 seminis
1516 4315 1802 4370 emissione
1831 4314 1971 4369 unde
2007 4328 2171 4383 gene-

594 4405 749 4457 ratio
770 4412 951 4458 secuta
981 4404 1075 4471 sit,
1114 4407 1206 4459 sed
1236 4405 1285 4458 vi
1320 4415 1375 4459 et
1397 4405 1681 4458 ellicientia
1710 4405 1882 4460 sancti
1914 4405 2166 4475 Spiritus.

601 4497 683 4551 ita
727 4509 958 4565 namque
980 4497 1193 4551 dictum
1246 4505 1554 4551 estsanctae
1593 4495 1796 4566 Virgini
1846 4510 1975 4550 voce
2025 4494 2166 4550 beati

605 4588 873 4645 Gabrielis
910 4609 924 4643 ι
962 4606 986 4640 ι
1024 4588 1255 4657 Spiritus
1296 4599 1514 4643 sanctus
1553 4589 1895 4658 superveniet
1936 4589 2089 4653 inte,
2114 4596 2169 4642 et.

606 4685 778 4736 virtus
815 4680 1082 4736 Altissitni
1120 4679 1460 4737 obumbrabit
1492 4679 1586 4735 tibi
1612 4678 1678 4735 ³⁸.
1714 4699 1737 4732 ι
1768 4679 1947 4734 Pariet
1988 4680 2168 4751 igitur,

606 4773 705 4840 ait,
756 4773 945 4828 lilium.
978 4773 1044 4829 Et
1103 4783 1179 4841 tu,
1205 4789 1238 4830 ο
1268 4775 1456 4830 domus
1485 4774 1672 4838 David,
1707 4788 1826 4842 qua:
1874 4788 2034 4839 nunc,
2089 4774 2166 4827 in-

608 4868 759 4934 quit,
801 4869 979 4922 renuis
1014 4868 1124 4922 Deo
1163 4870 1404 4934 credere,
1436 4869 1756 4938 signumque
1786 4866 1854 4920 ab
1896 4881 1961 4921 eo
1991 4873 2172 4935 pustu-

610 4961 746 5025 lare,
783 4961 849 5013 ad
871 4962 1330 5019 conﬁrmationem
1358 4979 1546 5019 eorum
1587 4977 1705 5033 qua:
1732 4961 1996 5031 promissa
2020 4968 2168 5026 sunt,

609 5061 895 5121 proltterea
928 5055 1068 5121 quod
1097 5054 1266 5122 magis
1299 5053 1452 5110 idolis
1496 5052 1666 5109 aliicta
1707 5063 1762 5108 et
1801 5052 2013 5107 addicta
2054 5051 2169 5106 sis:

612 5143 827 5197 vocabis
854 5158 1044 5198 nomen
1070 5144 1187 5207 ejus
1214 5144 1547 5210 Emmanuel,
1575 5147 1676 5201 ltoc
1701 5155 1804 5211 est,
1829 5144 2175 5199 conﬁteberis

611 5235 780 5291 Deum
832 5238 883 5289 iu
945 5238 1174 5291 humana
1230 5237 1398 5291 forma
1456 5240 1786 5308 apparuisse.
1837 5241 1969 5293 Cum
2026 5236 2170 5292 enim

611 5326 861 5394 apparuit
887 5333 1180 5380 secundum
1213 5342 1311 5379 nos
1341 5328 1646 5397 unigenitus
1678 5331 1766 5383 Dei
1797 5327 2010 5393 Sermo,
2042 5339 2169 5383 tunc

610 5417 774 5487 etiam
805 5418 1086 5472 uobiscum
1114 5427 1287 5473 tactus
1315 5430 1416 5473 est.
1450 5418 1547 5485 Qui
1579 5421 1723 5475 enim
1759 5436 1918 5489 supra
1955 5435 2171 5474 omnem

613 5519 916 5563 creaturam
975 5511 1094 5576 fuit,
1141 5509 1314 5565 factus
1360 5522 1443 5567 est
1487 5514 1639 5567 nobis
1679 5514 1890 5570 similis.
1934 5512 2173 5569 Observa

692 5648 735 5677 ³⁸
774 5648 885 5703 Luc
916 5666 951 5713 I,
993 5652 1081 5703 525.

2228 588 2451 661 καιροὺς
2491 588 2518 639 ό
2551 584 2961 654 πεπλανημένος
2993 577 3228 650 Ἰσραὴλ,
3268 576 3365 630 καὶ
3406 575 3505 628 οὐκ
3535 575 3804 642 ἀγνοήσετ

2227 680 2319 732 τὸν
2340 677 2634 747 Δεσπότην,
2660 676 2772 730 ἀλλ’
2800 675 2950 727 ἔσται
2975 668 3354 743 προσκυνητὴς
3373 666 3467 720 τοῦ
3494 664 3798 725 σεσωκότας

2229 770 2386 825 Θεοῦ.
2414 768 2785 839 Κατὼρθωται
2813 766 2868 819 δὲ
2894 763 3052 818 τοῦτο
3077 761 3165 815 διὰ
3195 756 3429 829 Χριστοῦ
3465 753 3796 824 κεκληκότος

2230 864 2310 926 εἰς
2345 861 2634 929 ἐπίγνωσιν
2660 860 2750 913 τὸν
2787 855 3021 929 Ἰσραὴλ,
3053 852 3150 907 καὶ
3191 849 3405 918 ἁπάσης
3436 845 3597 900 αὑτὸν
3620 845 3797 898 ἀπαλ-

2230 952 2765 1024 λάξαντοςάμαρτία
2778 969 2816 1018 ς,
2859 946 3072 1003 καὶτοῦ
3112 943 3433 1017 προσκυνεῖν
3469 939 3672 992 ἐθέλειν
3707 936 3801 1000 ξύ-

2230 1043 2344 1107 λοις
2372 1044 2466 1097 καὶ
2491 1043 2677 1106 λίθοις.

2315 1135 2460 1190 Ἰδοὺ
2496 1135 2535 1201 ἡ
2583 1133 2875 1203 παρθένος
2910 1132 2979 1184 ἐν
3008 1125 3219 1199 γαστρὶ
3260 1124 3404 1190 ἕξει,
3435 1122 3533 1177 καὶ
3571 1122 3802 1186 τέξεται

2232 1227 2389 1293 υἱόν,
2416 1228 2514 1282 καὶ
2546 1225 2823 1289 καλέσεις
2857 1222 2923 1276 τὸ
2952 1222 3138 1290 ὄνομα
3163 1217 3348 1272 αὐτοῦ
3394 1212 3800 1284 Ἐμμανουήλ.

2236 1321 2538 1386 Βούτυρον
2566 1317 2663 1370 καὶ
2698 1315 2838 1385 μέλι
2867 1313 3112 1383 φάγεται
3132 1327 3146 1341 θ
3193 1309 3336 1377 πρὶν
3363 1308 3401 1375 ἢ
3450 1307 3668 1376 γνῶναι
3698 1306 3807 1358 αὐ»

2235 1411 2343 1463 τὸν
2367 1410 2405 1478 ἢ
2426 1407 2781 1475 προελέσθαι
2807 1406 3057 1472 πονηρὰ,
3088 1401 3447 1465 ἐκλέξασθαι
3471 1396 3535 1450 τὸ
3557 1396 3807 1465 ἀγαθόν.

2237 1503 2392 1556 Διότι
2417 1499 2596 1568 reperi;
2621 1499 2838 1568 γνῶναι
2864 1496 2929 1549 τὸ
2953 1492 3189 1548 παιδίον
3212 1490 3436 1560 ἀγαθὸν
3464 1487 3563 1541 καὶ
3592 1486 3804 1541 κακὸν.

2236 1586 2470 1642 ἀπειθεῖ
2488 1586 2761 1652 πονηρίᾳ,
2809 1583 3171 1647 ἐκλέξασθαι
3200 1580 3264 1633 τὸ
3313 1580 3535 1646 ἀγαθόν
3565 1576 3661 1648 (l).
3696 1576 3808 1628 Kal

2237 1675 2772 1747 καταλειφθήσεται
2800 1675 2838 1741 ἡ
2872 1674 2969 1744 γῆ,
3005 1672 3083 1741 ἣν
3111 1671 3193 1725 σὺ
3226 1668 3406 1740 φοϐῇ,
3446 1668 3664 1736 ἕρημος
3688 1666 3808 1721 ἀπὸ

2240 1768 2561 1839 προσώπου
2585 1767 2704 1822 τῶν
2734 1767 2842 1821 δύο
2863 1764 3191 1830 βασιέέἐων.

2324 1860 2686 1916 Ἐκδεδώκασι
2717 1858 2814 1931 μέν
2840 1875 2984 1920 τινες
3012 1856 3120 1909 τῶν
3143 1854 3240 1918 τὰς
3269 1855 3418 1918 θείας
3444 1852 3809 1923 ἑρμηνεύσαν-

2236 1968 2350 2009 ’των
2376 1952 2713 2026 Γραφὰς,τδ,
2755 1951 2886 2005 Ἰδοὺ
2911 1952 2944 2021 ἠ
2975 1949 3153 2012 νεᾶνις
3182 1949 3239 2000 ὲν
3267 1947 3464 2018 γαστρὶ
3486 1946 3621 2011 ἕξει.
3653 1945 3813 1995 Δοκεὶ⁸

2243 2062 2308 2115 γε
2340 2045 2445 2117 μὴν
2483 2044 2753 2108 Ἰουδαίοις
2793 2039 2869 2113 τῷ
2893 2042 2992 2111 τῆς
3036 2038 3275 2101 νεάνιδος
3313 2038 3535 2108 ὀνόματι
3569 2052 3812 2102 καταση-

2248 2133 2533 2207 μαίνεσθαι
2556 2134 2667 2188 δεῖν
2699 2132 2796 2204 τὴν
2823 2131 2916 2185 τοῦ
2958 2131 3162 2204 Κυρίου
3190 2129 3444 2198 Μητέρα,
3472 2128 3574 2181 καὶ
3603 2127 3720 2196 οὐχὶ
3742 2125 3812 2194 δὴ

2250 2228 2447 2300 μᾶλλον
2468 2224 2746 2281 καλεῖσθαι
2782 2223 3067 2295 παρθένον.
3096 2221 3311 2276 Οίονται
3338 2221 3449 2291 γὰρ
3478 2221 3559 2272 ὅτι
3590 2218 3688 2288 τὴν
3717 2217 3813 2269 τοῦ

2252 2319 2548 2392 μυστηρίου
2590 2317 2815 2387 δύναμιν
2844 2314 3191 2387 ἀπρακτῆσαι
3239 2312 3415 2382 θέμις,
3439 2312 3487 2364 εἰ
3527 2311 3705 2372 νεᾶνις
3725 2309 3814 2361 λέ-

2249 2422 2418 2480 γοιτο,
2452 2409 2546 2465 καὶ
2574 2410 2691 2479 οὐχὶ
2730 2407 2793 2481 δὴ
2821 2407 3019 2477 μᾶλλον
3062 2402 3348 2476 παρθένος.
3387 2400 3816 2473 ’Λμαθαίνοντας

2246 2502 2305 2558 δὲ
2328 2502 2469 2556 κατὰ
2497 2501 2722 2564 πολλοὺς
2744 2500 2974 2570 τρόπους
2993 2497 3197 2552 κατίδοι
3218 2512 3303 2559 τις
3325 2494 3392 2548 ἂν
3413 2492 3632 2555 αὐτούς.
3664 2491 3817 2561 Πρῶ-

2248 2611 2339 2649 τον
2380 2595 2476 2665 μὲν
2513 2593 2642 2665 γὰρ,
2666 2590 2767 2646 κᾶν
2805 2592 2855 2644 εί
2878 2590 3085 2660 λέγοιτο
3122 2590 3299 2650 νεᾶνις
3331 2588 3366 2657 ἡ
3398 2585 3684 2655 παρθένος,
3713 2583 3818 2636 οὐκ

2253 2684 2357 2750 ἔξω
2386 2685 2623 2739 κείσεται
2651 2684 2741 2737 τοῦ
2765 2680 2900 2737 εἶναι
2929 2680 3213 2753 παρθένος.
3247 2675 3384 2735 Είτά
3408 2695 3540 2748 φασι
3562 2676 3689 2748 περὶ
3713 2675 3818 2746 τῆς

2251 2776 2348 2831 τοῦ
2380 2776 2557 2847 ’Ἄχας
2600 2774 2856 2845 γυναικὸς
2891 2774 2979 2828 τὸν
3017 2775 3299 2845 προφήτην
3350 2773 3523 2824 εἰπεῖν
3550 2770 3629 2834 τὸ,
3683 2769 3816 2823 Ἰδοὺ

2254 2870 2289 2940 ἡ
2327 2870 2506 2931 νεᾶνις
2538 2869 2596 2921 ὲν
2621 2868 2817 2940 γαστρὶ
2851 2867 2985 2932 ἔξει,
3015 2867 3108 2919 καὶ
3143 2864 3355 2929 τέξεται
3393 2863 3521 2928 υἱόν,
3556 2861 3641 2914 ἵνα
3676 2859 3819 2913 νοῶι

2261 2978 2358 3034 μεν
2380 2961 2471 3017 τὸν
2502 2960 2746 3032 Ἐζεχίαν
2777 2960 2868 3015 τὸν
2900 2959 2957 3026 ἐξ
2988 2958 3153 3013 αὑτοῦ
3185 2958 3464 3027 γεγονότα.
3510 2954 3669 3009 Ἀλλὰ
3691 2956 3822 3018 τοὺς

2256 3055 2355 3127 τῆς
2386 3054 2719 3127 προφητείας
2767 3055 2826 3106 ού
2869 3051 3242 3123 βασανίζοντες
3278 3051 3488 3119 λόγους,
3528 3048 3586 3102 τὸ
3628 3048 3823 3118 ἁπεριο

2262 3147 2506 3209 σκέπτως
2525 3144 2713 3199 δοκοῦν
2735 3145 3091 3216 ἁρπάζουσιν,
3123 3138 3241 3197 εἶτα
3272 3142 3362 3196 τὸν
3387 3141 3597 3195 ἑαυτῶν
3620 3141 3823 3194 οἴονται

3724 3272 3739 3292 ,
3780 3248 3825 3283 ω

2262 3325 2545 3395 βέλτιστοι,
2587 3324 2720 3393 φαίη
2757 3340 2842 3387 τις
2882 3322 2946 3377 ἂν
2984 3323 3119 3394 πρὸς
3158 3324 3374 3387 αὐτοὺς,
3411 3322 3494 3385 τίς
3531 3321 3623 3375 τὸν
3674 3323 3820 3385 Ἐξε-

2259 3417 2381 3487 χίαν
2407 3416 2661 3471 ἐκάλεσεν
2704 3416 3085 3487 Ἐμμανουήλ;
3122 3416 3193 3468 Ἢ
3213 3413 3374 3468 πόθεν
3399 3412 3466 3467 ἂν
3500 3413 3827 3479 ὲπιδείξειαν

2260 3509 2342 3563 ὃτι
2376 3508 2505 3581 πρὶν
2532 3508 2565 3580 ἢ
2597 3508 2797 3576 γνῶναι
2847 3509 3006 3562 αὐτὸν
3039 3507 3240 3575 ἀγαθὸν
3272 3507 3304 3561 ἢ
3345 3507 3511 3561 κακὸν
3560 3506 3829 3576 ἠπείθησε

2260 3599 2494 3671 πονηρίᾳ
2514 3601 2603 3654 τοῦ
2632 3600 2947 3667 ἐκλέξασθαι
2970 3600 3029 3653 τὸ
3056 3600 3292 3669 ἁγαοόν;
3316 3599 3524 3653 Οὐκοῦν
3557 3599 3831 3671 ἐρρῶσθαι

2263 3694 2569 3765 φράσαντες
2610 3696 2732 3756 ταῖς
2792 3693 3013 3747 ἐκείνων
3061 3692 3388 3766 τερθρείαις,
3430 3692 3492 3745 τὸ
3544 3692 3720 3762 ὀρθῶς
3767 3709 3827 3745 τε

2265 3785 2360 3838 καὶ
2394 3784 2608 3855 ἀληθῶς
2630 3786 2751 3856 ἕχον
2777 3785 3208 3856 παραδεξόμεθα,
3239 3785 3336 3856 τὴν
3368 3785 3528 3853 ἁγίαν
3558 3786 3829 3857 Παρθένον

2265 3877 2352 3931 διὰ
2382 3876 2479 3940 τῆς
2510 3876 2879 3946 προκειμένης
2907 3878 3039 3946 ἡμῖν
3065 3876 3398 3947 προφητείας
3428 3876 3833 3946 κατασημαίνε-

2267 3968 2391 4022 σθαι
2431 3966 2583 4037 παρὰ
2621 3966 2755 4020 Θεοῦ
2796 3967 3159 4031 πιστεύοντες.
3194 3965 3349 4021 Οὖτω
3378 3967 3487 4037 γὰρ
3536 3966 3687 4020 ἔσται
3732 3985 3836 4019 πα-

2271 4056 2487 4129 ράδοξον
2515 4055 2729 4126 ἀληθῶς
2746 4058 2839 4110 καὶ
2868 4057 3239 4129 ὑπερμέγεθες
3266 4057 3327 4111 τὸ
3358 4059 3607 4127 σημεῖον,
3629 4060 3709 4121 εἰς
3737 4057 3835 4127 βά-

2265 4147 2361 4211 θος
2384 4163 2446 4201 τε
2479 4145 2615 4217 ὁμοῦ
2653 4147 2748 4200 καὶ
2781 4146 2913 4217 ὕψος
2944 4149 3083 4202 κατά
3111 4164 3174 4216 γε
3216 4148 3313 4219 τὴν
3354 4147 3506 4200 θείαν
3543 4146 3835 4218 ὑπόσχεσιν

2268 4240 2509 4310 γεγονός.
2552 4240 2610 4293 '0
2636 4238 2743 4310 γὰρ
2775 4240 2974 4294 ἄνωθεν
3007 4241 3098 4294 καὶ
3146 4242 3211 4294 ὲκ
3240 4240 3375 4294 Θεοῦ
3422 4240 3638 4311 Πατρός
3692 4244 3837 4295 κατὰ

2269 4332 2430 4402 φύσιν
2469 4332 2830 4402 γεγενημένος
2863 4332 2988 4396 Υἱὸς
3023 4333 3333 4403 μονογενὴς,
3368 4333 3673 4386 κεκένωκεν
3706 4336 3839 4387 ἑαυ-

2266 4425 2379 4489 τὸν,
2408 4425 2504 4479 καὶ
2547 4424 2787 4492 λαγόνων
2824 4423 3035 4494 ἐξεδόθη
3065 4423 3173 4478 τῶν
3219 4423 3560 4496 παρθενικῶν
3593 4425 3660 4478 τὸ
3686 4427 3839 4480 κατὰ

2273 4517 2469 4586 σάρκα,
2497 4515 2597 4568 οὐκ
2626 4515 2682 4582 ἐξ
2715 4514 3061 4587 ἀνθρωπίνης
3102 4515 3407 4588 καταϐολῆς
3437 4516 3711 4586 λαϐούσης
3741 4518 3841 4587 τὴν

2273 4607 2505 4677 γένεσιν,
2530 4607 2642 4662 ἀλλ’
2666 4608 2728 4661 ὲκ
2753 4607 3034 4679 δυνάμεώς
3060 4626 3118 4662 τε
3149 4608 3242 4661 καὶ
3261 4608 3538 4679 ἐνεργείας
3566 4608 3660 4661 τοῦ
3680 4610 3838 4678 ἁγίου

2271 4697 2604 4769 Πνεύματος.
2636 4697 2790 4753 Οὕτω
2818 4700 2925 4770 γὰρ
2954 4698 3168 4772 εἴρηται
3199 4701 3335 4771 πρὸς
3360 4701 3461 4769 τὴν
3490 4701 3657 4769 ἁγίαν
3691 4703 3843 4772 Παρ-

2264 4790 2426 4845 θένον
2452 4792 2540 4846 διὰ
2587 4792 2769 4863 φωνῆς
2807 4793 2901 4846 τοῦ
2939 4795 3207 4867 μακαρίου
3247 4795 3515 4867 Γαϐριὴλ⁹
3561 4815 3581 4846 ι
3618 4795 3845 4864 Πνεῦμα

2276 4883 2433 4950 ἆγιον
2489 4881 2839 4937 ἐπελεύσεται
2894 4886 2984 4937 ἐπὶ
3035 4885 3116 4948 σὲ,
3176 4886 3271 4937 καὶ
3318 4883 3549 4956 δύναμις
3588 4884 3845 4954 Ὑψίστου

2278 4972 2586 5026 ἐπισκιάσει
2630 4989 2710 5025 σε.
2745 4992 2763 5022 r
2795 4973 3017 5039 Τέξεται
3062 4972 3259 5037 τοίνυν,
3302 4975 3487 5044 φησὶν,
3545 4973 3685 5028 υίόν.
3736 4975 3851 5027 Καὶ

2278 5067 2367 5129 σὺ,
2402 5059 2446 5118 ὧ
2483 5061 2628 5127 οἶκος
2672 5064 2854 5128 Δαϐὶδ,
2885 5066 2913 5117 ὁ
2960 5063 3074 5131 νῦν,
3110 5065 3262 5135 φησι,
3320 5065 3757 5136 παραιτούμενος
3786 5066 3851 5115 τὸ

2279 5155 2373 5207 ἐπὶ
2405 5153 2522 5224 Θεῴ
2550 5153 2887 5217 πεποιθέναι,
2914 5155 3007 5207 καὶ
3048 5154 3176 5226 παρ’
3206 5153 3371 5208 αὑτοῦ
3403 5158 3627 5225 σημεῖον
3652 5157 3846 5214 αἰτεῖν,

2279 5242 2359 5303 είς
2409 5239 2696 5310 βεϐαίωσιν
2740 5234 2815 5294 ὧν
2845 5242 3199 5311 ἐπήγγελται,
3250 5243 3338 5297 διὰ
3381 5244 3443 5296 τὸ
3490 5245 3852 5315 προσκεῖσθαι

2285 5331 2482 5402 μᾶλλον
2530 5332 2786 5395 εἰδώλοις,
2837 5333 3085 5397 καλέσεις
3125 5334 3183 5386 τὸ
3213 5333 3385 5404 ὄνομα
3422 5334 3590 5387 αύτοῦ
3638 5334 3856 5405 Ἐμμα-

2282 5422 2464 5494 νουὴλ,
2491 5422 2633 5476 τοῦτ’
2674 5424 2840 5486 ἔστιν,
2879 5424 3227 5495 ὁμολογήσεις
3256 5426 3346 5479 τὸν
3374 5426 3509 5479 Θεὸν
3551 5426 3612 5479 ἐν
3642 5426 3840 5498 ἀνθρω

2285 5515 2413 5586 πείᾳ.
2446 5520 2624 5587 μορφῇ
2674 5518 2968 5586 πεφηνότα.
3002 5519 3129 5572 “Ore
3161 5518 3267 5589 γὰρ
3305 5518 3513 5589 πέφηνε
3553 5517 3678 5572 καθ’
3707 5518 3856 5589 ἡμᾶς

688 5786 767 5856 (1)
805 5786 946 5852 llzcc,
972 5789 1180 5842 Διότι...
1206 5788 1265 5840 τὸ
1295 5789 1514 5857 ἀγαθόν,
1553 5797 1768 5858 propter
1805 5788 2282 5854 Ιιοιῐιαιοιειοιιιοιι,
2312 5799 2368 5843 ut
2398 5790 2628 5859 videtur,
2665 5795 2717 5847 in
2740 5796 2977 5851 editione
3010 5797 3232 5855 Auberti
3271 5798 3512 5853 deerant.
3550 5790 3717 5855 Ειιτ.
