4122 6292
235 381 347 438 205
1388 366 1455 421 IN
1495 365 1728 422 ISAIAM
1767 365 1893 420 LIB.
1936 365 1976 423 L
2016 365 2221 421 ORAT.
2264 365 2330 420 Υ.
2494 382 2497 387 ·
3382 365 3486 421 206

238 496 268 549 ὁ
298 492 599 564 μονογενὴς
642 487 735 541 τοῦ
780 484 915 538 Θεοῦ
963 483 1159 550 Λόγος,
1193 483 1315 536 τότε
1363 483 1458 536 καὶ
1483 482 1675 551 γέγονε
1722 480 1827 534 καί

1926 495 2070 546 vero,
2100 492 2154 535 ιιι
2175 481 2421 536 ostendat
2444 493 2566 534 eum
2586 493 2718 533 vere
2742 479 2912 533 Deum
2942 477 3100 533 simul
3126 486 3185 534 et
3210 478 3485 536 hominem

247 583 365 654 μεθ’
397 581 575 653 ἡμῶν.
612 579 669 633 '0
697 578 806 651 γὰρ
839 576 978 649 ὑπὲρ
1025 576 1206 629 πᾶσαν
1240 573 1339 643 τὴν
1378 573 1575 634 κτίσιν,
1622 569 1815 639 γέγονε

1926 571 2104 636 fuisse,
2128 588 2235 642 quo
2259 582 2416 642 pacto
2442 572 2491 625 ei
2514 571 2694 626 divina
2717 578 2772 626 et
2796 572 3027 626 bumaua
3051 573 3328 627 attribuat.
3354 571 3488 627 Nam

246 674 372 729 καθ’
396 673 559 743 ἡμᾶς.
583 670 775 742 Ἀθρει
793 670 850 722 δὲ
881 670 1050 731 ὅπως,
1083 667 1170 720 ἵνα
1197 663 1347 736 δείξῃ
1376 664 1469 717 τὸν
1490 662 1654 718 αὐτὸν
1683 662 1814 734 ἀλη-

250 766 359 829 θῶς
388 764 518 818 Θεὸν
545 762 677 833 ὁμοῦ
708 763 802 816 καὶ
830 760 1115 832 ἄνθρωπον
1134 800 1150 824 ,
1186 757 1401 827 τίθησιν
1430 755 1517 810 ἐπ’
1544 753 1711 808 αὐτοῦ
1748 752 1819 807 τὰ

248 857 364 910 θεῖά
402 874 460 909 τε
500 857 594 909 καὶ
636 854 972 925 ἀνθρώπινα.
1008 856 1130 907 Ὅτι
1162 852 1260 924 μὲν
1295 852 1402 922 γὰρ
1447 852 1505 903 ὲν
1535 850 1702 921 σαρκὶ
1728 849 1821 919 γέ-

248 964 368 1014 γονε
415 948 535 999 κατ’
562 945 837 1012 ἀλήθειαν,
879 944 1135 1013 πειρᾶται
1188 941 1576 1011 πληροφορεῖν,
1614 936 1824 1009 τροφὴν

251 1040 395 1110 αὖτῷ
421 1038 743 1108 γεγενῆσθαι
767 1037 938 1103 λέγων
960 1034 1057 1106 τὴν
1080 1033 1293 1104 νηπίοις
1312 1030 1670 1101 ’πρέπουσαν,
1703 1027 1822 1098 βού-

248 1129 405 1199 τυρόν
429 1146 488 1181 τε
508 1129 604 1181 καὶ
629 1127 770 1198 μέλι.
807 1126 928 1178 Ὀτι
955 1124 1031 1187 δὲ,
1069 1123 1249 1176 καίτοι
1288 1120 1423 1193 σὰρξ
1449 1118 1710 1187 γεγονὼς,
1737 1118 1826 1170 οὐ·

249 1224 333 1275 es;
353 1219 515 1294 ἦττον
545 1221 697 1274 ἔσται
722 1218 986 1290 κρείττων
1010 1215 1288 1287 ἁμαρτίας
1308 1214 1382 1276 ὡς
1407 1212 1560 1275 Θεὸς,
1588 1211 1823 1264 διδάσκει

250 1315 406 1368 πάλιν
435 1314 715 1383 ἐπιφέρων
736 1311 917 1372 εὐθυς
1005 1310 1151 1361 Διότι
1171 1307 1300 1378 πρὶν
1330 1305 1361 1375 ἢ
1389 1305 1588 1372 γνῶναι
1607 1304 1665 1354 τὸ
1696 1320 1822 1355 παι-

247 1406 354 1458 δίον
374 1405 629 1474 ἁγαθὸνῆ
650 1403 844 1467 κακξν,
873 1400 1088 1453 ἀπειθεῖ
1112 1397 1363 1467 πονηρίᾳ,
1384 1395 1476 1449 τοῦ
1505 1393 1823 1457 ἐκλέξασθαι

246 1498 306 1550 τὸ
336 1496 560 1564 ἀγαθόν.
596 1494 911 1565 Ἀνθρωποι
945 1491 1041 1561 μὲν
1064 1489 1169 1561 γὰρ
1196 1488 1344 1541 οὔπω
1378 1487 1509 1557 πρὸς
1539 1484 1678 1556 ἥϐην
1700 1483 1824 1537 ἐλά-

251 1607 350 1642 σαν
366 1605 467 1649 τες,
504 1585 629 1638 οὔτε
667 1585 773 1653 μὴν
805 1586 883 1647 είς
925 1584 1118 1653 μέτρον
1150 1579 1357 1651 ἡλικίας
1391 1576 1699 1647 ἀφιγμένοι,
1724 1576 1823 1645 τῆς

251 1681 329 1742 ὡς
378 1678 486 1730 ἀπό
523 1695 581 1731 τε
626 1677 818 1748 χρόνου
865 1677 1119 1745 φρονήσει
1166 1671 1568 1742 τετιμημένης,
1613 1669 1721 1723 οὐδ’
1757 1667 1825 1722 ἂν

251 1769 363 1823 εἷεν
392 1772 530 1833 ὅλως
576 1768 863 1839 ἐπιτήδειοι
896 1766 1186 1837 διακρίνειν
1232 1763 1511 1825 δύνασθαι,
1552 1761 1606 1815 τί
1639 1760 1735 1831 μὲν
1761 1760 1826 1813 ἂν

1917 666 1971 719 in
1998 678 2165 719 carne
2178 664 2357 736 fuisse
2376 678 2529 730 vere,
2558 671 2789 719 conatur
2811 672 2963 717 certo
2995 664 3340 732 persuadere,
3363 677 3486 717 cum

1917 758 2071 825 dicit,
2101 757 2279 811 cibum
2312 757 2360 812 ei
2394 757 2510 814 fore
2531 757 2771 827 parvulis
2801 758 3203 812 convenientem
3236 757 3487 829 butyrum

1917 856 1972 902 et
2003 847 2127 904 mel.
2162 846 2317 913 Quod
2361 848 2524 901 etiam
2555 848 2679 903 licet
2718 861 2848 901 caro
2878 846 3168 909 exstiterit,
3217 847 3491 902 uihilomi»

1919 953 2021 993 nus
2073 936 2287 992 futurus
2338 947 2484 992 esset
2528 946 2750 1006 peccato
2800 937 3083 1005 superior,
3126 934 3267 990 Deus
3297 937 3489 990 iterum

1923 1028 2083 1085 docet
2104 1043 2228 1084 cum
2259 1043 2384 1083 mox
2415 1027 2577 1082 infert
2605 1046 2620 1083 :
2649 1027 2949 1097 Antequam
2969 1028 3105 1082 sciat
3140 1043 3271 1097 puer
3292 1027 3489 1083 bonum

1918 1120 2005 1173 vel
2061 1119 2299 1181 malum,
2354 1118 2571 1173 malitiae
2623 1134 2727 1172 non
2782 1118 3149 1186 obtemperat,
3210 1128 3266 1173 ut
3330 1120 3494 1190 eligat

1922 1210 2140 1265 bonum.
2220 1209 2473 1265 Homines
2541 1210 2681 1265 enim
2736 1212 2978 1265 nondum
3036 1211 3103 1265 ad
3154 1212 3489 1280 pubertatem

1924 1302 2182 1372 provecti,
2215 1301 2369 1372 123
2406 1317 2504 1356 nec
2555 1317 2857 1357 mensuram
2888 1302 3064 1356 aetatis
3089 1302 3320 1356 assecuti
3352 1304 3492 1371 (qua:

1926 1393 2041 1461 ipso
2069 1401 2306 1460 tempore
2351 1392 2627 1461 prudentia
2657 1392 2868 1447 exculta
2904 1403 2989 1447 est
3016 1403 3071 1446 et
3112 1397 3361 1461 ornata),
3397 1407 3491 1447 ne-

1923 1497 2187 1552 quaquam
2237 1483 2445 1537 habiles
2489 1492 2543 1536 et
2586 1483 2760 1537 idonei
2810 1499 2929 1538 esse
2969 1492 3215 1553 possunt,
3265 1493 3322 1536 ut
3364 1483 3492 1554 quid

1923 1573 2197 1636 vitiosum,
2232 1571 2359 1641 quid
2388 1573 2585 1626 bonum
2628 1574 2717 1637 sit,
2756 1572 2977 1627 valeant
3008 1574 3341 1628 decernere:
3368 1589 3490 1627 cum

1924 1669 2104 1717 autem
2125 1661 2189 1715 ad
2227 1662 2278 1715 id
2315 1671 2525 1731 tempus
2559 1672 2736 1725 vocat,
2775 1673 2901 1717 tunc
2951 1679 3128 1717 rerum
3162 1665 3490 1736 agendarum

1927 1754 2153 1809 liberam
2167 1753 2472 1810 facultatem
2501 1754 2717 1810 habent.
2743 1753 2931 1808 Divina
2955 1765 3132 1809 autem
3155 1767 3208 1809 et
3237 1771 3489 1824 suprema

250 1864 335 1929 εἴη
382 1863 444 1915 τὸ
497 1861 719 1927 φαῦλον,
752 1859 805 1911 τί
851 1859 905 1911 δὲ
950 1858 1010 1910 τὸ
1051 1855 1286 1924 ἀγαθόν’
1314 1854 1605 1916 καλοῦντος
1626 1852 1680 1905 δὲ
1722 1851 1820 1923 ἤδη

1926 1856 2140 1913 natura,
2175 1847 2226 1900 in
2257 1846 2584 1902 sublimitate
2605 1846 2834 1916 quadam
2871 1862 2976 1901 non
3009 1857 3211 1913 nostra,
3241 1850 3332 1903 sed
3367 1864 3491 1918 pro-

252 1956 387 2027 πρὸς
416 1955 574 2006 τοῦτο
624 1952 832 2021 καιροῦ,
877 1951 994 2002 τότε
1044 1947 1154 2001 τῶν
1200 1947 1487 2017 πρακτέων
1532 1943 1824 2016 ἐλευθέραν

254 2045 523 2099 ποιοῦνται
561 2045 660 2113 τὴν
707 2043 935 2113 αἵρεσιν.
971 2040 1036 2093 Ἠ
1080 2039 1137 2093 δέ
1172 2056 1236 2107 γε
1279 2037 1398 2091 θεία
1427 2038 1522 2090 καὶ
1564 2037 1825 2090 ἀνωτάτω

256 2136 428 2206 φύσις,
456 2136 647 2189 οὐκέν
681 2152 743 2203 γε
782 2136 894 2196 τοῖς
924 2132 1043 2186 καθ’
1069 2133 1237 2202 ἡμᾶς,
1268 2130 1382 2185 ἀλλ’
1422 2132 1480 2183 ἐν
1542 2128 1694 2192 ἰδίοις
1730 2128 1827 2181 καὶ

254 2233 361 2293 τοῖς
389 2232 523 2299 αὐτῇ
550 2229 846 2299 πρέπουσιν
877 2224 1185 2295 sedeam.
1218 2222 1415 2286 ἀδατθς
1442 2222 1528 2274 ἀεὶ
1560 2218 1826 2291 πονηρίας

254 2320 394 2371 ἐστίν
418 2336 431 2349 ο
462 2320 558 2370 καὶ
582 2319 708 2378 τοὺς
729 2317 826 2386 τῆς
854 2313 1189 2383 φαυλότητος
1216 2311 1529 2365 ἀποσείεται
1568 2309 1826 2380 τρόπους,

253 2412 310 2461 οὐ
355 2399 722 2477 πειραζομένη
758 2403 938 2467 ποθεν,
959 2404 1059 2456 οὐκ
1085 2402 1308 2473 ὄχλησιν
1329 2400 1703 2471 ὑπομένουσα,
1730 2417 1831 2467 φυ-

254 2500 419 2561 σικῶς
444 2499 501 2551 δὲ
532 2499 728 2568 μᾶλλον
750 2497 844 2548 καὶ
864 2494 1134 2557 οὺσιωδῶς
1157 2492 1461 2546 ἀπειθοῦσα
1486 2493 1553 2561 τῇ
1580 2489 1829 2561 πονηρίᾳ.

253 2594 363 2647 Καὶ
384 2593 448 2645 οὺ
478 2591 601 2643 καθ’
626 2590 834 2658 ἓτερον,
862 2583 1038 2657 οἶμαι,
1065 2582 1547 2655 τρόπον,ἢῶσπερ
1583 2582 1648 2635 ἂν
1679 2581 1731 2634 εί
1751 2598 1830 2646 τις

254 2685 407 2753 λέγοι
437 2683 568 2752 περὶ⁸
599 2680 694 2733 τοῦ
728 2679 927 2747 φωτὸς,
955 2677 1037 2729 ὅτι
1071 2674 1289 2729 ἀπειθεί
1326 2688 1428 2727 που
1453 2670 1588 2727 εἶναι
1621 2675 1825 2737 σκότος.

261 2778 335 2830 Οὐ
366 2776 479 2844 γὰρ
520 2773 775 2841 ἀνέχεται
808 2768 1002 2821 παθεῖν
1048 2767 1110 2820 τὸ
1154 2766 1228 2838 μὴ
1264 2762 1400 2820 εἴναι
1449 2766 1581 2834 φῶς.
1612 2765 1826 2829 Φύσεως

264 2862 354 2919 οὖν
388 2865 498 2935 ἄρα
525 2863 626 2931 τῆς
659 2860 811 2921 θείας
839 2858 902 2912 τὸ
925 2858 1011 2911 ἀεὶ
1048 2858 1290 2928 πεπηγὸς
1310 2860 1390 2921 είς
1414 2857 1474 2909 τὸ
1498 2856 1696 2926 ἀγαθὸν
1726 2874 1827 2910 κα-

266 2952 596 3025 τασημαίνει
642 2949 836 3018 λέγων,
855 2950 933 3002 ὅτι
973 2966 993 2999 ι
1026 2948 1258 3002 ’Δπειθεῖ
1282 2948 1515 3020 πονηρία
1542 2948 1644 3001 ’τοῦ
1671 2949 1825 3002 ἐκλέ-

275 3046 463 3111 ξασθαι
486 3043 551 3096 τὸ
582 3042 797 3110 ἀγαθόν.
830 3060 849 3094 ι
896 3039 1110 3111 Ἀληθές
1156 3040 1213 3093 δὲ
1236 3039 1394 3095 τοῦτο
1425 3040 1520 3093 καὶ
1542 3040 1629 3093 ἐπ’
1655 3040 1821 3093 αὐτοῦ

272 3138 365 3193 τοῦ
394 3136 643 3208 Χριστοῦ.
677 3135 738 3189 Ei
765 3132 872 3203 γὰρ
903 3132 1001 3186 καὶ⁸
1028 3132 1321 3203 γεγένηται
1350 3130 1494 3185 κατὰ
1538 3130 1712 3201 σάρκα
1737 3131 1827 3185 διὰ
1852 3164 1896 3221 C

266 3230 369 3301 τῆς
386 3230 542 3297 ἁγίας
571 3226 863 3299 Παρθένου,
889 3224 1020 3289 Θεὸς
1047 3223 1123 3277 ὢν
1154 3223 1314 3291 φύσει
1348 3224 1442 3277 καὶ
1472 3224 1537 3276 ἐκ
1564 3223 1696 3278 Θεοῦ
1723 3239 1821 3277 πε-

262 3320 494 3394 φηνὼςό
520 3319 707 3389 Λόγος,
737 3317 852 3372 ἀλλ’
877 3313 947 3388 ἦν
986 3317 1051 3369 ἐκ
1095 3317 1306 3388 μήτρας
1349 3316 1441 3369 καὶ
1480 3315 1586 3388 πρὸ
1628 3316 1817 3385 αὐτῆς,

262 3414 457 3484 μᾶλλον
475 3412 532 3466 δὲ
561 3413 654 3465 καὶ
682 3411 791 3482 πρὸ
812 3408 1012 3471 παντὸς
1032 3408 1227 3473 αἰῶνος
1257 3409 1409 3477 ἆγιος
1431 3408 1506 3472 ὡς
1534 3394 1687 3472 Θεὸς,
1716 3407 1825 3461 τῶν

261 3504 402 3557 ἰδίων
446 3501 940 3573 πλεονεκτημάτων
966 3500 1066 3553 οὐκ
1108 3498 1481 3569 ἁπολισθήσας
1504 3497 1600 3551 διὰ
1629 3497 1691 3550 τὸ
1735 3498 1829 3551 ἀν·-

259 3597 555 3668 θρώπινον·
588 3595 702 3648 ἀλλ’
736 3594 857 3647 οὐδὲ
901 3592 1009 3647 τῶν
1044 3591 1401 3664 ἀνθρωπίνων
1434 3590 1713 3661 ἀμελήσας
1739 3589 1828 3644 διὰ

258 3689 355 3761 τὴν
386 3686 701 3757 οἰκονομίαν
729 3703 743 3717 ο
768 3686 858 3739 ἵνα
894 3684 1255 3755 ’πιστεύσηται
1292 3683 1412 3737 κατ’
1452 3682 1708 3752 ἀλήθειαν
1736 3698 1829 3750 γε·

258 3779 434 3848 ’ίονὼς
462 3779 584 3832 καθ’
611 3780 783 3849 ἡμᾶς,
807 3778 904 3831 καὶ
933 3776 1099 3848 αὐτὴν
1127 3775 1286 3847 ήμῶν
1319 3774 1522 3848 ἁγιάσῃ
1548 3774 1647 3844 τὴν
1680 3771 1830 3842 γένε-

262 3887 363 3926 σιν.
395 3868 842 3938 Καταλειφθῆναι
865 3867 921 3920 δέ
950 3883 1080 3938 φησι
1109 3866 1206 3937 τὴν
1234 3866 1357 3936 γῆν,
1382 3867 1511 3935 περὶ
1540 3861 1608 3938 ἧς
1634 3865 1830 3935 ὑφορᾶ-

260 3980 347 4016 ται
397 3963 493 4015 καὶ
553 3960 743 4013 ἐδεδίει
789 3962 854 4013 ὲκ
898 3957 1190 4030 προσώπου
1240 3957 1353 4010 τῶν
1393 3957 1486 4010 δύο
1546 3956 1824 4027 βασιλέων.

263 4056 484 4125 Ὀμοιον
516 4054 573 4106 δὲ
602 4052 733 4105 ὡσεὶ
766 4052 859 4106 καὶ
880 4051 1027 4120 λέγοι
1057 4049 1243 4120 σαφῶς
1261 4067 1277 4081 ·
1311 4051 1532 4121 Ὅτανὴ
1556 4047 1830 4118 Παρθένος

261 4148 319 4201 ὲν
343 4147 541 4215 γαστρὶ
575 4143 814 4197 λαϐοῦσα
856 4144 1027 4206 τέκοι,
1062 4144 1149 4206 σὺ,
1193 4136 1238 4195 ὦ
1268 4137 1416 4207 οἶκος
1454 4140 1638 4205 Δαὸὶδ,
1672 4139 1831 4193 καλέσ

262 4254 379 4300 σεις
422 4236 485 4289 τ’.»
531 4236 700 4305 δνομα
747 4234 911 4287 αὐτοῦ
948 4232 1329 4304 Ἐμμανουήλ’
1363 4232 1485 4285 τότε
1534 4231 1733 4292 πάντες
1780 4233 1830 4283 οἱ

261 4326 722 4401 παρενοχλοῦντες
764 4328 831 4396 τῇ
880 4324 1010 4396 ἁγία
1049 4326 1116 4396 γῇ
1174 4323 1590 4393 καταλείψουσιν
1638 4321 1827 4391 αὐτήν.

266 4421 457 4473 Ἔσται
491 4418 599 4488 γὰρ
644 4416 829 4469 οὐκέτι
874 4414 1010 4487 βατὴ
1054 4418 1167 4479 τοῖς
1210 4415 1454 4468 ἐθέλουσι
1504 4410 1828 4483 καταδῃοῦν.

1925 1938 2040 2009 pria
2075 1946 2130 1992 et
2158 1938 2260 1992 sibi
2304 1947 2635 2008 congruente
2662 1937 2868 1993 collata
2911 1946 3016 2002 est,
3049 1939 3114 1993 ad
3144 1953 3302 2009 quam
3345 1939 3497 1994 mali-

1928 2027 2000 2081 tia
2054 2041 2329 2081 accessum
2395 2043 2499 2081 non
2564 2028 2763 2095 liabet;
2823 2029 3049 2099 vitiique
3108 2043 3269 2083 omne
3324 2018 3493 2098 ge'nus

1927 2123 2151 2187 excutit,
2204 2137 2311 2177 non
2364 2130 2569 2177 tentata
2626 2123 2937 2194 aliquando,
2999 2124 3493 2193 perturbationibus

1928 2230 2127 2282 vacua;
2171 2216 2280 2270 imo
2322 2225 2510 2270 natura
2561 2232 2656 2270 sua
2705 2226 2760 2271 et
2807 2216 3072 2282 essentia,
3130 2215 3348 2270 malitiae.
3386 2231 3494 2270 non

1922 2310 2329 2379 obtemperans.
2388 2306 2502 2362 Non
2548 2308 2728 2375 aliter,
2780 2307 2962 2372 credo,
2997 2323 3155 2376 quam
3188 2309 3233 2363 si
3280 2308 3399 2378 quis
3427 2307 3497 2362 de

1927 2399 2046 2456 luce
2076 2401 2237 2467 dicat,
2266 2400 2407 2470 quod
2432 2398 2746 2470 refragetur,
2772 2416 2893 2456 esse
2918 2401 3113 2471 caligo,
3148 2410 3203 2455 ut
3229 2401 3372 2456 enim
3406 2401 3495 2455 lux

1926 2506 2034 2546 non
2065 2492 2154 2556 sit,
2187 2491 2329 2546 ferre
2362 2507 2464 2546 non
2493 2501 2686 2562 potest.
2713 2491 2925 2547 Natura:
2947 2492 3105 2563 igitur
3130 2491 3323 2547 divina:
3353 2505 3494 2555 esse,

1928 2597 2146 2654 semper
2176 2583 2320 2638 bono
2354 2583 2651 2650 adbmrere,
2680 2583 2938 2649 declarat,
2972 2597 3092 2638 cum
3115 2583 3209 2647 ait,
3237 2597 3355 2637 eam
3388 2597 3499 2637 non

1922 2676 2301 2744 obtemperare
2337 2676 2584 2741 malitiae,
2627 2691 2735 2745 quo
2787 2675 2987 2731 bonum
3035 2674 3216 2745 eligat.
3251 2674 3404 2743 Quod
3440 2677 3497 2730 in

1927 2768 2042 2837 ipso
2068 2768 2287 2823 Christo
2312 2784 2495 2823 verum
2514 2778 2613 2823 est.
2638 2767 2749 2823 Etsi
2779 2769 2921 2823 enim
2948 2769 3159 2840 genitus
3184 2767 3283 2823 fuit
3310 2784 3498 2824 secun-

1926 2860 2051 2913 dum
2091 2875 2307 2915 carnem
2341 2876 2436 2929 per
2474 2872 2715 2915 sanctam
2771 2858 3067 2929 Virginem,
3104 2858 3248 2915 Deus
3298 2870 3495 2916 natura

1926 2960 2060 3005 etex
2115 2950 2223 3004 Deo
2280 2959 2440 3005 natus
2486 2950 2723 3006 Verbum
2766 2960 2991 3007 :tamen
3043 2966 3111 3005 ex
3151 2951 3308 3007 vulva
3352 2961 3494 3017 erat,

1925 3051 1982 3096 et
2014 3051 2139 3097 ante
2175 3043 2369 3112 ipsam,
2409 3043 2515 3097 imo
2542 3055 2597 3097 et
2619 3053 2745 3097 ante
2772 3057 2934 3097 omne
2968 3041 3248 3108 saeculum,
3276 3052 3499 3097 sanctus

1930 3133 2182 3198 utDeus,
2222 3147 2253 3186 a
2293 3147 2389 3189 sua
2436 3133 2792 3203 prmrogaliva
2844 3148 2953 3188 non
3006 3132 3327 3186 deturbatus
3368 3146 3501 3202 pro-

1933 3234 2053 3294 pter
2080 3224 2494 3292 humanitatem;
2526 3225 2618 3280 sed
2643 3239 2742 3280 nec
2762 3225 2993 3280 humana
3021 3222 3256 3295 neglexit
3281 3231 3500 3295 propter

1934 3317 2482 3385 administrationem,
2516 3318 2590 3373 ita
2623 3319 2698 3373 uti
2722 3317 2978 3374 credatur
2998 3333 3125 3375 vere
3149 3327 3347 3374 nostra:
3369 3335 3499 3375 con-

1932 3409 2150 3464 ditionis
2180 3408 2348 3465 fuisse
2376 3448 2391 3474 ,
2427 3419 2481 3463 et
2506 3419 2747 3466 nostram
2782 3411 2919 3465 hanc
2945 3410 3271 3467 creationem
3292 3410 3498 3466 sancti-

1929 3500 2137 3556 licasse.
2204 3500 2627 3572 Relinquendam
2696 3511 2956 3572 praeterea
3029 3503 3222 3559 asserit
3290 3513 3493 3558 terram

1926 3606 2088 3661 quam
2137 3594 2443 3664 suspicatur
2473 3605 2527 3650 et
2556 3596 2728 3661 timet,
2772 3610 2801 3648 a
2847 3596 2984 3650 faeie
3025 3596 3249 3650 duorum
3282 3612 3491 3667 regum.

1930 3684 2117 3740 Simile
2153 3697 2330 3740 autem
2370 3694 2453 3741 est
2480 3702 2545 3741 ac
2588 3688 2633 3741 si
2665 3688 2786 3756 quis
2830 3688 2974 3741 dicat
3015 3696 3199 3758 aperte
3225 3687 3497 3756 :‘Qttando

1922 3774 2093 3846 Virgo
2117 3792 2402 3846 praegnans
2442 3780 2730 3848 pepererit,
2762 3787 2816 3832 et
2847 3789 2932 3844 tu,
2980 3795 3013 3833 ο
3052 3780 3242 3834 domus
3291 3779 3491 3842 David,

1929 3867 2147 3921 vocabis
2198 3885 2389 3925 nomen
2444 3870 2561 3939 ejus
2607 3870 2918 3926 Emmanuel
2958 3891 2971 3927 :
3016 3881 3143 3926 tunc
3184 3888 3370 3927 omnes
3402 3873 3494 3939 qui

1930 3959 2169 4029 affligunt
2204 3971 2449 4016 sanctam
2484 3972 2704 4026 terram,
2750 3963 3053 4031 relinquent
3084 3978 3226 4026 eam,
3269 3977 3365 4017 nec
3392 3963 3496 4015 erit

1927 4051 2183 4119 deinceps
2208 4052 2363 4105 obvia
2397 4052 2487 4104 ulli
2515 4054 2818 4106 vastitatem
2851 4054 3046 4107 inferre
3074 4052 3293 4107 volenti.
3332 4053 3496 4120 Spiri-

1932 4142 2089 4196 tualis
2112 4156 2240 4195 vero
2277 4143 2389 4195 haec
2421 4144 2613 4197 oratio.
2657 4141 2794 4197 Nato
2828 4146 2971 4196 enim
3016 4143 3382 4208 Emmanucle,
3430 4165 3494 4201 ea

1930 4248 2049 4302 qua:
2077 4246 2201 4286 vere
2233 4231 2371 4284 facta
2406 4240 2547 4284 terra
2577 4241 2658 4285 est
2688 4231 2897 4294 civitas,
2935 4232 2987 4284 id
3018 4240 3101 4285 est
3144 4216 3495 4298 Ecclesia,in

1929 4327 2125 4379 bonam
2168 4339 2313 4392 spem
2343 4331 2535 4377 vocata
2574 4334 2676 4389 est,
2708 4338 3001 4393 omnesque
3034 4324 3215 4381 hostes
3246 4325 3493 4393 calcavit,

1930 4417 2020 4484 qui
2069 4417 2325 4470 invictam
2372 4416 2517 4469 illam
2564 4417 2822 4483 videntes,
2858 4426 3218 4481 recesserunt,
3274 4429 3327 4472 et
3368 4428 3425 4472 ut
3463 4434 3496 4471 a

262 4509 636 4579 Πνευματικδς
663 4509 718 4562 δὲ
756 4511 784 4562 ό
808 4507 982 4576 λόγος.
1012 4506 1368 4579 Γεννηθέντος
1413 4504 1520 4572 γὰρ
1561 4501 1655 4554 τοῦ
1703 4503 1827 4572 Ἐμ-

1933 4507 2042 4561 Deo
2092 4515 2464 4561 conservatam
2515 4507 2869 4578 reliquerunt.
2912 4508 3023 4578 Ego
3062 4509 3204 4562 enim
3255 4522 3349 4561 ero
3396 4507 3494 4571 illi,

267 4598 524 4667 μανουὴλ,
551 4601 584 4669 ἠ
611 4598 825 4667 ἀληθῶς
852 4599 984 4664 ἁγία
1011 4598 1082 4667 γῆ
1115 4598 1211 4650 καὶ
1241 4596 1415 4658 πόλις,
1447 4593 1589 4647 τοῦτ’
1620 4586 1763 4646 ἔστιν
1796 4594 1829 4663 ἡ

282 4688 597 4756 Ἐκκλησία,
626 4688 845 4754 γέγονεν
882 4689 939 4739 ἐν
972 4686 1124 4756 καλῷ
1148 4687 1245 4755 τῆς
1274 4684 1504 4747 ἐλπίδος,
1538 4684 1629 4737 καὶ
1654 4686 1830 4738 πάντα

1938 4593 2068 4646 ιιίςιι
2097 4591 2382 4658 Dominus,
2416 4610 2601 4649 murus
2647 4597 2830 4664 igneus
2858 4596 3307 4667 circumquaque,
3346 4606 3400 4648 et
3440 4595 3495 4648 in

1935 4684 2158 4751 gloriam
2190 4701 2284 4740 ero
2317 4686 2367 4739 in
2401 4688 2574 4741 medio
2605 4687 2740 4755 ejus.

264 4781 583 4850 πεπάτηκεν
614 4780 823 4851 ἐχθρὸν,
858 4781 908 4833 οἳ
943 4781 1037 4833 καὶ
1084 4781 1298 4849 ἄμαχον
1354 4778 1555 4840 εἰδότες
1610 4777 1777 4847 αὐτὴν
1832 4776 2322 4849 ἀνακεχωρήκασι,
2372 4779 2817 4842 καταλελοιπότες
2869 4781 2943 4842 ὡς
2995 4781 3145 4849 παρὰ
3197 4778 3329 4832 Θεοῦ
3391 4798 3497 4834 σω-

263 4876 520 4946 ζομένην,
563 4874 708 4943 Ἐγὼ
755 4876 861 4947 γὰρ
915 4875 1108 4945 ἔσομαι
1147 4872 1305 4943 αὐτῇ,
1346 4872 1492 4941 λέγει
1542 4871 1765 4943 Κύριος,
1810 4874 1985 4940 τεῖχος
2055 4874 2221 4942 πυρὸς
2265 4875 2545 4941 κυκλόθεν,
2574 4877 2667 4927 καὶ
2707 4878 2785 4938 εἰς
2811 4876 2965 4940 δόξαν
3009 4875 3199 4946 ἔσομαι
3240 4880 3298 4931 ἐν
3349 4878 3500 4950 μέσῳ

265 4974 449 5041 αὐτῆς.

891 5085 1110 5138 ΛΟΓΟΣ
1135 5083 1206 5136 E'.

345 5216 498 5269 Ἀλλ’
527 5214 735 5277 ἑπάξει
761 5216 973 5282 Κύριος
998 5213 1093 5267 ἐπὶ
1129 5210 1203 5265 σὲ
1229 5253 1243 5273 ,
1275 5211 1372 5263 καί
1410 5209 1508 5263 ἐπὶ
1553 5209 1657 5263 τὸν
1686 5212 1835 5264 λαόν

267 5324 399 5371 σου,
427 5307 525 5361 καί
558 5309 659 5361 ἐπὶ
683 5307 791 5359 τὸν
815 5308 986 5361 οἷκον
1022 5305 1127 5358 τοῦ
1176 5306 1397 5372 πατρός
1433 5319 1550 5357 σου
1579 5302 1800 5371 ἡμέρας
1819 5342 1833 5366 ,

264 5399 326 5450 a2
376 5398 607 5453 οὐδέπω
684 5399 948 5467 ἣκασιν,
1012 5398 1111 5466 ἀρ’
1161 5393 1237 5467 ἧς
1302 5394 1526 5465 ’ἡμέρας
1591 5394 1838 5462 ἀφεῖλεν

277 5490 524 5560 Ἐφραῒμ
579 5492 698 5544 ἀπὸ
763 5488 963 5546 Ἰούδα
1026 5489 1131 5542 τὸν
1180 5487 1445 5553 ,ϐασιλέα
1509 5483 1625 5539 τῶν
1693 5486 1828 5539 Ἀσ-

261 5585 508 5652 capiatr.

326 5689 763 5762 Τεθορυεημένῳ
800 5689 925 5743 λίαν
952 5688 1029 5759 τῷ
1067 5691 1241 5762 ’Ᾱχαζ
1291 5689 1381 5742 ἐπὶ
1433 5690 1499 5757 τῇ
1551 5684 1835 5757 συμφωνίᾳ

261 5782 362 5838 τῶν
387 5784 485 5839 δύο
508 5782 800 5853 βασιλέων,
824 5780 923 5836 τοῦ
952 5798 1009 5834 τε
1042 5781 1320 5837 Ῥαασσὼν
1367 5779 1459 5833 καὶ
1499 5778 1591 5832 τοῦ
1610 5779 1795 5845 dum
1814 5817 1832 5843 ,

1617 5882 1653 5891 ..ν

2442 5082 2607 5153 12:,
2635 5080 2886 5137 ORATIO
2930 5083 2990 5138 ν.

2008 5220 2167 5274 Vens.
2207 5221 2291 5273 l7.
2354 5220 2458 5275 Sed
2510 5222 2710 5274 inve/tet
2760 5223 3011 5278 Dominus
3057 5227 3169 5291 tibi,
3218 5237 3264 5279 et
3306 5230 3499 5296 populo

1935 5323 2045 5376 tuo,
2079 5325 2127 5365 et
2154 5312 2331 5365 domui
2359 5315 2522 5380 patris
2551 5317 2626 5366 tui
2671 5317 2802 5379 dies,
2830 5317 3008 5385 quales
3033 5337 3144 5371 non
3168 5334 3431 5387 venerunt,
3463 5340 3495 5375 α

1934 5403 2018 5455 die
2046 5419 2148 5471 quo
2189 5403 2399 5456 abstulit
2446 5404 2701 5474 Epitraim
2738 5425 2769 5460 α
2820 5406 2963 5460 Iuda
2998 5411 3285 5478 principem
3331 5415 3494 5483 Assy-

1935 5509 2153 5546 norum.

2010 5688 2248 5743 Turbato
2291 5689 2574 5756 plurimum
2624 5690 2838 5746 Achazo
2894 5705 3109 5764 propter
3145 5701 3500 5769 conspiratio-

1942 5793 2062 5832 nem
2092 5781 2319 5834 duorum
2345 5794 2550 5849 regum,
2583 5780 2865 5839 Rbaasson
2893 5795 2947 5841 et
2970 5786 3198 5856 Pliacee,
3230 5790 3501 5858 pollicitus
