  <div class='ocr_page' id='page_1' title='image "/cluster/home/n/w/nwhite01/storage/ocr_20150623/70/mdp.39015078384453/111.png"; bbox 0 0 4122 6292; ppageno 0'>
   <div class='ocr_carea' id='block_1_1' title="bbox 592 443 705 510">
    <p class='ocr_par' dir='ltr' id='par_1_1' title="bbox 592 443 705 510">
     <span class='ocr_line' id='line_1_1' title="bbox 592 443 705 510; baseline -0.027 0"><span class='ocrx_word' id='word_1_1' title='bbox 592 443 705 510; x_wconf 66' lang='lat'><strong>207</strong></span> 
     </span>
    </p>
   </div>
   <div class='ocr_carea' id='block_1_2' title="bbox 1587 438 2820 503">
    <p class='ocr_par' dir='ltr' id='par_1_2' title="bbox 1587 438 2820 503">
     <span class='ocr_line' id='line_1_2' title="bbox 1587 438 2820 503; baseline -0.005 1"><span class='ocrx_word' id='word_1_2' title='bbox 1587 447 1643 503; x_wconf 89' lang='lat' dir='ltr'><strong>S.</strong></span> <span class='ocrx_word' id='word_1_3' title='bbox 1686 438 1961 503; x_wconf 77' lang='lat' dir='ltr'><strong>CYRILLI</strong></span> <span class='ocrx_word' id='word_1_4' title='bbox 2003 441 2466 498; x_wconf 75' lang='lat' dir='ltr'><strong>ALEXANDRINI</strong></span> <span class='ocrx_word' id='word_1_5' title='bbox 2508 441 2820 498; x_wconf 80' lang='lat' dir='ltr'><strong>ARClllEP.</strong></span> 
     </span>
    </p>
   </div>
   <div class='ocr_carea' id='block_1_3' title="bbox 3726 445 3833 502">
    <p class='ocr_par' dir='ltr' id='par_1_3' title="bbox 3726 445 3833 502">
     <span class='ocr_line' id='line_1_3' title="bbox 3726 445 3833 502; baseline 0 0"><span class='ocrx_word' id='word_1_6' title='bbox 3726 445 3833 502; x_wconf 68' lang='lat'><strong>208</strong></span> 
     </span>
    </p>
   </div>
   <div class='ocr_carea' id='block_1_4' title="bbox 604 557 2166 631">
    <p class='ocr_par' dir='ltr' id='par_1_4' title="bbox 604 561 2161 627">
     <span class='ocr_line' id='line_1_4' title="bbox 604 561 2161 627; baseline -0.009 0"><span class='ocrx_word' id='word_1_7' title='bbox 604 584 691 627; x_wconf 83' lang='lat' dir='ltr'><strong>est</strong></span> <span class='ocrx_word' id='word_1_8' title='bbox 736 568 1109 626; x_wconf 85' lang='lat' dir='ltr'><strong>universitatis</strong></span> <span class='ocrx_word' id='word_1_9' title='bbox 1151 566 1290 620; x_wconf 89' lang='lat' dir='ltr'><strong>Deus</strong></span> <span class='ocrx_word' id='word_1_10' title='bbox 1335 563 1630 618; x_wconf 78' lang='lat' dir='ltr'><strong>subsidium</strong></span> <span class='ocrx_word' id='word_1_11' title='bbox 1666 583 1677 617; x_wconf 91' lang='lat'>:</span> <span class='ocrx_word' id='word_1_12' title='bbox 1709 572 1764 619; x_wconf 90' lang='lat' dir='ltr'><strong>et</strong></span> <span class='ocrx_word' id='word_1_13' title='bbox 1807 562 1860 616; x_wconf 90' lang='lat' dir='ltr'><strong>in</strong></span> <span class='ocrx_word' id='word_1_14' title='bbox 1908 561 2011 616; x_wconf 73' lang='lat' dir='ltr'><strong>[ide</strong></span> <span class='ocrx_word' id='word_1_15' title='bbox 2040 576 2161 617; x_wconf 88' lang='lat' dir='ltr'><strong>eum</strong></span> 
     </span>
    </p>
   </div>
   <div class='ocr_carea' id='block_1_5' title="bbox 2269 557 3835 631">
    <p class='ocr_par' dir='ltr' id='par_1_5' title="bbox 2269 557 3835 631">
     <span class='ocr_line' id='line_1_5' title="bbox 2269 557 3835 631; baseline 0 -17"><span class='ocrx_word' id='word_1_16' title='bbox 2269 560 2733 631; x_wconf 79' lang='grc' dir='ltr'><strong>κατεπηγγέλλετο</strong></span> <span class='ocrx_word' id='word_1_17' title='bbox 2790 559 2886 630; x_wconf 83' lang='grc' dir='ltr'><strong>μὲν</strong></span> <span class='ocrx_word' id='word_1_18' title='bbox 2938 559 3031 629; x_wconf 76' lang='grc' dir='ltr'><strong>τὴν</strong></span> <span class='ocrx_word' id='word_1_19' title='bbox 3086 557 3402 629; x_wconf 77' lang='grc' dir='ltr'><strong>ἐπικουρίαν</strong></span> <span class='ocrx_word' id='word_1_20' title='bbox 3458 560 3487 611; x_wconf 99' lang='lat'><strong>6</strong></span> <span class='ocrx_word' id='word_1_21' title='bbox 3542 558 3648 612; x_wconf 86' lang='grc' dir='ltr'><strong>τῶν</strong></span> <span class='ocrx_word' id='word_1_22' title='bbox 3701 560 3835 615; x_wconf 84' lang='grc' dir='ltr'>ὅλων</span> 
     </span>
    </p>
   </div>
   <div class='ocr_carea' id='block_1_6' title="bbox 599 652 2172 724">
    <p class='ocr_par' dir='ltr' id='par_1_6' title="bbox 599 652 2172 724">
     <span class='ocr_line' id='line_1_6' title="bbox 599 652 2172 724; baseline -0.005 -12"><span class='ocrx_word' id='word_1_23' title='bbox 599 662 789 717; x_wconf 77' lang='lat' dir='ltr'><strong>volens</strong></span> <span class='ocrx_word' id='word_1_24' title='bbox 818 661 1189 718; x_wconf 85' lang='lat' dir='ltr'><strong>corroborare,</strong></span> <span class='ocrx_word' id='word_1_25' title='bbox 1236 654 1449 724; x_wconf 81' lang='lat' dir='ltr'><strong>signum</strong></span> <span class='ocrx_word' id='word_1_26' title='bbox 1493 664 1675 722; x_wconf 82' lang='lat' dir='ltr'><strong>petere</strong></span> <span class='ocrx_word' id='word_1_27' title='bbox 1708 652 1868 723; x_wconf 77' lang='lat' dir='ltr'><strong>jussit</strong></span> <span class='ocrx_word' id='word_1_28' title='bbox 1898 670 1917 703; x_wconf 78' lang='grc' dir='ltr'><strong>ι</strong></span> <span class='ocrx_word' id='word_1_29' title='bbox 1961 652 2012 704; x_wconf 92' lang='lat' dir='ltr'><strong>in</strong></span> <span class='ocrx_word' id='word_1_30' title='bbox 2055 668 2172 719; x_wconf 86' lang='lat' dir='ltr'><strong>pro-</strong></span> 
     </span>
    </p>
   </div>
   <div class='ocr_carea' id='block_1_7' title="bbox 602 742 2170 808">
    <p class='ocr_par' dir='ltr' id='par_1_7' title="bbox 602 742 2170 808">
     <span class='ocr_line' id='line_1_7' title="bbox 602 742 2170 808; baseline -0.01 -4"><span class='ocrx_word' id='word_1_31' title='bbox 602 751 804 808; x_wconf 82' lang='lat' dir='ltr'><strong>fundo.</strong></span> <span class='ocrx_word' id='word_1_32' title='bbox 844 749 956 802; x_wconf 82' lang='lat' dir='ltr'><strong>sive</strong></span> <span class='ocrx_word' id='word_1_33' title='bbox 987 748 1036 800; x_wconf 92' lang='lat' dir='ltr'><strong>in</strong></span> <span class='ocrx_word' id='word_1_34' title='bbox 1074 744 1306 800; x_wconf 73' lang='lat' dir='ltr'><strong>exrclso.</strong></span> <span class='ocrx_word' id='word_1_35' title='bbox 1347 764 1364 797; x_wconf 72' lang='grc' dir='ltr'><strong>ι</strong></span> <span class='ocrx_word' id='word_1_36' title='bbox 1407 742 1689 798; x_wconf 79' lang='lat' dir='ltr'><strong>Renuente</strong></span> <span class='ocrx_word' id='word_1_37' title='bbox 1722 753 1900 796; x_wconf 88' lang='lat' dir='ltr'><strong>autem</strong></span> <span class='ocrx_word' id='word_1_38' title='bbox 1931 742 2170 805; x_wconf 84' lang='lat' dir='ltr'><strong>Achazn,</strong></span> 
     </span>
    </p>
   </div>
   <div class='ocr_carea' id='block_1_8' title="bbox 600 831 2172 909">
    <p class='ocr_par' dir='ltr' id='par_1_8' title="bbox 600 831 2172 909">
     <span class='ocr_line' id='line_1_8' title="bbox 600 831 2172 909; baseline -0.008 -14"><span class='ocrx_word' id='word_1_39' title='bbox 600 850 658 895; x_wconf 83' lang='lat' dir='ltr'><strong>et</strong></span> <span class='ocrx_word' id='word_1_40' title='bbox 685 837 1088 909; x_wconf 82' lang='lat' dir='ltr'><strong>perversissime</strong></span> <span class='ocrx_word' id='word_1_41' title='bbox 1116 836 1364 889; x_wconf 78' lang='lat' dir='ltr'><strong>dicente:</strong></span> <span class='ocrx_word' id='word_1_42' title='bbox 1391 832 1504 887; x_wconf 82' lang='lat' dir='ltr'><strong>Non</strong></span> <span class='ocrx_word' id='word_1_43' title='bbox 1527 841 1721 902; x_wconf 89' lang='lat' dir='ltr'><strong>petam,</strong></span> <span class='ocrx_word' id='word_1_44' title='bbox 1751 847 1925 901; x_wconf 87' lang='lat' dir='ltr'><strong>neque</strong></span> <span class='ocrx_word' id='word_1_45' title='bbox 1956 831 2172 885; x_wconf 90' lang='lat' dir='ltr'><strong>tentabo</strong></span> 
     </span>
    </p>
   </div>
   <div class='ocr_carea' id='block_1_9' title="bbox 603 923 2169 996">
    <p class='ocr_par' dir='ltr' id='par_1_9' title="bbox 603 923 2169 996">
     <span class='ocr_line' id='line_1_9' title="bbox 603 923 2169 996; baseline -0.006 -13"><span class='ocrx_word' id='word_1_46' title='bbox 603 929 886 983; x_wconf 86' lang='lat' dir='ltr'><strong>Dominum</strong></span> <span class='ocrx_word' id='word_1_47' title='bbox 941 926 1211 996; x_wconf 90' lang='lat' dir='ltr'><strong>(attendit</strong></span> <span class='ocrx_word' id='word_1_48' title='bbox 1262 925 1406 979; x_wconf 89' lang='lat' dir='ltr'><strong>enim</strong></span> <span class='ocrx_word' id='word_1_49' title='bbox 1460 923 1632 990; x_wconf 80' lang='lat' dir='ltr'><strong>magis</strong></span> <span class='ocrx_word' id='word_1_50' title='bbox 1684 937 1940 975; x_wconf 88' lang='lat' dir='ltr'><strong>vanorum</strong></span> <span class='ocrx_word' id='word_1_51' title='bbox 1993 930 2169 975; x_wconf 87' lang='lat' dir='ltr'><strong>vatum</strong></span> 
     </span>
    </p>
   </div>
   <div class='ocr_carea' id='block_1_10' title="bbox 599 1011 2174 1088">
    <p class='ocr_par' dir='ltr' id='par_1_10' title="bbox 599 1011 2174 1088">
     <span class='ocr_line' id='line_1_10' title="bbox 599 1011 2174 1088; baseline -0.004 -16"><span class='ocrx_word' id='word_1_52' title='bbox 599 1017 914 1088; x_wconf 86' lang='lat' dir='ltr'><strong>imposturis</strong></span> <span class='ocrx_word' id='word_1_53' title='bbox 941 1028 985 1086; x_wconf 82' lang='lat'><strong>),</strong></span> <span class='ocrx_word' id='word_1_54' title='bbox 1031 1031 1126 1069; x_wconf 90' lang='lat' dir='ltr'><strong>sua</strong></span> <span class='ocrx_word' id='word_1_55' title='bbox 1170 1023 1361 1083; x_wconf 78' lang='lat' dir='ltr'><strong>sronle</strong></span> <span class='ocrx_word' id='word_1_56' title='bbox 1404 1012 1802 1083; x_wconf 87' lang='lat' dir='ltr'><strong>quodammodo</strong></span> <span class='ocrx_word' id='word_1_57' title='bbox 1857 1011 1996 1066; x_wconf 85' lang='lat' dir='ltr'><strong>Deus</strong></span> <span class='ocrx_word' id='word_1_58' title='bbox 2057 1011 2174 1080; x_wconf 87' lang='lat' dir='ltr'><strong>ipse</strong></span> 
     </span>
    </p>
   </div>
   <div class='ocr_carea' id='block_1_11' title="bbox 601 1103 2171 1175">
    <p class='ocr_par' dir='ltr' id='par_1_11' title="bbox 601 1103 2171 1175">
     <span class='ocr_line' id='line_1_11' title="bbox 601 1103 2171 1175; baseline -0.007 -11"><span class='ocrx_word' id='word_1_59' title='bbox 601 1109 781 1164; x_wconf 84' lang='lat' dir='ltr'><strong>domui</strong></span> <span class='ocrx_word' id='word_1_60' title='bbox 818 1108 1040 1161; x_wconf 86' lang='lat' dir='ltr'><strong>Davidis</strong></span> <span class='ocrx_word' id='word_1_61' title='bbox 1072 1108 1284 1175; x_wconf 79' lang='lat' dir='ltr'><strong>signum</strong></span> <span class='ocrx_word' id='word_1_62' title='bbox 1317 1104 1578 1158; x_wconf 78' lang='lat' dir='ltr'><strong>exhibuit.</strong></span> <span class='ocrx_word' id='word_1_63' title='bbox 1618 1103 1754 1157; x_wconf 84' lang='lat' dir='ltr'><strong>Ecce</strong></span> <span class='ocrx_word' id='word_1_64' title='bbox 1780 1103 1944 1165; x_wconf 86' lang='lat' dir='ltr'><strong>enim,</strong></span> <span class='ocrx_word' id='word_1_65' title='bbox 1979 1103 2171 1170; x_wconf 89' lang='lat' dir='ltr'><strong>inquit,</strong></span> 
     </span>
    </p>
   </div>
   <div class='ocr_carea' id='block_1_12' title="bbox 605 1194 2173 1269">
    <p class='ocr_par' dir='ltr' id='par_1_12' title="bbox 605 1194 2173 1269">
     <span class='ocr_line' id='line_1_12' title="bbox 605 1194 2173 1269; baseline -0.004 -16"><span class='ocrx_word' id='word_1_66' title='bbox 605 1200 757 1269; x_wconf 80' lang='lat' dir='ltr'><strong>virgo</strong></span> <span class='ocrx_word' id='word_1_67' title='bbox 796 1199 849 1252; x_wconf 91' lang='lat' dir='ltr'><strong>in</strong></span> <span class='ocrx_word' id='word_1_68' title='bbox 886 1207 1041 1251; x_wconf 90' lang='lat' dir='ltr'><strong>utero</strong></span> <span class='ocrx_word' id='word_1_69' title='bbox 1086 1196 1321 1261; x_wconf 92' lang='lat' dir='ltr'><strong>habebit,</strong></span> <span class='ocrx_word' id='word_1_70' title='bbox 1371 1205 1424 1249; x_wconf 94' lang='lat' dir='ltr'><strong>et</strong></span> <span class='ocrx_word' id='word_1_71' title='bbox 1474 1194 1647 1263; x_wconf 85' lang='lat' dir='ltr'><strong>pariet</strong></span> <span class='ocrx_word' id='word_1_72' title='bbox 1691 1194 1880 1257; x_wconf 84' lang='lat' dir='ltr'><strong>lilium,</strong></span> <span class='ocrx_word' id='word_1_73' title='bbox 1928 1204 1984 1248; x_wconf 92' lang='lat' dir='ltr'><strong>et</strong></span> <span class='ocrx_word' id='word_1_74' title='bbox 2016 1209 2173 1248; x_wconf 87' lang='lat' dir='ltr'><strong>voca-</strong></span> 
     </span>
    </p>
   </div>
   <div class='ocr_carea' id='block_1_13' title="bbox 598 1283 2173 1356">
    <p class='ocr_par' dir='ltr' id='par_1_13' title="bbox 598 1283 2173 1356">
     <span class='ocr_line' id='line_1_13' title="bbox 598 1283 2173 1356; baseline -0.003 -14"><span class='ocrx_word' id='word_1_75' title='bbox 598 1289 734 1343; x_wconf 86' lang='lat' dir='ltr'><strong>bunt</strong></span> <span class='ocrx_word' id='word_1_76' title='bbox 779 1302 972 1342; x_wconf 84' lang='lat' dir='ltr'><strong>nomen</strong></span> <span class='ocrx_word' id='word_1_77' title='bbox 1022 1286 1140 1356; x_wconf 83' lang='lat' dir='ltr'><strong>ejus</strong></span> <span class='ocrx_word' id='word_1_78' title='bbox 1186 1285 1520 1339; x_wconf 87' lang='lat' dir='ltr'><strong>Emmanuel.</strong></span> <span class='ocrx_word' id='word_1_79' title='bbox 1558 1283 1816 1338; x_wconf 82' lang='lat' dir='ltr'><strong>Oratione</strong></span> <span class='ocrx_word' id='word_1_80' title='bbox 1860 1284 2072 1339; x_wconf 90' lang='lat' dir='ltr'><strong>demum</strong></span> <span class='ocrx_word' id='word_1_81' title='bbox 2108 1284 2173 1337; x_wconf 81' lang='lat' dir='ltr'><strong>de</strong></span> 
     </span>
    </p>
   </div>
   <div class='ocr_carea' id='block_1_14' title="bbox 599 1373 2170 1441">
    <p class='ocr_par' dir='ltr' id='par_1_14' title="bbox 599 1373 2170 1441">
     <span class='ocr_line' id='line_1_14' title="bbox 599 1373 2170 1441; baseline -0.003 -9"><span class='ocrx_word' id='word_1_82' title='bbox 599 1379 842 1433; x_wconf 88' lang='lat' dir='ltr'><strong>his-sane</strong></span> <span class='ocrx_word' id='word_1_83' title='bbox 872 1377 1011 1432; x_wconf 86' lang='lat' dir='ltr'><strong>belle</strong></span> <span class='ocrx_word' id='word_1_84' title='bbox 1042 1376 1309 1441; x_wconf 79' lang='lat' dir='ltr'><strong>confecta,</strong></span> <span class='ocrx_word' id='word_1_85' title='bbox 1348 1374 1611 1429; x_wconf 83' lang='lat' dir='ltr'><strong>transfert</strong></span> <span class='ocrx_word' id='word_1_86' title='bbox 1643 1390 1830 1429; x_wconf 85' lang='lat' dir='ltr'><strong>rursus</strong></span> <span class='ocrx_word' id='word_1_87' title='bbox 1870 1373 2170 1428; x_wconf 79' lang='lat' dir='ltr'><strong>futurorum</strong></span> 
     </span>
    </p>
   </div>
   <div class='ocr_carea' id='block_1_15' title="bbox 600 1465 2170 1537">
    <p class='ocr_par' dir='ltr' id='par_1_15' title="bbox 600 1465 2170 1537">
     <span class='ocr_line' id='line_1_15' title="bbox 600 1465 2170 1537; baseline -0.001 -17"><span class='ocrx_word' id='word_1_88' title='bbox 600 1469 998 1537; x_wconf 60' lang='lat' dir='ltr'><strong>prmdictionem</strong></span> <span class='ocrx_word' id='word_1_89' title='bbox 1022 1469 1088 1522; x_wconf 91' lang='lat' dir='ltr'><strong>ad</strong></span> <span class='ocrx_word' id='word_1_90' title='bbox 1119 1468 1284 1536; x_wconf 90' lang='lat' dir='ltr'><strong>ipsius</strong></span> <span class='ocrx_word' id='word_1_91' title='bbox 1311 1467 1505 1521; x_wconf 85' lang='lat' dir='ltr'><strong>Achazi</strong></span> <span class='ocrx_word' id='word_1_92' title='bbox 1536 1482 1842 1536; x_wconf 79' lang='lat' dir='ltr'><strong>personam.</strong></span> <span class='ocrx_word' id='word_1_93' title='bbox 1879 1465 2170 1536; x_wconf 82' lang='lat' dir='ltr'><strong>Oportebat</strong></span> 
     </span>
    </p>
   </div>
   <div class='ocr_carea' id='block_1_16' title="bbox 596 1558 2169 1630">
    <p class='ocr_par' dir='ltr' id='par_1_16' title="bbox 596 1558 2169 1630">
     <span class='ocr_line' id='line_1_16' title="bbox 596 1558 2169 1630; baseline -0.002 -16"><span class='ocrx_word' id='word_1_94' title='bbox 596 1562 767 1624; x_wconf 86' lang='lat' dir='ltr'><strong>enim,</strong></span> <span class='ocrx_word' id='word_1_95' title='bbox 804 1562 1089 1630; x_wconf 81' lang='lat' dir='ltr'><strong>Oportebat</strong></span> <span class='ocrx_word' id='word_1_96' title='bbox 1114 1560 1303 1614; x_wconf 85' lang='lat' dir='ltr'><strong>salutis</strong></span> <span class='ocrx_word' id='word_1_97' title='bbox 1338 1574 1435 1627; x_wconf 85' lang='lat' dir='ltr'><strong>per</strong></span> <span class='ocrx_word' id='word_1_98' title='bbox 1461 1558 1730 1613; x_wconf 83' lang='lat' dir='ltr'><strong>Christum</strong></span> <span class='ocrx_word' id='word_1_99' title='bbox 1763 1558 2169 1626; x_wconf 74' lang='lat' dir='ltr'><strong>pmnuntiatio-</strong></span> 
     </span>
    </p>
   </div>
   <div class='ocr_carea' id='block_1_17' title="bbox 600 1649 2172 1720">
    <p class='ocr_par' dir='ltr' id='par_1_17' title="bbox 600 1649 2172 1720">
     <span class='ocr_line' id='line_1_17' title="bbox 600 1649 2172 1720; baseline -0.002 -14"><span class='ocrx_word' id='word_1_100' title='bbox 600 1669 721 1709; x_wconf 89' lang='lat' dir='ltr'><strong>nem</strong></span> <span class='ocrx_word' id='word_1_101' title='bbox 764 1652 880 1705; x_wconf 82' lang='lat' dir='ltr'><strong>ﬁeri</strong></span> <span class='ocrx_word' id='word_1_102' title='bbox 926 1652 991 1705; x_wconf 87' lang='lat' dir='ltr'><strong>ad</strong></span> <span class='ocrx_word' id='word_1_103' title='bbox 1029 1666 1123 1705; x_wconf 89' lang='lat' dir='ltr'><strong>eos</strong></span> <span class='ocrx_word' id='word_1_104' title='bbox 1146 1651 1235 1720; x_wconf 91' lang='lat' dir='ltr'><strong>qui</strong></span> <span class='ocrx_word' id='word_1_105' title='bbox 1266 1667 1332 1703; x_wconf 79' lang='lat' dir='ltr'><strong>ex</strong></span> <span class='ocrx_word' id='word_1_106' title='bbox 1378 1650 1575 1703; x_wconf 78' lang='lat' dir='ltr'><strong>familia</strong></span> <span class='ocrx_word' id='word_1_107' title='bbox 1617 1659 1771 1703; x_wconf 88' lang='lat' dir='ltr'><strong>erant</strong></span> <span class='ocrx_word' id='word_1_108' title='bbox 1814 1650 2083 1715; x_wconf 81' lang='lat' dir='ltr'><strong>Davidica,</strong></span> <span class='ocrx_word' id='word_1_109' title='bbox 2123 1649 2172 1704; x_wconf 91' lang='lat' dir='ltr'><strong>id</strong></span> 
     </span>
    </p>
   </div>
   <div class='ocr_carea' id='block_1_18' title="bbox 599 1742 2169 1811">
    <p class='ocr_par' dir='ltr' id='par_1_18' title="bbox 599 1742 2169 1811">
     <span class='ocr_line' id='line_1_18' title="bbox 599 1742 2169 1811; baseline -0.001 -14"><span class='ocrx_word' id='word_1_110' title='bbox 599 1756 682 1799; x_wconf 77' lang='lat' dir='ltr'><strong>est</strong></span> <span class='ocrx_word' id='word_1_111' title='bbox 734 1762 795 1798; x_wconf 73' lang='lat' dir='ltr'><strong>ex</strong></span> <span class='ocrx_word' id='word_1_112' title='bbox 852 1744 991 1797; x_wconf 88' lang='lat' dir='ltr'><strong>tribu</strong></span> <span class='ocrx_word' id='word_1_113' title='bbox 1048 1743 1205 1805; x_wconf 83' lang='lat' dir='ltr'><strong>Juda,</strong></span> <span class='ocrx_word' id='word_1_114' title='bbox 1257 1744 1323 1795; x_wconf 77' lang='lat' dir='ltr'><strong>de</strong></span> <span class='ocrx_word' id='word_1_115' title='bbox 1378 1760 1480 1811; x_wconf 87' lang='lat' dir='ltr'><strong>qua</strong></span> <span class='ocrx_word' id='word_1_116' title='bbox 1536 1753 1686 1795; x_wconf 87' lang='lat' dir='ltr'><strong>ortus</strong></span> <span class='ocrx_word' id='word_1_117' title='bbox 1739 1751 1822 1795; x_wconf 85' lang='lat' dir='ltr'><strong>est</strong></span> <span class='ocrx_word' id='word_1_118' title='bbox 1877 1742 2169 1795; x_wconf 89' lang='lat' dir='ltr'><strong>secundum</strong></span> 
     </span>
    </p>
   </div>
   <div class='ocr_carea' id='block_1_19' title="bbox 597 1833 2167 1903">
    <p class='ocr_par' dir='ltr' id='par_1_19' title="bbox 597 1833 2167 1903">
     <span class='ocr_line' id='line_1_19' title="bbox 597 1833 2167 1903; baseline -0.001 -17"><span class='ocrx_word' id='word_1_119' title='bbox 597 1852 816 1889; x_wconf 74' lang='lat' dir='ltr'><strong>carnem</strong></span> <span class='ocrx_word' id='word_1_120' title='bbox 835 1835 958 1903; x_wconf 80' lang='lat' dir='ltr'><strong>ipse</strong></span> <span class='ocrx_word' id='word_1_121' title='bbox 984 1835 1252 1889; x_wconf 82' lang='lat' dir='ltr'><strong>Christus.</strong></span> <span class='ocrx_word' id='word_1_122' title='bbox 1287 1834 1695 1888; x_wconf 65' lang='lat' dir='ltr'><strong>Prwdictionem</strong></span> <span class='ocrx_word' id='word_1_123' title='bbox 1724 1839 1902 1885; x_wconf 90' lang='lat' dir='ltr'><strong>autem</strong></span> <span class='ocrx_word' id='word_1_124' title='bbox 1924 1833 2167 1901; x_wconf 80' lang='lat' dir='ltr'><strong>gravium</strong></span> 
     </span>
    </p>
   </div>
   <div class='ocr_carea' id='block_1_20' title="bbox 2274 648 3834 721">
    <p class='ocr_par' dir='ltr' id='par_1_20' title="bbox 2274 648 3834 721">
     <span class='ocr_line' id='line_1_20' title="bbox 2274 648 3834 721; baseline -0.001 -18"><span class='ocrx_word' id='word_1_125' title='bbox 2274 652 2424 714; x_wconf 71' lang='grc' dir='ltr'>Θεὸς·</span> <span class='ocrx_word' id='word_1_126' title='bbox 2454 651 2637 721; x_wconf 83' lang='grc' dir='ltr'>ἐπειδὴ</span> <span class='ocrx_word' id='word_1_127' title='bbox 2665 651 2721 703; x_wconf 86' lang='grc' dir='ltr'><strong>δὲ</strong></span> <span class='ocrx_word' id='word_1_128' title='bbox 2748 648 3152 721; x_wconf 85' lang='grc' dir='ltr'>προσεμπεδοῦν</span> <span class='ocrx_word' id='word_1_129' title='bbox 3201 649 3390 720; x_wconf 71' lang='grc' dir='ltr'>ἤθελεν</span> <span class='ocrx_word' id='word_1_130' title='bbox 3420 651 3499 713; x_wconf 86' lang='grc' dir='ltr'><strong>είς</strong></span> <span class='ocrx_word' id='word_1_131' title='bbox 3536 649 3715 703; x_wconf 89' lang='grc' dir='ltr'>πίστιν</span> <span class='ocrx_word' id='word_1_132' title='bbox 3734 650 3834 702; x_wconf 89' lang='grc' dir='ltr'>αύ-</span> 
     </span>
    </p>
   </div>
   <div class='ocr_carea' id='block_1_21' title="bbox 2274 740 3837 813">
    <p class='ocr_par' dir='ltr' id='par_1_21' title="bbox 2274 740 3837 813">
     <span class='ocr_line' id='line_1_21' title="bbox 2274 740 3837 813; baseline -0.001 -18"><span class='ocrx_word' id='word_1_133' title='bbox 2274 744 2383 807; x_wconf 97' lang='grc' dir='ltr'>τὸν,</span> <span class='ocrx_word' id='word_1_134' title='bbox 2442 745 2610 795; x_wconf 82' lang='grc' dir='ltr'>αίτεῖν</span> <span class='ocrx_word' id='word_1_135' title='bbox 2659 742 2907 795; x_wconf 89' lang='grc' dir='ltr'>ἐκέλευσε</span> <span class='ocrx_word' id='word_1_136' title='bbox 2976 744 3234 812; x_wconf 88' lang='grc' dir='ltr'>σημεῖον,</span> <span class='ocrx_word' id='word_1_137' title='bbox 3298 760 3315 792; x_wconf 83' lang='grc' dir='ltr'><strong>ι</strong></span> <span class='ocrx_word' id='word_1_138' title='bbox 3357 742 3437 805; x_wconf 86' lang='grc' dir='ltr'><strong>είς</strong></span> <span class='ocrx_word' id='word_1_139' title='bbox 3487 740 3713 813; x_wconf 82' lang='grc' dir='ltr'>βάθοςῆ</span> <span class='ocrx_word' id='word_1_140' title='bbox 3758 742 3837 805; x_wconf 86' lang='grc' dir='ltr'><strong>είς</strong></span> 
     </span>
    </p>
   </div>
   <div class='ocr_carea' id='block_1_22' title="bbox 2274 832 3837 904">
    <p class='ocr_par' dir='ltr' id='par_1_22' title="bbox 2274 832 3837 904">
     <span class='ocr_line' id='line_1_22' title="bbox 2274 832 3837 904; baseline 0 -19"><span class='ocrx_word' id='word_1_141' title='bbox 2274 834 2426 903; x_wconf 75' lang='grc' dir='ltr'>ὕψος.</span> <span class='ocrx_word' id='word_1_142' title='bbox 2458 853 2477 885; x_wconf 73' lang='grc' dir='ltr'><strong>ι</strong></span> <span class='ocrx_word' id='word_1_143' title='bbox 2512 835 2946 904; x_wconf 86' lang='grc' dir='ltr'>Παραιτουμένου</span> <span class='ocrx_word' id='word_1_144' title='bbox 2977 833 3034 887; x_wconf 83' lang='grc' dir='ltr'><strong>δὲ</strong></span> <span class='ocrx_word' id='word_1_145' title='bbox 3056 833 3149 887; x_wconf 87' lang='grc' dir='ltr'><strong>τοῦ</strong></span> <span class='ocrx_word' id='word_1_146' title='bbox 3196 833 3387 903; x_wconf 74' lang='grc' dir='ltr'>Ἀχαζ,</span> <span class='ocrx_word' id='word_1_147' title='bbox 3412 834 3507 886; x_wconf 77' lang='grc' dir='ltr'><strong>καὶ</strong></span> <span class='ocrx_word' id='word_1_148' title='bbox 3533 832 3837 903; x_wconf 85' lang='grc' dir='ltr'>δυστροπώ-</span> 
     </span>
    </p>
   </div>
   <div class='ocr_carea' id='block_1_23' title="bbox 2273 924 3835 997">
    <p class='ocr_par' dir='ltr' id='par_1_23' title="bbox 2273 924 3835 997">
     <span class='ocr_line' id='line_1_23' title="bbox 2273 924 3835 997; baseline -0.001 -17"><span class='ocrx_word' id='word_1_149' title='bbox 2273 943 2410 980; x_wconf 90' lang='grc' dir='ltr'>τατα</span> <span class='ocrx_word' id='word_1_150' title='bbox 2438 926 2702 995; x_wconf 80' lang='grc' dir='ltr'>λέγοντος,</span> <span class='ocrx_word' id='word_1_151' title='bbox 2731 928 2801 979; x_wconf 81' lang='grc' dir='ltr'><strong>Οὐ</strong></span> <span class='ocrx_word' id='word_1_152' title='bbox 2837 927 2910 997; x_wconf 81' lang='grc' dir='ltr'><strong>μή</strong></span> <span class='ocrx_word' id='word_1_153' title='bbox 2937 927 3161 996; x_wconf 80' lang='grc' dir='ltr'>αἰτήσω,</span> <span class='ocrx_word' id='word_1_154' title='bbox 3208 926 3316 980; x_wconf 74' lang='grc' dir='ltr'>οὐδ’</span> <span class='ocrx_word' id='word_1_155' title='bbox 3361 926 3420 979; x_wconf 87' lang='grc' dir='ltr'>οὐ</span> <span class='ocrx_word' id='word_1_156' title='bbox 3462 924 3536 997; x_wconf 81' lang='grc' dir='ltr'><strong>μὴ</strong></span> <span class='ocrx_word' id='word_1_157' title='bbox 3590 924 3835 996; x_wconf 86' lang='grc' dir='ltr'>πειράσω</span> 
     </span>
    </p>
   </div>
   <div class='ocr_carea' id='block_1_24' title="bbox 2272 1017 3837 1089">
    <p class='ocr_par' dir='ltr' id='par_1_24' title="bbox 2272 1017 3837 1089">
     <span class='ocr_line' id='line_1_24' title="bbox 2272 1017 3837 1089; baseline -0.001 -18"><span class='ocrx_word' id='word_1_158' title='bbox 2272 1017 2477 1087; x_wconf 84' lang='grc' dir='ltr'>Κύριον</span> <span class='ocrx_word' id='word_1_159' title='bbox 2503 1017 2719 1089; x_wconf 78' lang='grc' dir='ltr'>(ἐζήτει</span> <span class='ocrx_word' id='word_1_160' title='bbox 2756 1018 2864 1089; x_wconf 76' lang='grc' dir='ltr'><strong>γὰρ</strong></span> <span class='ocrx_word' id='word_1_161' title='bbox 2892 1017 3087 1088; x_wconf 82' lang='grc' dir='ltr'>μᾶλλον</span> <span class='ocrx_word' id='word_1_162' title='bbox 3112 1018 3236 1081; x_wconf 81' lang='grc' dir='ltr'>τοὺς</span> <span class='ocrx_word' id='word_1_163' title='bbox 3286 1018 3351 1070; x_wconf 76' lang='grc' dir='ltr'>ἐκ</span> <span class='ocrx_word' id='word_1_164' title='bbox 3385 1017 3494 1070; x_wconf 77' lang='grc' dir='ltr'><strong>τῶν</strong></span> <span class='ocrx_word' id='word_1_165' title='bbox 3533 1017 3837 1087; x_wconf 74' lang='grc' dir='ltr'>ψευδομάν-</span> 
     </span>
    </p>
   </div>
   <div class='ocr_carea' id='block_1_25' title="bbox 2272 1108 3837 1180">
    <p class='ocr_par' dir='ltr' id='par_1_25' title="bbox 2272 1108 3837 1180">
     <span class='ocr_line' id='line_1_25' title="bbox 2272 1108 3837 1180; baseline -0.001 -18"><span class='ocrx_word' id='word_1_166' title='bbox 2272 1127 2409 1163; x_wconf 90' lang='grc' dir='ltr'>τεων</span> <span class='ocrx_word' id='word_1_167' title='bbox 2431 1110 2847 1180; x_wconf 75' lang='grc' dir='ltr'>φενακισμοὺς),</span> <span class='ocrx_word' id='word_1_168' title='bbox 2885 1110 3218 1180; x_wconf 73' lang='grc' dir='ltr'><strong>ηὐτομόλησε</strong></span> <span class='ocrx_word' id='word_1_169' title='bbox 3265 1111 3463 1180; x_wconf 82' lang='grc' dir='ltr'>τρόπον</span> <span class='ocrx_word' id='word_1_170' title='bbox 3508 1109 3630 1163; x_wconf 85' lang='grc' dir='ltr'>τινὰ</span> <span class='ocrx_word' id='word_1_171' title='bbox 3670 1108 3837 1171; x_wconf 83' lang='grc' dir='ltr'>Θεὸς,</span> 
     </span>
    </p>
   </div>
   <div class='ocr_carea' id='block_1_26' title="bbox 2274 1196 3834 1269">
    <p class='ocr_par' dir='ltr' id='par_1_26' title="bbox 2274 1196 3834 1269">
     <span class='ocr_line' id='line_1_26' title="bbox 2274 1196 3834 1269; baseline -0.001 -19"><span class='ocrx_word' id='word_1_172' title='bbox 2274 1198 2368 1252; x_wconf 79' lang='grc' dir='ltr'>καὶ</span> <span class='ocrx_word' id='word_1_173' title='bbox 2388 1196 2466 1269; x_wconf 88' lang='grc' dir='ltr'>τῷ</span> <span class='ocrx_word' id='word_1_174' title='bbox 2495 1198 2628 1268; x_wconf 79' lang='grc' dir='ltr'>οίκῳ</span> <span class='ocrx_word' id='word_1_175' title='bbox 2659 1198 2820 1250; x_wconf 83' lang='grc' dir='ltr'>Δαϐὶδ</span> <span class='ocrx_word' id='word_1_176' title='bbox 2875 1196 3045 1250; x_wconf 78' lang='grc' dir='ltr'>ἐδίδου</span> <span class='ocrx_word' id='word_1_177' title='bbox 3079 1200 3302 1267; x_wconf 80' lang='grc' dir='ltr'>σημεῖον</span> <span class='ocrx_word' id='word_1_178' title='bbox 3352 1198 3532 1261; x_wconf 87' lang='grc' dir='ltr'>αύτὸς.</span> <span class='ocrx_word' id='word_1_179' title='bbox 3589 1198 3834 1265; x_wconf 75' lang='grc' dir='ltr'>Ἔφασκε</span> 
     </span>
    </p>
   </div>
   <div class='ocr_carea' id='block_1_27' title="bbox 2272 1288 3836 1361">
    <p class='ocr_par' dir='ltr' id='par_1_27' title="bbox 2272 1288 3836 1361">
     <span class='ocr_line' id='line_1_27' title="bbox 2272 1288 3836 1361; baseline -0.003 -16"><span class='ocrx_word' id='word_1_180' title='bbox 2272 1290 2400 1361; x_wconf 86' lang='grc' dir='ltr'>γάρ·</span> <span class='ocrx_word' id='word_1_181' title='bbox 2440 1308 2457 1340; x_wconf 78' lang='grc' dir='ltr'><strong>ι</strong></span> <span class='ocrx_word' id='word_1_182' title='bbox 2495 1290 2625 1342; x_wconf 80' lang='grc' dir='ltr'>Ἰδοὺ</span> <span class='ocrx_word' id='word_1_183' title='bbox 2665 1294 2697 1360; x_wconf 86' lang='grc' dir='ltr'><strong>ή</strong></span> <span class='ocrx_word' id='word_1_184' title='bbox 2734 1288 2996 1360; x_wconf 77' lang='grc' dir='ltr'>παρθένος</span> <span class='ocrx_word' id='word_1_185' title='bbox 3023 1290 3080 1343; x_wconf 80' lang='grc' dir='ltr'><strong>ἐν</strong></span> <span class='ocrx_word' id='word_1_186' title='bbox 3105 1290 3300 1361; x_wconf 78' lang='grc' dir='ltr'>γαστρὶ</span> <span class='ocrx_word' id='word_1_187' title='bbox 3337 1289 3466 1354; x_wconf 77' lang='grc' dir='ltr'>ἕξει,</span> <span class='ocrx_word' id='word_1_188' title='bbox 3502 1288 3596 1343; x_wconf 77' lang='grc' dir='ltr'><strong>καὶ</strong></span> <span class='ocrx_word' id='word_1_189' title='bbox 3623 1288 3836 1354; x_wconf 83' lang='grc' dir='ltr'>τέξεται</span> 
     </span>
    </p>
   </div>
   <div class='ocr_carea' id='block_1_28' title="bbox 2274 1376 3829 1449">
    <p class='ocr_par' dir='ltr' id='par_1_28' title="bbox 2274 1376 3829 1449">
     <span class='ocr_line' id='line_1_28' title="bbox 2274 1376 3829 1449; baseline -0.005 -15"><span class='ocrx_word' id='word_1_190' title='bbox 2274 1380 2407 1446; x_wconf 84' lang='grc' dir='ltr'>υίὸν,</span> <span class='ocrx_word' id='word_1_191' title='bbox 2464 1381 2558 1434; x_wconf 77' lang='grc' dir='ltr'><strong>καὶ</strong></span> <span class='ocrx_word' id='word_1_192' title='bbox 2601 1380 2850 1442; x_wconf 79' lang='grc' dir='ltr'>καλέσεις</span> <span class='ocrx_word' id='word_1_193' title='bbox 2902 1380 2964 1432; x_wconf 91' lang='grc' dir='ltr'><strong>τὸ</strong></span> <span class='ocrx_word' id='word_1_194' title='bbox 3004 1379 3175 1449; x_wconf 79' lang='grc' dir='ltr'>ὄνομα</span> <span class='ocrx_word' id='word_1_195' title='bbox 3206 1378 3370 1433; x_wconf 80' lang='grc' dir='ltr'>αὐτοῦ</span> <span class='ocrx_word' id='word_1_196' title='bbox 3412 1376 3777 1448; x_wconf 82' lang='grc' dir='ltr'>Ἐμμανουήλ.</span> <span class='ocrx_word' id='word_1_197' title='bbox 3812 1396 3829 1427; x_wconf 75' lang='grc' dir='ltr'><strong>ι</strong></span> 
     </span>
    </p>
   </div>
   <div class='ocr_carea' id='block_1_29' title="bbox 2286 1466 3835 1543">
    <p class='ocr_par' dir='ltr' id='par_1_29' title="bbox 2286 1466 3835 1543">
     <span class='ocr_line' id='line_1_29' title="bbox 2286 1466 3835 1543; baseline -0.004 -18"><span class='ocrx_word' id='word_1_198' title='bbox 2286 1471 2500 1543; x_wconf 84' lang='grc' dir='ltr'><strong>Ἐπειδὴ</strong></span> <span class='ocrx_word' id='word_1_199' title='bbox 2527 1470 2584 1523; x_wconf 85' lang='grc' dir='ltr'>δὲ</span> <span class='ocrx_word' id='word_1_200' title='bbox 2616 1473 2644 1524; x_wconf 92' lang='lat'><strong>6</strong></span> <span class='ocrx_word' id='word_1_201' title='bbox 2676 1488 2736 1524; x_wconf 88' lang='grc' dir='ltr'><strong>πε</strong></span> <span class='ocrx_word' id='word_1_202' title='bbox 2748 1472 2799 1540; x_wconf 84' lang='grc' dir='ltr'><strong>ρί</strong></span> <span class='ocrx_word' id='word_1_203' title='bbox 2846 1471 3048 1524; x_wconf 86' lang='grc' dir='ltr'>τούτων</span> <span class='ocrx_word' id='word_1_204' title='bbox 3085 1467 3143 1524; x_wconf 78' lang='grc' dir='ltr'>εὖ</span> <span class='ocrx_word' id='word_1_205' title='bbox 3181 1471 3325 1541; x_wconf 85' lang='grc' dir='ltr'>μάλα</span> <span class='ocrx_word' id='word_1_206' title='bbox 3357 1468 3724 1539; x_wconf 78' lang='grc' dir='ltr'>διεπεραίνετο</span> <span class='ocrx_word' id='word_1_207' title='bbox 3751 1466 3835 1520; x_wconf 72' lang='grc' dir='ltr'><strong>λόο</strong></span> 
     </span>
    </p>
   </div>
   <div class='ocr_carea' id='block_1_30' title="bbox 2273 1557 3830 1631">
    <p class='ocr_par' dir='ltr' id='par_1_30' title="bbox 2273 1557 3830 1631">
     <span class='ocr_line' id='line_1_30' title="bbox 2273 1557 3830 1631; baseline -0.003 -18"><span class='ocrx_word' id='word_1_208' title='bbox 2273 1577 2388 1630; x_wconf 86' lang='grc' dir='ltr'>γος,</span> <span class='ocrx_word' id='word_1_209' title='bbox 2426 1560 2709 1631; x_wconf 77' lang='grc' dir='ltr'>μεθίστησι</span> <span class='ocrx_word' id='word_1_210' title='bbox 2735 1559 2894 1612; x_wconf 88' lang='grc' dir='ltr'>πάλιν</span> <span class='ocrx_word' id='word_1_211' title='bbox 2925 1560 3033 1612; x_wconf 86' lang='grc' dir='ltr'><strong>τῶν</strong></span> <span class='ocrx_word' id='word_1_212' title='bbox 3062 1560 3331 1631; x_wconf 82' lang='grc' dir='ltr'>ἐσομένων</span> <span class='ocrx_word' id='word_1_213' title='bbox 3362 1558 3459 1628; x_wconf 80' lang='grc' dir='ltr'>τὴν</span> <span class='ocrx_word' id='word_1_214' title='bbox 3498 1557 3830 1629; x_wconf 82' lang='grc' dir='ltr'>προαγόρευ-</span> 
     </span>
    </p>
   </div>
   <div class='ocr_carea' id='block_1_31' title="bbox 2275 1648 3829 1722">
    <p class='ocr_par' dir='ltr' id='par_1_31' title="bbox 2275 1648 3829 1722">
     <span class='ocr_line' id='line_1_31' title="bbox 2275 1648 3829 1722; baseline -0.002 -18"><span class='ocrx_word' id='word_1_215' title='bbox 2275 1669 2376 1717; x_wconf 87' lang='grc' dir='ltr'>σιν,</span> <span class='ocrx_word' id='word_1_216' title='bbox 2410 1651 2495 1704; x_wconf 83' lang='grc' dir='ltr'>ἐπ⁹</span> <span class='ocrx_word' id='word_1_217' title='bbox 2528 1651 2657 1705; x_wconf 76' lang='grc' dir='ltr'>αὐτὸ</span> <span class='ocrx_word' id='word_1_218' title='bbox 2706 1652 2797 1704; x_wconf 84' lang='grc' dir='ltr'><strong>τοῦ</strong></span> <span class='ocrx_word' id='word_1_219' title='bbox 2858 1652 3036 1722; x_wconf 80' lang='grc' dir='ltr'>Ἀχαζ</span> <span class='ocrx_word' id='word_1_220' title='bbox 3076 1651 3137 1704; x_wconf 92' lang='grc' dir='ltr'>τό</span> <span class='ocrx_word' id='word_1_221' title='bbox 3172 1651 3477 1722; x_wconf 86' lang='grc' dir='ltr'>πρόσωπον.</span> <span class='ocrx_word' id='word_1_222' title='bbox 3531 1650 3674 1702; x_wconf 79' lang='grc' dir='ltr'>Ἔδει</span> <span class='ocrx_word' id='word_1_223' title='bbox 3703 1648 3829 1717; x_wconf 75' lang='grc' dir='ltr'>γὰρ,</span> 
     </span>
    </p>
   </div>
   <div class='ocr_carea' id='block_1_32' title="bbox 2273 1741 3833 1813">
    <p class='ocr_par' dir='ltr' id='par_1_32' title="bbox 2273 1741 3833 1813">
     <span class='ocr_line' id='line_1_32' title="bbox 2273 1741 3833 1813; baseline -0.002 -18"><span class='ocrx_word' id='word_1_224' title='bbox 2273 1743 2379 1796; x_wconf 83' lang='grc' dir='ltr'>ἔδει</span> <span class='ocrx_word' id='word_1_225' title='bbox 2411 1742 2681 1813; x_wconf 76' lang='grc' dir='ltr'>σωτηρίας</span> <span class='ocrx_word' id='word_1_226' title='bbox 2719 1743 2817 1813; x_wconf 83' lang='grc' dir='ltr'><strong>μὲν</strong></span> <span class='ocrx_word' id='word_1_227' title='bbox 2855 1745 2953 1813; x_wconf 84' lang='grc' dir='ltr'>τῆς</span> <span class='ocrx_word' id='word_1_228' title='bbox 3009 1742 3097 1796; x_wconf 84' lang='grc' dir='ltr'><strong>διὰ</strong></span> <span class='ocrx_word' id='word_1_229' title='bbox 3155 1742 3391 1812; x_wconf 81' lang='grc' dir='ltr'>Χριστοῦ</span> <span class='ocrx_word' id='word_1_230' title='bbox 3451 1741 3703 1810; x_wconf 78' lang='grc' dir='ltr'>γενέσθαι</span> <span class='ocrx_word' id='word_1_231' title='bbox 3736 1741 3833 1809; x_wconf 77' lang='grc' dir='ltr'><strong>τὴν</strong></span> 
     </span>
    </p>
   </div>
   <div class='ocr_carea' id='block_1_33' title="bbox 2273 1833 3831 1907">
    <p class='ocr_par' dir='ltr' id='par_1_33' title="bbox 2273 1833 3831 1907">
     <span class='ocr_line' id='line_1_33' title="bbox 2273 1833 3831 1907; baseline -0.004 -19"><span class='ocrx_word' id='word_1_232' title='bbox 2273 1836 2677 1907; x_wconf 74' lang='grc' dir='ltr'>προανάρρησιν</span> <span class='ocrx_word' id='word_1_233' title='bbox 2714 1835 2848 1906; x_wconf 86' lang='grc' dir='ltr'>πρὸς</span> <span class='ocrx_word' id='word_1_234' title='bbox 2889 1835 3013 1897; x_wconf 83' lang='grc' dir='ltr'>τοὺς</span> <span class='ocrx_word' id='word_1_235' title='bbox 3064 1837 3126 1887; x_wconf 88' lang='grc' dir='ltr'><strong>ἐκ</strong></span> <span class='ocrx_word' id='word_1_236' title='bbox 3162 1834 3254 1887; x_wconf 85' lang='grc' dir='ltr'><strong>τοῦ</strong></span> <span class='ocrx_word' id='word_1_237' title='bbox 3288 1833 3437 1887; x_wconf 74' lang='grc' dir='ltr'>οἴκου</span> <span class='ocrx_word' id='word_1_238' title='bbox 3476 1834 3658 1898; x_wconf 73' lang='grc' dir='ltr'>Δαϐὶδ,</span> <span class='ocrx_word' id='word_1_239' title='bbox 3689 1833 3831 1887; x_wconf 77' lang='grc' dir='ltr'>τοῦτ’</span> 
     </span>
    </p>
   </div>
   <div class='ocr_carea' id='block_1_34' title="bbox 596 1905 2166 1999">
    <p class='ocr_par' dir='ltr' id='par_1_34' title="bbox 596 1924 2166 1996">
     <span class='ocr_line' id='line_1_34' title="bbox 596 1924 2166 1996; baseline -0.003 -15"><span class='ocrx_word' id='word_1_240' title='bbox 596 1936 652 1981; x_wconf 86' lang='lat' dir='ltr'><strong>et</strong></span> <span class='ocrx_word' id='word_1_241' title='bbox 724 1927 1337 1996; x_wconf 76' lang='lat' dir='ltr'><strong>inauspiratissimormn</strong></span> <span class='ocrx_word' id='word_1_242' title='bbox 1402 1926 1662 1981; x_wconf 86' lang='lat' dir='ltr'><strong>malorum</strong></span> <span class='ocrx_word' id='word_1_243' title='bbox 1737 1924 2166 1978; x_wconf 86' lang='lat' dir='ltr'><strong>inobedientibus</strong></span> 
     </span>
    </p>
   </div>
   <div class='ocr_carea' id='block_1_35' title="bbox 2269 1905 3830 1999">
    <p class='ocr_par' dir='ltr' id='par_1_35' title="bbox 2272 1923 3830 1999">
     <span class='ocr_line' id='line_1_35' title="bbox 2272 1923 3830 1999; baseline -0.001 -19"><span class='ocrx_word' id='word_1_244' title='bbox 2272 1928 2407 1993; x_wconf 79' lang='grc' dir='ltr'>ἔστι,</span> <span class='ocrx_word' id='word_1_245' title='bbox 2455 1930 2581 1991; x_wconf 79' lang='grc' dir='ltr'>τοὺς</span> <span class='ocrx_word' id='word_1_246' title='bbox 2638 1931 2701 1981; x_wconf 86' lang='grc' dir='ltr'>ὲκ</span> <span class='ocrx_word' id='word_1_247' title='bbox 2750 1928 2848 1996; x_wconf 76' lang='grc' dir='ltr'>τῆς</span> <span class='ocrx_word' id='word_1_248' title='bbox 2893 1926 3057 1980; x_wconf 85' lang='grc' dir='ltr'>Ἰούδα</span> <span class='ocrx_word' id='word_1_249' title='bbox 3092 1927 3279 1997; x_wconf 66' lang='grc' dir='ltr'>φυλῆς,</span> <span class='ocrx_word' id='word_1_250' title='bbox 3313 1925 3371 1991; x_wconf 81' lang='grc' dir='ltr'><strong>ἐξ</strong></span> <span class='ocrx_word' id='word_1_251' title='bbox 3418 1923 3485 1999; x_wconf 83' lang='grc' dir='ltr'>ἦς</span> <span class='ocrx_word' id='word_1_252' title='bbox 3525 1926 3621 1980; x_wconf 75' lang='grc' dir='ltr'>καὶ</span> <span class='ocrx_word' id='word_1_253' title='bbox 3671 1924 3830 1988; x_wconf 79' lang='grc' dir='ltr'>αὐτὸς</span> 
     </span>
    </p>
   </div>
   <div class='ocr_carea' id='block_1_36' title="bbox 598 2013 2170 2088">
    <p class='ocr_par' dir='ltr' id='par_1_36' title="bbox 598 2013 2170 2088">
     <span class='ocr_line' id='line_1_36' title="bbox 598 2013 2170 2088; baseline -0.003 -17"><span class='ocrx_word' id='word_1_254' title='bbox 598 2020 823 2088; x_wconf 79' lang='lat' dir='ltr'><strong>proponi</strong></span> <span class='ocrx_word' id='word_1_255' title='bbox 848 2019 1096 2081; x_wconf 83' lang='lat' dir='ltr'><strong>decebat,</strong></span> <span class='ocrx_word' id='word_1_256' title='bbox 1125 2028 1182 2071; x_wconf 93' lang='lat' dir='ltr'><strong>ut</strong></span> <span class='ocrx_word' id='word_1_257' title='bbox 1210 2018 1574 2087; x_wconf 82' lang='lat' dir='ltr'><strong>perspicerent</strong></span> <span class='ocrx_word' id='word_1_258' title='bbox 1605 2030 1728 2070; x_wconf 82' lang='lat' dir='ltr'><strong>vere</strong></span> <span class='ocrx_word' id='word_1_259' title='bbox 1758 2018 2007 2069; x_wconf 85' lang='lat' dir='ltr'><strong>acerbum</strong></span> <span class='ocrx_word' id='word_1_260' title='bbox 2031 2013 2170 2080; x_wconf 78' lang='lat' dir='ltr'><strong>fore,</strong></span> 
     </span>
    </p>
   </div>
   <div class='ocr_carea' id='block_1_37' title="bbox 595 2105 2171 2176">
    <p class='ocr_par' dir='ltr' id='par_1_37' title="bbox 595 2105 2171 2176">
     <span class='ocr_line' id='line_1_37' title="bbox 595 2105 2171 2176; baseline -0.003 -14"><span class='ocrx_word' id='word_1_261' title='bbox 595 2120 654 2162; x_wconf 88' lang='lat' dir='ltr'><strong>et</strong></span> <span class='ocrx_word' id='word_1_262' title='bbox 686 2125 790 2163; x_wconf 91' lang='lat' dir='ltr'><strong>non</strong></span> <span class='ocrx_word' id='word_1_263' title='bbox 833 2110 1050 2176; x_wconf 78' lang='lat' dir='ltr'><strong>impune</strong></span> <span class='ocrx_word' id='word_1_264' title='bbox 1089 2123 1371 2163; x_wconf 80' lang='lat' dir='ltr'><strong>cessurum</strong></span> <span class='ocrx_word' id='word_1_265' title='bbox 1407 2108 1490 2161; x_wconf 87' lang='lat' dir='ltr'><strong>his</strong></span> <span class='ocrx_word' id='word_1_266' title='bbox 1516 2108 1603 2176; x_wconf 85' lang='lat' dir='ltr'><strong>qui</strong></span> <span class='ocrx_word' id='word_1_267' title='bbox 1636 2106 1867 2161; x_wconf 82' lang='lat' dir='ltr'><strong>divinam</strong></span> <span class='ocrx_word' id='word_1_268' title='bbox 1919 2105 2171 2173; x_wconf 80' lang='lat' dir='ltr'><strong>majesta-</strong></span> 
     </span>
    </p>
   </div>
   <div class='ocr_carea' id='block_1_38' title="bbox 596 2194 2171 2268">
    <p class='ocr_par' dir='ltr' id='par_1_38' title="bbox 596 2194 2171 2268">
     <span class='ocr_line' id='line_1_38' title="bbox 596 2194 2171 2268; baseline -0.002 -17"><span class='ocrx_word' id='word_1_269' title='bbox 596 2206 704 2251; x_wconf 84' lang='lat' dir='ltr'><strong>tcm</strong></span> <span class='ocrx_word' id='word_1_270' title='bbox 758 2200 1021 2252; x_wconf 80' lang='lat' dir='ltr'><strong>dedecore</strong></span> <span class='ocrx_word' id='word_1_271' title='bbox 1072 2197 1578 2268; x_wconf 21' lang='lat' dir='ltr'><strong>aspergunt,iquod</strong></span> <span class='ocrx_word' id='word_1_272' title='bbox 1630 2196 1856 2251; x_wconf 87' lang='lat' dir='ltr'><strong>Domino</strong></span> <span class='ocrx_word' id='word_1_273' title='bbox 1902 2194 2171 2250; x_wconf 82' lang='lat' dir='ltr'><strong>molestias</strong></span> 
     </span>
    </p>
   </div>
   <div class='ocr_carea' id='block_1_39' title="bbox 597 2288 2167 2359">
    <p class='ocr_par' dir='ltr' id='par_1_39' title="bbox 597 2288 2167 2359">
     <span class='ocr_line' id='line_1_39' title="bbox 597 2288 2167 2359; baseline -0.004 -14"><span class='ocrx_word' id='word_1_274' title='bbox 597 2290 950 2354; x_wconf 81' lang='lat' dir='ltr'><strong>facesserent,</strong></span> <span class='ocrx_word' id='word_1_275' title='bbox 980 2300 1034 2344; x_wconf 89' lang='lat' dir='ltr'><strong>et</strong></span> <span class='ocrx_word' id='word_1_276' title='bbox 1068 2292 1261 2359; x_wconf 80' lang='lat' dir='ltr'><strong>praeter</strong></span> <span class='ocrx_word' id='word_1_277' title='bbox 1282 2290 1454 2359; x_wconf 83' lang='lat' dir='ltr'><strong>ipsum</strong></span> <span class='ocrx_word' id='word_1_278' title='bbox 1493 2290 1624 2343; x_wconf 88' lang='lat' dir='ltr'><strong>alios</strong></span> <span class='ocrx_word' id='word_1_279' title='bbox 1655 2288 1743 2358; x_wconf 86' lang='lat' dir='ltr'><strong>qui</strong></span> <span class='ocrx_word' id='word_1_280' title='bbox 1781 2288 1852 2342; x_wconf 91' lang='lat' dir='ltr'><strong>dii</strong></span> <span class='ocrx_word' id='word_1_281' title='bbox 1889 2303 1990 2342; x_wconf 91' lang='lat' dir='ltr'><strong>non</strong></span> <span class='ocrx_word' id='word_1_282' title='bbox 2024 2296 2167 2352; x_wconf 88' lang='lat' dir='ltr'><strong>sunt,</strong></span> 
     </span>
    </p>
   </div>
   <div class='ocr_carea' id='block_1_40' title="bbox 590 2378 2172 2451">
    <p class='ocr_par' dir='ltr' id='par_1_40' title="bbox 590 2378 2172 2451">
     <span class='ocr_line' id='line_1_40' title="bbox 590 2378 2172 2451; baseline -0.001 -14"><span class='ocrx_word' id='word_1_283' title='bbox 590 2381 901 2437; x_wconf 84' lang='lat' dir='ltr'><strong>adorarent.</strong></span> <span class='ocrx_word' id='word_1_284' title='bbox 941 2382 1124 2450; x_wconf 87' lang='lat' dir='ltr'><strong>Itaque</strong></span> <span class='ocrx_word' id='word_1_285' title='bbox 1164 2396 1415 2437; x_wconf 84' lang='lat' dir='ltr'><strong>successu</strong></span> <span class='ocrx_word' id='word_1_286' title='bbox 1456 2382 1714 2451; x_wconf 88' lang='lat' dir='ltr'><strong>temporis</strong></span> <span class='ocrx_word' id='word_1_287' title='bbox 1760 2392 1813 2435; x_wconf 89' lang='lat' dir='ltr'><strong>et</strong></span> <span class='ocrx_word' id='word_1_288' title='bbox 1848 2381 1959 2448; x_wconf 83' lang='lat' dir='ltr'><strong>ipsa</strong></span> <span class='ocrx_word' id='word_1_289' title='bbox 1986 2378 2172 2435; x_wconf 91' lang='lat' dir='ltr'><strong>lliero-</strong></span> 
     </span>
    </p>
   </div>
   <div class='ocr_carea' id='block_1_41' title="bbox 596 2473 2170 2546">
    <p class='ocr_par' dir='ltr' id='par_1_41' title="bbox 596 2473 2170 2546">
     <span class='ocr_line' id='line_1_41' title="bbox 596 2473 2170 2546; baseline -0.002 -17"><span class='ocrx_word' id='word_1_290' title='bbox 596 2476 828 2546; x_wconf 79' lang='lat' dir='ltr'><strong>solyma,</strong></span> <span class='ocrx_word' id='word_1_291' title='bbox 856 2484 910 2529; x_wconf 83' lang='lat' dir='ltr'><strong>et</strong></span> <span class='ocrx_word' id='word_1_292' title='bbox 942 2484 1187 2528; x_wconf 90' lang='lat' dir='ltr'><strong>cunctam</strong></span> <span class='ocrx_word' id='word_1_293' title='bbox 1226 2473 1531 2529; x_wconf 67' lang='lat' dir='ltr'><strong>Judazorum</strong></span> <span class='ocrx_word' id='word_1_294' title='bbox 1578 2473 1849 2543; x_wconf 84' lang='lat' dir='ltr'><strong>regionem</strong></span> <span class='ocrx_word' id='word_1_295' title='bbox 1877 2473 1927 2525; x_wconf 91' lang='lat' dir='ltr'><strong>in</strong></span> <span class='ocrx_word' id='word_1_296' title='bbox 1954 2473 2170 2526; x_wconf 83' lang='lat' dir='ltr'><strong>ultimas</strong></span> 
     </span>
    </p>
   </div>
   <div class='ocr_carea' id='block_1_42' title="bbox 596 2564 2168 2629">
    <p class='ocr_par' dir='ltr' id='par_1_42' title="bbox 596 2564 2168 2629">
     <span class='ocr_line' id='line_1_42' title="bbox 596 2564 2168 2629; baseline -0.003 -8"><span class='ocrx_word' id='word_1_297' title='bbox 596 2569 936 2621; x_wconf 85' lang='lat' dir='ltr'><strong>calamitates</strong></span> <span class='ocrx_word' id='word_1_298' title='bbox 972 2566 1363 2619; x_wconf 84' lang='lat' dir='ltr'><strong>devolvendam</strong></span> <span class='ocrx_word' id='word_1_299' title='bbox 1397 2582 1536 2629; x_wconf 85' lang='lat' dir='ltr'><strong>esse,</strong></span> <span class='ocrx_word' id='word_1_300' title='bbox 1571 2577 1626 2621; x_wconf 87' lang='lat' dir='ltr'><strong>et</strong></span> <span class='ocrx_word' id='word_1_301' title='bbox 1659 2565 1907 2619; x_wconf 88' lang='lat' dir='ltr'><strong>manilms</strong></span> <span class='ocrx_word' id='word_1_302' title='bbox 1935 2564 2168 2617; x_wconf 84' lang='lat' dir='ltr'><strong>hostium</strong></span> 
     </span>
    </p>
   </div>
   <div class='ocr_carea' id='block_1_43' title="bbox 595 2655 2170 2726">
    <p class='ocr_par' dir='ltr' id='par_1_43' title="bbox 595 2655 2170 2726">
     <span class='ocr_line' id='line_1_43' title="bbox 595 2655 2170 2726; baseline -0.003 -13"><span class='ocrx_word' id='word_1_303' title='bbox 595 2660 953 2721; x_wconf 79' lang='lat' dir='ltr'><strong>subdcndam,</strong></span> <span class='ocrx_word' id='word_1_304' title='bbox 977 2657 1256 2712; x_wconf 79' lang='lat' dir='ltr'><strong>enucleate</strong></span> <span class='ocrx_word' id='word_1_305' title='bbox 1283 2663 1675 2726; x_wconf 57' lang='lat' dir='ltr'><strong>praemonstrat.</strong></span> <span class='ocrx_word' id='word_1_306' title='bbox 1696 2656 1956 2709; x_wconf 65' lang='lat' dir='ltr'><strong>Caeterum</strong></span> <span class='ocrx_word' id='word_1_307' title='bbox 1978 2655 2170 2709; x_wconf 87' lang='lat' dir='ltr'><strong>obscu-</strong></span> 
     </span>
    </p>
   </div>
   <div class='ocr_carea' id='block_1_44' title="bbox 596 2746 2166 2815">
    <p class='ocr_par' dir='ltr' id='par_1_44' title="bbox 596 2746 2166 2815">
     <span class='ocr_line' id='line_1_44' title="bbox 596 2746 2166 2815; baseline -0.003 -11"><span class='ocrx_word' id='word_1_308' title='bbox 596 2750 795 2805; x_wconf 86' lang='lat' dir='ltr'><strong>riorem</strong></span> <span class='ocrx_word' id='word_1_309' title='bbox 843 2747 1135 2801; x_wconf 84' lang='lat' dir='ltr'><strong>dictionum</strong></span> <span class='ocrx_word' id='word_1_310' title='bbox 1201 2746 1643 2815; x_wconf 87' lang='lat' dir='ltr'><strong>compositionem</strong></span> <span class='ocrx_word' id='word_1_311' title='bbox 1698 2754 1752 2800; x_wconf 90' lang='lat' dir='ltr'><strong>et</strong></span> <span class='ocrx_word' id='word_1_312' title='bbox 1808 2754 2166 2810; x_wconf 85' lang='lat' dir='ltr'><strong>structuram,</strong></span> 
     </span>
    </p>
   </div>
   <div class='ocr_carea' id='block_1_45' title="bbox 594 2834 2164 2909">
    <p class='ocr_par' dir='ltr' id='par_1_45' title="bbox 594 2834 2164 2909">
     <span class='ocr_line' id='line_1_45' title="bbox 594 2834 2164 2909; baseline -0.002 -17"><span class='ocrx_word' id='word_1_313' title='bbox 594 2840 771 2909; x_wconf 83' lang='lat' dir='ltr'><strong>quoad</strong></span> <span class='ocrx_word' id='word_1_314' title='bbox 818 2849 1027 2909; x_wconf 82' lang='lat' dir='ltr'><strong>potero,</strong></span> <span class='ocrx_word' id='word_1_315' title='bbox 1077 2845 1203 2890; x_wconf 89' lang='lat' dir='ltr'><strong>ante</strong></span> <span class='ocrx_word' id='word_1_316' title='bbox 1249 2835 1355 2889; x_wconf 87' lang='lat' dir='ltr'><strong>alia</strong></span> <span class='ocrx_word' id='word_1_317' title='bbox 1401 2835 1563 2889; x_wconf 91' lang='lat' dir='ltr'><strong>etiam</strong></span> <span class='ocrx_word' id='word_1_318' title='bbox 1602 2834 1885 2904; x_wconf 84' lang='lat' dir='ltr'><strong>aggrediar</strong></span> <span class='ocrx_word' id='word_1_319' title='bbox 1910 2836 2164 2890; x_wconf 88' lang='lat' dir='ltr'><strong>enodare.</strong></span> 
     </span>
    </p>
   </div>
   <div class='ocr_carea' id='block_1_46' title="bbox 594 2924 2168 2998">
    <p class='ocr_par' dir='ltr' id='par_1_46' title="bbox 594 2924 2168 2998">
     <span class='ocr_line' id='line_1_46' title="bbox 594 2924 2168 2998; baseline -0.004 -14"><span class='ocrx_word' id='word_1_320' title='bbox 594 2930 817 2985; x_wconf 91' lang='lat' dir='ltr'><strong>lnvehet</strong></span> <span class='ocrx_word' id='word_1_321' title='bbox 852 2929 1014 2991; x_wconf 88' lang='lat' dir='ltr'><strong>Deus,</strong></span> <span class='ocrx_word' id='word_1_322' title='bbox 1066 2927 1259 2998; x_wconf 88' lang='lat' dir='ltr'><strong>inquit,</strong></span> <span class='ocrx_word' id='word_1_323' title='bbox 1303 2925 1396 2983; x_wconf 84' lang='lat' dir='ltr'><strong>tibi</strong></span> <span class='ocrx_word' id='word_1_324' title='bbox 1439 2935 1494 2981; x_wconf 90' lang='lat' dir='ltr'><strong>et</strong></span> <span class='ocrx_word' id='word_1_325' title='bbox 1530 2926 1724 2996; x_wconf 92' lang='lat' dir='ltr'><strong>populo</strong></span> <span class='ocrx_word' id='word_1_326' title='bbox 1756 2932 1868 2991; x_wconf 77' lang='lat' dir='ltr'><strong>tbo,</strong></span> <span class='ocrx_word' id='word_1_327' title='bbox 1910 2934 1964 2979; x_wconf 93' lang='lat' dir='ltr'><strong>et</strong></span> <span class='ocrx_word' id='word_1_328' title='bbox 1988 2924 2168 2979; x_wconf 91' lang='lat' dir='ltr'><strong>domui</strong></span> 
     </span>
    </p>
   </div>
   <div class='ocr_carea' id='block_1_47' title="bbox 594 3020 2168 3094">
    <p class='ocr_par' dir='ltr' id='par_1_47' title="bbox 594 3020 2168 3094">
     <span class='ocr_line' id='line_1_47' title="bbox 594 3020 2168 3094; baseline -0.005 -16"><span class='ocrx_word' id='word_1_329' title='bbox 594 3023 769 3094; x_wconf 87' lang='lat' dir='ltr'><strong>patris</strong></span> <span class='ocrx_word' id='word_1_330' title='bbox 810 3024 883 3077; x_wconf 88' lang='lat' dir='ltr'><strong>tui</strong></span> <span class='ocrx_word' id='word_1_331' title='bbox 918 3022 1064 3087; x_wconf 90' lang='lat' dir='ltr'><strong>dies,</strong></span> <span class='ocrx_word' id='word_1_332' title='bbox 1097 3020 1283 3091; x_wconf 86' lang='lat' dir='ltr'><strong>quales</strong></span> <span class='ocrx_word' id='word_1_333' title='bbox 1336 3034 1607 3088; x_wconf 86' lang='lat' dir='ltr'><strong>nunquam</strong></span> <span class='ocrx_word' id='word_1_334' title='bbox 1663 3026 1941 3081; x_wconf 79' lang='lat' dir='ltr'><strong>venerunt,</strong></span> <span class='ocrx_word' id='word_1_335' title='bbox 1987 3032 2015 3071; x_wconf 91' lang='lat' dir='ltr'><strong>a</strong></span> <span class='ocrx_word' id='word_1_336' title='bbox 2062 3030 2168 3086; x_wconf 90' lang='lat' dir='ltr'><strong>quo</strong></span> 
     </span>
    </p>
   </div>
   <div class='ocr_carea' id='block_1_48' title="bbox 593 3102 2166 3182">
    <p class='ocr_par' dir='ltr' id='par_1_48' title="bbox 593 3102 2166 3182">
     <span class='ocr_line' id='line_1_48' title="bbox 593 3102 2166 3182; baseline -0.004 -14"><span class='ocrx_word' id='word_1_337' title='bbox 593 3116 681 3171; x_wconf 84' lang='lat' dir='ltr'><strong>die</strong></span> <span class='ocrx_word' id='word_1_338' title='bbox 706 3114 922 3170; x_wconf 83' lang='lat' dir='ltr'><strong>sustulit</strong></span> <span class='ocrx_word' id='word_1_339' title='bbox 950 3113 1207 3182; x_wconf 84' lang='lat' dir='ltr'><strong>Ephraim</strong></span> <span class='ocrx_word' id='word_1_340' title='bbox 1241 3128 1271 3166; x_wconf 91' lang='lat' dir='ltr'><strong>a</strong></span> <span class='ocrx_word' id='word_1_341' title='bbox 1293 3110 1452 3167; x_wconf 84' lang='lat' dir='ltr'><strong>Juda.</strong></span> <span class='ocrx_word' id='word_1_342' title='bbox 1485 3111 1581 3165; x_wconf 88' lang='lat' dir='ltr'><strong>Est</strong></span> <span class='ocrx_word' id='word_1_343' title='bbox 1610 3102 1787 3165; x_wconf 88' lang='lat' dir='ltr'><strong>autem</strong></span> <span class='ocrx_word' id='word_1_344' title='bbox 1824 3110 2012 3164; x_wconf 90' lang='lat' dir='ltr'><strong>horum</strong></span> <span class='ocrx_word' id='word_1_345' title='bbox 2044 3124 2166 3162; x_wconf 88' lang='lat' dir='ltr'><strong>ver-</strong></span> 
     </span>
    </p>
   </div>
   <div class='ocr_carea' id='block_1_49' title="bbox 2270 2017 3832 2089">
    <p class='ocr_par' dir='ltr' id='par_1_49' title="bbox 2270 2017 3832 2089">
     <span class='ocr_line' id='line_1_49' title="bbox 2270 2017 3832 2089; baseline -0.001 -18"><span class='ocrx_word' id='word_1_346' title='bbox 2270 2018 2595 2073; x_wconf 85' lang='grc' dir='ltr'>ἀνατέταλκε</span> <span class='ocrx_word' id='word_1_347' title='bbox 2621 2019 2682 2071; x_wconf 87' lang='grc' dir='ltr'><strong>τὸ</strong></span> <span class='ocrx_word' id='word_1_348' title='bbox 2706 2019 2844 2072; x_wconf 70' lang='grc' dir='ltr'>κατὰ</span> <span class='ocrx_word' id='word_1_349' title='bbox 2872 2018 3048 2089; x_wconf 85' lang='grc' dir='ltr'>σάρκα</span> <span class='ocrx_word' id='word_1_350' title='bbox 3070 2017 3301 2087; x_wconf 85' lang='grc' dir='ltr'>Χριστός</span> <span class='ocrx_word' id='word_1_351' title='bbox 3321 2034 3335 2048; x_wconf 75' lang='grc' dir='ltr'><strong>ο</strong></span> <span class='ocrx_word' id='word_1_352' title='bbox 3360 2017 3467 2069; x_wconf 87' lang='grc' dir='ltr'><strong>τῶν</strong></span> <span class='ocrx_word' id='word_1_353' title='bbox 3492 2017 3665 2087; x_wconf 72' lang='grc' dir='ltr'>γεμὴν</span> <span class='ocrx_word' id='word_1_354' title='bbox 3693 2034 3832 2084; x_wconf 85' lang='grc' dir='ltr'>συμ-</span> 
     </span>
    </p>
   </div>
   <div class='ocr_carea' id='block_1_50' title="bbox 2270 2106 3833 2180">
    <p class='ocr_par' dir='ltr' id='par_1_50' title="bbox 2270 2106 3833 2180">
     <span class='ocr_line' id='line_1_50' title="bbox 2270 2106 3833 2180; baseline -0.001 -18"><span class='ocrx_word' id='word_1_355' title='bbox 2270 2108 2584 2180; x_wconf 79' lang='grc' dir='ltr'>ϐησομένων</span> <span class='ocrx_word' id='word_1_356' title='bbox 2614 2111 2754 2165; x_wconf 82' lang='grc' dir='ltr'>κατὰ</span> <span class='ocrx_word' id='word_1_357' title='bbox 2802 2110 3025 2178; x_wconf 83' lang='grc' dir='ltr'>καιροὺς</span> <span class='ocrx_word' id='word_1_358' title='bbox 3083 2107 3265 2161; x_wconf 89' lang='grc' dir='ltr'>δεινῶν</span> <span class='ocrx_word' id='word_1_359' title='bbox 3294 2125 3353 2160; x_wconf 89' lang='grc' dir='ltr'><strong>τε</strong></span> <span class='ocrx_word' id='word_1_360' title='bbox 3400 2107 3493 2161; x_wconf 76' lang='grc' dir='ltr'>καὶ</span> <span class='ocrx_word' id='word_1_361' title='bbox 3546 2106 3833 2161; x_wconf 80' lang='grc' dir='ltr'>ἀπευκτῶν</span> 
     </span>
    </p>
   </div>
   <div class='ocr_carea' id='block_1_51' title="bbox 2268 2198 3831 2273">
    <p class='ocr_par' dir='ltr' id='par_1_51' title="bbox 2268 2198 3831 2273">
     <span class='ocr_line' id='line_1_51' title="bbox 2268 2198 3831 2273; baseline -0.002 -20"><span class='ocrx_word' id='word_1_362' title='bbox 2268 2204 2379 2263; x_wconf 86' lang='grc' dir='ltr'>τοῖς</span> <span class='ocrx_word' id='word_1_363' title='bbox 2407 2202 2648 2255; x_wconf 80' lang='grc' dir='ltr'>ἀπειθεῖν</span> <span class='ocrx_word' id='word_1_364' title='bbox 2670 2202 2964 2273; x_wconf 73' lang='grc' dir='ltr'>ᾑρημένοις</span> <span class='ocrx_word' id='word_1_365' title='bbox 2993 2201 3227 2254; x_wconf 82' lang='grc' dir='ltr'>ποιεῖται</span> <span class='ocrx_word' id='word_1_366' title='bbox 3265 2198 3363 2271; x_wconf 84' lang='grc' dir='ltr'>τὴν</span> <span class='ocrx_word' id='word_1_367' title='bbox 3393 2199 3798 2270; x_wconf 80' lang='grc' dir='ltr'>προανάρρησιν</span> <span class='ocrx_word' id='word_1_368' title='bbox 3817 2237 3831 2259; x_wconf 91' lang='grc'><strong>,</strong></span> 
     </span>
    </p>
   </div>
   <div class='ocr_carea' id='block_1_52' title="bbox 2269 2291 3835 2365">
    <p class='ocr_par' dir='ltr' id='par_1_52' title="bbox 2269 2291 3835 2365">
     <span class='ocr_line' id='line_1_52' title="bbox 2269 2291 3835 2365; baseline -0.001 -19"><span class='ocrx_word' id='word_1_369' title='bbox 2269 2291 2335 2346; x_wconf 80' lang='grc' dir='ltr'><strong>ἶν’</strong></span> <span class='ocrx_word' id='word_1_370' title='bbox 2360 2292 2546 2345; x_wconf 85' lang='grc' dir='ltr'>εἰδεῖεν</span> <span class='ocrx_word' id='word_1_371' title='bbox 2573 2293 2653 2347; x_wconf 83' lang='grc' dir='ltr'>ὅτι</span> <span class='ocrx_word' id='word_1_372' title='bbox 2700 2292 2893 2365; x_wconf 85' lang='grc' dir='ltr'>πικρὸν</span> <span class='ocrx_word' id='word_1_373' title='bbox 2927 2291 3159 2362; x_wconf 87' lang='grc' dir='ltr'>ἀληθῶς,</span> <span class='ocrx_word' id='word_1_374' title='bbox 3190 2292 3283 2345; x_wconf 77' lang='grc' dir='ltr'><strong>καὶ</strong></span> <span class='ocrx_word' id='word_1_375' title='bbox 3325 2292 3422 2345; x_wconf 88' lang='grc' dir='ltr'><strong>οὐκ</strong></span> <span class='ocrx_word' id='word_1_376' title='bbox 3452 2292 3683 2363; x_wconf 75' lang='grc' dir='ltr'>ἀζήμιον</span> <span class='ocrx_word' id='word_1_377' title='bbox 3723 2294 3835 2354; x_wconf 84' lang='grc' dir='ltr'>τοῖς</span> 
     </span>
    </p>
   </div>
   <div class='ocr_carea' id='block_1_53' title="bbox 2268 2384 3834 2457">
    <p class='ocr_par' dir='ltr' id='par_1_53' title="bbox 2268 2384 3834 2457">
     <span class='ocr_line' id='line_1_53' title="bbox 2268 2384 3834 2457; baseline 0 -19"><span class='ocrx_word' id='word_1_378' title='bbox 2268 2384 2367 2455; x_wconf 76' lang='grc' dir='ltr'><strong>τὴν</strong></span> <span class='ocrx_word' id='word_1_379' title='bbox 2396 2384 2546 2439; x_wconf 84' lang='grc' dir='ltr'>θείαν</span> <span class='ocrx_word' id='word_1_380' title='bbox 2576 2385 2896 2457; x_wconf 72' lang='grc' dir='ltr'>ἀτιμάζουσι</span> <span class='ocrx_word' id='word_1_381' title='bbox 2940 2385 3096 2453; x_wconf 80' lang='grc' dir='ltr'>δόξαν</span> <span class='ocrx_word' id='word_1_382' title='bbox 3124 2386 3185 2438; x_wconf 91' lang='grc' dir='ltr'><strong>τὸ</strong></span> <span class='ocrx_word' id='word_1_383' title='bbox 3224 2385 3479 2455; x_wconf 85' lang='grc' dir='ltr'>παρέχειν</span> <span class='ocrx_word' id='word_1_384' title='bbox 3509 2386 3697 2455; x_wconf 83' lang='grc' dir='ltr'>ἀγῶνα</span> <span class='ocrx_word' id='word_1_385' title='bbox 3720 2386 3834 2438; x_wconf 83' lang='grc' dir='ltr'><strong>Κυ-</strong></span> 
     </span>
    </p>
   </div>
   <div class='ocr_carea' id='block_1_54' title="bbox 2273 2476 3834 2549">
    <p class='ocr_par' dir='ltr' id='par_1_54' title="bbox 2273 2476 3834 2549">
     <span class='ocr_line' id='line_1_54' title="bbox 2273 2476 3834 2549; baseline 0 -20"><span class='ocrx_word' id='word_1_386' title='bbox 2273 2476 2390 2548; x_wconf 78' lang='grc' dir='ltr'>ρίῳ,</span> <span class='ocrx_word' id='word_1_387' title='bbox 2426 2476 2521 2529; x_wconf 78' lang='grc' dir='ltr'><strong>καὶ</strong></span> <span class='ocrx_word' id='word_1_388' title='bbox 2557 2479 2882 2549; x_wconf 82' lang='grc' dir='ltr'>προσκυνεῖν</span> <span class='ocrx_word' id='word_1_389' title='bbox 2911 2476 3124 2530; x_wconf 80' lang='grc' dir='ltr'>ἑλέσθαι</span> <span class='ocrx_word' id='word_1_390' title='bbox 3148 2477 3277 2547; x_wconf 84' lang='grc' dir='ltr'>παρ’</span> <span class='ocrx_word' id='word_1_391' title='bbox 3310 2477 3471 2529; x_wconf 80' lang='grc' dir='ltr'>αὐτὸν</span> <span class='ocrx_word' id='word_1_392' title='bbox 3496 2477 3701 2549; x_wconf 78' lang='grc' dir='ltr'>ἑτέροις</span> <span class='ocrx_word' id='word_1_393' title='bbox 3722 2479 3834 2542; x_wconf 83' lang='grc' dir='ltr'>τοῖς</span> 
     </span>
    </p>
   </div>
   <div class='ocr_carea' id='block_1_55' title="bbox 2268 2559 3831 2636">
    <p class='ocr_par' dir='ltr' id='par_1_55' title="bbox 2268 2559 3831 2636">
     <span class='ocr_line' id='line_1_55' title="bbox 2268 2559 3831 2636; baseline 0.001 -19"><span class='ocrx_word' id='word_1_394' title='bbox 2268 2565 2368 2617; x_wconf 79' lang='grc' dir='ltr'><strong>οὐκ</strong></span> <span class='ocrx_word' id='word_1_395' title='bbox 2399 2559 2517 2618; x_wconf 83' lang='grc' dir='ltr'>οὖσι</span> <span class='ocrx_word' id='word_1_396' title='bbox 2566 2563 2727 2628; x_wconf 86' lang='grc' dir='ltr'>θεοῖς.</span> <span class='ocrx_word' id='word_1_397' title='bbox 2760 2565 2881 2618; x_wconf 86' lang='grc' dir='ltr'>’Ὀτι</span> <span class='ocrx_word' id='word_1_398' title='bbox 2912 2564 3090 2618; x_wconf 80' lang='grc' dir='ltr'>τοίνυν</span> <span class='ocrx_word' id='word_1_399' title='bbox 3123 2564 3342 2636; x_wconf 78' lang='grc' dir='ltr'>ἔμελλον</span> <span class='ocrx_word' id='word_1_400' title='bbox 3392 2566 3531 2619; x_wconf 74' lang='grc' dir='ltr'>κατὰ</span> <span class='ocrx_word' id='word_1_401' title='bbox 3573 2566 3795 2636; x_wconf 73' lang='grc' dir='ltr'>καιροὺς</span> <span class='ocrx_word' id='word_1_402' title='bbox 3816 2606 3831 2630; x_wconf 92' lang='grc'><strong>,</strong></span> 
     </span>
    </p>
   </div>
   <div class='ocr_carea' id='block_1_56' title="bbox 2270 2653 3834 2726">
    <p class='ocr_par' dir='ltr' id='par_1_56' title="bbox 2270 2653 3834 2726">
     <span class='ocr_line' id='line_1_56' title="bbox 2270 2653 3834 2726; baseline 0.003 -20"><span class='ocrx_word' id='word_1_403' title='bbox 2270 2653 2410 2707; x_wconf 82' lang='grc' dir='ltr'>αὑτά</span> <span class='ocrx_word' id='word_1_404' title='bbox 2438 2671 2495 2707; x_wconf 89' lang='grc' dir='ltr'><strong>τε</strong></span> <span class='ocrx_word' id='word_1_405' title='bbox 2519 2653 2588 2707; x_wconf 74' lang='grc' dir='ltr'>τὰ</span> <span class='ocrx_word' id='word_1_406' title='bbox 2624 2654 2990 2726; x_wconf 83' lang='grc' dir='ltr'>Ἰεροσόλυμα,</span> <span class='ocrx_word' id='word_1_407' title='bbox 3018 2655 3109 2708; x_wconf 74' lang='grc' dir='ltr'><strong>καὶ</strong></span> <span class='ocrx_word' id='word_1_408' title='bbox 3132 2656 3317 2710; x_wconf 78' lang='grc' dir='ltr'>ἅπασα</span> <span class='ocrx_word' id='word_1_409' title='bbox 3339 2657 3394 2710; x_wconf 81' lang='grc' dir='ltr'>δὲ</span> <span class='ocrx_word' id='word_1_410' title='bbox 3421 2658 3527 2709; x_wconf 83' lang='grc' dir='ltr'><strong>τῶν</strong></span> <span class='ocrx_word' id='word_1_411' title='bbox 3572 2659 3834 2712; x_wconf 76' lang='grc' dir='ltr'>Ἰουδαίων</span> 
     </span>
    </p>
   </div>
   <div class='ocr_carea' id='block_1_57' title="bbox 2268 2743 3831 2820">
    <p class='ocr_par' dir='ltr' id='par_1_57' title="bbox 2268 2743 3831 2820">
     <span class='ocr_line' id='line_1_57' title="bbox 2268 2743 3831 2820; baseline 0.005 -25"><span class='ocrx_word' id='word_1_412' title='bbox 2268 2746 2301 2815; x_wconf 87' lang='grc' dir='ltr'><strong>ή</strong></span> <span class='ocrx_word' id='word_1_413' title='bbox 2328 2743 2480 2813; x_wconf 82' lang='grc' dir='ltr'>χώρα</span> <span class='ocrx_word' id='word_1_414' title='bbox 2509 2748 2627 2809; x_wconf 87' lang='grc' dir='ltr'>ταῖς</span> <span class='ocrx_word' id='word_1_415' title='bbox 2655 2746 2911 2815; x_wconf 85' lang='grc' dir='ltr'>ἐσχάταις</span> <span class='ocrx_word' id='word_1_416' title='bbox 2953 2748 3367 2818; x_wconf 83' lang='grc' dir='ltr'>περιπεσεῖσθαι</span> <span class='ocrx_word' id='word_1_417' title='bbox 3407 2749 3831 2820; x_wconf 84' lang='grc' dir='ltr'>ταλαιπωρίαις.</span> 
     </span>
    </p>
   </div>
   <div class='ocr_carea' id='block_1_58' title="bbox 2267 2836 3831 2913">
    <p class='ocr_par' dir='ltr' id='par_1_58' title="bbox 2267 2836 3831 2913">
     <span class='ocr_line' id='line_1_58' title="bbox 2267 2836 3831 2913; baseline 0.005 -25"><span class='ocrx_word' id='word_1_418' title='bbox 2267 2837 2360 2889; x_wconf 81' lang='grc' dir='ltr'><strong>καὶ</strong></span> <span class='ocrx_word' id='word_1_419' title='bbox 2386 2836 2491 2890; x_wconf 86' lang='grc' dir='ltr'><strong>ὑπὸ</strong></span> <span class='ocrx_word' id='word_1_420' title='bbox 2528 2841 2687 2909; x_wconf 88' lang='grc' dir='ltr'>χεῖρα</span> <span class='ocrx_word' id='word_1_421' title='bbox 2722 2839 2970 2906; x_wconf 88' lang='grc' dir='ltr'>γενέσθαι</span> <span class='ocrx_word' id='word_1_422' title='bbox 2996 2840 3104 2894; x_wconf 91' lang='grc' dir='ltr'><strong>τῶν</strong></span> <span class='ocrx_word' id='word_1_423' title='bbox 3132 2840 3361 2913; x_wconf 82' lang='grc' dir='ltr'>ἐχθρῶν,</span> <span class='ocrx_word' id='word_1_424' title='bbox 3389 2843 3831 2913; x_wconf 85' lang='grc' dir='ltr'>προκαταμηνύει</span> 
     </span>
    </p>
   </div>
   <div class='ocr_carea' id='block_1_59' title="bbox 2267 2926 3832 3003">
    <p class='ocr_par' dir='ltr' id='par_1_59' title="bbox 2267 2926 3832 3003">
     <span class='ocr_line' id='line_1_59' title="bbox 2267 2926 3832 3003; baseline 0.004 -23"><span class='ocrx_word' id='word_1_425' title='bbox 2267 2926 2502 2992; x_wconf 86' lang='grc' dir='ltr'>λεπτῶς.</span> <span class='ocrx_word' id='word_1_426' title='bbox 2575 2930 2978 3001; x_wconf 81' lang='grc' dir='ltr'>Ἀσαφεστέραν</span> <span class='ocrx_word' id='word_1_427' title='bbox 3030 2930 3087 2984; x_wconf 84' lang='grc' dir='ltr'>δὲ</span> <span class='ocrx_word' id='word_1_428' title='bbox 3139 2927 3302 2985; x_wconf 79' lang='grc' dir='ltr'>οὖσαν</span> <span class='ocrx_word' id='word_1_429' title='bbox 3335 2930 3433 3003; x_wconf 76' lang='grc' dir='ltr'><strong>τὴν</strong></span> <span class='ocrx_word' id='word_1_430' title='bbox 3465 2930 3570 2985; x_wconf 89' lang='grc' dir='ltr'><strong>τῶν</strong></span> <span class='ocrx_word' id='word_1_431' title='bbox 3630 2932 3832 2999; x_wconf 80' lang='grc' dir='ltr'>λέξεων</span> 
     </span>
    </p>
   </div>
   <div class='ocr_carea' id='block_1_60' title="bbox 2270 3015 3832 3094">
    <p class='ocr_par' dir='ltr' id='par_1_60' title="bbox 2270 3015 3832 3094">
     <span class='ocr_line' id='line_1_60' title="bbox 2270 3015 3832 3094; baseline 0.004 -22"><span class='ocrx_word' id='word_1_432' title='bbox 2270 3020 2560 3091; x_wconf 80' lang='grc' dir='ltr'>συνθήκην,</span> <span class='ocrx_word' id='word_1_433' title='bbox 2587 3020 2663 3083; x_wconf 85' lang='grc' dir='ltr'>ὡς</span> <span class='ocrx_word' id='word_1_434' title='bbox 2694 3020 2758 3074; x_wconf 89' lang='grc' dir='ltr'><strong>ἂν</strong></span> <span class='ocrx_word' id='word_1_435' title='bbox 2790 3015 2899 3085; x_wconf 77' lang='grc' dir='ltr'>οἷός</span> <span class='ocrx_word' id='word_1_436' title='bbox 2922 3038 3003 3084; x_wconf 91' lang='grc' dir='ltr'><strong>τε,</strong></span> <span class='ocrx_word' id='word_1_437' title='bbox 3034 3022 3126 3075; x_wconf 63' lang='grc' dir='ltr'><strong>καί⁵</strong></span> <span class='ocrx_word' id='word_1_438' title='bbox 3150 3023 3256 3094; x_wconf 81' lang='grc' dir='ltr'>πρό</span> <span class='ocrx_word' id='word_1_439' title='bbox 3291 3039 3355 3092; x_wconf 84' lang='grc' dir='ltr'>γε</span> <span class='ocrx_word' id='word_1_440' title='bbox 3387 3022 3493 3076; x_wconf 92' lang='grc' dir='ltr'><strong>τῶν</strong></span> <span class='ocrx_word' id='word_1_441' title='bbox 3523 3022 3694 3077; x_wconf 75' lang='grc' dir='ltr'>ἄλλων</span> <span class='ocrx_word' id='word_1_442' title='bbox 3717 3024 3832 3080; x_wconf 88' lang='grc' dir='ltr'>δια-</span> 
     </span>
    </p>
   </div>
   <div class='ocr_carea' id='block_1_61' title="bbox 2265 3104 3828 3184">
    <p class='ocr_par' dir='ltr' id='par_1_61' title="bbox 2265 3104 3828 3184">
     <span class='ocr_line' id='line_1_61' title="bbox 2265 3104 3828 3184; baseline 0.007 -27"><span class='ocrx_word' id='word_1_443' title='bbox 2265 3104 2493 3176; x_wconf 82' lang='grc' dir='ltr'>τρανοῦν</span> <span class='ocrx_word' id='word_1_444' title='bbox 2519 3108 2873 3180; x_wconf 85' lang='grc' dir='ltr'>πειράσομαι.</span> <span class='ocrx_word' id='word_1_445' title='bbox 2904 3129 2922 3162; x_wconf 82' lang='grc' dir='ltr'><strong>ι</strong></span> <span class='ocrx_word' id='word_1_446' title='bbox 2955 3108 3193 3177; x_wconf 78' lang='grc' dir='ltr'>Ἐπάξει,</span> <span class='ocrx_word' id='word_1_447' title='bbox 3211 3112 3390 3184; x_wconf 78' lang='grc' dir='ltr'>φησὶν,</span> <span class='ocrx_word' id='word_1_448' title='bbox 3410 3114 3437 3164; x_wconf 87' lang='grc' dir='ltr'>ὁ</span> <span class='ocrx_word' id='word_1_449' title='bbox 3466 3111 3594 3175; x_wconf 84' lang='grc' dir='ltr'>Θεὸς</span> <span class='ocrx_word' id='word_1_450' title='bbox 3627 3113 3718 3167; x_wconf 73' lang='grc' dir='ltr'><strong>ἐπὶ</strong></span> <span class='ocrx_word' id='word_1_451' title='bbox 3747 3115 3828 3180; x_wconf 80' lang='grc' dir='ltr'>σὲ,</span> 
     </span>
    </p>
   </div>
   <div class='ocr_carea' id='block_1_62' title="bbox 593 3195 2166 3296">
    <p class='ocr_par' dir='ltr' id='par_1_62' title="bbox 593 3195 2162 3273">
     <span class='ocr_line' id='line_1_62' title="bbox 593 3195 2162 3273; baseline -0.003 -13"><span class='ocrx_word' id='word_1_452' title='bbox 593 3221 749 3260; x_wconf 84' lang='lat' dir='ltr'><strong>suum</strong></span> <span class='ocrx_word' id='word_1_453' title='bbox 802 3206 916 3259; x_wconf 70' lang='lat' dir='ltr'><strong>bare</strong></span> <span class='ocrx_word' id='word_1_454' title='bbox 952 3205 1220 3259; x_wconf 84' lang='lat' dir='ltr'><strong>sententia</strong></span> <span class='ocrx_word' id='word_1_455' title='bbox 1253 3222 1266 3258; x_wconf 87' lang='lat'><strong>:</strong></span> <span class='ocrx_word' id='word_1_456' title='bbox 1305 3203 1661 3273; x_wconf 83' lang='lat' dir='ltr'><strong>Temporibus</strong></span> <span class='ocrx_word' id='word_1_457' title='bbox 1683 3202 1861 3273; x_wconf 68' lang='grc' dir='ltr'>,τεεΠί</span> <span class='ocrx_word' id='word_1_458' title='bbox 1888 3195 2162 3258; x_wconf 67' lang='grc' dir='ltr'>’Βοὺοοιηί</span> 
     </span>
    </p>
   </div>
   <div class='ocr_carea' id='block_1_63' title="bbox 2269 3195 3829 3296">
    <p class='ocr_par' dir='ltr' id='par_1_63' title="bbox 2270 3198 3829 3276">
     <span class='ocr_line' id='line_1_63' title="bbox 2270 3198 3829 3276; baseline 0.005 -25"><span class='ocrx_word' id='word_1_459' title='bbox 2270 3200 2363 3252; x_wconf 75' lang='grc' dir='ltr'><strong>καὶ</strong></span> <span class='ocrx_word' id='word_1_460' title='bbox 2399 3198 2492 3252; x_wconf 79' lang='grc' dir='ltr'>ἐπὶ</span> <span class='ocrx_word' id='word_1_461' title='bbox 2526 3199 2618 3252; x_wconf 90' lang='grc' dir='ltr'><strong>τὸν</strong></span> <span class='ocrx_word' id='word_1_462' title='bbox 2639 3199 2762 3254; x_wconf 88' lang='grc' dir='ltr'>λαόν</span> <span class='ocrx_word' id='word_1_463' title='bbox 2792 3218 2905 3266; x_wconf 91' lang='grc' dir='ltr'>σου,</span> <span class='ocrx_word' id='word_1_464' title='bbox 2938 3203 3032 3256; x_wconf 76' lang='grc' dir='ltr'><strong>καὶ</strong></span> <span class='ocrx_word' id='word_1_465' title='bbox 3053 3202 3145 3256; x_wconf 80' lang='grc' dir='ltr'><strong>ἐπὶ</strong></span> <span class='ocrx_word' id='word_1_466' title='bbox 3184 3203 3271 3256; x_wconf 86' lang='grc' dir='ltr'><strong>τὸν</strong></span> <span class='ocrx_word' id='word_1_467' title='bbox 3301 3199 3447 3257; x_wconf 84' lang='grc' dir='ltr'>οἷκον</span> <span class='ocrx_word' id='word_1_468' title='bbox 3497 3204 3592 3257; x_wconf 90' lang='grc' dir='ltr'><strong>τοῦ</strong></span> <span class='ocrx_word' id='word_1_469' title='bbox 3629 3206 3829 3276; x_wconf 73' lang='grc' dir='ltr'>πατρός</span> 
     </span>
    </p>
   </div>
   <div class='ocr_carea' id='block_1_64' title="bbox 594 3288 2162 3362">
    <p class='ocr_par' dir='ltr' id='par_1_64' title="bbox 594 3288 2162 3362">
     <span class='ocr_line' id='line_1_64' title="bbox 594 3288 2162 3362; baseline -0.002 -11"><span class='ocrx_word' id='word_1_470' title='bbox 594 3296 692 3352; x_wconf 81' lang='lat' dir='ltr'><strong>ﬁlii</strong></span> <span class='ocrx_word' id='word_1_471' title='bbox 736 3288 1071 3362; x_wconf 78' lang='lat' dir='ltr'><strong>Salomonis,</strong></span> <span class='ocrx_word' id='word_1_472' title='bbox 1130 3296 1372 3359; x_wconf 85' lang='lat' dir='ltr'><strong>abstulit,</strong></span> <span class='ocrx_word' id='word_1_473' title='bbox 1433 3297 1484 3350; x_wconf 94' lang='lat' dir='ltr'><strong>id</strong></span> <span class='ocrx_word' id='word_1_474' title='bbox 1530 3304 1613 3350; x_wconf 91' lang='lat' dir='ltr'><strong>est</strong></span> <span class='ocrx_word' id='word_1_475' title='bbox 1670 3295 1870 3349; x_wconf 81' lang='lat' dir='ltr'><strong>avulsit</strong></span> <span class='ocrx_word' id='word_1_476' title='bbox 1929 3296 2162 3362; x_wconf 89' lang='lat' dir='ltr'><strong>scipsum</strong></span> 
     </span>
    </p>
   </div>
   <div class='ocr_carea' id='block_1_65' title="bbox 593 3369 2164 3458">
    <p class='ocr_par' dir='ltr' id='par_1_65' title="bbox 593 3369 2164 3458">
     <span class='ocr_line' id='line_1_65' title="bbox 593 3369 2164 3458; baseline -0.003 -14"><span class='ocrx_word' id='word_1_477' title='bbox 593 3388 870 3458; x_wconf 85' lang='lat' dir='ltr'><strong>Ephraim,</strong></span> <span class='ocrx_word' id='word_1_478' title='bbox 888 3388 939 3441; x_wconf 92' lang='lat' dir='ltr'><strong>id</strong></span> <span class='ocrx_word' id='word_1_479' title='bbox 957 3376 1036 3442; x_wconf 81' lang='lat' dir='ltr'><strong>est</strong></span> <span class='ocrx_word' id='word_1_480' title='bbox 1053 3369 1449 3457; x_wconf 32' lang='lat' dir='ltr'><strong>1&#39;25Jecem&#39;ti</strong></span> <span class='ocrx_word' id='word_1_481' title='bbox 1465 3386 1625 3441; x_wconf 92' lang='lat' dir='ltr'><strong>ibusa</strong></span> <span class='ocrx_word' id='word_1_482' title='bbox 1641 3386 1777 3439; x_wconf 79' lang='lat' dir='ltr'><strong>Juda</strong></span> <span class='ocrx_word' id='word_1_483' title='bbox 1796 3387 1955 3441; x_wconf 88' lang='lat' dir='ltr'><strong>tribu.</strong></span> <span class='ocrx_word' id='word_1_484' title='bbox 1975 3386 2164 3440; x_wconf 75' lang='lat' dir='ltr'><strong>Divisae</strong></span> 
     </span>
    </p>
   </div>
   <div class='ocr_carea' id='block_1_66' title="bbox 595 3464 2161 3541">
    <p class='ocr_par' dir='ltr' id='par_1_66' title="bbox 595 3464 2161 3541">
     <span class='ocr_line' id='line_1_66' title="bbox 595 3464 2161 3541; baseline -0.001 -8"><span class='ocrx_word' id='word_1_485' title='bbox 595 3488 722 3533; x_wconf 88' lang='lat' dir='ltr'><strong>sunt</strong></span> <span class='ocrx_word' id='word_1_486' title='bbox 768 3478 936 3541; x_wconf 88' lang='lat' dir='ltr'><strong>enim,</strong></span> <span class='ocrx_word' id='word_1_487' title='bbox 964 3489 1018 3531; x_wconf 87' lang='lat' dir='ltr'><strong>et</strong></span> <span class='ocrx_word' id='word_1_488' title='bbox 1063 3478 1246 3532; x_wconf 89' lang='lat' dir='ltr'><strong>decem</strong></span> <span class='ocrx_word' id='word_1_489' title='bbox 1280 3477 1452 3530; x_wconf 91' lang='lat' dir='ltr'><strong>tribus</strong></span> <span class='ocrx_word' id='word_1_490' title='bbox 1484 3490 1513 3528; x_wconf 92' lang='lat' dir='ltr'><strong>a</strong></span> <span class='ocrx_word' id='word_1_491' title='bbox 1550 3476 1690 3531; x_wconf 88' lang='lat' dir='ltr'><strong>tribu</strong></span> <span class='ocrx_word' id='word_1_492' title='bbox 1716 3464 1850 3531; x_wconf 83' lang='lat' dir='ltr'><strong>Juda</strong></span> <span class='ocrx_word' id='word_1_493' title='bbox 1892 3475 2161 3531; x_wconf 81' lang='lat' dir='ltr'><strong>inhabita-</strong></span> 
     </span>
    </p>
   </div>
   <div class='ocr_carea' id='block_1_67' title="bbox 594 3556 2161 3630">
    <p class='ocr_par' dir='ltr' id='par_1_67' title="bbox 594 3556 2161 3630">
     <span class='ocr_line' id='line_1_67' title="bbox 594 3556 2161 3630; baseline -0.001 -7"><span class='ocrx_word' id='word_1_494' title='bbox 594 3577 719 3623; x_wconf 79' lang='lat' dir='ltr'><strong>I‘tlll</strong></span> <span class='ocrx_word' id='word_1_495' title='bbox 762 3566 1096 3630; x_wconf 83' lang='lat' dir='ltr'><strong>Samariam,</strong></span> <span class='ocrx_word' id='word_1_496' title='bbox 1149 3566 1318 3621; x_wconf 91' lang='lat' dir='ltr'><strong>tribus</strong></span> <span class='ocrx_word' id='word_1_497' title='bbox 1366 3572 1543 3619; x_wconf 86' lang='lat' dir='ltr'><strong>autem</strong></span> <span class='ocrx_word' id='word_1_498' title='bbox 1592 3564 1727 3621; x_wconf 76' lang='lat' dir='ltr'><strong>Juda</strong></span> <span class='ocrx_word' id='word_1_499' title='bbox 1773 3575 1828 3621; x_wconf 92' lang='lat' dir='ltr'><strong>et</strong></span> <span class='ocrx_word' id='word_1_500' title='bbox 1882 3556 2161 3621; x_wconf 80' lang='lat' dir='ltr'><strong>dimidium</strong></span> 
     </span>
    </p>
   </div>
   <div class='ocr_carea' id='block_1_68' title="bbox 597 3650 2163 3728">
    <p class='ocr_par' dir='ltr' id='par_1_68' title="bbox 597 3650 2163 3728">
     <span class='ocr_line' id='line_1_68' title="bbox 597 3650 2163 3728; baseline -0.003 -13"><span class='ocrx_word' id='word_1_501' title='bbox 597 3650 777 3715; x_wconf 33' lang='lat' dir='ltr'><strong>tribus.</strong></span> <span class='ocrx_word' id='word_1_502' title='bbox 805 3658 1050 3713; x_wconf 82' lang='lat' dir='ltr'><strong>Manasse</strong></span> <span class='ocrx_word' id='word_1_503' title='bbox 1078 3656 1461 3728; x_wconf 84' lang='lat' dir='ltr'><strong>Hierosolymis</strong></span> <span class='ocrx_word' id='word_1_504' title='bbox 1490 3658 1903 3711; x_wconf 78' lang='lat' dir='ltr'><strong>remanserunt.’</strong></span> <span class='ocrx_word' id='word_1_505' title='bbox 1929 3656 1998 3710; x_wconf 82' lang='lat' dir='ltr'><strong>At</strong></span> <span class='ocrx_word' id='word_1_506' title='bbox 2033 3672 2163 3726; x_wconf 86' lang='lat' dir='ltr'><strong>pro-</strong></span> 
     </span>
    </p>
   </div>
   <div class='ocr_carea' id='block_1_69' title="bbox 591 3736 2163 3819">
    <p class='ocr_par' dir='ltr' id='par_1_69' title="bbox 591 3736 2163 3819">
     <span class='ocr_line' id='line_1_69' title="bbox 591 3736 2163 3819; baseline -0.003 -13"><span class='ocrx_word' id='word_1_507' title='bbox 591 3764 749 3806; x_wconf 88' lang='lat' dir='ltr'><strong>cessu</strong></span> <span class='ocrx_word' id='word_1_508' title='bbox 782 3749 1039 3819; x_wconf 77' lang='lat' dir='ltr'><strong>tetnporis</strong></span> <span class='ocrx_word' id='word_1_509' title='bbox 1079 3748 1243 3803; x_wconf 91' lang='lat' dir='ltr'><strong>multa</strong></span> <span class='ocrx_word' id='word_1_510' title='bbox 1274 3751 1497 3801; x_wconf 85' lang='lat' dir='ltr'><strong>adversa</strong></span> <span class='ocrx_word' id='word_1_511' title='bbox 1538 3738 1658 3803; x_wconf 83' lang='lat' dir='ltr'><strong>illis</strong></span> <span class='ocrx_word' id='word_1_512' title='bbox 1685 3748 2011 3804; x_wconf 88' lang='lat' dir='ltr'><strong>acciderunt.</strong></span> <span class='ocrx_word' id='word_1_513' title='bbox 2036 3736 2163 3801; x_wconf 29' lang='lat' dir='ltr'><strong>‘Va-</strong></span> 
     </span>
    </p>
   </div>
   <div class='ocr_carea' id='block_1_70' title="bbox 590 3840 2163 3912">
    <p class='ocr_par' dir='ltr' id='par_1_70' title="bbox 590 3840 2163 3912">
     <span class='ocr_line' id='line_1_70' title="bbox 590 3840 2163 3912; baseline -0.003 -13"><span class='ocrx_word' id='word_1_514' title='bbox 590 3851 735 3899; x_wconf 89' lang='lat' dir='ltr'><strong>stata</strong></span> <span class='ocrx_word' id='word_1_515' title='bbox 763 3851 846 3898; x_wconf 90' lang='lat' dir='ltr'><strong>est</strong></span> <span class='ocrx_word' id='word_1_516' title='bbox 872 3842 1014 3897; x_wconf 89' lang='lat' dir='ltr'><strong>enim</strong></span> <span class='ocrx_word' id='word_1_517' title='bbox 1049 3840 1314 3904; x_wconf 89' lang='lat' dir='ltr'><strong>Samaria,</strong></span> <span class='ocrx_word' id='word_1_518' title='bbox 1346 3850 1400 3896; x_wconf 90' lang='lat' dir='ltr'><strong>et</strong></span> <span class='ocrx_word' id='word_1_519' title='bbox 1426 3841 1776 3896; x_wconf 73' lang='lat' dir='ltr'><strong>conterminae</strong></span> <span class='ocrx_word' id='word_1_520' title='bbox 1798 3851 2008 3912; x_wconf 88' lang='lat' dir='ltr'><strong>gentes,</strong></span> <span class='ocrx_word' id='word_1_521' title='bbox 2038 3840 2163 3895; x_wconf 88' lang='lat' dir='ltr'><strong>ldu—</strong></span> 
     </span>
    </p>
   </div>
   <div class='ocr_carea' id='block_1_71' title="bbox 589 3919 2156 3999">
    <p class='ocr_par' dir='ltr' id='par_1_71' title="bbox 589 3919 2156 3999">
     <span class='ocr_line' id='line_1_71' title="bbox 589 3919 2156 3999; baseline 0.001 -12"><span class='ocrx_word' id='word_1_522' title='bbox 589 3934 733 3999; x_wconf 66' lang='lat' dir='ltr'><strong>rnmi,</strong></span> <span class='ocrx_word' id='word_1_523' title='bbox 767 3919 1026 3987; x_wconf 65' lang='lat' dir='ltr'><strong>Moabitae</strong></span> <span class='ocrx_word' id='word_1_524' title='bbox 1070 3922 1125 3987; x_wconf 86' lang='lat' dir='ltr'><strong>et</strong></span> <span class='ocrx_word' id='word_1_525' title='bbox 1166 3930 1435 3986; x_wconf 90' lang='lat' dir='ltr'><strong>Pbilistini</strong></span> <span class='ocrx_word' id='word_1_526' title='bbox 1480 3932 1759 3986; x_wconf 81' lang='lat' dir='ltr'><strong>incursum</strong></span> <span class='ocrx_word' id='word_1_527' title='bbox 1807 3932 1863 3987; x_wconf 89' lang='lat' dir='ltr'><strong>in</strong></span> <span class='ocrx_word' id='word_1_528' title='bbox 1912 3928 2156 3988; x_wconf 64' lang='lat' dir='ltr'><strong>Iudaeam</strong></span> 
     </span>
    </p>
   </div>
   <div class='ocr_carea' id='block_1_72' title="bbox 588 4014 2159 4093">
    <p class='ocr_par' dir='ltr' id='par_1_72' title="bbox 588 4014 2159 4093">
     <span class='ocr_line' id='line_1_72' title="bbox 588 4014 2159 4093; baseline 0.002 -18"><span class='ocrx_word' id='word_1_529' title='bbox 588 4014 863 4078; x_wconf 73' lang='lat' dir='ltr'><strong>fecerunt.</strong></span> <span class='ocrx_word' id='word_1_530' title='bbox 901 4019 1091 4091; x_wconf 81' lang='lat' dir='ltr'><strong>Itaque</strong></span> <span class='ocrx_word' id='word_1_531' title='bbox 1143 4021 1380 4092; x_wconf 83' lang='lat' dir='ltr'><strong>perpessi</strong></span> <span class='ocrx_word' id='word_1_532' title='bbox 1422 4032 1551 4077; x_wconf 91' lang='lat' dir='ltr'><strong>sunt</strong></span> <span class='ocrx_word' id='word_1_533' title='bbox 1604 4031 1712 4078; x_wconf 84' lang='lat' dir='ltr'><strong>tam</strong></span> <span class='ocrx_word' id='word_1_534' title='bbox 1767 4021 1823 4077; x_wconf 90' lang='lat' dir='ltr'><strong>hi</strong></span> <span class='ocrx_word' id='word_1_535' title='bbox 1871 4038 2033 4093; x_wconf 90' lang='lat' dir='ltr'><strong>quam</strong></span> <span class='ocrx_word' id='word_1_536' title='bbox 2087 4025 2159 4078; x_wconf 91' lang='lat' dir='ltr'><strong>illi</strong></span> 
     </span>
    </p>
   </div>
   <div class='ocr_carea' id='block_1_73' title="bbox 587 4104 2163 4187">
    <p class='ocr_par' dir='ltr' id='par_1_73' title="bbox 587 4104 2163 4187">
     <span class='ocr_line' id='line_1_73' title="bbox 587 4104 2163 4187; baseline 0.003 -19"><span class='ocrx_word' id='word_1_537' title='bbox 587 4112 753 4169; x_wconf 89' lang='lat' dir='ltr'><strong>multa</strong></span> <span class='ocrx_word' id='word_1_538' title='bbox 781 4124 835 4170; x_wconf 92' lang='lat' dir='ltr'><strong>et</strong></span> <span class='ocrx_word' id='word_1_539' title='bbox 862 4104 1068 4184; x_wconf 78' lang='lat' dir='ltr'><strong>gravia,</strong></span> <span class='ocrx_word' id='word_1_540' title='bbox 1104 4110 1164 4169; x_wconf 82' lang='lat' dir='ltr'><strong>et</strong></span> <span class='ocrx_word' id='word_1_541' title='bbox 1196 4124 1438 4185; x_wconf 90' lang='lat' dir='ltr'><strong>tempora</strong></span> <span class='ocrx_word' id='word_1_542' title='bbox 1473 4130 1665 4187; x_wconf 87' lang='lat' dir='ltr'><strong>aspera</strong></span> <span class='ocrx_word' id='word_1_543' title='bbox 1693 4126 1998 4172; x_wconf 87' lang='lat' dir='ltr'><strong>senserunt.</strong></span> <span class='ocrx_word' id='word_1_544' title='bbox 2042 4116 2163 4172; x_wconf 87' lang='lat' dir='ltr'><strong>Dies</strong></span> 
     </span>
    </p>
   </div>
   <div class='ocr_carea' id='block_1_74' title="bbox 588 4198 2161 4276">
    <p class='ocr_par' dir='ltr' id='par_1_74' title="bbox 588 4198 2161 4276">
     <span class='ocr_line' id='line_1_74' title="bbox 588 4198 2161 4276; baseline 0.003 -17"><span class='ocrx_word' id='word_1_545' title='bbox 588 4206 753 4275; x_wconf 91' lang='lat' dir='ltr'><strong>igitur</strong></span> <span class='ocrx_word' id='word_1_546' title='bbox 784 4198 999 4261; x_wconf 83' lang='lat' dir='ltr'><strong>invehet</strong></span> <span class='ocrx_word' id='word_1_547' title='bbox 1036 4204 1199 4272; x_wconf 85' lang='lat' dir='ltr'><strong>Deus,</strong></span> <span class='ocrx_word' id='word_1_548' title='bbox 1231 4206 1417 4275; x_wconf 87' lang='lat' dir='ltr'><strong>quales</strong></span> <span class='ocrx_word' id='word_1_549' title='bbox 1449 4222 1552 4263; x_wconf 90' lang='lat' dir='ltr'><strong>non</strong></span> <span class='ocrx_word' id='word_1_550' title='bbox 1592 4207 1828 4276; x_wconf 81' lang='lat' dir='ltr'><strong>fuerunt,</strong></span> <span class='ocrx_word' id='word_1_551' title='bbox 1860 4210 1974 4265; x_wconf 83' lang='lat' dir='ltr'><strong>sive</strong></span> <span class='ocrx_word' id='word_1_552' title='bbox 2012 4211 2161 4264; x_wconf 86' lang='lat' dir='ltr'><strong>iuva-</strong></span> 
     </span>
    </p>
   </div>
   <div class='ocr_carea' id='block_1_75' title="bbox 588 4291 2162 4379">
    <p class='ocr_par' dir='ltr' id='par_1_75' title="bbox 588 4291 2162 4379">
     <span class='ocr_line' id='line_1_75' title="bbox 588 4291 2162 4379; baseline 0.004 -30"><span class='ocrx_word' id='word_1_553' title='bbox 588 4304 776 4349; x_wconf 88' lang='lat' dir='ltr'><strong>serunt</strong></span> <span class='ocrx_word' id='word_1_554' title='bbox 820 4308 919 4348; x_wconf 90' lang='lat' dir='ltr'><strong>nos</strong></span> <span class='ocrx_word' id='word_1_555' title='bbox 959 4291 1031 4379; x_wconf 77' lang='lat' dir='ltr'><strong>ab</strong></span> <span class='ocrx_word' id='word_1_556' title='bbox 1080 4309 1146 4350; x_wconf 89' lang='lat' dir='ltr'><strong>eo</strong></span> <span class='ocrx_word' id='word_1_557' title='bbox 1194 4305 1467 4367; x_wconf 88' lang='lat' dir='ltr'><strong>tempore,</strong></span> <span class='ocrx_word' id='word_1_558' title='bbox 1514 4311 1580 4351; x_wconf 78' lang='lat' dir='ltr'><strong>es</strong></span> <span class='ocrx_word' id='word_1_559' title='bbox 1623 4311 1728 4366; x_wconf 90' lang='lat' dir='ltr'><strong>quo</strong></span> <span class='ocrx_word' id='word_1_560' title='bbox 1768 4299 2013 4365; x_wconf 87' lang='lat' dir='ltr'><strong>abstulit,</strong></span> <span class='ocrx_word' id='word_1_561' title='bbox 2047 4299 2162 4355; x_wconf 73' lang='lat' dir='ltr'><strong>sive</strong></span> 
     </span>
    </p>
   </div>
   <div class='ocr_carea' id='block_1_76' title="bbox 586 4378 2161 4456">
    <p class='ocr_par' dir='ltr' id='par_1_76' title="bbox 586 4378 2161 4456">
     <span class='ocr_line' id='line_1_76' title="bbox 586 4378 2161 4456; baseline 0.005 -19"><span class='ocrx_word' id='word_1_562' title='bbox 586 4384 821 4455; x_wconf 70' lang='lat' dir='ltr'><strong>seiungit</strong></span> <span class='ocrx_word' id='word_1_563' title='bbox 858 4399 919 4441; x_wconf 85' lang='lat' dir='ltr'><strong>se</strong></span> <span class='ocrx_word' id='word_1_564' title='bbox 957 4378 991 4439; x_wconf 92' lang='lat' dir='ltr'><strong>a</strong></span> <span class='ocrx_word' id='word_1_565' title='bbox 1025 4384 1165 4441; x_wconf 82' lang='lat' dir='ltr'><strong>Juda</strong></span> <span class='ocrx_word' id='word_1_566' title='bbox 1221 4386 1497 4456; x_wconf 85' lang='lat' dir='ltr'><strong>Ephraim.</strong></span> <span class='ocrx_word' id='word_1_567' title='bbox 1538 4388 1695 4456; x_wconf 85' lang='lat' dir='ltr'><strong>Quod</strong></span> <span class='ocrx_word' id='word_1_568' title='bbox 1736 4391 1958 4444; x_wconf 83' lang='lat' dir='ltr'><strong>tandem</strong></span> <span class='ocrx_word' id='word_1_569' title='bbox 2009 4389 2161 4445; x_wconf 87' lang='lat' dir='ltr'><strong>vobis</strong></span> 
     </span>
    </p>
   </div>
   <div class='ocr_carea' id='block_1_77' title="bbox 587 4476 2162 4554">
    <p class='ocr_par' dir='ltr' id='par_1_77' title="bbox 587 4476 2162 4554">
     <span class='ocr_line' id='line_1_77' title="bbox 587 4476 2162 4554; baseline 0.006 -26"><span class='ocrx_word' id='word_1_570' title='bbox 587 4479 693 4532; x_wconf 85' lang='lat' dir='ltr'><strong>erit</strong></span> <span class='ocrx_word' id='word_1_571' title='bbox 722 4478 824 4534; x_wconf 89' lang='lat' dir='ltr'><strong>hoc</strong></span> <span class='ocrx_word' id='word_1_572' title='bbox 842 4486 1087 4549; x_wconf 76' lang='lat' dir='ltr'><strong>tempus,</strong></span> <span class='ocrx_word' id='word_1_573' title='bbox 1118 4487 1171 4554; x_wconf 87' lang='lat' dir='ltr'><strong>et</strong></span> <span class='ocrx_word' id='word_1_574' title='bbox 1200 4480 1417 4546; x_wconf 91' lang='lat' dir='ltr'><strong>quinam</strong></span> <span class='ocrx_word' id='word_1_575' title='bbox 1449 4479 1594 4533; x_wconf 86' lang='lat' dir='ltr'><strong>dies?</strong></span> <span class='ocrx_word' id='word_1_576' title='bbox 1616 4476 1752 4544; x_wconf 78' lang='lat' dir='ltr'><strong>Rex,</strong></span> <span class='ocrx_word' id='word_1_577' title='bbox 1785 4482 1974 4551; x_wconf 90' lang='lat' dir='ltr'><strong>inquit,</strong></span> <span class='ocrx_word' id='word_1_578' title='bbox 2003 4481 2162 4554; x_wconf 81' lang='lat' dir='ltr'><strong>Assy-</strong></span> 
     </span>
    </p>
   </div>
   <div class='ocr_carea' id='block_1_78' title="bbox 2273 3290 3827 3368">
    <p class='ocr_par' dir='ltr' id='par_1_78' title="bbox 2273 3290 3827 3368">
     <span class='ocr_line' id='line_1_78' title="bbox 2273 3290 3827 3368; baseline 0.006 -26"><span class='ocrx_word' id='word_1_579' title='bbox 2273 3306 2388 3353; x_wconf 91' lang='grc' dir='ltr'>σου,</span> <span class='ocrx_word' id='word_1_580' title='bbox 2410 3290 2639 3361; x_wconf 77' lang='grc' dir='ltr'>ἡμέρας,</span> <span class='ocrx_word' id='word_1_581' title='bbox 2670 3291 2725 3344; x_wconf 82' lang='grc' dir='ltr'>αἶ</span> <span class='ocrx_word' id='word_1_582' title='bbox 2753 3291 2903 3346; x_wconf 77' lang='grc' dir='ltr'>οῦπω</span> <span class='ocrx_word' id='word_1_583' title='bbox 2924 3294 3138 3365; x_wconf 74' lang='grc' dir='ltr'>ἥκασιν,</span> <span class='ocrx_word' id='word_1_584' title='bbox 3172 3291 3346 3368; x_wconf 82' lang='grc' dir='ltr'>ἀφ’ἦς</span> <span class='ocrx_word' id='word_1_585' title='bbox 3380 3295 3589 3368; x_wconf 84' lang='grc' dir='ltr'>ἡμέρας</span> <span class='ocrx_word' id='word_1_586' title='bbox 3615 3299 3827 3367; x_wconf 74' lang='grc' dir='ltr'>ἀφεῖλεν</span> 
     </span>
    </p>
   </div>
   <div class='ocr_carea' id='block_1_79' title="bbox 2277 3380 3827 3458">
    <p class='ocr_par' dir='ltr' id='par_1_79' title="bbox 2277 3380 3827 3458">
     <span class='ocr_line' id='line_1_79' title="bbox 2277 3380 3827 3458; baseline 0.005 -25"><span class='ocrx_word' id='word_1_587' title='bbox 2277 3380 2513 3453; x_wconf 80' lang='grc' dir='ltr'>Ἐφρατμ</span> <span class='ocrx_word' id='word_1_588' title='bbox 2545 3382 2652 3436; x_wconf 85' lang='grc' dir='ltr'><strong>άπὸ</strong></span> <span class='ocrx_word' id='word_1_589' title='bbox 2686 3382 2869 3438; x_wconf 81' lang='grc' dir='ltr'>Ἰούδα.</span> <span class='ocrx_word' id='word_1_590' title='bbox 2895 3405 2912 3436; x_wconf 77' lang='grc' dir='ltr'><strong>ι</strong></span> <span class='ocrx_word' id='word_1_591' title='bbox 2949 3386 3100 3439; x_wconf 89' lang='grc' dir='ltr'>Ἔστι</span> <span class='ocrx_word' id='word_1_592' title='bbox 3126 3386 3181 3440; x_wconf 84' lang='grc' dir='ltr'><strong>δὲ</strong></span> <span class='ocrx_word' id='word_1_593' title='bbox 3197 3386 3303 3440; x_wconf 90' lang='grc' dir='ltr'><strong>τῶν</strong></span> <span class='ocrx_word' id='word_1_594' title='bbox 3329 3388 3522 3458; x_wconf 86' lang='grc' dir='ltr'>στίχων</span> <span class='ocrx_word' id='word_1_595' title='bbox 3550 3387 3781 3453; x_wconf 85' lang='grc' dir='ltr'>τοιοῦτος</span> <span class='ocrx_word' id='word_1_596' title='bbox 3799 3390 3827 3441; x_wconf 91' lang='lat'><strong>6</strong></span> 
     </span>
    </p>
   </div>
   <div class='ocr_carea' id='block_1_80' title="bbox 2264 3471 3825 3550">
    <p class='ocr_par' dir='ltr' id='par_1_80' title="bbox 2264 3471 3825 3550">
     <span class='ocr_line' id='line_1_80' title="bbox 2264 3471 3825 3550; baseline 0.004 -26"><span class='ocrx_word' id='word_1_597' title='bbox 2264 3471 2409 3535; x_wconf 82' lang='grc' dir='ltr'>νοῦς’</span> <span class='ocrx_word' id='word_1_598' title='bbox 2460 3473 2550 3525; x_wconf 88' lang='grc' dir='ltr'>Ἐν</span> <span class='ocrx_word' id='word_1_599' title='bbox 2583 3476 2791 3545; x_wconf 82' lang='grc' dir='ltr'>καιροῖς</span> <span class='ocrx_word' id='word_1_600' title='bbox 2822 3476 2921 3545; x_wconf 81' lang='grc' dir='ltr'>τῆς</span> <span class='ocrx_word' id='word_1_601' title='bbox 2940 3475 3217 3545; x_wconf 78' lang='grc' dir='ltr'>βασιλείας</span> <span class='ocrx_word' id='word_1_602' title='bbox 3263 3478 3499 3550; x_wconf 67' lang='grc' dir='ltr'>Ῥοϐοάμ</span> <span class='ocrx_word' id='word_1_603' title='bbox 3522 3478 3639 3531; x_wconf 81' lang='grc' dir='ltr'>υἱοῦ</span> <span class='ocrx_word' id='word_1_604' title='bbox 3674 3479 3825 3532; x_wconf 83' lang='grc' dir='ltr'>Σολο-</span> 
     </span>
    </p>
   </div>
   <div class='ocr_carea' id='block_1_81' title="bbox 2266 3561 3825 3634">
    <p class='ocr_par' dir='ltr' id='par_1_81' title="bbox 2266 3561 3825 3634">
     <span class='ocr_line' id='line_1_81' title="bbox 2266 3561 3825 3634; baseline 0.008 -20"><span class='ocrx_word' id='word_1_605' title='bbox 2266 3561 2442 3632; x_wconf 88' lang='grc' dir='ltr'>μῶνος</span> <span class='ocrx_word' id='word_1_606' title='bbox 2492 3563 2714 3632; x_wconf 56' lang='grc' dir='ltr'>ἀφεῖλε,</span> <span class='ocrx_word' id='word_1_607' title='bbox 2772 3565 2914 3620; x_wconf 87' lang='grc' dir='ltr'>τοῦτ’</span> <span class='ocrx_word' id='word_1_608' title='bbox 2958 3568 3136 3634; x_wconf 81' lang='grc' dir='ltr'>ἔστιν,</span> <span class='ocrx_word' id='word_1_609' title='bbox 3185 3570 3503 3626; x_wconf 79' lang='grc' dir='ltr'>ἀπέσπασεν</span> <span class='ocrx_word' id='word_1_610' title='bbox 3558 3572 3751 3626; x_wconf 78' lang='grc' dir='ltr'>ἑαυτὸν</span> <span class='ocrx_word' id='word_1_611' title='bbox 3798 3575 3825 3626; x_wconf 90' lang='lat'><strong>6</strong></span> 
     </span>
    </p>
   </div>
   <div class='ocr_carea' id='block_1_82' title="bbox 2276 3653 3826 3734">
    <p class='ocr_par' dir='ltr' id='par_1_82' title="bbox 2276 3653 3826 3734">
     <span class='ocr_line' id='line_1_82' title="bbox 2276 3653 3826 3734; baseline 0.007 -28"><span class='ocrx_word' id='word_1_612' title='bbox 2276 3653 2531 3726; x_wconf 76' lang='grc' dir='ltr'>Ἐφραῒμ,</span> <span class='ocrx_word' id='word_1_613' title='bbox 2556 3655 2700 3710; x_wconf 86' lang='grc' dir='ltr'>τοῦτ’</span> <span class='ocrx_word' id='word_1_614' title='bbox 2731 3657 2869 3723; x_wconf 81' lang='grc' dir='ltr'>ἔστι,</span> <span class='ocrx_word' id='word_1_615' title='bbox 2920 3658 3081 3712; x_wconf 85' lang='grc' dir='ltr'>πάλιν</span> <span class='ocrx_word' id='word_1_616' title='bbox 3120 3660 3175 3712; x_wconf 81' lang='lat' dir='ltr'><strong>ai</strong></span> <span class='ocrx_word' id='word_1_617' title='bbox 3230 3660 3362 3716; x_wconf 84' lang='grc' dir='ltr'>δέκα</span> <span class='ocrx_word' id='word_1_618' title='bbox 3391 3662 3574 3733; x_wconf 78' lang='grc' dir='ltr'>φυλαὶ,</span> <span class='ocrx_word' id='word_1_619' title='bbox 3598 3664 3703 3717; x_wconf 82' lang='grc' dir='ltr'>ἀπὸ</span> <span class='ocrx_word' id='word_1_620' title='bbox 3728 3663 3826 3734; x_wconf 75' lang='grc' dir='ltr'>τῆς</span> 
     </span>
    </p>
   </div>
   <div class='ocr_carea' id='block_1_83' title="bbox 2274 3746 3826 3825">
    <p class='ocr_par' dir='ltr' id='par_1_83' title="bbox 2274 3746 3826 3825">
     <span class='ocr_line' id='line_1_83' title="bbox 2274 3746 3826 3825; baseline 0.006 -25"><span class='ocrx_word' id='word_1_621' title='bbox 2274 3746 2440 3801; x_wconf 82' lang='grc' dir='ltr'>Ἰούδα</span> <span class='ocrx_word' id='word_1_622' title='bbox 2469 3749 2659 3819; x_wconf 80' lang='grc' dir='ltr'>φυλῆς.</span> <span class='ocrx_word' id='word_1_623' title='bbox 2701 3750 3103 3823; x_wconf 86' lang='grc' dir='ltr'>Ἐχωρίσθησαν</span> <span class='ocrx_word' id='word_1_624' title='bbox 3132 3753 3238 3825; x_wconf 82' lang='grc' dir='ltr'>γὰρ</span> <span class='ocrx_word' id='word_1_625' title='bbox 3301 3754 3395 3808; x_wconf 77' lang='grc' dir='ltr'><strong>καὶ</strong></span> <span class='ocrx_word' id='word_1_626' title='bbox 3450 3757 3507 3809; x_wconf 87' lang='grc' dir='ltr'><strong>αί</strong></span> <span class='ocrx_word' id='word_1_627' title='bbox 3557 3756 3656 3825; x_wconf 83' lang='grc' dir='ltr'><strong>μὲν</strong></span> <span class='ocrx_word' id='word_1_628' title='bbox 3695 3756 3826 3810; x_wconf 85' lang='grc' dir='ltr'>δέκα</span> 
     </span>
    </p>
   </div>
   <div class='ocr_carea' id='block_1_84' title="bbox 2262 3837 3825 3918">
    <p class='ocr_par' dir='ltr' id='par_1_84' title="bbox 2262 3837 3825 3918">
     <span class='ocr_line' id='line_1_84' title="bbox 2262 3837 3825 3918; baseline 0.008 -28"><span class='ocrx_word' id='word_1_629' title='bbox 2262 3837 2425 3909; x_wconf 72' lang='grc' dir='ltr'>φυλαὶ</span> <span class='ocrx_word' id='word_1_630' title='bbox 2448 3840 2558 3895; x_wconf 83' lang='grc' dir='ltr'><strong>ἀπὸ</strong></span> <span class='ocrx_word' id='word_1_631' title='bbox 2584 3841 2682 3910; x_wconf 84' lang='grc' dir='ltr'>τῆς</span> <span class='ocrx_word' id='word_1_632' title='bbox 2720 3840 2888 3895; x_wconf 85' lang='grc' dir='ltr'>Ἰούδα</span> <span class='ocrx_word' id='word_1_633' title='bbox 2937 3842 3142 3913; x_wconf 81' lang='grc' dir='ltr'>φυλῆς,</span> <span class='ocrx_word' id='word_1_634' title='bbox 3193 3846 3542 3916; x_wconf 81' lang='grc' dir='ltr'>κατῳκήκασι</span> <span class='ocrx_word' id='word_1_635' title='bbox 3585 3846 3685 3918; x_wconf 78' lang='grc' dir='ltr'><strong>τὴν</strong></span> <span class='ocrx_word' id='word_1_636' title='bbox 3718 3849 3825 3902; x_wconf 89' lang='grc' dir='ltr'><strong>Σα-</strong></span> 
     </span>
    </p>
   </div>
   <div class='ocr_carea' id='block_1_85' title="bbox 2263 3928 3825 4007">
    <p class='ocr_par' dir='ltr' id='par_1_85' title="bbox 2263 3928 3825 4007">
     <span class='ocr_line' id='line_1_85' title="bbox 2263 3928 3825 4007; baseline 0.004 -24"><span class='ocrx_word' id='word_1_637' title='bbox 2263 3928 2516 4001; x_wconf 84' lang='grc' dir='ltr'>μάρειαν,</span> <span class='ocrx_word' id='word_1_638' title='bbox 2548 3933 2580 4003; x_wconf 85' lang='grc' dir='ltr'><strong>ή</strong></span> <span class='ocrx_word' id='word_1_639' title='bbox 2613 3931 2669 3984; x_wconf 89' lang='grc' dir='ltr'><strong>δέ</strong></span> <span class='ocrx_word' id='word_1_640' title='bbox 2711 3950 2773 4001; x_wconf 87' lang='grc' dir='ltr'>γε</span> <span class='ocrx_word' id='word_1_641' title='bbox 2814 3932 2950 4006; x_wconf 79' lang='grc' dir='ltr'>φυλὴ</span> <span class='ocrx_word' id='word_1_642' title='bbox 3006 3935 3173 3989; x_wconf 84' lang='grc' dir='ltr'>Ἰούδα</span> <span class='ocrx_word' id='word_1_643' title='bbox 3213 3937 3305 3989; x_wconf 83' lang='grc' dir='ltr'>καὶ</span> <span class='ocrx_word' id='word_1_644' title='bbox 3340 3936 3399 3989; x_wconf 88' lang='grc' dir='ltr'><strong>τὸ</strong></span> <span class='ocrx_word' id='word_1_645' title='bbox 3436 3937 3604 4007; x_wconf 77' lang='grc' dir='ltr'>ἥμισυ</span> <span class='ocrx_word' id='word_1_646' title='bbox 3653 3938 3825 4007; x_wconf 73' lang='grc' dir='ltr'>φυλῆς</span> 
     </span>
    </p>
   </div>
   <div class='ocr_carea' id='block_1_86' title="bbox 2259 4022 3821 4098">
    <p class='ocr_par' dir='ltr' id='par_1_86' title="bbox 2259 4022 3821 4098">
     <span class='ocr_line' id='line_1_86' title="bbox 2259 4022 3821 4098; baseline 0.004 -23"><span class='ocrx_word' id='word_1_647' title='bbox 2259 4022 2527 4092; x_wconf 74' lang='grc' dir='ltr'>Μανασσῆ</span> <span class='ocrx_word' id='word_1_648' title='bbox 2568 4024 2943 4094; x_wconf 77' lang='grc' dir='ltr'>μεμενήκασιν</span> <span class='ocrx_word' id='word_1_649' title='bbox 2978 4026 3037 4079; x_wconf 86' lang='grc' dir='ltr'>ὲν</span> <span class='ocrx_word' id='word_1_650' title='bbox 3065 4029 3178 4090; x_wconf 87' lang='grc' dir='ltr'>τοῖς</span> <span class='ocrx_word' id='word_1_651' title='bbox 3220 4027 3621 4098; x_wconf 88' lang='grc' dir='ltr'>Ἱεροσολύμοις.</span> <span class='ocrx_word' id='word_1_652' title='bbox 3661 4026 3821 4081; x_wconf 84' lang='grc' dir='ltr'><strong>Ἀλλά</strong></span> 
     </span>
    </p>
   </div>
   <div class='ocr_carea' id='block_1_87' title="bbox 2261 4107 3819 4187">
    <p class='ocr_par' dir='ltr' id='par_1_87' title="bbox 2261 4107 3819 4187">
     <span class='ocr_line' id='line_1_87' title="bbox 2261 4107 3819 4187; baseline 0.004 -21"><span class='ocrx_word' id='word_1_653' title='bbox 2261 4107 2541 4185; x_wconf 84' lang='grc' dir='ltr'>προϊόντος</span> <span class='ocrx_word' id='word_1_654' title='bbox 2563 4113 2655 4167; x_wconf 84' lang='grc' dir='ltr'><strong>τοῦ</strong></span> <span class='ocrx_word' id='word_1_655' title='bbox 2674 4114 2863 4184; x_wconf 78' lang='grc' dir='ltr'>καιροῦ</span> <span class='ocrx_word' id='word_1_656' title='bbox 2888 4115 3056 4170; x_wconf 82' lang='grc' dir='ltr'>πολλὰ</span> <span class='ocrx_word' id='word_1_657' title='bbox 3081 4134 3143 4170; x_wconf 93' lang='grc' dir='ltr'><strong>συ</strong></span> <span class='ocrx_word' id='word_1_658' title='bbox 3148 4116 3389 4187; x_wconf 80' lang='grc' dir='ltr'>μὸἐϐηκε</span> <span class='ocrx_word' id='word_1_659' title='bbox 3408 4117 3516 4171; x_wconf 91' lang='grc' dir='ltr'><strong>τῶν</strong></span> <span class='ocrx_word' id='word_1_660' title='bbox 3535 4118 3819 4172; x_wconf 86' lang='grc' dir='ltr'>ἀπευκτῶν</span> 
     </span>
    </p>
   </div>
   <div class='ocr_carea' id='block_1_88' title="bbox 2258 4202 3821 4282">
    <p class='ocr_par' dir='ltr' id='par_1_88' title="bbox 2258 4202 3821 4282">
     <span class='ocr_line' id='line_1_88' title="bbox 2258 4202 3821 4282; baseline 0.003 -24"><span class='ocrx_word' id='word_1_661' title='bbox 2258 4205 2459 4268; x_wconf 76' lang='grc' dir='ltr'>αὐτοῖς.</span> <span class='ocrx_word' id='word_1_662' title='bbox 2527 4202 2870 4277; x_wconf 77' lang='grc' dir='ltr'>Πεπόρθηται</span> <span class='ocrx_word' id='word_1_663' title='bbox 2908 4207 3016 4280; x_wconf 84' lang='grc' dir='ltr'>γὰρ</span> <span class='ocrx_word' id='word_1_664' title='bbox 3064 4209 3096 4280; x_wconf 85' lang='grc' dir='ltr'><strong>ή</strong></span> <span class='ocrx_word' id='word_1_665' title='bbox 3147 4208 3449 4281; x_wconf 84' lang='grc' dir='ltr'>Σαμάρεια,</span> <span class='ocrx_word' id='word_1_666' title='bbox 3483 4209 3821 4282; x_wconf 87' lang='grc' dir='ltr'>κατέδραμον</span> 
     </span>
    </p>
   </div>
   <div class='ocr_carea' id='block_1_89' title="bbox 2257 4296 3819 4370">
    <p class='ocr_par' dir='ltr' id='par_1_89' title="bbox 2257 4296 3819 4370">
     <span class='ocr_line' id='line_1_89' title="bbox 2257 4296 3819 4370; baseline 0.002 -20"><span class='ocrx_word' id='word_1_667' title='bbox 2257 4297 2314 4350; x_wconf 86' lang='grc' dir='ltr'>δὲ</span> <span class='ocrx_word' id='word_1_668' title='bbox 2345 4297 2439 4351; x_wconf 74' lang='grc' dir='ltr'><strong>καὶ</strong></span> <span class='ocrx_word' id='word_1_669' title='bbox 2463 4296 2561 4368; x_wconf 82' lang='grc' dir='ltr'>τὴν</span> <span class='ocrx_word' id='word_1_670' title='bbox 2598 4297 2853 4351; x_wconf 85' lang='grc' dir='ltr'>Ἰουδαίαν</span> <span class='ocrx_word' id='word_1_671' title='bbox 2881 4298 2951 4351; x_wconf 85' lang='grc' dir='ltr'>τὰ</span> <span class='ocrx_word' id='word_1_672' title='bbox 2982 4299 3231 4370; x_wconf 78' lang='grc' dir='ltr'>περίοικα</span> <span class='ocrx_word' id='word_1_673' title='bbox 3275 4299 3381 4353; x_wconf 89' lang='grc' dir='ltr'><strong>τῶν</strong></span> <span class='ocrx_word' id='word_1_674' title='bbox 3424 4299 3615 4366; x_wconf 83' lang='grc' dir='ltr'>ἐθνῶν,</span> <span class='ocrx_word' id='word_1_675' title='bbox 3663 4300 3819 4353; x_wconf 90' lang='grc' dir='ltr'>Ἰδου-</span> 
     </span>
    </p>
   </div>
   <div class='ocr_carea' id='block_1_90' title="bbox 2261 4388 3822 4463">
    <p class='ocr_par' dir='ltr' id='par_1_90' title="bbox 2261 4388 3822 4463">
     <span class='ocr_line' id='line_1_90' title="bbox 2261 4388 3822 4463; baseline 0.003 -20"><span class='ocrx_word' id='word_1_676' title='bbox 2261 4392 2430 4461; x_wconf 86' lang='grc' dir='ltr'>μαῖοι,</span> <span class='ocrx_word' id='word_1_677' title='bbox 2459 4388 2767 4456; x_wconf 75' lang='grc' dir='ltr'>Μωαϐῖται,</span> <span class='ocrx_word' id='word_1_678' title='bbox 2803 4390 2963 4444; x_wconf 85' lang='grc' dir='ltr'>καὶοί</span> <span class='ocrx_word' id='word_1_679' title='bbox 2990 4394 3053 4444; x_wconf 77' lang='grc' dir='ltr'><strong>ἐκ</strong></span> <span class='ocrx_word' id='word_1_680' title='bbox 3096 4391 3197 4461; x_wconf 85' lang='grc' dir='ltr'><strong>τῆς</strong></span> <span class='ocrx_word' id='word_1_681' title='bbox 3238 4393 3555 4463; x_wconf 81' lang='grc' dir='ltr'>Φιλιστιείμ.</span> <span class='ocrx_word' id='word_1_682' title='bbox 3616 4393 3822 4447; x_wconf 83' lang='grc' dir='ltr'>[Ῑεπδν-</span> 
     </span>
    </p>
   </div>
   <div class='ocr_carea' id='block_1_91' title="bbox 2259 4481 3821 4554">
    <p class='ocr_par' dir='ltr' id='par_1_91' title="bbox 2259 4481 3821 4554">
     <span class='ocr_line' id='line_1_91' title="bbox 2259 4481 3821 4554; baseline 0.001 -19"><span class='ocrx_word' id='word_1_683' title='bbox 2259 4482 2383 4536; x_wconf 88' lang='grc' dir='ltr'>θασι</span> <span class='ocrx_word' id='word_1_684' title='bbox 2409 4483 2586 4537; x_wconf 89' lang='grc' dir='ltr'>τοίνυν</span> <span class='ocrx_word' id='word_1_685' title='bbox 2618 4482 2785 4536; x_wconf 80' lang='grc' dir='ltr'>πολλὰ</span> <span class='ocrx_word' id='word_1_686' title='bbox 2821 4481 2989 4547; x_wconf 84' lang='grc' dir='ltr'>δεινὰ,</span> <span class='ocrx_word' id='word_1_687' title='bbox 3044 4483 3137 4536; x_wconf 80' lang='grc' dir='ltr'>καὶ</span> <span class='ocrx_word' id='word_1_688' title='bbox 3192 4482 3411 4552; x_wconf 70' lang='grc' dir='ltr'>ἡμερῶν</span> <span class='ocrx_word' id='word_1_689' title='bbox 3463 4482 3821 4554; x_wconf 88' lang='grc' dir='ltr'>πεπείρανται</span> 
     </span>
    </p>
   </div>
   <div class='ocr_carea' id='block_1_92' title="bbox 586 4552 2166 4650">
    <p class='ocr_par' dir='ltr' id='par_1_92' title="bbox 586 4552 2155 4638">
     <span class='ocr_line' id='line_1_92' title="bbox 586 4552 2155 4638; baseline 0.003 -14"><span class='ocrx_word' id='word_1_690' title='bbox 586 4568 816 4634; x_wconf 87' lang='lat' dir='ltr'><strong>riormn,</strong></span> <span class='ocrx_word' id='word_1_691' title='bbox 869 4552 1127 4624; x_wconf 41' lang='lat' dir='ltr'><strong>nimirum.</strong></span> <span class='ocrx_word' id='word_1_692' title='bbox 1152 4566 1709 4624; x_wconf 87' lang='lat' dir='ltr'><strong>Nabuchodonosorus</strong></span> <span class='ocrx_word' id='word_1_693' title='bbox 1729 4610 1743 4635; x_wconf 91' lang='lat'><strong>,</strong></span> <span class='ocrx_word' id='word_1_694' title='bbox 1778 4573 1867 4638; x_wconf 89' lang='lat' dir='ltr'><strong>qui</strong></span> <span class='ocrx_word' id='word_1_695' title='bbox 1897 4552 2155 4628; x_wconf 83' lang='lat' dir='ltr'><strong>Hieroso-</strong></span> 
     </span>
    </p>
   </div>
   <div class='ocr_carea' id='block_1_93' title="bbox 2269 4552 3815 4650">
    <p class='ocr_par' dir='ltr' id='par_1_93' title="bbox 2269 4552 3815 4650">
     <span class='ocr_line' id='line_1_93' title="bbox 2269 4552 3815 4650; baseline 0.003 -23"><span class='ocrx_word' id='word_1_696' title='bbox 2269 4575 2534 4646; x_wconf 84' lang='grc' dir='ltr'>σκληρῶν,</span> <span class='ocrx_word' id='word_1_697' title='bbox 2554 4571 2711 4629; x_wconf 67' lang='grc' dir='ltr'>-οῦτοί</span> <span class='ocrx_word' id='word_1_698' title='bbox 2736 4593 2792 4630; x_wconf 89' lang='grc' dir='ltr'><strong>τε</strong></span> <span class='ocrx_word' id='word_1_699' title='bbox 2822 4576 3081 4630; x_wconf 82' lang='grc' dir='ltr'>κάκεῖνοι.</span> <span class='ocrx_word' id='word_1_700' title='bbox 3122 4575 3366 4646; x_wconf 84' lang='grc' dir='ltr'>Ἡμέρας</span> <span class='ocrx_word' id='word_1_701' title='bbox 3396 4576 3594 4642; x_wconf 84' lang='grc' dir='ltr'>τοίνυν,</span> <span class='ocrx_word' id='word_1_702' title='bbox 3631 4552 3815 4650; x_wconf 67' lang='grc' dir='ltr'>ιρησὶν.</span> 
     </span>
    </p>
   </div>
   <div class='ocr_carea' id='block_1_94' title="bbox 582 4652 2166 4740">
    <p class='ocr_par' dir='ltr' id='par_1_94' title="bbox 582 4652 2149 4732">
     <span class='ocr_line' id='line_1_94' title="bbox 582 4652 2149 4732; baseline 0.001 -17"><span class='ocrx_word' id='word_1_703' title='bbox 582 4660 725 4732; x_wconf 85' lang='lat' dir='ltr'><strong>lyma</strong></span> <span class='ocrx_word' id='word_1_704' title='bbox 755 4661 1003 4724; x_wconf 86' lang='lat' dir='ltr'><strong>vastavit,</strong></span> <span class='ocrx_word' id='word_1_705' title='bbox 1046 4652 1467 4729; x_wconf 77' lang='lat' dir='ltr'><strong>Universamque</strong></span> <span class='ocrx_word' id='word_1_706' title='bbox 1490 4657 1727 4713; x_wconf 79' lang='lat' dir='ltr'><strong>Judaeam</strong></span> <span class='ocrx_word' id='word_1_707' title='bbox 1761 4662 1812 4715; x_wconf 89' lang='lat' dir='ltr'><strong>vi</strong></span> <span class='ocrx_word' id='word_1_708' title='bbox 1848 4665 2149 4731; x_wconf 87' lang='lat' dir='ltr'><strong>occupavit,</strong></span> 
     </span>
    </p>
   </div>
   <div class='ocr_carea' id='block_1_95' title="bbox 2269 4652 3818 4740">
    <p class='ocr_par' dir='ltr' id='par_1_95' title="bbox 2269 4653 3818 4740">
     <span class='ocr_line' id='line_1_95' title="bbox 2269 4653 3818 4740; baseline 0.005 -23"><span class='ocrx_word' id='word_1_709' title='bbox 2269 4666 2449 4731; x_wconf 67' lang='grc' dir='ltr'>ἑπάξει</span> <span class='ocrx_word' id='word_1_710' title='bbox 2478 4667 2627 4729; x_wconf 86' lang='grc' dir='ltr'>Θεὸς,</span> <span class='ocrx_word' id='word_1_711' title='bbox 2646 4653 2737 4721; x_wconf 39' lang='grc' dir='ltr'>’ῶν</span> <span class='ocrx_word' id='word_1_712' title='bbox 2766 4668 2876 4721; x_wconf 78' lang='grc' dir='ltr'>ἴσαι</span> <span class='ocrx_word' id='word_1_713' title='bbox 2897 4666 3046 4721; x_wconf 72' lang='grc' dir='ltr'>οὔπω</span> <span class='ocrx_word' id='word_1_714' title='bbox 3076 4668 3391 4737; x_wconf 77' lang='grc' dir='ltr'>γεγόνασιν,</span> <span class='ocrx_word' id='word_1_715' title='bbox 3421 4671 3537 4740; x_wconf 76' lang='grc' dir='ltr'>ἦτοι</span> <span class='ocrx_word' id='word_1_716' title='bbox 3565 4671 3818 4740; x_wconf 77' lang='grc' dir='ltr'>ἀφίκοντο</span> 
     </span>
    </p>
   </div>
   <div class='ocr_carea' id='block_1_96' title="bbox 580 4742 2166 4833">
    <p class='ocr_par' dir='ltr' id='par_1_96' title="bbox 580 4742 2150 4823">
     <span class='ocr_line' id='line_1_96' title="bbox 580 4742 2150 4823; baseline -0.001 -14"><span class='ocrx_word' id='word_1_717' title='bbox 580 4755 673 4823; x_wconf 85' lang='lat' dir='ltr'><strong>qui</strong></span> <span class='ocrx_word' id='word_1_718' title='bbox 706 4754 941 4809; x_wconf 85' lang='lat' dir='ltr'><strong>divinum</strong></span> <span class='ocrx_word' id='word_1_719' title='bbox 976 4752 1161 4806; x_wconf 80' lang='lat' dir='ltr'><strong>fanum</strong></span> <span class='ocrx_word' id='word_1_720' title='bbox 1198 4752 1479 4815; x_wconf 75' lang='lat' dir='ltr'><strong>cremavit,</strong></span> <span class='ocrx_word' id='word_1_721' title='bbox 1513 4760 1568 4804; x_wconf 89' lang='lat' dir='ltr'><strong>et</strong></span> <span class='ocrx_word' id='word_1_722' title='bbox 1593 4750 1794 4805; x_wconf 88' lang='lat' dir='ltr'><strong>nullttm</strong></span> <span class='ocrx_word' id='word_1_723' title='bbox 1832 4742 1935 4807; x_wconf 84' lang='lat' dir='ltr'><strong>non</strong></span> <span class='ocrx_word' id='word_1_724' title='bbox 1966 4751 2150 4807; x_wconf 67' lang='lat' dir='ltr'><strong>ferinae</strong></span> 
     </span>
    </p>
   </div>
   <div class='ocr_carea' id='block_1_97' title="bbox 2269 4742 3817 4833">
    <p class='ocr_par' dir='ltr' id='par_1_97' title="bbox 2269 4756 3817 4833">
     <span class='ocr_line' id='line_1_97' title="bbox 2269 4756 3817 4833; baseline 0.003 -23"><span class='ocrx_word' id='word_1_725' title='bbox 2269 4756 2377 4810; x_wconf 66' lang='grc' dir='ltr'>καθ’</span> <span class='ocrx_word' id='word_1_726' title='bbox 2400 4756 2552 4828; x_wconf 78' lang='grc' dir='ltr'>ὑμῶν</span> <span class='ocrx_word' id='word_1_727' title='bbox 2572 4758 2631 4823; x_wconf 82' lang='grc' dir='ltr'><strong>ἐξ</strong></span> <span class='ocrx_word' id='word_1_728' title='bbox 2654 4759 2860 4811; x_wconf 86' lang='grc' dir='ltr'>ἐκείνου</span> <span class='ocrx_word' id='word_1_729' title='bbox 2893 4760 2986 4815; x_wconf 87' lang='grc' dir='ltr'><strong>τοῦ</strong></span> <span class='ocrx_word' id='word_1_730' title='bbox 3020 4760 3337 4832; x_wconf 82' lang='grc' dir='ltr'>καιροῦ,ἀφ’</span> <span class='ocrx_word' id='word_1_731' title='bbox 3358 4756 3419 4816; x_wconf 74' lang='grc' dir='ltr'>οὗ</span> <span class='ocrx_word' id='word_1_732' title='bbox 3442 4762 3677 4831; x_wconf 81' lang='grc' dir='ltr'>ἀφεῖλεν,</span> <span class='ocrx_word' id='word_1_733' title='bbox 3703 4763 3817 4833; x_wconf 78' lang='grc' dir='ltr'>ήτοι</span> 
     </span>
    </p>
   </div>
   <div class='ocr_carea' id='block_1_98' title="bbox 580 4843 2166 4919">
    <p class='ocr_par' dir='ltr' id='par_1_98' title="bbox 580 4843 2149 4917">
     <span class='ocr_line' id='line_1_98' title="bbox 580 4843 2149 4917; baseline -0.001 -17"><span class='ocrx_word' id='word_1_734' title='bbox 580 4845 917 4901; x_wconf 84' lang='lat' dir='ltr'><strong>crudelitatis</strong></span> <span class='ocrx_word' id='word_1_735' title='bbox 949 4861 1118 4917; x_wconf 90' lang='lat' dir='ltr'><strong>genus</strong></span> <span class='ocrx_word' id='word_1_736' title='bbox 1146 4845 1418 4909; x_wconf 66' lang='lat' dir='ltr'><strong>exercuit,</strong></span> <span class='ocrx_word' id='word_1_737' title='bbox 1447 4843 1744 4914; x_wconf 87' lang='lat' dir='ltr'><strong>cujusmodi</strong></span> <span class='ocrx_word' id='word_1_738' title='bbox 1790 4858 2064 4913; x_wconf 89' lang='lat' dir='ltr'><strong>nunquam</strong></span> <span class='ocrx_word' id='word_1_739' title='bbox 2099 4846 2149 4899; x_wconf 91' lang='lat' dir='ltr'><strong>in</strong></span> 
     </span>
    </p>
   </div>
   <div class='ocr_carea' id='block_1_99' title="bbox 2269 4843 3816 4919">
    <p class='ocr_par' dir='ltr' id='par_1_99' title="bbox 2269 4846 3816 4919">
     <span class='ocr_line' id='line_1_99' title="bbox 2269 4846 3816 4919; baseline 0.002 -21"><span class='ocrx_word' id='word_1_740' title='bbox 2269 4846 2567 4899; x_wconf 58' lang='grc' dir='ltr'>ἐπέσπασεν</span> <span class='ocrx_word' id='word_1_741' title='bbox 2593 4847 2785 4900; x_wconf 79' lang='grc' dir='ltr'>ἑαυτὸν</span> <span class='ocrx_word' id='word_1_742' title='bbox 2816 4847 2844 4897; x_wconf 92' lang='lat'><strong>6</strong></span> <span class='ocrx_word' id='word_1_743' title='bbox 2881 4847 3119 4919; x_wconf 71' lang='grc' dir='ltr'>Ἐφραῒμ</span> <span class='ocrx_word' id='word_1_744' title='bbox 3148 4849 3255 4903; x_wconf 87' lang='grc' dir='ltr'>ἀπὸ</span> <span class='ocrx_word' id='word_1_745' title='bbox 3292 4850 3386 4903; x_wconf 89' lang='grc' dir='ltr'><strong>τοῦ</strong></span> <span class='ocrx_word' id='word_1_746' title='bbox 3438 4850 3626 4904; x_wconf 84' lang='grc' dir='ltr'>Ἰούδα.</span> <span class='ocrx_word' id='word_1_747' title='bbox 3663 4851 3816 4913; x_wconf 87' lang='grc' dir='ltr'>Ποῖος</span> 
     </span>
    </p>
   </div>
   <div class='ocr_carea' id='block_1_100' title="bbox 582 4927 2166 5011">
    <p class='ocr_par' dir='ltr' id='par_1_100' title="bbox 582 4934 1589 5005">
     <span class='ocr_line' id='line_1_100' title="bbox 582 4934 1589 5005; baseline -0.003 -15"><span class='ocrx_word' id='word_1_748' title='bbox 582 4934 744 4990; x_wconf 88' lang='lat' dir='ltr'><strong>ullam</strong></span> <span class='ocrx_word' id='word_1_749' title='bbox 780 4946 990 5004; x_wconf 89' lang='lat' dir='ltr'><strong>gentem</strong></span> <span class='ocrx_word' id='word_1_750' title='bbox 1027 4947 1268 5005; x_wconf 88' lang='lat' dir='ltr'><strong>patrasse</strong></span> <span class='ocrx_word' id='word_1_751' title='bbox 1306 4937 1589 5005; x_wconf 86' lang='lat' dir='ltr'><strong>reperitur.</strong></span> 
     </span>
    </p>
   </div>
   <div class='ocr_carea' id='block_1_101' title="bbox 2269 4927 3819 5011">
    <p class='ocr_par' dir='ltr' id='par_1_101' title="bbox 2269 4927 3819 5011">
     <span class='ocr_line' id='line_1_101' title="bbox 2269 4927 3819 5011; baseline -0.008 -23"><span class='ocrx_word' id='word_1_752' title='bbox 2269 4935 2311 4989; x_wconf 74' lang='grc' dir='ltr'><strong>Ξὲ</strong></span> <span class='ocrx_word' id='word_1_753' title='bbox 2332 4936 2462 5005; x_wconf 78' lang='grc' dir='ltr'>ἡμῖν</span> <span class='ocrx_word' id='word_1_754' title='bbox 2490 4927 2644 4998; x_wconf 73' lang='grc' dir='ltr'>οὗτος</span> <span class='ocrx_word' id='word_1_755' title='bbox 2673 4935 2700 4987; x_wconf 93' lang='lat'><strong>6</strong></span> <span class='ocrx_word' id='word_1_756' title='bbox 2722 4931 2932 5005; x_wconf 84' lang='grc' dir='ltr'>καιρὸς,</span> <span class='ocrx_word' id='word_1_757' title='bbox 2962 4936 2995 5006; x_wconf 84' lang='grc' dir='ltr'>ἢ</span> <span class='ocrx_word' id='word_1_758' title='bbox 3020 4936 3163 5000; x_wconf 85' lang='grc' dir='ltr'>τίνες</span> <span class='ocrx_word' id='word_1_759' title='bbox 3202 4943 3256 4992; x_wconf 75' lang='grc' dir='ltr'><strong>αἱ</strong></span> <span class='ocrx_word' id='word_1_760' title='bbox 3304 4939 3534 5011; x_wconf 50' lang='grc' dir='ltr'>ἡμέρας</span> <span class='ocrx_word' id='word_1_761' title='bbox 3580 4939 3638 4992; x_wconf 79' lang='grc' dir='ltr'><strong><em>⁸ο</em></strong></span> <span class='ocrx_word' id='word_1_762' title='bbox 3668 4938 3819 5008; x_wconf 68' lang='grc' dir='ltr'>βασι.</span> 
     </span>
    </p>
   </div>
   <div class='ocr_carea' id='block_1_102' title="bbox 576 5031 3817 5105">
    <p class='ocr_par' dir='ltr' id='par_1_102' title="bbox 576 5031 3817 5105">
     <span class='ocr_line' id='line_1_102' title="bbox 576 5031 3817 5105; baseline -0.001 -17"><span class='ocrx_word' id='word_1_763' title='bbox 576 5033 724 5101; x_wconf 82' lang='grc' dir='ltr'>λεὺς,</span> <span class='ocrx_word' id='word_1_764' title='bbox 753 5032 937 5103; x_wconf 65' lang='grc' dir='ltr'>φησιν,</span> <span class='ocrx_word' id='word_1_765' title='bbox 992 5033 1311 5103; x_wconf 83' lang='grc' dir='ltr'>Ἀσσυρίων,</span> <span class='ocrx_word' id='word_1_766' title='bbox 1378 5033 1520 5087; x_wconf 85' lang='grc' dir='ltr'>τοῦτ’</span> <span class='ocrx_word' id='word_1_767' title='bbox 1590 5032 1758 5098; x_wconf 73' lang='grc' dir='ltr'>ἔστιν,</span> <span class='ocrx_word' id='word_1_768' title='bbox 1802 5036 1831 5087; x_wconf 88' lang='lat'><strong>6</strong></span> <span class='ocrx_word' id='word_1_769' title='bbox 1889 5032 2389 5105; x_wconf 78' lang='grc' dir='ltr'>Ναϐουχοδονόσορ,</span> <span class='ocrx_word' id='word_1_770' title='bbox 2438 5032 2496 5096; x_wconf 86' lang='grc' dir='ltr'>ὃς</span> <span class='ocrx_word' id='word_1_771' title='bbox 2558 5031 2871 5102; x_wconf 86' lang='grc' dir='ltr'>πεπόρθηκε</span> <span class='ocrx_word' id='word_1_772' title='bbox 2930 5032 2998 5086; x_wconf 73' lang='grc' dir='ltr'>τὰ</span> <span class='ocrx_word' id='word_1_773' title='bbox 3068 5033 3441 5105; x_wconf 88' lang='grc' dir='ltr'>Ἰεροσόλυμα,</span> <span class='ocrx_word' id='word_1_774' title='bbox 3522 5034 3616 5088; x_wconf 80' lang='grc' dir='ltr'>καὶ</span> <span class='ocrx_word' id='word_1_775' title='bbox 3676 5033 3817 5087; x_wconf 77' lang='grc' dir='ltr'>κατὰ</span> 
     </span>
    </p>
   </div>
   <div class='ocr_carea' id='block_1_103' title="bbox 575 5118 3815 5198">
    <p class='ocr_par' dir='ltr' id='par_1_103' title="bbox 575 5118 3815 5198">
     <span class='ocr_line' id='line_1_103' title="bbox 575 5118 3815 5198; baseline -0 -17"><span class='ocrx_word' id='word_1_776' title='bbox 575 5125 778 5198; x_wconf 85' lang='grc' dir='ltr'>κράτος</span> <span class='ocrx_word' id='word_1_777' title='bbox 802 5118 913 5178; x_wconf 74' lang='grc' dir='ltr'>εἷλε</span> <span class='ocrx_word' id='word_1_778' title='bbox 946 5127 1126 5180; x_wconf 81' lang='grc' dir='ltr'>πᾶσαν</span> <span class='ocrx_word' id='word_1_779' title='bbox 1150 5127 1254 5197; x_wconf 80' lang='grc' dir='ltr'><strong>τὴν</strong></span> <span class='ocrx_word' id='word_1_780' title='bbox 1310 5125 1599 5190; x_wconf 86' lang='grc' dir='ltr'>Ἰουδαίαν,</span> <span class='ocrx_word' id='word_1_781' title='bbox 1656 5125 1926 5197; x_wconf 76' lang='grc' dir='ltr'>ἐνέπρησε</span> <span class='ocrx_word' id='word_1_782' title='bbox 1969 5124 2027 5179; x_wconf 86' lang='grc' dir='ltr'>δὲ</span> <span class='ocrx_word' id='word_1_783' title='bbox 2064 5126 2159 5179; x_wconf 75' lang='grc' dir='ltr'>καὶ</span> <span class='ocrx_word' id='word_1_784' title='bbox 2193 5124 2285 5178; x_wconf 89' lang='grc' dir='ltr'><strong>τὸν</strong></span> <span class='ocrx_word' id='word_1_785' title='bbox 2310 5123 2453 5177; x_wconf 84' lang='grc' dir='ltr'>θεῖον</span> <span class='ocrx_word' id='word_1_786' title='bbox 2484 5122 2630 5186; x_wconf 87' lang='grc' dir='ltr'>ναὸν,</span> <span class='ocrx_word' id='word_1_787' title='bbox 2656 5122 2751 5175; x_wconf 79' lang='grc' dir='ltr'>καὶ</span> <span class='ocrx_word' id='word_1_788' title='bbox 2807 5121 2959 5175; x_wconf 76' lang='grc' dir='ltr'>οὐδὲν</span> <span class='ocrx_word' id='word_1_789' title='bbox 3023 5121 3083 5175; x_wconf 86' lang='grc' dir='ltr'><strong>τὸ</strong></span> <span class='ocrx_word' id='word_1_790' title='bbox 3126 5125 3385 5195; x_wconf 85' lang='grc' dir='ltr'>παράπαν</span> <span class='ocrx_word' id='word_1_791' title='bbox 3417 5124 3524 5177; x_wconf 88' lang='grc' dir='ltr'><strong>τῶν</strong></span> <span class='ocrx_word' id='word_1_792' title='bbox 3558 5125 3641 5188; x_wconf 83' lang='grc' dir='ltr'><strong>είς</strong></span> <span class='ocrx_word' id='word_1_793' title='bbox 3668 5125 3815 5198; x_wconf 86' lang='grc' dir='ltr'>ὡμό-</span> 
     </span>
    </p>
   </div>
   <div class='ocr_carea' id='block_1_104' title="bbox 574 5216 3162 5294">
    <p class='ocr_par' dir='ltr' id='par_1_104' title="bbox 574 5216 3162 5294">
     <span class='ocr_line' id='line_1_104' title="bbox 574 5216 3162 5294; baseline -0.002 -17"><span class='ocrx_word' id='word_1_794' title='bbox 574 5240 716 5294; x_wconf 69' lang='grc' dir='ltr'>τητα</span> <span class='ocrx_word' id='word_1_795' title='bbox 740 5221 1088 5294; x_wconf 87' lang='grc' dir='ltr'>θηριοπρεπῆ</span> <span class='ocrx_word' id='word_1_796' title='bbox 1125 5220 1545 5291; x_wconf 85' lang='grc' dir='ltr'>παραλέλοιπεν,</span> <span class='ocrx_word' id='word_1_797' title='bbox 1591 5221 1620 5273; x_wconf 85' lang='grc' dir='ltr'><strong><em>ὃ</em></strong></span> <span class='ocrx_word' id='word_1_798' title='bbox 1676 5221 1750 5293; x_wconf 84' lang='grc' dir='ltr'><strong>μή</strong></span> <span class='ocrx_word' id='word_1_799' title='bbox 1783 5220 1923 5275; x_wconf 76' lang='grc' dir='ltr'>κατὰ</span> <span class='ocrx_word' id='word_1_800' title='bbox 1957 5220 2156 5283; x_wconf 84' lang='grc' dir='ltr'>παντὸς</span> <span class='ocrx_word' id='word_1_801' title='bbox 2190 5216 2463 5291; x_wconf 87' lang='grc' dir='ltr'>δεδρακὼς</span> <span class='ocrx_word' id='word_1_802' title='bbox 2492 5216 2811 5287; x_wconf 84' lang='grc' dir='ltr'>εὑρίσκηται</span> <span class='ocrx_word' id='word_1_803' title='bbox 2831 5217 2925 5271; x_wconf 87' lang='grc' dir='ltr'><strong>τοῦ</strong></span> <span class='ocrx_word' id='word_1_804' title='bbox 2958 5217 3162 5283; x_wconf 77' lang='grc' dir='ltr'>ἔθνους.</span> 
     </span>
    </p>
   </div>
   <div class='ocr_carea' id='block_1_105' title="bbox 648 5306 2166 5380">
    <p class='ocr_par' dir='ltr' id='par_1_105' title="bbox 648 5310 2144 5380">
     <span class='ocr_line' id='line_1_105' title="bbox 648 5310 2144 5380; baseline -0.001 -13"><span class='ocrx_word' id='word_1_805' title='bbox 648 5312 953 5380; x_wconf 58' lang='lat'><strong>“315.348.</strong></span> <span class='ocrx_word' id='word_1_806' title='bbox 990 5312 1060 5363; x_wconf 81' lang='lat' dir='ltr'><strong>Et</strong></span> <span class='ocrx_word' id='word_1_807' title='bbox 1089 5311 1185 5364; x_wconf 80' lang='lat' dir='ltr'><strong>erit</strong></span> <span class='ocrx_word' id='word_1_808' title='bbox 1228 5315 1281 5364; x_wconf 87' lang='lat' dir='ltr'><strong>in</strong></span> <span class='ocrx_word' id='word_1_809' title='bbox 1330 5312 1415 5365; x_wconf 85' lang='lat' dir='ltr'><strong>die</strong></span> <span class='ocrx_word' id='word_1_810' title='bbox 1457 5313 1571 5376; x_wconf 82' lang='lat' dir='ltr'><strong>illa,</strong></span> <span class='ocrx_word' id='word_1_811' title='bbox 1612 5312 1838 5365; x_wconf 78' lang='lat' dir='ltr'><strong>sibitabit</strong></span> <span class='ocrx_word' id='word_1_812' title='bbox 1889 5310 2144 5365; x_wconf 79' lang='lat' dir='ltr'><strong>Dominus</strong></span> 
     </span>
    </p>
   </div>
   <div class='ocr_carea' id='block_1_106' title="bbox 2269 5306 3815 5380">
    <p class='ocr_par' dir='ltr' id='par_1_106' title="bbox 2318 5306 3815 5378">
     <span class='ocr_line' id='line_1_106' title="bbox 2318 5306 3815 5378; baseline 0.001 -17"><span class='ocrx_word' id='word_1_813' title='bbox 2318 5307 2426 5361; x_wconf 79' lang='grc' dir='ltr'><strong>Καὶ</strong></span> <span class='ocrx_word' id='word_1_814' title='bbox 2455 5306 2627 5360; x_wconf 80' lang='grc' dir='ltr'>ἔσται</span> <span class='ocrx_word' id='word_1_815' title='bbox 2681 5308 2750 5360; x_wconf 82' lang='grc' dir='ltr'>ἐν</span> <span class='ocrx_word' id='word_1_816' title='bbox 2785 5306 2858 5375; x_wconf 80' lang='grc' dir='ltr'>τῇ</span> <span class='ocrx_word' id='word_1_817' title='bbox 2905 5308 3097 5377; x_wconf 75' lang='grc' dir='ltr'>ἡμέρῃ</span> <span class='ocrx_word' id='word_1_818' title='bbox 3134 5307 3336 5376; x_wconf 74' lang='grc' dir='ltr'>ἐκείνῃ</span> <span class='ocrx_word' id='word_1_819' title='bbox 3369 5307 3576 5376; x_wconf 60' lang='grc' dir='ltr'>σιξριεῖ</span> <span class='ocrx_word' id='word_1_820' title='bbox 3603 5309 3815 5378; x_wconf 85' lang='grc' dir='ltr'>Κύριος</span> 
     </span>
    </p>
   </div>
   <div class='ocr_carea' id='block_1_107' title="bbox 572 5394 2166 5475">
    <p class='ocr_par' dir='ltr' id='par_1_107' title="bbox 572 5402 2140 5475">
     <span class='ocr_line' id='line_1_107' title="bbox 572 5402 2140 5475; baseline -0.003 -16"><span class='ocrx_word' id='word_1_821' title='bbox 572 5406 771 5461; x_wconf 81' lang='lat' dir='ltr'><strong>muscis</strong></span> <span class='ocrx_word' id='word_1_822' title='bbox 822 5421 939 5475; x_wconf 68' lang='lat' dir='ltr'><strong>quae</strong></span> <span class='ocrx_word' id='word_1_823' title='bbox 978 5403 1316 5458; x_wconf 76' lang='lat' dir='ltr'><strong>dominantur</strong></span> <span class='ocrx_word' id='word_1_824' title='bbox 1350 5405 1489 5471; x_wconf 80' lang='lat' dir='ltr'><strong>parti</strong></span> <span class='ocrx_word' id='word_1_825' title='bbox 1541 5402 1770 5470; x_wconf 78' lang='lat' dir='ltr'><strong>ﬂuminis</strong></span> <span class='ocrx_word' id='word_1_826' title='bbox 1806 5402 2046 5473; x_wconf 68' lang='grc' dir='ltr'><strong>Αξςυριί,</strong></span> <span class='ocrx_word' id='word_1_827' title='bbox 2094 5411 2140 5456; x_wconf 83' lang='lat' dir='ltr'><strong>et</strong></span> 
     </span>
    </p>
   </div>
   <div class='ocr_carea' id='block_1_108' title="bbox 2269 5394 3811 5475">
    <p class='ocr_par' dir='ltr' id='par_1_108' title="bbox 2269 5394 3811 5465">
     <span class='ocr_line' id='line_1_108' title="bbox 2269 5394 3811 5465; baseline -0.001 -15"><span class='ocrx_word' id='word_1_828' title='bbox 2269 5398 2467 5463; x_wconf 85' lang='grc' dir='ltr'>ιυίαις,</span> <span class='ocrx_word' id='word_1_829' title='bbox 2518 5395 2550 5448; x_wconf 86' lang='grc' dir='ltr'>ὃ</span> <span class='ocrx_word' id='word_1_830' title='bbox 2612 5396 2871 5464; x_wconf 83' lang='grc' dir='ltr'>κυριεύει</span> <span class='ocrx_word' id='word_1_831' title='bbox 2914 5396 3134 5465; x_wconf 82' lang='grc' dir='ltr'>μέρους</span> <span class='ocrx_word' id='word_1_832' title='bbox 3183 5394 3447 5463; x_wconf 81' lang='grc' dir='ltr'>ποταμοῦ</span> <span class='ocrx_word' id='word_1_833' title='bbox 3492 5396 3811 5462; x_wconf 76' lang='grc' dir='ltr'>Αἰγύπτου,</span> 
     </span>
    </p>
   </div>
   <div class='ocr_carea' id='block_1_109' title="bbox 568 5485 2166 5563">
    <p class='ocr_par' dir='ltr' id='par_1_109' title="bbox 568 5492 2138 5563">
     <span class='ocr_line' id='line_1_109' title="bbox 568 5492 2138 5563; baseline -0.001 -18"><span class='ocrx_word' id='word_1_834' title='bbox 568 5495 661 5563; x_wconf 81' lang='lat' dir='ltr'><strong>api</strong></span> <span class='ocrx_word' id='word_1_835' title='bbox 692 5509 810 5563; x_wconf 81' lang='lat' dir='ltr'><strong>qua:</strong></span> <span class='ocrx_word' id='word_1_836' title='bbox 829 5501 905 5547; x_wconf 79' lang='lat' dir='ltr'><strong>est</strong></span> <span class='ocrx_word' id='word_1_837' title='bbox 939 5493 994 5547; x_wconf 84' lang='lat' dir='ltr'><strong>in</strong></span> <span class='ocrx_word' id='word_1_838' title='bbox 1022 5494 1229 5562; x_wconf 75' lang='lat' dir='ltr'><strong>regione</strong></span> <span class='ocrx_word' id='word_1_839' title='bbox 1245 5492 1609 5561; x_wconf 73' lang='lat' dir='ltr'><strong>Assyriorum,</strong></span> <span class='ocrx_word' id='word_1_840' title='bbox 1640 5500 1686 5542; x_wconf 83' lang='lat' dir='ltr'><strong>et</strong></span> <span class='ocrx_word' id='word_1_841' title='bbox 1720 5492 1920 5545; x_wconf 79' lang='lat' dir='ltr'><strong>venient</strong></span> <span class='ocrx_word' id='word_1_842' title='bbox 1942 5507 2138 5556; x_wconf 82' lang='lat' dir='ltr'><strong>omnes,</strong></span> 
     </span>
    </p>
   </div>
   <div class='ocr_carea' id='block_1_110' title="bbox 2269 5485 3808 5563">
    <p class='ocr_par' dir='ltr' id='par_1_110' title="bbox 2269 5485 3808 5556">
     <span class='ocr_line' id='line_1_110' title="bbox 2269 5485 3808 5556; baseline 0 -15"><span class='ocrx_word' id='word_1_843' title='bbox 2269 5489 2339 5541; x_wconf 72' lang='grc' dir='ltr'><strong>ταὶ</strong></span> <span class='ocrx_word' id='word_1_844' title='bbox 2366 5487 2440 5556; x_wconf 80' lang='grc' dir='ltr'>τῇ</span> <span class='ocrx_word' id='word_1_845' title='bbox 2460 5488 2752 5556; x_wconf 73' lang='grc' dir='ltr'>μελίσσῃ,</span> <span class='ocrx_word' id='word_1_846' title='bbox 2773 5486 2810 5554; x_wconf 83' lang='grc' dir='ltr'><strong><em>ἢ</em></strong></span> <span class='ocrx_word' id='word_1_847' title='bbox 2836 5488 3005 5541; x_wconf 76' lang='grc' dir='ltr'>ἐστιν</span> <span class='ocrx_word' id='word_1_848' title='bbox 3024 5485 3271 5556; x_wconf 68' lang='grc' dir='ltr'>ἐγχώρια</span> <span class='ocrx_word' id='word_1_849' title='bbox 3300 5485 3415 5538; x_wconf 84' lang='grc' dir='ltr'><strong>τῶν</strong></span> <span class='ocrx_word' id='word_1_850' title='bbox 3450 5485 3776 5555; x_wconf 81' lang='grc' dir='ltr'>Ἀσσυρίων</span> <span class='ocrx_word' id='word_1_851' title='bbox 3793 5502 3808 5519; x_wconf 78' lang='grc' dir='ltr'><strong>ο</strong></span> 
     </span>
    </p>
   </div>
   <div class='ocr_carea' id='block_1_111' title="bbox 568 5578 2166 5654">
    <p class='ocr_par' dir='ltr' id='par_1_111' title="bbox 568 5582 2141 5654">
     <span class='ocr_line' id='line_1_111' title="bbox 568 5582 2141 5654; baseline -0.001 -18"><span class='ocrx_word' id='word_1_852' title='bbox 568 5593 621 5636; x_wconf 83' lang='lat' dir='ltr'><strong>et</strong></span> <span class='ocrx_word' id='word_1_853' title='bbox 653 5583 945 5638; x_wconf 79' lang='lat' dir='ltr'><strong>residebunt</strong></span> <span class='ocrx_word' id='word_1_854' title='bbox 986 5586 1042 5638; x_wconf 86' lang='lat' dir='ltr'><strong>in</strong></span> <span class='ocrx_word' id='word_1_855' title='bbox 1087 5585 1310 5639; x_wconf 80' lang='lat' dir='ltr'><strong>vallibus</strong></span> <span class='ocrx_word' id='word_1_856' title='bbox 1351 5584 1598 5654; x_wconf 80' lang='lat' dir='ltr'><strong>regionis,</strong></span> <span class='ocrx_word' id='word_1_857' title='bbox 1625 5592 1673 5636; x_wconf 83' lang='lat' dir='ltr'><strong>et</strong></span> <span class='ocrx_word' id='word_1_858' title='bbox 1705 5585 1757 5637; x_wconf 87' lang='lat' dir='ltr'><strong>in</strong></span> <span class='ocrx_word' id='word_1_859' title='bbox 1788 5582 1923 5636; x_wconf 80' lang='lat' dir='ltr'><strong>cavis</strong></span> <span class='ocrx_word' id='word_1_860' title='bbox 1964 5593 2141 5650; x_wconf 82' lang='lat' dir='ltr'><strong>petra-</strong></span> 
     </span>
    </p>
   </div>
   <div class='ocr_carea' id='block_1_112' title="bbox 2269 5578 3815 5654">
    <p class='ocr_par' dir='ltr' id='par_1_112' title="bbox 2269 5578 3815 5645">
     <span class='ocr_line' id='line_1_112' title="bbox 2269 5578 3815 5645; baseline 0.001 -13"><span class='ocrx_word' id='word_1_861' title='bbox 2269 5581 2336 5634; x_wconf 77' lang='lat' dir='ltr'><strong>:ai</strong></span> <span class='ocrx_word' id='word_1_862' title='bbox 2369 5580 2721 5633; x_wconf 81' lang='grc' dir='ltr'>ἐλεύσονται</span> <span class='ocrx_word' id='word_1_863' title='bbox 2785 5580 3042 5645; x_wconf 80' lang='grc' dir='ltr'>πάντες,</span> <span class='ocrx_word' id='word_1_864' title='bbox 3086 5578 3183 5631; x_wconf 80' lang='grc' dir='ltr'>καὶ</span> <span class='ocrx_word' id='word_1_865' title='bbox 3241 5579 3694 5633; x_wconf 79' lang='grc' dir='ltr'>ἀναπαύσονται</span> <span class='ocrx_word' id='word_1_866' title='bbox 3747 5579 3815 5632; x_wconf 86' lang='grc' dir='ltr'>ὲν</span> 
     </span>
    </p>
   </div>
   <div class='ocr_carea' id='block_1_113' title="bbox 564 5669 2166 5750">
    <p class='ocr_par' dir='ltr' id='par_1_113' title="bbox 564 5674 2138 5750">
     <span class='ocr_line' id='line_1_113' title="bbox 564 5674 2138 5750; baseline 0.001 -24"><span class='ocrx_word' id='word_1_867' title='bbox 564 5686 714 5740; x_wconf 67' lang='lat' dir='ltr'><strong>rum,</strong></span> <span class='ocrx_word' id='word_1_868' title='bbox 737 5684 784 5729; x_wconf 84' lang='lat' dir='ltr'><strong>et</strong></span> <span class='ocrx_word' id='word_1_869' title='bbox 813 5675 869 5729; x_wconf 87' lang='lat' dir='ltr'><strong>in</strong></span> <span class='ocrx_word' id='word_1_870' title='bbox 912 5674 1191 5744; x_wconf 83' lang='lat' dir='ltr'><strong>speluncis,</strong></span> <span class='ocrx_word' id='word_1_871' title='bbox 1224 5686 1271 5731; x_wconf 86' lang='lat' dir='ltr'><strong>et</strong></span> <span class='ocrx_word' id='word_1_872' title='bbox 1306 5675 1530 5750; x_wconf 80' lang='lat' dir='ltr'><strong>in_omni</strong></span> <span class='ocrx_word' id='word_1_873' title='bbox 1558 5676 1807 5741; x_wconf 84' lang='lat' dir='ltr'><strong>scissura,</strong></span> <span class='ocrx_word' id='word_1_874' title='bbox 1841 5684 1891 5729; x_wconf 82' lang='lat' dir='ltr'><strong>et</strong></span> <span class='ocrx_word' id='word_1_875' title='bbox 1922 5675 1974 5729; x_wconf 89' lang='lat' dir='ltr'><strong>in</strong></span> <span class='ocrx_word' id='word_1_876' title='bbox 1997 5676 2138 5731; x_wconf 82' lang='lat' dir='ltr'><strong>omni</strong></span> 
     </span>
    </p>
   </div>
   <div class='ocr_carea' id='block_1_114' title="bbox 2269 5669 3815 5750">
    <p class='ocr_par' dir='ltr' id='par_1_114' title="bbox 2269 5669 3815 5740">
     <span class='ocr_line' id='line_1_114' title="bbox 2269 5669 3815 5740; baseline 0.002 -18"><span class='ocrx_word' id='word_1_877' title='bbox 2269 5671 2367 5735; x_wconf 62' lang='grc' dir='ltr'><strong>ἀῖς</strong></span> <span class='ocrx_word' id='word_1_878' title='bbox 2395 5670 2652 5740; x_wconf 66' lang='grc' dir='ltr'>φάραγξι</span> <span class='ocrx_word' id='word_1_879' title='bbox 2702 5669 2810 5739; x_wconf 76' lang='grc' dir='ltr'><strong>τῆς</strong></span> <span class='ocrx_word' id='word_1_880' title='bbox 2860 5672 3074 5739; x_wconf 80' lang='grc' dir='ltr'>χώρας,</span> <span class='ocrx_word' id='word_1_881' title='bbox 3106 5669 3203 5723; x_wconf 79' lang='grc' dir='ltr'>καὶ</span> <span class='ocrx_word' id='word_1_882' title='bbox 3250 5670 3320 5723; x_wconf 83' lang='grc' dir='ltr'>ἑν</span> <span class='ocrx_word' id='word_1_883' title='bbox 3361 5669 3648 5739; x_wconf 76' lang='grc' dir='ltr'>’τρώγλαις</span> <span class='ocrx_word' id='word_1_884' title='bbox 3696 5671 3815 5725; x_wconf 77' lang='grc' dir='ltr'><strong>τῶν</strong></span> 
     </span>
    </p>
   </div>
   <div class='ocr_carea' id='block_1_115' title="bbox 559 5759 2166 5835">
    <p class='ocr_par' dir='ltr' id='par_1_115' title="bbox 559 5761 739 5831">
     <span class='ocr_line' id='line_1_115' title="bbox 559 5761 739 5831; baseline 0.022 -16"><span class='ocrx_word' id='word_1_885' title='bbox 559 5761 739 5831; x_wconf 58' lang='lat' dir='ltr'><strong>digno.</strong></span> 
     </span>
    </p>
   </div>
   <div class='ocr_carea' id='block_1_116' title="bbox 2269 5759 3824 5835">
    <p class='ocr_par' dir='ltr' id='par_1_116' title="bbox 2269 5759 3824 5835">
     <span class='ocr_line' id='line_1_116' title="bbox 2269 5759 3824 5835; baseline 0.003 -23"><span class='ocrx_word' id='word_1_886' title='bbox 2269 5774 2377 5828; x_wconf 66' lang='lat' dir='ltr'><strong>req,</strong></span> <span class='ocrx_word' id='word_1_887' title='bbox 2390 5759 2493 5823; x_wconf 80' lang='grc' dir='ltr'><strong>ῶν,</strong></span> <span class='ocrx_word' id='word_1_888' title='bbox 2522 5762 2615 5813; x_wconf 78' lang='grc' dir='ltr'>καὶ</span> <span class='ocrx_word' id='word_1_889' title='bbox 2646 5764 2733 5825; x_wconf 83' lang='grc' dir='ltr'>εἰς</span> <span class='ocrx_word' id='word_1_890' title='bbox 2780 5763 2851 5814; x_wconf 80' lang='grc' dir='ltr'>τὰ</span> <span class='ocrx_word' id='word_1_891' title='bbox 2892 5760 3181 5829; x_wconf 77' lang='grc' dir='ltr'>σπήλαια,</span> <span class='ocrx_word' id='word_1_892' title='bbox 3210 5761 3305 5815; x_wconf 78' lang='grc' dir='ltr'>καὶ</span> <span class='ocrx_word' id='word_1_893' title='bbox 3349 5763 3436 5827; x_wconf 81' lang='grc' dir='ltr'>εις</span> <span class='ocrx_word' id='word_1_894' title='bbox 3470 5759 3678 5817; x_wconf 80' lang='grc' dir='ltr'>πᾶσαν</span> <span class='ocrx_word' id='word_1_895' title='bbox 3702 5763 3824 5835; x_wconf 31' lang='lat' dir='ltr'><strong>ﬁat</strong></span> 
     </span>
    </p>
   </div>
   <div class='ocr_carea' id='block_1_117' title="bbox 2243 5853 3040 5925">
    <p class='ocr_par' dir='ltr' id='par_1_117' title="bbox 2243 5853 3040 5925">
     <span class='ocr_line' id='line_1_117' title="bbox 2243 5853 3040 5925; baseline 0.006 -20"><span class='ocrx_word' id='word_1_896' title='bbox 2243 5853 2410 5925; x_wconf 71' lang='grc' dir='ltr'>γάδα,</span> <span class='ocrx_word' id='word_1_897' title='bbox 2440 5853 2533 5908; x_wconf 83' lang='grc' dir='ltr'>καὶ</span> <span class='ocrx_word' id='word_1_898' title='bbox 2567 5855 2635 5908; x_wconf 78' lang='grc' dir='ltr'>ἐν</span> <span class='ocrx_word' id='word_1_899' title='bbox 2661 5855 2833 5908; x_wconf 72' lang='grc' dir='ltr'>παντὶ</span> <span class='ocrx_word' id='word_1_900' title='bbox 2860 5854 3040 5920; x_wconf 70' lang='grc' dir='ltr'>ξύλῳ.</span> 
     </span>
    </p>
   </div>
  </div>
