4122 6292
337 326 445 387 209

1528 336 1593 390 IN
1632 335 1862 392 lS.\l.-\M
1901 336 2025 393 LIB.
2074 338 2113 394 Ι.
2150 340 2356 399 ORA'l'.
2397 344 2455 399 ν.

3484 352 3593 406 9.!0

414 444 753 518 Κατευρύνει
802 449 865 501 τὸ
924 448 1190 521 διήγημα,
1244 450 1336 504 καὶ
1383 451 1539 504 διεισι
1597 450 1803 517 λεπτῶς
1831 451 1924 505 τοῦ

2095 454 2398 526 Amplillcat
2419 459 2801 526 narrationem,
2819 469 2872 516 et
2899 460 3144 515 minutim
3171 457 3426 530 impetmn
3463 462 3588 517 helli

336 523 590 633 ’πολέμου
613 538 712 633 τίη-ν
745 540 958 633 ἔφοδον,
993 543 1087 596 καὶ
1104 544 1186 595 ὄτι
1211 543 1394 633 πᾶσαν
1410 543 1588 596 αὐτῶν
1610 560 1922 614 κατανεμη-
1960 604 1985 633 ο

349 623 602 693 θήσονται
623 628 747 698 γῆν,
808 630 1003 700 κώμας
1027 648 1087 683 τε
1139 631 1233 683 καὶ
1279 631 1475 694 πόλεις,
1502 633 1551 683 oi
1599 630 1719 685 κατ’
1745 629 1924 684 αὐτῶν

347 715 565 785 ἥξοντες
596 720 738 773 κατὰ
791 723 1038 795 καιρούς.
1086 722 1299 794 Χρῆναι
1337 722 1394 774 δὲ
1449 717 1599 792 οἶμαι
1650 723 1722 776 τὰ
1762 723 1819 775 ὲν
1856 723 1918 791 τῇ

342 807 575 879 τετάρτῃ
631 809 742 863 τῶν
793 811 1088 865 Βασιλειῶν
1122 812 1479 883 γεγραμμένα
1527 812 1689 866 πάλιν
1714 814 1920 875 εἰπεῖν,

342 897 478 968 πρὸς
503 899 604 971 τὴν
637 900 755 955 τῶν
789 903 1066 974 ἐσομένων
1103 904 1306 975 ἀκριϐῆ
1339 904 1691 974 διασάφησιν.
1729 904 1923 971 Γέγονε

342 987 521 1041 τοίνυν
551 990 669 1054 υίὸς
722 992 825 1063 μὲν
858 994 954 1046 τοῦ
1000 995 1196 1063 Ἄχας,
1250 995 1388 1066 πρὸς
1430 995 1489 1048 ὃν
1534 994 1630 1048 νῦν
1673 995 1703 1047 ὁ
1748 993 1920 1062 λόγος,

354 1077 623 1150 Ἐζεκίας,
677 1082 921 1154 Ἐζεχίου
950 1084 1007 1138 δὲ
1041 1086 1329 1155 Μανασῆςο
1363 1086 1596 1154 Μανασῆ
1628 1085 1684 1137 δὲ
1726 1085 1920 1155 Ἀμώς.

342 1170 544 1226 Τούτου
581 1173 641 1226 δὲ
677 1178 809 1239 παῖς
843 1176 1054 1241 Ἰωσίας
1080 1176 1221 1247 ἀνὴρ
1259 1176 1509 1247 εὐσεὸὴς,
1552 1175 1690 1247 πλὴν
1717 1176 1925 1229 ἁπεόίω

341 1260 531 1332 τοιῷδέ
553 1281 664 1317 τινι
687 1266 895 1337 τρόπῳ.
923 1266 1122 1338 Φαραὼ
1146 1266 1345 1338 Νεχαὼ
1377 1266 1625 1338 βασιλεὺς
1650 1266 1923 1335 Αἰγύπτου

342 1354 442 1425 τὴν
474 1356 810 1424 ὲνεγκοῦσαν
851 1359 1013 1427 ἀφεὶς
1061 1358 1235 1423 sese“
1293 1361 1628 1430 πανστρατιᾷ
1660 1360 1753 1412 καὶ
1782 1358 1922 1412 κατὰ

344 1445 441 1515 τῆς
494 1447 800 1518 ’Δσσυρίων
849 1450 1113 1518 ἠπείγετο
1159 1450 1283 1519 γῆς.
1336 1447 1528 1511 Δεδιὼς
1575 1465 1633 1502 τε
1677 1449 1855 1502 τοίνυν
1896 1451 1924 1501 ὁ

359 1534 601 1600 Ἰωσίας,
640 1538 716 1607 μὴ
741 1539 850 1606 ἄρα
877 1555 994 1602 πως
1025 1539 1118 1592 καὶ
1151 1539 1290 1592 κατὰ
1317 1537 1415 1607 τῆς
1443 1537 1701 1601 Ἰουδαίας
1730 1536 1921 1602 ἐλθὼν,

351 1625 458 1678 ὑπὸ
476 1628 637 1696 χεῖρά
664 1645 721 1681 τε
744 1628 841 1698 τὴν
868 1629 1058 1682 ἑαυτοῦ
1085 1629 1255 1693 λάϐοι,
1279 1629 1372 1682 καὶ
1394 1627 1709 1699 κατάρξειεν
1733 1628 1921 1697 αὐτῆς,

347 1712 672 1781 ἀντεξάγειν
701 1714 878 1786 ἤθελε,
908 1717 1084 1769 καίτοι
1108 1716 1200 1770 τοῦ
1224 1715 1426 1789 Φαραὼ
1479 1718 1578 1788 τὴν
1600 1717 1736 1789 πρὸς
1764 1718 1924 1771 αὐτὸν

345 1806 790 1876 παραιτουμένου
816 1808 996 1878 μάχην
1023 1825 1037 1840 ο
1079 1808 1429 1880 ἐνιστάμενος
1458 1808 1513 1862 δὲ
1542 1809 1921 1879 τετελεύτηκεν
1953 1795 1994 1850 Β

346 1892 404 1944 ὲν
437 1892 515 1962 τῷ
538 1895 782 1967 πολέμῳ,
814 1898 908 1951 καὶ
941 1900 1317 1972 κατεκράτησε
1370 1900 1473 1971 τῆς
1524 1899 1789 1953 Ἰουδαίων
1820 1903 1922 1971 γῆς

345 1982 373 2034 ὁ
392 1982 706 2051 Αἰγύπτιος,
733 1989 815 2051 είς
860 1989 1017 2042 τοῦτο
1045 1990 1103 2043 δὲ
1138 1990 1390 2061 διήλασεν
1425 1991 1627 2061 ἰσχύος,
1658 1990 1798 2045 ὥστε
1826 1992 1924 2046 καὶ

352 2069 738 2140 βασιλεύσαντα
772 2077 863 2131 τὸν
910 2079 1138 2151 Ἱωαχὰς
1174 2081 1267 2136 τὸν
1308 2083 1515 2136 Ἰωσίου
1556 2084 1720 2137 παῖδα
1757 2100 1923 2153 μετα-

352 2165 541 2236 στῆσαι
569 2172 666 2239 τῆς
698 2169 994 2240 βασιλείας,
1028 2174 1121 2228 καὶ
1163 2174 1449 2246 δεδεμένον
1490 2177 1819 2243 εἰσενεγκεῖν
1841 2177 1922 2239 είς

350 2254 444 2327 τὴν
495 2258 685 2313 ἑαυτοῦ
734 2262 938 2332 χώραν,
986 2264 1082 2317 καὶ
1135 2266 1512 2336 χειροτονῆσαι
1563 2265 1788 2337 βασιλέα
1828 2266 1921 2321 τὸν

365 2344 669 2419 Ἐλιακεὶμ,
710 2352 806 2403 καὶ
855 2351 1094 2423 δασμοὺς
1141 2355 1408 2410 ἐπιθεῖναι
1469 2357 1550 2427 τῷ
1603 2357 1765 2422 ἔθνει,
1827 2358 1921 2412 καὶ

354 2438 642 2506 χρημάτων
675 2441 918 2511 ἄθροισιν
947 2446 1167 2516 αἰτῆσαι
1224 2446 1440 2518 πολλήν.
1499 2445 1632 2502 Εἶτα
1677 2448 1921 2518 βασιλεύ-

356 2541 545 2590 σαντος
580 2534 674 2601 τῆς
715 2533 967 2597 Ἰουδαίας
1008 2536 1289 2608 Ἑλιακεῖμ
1331 2540 1414 2592 ἐπ’
1446 2539 1622 2593 ἔτεσιν
1661 2542 1802 2603 ὅλοις
1832 2541 1920 2593 ἒν-

353 2614 487 2668 δεκα
509 2619 596 2674 τὸν
626 2622 878 2693 aptam,
926 2626 1225 2695 διαδέχεται
1264 2632 1388 2693 τοὺς
1440 2631 1636 2693 θάκους
1672 2632 1922 2703 Ἰεχονίας

359 2708 476 2771 υἱὸς
498 2712 688 2765 αὑτοῦ·
738 2712 860 2769 εἶτα
915 2717 1052 2786 μετὰ
1088 2719 1269 2773 τοῦτον
1317 2722 1580 2786 Σεδεκίας,
1618 2718 1680 2776 οὗ
1702 2726 1799 2794 τὴν
1827 2724 1922 2795 βα-

365 2798 566 2857 σιλείαν
630 2803 937 2873 διέποντος,
994 2813 1412 2880 κατεστράτευσε
1447 2817 1544 2886 τῆς
1603 2817 1858 2880 Ἰουδαίας
1892 2820 1920 2870 ὁ

369 2892 865 2971 Ναϐουχοδονόσορ,
908 2900 965 2964 ὃς
1008 2903 1096 2955 καὶ
1142 2905 1318 2968 πάσας
1367 2911 1778 2979 κατεμπρήσας,
1830 2912 1921 2964 καὶ

377 2987 623 3053 προσθεὶς
656 2992 770 3052 ταῖς
797 2990 975 3056 ἄλλαις
1006 2994 1222 3048 πόλεσιν
1245 2998 1341 3051 καὶ
1378 3000 1547 3070 αὐτὴν
1577 3001 1678 3071 τὴν
1724 3001 1919 3071 Ἰερου-

2024 544 2303 611 describit,
2334 557 2387 603 et
2410 549 2549 615 quod
2577 565 2792 606 omnem
2828 566 3015 607 eorum
3050 561 3273 614 terram,
3310 552 3502 620 oppida
3534 561 3589 606 et

2024 636 2185 690 urbes
2218 640 2448 693 excisuri
2474 651 2675 704 essent,
2703 643 2793 713 qui
2820 644 3144 713 temporibus
3175 643 3587 698 succedentibus

2023 740 2117 781 eos
2153 728 2386 783 invasuri
2421 744 2597 786 erant.
2633 732 2727 789 llic
2752 750 2936 789 rursus
2984 750 3091 804 quo
3139 736 3252 790 hasc
3298 735 3487 788 melius
3520 735 3588 787 il-

2023 816 2320 873 lustrentur
2348 822 2571 877 dicenda
2590 823 2797 891 judico,
2825 842 2944 895 qua:
2973 826 3022 879 iu
3053 834 3247 895 quarto
3280 826 3583 895 Regnorum

2022 914 2221 980 scripta
2251 922 2395 965 sunt.
2439 912 2559 968 Fuit
2591 916 2755 982 igitur
2780 916 2919 970 lilius
2945 916 3142 969 Achazi
3168 915 3232 968 ad
3260 930 3415 984 quem
3445 929 3588 968 nunc

2023 1016 2202 1057 sermo
2220 1014 2323 1068 est,
2362 1004 2642 1072 Ezechias,
2668 1005 2912 1062 Ezechiae
2939 1017 3118 1061 autem
3159 1005 3451 1069 Manasses,
3469 1003 3583 1057 Ma-

2026 1095 2201 1149 nassis
2229 1096 2429 1164 Amos;
2462 1098 2621 1168 hujus
2668 1100 2807 1153 illius
2838 1097 3011 1155 .losias
3053 1099 3172 1164 fuit,
3203 1099 3285 1153 vir
3322 1098 3440 1166 pius
3464 1098 3585 1166 qui—

2024 1187 2167 1248 dem.
2198 1197 2560 1243 verumtamen
2599 1190 2741 1244 hunc
2770 1191 2835 1244 ad
2868 1190 3083 1245 modum
3123 1206 3152 1245 e
3186 1190 3323 1245 vivis
3356 1189 3584 1258 emigra-

2029 1280 2126 1332 vit.
2157 1278 2363 1335 Pharao
2385 1278 2598 1334 Nechao
2622 1297 2711 1335 rex
2754 1281 2991 1352 Egypti,
3020 1282 3189 1351 patria
3219 1282 3426 1343 relicta,
3466 1295 3582 1333 om-

2024 1387 2119 1424 nes
2168 1372 2351 1440 capias
2392 1373 2597 1436 eduxit,
2636 1384 2689 1428 et
2742 1385 2928 1427 contra
2982 1384 3174 1427 terram
3238 1372 3583 1441 Assyriorum

2024 1478 2246 1531 propere
2273 1466 2669 1531 expeditionem
2707 1463 2855 1519 fecit.
2897 1464 3108 1519 Veritus
3135 1478 3264 1533 ergo
3292 1460 3491 1525 Josias,
3516 1476 3586 1514 ne

2023 1554 2235 1622 quando
2267 1565 2462 1608 terram
2502 1554 2776 1610 .ludaicam
2818 1555 3076 1609 invadens
3102 1569 3220 1609 eam
3255 1567 3365 1607 sua:
3391 1550 3583 1606 ditioui

2024 1649 2396 1720 subjiceret,in
2424 1664 2593 1720 eaque
2623 1651 3176 1714 dominaretur,arma
3214 1655 3401 1700 contra
3435 1642 3578 1696 ferre

2024 1741 2210 1805 voluit,
2235 1742 2396 1795 etiam
2422 1756 2543 1795 cum
2578 1742 2628 1795 in
2666 1740 2814 1794 illum
2859 1739 3068 1794 Pharao
3111 1750 3341 1808 pugnam
3367 1735 3581 1788 detrec-

2026 1841 2197 1886 taret:
2254 1847 2451 1902 nrgcus
2495 1847 2624 1888 vero
2678 1832 2729 1886 in
2771 1830 2911 1886 bello
2959 1829 3228 1893 occubuit,
3276 1837 3584 1895 terramque

2027 1924 2184 1994 126
2208 1923 2511 1978 Iudaeorum
2548 1923 2872 1993 expugnavit
2907 1919 3211 1993 Egyptius,
3244 1917 3333 1987 qui
3364 1916 3430 1971 ad
3464 1925 3584 1969 tau-

2025 2027 2129 2071 tam
2154 2017 2442 2086 potentiam
2465 2017 2742 2085 aspiravit,
2776 2015 3017 2069 utetiam
3045 2012 3276 2069 Joachaz
3308 2011 3468 2064 tilium
3493 2006 3585 2063 Jo-

2021 2109 2115 2163 sia-
2148 2125 2367 2179 regnum
2403 2108 2750 2174 obtinentem,
2789 2121 2954 2178 regno
2984 2104 3224 2175 pelleret,
3253 2103 3489 2156 vinctmu
3527 2101 3580 2154 iu

2023 2216 2174 2255 suam
2206 2201 2473 2270 regionem
2504 2199 2758 2254 inferret:
2792 2197 3047 2253 Eliachim
3075 2211 3253 2267 regem
3284 2194 3582 2249 constitue-

2023 2298 2144 2355 ret,
2199 2290 2477 2359 vectigalia
2531 2289 2676 2371 genti
2733 2289 3067 2357 imponeret,
3125 2285 3582 2355 pecuniarumque

2023 2376 2275 2445 grandem
2314 2376 2417 2428 vim
2451 2374 2709 2444 exigeret.
2746 2375 3003 2441 Deinceps
3052 2388 3172 2427 cum
3223 2379 3501 2441 regnasset
3530 2370 3583 2423 in

2022 2464 2201 2520 Judrea
2239 2465 2569 2520 Eliachimus
2603 2479 2772 2520 annos
2793 2464 3041 2519 undecim
3072 2460 3587 2532 integros,snccedit

2023 2559 2075 2613 in
2131 2542 2303 2613 locum
2357 2555 2645 2612 Jechouias
2708 2558 2846 2611 [ilius
2875 2557 3035 2623 ejus;
3097 2565 3206 2608 tum
3269 2562 3390 2622 post
3444 2552 3586 2605 hunc

2023 2650 2331 2717 Sedechias,
2355 2667 2461 2721 quo
2503 2660 2713 2705 tenente
2742 2665 2964 2721 regnum
3003 2647 3199 2702 bellum
3234 2646 3371 2717 gerit
3397 2652 3585 2699 contra

2019 2741 2254 2798 Judazam
2296 2742 2849 2797 Nabuchodonosorus
2877 2757 2889 2793 :
2937 2740 3025 2808 qui
3055 2754 3172 2793 eam
3207 2747 3372 2791 totam
3403 2735 3586 2790 incen-

2021 2836 2116 2897 dit,
2147 2843 2199 2890 et
2238 2843 2432 2904 prmter
2481 2834 2612 2889 alias
2642 2834 2818 2898 nrbes,
2856 2833 3024 2901 ipsam
3066 2832 3227 2886 etiam
3260 2827 3582 2894 Jerusalem,

2022 2929 2287 2996 captivum
2334 2928 2470 2996 cepit
2508 2924 2779 2987 lsraelem.
2815 2942 2936 2980 cum
2987 2925 3157 2979 sacris
3212 2924 3376 2986 vasis,
3412 2935 3585 2991 eaque

2027 3020 2194 3089 gessit
2224 3034 2341 3087 quae
2373 3028 2497 3073 sunt
2536 3018 2587 3072 iu
2618 3019 2785 3072 sacris
2811 3016 3049 3070 Litteris.
3076 3016 3185 3067 Has
3216 3015 3468 3067 historias
3497 3027 3586 3066 no-

377 3075 567 3184 calqp,
620 3075 758 3135 εἷλεν
789 3085 1129 3155 αἰχμάλωτον
1176 3088 1268 3143 τὸν
1328 3091 1564 3162 Ἰσραὴλ,
1616 3093 1752 3163 ὁμοῦ
1808 3097 1920 3152 τοῖς

2026 3111 2107 3165 bis
2129 3127 2190 3166 ea
2222 3126 2340 3179 qute
2366 3111 2636 3178 proposita
2669 3117 2796 3162 sunt
2827 3110 3049 3158 innuunt
3073 3115 3124 3157 et
3149 3104 3440 3156 insinuant.
3470 3101 3587 3154 Erit

375 3171 573 3225 σκεύεσι
610 3177 717 3238 τοῖς
746 3175 928 3247 ἱεροῖς,
975 3180 1205 3234 κάκεῖνα
1243 3182 1551 3254 πέπρακεν,
1600 3186 1699 3239 ὅσα
1728 3188 1822 3240 καὶ
1859 3188 1913 3240 ἐν

363 3265 471 3326 τοῖς
497 3265 654 3335 ἱεροῖς
677 3270 856 3321 κεῖται
884 3270 1201 3342 Γράμμασι.
1236 3274 1452 3334 Τούτων
1480 3278 1607 3347 ἡμῖν
1636 3278 1743 3330 τῶν
1776 3279 1915 3332 ἱστο-

358 3355 486 3425 ριῶν
504 3363 734 3414 ποιεῖται
772 3362 870 3430 τὴν
903 3365 1180 3436 ἀφήγησιν
1207 3367 1316 3422 τῶν
1353 3370 1725 3441 προκειμένων
1760 3374 1793 3443 ἡ
1821 3372 1914 3425 δύο

355 3466 529 3520 ναμις.
578 3472 597 3505 ι
627 3453 821 3508 Ἔσται
853 3457 1052 3524 τοίνυν,
1084 3460 1270 3532 φησιν,
1319 3462 1377 3514 ὲν
1409 3465 1474 3535 τῇ
1519 3464 1700 3537 ἡμέρᾳ
1736 3466 1917 3539 ἐκείνῃ

354 3541 514 3613 (τοῦτ’
543 3543 679 3610 ἔστι,
725 3546 847 3602 κατ’
896 3551 1072 3622 ἐκεῖνο
1116 3553 1209 3605 τοῦ
1241 3554 1478 3626 καιροῦ),
1514 3560 1689 3627 συριεῖ
1714 3557 1917 3629 Κύριος

354 3634 558 3703 μυίαις,
583 3636 613 3689 ὃ
640 3637 883 3709 κυριεύει
922 3641 1116 3711 μέρους
1138 3644 1398 3714 ποταμῶν
1415 3645 1550 3715 Αἱγύ
1562 3666 1711 3714 mou,
1738 3649 1830 3702 καὶ
1848 3651 1914 3722 τῇ

354 3728 604 3804 μελίσσῃ,
680 3733 716 3803 ἥ
746 3734 894 3787 ἐστιν
911 3734 968 3788 ὲν
982 3736 1131 3809 χώρᾳ
1146 3736 1252 3790 τῶν
1285 3738 1601 3810 Ἀσσυρίων.
1616 3744 1943 3810 »Πεποίηται

347 3822 529 3877 τοίνυν
555 3825 585 3875 ὁ
615 3823 769 3893 λόγος
799 3825 874 3890 ὡς
900 3827 965 3880 ὲκ
995 3831 1310 3901 μεταφορᾶς
1342 3831 1440 3901 τῆς
1467 3831 1573 3884 τῶν
1605 3832 1918 3901 μελισσοκό-

351 3932 467 3985 μων
501 3917 815 3988 ἐμπειρίας,
848 3920 898 3973 οἳ
939 3922 1233 3994 συρίσμασι
1264 3923 1360 3987 τὰς
1395 3924 1558 3994 μυίας
1585 3925 1916 3998 ἀποφέρουσί

343 4024 403 4061 τε
435 4008 544 4062 τῶν
573 4009 816 4081 σίμϐλων
844 4016 922 4077 είς
950 4015 1151 4086 ἀγροὺς
1184 4016 1276 4069 καὶ
1314 4018 1474 4071 πάλιν
1508 4020 1913 4090 ἀνακομίζουσι,

346 4101 601 4173 καθάπερ
651 4104 763 4156 τισὶ
820 4110 1008 4177 σηκοῖς
1070 4110 1550 4182 ἐγκαθειργνύντες
1608 4112 1915 4183 θρέμματα.

344 4192 555 4256 Μυίαις
613 4194 670 4246 δὲ
715 4200 1035 4267 παρεικάζει
1088 4203 1210 4264 τοὺς
1257 4204 1604 4271 Αἰγυπτίους,
1670 4206 1941 4278 καθάπερ

342 4278 588 4354 ἐγῷμαι,
609 4287 777 4341 διὰτοι
802 4290 863 4343 τὸ
890 4291 1089 4361 πλῆθος
1127 4296 1218 4347 καὶ
1253 4296 1313 4348 τὸ
1350 4295 1424 4366 μὴ
1457 4296 1574 4349 λίαν
1606 4294 1798 4367 εὕηχες
1824 4298 1921 4368 τῆς

342 4378 551 4448 φωνῆς.
570 4379 811 4450 Μελίσση
842 4381 921 4456 δὲ,
946 4382 1004 4436 τὸ
1034 4384 1140 4437 τῶν
1184 4387 1481 4458 Ἀσσυρίων
1511 4387 1679 4450 ἔθνοςο
1706 4389 1920 4459 ποικίλη

2024 3205 2183 3273 igitur
2211 3205 2261 3259 in
2294 3205 2379 3258 die
2425 3202 2537 3268 illa,
2576 3204 2625 3255 id
2670 3212 2774 3264 est,
2801 3201 2901 3252 suh
2941 3200 2989 3251 id
3034 3198 3313 3267 temporis,
3352 3195 3588 3249 sihilahit

2028 3300 2168 3353 Deus
2204 3297 2421 3363 muscis,
2455 3309 2572 3363 qua:
2616 3294 2749 3363 parti
2789 3290 3021 3345 illiutinis
3056 3288 3266 3359 (“Egypti
3304 3288 3585 3342 dominan-

2025 3401 2141 3457 tur,
2208 3398 2259 3444 et
2305 3389 2389 3458 api
2432 3403 2550 3457 qum
2596 3395 2678 3439 est
2722 3384 2772 3437 in
2811 3385 3025 3453 regione
3064 3381 3431 3453 Assyriorum.
3489 3378 3584 3433 Ef-

2027 3480 2149 3532 licta
2198 3477 2424 3547 proinde
2464 3485 2515 3530 et
2569 3473 2792 3543 figurata
2845 3482 2930 3527 est
2981 3473 3190 3547 oratio,
3223 3472 3375 3541 quasi
3416 3479 3586 3525 meta-

2025 3568 2186 3635 phora
2219 3566 2285 3620 ab
2316 3580 2417 3634 ope
2449 3573 2500 3618 et
2539 3562 2794 3616 industria
2834 3574 3018 3613 eorum
3055 3560 3141 3635 qui
3176 3559 3364 3623 apibus
3392 3571 3586 3608 curan-

2023 3661 2104 3713 dis
2148 3667 2402 3727 pracsnnt,
2443 3665 2496 3711 et
2529 3657 2618 3726 qui
2654 3668 2867 3708 muscas
2912 3651 3067 3705 sibilo
3098 3665 3128 3705 e
3162 3648 3302 3703 nidis
3332 3648 3383 3701 in
3427 3660 3586 3717 agros

2022 3758 2267 3814 evocant,
2294 3751 2555 3804 etiterum
2590 3750 2871 3808 reducunt,
2909 3744 3065 3798 veluti
3105 3742 3330 3797 stabulis
3354 3740 3580 3808 quihus-

2025 3843 2146 3894 dam
2168 3842 2544 3895 concludentcs
2578 3854 2787 3908 pecora.
2807 3837 3000 3891 Muscis
3032 3842 3304 3896 autem,ut
3338 3846 3436 3899 ego
3461 3829 3583 3896 qui-

2024 3933 2142 3987 dem
2167 3933 2366 4001 judico,
2399 3934 2607 3988 confert
2639 3931 2925 4002 A‘lgyptios
2954 3939 3062 3983 tum
3092 3936 3311 3996 propter
3341 3923 3583 3977 multitu-

2026 4026 2224 4086 dinem,
2262 4034 2367 4077 tum
2402 4026 2467 4078 ob
2525 4040 2706 4077 vocem
2741 4026 2995 4075 ahsonam
3028 4034 3123 4073 nec
3154 4020 3224 4071 ita
3261 4018 3395 4069 bene
3421 4028 3583 4067 sono-

2028 4133 2162 4169 ram.
2210 4116 2338 4185 Apis
2398 4130 2523 4168 vero
2576 4130 2707 4181 gens
2750 4123 2832 4165 est
2886 4112 3229 4179 Assyriorum
3265 4124 3278 4161 :
3312 4105 3586 4175 variegata

2026 4211 2167 4262 enim
2206 4216 2289 4260 est
2330 4205 2444 4273 apis
2483 4213 2534 4258 et
2570 4203 2790 4272 pulchre
2818 4201 3074 4265 colorata,
3110 4209 3163 4253 et
3199 4197 3380 4251 multis
3417 4196 3589 4252 modis

2026 4309 2207 4354 notata
2260 4312 2322 4352 ac
2356 4296 2640 4350 maculata.
2682 4293 2838 4347 Tales
2882 4294 3095 4361 quidem
3146 4289 3281 4355 fere,
3323 4295 3588 4359 quantum

2029 4393 2092 4444 ad
2119 4389 2372 4443 amictum
2401 4397 2456 4442 et
2484 4387 2548 4441 ad
2576 4396 2819 4440 ornatum
2848 4385 3099 4453 pertinet,
3122 4391 3275 4437 erant
3303 4393 3356 4436 et
3381 4376 3590 4450 Assyrii

343 4471 480 4541 γὰρ,
512 4471 722 4544 εὖχρως
767 4492 827 4528 τε
885 4477 977 4528 καὶ
1036 4479 1433 4550 κατεστιγμένη
1497 4480 1844 4552 πολυτρόπως
1892 4485 1925 4553 ἡ

2032 4493 2085 4536 et
2115 4482 2288 4535 Pcrsm
2320 4497 2333 4535 :
2368 4496 2487 4533 nam
2521 4489 2573 4533 et
2607 4478 2884 4549 elegantia:
2925 4476 3148 4531 studiosi
3188 4484 3358 4537 erant,
3393 4482 3449 4525 et
3497 4485 3590 4521 va-

350 4563 598 4632 μέλιττα.
617 4565 857 4622 Τοιοῦτοι
882 4569 937 4622 δέ
962 4586 1098 4636 πως,
1123 4571 1244 4622 ὅσον
1272 4568 1406 4641 ἧκεν
1433 4574 1511 4635 είς
1543 4573 1720 4642 ἄμφιὰ
1744 4591 1801 4626 τε
1831 4575 1924 4627 καὶ

354 4655 571 4726 στολὴν,
603 4658 873 4729 Ἀσσύριοί
891 4678 947 4713 τε
968 4664 1059 4715 καὶ
1088 4662 1313 4730 ιιέρσαιο
1342 4663 1654 4735 φιλόκοσμοι
1679 4667 1804 4738 γὰρ,
1834 4669 1925 4720 καὶ

349 4744 418 4797 τὸ
444 4746 702 4811 ποικίλως
743 4749 996 4805 ἐστάλθαι
1052 4751 1320 4821 τιμῶντες
1365 4754 1485 4821 ἀεὶ,
1544 4756 1635 4809 καὶ
1684 4758 1818 4827 πρὸς
1860 4772 1925 4823 γε

351 4836 515 4892 τοῦτο
541 4842 988 4913 κεκεντρωμένοι.
1033 4840 1209 4908 Οὗτοι,
1252 4847 1432 4916 φησὶν,
1472 4848 1656 4919 ἥξουσι
1704 4850 1924 4913 πάντες,

353 4930 448 4983 καὶ
491 4930 897 4988 ἀναπαύσονται
932 4936 990 4988 ἐν
1034 4938 1154 4999 ταῖς
1184 4938 1418 5008 φάραγξι
1460 4943 1558 5010 τῆς
1602 4939 1802 5009 χώρας,
1834 4941 1927 4993 καὶ

353 5027 410 5078 ὲν
440 5026 561 5089 ταῖς
587 5025 858 5098 τρώγλαις
902 5028 1012 5081 τῶν
1042 5029 1277 5101 πετρῶν,
1309 5032 1400 5083 καὶ
1427 5034 1504 5094 εἰς
1532 5031 1601 5084 τὰ
1649 5032 1888 5101 σπήλαια
1909 5068 1924 5093 ,

355 5116 448 5168 καὶ
484 5115 578 5168 ἐπὶ
615 5117 792 5170 πᾶσαν
828 5118 1061 5189 ραγάδα,
1095 5121 1185 5172 καὶ
1215 5122 1271 5172 ὲν
1323 5121 1482 5173 παντὶ
1516 5120 1673 5191 ξύλῳ.
1711 5122 1926 5192 Ἐπειδὴ

350 5208 457 5279 γὰρ
487 5208 563 5272 ὡς
588 5210 715 5277 περὶ
742 5211 917 5282 μυιῶν
953 5213 1242 5283 πεποίηται
1287 5214 1410 5276 τοὺς
1445 5215 1651 5282 λόγους,
1682 5216 1928 5285 ἐπιμένει

348 5303 416 5371 τῇ
444 5304 641 5374 τροπῇ.
673 5303 836 5373 Δηλοϊ
863 5303 1040 5375 γεμὴν
1068 5306 1149 5357 ὅτι
1177 5307 1352 5358 πᾶσαν
1373 5305 1548 5358 αὐτῶν
1583 5308 1929 5376 ἐρευνήσουσι

2026 4580 2283 4647 riegatam
2338 4588 2537 4631 vestem
2605 4590 2817 4643 semper
2866 4571 3078 4642 plurimi
3138 4568 3499 4627 :estimahant,
3537 4572 3592 4617 et

2027 4682 2280 4739 pra-terea
2323 4671 2483 4725 etiam
2533 4680 2685 4723 erant
2733 4667 2973 4721 aculeati.
3016 4665 3113 4729 llli,
3148 4660 3341 4728 inquit,
3377 4656 3593 4711 venient

2026 4779 2231 4827 OlllllCS,
2268 4773 2317 4816 et
2359 4764 2409 4815 iu
2464 4761 2693 4831 regionis
2743 4761 2990 4821 vallibus,
3017 4766 3068 4810 et
3114 4757 3165 4807 in
3214 4755 3363 4805 cavis
3407 4759 3589 4817 petra-

2030 4870 2168 4920 rum,
2197 4867 2248 4908 et
2273 4855 2324 4907 iu
2361 4854 2650 4921 speluncis,
2695 4860 2747 4902 et
2778 4851 2828 4901 in
2867 4848 3009 4899 omni
3054 4845 3308 4909 scissura,
3335 4843 3593 4909 omnique

2029 4946 2169 5013 ligno
2216 4945 2543 4997 residebunt.
2588 4940 2848 5007 Quoniam
2893 4938 3036 4990 enim
3085 4937 3245 4989 veluti
3280 4937 3346 4990 de
3388 4933 3591 4987 muscis

2025 5036 2199 5089 oratio
2232 5035 2471 5087 instituta
2503 5043 2605 5095 est,
2647 5032 2698 5083 in
2734 5031 2833 5083 hoc
2861 5039 3012 5096 tropo
3036 5037 3260 5096 perstat.
3300 5025 3590 5078 Enimvero

2028 5140 2240 5178 onmem
2278 5124 2513 5191 ipsorum
2546 5121 2816 5190 regionem
2874 5125 3304 5188 perscrutaturos
3336 5111 3590 5174 ostendit,

2029 5217 2179 5286 quasi
2233 5231 2391 5269 nemo
2419 5213 2758 5283 quantumvis
2799 5211 3145 5263 absconditus
3184 5207 3349 5259 latere
3389 5211 3589 5270 posset,

2030 5316 2154 5373 puta
2193 5303 2305 5357 sive
2338 5303 2390 5356 in
2422 5304 2606 5373 petris,
2638 5303 2748 5354 sive
2781 5303 2829 5353 in
2865 5300 3111 5360 vallibus,
3145 5297 3257 5350 sive
3287 5296 3337 5347 iu
3363 5292 3495 5347 lucis
3526 5290 3617 5346 ac'

351 5390 449 5460 τὴν
480 5391 679 5463 χώραν,
711 5393 787 5456 ὠς
846 5394 1051 5465 μηδένα
1105 5395 1357 5448 δύνασθαι
1400 5396 1507 5447 τῶν
1537 5398 1925 5466 κεκρυμμένων

2029 5394 2178 5447 silvis
2217 5408 2334 5447 sese
2369 5394 2654 5447 occultent.
2707 5392 2873 5445 Porro
2915 5392 3068 5442 aliter
3091 5391 3250 5442 etiam
3293 5386 3344 5439 in
3386 5385 3585 5453 hisqui

354 5482 561 5536 λαθεῖν·
594 5485 697 5538 κᾶν
720 5487 830 5540 εἴτε
863 5486 1025 5556 τυχὸν
1053 5488 1108 5539 ἐν
1131 5488 1372 5557 πέτραις,
1404 5488 1565 5557 ἣτουν
1587 5489 1642 5539 ἐν
1668 5487 1926 5558 φάραγξι,

357 5573 389 5644 ἦ
432 5575 526 5628 καὶ
557 5576 615 5629 ὲν
637 5576 854 5649 δρυμοῖς
876 5578 974 5631 καὶ
1005 5577 1201 5640 νάπαις
1241 5566 1463 5640 ἑαυτοὺς
1503 5578 1926 5649 κατακρύψειαν.

354 5664 468 5721 Καὶ
505 5664 626 5720 καθ’
650 5668 832 5744 ἕτερον
853 5671 913 5724 δὲ
932 5668 1134 5740 τρόπον
1175 5670 1230 5720 ἐν
1257 5669 1367 5730 τοῖς
1418 5668 1809 5739 παροτρύνουσι
1840 5668 1932 5722 τὸν

352 5756 462 5815 τῶν
492 5759 630 5819 ὅλων
660 5760 808 5833 Θεὸν,
840 5763 939 5822 καὶ
972 5759 1334 5832 προσκρούειν
1356 5758 1500 5827 αὑτῴ
1532 5761 1603 5827 μὴ
1636 5777 1927 5829 παραιτου-

2032 5485 2399 5539 universitatis
2440 5486 2600 5539 Deum
2658 5492 2976 5551 exasperant
3025 5481 3281 5549 illmnque
3322 5477 3592 5532 offendere

2033 5593 2136 5630 nou
2182 5589 2454 5642 verentur,
2493 5592 2771 5644 vesparum
2823 5577 2993 5629 instar
3026 5576 3297 5628 consident
3337 5572 3592 5624 adversa-

2035 5670 2126 5722 ria:
2165 5678 2543 5736 potestatcs,et
2596 5668 2889 5739 feequua:
2937 5667 3088 5721 nobis
3126 5668 3305 5722 insunt
3338 5661 3596 5732 cupidita-

2038 5771 2138 5827 tes,
2186 5761 2339 5827 127
2365 5771 2581 5817 arcente
2620 5762 2789 5825 nullo.
2820 5761 2899 5816 vel
2945 5768 3313 5816 succurrcute.
3353 5756 3409 5813 Si
3449 5751 3593 5808 enim
