4122 6292
616 411 716 468 211

1612 420 1671 475 S.
1712 418 1983 473 CYliILLl
2027 418 2488 475 ALEXANDRINI
2530 420 2865 486 ARCIHEP.

3728 415 3837 470 2H

616 531 758 589 Deus
805 535 1035 605 afﬂigere
1066 537 1212 606 velit,
1253 539 1376 608 quis
1423 541 1576 594 nobis
1604 556 1755 608 opem
1789 539 1980 594 alTerre
2023 554 2171 609 pete-

2282 543 2475 611 μένοις,
2507 543 2727 613 σιρηκῶν
2764 542 2918 611 δίκην
2956 539 3340 604 ἐναυλίζονται,
3367 537 3459 589 καὶ
3481 534 3835 588 καταλύουσιν

617 625 731 676 rit?

2279 635 2335 686 αἱ
2364 635 2593 703 πονηραί
2650 651 2708 686 τε
2749 634 2842 686 καὶ
2888 632 3254 699 ἀντικείμεναι
3313 628 3589 696 δυνάμεις,
3624 627 3717 678 καὶ
3765 625 3836 676 τὰ

618 715 822 769 ἔκτοπα
870 717 977 770 τῶν
1026 720 1083 772 ἐν
1154 723 1285 790 ἡμῖν
1344 722 1531 775 παθῶν
1588 722 1979 786 ἀποσοϐοῦντος
2018 722 2227 787 οὐδενὸς
2250 762 2265 785 ,
2306 725 2470 794 ἤγουν
2528 725 2895 794 ἐπαμύνοντος
2948 722 3041 776 καὶ
3094 720 3305 784 σώζειν.
3343 719 3632 789 ἰσχύοντος.
3700 715 3834 770 Θεοῦ

616 800 727 871 γὰρ
754 804 953 858 κακοῦν
994 806 1267 874 ἐθέλοντος
1288 852 1304 877 ,
1341 812 1426 875 τίς
1471 814 1617 883 ἡμᾶς
1644 814 1672 865 6
1699 813 1973 883 ὠφελῆσαι
2026 812 2349 884 δυνάμενοςὲ

692 893 853 946 Vens.
891 895 979 949 20.
1010 895 1078 949 In
1145 900 1229 954 die
1274 901 1366 955 illa
1412 903 1559 955 radet
1619 902 1872 956 Dominus
1922 904 2177 958 novacula

616 1005 806 1055 magna
832 1000 877 1040 et
917 989 1169 1044 inebriato
1188 1033 1201 1053 ,
1231 1010 1347 1062 quo:
1371 1006 1444 1049 est
1477 1004 1621 1050 trans
1665 997 1880 1065 ﬂuvium
1908 999 2040 1066 regis
2072 998 2176 1051 As-

617 1080 902 1147 syriorum,
934 1092 1090 1150 caput
1119 1095 1165 1138 et
1199 1085 1330 1154 pilos
1359 1091 1637 1154 pedum,“
1670 1090 1880 1142 barbam
1916 1093 2135 1159 auferet.

688 1258 923 1313 Primum
950 1263 1660 1330 componendamecessario
1688 1277 1741 1320 et
1763 1269 2054 1323 ordinanda
2090 1280 2173 1325 est

619 1351 784 1404 dictio
825 1352 875 1403 in
913 1352 995 1407 his
1033 1354 1210 1409 verbis
1239 1372 1252 1407 :
1280 1354 1357 1408 sic
1387 1357 1597 1409 demum
1625 1358 1751 1425 quid
1792 1358 1871 1412 Ιιω
1890 1361 2172 1414 sententia:

617 1455 739 1509 ιονιξ·
762 1454 821 1495 se
862 1440 1056 1509 ferant,
1085 1443 1388 1498 dicendum.
1423 1444 1607 1507 Proin.
1630 1449 1818 1515 inquit,
1853 1449 1904 1502 in
1936 1451 2019 1502 die
2058 1451 2167 1513 illa,

623 1534 725 1585 hoc
771 1542 852 1587 est
889 1533 989 1587 sub
1039 1535 1089 1587 id
1132 1535 1407 1603 temporis,
1456 1553 1646 1605 magna
1694 1541 1949 1592 novacula
1973 1552 2025 1594 et
2063 1543 2176 1595 ine-

619 1622 817 1684 hriata,
852 1639 970 1692 quae
1022 1633 1105 1678 est
1146 1626 1286 1695 regis
1340 1630 1683 1696 Assyriorum
1748 1631 1837 1698 qui
1873 1642 1956 1687 est
2029 1643 2176 1685 trans

617 1716 864 1779 ﬂuvium,
893 1715 1144 1769 videlicet
1210 1717 1542 1785 Euphraten,
1573 1720 1724 1775 radet
1769 1722 1907 1776 Dens
1941 1733 2176 1791 caputct

2361 905 2458 956 Ἐν
2480 904 2554 972 τῇ
2595 904 2782 973 ἡμέρᾳ
2815 904 3016 972 ἐκείνῃ
3049 901 3299 970 ξυρήσει
3336 900 3545 967 Κύριος
3573 898 3651 964 τῷ
3678 897 3838 965 ξυρῷ

2277 996 2358 1063 τῷ
2389 998 2626 1068 μεγάλῳ
2663 998 2759 1051 καὶ
2803 996 3251 1067 μεμεθυσμένῳ,
3286 995 3320 1048 6
3356 995 3486 1048 ἐστι
3517 993 3704 1060 πέραν
3732 991 3837 1043 τοῦ

2276 1091 2543 1160 ποταμοῦ
2569 1091 2874 1155 ,βασιλέως
2911 1089 3264 1157 Ἀσσυρίων,
3295 1086 3409 1152 τὴν
3437 1084 3709 1153 κεφαλὴν
3738 1084 3836 1135 καὶ

2275 1183 2380 1247 τὰς
2408 1182 2616 1249 τρίχας
2650 1180 2768 1235 τῶν·
2790 1179 3009 1245 ποδῶν,
3062 1179 3162 1232 καὶ
3191 1178 3297 1231 τὸν
3329 1175 3575 1244 πώγωνα
3606 1172 3834 1242 ἀφελεῖ.

2347 1274 2620 1328 Συνθεῖναι
2653 1273 2865 1343 πρῶτον
2913 1271 3012 1343 τὴν
3046 1270 3191 1335 λέξιν
3227 1269 3322 1321 καὶ
3354 1269 3411 1320 ὲν
3447 1265 3654 1327 τούτοις
3690 1264 3839 1334 ἡμᾶς

2275 1368 2600 1433 ἀναγκαῖον·
2658 1361 2757 1417 εἶθ’
2807 1363 2953 1416 οὕτω
3006 1362 3192 1413 λοιπὸν
3243 1358 3304 1411 τὸ
3351 1361 3414 1410 ὲκ
3456 1357 3562 1409 τῶν
3623 1354 3838 1407 ἐννοιῶν

2275 1456 2702 1527 ὑποδηλοῦμενον
2735 1457 2928 1508 εἰπεῖν.
2965 1451 3172 1506 Οὐκοῦν
3220 1453 3290 1510 ἐνΔ
3310 1452 3373 1520 τῇ
3409 1448 3592 1518 ἡμέρᾳ
3633 1445 3834 1517 ἐκείνῃ,

2276 1550 2426 1619 φησὶ.
2457 1549 2598 1601 τοῦτ’
2629 1548 2761 1611 ἐστι,
2796 1549 2917 1599 κατ’
2950 1547 3124 1598 ἐκεῖνο
3143 1542 3235 1595 τοῦ
3268 1539 3484 1611 καιροῦ,
3516 1538 3592 1608 τῷ
3621 1537 3838 1606 μεγάλῳ

2282 1640 2426 1711 ξυρῷ
2465 1641 2556 1693 καὶ
2595 1637 3008 1708 μεμεθυσμένῳ,
3070 1636 3097 1688 ὅ
3127 1636 3243 1686 ἐστι
3277 1632 3376 1686 τοῦ
3411 1630 3672 1702 βασιλέως
3713 1629 3838 1679 Ἀτυ

2277 1735 2497 1803 συρίων,
2532 1731 2627 1784 τοῦ
2669 1731 2818 1793 ὄντος
2854 1731 3025 1800 πέραν
3053 1727 3144 1780 τοῦ
3175 1724 3441 1794 ποταμοῦ,
3471 1723 3629 1792 δῆλον
3667 1720 3722 1773 δὲ
3754 1720 3835 1772 ὅτι

620 1804 756 1870 pilos
791 1804 1006 1873 pedum,
1039 1817 1091 1860 et
1119 1808 1338 1860 barbam
1367 1809 1615 1877 auferet.‘
1641 1809 1964 1866 Novaculam
2002 1823 2176 1867 autem

2282 1823 2369 1875 τοῦ
2396 1822 2697 1892 Εὐφράτου,
2730 1820 2951 1890 ξυρήσει
2980 1816 3180 1887 Κύριος
3206 1815 3304 1884 τὴν
3337 1810 3597 1880 κεφαλὴν,
3624 1808 3719 1861 καὶ
3741 1806 3838 1869 τὰς

624 1909 873 1962 magnam
932 1906 987 1950 et
1032 1896 1350 1950 inebriatam
1399 1899 1543 1967 regis
1571 1901 1908 1969 Assyriorum
1945 1902 2181 1955 transilu-

621 1987 786 2048 viani,
823 1988 1054 2055 appellat
1103 1988 1340 2056 gladium
1377 1990 1937 2058 ejus,,dctoudentem
1974 1994 2180 2053 scilicet

620 2074 1139 2139 immisericorditer,
1179 2087 1236 2131 et
1272 2078 1580 2133 cadentium
1614 2081 1874 2150 sanguine
1924 2083 2176 2137 inebriari

621 2168 1049 2232 gestientem.Et
1106 2169 1193 2223 hic
1244 2170 1460 2239 quidem
1507 2179 1593 2225 est
1645 2187 1834 2226 sensus
1873 2176 2174 2229 verborum.

620 2259 861 2315 Dicimus
903 2273 1084 2316 autem
1121 2260 1355 2316 infamia:
1406 2262 1684 2333 cujusdam
1736 2264 1958 2334 insignis
2009 2281 2177 2336 genus

620 2351 785 2406 fuisse
836 2362 985 2406 certo
1040 2363 1300 2422 tempore,
1327 2361 1382 2408 et
1440 2355 1616 2424 capite
1648 2366 1702 2410 ct
1746 2355 1911 2411 barba
1958 2354 2179 2411 derasos

618 2442 876 2511 conspici.
912 2442 1254 2498 Nuucetiam
1299 2446 1670 2502 universitatis
1712 2449 1848 2503 Deus
1876 2449 2177 2502 commina-

622 2544 719 2588 tus.
760 2533 968 2591 ﬁliabus
1015 2534 1167 2599 Sion,
1198 2535 1449 2591 fastuosis
1486 2546 1540 2591 et
1599 2538 1971 2594 incedentibus
2038 2541 2178 2595 elata

618 2626 851 2689 cervice,
885 2626 1274 2695 oculorumque
1305 2628 1545 2692 nutibus,
1586 2629 1861 2685 felicitatis
1886 2632 2181 2701 ademptio-

618 2716 924 2779 netn,.dixit
957 2734 971 2770 :
1005 2716 1069 2770 Et
1115 2717 1221 2772 erit
1255 2733 1352 2787 pro
1398 2720 1560 2774 odore
1606 2720 1757 2774 suavi
1795 2721 1960 2784 letor,
1984 2733 2039 2777 ct
2084 2739 2180 2790 pro

620 2822 775 2872 zona,
808 2805 1044 2862 ftuticttlo
1076 2809 1424 2879 succingeris,
1449 2819 1501 2864 et
1523 2824 1618 2878 pro
1643 2820 1959 2865 ornamento
1988 2813 2181 2880 capitis

621 2917 805 2966 aureo,
833 2902 1105 2959 calvitium
1153 2901 1374 2958 habebis
1419 2914 1636 2972 propter
1667 2917 1828 2972 opera
1871 2913 1981 2957 tua.
2016 2905 2179 2960 Fece-

621 3004 755 3049 rnnt-
776 2994 970 3049 deinde
999 2995 1113 3050 haec
1141 2995 1360 3064 quidam
1385 3005 1437 3050 et
1460 3010 1625 3065 super
1657 2996 1902 3061 mortuis,
1927 3011 1989 3050 ac
2013 2996 2177 3051 dede-

619 3104 745 3142 core
771 3103 890 3143 sese
921 3088 1213 3143 affecerunt
1247 3106 1261 3141 :
1302 3089 1442 3143 unde
1470 3097 1522 3143 et
1546 3089 1630 3142 lex
1662 3089 1893 3145 Mosaica
1937 3091 2179 3159 praecipit

621 3180 727 3234 illis
755 3181 846 3248 qui
880 3179 1118 3234 divinum
1162 3180 1519 3234 ministerium
1564 3180 1739 3235 sortiti
1763 3191 1908 3248 sunt,
1935 3197 2002 3237 ne
2034 3199 2182 3238 more
2208 3174 2250 3231 ε

622 3270 849 3326 aliorum
883 3285 1046 3339 super
1072 3270 1335 3325 cadavere
1362 3272 1712 3336 abradautur,
1745 3286 1916 3342 neque
1954 3274 2179 3329 formam

621 3360 802 3437 barba:
832 3368 1198 3429 corrumpant.
1229 3360 1320 3415 Sic
1357 3362 1499 3416 enim
1538 3363 1800 3431 scriptum
1840 3364 2207 3429 est.Devas-'

624 3452 751 3505 tatis
782 3467 909 3506 vero
936 3452 1321 3523 Hierosolymis
1350 3468 1379 3506 a
1414 3451 1961 3521 Nabuchodonosoro,
1995 3472 2182 3512 ascen-

623 3545 818 3598 derunt
848 3545 947 3599 viri
987 3561 1016 3598 a
1043 3543 1257 3599 Sichem
1285 3555 1338 3598 et
1371 3560 1399 3597 a
1430 3543 1604 3609 Saletn
1635 3555 1689 3598 et
1715 3544 1977 3611 Samaria,
2003 3564 2185 3625 quem.

624 3633 908 3688 admodum
981 3635 1058 3687 ait
1119 3632 1386 3689 Jeremias
1432 3634 1475 3666 ³⁹
1518 3651 1533 3686 :
1584 3633 1862 3703 Octoginta
1914 3637 2010 3690 viri
2071 3639 2182 3693 cir-

623 3725 845 3779 cumcisi
904 3724 1094 3788 barba,
1146 3735 1200 3778 et
1259 3725 1399 3792 rupti
1455 3724 1697 3778 vestibus
1760 3734 1815 3778 et
1869 3728 2092 3791 concisi,
2131 3738 2185 3782 et

621 3832 823 3871 manna
853 3826 906 3869 et
934 3816 1146 3890 libaque
1177 3816 1228 3869 in
1272 3817 1520 3869 manibus
1557 3829 1769 3880 eorum,
1806 3818 1936 3870 utin
1968 3820 2181 3872 domum

622 3908 835 3964 Domini
874 3910 1248 3979 importarent.
1281 3906 1467 3974 Itaque
1493 3908 1662 3962 luctus
1683 3908 1845 3961 simul
1870 3920 1925 3963 et
1954 3911 2183 3965 dedeco-

623 4002 702 4057 ris
732 4001 937 4070 species
968 4009 1108 4066 erat,
1139 4000 1395 4055 novacula
1448 4007 1609 4069 caput
1651 3998 1803 4068 juxta
1858 4010 1917 4056 et
1962 4003 2181 4056 barbam

622 4115 893 4155 resecare.
934 4099 1048 4155 Hoc
1076 4099 1202 4155 olim
1232 4098 1468 4155 Judaicte
1500 4099 1702 4168 regioni
1735 4099 1850 4154 fore
1882 4108 1937 4152 Ill
1972 4096 2185 4151 contin—

625 4202 798 4262 geret,
829 4192 1172 4261 propheticus
1200 4205 1379 4245 sermo
1407 4194 1715 4247 contirmat.
1756 4191 1991 4246 Manebit
2018 4190 2182 4255 enim,

625 4284 819 4351 inquit,
850 4284 1136 4337 exstinctis
1165 4283 1332 4351 ipsius
1367 4283 1570 4346 liberis.
1595 4285 1814 4350 plorans
1839 4294 1892 4338 et
1915 4292 2186 4349 contemp-

626 4374 855 4430 tissima.
874 4373 931 4429 Si
954 4376 1040 4430 cui
1065 4389 1191 4430 vero
1220 4376 1393 4442 placet
1422 4377 1527 4430 alio
1552 4378 1714 4447 128
1740 4376 1895 4432 modo
1914 4391 2187 4430 commen-

626 4467 755 4532 tari,
784 4465 1085 4535 hujttsmodi
1129 4468 1401 4537 quidpiam
1452 4468 1565 4522 fere
1617 4469 1901 4537 intelliget.
1955 4468 2185 4538 Capillos
2216 4507 2260 4564 ῃ

627 4560 891 4630 siquidem
920 4560 1111 4627 capitis
1136 4558 1364 4613 fortasse
1394 4569 1569 4621 vocat,
1602 4559 2045 4615 honoratissimo:
2084 4562 2182 4613 ho-

623 4654 819 4718 mines,
850 4662 907 4708 et
930 4652 1141 4722 opibus,
1160 4666 1451 4722 rerumque
1484 4661 1800 4705 camerarum
1832 4654 2183 4721 prterogativa

624 4744 912 4816 insigniter
962 4753 1312 4799 autestantes.
1343 4742 1602 4812 Superius
1639 4743 1781 4797 enim
1822 4745 1996 4811 capite
2052 4745 2183 4797 nihil

625 4847 756 4893 est:
803 4837 987 4892 barbae
1035 4846 1212 4891 autem
1276 4838 1455 4890 crines
1497 4835 1650 4900 dicit,
1718 4835 2068 4904 intelligentia
2130 4846 2185 4889 et

625 4937 807 4983 mente
855 4931 1129 4997 praeditos.
1159 4926 1251 4983 Sic
1297 4927 1437 4982 enim
1466 4928 1630 4982 barba
1662 4939 1877 4993 semper
1915 4925 1967 4978 in
2006 4924 2185 4994 Scrip-

627 5030 751 5083 tura
781 5020 1036 5076 divinitus
1074 5020 1332 5088 inspirata
1356 5018 1603 5072 sumitur.
1640 5017 1862 5084 Quando
1892 5015 2054 5073 etiam
2085 5030 2175 5084 pe-

628 5116 753 5171 dum
780 5112 958 5183 crines
982 5113 1241 5178 nominat,
1270 5112 1322 5165 in
1356 5121 1595 5165 extrema
1624 5119 1679 5164 et
1710 5119 1982 5179 postrema
2009 5108 2184 5163 classe

629 5196 948 5264 constitutos
980 5205 1224 5259 homines
1253 5204 1507 5257 denotare
1535 5202 1763 5257 videtur.
1782 5200 2027 5270 Pepercit
2056 5212 2184 5253 vero

627 5297 847 5350 omnino
905 5294 1035 5348 nulli
1097 5291 1357 5363 novacula
1402 5291 1662 5345 inebriato
1705 5310 1717 5344 :
1761 5292 1853 5346 sed
1904 5305 2006 5343 una
2061 5304 2180 5343 eum

629 5385 1011 5456 prtestantibus
1043 5382 1195 5446 viris,
1230 5381 1433 5435 medios
1472 5390 1527 5434 et
1556 5381 1771 5434 ultimos
1803 5395 1866 5433 ac
1894 5379 2181 5449 prudentes

629 5492 662 5531 e
693 5488 834 5531 terra
870 5475 1175 5531 Jndzeorum
1203 5473 1402 5527 excidit
1425 5483 1477 5526 et
1504 5474 1819 5541 amputavit,
1849 5484 1907 5525 ut
1934 5487 2050 5525 eam
2089 5486 2182 5524 tnt-

631 5573 752 5621 dam
779 5577 834 5621 et
861 5568 1141 5633 spoliatam
1162 5566 1506 5635 relinqueret.
1526 5564 1658 5619 Nam
1688 5566 1738 5618 in
1770 5574 1974 5617 montes
1997 5563 2187 5617 Persa-

632 5674 752 5717 rum
778 5673 840 5711 ac
878 5656 1151 5711 Medorum
1197 5659 1505 5714 universum
1558 5656 1666 5713 fere
1712 5658 1959 5713 lsraclem
1998 5656 2185 5713 Nabu-

708 5810 751 5849 "
769 5807 966 5869 lercm.
998 5825 1107 5880 xu,
1131 5811 1181 5867 5.

2281 1912 2470 1983 τρίχας
2494 1911 2604 1963 τῶν
2636 1908 2833 1971 ποδῶν,
2858 1909 2952 1964 καὶ
2982 1907 3071 1960 τὸν
3100 1905 3337 1973 πώγωνα
3358 1901 3561 1969 ἀφελεῖ.
3587 1897 3757 1970 Ξυρδν
3780 1898 3835 1950 δὲ

2283 2002 2423 2071 μέγα
2458 2001 2551 2053 καὶ
2600 1998 3007 2069 μεμεθυσμένον
3051 1997 3146 2049 τοῦ
3214 1993 3474 2065 βασιλέως
3512 1990 3833 2062 Ἀσσυρίωνν

2278 2092 2372 2146 τοῦ
2419 2092 2568 2156 ὄντος
2606 2092 2778 2163 πέραν
2807 2088 2900 2142 τοῦ
2937 2086 3206 2158 ποταμοῦ,
3238 2086 3392 2139 καλεί
3420 2084 3519 2155 τὴν
3566 2084 3836 2153 μάχαιραν

2279 2184 2466 2246 αὑτοῦ,
2507 2184 2603 2255 τὴν
2632 2181 2741 2237 οἷον
2771 2182 3004 2251 ἀφειδῶς
3034 2178 3453 2250 ἀποκείρουσαν,
3494 2176 3591 2229 καὶ
3618 2175 3837 2246 χαίρου-

2281 2295 2378 2331 σαν
2413 2276 2488 2347 τῷ
2526 2275 2741 2346 μεθύειν
2785 2274 2862 2345 τῷ
2900 2273 3006 2326 τῶν
3060 2271 3364 2325 πιπτόντων
3402 2269 3612 2338 αἵματι.
3654 2265 3763 2319 Καὶ
3810 2267 3838 2318 6

2284 2370 2380 2441 μὲν
2407 2367 2532 2431 νοῦς
2556 2367 2663 2420 τῶν
2694 2366 2887 2432 λέξεων
2908 2361 3080 2426 οὗτος.
3106 2361 3288 2432 Φαμὲν
3310 2361 3367 2413 δὲ
3403 2361 3483 2412 ὅτι
3515 2357 3735 2427 ἀτιμίας
3769 2351 3836 2426 ἦν

2280 2461 2510 2531 ἐσχάτης
2538 2459 2733 2529 τρόπος
2759 2499 2774 2522 ,
2818 2457 2878 2510 τὸ
2916 2454 3039 2509 καθ’
3064 2454 3159 2507 ἕνα
3193 2452 3382 2524 καιρὸν
3424 2450 3651 2520 ὁρᾶσθαί
3686 2466 3838 2510 τινας

2279 2549 2517 2621 κεφαλήν
2549 2567 2607 2602 τε
2635 2550 2727 2601 καὶ
2769 2547 3005 2614 πώγωνα
3036 2542 3523 2615 κατεξυρημένους.
3569 2540 3678 2593 Καὶ
3710 2538 3837 2607 γοῦν

2277 2642 2306 2694 6
2352 2641 2461 2694 τῶν
2510 2640 2646 2693 ὅλων
2694 2639 2825 2702 Θεὸς
2867 2636 3202 2707 ἐπηπείλησε
3240 2651 3342 2687 που
3379 2635 3495 2696 ταῖς
3542 2630 3838 2701 θυγατράσι

2280 2731 2435 2796 Σιὼν,
2479 2730 2807 2799 ὑψουμέναις
2844 2746 2903 2782 τε
2936 2729 3029 2781 καὶ
3051 2726 3441 2798 πορευομέναις
3482 2722 3666 2794 ὑψηλῴ
3711 2739 3839 2793 τρα-

2278 2826 2425 2896 χήλῳ
2464 2824 2556 2876 καὶ
2596 2822 2856 2891 νεύμασιν
2896 2821 3208 2892 ὀφθαλμῶν,
3263 2822 3358 2890 τῆς
3404 2817 3696 2889 εὐημερίας
3737 2815 3838 2885 τὴν

2279 2915 2585 2986 ἀφαίρεσιν.
2621 2914 2762 2984 Ἔφη
2788 2913 2915 2982 γὰρ,
2943 2913 3023 2965 ὃτι
3068 2913 3177 2966 Καὶ
3200 2911 3371 2974 ἔσται,
3403 2912 3495 2964 καὶ
3523 2910 3641 2962 ἀντὶ
3663 2908 3839 2979 ὀσμῆς

2279 3009 2460 3081 ἡδείας
2487 3008 2777 3078 κονιορτὸς,
2806 3007 2899 3060 καὶ
2932 3005 3052 3059 ἀντὶ
3086 3004 3260 3073 ζώνης
3300 3003 3516 3075 σχοινίῳ
3543 3001 3709 3073 ζώσῃ,
3742 3000 3837 3053 καὶ

2280 3101 2399 3155 ἀντὶ
2415 3100 2506 3153 τοῦ
2527 3099 2731 3169 κόσμου
2757 3098 2853 3168 τῆς
2872 3097 3112 3167 κεφαλῆς
3130 3095 3223 3148 τοῦ
3252 3113 3351 3166 χρυ
3361 3094 3472 3157 σοῦ,
3497 3093 3755 3163 φαλάκρω
3765 3108 3838 3160 μα

2283 3192 2424 3258 ἕξεις
2453 3192 2540 3245 διὰ
2567 3190 2635 3243 τά
2657 3190 2792 3261 ἔργα
2816 3206 2928 3242 σου.
2957 3188 3165 3259 Ἕδρων.
3187 3188 3243 3241 δὲ
3267 3186 3421 3239 τοῦτό
3445 3202 3609 3248 τινες,
3628 3184 3719 3237 καὶ
3750 3182 3841 3235 ἐπὶ

2281 3286 2492 3354 νεκροῖς
2518 3281 2740 3345 ἑαυτοὺς
2766 3279 3149 3351 ἀτιμάζοντες·
3183 3279 3305 3332 ὅθεν
3337 3278 3429 3331 καὶ
3459 3279 3488 3330 6
3511 3277 3672 3347 νόμος
3697 3278 3724 3329 6
3754 3273 3839 3327 διὰ

2282 3374 2524 3436 Μωσέως
2543 3414 2557 3438 ,
2608 3375 2721 3435 τοῖς
2749 3372 2847 3443 τὴν
2876 3371 3026 3425 θείαν
3064 3371 3317 3442 λαχοῦσιν
3366 3369 3679 3440 ἱερουργίαν
3706 3383 3840 3437 παρ-

2283 3466 2475 3535 εγγυᾷ,
2518 3464 2581 3518 τὸ
2622 3463 2694 3535 μὴ
2728 3465 2783 3516 ὲν
2817 3464 2916 3534 ἴσῳ
2944 3465 3057 3523 τοῖς
3092 3461 3271 3524 ἄλλοις
3300 3462 3391 3514 ἐπὶ
3416 3460 3593 3531 νεκρῷ
3622 3456 3844 3522 κατεξυ-

2286 3555 2517 3628 ρῆσθαι,
2556 3557 2689 3626 μήτε
2726 3555 2829 3625 μὴν
2862 3552 3243 3623 καταφθείρειν
3291 3551 3390 3622 τὴν
3428 3551 3550 3619 ὄψιν
3602 3547 3695 3602 τοῦ
3729 3546 3843 3611 πὼτ

2284 3665 2474 3713 γωνος.
2525 3648 2833 3719 Γέγραπται
2860 3646 2967 3716 γὰρ
2998 3645 3114 3698 ὡδί.
3178 3643 3614 3714 Πεπορθημένων
3644 3641 3699 3694 δὲ
3735 3639 3843 3693 τῶν

2296 3739 2678 3809 Ἰεροσολύμων
2733 3739 2824 3790 ἐπὶ
2876 3737 2968 3789 τοῦ
3025 3735 3514 3805 Ναϐουχοδονόσορ,
3574 3734 3842 3802 ἀνέϐησαν

2284 3831 2475 3901 ἄνδρες
2509 3829 2617 3881 ἀπὸ
2647 3830 2857 3899 Συχὲμ,
2891 3829 2985 3881 καὶ
3012 3826 3117 3880 ἀπὸ
3145 3825 3351 3896 Σαλὴμ,
3388 3826 3481 3877 καὶ
3514 3825 3843 3893 Σαμαρείας,

2285 3923 2428 3976 καθά
2469 3939 2630 3991 φησιν
2667 3921 2971 3991 Ἱερεμίας·
3029 3919 3380 3986 Ὀγδοήκοντα
3423 3915 3612 3985 ἄνδρες
3655 3914 3847 3983 ἐξυρη-

2289 4015 2437 4084 μένοι
2485 4013 2791 4081 πώγωνας,
2834 4012 2929 4063 καὶ
2982 4008 3338 4081 διερρωγὸτες
3385 4007 3452 4058 τὰ
3493 4005 3700 4075 ἱμάτια,
3748 4003 3843 4056 καὶ

2283 4106 2629 4176 κοπτόμενοι.
2677 4103 2769 4157 καὶ
2811 4102 2986 4172 μάννα
3032 4101 3124 4154 καὶ
3153 4099 3367 4151 λίϐανον
3414 4099 3469 4149 ἐν
3499 4097 3617 4158 ταῖς
3651 4096 3838 4165 χερσὶν

2286 4199 2485 4263 αὐτῶν,
2518 4196 2611 4250 τοῦ
2642 4198 2968 4263 εἰσενεγκεῖν
2993 4196 3071 4256 εἰς
3096 4192 3185 4245 τδν
3204 4190 3350 4245 οἷκον
3376 4189 3606 4261 Κυρίου.
3636 4187 3844 4241 Οὐκοῦν

2285 4291 2510 4353 πένθους
2536 4307 2594 4342 τε
2620 4290 2756 4360 ἅμα,
2778 4289 2868 4340 καὶ
2887 4287 3110 4354 ἀτιμίας
3134 4282 3199 4356 ἦν
3230 4286 3431 4352 τρόπος
3452 4282 3511 4335 τὸ
3532 4282 3845 4351 ἀποκείρειν

2288 4383 2433 4455 ξυρῷ
2453 4382 2693 4452 κεφαλήν
2718 4398 2776 4432 τε
2805 4380 2899 4433 καὶ
2926 4378 3178 4446 πώγωνα.
3205 4375 3373 4428 Τοῦτο
3402 4373 3684 4425 πείσεσθαι
3709 4374 3849 4427 κατὰ

2287 4474 2513 4543 καιροὺς
2550 4472 2647 4541 τὴν
2680 4471 2786 4523 τῶν
2813 4468 3081 4521 Ἰουδαίων
3111 4466 3294 4535 χώραν
3320 4466 3348 4515 6
3376 4463 3711 4533 προφητικὸς
3744 4462 3847 4532 ἔφη

2284 4565 2460 4630 λόγος.
2501 4565 2787 4632 Ἀπομενεῖ
2805 4561 2927 4631 γὰρ,
2958 4560 3137 4628 φησὶν,
3165 4555 3515 4609 ἀπολωλότων
3548 4555 3719 4624 αὐτῆς
3739 4555 3847 4607 τῶν

2288 4657 2513 4720 τέκνων,
2549 4653 2819 4706 πενθοῦσα
2854 4670 2912 4704 τε
2961 4652 3054 4703 καὶ
3094 4647 3429 4717 ἀτιμωτάτη.
3483 4647 3544 4699 Ei
3569 4646 3625 4699 δὲ
3648 4647 3710 4716 δή
3764 4664 3843 4708 τις

2288 4747 2526 4817 βούλοιτο
2589 4747 2681 4799 καὶ
2746 4745 2867 4798 καθ’
2907 4745 3090 4815 ἓτερον
3144 4741 3341 4811 τρόπον
3385 4742 3495 4802 τοῖς
3539 4740 3848 4809 θεωρήμασι

2286 4835 2630 4907 προσϐαλεῖν,
2676 4836 2913 4902 ὲννοὴσει
2957 4850 3007 4884 τι
3038 4831 3298 4884 τοιοῦτον.
3325 4830 3535 4899 ’ψίχας
3588 4827 3686 4897 μὲν
3743 4826 3849 4896 γὰρ

2286 4927 2528 4996 κεφαλῆς
2567 4927 2709 4995 τάχα
2736 4924 2836 4977 που
2876 4940 3036 4991 φησιν
3063 4923 3186 4984 τοὺς
3217 4921 3612 4990 ὲντιμωτάτους
3640 4917 3853 4987 πλούτῳ

2282 5037 2340 5073 τε
2372 5020 2464 5073 καὶ
2497 5019 2788 5089 ὑπεροχαῖς
2811 5013 2917 5067 τῶν
2944 5013 3116 5066 ἄλλων
3156 5008 3686 5083 ὑπερανεστηκότας³
3712 5007 3835 5060 ἀνω-

2281 5114 2424 5183 τέρω
2451 5111 2560 5180 γὰρ
2588 5109 2827 5179 κεφαλῆς
2843 5105 3014 5159 οὐδέν·
3040 5103 3276 5171 πώγωνα
3300 5102 3376 5168 δὲ,
3405 5101 3530 5162 τοῦς
3552 5101 3607 5151 ὲν
3639 5096 3850 5150 συνέσει

2285 5206 2377 5258 καὶ
2408 5203 2597 5272 φρεσίν
2621 5217 2633 5232 ·
2669 5200 2809 5254 οὕτω
2837 5197 2943 5267 γὰρ
2975 5194 3175 5264 πώγων
3202 5195 3289 5247 ἀεὶ
3320 5194 3658 5263 λαμϐάνεται
3704 5190 3851 5259 παρὰ

2283 5298 2348 5365 τῇ
2385 5291 2727 5361 θεοπνεύστῳ
2750 5290 2964 5358 Γραφῇ.
2992 5287 3161 5338 Ὅταν
3189 5284 3247 5336 δὲ
3276 5282 3367 5335 καὶ
3393 5280 3567 5333 ποδῶν
3599 5279 3850 5349 ὀνομάζει

2282 5382 2493 5453 τρίχας,
2531 5379 2782 5449 σημαίνει
2807 5394 2908 5430 που
2929 5417 2943 5440 ,
2970 5374 3110 5427 κατὰ
3143 5372 3202 5424 τὸ
3257 5369 3420 5433 εἰκὸς,
3456 5369 3581 5431 τοὺς
3618 5370 3674 5420 ἐν
3707 5367 3851 5429 τάξει

2286 5472 2572 5541 κειμένους
2601 5472 2665 5540 τῇ
2698 5468 2903 5538 ἐσχάτῃ
2926 5466 3020 5519 καὶ
3050 5462 3365 5517 κατωτάτω.
3404 5458 3689 5527 Ἐφείσατο
3711 5460 3768 5511 δὲ
3793 5458 3850 5508 τῇ

2288 5564 2546 5633 παράπαν
2571 5562 2783 5622 οὐδενὸς
2820 5559 2882 5611 τὸ
2914 5557 3072 5628 ξυρὸν
3109 5552 3538 5624 μεμεθυσμένον,
3571 5552 3685 5604 ἀλλ’
3720 5547 3852 5621 ὁμοῦ

2299 5654 2408 5717 τοῖς
2427 5651 2862 5724 ὑπερκειμένοις,
2912 5647 3109 5718 μέσους
3153 5660 3209 5695 τε
3245 5644 3340 5696 καὶ
3369 5643 3734 5707 τελευταίους,
3765 5641 3854 5694 καὶ
