4144 6302
491 372 599 442 eis

1490 383 1546 438 S.
1590 377 1853 439 CYRilLl
1902 376 2364 439 ALEXANDRINI
2402 378 2722 438 ARClilEP.

3635 367 3745 422 9J6

499 506 596 568 ait,
634 503 888 557 nimirum
942 518 1062 557 cum
1105 501 1231 555 nulli
1288 499 1394 563 sint
1459 502 1550 571 qui
1610 511 1810 555 norunt
1871 511 2069 556 terram

2208 521 2273 558 αν
2299 504 2367 558 τά
2393 503 2654 558 κάλλιστα
2682 496 2810 572 παρ⁶
2851 494 3031 561 αὐτοῖς
3063 493 3158 549 καὶ
3192 486 3449 562 ἐξαίρετα
3471 482 3582 541 τῶν
3614 503 3749 557 κτη-

500 597 700 650 miere.
752 590 809 650 Si
865 586 1027 659 enim,
1080 593 1359 664 inquitiiu
1409 609 1515 647 uno
1556 594 1675 647 loco
1720 592 1863 647 mille
1935 593 2073 646 vites

505 686 651 740 niiiie
694 687 950 741 siclorum
985 686 1115 750 sint,
1148 696 1205 740 ut
1228 686 1450 754 singula:
1481 687 1616 743 vites
1652 685 1894 754 singulos
1915 685 2074 738 sicios

506 779 735 841 taleant,
768 778 1139 833 mstimatioiiis
1162 778 1274 832 iuet.-
1301 794 1551 832 mensura
1594 788 1838 833 vertetur
1869 778 1920 832 iu
1949 777 2076 832 soli-

505 868 740 923 tudinem
793 876 847 926 et
892 868 943 923 in
1001 869 1202 938 spinas,
1237 881 1292 924 ut
1332 869 1378 925 si
1420 870 1542 940 quis
1603 864 1731 924 velit
1801 870 2073 940 rcgioacm

507 962 779 1025 invadere,
811 970 864 1015 et
900 960 1236 1029 ingrediatur
1263 963 1455 1025 soium,
1478 963 1578 1019 hoc
1610 980 1711 1019 non
1749 966 1916 1034 possit
1945 967 2072 1018 abs-

505 1067 612 1122 que
659 1053 850 1121 sagitta
890 1062 943 1107 et
1002 1069 1130 1109 arcu
1182 1054 1412 1110 eiiiccre.
1456 1055 1636 1126 Spinze
1692 1058 1906 1126 quidem
1974 1073 2075 1111 non

506 1155 687 1211 arcus,
733 1160 836 1199 non
871 1145 1099 1215 sagittas
1140 1147 1469 1214 desiderant,
1498 1158 1553 1203 at
1591 1150 1776 1205 statim
1826 1148 1939 1215 ejus
1987 1151 2080 1219 qui

509 1238 639 1292 velit
681 1237 1019 1293 inambulare
1064 1240 1226 1306 pedes
1278 1240 1527 1296 sauciare
1581 1250 1856 1311 paterunt.
1906 1238 2079 1296 Causa

509 1331 675 1398 igitur
714 1330 958 1399 ratioque
994 1322 1230 1385 elliciens
1278 1333 1516 1385 euntium
1597 1328 1858 1386 malorum
1930 1328 2081 1387 nobis

509 1417 636 1482 erit,
673 1431 735 1472 ea
786 1432 905 1486 qua:
940 1417 1019 1472 fas
1050 1433 1152 1473 non
1180 1431 1261 1473 est
1293 1421 1427 1474 velle
1464 1414 1767 1490 designare.
1818 1420 2082 1483 Destitue-

514 1521 635 1561 mur
679 1509 823 1562 enim
869 1509 1266 1576 quodammodo
1317 1510 1460 1578 Deo,
1504 1515 1547 1568 si
1579 1514 1725 1568 illum
1758 1528 1861 1569 non
1899 1532 2084 1573 verea-

515 1616 638 1654 mur
697 1600 991 1656 oﬂ'enderc.
1053 1601 1109 1658 Si
1159 1604 1303 1657 enim
1366 1617 1682 1674 prmstamus
1736 1619 1790 1663 et
1824 1616 1943 1679 quae
2009 1611 2083 1665 illi

514 1703 665 1761 grata
721 1701 776 1746 et
815 1693 985 1748 amica
1021 1704 1373 1765 suut,saprre
1406 1697 1667 1765 volumus,
1687 1716 1786 1756 nec
1825 1704 2087 1774 tergiver-

516 1785 956 1851 samur,virtutis
980 1784 1185 1842 fructus
1218 1789 1573 1858 proferemus,
1598 1808 1802 1864 uosque
1825 1811 1919 1849 sua
1955 1812 2083 1852 cura

516 1872 844 1942 dignabitur.
869 1878 1166 1936 Audiemus
1183 1882 1449 1949 siquidem
1479 1884 1746 1939 dicentem
1777 1887 2046 1942 Christum
2070 1908 2083 1942 :

522 1987 539 2015 ι
568 1966 679 2038 Ego
701 1984 820 2024 sum
853 1970 979 2025 vitis
1003 1985 1151 2036 vera,
1172 1981 1226 2027 ct
1254 1972 1413 2027 Pater
1432 1990 1581 2029 meus
1615 1976 1845 2045 agricola
1865 1988 1966 2034 est.
1997 1978 2039 2011 “
2068 2001 2086 2032 ι

516 2056 706 2115 Omnis
770 2061 976 2131 palmes
1016 2062 1068 2117 in
1132 2080 1217 2118 me
1271 2081 1374 2120 non
1422 2065 1602 2122 ferens
1659 2069 1915 2136 fructum,
1958 2073 2095 2127 tollit

517 2154 670 2207 cum:
694 2152 854 2224 130
870 2162 921 2207 et
951 2155 1128 2210 omnis
1150 2154 1355 2227 palmes
1372 2158 1825 2230 ferensl‘ruetum,
1844 2167 2093 2232 purgabit

520 2245 718 2313 ipsum,
774 2255 833 2299 ut
883 2245 1118 2302 fructum
1184 2250 1536 2320 copiasiorem
1589 2250 1983 2310 ferat.»Verum
2045 2258 2089 2312 si

516 2335 777 2393 elirenate
812 2339 864 2394 in
906 2339 1236 2411 impietatem
1278 2352 1486 2400 morum
1524 2342 1910 2413 provolvimur,
1938 2349 2096 2417 spina

516 2429 616 2485 sub
642 2430 991 2503 intelligentia
1034 2434 1259 2489 cadente
1314 2435 1604 2505 replentur,
1640 2439 1790 2494 omni
1831 2442 2090 2497 vitiorum

518 2530 715 2591 genere
758 2524 810 2577 in
868 2525 1023 2579 nobis
1100 2525 1476 2583 invalescente.
1509 2526 1658 2585 Finis
1704 2546 1834 2585 vero
1901 2534 2089 2603 Spinm,

521 2615 694 2684 ignis;
722 2624 777 2669 et
809 2614 1102 2670 fomentum
1137 2618 1277 2686 ignis
1318 2628 1422 2684 est,
1464 2631 1558 2674 aut
1584 2624 1805 2678 materia
1867 2626 2094 2681 inutilis.

525 2703 635 2758 iioc
665 2703 827 2758 etiam
854 2703 1043 2759 beatus
1067 2704 1270 2761 Paulus
1312 2710 1463 2763 nobis
1492 2710 1702 2779 planum
1763 2712 1941 2777 faciet,
1974 2730 2096 2769 cum

525 2795 937 2866 iuquitu'l'erra
977 2797 1122 2851 enim
1170 2815 1289 2868 quae
1319 2804 1622 2858 venientem
1686 2806 1738 2859 in
1773 2822 1831 2861 se
1864 2807 2095 2876 pluviam

524 2880 804 2947 combibit,
838 2891 892 2936 et
922 2882 1143 2937 herbam
1175 2884 1314 2954 parit
1340 2887 1797 2942 accounnodatam
1827 2890 1908 2945 his
1939 2907 2097 2960 prop-

525 2982 611 3026 ter
661 2987 797 3042 quos
843 2974 1057 3043 colitur,
1086 2989 1147 3030 ea
1214 2977 1638 3034 benedictionem
1691 2997 1721 3034 ιι
1763 2980 1873 3036 Deo
1931 2983 2099 3053 parti-

525 3065 693 3133 t'ipat.
716 3063 764 3095 "
795 3069 866 3119 At
898 3081 1019 3135 quae
1050 3066 1259 3138 profert
1286 3070 1472 3140 spinas
1509 3081 1561 3126 et
1581 3072 1831 3138 tribulos,
1856 3075 2095 3144 improba

2179 597 2383 667 μάτων,
2418 590 2516 650 οὐκ
2539 595 2706 649 ὄντων
2734 590 2973 664 δηλονότι
2998 587 3107 641 τῶν
3134 585 3392 656 γηπονεῖν
3414 580 3660 657 εζδότων.
3682 580 3748 633 Ei

2174 688 2283 758 γάρ
2336 683 2466 751 εἷεν,
2495 686 2679 756 φησὶν,
2706 685 2763 737 ἐν
2794 682 2875 736 ἑνὶ
2902 680 3049 751 τόπῳ
3092 677 3259 747 χίλιαι
3294 672 3534 746 ᾇμπελοι
3561 671 3750 742 χιλίων

2176 777 2395 842 σίκλων,
2447 770 2522 841 ὡς
2575 774 2731 842 ἀξίαν
2782 763 3021 844 ἄμπελον
3067 767 3304 837 ἑκάστην
3379 763 3564 818 σίκλου
3628 762 3749 827 ἑνὸς

2178 862 2507 940 (τιμήματος
2539 858 2595 919 δὲ
2623 862 2779 916 τοῦτο
2808 857 3048 933 μέτρον),
3081 857 3160 920 είς
3184 855 3380 927 χέρσον
3410 853 3626 907 ἔσεσθαι
3651 854 3753 907 καὶ

2178 962 2257 1026 είς
2311 959 2549 1015 ἄκανθαν
2573 975 2585 987 ·
2632 956 2774 1010 ὥστε
2820 948 2922 1006 κᾶν
2960 950 3013 1004 εἴ
3051 967 3134 1012 τις
3164 947 3402 1019 βούλοιτο
3443 944 3521 1017 τῷ
3566 943 3754 1015 χωρίῳ

2179 1051 2526 1124 προσϐαλεῖν,
2573 1049 2666 1102 καὶ
2712 1045 2987 1100 εἰσελάσαι
3047 1040 3228 1113 μόνον,
3278 1039 3354 1110 μὴ
3406 1038 3473 1091 ἂν
3537 1035 3755 1106 ἰσχύσαι

2178 1138 2335 1198 τοῦτο
2368 1138 2498 1215 δρᾷν
2529 1142 2651 1212 δίχα
2677 1134 2863 1210 βέλους
2890 1137 2982 1190 καὶ
3007 1126 3356 1203 τοξεύματος.
3405 1129 3756 1183 Ἀποδέουσαι

2181 1234 2290 1306 γὰρ
2322 1234 2472 1287 οὐδὲν
2501 1234 2557 1286 αἱ
2589 1229 2819 1285 ἄκανθαι
2860 1220 3207 1294 τοξευμάτων
3237 1221 3332 1275 καὶ
3366 1219 3553 1290 βελῶν,
3584 1235 3751 1271 κατα-

2180 1327 2446 1398 τρώσειαν
2488 1324 2556 1377 ἂν
2592 1318 2755 1384 εὐθὺς
2796 1310 2891 1373 τοῦ
2936 1317 3260 1389 περιπατεῖν
3301 1312 3575 1374 ἐθέλοντος
3628 1310 3758 1373 τοὺς

2184 1410 2369 1481 πόδας.
2395 1412 2657 1487 Πρόξενον
2681 1409 2772 1468 οὖν
2797 1408 2905 1484 ἄρα
2939 1402 3139 1474 παντὸς
3165 1410 3295 1480 ἡμῖν
3323 1406 3474 1459 ἔσται
3497 1402 3670 1458 κακοῦ
3693 1403 3760 1455 τὸ

2187 1508 2468 1580 βούλεσθαι
2501 1508 2633 1578 δρᾷν
2676 1505 2712 1558 ἃ
2756 1505 2830 1577 μὴ
2887 1498 3063 1574 θέμις.
3117 1495 3619 1570 Καταχερσούμεθα
3649 1493 3762 1564 γᾲρ

2185 1604 2386 1675 τρόπον
2434 1596 2575 1666 τινὰ,
2624 1590 2744 1670 Θεῷ
2794 1595 3152 1671 προσκρούειν
3192 1594 3251 1647 οὔ
3311 1590 3762 1662 παραιτούμενοι.

2188 1699 2432 1768 Δρῶντες
2470 1694 2568 1766 μὲν
2592 1694 2721 1766 γάρ,
2768 1686 2863 1746 καὶ
2907 1689 3010 1762 μὴν
3040 1689 3133 1742 καὶ
3177 1688 3391 1759 φρονεῖν
3420 1683 3692 1743 ἐθέλοντες
3726 1680 3765 1734 ἃ

2193 1783 2342 1859 αὖτῷ
2380 1787 2601 1857 θυμήρη
2650 1783 2744 1837 καὶ
2787 1771 2938 1851 φίλα,
2971 1778 3464 1849 καρποφορήσομεν
3498 1773 3596 1843 τὴν
3636 1773 3767 1841 ἀρε-

2194 1878 2314 1947 τὴν,
2348 1870 2446 1946 τῆς
2484 1870 2612 1944 παρ’
2637 1866 2798 1926 αὐτοῦ
2828 1862 3103 1941 φροντίδος
3133 1866 3464 1937 ἀξιούμενοι.
3505 1861 3766 1916 ’Δκουσό-

2195 1968 2335 2041 μεθα
2381 1967 2490 2036 γὰρ
2548 1957 2795 2034 λέγοντος
2857 1952 2950 2015 τοῦ
3000 1959 3266 2031 Χριστοῦ·
3319 1976 3336 2008 ι
3383 1956 3525 2025 Ἑγὼ
3571 1956 3684 2025 είμι
3730 1957 3768 2025 ἡ

2192 2061 2431 2133 ἄμπελος
2478 2060 2511 2131 ἡ
2559 2045 2827 2128 ἀληθινὴ,
2877 2057 2972 2109 καὶ
3012 2055 3040 2107 ὁ
3076 2053 3268 2123 Πατήρ
3314 2068 3414 2122 μου
3452 2052 3482 2104 ὁ
3523 2047 3771 2119 γεωργός

2192 2160 2360 2211 ἐστιν.
2414 2154 2527 2206 Πᾶν
2574 2150 2758 2221 κλῆμα
2792 2151 2849 2203 ὲν
2883 2148 3006 2220 ἐμοὶ
3036 2147 3110 2219 μὴ
3142 2144 3306 2216 φέρον
3358 2142 3593 2214 καρπὸν,
3621 2141 3770 2224 αἴρει

2192 2251 2324 2306 αὐτό
2350 2267 2362 2280 ·
2416 2247 2510 2300 καὶ
2556 2246 2665 2299 πᾶν
2711 2242 2896 2315 κλῆμα
2940 2240 3001 2293 το
3044 2237 3254 2311 καρπὸν
3311 2236 3476 2308 φέρον
3517 2232 3772 2304 καθαίρει

2193 2344 2345 2407 αὐτὸ,
2378 2343 2465 2395 ἵνα
2487 2337 2698 2412 καρπὸν
2733 2333 2955 2388 πλείονα
2976 2332 3137 2403 φέρῃ.
3165 2349 3183 2381 ι
3231 2326 3677 2388 Ἀπονενευκότες
3710 2322 3774 2376 δὲ

2195 2436 2466 2507 ἁχαλίνως
2510 2433 2590 2495 είς
2619 2428 2940 2496 ἀνοσιότητα
2970 2423 3209 2496 τρόπων,
3243 2418 3485 2490 ἀκάνθης
3515 2418 3614 2488 τῆς
3642 2433 3772 2485 νοη-

2194 2529 2294 2599 τῆς
2320 2523 2694 2598 πληρούμεθα.
2725 2518 2927 2581 παντὸς
2963 2516 3136 2578 εἴδους
3159 2510 3496 2583 φαυλότητος
3524 2508 3775 2578 ἀπεῖλον

2194 2638 2284 2684 τος
2327 2621 2383 2670 ὲν
2423 2619 2572 2687 ἡμῖν.
2604 2613 2766 2676 Τέλος
2803 2611 2859 2664 δὲ
2892 2607 3155 2678 ἀκάνθης,
3203 2605 3263 2658 τὸ
3295 2602 3404 2675 πῦρ
3425 2620 3440 2635 ⁸
3470 2602 3562 2656 καὶ
3593 2600 3774 2671 τροφὴ

2197 2706 2390 2782 πυρὸς,
2416 2709 2450 2781 ἦ
2477 2709 2747 2779 ἄχρηστος
2773 2703 2893 2773 ὕλη.
2938 2703 3047 2754 Καὶ
3078 2698 3236 2753 τοῦτο
3274 2697 3408 2768 ἡμῖν
3438 2697 3465 2749 ὀ
3497 2691 3773 2782 μακάριος

2196 2781 2408 2864 Παῦλος
2429 2799 2653 2869 ἐναργὲς
2674 2796 3003 2867 καταστήσει
3026 2792 3200 2861 λέγων
3214 2807 3226 2820 ·
3248 2807 3266 2841 ι
3290 2789 3366 2858 Γῆ
3391 2786 3494 2858 γὰρ
3511 2787 3545 2856 ἡ
3570 2781 3775 2837 πιοῦσα

2196 2890 2287 2948 τὶν
2350 2891 2437 2945 ἐπ’
2508 2889 2680 2958 αὐτῆς
2749 2884 3009 2946 πολλάκις
3071 2880 3364 2953 ἐρχόμενον
3427 2874 3613 2941 ὑετὸν,
3676 2872 3782 2927 καί

2197 2986 2456 3039 τίκτουσα
2520 2981 2748 3053 βοτάνην
2808 2974 3024 3031 εὔθετον
3083 2973 3348 3037 ἐκείνοις,
3399 2970 3467 3024 δι’
3534 2966 3628 3032 οὓς
3682 2964 3787 3020 καὶ

2197 3066 2561 3147 γεωργεῖται,
2606 3066 3010 3142 μεταλαμϐάνει
3044 3063 3293 3133 εὐλογίας
3328 3060 3437 3115 ἀπὸ
3473 3059 3569 3113 τοῦ
3602 3055 3774 3113 Θεοῦ⁹

531 3168 616 3213 est
644 3165 700 3213 et
729 3159 1099 3215 maledictioui
1136 3160 1330 3229 aliinis,
1350 3163 1502 3233 cujus
1532 3164 1655 3222 linis
1678 3168 2034 3224 c0mbustio.:

2203 3168 2511 3237 ἐκφέρουσα
2567 3161 2624 3215 δὲ
2695 3158 2938 3222 ἀκάνθας
2986 3157 3078 3211 καὶ
3134 3152 3456 3226 τριϐόλους,
3523 3149 3788 3222 ἀδόκιμος

605 3340 768 3395 Vatis.
793 3338 885 3394 25.
925 3338 990 3393 Et
1031 3341 1199 3395 omnis
1243 3358 1391 3397 mons
1416 3345 1617 3398 arando
1646 3347 1906 3414 arabitur,
1936 3357 1983 3401 et
2001 3364 2104 3402 non

530 3432 694 3486 veniet
714 3445 773 3486 eo
799 3438 986 3485 terror.
1012 3429 1127 3485 Erit
1169 3434 1304 3486 enim
1325 3450 1388 3487 ea:
1420 3436 1701 3491 solitudine
1723 3450 1774 3491 et
1809 3448 2011 3509 veprem
2048 3440 2105 3493 in

533 3538 729 3579 vascua
774 3523 969 3590 ovium,
1003 3534 1051 3579 et
1103 3525 1158 3578 in
1196 3525 1635 3582 conculcationem
1671 3530 1829 3584 bovis.

608 3714 817 3770 Paucos
856 3712 975 3770 fore
1033 3715 1353 3787 superStitcs
1401 3717 1450 3768 in
1504 3715 1684 3772 .iudrea
1756 3718 1905 3787 dicit,
1937 3728 1992 3775 et
2043 3736 2108 3776 ea

536 3801 846 3857 timiditatis
871 3809 924 3857 et
955 3800 1181 3870 ignaviae
1225 3813 1501 3866 venturos,
1539 3810 1597 3855 ut
1640 3814 1749 3871 prze
1803 3804 2007 3875 ingenti
2052 3813 2107 3861 et

535 3894 839 3950 incredibili
863 3894 1078 3960 timore,
1123 3894 1175 3948 iu
1211 3894 1481 3947 montibus
1534 3895 1919 3951 commoraturi
1975 3897 2109 3965 sint,

531 3998 591 4042 et
633 3986 700 4041 ab
753 3986 977 4042 urbibus
1043 3986 1572 4055 habitatiombusque
1629 3987 2109 4047 desideratissimis

532 4078 914 4149 semigraturi,
937 4086 992 4135 et
1036 4077 1339 4134 festinaturi
1374 4080 1425 4133 in
1456 4081 1725 4136 montibus
1748 4122 1762 4146 ,
1794 4082 2111 4153 insidiis‘qiie

538 4174 872 4230 delitescere.
909 4172 1000 4229 Sic
1051 4173 1193 4228 enim
1235 4172 1410 4227 facere
1462 4177 1739 4230 consuevit
1803 4185 1908 4230 tota
1966 4176 2111 4246 regio

534 4276 595 4342 et
622 4264 834 4327 civitas,
857 4266 900 4319 si
932 4269 1144 4334 quando
1178 4267 1354 4334 aliqua
1410 4267 1477 4320 sit
1504 4267 1737 4323 hostium
1796 4266 2107 4324 incursatio.

541 4358 847 4412 Accurrunt
871 4356 1012 4411 enim
1070 4360 1136 4412 ad
1170 4360 1343 4413 editos
1376 4368 1429 4412 et
1462 4358 1753 4429 impervius
1799 4372 2031 4427 montes,
2056 4370 2111 4415 et

536 4447 849 4506 difﬁcultate
904 4448 1028 4517 ioci,
1064 4466 1159 4506 ceu
1195 4461 1467 4506 armatura
1490 4468 1546 4508 se
1569 4455 1835 4517 muniunt,
1870 4465 1925 4509 et
1969 4455 2114 4508 timi-

2202 3264 2296 3317 καὶ
2318 3259 2561 3329 κατάρας
2587 3257 2775 3325 ἐγγὺς,
2805 3248 2873 3327 ἦς
2896 3252 2957 3306 τὸ
2988 3250 3139 3314 τέλος
3164 3249 3244 3312 είς
3277 3245 3495 3301 καῦσιν.
3529 3263 3546 3296 ι

2271 3353 2379 3411 Καὶ
2450 3349 2574 3406 πᾶν
2620 3347 2758 3417 ὅρος
2801 3342 3233 3415 ἀροτριώμενον
3269 3336 3785 3409 ἀροτριαθήσεται.

2204 3451 2301 3506 καὶ
2331 3449 2399 3503 οὐ
2430 3442 2515 3516 μὴ
2569 3442 2792 3508 ἐπέλθῃ
2841 3436 2968 3493 ἐκεῖ
3015 3437 3220 3507 φόϐος.
3262 3435 3477 3487 Ἔσται
3514 3431 3626 3499 γὰρ
3669 3427 3788 3483 ἀπὸ

2208 3544 2319 3613 τῆς
2348 3540 2573 3611 χέρσου
2604 3534 2701 3590 καί
2727 3531 3000 3599 ἀκάνθης
3028 3533 3117 3597 είς
3134 3527 3425 3597 ,ϐόσκημα
3452 3526 3785 3593 προϐάτων,

2207 3635 2307 3692 καὶ
2336 3636 2423 3700 εἰς
2458 3627 2852 3696 καταπάτημα
2875 3624 3047 3690 βοός.

2291 3727 2532 3796 Ὀλίγους
2569 3723 2669 3794 μὲν
2716 3717 2933 3773 ἔσεσθαι
2961 3717 3086 3780 τοὺς
3124 3711 3575 3785 περιλειφθέντας
3620 3711 3681 3763 ὲν
3723 3710 3792 3777 τῇ

2221 3818 2448 3890 Ἰουδαίᾳ
2487 3815 2671 3888 φησὶν,
2703 3811 2854 3883 ἥξειν
2894 3826 2952 3863 τε
2996 3809 3077 3871 είς
3115 3805 3273 3861 τοῦτο
3318 3803 3523 3868 δειλίας
3570 3803 3790 3864 αὐτοὺς.
3851 3883 3855 3887 _

2211 3908 2306 3962 καὶ
2344 3905 2525 3977 μέντοι
2551 3896 2645 3956 καὶ
2666 3898 3047 3970 κακανδρείας,
3074 3896 3151 3960 ὡς
3183 3893 3288 3949 ὑπὸ
3314 3911 3377 3962 γε
3401 3892 3578 3947 δεινοῦ
3604 3910 3666 3945 τε
3701 3893 3796 3944 καὶ

2212 3997 2491 4069 ἀφορήτου
2520 3992 2796 4062 δείματος,
2826 3989 2925 4054 τὰς
2951 3990 3007 4043 ὲν
3032 3988 3149 4060 ὄρει
3180 3985 3450 4040 ποιεῖσθαι
3483 3982 3790 4057 διατριϐάς.

2212 4089 2306 4142 καὶ
2334 4087 2542 4142 πόλεων
2575 4084 2676 4156 μὲν
2710 4082 3034 4154 ἀποφοιτᾷν,
3077 4080 3171 4134 καὶ
3197 4079 3307 4132 τῶν
3337 4078 3507 4131 πάλαι
3532 4075 3796 4148 τριποθής

2211 4199 2319 4236 των
2356 4178 2541 4244 αὐτοῖς
2602 4176 3054 4247 ἐνδιαιτημάτων,
3087 4170 3402 4242 ἐπείγεσθαι
3430 4171 3486 4224 δὲ
3511 4170 3795 4224 λανθάνειν

2213 4274 2271 4329 ὲν
2303 4273 2456 4336 ὕλαις
2496 4289 2556 4326 τε
2592 4272 2685 4325 καὶ
2717 4270 2965 4340 λόχμαις.
3003 4266 3162 4330 Ἕθος
3198 4265 3307 4337 γὰρ
3332 4263 3491 4318 τοῦτο
3524 4265 3655 4335 δρᾷν
3682 4266 3794 4324 τοῖς

2213 4366 2316 4422 ἀνά
2342 4368 2519 4421 πᾶσαν
2548 4363 2645 4435 τὴν
2675 4364 2859 4436 χώραν
2882 4379 2939 4416 τε
2972 4362 3066 4415 καὶ
3090 4360 3263 4423 πόλιν,
3293 4361 3341 4413 εἱ
3364 4359 3426 4430 δή
3462 4376 3545 4422 τις
3574 4356 3791 4424 γένοιτο

2215 4456 2486 4527 πολεμίων
2529 4454 2744 4525 ὲκῦολή.
2797 4451 3139 4514 Ἀναθέοντες
3179 4450 3289 4521 γάρ
3340 4451 3419 4512 εἰς
3469 4445 3652 4517 ὑψηλὰ
3700 4446 3795 4498 καὶ

537 4543 724 4597 ditatis
754 4542 1104 4613 pbarmacum
1158 4559 1217 4598 ac
1267 4544 1556 4599 remedium
1627 4556 1732 4610 est,
1791 4546 1844 4599 iu
1906 4545 2097 4600 lissuris

2218 4550 2459 4602 δύσϐατα
2491 4547 2597 4600 τῶν
2624 4547 2785 4618 ὀρῶν,
2838 4545 3002 4598 ὅπλον
3027 4543 3308 4598 ποιοῦνται
3337 4543 3435 4613 τὴν
3464 4542 3795 4612 δυσχωρίαν,

536 4650 662 4692 esse
711 4646 1010 4706 petrarum.
1045 4635 1296 4700 Quinimo
1343 4637 1444 4691 hoc
1490 4638 1653 4692 etiam
1687 4637 1947 4691 Servatur
2002 4639 2115 4708 ipse

539 4726 678 4780 dixit
721 4726 915 4796 populo
963 4724 1218 4780 Iudaico:
1262 4722 1434 4780 «Tum
1469 4746 1487 4776 ι
1523 4727 1692 4789 enim,
1730 4727 1921 4795 inquit,
1976 4747 1993 4778 ι
2024 4732 2113 4799 qui

542 4817 595 4870 iu
642 4815 827 4871 Judma
903 4828 1048 4880 sunt,
1104 4817 1307 4889 fugiant
1364 4820 1429 4873 ad
1499 4819 1799 4873 mantus.”
1833 4840 1849 4870 ι
1914 4821 2115 4891 Itaque,

538 4909 739 4980 inquit,
795 4909 1156 4979 pulcherrima
1203 4912 1396 4980 prmdia
1466 4913 1515 4965 in
1561 4910 1899 4967 solitudinem
1936 4923 1992 4968 et
2067 4916 2117 4969 iu

540 5010 760 5069 vepreta
810 5000 1160 5055 mutabuntur
1190 5022 1203 5055 :
1233 5012 1353 5057 cum
1383 5002 1622 5058 derelicti
1654 5005 1925 5070 timerent,
1955 5008 2117 5060 etiam

536 5093 737 5160 iuillis,
756 5101 812 5148 et
836 5094 1045 5164 spineta
1073 5093 1245 5148 solum
1270 5095 1432 5148 etiam
1459 5096 1639 5152 subire
1691 5114 1796 5152 non
1837 5100 2118 5168 permitte-

542 5196 757 5242 rentur:
792 5187 887 5242 sed
929 5186 996 5239 ad
1032 5195 1248 5240 montes
1289 5187 1467 5252 potius
1529 5189 1903 5259 confugerent,
1939 5193 2120 5259 ibique

540 5280 879 5350 siispirantes
911 5279 1131 5334 rusticis
1160 5279 1434 5335 laboribus
1483 5297 1697 5335 manum
1742 5284 2114 5338 admoverent.

538 5372 799 5427 «\rabilur
851 5372 995 5427 enim
1032 5372 1208 5426 innuis
1250 5388 1404 5427 mons
1439 5382 1492 5426 ct
1519 5375 1693 5427 omnis
1743 5375 1916 5439 collis,
1948 5377 2120 5431 abhis

536 5463 637 5531 qui
674 5464 741 5517 ad
775 5478 870 5518 eos
943 5464 1280 5536 confugiunt,
1319 5466 1597 5534 cupientes
1684 5467 1956 5534 colligere,
2016 5484 2119 5522 non

538 5565 666 5620 spur:
712 5554 778 5607 ad
825 5569 953 5620 opes
996 5567 1088 5609 aut
1141 5556 1439 5626 voluptates
1480 5563 1758 5624 spectant,
1811 5558 1905 5611 sed
1951 5573 2122 5626 quau—

542 5654 659 5703 tum
688 5646 755 5700 ad
801 5648 1161 5701 necessarium
1206 5666 1360 5704 usum
1407 5650 1649 5718 corporis
1702 5650 2027 5719 suppeditat,
2071 5659 2123 5704 ct

613 5801 660 5843 ⁸³
684 5804 845 5863 Joan.
874 5820 962 5872 xv,
996 5807 1041 5859 Ι.
1123 5805 1163 5838 δ’
1191 5806 1350 5862 lichr.
1383 5824 1454 5871 vi,
1482 5809 1532 5859 7.

1612 5808 1653 5838 δ’
1682 5807 1871 5862 Matth.
1902 5822 2048 5877 xxxv,
2079 5807 2163 5862 l6.

2222 4640 2316 4695 καὶ
2343 4638 2544 4701 δειλίας
2585 4638 2872 4708 φάρμακον
2907 4636 2965 4690 τὸ
2993 4636 3050 4688 ἐν
3080 4637 3338 4704 σχισμαῖς
3380 4629 3523 4687 εἶναι
3556 4632 3791 4703 πετρῶν.

2223 4732 2392 4788 Τοῦτό
2422 4749 2504 4784 τοι
2534 4730 2627 4784 καὶ
2661 4731 2818 4794 αὐτὸς
2858 4733 2886 4784 ὁ
2915 4728 3104 4801 Σωτὴρ
3138 4730 3252 4792 τοῖς
3295 4727 3561 4780 Ἰουδαίων
3591 4725 3796 4794 ἔφασκε

2224 4826 2449 4896 δήμοις·
2494 4841 2511 4874 ι
2547 4822 2680 4875 Τότε
2715 4842 2733 4873 ι
2766 4825 2908 4892 γάρ,
2962 4821 3147 4891 φησὶν,
3201 4838 3218 4870 ι
3252 4818 3301 4870 οί
3340 4819 3398 4870 ἐν
3428 4820 3495 4888 τῇ
3543 4815 3777 4885 Ἰουδαίαν⁵

2229 4915 2577 4987 φευγέτωσαν
2607 4916 2687 4978 εἰς
2708 4914 2776 4968 τά
2803 4912 2926 4985 ὅρη.
2964 4933 2982 4964 ι
3018 4904 3226 4965 Οὐκοῦν
3268 4909 3339 4963 τά
3388 4908 3487 4978 μὲν
3535 4907 3803 4960 κάλλιστα

2225 5011 2332 5065 τῶν
2360 5008 2573 5081 χωρίων
2622 5009 2701 5070 εἰς
2730 5006 2922 5077 χέρσον
2951 5004 3185 5069 ἔσονται,
3212 5004 3366 5074 φησὶ,
3392 5003 3487 5054 καὶ
3524 5001 3603 5063 είς
3634 5000 3805 5053 ἄκαν-

2228 5103 2347 5168 θαν,
2376 5101 2622 5156 δεδιότων
2663 5098 2770 5153 τῶν
2812 5095 3267 5169 περιλειφθέντων
3321 5094 3423 5148 κάν
3456 5092 3585 5162 γοῦν
3617 5094 3676 5145 ἐν
3709 5094 3804 5146 αὐ-

2226 5195 2336 5257 τοῖς
2378 5191 2653 5245 εἰσελάσαι
2691 5190 2871 5261 μόνον,
2914 5190 2946 5260 ἢ
2997 5190 3090 5243 καὶ
3141 5188 3244 5241 ὑπὸ
3293 5189 3392 5259 τῆς
3444 5185 3689 5255 ἀκάνθης
3744 5186 3804 5238 οὐ

2231 5285 2719 5360 συγχωρουμένων’
2778 5283 3145 5352 ἀναφυγόντες
3200 5282 3257 5335 δὲ
3312 5281 3513 5351 μᾶλλον
3576 5280 3635 5330 ἐν
3692 5281 3806 5341 τοῖς

2231 5377 2430 5448 ὄρεσιν,
2470 5378 2587 5431 ἐκεῖ
2636 5378 2912 5440 στένοντες
2964 5376 3070 5429 τῶν
3116 5377 3197 5438 εἰς
3252 5376 3524 5444 γεωργίαν
3577 5371 3807 5440 ἅψονται

2232 5469 2427 5524 πόνων,
2468 5468 2942 5541 Ἀροτριαθῆσεται
2973 5467 3081 5539 γὰρ
3122 5468 3229 5520 πᾶν
3257 5464 3380 5536 ὅρος
3410 5465 3506 5517 καὶ
3540 5465 3649 5527 πᾶς
3681 5463 3805 5533 βου-

2230 5560 2349 5627 νὸς,
2385 5558 2492 5612 τῶν
2536 5560 2593 5612 έν
2638 5559 2820 5622 αὐτοῖς
2865 5559 3251 5630 ἀναφυγόντων
3307 5554 3585 5622 συλλέγειν
3617 5553 3809 5607 ἐπιθυ-

2234 5652 2497 5722 μούντων,
2522 5653 2580 5705 οὐ
2601 5652 2666 5706 τά
2702 5653 2780 5717 εἰς
2809 5651 3035 5708 πλοῦτον
3063 5650 3157 5705 καὶ
3184 5647 3411 5721 τρυφὰς,
3441 5647 3556 5700 ἀλλ’
3591 5650 3690 5703 ὅσα
3714 5645 3808 5715 τὴν
