4144 6302
548 355 658 409 225

1538 355 1594 410 S.
1635 355 1905 411 CYRILLI
1943 356 2408 412 ALEXANDRINI
2450 356 2760 413 ARCHIEP.

3675 351 3785 408 224

550 469 897 537 Emmanuel;
923 489 942 521 ι
969 484 1106 524 nunc
1119 468 1270 537 jubet
1289 470 1465 525 vocati
1491 488 1682 527 nomen
1700 473 1836 540 ejus,
1861 474 2120 528 Velociter

2235 477 2603 546 Ἐμμανουήλ·
2645 496 2663 528 ι
2710 476 3040 547 προστέταχε
3073 473 3166 528 νῦν
3207 471 3489 526 καλεῖσθαι
3524 470 3584 525 τὸ
3614 470 3788 542 ὄνομα

553 563 819 632 spoliato,
868 561 987 615 Cito
1029 561 1313 630 praedator.
1369 563 1450 615 An
1502 577 1657 628 vero,
1710 563 1840 618 illud
1888 564 2116 634 primum

556 669 748 709 nomen
793 658 947 707 inane
985 661 1069 708 est
1110 663 1162 707 et
1206 652 1438 719 irritum,
1473 655 1721 719 nimirum
1768 655 2120 711 Emmanuel?

552 756 608 799 et
633 743 734 797 hoc
760 744 993 797 maxime
1020 741 1232 797 decebit
1260 741 1525 797 Velociter
1554 746 1809 815 Spolialo,
1841 747 1960 800 Cito
1986 762 2123 815 pra:-

553 834 742 889 dator?
766 833 1117 904 Nequaquam
1152 836 1293 890 istuc
1320 837 1579 904 dicimus,
1608 841 1701 892 sed
1738 839 1865 893 illud
1895 839 2122 894 dicimus

554 927 750 997 potius.
771 923 884 981 Mos
909 936 991 981 est
1013 928 1306 995 Scriptura:
1330 930 1584 983 divinitus
1609 931 1877 999 aspirattc,
1896 931 2121 985 diversis

555 1017 863 1073 nominibus
891 1019 1261 1074 universitatis
1292 1020 1453 1074 Demn
1483 1021 1752 1090 appellare
1780 1041 1794 1076 :
1824 1035 1876 1078 et
1901 1038 1927 1076 a
1960 1024 2121 1077 rebus

556 1126 651 1179 pro
683 1120 981 1179 temporum
1009 1111 1220 1165 ratione
1247 1113 1414 1178 gestis
1444 1112 1732 1179 aliquando
1760 1112 2123 1166 nomenclatu-

557 1218 644 1255 ras
672 1214 798 1255 aute
827 1201 1088 1255 invenire.
1117 1201 1230 1257 lluc
1261 1203 1424 1257 etiam
1460 1202 1511 1255 in
1548 1202 1664 1270 ipso
1696 1200 1912 1257 Christo
1937 1202 2123 1256 obser-

555 1302 737 1345 vatum
769 1303 871 1346 est.
909 1291 1046 1345 Deus
1080 1293 1220 1346 enim
1257 1308 1415 1346 verus
1451 1302 1552 1347 est.
1590 1292 1658 1346 Et
1694 1293 1945 1361 quoniam
1984 1291 2127 1346 Deus

557 1395 745 1436 natura
791 1383 1085 1448 exsisteus,
1123 1382 1295 1437 factus
1337 1392 1419 1437 est
1458 1384 1772 1447 nobiscum,
1811 1396 1992 1436 sermo
2031 1383 2122 1451 qui

558 1475 807 1545 apparuit
832 1484 1016 1529 nostra
1040 1476 1240 1544 specie,
1259 1477 1500 1530 deuotari
1520 1476 1887 1531 Emmanuelis
1910 1475 2125 1531 nomine

510 1576 521 1587 '
557 1567 954 1635 sapientissime
988 1569 1175 1637 possit.
1206 1565 1339 1621 Dein
1373 1566 1546 1623 factus
1578 1567 1741 1623 homo
1775 1584 1894 1622 cum
1930 1573 2125 1638 despo-

560 1658 745 1712 liasset
772 1658 1047 1723 Satanam,
1076 1668 1128 1715 et
1160 1659 1286 1713 olim
1315 1658 1587 1730 abreptos,
1621 1663 1779 1731 eique
1813 1677 1908 1733 per
1937 1678 2125 1733 pecca-

562 1758 673 1804 tum
699 1749 1015 1815 servientes,
1033 1751 1100 1806 ab
1124 1751 1262 1805 illius
1279 1752 1872 1824 tyranuideeripuisset,
1888 1755 2126 1809 exseruit

558 1850 615 1895 et
643 1841 936 1896 declaravit
962 1841 1089 1896 illud
1123 1861 1137 1898 :
1172 1842 1444 1898 \‘elociter
1470 1844 1735 1914 spoliato,
1763 1843 1883 1899 Cito
1918 1845 2127 1914 prmda-
2156 1832 2201 1891 Β

560 1943 662 1987 tor.
693 1932 840 2001 Quod
869 1935 1064 1998 etiam,
1096 1945 1153 1989 ut
1184 1934 1353 1999 Deus,
1385 1935 1805 2004 redemptionem
1839 1937 2126 1990 humanam

559 2025 920 2095 inexplicabili
948 2025 1144 2080 virtute
1172 2026 1510 2095 perfecturus
1540 2027 1643 2091 sit,
1668 2028 2127 2097 prmmonstravit,

559 2117 744 2173 dicens
769 2136 819 2172 ι(
841 2116 1157 2188 Priusquam
1183 2119 1389 2173 noverit
1408 2135 1538 2187 puer
1556 2130 1759 2188 patrem
1781 2120 1860 2175 vel
1880 2132 2126 2190 matrem,

560 2206 768 2263 auferet
788 2210 1074 2276 potentiam
1101 2211 1368 2275 Damasci,
1392 2220 1445 2265 et
1467 2212 1635 2280 spolia
1662 2212 1921 2267 Samaria:
1944 2229 2127 2268 coram

561 2315 688 2369 rege
716 2301 1079 2372 Assyriorum.
1117 2321 1136 2354 ι
1173 2302 1478 2358 Altissimus
1510 2312 1593 2358 est
1624 2305 1815 2359 horum
1845 2306 2129 2361 verborum

558 2409 767 2459 sensus,
785 2391 939 2465 135
963 2404 1015 2450 et
1038 2395 1308 2451 enarratio
1330 2397 1605 2466 spiritalis.
1628 2398 1868 2453 Obducta
1887 2410 1969 2454 est
1985 2400 2129 2453 enim

558 2484 975 2539 obscuritatibus
1000 2483 1109 2540 fere
1134 2499 1346 2554 semper
1369 2485 1545 2540 divina
1579 2487 1772 2552 oratio,
1804 2502 1901 2542 nec
1924 2502 1991 2543 ex
2020 2489 2130 2543 his-

559 2576 699 2628 toria
730 2574 996 2644 rebusque
1018 2576 1118 2629 sub
1144 2590 1362 2630 sensum
1387 2577 1706 2631 cadentibus
1733 2577 2118 2646 invenerimus,

560 2665 833 2719 Christum
864 2665 1046 2718 statim
1076 2673 1278 2731 natum,
1307 2667 1389 2720 vel
1428 2668 1760 2735 exspoliasse
1782 2668 2130 2736 Damascum,

563 2756 647 2808 vel
675 2756 943 2825 regionem
968 2755 1110 2826 regis
1136 2756 1479 2827 Assyriorum
1512 2797 1528 2822 ,
1574 2758 1817 2815 liberatis
1853 2761 1938 2814 his
1978 2760 2071 2831 qui
2100 2776 2130 2815 e

571 2844 821 2902 Samaria
850 2846 906 2900 in
935 2847 1050 2917 ejus
1079 2848 1352 2919 regionem
1381 2849 1831 2916 deportabantur.
1859 2851 1993 2907 Cum
2034 2867 2133 2907 au-

568 2949 674 2992 tem
709 2937 1025 3007 spiritaliter
1060 2953 1175 2993 rem
1204 2940 1603 3009 acceperimus,
1646 2950 1759 2996 tum
1806 2943 1909 2997 hoc
1965 2943 2124 3000 veris-

564 3030 759 3085 simum
796 3045 913 3086 esse
953 3031 1276 3087 videbimus.
1310 3031 1439 3085 Erat
1468 3033 1628 3102 igitur
1665 3034 1978 3098 Damascus,
2014 3035 2131 3090 sive

566 3122 723 3193 Syria
758 3124 1030 3189 universa,
1056 3136 1110 3179 et
1134 3125 1479 3194 Assyriorum
1517 3126 1661 3197 regio
1688 3167 1704 3193 ,
1735 3127 1945 3183 scilicet
1990 3126 2126 3181 Per-

564 3231 750 3269 sarum
801 3226 855 3270 et
908 3215 1235 3281 Medorum,
1284 3217 1437 3271 idolis
1498 3218 1687 3285 plena,
1732 3220 1932 3274 idcirco
1986 3231 2128 3275 terra

566 3306 889 3375 sculptilium
941 3308 1173 3361 vocitata
1198 3316 1298 3373 est,
1322 3308 1372 3361 in
1396 3325 1495 3378 qua
1526 3310 1732 3366 scilicet
1754 3320 1910 3364 erant
1930 3312 2122 3367 altaria

566 3409 620 3453 et
654 3397 777 3451 fana
825 3397 1001 3454 ubivis
1043 3398 1324 3463 locorum,
1371 3408 1424 3453 et
1472 3402 1561 3469 qui
1614 3400 1957 3470 frequentare
2008 3404 2133 3458 fana

567 3489 712 3543 soliti
747 3499 893 3555 sunt,
930 3489 1219 3556 falsorum,
1272 3492 1525 3560 inquam,
1573 3502 1753 3545 vatum
1806 3509 2040 3563 genera,
2082 3503 2134 3549 et

565 3580 991 3635 lncautatiouum
1020 3581 1201 3653 periti.
1234 3580 1420 3635 Robur
1444 3593 1622 3636 autem
1653 3592 1706 3638 et
1726 3586 2124 3640 lirmameutum

568 3687 756 3727 eorum
793 3688 951 3727 ontne
978 3683 1131 3727 erant
1161 3673 1446 3738 tlaetuonia,
1471 3689 1590 3742 qme
1621 3674 1814 3745 singuli
1848 3664 2125 3744 colebant,

567 3774 625 3818 et
646 3766 900 3834 princeps
931 3781 992 3817 ac
1023 3765 1313 3834 prtefectus
1335 3780 1519 3818 eorum
1554 3764 1799 3819 Satanas.
1837 3764 1989 3835 Quod
2028 3768 2126 3835 igi-

573 3868 657 3909 tur
682 3856 922 3912 Damasci
942 3856 1258 3926 p0tentiam,
1289 3857 1535 3926 regisque
1556 3858 1921 3928 Assyriorum,
1959 3858 2007 3912 id
2030 3868 2132 3923 est,

570 3950 825 4004 Satanam
858 3988 873 4013 ,
923 3956 974 4004 et
1014 3949 1285 4020 improbas
1333 3965 1398 4004 ac
1440 3950 1693 4020 profanas
1741 3951 2132 4007 danuoniorum

570 4055 775 4098 turmas
802 4044 960 4097 modo
987 4058 1091 4096 non
1121 4042 1525 4113 depr:edaturus
1555 4044 1624 4097 sit
1656 4042 1903 4098 Christus
1924 4085 1938 4110 ,
1973 4057 2134 4115 atque

571 4136 688 4206 ejus
744 4136 963 4190 servitio
1022 4135 1345 4190 liberaturus
1398 4151 1492 4191 eos
1532 4137 1618 4206 qui
1679 4137 1879 4193 seducti
1931 4145 2087 4192 erant
2118 4179 2132 4205 ,

571 4227 735 4282 etiam
770 4239 1057 4298 antequam
1089 4227 1156 4281 ad
1199 4243 1313 4282 eam
1362 4238 1574 4283 attalum
1616 4230 1920 4299 pertigerit,
1967 4244 2133 4298 quam

570 4335 785 4388 mquum
813 4331 917 4383 est,
954 4319 1094 4374 scire
1119 4336 1276 4389 posse
1309 4331 1514 4389 patrem
1550 4336 1610 4375 ac
1637 4332 1862 4375 matrem
1889 4337 2083 4376 vocare
2120 4362 2133 4387 ,

575 4408 869 4463 declaravit
895 4425 1015 4464 cum
1042 4410 1157 4464 ait:
1202 4430 1220 4462 ι
1258 4411 1573 4480 Priusquam
1610 4414 1744 4466 sciat
1779 4429 1909 4482 puer
1930 4427 2129 4468 vocare

576 4513 779 4571 patrem
808 4502 888 4557 vel
918 4515 1169 4564 matrem,
1206 4505 1505 4570 pnteutiam
1546 4505 1791 4559 Damasci
1841 4506 2071 4560 auferet.
2113 4523 2131 4555 ι

573 4592 813 4663 Auferet,
848 4611 966 4663 pro,
1004 4594 1433 4662 depopulabitur.
1466 4594 1686 4647 Auferet
1712 4596 1838 4648 item
1872 4606 1925 4648 et
1955 4597 2127 4663 spolia

574 4687 861 4751 Samariw,
892 4689 942 4741 id
977 4695 1079 4749 est,
1119 4687 1360 4754 captivos
1407 4685 1619 4753 eripiet,
1680 4702 1774 4752 pro
1827 4686 1932 4739 illis
1970 4688 2130 4754 depu-

573 4795 767 4849 guans.
802 4782 995 4836 Coram
1029 4795 1150 4850 rege
1179 4779 1545 4850 Assyriorum,
1575 4778 1777 4831 scilicet
1806 4777 2141 4845 iutclligihili,

578 4871 833 4925 videlicet
887 4871 1108 4926 Satana.
1143 4870 1191 4928 ls
1241 4872 1384 4926 enim
1412 4879 1530 4925 erat
1587 4870 1827 4923 Damasci
1885 4878 1937 4923 et
1979 4870 2147 4942 Syria:

577 4963 842 5035 potentia.
885 4962 1156 5018 [dolorum
1197 4974 1375 5019 autem
1425 4963 1661 5019 cultores
1708 4978 1919 5017 omnem
1973 4963 2023 5016 in
2061 4978 2148 5017 se-

577 5058 714 5129 ipsis
749 5055 944 5112 salutis
974 5072 1122 5126 spem
1150 5058 1371 5123 habere,
1423 5066 1478 5111 et
1523 5056 1821 5120 Christum,
1852 5070 2009 5123 quam
2036 5057 2147 5125 pri-

578 5165 725 5205 mum
760 5157 918 5205 natus
964 5159 1091 5213 est,
1139 5159 1194 5203 et
1223 5150 1485 5217 spoliasse
1540 5149 1796 5203 Satanam
1856 5148 2010 5204 facile
2055 5157 2142 5203 est

577 5246 782 5299 videre.
814 5243 1014 5299 Scribit
1064 5245 1204 5296 enim
1234 5242 1518 5297 Matlhmus
1550 5261 1563 5296 :
1603 5263 1620 5294 ι
1657 5245 1792 5298 Cum
1833 5260 1958 5295 vero
1992 5243 2148 5298 Jcsus

582 5346 738 5390 natus
770 5347 912 5390 esset
971 5335 1023 5388 in
1075 5332 1345 5387 Bethleem
1392 5331 1587 5386 Juda‘a:
1647 5336 1835 5388 diebus
1877 5335 2146 5399 llemdis,

579 5442 708 5484 ecce
728 5428 863 5500 Magi
900 5432 968 5484 ab
996 5426 1217 5486 Oriente
1248 5439 1511 5483 venerunt
1547 5428 1913 5500 Hierosolyma
1959 5432 2143 5482 dicen-

585 5535 664 5579 tes
698 5541 711 5579 :
743 5522 842 5579 Ubi
866 5534 948 5579 est
972 5526 1062 5595 qui
1117 5532 1276 5578 natus
1318 5531 1400 5579 est
1456 5539 1548 5577 rex
1594 5520 1945 5576 mecurum?
2000 5521 2151 5575 Vidi-

586 5630 705 5670 mus
735 5615 879 5670 enim
915 5617 1081 5684 ipsius
1107 5617 1312 5671 stellam
1361 5617 1410 5671 in
1455 5616 1697 5679 Oriente,
1740 5626 1793 5671 et
1820 5616 2064 5668 venimus
2093 5624 2150 5665 ut

582 5704 872 5759 adoremus
900 5719 1021 5759 cum
1062 5705 1125 5759 δ’.
1168 5726 1183 5756 ι
1221 5706 1526 5761 Adoraruut
1560 5722 1705 5775 ergo,
1734 5715 1784 5760 tt
1814 5706 2153 5761 adduxerunt

649 5819 700 5854 υ
721 5820 908 5883 Matth.
937 5837 994 5889 ll,
1025 5822 1074 5877 l.

2220 566 2421 630 αὑτοῦ,
2477 568 2697 639 Ταχέως
2747 568 3071 633 σκύλευσον,
3144 565 3336 630 Ὀξέως
3393 564 3783 636 προνόμευσον.

2219 652 2342 728 Ἃρ*
2372 654 2464 712 οῦν
2489 660 2691 712 εἰκαῖον
2721 658 2889 728 ὄνομα
2918 656 3064 725 αὐτῷ
3094 656 3153 708 τὸ
3184 655 3418 727 πρῶτον,
3446 654 3593 707 τοῦτ’
3617 653 3786 718 ἐστιν,

2232 752 2607 822 Ἐμμανουήλ;
2638 752 2833 823 πρέποι
2854 752 2897 805 δ’
2917 751 2981 804 ἂν
3003 753 3082 804 ὅτι
3114 749 3349 821 μάλιστα
3370 766 3432 817 γε
3459 748 3542 811 τὸ,
3565 749 3788 819 Ταχέως

2222 842 2533 907 σκύλευσον,
2577 842 2771 908 Ὀξέως
2827 844 3227 914 προνόμευσον;
3278 842 3352 894 Ού
3383 840 3541 893 τοῦτὸ
3583 856 3785 910 φαμεν,

2221 934 2396 987 έκεῖνο
2427 934 2483 987 δὲ
2518 934 2736 1004 μᾶλλον.
2779 934 2938 997 ’Ἑοος
2970 937 3037 1005 τῇ
3071 932 3411 1002 θεοπνεύστῳ
3443 932 3630 1004 Γραφῇ
3669 930 3788 984 διαο

2222 1027 2409 1097 φόροις
2435 1027 2657 1098 ὀνόμασι
2710 1026 2801 1078 τὸν
2828 1026 2934 1079 τῶν
2965 1026 3131 1078 ὄντων
3162 1025 3294 1078 Θεὸν
3345 1024 3659 1087 ἀποκαλεῖν,
3691 1022 3790 1074 καὶ

2220 1115 2296 1180 ὡς
2344 1117 2452 1171 ἀπό
2481 1133 2544 1185 γε
2594 1116 2701 1169 τῶν
2753 1116 2893 1169 κατὰ
2939 1116 3161 1187 καιροὺς
3211 1113 3503 1186 δρωμένων
3539 1112 3650 1165 ἔσθ’
3697 1112 3788 1164 ὅτε

2224 1208 2600 1277 προσεπινοεῖν
2632 1206 2729 1270 τὰς
2773 1207 3013 1276 κλήσεις.
3060 1206 3228 1259 Τοῦτο
3254 1206 3545 1275 τετήρηται
3576 1203 3668 1257 καὶ
3700 1203 3791 1256 ἐπ’

2222 1298 2388 1354 αὒτοῦ
2434 1298 2524 1351 τοῦ
2577 1299 2831 1370 Χριστοῦ.
2886 1298 3016 1361 Θεὸς
3061 1298 3168 1369 γάρ
3212 1298 3356 1349 ἐστιν
3388 1294 3660 1365 ἀληθινὸς,
3696 1295 3791 1348 καὶ

2224 1390 2305 1443 ὅτι
2337 1390 2432 1459 μὲν
2481 1388 2609 1451 Θεὸς
2642 1386 2716 1443 ὢν
2748 1387 2924 1455 φύσει,
2954 1387 3140 1456 γέγονε
3177 1385 3294 1457 μεθ’
3339 1384 3495 1456 ἡμῶν
3532 1386 3561 1437 ὀ
3591 1384 3789 1451 Λόγος,

2223 1482 2299 1535 ὅτ’
2332 1482 2567 1548 ἐπέφηνε
2614 1479 2735 1533 καθ’
2773 1480 2938 1548 ἡμᾶς,
2994 1476 3389 1547 κατασημαίνει
3440 1475 3541 1544 μὲν
3586 1474 3652 1529 ἂν
3693 1475 3792 1528 καὶ

2230 1573 2374 1644 μάλα
2425 1571 2608 1640 σαφῶς
2636 1572 2732 1636 τὸ,
2777 1570 3137 1641 Ἐμμανουήλ.
3197 1568 3414 1640 Ἐπειδὴ
3459 1569 3514 1622 δὲ
3568 1567 3791 1636 γέγονεν

2227 1663 2531 1734 ἄνθρωπος,
2593 1661 2882 1715 ἐσκύλευσε
2936 1661 3025 1713 τὸν
3072 1660 3342 1720 Σατανὲίν,
3395 1659 3488 1712 καὶ
3540 1659 3645 1729 μὴν
3695 1658 3794 1711 καὶ

2230 1755 2461 1822 ἐξείλετο
2487 1757 2584 1827 τῆς
2616 1754 2820 1807 ἐκείνου
2856 1753 3169 1822 σκαιότητος
3209 1753 3334 1813 τοὺς
3363 1751 3530 1804 πάλαι
3556 1751 3792 1820 διηρπα-

2229 1847 2479 1917 σμένους,
2519 1847 2611 1899 καὶ
2642 1845 2986 1908 δουλεύοντας
3035 1843 3181 1913 αύτῴ
3231 1842 3318 1896 διὰ
3355 1846 3453 1913 τῆς
3501 1841 3792 1912 ἁμαρτίας,

2228 1936 2511 2002 ὲκδείξειεν
2538 1936 2601 1990 ἂν
2633 1938 2694 1990 τὸ
2713 1977 2727 2001 ,
2764 1936 2986 2006 Ταχέως
3020 1936 3331 1998 σκύλευσον,
3375 1934 3569 2000 Ὀξέως
3599 1932 3797 2003 προνό-

2232 2046 2447 2101 μευσον.
2484 2029 2606 2082 Ὀτι
2651 2029 2708 2081 δὲ
2752 2028 2826 2092 ὡς
2877 2027 3007 2091 Θεὸς
3038 2028 3297 2097 ἀφράστῳ
3325 2026 3547 2094 δυνάμει
3599 2041 3802 2095 κατορ-

2230 2121 2354 2177 Θοῦν
2390 2120 2579 2193 ἔμελλε
2604 2121 2710 2174 τῶν
2741 2121 2833 2174 ἐπὶ
2857 2121 2957 2191 γῆς
2979 2121 3076 2190 τὴν
3104 2118 3369 2189 λύτρωσιν
3399 2115 3799 2185 προαναφαίνει

2229 2215 2435 2284 λέγων·
2478 2234 2497 2266 ι
2530 2214 2671 2267 Διότι
2730 2213 2859 2284 πρὶν
2908 2213 2942 2283 ἢ
2984 2211 3182 2280 γνῶναι
3237 2209 3297 2262 τὸ
3352 2207 3561 2262 παιδίον
3612 2207 3802 2260 καλεῖν

2231 2305 2497 2378 πατέραῆ
2532 2306 2761 2376 μητέρα,
2804 2303 3029 2374 λήψεται
3080 2301 3307 2372 δύναμιν
3350 2299 3661 2365 Δαμασκοῦ,
3704 2298 3801 2351 καὶ

2232 2396 2404 2451 σκύλα
2436 2396 2766 2466 Σαμαρείας,
2801 2395 3086 2449 κατέναντι
3117 2391 3376 2462 βασιλέως
3415 2390 3730 2462 Ἀσσυρίων.
3773 2408 3794 2441 ι

2230 2488 2409 2553 Βαθὺς
2456 2487 2512 2541 δὲ
2565 2488 2765 2558 σξόδρα
2816 2486 2922 2539 τῶν
2973 2482 3341 2553 προκειμένων
3405 2483 3434 2535 ὁ
3503 2479 3646 2544 νοῦς,
3703 2481 3803 2535 καὶ

2231 2580 2597 2650 πνευματικὸν
2630 2578 2688 2632 τὸ
2722 2580 2983 2649 διήγημα.
3021 2576 3342 2646 Κέκρυπται
3372 2572 3480 2643 γὰρ
3513 2570 3802 2639 ἀσαερείαις

2231 2670 2319 2723 ἀεί
2364 2687 2480 2732 πως
2530 2672 2559 2722 6
2603 2670 2742 2731 θεῖος
2786 2668 2972 2735 λόγος’
3004 2666 3101 2733 οὐχ
3147 2664 3451 2735 εὑρήσομεν
3481 2663 3587 2731 γὰρ
3618 2661 3692 2722 ὠς
3738 2661 3804 2712 ἐν

2234 2761 2443 2832 ἱστορίᾳ
2468 2778 2525 2813 τε
2550 2760 2642 2814 καὶ
2672 2762 2729 2813 ὲν
2753 2759 3026 2829 αἰσθητοῖς
3054 2757 3391 2828 πράγμασιν,
3415 2756 3490 2807 ὅτι
3518 2750 3803 2820 γεννηθεὶς

2232 2852 2394 2917 εὐθὺς
2431 2855 2459 2905 6
2488 2852 2739 2924 Χριστὸς,
2766 2851 2799 2921 ἦ
2828 2850 2924 2922 τὴν
2951 2847 3237 2921 Δαμασκὸν
3266 2846 3602 2909 ἐσκύλευσεν,
3630 2843 3664 2914 ἦ
3691 2841 3802 2913 τὴν

2232 2944 2414 3017 χώραν
2451 2945 2544 3000 τοῦ
2595 2944 2857 3014 βασιλέως
2902 2940 3010 2996 τῶν
3052 2941 3390 3012 Ἀσσυρίων,
3440 2936 3807 3008 λυτρούμενος

2232 3036 2357 3097 τοὺς
2389 3037 2452 3088 ἐκ
2508 3035 2605 3104 τῆς
2635 3031 2943 3105 Σαμαρείας
2989 3031 3069 3094 είς
3112 3030 3208 3101 τὴν
3242 3030 3446 3083 ἐκείνου
3480 3028 3663 3099 χώραν
3696 3025 3807 3082 ἁπ-

2232 3126 2644 3198 ενηνεγμένους.
2683 3127 2847 3179 Ὅταν
2889 3123 2944 3177 δὲ
2975 3123 3176 3195 νοητῶς
3222 3121 3561 3192 ὲκλάϐωμεν,
3592 3119 3713 3172 τότε
3742 3116 3810 3190 δὴ

2234 3218 2449 3278 πάντως
2475 3217 2535 3269 τὸ
2580 3216 2774 3285 ἀληθὲς
2804 3215 3064 3287 ὀψόμεθα.
3096 3215 3302 3269 Οὐκοῦν
3344 3214 3379 3285 ἦ
3405 3230 3462 3266 τε
3494 3210 3807 3281 Δαμασκδς,

2233 3308 2397 3380 ἡγουν
2422 3306 2589 3379 Συρία
2618 3308 2788 3371 πᾶσα,
2823 3306 2917 3360 καὶ
2948 3306 3054 3375 μὴν
3163 3304 3270 3358 τῶν
3307 3302 3610 3374 Ἀσσυρίων
3634 3301 3804 3373 χώρα.

2232 3403 2375 3457 τοῦτ’
2411 3401 2576 3465 ἔστιν,
2624 3403 2657 3472 ἡ
2711 3400 2934 3471 Περσῷν
2978 3418 3037 3453 τε
3095 3400 3189 3453 καὶ
3235 3398 3433 3470 Μήδων
3490 3397 3808 3468 μεμέστωτο

2235 3494 2335 3565 μὲν
2381 3492 2642 3548 εἰδώλων·
2677 3493 2769 3547 καὶ
2803 3493 2890 3546 διὰ
2917 3493 3074 3545 τοῦτο
3117 3491 3377 3560 κέκληται
3416 3489 3490 3560 γῆ
3540 3489 3648 3541 τῶν
3686 3488 3812 3555 γλυ-

2237 3585 2416 3641 πτῶν’
2463 3581 2602 3658 ἦσαν
2643 3586 2752 3657 γὰρ
2788 3584 2960 3654 βωμολ⁸
3008 3584 3102 3637 καὶ
3146 3584 3344 3654 τεμένη
3381 3578 3680 3651 πανταχοῦ,
3720 3578 3813 3630 καὶ

2234 3679 2284 3730 οἰ
2314 3678 2424 3739 τοῖς
2471 3675 2753 3747 τεμένεσιν
2798 3677 3192 3747 ὲμφιλοχωρεῖν
3239 3673 3515 3736 εἰωθότες,
3574 3670 3720 3740 φημὶ
3747 3669 3810 3738 δὴ

2236 3766 2303 3821 τὰ
2342 3763 2449 3818 τῶν
2479 3764 2894 3834 ψευδομάντεων
2942 3764 3094 3834 γένη,
3129 3762 3220 3816 καὶ
3263 3756 3344 3824 οἷς
3395 3765 3427 3831 ἡ
3458 3758 3623 3830 τέχνη
3677 3756 3811 3828 πρὸς

2236 3855 2508 3925 γοήτειαν.
2542 3855 2697 3908 Πᾶσα
2749 3854 2805 3907 δὲ
2852 3854 3055 3907 τούτων
3098 3854 3130 3924 ἡ
3171 3850 3399 3921 δύναμις
3448 3844 3538 3919 ἦν,
3573 3849 3640 3901 τὰ
3684 3847 3812 3913 παρ’

2236 3947 2483 4011 ἑκάστοις
2512 3946 2918 4018 θρησκευόμενα
2949 3946 3219 4015 δαιμόνια,
3238 3944 3331 3997 καὶ
3362 3943 3390 3995 ὀ
3416 3940 3622 3994 τούτων
3652 3936 3817 4009 ἡγού-

2240 4053 2397 4106 μενος
2431 4038 2691 4101 Σατανᾶς.
2724 4036 2853 4090 Ὅτε
2882 4035 3059 4087 τοίνυν
3082 4032 3273 4103 ἔμελλε
3302 4033 3401 4103 τήν
3433 4049 3490 4084 τε
3523 4025 3816 4101 Δαμασκοῦ

2236 4127 2483 4197 δύναμιν,
2521 4128 2615 4181 καὶ
2655 4126 2758 4197 μὴν
2793 4128 2885 4179 καὶ
2921 4125 3019 4195 τὴν
3048 4124 3139 4176 τοῦ
3175 4122 3436 4193 βασιλέως
3466 4119 3574 4172 τῶν
3617 4120 3814 4171 ’Λσςυο

2239 4224 2399 4295 ρίων,
2448 4220 2590 4274 τοῦτ’
2637 4219 2751 4272 ἐστι
2794 4219 2885 4270 τὸν
2931 4218 3172 4271 Σατανᾶν
3223 4215 3318 4268 καὶ
3359 4213 3426 4266 τὰ
3473 4213 3687 4282 πονηρά
3726 4214 3820 4264 καὶ

2240 4317 2441 4391 βέϐηλα
2470 4315 2576 4371 τῶν
2605 4312 2892 4382 δαιμονίων
2929 4310 3112 4379 στίφη,
3150 4307 3431 4379 μονονουχὶ
3477 4305 3817 4373 καταληῖσαο

2240 4409 2362 4462 σθαι
2391 4404 2643 4477 Χριστὸς,
2700 4391 3014 4465 ἀπαλλάξαι
3040 4418 3099 4453 τε
3127 4400 3226 4469 τῆς
3260 4398 3350 4450 ὑπ’
3395 4395 3542 4467 αὐτῷ
3576 4394 3820 4457 δουλείας

2173 4519 2214 4572 ι)
2241 4502 2365 4564 τοὺς
2394 4497 2807 4570 ἠπατημένους,
2840 4494 2933 4546 καὶ
2972 4492 3101 4563 πρὶν
3136 4489 3350 4561 ἡλικίας
3384 4487 3697 4559 σωματικῆς
3735 4487 3822 4548 εἰς

2237 4597 2394 4650 τοῦτο
2448 4593 2641 4652 ἐλθεῖν,
2676 4583 2818 4663 ᾗπερ
2866 4585 2931 4639 ἂν
2966 4584 3161 4655 πρέποι
3209 4584 3269 4636 τὸ
3317 4583 3514 4636 εἰδέναι
3562 4581 3821 4635 δύνασθαι

2240 4686 2419 4744 καλεῖν
2454 4680 2721 4752 πατέραῆ
2761 4677 2992 4749 μητέρα,
3016 4674 3338 4743 διεσάφησεν
3374 4672 3577 4725 εἰπών·
3625 4690 3643 4722 ι
3680 4673 3821 4724 Διό-,τι

2244 4778 2372 4847 πρὶν
2401 4776 2433 4847 ἦ
2472 4774 2671 4843 γνῶναι
2698 4773 2757 4824 τὸ
2785 4770 2991 4823 παιδίον
3023 4767 3206 4820 καλεῖν
3240 4767 3452 4834 πατέρα
3497 4764 3530 4836 ἢ
3582 4764 3816 4835 μητέρι,

2242 4869 2469 4942 λήψεται
2520 4867 2617 4935 τὴν
2656 4864 2883 4934 δύναμιν
2919 4858 3228 4930 Δαμασκοῦ.
3273 4877 3290 4910 ι
3330 4860 3402 4911 Tia
3430 4857 3512 4923 δὲ,
3556 4859 3823 4928 Λήψεταῑ.

2249 4964 2367 5016 ἀντὶ
2390 4959 2506 5019 τοῦ,
2550 4956 2904 5028 Χειρώσεται.
2958 4952 3200 5023 Λὴψεται
3245 4951 3302 5004 δὲ
3361 4949 3563 5021 ὁμοίως
3612 4950 3709 5002 καὶ
3759 4948 3828 5001 τὰ

2254 5056 2423 5109 σκύλα
2487 5050 2817 5123 Σαμαρείας.
2888 5048 3043 5101 Τοῦτ’
3100 5045 3283 5109 ἔστιν,
3340 5041 3634 5106 ἀπαλλάξει
3703 5043 3827 5106 τοῦς

2253 5146 2625 5218 αἰγμαλώτους
2656 5142 2970 5212 πολεμήσας
3004 5138 3143 5209 ὑπὲρ
3178 5136 3375 5190 αὐτῶν.
3420 5135 3706 5189 ’Ᾱπέναντι
3735 5134 3827 5189 τοῦ

2256 5209 2515 5309 βασιλέως
2558 5231 2873 5301 ’Λσσυρίων.
2906 5228 3013 5282 Τοῦ
3061 5226 3252 5295 νοητοῦ
3289 5225 3553 5295 δηλονότι,
3589 5225 3735 5295 φημὶ
3766 5224 3826 5293 δὴ

2252 5329 2344 5383 τοῦ
2374 5326 2603 5379 Σατανᾶ,
2653 5322 2821 5384 Αὐτὸς
2856 5320 2962 5388 γὰρ
2991 5314 3058 5390 ἦν
3089 5317 3183 5371 καὶ
3212 5318 3245 5386 ἠ
3298 5314 3608 5385 Δαμασκὸς,
3660 5315 3753 5367 καὶ
3795 5314 3827 5382 ἠ

2256 5421 2453 5491 Συρίας
2487 5417 2732 5485 δύναμις.
2767 5414 2885 5465 Ὀτι
2917 5410 3010 5463 καὶ
3038 5411 3087 5461 oi
3114 5408 3223 5461 τῶν
3254 5405 3488 5458 εἰδώλων
3521 5421 3828 5475 προσκυνη-

2257 5514 2346 5566 ταὶ
2391 5514 2568 5565 πᾶσαν
2597 5509 2809 5576 ἔχουσιν
2847 5503 2932 5556 ἐπ’
2960 5502 3140 5563 αὐτοῖς
3177 5498 3273 5568 τὴν
3311 5497 3409 5568 τῆς
3446 5496 3722 5567 σωτηρίας
3748 5494 3830 5547 ἐλ-

2261 5605 2384 5657 πίδα
2413 5619 2425 5631 ·
2460 5592 2587 5655 Ὀτι
2616 5598 2672 5651 δὲ
2722 5594 3045 5648 ἐσκύλευσεν
3094 5593 3122 5643 6
3149 5587 3380 5660 Χριστὸς
3418 5587 3510 5640 τὸν
3559 5586 3825 5646 Σατανᾶν,

2261 5694 2651 5769 γεγεννημένος
2678 5690 2855 5756 εὐθὺς,
2890 5685 3267 5754 ἀταλαίπωρον
3305 5682 3451 5737 ἰδεῖν.
3485 5680 3691 5751 Γράφει
3722 5678 3831 5751 γὰρ
