4122 6292
369 344 483 404 ῃ,

1519 343 1582 397 ΙΝ
1623 341 1850 396 ISAIAM
1890 339 2014 395 LIB.
2055 339 2094 393 1.
2138 337 2344 394 ΟῐὶΑτ.
2391 336 2450 394 ν.

378 468 409 520 ὁ
468 463 779 529 Ματοαῖος·
821 484 838 516 ι
892 464 994 517 Τοῦ
1026 464 1081 518 δὲ
1128 463 1299 536 Ἰησοῦ
1351 464 1695 534 γεννηθέντος
1743 465 1800 516 ἐν
1843 462 1946 532 Βη-

2061 475 2239 515 mrum
2283 467 2340 512 et
2392 458 2532 520 thus,
2576 465 2630 511 et
2673 457 2967 526 myrrham.
3022 456 3249 512 Videsne
3293 469 3401 526 quo
3449 468 3606 524 pacto

381 557 550 628 θλεὲμ
578 554 678 626 τῆς
719 557 976 619 Ἰουδαίας
1001 557 1057 608 έν
1102 557 1334 628 ἡμέραις
1383 553 1614 626 Ἡρώδου
1661 553 1753 607 τοῦ
1793 553 1948 624 βασι-

383 647 552 712 λέως,
593 647 702 700 ἰδοὺ
741 646 904 716 μάγοι
945 647 1050 700 ἀπὸ
1083 646 1352 700 ἀνατολῶν
1382 645 1736 716 παρεγένοντό
1765 662 1822 696 τε
1867 644 1948 706 είς

373 739 759 810 Ἰεροσόλυμα,
790 739 1036 810 λέγοντες
1055 756 1068 769 ·
1099 739 1210 792 Ποῦ
1239 741 1382 791 ἐστιν
1412 741 1439 790 ὁ
1459 738 1666 808 τεχθεὶς
1699 735 1947 806 βασιλεὺς

379 825 487 878 τῶν
531 825 839 886 Ἰουδαίωνς
879 826 1060 896 ἴδομεν
1089 825 1198 898 γὰρ
1229 827 1317 880 τὸν
1345 825 1548 896 ἀστέρα
1590 824 1754 879 αὐτοῦ
1785 826 1843 876 ὲν
1879 825 1945 894 τῇ

369 916 670 988 ν’Λνατολῇ,
710 919 806 972 καὶ
829 918 1061 990 ἤλθομεν
1086 919 1457 990 προσκυνῆσαι
1505 915 1674 987 αύτῷ.
1721 935 1739 968 ι
1773 917 1949 987 Προσ-

378 1007 718 1078 κεκυνήκασι
763 1007 892 1077 γοῦν
923 1009 1018 1061 καὶ¹
1050 1009 1397 1080 προσήγαγον
1445 1007 1668 1079 χρυσίον
1691 1047 1706 1072 ,
1753 1006 1846 1060 καὶ
1873 1005 1952 1058 λί-

379 1094 542 1150 ϐανον
588 1097 686 1150 καὶ
723 1097 988 1168 σμύρναν.
1034 1098 1196 1170 Ὁρᾷς
1222 1100 1370 1161 ὅπως
1399 1095 1691 1150 ὲσκύλευσε
1731 1095 1818 1148 τὸν
1846 1096 1948 1147 Σα-

377 1187 570 1252 τανᾶν,
600 1189 700 1240 καὶ
745 1189 1140 1258 προενόμευσεν
1173 1187 1361 1252 ὀξέως;
1394 1187 1515 1239 Ὅτι
1560 1187 1614 1239 δὲ
1646 1188 1737 1240 καὶ
1781 1187 1808 1239 ό
1853 1187 1950 1255 τῆς

379 1275 678 1346 ἐπιδημίας
707 1278 904 1342 σκοπὸς
939 1280 1016 1341 είς
1051 1277 1323 1349 λύτρωσιν
1367 1276 1549 1346 βλέπει
1573 1275 1678 1328 τῶν
1703 1277 1759 1328 ἐν
1791 1275 1948 1344 αἰχμ-

381 1365 592 1437 αλωσίᾳ
617 1371 686 1438 τῇ
714 1371 878 1439 νοητῇ
889 1367 1209 1438 γεγονότων,
1225 1383 1509 1437 κατασημα
1603 1381 1739 1416 νειεν
1766 1364 1830 1416 ἂν
1855 1363 1948 1415 καὶ

384 1457 548 1520 αὐτὸς
599 1461 629 1510 ὁ
704 1461 978 1530 Χριστὸς,
1049 1460 1136 1514 διὰ
1203 1459 1382 1529 φωνῆς
1459 1458 1672 1510 Ἡσαΐου

394 1567 415 1598 ι
471 1549 699 1618 Πνεῦμα
741 1551 948 1622 Κυρίου
1001 1551 1240 1621 ἐπ’ὲμὲ,
1279 1545 1336 1604 οὗ
1381 1549 1583 1602 εἵνεκεν
1629 1549 1807 1618 ἔχρεσέ
1857 1563 1944 1615 με,

1747 1455 1915 1524 λέγων
1925 1470 1946 1488 ο

2057 551 2310 604 Satanam
2344 547 2536 617 spoliet
2562 556 2616 600 et
2661 547 2997 616 dcprmdctnr
3046 546 3346 601 velociter?
3407 544 3608 600 Deinde

2063 642 2326 693 adventus
2371 639 2452 691 sui
2496 652 2716 707 scopum
2769 649 2823 690 ιιι
2861 638 3017 690 liucm
3087 637 3251 690 fuisse
3285 633 3608 702 redemptio-

2053 743 2172 782 nem
2225 741 2410 781 eorum
2474 726 2564 794 qui
2629 727 2679 778 in
2737 727 3046 796 captivitate
3097 723 3412 794 intelligibili
3461 730 3608 790 sunt,

2051 820 2295 890 designat
2329 827 2384 872 et
2405 819 2519 887 ipse
2541 817 2812 880 Christus,
2835 834 2964 872 voce
2997 818 3155 888 136
3193 817 3342 872 Isaia:
3377 817 3604 871 dicens:

2057 931 2074 964 ι
2112 910 2347 980 Spiritus
2372 909 2581 963 Domini
2625 924 2784 978 super
2809 926 2892 964 me
2929 927 2993 963 co
3025 913 3166 978 ιιιιοιΙ
3199 909 3352 962 unxit
3381 923 3484 973 me,
3541 905 3609 960 ad

2053 1001 2530 1072 cvangelizandum
2572 1001 2895 1068 pauperibus
2945 1000 3090 1054 misit
3133 1015 3256 1063 me,
3295 997 3359 1053 ad
3409 997 3604 1068 praedi-

2007 1083 2018 1094 ’
2052 1093 2280 1147 candum
2319 1091 2545 1161 captivis
2577 1091 2970 1155 remissionem,
3001 1104 3053 1145 et
3077 1091 3234 1144 cmcis
3264 1091 3438 1143 visum
3477 1086 3547 1141 ⁸⁸.
3581 1104 3601 1137 ι

2057 1184 2247 1238 Psallit
2283 1184 2407 1238 item
2437 1192 2493 1236 et
2513 1181 2700 1236 beatus
2729 1182 2894 1236 David
2917 1183 2982 1236 de
3032 1183 3148 1250 ipso
3182 1199 3195 1234 :
3240 1200 3260 1232 ι
3296 1180 3608 1235 Ascendeus

2053 1275 2106 1329 in
2134 1274 2504 1339 altitudinem,
2556 1275 2820 1342 captivam
2873 1275 3025 1326 duxit
3075 1273 3441 1340 captivitatem
3478 1269 3545 1322 ⁸⁸.
3585 1285 3604 1320 ι

2052 1363 2218 1432 quue
2249 1362 2432 1416 docuit
2463 1362 2709 1429 ipsemet,
2739 1377 2858 1415 cum
2885 1362 3013 1415 dicit
3039 1378 3052 1411 :
3089 1380 3108 1412 ι
3141 1361 3270 1414 Cum
3304 1360 3612 1414 sublevatus

2050 1456 2104 1509 in
2135 1455 2299 1508 altum
2339 1453 2491 1510 fuero
2513 1454 2578 1510 de
2628 1464 2792 1519 terra,
2829 1468 3019 1508 omnes
3055 1454 3265 1506 trahant
3301 1452 3367 1506 ad
3393 1466 3480 1506 me
3523 1451 3605 1521 ip-

2049 1563 2168 1600 sum
2201 1547 2247 1578 "
2260 1586 2276 1603 .
2309 1565 2328 1598 ι

390 1643 855 1711 εὐαγγελίσασθαι
914 1646 1144 1714 πτωχοῖς
1207 1642 1513 1696 ἀπέσταλκε
1565 1661 1656 1712 με,
1707 1640 1938 1711 κηρύξαι
1994 1638 2354 1710 αἰχμαλώτοις
2413 1638 2624 1708 ἄφεσιν,
2659 1639 2752 1693 καὶ
2811 1638 3030 1708 τυφλοῖς
3061 1638 3372 1706 ἀνάϐλεψιν.
3411 1653 3431 1688 ι
3461 1636 3613 1689 Ψάλ-

388 1739 470 1790 λει
523 1738 581 1791 δέ
633 1757 734 1792 που
800 1741 892 1794 καὶ
948 1741 976 1793 ὁ
1033 1738 1298 1810 μακάριος
1348 1737 1513 1790 Δαϐὶδ
1571 1736 1699 1808 περὶ
1776 1734 1979 1788 αὑτοῦ·
2023 1753 2040 1786 ι
2098 1735 2325 1799 Ἀναϐὰς
2365 1735 2444 1798 είς
2485 1733 2616 1804 ὕψος

384 1831 494 1883 Καὶ
545 1830 704 1884 τοῦτο
745 1830 905 1894 αὐτὸς
949 1827 1186 1892 ἐδίδαξεν
1234 1826 1432 1881 είπώνο
1471 1840 1493 1876 t
1533 1827 1698 1879 Ὅταν
1741 1823 1940 1893 ὕψωθῶ
1974 1827 2038 1878 ὲκ
2092 1827 2191 1896 τῆς
2217 1827 2340 1897 γῆς,

2696 1733 3113 1804 ᾐχμαλώτευσεν
3157 1729 3547 1802 αἰχμαλωσίαν·
3584 1745 3607 1782 ³

2417 1824 2624 1886 πάντας
2653 1822 2864 1875 ἑλκύσω
2896 1823 3030 1892 πρὸς
3061 1822 3316 1891 ἐμαυτόν.
3361 1838 3382 1873 s

449 1923 563 1978 Καὶ
599 1923 923 1992 προσέθετο
953 1925 1164 1990 Κύριος
1200 1920 1472 1985 λαλῆσαί
1489 1937 1590 1988 μοι
1623 1921 1728 1974 ἐτι·
1757 1921 1858 1976 Διὰ
1886 1920 1953 1974 τὸ

2127 1919 2290 1974 Vens.
2323 1917 2438 1973 5-8.
2471 1917 2534 1970 Et
2557 1916 2786 1987 perrexit
2817 1915 3068 1969 Dominus
3103 1913 3244 1982 loqui
3274 1912 3400 1963 mihi
3429 1927 3449 1964 :
3479 1911 3615 1976 Quo-

385 2015 464 2084 μὴ
480 2015 818 2079 βούλεσθαι
845 2015 953 2068 τὸν
979 2014 1136 2070 λαὸν
1172 2013 1387 2067 τοῦτον
1432 2010 1499 2064 τὸ
1535 2009 1689 2078 ὕδωρ
1717 2009 1822 2064 τοῦ
1861 2013 1958 2064 Σι-

389 2106 550 2176 λωὰμ
579 2105 652 2160 τὸ
679 2107 1086 2175 πορευόμενον
1137 2105 1346 2175 ήσυχῃ
1375 2142 1390 2165 ,
1431 2099 1590 2156 ἀλλὰ
1621 2101 1956 2166 ,ϐούλεσθαι

391 2197 548 2266 ἔχειν
595 2197 929 2262 Ῥαασσὼν,
992 2195 1091 2251 καὶ
1139 2195 1242 2250 τὸν
1293 2195 1430 2249 υἱὸν
1477 2193 1582 2248 τοῦ
1649 2193 1956 2262 Ῥομελίου

387 2290 646 2353 ,ϐασιλέα
669 2291 762 2360 ἐφ’
789 2289 974 2359 ὑμῶν,
999 2289 1095 2343 διὰ
1116 2288 1291 2343 τοῦτο
1333 2286 1464 2342 ἰδοὺ
1495 2284 1699 2356 ἀνάγει
1745 2286 1958 2353 Κύριος

393 2382 483 2450 ἐφ’
503 2381 652 2451 ὑμᾶς
691 2384 760 2436 τὸ
789 2382 946 2452 ὕδωρ
979 2382 1084 2438 τοῦ
1135 2381 1405 2451 ⁶ποταμοῦ
1454 2379 1522 2434 τὸ
1559 2379 1810 2449 ἰσχυρὸν
1855 2375 1952 2431 καί

397 2473 576 2538 πολὺ,
607 2473 713 2526 τὸν
745 2473 1009 2538 βασιλέα
1039 2473 1157 2528 τῶν
1192 2473 1552 2541 Ἀσσυρίων,
1582 2470 1680 2524 καὶ
1701 2469 1816 2538 τὴν
1852 2468 1950 2522 δό-

398 2561 516 2626 ξαν
547 2563 748 2618 αὐτοῦ.
769 2564 876 2618 Kal
911 2563 1270 2631 ἀναϐήσεται
1306 2563 1402 2618 ἐπὶ
1441 2561 1651 2618 πᾶσαν
1685 2559 1955 2630 φάραγγα

399 2649 568 2719 ὑμῶν
592 2653 690 2706 καὶ
711 2653 1098 2722 περιπατήσει
1130 2654 1226 2707 ἐπὶ
1276 2653 1396 2708 πᾶν
1420 2653 1620 2721 τεῖχος
1646 2650 1830 2721 ὑμῶν,
1860 2649 1956 2703 καὶ

407 2741 621 2810 ἀφελεῖ
645 2745 764 2799 ἀπὸ
792 2743 904 2812 τῆς
944 2744 1223 2810 Ἰουδαίας
1265 2743 1590 2813 ἄνθρωπον,
1619 2742 1688 2808 ὃς
1708 2741 1958 2807 δυνήσε-

2059 2011 2200 2064 niam
2235 2027 2335 2063 non
2357 2010 2465 2062 vult
2490 2007 2714 2078 populus
2745 2008 2841 2060 iste
2869 2021 3059 2075 aquam
3104 2002 3328 2067 Siloam,
3371 2003 3614 2071 ﬂuentem

2055 2103 2280 2173 placide,
2304 2101 2394 2156 sed
2421 2101 2524 2155 vult
2554 2100 2741 2154 habere
2795 2097 3035 2150 Raasson
3075 2109 3121 2150 et
3157 2095 3328 2162 ﬁlium
3357 2093 3612 2148 Ilomelia:

2057 2209 2226 2264 regem
2256 2208 2412 2260 super
2466 2207 2580 2256 eos,
2613 2199 2884 2258 propterea
2945 2204 3063 2242 ecce
3100 2186 3300 2240 reducit
3360 2183 3614 2238 Dominus

2057 2300 2212 2354 super
2236 2299 2325 2338 vos
2359 2298 2548 2353 aquam
2585 2281 2734 2346 ﬂuvii
2787 2281 3129 2333 uehementem
3163 2287 3211 2331 et
3242 2275 3614 2336 abundantem,

2058 2390 2226 2445 regem
2262 2374 2596 2442 Assyriorum
2629 2379 2678 2424 et
2731 2372 2952 2439 gloriam
3004 2368 3136 2438 ejus.
3175 2367 3240 2420 Et
3279 2369 3518 2420 ascendet
3561 2366 3615 2418 in

2057 2481 2259 2520 onmem
2314 2462 2500 2518 vallem
2560 2471 2807 2524 uestram,
2850 2471 2895 2513 et
2956 2461 3373 2528 supergredielur
3413 2470 3616 2509 omnem

2058 2573 2264 2611 murum
2317 2567 2564 2620 vestrum,
2621 2564 2670 2607 et
2708 2553 2912 2623 auferet
2949 2569 2981 2604 a
3011 2550 3204 2605 Judwa
3245 2547 3502 2603 hominem
3525 2547 3616 2617 qui

2059 2649 2248 2716 poterit
2291 2656 2447 2717 caput
2471 2646 2665 2711 levare,
2692 2655 2780 2698 aut
2824 2653 3074 2712 pra-stare
3105 2641 3328 2712 aliquid.
3365 2639 3432 2694 Et
3465 2647 3616 2692 erunt

2061 2747 2235 2792 castra
2267 2739 2402 2808 ejus,
2441 2745 2498 2791 ut
2525 2735 2770 2806 impleant
2807 2734 3135 2788 latitudinem
3161 2732 3388 2801 regionis
3410 2739 3538 2784 tuas.

410 2855 500 2892 ται
524 2839 797 2908 κεφαλὴν
831 2833 984 2906 ἆραι,
1003 2839 1040 2908 ἢ
1081 2838 1338 2894 δυνατὸν
1361 2835 1850 2894 συντελέσασθαι
1880 2851 1957 2890 τι.
1995 2832 2105 2888 Kal
2163 2833 2334 2887 ἔσται
2372 2833 2411 2900 ἠ
2474 2829 2816 2900 παρεμϐολὴ
2862 2828 3072 2894 αὐτοῦ,
3120 2827 3274 2880 ὥστε
3306 2821 3618 2894 πληρῶσαι

414 2931 484 2983 τὰ
514 2930 711 2998 πλάτη
743 2929 849 3000 τῆς
873 2927 1060 2999 χώρας
1091 2949 1225 2985 σου.

485 3019 602 3074 Ὅτι
644 3021 788 3092 παρὰ
831 3039 890 3090 γε
930 3021 989 3074 τὸ
1019 3021 1205 3086 εἰωθὸς
1248 3021 1572 3093 ἀνθρώποις,
1601 3021 1728 3092 ξένη
1755 3038 1816 3074 τε
1859 3020 1956 3074 καὶ

413 3109 726 3193 ἀξιάγαστος
761 3112 907 3165 ἔσται
935 3111 1028 3164 τοῦ
1077 3113 1428 3184 Ἑμμανουὴλ
1460 3113 1832 3184 ἡγέννησις,ή
1869 3109 1957 3162 διὰ

411 3205 504 3275 τῆς
533 3203 688 3272 άγίας
714 3203 1012 3274 Παρθένου,
1057 3204 1155 3258 καὶ
1195 3205 1277 3258 ὅτι
1317 3203 1574 3257 πλείστων
1607 3221 1666 3257 τε
1703 3205 1842 3258 ὅσων
1867 3202 1960 3255 καὶ

406 3295 871 3366 περιφανεστάτων
901 3293 1119 3367 ἀληθῶς
1157 3294 1491 3366 θεοσημειῶν
1530 3293 1957 3362 ἀποτελεσθήσε-

405 3385 520 3440 σθαι
565 3387 708 3441 me
732 3387 956 3458 καιροὺς
984 3383 1044 3440 εὖ
1075 3386 1218 3458 μάλα
1250 3386 1558 3458 διειρηκὼς,
1589 3385 1958 3440 ἀποκαλύπτει

402 3472 478 3544 τῷ
501 3477 749 3548 προφήτῃ
789 3473 992 3539 λοιπον,
1049 3475 1142 3528 καὶ
1182 3473 1280 3546 τὴν
1335 3473 1598 3545 ἐσομένην
1647 3475 1766 3528 κατ’
1793 3471 1956 3526 αὐτοῦ

399 3564 506 3620 τῶν
539 3566 806 3620 Ἰουδαίων
834 3566 1090 3620 ἀπόνοιαν
1112 3563 1251 3616 κατά
1277 3580 1341 3632 γε
1368 3563 1460 3617 τὸν
1488 3563 1589 3634 τῆς
1607 3563 1958 3635 ἐνανθρωπή-

404 3675 538 3722 σεως
572 3659 783 3729 καιρόν.
820 3657 1070 3726 Ἀφίκετο
1093 3657 1272 3727 γεμὴν
1309 3658 1388 3721 είς
1417 3657 1567 3710 τόνδε
1590 3657 1678 3710 τὸν
1709 3657 1910 3725 κόσμον
1934 3655 1962 3706 ὁ

404 3749 694 3820 μονογενὴς
744 3749 838 3801 τοῦ
891 3745 1028 3801 Θεοῦ
1075 3748 1268 3816 Λόγος,
1315 3751 1372 3802 ἐν
1409 3746 1713 3818 ὁμοιώματι
1763 3747 1964 3816 σαρκὸς

397 3841 693 3914 ἁμαρτίας,
716 3842 816 3896 οὐκ
844 3839 1057 3912 ἐμφανῆ
1078 3854 1138 3893 τε
1162 3842 1255 3894 καὶ
1281 3840 1561 3911 ὁρωμένην
1591 3839 1689 3910 τὴν
1712 3839 1810 3909 τῆς
1843 3837 1961 3890 θεο-

396 3926 645 4003 πρεποῦς
692 3931 962 4002 ὑπεροχῆς
1011 3929 1164 3996 δόξαν
1203 3928 1360 3999 ἔχων
1413 3928 1535 3982 οὔτε
1595 3929 1702 4000 μὴν
1733 3929 1872 3982 κατά
1904 3928 1966 3981 τὸ

391 4021 587 4086 εἰωθὸς
625 4019 772 4092 αὐτῷ
823 4019 938 4090 φῶς
975 4020 1138 4074 οἰκῶν
1195 4021 1504 4091 ἀπρόσιτον’
1565 4019 1686 4072 οὐδὲ
1725 4022 1845 4084 ταῖς
1868 4020 1968 4088 ἀγ-

391 4113 640 4182 γελικαῖς
703 4111 964 4184 δυνάμεσι
1020 4111 1478 4184 δορυφορούμενος
1533 4110 1798 4181 ἐναργῶς
1853 4110 1966 4164 ἀλλ’

393 4203 506 4258 οὐδ’
531 4205 589 4256 ὲν
613 4202 737 4275 δόξῃ
787 4203 946 4274 τυχὸν
995 4205 1233 4273 ἐπιγείου
1293 4203 1586 4275 βασιλέως·
1631 4203 1861 4273 μετρίως
1913 4203 1968 4256 δὲ

395 4295 608 4366 σφόδρα
631 4294 726 4348 καὶ
756 4295 1078 4365 ὑφειμένως,
1112 4297 1205 4350 καὶ
1247 4296 1382 4348 πολὺ
1409 4295 1528 4350 λίαν
1573 4295 1830 4366 ἀψοφητί.
1861 4295 1970 4349 Καὶ

386 4384 556 4440 τοῦτο
597 4385 728 4457 ἡμῖν
768 4387 797 4438 ὁ
847 4385 978 4448 Θεὸς
1040 4387 1134 4468 καὶ
1185 4387 1374 4459 Πατὴρ
1431 4387 1520 4439 διὰ
1569 4387 1751 4458 φωνῆς
1802 4386 1969 4455 ἁγίων

388 4477 825 4573 καταμεμήνυκε
877 4477 1068 4573 λέγων’
1138 4496 1158 4530 ι
1205 4478 1337 4532 Ἰδοὺ
1363 4478 1638 4548 συνήσειὸ
1685 4479 1818 4542 Παῖς
1867 4495 1968 4549 μου
1999 4517 2042 4573 Β

393 4567 711 4639 ἀγαπητὸς,
773 4570 832 4622 ἐν
878 4561 923 4638 ᾧ
980 4569 1295 4642 ηὐδόκησα·
1369 4569 1548 4640 κρίσιν
1592 4571 1703 4634 τοῖς
1762 4569 1968 4624 ἔθνεσιν

390 4661 617 4728 ἐξοίσει⁹
645 4660 746 4714 οὐκ
772 4661 962 4732 ἐρίσει,
989 4661 1110 4716 οὐδὲ
1140 4661 1460 4732 κραυγάσει,
1487 4660 1608 4713 οὐδὲ
1637 4660 1968 4731 ἀκουσθήσε-

390 4767 490 4808 ται
515 4753 573 4805 ὲν
608 4753 732 4815 ταῖς
757 4751 1032 4816 πλατείαις
1061 4753 1096 4824 ἡ
1137 4751 1287 4822 φωνὴ
1337 4751 1519 4806 αὐτοῦ.
1559 4751 1816 4824 Κάλαμον
1843 4769 1963 4806 συν-

387 4845 762 4918 τετριμμένον
799 4845 859 4899 ού
909 4844 1199 4912 κατεάξει,
1246 4844 1340 4899 καὶ
1385 4844 1529 4899 λίνον
1564 4845 1864 4915 τυφόμενον
1905 4843 1966 4897 ού

388 4939 639 4994 σϐέσει.)
678 4939 790 4993 Καὶ
823 4939 1022 5010 τρόπος
1063 4939 1162 5010 μὲν
1215 4939 1394 4991 οὑτοσὶ
1432 4937 1530 5006 τῆς
1573 4935 1711 5006 μετὰ
1767 4933 1967 5004 σαρκὸς

386 5029 712 5102 οἰκονομίας
746 5027 836 5083 τοῦ
884 5027 1240 5097 Μονογενοῦς.
1284 5027 1521 5081 Ἰουδαῖοι
1553 5042 1615 5094 γε
1625 5029 1728 5096 μὴν
1769 5026 1818 5077 οἱ
1870 5024 1965 5078 τάο

389 5120 555 5182 λανες
589 5119 651 5172 rb
673 5121 768 5173 ἐπ’
809 5118 958 5190 αὐτῷ
1013 5117 1396 5190 μυστήριον,ἢ
1431 5117 1492 5170 ού
1547 5115 1793 5179 συνέντες
1833 5114 1967 5178 ὅλως

388 5212 566 5283 ἤγουν
613 5210 846 5274 ἀνοσίως
887 5209 1256 5280 διωθούμενοι,
1314 5204 1712 5274 κατεπεφύοντο
1748 5203 1965 5269 δεινῶς,

391 5303 492 5356 καὶ
520 5302 750 5375 ἐζήτουν
786 5300 950 5354 αὺτὸν
987 5301 1301 5354 ἀποκτεῖναι
1339 5298 1606 5366 λέγοντες
1655 5295 1834 5366 «Περὶ
1871 5313 1968 5348 κα-

392 5394 490 5450 λοῦ
518 5395 681 5468 ἔργου
707 5396 769 5450 οὐ
800 5391 1092 5464 λιθάζομέν
1133 5411 1212 5458 σε,
1261 5391 1396 5446 ἀλλὰ
1427 5391 1553 5461 περὶ
1605 5388 1964 5460 βλασφημίας,

397 5491 483 5546 ὅτι
521 5489 587 5541 σὺ
613 5487 900 5559 ἅνθρωπος
931 5485 1026 5548 ὢν,
1053 5487 1224 5550 ποιεῖς
1261 5484 1484 5539 σεαυτὸν
1522 5482 1680 5535 Θεὸν.
1719 5499 1738 5532 ι
1787 5484 1972 5533 Διατε-

397 5575 659 5635 τελέκασι
680 5578 744 5631 δὲ
765 5580 862 5634 καὶ
912 5577 1073 5650 μέχρι
1123 5575 1324 5640 παντὸς
1367 5575 1591 5646 σκληροὶ
1623 5573 1717 5628 καὶ
1751 5571 1969 5644 ὲξήνιοι,

471 5755 646 5814 "15a.
672 5774 786 5829 ut,
815 5760 864 5818 l.
980 5761 1021 5792 ⁸¹
1047 5755 1192 5814 Psal.
1217 5771 1383 5824 van,
1413 5756 1494 5811 l9.

1599 5757 1646 5789 ⁸¹
1667 5754 1820 5812 Joan.
1847 5752 2034 5824 xu,5‘2.

2130 3013 2498 3068 Emmanuelis
2522 3008 2884 3069 nativitatem,
2901 3011 3100 3074 praeter
3122 3014 3464 3056 communem
3483 3013 3616 3052 con-

2061 3101 2394 3160 suetudinem
2433 3111 2622 3152 novam
2655 3093 2962 3148 hominibus
2995 3087 3333 3158 peregrinam
3357 3095 3412 3140 et
3437 3085 3610 3138 admi-

1985 3185 2026 3242 ε
2062 3193 2309 3255 rabilem,
2349 3203 2416 3245 ex
2439 3196 2624 3243 sancta
2655 3183 2898 3253 Virgine,
2950 3178 3412 3250 plurimorumque
3434 3190 3498 3229 ac
3531 3176 3618 3228 in-

2059 3282 2488 3356 signissimorum
2511 3291 2635 3332 vere
2649 3275 2950 3331 divinorum
2968 3273 3246 3340 signorum
3261 3266 3614 3332 ellectricem,

2059 3393 2158 3434 suo
2191 3388 2431 3446 tempore
2457 3372 2682 3444 pulchre
2709 3365 2998 3423 admodum
3037 3361 3329 3432 exposuit:
3361 3360 3618 3430 deinceps

2059 3469 2334 3542 propheta:
2359 3464 2553 3536 aperit,
2578 3462 2814 3516 futuram
2863 3465 3050 3513 contra
3104 3454 3253 3508 illum
3300 3453 3620 3508 inhumana-

2064 3561 2224 3616 tionis
2267 3568 2509 3628 tempore
2549 3553 2852 3610 Judaaorum
2883 3547 3173 3603 insaniam.
3201 3544 3356 3600 Venit
3389 3544 3440 3598 in
3463 3557 3617 3598 mun-

2063 3653 2188 3708 dum
2211 3651 2541 3722 unigenitum
2579 3645 2672 3701 Dei
2707 3643 2961 3709 Verbum,
2985 3641 3040 3696 in
3066 3637 3414 3696 similitudine
3438 3635 3620 3690 carnis

2062 3743 2306 3814 peccati,
2353 3754 2458 3794 non
2489 3736 2748 3792 illustrem
2781 3740 2838 3788 et
2859 3730 3206 3802 spectabilem
3235 3728 3430 3782 divinae
3481 3738 3620 3794 pra:-

2065 3835 2274 3892 stantire
2301 3833 2526 3904 gloriam
2552 3829 2777 3892 habens,
2806 3840 2906 3881 nec
2933 3839 3082 3878 more
3117 3837 3216 3877 suo
3238 3821 3413 3878 solito,
3441 3817 3616 3870 lucent

2067 3901 2325 3982 habitans
2355 3925 2709 3984 inaccessam,
2727 3932 2902 3986 neque
2925 3914 3168 3983 angelico
3180 3901 3421 3965 exercitu
3436 3905 3619 3974 splen-

2067 4017 2190 4074 dide
2223 4016 2518 4084 stipatum;
2568 4012 2678 4066 imo
2710 4023 2810 4062 nec
2861 4008 2916 4061 in
2964 4006 3129 4076 gloria
3161 4000 3406 4056 mortalis
3452 3998 3615 4066 regis,

2067 4107 2160 4162 sed
2183 4107 2424 4159 modeste
2449 4100 2758 4160 admodum,
2807 4106 2865 4150 et
2915 4093 3201 4156 submisse,
3245 4099 3300 4144 et
3353 4088 3473 4142 sine
3519 4085 3625 4140 ullo

2071 4199 2322 4269 strepitu.
2379 4193 2550 4263 quue
2579 4191 2736 4246 nobis
2789 4189 2930 4242 Deus
2963 4194 3020 4240 et
3048 4183 3230 4247 Pater,
3291 4194 3422 4235 voce
3469 4191 3623 4234 sanc-

2071 4304 2248 4350 torum
2309 4288 2558 4358 designat
2615 4282 2801 4338 dicens
2851 4295 2866 4332 :
2910 4296 2929 4330 ι
2969 4277 3109 4331 Ecce
3161 4275 3422 4344 intelliget
3451 4271 3656 4327 Filius'

2069 4399 2223 4442 meus
2255 4381 2502 4445 dilectus,
2533 4376 2586 4432 in
2608 4387 2714 4446 quo
2743 4369 3045 4440 conquievi,
3081 4366 3338 4434 judicium
3367 4363 3618 4436 gentibus

2071 4477 2288 4539 inferet,
2312 4489 2416 4528 non
2443 4467 2753 4530 contendet,
2813 4479 2986 4534 neque
3039 4460 3313 4522 clamabit,
3366 4473 3468 4513 nec
3520 4471 3620 4509 au-

2073 4570 2250 4624 dietur
2301 4567 2354 4621 in
2403 4563 2595 4634 plateis
2645 4576 2748 4616 vox
2799 4557 2948 4626 ejus,
3015 4556 3279 4609 calamum
3338 4549 3626 4604 contritum

2073 4675 2176 4714 non
2219 4657 2552 4725 confringet,
2610 4665 2665 4708 et
2719 4653 2881 4705 linum
2932 4649 3206 4702 incensum
3271 4655 3372 4694 non
3429 4637 3627 4692 remin-

2072 4763 2196 4822 guet
2226 4750 2292 4802 ⁵³.
2353 4767 2371 4800 ι
2422 4747 2487 4801 Et
2531 4746 2618 4800 hic
2663 4742 2876 4812 quidem
2931 4739 3117 4792 modus
3183 4732 3282 4784 fuit
3345 4728 3624 4796 dispensa-

2074 4817 2235 4900 tionis
2265 4837 2537 4908 Unigeniti
2579 4838 2630 4890 in
2660 4849 2842 4888 carne.
2869 4828 3038 4884 Judmi
3069 4836 3246 4879 autem
3280 4819 3484 4886 miseri,
3519 4817 3625 4872 boc

2073 4938 2140 4992 de
2175 4936 2267 4990 illo
2309 4931 2620 5004 mysterium
2667 4943 2772 4982 non
2825 4923 3188 4990 intelligentes
3243 4915 3498 4976 omnino,
3535 4919 3630 4965 aut

2072 5036 2216 5084 certe
2243 5028 2405 5094 impie
2441 5021 2833 5090 opprimentes,
2871 5015 3108 5085 graviter
3145 5020 3333 5066 contra
3358 5007 3623 5064 culimu-

2074 5120 2368 5178 labantur,
2425 5113 2582 5178 eique
2616 5117 2844 5163 mortem
2906 5105 3288 5165 moliebantur,
3349 5099 3625 5154 dicentes:

2079 5209 2234 5278 137
2276 5225 2294 5256 ι
2328 5205 2413 5260 0'.)
2440 5204 2636 5258 bonum
2669 5214 2801 5268 opus
2828 5213 2930 5251 non
2964 5195 3263 5261 lapidamus
3288 5199 3340 5243 te
3362 5228 3378 5253 ,
3427 5185 3518 5278 sed
3557 5187 3626 5237 ob

2075 5277 2484 5366 blasphemiam,
2517 5292 2660 5362 quod
2685 5302 2738 5345 tu
2768 5292 2926 5344 homo
2951 5303 3074 5342 cum
3099 5285 3192 5350 sis,
3228 5283 3361 5337 facis
3397 5277 3624 5346 teipsum

2079 5388 2244 5442 Deum
2283 5385 2352 5438 “.
2392 5403 2412 5438 ι
2455 5381 2876 5438 Pcrseverarunt
2922 5379 3082 5432 etiam
3126 5388 3222 5443 per
3270 5369 3446 5428 omnia
3489 5381 3626 5438 prat-

2076 5475 2231 5531 fracti
2263 5483 2318 5529 et
2348 5472 2597 5535 eﬂ‘renes,
2651 5481 2708 5526 et
2745 5470 2847 5524 hoc
2893 5477 3149 5536 praeterea
3190 5464 3256 5518 ad
3298 5460 3626 5534 impietatem

2078 5565 2305 5624 accedit.
2339 5563 2690 5618 Adduxerunt
2724 5557 2864 5614 enim
2882 5556 3072 5622 Pilato,
3097 5555 3335 5610 dicentes
3360 5567 3375 5608 :
3405 5569 3425 5604 ι
3455 5543 3626 5612 Tolle,

2165 5751 2210 5784 ⁵³
2233 5751 2330 5809 lsa.
2355 5765 2484 5818 xui,
2512 5747 2622 5804 1-5.
2731 5745 2776 5778 ⁸³
2795 5743 2946 5800 Joan.
2973 5757 3026 5812 ς,
3049 5738 3138 5796 55.

3498 343 3606 400 suo
3696 315 3710 326 ’
