4122 6292
533 325 639 385 227

1492 317 1575 379 ’5.
1616 320 1886 377 (ῑῐηιιω
1922 317 2737 375 ALEXANDRINI‘A'RCHIEP.

3646 302 3753 377 eis

541 442 686 507 tolle,
717 442 971 513 cruciﬁge
998 456 1143 497 eum.
1178 461 1197 494 ι
1226 441 1316 495 Ille
1345 450 1522 496 autem
1551 455 1673 495 cum
1707 442 1773 494 ad
1799 441 1912 496 haec
1926 454 2093 510 prope

2195 440 2287 494 καὶ
2314 439 2372 492 τὸ
2395 440 2475 492 ἑτι
2500 437 2701 492 τούτων
2735 438 2988 492 ἐπέκεινα
3013 437 3229 508 πρδςίτὸ
3260 434 3537 498 δυσσεϐὲς.
3577 437 3754 506 Προσ-

539 533 722 588 ridens
752 535 956 588 diceret
993 548 1007 584 :
1044 534 1241 602 lit-gem
1294 531 1874 599 vestrum'crueiligam
1906 532 1928 584 2
1988 531 2093 585 Ex-

537 626 842 679 clatuamnt
884 624 1174 679 dicentes:
1214 641 1233 675 ι
1281 623 1396 679 Non
1462 627 1725 679 habemus
1769 638 1948 692 regem
1991 625 2093 679 nisi

538 717 803 770 Cmsarcm
867 716 933 769 ⁸⁵.
977 735 997 767 ι
1027 712 1159 771 Vide
1186 719 1368 787 itaque
1414 734 1523 788 quo
1579 720 1890 789 p‘acto'ejus
1928 727 2094 786 regno

537 823 731 874 parere
766 808 1090 870 recnsarint,
1132 818 1184 863 et
1232 808 1501 864 Caesarem
1543 827 1608 865 ac
1649 812 1895 866 homines
1942 824 2095 880 reges

534 900 793 952 crearint.
825 898 1008 967 Itaque
1046 900 1145 954 hoc
1179 901 1515 968 acuigmatiee
1564 901 1701 957 Deus
1749 904 2091 975 perspicuum

538 1005 601 1044 ac
639 998 892 1043 testatum
920 992 1194 1059 pr0phela:
1221 991 1368 1046 facit.
1398 992 1529 1046 Cum
1561 1009 1710 1057 vero,
1754 1006 1812 1048 ut
1839 995 2091 1061 arbitror,

536 1080 947 1149 explicationem
996 1083 1261 1137 sermonis
1326 1082 1483 1151 hujus
1537 1086 1694 1139 rebus
1756 1095 1865 1140 tum
1927 1087 2093 1153 gestis

535 1176 997 1235 accommodatam
1031 1174 1223 1230 afferre
1258 1188 1680 1231 consentaneum
1714 1179 1783 1232 sit
1815 1197 1829 1232 :
1868 1180 2094 1235 dicimus

533 1282 686 1333 aqua:
717 1266 919 1319 Siloam
955 1284 1076 1321 eum
1108 1284 1327 1337 regnum
1359 1270 1593 1324 divinum
1627 1272 1875 1325 conferre
1897 1314 1911 1337 ,
1950 1274 2091 1340 quod

534 1359 625 1412 ubi
667 1359 1339 1428 contempsissentJudrei,
1367 1362 1518 1415 alteri
1581 1363 1989 1427 subdebantur,
2040 1372 2094 1418 et

472 1491 481 1496 .
539 1449 889 1502 tradebantur
910 1450 1176 1505 hostibus.
1210 1452 1344 1505 lline
1366 1453 1476 1505 ait:
1513 1471 1531 1503 ‹
1563 1452 1821 1517 Quoniam
1847 1471 1950 1507 nou
1983 1456 2095 1509 vult

532 1541 764 1609 populus
802 1542 901 1594 iste
936 1558 1127 1610 aquam
1167 1543 1366 1598 Siloam
1412 1543 1660 1598 liuentem
1720 1545 1946 1614 placide,
1997 1548 2093 1601 sed

531 1633 735 1688 habere
769 1636 971 1689 mavult
1016 1635 1282 1701 Raassou,
1317 1646 1372 1691 et
1403 1636 1567 1689 lilium
1609 1638 1864 1692 Romelize
1914 1654 2091 1708 regem

533 1726 679 1779 inter
710 1742 820 1788 vos,
849 1736 1128 1794 propterea
1182 1741 1308 1780 ecce
1357 1728 1566 1780 reducit
1610 1728 1864 1782 Dominus
1905 1729 1958 1782 in
1995 1743 2093 1782 vos

532 1832 725 1884 aquam
770 1816 1317 1871 lhn-ii'vehementem
1367 1828 1422 1873 et
1477 1819 1865 1882 abundantem,
1912 1834 2089 1889 regem

531 1910 902 1978 Assyriorum.
941 1928 960 1961 ι
1005 1911 1210 1979 Aquam
1241 1910 1444 1963 Siloam
1492 1912 1628 1964 adeo
1671 1912 1880 1980 placide
1927 1908 2094 1965 ﬂuere

535 2000 746 2063 dicunt,
787 2001 1050 2068 utquiete
1076 2002 1192 2053 sine
1242 2002 1389 2055 omni
1436 2002 1614 2055 sonitu
1658 2001 2089 2069 praeterlabatur.

533 2088 776 2144 Vertitur
813 2102 990 2144 autem
1020 2090 1221 2144 Siloam
1249 2090 1462 2144 missus.
1497 2090 1715 2159 Itaque,
1744 2097 1804 2145 ut
1823 2092 1933 2160 jam
1960 2092 2091 2158 dixi,

533 2181 849 2236 sumitnrut
881 2181 1153 2251 sitimago
1207 2189 1263 2235 et
1309 2183 1711 2251 reprazsentatio
1762 2185 1929 2237 nostri
1969 2182 2096 2236 Scr-

533 2273 737 2326 vatoris
769 2274 1055 2336 adventus,
1082 2273 1172 2343 qui
1207 2273 1414 2341 absque
1436 2275 1584 2328 omni
1618 2289 1894 2329 murmure
1927 2275 2094 2330 exsti-

540 2365 624 2425 tit,
662 2378 719 2416 ut
772 2364 930 2416 m0th
969 2362 1102 2416 dixi.
1160 2361 1357 2418 Missus
1414 2374 1592 2417 autem
1631 2378 1759 2418 vere
1798 2362 2090 2426 Christus;

539 2455 892 2516 quatuobretn
922 2451 1236 2520 Apostolum
1290 2464 1345 2507 et
1375 2452 1689 2508 Pontiliccut
1734 2454 2094 2511 confessionis

528 2556 731 2599 nostrae
773 2540 991 2613 sapiens
1032 2544 1228 2598 Paulus
1270 2546 1509 2600 nominat
1536 2549 1624 2613 ης
1728 2549 1926 2617 accipit
1965 2550 2091 2604 item

527 2650 630 2704 pro
687 2635 923 2705 imagine
977 2645 1031 2688 et
1085 2646 1210 2705 typo
1244 2637 1398 2703 regni
1444 2638 1535 2690 Dei
1584 2637 1807 2693 Siloam.
1861 2639 2096 2694 Proinde

542 2724 975 2792 quandoquidem
996 2724 1222 2791 pepulus
1247 2723 1349 2777 iste
1365 2724 1658 2778 obduratus
1686 2733 1739 2778 et
1772 2723 2090 2790 eﬂ'renatus,

534 2831 731 2884 aquam
786 2814 988 2868 Siloam
1041 2814 1232 2868 leuiter
1281 2812 1532 2869 ﬂuentem
1563 2816 1833 2884 Lrespuit,
1893 2817 2098 2870 excutit

535 2908 677 2959 enim
707 2904 799 2959 Dei
818 2905 1026 2973 jugum,
1060 2904 1335 2973 magisque
1360 2905 1505 2973 cupit
1528 2905 1805 2960 hominum
1824 2921 1988 2976 regno
2007 2922 2099 2960 su-

542 3000 719 3059 besse,
749 3007 801 3052 et
820 3006 876 3050 ut
900 2996 1145 3051 homines
1167 2995 1398 3051 habendi
1419 2996 1711 3066 cupiditate
1738 2996 2049 3051 inﬂammati
2077 3016 2092 3052 :

534 3090 1143 3160 Raasson,inquam,et
1163 3087 1372 3144 Pbasee
1399 3090 1503 3145 sibi
1533 3090 1876 3146 dominentur
1903 3110 1917 3145 :
1953 3091 2118 3170 ltauc‘

508 3170 602 3235 ‘ob
624 3197 841 3237 causam
873 3222 890 3250 ,
923 3181 976 3236 in
999 3196 1094 3238 eos
1127 3198 1323 3252 aquam
1362 3181 1530 3250 ﬂuvii,
1564 3186 1616 3239 id
1649 3196 1753 3254 est,
1793 3186 2095 3254 Euphratis

535 3276 844 3330 innuittam.
898 3276 1113 3332 Atcum
1153 3276 1329 3332 oratio
1357 3278 1649 3332 involutior
1682 3280 1791 3343 sit,
1843 3278 2094 3346 adiunxit

530 3382 698 3435 porro
735 3366 943 3429 statim,
991 3375 1047 3420 et
1071 3367 1287 3435 inquit:
1322 3381 1503 3436 regem
1564 3369 1841 3437 Assyrium
1879 3378 1935 3423 et
1979 3369 2097 3438 glo-

534 3460 673 3512 riam
695 3456 831 3523 ejus,
853 3456 902 3508 id
921 3467 1025 3524 σει,
1048 3472 1236 3512 omnes
1254 3458 1496 3513 subditos
1517 3458 1652 3527 ejus,
1670 3468 1721 3512 et
1737 3474 1949 3514 omnem
1969 3474 2096 3529 gen-

541 3564 648 3603 tem
682 3547 947 3603 cervicem
966 3549 1045 3604 eis
1058 3550 1506 3604 substernentem.
1534 3550 1704 3618 Aqua:
1726 3564 1853 3605 vero
1883 3566 2096 3619 compa-

541 3650 627 3695 rat
648 3642 1084 3704 multitudinem,
1115 3642 1272 3711 idque
1298 3658 1364 3697 ex
1395 3656 1541 3696 more
1574 3642 1827 3696 divinitus
1847 3643 2098 3712 aspirata:

537 3731 845 3799 Scriptum.
873 3731 1035 3804 138
1063 3731 1336 3802 Siquidem
1364 3733 1429 3788 de
1461 3731 1649 3788 Ninive
1675 3742 1729 3787 et
1759 3733 2097 3788 multitudine

525 3824 1072 3896 ejusinmtmerabiti,
1097 3824 1227 3878 dicit
1247 3838 1377 3878 voce
1403 3824 1779 3893 prophetarum
1809 3838 1825 3878 :
1856 3842 1874 3875 ι
1911 3824 1974 3878 Et
2002 3823 2093 3878 Ni-

537 3930 659 3969 mve
686 3916 830 3970 velut
855 3916 1057 3981 piscina
1085 3930 1367 3983 aquarum,
1390 3931 1543 3985 aqua;
1557 3916 1672 3985 ejus
1694 3916 1763 3969 ⁵⁷.
1794 3940 1813 3967 ι
1839 3915 2095 3970 ltnmora-

541 4016 626 4062 tur
652 4019 827 4063 autem
858 4012 910 4062 in
965 4008 1352 4073 translatione,
1395 4018 1448 4061 et
1482 4018 1733 4075 tanquam
1767 4007 1834 4062 de
1867 4008 2008 4062 unda
2043 4016 2098 4062 et

532 4099 699 4156 ﬂuvio
725 4100 893 4155 dicit:
920 4120 936 4151 ι
958 4100 1019 4154 EI
1052 4100 1375 4154 ascendet-in
1397 4115 1608 4155 omnem
1622 4100 1818 4154 vallem
1841 4110 2092 4165 vestram,

536 4202 589 4245 et
620 4193 1011 4260 perambulabit
1036 4207 1250 4246 onmem
1276 4208 1486 4246 murum
1516 4201 1780 4256 vestrum,
1809 4200 1864 4246 et
1889 4190 2096 4245 auferet

536 4298 568 4337 a
600 4283 1076 4340 Judma-homiuem
1104 4285 1197 4354 qui
1225 4297 1383 4356 caput
1414 4285 1593 4340 levare
1616 4287 1831 4355 poterit,
1861 4296 1953 4338 aut
1980 4283 2093 4338 elli-

534 4388 663 4428 cere
696 4374 919 4443 aliquid.
957 4376 1401 4430 Et‘eruntcastra
1432 4375 1569 4443 ejus,
1598 4386 1655 4428 ut
1681 4376 1990 4430 latitudines
2012 4389 2097 4428 re-

2194 531 2324 601 ἧγον
2379 531 2475 602 μὲν
2531 532 2638 603 γάρ
2667 529 2744 601 τῷ
2776 530 2991 601 Πιλάτῳ
3041 529 3307 597 λέγοντες·
3360 546 3378 579 ι
3406 523 3561 598 Αἶρε,
3592 522 3753 600 αἴρει,

2195 620 2504 691 σταύρωσον
2519 621 2697 675 αὐτόν.
2726 641 2744 673 ι
2780 620 3016 674 Ἐκείνου
3036 620 3092 672 δὲ
3117 620 3250 691 πρὸς
3273 620 3447 673 ταῦτα
3466 620 3750 689 μονονουχὶ
3824 618 3841 691 κ’

2193 713 2651 784 καταμειδιῶν-τός
2680 730 2735 765 τε
2766 712 2859 766 καὶ
2892 711 3155 779 λέγοντος·
3201 710 3302 763 Τὸν
3349 707 3571 779 βασιλέα
3601 710 3752 780 ὑμῶν
3821 707 3846 760 ξε

2196 804 2527 875 σταυρώσως
2585 804 3062 877 κατεκεκράγεσαν
3115 803 3383 871 λέγοντες·
3429 822 3449 854 ι
3486 805 3598 858 Οὐκ
3637 805 3751 875 ἑχο-

2197 916 2294 969 μεν
2323 898 2545 968 βασιλέα
2578 900 2626 951 εἰ
2666 898 2739 971 μὴ
2772 898 3078 967 Καίσαρα.)
3124 896 3312 968 Ἀθρει
3334 895 3398 967 δὴ
3427 897 3571 959 ὅπως
3593 898 3751 969 ἠρνή-

2196 1008 2355 1044 σαντο
2390 991 2485 1061 μὲν
2536 990 2597 1043 τὸ
2636 991 2727 1043 ὑπ’
2759 990 2923 1043 αὑτοῦ
2968 989 3367 1059 βασιλεύεσθαι,
3404 990 3655 1061 Καίσαρα
3696 992 3749 1045 δὲ

2193 1083 2286 1135 καὶ
2309 1081 2623 1152 ἀνθρώπους
2651 1083 3020 1153 ἐπεγράφοντο
3048 1082 3316 1153 βασιλέας.
3334 1083 3752 1152 Αἰνιγματωδῶς

2192 1171 2479 1243 τοιγαροῦν
2514 1170 2592 1242 τῷ
2632 1173 2881 1244 προφήτῃ
2940 1170 3070 1235 θεὸς
3116 1170 3247 1225 αὐτὸ
3296 1172 3358 1242 δὴ
3415 1171 3570 1223 τοῦτο
3620 1170 3755 1224 καθ-

2197 1260 2404 1332 ίστησιν
2433 1263 2681 1332 ἐναργές.
2718 1261 2932 1334 Ἐπειδὴ
2959 1262 3015 1315 δὲ
3044 1265 3341 1334 προσήκειν
3364 1263 3754 1334 ὑπολαμϐάνω,

2194 1354 2287 1407 καὶ
2314 1354 2374 1407 τὸ
2402 1356 2512 1416 τοῖς
2542 1353 2795 1429 τηνικάδε
2825 1355 3111 1425 πράγμασι
3138 1356 3450 1424 πρέπουσαν
3477 1355 3571 1408 τοῦ
3597 1355 3756 1424 λόγου

2193 1447 2519 1516 ποιήσασθαι
2553 1445 2649 1516 τὴν
2686 1446 2956 1500 ἀπόδοσιν·
3006 1446 3183 1516 φαμὲν
3229 1447 3310 1499 ὅτι
3352 1446 3428 1517 τῷ
3476 1445 3627 1500 ὕδατι
3662 1447 3755 1500 τοῦ

2192 1537 2412 1607 Σιλωὰμ
2437 1537 2535 1607 τὴν
2567 1537 2671 1589 ὑπὸ
2700 1536 2820 1608 Θεῷ
2857 1538 3175 1609 παρεικάζει
3210 1537 3505 1608 βασιλείαν,
3540 1538 3608 1609 ῆν
3634 1539 3754 1591 ἀτι⁴

2198 1628 2465 1698 μάσαντες
2505 1627 2761 1691 Ἰουδαῖοι,
2798 1630 3083 1697 γεγόνασιν
3113 1631 3200 1698 ὑφ’
3226 1631 3417 1701 ἑτέρῳ,
3449 1630 3542 1683 καί
3586 1630 3757 1683 δέδον-

2192 1735 2280 1771 ται
2307 1720 2418 1782 τοῖς
2465 1719 2696 1789 ἐχθροῖς.
2732 1718 2996 1791 Ταύτῃτοί
3036 1731 3201 1786 φησιο
3240 1736 3258 1768 ‹
3289 1719 3388 1770 Διά
3433 1717 3494 1770 τὸ
3529 1716 3603 1788 μὴ
3636 1715 3756 1788 βού-

2193 1808 2378 1862 λεσθαι
2437 1811 2527 1862 τὸν
2576 1809 2701 1863 λαὸν
2765 1808 2952 1861 τοῦτον
3000 1809 3062 1862 τὸ
3116 1808 3259 1880 ὕδωρ
3286 1809 3380 1861 τοῦ
3440 1807 3659 1879 Σιλωὰμ
3695 1809 3757 1861 τὸ

2195 1901 2553 1970 πορευόμενον
2617 1903 2833 1976 ἡσυχῇ,
2899 1900 3034 1953 ἀλλὰ
3110 1901 3392 1971 βούλεσθαι
3458 1901 3599 1973 ἔχειν
3665 1902 3757 1955 τὸν

2205 1989 2504 2056 Ῥαασσὼν,
2529 1990 2623 2043 καὶ
2660 1990 2751 2043 τὸν
2785 1991 2896 2045 υἱὸν
2947 1990 3040 2044 τοῦ
3092 1991 3364 2060 Ῥομελίου
3413 1991 3632 2062 βασιλέα
3669 1991 3757 2061 ἐφ’

2192 2080 2378 2151 ὑμῶν,
2417 2080 2507 2133 διὰ
2555 2079 2712 2134 τοῦτο
2752 2081 2858 2134 ἰδοὺ
2893 2082 3083 2150 ἀνάγει
3132 2083 3334 2154 Κύριος
3380 2084 3463 2153 ἐφ’
3492 2084 3635 2155 ὑμᾶς
3692 2084 3754 2137 τὸ

2193 2169 2336 2243 ὕδωρ
2366 2171 2459 2225 τού
2490 2173 2731 2241 ποταμοῦ
2759 2174 2819 2227 τὸ
2846 2174 3060 2245 ἰσχυρὸν
3090 2176 3263 2229 καὶτὸ
3298 2177 3452 2240 πολὺ,
3476 2177 3566 2230 τὸν
3598 2177 3754 2247 βασι-

2191 2260 2285 2313 λέα
2314 2261 2421 2315 τῶν
2449 2265 2761 2335 ’Λσσυρίων.
2786 2285 2804 2316 ι
2836 2265 2909 2318 Τὸ
2943 2265 3035 2319 τοῦ
3062 2265 3279 2338 Σιλωάμ
3304 2267 3446 2337 ὕδωρ
3472 2270 3583 2337 ῥεῖν
3612 2266 3755 2320 οὕτω

2193 2355 2353 2421 φασὶν
2386 2357 2584 2429 ἡσυχῇ,
2617 2356 2691 2420 ὡς
2732 2356 2850 2428 δίχα
2901 2357 3104 2411 κτύπου
3160 2359 3477 2429 προχεῖσθαι
3531 2360 3750 2429 παντὸς.

2205 2428 2592 2518 Ἐρμηνεύεται
2652 2448 2709 2500 δὲ
2778 2450 3014 2520 Σιλωὰμ,
3054 2428 3476 2521 ἀπεσταλμένος.
3530 2428 3752 2521 Δέχετάι

2192 2537 2369 2590 τοίνυν
2396 2541 2474 2602 εἰς
2500 2539 2681 2593 εἰκόνα
2711 2541 2800 2592 καὶ
2826 2541 2993 2595 τύπον
3032 2542 3193 2594 αὐτὸν
3245 2540 3342 2610 τῆς
3373 2541 3467 2594 τοῦ
3506 2542 3753 2614 Σωτῆρος

2193 2628 2347 2699 ἡμῶν
2380 2631 2697 2701 παρουσίας,
2725 2631 2824 2699 τῆς
2881 2633 3117 2705 ἀψοφητὶ
3163 2633 3551 2705 γεγενημένης,
3581 2634 3751 2687 καθά-

2195 2736 2301 2788 περ
2333 2719 2468 2791 ἒφην
2494 2721 2714 2791 ἀρτίως.
2763 2723 3193 2794 Ἀπεσταλμένος
3241 2725 3297 2778 δὲ
3355 2726 3471 2779 κατ’
3500 2724 3751 2795 ἀλήθειαν

2193 2812 2222 2863 ὁ
2250 2812 2499 2881 Χριστός.
2533 2814 2844 2869 Ἀπόστολον
2873 2814 2999 2883 γοῦν
3033 2816 3125 2868 καὶ
3157 2817 3438 2888 Ἀρχιερέα
3469 2816 3628 2870 αὐτὸν
3654 2817 3754 2887 τῆς

2193 2901 2479 2972 ὁμολογίας
2512 2903 2666 2973 ἡμῶν
2712 2905 2805 2957 καὶ
2846 2906 2874 2957 ὁ
2908 2906 3066 2973 σοφὸς
3094 2907 3347 2975 ὀνομάζει
3390 2908 3617 2972 Παῦλος.
3650 2909 3751 2961 Δέ·

2194 3010 2345 3065 χεται
2368 2994 2424 3047 δὲ
2471 2994 2667 3064 ὁμοίως
2693 2997 2784 3048 καὶ
2816 2994 3149 3061 ἁπαξαπλῶς
3175 2997 3273 3068 τῆς
3310 2998 3414 3052 ὑπὸ
3450 2998 3570 3071 Θεῷ
3602 3000 3753 3071 βασι·-

2195 3082 2339 3147 λείας
2363 3087 2441 3149 εἰς
2467 3084 2632 3138 τύπον
2655 3086 2745 3140 τὸν
2777 3085 3013 3157 Σιλωάμ.
3034 3088 3239 3142 Οὐκοῦν
3265 3090 3557 3163 ἐπειδήπερ
3576 3094 3604 3146 ὁ
3630 3090 3755 3155 λαὸς

2195 3168 2348 3239 οὗτος
2376 3179 2404 3229 ὁ
2438 3176 2703 3248 άκαμπὴς
2750 3178 2845 3230 καὶ
2879 3178 3111 3249 ἐξήνιος,
3158 3182 3217 3234 οὐ
3250 3181 3497 3251 βούλεται
3526 3184 3670 3254 ἔχειν
3696 3184 3756 3238 τὸ

2196 3265 2340 3336 ὕδωρ
2372 3268 2466 3320 τοῦ
2487 3268 2707 3339 Σιλωάμ
2722 3268 2785 3322 τὸ
2807 3271 3169 3341 πορευόμενον
3194 3279 3374 3347 ἡσυχῇ
3389 3292 3403 3307 ο
3442 3275 3756 3330 ἀποσείεται

2192 3360 2304 3431 γὰρ
2328 3359 2418 3412 τὸν
2457 3360 2560 3413 ὑπὸ
2612 3359 2729 3430 Θεῴ
2770 3360 2965 3430 ζυγόν·
3015 3365 3272 3435 ἐπιθυμεῖ
3320 3366 3376 3419 δὲ
3423 3367 3622 3437 μᾶλλον
3654 3367 3758 3422 ὑπὸ

2196 3453 2295 3523 τὴν
2326 3450 2623 3523 ἀνθρώπων
2653 3445 2792 3505 εἶναι
2816 3451 3107 3523 βασιλείαν,
3142 3458 3235 3508 καὶ
3266 3457 3585 3528 κατισχύσαι
3621 3459 3757 3529 μᾶλ-

2196 3542 2286 3597 λον
2319 3543 2481 3596 αὑτοῦ
2505 3544 2630 3608 τοὺς
2656 3545 2992 3599 πλεονεκτεῖν
3015 3547 3310 3612 ἐθέλοντας,
3333 3550 3423 3602 τὸν
3458 3548 3754 3609 Ῥαασσὼν,

2197 3636 2359 3707 φημὶ,
2381 3637 2591 3689 καὶτὸν
2621 3638 2795 3690 Φακεέ
2816 3654 2828 3667 ·
2866 3639 3070 3710 ταύτης
3117 3640 3280 3694 ’ἑνεκα
3311 3641 3406 3710 τῆς
3456 3641 3632 3705 αἰτίας
3670 3642 3755 3694 ἐπ’

2196 3727 2377 3790 αὐτοῖς
2411 3729 2595 3796 ἀνήσω
2617 3728 2675 3781 τὸ
2700 3727 2846 3800 ’ὕδωρ
2874 3727 2966 3784 τοῦ
3020 3729 3283 3799 ποταμοῦ,
3323 3730 3468 3783 τοῦτ’
3497 3732 3632 3797 ἔστι,
3662 3730 3756 3784 τοῦ

2197 3820 2503 3889 Εὐφράτου.
2540 3819 2755 3891 Ἐπειδὴ
2776 3820 2831 3873 δὲ
2858 3815 2923 3891 ἦν
2965 3821 3329 3891 ἁσαφέστερύς
3358 3838 3473 3884 πως
3520 3824 3547 3874 ὁ
3578 3822 3752 3890 λόγος,

2197 3910 2533 3984 προσεπάγει
2561 3912 2917 3981 παραχρῆμα,
2940 3914 3033 3965 καί
3057 3928 3207 3983 (ρησι,
3239 3910 3462 3964 Βασιλέα
3483 3910 3590 3964 τῶν
3628 3912 3752 3963 Ἀσ-

2198 4002 2419 4072 συρίων,
2450 4003 2545 4055 καὶ
2598 4003 2695 4073 τὴν
2724 4002 2880 4067 δόξαν
2926 4004 3111 4057 αὑτοῦ·
3142 4004 3283 4057 τοῦτ’
3324 4003 3458 4066 ἔστι,
3505 4003 3630 4066 τοὺς
3660 4002 3751 4055 ὑπ’

2196 4095 2345 4166 αὑτῷ
2368 4094 2594 4157 πάντας,
2632 4096 2726 4147 καὶ
2751 4095 2895 4149 ἅπαν
2926 4095 3079 4160 ἔθνος
3116 4095 3175 4148 τὸ
3225 4094 3571 4167 ὑπεστρωκὸς
3604 4098 3754 4169 αὐτῷ

2193 4187 2286 4240 τὸν
2314 4187 2536 4258 αὐχένα.
2565 4187 2759 4240 ’Ύδατι
2816 4188 2873 4241 δὲ
2927 4187 3245 4260 παρεικάζει
3296 4188 3365 4243 τὰ
3413 4190 3614 4263 πλήθη.
3650 4194 3758 4246 Καὶ

2194 4280 2351 4334 τοῦτο
2375 4281 2493 4344 ἔθος
2522 4284 2586 4353 τῇ
2624 4280 2961 4353 θεοπνεύστῳ
2983 4284 3191 4353 Γραφῇ.
3210 4284 3319 4336 Καὶ
3345 4282 3474 4351 γοῦν
3505 4286 3633 4356 περὶ
3658 4285 3758 4354 τῆς

2196 4372 2418 4442 Νινευῆ,
2450 4375 2545 4426 καὶ
2575 4374 2674 4444 τῆς
2707 4376 2764 4427 ἐν
2788 4376 2924 4445 αὐτῇ
2945 4376 3314 4445 ἀναριθμήτου
3353 4376 3759 4449 πληθύος,φησὶ

536 4465 712 4535 gionis
732 4476 832 4519 tua:
850 4465 1109 4535 repleam.
1126 4486 1153 4517 η»
1184 4467 1446 4521 Perducta
1468 4476 1592 4520 sunt
1613 4468 1678 4520 ad
1699 4468 1899 4521 exitum
1918 4468 2094 4520 omnia

2198 4465 2284 4517 διὰ
2304 4467 2484 4536 φωνῆς
2522 4466 2836 4537 προνρητῶνο
2868 4487 2885 4519 ι
2917 4469 3025 4523 Καὶ
3050 4467 3270 4537 Νινευῆ,
3297 4467 3372 4530 ὡς
3405 4468 3759 4541 κολυμΰήθρα

544 4566 676 4622 haec,
701 4559 1054 4627 propbetante
1072 4556 1330 4622 Jeremia,
1349 4556 1871 4613 Nabuchodonosoro
1893 4560 2094 4628 regioni

538 4647 852 4704 Judmorum
892 4648 1088 4701 bellum
1123 4646 1410 4711 inferente,
1432 4657 1487 4700 et
1530 4647 1827 4702 Jerusalem
1859 4651 2098 4716 percele-

540 4739 691 4793 brem
722 4738 957 4801 delente,
988 4736 1183 4806 templo
1238 4736 1478 4803 incenso,
1529 4735 1952 4806 Judaeorumque
1980 4740 2094 4792 cla-

538 4827 767 4882 rissimis
796 4829 929 4882 viris
960 4826 1280 4893 interfectis,
1307 4826 1577 4897 simulque
1592 4842 1712 4882 cum
1734 4828 1882 4883 vasis
1897 4830 2091 4894 sacris,

536 4918 791 4973 universa
826 4918 1169 4973 multitudine
1190 4956 1208 4981 ,
1252 4933 1371 4987 qua:
1406 4919 1619 4987 quidem
1657 4920 1869 4973 residua
1902 4934 1932 4974 e
1954 4919 2091 4974 bello

534 5015 803 5071 evaserat,
821 5007 871 5059 in
892 5006 1010 5075 ejus
1030 5008 1160 5062 lines
1176 5009 1424 5063 adducta.
1441 5006 1786 5078 Perspicuum
1810 5007 1972 5079 igitur
1986 5021 2087 5072 est,

535 5102 625 5170 qui
650 5117 843 5173 aquam
878 5101 1080 5157 Siloam
1110 5102 1302 5156 leniter
1319 5100 1591 5166 ﬂuentem,
1621 5103 1669 5156 id
1694 5111 1795 5168 est,
1819 5101 2090 5158 Christum

534 5193 651 5247 sive
682 5208 903 5263 regnum
928 5193 1019 5247 Dei
1047 5192 1245 5247 habere
1265 5192 1474 5259 volunt,
1499 5194 1582 5246 liis
1604 5194 1822 5249 omnino
1841 5194 2087 5265 Assyrio-

524 5297 654 5336 ~rum
682 5298 886 5353 regem,
922 5283 1024 5338 hoc
1044 5292 1150 5349 εει,
1176 5280 1431 5336 Satanam
1458 5282 1862 5348 insultaturum,
1891 5295 1945 5338 et
1962 5299 2090 5353 eap—

536 5374 673 5428 tivos
740 5388 868 5430 suos
918 5373 1045 5445 jugo
1101 5374 1548 5443 suppositarum,
1597 5384 1653 5429 et
1712 5375 2093 5443 multiplicibus

532 5476 873 5527 peccatorum
900 5465 1106 5534 laqueis
1136 5466 1498 5537 {constrictum
1538 5479 1722 5521 servos
1752 5464 2091 5523 effecturum.

2200 4555 2405 4609 ὑδάτων
2436 4555 2504 4608 τὰ
2563 4556 2727 4610 ὕδατα
2767 4558 2955 4627 αὐτῆς.
2995 4574 3014 4608 ι
3061 4556 3339 4625 Ἐπιμένει
3387 4557 3444 4610 δὲ
3477 4560 3542 4629 τῇ
3579 4563 3755 4632 τροπῇ

2199 4648 2291 4700 καί
2314 4663 2492 4718 φησιν·
2539 4667 2558 4700 ι
2599 4650 2683 4713 Ὠς
2741 4651 2824 4719 ἐφ’
2856 4650 3042 4713 ὕδατός
3090 4667 3150 4703 τε
3197 4650 3292 4703 καὶ
3343 4651 3613 4722 ποταμοῦ,
3666 4656 3756 4708 καὶ

2199 4738 2527 4808 ἀναϐήσεται
2551 4742 2641 4794 ἐπὶ
2664 4743 2842 4794 πᾶσαν
2869 4742 3128 4813 φάραγγα
3174 4742 3346 4812 ὑμῶν,
3380 4745 3477 4798 καὶ
3517 4763 3754 4818 περιπα-

2198 4830 2353 4897 τήσει
2383 4830 2473 4882 ἐπὶ
2503 4832 2610 4885 πᾶν
2656 4835 2831 4904 τεῖχος
2873 4834 3065 4903 ὑμῶν,
3130 4835 3222 4888 καὶ
3268 4836 3457 4905 ἀφελεῖ
3500 4836 3607 4891 ἀπὸ
3656 4840 3756 4909 τῆς

2198 4920 2454 4985 Ἰουδαίας
2486 4922 2789 4993 ἄνθρωπον,
2836 4924 2894 4988 ὃς
2943 4925 3225 4996 δυνήσεται
3278 4930 3517 5001 κεφαλὴν
3543 4927 3753 5001 ἇραι,ῆ

2186 5011 2416 5065 δυνατὸν
2440 5014 2857 5069 συντελέσασθαί
2900 5032 2974 5071 τι.
3027 5017 3136 5070 Καὶ
3165 5017 3317 5071 ἔσται
3363 5025 3396 5092 ὴ
3434 5021 3748 5093 παρεμϐολὴ

2193 5102 2378 5169 αὐτοῦ,
2420 5103 2559 5158 ὥστε
2591 5106 2872 5178 πληρῶσαι
2901 5107 2971 5162 τά
3001 5109 3178 5178 πλάτη
3229 5111 3327 5181 τῆς
3373 5111 3553 5183 χώρας
3584 5131 3698 5168 σου.
3723 5134 3744 5167 ι

2198 5192 2373 5265 Ἤχθη
2400 5194 2456 5247 δὲ
2511 5196 2589 5258 εἰς
2629 5196 2798 5267 πέρας
2850 5196 3063 5251 ἅπαντα
3115 5198 3292 5264 ταυτὶ,
3326 5201 3752 5272 προφητεύοντος

2206 5286 2484 5358 Ἰερεμίου,
2521 5289 2608 5341 ὅτε
2637 5290 2734 5359 τῆς
2754 5289 3016 5363 Ἰουδαίων
3061 5289 3245 5361 χώρας
3293 5294 3749 5364 κατεστράτευσεν

2197 5379 2227 5431 ὁ
2268 5378 2757 5451 Ναϐουχοδονόσορ·
2804 5382 2895 5434 καὶ
2927 5381 3144 5436 καθεῖλε
3174 5382 3274 5451 μὲν
3303 5382 3402 5453 τὴν
3429 5384 3753 5454 περιϐόητον

2211 5470 2516 5542 Ἱερουσαλή
2526 5487 2582 5541 μ·
2611 5474 3004 5543 κατεμπρήσας
3028 5473 3083 5526 δὲ
3106 5477 3199 5527 καὶ
3221 5475 3311 5526 τὸν
3336 5474 3482 5537 ναὸν,
3514 5475 3609 5528 καὶ
3633 5478 3756 5539 τοὺς

522 5553 641 5610 τῶν
694 5556 962 5612 Ἰουδαίων
1014 5561 1314 5632 ἐπισήμως
1362 5560 1716 5628 ἀπεκτονὼς,
1779 5562 1916 5633 ὁμοῦ
1979 5566 2093 5629 τοῖς
2133 5566 2348 5622 σκεύεσι
2377 5571 2488 5633 τοῖς
2544 5569 2708 5639 ἱεροῖς
2757 5568 2855 5640 τὴν
2884 5568 3049 5640 ἀλλην
3072 5569 3285 5624 ἃπασαν
3324 5568 3417 5621 καὶ
3442 5568 3759 5643 ὑπολελειμ-

455 5685 513 5795 gl
588 5709 827 5767 "'Joan.
872 5716 1093 5780 amis.
1141 5719 1587 5793 "'llcbr.m,l.
1642 5720 1933 5797 ."_Nahum
1980 5722 2115 5793 11,8.
