4122 6292
314 298 416 353 sea

1455 305 1522 359 IN
1557 303 1791 359 ISAIAM
1823 302 1950 357 LIB.
1988 302 2009 355 Ι
2068 304 2273 358 URAT.
2319 303 2382 358 ν.

3443 307 3547 363 230

319 421 488 490 μένην
515 422 580 472 ἐκ
609 420 701 473 τοῦ
747 419 981 491 πολέμου
1035 419 1244 490 πληθὺν
1300 417 1631 488 ἀπεκόμισεν
1686 421 1765 483 εἰς
1814 417 1912 488 τὴν
1979 417 2195 472 ἑαυτοῦ.
2230 417 2499 489 Πρόδηλον
2522 413 2615 471 οὖν
2642 419 2720 472 δτι
2749 420 2861 484 τοῖς
2889 419 2987 473 οὐκ
3021 416 3298 474 ἐθέλουσιν
3323 421 3465 493 ἔχειν
3487 423 3550 477 τὸ

316 512 462 585 ὕδωρ
484 513 577 566 τοῦ
602 513 822 585 Σιλωὰμ
850 513 913 566 τὸ
948 514 1317 583 πορευόμενον
1348 514 1548 590 ἡσυχῇ,
1580 511 1722 565 τοῦτ’
1768 511 1883 564 ἔστι
1922 511 2177 582 Χριστὸν,
2253 512 2369 581 ἤτοι
2403 511 2502 581 τὴν
2559 512 2664 564 ὑπὸ
2698 511 2817 581 Θεῷ
2878 511 3167 581 βασιλείαν,
3220 514 3547 584 ἐπιπηδήσει

318 607 534 672 πάντως
582 612 610 662 6
674 609 778 662 τῶν
818 607 1025 678 νοητῶν
1094 607 1393 678 Ἀσσυρίων
1421 607 1688 676 βασιλεὺς,
1717 605 1859 659 τοῦτ’
1883 605 2050 669 ἔστιν,
2081 607 2109 657 6
2176 606 2433 669 Σατανᾶς,
2470 606 2562 660 καὶ
2616 606 2989 676 αἰχμαλώτους
3043 605 3195 672 ἑλὼν,
3221 609 3333 671 τοῖς
3401 607 3547 671 ἰδίοις

321 699 581 770 ὑποθήσει
617 700 816 768 ζυγοῖς,
850 699 947 753 καὶ
974 700 1187 768 ποιήσει
1208 697 1444 762 δούλους,
1472 700 1591 761 ταῖς
1624 698 1688 750 ἐκ
1709 696 2061 769 πολυτρόπων
2100 694 2380 765 ἁμαρτιῶν
2412 697 2799 766 κατασφίγγων
2832 699 3057 766 σειραῖς.
3472 690 3481 701 ⁸

386 792 524 847 Μεθ’
550 791 712 861 ἡμῶν
744 796 777 846 ὁ
807 792 972 858 Θεὸς,
1006 791 1193 862 γνῶτε
1245 793 1411 860 ἔθνη,
1460 792 1561 845 καὶ
1591 791 1851 860 ἡττᾶσθε
1877 807 1891 821 ·

2068 787 2232 844 Vsus.
2273 790 2424 845 9-10.
2479 791 2767 845 Nobiscum
2826 794 2988 855 Deus,
3027 795 3207 845 scitote
3239 803 3413 857 gentes
3440 833 3455 857 ,
3496 801 3550 847 et

316 885 686 939 ἐπακούσατε
733 885 846 949 ἕως
894 884 1159 955 ἐσχάτου
1210 884 1320 952 τῆς
1368 883 1481 953 τῆς
1513 900 1527 914 ’
1571 884 1884 952 ισχυκότες

318 974 594 1043 ἡττᾶσθε.
631 977 775 1031 Ἐὰν
795 978 905 1048 γὰρ
933 979 1119 1030 πάλιν
1145 978 1458 1045 ίσχύσητε,
1500 975 1689 1029 πάλιν
1708 976 1886 1043 ἡττη-

319 1064 602 1131 θήσεσθε.
661 1066 773 1119 Καὶ
841 1065 922 1134 ἢν
980 1065 1058 1119 ἂν
1116 1067 1546 1132 ,ϐουλεύσησθε
1608 1064 1886 1133 βουλὴν,

319 1153 706 1210 διασκεδάσει
765 1157 1028 1224 Κύριοςο
1060 1156 1157 1210 καὶ
1211 1158 1397 1223 λόγον
1439 1154 1511 1206 ὃν
1566 1153 1637 1207 ἂν
1698 1150 1922 1218 ,κωλῆ--

321 1261 486 1314 ante,
548 1252 620 1300 οὐ
663 1246 749 1317 μὴ
784 1248 1030 1317 ἐμμείνῃ
1055 1262 1071 1278 ο
1105 1247 1194 1301 ὅτι
1244 1246 1372 1315 μεθ’
1418 1243 1584 1313 ήμῶν
1618 1246 1830 1313 Κύριος
1855 1247 1890 1297 ὁ

325 1339 485 1403 Θεός.

407 1430 740 1502 Ἀνασκιρτᾷ
767 1430 844 1500 τῷ
877 1430 1133 1502 προφήτῃ
1178 1428 1321 1499 πρὸς
1376 1426 1638 1499 θυμηδίαν
1665 1430 1693 1482 6
1745 1428 1889 1494 νοῦς,

333 1525 676 1590 ὲπεγνωκότι
717 1523 904 1592 σαιξῶς
936 1523 997 1576 τὸ
1025 1521 1257 1594 Χριστοῦ
1289 1524 1599 1592 μυστήριον.
1628 1516 1760 1574 Εἶτα
1784 1521 1893 1573 τῶν

331 1614 506 1681 ἁγίων
538 1615 939 1682 εὐαγγελιστῶν
969 1617 1061 1668 καὶ
1097 1614 1276 1685 μέντοι
1306 1614 1398 1666 καὶ
1430 1612 1736 1665 ἀποστόλων
1756 1610 1817 1664 τό
1838 1629 1894 1664 τε

332 1704 629 1773 πρόσωπον
657 1704 789 1774 ὁμοῦ
818 1706 911 1757 καὶ
950 1705 1041 1756 τὸν
1074 1703 1227 1771 λόγον
1260 1700 1562 1763 ἀναλαϐὼν,
1593 1699 1813 1770 Ἕλλησί
1836 1716 1895 1751 τε

330 1792 427 1844 καὶ
458 1792 732 1855 Ἰουδαίοις
764 1791 1043 1862 μονονουχὶ
1089 1791 1183 1844 καὶ
1218 1790 1686 1861 διαμαρτύρεται,
1736 1786 1897 1842 ὅπλον

327 1884 442 1945 τοῖς
476 1886 861 1953 πεποιημένας
886 1882 1067 1948 αὐτὸν,
1086 1881 1237 1934 οὐδὲν
1265 1882 1414 1934 ἔσται
1436 1882 1496 1933 τὸ
1524 1879 1895 1934 ἀντιστατοῦν.

330 1976 450 2038 Τοῖς
474 1975 576 2046 μὲν
601 1971 705 2028 ὀὖν
736 1974 912 2029 ἔθνεσι
961 1975 1055 2028 δύο
1100 1974 1272 2028 ταῦτα
1326 1973 1664 2045 κατορθῶσαι
1715 1974 1897 2028 διακε-

332 2064 558 2125 λεύεται,
576 2065 866 2133 διαγνῶναί
892 2082 952 2117 τε
970 2066 1033 2119 τὸ
1060 2064 1293 2135 Χριστοῦ
1322 2066 1638 2136 μυστήριον,
1666 2066 1758 2119 καὶ
1786 2067 1895 2137 μὴν

1986 880 2251 934 υἰηεὲηιὶηἱ
2284 894 2302 932 :
2341 881 2585 933 exaudita
2610 898 2768 951 usque
2799 885 2866 933 ml
2914 893 3202 935 extremum
3233 895 3428 948 terra;
3459 899 3550 952 qut

1986 971 2359 1039 prwoaluistis,
2398 972 2690 1025 viucimini.
2736 970 2795 1026 Si
2837 973 2974 1023 enim
3012 989 3199 1025 rursus
3255 975 3546 1040 puerulum

1989 1062 2127 1123 ritis,
2155 1063 2312 1115 etiam
2346 1062 2533 1114 iterum
2560 1063 2861 1116 vincemini.
2898 1063 2964 1115 Ιιέ
2999 1065 3344 1132 quodcunque
3375 1067 3548 1118 consi-

1990 1154 2118 1206 lium
2175 1154 2453 1217 inircritis,
2512 1155 2784 1223 dissipabit
2817 1154 3092 1217 Dominus,
3123 1171 3171 1208 et
3201 1173 3368 1211 sermo
3400 1175 3551 1227 quem

1995 1244 2276 1312 loquamini
2313 1242 2528 1296 minime
2566 1244 2752 1308 stabit,
2806 1246 2927 1313 quia
2976 1246 3246 1299 nobiscum
3289 1246 3548 1302 Dominus

1986 1332 2150 1387 Deus.

2058 1424 2256 1478 Essilit
2290 1440 2398 1494 pra:
2436 1428 2631 1496 gaudio
2663 1429 2875 1481 animus
2899 1430 3193 1499 prophetae,
3237 1439 3421 1500 utpote
3457 1432 3549 1499 qui

1994 1516 2151 1586 plane
2188 1516 2387 1571 Christi
2430 1520 2741 1588 tnySterium
2786 1522 3025 1590 agnovit.
3089 1521 3289 1575 Deinde
3335 1533 3551 1575 sancto-

1997 1626 2113 1664 rum
2143 1612 2600 1679 evangelistarum
2649 1623 2702 1667 et
2752 1614 3117 1681 apostolorum
3150 1622 3261 1667 tum
3294 1631 3547 1682 persona,

1999 1713 2106 1756 tum
2151 1705 2402 1757 oratione
2439 1715 2751 1773 assumpta,
2784 1706 2986 1760 Grmcis
3007 1716 3074 1761 'et
3106 1705 3313 1761 Iuda-is
3343 1718 3548 1760 tantum

2000 1808 2105 1847 non
2141 1804 2502 1857 contestatur,
2531 1797 2674 1863 quod
2715 1796 2757 1848 si
2787 1795 2934 1848 illum
2958 1810 3106 1848 arma
3137 1795 3384 1863 fecerint,
3417 1798 3552 1850 nihil

1998 1883 2238 1939 futurum
2278 1888 2347 1940 sit
2376 1890 2515 1955 quod
2546 1889 2778 1941 resistat.
2807 1886 3065 1943 Gentibus
3102 1889 3263 1957 igitur
3287 1890 3550 1958 praecipit,

1986 1985 2057 2028 ~ut
2086 1976 2194 2031 duo
2225 1979 2337 2031 haec
2373 1986 2517 2031 recte
2544 1993 2607 2030 ac
2632 1978 2918 2048 diligenter
2947 1980 3144 2034 faciant
3180 2019 3195 2044 ,
3229 1989 3286 2033 ut
3321 1994 3551 2050 cegnoso

1999 2080 2124 2124 eaut
2168 2070 2367 2125 Christi
2419 2073 2760 2142 mysterium,
2824 2082 2881 2128 et
2914 2083 2974 2127 ut
3022 2075 3089 2127 ah
3145 2074 3232 2130 his
3283 2076 3373 2144 qui
3422 2074 3551 2127 illud

334 2158 410 2211 δτι
440 2158 532 2211 καὶ
562 2155 823 2228 ἡττᾶσθαι
858 2156 962 2227 χρὴ
1001 2160 1113 2219 τοῖς
1148 2156 1488 2209 διδάσκουσιν
1516 2156 1665 2210 αὑτό.
1721 2157 1896 2210 Γνῶτε

1999 2161 2193 2217 docent
2223 2164 2363 2216 vinci
2398 2178 2456 2218 se
2487 2165 2778 2232 patiamur.
2826 2165 3232 2232 Seitme‘enim,
3266 2168 3463 2236 inquit,
3497 2176 3553 2221 ct

333 2248 457 2319 γὰρ,
495 2248 646 2317 φησὶ,
679 2247 771 2300 καὶ
800 2247 891 2299 τὸν
922 2249 980 2300 ἐν
1012 2247 1163 2318 αὐτῷ
1199 2246 1422 2312 δέξασθε
1460 2248 1640 2315 λόγον,
1673 2249 1768 2301 καὶ
1799 2250 1897 2318 ήτ-

332 2339 550 2409 τήθητε,
580 2337 722 2391 τοῦτ’
745 2337 881 2403 ἐστι,
915 2340 1318 2410 παραχωρεῖτε,
1354 2340 1449 2392 καὶ
1481 2338 1555 2408 μὴ
1578 2338 1896 2393 ἀνθίστασθε

332 2431 443 2491 τοῖς
474 2429 646 2497 ἁγίοις
682 2431 1077 2498 μυσταγωγοίςο
1106 2428 1458 2483 ὑπακούσατε
1481 2429 1538 2481 δὲ
1578 2430 1776 2500 μᾶλλον
1802 2431 1898 2483 αὖ·

330 2521 444 2582 τοῖς
496 2520 600 2580 ἓως
659 2519 884 2589 ἐσχάτου
942 2521 1040 2589 τῆς
1090 2520 1215 2589 γῆς,
1252 2519 1398 2573 τοῦτ’
1450 2520 1616 2586 ἔστιν,
1654 2523 1704 2575 οἰ
1758 2522 1897 2575 κατὰ

335 2607 517 2660 πᾶσάν
546 2623 603 2658 τε
626 2606 782 2658 πόλιν
804 2607 898 2659 καὶ
931 2606 1136 2683 χώραν,
1173 2610 1264 2662 καὶ
1296 2610 1460 2681 μέχρι
1486 2610 1668 2663 αὐτῶν
1692 2612 1899 2682 τερμά-

339 2714 449 2750 των
485 2698 583 2765 τῆς
613 2697 703 2749 ὑπ’
738 2698 983 2768 οὐρανόν.
1018 2699 1081 2750 υἱ
1100 2698 1156 2751 δὲ
1180 2700 1478 2772 ἡττώμενοί
1508 2718 1566 2754 τε
1594 2704 1687 2756 καὶ
1719 2720 1898 2777 παρα-

343 2790 541 2858 χωρεῖν
570 2786 840 2850 ὲθέλοντες
857 2788 917 2840 τὸ
940 2790 1093 2859 νικᾷν
1113 2793 1220 2852 τοῖς
1240 2794 1331 2862 τῆς
1363 2793 1621 2862 ἀληθείας
1645 2794 1898 2849 διδασκά-

348 2883 461 2945 λοις
488 2922 502 2941 .
532 2880 860 2946 εἰσδέξονται
897 2881 994 2950 μὲν
1020 2882 1248 2947 εὐκόλως
1276 2884 1363 2938 τὸν
1393 2887 1524 2956 παρ’
1548 2886 1694 2959 αὐτῷ
1719 2887 1896 2957 λόγον,

358 2974 778 3037 πεπιστευκότες
808 2974 864 3027 δὲ
893 2976 971 3038 είς
1000 2976 1228 3047 Χριστὸν
1263 2976 1567 3048 βαδιοῦνται
1610 2983 1730 3034 κατ’
1770 2982 1898 3036 εὐθὺ

354 3068 553 3130 παντὸς
581 3067 797 3136 ἀγαθοῦ,
832 3070 922 3122 καὶ
956 3072 1052 3139 τήν
1083 3071 1230 3141 αὐτῷ
1268 3071 1582 3143 φιλαιτάτην
1628 3074 1901 3146 κατορθώ-

352 3175 542 3222 σαντες
576 3159 787 3231 ἀρετήν,
812 3159 1068 3230 λαμπράν
1096 3178 1154 3214 τε
1191 3163 1284 3214 καὶ
1328 3164 1687 3236 ἀξιοζήλωτον
1735 3184 1901 3220 κατα-

346 3254 797 3323 κληρονομήσουσι
818 3253 995 3317 δόξαν.
1025 3256 1134 3307 Καὶ
1158 3257 1317 3308 ταυτὶ
1352 3257 1457 3326 ,μὲν
1486 3260 1595 3320 τοῖς
1634 3257 1899 3329 Ἑλλήνων

344 3343 597 3412 στίφεσιν,
625 3345 701 3408 ὡς
730 3346 794 3397 ὲκ
817 3345 1106 3416 προσώπου
1136 3346 1242 3399 τῶν
1268 3348 1436 3415 ἁγίων
1459 3350 1772 3403 ἀποστόλων
1806 3350 1901 3403 καὶ

338 3435 736 3504 εὐαγιίελιστῶν
769 3439 797 3490 6
823 3438 1105 3509 προφήτης
1141 3439 1323 3510 φησίνυ
1368 3440 1550 3510 Ὑμεῖς
1581 3441 1657 3508 δὲ,
1688 3438 1733 3495 ὦ
1768 3444 1897 3495 Ἰου-

1994 2252 2111 2322 ejus
2148 2267 2450 2308 sermonem
2484 2256 2679 2324 capite,
2707 2266 2761 2310 et
2796 2258 3094 2320 vincimini,
3127 2258 3179 2311 id
3235 2268 3339 2322 est,
3374 2260 3549 2313 cedite

1994 2344 2276 2398 etsauetis
2336 2346 2670 2414 mystagogis
2728 2347 2893 2401 nolite
2944 2348 3240 2412 resistere,
3298 2348 3393 2401 sed
3449 2346 3555 2400 illis

1996 2437 2172 2505 petius
2223 2438 2627 2500 ohseeundate,
2675 2447 2731 2493 et
2774 2439 3062 2505 claudite,
3112 2452 3284 2507 usque
3348 2438 3414 2491 ad
3455 2452 3552 2491 ex-

1996 2538 2226 2582 tremum
2262 2538 2457 2594 terrm,
2516 2522 2708 2595 idest,
2768 2531 2861 2600 qui
2910 2531 3184 2600 in'quavis
3222 2529 3445 2586 civitate
3496 2539 3553 2584 et

1997 2620 2215 2689 regione
2267 2622 2419 2687 estis,
2447 2632 2502 2675 et
2533 2638 2700 2690 usque
2731 2623 2797 2675 ad
2853 2623 2996 2689 ipsos
3028 2622 3163 2678 lines
3192 2621 3344 2678 orbis
3378 2631 3551 2677 terra-

1989 2725 2139 2765 rum.
2181 2712 2341 2783 139
2360 2712 2563 2783 Quippe
2593 2714 2716 2768 victi
2742 2715 2836 2784 qni
2860 2724 3004 2780 sunt,
3040 2715 3239 2785 quique
3265 2714 3545 2769 victoriam

1997 2804 2272 2873 magistris
2306 2808 2549 2860 Veritatis
2569 2809 2870 2861 concedere
2909 2807 3122 2871 volunt,
3169 2807 3327 2861 facile
3365 2821 3553 2861 eorum

1994 2896 2228 2949 orationi
2268 2898 2546 2962 accedent,
2581 2909 2636 2953 et
2668 2899 2947 2952 credentes
2976 2900 3037 2951 in
3076 2898 3377 2959 Christum,
3404 2908 3551 2951 recta

1999 2984 2051 3037 in
2083 2987 2227 3037 omni
2261 2987 2545 3054 probitatis
2596 3003 2793 3055 genere
2842 2989 3292 3056 progretlientur,
3353 2990 3554 3057 gratis-

2001 3076 2304 3142 simamque
2340 3077 2666 3131 ei‘virtntem
2724 3078 3055 3138 excoleutes,
3088 3079 3449 3145 splendidam,
3502 3090 3558 3131 et

1998 3168 2362 3222 admiratione
2411 3169 2864 3238 amtttlationeque
2912 3170 3280 3237 dignissimam
3330 3168 3556 3239 gloriam

1998 3271 2419 3328 consequentur.
2458 3261 2522 3314 Et
2565 3261 2677 3315 hac
2728 3261 2942 3329 quidem
3001 3259 3311 3315 Graacorum
3346 3261 3555 3317 cohorti

2001 3359 2252 3415 tanquam
2310 3366 2372 3405 ex
2440 3367 2668 3420 persona
2718 3362 3027 3407 sanctorum
3083 3354 3445 3423 apostolorum
3495 3366 3560 3409 ac

2001 3444 2453 3513 evntigelistarnm
2505 3446 2766 3514 propheta
2786 3445 2922 3498 dicit
2956 3462 2971 3499 :
3007 3443 3112 3500 Vos
3142 3458 3345 3512 autem,
3388 3463 3420 3501 o
3461 3445 3560 3503 Ju»

335 3531 493 3597 δαῖοι,
531 3532 808 3601 ἰσχυκὸτες
839 3531 1091 3600 ἡττᾶσθε.
1124 3534 1284 3587 Ὅσον
1313 3534 1413 3604 μὲν
1438 3536 1545 3607 γὰρ
1590 3538 1666 3600 εἷς
1717 3554 1779 3606 γε
1810 3537 1899 3590 τὸν

2006 3512 2272 3604 dtei,qui
2334 3512 2707 3604 pramatuistis,
2768 3537 3065 3592 vineimiui.
3128 3537 3261 3591 Nam
3298 3541 3440 3608 quod
3489 3541 3555 3592 ad

339 3625 526 3678 ἐνόντα
552 3626 665 3686 τοῖς
703 3624 978 3688 Ἰουδαίοις
1008 3625 1227 3689 σκοπὸν,
1285 3627 1615 3698 κατίσχυσαν
1643 3629 1734 3682 τοῦ
1769 3630 1904 3700 Χρι-

342 3714 495 3779 στοῦ,
527 3713 743 3785 σταυρῷ
768 3715 1094 3786 παραδόντες
1126 3718 1175 3769 οἱ
1200 3717 1440 3771 δείλαιοι.
1474 3719 1617 3787 Πλὴν
1652 3721 1901 3773 ἐδουλεύ-

342 3823 507 3859 σαντο
536 3805 753 3875 βουλὴν,
782 3807 847 3877 ἢν
876 3807 935 3860 οὐ
962 3806 1041 3877 μὴ
1082 3805 1342 3861 δύνωνται
1393 3812 1602 3879 στῆσαι,
1660 3812 1799 3865 κατὰ
1842 3813 1902 3865 τὸ

340 3898 747 3970 γεγραμμένον.
786 3898 857 3951 Οὐ
902 3898 1009 3969 γὰρ
1031 3894 1098 3970 ἦν
1131 3899 1386 3953 δύνασθαι
1417 3900 1630 3972 θανάτῳ
1682 3904 1903 3975 περιδα-

341 3990 452 4043 λείν
476 3990 567 4043 τὸν
595 3988 836 4060 ἀρχηγὸν
862 3993 958 4060 τῆς
980 3992 1141 4062 ζωῆς.
1158 3992 1368 4045 Οὐκοῦν
1384 3996 1430 4046 εί
1448 3995 1538 4047 καὶ
1566 3997 1901 4066 νενομίκατε,

344 4082 527 4151 φησὶν,
560 4081 776 4152 ἰσχῦσαι
796 4083 1348 4153 Κυριοκτονήσαντες,
1377 4084 1491 4136 ἀλλ’
1519 4080 1611 4138 οὖν
1637 4086 1900 4157 ἡττήθητε

342 4173 550 4236 λοιπὸν,
576 4174 668 4227 καὶ
695 4173 812 4227 δότε
844 4173 905 4226 τὸ
934 4174 1180 4239 εὐπειθὲς
1227 4178 1657 4248 παραδεξάμενοι
1694 4181 1792 4250 τὴν
1822 4182 1904 4233 πί-

345 4280 481 4328 στιν,
512 4263 675 4334 ἡγουν
702 4265 881 4316 ἐκεῖνο
902 4262 1212 4332 γινώσκετε,
1232 4266 1331 4319 κᾶν
1358 4269 1437 4320 ὅτι
1465 4268 1623 4322 πάλιν
1652 4270 1902 4340 ἰσχύσητε

347 4352 419 4422 μὴ
454 4351 773 4421 ἀνεχόμενοι
828 4351 929 4423 τῆς
982 4352 1348 4419 διδασκαλίας,
1390 4356 1503 4409 ἀλλ’
1544 4359 1903 4429 ἐπιτιμῶντες

343 4442 547 4512 ἀγρίως
568 4446 679 4507 τοῖς
701 4443 762 4495 τὸ
791 4443 1120 4512 Εὐαγγέλιον
1154 4447 1598 4515 καταγγέλλουσι,
1626 4449 1785 4504 πάλιν
1808 4453 1901 4522 ἡτ-

340 4536 640 4607 τηθήσεσθε
674 4535 952 4600 κολάζοντι
982 4538 1166 4592 λοιπὸν
1220 4539 1296 4610 τῷ
1330 4541 1528 4611 Κριτῇ.
1562 4542 1655 4595 καὶ
1684 4543 1783 4607 τὰς
1808 4545 1903 4615 τῆς

340 4629 484 4683 οὓτω
523 4631 741 4699 μακρᾶς
799 4629 1056 4692 ἀπονοίας
1108 4631 1346 4685 αἰτοῦντι
1399 4633 1569 4697 δίκας.
1612 4637 1675 4688 '0
1714 4636 1776 4708 δὴ
1810 4638 1903 4691 καὶ

1994 3622 2307 3679 Judaaornzn
2338 3628 2560 3695 quidem
2587 3629 2893 3682 institutum
2928 3631 3137 3692 attinet,
3166 3630 3561 3698 pra-valuerunt

2003 3713 2219 3768 Christo
2255 3729 2374 3768 cum
2428 3717 2609 3770 miseri
2650 3717 2793 3770 cruci
2849 3732 2970 3771 cum
3018 3721 3338 3774 traderent:
3372 3735 3557 3773 verum

2004 3803 2275 3858 iniret-unt
2305 3805 2609 3871 consilium,
2652 3808 2793 3875 quod
2833 3822 2937 3861 non
2975 3818 3260 3877 potuerant
3290 3810 3556 3872 stabilire,

1998 3895 2150 3961 juxta
2180 3895 2229 3947 id
2258 3897 2402 3963 quod
2431 3898 2692 3965 scriptum
2722 3908 2822 3951 est.
2859 3898 2967 3951 Nec
3010 3901 3152 3952 enim
3200 3898 3313 3951 ﬁeri
3359 3899 3556 3968 potuit,

1998 3995 2064 4040 ut
2096 3995 2269 4038 morte
2301 4002 2612 4053 oppressum
2652 3999 2902 4041 tenerent
2933 3989 3057 4043 vitae
3097 3990 3418 4056 principem.
3458 3992 3561 4041 Ita-

2004 4092 2108 4146 que
2133 4076 2238 4129 etsi
2275 4077 2554 4142 putavistis
2578 4079 2821 4144 potiores
2865 4077 3050 4131 tulisse
3103 4094 3222 4130 cmn
3275 4078 3553 4132 Dominum

2007 4164 2373 4221 trucidavistis
2398 4204 2414 4229 ,
2450 4175 2626 4219 tamen
2676 4165 2929 4232 deinceps
2956 4167 3254 4230 vincimiui,
3308 4179 3561 4237 praestate

1996 4254 2383 4321 obedientiam,
2438 4255 2595 4309 ﬁdem
2623 4254 3028 4321 amplectimini,
3068 4272 3132 4310 ac
3176 4257 3306 4312 illud
3340 4260 3554 4324 scitote,

1997 4352 2144 4421 quod
2187 4350 2286 4404 etsi
2330 4350 2555 4419 posthac
2619 4347 3031 4417 prtevalueritis,
3063 4359 3236 4404 tamen
3279 4353 3322 4407 si
3355 4365 3559 4419 mysta-

2003 4444 2214 4514 gogiam
2248 4441 2390 4496 ferre
2422 4456 2531 4495 non
2563 4441 2761 4507 velitis,
2795 4441 2890 4496 sed
2942 4442 3024 4496 his
3062 4443 3157 4512 qui
3211 4443 3559 4514 Evangelium

2004 4534 2349 4598 annuntiaut,
2379 4534 2674 4589 crudeliter
2735 4534 3024 4599 insoltctis,
3073 4536 3138 4589 de
3182 4535 3391 4603 integro
3438 4538 3561 4587 vin-

2004 4628 2202 4682 cemini
2235 4643 2263 4682 a
2291 4627 2482 4683 Judice
2510 4629 2600 4697 qui
2631 4632 2843 4683 tandem
2869 4608 3039 4697 pnnil,
3076 4638 3309 4684 ettanta:
3346 4641 3561 4697 tamque

342 4723 671 4790 πέπρακται.
700 4720 854 4774 Μετὰ
882 4720 988 4793 γάρ
1007 4738 1089 4773 τοι
1126 4721 1186 4773 τὸ
1211 4722 1506 4778 ἀναϐιῶναι
1527 4727 1778 4797 Χριστὸν,
1808 4731 1899 4782 καὶ

2005 4720 2270 4774 diuturnae
2311 4721 2533 4775 insanias
2580 4734 2767 4789 poenas
2791 4722 3014 4789 expetit.
3062 4722 3210 4785 Quod
3251 4731 3304 4774 et
3361 4721 3557 4776 laetum

339 4810 578 4865 ἀνελθεῖν
604 4813 685 4874 είς
730 4812 975 4882 οὐρανὸν,
1029 4813 1124 4866 καὶ
1171 4815 1350 4877 αὐτοῖς
1394 4818 1746 4874 ἐπεϐούλευον
1790 4824 1901 4885 τοῖς

339 4902 511 4970 ἁγίοις
538 4898 875 4964 ἀποστόλοις·
911 4902 1004 4954 καὶ
1056 4903 1117 4973 δὴ
1154 4904 1245 4955 καὶ
1293 4905 1634 4975 εἰσφέροντες
1675 4912 1731 4962 ἐν
1788 4912 1900 4972 τοῖς

338 4994 632 5065 συνεδρίοις
658 4992 889 5046 ἔτυπτον
917 4993 1265 5060 ἐγκαλοῦντες
1293 4998 1384 5048 καὶ
1404 4997 1669 5065 λέγοντες·
1688 5001 1902 5069 Παραγ-

336 5083 487 5156 γελίᾳ
508 5082 960 5154 παρηγγείλαμεν
1007 5083 1134 5153 ὑμῖν
1182 5087 1257 5155 μὴ
1313 5085 1490 5140 λαλεῖν
1541 5107 1645 5142 τινι
1693 5092 1784 5143 ἐπὶ
1821 5091 1899 5161 τῷ

328 5176 556 5247 ὀνόματι
593 5174 797 5245 τούτῳ,
827 5176 921 5227 καὶ
951 5174 1060 5226 ἰδοὺ
1089 5175 1485 5246 πεπληρώκατε
1511 5179 1608 5250 τὴν
1638 5180 1903 5251 Ἰερουσα-

327 5269 435 5340 λὴμ
463 5269 569 5337 τῆς
607 5266 832 5337 διδαχῆς
855 5265 1027 5335 ὑμῶν.
1060 5267 1266 5319 Οὐκοῦν
1308 5268 1489 5333 ἔδοξαν
1521 5271 1616 5341 μὲν
1641 5272 1733 5325 καὶ⁵
1761 5273 1901 5327 κατά

322 5364 477 5415 τοῦτο
504 5361 738 5433 ἰσχύειν,
775 5358 917 5428 πλὴν
948 5357 1177 5427 ἀνόνητα
1225 5360 1402 5413 πάντα
1438 5364 1638 5426 αὐτοῖς,
1671 5367 1759 5417 καὶ
1780 5365 1901 5434 βου-

317 5455 404 5527 λή,
436 5454 531 5509 καὶ
559 5450 783 5522 σκέψις,
820 5449 917 5503 καὶ
951 5446 1127 5515 λόγος·
1175 5449 1369 5503 ἐνίκων
1401 5451 1506 5522 γὰρ
1533 5454 1583 5505 oi
1632 5454 1902 5508 θεσπέσιοι

312 5548 558 5620 μαθηταὶ
586 5544 852 5609 λέγοντες
871 5579 887 5602 ,
916 5538 1054 5592 διότι
1099 5538 1232 5592 Μεθ’
1264 5542 1421 5611 ἡμῶν
1460 5543 1661 5615 Κύριος
1697 5548 1723 5598 6
1750 5546 1901 5609 Θεός.

304 5645 371 5697 Ui
393 5642 451 5696 δὲ
488 5637 707 5709 πικρὰς
743 5632 1032 5705 ἐξῄτηνται
1069 5630 1239 5695 δίκας,
1271 5637 1387 5697 ταῖς
1419 5634 1697 5705 Ῥωμαίων
1743 5655 1904 5707 στρα-

300 5740 443 5803 τιαῖς
473 5734 573 5792 καὶ
606 5731 714 5801 οὐχ
742 5727 965 5786 ἑκόντες
991 5721 1313 5793 ἡττώμενοι.
1572 5751 1584 5759 ι
1683 5752 1775 5765 ...._

2009 4820 2112 4865 est.
2147 4810 2438 4881 Postquam
2469 4813 2611 4866 enim
2640 4812 2910 4865 revixerat
2934 4812 3183 4867 Christus
3204 4852 3218 4875 ,
3245 4822 3296 4868 et
3323 4816 3557 4871 redierat

2006 4903 2058 4955 in
2087 4904 2303 4966 caelum,
2343 4912 2397 4957 et
2420 4904 2549 4969 ipsis
2570 4916 2783 4969 quoque
2838 4903 3037 4955 sanctis
3091 4905 3344 4972 apostolis
3387 4908 3558 4960 collo-

2009 5003 2202 5046 carunt
2234 4994 2475 5055 insidias,
2507 5000 2559 5043 et
2587 5000 2790 5045 tractos
2818 4992 2868 5044 in
2902 4992 3129 5047 concilia
3171 4996 3554 5060 verberarunl,

2008 5083 2237 5138 crimina
2271 5083 2624 5145 intentantes,
2656 5096 2717 5134 ac
2748 5082 2988 5136 dicentes
3027 5099 3040 5135 :
3071 5084 3258 5136 Annon
3307 5085 3560 5136 mandato

2011 5175 2381 5227 mandavimus
2398 5174 2548 5225 voltis
2576 5189 2639 5226 nc
2670 5175 2917 5241 cuiquam
2945 5173 3239 5244 loquamini
3269 5176 3317 5229 in
3344 5176 3560 5231 nomine

2011 5268 2112 5321 isto
2139 5266 2161 5318 ?
2192 5275 2241 5318 ct
2276 5280 2401 5318 ecce
2441 5265 2743 5333 replevistis
2768 5265 3063 5320 Jerusalem
3098 5266 3335 5319 doctrina
3361 5281 3557 5321 Vesua.

2008 5358 2261 5427 ltaquein
2284 5359 2383 5410 hoc
2410 5357 2508 5409 visi
2559 5369 2682 5409 sunt
2721 5359 3042 5425 praevalere:
3086 5368 3340 5411 caeterum
3359 5366 3411 5410 et
3431 5372 3560 5412 cou-
3592 5382 3597 5386 ι
3638 5352 3645 5363 “

2008 5450 2186 5504 silium
2223 5459 2275 5502 cl
2319 5448 2602 5517 prudentia
2639 5457 2693 5501 et
2740 5451 2935 5511 vet-ha,
2998 5449 3178 5503 omnia
3215 5449 3318 5503 illis
3361 5463 3551 5517 parum

2008 5541 2348 5608 profuerunt.
2400 5538 2653 5591 Vit-erunt
2683 5537 2824 5590 enim
2867 5537 3034 5591 divini
3080 5538 3327 5608 discipuli
3372 5541 3561 5594 dicen-

2016 5643 2093 5684 tes
2129 5648 2141 5681 :
2177 5628 2461 5683 Nobiscum
2489 5629 2744 5682 Dominus
2785 5630 2924 5683 Deus
2955 5638 3057 5686 est.
3108 5634 3177 5686 At
3204 5632 3291 5687 isti
3340 5632 3569 5687 acerbas

2012 5736 2200 5786 poenas
2223 5720 2500 5782 dederunt,
2530 5717 2782 5775 Romanis
2813 5720 2977 5790 copiis
2996 5722 3156 5779 etiam
3184 5723 3569 5801 nolentes'sub-g

2011 5814 2138 5868 acti.
2940 5816 2945 5819 ’
3013 5816 3019 5821 ’
3156 5814 3161 5819 ’
3196 5812 3199 5817 ’

3470 5912 3502 5921 ...

3389 5922 3462 5943 ι-*νδ
