4144 6302
658 339 753 396 ετξ
1631 337 1686 390 8.
1725 333 1997 390 οῖίιιιιι
2039 331 2516 389 ALEXANDRINI
2555 332 2871 389 ARCllllSP.
3804 341 3917 396 252

663 377 722 397 ’⁸1

739 438 897 492 Vens.
940 436 1024 499 ll,
1062 435 1145 488 l2.
1196 434 1287 489 Sic
1328 435 1455 489 dicit
1508 435 1801 490 Dominus:
1853 432 2007 488 Forti
2047 433 2229 486 manui
2261 441 2302 496 Α

2276 441 2302 496 ι
2406 430 2570 483 Οὕτω
2596 430 2757 500 λέγει
2782 432 3025 498 Κύριοςε
3055 429 3133 499 Τῇ
3165 430 3385 499 ἰσχυρᾷ
3400 431 3549 500 χειρὶ
3566 431 3912 501 ἀπειθοῦσι,

654 528 972 597 immorigeri
1000 537 1141 590 sunt,
1168 526 1344 578 itineri
1395 527 1491 579 vim
1525 527 1706 594 populi
1731 527 1908 593 hujus,
1944 525 2174 578 dicentes
2201 540 2220 578 :

2326 521 2402 592 τῇ
2430 524 2639 591 πορείᾳ
2676 523 2786 591 τῆς
2823 523 2966 577 ὀδοῦ
3006 522 3114 576 τοῦ
3147 523 3298 577 λαοῦ
3337 525 3552 578 τούτου
3587 526 3871 597 λέγοντες
3897 546 3912 559 ο

657 616 950 688 Nequando
976 618 1173 681 dicant,
1207 616 1436 671 Durum.
1470 616 1735 686 Quidquid
1761 618 1894 671 enim
1922 616 2045 669 dicit
2062 633 2225 685 popu-

2326 611 2573 677 Μήποτε
2607 613 2841 674 εἴπωσι,
2878 613 3173 680 Σκληρόν.
3227 611 3359 668 Πᾶν
3388 614 3498 683 γὰρ
3543 616 3578 669 ὃ
3623 618 3735 672 ἐὰν
3767 620 3915 689 clara

653 714 734 762 ius
765 711 869 771 hic,
902 709 1093 761 durum
1120 720 1218 762 cst.

2324 702 2357 754 ὁ
2388 704 2538 769 λαὸς
2569 699 2768 770 οὗτος,
2799 705 3086 772 σκληρόν
3114 706 3305 759 ἐστιν.

725 800 839 853 Dixi
873 799 1088 854 beatum
1147 802 1460 871 prophetam
1514 811 1824 856 sanctorum
1861 801 2222 868 apostolorum

2400 800 2578 870 Ἐφην
2607 800 2688 853 ὅτι
2723 798 2831 852 τῶν
2860 800 3031 868 ἁγίων
3056 799 3368 855 ἀποστόλων
3391 801 3485 854 καὶ
3505 802 3917 871 εὐαγγελιστῶν

647 903 699 946 et
751 893 1203 962 evangelistarum
1269 909 1554 961 personam
1604 893 1706 948 sibi
1755 895 2109 962 imposuisse,
2170 904 2226 948 et

2320 890 2383 943 τὸ
2412 890 2702 962 πρόσωπον
2730 892 2908 962 ἑαυτῷ
2941 892 3284 962 περιτιθεὶςό
3310 893 3578 964 μακάριος
3599 897 3916 967 προφήτης,

648 983 882 1037 movisse
915 993 1104 1052 gentes
1123 999 1186 1039 ac
1218 983 1433 1040 Iudaeos
1486 994 1544 1038 ιιι
1579 982 1797 1039 Christo
1847 985 2221 1053 snbjiciantur,

2319 976 2529 1032 ἔθνεσιν
2553 997 2612 1032 τε
2642 981 2737 1032 καὶ
2769 979 3040 1042 Ἰουδαίοις
3081 980 3348 1050 ἡττᾶσθαι
3379 982 3604 1052 Χριστῷ
3649 984 3914 1038 συνεϐού-

648 1084 815 1143 utque
854 1076 1077 1129 audiant
1129 1077 1304 1144 ipsum
1333 1076 1497 1131 etiam
1553 1075 1605 1129 hi
1635 1075 1724 1144 qui
1763 1075 1815 1128 in
1848 1075 2223 1130 remotissimis

2330 1065 2539 1133 λευσεν,
2563 1068 2867 1122 ὑπακοῦσαί
2889 1087 2949 1122 τε
2979 1070 3125 1140 αὐτῷ
3152 1072 3251 1123 καὶ
3298 1072 3426 1136 τοὺς
3453 1072 3644 1146 μέχρις
3663 1076 3916 1146 ἐσχάτων

648 1176 811 1220 terra:
873 1167 1072 1222 ﬁnibus
1123 1166 1393 1221 habitant.
1429 1165 1630 1220 Deinde
1699 1164 1836 1220 Deus
1879 1175 2083 1219 tantum
2116 1179 2221 1218 non

2319 1157 2422 1228 τῆς
2452 1159 2573 1228 γῆς.
2606 1156 2740 1214 Εἶτα
2772 1160 2906 1224 Θεὸς
2936 1162 3071 1232 πρὸς
3109 1162 3272 1215 αὐτὸν
3300 1166 3582 1235 μονονουχὶ
3613 1165 3709 1220 καὶ
3733 1184 3914 1222 κατα-

649 1258 924 1312 demirans
966 1256 1180 1313 lsraelis
1215 1260 1622 1329 perversitatem
1654 1267 1709 1312 et
1758 1257 2019 1327 insignem
2059 1257 2223 1311 insci-

2321 1250 2618 1320 θαυμάζων
2665 1252 2764 1323 τὴν
2805 1252 2898 1306 τοῦ
2932 1253 3147 1325 Ἰσραὴλ
3194 1255 3489 1326 σκαιότητα
3539 1257 3634 1311 καὶ
3677 1256 3740 1312 τὸ
3787 1257 3916 1314 λίαν

646 1351 799 1417 tiam,
839 1352 946 1404 ait:
987 1351 1147 1423 ιω
1178 1351 1326 1406 Forti
1371 1353 1549 1405 manui
1589 1351 1917 1417 immorigeri
1960 1346 2237 1403 suntaEst

2317 1340 2548 1411 ἀμαθὲς,
2563 1341 2642 1414 Τῇ
2665 1345 2858 1415 ἰσχυρᾷ
2874 1346 3036 1416 χειρὶ,
3065 1346 3251 1415 φησὶν,
3274 1346 3611 1402 ἀπειθοῦσιν.
3650 1367 3672 1401 ι
3690 1350 3911 1405 Παναλ-

647 1442 794 1495 enim
830 1443 1510 1511 praepotens»et‘inl’raCta,
1554 1452 1610 1497 et
1632 1441 1973 1510 omnipotens
2002 1441 2221 1494 dextera

2318 1432 2420 1501 κὴς
2437 1436 2565 1505 γὰρ,
2602 1453 2620 1487 ι
2657 1435 2752 1488 καὶ
2780 1435 3102 1506 ἄθραυστος,
3131 1438 3224 1491 καὶ
3255 1438 3431 1493 πάντα
3469 1440 3727 1510 ἰσχύουσα
3758 1442 3915 1509 δεξιὰ

647 1530 741 1584 Dei
797 1539 850 1584 ct
900 1530 1078 1585 Patris
1101 1531 1291 1595 Filius,
1331 1547 1427 1601 per
1466 1546 1625 1601 quem
1680 1531 1884 1596 omnia,
1935 1539 1988 1584 et
2022 1530 2074 1583 in
2112 1544 2219 1599 quo

2317 1521 2412 1574 τοῦ
2443 1523 2577 1581 Θεοῦ
2607 1526 2703 1578 καὶ
2734 1526 2949 1595 Πατρὺς
2978 1528 3006 1579 ό
3046 1526 3193 1591 Υἱὸς,
3225 1527 3291 1581 δι’
3316 1524 3375 1583 οὗ
3401 1530 3469 1584 τὰ
3496 1532 3695 1597 πάντα,
3723 1534 3817 1586 καὶ
3850 1537 3911 1587 ἐν

647 1624 853 1688 omnia,
896 1625 984 1692 qui
1014 1624 1246 1679 abolevit
1281 1626 1483 1688 omnia,
1517 1624 1773 1679 contrivit
1799 1624 2073 1689 Satanam,
2101 1636 2222 1692 spo-

2315 1607 2360 1680 ᾧ
2404 1613 2473 1667 τὰ
2515 1616 2690 1669 πάντα
2714 1632 2726 1645 ·
2758 1618 2787 1670 ό
2814 1620 3164 1690 καταργήσας
3194 1619 3440 1686 θάνατον,
3471 1623 3565 1675 καὶ
3609 1626 3908 1694 συντρίψας

647 1716 803 1770 liavit
855 1716 1098 1783 inferos,
1148 1726 1203 1772 et
1238 1717 1569 1787 corruptioni
1611 1716 1883 1786 subjectos
1934 1716 2219 1784 incorrup-

2315 1705 2411 1760 τὸν
2440 1708 2707 1773 Σατανᾶν,
2743 1710 2839 1763 καὶ
2867 1711 3166 1775 σκυλεύσας
3191 1713 3282 1766 τὸν
3302 1714 3455 1785 ᾅδην,
3478 1717 3571 1770 καὶ
3595 1718 3906 1789 ἀφθαρσίαν

650 1809 796 1863 tione
827 1810 1065 1874 donavit,
1113 1820 1272 1879 atque
1302 1809 1483 1864 omnia
1520 1809 1678 1864 sicuti
1707 1809 1775 1864 ab
1816 1807 1967 1861 initio
2007 1806 2219 1862 fuerant
2247 1810 2286 1865 Β

2268 1798 2656 1870 ςδωρούμενος
2704 1805 2816 1866 τοῖς
2866 1803 2973 1856 ὑπὸ
3024 1803 3250 1875 φθορὰν,
3298 1807 3391 1860 καὶ
3434 1808 3794 1876 ἀνακαινίξων
3838 1815 3904 1872 τὰ

642 1904 942 1959 renovavit.
993 1903 1084 1959 Sic
1117 1905 1210 1974 qui
1269 1904 1323 1959 in
1363 1902 1579 1959 Christo
1643 1902 1840 1956 servati
1890 1909 2033 1962 sunt,
2084 1912 2217 1954 voce

2320 1893 2500 1947 πάντα
2530 1894 2665 1961 πρὸς
2682 1894 2746 1949 τὺ
2774 1897 2831 1949 ἐν
2861 1896 3074 1967 ἀρχαῖς.
3104 1897 3260 1951 Οὕτω
3288 1900 3381 1954 καὶ
3403 1900 3491 1955 διὰ
3517 1902 3620 1973 τῆς
3651 1904 3747 1957 τοῦ
3767 1904 3902 1976 ψᾶλ-

642 1992 924 2061 psallentis
951 1993 1138 2049 dicunt
1161 2013 1176 2049 :
1217 1995 1479 2049 «Dextera
1505 1992 1714 2047 Domini
1744 1991 1922 2047 evexit
1956 2005 2063 2054 me,
2088 1993 2218 2045 dex-

2318 1980 2505 2046 λοντος
2539 1984 2724 2054 φωνῆς
2761 1984 2811 2037 οἱ
2842 1985 2901 2038 ὲν
2928 1986 3146 2058 Χριστῷ
3172 1990 3502 2059 σεσωσμένοι
3534 1993 3718 2061 φασίν·
3758 2013 3777 2046 ι
3808 1999 3901 2051 Δε-

645 2093 761 2139 tera
807 2084 1016 2140 Domini
1066 2085 1317 2154 praestitit
1362 2083 1732 2139 virtutem".
1778 2080 1988 2137 Dictum
2049 2083 2214 2137 etiam

2319 2073 2409 2141 ξιὰ
2454 2075 2662 2147 Κυρίου
2708 2073 2891 2145 ὓψωσέ
2935 2095 3024 2148 με,
3053 2078 3201 2144 δεξιὰ
3234 2082 3438 2150 Κυρίου
3472 2084 3699 2156 ἐποίησε
3744 2084 3896 2142 δύνει.

640 2184 728 2230 est
755 2174 808 2229 in
839 2175 1102 2231 canticis:
1141 2193 1160 2227 ι
1192 2176 1421 2231 Dextera
1454 2175 1662 2230 Domini
1695 2174 1974 2229 nobilitata
1998 2184 2082 2228 est
2106 2172 2218 2228 for-

2322 2184 2433 2238 μιν.
2468 2186 2488 2219 ι
2542 2168 2766 2241 Εἴρηται
2824 2168 2881 2222 δὲ
2925 2171 3018 2224 καὶ
3062 2172 3119 2224 ὲν
3161 2171 3368 2245 ’ῼδαῖςο
3419 2194 3439 2227 ι
3478 2176 3543 2230 Ἦ
3587 2177 3736 2243 δεξιά
3788 2196 3896 2247 σου,

644 2266 897 2335 titudine,
951 2268 1171 2323 dextera
1209 2276 1321 2335 tua,
1371 2267 1618 2332 Domine,
1655 2266 1817 2337 [regit
1848 2267 2095 2321 inimicos
2110 2264 2211 2318 ⁸⁸.»

2316 2262 2511 2335 Κύριε,
2539 2264 2848 2333 δεδόξασται
2874 2268 2933 2322 ἐν
2968 2270 3111 2340 ἰσχύϊ
3129 2286 3143 2301 ο
3171 2272 3203 2343 ἡ
3229 2271 3377 2336 δεξιά
3408 2289 3501 2326 σου
3535 2275 3676 2345 χεὶρ,
3706 2275 3898 2348 Κύριε,

645 2355 837 2430 Itaque
887 2373 953 2414 eo
1006 2358 1299 2430 impietatis
1326 2369 1382 2415 et
1432 2357 1655 2415 insaniae
1702 2365 1986 2422 venerunt,
2011 2366 2072 2410 ut
2093 2354 2217 2411 forti

2317 2355 2583 2428 ἔθραυσεν
2603 2358 2850 2432 ἐχθρούς.
2882 2381 2906 2413 ν)
2935 2362 3144 2416 Οὐκοῦν
3169 2364 3514 2436 ἀνοσιότητός
3539 2383 3600 2419 τε
3624 2367 3781 2439 ὁμοῦ,
3807 2371 3901 2425 καὶ

642 2450 830 2506 manui
863 2449 1022 2507 facile
1039 2451 1383 2507 conservanti
1416 2450 1746 2520 immorigeri
1776 2463 1900 2506 esse
1922 2448 2213 2512 voluerint,

2320 2448 2427 2521 μὴν
2453 2451 2548 2504 καὶ
2575 2452 3002 2523 φρενοϐλαϐείας
3028 2455 3108 2518 εἰς
3129 2454 3284 2509 τοῦτο
3305 2456 3709 2527 διεληλάκασιν,
3731 2459 3807 2524 ὡς
3830 2464 3899 2534 τῇ

639 2541 806 2611 idque
859 2556 958 2611 pro
995 2541 1163 2598 nihilo
1194 2541 1470 2597 duxerint.
1515 2540 1849 2610 lmmorigeri
1883 2549 2010 2596 sunt
2031 2540 2214 2605 etiam,

2320 2540 2521 2613 ἰσχυρᾷ
2560 2543 2708 2612 χειρὶ
2748 2546 2815 2615 τῇ
2867 2542 3114 2619 σωζούσῃ
3155 2544 3355 2616 ῥᾳδίως
3387 2547 3636 2601 ἀπειθεῖν
3661 2548 3901 2614 ἑλέσθαι,

639 2633 842 2703 inquit,
869 2632 967 2686 via:
986 2632 1163 2702 populi
1193 2631 1376 2701 hujus,
1408 2631 1566 2703 cuius
1594 2646 1877 2701 personam
1910 2647 2214 2698 assumens,

2319 2634 2413 2689 καὶ
2460 2635 2593 2698 παρ’
2621 2635 2777 2690 οὐδὲν
2816 2636 3069 2707 ἡγεῖσθαι
3117 2637 3178 2690 τὸ
3222 2638 3803 2708 πρᾶγμα.Ἀπειθοῦσι
3839 2642 3903 2696 δὲ

640 2723 804 2780 modo
842 2725 1054 2779 dixerat
1085 2741 1099 2777 :
1141 2723 1432 2779 Nobiscum
1467 2724 1627 2781 Deus.
1659 2723 1790 2791 Quae
1853 2725 2067 2779 tandem
2131 2724 2218 2778 via

2317 2725 2519 2795 ὁμοίως
2564 2729 2631 2799 τῇ
2682 2727 2878 2801 πορεία
2918 2728 3013 2782 τοῦ
3054 2728 3186 2783 λαοῦ
3240 2729 3454 2796 τούτου,
3490 2732 3684 2803 φησιν’
3726 2725 3790 2786 οὗ
3836 2735 3905 2788 τὸ

636 2824 723 2871 est
754 2814 938 2886 papuli
968 2814 1167 2884 hujus?
1203 2815 1402 2869 Eorum
1434 2815 1527 2886 qui
1556 2813 1962 2871 Emmanuelem
1995 2817 2214 2883 habent,

2320 2816 2609 2888 πρόσωπον
2651 2818 2937 2874 ἀναλαϐὼν
2983 2819 3219 2890 ἔφασκεν
3273 2823 3469 2888 εὐθύς·
3514 2824 3647 2878 Μεθ’
3670 2826 3833 2897 ἡμῶν
3870 2829 3905 2882 ὁ

635 2908 774 2963 ﬁdes
800 2905 1132 2978 evangelica,
1172 2905 1297 2962 vitae
1335 2906 1606 2962 institutio
1633 2916 1688 2961 et
1743 2910 2103 2972 conversatio,
2142 2909 2221 2966 Ie-

2320 2909 2680 2971 Θεό;.’οποία
2724 2911 2780 2964 δέ
2828 2911 2913 2975 τίς
2940 2914 3086 2967 ἐστιν
3120 2915 3152 2986 ή
3189 2914 3379 2985 πορεία
3421 2916 3513 2970 τοῦ
3554 2916 3725 2984 λαοῦ;
3774 2919 3902 2974 Τῶν

635 2999 742 3072 gali
770 3008 826 3056 et
877 3000 1151 3057 umbratili
1188 2998 1405 3068 reiecta.
1441 2998 1511 3054 Et
1570 2999 1901 3071 immorigeri
1961 3011 2086 3056 sunt
2122 3003 2221 3056 via:

2317 2999 2548 3069 ἐχόντων
2591 3002 2682 3054 τὸν
2734 3002 3080 3074 Ἐμμανουὴλ
3112 3007 3146 3075 ή
3186 3006 3365 3071 πίστις
3415 3008 3449 3080 ή
3499 3010 3578 3072 εἰς
3627 3009 3813 3076 αὐτὸν,
3861 3014 3894 3085 ἠ

633 3094 819 3165 populi
871 3092 1049 3163 hujus,
1099 3092 1358 3158 dicentes,
1392 3090 1472 3147 Ne
1507 3094 1721 3162 quando
1749 3092 1959 3160 dicatis,
1992 3091 2214 3147 Durum.
2247 3160 2269 3175 ἰ

2263 3160 2285 3175 Ἰ
2320 3092 2651 3165 εὐαγγελικὴ
2686 3094 2946 3158 πολιτεία,
2971 3099 3407 3170 παρεωραμένης
3431 3103 3529 3172 τῆς
3552 3103 3610 3154 ἐν
3632 3102 3782 3175 νόμῳ
3806 3106 3899 3161 καὶ

633 3160 808 3243 Dmne
858 3160 1004 3242 enim
1036 3185 1180 3256 quod
1243 3183 1444 3240 dixerit
1489 3160 1718 3254 populus
1749 3185 1861 3251 hic,
1896 3186 2086 3240 durum
2110 3193 2212 3241 est.
2244 3160 2269 3217 ί

2260 3160 2286 3217 3
2318 3183 2394 3247 ὡς
2424 3186 2484 3238 ὲν
2514 3190 2709 3250 σκιαῖς.
2730 3187 3039 3242 ’Λπειθοῦσι
3075 3189 3131 3243 δὲ
3160 3192 3226 3261 τῇ
3256 3192 3451 3265 πορείᾳ
3476 3192 3571 3246 τοῦ
3609 3194 3743 3250 λαοῦ
3777 3196 3896 3255 τού-

634 3276 916 3346 Siquidem
963 3275 1132 3329 durus
1169 3273 1454 3329 videbatur
1495 3271 1693 3328 .ludzeis
1744 3286 1868 3328 esse
1907 3281 2216 3327 sanctorum

2316 3293 2410 3329 του
2440 3277 2683 3345 λέγοντες
2702 3296 2715 3309 ’
2749 3281 2837 3351 Μή
2886 3298 3017 3334 ποτε
3047 3282 3261 3353 εἴπητε,
3291 3284 3553 3357 Σκληρόν.
3597 3289 3716 3342 Πᾶν
3734 3290 3837 3365 γὰρ
3863 3291 3891 3345 δ

635 3366 1005 3437 apostolorum
1036 3379 1257 3421 sermo:
1302 3364 1430 3434 quia
1470 3365 1786 3420 circumcisa
1813 3364 1960 3418 velut
1985 3373 2040 3418 et
2078 3363 2220 3418 able-

2317 3369 2412 3423 ἐὰν
2438 3371 2565 3441 εἴπῃ
2608 3372 2637 3424 ό
2670 3371 2796 3436 λαὸς
2824 3366 2978 3438 οὗτος
3002 3415 3016 3439 ,
3066 3375 3298 3448 σκληρόν
3336 3378 3473 3432 ἐστι.
3520 3380 3766 3453 Σκληρὸν
3789 3363 3884 3453 γὰρ

636 3465 762 3528 gata
799 3463 1193 3526 peropportune
1220 3455 1413 3510 umbra
1438 3494 1453 3520 ,
1482 3469 1588 3510 non
1620 3456 1914 3512 secundum
1946 3454 2109 3509 Mosis
2138 3455 2217 3510 le-

2317 3456 2456 3514 εἷναί
2476 3479 2593 3525 πως
2615 3464 2726 3527 τοῖς
2759 3465 3036 3530 Ἰουδαίοις
3060 3468 3232 3521 ἐδόκει
3255 3468 3366 3523 τῶν
3388 3471 3561 3539 ἁγίων
3583 3473 3886 3535 ἀποστόλων

636 3558 757 3615 gem
792 3545 974 3600 vivere
1004 3559 1102 3600 eos
1156 3545 1304 3615 passi
1331 3552 1478 3613 sunt,
1526 3549 1619 3601 sed
1651 3546 1953 3614 evangelica
1977 3556 2030 3601 et
2059 3547 2219 3615 spiri-

2316 3552 2345 3603 ὁ
2373 3551 2549 3619 λόγος,
2576 3552 2658 3606 ὅτι
2693 3556 3129 3625 περιστέλλοντες
3173 3558 3248 3624 ὡς
3291 3562 3350 3613 ἐν
3392 3562 3570 3635 καιρῷ
3609 3564 3688 3635 τῷ
3725 3565 3890 3624 δέοντι

636 3636 878 3692 tualiter.
2316 3641 2416 3713 τὴν
2443 3645 2626 3709 σκιὰν,
2661 3645 2760 3718 ζῇν
2804 3647 2905 3699 οὐκ
2949 3648 3075 3702 εἴων
3121 3650 3263 3704 κατὰ
3303 3652 3394 3706 τὸν
3430 3656 3676 3722 Μωσέως
3708 3658 3887 3729 νόμον,

2315 3736 2683 3805 ειέιαγγελικῶς
2713 3738 2768 3792 δὲ
2798 3739 2995 3810 μᾶλλον
3021 3742 3113 3795 καὶ
3134 3746 3538 3814 πνευματικῶς.

711 3807 874 3866 Vsus.
894 3810 979 3865 M.
997 3810 1067 3865 At
1085 3811 1320 3866 timorem
1337 3827 1516 3866 eorum
1534 3828 1597 3867 ne
1616 3813 1913 3879 timueritis,
1935 3831 2025 3869 nec
2042 3819 2215 3871 turbe-

2391 3826 2501 3880 Τὸν
2532 3826 2600 3880 δὲ
2628 3807 2815 3898 506601;-
2841 3828 3041 3884 αὐτῶν
3078 3833 3151 3885 οὐ
3178 3807 3287 3903 μὴ,
3306 3807 3624 3905 φοϐηθῆτε,
3663 3838 3793 3893 οὐδ’
3820 3841 3890 3896 οὐ

633 3904 786 3971 mini,
829 3903 1114 3959 Dominum
1149 3904 1318 3973 ipsum
1361 3905 1546 3976 gloria:
1590 3918 1772 3962 sancte
1813 3908 1986 3975 colite,
2025 3920 2071 3964 et
2113 3911 2215 3965 erit

2309 3918 2394 3987 μὴ
2432 3919 2785 3988 ταραχθῆτε,
2808 3923 3026 3990 Κύριον
3043 3923 3230 3978 αὑτὸν
3255 3903 3563 3996 ἁγιάσατε,
3584 3931 3684 3985 καὶ
3711 3933 3892 4005 αὐτὸς

631 3997 741 4067 ipse
780 3997 938 4052 timor
968 4006 1111 4052 tuus.
1138 3993 1212 4052 Et
1264 3998 1311 4052 si
1351 3998 1450 4068 ipsi
1496 3998 1724 4070 conﬁsus
1759 3999 1942 4068 fueris,
1986 4005 2083 4057 erit
2121 4004 2214 4057 tibi

2314 4011 2487 4065 ἔσται
2517 4027 2618 4067 σοι
2646 4015 2851 4082 φόϐος.
2877 4016 2985 4070 Kal
3022 4015 3132 4070 ἐὰν
3161 4017 3255 4070 ἐπ’
3281 3993 3442 4086 αὐτῷ
3469 4025 3767 4092 πεποιθὼς
3795 3993 3889 4097 ᾔςζ

629 4087 1059 4158 sanctiﬁcationi,
1076 4099 1124 4144 et
1163 4104 1269 4145 non
1310 4099 1369 4145 ut
1402 4089 1570 4162 lapidi
1596 4092 1899 4163 aiensionis
1924 4098 2212 4163 occurretis

2311 4102 2484 4157 ἔσται
2507 4118 2606 4157 σοι
2637 4106 2725 4171 είς
2752 4105 3036 4176 ἁγίασμα,
3075 4107 3172 4162 καὶ
3215 4111 3329 4179 οὐχ
3371 4112 3452 4179 ὡς
3481 4114 3662 4170 λίθου

628 4182 700 4249 ei,
738 4196 830 4236 nec
862 4192 919 4237 ut
944 4190 1106 4253 petua
1135 4183 1323 4241 ruinis.

2312 4195 2566 4264 κόμματι
2585 4197 3002 4266 συναντήσετε
3023 4199 3201 4266 αὐτῷ,
3230 4202 3355 4256 οὐδ’
3375 4203 3455 4272 ὡς
3488 4206 3709 4277 πέτρας
3736 4182 3892 4266 ξττὼ-

2394 4304 2465 4343 τι.

703 4361 839 4417 Cum
923 4365 1305 4431 perstrinxerit
1356 4376 1484 4424 ante
1565 4370 2083 4444 Hierosolymltanus
2154 4382 2212 4429 ut
2305 4305 2339 4357 Ρ

2394 4304 2465 4343 τι.

2305 4303 2878 4452 μαΠροαιτιασόιμενος
2905 4385 3031 4449 τοὺς
3072 4384 3129 4452 ἐξ
3164 4387 3375 4461 Ἰσραὴλ
3397 4389 3473 4455 ὡς
3501 4391 3747 4448 ἀπειθεῖν
3771 4397 3897 4457 ἐλο-

632 4453 1012 4526 immorigeros
1064 4457 1168 4512 viae
1214 4458 1417 4529 populi,
1457 4460 1751 4519 Christiani
1805 4467 2085 4535 nimirum,
2153 4477 2209 4525 et
2237 4510 2268 4569 Ε

2257 4513 2283 4565 )
2314 4472 2507 4569 μένους
2537 4475 2601 4544 τῇ
2631 4474 2943 4569 ττορείᾳντοῦ
2976 4476 3126 4544 λαοῦ,
3145 4453 3575 4555 τοῦ-ὲκΧριστῷ
3601 4485 3760 4558 δῆλον
3783 4453 3893 4557 ὅτι,

631 4546 876 4617 mysticis
929 4558 1242 4604 sanctorum
1307 4552 1671 4619 apostolorum
1728 4555 2199 4615 institutionibus:
2237 4546 2267 4569 ³

2259 4546 2282 4565 ³
2311 4565 2406 4617 καὶ
2452 4568 2572 4629 ταῖς
2617 4566 2726 4620 τῶν
2755 4568 2926 4636 ἁγίων
2952 4570 3260 4626 ἀποστόλων
3291 4546 3723 4647 μυσταγωγίαίς,
3758 4546 3895 4653 μεθί

628 4638 934 4696 orationem
994 4639 1383 4696 consolationis
1434 4641 1648 4711 plenam
1690 4646 1758 4701 ad
1792 4662 1886 4703 eos
1913 4654 2201 4718 convertit,

2313 4654 2490 4726 ίστησι
2523 4657 2656 4728 πρὸς
2688 4660 2884 4724 αὐτοὺς
2909 4660 3001 4713 τὸν
3030 4663 3125 4732 τῆς
3154 4638 3772 4738 ιιταροίκλήσεωςλόγόν,⁸
3795 4677 3894 4729 καὶ

627 4739 684 4786 et
710 4731 969 4787 invictum
992 4729 1231 4785 animum
1269 4731 1372 4787 illis
1404 4733 1573 4800 addit,
1599 4752 1705 4791 non
1732 4738 1928 4793 debere
1953 4741 2202 4812 inquiens

2311 4743 2614 4815 ἄθραυστον
2664 4750 2848 4812 αὐτοῖς
2900 4729 3251 4823 ἐνεργάζεται
3294 4729 3438 4820 νοῦν,
3473 4729 3548 4832 μή
3580 4729 3662 4833 δὴ.
3688 4729 3894 4834 χρῆναι

628 4819 822 4874 timere
861 4833 976 4884 eos,
1029 4819 1121 4888 qui
1154 4819 1260 4875 illis
1288 4819 1619 4892 immbrigeri
1663 4832 1808 4890 sunt,
1864 4840 1964 4880 nec
1984 4831 2205 4885 omnino

2311 4837 2485 4906 λέγων
2516 4839 2743 4894 δεδιέναι
2786 4845 2912 4907 τοὺς
2950 4819 3306 4912 ἁαειθοῦντας
3353 4819 3556 4915 αὐτοῖς,

629 4916 851 4979 propter
872 4925 1060 4964 eorum
1093 4911 1348 4966 ferociam
1396 4914 1742 4971 tumultuari:
1777 4917 1870 4971 sed
1895 4917 2008 4973 Deo
2025 4923 2204 4989 potius

2311 4930 2448 4995 ὅλως
2473 4932 2565 4985 τὸν
2597 4934 2663 4987 ἐκ
2691 4935 2789 5006 τῆς
2834 4938 3055 4992 ἐκείνων
3083 4942 3402 5014 σκαιότητος
3434 4911 3893 5021 εἰσδέχεσθαιθό-

632 5000 895 5066 conﬁsos,
928 5002 1175 5059 hostibus
1197 5002 1421 5073 juvenili
1454 5006 1736 5064 alacritate
1784 5010 2076 5068 insultare:
2108 5030 2206 5084 pro

2306 5022 2489 5093 ρυδον⁹
2519 5000 2923 5096 τεθαρῥτίκότας
2961 5027 3018 5081 δὲ
3052 5030 3250 5099 μᾶλλον
3442 5000 3891 5106 Θεῷῗκατανεα-

625 5104 779 5152 certo
800 5093 1056 5150 habentes
1101 5110 1225 5150 eum
1270 5112 1418 5152 arma
1460 5099 1592 5169 ipsis
1636 5099 1753 5157 fore
1789 5112 1845 5158 et
1874 5120 2054 5160 arcem
2096 5106 2205 5161 lor-

2302 5113 2574 5169 νιεύεσθαι
2606 5116 2715 5170 τῶν
2744 5119 2974 5190 ἐχθρῶνο
3002 5117 3061 5176 εὖ
3091 5125 3298 5189 εἰδότας
3336 5127 3419 5180 ὅτι
3458 5128 3551 5182 καὶ
3581 5129 3751 5185 ὅπλον
3798 5134 3892 5186 αὖ·

626 5186 907 5243 titudinis:
951 5201 1117 5256 seque
1157 5186 1318 5243 facile
1354 5203 1704 5260 superaturos
1753 5209 1849 5251 eos
1874 5198 1963 5267 qui
1990 5201 2205 5255 restite-

2301 5208 2414 5270 τοῖς
2460 5208 2632 5275 ἐσται,
2670 5186 3008 5283 καίᾶτόργος
3045 5214 3247 5286 ἰσχύος,
3278 5186 3376 5270 καὶ
3423 5224 3890 5294 κατακρατήσαν-

622 5278 755 5334 rint.
795 5277 935 5333 Hinc
977 5278 1091 5333 ait:
1145 5277 1417 5335 Timorem
1442 5296 1627 5338 eormn
1663 5300 1733 5341 ne
1763 5289 2073 5357 timueritis,
2106 5306 2203 5347 ne-

2303 5313 2388 5352 σιν
2408 5298 2641 5363 εὐκόλως
2664 5300 2773 5355 τῶν
2793 5277 3223 5375 ἀνθεστηκότων,
3238 5277 3515 5381 Ταύτῃτοί
3545 5277 3751 5383 φθίσινί
3780 5314 3888 5367 Τὸν

621 5382 728 5438 que
794 5369 1114 5425 turbemini.
1152 5368 1246 5424 Sin
1298 5372 1426 5426 velit
1470 5374 1737 5445 quispiam
1784 5380 1898 5434 haec
1945 5383 2196 5438 subtilius

2299 5390 2358 5443 δὲ
2383 5389 2544 5459 φάσον
2568 5392 2746 5446 αὐτῶν
2772 5394 2833 5447 οὺ
2864 5395 2939 5466 μὴ
2971 5368 3264 5469 φοϐηθῆτε,
3295 5368 3429 5454 oss;
3441 5368 3778 5474 ταραχθῆτε.
3820 5405 3887 5459 Ei

620 5459 873 5562 scrutari,
910 5458 1063 5532 141
1089 5473 1144 5516 et
1171 5461 1278 5517 alio
1305 5464 1465 5519 modo
1495 5465 1597 5521 hoc
1628 5466 1811 5523 licebit
1831 5470 2194 5542 interpretari:

2301 5480 2357 5534 δὲ
2398 5480 2462 5555 δή
2504 5499 2589 5546 τις
2634 5458 2877 5554 βούλοιτό
2919 5458 3041 5551 ταῖς
3250 5458 3623 5563 ττριικειμὲνων
3649 5458 3887 5563 ἐννοίαις

621 5548 704 5648 sic
755 5560 936 5606 autem
986 5566 1073 5608 res
1095 5568 1158 5611 se
1217 5554 1402 5613 habet.
1468 5555 1640 5614 Judaei
1680 5560 1825 5618 enim
1860 5577 1967 5620 non
2006 5579 2196 5637 parum

2306 5548 2486 5645 ἰσχνὸν
2523 5548 2722 5631 ἐνιέναι
2751 5577 2842 5632 τὸν
2876 5548 3034 5648 νοῦν,
3052 5582 3144 5636 διαὶ
3174 5548 3501 5657 καθ”ἓτερον
3532 5586 3667 5642 αὐτὸ

680 5704 740 5781 η⁸⁸
759 5704 1071 5778 Plinium,
1095 5711 1183 5769 ιθ.
1222 5714 1301 5793 ,τ’
1326 5715 1494 5774 Exod.
1518 5732 1607 5786 xv,
1633 5718 1686 5776 6.
1980 5698 2123 5793 θ
2254 5685 2284 5740 9
