4122 6292
294 397 406 453 ῑδὸ

1456 378 1522 436 IN
1563 376 1795 437 ISAIAM
1835 373 1965 430 LIB.
2000 375 2044 428 Ι.
2088 368 2293 427 ORAT.
2334 368 2399 424 ν.

3449 364 3550 419 *ΞΜ

300 507 689 582 τρόπον.¹Ἐστι
729 504 786 558 δι
831 500 1022 565 οὕτως.
1042 498 1289 554 Ἰουδαῖοι
1326 497 1422 569 μὲν
1458 496 1563 566 γὰρ
1615 491 1882 547 ἐδεδίεσαν
1914 550 1915 555 η

2017 484 2318 548 netuebaut,
2368 498 2435 536 ne
2466 494 2571 550 quo
2601 478 2757 532 modo
2798 477 2966 534 Deum
3003 478 3354 543 oﬂentlerent,
3390 479 3435 531 si
3475 478 3552 532 le-

306 606 369 656 οὐ
400 600 612 673 μικρῶς
654 598 731 669 μὴ
762 597 868 668 ἄρα
893 611 1008 658 πως
1036 591 1156 662 Θεῷ
1184 591 1634 660 προσκρούσειαν,
1662 583 1882 639 διωθού-

315 710 465 765 μενοι
502 692 600 760 μὲν
623 689 719 760 τῆς
749 690 804 740 ὲν
834 687 985 757 νόμῳ
1035 682 1308 743 πολιτείας
1339 679 1435 751 τὴν
1473 677 1591 731 ὁδόν
1611 693 1623 707 ·
1657 674 1881 765 προσιε-

314 763 464 854 μενοι
505 782 561 836 δὲ
591 780 687 834 τοῦ
718 780 967 849 Σωτῆρος
993 775 1083 828 τὸν
1121 772 1278 842 λόγον
1305 770 1630 839 ἀφιστάντας
1658 766 1767 820 τῶν
1793 763 1884 816 1'3-

312 891 449 935 πων,
486 872 582 926 καὶ
616 872 748 942 παρ’
791 867 943 921 οὐδὲν
999 864 1253 936 ἡγεῖσθαι
1307 859 1736 932 προστάττοντος
1768 855 1885 942 ,τὴν

314 965 489 1019 σκιάν.
515 964 626 1016 Καὶ
656 940 788 1030 γοῦν
813 959 1051 1029 ἔφασκον
1086 955 1214 1028 περὶ
1244 952 1408 1009 αὑτοῦ
1427 968 1441 982 ·
1484 969 1503 1002 ι
1530 951 1593 1003 Ei
1619 944 1712 1001 οὖν
1732 940 1887 1007 οὗτος

311 1055 339 1106 ὁ
366 1053 649 1126 ἄνθρωπος
681 1052 833 1120 παρὰ
871 1047 1030 1112 Θεοῦ,
1060 1047 1162 1099 οὐκ
1190 1045 1257 1098 ἂν
1287 1043 1409 1096 ἔλυε
1438 1041 1498 1094 τδ
1528 1038 1822 1093 Σάϐϐατόν.
1864 1053 1884 1086 ι

313 1144 433 1196 Ὀτι
485 1142 669 1195 τοίνυν
707 1142 756 1194 εί
790 1140 884 1193 καὶ
913 1135 1056 1209 ἦσαν
1095 1136 1157 1201 ἐξ
1199 1133 1468 1188 Ἰουδαίων
1515 1133 1563 1185 οἱ
1616 1130 1889 1183 θεσπέσιοι

314 1233 573 1305 μαθηταὶ,
606 1229 991 1301 παραιτεῖσθαι
1033 1228 1173 1300 χρῆν
1223 1224 1423 1286 αὐτοὺς
1454 1222 1547 1275 τὸν
1583 1221 1692 1275 τῶν
1738 1221 1892 1273 ἀπει-

312 1324 545 1377 θούντων
579 1322 765 1391 φόϐον,
797 1321 1065 1383 δεδιότων,
1104 1317 1180 1380 ὡς
1221 1315 1378 1385 ἔφην,
1420 1311 1784 1385 προσκροῦσαι
1815 1309 1893 1380 τῷ

311 1418 482 1485 νόμῳ,
514 1416 604 1468 διά
627 1430 691 1480 γε
719 1413 815 1465 τοῦ
866 1413 965 1481 ζῇν
1015 1408 1231 1463 ἑλέσθαι
1274 1406 1471 1477 μᾶλλον
1502 1402 1891 1471 εύαγγελικῶς,

315 1506 612 1577 παρεγγυᾷ
640 1504 846 1571 λέγων·
878 1503 983 1555 Τὸν
1023 1501 1079 1553 δὲ
1111 1499 1273 1568 φόϐον
1303 1496 1478 1551 αὐτῶν
1505 1496 1564 1548 οὐ
1598 1494 1673 1566 μὴ
1722 1492 1893 1563 φοϐη-

1985 575 2119 647 galis
2157 572 2384 630 instituti
2414 571 2555 624 viam
2611 569 2974 641 repudiarent,
3014 581 3068 625 et
3113 570 3412 626 Servatoris
3441 585 3557 623 ser-

1986 678 2223 729 monem,
2259 664 2348 732 qui
2403 677 2433 715 a
2463 660 2649 731 llguris
2680 668 2871 714 avocat
2910 670 2964 716 et
3010 662 3254 715 umbram
3299 661 3449 714 nihili
3474 659 3554 712 fu-

1986 770 2109 807 cere
2139 753 2402 823 prmcipit,
2437 752 2758 821 reciperent.
2786 749 2998 806 Etenim
3037 750 3104 805 de
3137 750 3228 805 illo
3261 751 3552 806 dicebant:

1991 843 2081 899 «Si
2113 846 2199 900 hic
2235 843 2398 899 homo
2428 858 2456 897 a
2486 842 2596 898 Deo
2621 851 2787 909 esset,
2822 843 3135 913 neutiquam
3169 844 3393 900 violaret
3419 842 3556 899 Sab-

1986 937 2289 996 bnlum“.t
2323 936 2589 1003 Quoniam
2624 952 2754 1007 ergo
2788 951 2855 993 ex
2886 934 3086 993 ludatis
3120 953 3242 993 cum
3270 947 3448 995 essent
3473 938 3558 993 di-

1980 1031 2098 1105 ,viui
2130 1028 2399 1097 discipuli,
2440 1028 2681 1083 aversuri
2700 1038 2856 1083 erant
2888 1039 3089 1084 metum
3118 1043 3305 1085 eorum
3328 1030 3420 1100 qui
3454 1046 3558 1085 nou

1989 1123 2300 1185 credebant,
2333 1122 2634 1177 timentium
2680 1121 2732 1175 in
2758 1121 2957 1189 legem,
3002 1130 3060 1177 ut
3092 1121 3228 1187 dixi,
3265 1123 3563 1193 impingere
3622 1126 3635 1149 ‘

1991 1218 2034 1271 si
2083 1215 2447 1285 evangelicam
2498 1213 2662 1268 vitam
2702 1214 2856 1283 legali
2920 1214 3259 1283 pmferrcnt,
3319 1216 3563 1285 prmcipit

1992 1307 2209 1361 dicens:
2236 1304 2506 1359 Timorem
2543 1319 2729 1359 eorum
2780 1318 2847 1359 ne
2882 1305 3191 1369 timueritis,
3242 1320 3418 1375 neque
3445 1316 3562 1360 tur-

1994 1395 2212 1459 bemini,
2263 1394 2355 1449 sed
2426 1394 2604 1464 potius
2649 1404 2835 1450 sancte
2876 1397 3083 1451 colatur
3119 1410 3149 1450 a
3184 1397 3333 1451 vobis
3381 1396 3568 1466 gloriae

1996 1486 2274 1550 Dominus,
2322 1485 2371 1539 id
2404 1492 2488 1541 est
2517 1485 2761 1541 Christus
2784 1527 2800 1552 ,
2849 1495 2904 1543 et
2951 1487 3157 1541 colatur
3183 1486 3308 1550 title,
3345 1494 3399 1542 et
3425 1491 3566 1558 apud

316 1598 471 1668 θῆτε,
502 1597 610 1649 οὐδ’
640 1597 701 1649 οὐ
741 1594 817 1665 μὴ
856 1593 1164 1664 ταραχθῆτε
1186 1605 1201 1620 ’
1244 1589 1549 1659 ἁγιαζέσθω
1581 1588 1638 1641 δὲ
1676 1586 1913 1658 panem,

2017 1595 2092 1635 ros
2118 1580 2188 1634 sit
2216 1578 2490 1634 terribilis.
2526 1577 2640 1634 Erit
2661 1581 2805 1635 enim
2833 1580 2919 1635 ille
2949 1581 3099 1637 vobis
3132 1581 3566 1643 sanetilicationi,

316 1688 480 1759 φησὶ,
509 1687 642 1758 παρ’
672 1686 827 1756 ὑμῶν
860 1689 889 1738 ό
917 1685 1015 1755 τῆς
1048 1682 1203 1754 δόξης
1240 1682 1462 1753 Κύριος,
1495 1679 1639 1733 τοῦτ’
1668 1679 1836 1741 ἔστιν,
1870 1680 1898 1730 ὁ

2017 1685 2098 1727 rec
2119 1680 2177 1725 ut
2207 1671 2366 1741 lapidi
2414 1671 2727 1729 oﬂ'ensionis
2751 1675 3052 1729 occurretis
3084 1674 3157 1741 ei,
3193 1690 3292 1731 nec
3324 1685 3380 1730 ut
3405 1686 3570 1745 petrae

315 1779 573 1850 Χριστὸς,
605 1777 696 1830 κοιλ⁹
737 1775 987 1845 τιμάσθω
1030 1777 1092 1845 τῇ
1149 1775 1353 1835 πίστει,
1382 1773 1476 1825 καὶ
1504 1769 1735 1840 φοϐερὸς
1761 1768 1899 1821 ἔστω

2017 1763 2186 1815 'uinm.
2216 1762 2329 1817 Duo
2360 1764 2640 1818 constituit
2663 1764 2714 1819 in
2751 1765 2844 1819 illo
2883 1782 3073 1837 magna
3107 1782 3170 1822 ac
3203 1770 3424 1823 eximia.
3455 1769 3571 1823 Pri-

317 1871 444 1939 παρ’
477 1868 826 1938 ὐμῖν.Ἐσται
869 1866 976 1936 γὰρ
1006 1864 1177 1927 οὓτως
1215 1864 1344 1933 ὑμῖν
1380 1862 1645 1930 ἁγίασμα,
1678 1859 1772 1912 καλ⁸
1802 1858 1899 1926 οὐχ

2017 1869 2144 1906 num
2175 1855 2405 1907 etenim:
2438 1854 2829 1921 Sanctiﬁcabit,
2858 1861 3053 1928 inquit,
3086 1875 3181 1914 vos
3200 1860 3291 1930 qui
3328 1861 3573 1925 creditis,

319 1958 391 2023 ὡς
436 1957 585 2012 λίθου
619 1956 1001 2025 προσκόμματι
1042 1955 1400 2023 συναντήσετε
1450 1949 1617 2019 αὐτῷ,
1655 1948 1777 2001 οὐδὲ
1826 1947 1902 2011 ὡς

322 2049 523 2121 πέτρας
549 2048 824 2118 πτώματι.
854 2046 957 2099 Δύο
989 2044 1201 2115 τίθησιν
1250 2046 1308 2097 ὲν
1358 2041 1506 2113 αύτῷ
1554 2039 1768 2112 μεγάλα
1810 2040 1904 2092 καὶ

322 2141 589 2211 ἐξαίρετα.
615 2138 837 2209 Πρῶτον
865 2137 963 2208 μὲν
984 2137 1110 2204 γὰρ,
1138 2135 1375 2203 ἁγιάσει,
1401 2135 1583 2205 φησιν,
1611 2134 1752 2204 ὑμᾶς
1775 2130 1904 2194 τοὺς

322 2232 695 2295 πιστεύοντας,
729 2231 826 2283 καὶ
855 2232 1115 2300 μετόχους
1140 2229 1408 2295 ἀποφανεί
1426 2226 1524 2296 τῆς
1556 2224 1704 2288 θείας
1733 2222 1902 2276 αὑτοῦ

322 2323 534 2393 φύσεως
556 2320 645 2375 διὰ
671 2320 765 2374 τοῦ
790 2320 946 2388 ἁγίου
976 2318 1288 2388 Πνεύματος
1307 2331 1320 2345 ·
1353 2333 1411 2369 κε
1422 2316 1658 2387 ρδανεῖτε
1680 2315 1736 2367 δὲ
1764 2313 1905 2383 πρὸς

326 2414 516 2485 τούτῳ,
543 2413 606 2467 τὸ
639 2414 777 2485 μήτε
807 2412 882 2475 ὡς
910 2410 1066 2480 λίθῳ,
1105 2410 1242 2481 μήτε
1287 2408 1394 2479 μὴν
1433 2407 1509 2469 ὡς
1544 2407 1720 2476 πέτρᾳ
1747 2421 1907 2458 σκανο

323 2507 481 2562 δάλου
530 2506 948 2578 περιπεσεῖν.⁸“0
989 2504 1056 2571 δὴ
1105 2504 1200 2554 καὶ
1249 2499 1580 2552 πεπόνθασιν
1606 2498 1655 2548 oi
1685 2494 1909 2559 τάλανες

336 2600 580 2652 Ἰουδαῖοι
603 2599 693 2650 διὰ
726 2596 927 2665 πολλὴν
962 2595 1102 2661 ἄγαν
1132 2590 1371 2661 ἀμαθίαν
1407 2586 1908 2656 λέγοντες·(Ἦμείς

328 2690 554 2759 οἴδαμεν
591 2689 675 2744 ὅτι
717 2687 896 2754 Μωσῆ
932 2683 1224 2752 λελάληκεν
1263 2683 1290 2733 ὁ
1317 2679 1475 2743 Θεός’
1512 2677 1696 2730 τοῦτον
1726 2676 1780 2729 δὲ
1806 2679 1906 2731 οὐκ

330 2779 557 2849 οῖδαμεν
594 2774 934 2831 πόθενὲστίν.
952 2772 1189 2827 ,Οὐκοῦν
1216 2770 1505 2841 ἐπειδήπερ
1535 2767 1653 2821 οὔτε
1679 2768 1919 2839 ἡγίασανκ

2008 1956 2063 2000 et
2119 1945 2407 2015 participes
2461 1947 2647 2001 reddet
2699 1961 2795 2003 vos
2852 1948 3050 2006 divina
3098 1965 3207 2005 suae
3243 1959 3446 2006 natura:
3480 1966 3575 2021 per

2008 2044 2252 2091 sanctum
2284 2038 2541 2108 Spiritum
2571 2055 2583 2091 :
2616 2048 2778 2110 atque
2810 2040 2911 2097 hoc
2954 2057 3166 2112 quoque
3202 2043 3332 2098 lucri
3367 2042 3572 2100 atteret.

2009 2141 2067 2187 ut
2108 2148 2208 2188 nec
2235 2134 2378 2190 velut
2429 2136 2481 2189 in
2524 2135 2774 2206 lapidem,
2806 2151 2906 2191 nec
2959 2137 3091 2190 utin
3144 2144 3349 2206 petram
3407 2136 3567 2192 offen-

2011 2223 2179 2279 siouis
2238 2226 2505 2282 incidatis.
2538 2226 2694 2294 Quod
2727 2226 2941 2282 miseris
2990 2225 3196 2283 Iudaeis
3228 2228 3427 2283 accidit
3454 2244 3579 2297 pro~

2012 2321 2132 2383 pter
2156 2315 2482 2386 singularem
2516 2318 2809 2383 inscitiam,
2837 2334 2959 2372 cuni
2986 2320 3174 2374 aiunt:
3218 2319 3357 2375 «Nos
3379 2323 3578 2376 scimus

2012 2401 2142 2459 Mosi
2166 2404 2401 2460 locutum
2430 2421 2551 2462 esse
2581 2408 2766 2473 Deum,
2796 2408 2937 2463 hunc
2973 2422 3103 2463 vero
3141 2409 3408 2464 nescimus
3440 2414 3581 2465 unde

2013 2497 2083 2553 sit
2105 2496 2202 2551 “.r
2249 2496 2413 2552 Proin
2450 2514 2571 2554 cum
2609 2514 2731 2554 eum
2766 2513 2865 2554 nec
2893 2508 3079 2554 sancte
3105 2501 3365 2565 colerent,
3404 2518 3502 2558 nec
3532 2506 3582 2557 ei

2016 2591 2239 2646 credere
2311 2590 2526 2657 vellent,
2584 2592 3028 2648 sanctiﬁcationis
3076 2595 3295 2649 omnino
3335 2603 3585 2664 expertes

2013 2683 2358 2746 exstiterunt,
2402 2693 2457 2738 et
2483 2684 2716 2755 prolapsi
2750 2694 3001 2756 tauquam
3045 2686 3111 2740 ad
3143 2686 3373 2755 lapidem
3417 2686 3587 2757 impc-

2015 2780 2223 2843 geruut,
2259 2774 2614 2844 omnibusque
2645 2777 2696 2830 in
2740 2778 2891 2833 mulis
2920 2779 3119 2833 versati
3155 2789 3302 2834 sunt.

232 2910 249 2923 .
338 2874 522 2939 αὑτὸν,
562 2873 690 2927 οὗτε
737 2878 845 2942 μὴν
876 2874 1063 2941 ὴθελον
1093 2866 1179 2921 ἐπ’
1203 2865 1346 2935 αὐτῷ
1375 2864 1706 2928 πεποιθέναι,
1770 2868 2115 2938 μεμενήκασι
2174 2868 2273 2938 μὲν
2330 2870 2606 2942 ἁγιασμοῦ
2639 2872 2916 2936 παντελῶς
2971 2873 3252 2944 ἀμέτοχοι,
3284 2877 3579 2946 προσπταί-

342 2984 536 3031 σαντες
569 2967 627 3019 δὲ
662 2966 739 3029 ὡς
766 2964 897 3033 λίθῳ
923 2961 1255 3026 πεπτώκασι,
1288 2960 1379 3013 καὶ
1398 2960 1455 3013 ὲν
1478 2958 1640 3012 παντὶ
1659 2959 1916 3027 γεγόνασι
1950 2959 2128 3031 κακῷ.

445 3064 487 3110 υ
515 3059 567 3110 δὲ
603 3052 751 3117 οἶκος
789 3052 974 3107 Ἰικὼϐ
1019 3053 1075 3104 ὲν
1118 3051 1322 3119 παγίδι,
1352 3050 1446 3105 καὶ
1489 3052 1545 3102 ὲν
1587 3050 1911 3119 κοιλὰσματι

2093 3052 2254 3106 Vens.
2298 3050 2380 3117 [5,
2416 3051 2501 3106 16.
2547 3052 2740 3108 Domus
2779 3054 2944 3109 Jacab
2966 3057 3017 3110 in
3048 3056 3259 3124 laqttco,
3285 3066 3334 3110 et
3367 3059 3419 3111 in
3445 3060 3592 3112 votu-

340 3148 711 3218 ἐγκαθήμενοι
737 3148 794 3198 ἐν
840 3143 1194 3215 Ἰερουσαλήμ
1213 3158 1227 3173 ο
1253 3142 1340 3194 διὰ
1370 3139 1528 3193 τοῦτο
1555 3139 1918 3211 ἀδυνατήσουο

338 3258 423 3294 σιν
461 3243 518 3292 ἐν
551 3239 733 3300 αὐτοῖς
772 3236 976 3301 πολλοὶ,
1013 3236 1106 3287 καὶ
1154 3234 1443 3287 πεσοῦνται
1491 3233 1585 3285 καὶ
1627 3232 1919 3302 συντριϐή-

335 3346 537 3393 σονται,
584 3329 679 3382 καὶ
725 3326 1024 3396 ἐγγιοῦσιν,
1053 3325 1149 3378 καὶ
1192 3323 1490 3377 ἁλώσονται
1541 3322 1815 3394 ἄνθρωποι
1861 3325 1919 3377 ὲν

335 3422 603 3492 ἀσφαλείᾳ
643 3421 819 3482 ὄντες.
855 3419 991 3472 Τότε
1030 3418 1251 3486 ιιεανερολ⁵
1278 3416 1492 3469 ἔσονται
1530 3415 1580 3467 οί
1619 3416 1920 3488 σφραγιζό-

341 3531 493 3585 μενοι
512 3512 607 3565 τὸν
634 3512 799 3580 νόμον
824 3509 919 3563 τοῦ
953 3510 1027 3580 μὴ
1056 3508 1268 3580 μαθεῖν.

416 3594 478 3656 ’0
512 3602 676 3671 σοφὸς
707 3602 812 3671 ἐτη
836 3602 1246 3671 Παροιμιαστής
1267 3615 1281 3630 ⁸
1315 3618 1333 3651 ι
1362 3599 1479 3663 Υίὲ,
1510 3599 1584 3671 μὴ
1616 3596 1860 3669 ζηλούτω
1887 3598 1920 3667 ἠ

339 3695 534 3768 καρδία
586 3711 681 3746 σου
733 3691 1106 3763 ἁμαρτωλοὺς,
1135 3691 1249 3745 ἀλλ’
1280 3693 1337 3744 ὲν
1382 3691 1532 3762 φόϐῳ
1575 3690 1781 3761 Κυρίου
1814 3688 1921 3741 ἴσθι

338 3772 599 3857 ὅληνίτὴν
628 3783 862 3854 ἡμέραν.
894 3802 912 3834 ι
956 3783 1162 3853 Πρέποι
1197 3782 1305 3851 γὰρ
1354 3782 1419 3836 ἂν
1456 3781 1585 3846 τούς
1613 3798 1676 3850 γε
1707 3780 1923 3851 ἀληθῶς

342 3878 697 3948 ἀρτίφρονας,
741 3874 817 3945 μὴ
857 3875 956 3945 τῆς
1005 3873 1115 3927 τῶν
1166 3873 1384 3943 φαύλων
1422 3871 1760 3943 σκαιότητος,
1790 3870 1952 3957 ἀλλὰ)

342 3968 440 4041 τῆς
466 3968 577 4021 τῶν
608 3965 830 4035 ἀγαθῶν
856 3966 1155 4028 ἐπιεικείας
1193 3964 1444 4034 γενέσθαι
1488 3962 1752 4036 μιμητάς.
1782 3963 1924 4015 Οὐκ-

344 4055 435 4110 οῦν
484 4057 784 4127 ἐπειδήπερ
828 4057 943 4117 τοῖς
989 4054 1164 4123 ἁγίοις
1207 4055 1559 4108 συνεϐούλευε
1619 4053 1921 4126 μαθηταῖς,

346 4144 595 4214 ἀγίασμα
632 4145 729 4214 μὲν
773 4144 1042 4197 ποιεῖσθαι
1069 4144 1323 4215 Χριστὸν,
1353 4144 1667 4197 πεποιθέναι
1695 4143 1750 4197 δὲ
1784 4142 1922 4212 μᾶλ-

346 4237 437 4292 λον
462 4238 551 4289 ἐπ’
580 4234 750 4305 αὐτῷ,
779 4234 874 4288 καὶ
898 4235 993 4297 τὰς
1026 4234 1132 4288 τῶν
1164 4234 1466 4289 διωκόντων
1495 4235 1751 4296 ἀπονοίας
1771 4234 1926 4302 ἡγεῖ.

349 4326 473 4381 σθαι
496 4325 688 4396 μηδὲν,
719 4326 1134 4396 προσεπήγαγεν
1160 4324 1492 4392 ἀναγκαίως.
1519 4324 1617 4376 ὅσα
1634 4339 1693 4374 τε
1724 4321 1816 4373 καὶ
1836 4316 1922 4373 οἷα

2022 3142 2169 3196 tabro
2206 3142 2437 3205 sedentes
2466 3145 2515 3197 in
2545 3142 2839 3197 Jerusalem
2865 3161 2884 3199 :
2911 3161 3179 3215 propterea
3209 3148 3403 3214 inﬁrmi
3436 3157 3591 3202 erunt

2020 3234 2158 3286 inter
2187 3250 2272 3287 eos
2309 3233 2481 3301 multi,
2508 3243 2558 3288 et
2603 3235 2810 3301 cadent,
2862 3248 2908 3290 et
2948 3248 3302 3304 conterentur,
3327 3252 3372 3294 et
3396 3257 3590 3310 apprc-

2020 3324 2367 3394 pinquubunt,
2396 3333 2444 3379 et
2470 3326 2740 3395 capientur
2767 3327 3002 3383 homines
3042 3330 3094 3382 in
3128 3333 3409 3387 securitate
3446 3335 3592 3387 exsi-

2019 3429 2228 3472 stentes.
2248 3417 2392 3473 Tunc
2423 3419 2855 3490 manifestierunt
2879 3422 2967 3492 qui
2984 3422 3504 3495 obsignanturlcgcm
3532 3440 3589 3481 ut

2022 3526 2122 3564 non
2143 3511 2365 3565 discant.

2093 3598 2320 3671 Sapiens
2349 3602 2734 3661 Paroemiastes
2769 3605 2905 3660 dixit
2937 3623 2950 3660 :
2991 3624 3010 3658 ι
3041 3606 3162 3670 Fili,
3209 3622 3274 3661 ne
3315 3608 3596 3664 :enudetur

2022 3704 2117 3745 cur
2148 3700 2295 3746 tuum
2326 3705 2660 3762 peccatores,
2686 3699 2779 3751 sed
2808 3697 2858 3751 in
2887 3698 3078 3752 timore
3103 3698 3314 3753 Domini
3339 3709 3457 3754 esto
3482 3708 3596 3753 toto

2023 3782 2108 3836 die
2128 3782 2225 3836 ⁸³.»
2257 3782 2418 3839 Decet
2445 3787 2587 3840 enim
2626 3802 2751 3841 vere
2811 3789 3059 3843 cordatos
3091 3804 3194 3843 non
3232 3790 3598 3859 improbitatis

2026 3873 2401 3941 pessimorum,
2424 3877 2515 3930 sed
2543 3876 2826 3946 probitatis
2847 3876 3106 3931 bonorum
3132 3880 3430 3932 imitatores
3454 3894 3595 3931 esse.

2029 3961 2315 4030 Postquam
2353 3964 2531 4034 itaque
2566 3966 2765 4021 sanctis
2822 3966 3100 4035 discipulis
3125 3969 3297 4021 suasit
3324 3979 3380 4019 ut
3420 3968 3600 4024 colere

2026 4051 2302 4106 Christum
2331 4064 2572 4121 satagant
2604 4064 2810 4119 sancte,
2843 4054 2949 4107 imo
2984 4065 3041 4108 ut
3069 4057 3118 4108 in
3149 4056 3323 4123 ipsum
3355 4057 3601 4124 credant,

2028 4155 2083 4199 et
2140 4147 2374 4199 furorem
2439 4144 2594 4215 142
2626 4147 3061 4213 persequentium
3117 4148 3268 4201 nibili
3309 4148 3600 4216 aestiment,

2029 4233 2205 4290 intulit
2241 4248 2401 4301 porro
2442 4231 2769 4296 necessario,
2825 4243 3026 4300 quanta
3083 4244 3136 4289 et
3183 4236 3361 4305 qualia
3406 4237 3602 4293 damna

2032 4329 2392 4399 inuuorigeris
2430 4328 2696 4382 accident.
2742 4328 2943 4383 Domus
2972 4329 3138 4394 enim,
3177 4331 3370 4397 inquit,
3408 4329 3599 4397 Jacob,

350 4420 458 4481 τοῖς
503 4415 752 4470 ἀπειθεῖν
800 4412 1094 4487 ᾑρημένοις
1147 4415 1484 4485 συμϐήσεται
1520 4412 1789 4481 βλάϐη.’0
1822 4412 1915 4482 γὰρ

2035 4421 2085 4475 id
2130 4429 2231 4485 est,
2266 4418 2455 4487 Judtei,
2496 4419 2728 4474 maxima
2784 4429 2838 4475 et
2897 4430 3152 4488 perpetua
3217 4432 3403 4477 contra
3446 4424 3605 4478 Chri-

351 4506 518 4573 οῐκος,
550 4509 705 4578 φησὶ,
734 4507 830 4560 τοῦ
870 4506 1082 4570 Ἰακὼϐ,
1117 4506 1263 4558 τοῦτ’
1294 4504 1460 4565 ἔστιν,
1479 4502 1736 4566 Ἰουδαῖοι,
1776 4502 1926 4556 πλεί-

354 4618 487 4671 στην
521 4618 582 4654 τε
632 4601 763 4668 ὅσην
795 4600 891 4653 καὶ
933 4594 1329 4670 ἁκατάληκτον
1356 4595 1452 4665 τὴν
1504 4595 1645 4649 κατὰ
1693 4594 1926 4664 Χριστοῦ

354 4692 636 4755 νοσοῦντες
659 4691 933 4752 ἀπόνοιαν,
956 4690 1167 4742 ἔσονται
1195 4686 1573 4758 προσεοικὸτες
1601 4688 1711 4749 τοῖς
1738 4686 1795 4737 ἐν
1822 4701 1926 4737 πα-

357 4783 467 4853 γίδι
489 4783 787 4851 γεγονόσιν,
816 4782 914 4836 καὶ
934 4781 1355 4852 τεθηρευμένοις
1384 4780 1462 4841 είς
1492 4776 1808 4848 ὀλεθρον.Ἦ
1834 4776 1927 4828 καὶ

353 4876 467 4936 τοῖς
501 4877 559 4927 ὲν
590 4873 935 4943 κοιλάσμασι,
964 4873 1106 4925 τοῦτ’
1139 4870 1274 4931 ἐστι,
1311 4871 1422 4932 τοῖς
1458 4870 1538 4933 εἰς
1571 4868 1759 4940 βόθρον
1800 4867 1926 4919 ὠλι-

357 4965 630 5038 σθηκόσιν.
652 4965 869 5034 Ταύτης
893 4981 949 5015 τε
984 4962 1144 5017 ἕνεκα
1167 4962 1267 5032 τῆς
1301 4960 1476 5022 αίτίας
1506 4959 1928 5028 ἁδυνατήσουσιν

355 5060 411 5112 ἒν
439 5051 622 5121 αὐτοῖς
646 5056 854 5117 πολλοὶ.
886 5055 979 5108 καὶ
1005 5054 1315 5115 πεσοῦνται,
1339 5052 1433 5105 καὶ
1462 5050 1929 5119 συντριϐήσονται,

355 5152 450 5203 καὶ
486 5148 781 5216 ὲγγιοῦσιν,
808 5145 953 5199 τοῦτ’
990 5145 1155 5209 ἔστιν,
1184 5143 1348 5211 ἐγγὺς
1377 5142 1584 5194 ἔσονται
1617 5139 1708 5192 καὶ
1734 5138 1792 5190 οὗ
1830 5152 1933 5206 μα-

358 5241 492 5310 κρὰν
537 5236 635 5292 τοῦ
677 5236 1065 5292 κατασίνεσθαι
1095 5231 1680 5302 πεφυκότοςηίσονται
1708 5230 1815 5300 γὰρ
1843 5229 1934 5280 ἁν-

360 5331 536 5402 ίσχυες
569 5332 663 5386 καὶ
690 5327 1163 5398 συντετριμμένοι,
1187 5327 1279 5378 καὶ
1304 5328 1413 5386 τοῖς
1446 5322 1768 5391 πολεμοῦσιν
1791 5319 1934 5373 ἁλώ-

359 5437 521 5491 σιμοι.
555 5422 662 5496 καὶ
686 5421 844 5475 τοῦτο
868 5415 934 5489 ἦν
964 5418 1072 5487 ἄρα
1094 5416 1156 5467 τὸ
1188 5416 1273 5468 διὰ
1299 5415 1482 5483 φωνῆς
1504 5413 1782 5482 προφήτου
1809 5411 1937 5479 περὶ

356 5511 537 5566 αὐτῶν
586 5513 871 5582 εἰρημένον
923 5510 1027 5561 ὑπὸ
1075 5506 1230 5559 Θεοῦ.
1273 5507 1402 5559 Ἰδοὺ
1450 5503 1560 5572 ἐγὼ
1603 5503 1794 5572 δίδωμι
1847 5503 1939 5556 ἐπὶ

356 5606 446 5660 τὸν
470 5604 598 5658 λαὸν
620 5603 806 5656 τοῦτον
843 5600 1131 5656 ἀσθένειαν
1153 5616 1165 5629 ·
1207 5599 1297 5650 καὶ
1328 5595 1711 5667 ἀσθενῆσουσιν
1750 5597 1806 5647 ὲν
1842 5594 1939 5646 αύ-

427 5764 470 5800 “
490 5761 647 5819 δίκην.
676 5778 748 5821 ix.
781 5759 869 5814 16.
949 5756 991 5787 ⁶¹
1020 5754 1175 5809 Joau.
1208 5768 1283 5814 ts.
1308 5752 1397 5806 29.
1476 5752 1518 5782 "
1541 5750 1697 5808 Prov.
1722 5761 1886 5815 nm,
1910 5746 1998 5802 i7.

676 5858 955 5917 I‘A'rum”
1012 5850 1054 5904 Ο
1069 5864 1127 5908 tt.
1185 5846 1356 5905 LXX.

2033 4520 2174 4565 stum
2217 4516 2557 4565 contumacia
2611 4511 2763 4582 quasi
2802 4512 2990 4565 morbo
3041 4510 3605 4572 laborantes,similcs

2035 4612 2191 4657 erunt
2225 4603 2308 4657 bis
2349 4605 2437 4673 qui
2493 4602 2679 4672 laqueo
2720 4611 2990 4667 tenentur,
3028 4612 3083 4657 et
3113 4604 3394 4674 capientur
3428 4604 3494 4655 ad
3527 4604 3609 4655 in.

2037 4695 2273 4760 teritum,
2309 4696 2387 4748 vel
2416 4694 2499 4748 ltis
2552 4695 2639 4763 qui
2674 4703 2798 4749 sunt
2838 4694 2888 4747 in
2941 4694 3242 4759 volutabra,
3274 4695 3325 4747 id
3371 4703 3473 4758 est,
3516 4695 3607 4764 qui

2032 4784 2432 4853 przccipitautur
2484 4785 2533 4837 in
2581 4783 2809 4838 foveam.
2844 4781 3077 4841 liancob
3098 4800 3210 4840 rem
3234 4783 3427 4840 inﬁrmi
3452 4798 3609 4839 erunt

2034 4874 2171 4926 inter
2198 4889 2288 4928 eos
2339 4873 2512 4938 multi,
2556 4882 2608 4926 ct
2648 4875 2838 4925 cadent
2890 4882 2944 4925 et
2987 4881 3356 4940 conterentur,
3394 4886 3450 4930 et
3509 4891 3608 4946 ap-

2035 4964 2490 5032 propinquabunt,
2547 4963 2595 5015 id
2644 4971 2747 5025 est,
2780 4961 2918 5013 haud
2954 4962 3140 5028 procul
3170 4974 3330 5018 erunt
3372 4980 3401 5018 a
3444 4980 3606 5019 noxa.

2038 5053 2207 5108 Erunt
2232 5053 2372 5106 enim
2398 5052 2599 5105 debiles
2621 5060 2670 5103 et
2706 5051 2897 5117 attriti,
2922 5061 2974 5104 et
3015 5067 3043 5105 a
3069 5053 3415 5108 bellatoribus
3440 5056 3603 5122 capti.

2038 5143 2202 5212 quue
2235 5143 2487 5196 nimirum
2527 5157 2655 5196 voce
2693 5144 2966 5211 prophetae
2995 5143 3062 5198 de
3096 5144 3198 5198 illis
3229 5145 3432 5199 dictum
3465 5156 3546 5199 est
3580 5163 3609 5199 τι

2042 5236 2171 5289 Deo:
2207 5234 2345 5289 Ecce
2373 5248 2469 5303 ego
2493 5233 2560 5288 do
2588 5250 2748 5303 super
2779 5235 3027 5305 pupulum
3075 5238 3217 5292 bunc
3258 5238 3609 5301 debilitatem,

2040 5336 2092 5379 et
2123 5324 2547 5380 debilitabuntur
2598 5329 2650 5379 in
2695 5326 2786 5380 illo
2818 5336 2998 5395 patres
3025 5336 3079 5381 et
3120 5329 3213 5382 lilii
3240 5329 3420 5393 simul,
3445 5338 3500 5383 et
3541 5332 3615 5381 vi-

2043 5413 2194 5467 cinus
2213 5422 2265 5467 et
2304 5413 2581 5482 proximus
2615 5415 2731 5481 ejus
2770 5418 3042 5484 peribunt,
3078 5417 3202 5472 licet
3231 5418 3321 5486 qui
3375 5418 3429 5472 in
3462 5421 3612 5473 (lbr-

2044 5512 2127 5557 sto
2153 5504 2322 5558 vocati
2341 5512 2467 5556 sunt
2496 5504 2561 5558 ad
2583 5504 3088 5571 sanctificationcm,
3118 5522 3221 5560 non
3249 5511 3327 5563 sic
3354 5510 3608 5564 habeant.

2048 5594 2231 5652 Robur
2263 5595 2408 5651 enim
2440 5606 2493 5651 et
2529 5594 2644 5652 laus
2680 5611 2864 5650 eorum
2888 5596 3166 5673 Dominus,
3205 5600 3357 5669 juxta
3390 5603 3439 5654 id
3471 5604 3611 5672 quod

3279 5842 3313 5896 8
