4122 6292
546 318 657 375 εδδ

1503 316 1563 373 5.
1603 315 1878 371 CYBlLlJ
1922 316 2394 373 ALEXANDRINI
2434 318 2748 377 ARCHlEP.

3702 321 3813 376 ’.138

552 439 819 509 scriptum
864 444 966 492 est.
1037 434 1396 491 Conﬂrmabit
1440 447 1618 490 autem
1671 436 1882 490 divinus
1934 434 2122 490 Paulus

2229 440 2340 502 τοῖς
2402 439 2639 512 πατέρες
2693 441 2784 495 καὶ
2834 440 2936 495 υἰοί
2995 441 3132 512 ἃμα.
3194 441 3397 495 Γείτων
3436 439 3532 493 καὶ
3585 437 3822 506 πλησίον

553 535 738 587 dicens
770 547 782 583 :
816 528 1038 584 «Omnia
1092 542 1307 597 possum
1340 528 1392 580 in
1422 525 1640 583 Christo
1674 526 1767 596 qui
1806 527 2124 582 corroborat

554 638 641 677 ine
671 622 774 676 η.»
809 619 1108 688 Capientur
1165 634 1313 689 ergo,
1352 620 1547 689 inquit,
1604 618 1697 689 qui
1734 635 1838 674 non
1896 620 2142 694 credunt,

553 711 801 766 homines
832 712 884 767 in
940 708 1230 764 securitate
1272 710 1616 764 exsistantcs.
1650 708 1921 775 Quantum
1981 710 2124 763 enim

552 807 760 872 spectat
786 800 850 854 ad
893 815 1182 870 supernum
1216 802 1473 856 auxilium
1513 802 1657 872 quod
1706 799 1959 857 lsraelitis
1980 815 2125 855 sem-

552 907 650 964 per
682 890 873 957 atlfuit,
908 893 995 944 vix
1033 892 1149 961 capi
1178 898 1429 962 poterant
1463 902 1553 945 aut
1599 891 1896 961 expugnati
1929 892 1997 946 ab
2024 891 2128 947 ini-

553 983 734 1048 micis,
796 983 909 1037 sive
948 983 1302 1053 aspectabiles
1335 983 1409 1038 illi
1453 992 1657 1051 essent,
1688 983 2127 1052 sivcinaspecta-

552 1072 706 1130 biles.
731 1074 878 1128 Dixit
901 1075 1042 1128 enim
1069 1074 1266 1129 alicubi
1298 1073 1438 1130 Deus
1456 1076 1521 1129 de
1542 1075 1872 1130 Jerusalem:
1910 1075 2003 1130 «Et
2031 1089 2130 1147 ego

549 1180 645 1221 ero
672 1164 771 1230 illi,
829 1166 962 1221 dicit
983 1164 1263 1231 Dominus,
1322 1183 1507 1220 murus
1527 1167 1664 1237 ignis
1688 1167 2126 1239 circumquaque,

553 1269 609 1312 et
649 1260 703 1312 in
753 1258 980 1329 gloriam
1026 1273 1121 1314 ero
1154 1258 1207 1312 in
1241 1258 1418 1312 medio
1451 1258 1566 1327 ejus
1584 1257 1681 1312 ⁸⁸.»
1723 1259 1985 1314 Carterum
2039 1261 2127 1317 ubi

530 1353 910 1420 limpegcrunt,
945 1360 998 1405 et
1048 1350 1100 1405 in
1151 1348 1423 1405 Christum
1456 1350 1801 1408 temulentius
1826 1353 2130 1408 deblatera-

549 1452 698 1507 runt,
720 1443 867 1497 omni
901 1442 1198 1497 munitione
1230 1452 1284 1497 et
1309 1442 1622 1497 defensione
1652 1454 1760 1497 tam
1786 1443 2126 1515 intelligibili,

548 1547 710 1600 quam
730 1522 972 1586 sensibili
998 1531 1237 1586 destituti
1258 1531 1565 1602 desertique
1597 1534 1648 1586 in
1673 1532 1870 1587 mundo
1908 1534 2127 1603 degunt.

548 1624 629 1677 Ad
663 1622 800 1677 alios
827 1623 994 1688 enim,
1025 1622 1078 1676 id
1100 1632 1205 1690 est,
1234 1622 1297 1675 ad
1326 1625 1793 1693 gentes_migravit
1825 1625 2131 1685 Servatoris

2226 528 2390 582 αὑτοῦ
2412 529 2735 584 ἀπολοῦνται
2758 547 2771 560 ·
2806 532 2982 584 καίτοι
2999 531 3108 585 τῶν
3135 532 3192 584 ἐν
3216 529 3435 603 Χριστῷ
3460 526 3823 596 κεκλημένων

2225 622 2305 684 εἰς
2338 622 2606 693 ἁγιασμόν
2645 624 2743 693 οὐχ
2771 617 2872 677 ὦδε
2904 623 3157 694 ἐχόντων.
3177 624 3349 693 ’ἰσχὺς
3378 621 3487 691 γὰρ
3509 619 3687 673 αὐτῶν
3721 615 3815 669 καὶ

2227 712 2461 784 ὕμνησις
2499 716 2527 768 6
2571 715 2793 786 Κύριος,
2821 716 2963 770 κατὰ
2995 715 3056 769 τὸ
3097 713 3505 785 γεγραμμένον.
3562 709 3673 762 Καὶ
3726 724 3815 759 πι-

2228 807 2493 860 στώσεται
2518 807 2692 877 λέγων
2724 811 2753 862 6
2781 807 3066 873 θεσπέσιος
3094 808 3306 870 Παῦλος
3328 824 3339 835 ·
3378 825 3394 858 ι
3430 805 3615 857 Πάντα
3645 798 3817 870 ἰσχύω

2227 900 2284 955 ἐν
2307 900 2385 970 τῷ
2423 901 2807 973 ἐνδυναμοῦντί
2840 920 2908 973 με
2948 900 3189 972 Χριστῷ.
3220 920 3239 953 ι
3276 898 3602 952 Ἀλώσονται
3638 892 3816 947 τοίνυν

2227 995 2277 1048 οἰ
2306 994 2683 1061 ἀπιστοῦντες,
2720 997 2902 1068 φησὶν,
2934 995 3213 1067 ἄνθρωποι
3249 994 3308 1046 ἐν
3339 988 3611 1060 ἀσφαλείᾳ.
3638 986 3812 1048 ὄντες·

2231 1085 2394 1139 Ὅσον
2426 1085 2527 1155 μὲν
2568 1084 2678 1156 γὰρ
2707 1081 2847 1158 ἧκεν
2877 1088 2956 1150 εἰς
2987 1084 3085 1156 τὴν
3113 1082 3318 1138 ἄνωθεν
3355 1078 3676 1150 ἐπικουρίαν
3716 1076 3816 1145 τὴν

2228 1177 2550 1249 ῦπάρξασαν
2572 1178 2659 1231 ἀεὶ
2684 1180 2798 1241 τοῖς
2827 1178 2885 1244 ἐξ
2922 1177 3158 1247 Ἰσραὴλ,
3189 1173 3453 1229 ἀνάλωτοι
3481 1187 3626 1234 τινες
3647 1164 3810 1240 ἦσαν.

2229 1267 2326 1322 καὶ
2379 1268 2861 1339 δυσκαταμάχητοι
2911 1271 3041 1330 τοῖς
3073 1265 3307 1337 ἐχθροῖς,
3356 1264 3570 1332 ὁρατοῖς
3608 1275 3667 1311 τε
3717 1256 3812 1309 καὶ

2230 1360 2657 1432 ἀοράτοις.¹Έφη
2688 1361 2796 1431 γάρ
2820 1376 2921 1413 που
2955 1358 3084 1421 Θεὸς
3113 1357 3241 1427 περί
3280 1356 3380 1424 τῆς
3417 1349 3775 1423 Ἰερουσαλήμ
3795 1364 3810 1379 ⁸

2237 1470 2255 1503 ι
2286 1454 2395 1506 Καὶ
2440 1451 2551 1521 ἐγὼ
2583 1452 2776 1523 ἔσομαι
2817 1453 2955 1523 αὐτῇ
2975 1499 2991 1525 ,
3011 1450 3159 1519 λέγει
3203 1447 3610 1519 Κύριος,τεῖχος
3643 1441 3812 1512 πυρὸς

2234 1544 2511 1611 κυκλόθεν,
2542 1544 2636 1598 καὶ
2685 1546 2766 1608 εἰς
2812 1543 2971 1609 δόξαν
3016 1542 3209 1612 ἔσομαι
3257 1542 3314 1593 ἐν
3363 1537 3515 1608 μέσῳ
3557 1534 3753 1603 αὐτῆς.
3787 1549 3807 1582 ι

2245 1633 2462 1705 Ἐπειδὴ
2482 1632 2538 1685 δὲ
2564 1633 3069 1705 προσκεκρούκασιν
3090 1627 3547 1713 μπαροινοῦντες
3569 1620 3811 1694 Χριστῷ,

546 1714 742 1785 gratia.
767 1732 787 1765 ι
811 1714 977 1768 Erunt
1006 1714 1221 1783 quidem
1253 1725 1400 1782 tunc,
1430 1733 1448 1766 ι
1478 1715 1671 1785 inquit,
1704 1733 1724 1767 ‹
1746 1717 2011 1774 manifesti
2038 1720 2122 1791 qui

2232 1723 2412 1794 πάσης
2455 1724 2753 1791 ἀσφαλείας
2800 1722 3017 1794 ἔρημοι,
3049 1711 3247 1790 νοητῆς
3299 1734 3361 1771 τε
3413 1716 3503 1770 καὶ
3550 1711 3813 1781 αἰσθητῆς

546 1808 897 1878 obsignantur
922 1807 1089 1877 legem
1115 1820 1181 1861 ne
1213 1807 1440 1862 discant.
1469 1826 1488 1860 ι
1515 1807 1583 1861 Ει
1605 1808 1653 1861 hi
1677 1808 1895 1877 quinam
1916 1812 2122 1866 tandem

2229 1814 2563 1868 διατελοῦσιν
2604 1816 2662 1870 ἐν
2709 1815 2917 1884 κόσμῳ.
2949 1811 3405 1880 Μεταπεφοίτηκε
3432 1806 3542 1877 γὰρ
3580 1805 3661 1867 εἰς
3698 1801 3813 1855 ἐτέ-

548 1907 675 1951 sunt
696 1898 721 1951 ?
759 1897 860 1963 Qui
888 1898 939 1952 in
969 1897 1190 1953 Christo
1204 1897 1453 1952 videlicet
1472 1908 1527 1952 et
1554 1900 1729 1954 vocati
1746 1901 2122 1956 etsanctiticati

2235 1922 2382 1974 ρους,
2415 1904 2561 1959 τοῦτ’
2578 1904 2715 1966 ἔστι,
2736 1906 2862 1968 τοὺς
2883 1904 2944 1968 ἐξ
2972 1903 3191 1974 ἐθνῶνή
3221 1900 3315 1955 τοῦ
3344 1900 3609 1963 σώζοντος
3632 1897 3811 1967 χάρις.

543 2005 646 2059 per
709 1988 992 2061 Spiritum,
1053 2005 1081 2044 a
1145 1991 1340 2060 quibus
1398 1990 1528 2044 illud
1582 2000 1707 2062 apte
1754 1991 1855 2046 dici
1904 2002 2122 2063 poszet:

2225 1999 2488 2051 [Ἔσονται
2538 1997 2596 2050 δὲ
2643 1997 2762 2051 τότε
2788 1993 3266 2068 ,φησὶν,φσνεροὶ,
3300 1995 3349 2045 οἰ
3385 1987 3812 2061 σφραγιζόμενοι

553 2102 571 2132 ι
592 2096 611 2131 ξ
636 2083 875 2149 ignatum
892 2089 1149 2149 estsuper
1166 2094 1262 2133 nos
1279 2079 1459 2134 lumen
1476 2081 1654 2135 vultus
1670 2081 1766 2146 tui,
1785 2081 2090 2153 Domine”.
2104 2101 2123 2135 ι

539 2173 732 2245 Imago
757 2172 956 2243 quippe
986 2181 1040 2228 et
1066 2171 1364 2226 similitudo
1389 2182 1443 2228 et
1470 2181 1722 2242 tanquam
1748 2170 1916 2227 facies
1944 2173 2036 2229 Dei
2075 2183 2130 2229 et

538 2265 726 2322 Patris
745 2273 834 2319 est
858 2264 1049 2330 Filius.
1071 2262 1273 2318 Lumen
1292 2275 1469 2318 autem
1497 2263 1671 2319 abillo
1696 2256 1747 2318 in
1771 2280 1867 2320 nos
1882 2266 2127 2334 missum,

543 2371 630 2413 est
682 2357 916 2428 Spiritus
948 2365 1167 2411 sanctus
1201 2371 1297 2426 pcr
1330 2370 1488 2425 quem
1531 2356 1882 2427 obsignamur
1910 2358 1976 2413 ad
2017 2359 2127 2426 pri-

539 2466 690 2505 mum
714 2449 1007 2521 imaginem
1025 2448 1305 2503 reformati
1328 2462 1423 2518 per
1442 2449 1947 2504 sauctiticationem.
1973 2448 2125 2504 Facti

544 2540 690 2611 enim
705 2538 970 2595 sumusad
985 2538 1273 2609 imaginem
1293 2537 1765 2592 etsimilitudinem
1790 2538 1878 2594 Dei
1898 2540 1988 2610 qui
2007 2555 2129 2596 con-

542 2632 702 2686 didit.
737 2629 980 2684 Evadent
998 2613 1168 2699 igitur
1202 2629 1255 2682 in
1286 2627 1804 2697 manifestationem,
1847 2630 2039 2699 inquit,
2073 2631 2125 2686 id

546 2732 652 2789 est,
680 2722 920 2792 insignes
940 2720 992 2774 et
1009 2721 1118 2774 Deo
1133 2720 1425 2784 notissimi,
1443 2729 1496 2774 et
1525 2720 1575 2774 in
1596 2720 1752 2793 143
1773 2724 1972 2776 mundo
1994 2737 2125 2777 con—

542 2814 738 2884 spicui,
758 2812 849 2882 qui
867 2823 1056 2867 sancto
1070 2811 1270 2882 Spiritu
1285 2810 1549 2882 obsignati
1564 2824 1708 2878 sunt,
1729 2823 1900 2868 utnon
1914 2813 2125 2869 discant

542 2910 741 2977 legem.
763 2904 1012 2975 Nunquid
1052 2904 1216 2973 igitur
1239 2902 1629 2960 abstinebimus
1648 2922 1675 2960 a
1695 2906 1928 2962 lectione
1955 2905 2126 2978 legis?

541 3000 707 3070 Atqui
726 2999 1143 3067 sicintelligere,
1160 3000 1344 3067 quidni
1366 3000 1616 3054 inscitum
1638 3001 1708 3055 sit
1735 3010 1791 3055 et
1806 3000 2119 3068 absurdum,

543 3109 667 3148 cum
687 3094 826 3150 Deus
842 3092 986 3150 dicat
1008 3093 1292 3164 perspicue
1314 3107 1329 3147 :
1354 3110 1372 3144 ι
1396 3090 1686 3166 Propterea
1716 3093 1906 3165 loquor
1931 3095 2118 3150 vobis:

2230 2088 2320 2143 τὸν
2366 2089 2531 2158 νόμον
2570 2087 2665 2142 τοῦ
2716 2088 2789 2160 μὴ
2841 2070 3083 2161 μαθεῖνῆ
3098 2086 3205 2139 Καὶ
3250 2084 3395 2147 τίνες
3428 2083 3494 2136 ἂν
3524 2077 3633 2134 εἷεν
3665 2073 3813 2133 οῦτοι

2230 2183 2424 2248 πάλιν;
2456 2183 2519 2235 Οἰ
2560 2182 2619 2235 ἐν
2650 2180 2871 2253 Χριστῷ
2907 2179 3148 2251 δηλονότι
3178 2176 3588 2246 δεδικαιωμένοι
3620 2191 3681 2227 τε
3721 2172 3814 2226 καὶ

2230 2272 2550 2346 ἡγιασμένοι
2579 2270 2667 2325 διὰ
2693 2272 2787 2324 τοῦ
2818 2270 3162 2340 Πνεύματος’
3196 2262 3276 2330 οἷς
3315 2266 3381 2320 ἂν
3410 2262 3705 2335 ἀρμόσειεν
3737 2261 3813 2313 εἰσ

2229 2366 2379 2416 πεῖν·
2404 2380 2423 2413 ι
2471 2360 2811 2432 Ἐσημειώθη
2843 2361 2926 2428 ἐφ’
2956 2360 3106 2430 ἡμᾶς
3131 2357 3192 2410 τὸ
3238 2355 3350 2426 φῶς
3395 2356 3489 2407 τοῦ
3520 2350 3813 2424 προσώπου

2231 2473 2345 2520 σου,
2383 2453 2579 2526 Κύριε.
2609 2474 2628 2508 ι
2659 2453 2839 2507 Εἰκὼν
2866 2453 2964 2523 μὲν
2991 2452 3101 2522 γὰρ
3126 2450 3220 2504 καὶ
3244 2449 3501 2519 ὁμοίωσις
3534 2448 3629 2501 καὶ
3650 2447 3814 2501 οἰονεί

2229 2546 2518 2617 πρόσωπον
2549 2544 2642 2598 τοῦ
2678 2543 2814 2597 Θεοῦ
2849 2544 2943 2597 καὶ
2972 2543 3187 2614 Πατρὸς
3212 2542 3240 2593 6
3274 2540 3419 2601 Υἰός.
3442 2538 3639 2602 Φῶςδὲ
3669 2537 3732 2590 τὸ
3754 2537 3812 2603 ἐξ

2228 2639 2394 2695 αὑτοῦ
2429 2638 2781 2709 πεμπόμενον
2812 2639 2890 2700 εἰς
2919 2637 3067 2707 ἡμᾶς
3105 2636 3165 2688 τὸ
3194 2633 3418 2704 Πνεῦμα
3448 2631 3509 2685 τὸ
3544 2632 3719 2700 ἅγιον,
3742 2631 3809 2684 δι’

2225 2726 2285 2784 οῦ
2306 2728 2829 2799 κατεσφραγίσμεθα
2848 2727 2981 2797 πρὸς
3002 2727 3186 2780 εἰκόνα
3207 2725 3307 2795 τὴν
3328 2722 3550 2794 πρώτην
3572 2724 3812 2793 ἀναμορ-

2226 2821 2484 2893 φούμενοι
2522 2820 2586 2873 δι’
2617 2819 2905 2889 ἀγιασμοῦ.
2945 2817 3295 2890 Πεποιήμεθα
3344 2817 3447 2887 γὰρ
3480 2813 3809 2869 κατέίκόνα
3902 2840 3909 2843 “

2226 2914 2319 2965 καὶ
2367 2911 2624 2982 ὁμοίωσιν
2668 2910 2762 2963 τοῦ
2817 2909 3104 2972 κτίσαντος
3157 2907 3583 2961 Θεοῦ.Ἐσονται
3626 2905 3808 2957 τοίνυν

2226 3004 2467 3076 φανεροὶ,
2498 3004 2651 3075 φησί,
2690 3002 2834 3057 τοῦτ’
2857 3002 3024 3064 ἔστιν,
3055 3001 3312 3072 ἐπίσημοι
3337 3001 3431 3053 καί
3458 2998 3578 3069 Θεῷ
3607 3013 3808 3068 γνωρι-

2227 3094 2486 3165 μώτατοι,
2512 3095 2607 3148 καὶ
2630 3094 2951 3164 διαπρεπεῖς
2971 3093 3029 3147 ἐν
3055 3091 3246 3162 κόσμῳ
3261 3108 3274 3121 ο
3306 3092 3355 3143 οἰ
3375 3088 3452 3161 τῷ
3472 3089 3613 3160 ἁγίῳ
3633 3105 3804 3143 κατα-

541 3187 731 3243 Uinnis
745 3186 921 3241 scriba
946 3185 1138 3240 doctus
1157 3188 1206 3239 in
1228 3201 1393 3256 regno
1416 3187 1673 3242 caelorum
1697 3186 1888 3242 similis
1913 3199 1999 3242 est
2025 3187 2121 3242 ho-

2227 3185 2649 3256 σφραγιζόμενοι
2697 3183 2995 3254 Πνεῦματι,
3035 3182 3129 3236 τοῦ
3163 3181 3236 3252 μὴ
3271 3180 3464 3248 μαθεῖν
3494 3178 3588 3234 τὸν
3617 3179 3801 3251 νόμον.

543 3278 674 3331 mini
698 3277 874 3340 diviti,
896 3276 985 3345 qui
1008 3278 1278 3346 depromit
1300 3293 1363 3332 ex
1392 3279 1647 3333 thesauro
1674 3294 1771 3333 suo
1789 3294 1926 3334 nova
1953 3292 2004 3334 et
2027 3294 2118 3334 γον

541 3380 656 3421 tera
679 3366 780 3419 ⁸⁸.»
809 3364 995 3435 Itaque
1017 3368 1158 3419 scire
1191 3367 1405 3434 quidem
1436 3366 1604 3437 legem
1635 3381 1741 3421 non
1769 3383 2113 3423 recusamus:

539 3471 594 3511 at
611 3458 909 3513 cavendum
935 3465 1112 3511 tamen
1134 3472 1200 3511 ne
1219 3456 1289 3510 ita
1313 3457 1568 3521 sciamus,
1593 3466 1717 3511 utet
1735 3459 1917 3513 vivere
1934 3459 2114 3527 cupia-

490 3540 504 3608 ἒ
541 3561 659 3601 ntus
686 3547 929 3618 legaliter
949 3555 1003 3601 et
1027 3544 1268 3601 .ludaice.
1296 3542 1412 3599 Non
1444 3546 1586 3601 enim
1608 3548 1771 3602 boves
1793 3546 2119 3602 sacriﬁcabi~

491 3630 499 3678 Ῡ
540 3654 683 3707 mus,
714 3652 891 3708 neque
907 3637 1103 3692 hostiis
1121 3637 1364 3692 cruentis
1381 3639 1754 3693 universorum
1774 3637 1941 3692 Deum
1958 3653 2118 3693 vene-

538 3733 804 3797 rabimur,
838 3739 894 3785 at
920 3729 1217 3799 Spiritalem
1237 3730 1437 3784 cultum
1457 3729 1725 3798 illipotius
1742 3729 2030 3785 oﬂ‘eremus
2061 3729 2117 3785 in

492 3807 758 3893 imlorem
820 3823 1221 3877 suaveolentize.
1273 3820 1442 3875 Sicuti
1503 3821 1671 3887 enim,
1714 3821 1792 3875 ait
1835 3822 2115 3889 Servatur,

491 3906 496 3913 ’
542 3916 718 3972 «Dens
747 3914 971 3985 spiritus
994 3924 1171 3977 cst,et
1197 3914 1287 3985 qui
1310 3915 1536 3968 adorant
1559 3913 1728 3978 illum,
1751 3913 1802 3968 in
1834 3915 2025 3985 spiritu
2064 3921 2118 3968 ct

539 4008 767 4062 veritate
785 4015 998 4075 oportet
1020 4006 1245 4061 adorare
1272 4006 1338 4062 ‘7.
1365 4025 1384 4058 ι
1416 4004 1566 4073 Quod
1594 4013 1773 4061 autem
1801 4016 1989 4062 sancto
2005 4005 2119 4075 Spi-

537 4102 645 4154 ritu
664 4099 963 4170 obsignatis
982 4104 1046 4153 ad
1063 4101 1353 4153 novitatem
1371 4100 1519 4163 vitae,
1542 4114 1792 4169 magnum
1814 4100 1885 4155 sit
1902 4098 2117 4167 dispen-

534 4191 961 4262 dtutn,vellejant
980 4194 1158 4247 vivere
1173 4202 1225 4246 et
1238 4192 1439 4247 versari
1453 4190 1694 4258 Judaice,
1711 4191 1918 4247 scilicet
1931 4204 2117 4245 secun-

535 4288 661 4337 dum
698 4284 1121 4354 legisutubram,
1166 4284 1413 4352 probabit
1454 4285 1642 4339 beatus
1679 4283 2115 4354 Paulusloquens

534 4375 622 4430 his
639 4375 729 4444 qui
760 4383 880 4443 post
917 4375 1074 4429 ﬁdem
1099 4376 1163 4430 ad
1188 4376 1390 4429 cultum
1426 4376 1765 4431 umbratilem
1798 4376 1942 4430 velut
1971 4383 2116 4430 retro

532 4465 1011 4518 abeuntztl-jxorsi
1056 4466 1440 4535 Spiritu,nunc
1482 4478 1644 4518 carne
1685 4464 2113 4519 consummanti-

2220 3271 2347 3347 Ἆρ’
2378 3272 2487 3330 οὖν’
2518 3275 2832 3345 ἀφεξόμεθα
2884 3273 2992 3326 τῶν
3043 3272 3284 3343 νομικῶν
3319 3270 3801 3341 ἀναγνωσμάτων;

2220 3366 2415 3421 Καίτοι
2452 3350 2583 3428 ’πῶς
2627 3365 2728 3417 οὐκ
2767 3363 2975 3434 ἀμαθὲς
3007 3362 3067 3415 τὸ
3113 3355 3215 3415 ὦδε
3253 3362 3413 3425 νοεῖν,
3449 3356 3680 3430 Χριστοῦ
3717 3354 3803 3410 λι.

2219 3473 2406 3524 γοντος
2453 3454 2732 3527 ἐναργῶς·
2789 3474 2807 3506 ι
2836 3454 2935 3507 Διὰ
2980 3452 3139 3507 τοῦτο
3185 3451 3330 3519 λέγω
3384 3451 3536 3520 ὑμῖν,
3564 3451 3647 3503 ὅτι
3695 3448 3803 3509 πᾶς

2219 3544 2581 3617 γραμματεὺς
2619 3542 2981 3615 μαθητευθεὶς
3010 3544 3075 3614 τῇ
3124 3540 3373 3613 βασιλείᾳ
3394 3541 3505 3593 τῶν
3533 3536 3800 3610 οὐρανῶν,

2218 3637 2401 3707 ὅμοιός
2450 3639 2599 3690 ἐστιν
2647 3634 2921 3707 ἀνθρώπῳ
2971 3634 3231 3706 πλουσίῳ,
3264 3634 3411 3697 ὅστις
3446 3632 3698 3686 ἐκϐάλλει
3737 3631 3801 3684 ἐκ

2217 3730 2312 3784 τοῦ
2352 3729 2625 3804 θησαυροῦ
2669 3728 2834 3782 αὐτοῦ
2867 3727 3030 3782 καινὰ
3059 3729 3154 3782 καὶ
3197 3727 3420 3782 παλαιά.
3450 3746 3470 3778 ι
3505 3726 3714 3780 Οὐκοῦν
3738 3725 3800 3779 οὐ

2219 3823 2636 3895 παραιτούμεθα
2684 3822 2783 3894 μὲν
2827 3823 2887 3875 τὸ
2927 3822 3123 3876 εἰδέναι
3150 3821 3241 3875 τὸν
3272 3822 3435 3890 νόμον
3456 3837 3469 3850 ·
3514 3820 3574 3872 τό
3602 3836 3666 3887 γε
3691 3819 3802 3888 μὴν

2216 3913 2390 3979 οὕτως
2439 3915 2659 3983 εἰδέναι,
2696 3915 2949 3985 φευκτὸν,
2981 3914 3122 3969 ὥστε
3152 3914 3245 3968 καὶ
3272 3914 3369 3986 ζῇν
3399 3911 3611 3966 ἑλέσθαι
3644 3926 3798 3982 νομιο

2217 4008 2350 4072 κῶς,
2385 4009 2553 4080 ἤγουν
2582 4008 2907 4070 Ἰουδαϊκῶς.
2941 4009 3017 4063 Οὐ
3046 4009 3155 4080 γάρ
3182 4026 3266 4062 τοι
3304 4007 3427 4078 βοῦς
3458 4006 3797 4077 ίερεύσομεν,

2216 4098 2339 4153 οὔτε
2368 4102 2474 4171 μὴν
2499 4102 2617 4164 ταῖς
2637 4100 2703 4153 δι’
2727 4100 2974 4171 αἱμάτων
3005 4100 3217 4164 θυσίαις
3244 4101 3546 4171 τιμήσομεν
3577 4098 3667 4153 τὸν
3689 4097 3800 4151 τῶν

2216 4193 2353 4247 ὅλων
2395 4192 2546 4246 Θεόν.
2582 4192 2968 4262 Πνευματικὴν
3012 4192 3067 4246 δὲ
3119 4192 3317 4263 μᾶλλον
3354 4191 3800 4264 προσκομιοῦμεν

2217 4284 2363 4355 αὐτῴ
2396 4284 2654 4355 λατρείαν
2705 4284 2785 4346 εἰς
2833 4281 3008 4353 ὀσμὴν
3058 4283 3303 4345 εὐωδίας.
3322 4282 3410 4345 Ὣς
3441 4283 3552 4353 γάρ
3583 4297 3747 4352 φησιν
3771 4279 3805 4337 t'l

2223 4377 2432 4447 Σωτήρ
2467 4394 2484 4426 ι
2512 4374 2734 4445 Πνεῦμα
2762 4377 2789 4428 ό
2809 4375 2962 4439 Θεὸς,
2982 4372 3223 4434 καὶτοὺς
3240 4370 3682 4441 προσκυνοῦντας
3702 4372 3802 4424 αὕη

2215 4465 2307 4520 τὸν
2339 4467 2395 4517 ἐν
2426 4465 2695 4536 πνεύματι
2731 4465 2825 4518 καὶ
2869 4462 3094 4534 ἀληθείᾳ
3131 4462 3211 4513 δεῖ
3239 4461 3583 4531 προσκυνεῖν.
3616 4476 3635 4511 ι
3676 4459 3809 4511 Ὄτ,

532 4556 698 4610 ιιι⁸⁸τι
726 4556 790 4610 Et
808 4570 996 4609 rursus
1019 4573 1033 4609 :
1055 4574 1073 4606 ι
1088 4555 1216 4608 Dico
1236 4563 1413 4609 autem
1433 4555 1584 4610 vobis
1599 4559 1740 4624 quod
1755 4557 1799 4610 si
1822 4555 2111 4610 circumci-

2225 4557 2273 4611 δὲ
2322 4560 2433 4620 τοῖς
2484 4533 2577 4626 τῷγ
2612 4557 2750 4627 ἁγίῳ
2800 4533 3073 4627 Πνεῦματι
3124 4551 3691 4623 κατεσφραγισμένοις
3720 4551 3806 4616 εἰς’

534 4650 757 4711 damlni,
781 4649 1032 4701 Christus
1063 4647 1213 4699 vobis
1235 4645 1365 4699 nihil
1398 4646 1657 4715 proderit.
1685 4645 1982 4701 Abalienati
2009 4646 2109 4717 igi-

534 4750 623 4794 tur
658 4739 791 4794 estis
820 4755 850 4792 a
887 4737 1124 4799 Christo,
1156 4737 1463 4805 quicunque
1496 4737 1547 4789 in
1575 4735 1690 4805 lege
1715 4733 2109 4803 justiticamini,

2225 4738 2466 4794 ιἐύεσθαί
2504 4756 2562 4792 τε
2612 4740 2705 4792 καί⁵
2757 4740 2858 4810 ζῇν
2895 4736 3221 4801 Ἰουδαϊκῶς,
3254 4735 3373 4807 ἦτοι
3396 4733 3537 4788 κατά
3569 4732 3669 4805 τὴν
3701 4726 3799 4785 τοῦ

532 4831 705 4897 gratia
739 4828 1035 4883 excidistis.
1073 4826 1181 4882 Nos
1216 4826 1360 4881 enim
1386 4840 1483 4897 per
1518 4825 1672 4879 tidem
1708 4838 1854 4895 spem
1883 4822 2108 4892 iustitia:

2225 4832 2379 4901 νόμον
2425 4830 2605 4895 σκιὰν,
2633 4830 2964 4885 πιστώσεται
3006 4829 3184 4896 λέγων
3213 4830 3240 4881 ό
3271 4826 3543 4898 μακάριος
3586 4824 3797 4887 Παῦλος

531 4930 916 4988 exspectamus
936 4920 1000 4972 ”.
1038 4939 1056 4971 ι

2225 4922 2330 4985 τοῖς
2378 4920 2516 4991 μετὰ
2560 4922 2658 4992 τὴν
2709 4922 2893 4973 πίστιν
2953 4920 3145 4974 ἀνόπιν
3213 4919 3403 4990 ὥσπερ
3466 4917 3652 4982 ἰοῦσιν,
3718 4917 3796 4979 εἰς

529 5011 789 5084 λατρείαν
828 5010 926 5082 τὴν
964 5013 1021 5065 ὲν
1048 5014 1229 5076 σκιαῖς
1251 5029 1262 5043 ·
1300 5030 1318 5063 ι
1344 5010 1730 5084 Ἐναρξάμενοι
1760 5009 2051 5082 πνεύματι,
2085 5010 2179 5064 νῦν
2214 5014 2377 5084 σαρκί
2411 5014 2765 5068 ἐπιτελεῖσθε.
2799 5034 2819 5066 ι
2852 5014 2962 5067 Καὶ
2995 5014 3157 5067 πάλιν
3178 5029 3193 5043 θ
3222 5032 3241 5064 ι
3270 5013 3428 5080 Λέγω
3459 5011 3514 5064 δὲ
3544 5011 3694 5080 ὑμῖν,
3716 5010 3796 5063 ὅτι

529 5108 628 5163 ἐὰν
683 5107 1106 5179 περιτέμνησθε,
1160 5108 1395 5178 Χριστὸς
1449 5109 1595 5179 ὑμᾶς
1638 5109 1790 5163 οὐδὲν
1839 5107 2134 5179 ὠφελήσει.
2205 5107 2880 5180 ’Δπηλλοτριώθητε;ἀπὸ
2931 5106 3211 5179 Χριστοῦ,
3255 5106 3308 5159 οἵ
3354 5120 3502 5167 τινες
3547 5089 3607 5156 ἐν
3646 5103 3795 5173 νόμῳ

533 5200 736 5269 βιοῦτε,
772 5201 871 5271 τῆς
920 5201 1142 5272 χάριτος
1175 5199 1489 5263 ἐξεπέσατε.
1536 5201 1728 5271 Ἡμεῖς
1776 5203 1886 5273 γὰρ
1931 5201 2021 5255 διὰ
2060 5203 2293 5267 πίστεως
2350 5201 2541 5254 ἐλπίδα
2566 5200 2915 5271 δικαιοσύνης
2944 5197 3379 5269 ἀπεκδεχόμεθα.
3418 5215 3438 5249 ι

605 5294 766 5348 Vsus.
820 5291 903 5345 Π.
943 5290 1009 5346 Et
1039 5294 1208 5345 dicet:
1238 5290 1564 5359 Exspectabo
1611 5293 1771 5346 Deum
1815 5296 2109 5364 quiavertit

2286 5292 2397 5347 Kal
2449 5291 2599 5362 ἐρεῐο
2632 5290 2804 5347 Merci)
2849 5292 2957 5345 τὸν
3009 5292 3161 5345 Θεὸν
3213 5290 3683 5358 ἀποστρέψαντα
3730 5288 3797 5341 τὸ

532 5381 721 5450 faciem
778 5397 929 5434 suam
982 5398 1012 5433 a
1040 5381 1196 5435 dumo
1232 5382 1422 5449 λαιοῦ,
1463 5392 1509 5436 et
1539 5382 1803 5451 conﬁdens
1838 5401 1928 5438 ero
1956 5399 2111 5453 super

2225 5384 2542 5453 πρόσωπον
2576 5382 2764 5438 αὑτοῦ
2797 5381 2915 5438 ἀπὸ
2948 5382 3053 5437 τοῦ
3092 5382 3263 5437 οἴκου
3311 5381 3537 5450 Ἰακὼϐ,
3571 5380 3671 5436 καί
3704 5396 3800 5436 που

532 5492 670 5530 (um.
2217 5475 2437 5542 ποιθὼς
2463 5476 2679 5545 ἔσομαι
2706 5476 2801 5529 ἐπ’
2835 5472 3015 5539 αὐτῷ.

532 5726 577 5762 ⁸.
602 5653 1006 5782 Eaﬁlttilivppétv‘,
1031 5657 1120 5779 153.
1196 5659 1242 5691 ”
1262 5658 1494 5713 Zachar.
1518 5673 1584 5724 ll,
1610 5657 1663 5711 5.
1741 5658 1787 5688 "
1811 5656 1952 5712 Psal.
1978 5672 2051 5719 Iv.
2078 5657 2129 5710 7.
2207 5658 2254 5689 "
2278 5657 2442 5711 Matth
2495 5671 2611 5720 xm,
2671 5654 2757 5711 52.
2837 5654 2880 5685 "'
2905 5651 3060 5707 Joan.
3091 5667 3162 5720 tv,
3188 5653 3272 5706 24.
3355 5655 3400 5686 ⁸⁸
3424 5653 3600 5710 ϐιιιιι.
3631 5670 3713 5720 ιιι,
3743 5655 3777 5710 3

770 5763 781 5776 ‘
813 5763 932 5793 V’-’
961 5763 1017 5789 τ’.
1047 5763 1099 5780 υ.

2222 4649 2513 4720 καινότητα
2560 4648 2724 4719 ζωῆς,
2760 4647 2932 4719 ζημία
2986 4645 3154 4714 πολλὴ
3203 4644 3264 4697 τὸ
3314 4643 3487 4697 θέλειν
3518 4643 3600 4697 ἔτι
3650 4641 3801 4696 πολι-·
3906 4695 3916 4721 ³
