4122 6292
341 311 446 366 257

1489 306 1557 362 IN
1597 305 1828 363 lSAlAM
1866 306 1997 364 LIB.
2039 307 2077 364 Ι.
2122 306 2329 365 ORAT.
2377 308 2436 365 ν.

3506 308 3616 365 2'38

413 425 541 478 Ὀτι
571 424 704 479 πολὺ
732 423 991 495 πρόσεστι
1019 426 1131 488 τοῖς
1155 425 1215 477 ἐν
1243 423 1466 497 Χριστῷ
1491 424 1553 478 es
1577 426 1813 497 εὐήνιον,
1843 427 1922 480 κα⁴

2111 426 2266 494 Quod
2322 428 2360 481 ii
2417 426 2509 497 qui
2545 426 2597 480 in
2635 425 2852 481 Clu-isto
2890 435 3035 493 sunt,
3070 423 3226 483 facile
3257 425 3412 496 quasi
3460 426 3616 480 freno

341 516 432 569 διὰ
462 515 666 585 τοιότων
692 517 837 586 ἡμᾶς
872 517 901 569 ὁ
944 517 1228 586 προφήτης
1260 517 1512 588 πειρᾶται
1544 517 1931 589 πληροφορεῖν.

344 608 761 680 Προσεπεφώνει
796 608 896 679 μὲν
925 609 1035 681 γὰρ
1068 609 1252 672 αὐτοῖς
1280 610 1309 661 ὀ
1341 609 1450 663 τῶν
1479 610 1614 664 ὅλων
1648 610 1780 675 Θεὸς
1806 611 1935 683 περὶ¹

345 701 442 754 τοῦ
485 700 851 771 Ἐμμανουήλ*
886 702 1094 772 Κύριον
1133 701 1294 755 αὑτὸν
1321 701 1603 770 ἁγιάσατε,
1647 702 1742 756 καὶ
1773 702 1934 767 αὐτὸς

344 792 497 847 ἔσται
546 809 637 845 σου
683 792 868 861 φόϐος.
919 793 1026 846 Καὶ
1069 793 1164 846 ἐὰν
1216 794 1304 846 ἐπ’
1348 792 1495 864 αὑτῷ
1534 792 1811 856 πεποιθὼς
1845 788 1931 867 ᾗς,

342 884 495 939 ἔσται
540 901 622 940 σοι
667 887 747 947 είς
779 884 1047 953 ἀγίασμα.
1078 885 1139 938 Oi
1169 883 1226 937 δέ
1259 885 1351 936 καὶ
1390 883 1509 939 λίαν
1554 884 1808 955 ἀσμένως
1840 885 1933 940 τὸν

339 977 440 1047 τῆς
497 978 578 1040 είς
636 975 795 1030 τοῦτο
855 975 1245 1047 μυσταγωγίας
1300 977 1711 1048 προσηκάμενοι
1752 975 1931 1046 λόγον,

346 1069 658 1142 μελλησμοῦ
697 1070 817 1141 δίχα
848 1071 1046 1133 παντὸς
1076 1068 1463 1139 ὑπισχνοῦνταί
1483 1085 1543 1120 τε
1574 1067 1634 1121 τὸ
1661 1065 1930 1131 εὐπειθὲς,

342 1166 435 1218 καὶ
466 1166 646 1218 πᾶσαν
674 1164 761 1216 ἐπ’
784 1161 933 1234 αὑτῴ
954 1161 1173 1232 θέμενοι
1196 1161 1294 1232 τὴν
1320 1160 1511 1213 ἐλπίδα
1538 1159 1689 1228 φασί·
1716 1179 1734 1211 ι
1771 1157 1933 1214 Μενῶ

340 1255 429 1307 τὸν
461 1254 618 1318 Θεὸν,
641 1254 733 1307 τὸν
760 1252 1187 1324 ἀποστρέψαντα
1210 1251 1271 1304 τὸ
1293 1250 1584 1320 πρόσωπον
1615 1248 1781 1304 αὐτοῦ
1816 1249 1930 1304 ἀπὸ

339 1349 432 1401 τοῦ
461 1348 612 1401 οἴκου
659 1345 878 1409 Ἰακὼϐ,
914 1347 1010 1397 καὶ
1040 1341 1317 1405 πεποιθὼς
1348 1343 1538 1412 ἔσομαι
1576 1341 1661 1395 ἐπ’
1694 1342 1859 1412 αὐτῷ.
1905 1361 1924 1395 ι

344 1441 451 1492 Καὶ
483 1438 536 1490 τί
570 1438 633 1491 τὸ
682 1436 828 1508 μενῶ
859 1434 1175 1506 σημαίνειεν
1201 1436 1299 1500 civ;
1336 1435 1405 1487 Ἦ
1438 1433 1610 1489 ἐκεῖνό
1652 1451 1753 1487 που
1794 1434 1930 1489 πάν-

345 1549 469 1609 τως,
501 1531 529 1584 ὀ
567 1532 663 1584 καὶ
687 1534 716 1583 ὁ
746 1529 1030 1590 θεσπέσιος
1059 1524 1163 1596 ἔφη
1191 1528 1373 1582 Δαϐίδ·
1413 1545 1434 1579 ι
1482 1526 1802 1597 ’Υ-πομένων
1830 1528 1931 1581 ὑπ-

342 1626 536 1694 έμεινα
562 1623 655 1675 τὸν
675 1625 899 1692 Κύριον,
936 1623 1029 1676 καὶ
1056 1623 1320 1694 προσέσχε
1352 1636 1462 1689 μοι.
1491 1637 1510 1671 ι
1546 1618 1841 1690 Ὑπομένει
1873 1617 1928 1670 δὲ

334 1715 430 1767 τὸν
465 1712 691 1783 Κύριον,
736 1715 765 1767 ὀ
803 1713 870 1765 τὰ
905 1713 1054 1784 αὐτῷ
1086 1712 1346 1767 δοκοῦντα
1384 1711 1600 1780 φρονεῖν
1630 1711 1923 1781 ᾑρημένος,

339 1806 432 1859 καὶ
483 1807 599 1865 τοῖς
652 1804 820 1858 αὑτοῦ
869 1805 1099 1875 νεύμασι
1155 1801 1591 1865 κατακολουθῶν,
1639 1800 1831 1872 ἥδιστά
1866 1816 1927 1852 τε

337 1897 452 1950 λίαν
510 1897 638 1959 τοὺς
680 1897 819 1966 ὑπὲρ
856 1896 957 1968 τῆς
1001 1899 1081 1959 εἰς
1119 1895 1282 1950 αὑτὸν
1316 1895 1597 1958 εὐσεϐείας
1638 1893 1928 1964 ὑπομένων

339 1989 572 2057 ἀγῶνας.
600 1988 741 2059 Πρὸς
766 1988 874 2059 γάρ
902 2004 986 2040 τοι
1015 1986 1174 2041 τοῦτο
1196 1989 1395 2050 αὐτοὺς
1443 1985 1533 2039 διὰ
1555 1985 1653 2055 τῆς
1681 1984 1777 2037 τοῦ
1799 1982 1930 2052 cat.

337 2080 519 2145 λοντος
550 2082 731 2152 φωνῆς
760 2078 1095 2152 παροτρύνει
1126 2080 1186 2133 τὸ
1205 2079 1433 2149 Πνεῦμα
1460 2077 1641 2147 λέγον⁸
1677 2095 1697 2128 ι
1721 2076 1929 2147 Ἀνδρί-

339 2173 454 2239 Coo,
502 2173 593 2227 καὶ
635 2170 1019 2245 κραταιούσθω
1051 2172 1085 2242 ἠ
1115 2171 1314 2243 καρδία
1349 2187 1465 2234 σου,
1505 2170 1600 2223 καὶ
1632 2167 1928 2238 ὑπόμεινον

335 2265 427 2317 τὸν
464 2264 684 2336 Κύριον.
709 2286 760 2322 »ι
811 2265 1084 2335 Υπομενῶ
1114 2264 1313 2329 τοίνυν,
1350 2262 1507 2332 φησι,
1535 2261 1629 2316 τὸν
1665 2260 1798 2314 Θεὸν
1833 2258 1927 2313 τὸν

335 2351 755 2422 ἀποστρέψαντα
802 2351 864 2404 τὸ
917 2351 1211 2422 πρόσωπον
1267 2349 1432 2404 αὐτοῦ
1482 2350 1599 2427 duo
1645 2349 1738 2403 τοῦ
1777 2349 1925 2402 οἴκου

349 2441 551 2511 Ἰακώϐ,
576 2440 800 2513 »Ἀθρει
843 2441 909 2511 δὴ
941 2439 1035 2495 οὖν
1075 2441 1231 2512 ἄθρει
1275 2441 1410 2512 πρὸς
1445 2444 1569 2505 ταῖς
1602 2439 1927 2503 εὐπειθείαις

337 2532 503 2585 πόσον
538 2531 719 2602 έχουσι
745 2531 807 2585 τὸ
836 2532 1106 2601 νουνεχές.
1150 2531 1245 2596 Ἐξ
1280 2527 1354 2584 ὢν
1396 2531 1507 2603 γὰρ
1540 2531 1720 2603 ἕτεροι
1757 2548 1925 2603 προσ-

338 2624 702 2694 κεκρούκασι,
728 2624 824 2676 mi.
867 2623 933 2694 δὴ
968 2624 1066 2677 καὶ
1096 2623 1395 2678 πεπόνθασι
1434 2623 1529 2678 τοῦ
1569 2625 1711 2679 θείου
1754 2640 1925 2696 προσ-

340 2714 496 2768 ώπου
531 2716 632 2786 τὴν
659 2715 1035 2786 ἀποστροφὴν,
1060 2715 1149 2769 διὰ
1168 2716 1369 2769 τούτων
1395 2717 1569 2771 αὐτῶν
1596 2716 1926 2786 ἀσφαλεστέ-

346 2824 447 2876 ρας
476 2807 807 2877 ἐργάζονται
831 2806 931 2869 τὰς
950 2807 1159 2861 ἑαυτῶν
1182 2807 1422 2879 καρδίας,
1456 2808 1590 2880 πρὸς
1618 2809 1716 2881 τὴν
1745 2812 1826 2874 είς
1855 2808 1926 2863 τὰ

345 2897 560 2966 ἀμείνω
594 2897 787 2967 ῥοπήν.
817 2897 1030 2950 Δεδίασι
1067 2899 1175 2969 γὰρ
1206 2898 1311 2952 τῶν
1348 2898 1507 2953 θείων
1531 2900 1797 2971 ὀμμάτων
1821 2899 1923 2973 τὴν

347 2988 721 3060 ἀποστροφήν.
778 2989 1294 3060 Ἀπροσωπόλητπος
1344 2990 1453 3060 γὰρ
1496 2993 1526 3044 ὁ
1569 2992 1783 3064 κριτὴς,
1828 2992 1924 3046 καὶ

2040 519 2162 575 duci
2201 529 2257 574 et
2300 517 2443 574 llecti
2476 520 2701 589 possint,
2737 534 2800 574 ex
2842 518 2927 573 bis
2960 519 3125 573 etiam
3158 516 3314 573 nubis
3347 518 3612 588 prapheta

2039 609 2197 666 tidem
2248 610 2429 665 facere
2472 620 2716 665 conatur.
2761 611 3042 667 Allocutus
3079 618 3163 666 est
3203 609 3348 665 enim
3373 613 3613 665 eosnni-

2036 718 2321 757 versorum
2373 701 2516 757 Deus
2567 702 2633 758 de
2688 703 3042 758 Emmanuele
3078 700 3403 757 :Doutinum
3439 701 3615 773 ipsum

2034 803 2224 849 sancte
2277 792 2463 862 colite,
2524 804 2579 849 et
2639 794 2728 850 ille
2779 794 2884 851 erit
2943 804 3067 850 tuus
3120 796 3309 850 timor.
3363 794 3425 848 Et
3478 794 3525 850 si
3564 794 3614 851 ei

2034 885 2271 941 confisus
2299 885 2397 951 sis,
2436 885 2542 941 erit
2573 886 2668 943 tibi
2705 887 2758 941 in
2793 884 3304 945 sanctificationem.
3335 885 3399 941 lli
3434 895 3613 942 autem

2035 990 2341 1033 sermonem
2395 977 2558 1048 hujus
2624 978 2977 1052 mystagogize
3034 979 3267 1034 libenter
3322 978 3614 1034 admodum

2033 1069 2384 1125 admittentes
2408 1108 2423 1135 ,
2479 1069 2689 1138 abiecta
2742 1070 2888 1124 omni
2920 1070 3265 1126 cunctatione
3295 1070 3618 1140 pollicentur

2033 1162 2400 1219 obedientiam
2433 1179 2449 1228 ;
2493 1171 2549 1216 et
2604 1177 2819 1216 omnem
2856 1163 2909 1217 in
2945 1176 3009 1218 eo
3038 1176 3189 1234 spem
3221 1171 3504 1233 ponentes,
3535 1162 3618 1217 di-

2039 1264 2210 1310 cunt:
2267 1270 2287 1305 ι
2327 1253 2666 1323 Expectabo
2690 1253 2859 1310 Deum
2896 1254 2985 1325 qui
3013 1254 3210 1309 avertit
3235 1252 3427 1309 faciem
3459 1268 3611 1309 suam

2032 1359 2060 1399 tt
2109 1346 2271 1400 domo
2296 1342 2483 1411 Jacob,
2515 1353 2569 1397 et
2596 1343 2862 1398 confidam
2894 1345 2965 1399 ei.
3011 1361 3030 1395 ι
3075 1342 3141 1397 Ει
3168 1344 3296 1413 quid
3336 1345 3610 1415 significat

2030 1436 2208 1493 illud:
2264 1434 2654 1505 Exspectabo?
2704 1433 2843 1490 Num
2904 1434 2957 1490 id
3008 1434 3232 1491 omnino
3272 1435 3415 1504 quod
3445 1435 3609 1489 etiam

2032 1527 2248 1581 divinus
2301 1525 2468 1580 David
2529 1524 2797 1579 dicebat:
2852 1541 2872 1576 ι
2910 1523 3246 1594 Exspectans
3295 1520 3608 1592 exspectavi

2030 1619 2353 1687 Dominum,
2384 1628 2439 1672 et
2469 1616 2698 1672 intendit
2734 1616 2864 1670 ntihi
2913 1615 2999 1669 "1
3034 1634 3055 1669 ι
3090 1612 3380 1684 Exspectat
3425 1621 3607 1667 autem

2030 1706 2222 1772 Deum,
2268 1707 2358 1776 qui
2383 1721 2590 1789 ‘curare
2628 1720 2691 1760 ea
2722 1705 2835 1759 vult
2861 1719 2982 1775 qua:
3008 1705 3107 1775 ipsi
3137 1704 3374 1774 placent,
3404 1714 3458 1759 et
3488 1703 3607 1774 ejus

2030 1802 2182 1856 nutn'i
2210 1799 2553 1869 obsequitur,
2576 1798 2775 1869 quippe
2800 1795 2960 1871 ιω
2976 1813 3072 1868 pro
3087 1798 3286 1867 pietate
3306 1796 3606 1852 certamina

2031 1890 2390 1948 libentissime
2417 1890 2668 1944 sustinet.
2701 1886 2817 1944 lluc
2846 1891 2988 1944 enim
3025 1903 3120 1942 eos
3160 1901 3295 1943 voce
3323 1886 3607 1957 psallentis

2029 1985 2232 2040 excitat
2284 1981 2544 2053 Spiritus,
2592 1981 2848 2053 inquiens
2882 1997 2897 2036 :
2935 1999 2953 2032 ι
2989 1978 3232 2034 Viriliter
3263 1992 3382 2049 age,
3412 1987 3465 2033 et
3487 1992 3607 2032 cor-

2029 2075 2318 2129 roboretur
2370 2086 2467 2127 cor
2513 2080 2667 2125 tuum
2696 2114 2709 2139 ,
2746 2080 2801 2126 et
2855 2076 3105 2140 exspecta
3146 2068 3433 2124 Dominum
3478 2067 3548 2122 7‘.
3575 2086 3596 2120 ο

2034 2184 2054 2219 ι
2081 2164 2424 2236 Exspectabo
2452 2182 2472 2218 ι
2503 2164 2689 2234 igitur,
2711 2163 2910 2234 inquit,
2934 2182 2952 2215 ι
2978 2162 3271 2233 De'unt,qui
3306 2160 3504 2216 avertit
3528 2161 3610 2215 fa-

2028 2256 2167 2312 ciem
2198 2270 2352 2311 suam
2378 2269 2408 2309 a
2441 2255 2602 2310 domo
2623 2252 2813 2309 Jacob.
2842 2273 2862 2306 δ
2889 2253 3131 2309 Observa
3163 2254 3350 2320 igitur,
3375 2254 3606 2308 observa

2028 2359 2228 2422 praeter
2251 2349 2641 2409 obedientiam.
2670 2357 2872 2418 quanta
2896 2348 3183 2419 prudentia
3212 2345 3424 2417 praediti
3457 2355 3604 2401 sunt.

2026 2439 2160 2495 Nam
2197 2439 2341 2495 unde
2377 2440 2557 2493 ceteri
2590 2440 2950 2508 impegerunt,
2977 2447 3033 2492 et
3056 2438 3220 2493 divini
3248 2436 3427 2491 vultus
3450 2449 3605 2490 aver-

2026 2529 2292 2585 sationem
2344 2527 2490 2598 passi
2537 2535 2685 2593 sunt,
2727 2528 2853 2582 inde
2893 2527 2966 2581 illi
3016 2540 3144 2582 suos
3192 2525 3405 2581 animos
3432 2526 3610 2597 magis

2029 2619 2353 2691 tranquillos
2408 2628 2465 2675 et
2516 2621 2697 2674 minus
2750 2620 2989 2676 lubricos
3020 2620 3269 2687 reddunt,
3301 2627 3357 2674 et
3395 2618 3462 2673 ad
3490 2633 3606 2674 mo-

2026 2713 2162 2770 liora
2221 2713 2595 2785 procliviores.
2630 2711 2951 2768 Timuerunt
2982 2712 3251 2784 siquidem
3294 2711 3605 2769 divinorum

2026 2807 2307 2863 Oculorum
2367 2807 2730 2863 aversionem.
2784 2800 2899 2861 Non
2954 2809 3096 2861 enim
3127 2821 3482 2877 personarum
3514 2820 3607 2860 ac-

2025 2908 2271 2969 ceptator
2302 2908 2384 2954 est
2410 2899 2596 2970 iudex,
2630 2912 2729 2954 nec
2759 2898 2956 2969 cuique
2996 2897 3219 2954 dubium
3255 2913 3376 2953 esse
3405 2905 3602 2967 potest.

2028 2988 2159 3057 quin
2187 2988 2385 3057 ubique
2425 2999 2481 3043 et
2499 3004 2717 3058 semper
2742 3003 2840 3057 pro
2873 2990 3135 3059 cujusque
3163 2989 3374 3044 meritis
3402 3004 3608 3045 convc-

344 3082 445 3134 οὐκ
470 3081 538 3135 ἂν
577 3082 863 3137 ἐνδοιάσειέ
905 3098 988 3146 τις
1015 3084 1096 3136 ὄτι
1132 3082 1308 3154 πάντη
1340 3100 1399 3136 τε
1442 3084 1537 3137 καὶ
1562 3083 1779 3149 πάντως
1808 3088 1922 3150 τοῖς

2026 3081 2243 3135 nienter
2266 3090 2321 3134 et
2355 3081 2516 3150 digne
2548 3080 2628 3135 vel
2665 3080 2878 3135 laudem
2905 3082 3132 3143 tribuat,
3162 3081 3244 3135 vel
3278 3079 3605 3150 supplicium

336 3173 568 3227 ἑκάστου
595 3174 813 3245 τρόποις
843 3173 1169 3244 πρεπόντως
1195 3190 1254 3227 τε
1287 3175 1381 3231 καὶ
1405 3175 1627 3240 εἰκότως
1655 3177 1689 3248 ἢ
1715 3180 1921 3249 χαριεῖ-

330 3282 422 3319 ται
449 3265 538 3320 τὸν
568 3263 808 3331 ἔπαινον,
836 3266 1006 3337 ⁴ιιγουν
1050 3265 1258 3319 ἐποίσει
1301 3267 1402 3338 τὴν
1427 3266 1602 3338 δίκην.
1647 3268 1758 3321 Καὶ
1794 3269 1920 3332 τοὺς

335 3357 435 3426 μὲν
467 3359 589 3421 ταῖς
623 3357 939 3419 ἀπειθείαις
963 3356 1336 3428 ἐξυδρικότας,
1375 3358 1582 3425 ἐξωτε
1622 3358 1920 3430 προσώπου

332 3450 634 3520 ποιήσεται,
666 3450 759 3503 καὶ
801 3450 1067 3520 ἡγήσεται
1092 3451 1410 3521 στυγητούς.
1438 3450 1578 3514 Τούς
1617 3467 1680 3519 γε
1716 3451 1822 3523 μὴν
1850 3453 1918 3522 τῇ

335 3540 515 3592 πίστει
542 3541 926 3613 τετιμηκότας,
957 3541 1224 3613 ἡγήσεται
1256 3541 1354 3611 μὲν
1372 3543 1446 3606 ὡς
1470 3543 1789 3613 ἀγαπητοὺς
1819 3558 1919 3613 τη-

337 3627 565 3701 ροῦντας
590 3630 692 3701 τὴν
721 3630 924 3695 πίστιν,
952 3633 1436 3704 ἀποστραφήσεται
1465 3632 1522 3685 δὲ
1576 3631 1839 3703 μεθέντας
1859 3632 1921 3686 τὸ

337 3724 585 3795 γνήσιον,
615 3724 709 3777 καὶ
736 3724 797 3776 ὲν
831 3723 930 3792 ἴσῳ
961 3725 1227 3794 ἡγήσεται
1263 3725 1377 3786 τοῖς
1425 3723 1548 3792 μηδ’
1583 3723 1718 3787 ὅλως
1752 3740 1918 3777 πεπι-

336 3814 642 3880 στευκόσιν,
697 3815 730 3886 ἢ
780 3815 921 3885 τάχα
974 3832 1077 3868 που
1116 3816 1210 3867 καὶ
1251 3815 1309 3868 ἐν
1340 3814 1570 3887 χείροσι.
1604 3814 1917 3885 Γέγραπται

336 3905 443 3978 γὰρ
489 3906 621 3977 περί
668 3923 848 3959 τινων·
888 3925 907 3957 ι
940 3907 1204 3977 Κρεῖττον
1239 3905 1348 3975 γὰρ
1390 3901 1459 3977 ἦν
1502 3907 1684 3969 αὐτοῖς
1713 3907 1787 3977 μὴ
1815 3908 1917 3959 ἐπ-

335 3999 634 4066 εγνωκέναι
684 3997 785 4070 τὴν
827 3998 946 4052 ὁδὸν
986 4000 1087 4067 τῆς
1118 3998 1396 4068 ἀληθείας,
1429 3999 1465 4069 ἢ
1498 3998 1807 4067 ἐπιγνοῦσιν
1838 4001 1917 4064 εὶς

336 4093 405 4146 τὰ
435 4092 613 4146 ὀπίσω
652 4090 972 4161 ἀνακάμψαι
1010 4089 1120 4143 ἀπὸ
1152 4088 1256 4159 τῆς
1303 4089 1697 4161 παραδοθείσης
1736 4089 1919 4153 αὐτοῖς

332 4184 499 4253 ἁγίας
526 4182 767 4252 ἐντολῆς.
801 4200 822 4233 ι

418 4274 582 4329 Ἰδοὺ
610 4274 727 4344 ἐγὼ
762 4275 861 4329 καὶ
897 4274 970 4329 τὰ
996 4275 1202 4329 παιδία
1232 4275 1271 4330 ἃ
1295 4292 1395 4344 μοι
1420 4273 1645 4327 ἔδωκεν
1677 4276 1709 4327 ό
1751 4273 1913 4339 Θεὸς,

334 4366 429 4419 καὶ
489 4365 667 4419 ἔσται
720 4367 810 4431 εις
855 4364 1092 4433 σημεῖα,
1153 4364 1251 4418 καὶ
1313 4367 1402 4430 εις
1459 4363 1670 4430 τέρατα
1723 4362 1792 4415 ἐν
1838 4362 1916 4432 τῷ

2026 3165 2227 3221 inferat
2257 3181 2275 3230 ;
2328 3176 2383 3220 et
2411 3167 2502 3235 qui
2537 3181 2602 3221 ex
2639 3166 3003 3223 obstinatidne
3030 3169 3270 3239 protervi
3308 3168 3544 3231 fuerunt,
3573 3186 3604 3223 a

2022 3266 2315 3329 conspectu
2368 3259 2694 3325 removebit,
2726 3268 2782 3315 et
2808 3260 2934 3315 odio
2963 3260 3156 3331 dignos
3183 3260 3468 3329 iudicabit.
3498 3260 3604 3329 Qui

2020 3363 2153 3405 vero
2214 3350 2319 3405 fide
2372 3351 2675 3418 coluerunt,
2726 3352 2923 3407 charos
2974 3353 3193 3409 habebit
3240 3366 3335 3409 eos
3384 3354 3475 3423 qni
3536 3353 3604 3407 fi-

2022 3443 2142 3495 dem
2184 3452 2443 3508 servant;
2478 3452 2534 3496 at
2562 3443 2654 3511 qui
2697 3443 2838 3497 hanc
2871 3443 3258 3512 ingenuitatem
3289 3443 3605 3512 reiinqut.nt

2021 3538 2077 3585 et
2118 3532 2400 3601 alnjiciunt,
2433 3542 2641 3588 avertet
2680 3548 2795 3601 eos,
2826 3534 2941 3602 pari
2975 3548 3038 3589 ac
3067 3533 3249 3603 peiore
3279 3534 3458 3588 forsan
3484 3534 3602 3589 loco

2020 3622 2237 3679 habebit
2289 3640 2450 3694 quam
2493 3626 2586 3695 qui
2632 3640 2907 3695 nunquam
2950 3628 3176 3681 omnino
3226 3626 3597 3680 crediderunt.

2022 3714 2291 3785 Scriptum
2328 3727 2413 3773 est
2440 3717 2587 3771 enim
2614 3718 2680 3771 de
2710 3718 3032 3787 quihusdam
3062 3737 3075 3773 :
3123 3737 3142 3771 ι
3180 3717 3361 3773 Satius
3389 3726 3504 3771 c'rat
3538 3717 3601 3771 il-

2020 3809 2087 3862 lis
2119 3811 2259 3863 viam
2291 3811 2538 3865 veritatis
2569 3825 2673 3863 non
2701 3810 3010 3881 agnovisse,
3033 3824 3217 3880 quam,
3242 3809 3332 3863 ubi
3366 3821 3600 3876 agnove-

2021 3900 2149 3964 rint,
2182 3902 2427 3957 converti
2467 3903 2534 3958 ab
2564 3918 2628 3957 eo
2664 3903 2806 3971 quod
2842 3902 2947 3957 illis
2990 3902 3246 3957 traditum
3276 3898 3376 3953 fuit
3411 3904 3599 3953 sancto

2021 4002 2291 4061 praecepto
2314 3993 2382 4045 υ.
2425 4012 2442 4044 ι

2093 4282 2258 4339 Vens.
2291 4279 2376 4335 18.
2414 4276 2549 4332 Ecce
2573 4291 2664 4347 ego
2694 4285 2742 4331 et
2765 4277 2913 4345 pueri
2940 4275 3068 4345 qitoa
3100 4275 3226 4330 mihi
3256 4275 3396 4332 dedit
3432 4275 3591 4343 Deus,

2018 4383 2065 4428 el
2093 4380 2249 4427 erunt
2271 4372 2423 4441 signa
2449 4380 2493 4423 et
2522 4379 2723 4423 ostenta
2756 4371 2819 4424 iu
2836 4366 3007 4423 Israel
3030 4384 3061 4421 η
3088 4367 3310 4422 Domino
3337 4366 3589 4427 Sabaoth.

342 4455 584 4522 Ἰσραὴλ
607 4456 769 4525 παρὰ
786 4454 1011 4523 Κυρίου
1043 4452 1308 4520 Σαϐαὼθ,
1333 4452 1401 4518 ὃς
1422 4450 1769 4506 κατοικεῖὲν
1793 4452 1913 4524 ὄρει

2026 4465 2104 4535 qui
2138 4464 2339 4517 habitat
2371 4463 2427 4516 in
2459 4473 2629 4517 monte
2661 4458 2809 4516 Sion.

330 4551 372 4600 Σ
382 4546 505 4601 ιών.

407 4635 517 4708 Τὴν
554 4636 722 4708 καλὴν
746 4635 1038 4709 ὁμολογίαν
1062 4631 1123 4690 εὗ
1154 4635 1297 4706 μάλα
1324 4634 1661 4706 διῃρηκότων
1684 4634 1913 4706 (ἔφασαν

332 4731 464 4799 γάρ*
498 4749 517 4782 ι
536 4729 697 4784 Mevia
710 4730 800 4785 τὸν
824 4729 957 4784 Θεὸν
973 4730 1065 4782 τὸν
1093 4726 1511 4797 ἀποστρέψαντα
1538 4727 1598 4781 τὸ
1621 4714 1911 4799 πρόσωπον

330 4821 497 4875 αὐτοῦ
527 4821 637 4876 ἀπὸ
653 4822 746 4876 τοῦ
773 4825 923 4875 οἴκου
957 4818 1172 4880 Ἰακὼϐ,
1199 4820 1289 4872 καὶ
1310 4818 1581 4882 πεποιθὼς
1602 4819 1795 4889 ἔσομαι
1822 4817 1909 4871 ἐπ’

330 4913 479 4986 αὐτῷ
508 4914 556 4984 ι)
575 4913 921 4983 παραχρῆμα
938 4912 1000 4964 τὸ
1030 4909 1194 4964 αὐτοῦ
1223 4910 1512 4982 πρόσωπον
1540 4909 1784 4982 εἰσφέρει
1814 4908 1910 4964 τοῦ

339 5004 712 5077 Ἐμμανουὴλ,
743 5006 856 5066 τοῖς
893 5005 979 5056 ἐπ’
1010 5001 1160 5072 αὑτῷ
1197 5002 1294 5073 τὴν
1320 5002 1508 5055 ἐλπίδα
1538 5000 1785 5073 θεμένοις
1812 5017 1913 5072 xa-

328 5098 618 5170 ριζομένου
661 5097 763 5169 τὴν
798 5096 1131 5168 οἰκειότητα,
1159 5093 1318 5162 δῆλον
1354 5093 1411 5147 δὲ
1454 5095 1535 5147 ὅτι
1569 5093 1667 5164 τὴν
1703 5091 1790 5146 διὰ
1819 5091 1913 5145 τοῦ

326 5189 666 5261 Πνεῦματος.
707 5188 902 5259 Ἐνῆκε
929 5188 1042 5260 γὰρ
1062 5187 1237 5258 ἡμῖντὸ
1267 5185 1398 5248 Υἱὸς
1422 5184 1484 5238 τὸ
1512 5184 1639 5238 ἴδιον
1664 5183 1910 5254 Πνεῦμα,

327 5286 420 5337 καὶ
444 5285 635 5338 οἰκεῖοι
668 5262 978 5351 γεγόναμεν
1014 5277 1201 5333 αὐτοῦ’
1227 5277 1323 5332 καὶ
1349 5278 1406 5329 ἐν
1441 5274 1588 5345 αὐτῷ
1610 5274 1905 5347 κράζομεν,

311 5368 490 5427 ’Δῦὖα
508 5370 765 5445 sumi“.-
799 5368 1057 5441 ὀνομάζει
1080 5369 1257 5422 τοίνυν
1284 5368 1430 5439 ἡμᾶς
1454 5364 1639 5417 παιδία
1668 5363 1763 5417 τοῦ
1793 5365 1908 5417 Πα-

322 5467 474 5538 τρὸς,
502 5465 575 5529 ὡς
596 5465 691 5536 τὴν
719 5464 810 5518 διὰ
836 5462 1148 5534 Πνεῦματος
1172 5460 1393 5533 ἔχοντας
1419 5455 1796 5526 ἀναγέννησιν,
1825 5454 1912 5506 ἴνα

323 5561 418 5615 καὶ
447 5556 667 5628 ἀδελφοὶ
693 5556 1126 5630 χρηματίσωμεν
1160 5553 1251 5606 τοῦ
1301 5548 1444 5606 κατὰ
1488 5549 1648 5616 φύσιν
1694 5543 1911 5614 ἀληθῶς

2090 4635 2384 4705 Postquam
2458 4634 2774 4705 praeclaram
2857 4632 3253 4690 confessionem
3303 4630 3598 4686 edidissent

2018 4730 2290 4801 (dixerant
2334 4728 2477 4782 enim
2505 4746 2520 4781 :
2552 4745 2571 4779 ι
2603 4727 2936 4796 Exspecmbo
2969 4726 3132 4780 Deum
3169 4724 3257 4793 qui
3287 4724 3479 4777 avertit
3510 4722 3593 4778 fa-

2019 4821 2154 4875 ciem
2182 4835 2335 4874 suam
2383 4835 2411 4873 a
2448 4819 2608 4872 domo
2642 4816 2829 4880 Jucob,
2866 4826 2919 4870 et
2950 4816 3215 4869 confidant
3257 4815 3330 4870 illi
3365 4813 3435 4886 ι),
3470 4831 3593 4870 mox

2019 4929 2301 4983 personam
2357 4911 2529 4982 ipsius
2584 4907 2953 4963 Emmanueiis
3006 4906 3341 4971 introducit,
3389 4909 3480 4978 qui
3540 4909 3593 4959 in

2018 5008 2135 5074 ipso
2165 5018 2314 5074 spem
2355 5000 2755 5056 collocantibus
2781 4997 3220 5065 coniunctionem
3254 5001 3593 5069 Spiritualem

2016 5096 2270 5150 videlicet
2317 5090 2580 5160 indulget.
2617 5088 3001 5165 Efl'uditenim
3042 5088 3209 5145 Filius
3238 5104 3391 5143 suum
3421 5088 3595 5158 Spiri-

2019 5198 2131 5241 tum
2180 5186 2235 5240 in
2279 5198 2397 5245 nos,
2450 5190 2504 5235 et
2532 5183 2684 5249 quasi
2718 5182 3004 5236 domestici
3036 5197 3099 5237 ac
3128 5179 3304 5235 intimi
3348 5177 3479 5233 facti
3504 5194 3594 5234 su-

2021 5289 2162 5337 tuus,
2204 5273 2257 5326 in
2314 5274 2540 5340 ipsoque
2592 5270 2931 5323 clamamus:
2966 5269 3143 5333 Abba,
3187 5269 3370 5323 Pater.
3418 5266 3593 5333 Quare

2018 5378 2218 5434 pueros
2246 5361 2339 5416 Dei
2370 5372 2424 5414 et
2456 5358 2634 5414 Patris
2662 5374 2761 5414 nos
2793 5368 2969 5425 vocat,
3005 5368 3189 5428 utpote
3230 5359 3595 5427 regeneratio-

2020 5471 2141 5508 nem
2198 5469 2291 5523 per
2333 5450 2593 5521 Spiritum
2639 5450 2919 5514 habentes,
2960 5460 3019 5504 ut
3056 5462 3109 5505 et
3140 5448 3338 5506 fratres
3362 5448 3478 5516 ejus
3501 5448 3594 5516 qui

2021 5553 2213 5599 natura
2266 5557 2391 5598 vere
2448 5555 2533 5598 cst
2580 5541 2767 5608 Filius,
2824 5557 3215 5612 nuncupentur.
3259 5542 3402 5596 Dixit
3448 5540 3595 5594 enim

384 5724 431 5759 "
455 5723 599 5782 Psal.
629 5737 820 5788 χχιιι,
847 5722 898 5775 l.
975 5720 1020 5751 το
1041 5723 1057 5739 '
1084 5716 1226 5773 Psal.
1256 5728 1404 5779 τινι,
1434 5712 1518 5769 14.
1560 5778 1573 5789 κ
1602 5710 1643 5743 ’ί
1669 5707 1711 5763 ll
1736 5711 1879 5766 Petr.
1908 5723 1967 5774 tt,
1989 5707 2080 5773 90,
2111 5709 2202 5765 Ἦ.
