4122 6292
516 289 622 347 259

1499 281 1557 338 S.
1599 279 1875 337 CYRILLI
1915 278 2383 336 ALEXANDRINI
2424 277 2743 338 ARCHIEP.

3681 273 3791 330 N0

520 415 655 457 voce
687 396 970 470 psallentis
1004 416 1017 453 :
1053 415 1071 449 ι
1098 395 1448 453 Annuntiabo
1495 411 1694 452 nomen
1738 403 1884 449 tuum
1924 394 2098 449 fratri-

2205 397 2353 452 l‘iofr.
2385 399 2530 471 Ἔφη
2562 398 2671 470 γὰρ
2693 396 2783 453 διά
2806 394 2906 471 τῆς
2927 398 3021 454 τοῦ
3042 399 3352 463 Ψάλλοντος
3373 395 3578 469 φωνῆς’
3609 414 3627 448 ι
3660 397 3789 477 Ἆγι-ς

521 497 624 550 bus
652 495 789 548 meis
817 493 887 546 τ’.
936 510 956 542 ι
1000 488 1196 544 Verum
1228 490 1506 545 enimvero
1537 489 1661 544 licet
1691 488 1859 543 frater
1899 485 2092 550 factus,

518 596 573 638 et
620 582 1014 656 primogenitus
1049 590 1297 636 nostrum
1333 592 1552 651 propter
1584 578 1978 635 humanitatem
2011 577 2096 639 di,-

518 686 638 729 ctus
681 676 772 738 sit,
819 672 1034 727 tametsi
1073 671 1215 727 Deus
1252 673 1324 728 sit
1352 680 1405 726 et
1438 672 1606 727 Filius
1626 671 1883 742 unigena,
1915 678 2095 724 tamen

514 768 679 841 145
696 767 922 836 gloriam
942 766 1082 835 ejus,
1100 777 1156 822 et
1173 781 1335 835 super
1350 780 1565 822 omnem
1589 776 1898 821 creaturam
1915 764 2065 820 exccl
2080 794 2098 806 -

517 862 738 915 tentiam
764 874 870 913 non
907 859 1243 928 ignoramus.
1283 857 1498 913 Scimus
1536 873 1665 914 vero
1688 873 1789 912 nos
1813 858 1912 927 ipsi
1938 872 1965 911 a
1988 855 2098 912 Deo

518 963 571 1007 et
619 952 780 1007 Patre
828 949 1246 1016 donatos.Quod
1268 952 1382 1023 ipse
1415 952 1689 1008 invenitur
1718 952 1866 1007 Patri
1904 963 1956 1007 et
1988 951 2099 1007 Deo

516 1032 635 1099 coel.
659 1044 727 1101 sti
773 1044 1021 1100 dixisse:
1069 1062 1089 1096 ι
1125 1043 1273 1111 Quos
1319 1044 1513 1101 dedisti
1570 1044 1700 1099 mihi
1751 1059 1816 1099 ex
1868 1044 2093 1108 mundo,

518 1138 593 1192 tui
640 1146 819 1201 erant,
863 1144 918 1190 et
950 1135 1080 1190 mihi
1118 1134 1238 1190 illos
1268 1124 1466 1191 ded-isti
1501 1136 1570 1193 ⁷³.
1605 1154 1622 1187 ι
1662 1136 1922 1191 Dominus
1954 1134 2097 1188 enim

516 1230 759 1287 omnium
818 1236 901 1286 est
948 1238 1143 1284 natura
1188 1227 1383 1293 Filius,
1418 1238 1472 1283 et
1516 1227 1573 1283 in
1606 1227 1789 1283 omnia
1824 1242 1943 1298 quae
1970 1235 2098 1281 sunt

516 1334 728 1388 creata,
777 1337 900 1376 cum
940 1320 1048 1378 Deo
1096 1327 1152 1376 et
1201 1319 1364 1376 Patre
1390 1335 1624 1391 regnum
1655 1320 1887 1375 obtinet.
1913 1319 1983 1372 At
2010 1319 2098 1374 ubi

518 1417 687 1472 homo
736 1414 911 1471 factus
937 1422 1044 1481 est,
1070 1413 1157 1470 cui
1197 1413 1380 1470 omnia
1411 1402 1714 1484 adjudicata
1741 1421 1867 1467 sunt
1896 1420 1951 1466 et
1976 1412 2099 1466 (lata

514 1509 798 1576 divinitus,
849 1510 1100 1579 accipere
1141 1507 1342 1563 dicitur
1376 1521 1439 1561 ea
1477 1519 1708 1576 quorum
1748 1504 1958 1559 exsistit
2000 1505 2099 1558 Do-

516 1600 697 1657 minus
740 1609 798 1654 ut
827 1598 971 1655 Deus
1014 1615 1030 1653 :
1076 1618 1114 1671 ,ι
1146 1598 1368 1654 Postula
1415 1599 1586 1663 enim,
1622 1598 1818 1667 inquit,
1850 1612 1878 1650 ιι
1907 1611 2013 1663 me,
2045 1605 2101 1652 et

2204 489 2418 559 ἀγγελῶ
2448 490 2507 545 τὸ
2546 491 2727 562 ὄνομά
2750 508 2843 544 σου
2868 494 2979 556 τοῖς
3022 491 3274 561 ἀδελφοῖς
3317 508 3442 563 μου.
3480 506 3501 541 ι
3539 488 3690 559 Πλὴν
3738 491 3789 543 ιι

2200 582 2292 634 καὶ
2316 582 2535 650 γέγονεν
2556 580 2802 652 ἀδελφὸς,
2831 583 2927 637 και
2951 583 3360 654 κεχρημάτικεν
3388 581 3547 653 ἡμῶν
3581 581 3791 653 πρωτό-

2199 690 2355 737 τοκος
2387 673 2475 727 διὰ
2505 674 2566 728 τὸ
2608 673 2971 746 ἀνθρώπινον,
3000 674 3176 729 καίτοι
3204 674 3337 737 Θεὸς
3365 674 3659 747 ὑπάρχων,
3694 673 3790 728 καὶ

2201 764 2328 827 Υἱὸς
2366 767 2683 839 μονογενὴς,
2714 766 2830 821 ἀλλ’
2858 767 2960 822 οὐκ
2986 769 3340 839 ἡγνοήκσμεν
3376 768 3544 822 αὑτοῦ
3578 767 3678 839 τὴν
3707 766 3791 821 60'-

2203 854 2318 921 ξαν,
2341 857 2435 910 καὶ
2455 857 2550 928 τὴν
2572 858 2711 912 κατά
2737 859 2921 931 πάσης
2943 859 3174 923 κτίσεως
3196 860 3493 931 ὑπεροχήν.
3523 861 3714 930 Ἵσμεν
3731 857 3790 912 δὲ

2199 945 2282 998 ὅτι
2309 944 2570 1017 δεδόμεθα
2594 946 2743 1019 αὐτῷ
2772 948 2921 1019 παρά
2942 948 3077 1003 Θεοῦ
3109 947 3202 1003 καὶ
3231 949 3469 1020 Πατρός.
3501 949 3612 1002 Καὶ
3634 946 3792 1002 τοῦτο

2201 1036 2363 1100 αὐτὸς
2393 1038 2706 1109 εὑρίσκεται
2744 1038 2919 1109 λέγων
2980 1039 3119 1112 πρὸς
3150 1041 3241 1096 τὸν
3286 1042 3344 1096 ὲν
3386 1044 3498 1105 τοῖς
3539 1041 3793 1113 οὐρανοῖς

2200 1127 2422 1198 Πατέρα
2456 1128 2553 1184 καὶ
2580 1129 2733 1184 Θεόν·
2767 1149 2787 1184 ι
2823 1129 2931 1196 Οὓς
2958 1131 3197 1197 δέδωκάς
3237 1149 3330 1205 μοι
3359 1133 3425 1187 ὲκ
3457 1132 3550 1187 τοῦ
3582 1133 3792 1205 κόσμου

2202 1219 2285 1272 σοὶ
2318 1214 2480 1290 ἦσαν,
2526 1220 2695 1292 κάμοὶ
2736 1222 2933 1286 αὐτοὺς
2966 1221 3195 1287 ἔδωκας.
3239 1242 3258 1275 ι
3307 1222 3512 1294 Κύριος
3550 1224 3650 1297 μὲν
3682 1223 3795 1298 γὰρ

2198 1309 2308 1363 τῶν
2340 1310 2478 1365 ὅλων
2515 1312 2633 1367 ἐστὶ
2676 1313 2819 1369 κατὰ
2853 1313 3014 1383 φύσιν
3040 1317 3069 1369 ὁ
3101 1313 3252 1379 Υίόςο
3296 1315 3391 1368 καὶ
3424 1315 3796 1388 συγκατάρχει

2203 1403 2403 1467 παντὸς
2428 1403 2655 1477 γενητοῢ
2689 1405 2771 1479 τῷ
2797 1405 2919 1478 Θεῷ
2956 1408 3051 1462 καὶ
3098 1408 3296 1481 Πατρί.
3340 1409 3560 1481 Ἐπειδὴ
3586 1410 3682 1462 καὶ
3705 1411 3796 1479 γέ-

2202 1514 2358 1567 γονεν
2387 1498 2693 1568 ἄνθρωπος,
2725 1491 2771 1567 ᾧ
2810 1499 2991 1556 πάντα
3036 1499 3154 1553 ἔστι
3194 1484 3451 1554 θεόσδοτα
3491 1501 3586 1555 καὶ
3614 1502 3796 1555 εἶσκε-

2203 1589 2436 1660 κριμένα
2465 1587 2683 1657 λέγεται
2711 1588 2917 1655 λαϐεῖν,
2948 1583 3026 1644 ὧν
3065 1590 3278 1662 ὑπῆρχε
3315 1589 3503 1660 κύριος
3533 1591 3609 1648 ὡς
3639 1591 3790 1655 Sed,"

517 1691 657 1745 dabo
714 1690 809 1744 tibi
867 1699 1055 1761 gentes
1115 1688 1487 1743 luereditalem
1526 1697 1693 1753 tuam,
1725 1694 1780 1741 et
1813 1687 2101 1757 possessio-

2207 1701 2224 1732 ι
2254 1682 2485 1752 Δίτησαι
2518 1680 2648 1752 γὰρ,
2684 1700 2702 1732 ι
2741 1682 2895 1752 φησι,
2939 1698 2960 1733 ι
2996 1680 3126 1752 παρ’
3160 1681 3319 1753 ἐμοῦ,
3365 1683 3459 1736 καλ⁵
3502 1681 3659 1737 δώσω
3712 1700 3793 1737 σοι

516 1795 640 1835 nem
676 1791 817 1834 tuam
844 1781 1108 1835 terminos
1135 1792 1293 1834 terra:
1331 1777 1398 1832 ⁷⁸.
1434 1797 1452 1830 ι
1487 1777 1737 1832 Exsultat
1767 1792 1898 1848 ergo
1930 1778 1983 1831 in
2016 1777 2100 1833 his

2205 1774 2329 1846 ἔθνη
2507 1750 2874 1849 κληρονομίαν
2905 1791 3020 1839 σου,
3063 1750 3157 1829 καὶ
3326 1776 3660 1847 κατάσχεσίν
3701 1793 3793 1831 σου

517 1873 608 1943 qui
678 1874 751 1927 illi
804 1873 998 1937 ﬁdunt,
1052 1873 1104 1927 id
1158 1880 1264 1938 est,
1306 1871 1359 1926 iu
1408 1872 1494 1927 his
1529 1871 1618 1943 qui
1677 1872 1851 1927 vocali
1882 1882 2000 1926 sunt
2033 1870 2101 1924 ad

517 1965 853 2037 agnitionem
884 1966 1132 2020 veritatis
1186 1978 1283 2035 per
1318 1964 1513 2029 tidem,
1568 1975 1622 2020 et
1673 1979 1834 2018 manu
1892 1973 2100 2018 tantum

519 2072 624 2111 non
660 2066 914 2124 protensa
963 2070 1059 2110 cos
1108 2063 1377 2110 monstrat
1425 2053 1651 2110 dicens:
1685 2072 1704 2106 ι
1739 2053 1881 2110 Ecce
1912 2060 2013 2124 ego
2046 2061 2103 2109 et

518 2148 671 2217 pueri
721 2162 857 2217 quos
899 2147 1048 2202 dedit
1085 2146 1216 2201 mihi
1252 2144 1411 2202 Deus.
1438 2165 1458 2197 ι
1494 2144 1626 2213 Quis
1658 2146 1822 2217 igitur
1854 2148 1945 2216 qui
1980 2147 2095 2202 haec

518 2239 763 2308 loquitur
789 2239 812 2293 ?
864 2238 1119 2295 videlicet
1166 2237 1510 2304 Emmanuel,
1535 2238 1629 2308 qui
1663 2239 1792 2306 erit,
1821 2238 2018 2308 inquit,
2045 2240 2100 2292 in

518 2332 671 2401 signa
698 2341 754 2386 et
775 2339 991 2389 ostenta
1015 2332 1067 2387 in
1090 2330 1276 2397 Israel,
1308 2346 1338 2385 a
1367 2330 1597 2388 Domino
1617 2329 1854 2385 Sabaoth
1882 2330 1972 2400 qui
1998 2330 2099 2384 ba-

518 2426 658 2479 bitat
691 2424 745 2479 in
775 2435 959 2480 monte
990 2424 1145 2481 Sion.
1183 2423 1318 2479 Nam
1349 2434 1408 2479 ut
1448 2427 1672 2481 credant
1712 2434 1870 2479 terrae
1906 2422 2098 2479 incola:

516 2532 642 2571 eum
675 2517 766 2586 qui
800 2527 992 2572 natura
1032 2516 1176 2573 Deus
1197 2527 1303 2583 est,
1336 2515 1540 2572 factum
1571 2530 1693 2572 esse
1717 2515 2018 2581 hominem,
2046 2524 2100 2569 et

520 2608 611 2677 qui
666 2605 1343 2662 universitatis.Dominus
1398 2605 1637 2671 exsistit,
1695 2604 1837 2660 servi
1868 2602 2100 2659 formam

519 2709 764 2770 gestasse
800 2701 1011 2754 ratione
1038 2697 1461 2768 dispensationis
1499 2710 1612 2753 sua:
1638 2705 1862 2768 propter
1888 2710 2011 2763 nos,
2039 2709 2103 2752 ac

519 2791 877 2861 complurima
925 2806 1024 2863 per
1064 2788 1314 2845 Iudaeam
1349 2790 1498 2860 signa
1532 2799 1815 2860 operatum
1850 2804 1992 2858 esse,
2019 2790 2105 2846 die

524 2885 771 2954 vina‘qtte
795 2884 1123 2955 praestantiae
1161 2884 1545 2940 documentum
1590 2883 1953 2940 clarissimum
1992 2884 2103 2941 odi-

522 2978 688 3043 disse,
743 2986 905 3048 atque
936 2991 998 3032 ea
1024 2977 1263 3048 perfecta
1290 2992 1413 3049 quae
1436 2977 1743 3048 opinionem
1772 2977 2015 3034 omnium
2048 2983 2100 3033 et

2201 1864 2269 1918 τὰ
2298 1864 2509 1936 πέρατα
2542 1865 2641 1934 τῆς
2681 1864 2805 1935 γῆς.
2844 1883 2863 1916 ι
2919 1866 3308 1935 Ἐπιγάννυται
3346 1867 3527 1921 τοίνυν
3557 1869 3671 1932 τοῖς
3707 1869 3793 1921 ἐπ’

2203 1957 2355 2027 αὐτῷ
2395 1956 2731 2020 πεποιθόσιν,
2776 1956 2923 2011 τοῦτ’
2955 1957 3091 2025 ἐστι,
3141 1961 3252 2022 τοῖς
3300 1958 3660 2031 κεκλημένοις
3714 1960 3795 2023 εἰς

2204 2049 2502 2119 ἐπίγνωσιν
2534 2048 2793 2119 ἀληθείας
2836 2048 2926 2103 διά
2961 2050 3060 2122 τῆς
3101 2049 3355 2115 πίστεως·
3396 2051 3556 2124 μόνον
3584 2052 3641 2106 δὲ
3675 2053 3795 2124 οὐχὶ

2204 2144 2299 2198 καὶ
2320 2146 2482 2215 χεῖρα
2498 2142 2799 2216 προτείνων
2813 2144 3218 2211 καταδείκνυσι,
3240 2145 3435 2214 λέγων·
3462 2164 3481 2198 ι
3524 2146 3654 2201 Ἰδοὺ
3682 2148 3795 2217 ἐγὼ

2202 2236 2297 2290 καὶ
2318 2234 2389 2289 τά
2416 2235 2624 2302 παιδία,
2659 2235 2695 2288 ἆ
2732 2252 2823 2307 μοι
2855 2235 3055 2291 ἔδωκεν
3089 2239 3117 2291 ὀ
3141 2238 3293 2302 Θεός.
3327 2257 3346 2291 ι
3378 2238 3476 2303 Τίς
3500 2235 3593 2294 οὖν
3620 2241 3794 2295 ταῦτα

2201 2328 2405 2398 λέγων;
2438 2329 2467 2382 ὁ
2496 2328 2845 2402 Ἐμμανουὴλ
2869 2328 3133 2400 δηλονότι.
3163 2332 3259 2393 Ὃς
3290 2330 3460 2399 ἔσται,
3496 2334 3681 2404 φησιν,
3714 2336 3793 2398 είς

2205 2422 2405 2493 σημεῖα
2440 2421 2535 2475 καὶ
2566 2420 2771 2495 τέρατα
2797 2421 2855 2475 ἐν
2886 2420 2964 2492 τῷ
3004 2421 3221 2494 Ἰσραὴλ
3254 2423 3405 2495 παρά
3432 2425 3642 2495 Κυρίου
3688 2426 3794 2478 Σα-

2203 2512 2374 2579 ϐαὼθ,
2403 2512 2462 2577 ὃς
2488 2515 2735 2566 κατοικεῖ
2767 2513 2824 2566 ὲν
2848 2512 2924 2584 τῷ
2949 2512 3064 2584 ὄρει
3092 2513 3251 2571 Σιών.
3285 2516 3402 2569 Ἵνα
3430 2516 3540 2589 γάρ
3567 2519 3791 2570 πιστεύ-

2206 2622 2353 2659 σειαν
2385 2605 2435 2657 οἱ
2467 2604 2609 2659 κατά
2639 2606 2818 2659 πᾶσαν
2847 2605 2947 2674 τὴν
2976 2607 3104 2678 γῆν,
3130 2606 3212 2661 ὅτι
3239 2607 3372 2672 Θεὸς
3399 2607 3477 2662 ὢν
3503 2609 3664 2680 φύσει
3698 2612 3791 2680 γε·

2202 2714 2359 2767 γονεν
2381 2696 2686 2770 ἄνθρωπος,
2712 2698 2806 2752 καὶ
2828 2697 2936 2755 τῶν
2973 2699 3112 2754 ὅλων
3143 2699 3404 2774 ὑπάρχων
3427 2702 3652 2775 Κύριος,
3695 2705 3792 2774 τὴν

2203 2789 2297 2844 τοῦ
2339 2790 2526 2844 δούλου
2565 2793 2847 2865 πεφόρηκε
2886 2792 3100 2864 μορφὴν
3134 2796 3491 2867 οἰκονομικῶς
3526 2797 3592 2852 δι’
3624 2800 3791 2869 ἡμᾶς’

2204 2884 2434 2938 πλεῖστά
2458 2902 2518 2938 τε
2549 2884 2650 2939 ὃσα
2678 2886 2821 2939 κατὰ
2842 2886 2941 2957 τὴν
2970 2887 3224 2941 Ἰουδαίαν
3248 2889 3543 2959 εἰργάσατο
3568 2895 3793 2962 σημεῖα,

2204 2978 2299 3032 καὶ
2362 2979 2462 3051 τῆς
2507 2978 2658 3043 θείας
2726 2979 2996 3051 ὑπεροχῆς
3062 2982 3460 3055 ὲνεργεστάτην
3519 2982 3793 3050 ἀπόδειξιν

518 3074 819 3126 orationem
856 3080 1134 3142 superant,
1172 3079 1414 3127 mortuos
1438 3070 1750 3139 excitando,
1795 3070 2101 3126 immundos

2205 3074 2512 3145 ἐποιήσατο·
2548 3072 2618 3127 τά
2645 3071 2964 3145 παραδόξως
3005 3090 3064 3126 τε
3126 3074 3221 3128 καὶ
3273 3074 3416 3146 ὑπὲρ
3456 3075 3613 3145 λόγον
3660 3078 3789 3132 ἀποο

520 3165 747 3235 spiritus
804 3165 1160 3235 increpando,
1215 3164 1485 3233 caacisque
1516 3164 1690 3221 visum
1731 3179 1828 3234 pro
1862 3179 1964 3220 suo
1979 3162 2105 3233 jure

520 3269 573 3309 et
620 3257 950 3311 auctoritate
1009 3255 1311 3326 largiendo.
1366 3254 1606 3313 Iudaicae
1634 3266 1817 3312 autem
1842 3257 2106 3327 perversi-

524 3345 650 3401 tatis
672 3356 723 3399 et
754 3346 1047 3414 impietatis
1073 3346 1405 3415 criminatio,
1430 3348 1747 3418 prophetica
1773 3348 1881 3403 erit
1901 3348 2100 3405 oratio.

523 3437 688 3505 Signa
735 3438 879 3492 enim
931 3448 984 3491 et
1024 3447 1239 3492 ostenta
1281 3453 1311 3492 a
1340 3439 1569 3493 Domino
1616 3438 1856 3495 Sabaoth
1885 3439 1976 3508 qui
2009 3440 2105 3494 ha-

523 3528 663 3582 bitat
718 3528 772 3582 in
831 3539 1012 3583 monte
1072 3529 1222 3596 Sion,
1281 3527 1423 3584 facta
1453 3530 1635 3585 dicit:
1673 3529 1762 3587 isti
1808 3545 1939 3585 vero
1967 3529 2104 3585 nihil

524 3635 629 3674 non
681 3629 734 3674 et
789 3634 972 3675 rerum
1011 3629 1064 3673 et
1101 3620 1392 3675 verborum
1442 3620 1731 3693 impiorum
1779 3624 2102 3678 intentatum

523 3710 912 3781 relinquentes,
944 3711 1324 3781 blasphemare
1350 3711 1465 3767 ausi
1494 3721 1619 3767 sunt
1639 3713 1919 3769 dicentes:
1950 3730 1970 3766 ι
2002 3710 2104 3768 Hic

523 3818 629 3857 non
685 3804 834 3874 ejicit
886 3803 1152 3859 daemonia
1211 3804 1311 3860 nisi
1355 3820 1450 3876 per
1482 3804 1767 3862 Beelzebul
1802 3805 2101 3878 principem

523 3895 912 3951 daemoniorum
950 3896 1020 3953 ".
1053 3914 1070 3949 ι

596 4179 762 4235 Vens.
797 4181 887 4247 19,
914 4179 1005 4235 20.
1041 4177 1107 4233 Et
1141 4181 1186 4234 si
1215 4180 1445 4234 dixerint
1467 4179 1644 4233 vobis:
1675 4179 1942 4250 Requirite
1964 4187 2102 4234 vates

524 4273 587 4326 de
639 4285 781 4327 terra
829 4288 1002 4327 rocem
1053 4273 1280 4339 edentes,
1323 4274 1694 4342 rentriloquos,
1724 4273 2015 4339 vanidicus,
2054 4282 2100 4325 et

524 4364 615 4429 qui
651 4365 715 4416 de
744 4374 918 4417 ventre
958 4363 1266 4434 loquuntur,
1299 4380 1467 4419 nonne
1492 4380 1615 4435 gem
1641 4367 1710 4419 ad
1734 4364 1900 4420 Deum
1919 4365 2105 4419 suum?

2204 3168 2526 3238 τελούμεναο
2573 3166 2734 3223 τοῦτο
2798 3166 2897 3238 μὲν
2945 3166 3173 3238 νεκροὺς
3228 3168 3488 3238 ἀναστὰς,
3538 3168 3699 3225 τοῦτο
3738 3171 3795 3225 δὲ

2203 3256 2537 3329 ἀκαθάρτοις
2581 3257 2888 3329 πνεύμασιν
2929 3257 3222 3329 ὲπιτιμῶψ
3265 3260 3361 3314 καὶ
3398 3261 3620 3330 τυφλοῖς
3650 3262 3707 3315 δὲ
3737 3264 3796 3315 τὸ

2208 3349 2427 3420 βλέπειν
2476 3352 2534 3404 ὲν
2577 3350 2798 3427 ἐξουσίᾳ
2850 3350 3216 3423 δωρούμενος.
3253 3353 3551 3425 Ἔγκλημα
3594 3355 3657 3409 δὲ
3700 3359 3797 3427 τῆς

2218 3439 2486 3495 Ἰουδαίων
2523 3440 2846 3514 σκαιότητος
2887 3441 2982 3495 καὶ
3024 3441 3365 3509 δυσσεϐείας,
3404 3446 3434 3497 ὁ
3463 3446 3797 3517 προφητικὸς

2206 3533 2358 3588 ἔσται
2387 3533 2562 3603 λόγος.
2593 3531 2675 3587 Τά
2701 3534 2802 3617 μὲν
2830 3533 2941 3607 γὰρ
2963 3538 3166 3605 σημεῖα
3194 3536 3286 3590 καὶ
3315 3537 3385 3593 τὰ
3406 3538 3614 3609 τέρατα
3647 3539 3797 3610 παρά

2204 3624 2411 3697 Κυρίου
2456 3623 2686 3678 Σαϐαὼθ
2728 3623 2822 3678 τοῦ
2863 3625 3246 3691 κατοικοῦντος
3298 3629 3357 3682 ὲν
3390 3629 3468 3700 τῷ
3511 3630 3630 3701 ὄρει
3661 3630 3798 3684 Σιὼν

2206 3716 2531 3789 γεγενῆσθαί
2557 3734 2741 3788 φησιν.
2776 3718 2836 3771 Oi
2880 3717 2936 3772 δὲ
2968 3720 3078 3773 τῶν
3107 3720 3355 3776 ἐκτόπων
3385 3721 3418 3793 ἦ
3455 3722 3797 3795 πραγμάτων

2205 3811 2240 3884 ἢ
2286 3811 2459 3881 λόγων
2489 3812 2905 3883 ἀνεπιτήδευτον
2934 3812 3132 3878 ἐῶντες
3163 3815 3339 3883 οὐδὲν,
3376 3817 3682 3889 δυσφημεῖν
3702 3820 3801 3873 ἀπ-

2206 3912 2448 3982 ετόλμων
2504 3910 2773 3980 λέγοντες·
2815 3929 2833 3962 ι
2877 3903 3047 3976 Οὗτος
3101 3912 3201 3967 οὐκ
3258 3912 3513 3967 ἐκϐάλλει
3567 3913 3637 3967 τά
3677 3915 3797 3968 δαι-

2209 4002 2367 4074 μόνια
2412 4003 2463 4054 εί
2511 4000 2586 4072 μὴ
2625 4003 2681 4053 ὲν
2725 4001 3051 4080 Βεελζεᾷοὺλ
3089 4003 3167 4074 τῷ
3215 4005 3432 4076 ἄρχοντι
3466 4004 3573 4058 τῶν
3602 4005 3799 4077 δαιμο-

2206 4096 2354 4150 νίων.
2395 4112 2413 4146 ι

2276 4186 2385 4240 Καὶ
2409 4185 2518 4241 ἐὰν
2539 4187 2755 4242 εἴπωσι
2789 4191 2946 4257 πρὸς
2971 4189 3146 4261 ὑμᾶς’
3175 4190 3488 4259 Ζητήσατε
3508 4191 3653 4259 τοὺς
3677 4193 3795 4249 ἀπὸ

2206 4274 2317 4346 τῆς
2355 4275 2469 4347 γῆς
2513 4278 2889 4347 φωνοῦντας,
2944 4280 3045 4334 καὶ
3092 4280 3237 4345 τοὺς
3289 4280 3797 4353 ἐγγαστριμύθους

2206 4366 2347 4433 τοὺς
2372 4367 2869 4438 κενολογυῦντας,
2895 4367 2953 4421 οἳ
2977 4368 3047 4422 ἐκ
3069 4368 3181 4437 τῆς
3210 4370 3446 4437 κοιλίας
3461 4373 3793 4441 φωνοῦσιν,

527 4457 670 4523 Quid
715 4458 989 4512 consulitis
1031 4459 1094 4512 de
1147 4458 1278 4512 vivis
1328 4468 1561 4512 mortuos
1588 4459 1615 4512 2
1664 4456 1849 4527 Legem
1877 4458 2015 4512 enim
2051 4458 2101 4512 in

2209 4459 2319 4512 οὐκ
2361 4459 2537 4525 ἔθνος
2573 4459 2724 4529 πρὸς
2752 4459 2902 4515 Θεὸν
2933 4461 3121 4516 αὑτοῦ
3142 4479 3161 4526 ;
3199 4462 3264 4518 Τί
3301 4462 3618 4533 ἐκζητοῦσι
3665 4468 3797 4535 περὶ

524 4548 890 4620 udjumenlum
949 4550 1118 4617 dedit,
1170 4559 1224 4603 ut
1282 4549 1511 4602 dicunt:
1543 4548 1665 4601 Non
1712 4550 1842 4603 sicut
1896 4550 2104 4603 verbum

524 4645 685 4712 istud,
716 4645 787 4699 de
803 4660 904 4716 quo
927 4660 1029 4697 non
1057 4654 1129 4697 est
1147 4644 1286 4696 dona
1308 4642 1436 4696 dare
1458 4656 1551 4711 pro
1579 4643 1710 4708 ipso.

599 4924 980 4981 lnstructionls
1058 4925 1272 4996 plenam
1328 4926 1633 4981 orationem
1691 4928 1936 4996 praetexit
1992 4928 2107 4999 ipse

531 5015 870 5083 Emmanuel,
890 5017 972 5072 bis
986 5018 1078 5087 qui
1098 5032 1248 5089 spem
1274 5017 1331 5073 iu
1352 5018 1469 5089 ipso
1496 5017 1659 5091 146
1677 5030 1994 5089 posuerunt,
2016 5022 2108 5092 qui

529 5109 959 5165 numerabantur
993 5109 1047 5165 in
1082 5110 1229 5174 ﬁliis,
1272 5119 1327 5167 et
1378 5111 1481 5182 ipsi
1516 5126 1545 5165 a
1591 5110 1705 5167 Deo
1728 5121 1779 5166 el
1814 5111 1975 5169 Patre
2001 5114 2111 5170 dati

534 5210 697 5268 sunt,
758 5208 817 5255 ut
853 5198 1131 5254 Servatori
1156 5208 1210 5254 et
1241 5198 1614 5271 Redemptori,
1663 5210 1718 5258 et
1759 5204 2112 5272 Viviﬂt-atori,

524 5292 731 5361 quique
784 5290 1092 5346 illuminare
1144 5291 1312 5357 valet,
1357 5293 1614 5362 omnique
1658 5295 1802 5351 malo
1848 5296 2104 5366 liberare,

529 5393 585 5437 et
611 5384 701 5453 qui
736 5398 832 5438 eos
857 5383 1111 5438 omnibus
1151 5384 1329 5438 modis
1361 5398 1388 5437 a
1420 5386 1667 5453 pristinis
1706 5387 1945 5442 moribus
1990 5389 2103 5456 pri-

530 5489 726 5543 maque
752 5474 1025 5529 dementia
1053 5474 1316 5529 vindicat.
1346 5474 1631 5529 Est’enim
1667 5476 1718 5531 in
1756 5480 2105 5533 moreitlolu-

531 5575 649 5613 rum
705 5562 1002 5617 cultoribus
1027 5604 1044 5631 ,
1097 5564 1376 5620 oraculum
1409 5564 1797 5621 drrmmiorum
1829 5571 2100 5640 amplecti,

600 5717 645 5749 τ’
668 5717 803 5772 Psal.
832 5720 1050 5787 “1,95.
1126 5722 1174 5754 ⁷³
1197 5718 1351 5775 Joau.
1383 5736 1513 5788 mu,
1542 5722 1591 5776 9.

2211 4547 2330 4603 τῶν
2415 4548 2645 4631 ζώντων
2700 4552 2845 4617 τοὺς
2902 4555 3198 4621 νεκρούς;
3272 4558 3475 4628 Νόμον
3539 4559 3653 4629 γὰρ
3715 4562 3800 4625 εἰς

2205 4641 2497 4706 βοήθειαν
2550 4643 2796 4712 ἔδωκεν,
2846 4645 2947 4701 ἵνα
2985 4646 3396 4718 ειπωσινοοὺχ
3428 4650 3511 4717 ὡς
3535 4651 3602 4705 τὸ
3635 4650 3799 4721 ῥῆμα

2211 4731 2386 4787 τοῦτο
2452 4735 2585 4803 περὶ
2655 4733 2728 4793 οὗ
2792 4740 2905 4792 οὐκ
2971 4738 3103 4793 ἔστι
3160 4738 3319 4810 δῶρα
3385 4741 3599 4798 δοῦναι
3667 4745 3798 4813 περὶ

2210 4826 2421 4881 αὐτοῦ.

2280 4936 2665 5009 Κατηχητικὺν
2700 4940 2979 5012 ὲξυφαίνει
3006 4945 3165 5015 λόγον
3196 4948 3362 5012 αὐτὸς
3388 4950 3418 5002 ὁ
3455 4951 3797 5025 Ἐμμανουὴλ

2210 5028 2322 5089 τοῖς
2376 5026 2570 5083 ἐλπίδα
2614 5028 2864 5100 θεμένοις
2893 5034 2974 5098 είς
3005 5036 3188 5104 αὑτὸν,
3228 5040 3279 5093 οῖ
3336 5041 3801 5116 κατελογίσθησαν

2216 5117 2315 5188 μὲν
2345 5120 2404 5171 ὲν
2433 5119 2664 5185 τέκνοιν
2686 5121 2924 5178 δέδονται
2946 5124 3002 5179 δὲ
3034 5128 3184 5200 αὐτῷ
3216 5133 3367 5204 παρά
3400 5132 3536 5187 Θεοῦ
3566 5136 3660 5189 καὶ
3693 5134 3801 5190 Πα-

2214 5209 2364 5279 ιινρδς,
2398 5210 2474 5274 ὡς
2521 5213 2738 5286 Σωτῆρι
2782 5217 2877 5270 καὶ
2929 5221 3191 5294 Λυτρωτῇ
3243 5223 3337 5277 καὶ
3390 5218 3671 5299 Ζωοποιῷ,
3710 5228 3803 5283 καὶ

2216 5302 2619 5371 καταφωτίςειν
2662 5306 2918 5377 ἰσχύοντι,
2951 5312 3049 5364 καὶ
3072 5314 3275 5378 παντὸς
3311 5317 3679 5373 ἀπαλλάττειν
3708 5338 3803 5374 κα·

2212 5391 2347 5446 κῑιῦ·
2386 5394 2647 5469 ἀφίστησι
2691 5398 2747 5451 δὲ
2788 5400 2986 5466 αὐτοὺς
3034 5404 3343 5476 ὁλοτρόπως
3395 5410 3506 5464 τῶν
3559 5413 3805 5483 ἀρχαίων

2212 5484 2382 5553 ἠθῶν,
2411 5489 2506 5540 καὶ
2535 5489 2960 5560 φρενοῦλαὸείας
2985 5495 3085 5566 τῆς
3115 5496 3358 5568 πρώτης.
3384 5501 3549 5567 Ἔθος
3573 5505 3672 5574 μὲν
3700 5506 3805 5574 γὰρ

2210 5578 2323 5641 τοῖς
2352 5579 2459 5631 τῶν
2500 5581 2733 5637 εἰδώλων
2767 5589 3188 5659 προσκυνηταῖς,
3215 5590 3342 5657 τοὺς
3373 5598 3436 5646 εκ
3470 5595 3577 5648 τέλν
3616 5596 3805 5668 δαιμο-

1669 5724 1713 5754 "‘
1739 5725 1880 5780 l‘sul.
1912 5744 1968 5781 ιι.
1996 5731 2047 5783 8.
2129 5730 2172 5762 ⁷⁸
2198 5730 2386 5787 Matth.
2416 5749 2510 5798 XII,
2533 5735 2621 5790 Ἡ.
