4122 6292
309 444 404 497 ‘l-ll

1463 447 1529 502 lN
1571 446 1809 502 ISAIAM
1847 444 1978 502 LIB.
2015 445 2054 498 Ι.
2099 443 2306 502 OR‘AT.
2350 445 2414 498 Υ.

3481 453 3512 504 ‘2
3529 453 3592 506 Γ]

309 565 437 616 νέω-ι
472 566 752 638 χρησμοὺς
793 550 1044 637 ἀγαπᾷν,
1094 567 1186 620 καὶ
1226 566 1530 636 κενολόγοις
1561 567 1672 620 τισὶ
1716 582 1904 636 νεκρο-

2019 574 2062 622 et
2115 565 2421 634 vaniloquis
2473 562 2798 633 quibusdam
2869 562 3284 617 necromanticis
3336 563 3585 618 adha-re~

315 651 545 720 μάντεσι
591 655 946 724 προσκεῖσθαι
991 656 1184 724 φιλεῖν,
1234 658 1282 710 οἶ
1322 656 1537 725 λέγουσι
1571 657 1670 727 μὲν
1701 655 1902 726 ἀληθὲς

313 745 495 799 οὐδέν·
544 746 927 818 ἀνερεύγονται
980 747 1038 800 δὲ
1095 747 1283 820 ὥσπερ
1334 749 1394 802 τὸ
1458 749 1538 813 είς
1593 747 1719 801 νοῦν
1765 743 1902 820 ἧκον

313 836 523 900 ἀτελῶς.
579 838 717 893 Ἀλλ’
746 839 929 910 ὑμεῖς,
957 839 1111 909 φησὶ,
1138 840 1241 892 κᾶν
1277 841 1326 893 εί
1361 841 1638 913 προσίοιτό
1670 857 1777 904 τις,
1808 837 1902 891 λέ-

313 944 449 996 γων⁶
487 930 928 1001 Ζητήσατετοὺς
965 932 1072 985 ἀπὸ
1116 933 1216 1002 τῆς
1255 935 1356 1003 γῆς
1388 932 1723 1002 φωνοῦντας,
1759 929 1904 983 τοῦτ’

313 1020 455 1082 ἐστι,
493 1023 617 1087 τοὺς
652 1025 1154 1096 προσποιουμένους
1182 1026 1476 1096 ἀναφέρειν
1504 1024 1633 1088 τοὺς
1657 1022 1901 1095 νεκρούς·

312 1111 409 1164 καὶ
463 1112 650 1184 ὥσπερ
699 1114 760 1179 ἐξ
803 1115 930 1186 ᾅδου
966 1115 1238 1170 ποιεῖσθαι
1279 1116 1379 1179 τὰς
1426 1116 1707 1185 μαντείας·
1739 1115 1907 1185 ἦγουν

314 1204 446 1267 τοὺς
503 1206 994 1277 ἐγγαστριμύθους·
1033 1208 1084 1261 οἳ
1139 1207 1565 1279 προσποιοῦνται
1613 1207 1712 1278 μὲν
1754 1205 1909 1269 θεούς

315 1310 474 1358 τινας
497 1294 638 1364 ἔχειν
661 1298 741 1361 είς
769 1297 869 1368 τὴν
895 1298 1124 1363 κοιλίαν,
1154 1298 1300 1351 οὕτω
1326 1315 1384 1352 τε
1409 1302 1522 1362 τοῖς
1535 1296 1816 1370 προσιοῦσι
1840 1297 1909 1351 τὰ

317 1385 470 1455 παρ’
494 1386 722 1441 ἐκείνων
771 1389 974 1452 λαλεῖν,
1012 1390 1087 1458 μὴ
1113 1390 1402 1460 προσίεσθε
1444 1392 1540 1461 τὴν
1576 1389 1907 1461 συμϐουλήν.

316 1473 569 1528 Φωνοῦσι
600 1475 708 1547 γὰρ
736 1477 846 1529 ἀπὸ
875 1478 1042 1548 μόνης
1063 1480 1161 1549 τῆς
1194 1481 1399 1534 ἑαυτῶν
1425 1481 1649 1546 κοιλίας,
1686 1481 1777 1534 καὶ
1809 1482 1911 1535 οὐκ

319 1567 468 1619 εἰσὶν
501 1567 654 1630 έθνος
685 1569 922 1634 συνετὸν,
958 1570 1096 1624 ὥστε
1130 1573 1223 1624 καὶ
1251 1571 1589 1643 ἀναζητῆσαι
1627 1572 1781 1637 Θεὸν,
1816 1572 1912 1626 καὶ

323 1658 466 1726 παρ’
505 1657 672 1710 αὑτοῦ
720 1676 774 1711 τι
824 1660 1029 1730 μαθεῖν.
1067 1662 1267 1730 Λέγετε
1322 1663 1381 1715 δὲ
1417 1665 1529 1726 τοῖς
1556 1665 1738 1717 ἐκεῖνα
1775 1680 1914 1734 συμ-

323 1749 675 1802 ϐουλεύουσι·
718 1751 783 1803 Τί
813 1751 1098 1821 ἐκζητοῦσι
1129 1754 1256 1823 περὶ
1285 1753 1394 1806 τῶν
1425 1754 1642 1818 ζώντων
1670 1755 1794 1818 τοὺς
1825 1771 1911 1807 νε-

322 1839 530 1910 κρούς;
567 1843 696 1914 ὁρᾷς
727 1841 875 1906 ὅπως
915 1843 1281 1912 ἀπεργάζεται
1324 1844 1802 1914 νουνεχεστάτους;
1838 1845 1912 1896 Οὐ

2007 672 2186 724 scere,
2224 657 2312 726 qui
2342 657 2454 710 veri
2486 654 2704 724 quidem
2759 655 2892 708 nihil
2918 654 3124 720 dicunt,
3161 656 3254 709 sed
3285 656 3432 709 velut
3462 671 3588 709 cru-

2005 758 2154 805 ctant
2183 747 2445 818 quidquid
2477 755 2683 802 temere
2715 747 2768 800 in
2805 755 3037 801 mentem
3075 747 3240 800 venit.
3272 747 3434 815 Atqui
3468 763 3584 810 vos,

2005 841 2219 910 inquit,
2269 839 2485 893 etiamsi
2537 839 2758 917 accedat
2809 838 2949 905 quis,
2999 851 3061 891 ac
3092 838 3235 891 dicat
3268 855 3279 890 :
3309 839 3588 891 Consulite

2005 941 2158 986 vates
2207 929 2272 985 de
2313 939 2459 984 terra
2495 944 2680 984 vocem
2705 930 2948 990 edentes,
2981 927 3033 981 id
3062 936 3168 992 est,
3209 929 3299 997 qui
3328 929 3588 981 simulant

2006 1037 2068 1079 se
2117 1030 2359 1077 mortuos
2410 1022 2692 1085 reducere,
2741 1030 2794 1074 et
2831 1019 2979 1074 velut
3025 1035 3091 1073 ex
3119 1021 3303 1074 inleris
3346 1021 3429 1073 edi
3467 1035 3590 1073 ora.

2009 1116 2164 1182 cula;
2199 1116 2313 1170 sive
2336 1115 2729 1184 ventriloquos,
2756 1115 2847 1183 qui
2876 1114 3081 1182 lingunt
3100 1114 3228 1168 deos
3246 1128 3302 1167 se
3327 1117 3588 1183 quosdam

2009 1208 2210 1263 habere
2256 1207 2308 1260 in
2337 1215 2546 1269 ventre,
2583 1215 2637 1259 et
2678 1206 2750 1260 ita
2784 1205 3110 1259 adeuntibus
3144 1207 3258 1260 haec
3293 1206 3360 1259 ab
3396 1205 3501 1259 illis
3532 1220 3590 1258 se

2014 1299 2216 1360 dicere,
2244 1297 2531 1352 consilium
2565 1296 2728 1352 nolite
2763 1297 3070 1353 admittere.
3098 1298 3141 1350 A
3169 1311 3276 1352 suo
3293 1299 3434 1351 enim
3474 1298 3590 1353 solo

2013 1397 2204 1442 ventre
2235 1387 2469 1442 sonitum
2502 1389 2685 1451 edunt,
2721 1401 2818 1441 nec
2849 1396 2972 1441 sunt
2998 1402 3128 1454 gens
3163 1386 3492 1455 intelligens,
3532 1396 3591 1439 ut

2015 1480 2098 1534 vel
2153 1480 2317 1534 Deum
2361 1477 2666 1538 consulant.
2712 1477 2794 1531 vel
2828 1478 2896 1530 ab
2928 1478 3019 1530 illo
3049 1477 3260 1531 discant
3288 1477 3582 1545 quidpiam.

2015 1570 2189 1625 Dicite
2240 1584 2368 1624 vero
2414 1569 2498 1623 his
2551 1569 2642 1638 qui
2685 1584 2745 1622 ea
2781 1552 3111 1623 consulunt:
3154 1569 3292 1634 Quid
3339 1578 3592 1637 quaerunt

2015 1671 2258 1718 mortuos
2281 1663 2345 1715 de
2375 1661 2762 1726 vivis?viden’,
2795 1676 2900 1730 quo
2926 1671 3084 1730 pacto
3113 1676 3206 1713 eos
3242 1661 3428 1714 reddat
3461 1676 3590 1728 pru-

2016 1755 2359 1809 dentissimos
2391 1754 2414 1804 ?
2453 1753 2568 1807 Non
2621 1754 2764 1806 enim
2809 1755 2980 1807 solum
3030 1753 3272 1821 prtecipit
3305 1769 3332 1805 a
3370 1768 3591 1821 perver-

2018 1843 2176 1895 sitate
2219 1856 2314 1895 sua
2349 1849 2404 1893 et
2434 1841 2667 1894 amentia
2715 1841 3004 1904 desistere,
3041 1844 3134 1896 sed
3166 1843 3329 1894 etiam
3356 1843 3505 1908 jubet
3535 1853 3591 1894 ut

323 1930 438 2003 γὰρ
475 1932 634 2000 μόνον
677 1933 976 2004 ἀποφοιτᾷν
1006 1934 1282 1988 ἐπιτάττει
1321 1934 1424 2004 τῆς
1463 1935 1687 1987 ἐκείνων
1731 1935 1914 1987 σκαιό-

2020 1933 2103 1986 bis
2151 1933 2241 2001 qui
2279 1940 2484 1997 errant,
2524 1933 2646 1985 honi
2709 1934 3049 1986 consultores
3101 1933 3352 1986 evadant.
3421 1931 3590 1986 Dicite.

325 2040 492 2093 τητος
526 2023 618 2077 καὶ
646 2025 1087 2094 φρενοϐλαϐείας,
1118 2027 1254 2080 ἀλλά
1299 2027 1408 2097 γάρ
1441 2027 1535 2079 καὶ
1575 2026 1915 2095 συμϐούλους

332 2112 588 2182 ἀγαθοὺς,
623 2117 749 2178 -τοῖς
799 2115 1234 2186 πεπλανημένοις
1276 2116 1528 2185 γενέσθαι
1563 2117 1911 2187 προστάττει.

331 2205 532 2274 Λέγετε
555 2206 681 2277 γὰρ,
706 2207 860 2277 φησί·
890 2206 953 2261 Τί
974 2206 1261 2278 ἐκζητοῦσι
1284 2208 1536 2280 περὶτῶν
1552 2208 1768 2274 ζώντων
1786 2210 1914 2272 τοὺς

335 2297 590 2368 νεκρούς;
637 2298 814 2360 κοινὸς
858 2298 968 2368 γὰρ
1015 2299 1107 2351 καὶ
1161 2297 1499 2370 ἀνθρώπινος
1555 2300 1584 2350 ὁ
1633 2299 1910 2369 λογισμός.

335 2388 493 2444 Ποῖον
531 2391 640 2460 γὰρ
683 2389 750 2442 ἂν
800 2389 912 2459 ἔχοι
949 2389 1106 2454 λόγον
1148 2390 1208 2442 τὸ
1241 2389 1505 2460 διερωτᾷν
1543 2390 1749 2443 ἐθέλειν
1787 2393 1916 2461 περὶ

335 2479 440 2532 τῶν
489 2479 571 2532 ἔτι
618 2477 833 2543 ζώντων
861 2480 989 2542 τοὺς
1017 2481 1074 2531 ἐν
1101 2483 1167 2550 τῇ
1192 2483 1264 2551 γῇ
1295 2481 1604 2549 κειμένους,
1642 2481 1674 2550 ἢ
1711 2483 1768 2533 ἐν
1792 2481 1916 2550 ᾅδου

335 2569 498 2640 τυχὸν
527 2570 826 2638 γενομένας
858 2570 1068 2638 ψυχάςς
1101 2571 1213 2623 Καὶ
1243 2570 1363 2624 καθ’
1404 2571 1588 2642 ἕτερον
1612 2573 1668 2625 δὲ
1698 2575 1912 2644 τρόπον,

340 2661 552 2731 ἀμαθὲς
578 2662 854 2723 παντελῶς
881 2663 1327 2732 νεκυομαντείαις
1349 2665 1654 2735 προσέχειν,
1685 2667 1776 2720 καὶ
1797 2671 1916 2732 ταῖς

340 2753 450 2806 τῶν
498 2751 713 2822 γοητῶν
750 2752 1100 2820 ψευδοεπίαις
1140 2755 1187 2807 οἳ
1218 2759 1404 2826 νεκρὸν
1437 2756 1614 2826 ἔχουσι
1650 2759 1739 2812 τὸν
1768 2761 1912 2827 νοῦν,

343 2844 437 2897 καὶ
456 2837 570 2896 οἷον
603 2842 998 2913 ἀπεψυγμένην
1022 2844 1256 2916 καρδίαν.
1291 2847 1361 2899 Οὐ
1385 2849 1493 2918 γὰρ
1523 2851 1664 2902 ἴσασι
1683 2851 1772 2905 τὸν
1803 2852 1914 2905 τῶν

347 2933 480 2986 ὅλων
509 2932 862 3002 δημιουργὸν,
897 2933 994 2986 οὐκ
1014 2934 1221 3004 ἔχουσιν
1251 2939 1310 2991 ἐν
1331 2939 1513 3003 αὐτοῖς
1533 2941 1624 2994 τὸν
1651 2941 1913 3006 ζωοποιὸν

349 3039 443 3076 του
481 3022 621 3076 Θεοῦ
650 3023 821 3092 λόγον.
850 3024 970 3077 Elei.
996 3025 1050 3077 δὲ
1081 3027 1215 3097 πρὸς
1241 3029 1417 3095 τοῦτο,
1456 3033 1550 3085 καὶ
1577 3036 1785 3104 νεκρῶν
1817 3035 1911 3106 ἐρ-

345 3131 458 3182 γων
495 3115 834 3186 ἐπιμεληταί.
869 3118 993 3180 Πῶς
1018 3114 1110 3171 οὖν
1148 3122 1197 3172 oi.
1227 3118 1448 3186 ζῶντες,
1478 3123 1622 3176 τοῦτ’
1655 3125 1821 3190 ἐστιν,
1861 3130 1911 3181 oi

340 3207 440 3278 τὴν
478 3207 686 3261 ἀνωθεν
723 3207 933 3277 ἔχοντες
972 3209 1030 3264 ἐν
1071 3211 1281 3274 ἑαυτοῖς
1308 3213 1652 3284 ζωοποίησιν,
1683 3218 1776 3270 καὶ
1817 3220 1911 3274 τὸν

2018 2023 2160 2077 enim
2192 2064 2207 2089 ,
2269 2023 2440 2091 inquit
2471 2040 2484 2075 :
2537 2023 2674 2090 Quid
2726 2033 2973 2091 quaerunt
3009 2025 3074 2077 de
3128 2024 3265 2078 vivis
3299 2033 3543 2078 mortum-
3568 2025 3594 2076 τ

2017 2117 2332 2173 Communis
2380 2118 2521 2172 enim
2577 2120 2687 2172 hare
2733 2129 2813 2172 est
2864 2128 2917 2173 et
2967 2120 3200 2172 humana
3250 2118 3410 2172 ratio.
3451 2117 3590 2184 Quid

2018 2209 2162 2262 enim
2219 2208 2444 2262 rationis
2493 2209 2654 2262 habet
2707 2208 2772 2262 de
2824 2209 2906 2262 his
2933 2208 3022 2276 qui
3051 2208 3346 2262 etiamnum
3383 2208 3590 2271 vivunt,

2021 2300 2266 2355 homines
2319 2301 2370 2353 in
2429 2311 2569 2354 terra
2621 2300 2884 2368 iacentes,
2926 2301 3010 2353 vel
3049 2301 3259 2353 animas
3305 2314 3425 2369 quze.
3453 2299 3591 2352 forte

2018 2401 2145 2445 sunt
2171 2391 2312 2460 apud
2351 2392 2554 2444 inferos
2598 2391 2907 2445 sciscitari?
2936 2391 3075 2456 Quin
3107 2390 3212 2444 alio
3241 2391 3404 2444 etiam
3433 2389 3590 2443 modo

2019 2484 2280 2537 insulsum
2336 2492 2392 2536 et
2447 2483 2685 2552 ineptum
2737 2493 2819 2537 est
2871 2483 3280 2546 necromantiis,
3333 2480 3590 2551 falsisque

2018 2575 2471 2645 prmstigiatorum
2534 2576 2750 2641 verbis,
2812 2576 2901 2646 qui
2952 2585 3188 2630 mentem
3237 2585 3504 2629 mortuam
3540 2586 3592 2628 et

2019 2669 2254 2723 animum
2283 2668 2434 2736 quasi
2465 2669 2788 2722 exstinctum
2821 2669 3039 2733 habent,
3061 2668 3357 2724 attendere.
3383 2668 3593 2722 Etenim

2018 2759 2391 2812 universitatis
2435 2758 2681 2826 Opiﬁcem
2737 2759 3005 2828 ignorant,
3055 2775 3153 2813 nec
3191 2760 3391 2814 habent
3426 2759 3478 2812 in
3507 2773 3594 2813 se-

2018 2849 2149 2918 ipsis
2176 2851 2444 2904 viventem
2480 2849 2569 2904 Dei
2595 2866 2899 2905 sermonem
2928 2865 2942 2903 :
2967 2852 3034 2904 ad
3063 2852 3175 2905 hac
3195 2862 3405 2905 mortua
3429 2865 3594 2920 opera

2016 2950 2294 2995 exercent.
2351 2940 2468 3006 Quo
2500 2943 2655 2995 modo
2686 2942 2849 3010 igitur
2880 2942 2970 3009 qui
3004 2943 3210 3006 vivunt,
3243 2944 3344 2997 hoc
3372 2951 3471 3006 est,
3503 2945 3593 3010 qui

2017 3048 2313 3101 supernam
2370 3035 2422 3086 in
2480 3047 2538 3087 se
2573 3035 2773 3086 habent
2810 3034 3246 3096 viviticationem,
3279 3043 3332 3088 et
3360 3036 3479 3086 vivo
3504 3033 3613 3088 Dei‘

2015 3123 2194 3180 Verbo
2221 3124 2376 3178 ditati
2412 3133 2558 3189 sunt,
2592 3124 2656 3177 de
2681 3124 2811 3192 ipsis
2838 3133 3084 3177 mortuos
3111 3123 3442 3176 consulunt?
3469 3121 3594 3177 llaac

2015 3232 2166 3286 ergo,
2226 3215 2424 3286 inquit,
2481 3215 2666 3281 dicite,
2711 3215 3018 3269 addentes:
3079 3213 3276 3285 Legem
3333 3216 3384 3269 in
3440 3217 3593 3287 adju—

338 3299 512 3363 ζῶντα
539 3298 634 3353 τοῦ
667 3298 803 3352 Θεοῦ
836 3301 1010 3367 Λόγον
1034 3279 1542 3374 ἐκπεπλουτηκὸτεςν
1569 3309 1695 3378 περὶ
1729 3309 1912 3370 αὐτῶν

2022 3317 2264 3362 mentum
2299 3308 2474 3373 dedit,
2527 3307 2578 3361 id
2622 3317 2724 3370 est,
2778 3306 3165 3375 evangelicam,
3214 3306 3389 3376 utqui
3433 3307 3478 3359 ei
3511 3317 3595 3361 at—

337 3389 580 3458 ἐρωτῶσι
610 3389 738 3453 τοὺς
764 3390 1030 3461 νεκρούς;
1068 3392 1251 3446 Ταῦτα
1293 3395 1466 3449 τοίνυν
1507 3397 1716 3466 λέγετε,
1757 3401 1913 3470 φησι,

339 3481 718 3551 προστιθέντες
764 3483 847 3536 ὅτι
894 3483 1058 3553 νόμον
1101 3487 1180 3549 είς
1219 3485 1466 3556 βοήθειαν
1505 3489 1724 3558 ἔδωκεν,
1769 3493 1915 3547 τοῦτ’

337 3572 470 3636 ἐστι,
505 3574 596 3626 τὸν
638 3573 1012 3648 εὐαγγελικὸν,
1054 3576 1119 3628 ἵν’
1157 3577 1207 3629 oi
1247 3581 1602 3650 προσέχοντες
1645 3584 1794 3655 αὐτῷ
1829 3585 1916 3638 λέ-

338 3679 530 3729 γωσινο
559 3665 674 3733 Οὐχ
699 3665 774 3728 ὡς
806 3666 866 3717 τὸ
894 3667 1044 3737 ῥῆμα
1068 3667 1244 3734 τοῦτο,
1268 3673 1396 3740 περὶ
1414 3665 1475 3724 οὗ
1509 3675 1612 3727 οὐκ
1636 3674 1750 3728 ἐστι
1769 3670 1917 3748 δῶρα

338 3753 523 3807 δοῦναι
553 3755 683 3826 περὶ
711 3757 896 3809 αὑτοῦ.
928 3759 1172 3812 Πωλοῦσι
1200 3762 1297 3831 μὲν
1327 3763 1436 3835 γάρ
1456 3765 1517 3818 τὸ
1544 3767 1755 3835 ψεῦδος,
1782 3770 1920 3823 οἱτά

339 3847 405 3897 ἐκ
439 3845 607 3916 μόνης
635 3846 733 3916 τῆς
756 3847 964 3902 ἑαυτῶν
993 3850 1222 3920 καρδίας
1249 3851 1552 3918 λαλοῦντες·
1579 3858 1607 3909 ὁ
1640 3858 1695 3911 δέ
1721 3877 1784 3928 γε
1817 3878 1918 3914 σω-

337 3941 528 4010 τήριος
568 3941 664 3994 καὶ
719 3941 925 4010 ἀληθὴς
973 3941 1067 3994 τοῦ
1104 3944 1242 3998 Θεοῦ
1282 3948 1462 4017 νόμος,
1502 3950 1645 4003 τοῦτ’
1673 3951 1810 4015 ἔστι,
1859 3954 1919 4006 τὸ

341 4032 620 4101 θέσπισμα
647 4031 706 4100 τὸ
735 4032 1107 4100 εὐαγγελικὸν,
1138 4033 1166 4085 ὃ
1189 4035 1396 4092 δέδοται
1430 4040 1566 4110 πρὸς
1600 4042 1919 4114 ἐπικουρίαν

343 4121 452 4175 τῶν
483 4123 574 4175 ἐπὶ
601 4123 702 4192 τῆς
735 4126 858 4194 γῆς,
895 4123 996 4176 οὐκ
1037 4125 1183 4181 ἔστιν
1225 4129 1300 4194 ὡς
1328 4130 1388 4183 τὸ
1417 4132 1570 4202 ῥῆμα
1613 4133 1790 4200 τοῦτο,
1827 4136 1920 4207 δηε-

340 4213 520 4267 λονὸτι
545 4216 651 4268 τῶν
680 4216 1108 4288 ψευδομάντεων.
1152 4221 1289 4274 Ἀλλ’
1309 4223 1415 4275 οὐδ’
1434 4223 1552 4276 ἐστι
1577 4224 1724 4296 δῶρα
1739 4227 1922 4280 δοῦναι

345 4306 474 4377 περὶ
504 4307 694 4361 αὑτοῦ.
731 4309 817 4372 Ὠς
847 4312 954 4383 γὰρ
979 4312 1114 4384 ἐφην
1143 4315 1345 4386 ἀρτίως
1367 4315 1630 4370 ὠνοῦνται
1659 4333 1803 4381 τινες
1833 4319 1925 4390 ἀρ-

345 4399 555 4465 γυρίοις
595 4399 694 4464 τὰς
729 4401 840 4454 τῶν
871 4405 1082 4473 γοητῶν
1123 4403 1495 4474 ψευδοεπείας.
1532 4406 1824 4476 Πρόκειται
1867 4409 1923 4462 δὲ

343 4492 458 4552 τοῖς
491 4490 733 4547 ἐθέλουσι
763 4494 826 4547 τὸ
848 4495 1096 4565 οὐράνιον
1125 4497 1423 4568 θέσπισμα,
1452 4499 1518 4551 δι’
1557 4491 1620 4551 οὗ
1654 4500 1788 4570 πρὸς
1816 4503 1924 4556 πᾶν

2019 3400 2262 3464 tendunt,
2290 3399 2468 3452 dicant
2499 3418 2512 3453 :
2539 3395 2654 3452 Non
2683 3399 2822 3452 sicut
2855 3397 3072 3453 verbum
3097 3397 3238 3452 istud
3269 3398 3334 3451 de
3358 3413 3462 3467 quo
3488 3413 3594 3451 non

2018 3493 2140 3546 licet
2165 3494 2298 3545 dona
2326 3495 2455 3545 dare
2487 3507 2581 3561 pro
2611 3491 2744 3559 ipso.
2779 3488 2878 3555 Qui
2905 3504 3136 3559 namque
3153 3504 3216 3543 ex
3237 3504 3334 3542 suo
3358 3489 3596 3556 ipsorqu

2017 3586 2176 3638 corde
2201 3584 2314 3638 solo
2347 3585 2657 3652 loquuntur,
2685 3584 2923 3636 venduut
2951 3583 3326 3636 mendacium:
3368 3590 3423 3635 at
3453 3582 3597 3635 salu-

2020 3677 2149 3729 taris
2210 3685 2263 3729 et
2309 3693 2432 3728 vera
2461 3686 2543 3730 est
2575 3676 2665 3730 Dei
2695 3677 2800 3742 lex,
2827 3677 2877 3728 id
2905 3684 3009 3738 est,
3032 3675 3309 3729 oraculum
3328 3674 3600 3742 evangeli-

2018 3782 2160 3830 cum,
2189 3768 2342 3837 147
2369 3769 2575 3836 quodin
2595 3767 2956 3836 adiumentum
2977 3768 3280 3821 mortalium
3299 3765 3595 3828 confertur,

2020 3877 2124 3913 non
2183 3872 2262 3914 est
2307 3862 2392 3913 isti
2430 3861 2596 3914 vet-bo
2629 3860 2827 3923 simile,
2864 3861 3070 3914 scilicet
3097 3859 3354 3912 falsorum
3394 3865 3592 3909 vatum.

2022 3951 2126 4006 Sed
2175 3966 2347 4018 neque
2403 3952 2528 4006 licet
2577 3953 2718 4004 dona
2773 3951 2903 4003 dare
2936 3965 3034 4018 pro
3069 3950 3178 4003 illo.
3211 3946 3512 4015 Siquidem,
3540 3955 3600 3998 ut

2018 4043 2126 4112 jam
2160 4042 2292 4106 dixi,
2350 4043 2570 4110 quidam
2603 4051 2828 4111 argento
2864 4042 3262 4093 incantalorum
3297 4052 3429 4089 vana
3461 4037 3593 4088 vati-

2022 4133 2162 4186 cinia
2194 4141 2399 4185 emunt.
2451 4131 2679 4184 Praestat
2714 4139 2892 4183 autem
2936 4129 3235 4182 volentibus
3259 4126 3476 4181 cmleste
3510 4142 3601 4178 va-

2026 4223 2291 4285 ticinium,
2342 4237 2436 4290 per
2478 4221 2620 4289 quod
2657 4219 2722 4272 ad
2761 4218 2940 4271 omnia
2967 4218 3105 4271 bona
3137 4217 3348 4270 deducti
3383 4231 3592 4280 sumus,

2023 4315 2150 4384 quin
2193 4315 2352 4365 etiam
2391 4326 2511 4380 qua:
2540 4310 2713 4363 futura
2744 4316 2892 4371 sunt,
2927 4318 2980 4363 et
3011 4308 3121 4362 ﬁeri
3156 4308 3372 4373 debent,
3404 4307 3596 4362 didici-

2026 4419 2166 4458 mus.
2193 4403 2292 4456 Cui
2317 4402 2458 4454 enim
2478 4403 2763 4455 obscurum
2788 4411 2888 4464 est,
2912 4401 3064 4454 nobis
3083 4400 3219 4454 bona
3251 4401 3593 4463 facientibus,

2025 4506 2080 4551 et
2114 4498 2382 4552 sinceram
2413 4495 2733 4549 charilatem
2767 4494 2986 4550 Christo
3025 4495 3396 4555 servantibus,
3419 4494 3604 4546 orntiia

345 4580 524 4677 ὁτιοῦν
550 4583 900 4677 τῶνάγαθῶν
926 4590 1375 4663 πεποδηγήμεθα.
1399 4592 1509 4644 Καὶ
1537 4592 1642 4664 μὴν
1662 4593 1760 4647 ὅσα
1787 4598 1914 4667 χρῆι

2028 4586 2144 4642 fore
2181 4603 2245 4644 ex
2280 4590 2443 4643 animi
2473 4589 2740 4643 sententia
2771 4589 2794 4641 ?
2841 4587 3033 4644 Beatos
3070 4587 3336 4657 siquidem
3363 4586 3597 4638 ostendit

347 4670 456 4723 τῶν
517 4673 818 4741 μελλόντων
872 4677 1124 4744 γενέσθαι
1180 4679 1596 4751 μεμαθήκαμεν.
1648 4683 1765 4738 Τίνι
1815 4685 1924 4754 γὰρ

347 4763 668 4832 ἀσυμφανές
714 4767 797 4820 ὅτι
839 4771 1168 4840 πράττουσιν
1206 4773 1338 4842 ἡμῖν
1376 4772 1444 4825 τὰ
1494 4773 1692 4844 ἀγαθὰ,
1738 4776 1831 4829 ml.
1863 4777 1924 4829 τὸ

346 4855 566 4922 γνήσιον
617 4857 718 4927 τῆς
764 4860 986 4931 ἀγάπης
1043 4863 1270 4934 τηροῦσι
1322 4867 1559 4937 Χριστῷ,
1598 4871 1708 4923 πᾶν
1745 4871 1924 4923 ὁτιοῦν

347 4945 497 4998 ἔσται
537 4951 671 5002 κατ’
696 4951 902 5022 εὐχήνς
935 4956 1254 5026 Μακαρίους
1290 4957 1397 5029 γὰρ
1430 4961 1833 5033 ἀποφαίνειξκαὶ
1865 4964 1923 5014 ἐν

346 5038 480 5107 τῷδε
513 5041 590 5110 τῷ
629 5043 844 5115 κόσμῳ,
881 5048 972 5098 καὶ
1017 5050 1099 5111 είς
1128 5049 1297 5102 αἰῶνα
1327 5049 1417 5103 τὸν
1461 5052 1740 5120 μέλλοντα.
1783 5053 1925 5122 Πρό-

349 5145 520 5182 κειται
549 5132 752 5197 τοίνυν,
796 5134 1060 5207 ἀργυρίου
1107 5155 1166 5191 τε
1210 5139 1352 5209 δίχα,
1385 5141 1479 5193 καὶ
1520 5141 1692 5212 δώρου
1727 5144 1925 5205 παντὸς

2029 4687 2084 4733 et
2134 4681 2187 4734 in
2226 4681 2327 4735 hoc
2358 4682 2579 4746 mundo,
2614 4690 2669 4735 et
2702 4680 2755 4733 in
2785 4680 2964 4734 futuro
2995 4680 3212 4734 smeulo.
3253 4678 3466 4730 Prostat
3496 4675 3594 4727 ita-

2031 4782 2134 4838 que
2184 4771 2388 4841 absque
2434 4781 2658 4840 argento
2711 4779 2766 4823 ct
2810 4772 2954 4824 omni
3010 4771 3172 4831 dono,
3210 4767 3294 4820 his
3329 4767 3418 4834 qui
3454 4767 3600 4820 scire,

2032 4862 2219 4917 volunt
2252 4865 2433 4917 datam
2461 4878 2581 4917 esse
2610 4878 2638 4916 a
2662 4863 2881 4916 Christo
2916 4862 3084 4930 legem
3111 4862 3165 4913 in
3203 4861 3596 4931 adjumentum.

2029 4955 2084 5009 ld
2117 4963 2294 5009 autem
2339 4969 2471 5009 voce
2517 4955 2666 5009 Isaia:
2720 4954 2992 5022 sapienter
3038 4952 3236 5005 dictum
3270 4964 3354 5007 est
3393 4973 3405 5008 :
3450 4972 3467 5004 ι
3498 4953 3602 5019 Qui

2031 5047 2217 5110 sititis,
2278 5047 2457 5100 venite
2514 5045 2580 5098 ad
2635 5059 2861 5113 aquam;
2921 5053 2974 5097 et
3006 5042 3096 5111 qui
3137 5058 3241 5096 non
3272 5045 3482 5097 habetis
3514 5058 3602 5095 ar-

2034 5147 2274 5210 gentum,
2311 5145 2501 5190 euntes
2527 5136 2691 5188 emite
2719 5137 2922 5204 absque
2947 5143 3168 5204 argento
3199 5147 3250 5187 et
3279 5134 3453 5202 pretio
3476 5133 3541 5184 ⁷⁸.
3578 5151 3595 5182 ι

346 5221 404 5272 τὸ
439 5222 640 5277 εἰδέναι
678 5229 792 5288 τοῖς
831 5226 1072 5282 ἐθέλουσι
1114 5230 1204 5283 τὸν
1256 5231 1474 5285 δοθέντα
1544 5234 1694 5304 παρὰ
1733 5231 1971 5306 Χριστοῦ
2025 5233 2187 5302 νόμον
2252 5232 2329 5292 είς
2386 5229 2722 5299 ἐπικουρίαν.
2785 5229 2893 5281 Καὶ
2941 5229 3094 5281 τοῦτο
3133 5225 3202 5298 ἦν
3240 5230 3365 5298 ἄρα,
3410 5227 3470 5280 τὸ
3515 5226 3606 5279 διὰ

349 5318 526 5388 φωνῆς
585 5320 808 5374 Ἡσαΐου
901 5324 1078 5391 σοφῶς
1127 5327 1432 5395 είρημένοψ
1495 5346 1512 5379 ι
1573 5330 1637 5382 Ol
1702 5329 1960 5400 διψῶντες
2029 5325 2324 5398 πορεύεσθε
2384 5325 2470 5394 ἐφ’
2522 5324 2682 5395 ὕδωρ,
2749 5327 2842 5378 καὶ
2909 5326 3021 5378 ὅσοι
3093 5325 3166 5394 μὴ
3225 5324 3376 5394 ἔχετε
3429 5321 3602 5393 ἀργύ-

351 5425 503 5478 ριον,
565 5409 883 5479 βαδίσαντες
940 5415 1249 5486 ἀγοράσατε
1311 5417 1440 5472 ἄνευ
1505 5421 1769 5492 ἀργυρίου
1837 5422 1930 5475 καὶ
1968 5420 2196 5491 τιμῆς.»

418 5501 528 5553 Kal
566 5502 697 5568 ἥξει
717 5507 808 5574 ἐφ’
848 5507 1004 5577 ὑμᾶς
1027 5510 1265 5578 σκληρὰ
1295 5513 1487 5582 λιμὸς,
1518 5515 1616 5568 καὶ
1643 5515 1812 5569 ἔσται
1843 5516 1922 5580 ὡς

346 5590 422 5643 ἂν
460 5593 819 5664 πεινάσητε,
863 5600 1301 5669 λυπηθήσεσθε
1324 5642 1337 5666 ,
1374 5603 1472 5657 καί
1513 5605 1710 5670 κακῶς
1741 5606 1923 5673 ἐρεῖτε

342 5682 449 5736 τὸν
486 5682 749 5754 ἄρχοντα
803 5690 904 5744 καὶ
951 5689 1021 5744 τὰ
1057 5692 1288 5761 πάτρια.
1333 5693 1438 5748 Καὶ
1485 5695 1924 5766 ἀναϐλέψονται

416 5844 454 5874 ’⁸
477 5844 578 5902 lsa.
604 5864 694 5915 ω’,
728 5851 771 5906 l.

2045 5559 2051 5568 .
2129 5510 2289 5566 Vens.
2319 5510 2412 5576 21,
2447 5511 2537 5563 22.
2579 5508 2648 5561 Et
2680 5509 2890 5562 invadet
2914 5524 2998 5561 vos
3034 5510 3166 5562 dum
3190 5510 3374 5579 fames,
3403 5520 3450 5564 et
3478 5512 3596 5572 erit,

2031 5613 2084 5657 ut
2113 5603 2380 5668 esurialis,
2403 5600 2856 5666 contristabimini,
2898 5610 2944 5653 et
3015 5601 3147 5655 male
3173 5604 3354 5657 dicetis
3377 5604 3601 5672 principi

2035 5697 2390 5767 institutisque
2409 5696 2620 5767 patriis.
2659 5692 2724 5750 Et
2750 5695 3033 5750 σιιδυίσὶεηι
3070 5697 3124 5749 in
3156 5698 3334 5752 calum
3371 5712 3602 5761 sursum,
