4122 6292
340 343 448 400 9J5

349 456 614 529 ιικληται
642 456 753 511 τῶν
787 456 961 512 ιθνῶν
996 459 1028 529 ἠ
1056 458 1285 530 πληθύς.

330 742 341 807 ἶ
428 738 603 796 Τοῦτο
627 738 861 808 πρῶτον
883 739 1005 805 πίε,
1026 740 1179 808 ταχὺ
1204 743 1383 807 ποίει,
1407 741 1566 812 χώρα
1589 745 1930 810 Ζαϐουλὼν,

351 831 386 899 ἠ
416 829 492 901 τῆ
507 832 869 901 Νεφθαλείμ.
893 831 1037 899 ὁδὸς
1056 831 1404 903 θαλάσσης.
1428 835 1527 890 καὶ
1563 838 1618 890 oi
1642 838 1843 892 λοιποὶ
1880 840 1936 892 οι

329 901 461 989 ’τὴν
508 924 814 991 παραλίαν
856 923 958 978 καὶ
997 924 1190 992 πέραν
1252 901 1358 980 τοῦ
1407 926 1726 996 Ἰορδάνου,
1764 930 1941 984 Γαλι-

350 1015 494 1069 λαία
526 1014 645 1069 τῶν
664 1013 879 1070 ἐθνῶν.
922 1016 977 1069 Ὀ
1003 1017 1154 1083 λαὸς
1193 1019 1227 1072 ὁ
1254 1020 1663 1088 πορευόμενος
1699 1021 1769 1075 ὲν
1793 1020 1939 1076 σκό-

351 1121 456 1171 τει,
506 1105 663 1161 (dare
703 1105 832 1176 φῶς
868 1106 1044 1179 μέγα.
1094 1112 1158 1164 Oi
1192 1112 1618 1180 κατοικοῦντες
1669 1111 1744 1166 ἐν
1778 1113 1937 1184 χόῳα

351 1196 450 1250 καὶ
484 1197 556 1252 ἐν
590 1197 738 1267 σκιᾷ
779 1199 1062 1266 θανάτου,
1105 1200 1232 1271 φῶς
1261 1202 1491 1272 λάμψει
1519 1204 1613 1274 ἐφ’
1649 1203 1800 1273 ὑμᾶς
1819 1222 1835 1239 ο
1868 1223 1936 1262 το

365 1290 661 1347 πλεῖστον
687 1293 795 1349 τοῦ
820 1294 1000 1358 λαοῦ,
1031 1293 1064 1348 ὃ
1100 1296 1439 1366 κατήγαγες
1473 1296 1547 1350 ἐν
1583 1297 1938 1366 εὐφροσύνῃ

353 1396 490 1437 σου·
547 1382 649 1437 καὶ
709 1385 1237 1454 εὐφρανθήσονται
1294 1386 1552 1440 ἐνώπιόν
1594 1403 1712 1442 σου
1760 1389 1841 1454 ὡς
1883 1392 1939 1443 οι

355 1476 818 1545 εὐφραινόμενοι
845 1479 917 1532 ἐν
951 1477 1177 1548 ἀμητῷ,
1210 1480 1310 1534 καί
1345 1479 1417 1534 ὃν
1460 1484 1682 1550 τρόπον
1710 1485 1766 1537 οι
1789 1483 1939 1537 διαι-

352 1567 640 1635 ρούμενοι
667 1568 893 1622 σκύλα.

431 1658 655 1731 Σκληρᾷ
692 1677 751 1713 τε
776 1661 920 1732 λιμῷ
959 1663 1054 1715 καὶ
1090 1664 1275 1733 μέντοι
1316 1666 1410 1719 καὶ
1442 1666 1648 1738 ἀπορίᾳ
1675 1684 1937 1721 καταπιε-

360 1751 658 1823 σθήσεσθαι
692 1752 867 1823 λέγων
924 1754 1050 1817 τοὺς
1078 1757 1323 1810 ἀπειθεῖν
1356 1760 1671 1830 ᾑρημένους
1693 1761 1772 1831 τῷ
1810 1762 1941 1830 Ἐμο-

1518 344 1591 401 IN
1629 345 1863 404 ιεΑιΑκ
1900 300 2033 404 Lis.
2077 347 2120 403 ι.
2157 345 2372 405 cur.
2408 345 2473 403 v.

1969 479 2013 537 Α
2043 460 2393 531 propheticus
2433 473 2615 516 sermo
2648 459 2718 516 de
2762 458 2871 516 illis
2906 459 3124 517 habitus
3177 470 3283 531 est,
3350 465 3449 518 sed
3484 475 3625 521 tem-

3515 351 3627 407 ειε

2035 565 2168 622 pora
2200 552 2508 616 commodo,
2562 566 2673 622 quo
2737 552 3056 609 mortalibus
3088 553 3370 609 illucescet
3411 555 3633 611 Emma‘

2037 643 2198 698 auel:
2237 652 2365 697 tunc
2397 643 2543 698 enim
2585 652 2775 698 vocata
2829 653 2913 700 est
2946 645 3188 715 gentium
3245 645 3552 703 multitudo.

2100 734 2232 791 Car.
2259 733 2351 791 IX.
2386 733 2551 789 Vatis.
2579 735 2691 790 l-3.
2724 733 2837 793 Hoc
2862 737 3091 806 primum
3123 738 3257 800 bibe,
3286 738 3390 794 cito
3414 740 3521 807 Iac,
3550 757 3634 797 re-

2035 826 2123 897 gio
2161 823 2426 891 Zabufon,
2456 836 2600 880 terra
2634 824 3002 895 Nephthalint,
3038 830 3120 882 ein
3156 831 3340 894 maria,
3407 841 3456 886 et
3499 836 3630 889 reli-

2033 918 2125 990 qui
2166 918 2447 980 maritimi.
2501 927 2553 973 et
2600 926 2747 973 trans
2776 917 3086 985 Iordanem,
3115 918 3341 976 Galilaa
3368 923 3622 992 gentium.

2037 1011 2273 1081 Populus
2296 1010 2386 1079 qui
2406 1012 2643 1065 ambulat
2672 1014 2728 1067 in
2769 1013 3014 1078 tenebris,
3068 1012 3239 1068 videte
3286 1015 3453 1068 tacent
3503 1031 3623 1069 nta—

2035 1118 2192 1172 gnant
2211 1119 2230 1156 :
2254 1103 2345 1171 qui
2380 1101 2634 1156 habitatis
2665 1102 2718 1155 in
2744 1105 2952 1172 regione
2979 1112 3028 1156 et
3055 1105 3240 1158 umbra
3263 1106 3485 1182 mortis,
3534 1104 3628 1156 tu

2038 1192 2267 1246 ittuccbit
2297 1193 2459 1246 vobis.
2488 1191 2730 1246 Maxima
2771 1209 2895 1259 pars
2924 1194 3104 1260 pepuli
3145 1210 3303 1264 quam
3362 1196 3629 1249 deduxisti

2038 1284 2308 1338 iuletitia
2344 1293 2532 1348 tua,“
2573 1285 2896 1339 (relabuntur
2958 1300 3137 1338 coram
3201 1297 3269 1349 te,
3336 1296 3393 1339 ut
3442 1288 3481 1339 ii
3539 1288 3628 1356 qui

2046 1375 2297 1428 lwlantar
2334 1377 2391 1428 in
2417 1391 2602 1441 messe,
2648 1385 2698 1429 ει
2742 1384 2796 1429 ιιι
2820 1376 2858 1429 ii
2884 1378 2974 1446 qui
3016 1376 3258 1430 dividunt
3293 1377 3485 1444 spolia.

2116 1652 2277 1726 ιω
2309 1654 2371 1708 Et
2397 1653 2533 1709 dura
2560 1655 2702 1710 fame
2728 1666 2785 1712 et
2841 1658 3022 1727 inopia
3087 1661 3412 1729 premendus
3469 1662 3624 1725 dixit,

2041 1748 2133 1817 qui
2163 1748 2320 1802 fidem
2358 1747 2696 1803 Emmanueli
2731 1749 2930 1805 habere
2979 1760 3321 1815 recusarunt,
3375 1768 3482 1807 non
3541 1763 3624 1806 ta-

361 1840 634 1912 μανουὴλ,
679 1843 779 1896 οὐκ
830 1844 1271 1916 ἀπορηθήσεσθαι
1318 1850 1448 1912 τοὺς
1495 1853 1556 1905 ἐν
1608 1853 1944 1924 στενοχωρίᾳ

2050 1852 2167 1894 men
2195 1838 2502 1894 defeeturos
2530 1839 2623 1907 qui
2658 1840 2712 1893 in
2753 1844 3002 1911 angustia
3047 1843 3243 1897 versati
3282 1853 3431 1906 sunt,
3458 1860 3627 1911 usque

359 1933 703 2004 προειρηκὼς
732 1935 836 1999 ἕως
860 1939 1077 2009 καιροῦ,
1116 1939 1257 1992 κατά
1275 1957 1340 2008 γε
1370 1941 1472 2011 τὴν
1500 1942 1602 2013 ἤδη
1636 1944 1942 2012 προαποδο-

363 2023 544 2080 θεῖσαν
564 2026 823 2083 διάνοιαν.
856 2031 1117 2100 Ἀρχεται
1142 2032 1338 2103 δηλοῦν
1367 2036 1463 2087 καὶ
1487 2034 1632 2098 τίνες
1656 2037 1707 2088 οἱ
1733 2036 1945 2106 πρῶτοι

363 2118 782 2186 πιστεύσαντες,
814 2123 910 2176 καὶ
940 2123 1164 2194 ἀπαρχὴ
1203 2124 1491 2193 γεγονότες
1520 2128 1631 2181 τῶν
1671 2128 1946 2200 κεκλημέ-

361 2224 465 2263 νων
513 2211 593 2273 είς
646 2211 942 2280 ἐπίγνωσιν
987 2214 1082 2268 τοῦ
1121 2215 1468 2289 Ἐμμανουήλ
1510 2217 1606 2271 τοῦ
1656 2217 1907 2287 λέγοντος
1927 2235 1942 2251 ·

374 2298 506 2353 Ἰδοὺ
540 2298 656 2368 ἐγὼ
677 2302 773 2355 καὶ
793 2304 864 2357 τά
889 2303 1078 2357 παιδία
1104 2306 1141 2360 ὅ.
1172 2308 1261 2376 μοι
1289 2306 1493 2362 ἔδωκεν
1519 2310 1549 2361 ὁ
1578 2308 1733 2372 Θεὸς,
1758 2309 1819 2372 ὃς
1850 2308 1947 2362 καὶ

362 2389 583 2458 γέγονεν
612 2394 693 2456 είς
721 2395 925 2464 σημεῖά
944 2413 1006 2448 τε
1026 2396 1121 2450 καὶ
1150 2397 1355 2469 τέρατα
1380 2400 1440 2451 ὲν
1464 2398 1545 2469 τῷ
1569 2398 1704 2467 οῐκῳ
1730 2399 1948 2471 Ἰσραὴλ

363 2483 517 2554 παρά
560 2485 771 2557 Κυρίου
814 2487 1045 2542 Σαϐαὼθ
1087 2489 1182 2542 τοῦ
1208 2490 1596 2554 κατοικοῦντος
1632 2494 1689 2544 ὲν
1718 2492 1799 2562 τῷ
1832 2492 1948 2561 δρει

364 2573 528 2628 Σιών.
557 2576 697 2629 Φασὶ
723 2578 832 2648 γάρ
866 2596 971 2631 που
1016 2579 1113 2633 καὶ
1142 2581 1265 2654 ὅρια
1305 2580 1595 2635 Ζαϐουλὼν
1619 2583 1710 2637 καὶ
1731 2584 1948 2651 Νεφθαο

365 2665 497 2737 λσίμ
522 2670 589 2738 τῇ
623 2668 902 2739 Τιϐεριάδι
940 2671 1309 2742 παρακεῖσθαι
1348 2672 1534 2747 λίμνῃ,
1571 2676 1662 2729 καὶ
1702 2676 1762 2728 ὲν
1794 2677 1950 2747 ἐσχα-

368 2762 518 2824 τιαῖς
540 2755 680 2814 εἶναι
705 2761 807 2830 τῆς
847 2762 1117 2817 Ἰουδαίων
1139 2763 1339 2834 χώρας,
1466 2743 1660 2839 ὅμορον
1682 2743 1949 2839 ὑπάρχειν

368 2852 441 2922 τῇ
473 2851 586 2905 τῶν
612 2852 786 2906 ἐθνῶν
816 2852 1093 2925 Γαλιλαίᾳ,
1136 2856 1328 2928 ἑτέρας
1367 2857 1534 2928 οὕσης
1579 2859 1679 2930 τῆς
1713 2860 1850 2930 πρὸς
1878 2864 1947 2933 τῇ

374 2942 643 2997 Φοινίκων
676 2943 850 3016 χώρᾳ.
909 2945 1006 3000 Ἐκ
1032 2945 1233 3000 τούτων
1273 2948 1403 3018 φασὶ
1449 2949 1683 3019 μάλιστα
1714 2950 1822 3004 τῶν
1849 2968 1952 3020 cpu-

378 3031 489 3087 λῶν
513 3036 640 3099 τοὺς
672 3036 859 3104 ἁγίους
884 3037 1215 3101 ἀποστόλους
1239 3040 1498 3107 γενέσθαι
1526 3041 1671 3095 κατά
1706 3044 1769 3095 τδ
1806 3041 1953 3095 πλεῖ-

375 3140 521 3181 στον.
549 3128 658 3180 Καὶ
674 3126 802 3194 γοῦν
823 3129 891 3182 τά
912 3130 1041 3201 περὶ
1061 3131 1159 3201 τῆς
1186 3131 1433 3203 κλήσεως
1446 3133 1646 3200 αὐτῶν,
1672 3134 1951 3198 Ματθαῖος

2046 1929 2112 1982 ad
2156 1937 2367 1995 tempus
2405 1927 2659 1998 prmfatus
2703 1941 2807 1996 est,
2838 1931 2992 2001 juxta
3024 1933 3173 2003 prius
3228 1934 3445 1988 allatam
3509 1950 3631 1988 seno

2049 2020 2293 2074 tentiam.
2334 2018 2558 2075 Orditnr
2593 2023 2969 2079 demonstrare
2993 2024 3086 2094 qui
3136 2025 3247 2079 sint
3317 2026 3476 2097 primi
3532 2029 3622 2095 qui

2047 2111 2413 2177 crediderunt,
2440 2122 2495 2168 et
2517 2114 2614 2184 qui
2642 2116 2898 2184 primitiae
2924 2119 3138 2173 luerunt
3169 2133 3357 2174 eorum
3382 2121 3475 2190 qui
3530 2134 3630 2174 vo-

2048 2202 2155 2258 cati
2180 2211 2307 2256 sunt
2332 2205 2400 2257 ad
2424 2206 2749 2275 agnitionem
2772 2206 3132 2263 Emmanuelis
3154 2249 3170 2275 ,
3196 2210 3458 2265 dicentis:
3483 2211 3623 2265 Ecce

2048 2306 2148 2361 ego
2176 2300 2231 2346 et
2262 2295 2415 2363 pueri
2458 2309 2595 2362 quos
2647 2296 2780 2349 mihi
2814 2297 2959 2351 dedit
2986 2298 3147 2359 Deus.
3189 2307 3243 2353 et
3281 2300 3373 2370 qui
3418 2310 3539 2354 erat
3575 2301 3630 2354 in

2050 2383 2211 2438 domo
2235 2385 2396 2439 Israel
2428 2386 2481 2439 in
2515 2387 2669 2455 signa
2699 2396 2755 2441 et
2789 2395 3001 2442 ostenta
3026 2404 3056 2442 a
3096 2389 3323 2444 Domino
3369 2389 3629 2456 Sabaoth.

2049 2475 2143 2543 qui
2165 2477 2376 2530 habitat
2401 2477 2454 2530 in
2477 2476 2832 2534 monteSion.
2862 2478 3097 2534 Narrant
3122 2481 3266 2536 enim
3297 2481 3434 2536 tinea
3449 2480 3631 2537 labu-

2049 2565 2141 2620 lon
2177 2574 2236 2621 et
2271 2566 2614 2637 Nephthalim
2645 2567 2917 2625 Tiberiadi
2951 2580 3145 2642 stagno
3189 2572 3460 2643 adiacere,
3495 2573 3631 2628 etin

2050 2659 2313 2714 extremis
2340 2660 2583 2730 partibus
2615 2659 2854 2718 Judaicze
2889 2663 3125 2734 regionis
3154 2678 3295 2732 esse,
3368 2673 3431 2719 ut
3485 2662 3633 2719 Gali-

2050 2747 2165 2805 lt'ea
2201 2752 2440 2820 gentium
2465 2752 2577 2806 sint
2621 2753 2996 2818 conterminae,
3067 2769 3190 2809 nam
3224 2755 3391 2810 altera
3429 2764 3514 2809 est
3575 2755 3634 2809 in

2055 2841 2271 2910 regione
2302 2841 2638 2898 Phenicam.
2672 2843 2751 2897 Ex
2781 2844 2866 2899 his
2895 2845 3136 2899 maxime
3161 2844 3410 2899 tribubus
3447 2844 3634 2898 dicunt

2052 2930 2343 3001 plerosque
2374 2942 2689 2987 sanctorum
2724 2934 3093 3000 apostolorum
3131 2948 3276 2988 esse.
3309 2931 3378 2987 Et
3414 2933 3641 3002 quidem

2054 3021 2123 3077 de
2163 3037 2352 3078 eorum
2389 3025 2674 3079 vocatione
2732 3024 3015 3080 Hatthazus
3072 3026 3263 3080 beatus
3306 3026 3636 3093 evangelista

2054 3116 2211 3172 nobis
2234 3130 2520 3181 ettarrans,
2560 3118 2793 3187 primunt
2824 3118 3043 3186 quidem
3087 3131 3183 3187 per
3221 3116 3356 3170 tinos
3384 3110 3633 3169 Zabulou

370 3214 503 3284 ἡμῖν
538 3216 567 3269 ὁ
594 3217 867 3288 μακάριος
892 3219 1288 3292 εὐαγγελιστὴς
1316 3222 1703 3293 ἐξηγούμενος,
1730 3222 1947 3292 πρῶτον

2052 3216 2105 3265 et
2140 3207 2486 3278 Nephthalim
2511 3209 2697 3265 Iesum
2736 3209 2976 3275 deducit,
3026 3219 3212 3282 postea
3285 3209 3638 3279 quemadmo-

369 3306 470 3375 μὲν
495 3307 824 3379 ἀποκομίζει
854 3310 947 3364 τὸν
986 3310 1197 3382 Ἰησοῦν
1234 3313 1295 3366 ὲν
1331 3312 1500 3383 ὁρίοις
1532 3312 1822 3367 Ζαϐουλὼν
1854 3314 1949 3366 καὶ

365 3396 703 3469 Νεφθαλείμ.
739 3396 873 3454 Εἶτα
912 3401 1035 3457 τίνα
1058 3402 1262 3474 τρόπον
1292 3404 1628 3469 ἀπολέκτους
1654 3407 1950 3475 ἐποιήσατο

365 3490 492 3555 τοὺς
523 3492 715 3560 ἁγίους
739 3495 1091 3562 ἀποστόλους,
1126 3500 1468 3569 προσεπάγει
1505 3499 1715 3569 σαφῶς.
1744 3500 1952 3570 Γράφει

365 3581 422 3636 δὲ
446 3582 593 3638 οὕτω
625 3587 757 3657 περὶ
785 3588 1054 3659 Χριστοῦ’
1090 3609 1110 3642 ι
1147 3591 1257 3645 Καὶ
1289 3592 1606 3646 καταλιπὼν
1635 3592 1735 3663 τὴν
1767 3592 1953 3658 Ναζα-

371 3673 465 3744 ρὲθ
497 3674 668 3728 ἐλθὼν
694 3679 1015 3749 κατῴκησεν
1034 3681 1114 3742 είς
1152 3683 1528 3754 Καπερναοὺμ
1563 3684 1665 3755 τὴν
1697 3682 1952 3754 παραθα-

370 3763 586 3819 λάττιον
620 3770 678 3821 ἐν
702 3771 871 3838 ὁρίοις
897 3772 1186 3826 Ζαϐουλὼν
1208 3775 1305 3829 καὶ
1327 3776 1670 3849 Νεφθαλεὶμ,
1694 3778 1782 3831 ἵνα
1810 3777 1952 3849 πλη-

373 3856 519 3928 ρωθῇ
549 3859 610 3913 τὸ
645 3860 809 3930 ῥηθὲν
839 3862 927 3918 διά
965 3864 1186 3920 Ἡσαΐου
1212 3856 1480 3936 λέγοντος·
1526 3870 1603 3939 Γῆ
1646 3869 1951 3934 Ζαϐουλὼν,

372 3950 468 4002 καὶ
505 3951 576 4021 γῆ
606 3953 929 4025 Νεφθαλείμ
964 3957 1081 4022 ὁδὸς
1112 3958 1393 4033 θαλάσσης
1445 3963 1622 4033 πέραν
1657 3962 1952 4033 Ἰορδάνου,

373 4039 632 4097 Γαλιλαία
658 4044 768 4098 τῶν
792 4046 981 4112 ἐθνῶν,
998 4050 1028 4101 ό
1054 4047 1181 4113 λαὸς
1205 4050 1517 4123 καθήμενος
1535 4055 1596 4106 ἐν
1623 4054 1807 4108 σκότει
1837 4055 1955 4123 φῶς

373 4132 450 4186 [δε
488 4137 652 4206 μέγα,
686 4138 782 4192 καὶ
808 4143 920 4204 τοῖς
946 4141 1279 4213 καθημένοις
1308 4148 1366 4199 ὲν
1396 4146 1551 4218 χώρᾳ
1572 4148 1666 4200 καὶ
1694 4149 1823 4218 σκιᾷ
1856 4147 1953 4199 θα-

375 4223 563 4289 νάτου,
590 4228 708 4294 φῶς
737 4229 1008 4283 ἀνέτειλεν
1048 4234 1253 4297 αὐτοῖς.
1292 4254 1311 4287 ι
1348 4237 1695 4306 Προσεπάγει
1739 4239 1798 4291 δὲ
1830 4237 1954 4291 τού-

372 4333 489 4381 τοις
509 4334 524 4349 ο
565 4337 585 4369 r
619 4320 945 4392 Περιπατῶν
973 4325 1029 4379 δὲ
1057 4327 1337 4398 παράοτὴν
1371 4328 1645 4382 θάλασσαν
1674 4328 1771 4397 τῆς
1799 4328 1955 4382 Γαλι-

374 4407 533 4471 λαίας
598 4408 676 4462 ίδε
730 4410 825 4464 δύο
873 4412 1177 4484 ἀδελφοὺς,
1230 4415 1454 4485 Σίμωνα
1513 4415 1605 4467 τὸν
1667 4414 1955 4485 λεγόμενον

376 4501 605 4571 Πέτρον,
637 4504 731 4557 καὶ
770 4504 1025 4577 ’Δνδρέαν
1052 4507 1147 4560 τὸν
1179 4506 1408 4573 ἀδελφὸν
1443 4505 1628 4571 αὑτοῦ,
1664 4506 1955 4577 βάλλοντας

376 4592 791 4666 ἀμφίϐληστρον
835 4598 915 4661 εὶς
959 4598 1060 4669 τὴν
1108 4597 1407 4651 θάλασσαν·
1435 4593 1576 4667 ἦσαν
1607 4599 1717 4669 γὰρ
1750 4598 1951 4661 ἀλιεϊςο

378 4685 475 4738 καὶ
508 4681 660 4739 εἶπεν
702 4688 886 4752 αὐτοῖς
916 4692 945 4743 ὁ
997 4689 1228 4760 Ἰησοῦς·
1270 4689 1432 4742 Δεῦτε
1472 4689 1647 4743 ὀπίσω
1701 4707 1825 4761 μου,
1861 4691 1956 4745 καὶ

379 4779 590 4849 ποιήσω
618 4780 761 4850 ὑμᾶς
776 4781 1030 4848 γενέσθαι
1047 4783 1218 4844 ἁλιεῖς
1241 4781 1644 4854 ἀνθρώπων.οἰ
1671 4783 1729 4836 δὲ
1755 4783 1956 4847 εὐθέως

374 4871 605 4940 ἀφέντες
632 4872 703 4927 τὰ
730 4864 924 4928 δίκτυα
968 4875 1337 4947 ἠκολούθησαν
1384 4876 1551 4947 αὐτῷ.
1599 4878 1710 4929 Καὶ
1746 4875 1955 4946 προϐὰς

374 4964 584 5018 ἐκεῖθεν
623 4962 763 5018 εἶδεν
787 4966 979 5030 ἄλλους
1008 4967 1102 5020 δύο
1128 4968 1410 5036 ἀδελφοὺς,
1449 4968 1705 5021 Ἰάκωϐον
1737 4969 1828 5022 τὸν
1857 4966 1952 5020 τοῦ

376 5054 684 5121 Ζεϐεδαίου,
729 5056 825 5109 καὶ
863 5057 1117 5127 Ἰωάννην
1163 5058 1254 5109 τὸν
1295 5057 1523 5126 ἀδελφὸν
1569 5057 1734 5110 αὐτοῦ
1782 5059 1840 5108 ὲν
1881 5054 1959 5126 τῷ

376 5145 547 5217 πλοίῳ
582 5148 721 5218 μετά
751 5147 1039 5202 Ζεϐεδαίου
1068 5148 1163 5202 τοῦ
1210 5149 1415 5220 πατρὸς
1460 5149 1659 5210 αὐτῶν,
1698 5148 1960 5219 καταρτί-

375 5239 569 5303 ζοντας
601 5240 671 5295 τὰ
697 5240 890 5295 δίκτυα
919 5242 1119 5307 αὐτῶν,
1157 5244 1250 5295 καὶ
1275 5240 1539 5296 ἐκάλεσεν
1564 5240 1784 5304 αὐτούς.
1816 5242 1880 5293 Oi
1901 5239 1959 5293 δὲ

375 5331 579 5396 εὐθέως
618 5333 850 5401 ἀφέντες
893 5333 955 5386 τὸ
1009 5333 1194 5388 πλοῖον
1239 5336 1331 5389 καὶ
1386 5335 1477 5388 τὸν
1529 5335 1742 5404 πατέρα
1778 5334 1959 5388 αὐτῶν

377 5423 750 5494 ἠκολούθησαν
783 5424 956 5497 αὐτῷ.
996 5445 1013 5477 t
1062 5428 1256 5480 Ἰστέον
1305 5428 1363 5480 δὲ
1408 5428 1489 5480 ὅτι
1534 5426 1631 5498 τὴν
1680 5426 1957 5480 θάλασσαν

376 5517 479 5587 τῆς
506 5516 786 5583 Γαλιλαίας
816 5518 916 5591 τὴν
934 5518 1224 5587 Τιϐεριάδα
1241 5520 1435 5590 λίμνην
1461 5520 1521 5573 τὸ
1544 5520 1787 5590 Γράμμα
1822 5520 1958 5591 φησὶ

375 5606 438 5660 τὸ
467 5608 643 5681 ἱερόν
675 5611 799 5666 ἔνθα
830 5612 928 5666 καὶ
952 5610 1220 5683 ηὕρηνται
1250 5613 1347 5682 τὴν
1372 5611 1477 5664 τῶν
1512 5612 1708 5665 ἀλιέων
1748 5613 1958 5684 μετιόν-

446 5771 491 5803 τν
515 5771 705 5835 Matth,
741 5790 810 5842 Iv,
834 5770 1024 5833 15-17.
1106 5770 1151 5801 ⁸⁸
1182 5770 1309 5825 ibid.
1339 5769 1524 5825 18-22.

2052 3302 2179 3357 dum
2210 3301 2473 3372 delegerit
2510 3311 2730 3358 sanctos
2754 3303 3053 3372 apostolos,
3084 3303 3378 3372 prudenter
3411 3300 3635 3370 subjun.

2052 3394 2159 3463 git,
2199 3394 2389 3465 sicque
2416 3396 2483 3450 de
2520 3395 2740 3451 Christo
2773 3395 3003 3452 scribit:
3032 3414 3052 3448 ι
3115 3395 3182 3450 Et
3229 3394 3419 3450 relicto
3462 3391 3638 3449 Naza-

2054 3488 2206 3555 reth,
2228 3488 2504 3559 profectus
2535 3487 2799 3544 habitavit
2830 3489 2885 3544 in
2907 3488 3309 3559 Capharnaum,
3347 3487 3485 3542 mari
3513 3486 3639 3542 tini-

2056 3582 2268 3649 timam,
2317 3584 2372 3638 in
2404 3583 2600 3640 ﬁnibus
2631 3581 2869 3639 Zabulon
2893 3592 2949 3638 et
2980 3581 3320 3653 Nephthalim
3345 3622 3363 3650 ,
3414 3591 3472 3635 ut
3528 3582 3630 3637 im-

2053 3674 2295 3744 pleretur
2335 3676 2478 3745 quod
2523 3677 2725 3731 dictum
2758 3683 2843 3731 est
2881 3675 2949 3730 ab
2988 3674 3125 3731 Isaia
3160 3677 3422 3745 propheta
3453 3675 3634 3729 dicen;

2057 3775 2109 3822 te
2145 3783 2161 3823 :
2199 3767 2367 3822 Terra
2405 3767 2670 3834 Zabulon,
2705 3776 2760 3823 et
2791 3777 2935 3822 terra
2954 3766 3322 3837 Nephtbalim,
3354 3769 3440 3821 via
3472 3767 3637 3818 maris

2055 3856 2197 3911 ultra
2267 3858 2597 3923 Jordanem,
2648 3859 2869 3915 Galiltca
2924 3861 3201 3928 gentium;
3262 3857 3497 3928 populus
3548 3857 3647 3923 qui

2054 3948 2197 4005 sedit
2221 3949 2271 4002 in
2308 3950 2563 4016 tenebris,
2596 3951 2769 4005 lucem
2790 3951 2922 4004 vidit
2959 3958 3305 4020 magnam,et
3325 3947 3643 4001 sedentibus

2058 4040 2111 4093 in
2156 4041 2376 4105 regione
2413 4050 2467 4095 et
2500 4043 2693 4094 umbra
2746 4041 2958 4103 mortis,
3017 4040 3108 4093 lux
3143 4047 3265 4093 orta
3300 4045 3384 4090 est
3412 4037 3495 4091 eis
3518 4035 3582 4089 ".
3615 4055 3635 4086 ο

2056 4131 2221 4186 Addit
2246 4146 2375 4185 vero
2414 4132 2530 4185 his:
2563 4146 2584 4181 ι
2625 4129 2992 4184 Obambulans
3013 4130 3311 4199 verojuxta
3341 4143 3491 4184 mare
3522 4129 3636 4184 Gao

2057 4222 2230 4287 litaeae,
2262 4222 2398 4276 vidit
2423 4222 2559 4277 duos
2586 4219 2806 4284 fratres,
2848 4220 3123 4277 Simonem
3157 4222 3360 4277 dictum
3394 4221 3635 4283 Petrum,

2057 4324 2112 4370 ct
2158 4315 2435 4369 Andream
2464 4312 2687 4367 fratrem
2724 4312 2863 4381 ejus,
2893 4312 3158 4381 iacientes
3185 4314 3321 4369 retia
3353 4314 3406 4368 in
3439 4329 3591 4369 mare
3619 4330 3635 4368 :

2058 4418 2217 4463 erant
2251 4409 2395 4463 enim
2424 4406 2758 4479 piscatores:
2786 4422 2849 4462 ac
2886 4407 3022 4462 dixit
3054 4407 3161 4462 illis
3208 4407 3366 4463 Jesus
3400 4424 3416 4463 :
3448 4406 3638 4461 Venite

2059 4509 2182 4570 post
2217 4515 2323 4566 me,
2373 4498 2650 4555 etfaciam
2689 4514 2784 4555 vos
2838 4500 3138 4570 piscatores
3186 4500 3486 4555 hominum.
3543 4500 3640 4552 At-

2063 4608 2170 4662 que
2198 4592 2294 4657 illi,
2331 4594 2592 4648 continuo
2625 4591 2830 4647 relictis
2872 4592 3098 4659 retibus,
3143 4593 3315 4647 secuti
3344 4599 3468 4645 sunt
3494 4606 3635 4646 eum.

2064 4684 2190 4740 Inde
2216 4700 2535 4754 progressus
2571 4685 2705 4739 vidit
2730 4685 2867 4740 alios
2890 4686 3026 4742 duos
3093 4683 3312 4747 fratres,
3382 4681 3640 4736 Iacobum

2062 4778 2233 4833 tilium
2272 4779 2538 4842 Zebedwi,
2564 4786 2619 4833 et
2644 4776 2906 4833 Joannem
2942 4780 3165 4831 fratrem
3197 4778 3315 4843 ejus
3377 4775 3430 4829 in
3498 4775 3639 4835 navi,

2062 4887 2183 4928 cum
2214 4871 2474 4926 Zcbedaio
2506 4881 2660 4939 patre
2698 4886 2816 4934 suo,
2870 4871 3170 4923 sarcieutes
3228 4883 3325 4923 sua
3380 4868 3515 4923 retia
3537 4910 3551 4934 ,
3586 4877 3641 4919 et

2065 4963 2276 5017 vocavit
2307 4976 2404 5016 eos
2442 4981 2457 5015 :
2509 4963 2672 5029 hique
2709 4961 2956 5030 protinus
2997 4959 3183 5013 relicta
3238 4961 3360 5013 navi
3397 4971 3453 5013 ct
3489 4968 3644 5027 putre

2059 5069 2176 5119 suo,
2207 5055 2376 5108 secuti
2401 5062 2528 5108 sunt
2553 5068 2677 5106 eum
2698 5053 2764 5108 “.
2797 5071 2816 5104 ι
2843 5051 3132 5105 Sciendum
3152 5067 3285 5107 vero
3308 5051 3642 5117 Scripturam

2060 5160 2277 5201 sacram
2296 5145 2477 5198 dicere
2508 5158 2657 5197 mare
2680 5142 2917 5198 Galilmre
2951 5143 3297 5198 Tiberiadem
3324 5143 3524 5206 lacum,
3554 5141 3641 5193 ubi

2062 5240 2233 5293 divini
2277 5241 2527 5311 discipuli
2560 5242 2906 5311 piscatoriam
2939 5253 3109 5294 artem
3132 5251 3391 5294 exercere
3433 5235 3642 5289 inventi

2062 5340 2207 5387 sunt.
2254 5331 2405 5388 Facit
2437 5334 2600 5403 igitur
2634 5334 2794 5388 verba
2832 5331 2991 5402 150
3020 5335 3071 5385 in
3108 5330 3394 5401 prmsentia
3428 5326 3643 5380 univcr-

2064 5424 2243 5481 sitatis
2276 5426 2415 5479 Deus
2446 5441 2577 5481 voce
2607 5427 2901 5495 prophetae,
2940 5425 3085 5477 velut
3155 5423 3218 5475 ad
3256 5421 3505 5491 regiones
3528 5417 3643 5471 sive

2065 5518 2315 5571 civitates
2353 5517 2523 5571 tribus
2547 5515 2785 5571 Zabulou
2835 5525 2886 5568 et
2917 5513 2956 5565 N
2983 5513 3281 5584 ‘pllillaliul,
3314 5527 3436 5581 qua:
3486 5507 3646 5562 'l‘ihe—

2068 5608 2204 5665 riadi
2236 5620 2427 5679 stagno
2487 5617 2643 5663 erant
2692 5606 2965 5662 contines:
3026 5607 3223 5678 quibus
3276 5615 3486 5660 tantum
3539 5616 3647 5657 nou
