4122 6292
468 294 574 349 ’247

1459 298 1518 353 S.
1561 294 1840 391 CYRIDU
1884 294 2358 369 ALEXANDRlNl
2397 294 2722 353 ARCHIEP.

3639 290 3745 346 2‘8

471 414 726 474 salutaris
764 413 1012 489 peruium
1048 412 1375 483 impartitur,
1406 422 1461 468 et
1523 415 1708 472 vinum
1778 415 2033 485 propinat

2171 430 2258 477 τες
2302 414 2497 485 τέχνην
2545 414 2594 468 οἱ
2635 414 2911 469 θεσπέσιοι
2941 409 3224 485 μαθηταί.
3266 408 3509 463 Ποιεῖται
3566 405 3744 461 τοίνυν

472 506 786 561 exhilarans
824 521 918 563 cor
949 505 1202 570 hominis,
1236 505 1676 575 prazdicationem
1709 505 1964 562 videlicet
1990 507 2056 563 de

473 598 715 654 Christo.
744 595 876 659 Hoc,
918 596 1113 665 inquit,
1172 596 1408 665 primum
1440 596 1591 664 bibe,
1649 597 1757 652 cito
1781 597 1963 664 facito,
2003 597 2058 652 id

474 704 578 756 est,
609 707 641 746 ο
669 690 819 761 regio
851 688 1089 744 Zabulon
1126 704 1190 745 ac
1215 688 1588 761 Nephthalim,
1635 691 1892 760 suscipite
1917 705 2056 761 prm-

474 784 793 839 dicationem
835 782 1150 838 salutarem.
1178 781 1283 837 Sed
1322 782 1489 838 facite
1528 783 1655 846 cito,
1697 781 1748 836 id
1775 790 1880 849 est,
1918 782 2056 836 citra

475 889 686 931 omnem
744 887 973 928 moram.
1052 871 1293 939 Celeres,
1366 873 1443 928 uti
1516 873 1785 940 dicebam,
1839 872 2058 928 fuerunt

477 966 746 1037 discipuli,
776 975 830 1021 et
862 965 1017 1020 valde
1042 965 1294 1020 alacriter
1326 965 1392 1021 ad
1442 966 1769 1021 credendum
1839 965 2058 1022 Christo

475 1060 848 1132 prosilierunt.
894 1057 1030 1114 Nam
1055 1060 1312 1112 continuo
1345 1058 1549 1116 relictis
1587 1059 1791 1115 retibus
1821 1071 1876 1114 et
1906 1069 2061 1129 patre

476 1169 595 1217 suo,
623 1152 797 1208 secuti
828 1161 996 1217 sunt;
1033 1159 1090 1206 et
1122 1166 1223 1205 nec
1247 1150 1403 1220 longa
1436 1151 1775 1206 institutione
1799 1150 1904 1207 illis
1925 1166 2060 1221 opus

476 1242 599 1297 fuit.
647 1241 1154 1297 Audieruntenim:
1188 1259 1208 1294 ι
1266 1239 1454 1297 Venite
1481 1249 1606 1310 post
1634 1255 1739 1307 me,
1773 1249 1828 1295 et
1860 1239 2069 1295 faciam.

476 1353 573 1393 vos
601 1338 901 1407 piscatores
950 1334 1270 1401 hominum;
1302 1342 1358 1388 et
1390 1332 1558 1389 secuti
1589 1342 1718 1387 sunt
1747 1347 1870 1388 eum
1926 1332 1995 1386 ⁸⁸.
2032 1350 2051 1383 ι

476 1430 601 1485 Pari
631 1429 789 1485 modo
818 1437 872 1483 et
896 1437 1121 1499 caeteros
1161 1436 1377 1483 sanctos
1407 1425 1678 1493 apostolos
1706 1435 1928 1481 vocatos
1978 1426 2058 1480 in-

478 1525 779 1585 veniemus,
812 1529 866 1575 et
899 1520 951 1573 in
989 1518 1325 1590 disciplinam
1365 1516 1567 1572 Christi
1633 1532 1692 1573 se
1747 1517 2055 1572 tradidisse.

480 1612 684 1669 Scribit
700 1610 845 1667 enim
857 1610 1095 1666 Joannes
1115 1611 1194 1666 sic
1218 1612 1283 1665 de
1296 1609 1582 1666 Servatore
1604 1619 1792 1665 nostro
1806 1609 2022 1664 Christo
2042 1628 2055 1665 :

485 1727 504 1759 ι
539 1706 762 1762 Postero
807 1705 893 1760 die
925 1704 1096 1759 voluit
1119 1705 1269 1759 exire
1309 1704 1362 1758 in
1401 1702 1703 1769 Galilaeam,
1751 1713 1805 1757 et
1859 1703 2062 1772 reperit

483 1797 807 1866 Philippum;
842 1805 897 1851 et
931 1796 1063 1851 dicit
1082 1797 1131 1851 ei
1165 1795 1342 1861 Jesus,
1389 1793 1630 1865 Sequere
1673 1810 1777 1849 me.
1806 1793 1939 1848 Erat
1966 1809 2062 1847 au-
2094 1772 2135 1827 Β

483 1900 586 1942 tem
618 1886 896 1956 Philippus
946 1901 977 1940 a
1011 1884 1298 1941 Bethsaida
1361 1884 1581 1939 civitate
1618 1884 1848 1938 Andreae
1876 1892 1930 1941 et
1961 1884 2063 1938 Pe-

482 1978 569 2033 tri.
608 1978 825 2047 Reperit
854 1976 1132 2045 Philippus
1160 1974 1572 2039 Nathanaelem,
1606 1984 1663 2028 et
1690 1974 1839 2031 dicit
1861 1975 1908 2028 ei
1935 1993 1948 2028 :
1989 1975 2064 2029 De

481 2084 587 2137 quo
621 2067 844 2136 scripsit
874 2065 1049 2129 Moses
1075 2068 1127 2120 in
1169 2065 1307 2135 lege,
1345 2072 1400 2117 et
1429 2065 1723 2145 prophetae,
1755 2064 2067 2117 invenimus

478 2158 664 2214 Jcsum
724 2160 892 2213 [ilium
950 2158 1148 2228 Ioseph
1202 2155 1540 2213 Nazarenum
1586 2156 1657 2210 θ’.
1716 2174 1737 2209 ι
1788 2156 1888 2212 Ubi
1933 2171 2065 2211 vero

480 2251 708 2306 accessit
747 2252 814 2306 ad
854 2250 1061 2316 Jesum,
1124 2265 1189 2304 ac
1250 2250 1537 2304 dicentem.
1566 2249 1784 2304 demum
1816 2250 2061 2305 audivit:

486 2366 507 2400 ι
542 2346 862 2414 Priusquam
911 2354 961 2399 te
986 2343 1265 2413 Philippus
1303 2351 1542 2410 vocaret,
1591 2358 1713 2397 cum
1770 2357 1921 2398 esses
1965 2342 2066 2397 sub

481 2439 611 2504 lien,
641 2436 891 2491 videbam
924 2444 997 2501 te,
1051 2453 1070 2487 ι
1105 2434 1332 2493 credidit
1362 2436 1630 2505 protinus,
1693 2444 1749 2490 et
1787 2435 2063 2501 clamavit,

482 2532 666 2589 dicens
701 2549 714 2586 :
751 2548 769 2581 ι
808 2527 1004 2594 Rabbi,
1037 2536 1090 2581 tu
1121 2542 1181 2583 es
1207 2526 1377 2583 Filius
1419 2527 1535 2593 Dei,
1571 2536 1624 2581 tu
1661 2541 1721 2582 es
1756 2540 1851 2582 rex
1884 2527 2064 2583 lsrae-

485 2624 549 2677 Iis
580 2622 646 2677 ⁸⁸.
687 2641 707 2674 ι
743 2622 951 2689 Rursus
980 2619 1290 2684 Bellisaida,
1317 2619 1384 2674 de
1410 2634 1514 2688 qua
1543 2618 1821 2687 Philippus
1866 2630 1919 2674 et
1959 2619 2066 2674 Na-

486 2713 701 2770 thanael
732 2713 944 2769 oriundi
976 2710 1430 2780 sunt,,adjacebat
1460 2711 1595 2764 mari
1628 2709 1921 2766 Tiberiadi.
1953 2711 2066 2767 Me-

486 2807 642 2861 minit
669 2807 794 2862 item
836 2807 1027 2861 beatus
1056 2803 1224 2859 David
1244 2802 1527 2858 electionis
1560 2803 1968 2872 discipulorum,
2011 2814 2061 2860 et

487 2901 660 2969 inquit
688 2920 701 2954 :
738 2917 756 2951 ι
796 2898 910 2953 illic
943 2895 1220 2966 Beniamin
1249 2893 1434 2964 junior
1491 2895 1545 2949 in
1597 2904 1839 2966 stupere,
1867 2897 2068 2968 princi-

487 3007 581 3056 pes
607 2991 765 3054 .luda,
796 2991 958 3047 duces
981 3004 1194 3051 eorum,
1221 2989 1496 3057 principes
1545 2988 1813 3055 Zabulon,
1862 2991 2068 3060 princi-

488 3095 583 3145 pes
610 3077 953 3148 Nephthalim
980 3076 1231 3144 “.DQuod
1263 3087 1446 3137 autem
1477 3080 1910 3152 divinidiscipuli
1951 3082 2068 3137 suis

2158 506 2283 571 τοὺς
2307 506 2496 575 λόγους
2525 509 2554 561 6
2569 507 2679 561 τῶν
2705 507 2843 562 ὅλων
2865 506 2997 571 Θεὸς
3012 506 3101 560 διὰ
3130 505 3315 575 φωνῆς
3337 502 3434 557 τοῦ
3462 503 3746 573 προφήτου

2158 597 2296 669 πρὸς
2325 600 2385 651 τὸ
2426 599 2621 671 παρὸν,
2648 599 2724 663 ὡς
2754 600 2891 672 πρός
2917 616 2979 652 τε
3014 598 3113 661 τὰς
3141 595 3327 668 χώρας
3359 595 3481 665 ἦτοι
3521 594 3621 658 τὰς
3652 593 3747 647 πό·

2157 688 2271 751 λεις
2311 690 2412 759 τῆς
2458 691 2630 760 φυλῆς
2663 690 2950 745 Ζαϐουλὼν
2987 691 3081 746 καὶ
3112 688 3459 759 Νεφθαλεὶμ,
3504 684 3561 742 αῖ
3606 704 3749 759 παρα

2159 780 2367 835 έκειντο
2394 785 2460 853 τῇ
2491 783 2768 854 Τιϐεριάδι
2800 784 3000 857 λίμνῃ·
3037 783 3131 837 καὶ
3167 780 3451 852 μονονουχὶ
3485 781 3748 851 ποτήριον

2158 873 2347 936 αὐταῖς
2374 874 2468 927 τοῦ
2505 876 2774 946 σωτηρίου
2802 877 2995 941 διδοὺς,
3022 877 3118 930 καὶ
3144 871 3288 929 οἶνον
3316 874 3610 945 προσάγων
3645 874 3743 926 τὸν

2158 965 2520 1036 εὐφραίνονται
2541 967 2768 1038 καρδίαν
2799 967 3107 1040 ἀνθρώπου,
3125 968 3187 1020 τὸ
3211 968 3475 1038 κήρυγμα
3498 964 3747 1035 δηλονότι

2159 1057 2221 1110 τὸ
2266 1058 2395 1128 περὶ
2433 1058 2694 1127 Χριστοῦ.
2746 1059 2916 1113 Τοῦτο
2975 1059 3191 1130 πρῶτον
3238 1060 3351 1123 πίε,
3407 1059 3562 1129 φκησὶ,
3608 1056 3747 1128 ταχὺ

2162 1150 2329 1214 ποίει,
2379 1150 2523 1204 τοῦτ’
2567 1150 2736 1215 ἐστιν,
2771 1145 2815 1205 ὧ
2873 1150 3026 1222 χώρα
3072 1151 3358 1206 Ζαϐουλὼν
3402 1151 3500 1204 καὶ
3538 1148 3750 1218 Νεφθαέ

2163 1242 2310 1313 λεὶμ,
2332 1241 2553 1313 δέχεσθε
2581 1242 2643 1295 τὸ
2671 1243 2937 1314 κήρυγμα
2957 1244 3019 1297 τὸ
3052 1245 3197 1315 σωτή
3209 1260 3341 1315 ριον.
3362 1241 3524 1296 Ἀλλὰ
3544 1244 3749 1295 ποιεῖτε

2164 1333 2324 1402 ταχὺ,
2352 1332 2498 1386 τοῦτ’
2520 1332 2638 1387 ἐστι
2658 1380 2671 1400 ,
2702 1334 3026 1405 μελλησμοῦ
3056 1334 3178 1404 δίχα
3206 1334 3431 1397 παντός.
3473 1334 3648 1399 Ὀξεῖς
3667 1331 3746 1398 δὲ,

2166 1424 2243 1488 ὼς
2274 1423 2431 1495 ἔφην,
2460 1427 2507 1477 οἱ
2535 1424 2799 1496 μαθηταὶ,
2829 1426 2925 1478 καὶ
2949 1425 3068 1479 λίαν
3100 1425 3335 1497 ἑτοίμως
3373 1426 3542 1488 ἰόντες
3570 1425 3662 1477 ἐπὶ
3688 1423 3751 1477 τὸ

2168 1518 2457 1570 πιστεῦσαι
2485 1517 2725 1589 Χριστῷ.
2765 1519 3165 1589 Ἦκολούθησαν
3191 1517 3300 1590 γὰρ
3324 1518 3486 1581 εὐθὺς
3520 1518 3751 1587 ἀφέντες

2166 1612 2235 1664 τὰ
2264 1611 2454 1664 δίκτυα
2484 1611 2578 1663 καὶ
2609 1611 2701 1664 τὸν
2733 1612 2967 1682 πατέρα,
3007 1612 3099 1664 καὶ
3137 1610 3529 1682 μυσταγωγίας
3568 1610 3752 1671 αὐτοῖς

2168 1701 2390 1772 ἐδέησεν
2419 1703 2478 1755 οὐ
2514 1703 2999 1772 μακράς.Ἤκουον
3025 1704 3132 1774 γάρ
3152 1720 3166 1733 ο
3193 1721 3210 1754 ι
3236 1703 3401 1755 Δεῦτε
3422 1702 3598 1754 ὀπίσω
3624 1717 3749 1771 μου,

2168 1795 2262 1847 καὶ
2310 1795 2520 1864 ποιήσω
2566 1795 2711 1864 ὑμᾶς
2759 1795 3012 1862 γενέσθαι
3058 1780 3261 1859 ἁλιεῖς-
3288 1794 3611 1865 ἀνθρώπων,
3658 1794 3752 1846 καὶ

2170 1885 2541 1956 ἠκολούθησαν
2580 1885 2746 1955 αὐτῷ.
2789 1905 2809 1939 ι
2873 1888 3030 1940 Κατὰ
3076 1888 3170 1940 τὸν
3221 1883 3339 1940 ἴσον
3397 1886 3597 1957 τρόπον
3658 1883 3753 1938 καὶ

2168 1979 2389 2049 ἐτέρους
2417 1979 2526 2032 τῶν
2569 1980 2741 2048 ἁγίων
2771 1982 3087 2034 ἀποστόλων
3116 1980 3491 2050 κεκλημένους
3525 1978 3754 2048 εὑρήσ⁰“

2172 2088 2292 2140 μεν,
2330 2072 2427 2125 καὶ
2462 2073 2833 2143 πεποιηκότας
2860 2074 2959 2143 τῆς
2985 2073 3077 2125 ἐπὶ
3104 2070 3329 2143 Χριστῷ
3362 2069 3756 2141 μυσταγωγίας

2167 2165 2257 2217 τὸν
2288 2165 2467 2232 λόγον.
2498 2166 2706 2237 Γράφει
2739 2168 2849 2238 γὰρ
2891 2168 3149 2237 Ἰωάννης
3192 2167 3290 2219 ὡδὶ
3335 2165 3462 2236 περὶ
3498 2163 3595 2217 τοῦ
3625 2164 3756 2216 πάνυ

2166 2275 2273 2312 των
2300 2257 2456 2328 ἡμῶν
2488 2260 2742 2330 Σωτῆρος
2779 2258 3017 2330 Χριστοῦ
3038 2276 3050 2287 ·
3083 2282 3100 2309 ι
3140 2259 3218 2329 Τῇ
3252 2256 3515 2327 ἐπαύριον
3553 2254 3756 2325 ἠθέλη-

2169 2364 2260 2401 σεν
2289 2347 2525 2414 ἐξελθεῖν
2555 2351 2637 2411 είς
2669 2349 2765 2420 τὴν
2794 2349 3085 2403 Γαλιλαίαν
3107 2364 3120 2378 ·
3150 2348 3244 2402 καὶ
3276 2347 3524 2419 εὑρίσκει
3566 2346 3758 2398 Φίλιπ-

2166 2456 2289 2503 πον,
2320 2441 2414 2493 καὶ
2447 2439 2593 2508 λέγει
2619 2441 2810 2511 αὐτῷό
2846 2440 3077 2512 Ἰησοῦς·
3108 2439 3415 2494 Ἀκολούθει
3442 2455 3550 2509 μοι.
3570 2431 3680 2490 Ἦν
3700 2437 3759 2491 δὲ

2166 2531 2196 2583 6
2241 2532 2511 2595 Φίλιππος
2563 2531 2670 2585 ἀπὸ
2705 2531 2984 2603 Βηθσαϊδὰ
3031 2531 3096 2583 ὲκ
3138 2531 3237 2602 τῆς
3278 2529 3463 2601 χώρας
3504 2528 3757 2598 Ἀνδρέου

2169 2623 2263 2677 καὶ
2314 2623 2543 2694 Πέτρου.
2590 2622 2850 2694 Εὑρίσκει
2894 2623 3161 2687 Φίλιππος
3197 2622 3292 2675 τὸν
3322 2620 3619 2691 Ναθαναήλ
3665 2619 3760 2672 καὶ

2167 2716 2317 2785 λέγει
2353 2715 2502 2786 αὐτῷ
2522 2733 2534 2745 ’
2577 2717 2673 2769 Ὃν
2704 2715 2911 2786 ἔγραψε
2946 2715 3153 2784 Μωσῆς
3187 2716 3245 2767 ὲν
3279 2713 3357 2784 τῷ
3385 2713 3559 2783 νόμῳ,
3589 2711 3682 2765 καὶ
3710 2710 3759 2764 οἱ

2168 2809 2464 2879 προφῆται,
2504 2806 2821 2877 εὑρήκαμεν
2891 2803 3102 2875 Ἰησοῦν
3134 2805 3251 2859 υἱὸν
3286 2803 3382 2857 τοῦ
3430 2803 3630 2872 Ἰωσὴφ
3667 2800 3760 2855 τὸν

2169 2901 2277 2954 ἀπὸ
2304 2898 2579 2971 Ναζαρέθ.
2613 2915 2631 2949 ι
2655 2896 2872 2968 Ἐπειδὴ
2896 2896 2952 2950 δὲ
2982 2897 3210 2966 ἀφίκετο
3240 2895 3376 2967 πρὸς
3405 2895 3494 2948 τὸν
3526 2892 3757 2965 Ἰησοῦν,

2169 2989 2287 3046 εἶτα
2315 2991 2566 3060 λέγοντος
2588 2991 2810 3061 ἤκουσε⁹
2834 3010 2853 3042 ι
2880 2990 2991 3059 Πρὸ
3006 2988 3102 3042 τοῦ
3134 3006 3193 3041 σε
3221 2988 3487 3040 Φίλιππον
3514 2985 3760 3054 φωνῆσαι

2169 3087 2299 3141 ὄντα
2345 3088 2449 3140 ὑπὸ
2475 3087 2576 3157 τὴν
2626 3087 2799 3143 συκῆν
2844 3080 2982 3136 εἶδόν
3024 3100 3109 3145 σε,
3140 3101 3157 3134 ι
3201 3081 3536 3135 πεπίστευκε
3584 3094 3762 3149 παρα-

489 3171 818 3241 temporibus
864 3186 969 3225 non
995 3170 1093 3227 soli
1114 3172 1337 3228 vocandi
1368 3184 1572 3240 essent,
1607 3174 1699 3229 sed
1728 3174 1889 3227 etiam
1930 3172 2068 3228 mul-

2171 3180 2383 3249 χρῆμα,
2411 3180 2505 3232 καὶ
2531 3178 2593 3250 δὴ
2620 3178 2715 3231 καὶ
2750 3176 3021 3246 ἀνέκραγε
3060 3174 3235 3241 λέγων
3257 3189 3270 3203 ·
3306 3191 3324 3223 ι
3363 3172 3537 3238 Ῥαϐὶ,
3569 3171 3633 3223 σὺ
3660 3165 3713 3223 εἴ
3732 3169 3763 3222 ό

490 3260 663 3315 titndo
686 3261 949 3328 gentium,
995 3259 1263 3330 designat,
1295 3262 1583 3331 inquiens:
1631 3262 1697 3316 Et
1737 3262 1930 3331 reliqui
1960 3277 2074 3316 ma-

494 3348 658 3402 ritimi
688 3348 829 3402 ultra
882 3348 1196 3415 Iordanem,
1250 3351 1469 3406 Galilaaa
1530 3354 1793 3423 gentium,
1846 3353 2075 3423 populus

489 3439 582 3509 qui
615 3439 856 3496 ambulat
895 3442 948 3497 in
994 3443 1254 3506 tenebris,
1286 3443 1459 3499 lucem
1511 3444 1646 3499 vidit
1695 3458 1968 3513 magnam;
2020 3452 2075 3499 et

489 3533 581 3599 qui
622 3531 880 3588 habitatis
919 3533 971 3587 in
1008 3534 1227 3602 regione
1254 3549 1315 3589 ac
1343 3535 1531 3588 umbra
1565 3535 1775 3599 mortis,
1821 3533 1911 3589 lux
1949 3534 2074 3589 illu-

496 3626 639 3680 cebit
666 3625 833 3680 vobis.
872 3625 1360 3681 lneedebantenim
1395 3625 1504 3694 jam
1529 3626 1747 3694 perinde
1775 3635 1833 3680 ut
1866 3637 2072 3696 gentes,

491 3728 547 3772 et
570 3718 1136 3773 commemorabantur
1184 3717 1237 3772 in
1297 3718 1400 3773 hoc
1458 3719 1677 3785 mundo,
1739 3725 1991 3787 tanquam
2023 3719 2075 3773 in

495 3819 675 3875 nocte,
745 3820 802 3865 et
859 3810 912 3865 in
977 3810 1235 3878 tenebris,
1318 3819 1602 3880 propterea
1686 3811 1828 3880 quod
1897 3810 2075 3866 lumen

501 3902 657 3973 151
697 3918 840 3957 vera:
871 3902 962 3957 Dei
992 3902 1322 3971 cognitionis
1353 3904 1405 3956 in
1434 3904 1618 3959 animo
1645 3917 1751 3958 non
1796 3902 2075 3967 baberent,

495 3996 591 4050 sed
636 4004 854 4050 ruerent
879 3994 1033 4065 quasi
1069 3995 1121 4050 in
1155 4010 1372 4051 omnem
1411 3994 1644 4062 foveam,
1691 4006 1746 4050 et
1789 3995 1843 4050 in
1877 3997 2077 4050 malum

498 4086 664 4141 veluti
720 4087 788 4142 ad
831 4088 1077 4157 quemvis
1125 4086 1357 4157 lapidem
1394 4087 1776 4158 impingerent.
1823 4086 2080 4142 Habitare

498 4195 626 4236 vero
654 4195 751 4237 eos
793 4182 1109 4252 in.regione
1134 4190 1190 4237 et
1225 4183 1413 4238 umbra
1452 4174 1637 4238 mortis
1672 4182 1779 4249 ait,
1821 4182 1965 4252 quod
2010 4181 2081 4236 sit

2177 3272 2305 3335 Υἱὸς
2359 3272 2453 3324 τοῦ
2503 3271 2659 3335 Θεοῦ,
2709 3272 2772 3324 σὺ
2824 3266 2876 3323 εἴ
2921 3272 2950 3323 ό
2995 3267 3248 3338 βασιλεὺς
3296 3266 3392 3320 τοῦ
3456 3265 3693 3336 Ἰσραήλ.
3730 3281 3757 3315 ιι

2176 3361 2451 3433 Βηθσαϊδὰ
2480 3361 2537 3415 δὲ
2562 3362 2721 3415 πάλιν
2753 3360 2812 3426 ἐξ
2859 3357 2929 3433 ἦς
2957 3360 2987 3412 6
3013 3360 3279 3421 Φίλιππος
3318 3353 3386 3429 ἦν
3422 3355 3519 3410 καὶ
3549 3354 3648 3426 μέν
3680 3368 3763 3407 τοι

2176 3451 2493 3523 Ναθαναὴλ,
2543 3452 2839 3522 παρέκειτο
2898 3454 2964 3523 τῇ
3032 3450 3276 3523 θαλάσσῃ
3327 3450 3392 3519 τῇ
3459 3444 3759 3518 Τιϐεριάδι.

2177 3545 2553 3617 Διαμέμνηται
2598 3543 2656 3597 δὲ
2685 3544 2780 3597 καὶ
2819 3543 2848 3595 ὁ
2901 3543 3171 3613 μακάριος
3199 3540 3363 3593 Δαϐὶδ
3390 3541 3491 3610 τῆς
3526 3537 3636 3590 τῶν
3661 3552 3763 3607 μα·

2179 3636 2357 3709 θητῶν
2397 3637 2780 3707 ἀναρρήσεως,
2830 3633 2924 3688 καί
2970 3650 3166 3703 φησιν·
3212 3652 3230 3684 ι
3274 3633 3420 3685 Ἐκεῖ
3472 3627 3764 3699 Βενιαμεὶν

2179 3725 2443 3798 νεώτερος
2483 3729 2542 3779 ὲν
2570 3727 2845 3791 ἐκστάσει,
2890 3725 3147 3795 ἄρχοντες
3182 3721 3352 3775 ἰούδα
3375 3720 3642 3791 ἡγεμόνες
3664 3718 3765 3771 αὑ·

2177 3818 2308 3873 τῶν·
2340 3819 2598 3891 ἄρχοντες
2621 3815 2926 3881 Ζαϐουλὼν,
2957 3814 3216 3887 ἄρχοντες
3236 3810 3569 3880 Νεφθαλείμ.
3598 3828 3618 3859 ι
3640 3805 3765 3862 Ὀτι

2179 3910 2234 3964 δὲ
2280 3910 2503 3980 ἔμελλον
2544 3912 2605 3964 οὐ
2650 3910 2799 3980 μόνοι
2838 3907 3210 3978 κληθήσεσθαι
3250 3903 3391 3958 κατὰ
3436 3901 3669 3972 καιροὺς
3713 3899 3763 3951 οί

2182 4000 2463 4056 θεσπέσιοι
2506 4002 2770 4073 μαθηταὶ.
2799 3999 2937 4053 ἀλλὰ
2967 4000 3076 4070 γὰρ
3108 3999 3200 4052 καὶ
3224 3998 3281 4050 αἱ
3308 3996 3414 4049 τῶν
3443 3992 3615 4047 ἐθνῶν
3641 3990 3767 4060 άγέ-
3862 4038 3870 4046 .

2181 4095 2294 4160 λαι,
2328 4092 2671 4163 καταμηνύει
2707 4090 3036 4159 λέγων’Καὶ
3067 4091 3116 4143 οἱ
3153 4088 3329 4141 λοιποὶ
3376 4087 3425 4139 οἱ
3462 4084 3561 4155 τὴν
3586 4082 3768 4155 παρά-

2182 4187 2295 4239 λιον
2327 4185 2420 4241 καὶ
2462 4186 2639 4256 πέραν
2665 4183 2759 4237 τοῦ
2809 4181 3098 4253 Ἰορδάνου,
3146 4178 3408 4235 Γαλιλαία
3436 4177 3545 4230 τῶν
3574 4176 3766 4240 ἐθνῶν,

500 4274 641 4341 apud
685 4288 811 4339 eos,
858 4280 987 4343 puta
1027 4274 1080 4329 in
1131 4273 1440 4344 regionibus
1484 4289 1705 4338 eorum,
1747 4273 1891 4328 aliud
1947 4272 2068 4327 nihil

2182 4280 2210 4332 6
2259 4278 2386 4341 λαὸς
2428 4280 2456 4331 6
2488 4276 2854 4348 πορευόμενος
2890 4274 2949 4328 ἑρν
3006 4272 3191 4325 σκότει
3228 4271 3344 4339 φῶς
3385 4269 3462 4322 ἴδε
3499 4268 3662 4338 μέγα.
3704 4266 3766 4320 Ol

499 4380 662 4432 quam
694 4366 807 4421 sola
839 4364 1029 4422 nebula
1075 4374 1130 4420 et
1160 4366 1353 4436 caligo,
1389 4367 1586 4420 mentis
1625 4364 1877 4420 videlicet
1904 4374 1960 4419 et
1998 4364 2068 4418 in-

2183 4369 2561 4432 κατοικοῦντες
2587 4369 2644 4419 ἐν
2673 4365 2828 4437 χώρᾳ
2854 4366 2947 4418 καὶ
2980 4364 3110 4434 σκιᾷ
3137 4363 3397 4424 θανάτου,
3422 4360 3541 4430 φῶς
3563 4358 3768 4429 λάμψει

503 4458 841 4528 telligeutiaz,
895 4459 1098 4530 quique
1138 4458 1250 4513 sint
1293 4457 1464 4511 instar
1506 4464 1862 4521 mortuorum,
1901 4456 2068 4510 adhuc

2193 4462 2277 4527 ἐφ’
2318 4461 2482 4528 ὑμᾶς.
2528 4456 2807 4520 Ἐϐάδιζον
2849 4456 2956 4526 γάρ
2990 4455 3181 4525 ὥσπερ
3226 4455 3275 4507 οἱ
3322 4455 3381 4519 ἐξ
3430 4451 3623 4515 ἐθνῶν,
3675 4451 3770 4503 καὶ

507 4551 771 4607 viventes.
807 4551 1110 4620 Corporum
1140 4560 1374 4615 namque
1398 4547 1585 4603 umbra
1635 4548 1857 4602 omnino
1892 4563 2068 4603 eorum

2189 4523 2454 4623 διέτριϐον
2483 4552 2541 4603 ὲν
2566 4549 2701 4619 τῷδε
2736 4548 2814 4620 τῷ
2862 4523 3053 4619 κόσμῳ
3078 4564 3091 4578 ’
3127 4523 3382 4617 καθάπερ
3426 4546 3478 4598 oi
3517 4547 3573 4598 ἐν
3617 4546 3772 4598 νυκτὶ

505 4644 708 4698 formas
741 4642 1009 4702 imitatur,
1040 4649 1096 4693 et
1120 4646 1390 4707 quantum
1432 4640 1498 4693 ad
1546 4638 1730 4708 ﬁgura:
1770 4639 2068 4694 similitudi‘

2191 4644 2284 4697 xui.
2318 4643 2375 4695 ἐν
2407 4642 2607 4712 σκότῳ,
2634 4640 2723 4694 διά
2750 4657 2834 4694 τοι
2876 4639 2938 4693 τὸ
2961 4640 3074 4709 φῶς
3103 4640 3204 4693 οὐκ
3230 4638 3374 4709 ἔχειν
3401 4639 3484 4701 είς
3523 4636 3648 4691 νοῦν
3675 4638 3773 4706 τῆς

507 4750 631 4791 nem
667 4734 882 4789 attinet.
915 4730 1059 4786 nulla
1098 4729 1308 4784 ratione
1336 4730 1632 4799 discrepat.
1688 4728 1853 4784 Deum
1901 4739 2068 4785 auten

2191 4733 2424 4804 ἀληθοῦς
2452 4732 2803 4801 θεογνωσίας,
2848 4732 3068 4785 πίπτειν
3103 4732 3161 4784 δὲ
3187 4731 3377 4801 ὥσπερ
3405 4730 3550 4783 κατὰ
3578 4729 3771 4800 βόθρου

510 4825 723 4882 nescire
754 4823 846 4892 qui
892 4834 1080 4878 natura
1115 4830 1200 4878 est
1225 4830 1280 4877 et
1314 4836 1440 4877 vere
1472 4823 1634 4887 Deus,
1667 4821 1896 4876 imitatio
1948 4836 2068 4889 quo-

2192 4824 2424 4885 παντός·
2458 4822 2552 4874 καὶ
2586 4814 2678 4873 οἷά
2705 4838 2789 4884 τις
2822 4819 2955 4890 λίθῳ
2987 4821 3151 4874 παντὶ
3196 4819 3560 4891 προσπταίειν
3594 4815 3771 4886 κακῷ.

509 4914 802 4970 ιΙειιιιιηοάο
849 4922 934 4969 est
971 4922 1028 4969 et
1069 4915 1260 4969 umbra
1300 4913 1514 4970 mortis.
1549 4912 1813 4971 Caeterum
1846 4911 1950 4967 illis
1984 4912 2068 4966 hor

2194 4914 2484 4966 Κατοικείν
2503 4913 2560 4966 δὲ
2586 4913 2783 4978 αὐτοὺς
2811 4915 2868 4966 ὲν
2885 4912 3039 4984 χώρᾳ
3060 4914 3154 4965 καὶ
3182 4914 3312 4982 σκιᾷ
3330 4911 3564 4965 θανάτου
3585 4912 3769 4981 φησιν,

514 5006 705 5062 morbo
738 5004 1114 5063 laborantibus
1168 5004 1257 5060 lux
1289 5019 1480 5076 magna
1525 5003 1747 5069 allulsit,
1798 5015 1922 5074 post
1966 5018 2068 5059 ean

2193 5003 2280 5055 διά
2311 5002 2373 5055 τὸ
2410 4998 2551 5056 εἶναι
2594 5006 2723 5075 παρ’
2757 5005 2941 5067 αὐτοῖς
2965 5044 2981 5068 ,
3017 5005 3184 5074 ἤγουν
3220 5006 3279 5056 ὲν
3312 5006 3435 5067 ταῖς
3466 5002 3648 5055 αὐτῶν
3677 4999 3775 5072 χὼ-

510 5116 675 5168 quam
706 5100 819 5168 ipse
849 5098 1105 5155 Christus
1133 5098 1336 5163 intulit,
1371 5097 1651 5153 oraculum
1679 5112 1896 5168 quoque
1918 5113 2068 5154 evan-

2197 5095 2542 5166 ραις,⁹ἐτερον
2568 5096 2738 5161 οὐδὲν,
2766 5097 2905 5168 πλὴν
2929 5098 3012 5150 ὅτι
3039 5098 3208 5167 μόνην
3234 5097 3402 5167 ἀχλὺν
3430 5097 3524 5150 καὶ
3559 5095 3774 5157 σκότον,

511 5191 761 5261 pelicum.
798 5190 925 5246 lude
951 5189 1052 5246 fuit
1095 5191 1326 5245 maxima
1357 5204 1483 5257 pars
1515 5190 1692 5259 populi
1733 5205 1895 5260 quam
1917 5190 2068 5247 dedu-

2195 5186 2285 5239 τὸν
2312 5189 2499 5258 νοητὸν
2528 5188 2788 5258 δηλονότι,
2821 5184 2960 5243 εἶναι
2985 5189 3041 5243 δὲ
3066 5188 3256 5260 ὥσπερ
3287 5190 3344 5240 ἐν
3377 5185 3634 5257 ὁμοιώσει
3667 5184 3774 5237 τῶν

514 5285 643 5339 λὶδιί
677 5286 730 5338 in
755 5284 941 5339 laetitia
970 5292 1082 5338 tua.
1133 5280 1301 5336 Multo
1341 5280 1486 5335 enim
1530 5281 1712 5351 plures
1746 5297 1813 5336 ex
1838 5284 2068 5351 gentibu:

2194 5279 2524 5345 τεθνεώτων,
2558 5281 2737 5336 καίτοι
2775 5282 2984 5348 ζῶντας
3018 5283 3117 5339 ἐτι.
3155 5284 3219 5336 Ἥ
3248 5283 3348 5353 μὲν
3391 5278 3503 5349 γάρ
3538 5279 3648 5331 τῶν
3681 5294 3778 5331 σω-

516 5375 690 5429 vocati
729 5384 877 5436 sunt,
912 5381 1104 5443 praeter
1144 5386 1238 5427 eos
1279 5372 1370 5440 qui
1415 5386 1482 5427 ex
1520 5370 1683 5427 lsrael
1722 5373 2089 5428 crediderunt.

517 5466 718 5533 itaque,
747 5464 937 5533 inquit,
969 5463 1141 5518 lucem
1193 5463 1325 5518 vidit
1368 5477 1639 5533 magnam,
1687 5463 1922 5517 maxima
1969 5478 2097 5533 pars

519 5555 695 5625 populi
715 5569 875 5625 quem
906 5554 1171 5610 deduxisti
1204 5555 1255 5610 in
1290 5555 1492 5611 laetitia.
1515 5554 1670 5622 Illud,
1697 5574 1714 5606 ι
1747 5556 2046 5621 Deduxisti,
2069 5575 2088 5609 ι

2202 5372 2386 5442 μάτων
2441 5373 2567 5427 σκιὰ
2617 5377 2864 5444 μιμεῖται
2897 5373 3114 5436 πάντως
3164 5372 3343 5427 αὐτῶν
3389 5370 3460 5424 τὰ
3497 5371 3775 5440 σχήματα,

2200 5464 2565 5535 παραλλάττει
2591 5464 2648 5517 δὲ
2682 5464 2820 5528 ὅλως
2864 5464 2985 5518 κατ’
3008 5464 3198 5517 οὐδένα
3234 5464 3457 5534 τρόπον,
3488 5464 3612 5515 ὅσον
3643 5457 3778 5530 ἧκεν

2201 5558 2280 5619 είς
2313 5556 2612 5627 ἐμφέρειαν
2651 5557 2748 5627 τὴν
2782 5559 2856 5621 ὡς
2892 5559 2947 5610 ὲν
2981 5556 3222 5625 σχήματι
3272 5554 3417 5624 λέγω
3438 5573 3449 5587 ·
3481 5554 3573 5609 τὸν
3610 5552 3669 5606 δέ
3712 5566 3776 5620 γε

589 5713 632 5745 ⁸⁸
666 5710 854 5768 Matth.
886 5726 958 5776 Iv,
995 5712 1072 5767 l9.
1152 5713 1343 5768 "Joan
1375 5730 1408 5780 ι,
1442 5714 1533 5766 45-
1552 5713 1629 5766 ιδ.
1706 5714 1749 5744 ⁸³
1781 5715 1903 5768 ibid.
1941 5714 2066 5767 ΠΛ

2201 5713 2243 5745 ⁸³
2275 5713 2411 5767 Ps1.
2435 5729 2599 5777 vau,
2626 5714 2714 5768 ‘28.
