4122 6292
267 352 378 410 269

1445 360 1512 418 EN
1546 362 1786 423 ISAIAM
1824 366 1955 425 LIB.
1997 371 2040 426 Ι.
2081 369 2292 429 ORAT.
2340 371 2400 430 ν.

3437 392 3542 442 25']

269 470 405 521 θεὸν
432 469 533 523 οὐκ
558 468 759 523 εἰδέναι
790 470 880 523 τὸν
908 469 1068 540 φύσει
1098 473 1192 526 καὶ
1210 473 1454 545 ἀληθῶς,
1484 478 1709 550 μίμημά
1735 470 1852 544 πῶς

1969 485 2198 552 positum
2223 493 2309 541 est
2332 501 2428 555 pro
2450 480 2694 552 Vocasli,
2720 496 2773 543 et
2796 489 3092 557 redemisti,
3121 464 3281 549 veluti
3306 499 3540 566 captivos

271 564 393 613 ἐστι
428 561 525 613 καὶ
554 562 682 614 σκιὰ
702 562 952 619 θανάτου.
990 564 1153 618 Ἀλλὰ
1182 570 1298 631 τοῖς
1330 568 1512 624 ἐκεῖνα
1540 573 1857 643 νενοσηκόσι

273 651 393 716 φῶς
426 651 732 723 ἐπέλαμψε,
757 654 896 723 μετὰ
922 654 981 707 τὸ
1007 655 1158 729 παρὰ
1187 659 1426 728 Χριστοῦ
1466 661 1731 730 δηλονότι,
1763 663 1862 716 καὶ⁵

270 742 334 796 τὸ
390 742 673 814 θέσπισμα
720 745 782 797 τὸ
836 738 1216 815 εὐαγγελικόν.
1274 751 1518 805 Ἐκεῖθεν
1560 754 1754 821 γέγονε
1803 755 1863 808 τὸ

271 834 527 889 πλεῖστον
561 836 656 888 τοῦ
693 835 847 900 λαοῦ,
898 837 958 891 ὃν
1002 842 1314 910 κατήγαγες
1347 845 1405 895 ἐν
1438 846 1504 915 τῇ
1552 845 1864 919 εὐφροσύνῃ

272 941 387 978 σου.
415 925 646 990 Πλείους
674 927 783 1000 γὰρ
815 928 935 984 λίαν
980 932 1027 983 οἱ
1052 931 1111 998 ἐξ
1146 932 1315 986 ἐθνῶν
1346 935 1679 1005 κεκλημένοι
1714 937 1866 1008 παρὰ

231 1015 399 1079 ,τούς
449 1017 851 1083 πιστεύσαντας
893 1020 954 1086 ἐξ
1008 1024 1250 1095 Ἰσραήλ.
1303 1025 1519 1079 Οὐκοῦν
1568 1027 1683 1095 φῶς
1734 1024 1863 1095 εἶδε,

270 1111 427 1179 φησὶ,
464 1112 628 1181 μέγα,
680 1114 741 1168 τὸ
782 1115 1033 1170 πλεῖστον
1058 1119 1154 1171 τοῦ
1186 1118 1339 1185 λαοῦ,
1386 1120 1416 1172 ὂ
1461 1123 1776 1192 κατήγαγες
1809 1125 1866 1177 ἐν

272 1202 586 1275 εὐφροσύνῃ
616 1223 733 1260 σου.
760 1208 833 1260 Τὸ
869 1210 924 1261 δέ
950 1211 1304 1280 Κατήγαγες,
1326 1213 1447 1266 ἀντὶ
1474 1214 1593 1281 τοῦ,
1644 1217 1868 1268 Ἀνεκα-

274 1293 440 1359 λέσω,
473 1297 746 1363 τέθεικεν,
781 1301 877 1353 καὶ
913 1301 1240 1376 Ἐλυτρώσω
1263 1342 1277 1367 ,
1307 1304 1557 1376 καθάπερ
1586 1306 1865 1376 αἰχμαλώ-

274 1402 402 1449 τους
445 1388 513 1440 ἐκ
535 1388 854 1454 πλεονεξίας
879 1391 1195 1464 διαϐολικῆς
1217 1396 1634 1465 γεγενημένους.
1664 1416 1682 1448 t
1705 1393 1864 1451 Οὗτοι

272 1478 756 1551 εὐφρανθήσονται
786 1482 1021 1535 ἐνώπιόν
1049 1501 1166 1548 σου,
1196 1486 1272 1548 ὠς
1292 1488 1339 1538 οἱ
1370 1488 1783 1558 εὐφραινόμενοι
1807 1490 1865 1541 ἐν

270 1570 481 1640 ἀμητῷ
504 1587 518 1601 '
553 1573 648 1625 καὶ
686 1572 744 1626 ὃν
782 1573 984 1645 τρόπον
1023 1577 1073 1628 οί
1107 1575 1469 1648 διαιρούμενοι
1502 1578 1567 1631 τὰ
1604 1578 1792 1641 σκύλα.
1840 1598 1860 1631 ι

1962 572 2160 655 diaboli
2207 574 2512 646 tyrannide.
2552 593 2570 627 ι
2602 575 2665 630 Hi
2693 575 3021 635 hetabuntur
3055 596 3237 637 coram
3287 593 3359 650 te,
3391 593 3543 655 quasi

1963 669 2056 737 qui
2090 668 2344 724 laetantur
2374 672 2426 724 in
2459 685 2657 736 messe,
2691 676 3147 741 quemadmodum
3184 678 3275 748 qui
3304 678 3542 736 dividunt

1963 758 2151 824 spolia.
2184 777 2203 812 ι
2252 758 2511 814 Bifariam
2564 771 2745 816 autem
2784 764 3147 835 intelligemus
3193 770 3308 824 haec
3356 775 3543 828 verba.

1961 845 2097 901 Nam
2128 850 2171 903 si
2199 848 2367 905 divini
2399 852 2646 921 discipuli
2682 854 2811 921 sint,
2854 857 2944 924 qui
2980 858 3230 911 laetantur
3262 859 3313 912 in
3345 875 3545 929 messe,

1962 948 2016 993 et
2055 939 2300 993 dividunt
2347 941 2539 1008 spolia,
2575 943 2698 995 dum
2740 945 2996 998 nimirum
3042 949 3545 1019 gettIeS‘colligunt,

1963 1030 2128 1085 veluti
2177 1029 2506 1086 frumentum
2552 1033 2605 1088 in
2644 1036 2895 1090 horreum
2939 1039 3290 1105 dominicum,
3325 1052 3380 1095 et
3409 1043 3544 1096 anliv

1965 1138 2129 1191 quum
2154 1137 2397 1178 errorem
2429 1136 2730 1195 amputant,
2764 1130 2960 1197 gaudio
2989 1130 3297 1185 aﬂiciuntur
3326 1134 3544 1201 perinde

1965 1225 2028 1265 ac
2072 1211 2104 1265 ii
2140 1212 2231 1279 qui
2266 1212 2319 1264 in
2358 1214 2504 1281 agris
2549 1221 2757 1269 metunt
2788 1234 2799 1269 :
2828 1224 2883 1269 et
2917 1216 3043 1268 dum
3079 1225 3333 1285 tanquam
3362 1229 3543 1290 tyran-

1967 1302 2082 1355 nica
2115 1302 2162 1357 vi
2191 1304 2427 1371 eripiunt
2460 1319 2486 1356 a
2523 1303 2723 1359 Salana
2766 1308 3040 1373 seductos,
3074 1319 3128 1361 et
3158 1323 3255 1377 per
3292 1309 3448 1363 fidem
3478 1311 3544 1363 ad

1965 1394 2217 1462 pietatem
2262 1396 2571 1462 traducunt,
2601 1399 2836 1466 gaudent
2869 1401 3022 1469 quasi
3064 1398 3157 1471 qui
3202 1400 3371 1470 spolia
3408 1401 3544 1454 divi-

1968 1486 2120 1539 dunt.
2172 1485 2384 1540 Etenim
2428 1486 2484 1540 hi
2528 1487 2680 1553 illos,
2729 1489 2803 1542 illi
2856 1493 2992 1546 alios
3046 1501 3456 1560 permoverunt,
3493 1501 3545 1545 et

1976 1575 2199 1645 singulis
2234 1578 2285 1629 in
2320 1577 2530 1631 lucrum
2569 1580 2767 1633 cedunt
2796 1581 2847 1635 hi
2881 1582 2972 1650 qui
3006 1584 3205 1637 servati
3248 1590 3394 1645 sunt,
3423 1592 3481 1635 ut
3517 1596 3548 1633 e

268 1666 570 1736 Νοήσομεν
600 1668 656 1721 δὲ
691 1668 812 1740 διχῆ
856 1670 964 1723 τῶν
992 1673 1370 1741 προκειμένων
1394 1674 1493 1745 τήν
1521 1664 1769 1745 δήλωσιν.
1804 1675 1868 1728 El

1969 1666 2112 1721 bello
2156 1670 2327 1738 spolia
2377 1671 2692 1727 victoribus.
2742 1674 2837 1727 Sin
2867 1675 2932 1729 de
2971 1675 3053 1728 bis
3084 1676 3171 1743 qui
3205 1674 3546 1730 crediderunt.

274 1755 377 1825 μὲν
410 1755 521 1829 γὰρ
552 1756 663 1811 εἷεν
688 1761 737 1812 οί
773 1760 1046 1814 θεσπέσιοι
1091 1761 1329 1834 μαθηταὶ
1366 1766 1416 1816 oi
1446 1765 1867 1835 εὐφραινόμενοι

1970 1763 2109 1816 istud
2147 1765 2286 1817 dicat
2317 1783 2330 1819 :
2364 1764 2747 1832 intclligemus,
2783 1781 2875 1820 eos
2915 1782 3034 1819 cum
3070 1768 3271 1821 erroris
3309 1776 3550 1834 tempore

274 1850 333 1900 ἐν
365 1849 583 1920 ἁμητῷ,
633 1851 728 1903 καὶ
772 1851 1140 1924 διαιρούμενοι
1189 1856 1382 1921 σκύλα,
1412 1858 1591 1926 φαμὲν
1616 1859 1699 1909 ὅτι
1742 1859 1868 1922 τοὺς

1975 1853 2175 1906 nullum
2211 1852 2444 1907 fructum
2474 1851 2699 1920 justitiaa
2731 1855 3011 1920 haberent,
3045 1856 3146 1909 hoc
3178 1857 3461 1908 credentes
3495 1855 3546 1908 in

274 1937 334 2003 ἐξ
358 1938 527 1993 ἐθνῶν
559 1941 910 2010 συλλέγοντες
942 1946 1193 2018 καθάπερ
1229 1946 1350 2001 τινὰ
1398 1949 1545 2000 σῖτον
1585 1949 1666 2011 είς
1717 1949 1863 2002 ἀπο-

1969 1943 2249 2000 Christum
2281 1944 2610 2012 implevisse.
2640 1944 2740 2012 Qui
2773 1946 2934 1998 etiam
2962 1944 3090 1999 olim
3127 1946 3318 2000 vastati
3350 1955 3403 1998 et
3429 1960 3548 1999 cum

279 2031 453 2102 θήκην
497 2032 846 2107 δεσποτικὴν,
896 2037 992 2089 καὶ⁵
1043 2038 1144 2108 τῆς
1195 2038 1427 2108 ἀρχαίας
1477 2038 1868 2109 ἀποκείροντες

1979 2048 2008 2088 a
2046 2035 2324 2088 daemoniis
2349 2044 2458 2088 tum
2495 2048 2523 2088 a
2555 2034 2757 2089 Saluna
2796 2036 3011 2104 direpti,
3041 2050 3134 2089 eos
3162 2037 3250 2106 qui
3280 2035 3547 2104 quondam

279 2118 507 2189 πλάνης,
556 2123 941 2194 εὐφραίνονται
990 2127 1132 2180 κατὰ
1175 2128 1268 2182 τὸν
1319 2125 1437 2182 ἴσον
1493 2129 1695 2199 τρόπον
1754 2130 1869 2192 τοῖς

277 2211 491 2281 ἀμῶσιν
517 2215 576 2266 ἐν
609 2216 821 2286 ἀγροῖς.
850 2218 1189 2287 ἁρπάζοντες
1216 2221 1274 2273 δὲ
1301 2220 1556 2291 καθάπερ
1579 2221 1645 2273 ἐκ
1666 2235 1868 2290 τυραν-

277 2307 433 2375 νικῆς
460 2306 775 2374 πλεονεξίας
801 2310 930 2373 τοὺς
955 2312 1342 2382 ἠπατημένους
1369 2313 1476 2366 ὑπὸ
1501 2311 1597 2366 τοῦ
1625 2312 1864 2378 Σατανᾶ,

1976 2126 2299 2195 spoliabant,
2335 2128 2655 2192 diviserunt,
2709 2137 2763 2182 et
2795 2142 2978 2181 eorum
3013 2129 3213 2181 malitia
3245 2128 3551 2196 superiores

1975 2219 2321 2275 exstiterunt.
2365 2218 2550 2287 Itaque
2588 2220 2761 2289 gavisi
2802 2230 2927 2273 sunt
2969 2228 3023 2274 et
3062 2220 3185 2288 ipsi,
3219 2221 3373 2274 sicuti
3420 2234 3545 2289 pro-

1974 2311 2134 2379 pheta
2186 2309 2337 2375 dicit,
2414 2318 2663 2379 tanquam
2711 2311 2801 2379 qui
2851 2312 3100 2364 laetantur
3141 2311 3198 2364 in
3250 2325 3446 2377 messe,
3498 2318 3553 2365 et

282 2397 374 2448 καὶ
429 2397 783 2468 μεθιστάντες
840 2401 927 2454 διὰ
985 2402 1085 2473 τῆς
1138 2404 1374 2466 πίστεως
1425 2406 1505 2467 είς
1564 2403 1868 2465 εὐσέϐειαν,

1977 2401 2429 2469 quemadmodum
2459 2401 2511 2453 hi
2543 2402 2630 2469 qui
2661 2402 2905 2454 dividunt
2933 2402 3126 2469 spolia.

279 2487 561 2558 χαίρουσιν
594 2491 670 2554 ὡς
699 2494 749 2544 οἱ
787 2493 1160 2564 διαιρούμενοι
1190 2495 1258 2547 τὰ
1291 2494 1482 2548 σκύλα.
1516 2497 1579 2547 Οἱ
1614 2495 1711 2565 μὲν
1751 2495 1859 2563 γὰρ
1885 2491 2126 2556 τούτους,
2171 2493 2219 2545 οἱ
2253 2492 2309 2546 δὲ
2343 2491 2584 2556 ἐκείνους
2624 2492 2873 2547 ἔπειθον·
2905 2497 2998 2550 καὶ
3028 2497 3243 2565 ἑκάστῳ
3275 2492 3463 2564 κέρδος
3500 2493 3551 2546 οι

282 2583 641 2650 σεσωσμένοι,
674 2582 927 2655 καθάπερ
978 2588 1093 2647 τοῖς
1135 2585 1445 2654 νενικηκόσι
1490 2585 1558 2638 τὰ
1590 2588 1654 2639 ἐκ
1687 2584 1779 2637 τοῦ
1810 2583 2044 2654 πολέμου
2081 2582 2270 2638 σκύλα.
2317 2585 2382 2639 Εἰ
2425 2586 2481 2639 δὲ
2512 2586 2576 2657 δὴ
2617 2589 2746 2659 περὶ
2776 2587 2885 2641 τῶν
2924 2591 3368 2643 πεπιστευκότων
3406 2589 3555 2660 είρῆ-

288 2674 415 2729 σθαι
462 2675 615 2744 λέγοι
670 2680 848 2744 ταυτὶ,
905 2681 1270 2750 ἐννοήσωμεν,
1315 2681 1396 2733 ὅτι
1430 2680 1568 2733 κατὰ
1607 2681 1698 2734 τὸν
1730 2680 1823 2734 τοῦ
1855 2677 2161 2735 πλανᾶσθαι
2193 2681 2409 2752 καιρὸν,
2449 2681 2660 2750 καρπὸν
2705 2684 2895 2737 οὐδένα
2938 2685 3282 2755 δικαιοσύνης
3317 2684 3553 2755 ἔχοντες,

289 2769 704 2839 πεπλουτήκασι
727 2772 916 2825 τοῦτον
954 2774 1377 2837 πεπιστευκότες
1408 2777 1486 2838 είς
1519 2774 1767 2844 Χριστόν.
1797 2774 1960 2827 Ἀλλὰ
1997 2756 2091 2827 καὶ
2121 2772 2290 2827 πάλαι
2322 2774 2681 2846 πορθούμενοι
2716 2779 2812 2831 καὶ
2843 2778 3270 2851 διαρπαζόμενοι
3307 2777 3457 2847 παρά
3493 2792 3555 2830 τι

291 2857 395 2908 τῶν
424 2858 724 2929 δαιμονίων
752 2862 847 2915 καὶ
872 2862 964 2917 τοῦ
992 2865 1221 2927 Σατανᾶ,
1251 2867 1562 2935 νενικήκασι
1580 2864 1668 2918 διὰ
1692 2863 1954 2937 Χριστοῦ,
1984 2866 2111 2927 τοὺς
2140 2864 2307 2918 πάλαι
2338 2866 2716 2933 σκυλεύοντας,
2745 2872 2839 2923 καὶ
2865 2873 3145 2940 κρείττους
3175 2869 3426 2938 γεγόνασι
3456 2868 3554 2938 τῆς

298 2950 521 3006 ἐκείνων
557 2954 893 3023 σκαιότητος.
933 2957 1143 3010 Οὐκοῦν
1165 2958 1541 3030 εὐφραίνονται
1563 2959 1657 3012 καὶ
1685 2958 1859 3023 αὐτοὶ,
1885 2957 2029 3012 καθά
2052 2974 2216 3028 φησιν
2243 2960 2272 3010 6
2296 2961 2595 3030 προφήτης,
2621 2962 2696 3026 ὡς
2729 2964 2778 3015 οί
2813 2965 3227 3034 εὐφραινόμενοι
3253 2965 3309 3015 ἐν
3336 2959 3554 3033 ἀμητῷ,

299 3047 390 3100 καὶ
411 3046 472 3100 ὃν
492 3048 691 3118 τρόπον
718 3053 763 3103 οἱ
785 3049 1142 3122 διαιρούμενοι
1168 3053 1357 3109 σκύλα.
2760 3049 2771 3059 ’

360 3140 515 3193 Διότι
541 3139 997 3208 ἀφαιρεθήσεται
1036 3146 1070 3197 ό
1099 3141 1272 3214 ζυγὸς
1305 3148 1337 3198 ό
1380 3145 1470 3199 ἐπ’
1506 3144 1705 3199 αὐτῶν
1733 3140 1853 3196 κεί-

2033 3143 2190 3213 152
2222 3143 2379 3198 Vens.
2406 3141 2457 3195 4.
2482 3142 2619 3207 Quia
2647 3142 2857 3195 tolletur
2873 3157 3059 3212 Jugum
3083 3142 3132 3209 ip
3163 3142 3207 3194 is
3227 3141 3554 3209 impositum,

252 3240 255 3243 '
279 3247 483 3300 μενος,
515 3230 614 3284 καὶ
647 3231 685 3298 ἠ
711 3231 935 3299 ῥάϐδος
969 3234 1005 3301 ὴ
1041 3233 1140 3286 ἐπὶ
1167 3233 1276 3287 τοῦ
1306 3233 1610 3302 τραχήλου
1643 3232 1865 3289 αὐτῶν.

1969 3244 2020 3290 et
2076 3239 2221 3305 virga
2264 3252 2380 3305 qua:
2415 3251 2571 3303 super
2604 3234 2797 3287 collum
2849 3235 3104 3301 ipsorum.
3146 3232 3355 3301 Virgam
3415 3234 3556 3287 enim

290 3323 409 3392 Τὴν
448 3322 560 3393 γὰρ
605 3323 836 3392 ῥάϐδον
881 3324 1001 3379 τῶν
1043 3327 1459 3381 ἀπαιτούντων
1511 3327 1868 3383 διεσκέδασε

1969 3340 2275 3385 exactorum
2311 3331 2584 3398 dissipavit
2617 3327 2898 3395 Dominus,
2931 3327 3067 3381 velut
3104 3326 3161 3379 in
3190 3325 3277 3379 die
3309 3323 3555 3380 Madiau.

284 3414 494 3482 Kitptoc
523 3414 606 3480 ὡς
638 3413 715 3483 τῇ
747 3413 937 3484 ἡμέρᾳ
966 3414 1041 3484 τῇ
1065 3416 1161 3470 ἐπὶ
1202 3416 1459 3488 Μαδιάμ.

365 3505 711 3578 Ἐλευθέρους
757 3508 919 3570 ὄντας
964 3510 1092 3571 τοὺς
1139 3509 1231 3562 ἐπὶ
1275 3510 1375 3581 τῆς
1420 3511 1560 3582 γῆς,
1616 3511 1712 3565 καὶ
1748 3513 1868 3565 κατ’

2043 3503 2177 3559 Cum
2205 3502 2361 3558 liberi
2393 3510 2575 3558 essent
2606 3502 2658 3556 in
2690 3510 2860 3566 terra,
2886 3509 2941 3555 et
2980 3500 3045 3554 ad
3090 3499 3384 3569 imaginem
3414 3498 3555 3553 divi-

283 3600 468 3653 εἰκόνα
486 3598 587 3671 τὴν
615 3600 766 3654 θείαν
795 3596 853 3654 εὖ
888 3600 1032 3671 μάλα
1059 3603 1480 3672 πεποιημένους,
1514 3603 1874 3674 ἐκτισμένους

281 3708 366 3753 τε,
392 3689 538 3744 καθά
568 3708 733 3761 φησιν
758 3692 786 3744 6
829 3692 1098 3763 μακάριος
1123 3693 1353 3757 Παῦλος,
1384 3696 1477 3748 ἐπὶ
1508 3693 1690 3766 ἔργοις
1729 3698 1873 3764 ἀγα·

282 3778 421 3842 θοῖς,
463 3773 546 3842 οἷς
590 3779 997 3851 προητοίμασεν
1041 3783 1069 3835 6
1109 3780 1263 3846 Θεὸς,
1294 3783 1380 3837 ἵνα
1409 3786 1466 3837 ἐν
1496 3784 1683 3847 αὐτοῖς
1710 3802 1872 3858 περι-

284 3871 643 3943 πατήσωμεν,
687 3871 1153 3945 πεπλεονέκτηκεν
1197 3874 1257 3927 οὐ
1290 3875 1525 3946 μετρίως
1558 3877 1586 3928 6
1615 3876 1715 3945 τῆς
1747 3877 1874 3930 ἀνο-

288 3958 417 4029 μίας
451 3959 702 4032 εὐρετής,
739 3961 834 4015 καὶ
864 3961 965 4030 τῆς
994 3963 1074 4025 είς
1118 3961 1249 4015 Θεὸν
1281 3963 1594 4032 ἀποστήσας
1624 3963 1869 4033 ἀγάπης,

287 4050 452 4112 ἰδίους
481 4051 777 4121 ἐποιήσατο
815 4051 1220 4121 προσκυνητὰς,
1259 4050 1654 4119 δυσδιάφυκτον
1687 4050 1872 4114 αὐτοῖς

284 4142 607 4213 ἐπαρτήσας
652 4142 747 4194 τὸν
791 4145 893 4212 τῆς
942 4141 1218 4213 ἁμαρτίας
1261 4141 1449 4211 ζυγόν.
1510 4140 1872 4212 Πεπραχότας

280 4233 470 4289 τοίνυν
509 4232 730 4297 ἀθλίως,
774 4235 869 4286 καὶ
930 4236 988 4287 ἐν
1037 4233 1248 4298 τούτοις
1292 4235 1452 4296 όντας
1494 4236 1609 4297 τοίς
1657 4235 1869 4298 κακοῖς,

288 4326 529 4396 μάλιστα
565 4325 695 4385 τοὺς
720 4324 781 4389 ἐξ
811 4324 978 4379 ἐθνῶν
1000 4326 1272 4399 ἐρρύσατο
1297 4326 1553 4397 Χριστὸς,
1588 4326 1683 4379 καὶ
1710 4323 1874 4377 πάλιν

286 4417 566 4487 ἀπέφηνεν
586 4414 924 4487 ἐλευθέρους.
960 4416 1148 4491 Ταύτῃ
1166 4417 1249 4470 τοί
1276 4433 1442 4486 φησιν
1459 4431 1472 4444 ’
1512 4433 1530 4466 ι
1554 4414 1875 4488 ’Ᾱφαιρεθή-

1977 3608 2101 3649 nam
2141 3595 2504 3664 pulcherrime
2553 3593 2838 3660 fabricati,
2884 3593 3226 3662 conditique,
3264 3601 3326 3646 ut
3377 3592 3556 3660 inquit

1971 3684 2159 3739 beatus
2200 3682 2399 3740 Paulus
2420 3685 2490 3751 ",
2534 3685 2600 3739 ad
2647 3699 2814 3754 opera
2865 3681 3003 3737 bona
3054 3698 3174 3753 qua:
3225 3682 3554 3751 praeparavit

1972 3775 2146 3840 Deus,
2183 3787 2237 3831 ut
2275 3778 2327 3833 in
2365 3776 2473 3832 illis
2510 3774 3167 3845 antbularemus,‘-‘invasit
3192 3789 3286 3829 eos
3317 3785 3371 3828 et
3411 3781 3555 3828 totos

1971 3866 2213 3935 possedit
2239 3867 2543 3937 iniquitatis
2573 3868 2841 3929 inventor,
2865 3874 2919 3920 et
2949 3880 2979 3919 a
3009 3865 3278 3919 charitate
3302 3867 3354 3917 in
3386 3865 3551 3917 Deum

1973 3972 2217 4020 aversos,
2252 3959 2469 4027 proprie
2499 3972 2626 4012 suos
2659 3960 2897 4012 cultores
2933 3943 3187 4019 reddidit,
3226 3970 3291 4009 ac
3323 3954 3555 4007 inevita-

1976 4044 2083 4099 bile
2115 4046 2321 4114 peccati
2349 4046 2538 4115 jugum
2569 4046 2845 4114 imposuit.
2870 4044 3059 4113 Itaque
3086 4043 3284 4097 misere
3308 4053 3552 4112 agentes,

1975 4136 2168 4207 hisque
2206 4136 2257 4189 in
2291 4137 2447 4189 malis
2478 4143 2722 4189 versatos
2749 4133 2980 4202 gentiles
3014 4133 3273 4196 maxime,
3300 4132 3555 4191 Christus

1974 4231 2198 4302 eripuit,
2233 4239 2287 4284 et
2322 4230 2388 4282 de
2430 4227 2640 4293 integro
2683 4226 2736 4279 in
2777 4224 3083 4278 libertatem
3112 4224 3423 4279 vindicavit.
3471 4224 3555 4280 Id-

1974 4326 2121 4379 circo
2147 4324 2255 4376 ait:
2282 4340 2299 4372 ι
2332 4318 2574 4374 Tolletur
2596 4319 2778 4389 jugum
2807 4315 2937 4384 ipsis
2964 4316 3294 4385 impositum,
3319 4327 3372 4373 et
3401 4317 3554 4389 virga

1975 4430 2097 4485 quae
2115 4423 2200 4469 est
2234 4414 2285 4466 in
2313 4412 2452 4467 collo
2482 4425 2691 4465 eorum.
2724 4428 2744 4462 ι
2776 4407 2997 4478 Virgam
3029 4419 3232 4477 autem,
3259 4411 3442 4474 credo,
3470 4412 3554 4465 di-

289 4523 443 4560 σεται
472 4508 501 4560 6
530 4504 693 4574 ζυγὸς
718 4506 747 4559 6
782 4506 868 4559 ἐπ’
894 4506 1076 4560 αὐτῶν
1100 4506 1376 4575 κείμενος,
1423 4504 1519 4558 καὶ
1546 4506 1580 4576 ἡ
1616 4503 1812 4576 ῥάϐδος
1839 4504 1868 4576 ή

1981 4510 2081 4575 cit,
2112 4507 2195 4561 vel
2226 4514 2520 4574 sceptrum,
2554 4503 2658 4557 hoc
2688 4510 2790 4567 est,
2822 4515 3070 4570 regnum,
3109 4501 3313 4556 scilicet
3340 4500 3556 4555 Satanae

287 4596 385 4651 ἐπὶ
398 4595 493 4650 τοῦ
514 4596 786 4670 τραχήλου
811 4597 1011 4653 αὐτῶν.
1042 4618 1062 4651 ι
1097 4596 1321 4652 Ῥάϐδον
1347 4596 1405 4651 δὲ
1428 4592 1598 4668 οἶμαι,
1627 4598 1813 4667 φησὶν,
1836 4594 1871 4667 ἢ

286 4690 351 4743 τὸ
384 4689 681 4762 σκῆπτρον,
713 4690 859 4744 τοῦτ’
885 4690 1021 4759 ἐστι,
1053 4691 1153 4762 τὴν
1202 4690 1503 4760 βασιλείαν,
1529 4689 1688 4761 δῆλον
1707 4689 1766 4743 δὲ
1788 4690 1873 4743 δτι

287 4782 390 4852 τὴν
414 4781 509 4835 τοῦ
540 4783 774 4849 Σατανᾶ,
802 4782 837 4854 ἢ
867 4783 1006 4853 τάχα
1053 4800 1155 4836 που
1192 4783 1291 4854 τὴν
1331 4783 1597 4854 ἀνάγκην,
1646 4784 1741 4838 καὶ
1771 4782 1871 4853 τὴν

288 4875 451 4927 οἱονεὶ
477 4875 692 4946 πληγήν
716 4892 777 4929 τε
807 4876 903 4929 καὶ
935 4877 1193 4946 μάστιγα.
1231 4875 1452 4947 Συνέχει
1480 4876 1589 4947 γὰρ
1620 4875 1768 4944 ἡμᾶς
1790 4876 1873 4938 είς

288 4963 351 5017 τὺ
376 4967 576 5019 οἰκεῖον
605 4965 823 5037 θέλημα
848 4968 907 5020 τὸ
932 4968 1126 5038 μιαρὸν
1164 4969 1258 5021 καὶ
1282 4967 1509 5039 βέϐηλον
1534 4966 1644 5020 τῶν
1679 4967 1870 5035 δαιμο-

290 5052 507 5108 νίωντὸ
541 5056 761 5125 στίφος,
790 5058 885 5111 καὶ
914 5057 943 5108 6
982 5057 1185 5111 τούτων
1219 5058 1520 5128 ἡγούμενος
1546 5060 1574 5111 6
1603 5058 1867 5123 Σατανᾶς,

292 5150 579 5218 μονονουχὶ
625 5149 807 5219 ῥάϐδῳ
850 5149 1172 5205 καταπαίων
1200 5154 1321 5214 ταῖς
1352 5151 1461 5205 τῶν
1490 5151 1678 5205 παθῶν
1711 5150 1871 5204 δυνα-

290 5241 531 5307 στείαις,
569 5242 606 5296 ἆ
642 5241 898 5312 ἐπιφέρει
938 5242 1017 5311 τῷ
1055 5241 1152 5313 νῷ,
1199 5244 1292 5296 καὶ
1342 5242 1729 5307 καταϐιάζεται
1768 5242 1868 5314 τὴν

289 5331 514 5403 καρδίαν
540 5335 621 5397 είς
648 5334 710 5388 τὸ
737 5335 872 5405 δρᾷν
901 5334 1103 5388 ἐθέλειν
1127 5333 1164 5387 ἃ
1192 5334 1267 5405 μὴ
1303 5334 1481 5406 θέμις.
1522 5335 1866 5388 Ἀποσείσον-

284 5443 375 5479 ται
418 5425 621 5492 τοίνυν,
652 5429 809 5497 φησι,
844 5425 936 5480 τὸν
970 5428 1036 5481 ἐκ
1068 5425 1379 5493 πλεονεξίας
1405 5427 1590 5496 ζυγὸν,
1630 5427 1724 5479 καὶ
1761 5425 1867 5496 μὴν

285 5516 381 5569 καὶ
418 5514 519 5586 τὴν
557 5516 773 5586 ῥάϐδον,
808 5517 876 5587 ῆν
907 5520 1204 5589 ἐσχήκασιν
1245 5518 1331 5571 ἀεὶ
1373 5520 1514 5573 κατὰ
1541 5517 1635 5572 τοῦ
1664 5522 1866 5590 τραχή-

282 5607 396 5672 iw,
455 5606 710 5679 καθάπερ
759 5609 967 5663 οἰκέται
1025 5613 1143 5673 ταῖς
1191 5609 1281 5663 τοῦ
1327 5612 1584 5665 δεσπότου
1634 5613 1867 5681 πληγαῖς

345 5766 390 5796 ⁸⁸⁸
424 5767 624 5839 Ephcs.
654 5785 713 5833 ιι,
753 5768 832 5822 10.

1976 4616 2039 4655 ac
2070 4598 2474 4655 immundornm
2520 4594 2829 4665 spirituum,
2881 4594 2964 4648 vel
2998 4591 3140 4648 forte
3172 4592 3554 4646 necessitatem

1976 4708 2039 4748 ac
2068 4691 2226 4746 veluti
2259 4692 2471 4761 plagam
2495 4697 2548 4743 et
2571 4688 2860 4758 flagellum.
2881 4685 3109 4742 Coercet
3132 4686 3276 4740 enim
3308 4697 3427 4747 nos,
3460 4696 3553 4737 co-

1974 4765 2156 4855 gitque
2187 4783 2252 4837 ad
2293 4798 2446 4838 suam
2491 4779 2819 4836 voluntatem
2854 4777 3174 4832 sceleratam
3210 4783 3264 4829 et
3293 4773 3551 4828 nefariam

1975 4892 2165 4945 agmen
2213 4873 2638 4934 damoniorum,
2682 4883 2979 4937 eorumque
3024 4867 3405 4936 antesignanus
3454 4864 3553 4920 Sa-

1977 4980 2165 5033 tanas,
2207 4965 2499 5021 affectuum
2553 4964 2781 5031 imperio
2825 4976 2923 5015 ceu
2971 4961 3122 5027 virga
3164 4959 3549 5028 pr0pemodum

1971 5061 2304 5121 verberans,
2353 5070 2488 5126 quos
2540 5054 2704 5107 menti
2751 5051 3012 5118 oﬂ'undit,
3057 5051 3406 5118 animumque
3454 5049 3551 5101 im-

1934 5184 1937 5189 ς
1976 5152 2147 5217 pellit,
2174 5159 2232 5203 ut
2261 5164 2380 5217 qua:
2409 5162 2516 5200 non
2551 5146 2675 5201 licet
2697 5144 2827 5199 velit
2857 5143 3055 5198 facere.
3083 5142 3371 5196 Excutient
3396 5153 3546 5207 ergo,

1973 5241 2185 5310 inquit,
2234 5240 2425 5309 iugum
2484 5235 2814 5307 tyrannidis,
2861 5245 2916 5290 et
2960 5234 3163 5304 virgam
3206 5246 3367 5301 quam
3411 5228 3549 5283 collo

1977 5334 2377 5404 impendentem
2431 5344 2647 5399 semper
2699 5329 3036 5392 habuerunt,
3090 5324 3237 5382 velut
3282 5320 3546 5389 mancipia

1930 5464 1937 5467 -
1976 5427 2091 5482 heri
2141 5425 2312 5495 plagis
2364 5423 2629 5492 subjecta.
2677 5421 3001 5475 Meutionem
3053 5432 3183 5471 vero
3231 5429 3419 5469 rursus
3463 5413 3547 5467 iu-

1978 5519 2196 5574 terserit
2241 5518 2485 5572 historia
2523 5529 2644 5585 qua:
2680 5513 2854 5582 posita
2888 5522 2972 5567 est
3012 5511 3064 5565 in
3099 5508 3239 5564 libro
3276 5506 3543 5563 Judicutn.

1980 5613 2069 5667 Sic
2102 5620 2280 5668 autem
2327 5624 2386 5665 se
2418 5607 2579 5663 habet
2610 5624 2622 5661 :
2661 5605 2792 5662 Cum
2828 5604 3238 5675 dereliquissent
3281 5596 3545 5658 universi-
