4122 6292
551 350 655 409 951

1550 343 1610 399 ε.
1652 339 1931 398 ργαιιιι
1971 334 2447 397 ALEXANDRINI
2483 334 2806 392 ARCHIEP.

3731 329 3842 386 35!

557 466 688 521 tatis
717 464 885 519 Deum
932 460 1194 519 Israelita:
1243 458 1580 530 temporibus
1618 456 1895 521 Iudicum,
1929 457 1996 510 ad
2036 454 2157 512 im-

2290 451 2633 525 ιποκείμενοι.
2667 449 2962 522 Μέμνηται
2995 447 3055 504 δέ
3091 448 3255 504 πάλιν
3301 446 3541 519 ἱστορίας
3580 441 3842 515 κειμένης

558 559 814 628 pietatem
845 570 1057 610 morum
1093 552 1327 609 devoluti
1363 561 1517 613 sunt.
1545 551 1824 619 Deumque
1850 548 2117 619 opitulato

563 663 675 703 rem
716 662 779 700 ac
810 645 1076 700 vindicem
1116 642 1365 699 molestia
1409 639 1741 707 aﬂ'eceruut,
1775 639 1933 694 idolis
1980 638 2149 704 affixi,

562 736 923 807 operibusque
974 750 1195 791 suarum
1248 748 1504 788 manuum
1535 731 2149 787 cultumattribueutes.

564 830 703 884 llinc
741 827 1050 885 Madianitis
1094 826 1276 881 traditi
1312 833 1459 888 sunt,
1494 824 1583 893 qui
1609 823 1916 878 universam
1943 837 2131 877 eorum

566 930 771 975 terram
802 918 1107 991 depopulati
1138 925 1285 982 sunt,
1317 919 1480 972 urbes
1512 925 1568 972 et
1594 914 1838 979 castella,
1874 922 1929 970 et
1956 929 2076 983 quae
2101 914 2156 968 in

567 1011 713 1083 agris
757 1020 933 1074 erant,
970 1010 1333 1079 diripuerunt,
1389 1016 1708 1077 tantumque
1763 1007 2013 1061 timorem
2051 1007 2157 1061 mi-

568 1101 706 1159 seris
739 1098 1105 1165 incusserunt,
1131 1106 1191 1152 ut
1227 1097 1281 1152 in
1314 1097 1534 1166 rupibus
1560 1096 1944 1161 habitaverint,
1972 1104 2030 1150 et
2075 1096 2159 1150 in-

570 1204 821 1246 accessos
870 1196 1081 1244 montes
1123 1198 1504 1257 petrarumque
1534 1200 1731 1256 specus
1758 1185 1859 1241 sibi
1891 1186 2159 1256 pararint,

569 1281 800 1350 diraque
835 1295 898 1335 ac
938 1282 1193 1335 diutttrna
1236 1279 1415 1333 inedia
1462 1275 1711 1344 oppressi
1759 1275 1985 1330 fuerint.
2022 1271 2164 1331 Gra-

570 1373 716 1426 viter
741 1382 920 1427 autem
953 1370 1269 1427 fatiscentes
1301 1384 1365 1423 ac
1406 1368 1721 1423 laborantes
1754 1368 2164 1423 commiseratus

2254 547 2313 601 ἐν
2344 547 2409 617 τῇ
2441 544 2611 617 βίϐλῳ
2639 543 2749 598 τῶν
2776 541 3017 613 Κριτῶν.
3047 541 3204 595 Ἔστι
3232 539 3290 594 δέ
3319 538 3481 609 αὕτη.
3509 535 3843 592 Καταλελοι-

2255 638 2418 700 πότες
2445 637 2556 709 γὰρ
2591 636 2682 690 τὸν
2712 633 2818 689 τῶν
2851 634 2987 688 ὅλων
3020 632 3153 687 Θεὸν
3199 632 3251 686 oi.
3287 632 3346 698 ἐξ
3387 628 3605 701 Ἰσραὴλ
3635 629 3694 681 ἐν
3725 629 3842 690 ταῖς

2257 727 2365 783 τῶν
2410 728 2631 801 Κριτῶν
2676 729 2952 801 ἡμέραις,
2990 725 3289 796 ἐτράποντο
3334 723 3473 796 πρὸς
3520 721 3846 790 ἀνοσιότητα

2258 824 2498 894 τρόπων,
2531 824 2625 877 καὶ
2644 822 3012 892 λελυπηκότες
3035 821 3096 874 οὐ
3128 820 3365 892 μετρίως
3388 817 3479 870 τὸν
3497 814 3847 888 ἐπαμύνοντα

2260 915 2415 980 Θεὸν,
2459 915 2702 980 εἰδώλοις
2749 913 3161 988 προσκείμενοι,
3202 912 3296 965 καὶ
3342 913 3453 974 τοῖς
3502 909 3686 980 ἔργοις
3736 905 3849 959 τῶν

2267 1006 2413 1061 ίδίων
2443 1006 2644 1077 χειρῶν
2689 1006 3060 1078 προσάγοντες
3088 1002 3367 1074 λατρείας.
3421 999 3610 1072 Ταύτῃ
3639 1016 3723 1052 τοι
3763 998 3849 1051 δέ·
3876 1040 3883 1044 .

2262 1098 2442 1152 δονται
2474 1100 2587 1160 τοῖς
2618 1096 2995 1169 Μαδιηναίοις·
3039 1096 3090 1150 οἳ
3135 1098 3322 1150 πᾶσαν
3360 1092 3543 1149 αὐτῶν
3588 1089 3821 1160 κατεληῖ

2265 1190 2421 1256 ζοντο
2450 1189 2575 1260 γῆν,
2612 1188 2796 1253 πόλεις
2824 1206 2885 1242 τε
2917 1188 3012 1242 καὶ
3072 1185 3270 1258 κώμας
3309 1184 3723 1256 διαρπάζοντες,
3757 1181 3853 1235 καὶ

2265 1285 2334 1339 τὰ
2348 1285 2407 1337 ἐν
2425 1286 2637 1353 ἀγροῖς.
2664 1282 2777 1336 Καὶ
2804 1281 3063 1335 τοσοῦτον
3085 1279 3480 1351 ἐνεποιήσαντο
3506 1270 3621 1339 τοῖς
3646 1274 3855 1337 ἀθλίοις

2266 1376 2329 1430 τὸ
2350 1376 2531 1446 δεῖμα,
2551 1374 2691 1429 ὥστε
2724 1373 2819 1428 καὶ
2848 1373 3056 1444 πέτρας
3086 1371 3283 1433 αὐτοὺς
3311 1367 3528 1422 ἑλέσθαι
3553 1367 3852 1432 κατοικεῖν,

574 1460 740 1525 Deus,
776 1476 939 1515 manu
982 1474 1048 1515 ac
1092 1460 1397 1515 ministerio
1430 1457 1705 1514 Gedeonis
1746 1458 2003 1522 asseruit,
2068 1459 2163 1528 qui

2290 1466 2366 1520 ιαὶ
2408 1466 2477 1519 τὰ
2515 1464 2759 1519 δύσϐατα
2784 1462 2892 1517 τῶν
2920 1463 3084 1534 ὀρῶν.
3126 1461 3223 1516 καὶ
3262 1460 3367 1524 τὰς
3413 1460 3523 1513 τῶν
3572 1456 3857 1529 σπηλαίων

576 1553 901 1611 Madianitas
945 1555 1177 1623 devicit,
1223 1566 1279 1610 et
1326 1554 1653 1610 necessitate
1698 1552 2044 1621 impendente
2101 1566 2166 1606 ac

2290 1555 2736 1629 περιεργάζεσθαι
2772 1552 3119 1616 καταδύσεις,
3168 1549 3348 1622 ἀγρίῳ
3388 1566 3449 1602 τε
3498 1549 3596 1602 καὶ
3658 1544 3859 1617 μακρῷ

577 1647 728 1715 virga
764 1645 1014 1701 lsraelem
1056 1646 1323 1702 liberavit.
1367 1643 1442 1698 lta
1475 1659 1603 1715 ergo
1637 1664 1656 1697 ι
1686 1644 1971 1713 dissipavit
2005 1641 2164 1713 153

2290 1646 2692 1702 ιαταθλίϐεσθαι
2748 1645 2914 1716 λιμῷ.
2967 1644 3339 1715 Κεκμηκότας
3403 1641 3462 1694 δέ
3506 1641 3568 1695 ού
3622 1640 3857 1711 μετρίως

578 1746 892 1794 exacturum
915 1739 1146 1809 virgam,
1175 1739 1314 1793 sicut
1345 1740 1397 1792 in
1432 1738 1520 1792 die
1551 1734 1801 1790 Modiam.
1838 1755 1857 1788 ι
1892 1735 2166 1803 Quemad-

2290 1739 2434 1810 Ιγλέει
2464 1738 2619 1802 Θεὸς,
2648 1734 2767 1792 εἶτα
2801 1737 3044 1791 σέσωκεν
3075 1737 3273 1799 αὐτοὺς
3301 1735 3390 1788 διὰ
3415 1732 3601 1804 χειρὸς
3626 1729 3859 1795 Γεδεὼν,

580 1829 799 1884 modum
826 1831 971 1883 enim
1007 1840 1134 1884 tunc
1176 1828 1503 1883 intolerabili
1541 1826 1831 1901 tyrannide
1871 1841 2166 1895 oppressos

2290 1831 2326 1894 lc;
2363 1830 2616 1898 νενίκηκε
2666 1831 2792 1892 τοὺς
2845 1827 3253 1897 Μαδιηναίους,
3306 1824 3604 1897 ἠλευθέρου
3659 1839 3721 1876 τε
3772 1821 3864 1875 τὸν

576 1920 803 1989 eripuit,
838 1920 1117 1991 tyrannica
1155 1930 1313 1989 gcute
1341 1920 1585 1989 expulsa,
1619 1921 1698 1974 sic
1726 1934 1821 1974 eos
1850 1928 2168 1972 exactorum

2290 1922 2501 1993 Ἰσραὴλ
2572 1921 2671 1991 τῆς
2735 1919 3130 1991 ἐπηρτημένης
3187 1919 3372 1980 αὐτοῖς
3443 1916 3694 1986 ἀνάγκης
3769 1913 3864 1967 καὶ

581 2011 734 2082 virga
762 2012 985 2081 depulsa
1019 2021 1074 2067 et
1108 2012 1317 2081 abjecta
1362 2021 1555 2080 gentes
1576 2012 1944 2067 conservavit.
1996 2013 2170 2068 Exac-

2290 2013 2493 2069 ia't659u.
2550 2010 2706 2066 Οὕτω
2733 2012 2914 2066 τοίνυν
2950 2010 3297 2066 διεσκέδασεν
3323 2010 3352 2062 ό
3381 2007 3587 2079 Κύριος
3623 2006 3724 2076 τὴν
3755 2005 3863 2059 τῶν

586 2110 737 2156 tores
759 2117 889 2156 vero
908 2101 1142 2170 appellat
1166 2102 1341 2172 ipsum
1372 2100 1654 2165 Satanam,
1680 2101 1907 2170 ipsaque
1929 2115 2051 2155 cum
2079 2100 2169 2155 illo

2290 2103 2642 2159 ιπαιτούντων
2674 2105 2889 2175 ῥάϐδον,
2923 2104 3001 2168 ώς
3028 2106 3095 2175 τῇ
3135 2103 3320 2175 ἡμέρᾳ
3360 2105 3427 2174 τῇ
3473 2100 3568 2155 ἐπὶ
3614 2099 3861 2170 Μαδίαμ.

585 2192 873 2257 daemonia,
915 2192 1114 2264 quibus
1169 2192 1256 2247 hic
1288 2206 1485 2261 scopus
1525 2192 1679 2261 quasi
1723 2193 2033 2261 propositus
2063 2200 2166 2256 est,

2290 2197 2367 2259 Ως
2408 2194 2519 2266 γάρ
2560 2194 2832 2267 ἐρρύσατο
2862 2195 2983 2248 τότε
3016 2194 3141 2258 τοὺς
3181 2196 3302 2258 ταῖς
3341 2193 3639 2264 άφορήτοις
3680 2192 3867 2245 πλεον-

584 2292 649 2340 ut
682 2295 904 2356 peccata
935 2294 1196 2342 consueta
1228 2286 1384 2355 quasi
1424 2284 1652 2355 vectigal
1685 2299 1779 2340 seu
1818 2285 2076 2340 tributum
2101 2282 2170 2337 ab

2290 2284 2449 2350 εξίαις
2482 2285 2914 2357 ἐνησχημένους,
2941 2285 3002 2339 τὸ
3026 2284 3387 2340 πλεονεκτοῦν
3405 2283 3667 2349 ἐξελάσας
3689 2281 3862 2346 ἔθνος,

584 2378 902 2435 hominibus
928 2382 1167 2450 exigant.
1194 2378 1427 2435 Omnino
1456 2380 1602 2435 enim
1633 2379 1702 2434 ab
1721 2393 1790 2434 eo
1816 2377 1910 2448 qui
1937 2377 2166 2433 scortari

2290 2377 2422 2432 abte)
2456 2378 2666 2432 σέσωκε
2710 2379 2839 2441 τοὺς
2885 2377 2945 2444 ἐξ
2984 2377 3176 2441 ἐθνῶν,
3216 2377 3314 2448 τὴν
3353 2376 3462 2432 τῶν
3492 2376 3866 2430 ἀπαιτούντων

586 2470 725 2526 solet
754 2470 1167 2536 scortationem,
1209 2470 1278 2525 ab
1306 2485 1373 2526 eo
1406 2471 1499 2539 qui
1533 2469 1701 2524 iurari
1751 2469 1890 2525 solet
1941 2469 2169 2533 furtum,

2290 2469 2479 2535 ἐλάσας
2512 2469 2728 2542 ῥάϐδον.
2756 2468 3150 2533 Ἀπαιτοῦντας
3183 2468 3243 2523 δέ
3269 2485 3455 2538 φησιν,
3484 2468 3649 2522 αὐτόν
3687 2484 3749 2521 τε
3776 2468 3866 2521 τὸν

586 2572 648 2618 ut
673 2565 909 2635 suppilet
950 2573 1133 2620 vestes
1162 2565 1247 2627 vel
1291 2562 1506 2619 {utetur
1540 2563 1883 2633 simpliciter,
1907 2571 1963 2617 et
1993 2577 2022 2615 a
2060 2561 2174 2616 sin-

2290 2562 2552 2627 Σατανᾶν,
2604 2563 2699 2616 καὶ
2735 2562 2804 2617 τὰ
2833 2561 3108 2633 δαιμόνια,
3139 2556 3221 2625 οἷς
3251 2562 3280 2613 ὁ
3308 2560 3510 2626 σκοπὸς
3536 2561 3686 2632 καὶὴ
3720 2560 3870 2614 πᾶσα

590 2655 731 2726 gulis
762 2656 977 2709 demunt
1025 2654 1338 2710 hominibus
1381 2656 1435 2709 in
1474 2655 1672 2724 quibus
1703 2654 1891 2709 insunt
1920 2652 2173 2719 aﬂ‘ectus,

2290 2654 2528 2725 σπουδὴ,
2596 2656 2658 2707 τὸ
2723 2655 2979 2709 ἀπαιτεῖν
3044 2651 3368 2725 ἀνθρώπους
3437 2653 3688 2726 καθάπερ
3750 2652 3871 2707 τινά

593 2755 657 2797 ea
700 2757 820 2809 qua:
868 2742 1163 2797 familiaria
1209 2743 1316 2798 illis
1365 2753 1494 2799 sunt
1535 2751 1593 2798 et
1634 2743 1807 2798 amica
1860 2751 2176 2812 reposcunt.

2290 2743 2513 2815 δασμὸν,
2534 2743 2567 2816 ἥ
2590 2744 2740 2808 τέλος
2767 2745 2866 2809 τὰς
2896 2747 3147 2815 συνήθεις
3173 2742 3471 2815 ἁμαρτίας.
3504 2743 3737 2815 Ζητοῦσι
3765 2744 3872 2814 γὰρ

595 2829 775 2898 Unde,
821 2833 1035 2902 opinor,
1076 2850 1245 2890 sacrae
1273 2833 1493 2890 Litterae
1534 2834 1792 2902 quosdam
1835 2849 2024 2890 vocem
2063 2833 2180 2903 ejus

2290 2834 2539 2900 πάντως,
2573 2836 2683 2890 ἀπὸ
2718 2837 2820 2907 μὲν
2860 2838 2956 2890 τοῦ
3003 2836 3293 2909 πορνεύειν
3328 2838 3582 2898 εἰωθότος
3612 2836 3714 2907 τὴν
3741 2853 3874 2906 πορ-

597 2925 689 2994 qui
742 2926 939 2979 tributa
971 2927 1137 2997 exigit
1173 2941 1276 2981 nou
1306 2926 1611 2989 audientes,
1647 2926 1833 2982 beatos
1865 2927 2181 2995 pradicant.

2291 2929 2462 2994 νείαν,
2492 2928 2600 2983 ἀπὸ
2627 2928 2686 2982 δὲ
2717 2926 2811 2982 τοῦ
2851 2928 3106 2982 κλέπτειν
3156 2929 3255 3000 τὴν
3290 2929 3551 3000 κλεψίαν,
3608 2924 3777 2996 ἤγουν
3817 2929 3874 2980 τὸ

595 3017 924 3073 λωποδυτεῖν
959 3020 1165 3085 ἁπλῶς,
1209 3021 1302 3074 καὶ
1346 3021 1433 3089 ἐφ’
1467 3019 1700 3077 ἑκάστου
1752 3020 1861 3073 τῶν
1898 3020 1957 3075 ἐν
2002 3019 2232 3074 πάθεσιν
2279 3021 2481 3088 ὄντων,
2530 3020 2599 3075 τὰ
2641 3021 2792 3093 αὐτῷ
2839 3021 3045 3093 συνήθη
3087 3022 3182 3075 καὶ
3221 3022 3371 3091 φίλα.
3414 3022 3580 3075 Ὅθεν
3621 3016 3771 3092 οἶμαι
3814 3019 3872 3074 τὸ

596 3113 837 3186 Γράμμα
854 3114 914 3168 τὸ
960 3114 1105 3187 ἱερὸν
1137 3114 1431 3188 μακαρίζει
1468 3115 1642 3181 τινὰς,
1672 3115 1748 3179 ὡς
1777 3115 1853 3186 μὴ
1883 3115 2226 3180 ἀκούσαντας
2254 3118 2353 3189 τὴν
2381 3118 2475 3172 τοῦ
2506 3118 2800 3189 φορολόγου
2835 3119 3042 3189 φωνήν.

669 3206 836 3261 Vens.
885 3206 948 3266 6.
1002 3206 1055 3260 7.
1112 3205 1253 3272 Quia
1308 3222 1514 3260 onmem
1563 3205 1754 3260 stolam
1811 3214 2182 3276 congregatum

2368 3208 2486 3262 Ὅτι
2523 3205 2731 3263 πᾶσαν
2754 3206 2996 3275 στολὴν
3034 3206 3531 3277 ἐπισυνηγμένην
3563 3208 3745 3273 δόλῳ,
3780 3208 3872 3263 κιιι

599 3296 821 3368 fraude,
865 3306 913 3351 et
954 3307 1144 3353 vestem
1179 3315 1296 3352 cum
1332 3299 1746 3353 commutatione
1786 3299 2092 3365 restituent,
2140 3308 2182 3354 et

2293 3298 2528 3368 ἱμάτιον
2542 3301 2671 3368 μετ’
2701 3298 2978 3373 ἀλλαγῆς
2999 3300 3406 3355 ἀποτίσουσιν
3422 3318 3436 3331 ·
3461 3301 3559 3355 καὶ
3589 3299 3878 3366 θελήσου-

605 3388 779 3442 uolent
817 3405 929 3442 esse
955 3391 1073 3458 igne
1101 3390 1380 3446 combusti.
1404 3389 1545 3454 Quia
1570 3406 1700 3454 puer
1727 3399 1880 3444 natus
1903 3402 1979 3444 est
2015 3392 2182 3456 nobis,

2291 3403 2415 3451 σιν,
2469 3390 2522 3441 εί
2567 3387 2948 3457 ἐγενήθησαν
2997 3390 3421 3457 πυρίκαυστοι.
3471 3391 3594 3444 Ὅτι
3640 3390 3878 3445 παιδίον

602 3488 655 3533 et
683 3479 830 3548 ﬁlius
864 3481 1021 3534 datus
1047 3490 1124 3535 est
1157 3482 1327 3546 nobis,
1361 3480 1515 3550 cujus
1552 3481 1880 3550 principatus
1914 3481 2088 3550 [actus
2115 3493 2182 3537 est

2291 3478 2585 3548 ἐγεννήθη
2623 3480 2770 3549 ἡμῖν
2804 3482 2955 3548 υἱός,
2993 3482 3092 3535 καὶ
3124 3482 3304 3549 ἐδόθη
3339 3483 3506 3550 ἡμῖν,
3540 3479 3611 3541 οὗ
3651 3485 3690 3551 ἡ
3723 3484 3875 3552 ἀρχὴ

604 3584 765 3636 super
798 3571 1070 3624 humerum
1103 3571 1239 3640 ejus,
1269 3580 1314 3623 et
1352 3571 1623 3625 vocabitur
1659 3588 1847 3625 nomen
1872 3571 1985 3640 ejus
2017 3575 2182 3642 magni

2293 3571 2586 3640 ἐγεννήθη
2646 3572 2746 3626 ἐπί
2805 3573 2912 3627 τοῦ
2959 3573 3123 3643 ὤμου
3187 3576 3397 3640 αὐτοῦ,
3455 3575 3556 3630 καὶ
3610 3577 3880 3632 καλεῖται

605 3660 822 3715 consilii
851 3660 1106 3731 Angelus.
1165 3661 1279 3732 Ego
1327 3662 1467 3715 enim
1513 3662 1775 3715 adducam
1818 3678 1996 3728 pacem
2038 3680 2196 3730 super

604 3754 892 3824 principes,
915 3770 1093 3823 pacem
1118 3764 1164 3808 et
1202 3755 1485 3809 sanitatem
1515 3754 1964 3826 eorum.Magnus
1991 3755 2193 3825 princi-

605 3857 763 3917 patus
794 3847 931 3915 ejus,
954 3856 1002 3901 et
1033 3848 1179 3916 pacis
1211 3847 1327 3917 ejus
1357 3863 1460 3902 non
1489 3848 1585 3901 erit
1616 3847 1741 3916 linis
1770 3861 1790 3900 .'
1817 3865 1976 3917 super
2000 3849 2195 3902 solium

607 3937 852 4003 Davidis,
880 3948 932 3993 et
962 3954 1174 4007 regnum
1199 3938 1332 4007 ejus,
1359 3949 1416 3993 ut
1447 3947 1584 3993 recte
1612 3937 1750 3993 illud
1785 3940 2122 3994 administrat
2146 3950 2195 3994 et

608 4032 920 4090 auxilietur,
944 4032 999 4085 in
1016 4031 1229 4099 jnstitia
1255 4041 1302 4084 et
1330 4031 1385 4084 in
1405 4030 1616 4100 judicio
1645 4031 1701 4085 in
1727 4048 1931 4086 omnem
1949 4032 2196 4102 deinceps

611 4124 991 4179 etet-nitatem.
1027 4121 1186 4179 Zelus
1219 4123 1430 4180 Domini
1459 4123 1699 4180 Sabaoth
1730 4126 1850 4195 fecit
1884 4126 2018 4181 litae.

685 4410 905 4467 Vocatus
960 4420 1090 4466 sunt
1147 4412 1214 4467 ad
1266 4411 1599 4479 agnitionem
1668 4410 2039 4465 Etumanuelis
2102 4424 2201 4479 per

2295 3663 2483 3733 ὄνομα
2506 3663 2696 3719 αὐτοῦ
2721 3664 2995 3735 μεγάλης
3013 3664 3254 3733 ,βουλῆς
3277 3666 3554 3736 ἄγγελος.
3601 3667 3742 3737 Ἐγὼ
3774 3669 3880 3736 γὰρ

2294 3754 2417 3820 ἄξω
2462 3755 2714 3824 εἰρήνην
2767 3755 2867 3809 ἐπὶ
2915 3756 3058 3822 τοὺς
3110 3756 3426 3826 ἄρχοντας,
3485 3758 3738 3828 εἰρήνην
3788 3757 3884 3812 και

2295 3849 2528 3916 ὑγίειαν
2551 3847 2768 3902 αὐτῶν.
2799 3848 3043 3919 Μεγάλη
3076 3852 3115 3918 ἡ
3138 3851 3294 3920 ἀρχὴ
3317 3852 3525 3915 αὑτοῦ,
3554 3852 3654 3905 καὶ
3676 3850 3789 3919 τῆς
3815 3853 3886 3905 el-

2288 3940 2488 4010 ρήνης
2524 3942 2712 3996 αὐτοῦ
2754 3924 2865 3995 οὐκ
2913 3942 3086 3995 ἔσται
3139 3945 3342 4012 aptos"
3378 3944 3476 3996 ἐπὶ
3523 3944 3633 3995 τὸν
3664 3946 3887 4011 θρόνον

2297 4033 2478 4088 Δαϐὶδ
2502 4034 2602 4090 καί
2632 4032 2750 4103 τὴν
2775 4036 3108 4100 ,βασιλείαν
3138 4036 3348 4102 αὑτοῦ,
3378 4034 3758 4101 κατορθῶσαι
3783 4038 3889 4089 αὑ-

2295 4128 2442 4196 τὴν,
2500 4128 2599 4181 καί
2650 4128 3075 4183 ἀντιλαϐέσθαι
3127 4128 3342 4198 αὐτῆς,
3393 4129 3465 4181 ὲν
3503 4126 3883 4195 δικαιοσύνῃ.

2299 4219 2401 4273 καὶ
2428 4218 2499 4272 ἐν
2527 4219 2781 4287 κρίματι,
2818 4220 2939 4282 ἀπὸ
2963 4219 3073 4274 τοῦ
3108 4221 3246 4286 νῦν,
3290 4220 3389 4275 καὶ
3419 4222 3508 4287 είς
3552 4220 3661 4274 τὸν
3703 4219 3889 4273 αἰῶνα

2301 4314 2554 4382 χρόνον·
2583 4315 2614 4366 ό
2645 4310 2826 4380 ζῆλος
2856 4313 3078 4381 Κυρίου
3115 4312 3359 4367 Σαϐαὼθ
3388 4312 3630 4379 ποιήσει
3676 4311 3882 4366 ταῦτα.

2374 4405 2652 4475 Κέκληται
2691 4405 2789 4474 μὲν
2817 4407 2897 4468 εἰς
2932 4405 3229 4472 ἐπίγνωσιν
3261 4405 3356 4459 τοῦ
3396 4403 3748 4476 Ἐμμανουὴλ
3802 4402 3891 4457 διὰ

618 4514 839 4560 sanctos
863 4504 1135 4573 apostolos
1175 4502 1419 4571 reliquias
1459 4501 1703 4564 lsraelis,
1744 4512 1951 4558 vocatae
1989 4512 2116 4556 sunt
2145 4515 2182 4556 el

2304 4497 2414 4551 τῶν
2439 4499 2611 4567 ἁγίων
2641 4498 2958 4551 ἀποστόλων
3001 4499 3062 4551 τὸ
3102 4498 3457 4569 κατάλειμμα
3498 4495 3613 4573 τοῦ-
3638 4496 3886 4567 ’Ῑσραήλο

611 4607 830 4669 gentes.
872 4562 1085 4666 (iuippe
1128 4562 1383 4651 dicebat:
1442 4596 1608 4667 Regio
1650 4562 1911 4660 zabulon,
1953 4605 2009 4650 et
2054 4606 2182 4651 terr:

2307 4562 2603 4659 κέκληνται
2629 4588 2687 4641 δὲ
2717 4590 2810 4640 καὶ
2837 4587 2907 4640 τὰ
2936 4587 3088 4659 ἔθνη.
3115 4588 3226 4640 Καὶ
3257 4562 3392 4656 γούν
3414 4568 3686 4655 ἔφασκεν
3720 4562 3893 4655 Χώρα

610 4688 991 4757 Nephthalim;
1047 4687 1243 4756 quibus
1281 4687 1476 4741 deinde
1527 4686 1730 4747 subdit,
1791 4684 2009 4740 Galilma
2074 4702 2207 4758 gen-

612 4784 775 4845 tium,
811 4780 1039 4850 populus
1080 4779 1170 4848 qui
1210 4779 1362 4833 sedet
1400 4778 1453 4832 in
1487 4778 1746 4844 tenebris,
1779 4777 1991 4831 videbat
2032 4777 2205 4833 lucem

616 4890 892 4943 magnam,
949 4873 1143 4928 lucem~
1179 4872 1424 4926 videlicet
1456 4886 1556 4937 per
1587 4869 1885 4935 Christum,
1916 4868 2007 4939 qui
2046 4869 2208 4924 intel-

615 4963 857 5035 ligentia:
878 4963 996 5019 luce
1021 4979 1123 5017 nou
1152 4973 1362 5034 gentem
1385 4962 1734 5017 Israeliticam
1751 4961 1885 5028 iam,
1910 4961 2007 5015 sed
2034 4971 2206 5015 totum

617 5070 890 5117 terrarum
926 5057 1115 5112 orbem
1148 5056 1448 5111 eollustrat.
1479 5056 1633 5123 Quod
1677 5052 2197 5110 autemcollustrati

616 5151 816 5208 diaboli
864 5151 1084 5205 malitiae
1118 5147 1309 5220 jugnm
1339 5163 1540 5203 exuere
1593 5149 1911 5218 virgamque
1960 5146 2202 5217 effugere

617 5244 905 5307 deberent,
948 5243 1105 5314 plene
1132 5241 1498 5305 conﬁrmavit,
1531 5256 1653 5295 cmn
1685 5241 1833 5295 addit
1862 5258 1875 5294 :
1904 5240 2196 5306 Propterea

621 5336 843 5391 tolletur
867 5337 1058 5405 jugum
1104 5334 1248 5403 quod
1275 5331 1383 5387 illis
1409 5334 1718 5402 impositum
1747 5340 1850 5397 est,
1877 5341 1931 5386 et
1963 5331 2110 5399 virga
2146 5329 2199 5381 in

619 5428 760 5483 collo
788 5442 998 5483 eorum.
1029 5427 1243 5480 Atenim
1275 5424 1523 5479 videmus
1554 5424 1638 5477 bis
1668 5423 1757 5493 qui
1791 5431 2059 5477 creaturas
2088 5434 2204 5474 ser-

619 5521 773 5577 viunt
814 5531 869 5575 et
905 5536 1069 5590 opera
1104 5536 1360 5575 manuum
1393 5534 1613 5575 suarum
1643 5518 1892 5581 adorant,
1923 5514 2204 5571 diabolicae

622 5612 846 5667 malitiae
906 5613 1093 5681 iugum
1158 5612 1501 5676 incubuisse;
1558 5609 1813 5664 Israelitis
1854 5609 2017 5661 etiam
2073 5606 2205 5674 legis

622 5702 837 5773 pondus
880 5716 984 5755 non
1022 5702 1323 5765 ferendum,
1352 5710 1407 5756 et
1442 5716 1581 5756 onus
1610 5715 1739 5753 vere
1774 5696 2197 5752 intolerandum.

623 5791 907 5862 Siquidem
960 5792 1101 5850 beati
1151 5792 1397 5862 discipuli
1451 5791 1913 5863 reprehenderunt
1957 5801 2071 5850 eos,
2114 5787 2205 5856 qui

2304 4680 2590 4735 Ζαϐουλὼν
2615 4681 2708 4733 καὶ
2729 4681 2799 4750 γῆ
2829 4679 3176 4750 Νεφθαλείμ·
3203 4673 3324 4732 εἶτα
3354 4678 3565 4742 τούτοις
3588 4679 3891 4748 ἐπήγαγεν,

2303 4769 2568 4824 Γαλιλαία
2588 4770 2698 4823 τῶν
2742 4769 2913 4822 ἐθνῶν
2934 4786 2947 4799 '
2987 4773 3016 4824 ό
3047 4771 3176 4834 λαδς
3204 4771 3232 4823 ὁ
3282 4769 3596 4840 καθήμενος
3627 4770 3685 4822 ἐν
3711 4768 3895 4820 σκότει

2306 4863 2424 4933 φῶς
2446 4859 2552 4916 εἶδε
2592 4863 2758 4932 μέγα,
2787 4863 2850 4916 τὸ
2881 4863 2973 4917 διὰ
3019 4863 3257 4934 Χριστοῦ
3290 4864 3534 4934 δηλονότι
3578 4864 3896 4932 καταφωτί-

2308 4954 2493 5020 (om;
2518 4955 2741 5027 νοητῶς,
2775 4955 2875 5025 ούχ
2908 4955 2967 5008 ἓν
3001 4954 3152 5018 levo;
3182 4954 3265 5008 ἐτι
3292 4956 3355 5009 τὸ
3391 4956 3452 5021 ἐξ
3491 4956 3734 5028 Ἰσραὴλ,
3759 4955 3899 5027 σύμ-

2308 5066 2486 5104 πασαν
2516 5048 2574 5102 δέ
2612 5048 2811 5120 μᾶλλον
2844 5048 2945 5118 τὴν
2985 5048 3076 5101 ὑπ’
3115 5048 3362 5120 οὐρανόν.
3397 5050 3520 5102 Ὅτι
3565 5048 3794 5122 ἔμελλον
3847 5050 3898 5101 οί

2309 5140 2715 5212 πεφωτισμένοι
2765 5140 2867 5211 τῆς
2889 5140 2985 5194 τοῦ
3026 5140 3277 5195 διαϐόλου
3320 5141 3645 5213 σκαιότητος
3692 5140 3899 5195 ἀποδύ-

2312 5235 2509 5289 σασθαι
2536 5235 2628 5288 τὸν
2661 5234 2844 5301 ζυγὸν,
2875 5233 3163 5304 διαφυγεῖν
3194 5250 3254 5288 τε
3283 5235 3384 5307 τὴν
3424 5235 3644 5306 ῥάϐδον,
3682 5234 3906 5305 πεπλη-

2313 5327 2587 5400 ροφόρηκε
2626 5327 2932 5400 προτιθείς’
2965 5328 3111 5380 Διότι
3151 5328 3584 5401 ἀφαιρεθήσεται
3612 5330 3642 5383 ὁ
3679 5327 3845 5397 ζυγὸς
3872 5329 3903 5379 ό

2311 5420 2597 5473 ἐπάύτῶν
2625 5420 2895 5490 κείμενος,
2925 5420 3021 5473 καὶ
3048 5423 3079 5490 ἡ
3100 5419 3293 5489 ῥάϐδος
3325 5422 3359 5491 η
3390 5421 3483 5473 ἐπὶ
3505 5419 3599 5473 τοῦ
3622 5420 3902 5491 τραχήλου

2310 5512 2510 5567 αὐτῶν.
2544 5513 2682 5565 Ἀλλ’
2715 5513 2931 5583 δρῶμεν
2947 5512 3029 5565 ὅτι
3058 5515 3169 5575 τοῖς
3188 5512 3286 5583 μὲν
3310 5516 3385 5584 τῇ
3402 5512 3579 5566 κτίσει
3607 5504 3909 5584 λελατρευέ

2310 5606 2432 5659 κόσι
2462 5608 2558 5659 καὶ
2596 5608 2709 5669 τοῖς
2745 5605 2928 5677 ἔργοις
2954 5605 3064 5659 τῶν
3105 5604 3252 5659 ἰδίων
3290 5605 3492 5678 χειρῶν
3523 5622 3900 5678 προσκεκυνηο

2316 5697 2489 5761 κόσιν,
2521 5699 2549 5750 ὁ
2571 5698 2667 5768 τῆς
2692 5696 3003 5766 διαϐολικῆς
3034 5695 3354 5767 σκαιότητος
3377 5697 3687 5768 ἐπέρριπτο
3716 5699 3904 5766 ζυγός

2316 5792 2426 5855 τοῖς
2458 5806 2517 5859 γε
2551 5788 2735 5862 Mite
2776 5786 2992 5859 Ἰσραὴλ
3025 5786 3084 5841 τὸ
3118 5786 3208 5840 τοῦ
3243 5787 3407 5859 νόμον
3451 5788 3907 5860 δυσδιακόμιστοκ.
