4122 6292
322 376 431 433 253

1491 374 1566 432 ΙΝ
1598 375 1832 433 lSAlAIl
1872 377 2003 435 LIB.
2047 380 2085 438 I.
2127 381 2337 445 ORAT.
2379 384 2440 442 Υ.

3495 392 3600 449 25ό

327 501 515 572 ἄχθος,
544 498 640 555 καὶ.
681 498 959 554 δύσοιστον
994 498 1217 570 ἀληθῶς
1251 500 1494 572 φορτίον.
1541 500 1652 553 Καὶ
1686 498 1820 568 γοῦν
1858 500 1912 554 οἱ

2025 513 2139 573 post
2177 505 2339 579 15‘.
2370 505 2527 561 ﬁdem
2566 506 2632 561 ad
2668 505 2917 578 legalium
2962 507 3398 563 observationem
3437 524 3604 581 quos-

332 594 592 665 μακάριοι
624 592 861 666 μαθηται
910 595 1025 656 τοῖς
1056 592 1194 663 μετὰ
1218 592 1320 663 τὴν
1340 593 1528 647 πίστιν
1556 591 1916 646 ἀναπείθουσι

329 704 484 750 τινας
515 685 585 740 τὰ
617 689 675 739 ἐν
705 685 855 757 νόμῳ
896 687 1087 757 τηρεῖν
1136 685 1410 757 ἐπετίμων
1444 686 1713 754 λέγοντες·
1748 704 1766 736 ι
1804 684 1916 739 Καὶ

330 778 427 833 νῦν
469 779 524 832 τί
570 777 859 850 πειράζετε
886 778 978 831 τὸν
1007 778 1142 831 Θεὸν
1169 778 1441 831 ἐπιθεῖναι
1476 778 1642 846 ζυγὸν
1686 778 1780 831 ἐπὶ
1822 776 1915 830 τὸν

333 872 603 943 τράχηλον
630 870 738 924 τῶν
772 870 1049 942 μαθητῶν,
1078 869 1137 923 δν
1163 868 1286 923 οὔτε
1315 872 1501 940 ἡμεῖς,
1531 867 1651 922 οὔτε
1678 869 1728 922 οἱ
1759 867 1919 921 πατέ-

333 980 424 1035 ρες
439 962 595 1034 ἡμῶν
618 960 915 1033 ἰσχύσαμεν
934 960 1196 1031 βαστάσαι
1216 978 1230 1022 ;
1256 979 1277 1013 ι
1300 960 1646 1030 Δυσφόρητος
1663 954 1757 1011 οὖν
1777 958 1917 1024 ἄγαν

331 1057 441 1118 τοῖς
490 1055 550 1122 ἐξ
592 1053 809 1127 Ἰσραὴλ
859 1057 887 1108 6
923 1055 1018 1107 τοῦ
1067 1054 1232 1125 νόμου
1283 1054 1484 1121 ζυγός·
1518 1053 1614 1105 καὶ
1668 1054 1805 1122 πρός
1854 1066 1918 1118 γε

332 1147 487 1201 τοῦτο
515 1147 574 1201 τὸ
603 1146 683 1201 ἔτι
716 1145 1140 1220 φορτικώτερον,
1181 1148 1215 1218 ἡ
1254 1146 1365 1200 τῶν
1397 1144 1708 1217 Φαρισαίων
1736 1143 1920 1196 σκαιόο

331 1256 430 1309 της
456 1237 772 1310 συνέτριϐεν
807 1239 867 1292 οὐ
907 1237 1145 1309 μετρίως
1178 1235 1557 1308 συνθραύουσα
1598 1236 1717 1298 ταῖς
1745 1233 1920 1303 ἀπλη-

334 1333 534 1396 στίαις.
579 1331 1054 1404 Ἐρασιχρήματοι
1087 1328 1197 1399 γὰρ
1242 1332 1292 1382 οἱ
1344 1329 1440 1399 τῆς
1486 1327 1756 1381 Ἰουδαίων
1790 1341 1919 1379 συν-

332 1425 559 1494 αγωγῆς
580 1424 719 1495 ἡγοῦ
728 1441 900 1494 μενοι,
928 1423 1025 1477 καὶ
1055 1420 1254 1475 σκοπὸν
1275 1420 1486 1491 ἔχοντες
1503 1419 1599 1472 Eva
1625 1418 1683 1471 τὸ
1706 1434 1916 1471 παντα-

331 1517 491 1589 χόθεν
523 1516 831 1585 συλλέγειν,
863 1515 960 1569 καὶ
1002 1512 1430 1578 καταϐιάζεσθαι
1456 1513 1581 1575 τοὺς
1614 1511 1720 1565 ὑπὸ
1758 1512 1922 1581 χεῖρα

330 1609 515 1674 λαούς.
558 1608 769 1663 Οὐκοῦν
798 1608 1000 1678 πρέποι
1042 1605 1109 1659 ἂν
1136 1604 1233 1660 καὶ
1274 1604 1416 1675 μάλα
1454 1603 1629 1674 ὀρθῶς
1664 1602 1760 1655 καὶ
1795 1601 1922 1671 περί

338 1718 404 1771 γε
438 1700 550 1754 τῶν
589 1700 650 1768 ἐξ
702 1699 937 1772 ’ῐσραήλι
959 1717 989 1765 ,ι
1023 1699 1141 1751 Ὅτι
1174 1697 1606 1768 ἀφαιρεθήσεται
1631 1697 1660 1748 6
1703 1693 1866 1762 ζυγὸς
1895 1694 1924 1746 ό

331 1794 417 1847 ἐπ’
445 1792 627 1846 αὐτῶν
666 1793 936 1863 κείμενος,
970 1789 1062 1843 καὶ
1095 1791 1125 1859 ἡ
1158 1788 1354 1859 ῥάϐδος
1387 1790 1420 1859 ή
1462 1787 1558 1841 ἐπὶ
1587 1786 1682 1840 τοῦ
1717 1784 1924 1855 τραχή-

2017 594 2139 650 dam
2174 598 2544 666 perpulerunt,
2573 597 2860 652 dicentes:
2900 615 2919 649 ι
2961 598 3022 651 Et
3055 614 3196 652 nunc
3222 597 3349 668 quid
3379 599 3602 653 teutatis

2019 687 2224 753 Deum,
2259 698 2319 743 ut
2366 689 2659 760 imponatis
2709 688 2897 759 jugum
2941 693 3140 747 cervici
3188 690 3604 759 discipulorum,

2017 781 2160 850 quod
2198 796 2371 849 neque
2407 794 2502 834 uos
2532 795 2708 850 neque
2737 795 2918 850 patres
2949 783 3117 835 nostri
3154 792 3371 851 portare
3425 784 3603 851 potui-

2020 887 2140 927 mus
2164 871 2248 926 ⁸⁸2
2275 890 2293 923 ι
2321 871 2663 927 Intolerabile
2693 874 2857 944 igitur
2884 875 3170 928 admodum
3199 873 3456 927 lsraelitis
3485 883 3606 928 erat

2025 967 2164 1037 legis
2205 965 2419 1036 iugum,
2454 974 2509 1020 et
2540 966 2684 1034 quod
2727 968 2903 1022 adhuc
2935 969 3155 1032 gravius
3181 976 3289 1031 est,
3324 982 3418 1020 eos
3466 966 3605 1020 Pha-

2019 1060 2300 1114 riszeorum
2343 1059 2547 1113 malitia
2586 1059 2727 1114 haud
2766 1060 3130 1123 mediocriter,
3171 1059 3467 1113 insatiabili
3504 1074 3605 1112 cu-

2018 1152 2243 1222 piditate
2281 1149 2534 1221 frangens
2571 1159 2626 1205 et
2657 1153 2988 1221 opprimens.
3035 1150 3204 1228 Erant
3249 1151 3394 1206 enim
3442 1166 3606 1220 pecu-

2021 1244 2231 1297 niarum
2304 1257 2552 1298 amantes
2610 1240 2922 1298 Judazorum
2981 1258 3270 1314 synagoga!
3326 1243 3603 1309 ductores,

2020 1348 2298 1403 unumque
2328 1335 2470 1389 hunc
2502 1349 2723 1404 scopum
2759 1349 2870 1405 pra:
2922 1348 2980 1388 se
3025 1333 3313 1398 trahentes,
3344 1342 3402 1387 ut
3436 1334 3604 1386 uade-

2020 1440 2233 1496 cunque
2268 1425 2627 1495 colligerent;
2662 1425 3024 1495 populumque
3066 1424 3343 1478 subditum
3393 1423 3606 1477 violen-

2025 1518 2246 1572 tissimis
2300 1516 2475 1571 modis
2523 1523 2841 1570 tractarent.
2895 1516 3082 1584 Itaque
3133 1513 3440 1569 rectissime
3497 1512 3604 1567 dici

2023 1607 2225 1677 poterit
2279 1607 2347 1660 de
2403 1605 2663 1662 lsraelitis
2710 1607 2874 1661 etiam
2918 1606 3208 1663 :Tolletur
3254 1605 3444 1675 jugurn
3501 1604 3608 1658 illis

2024 1699 2360 1767 impositum,
2387 1707 2443 1752 et
2466 1700 2614 1767 virga
2642 1714 2760 1766 quae
2785 1708 2865 1755 est
2891 1698 2944 1751 in
2974 1698 3113 1753 collo
3139 1712 3353 1751 eorum.
3380 1695 3604 1765 Virgaiu

2025 1801 2202 1844 autem
2260 1805 2545 1859 procerum
2608 1792 2962 1861 rapacitatem
3022 1792 3306 1845 nominare
3366 1789 3605 1853 videtur,

330 1884 422 1939 λου
467 1884 673 1938 αὐτῶν.
714 1904 732 1937 i
770 1882 989 1937 Ῥἀόδον
1012 1882 1068 1936 δὲ
1107 1881 1246 1935 κατὰ
1277 1880 1340 1934 τὸ
1384 1879 1552 1943 είκὺς,
1590 1877 1687 1948 τὴν
1715 1878 1780 1930 ὲκ
1811 1874 1921 1927 τῶν

2025 1883 2161 1950 quod
2214 1884 2455 1936 avaritia;
2505 1884 2775 1952 impendio
2828 1881 2991 1936 dediti
3041 1880 3261 1934 fuerint.
3321 1878 3474 1935 Hanc
3528 1882 3601 1932 ob

332 1974 646 2045 ἡγουμένων
676 1974 936 2046 ὀνομάζει
962 1971 1301 2039 πλεονεξίαν,
1328 1971 1501 2025 διάτοι
1527 1970 1588 2023 τὸ
1615 1966 1918 2022 ἀπονεῦσαι

2025 1989 2241 2028 causam
2285 1974 2466 2028 miseri
2525 1974 2698 2042 ipsum
2749 1972 2910 2026 etiam
2944 1973 3139 2028 Filium
3191 1970 3605 2026 interfecerunt.

332 2066 516 2131 δεινῶς
543 2069 623 2131 είς
649 2065 1013 2138 φιλοκερδίας.
1050 2063 1266 2134 Ταύτης
1300 2062 1463 2116 ἕνεκα
1492 2060 1595 2130 τῆς
1635 2059 1837 2121 αίτίας.
1869 2057 1921 2109 οι

2025 2068 2340 2136 Quanquam
2362 2068 2503 2122 enim
2524 2065 2770 2122 sciebant
2792 2083 2912 2121 eum
2939 2082 3061 2121 esse
3089 2066 3377 2128 hatredem,
3411 2082 3431 2115 ι
3453 2061 3606 2132 Apud

332 2158 572 2225 δείλαιοι,
603 2160 700 2212 καὶ
732 2157 895 2212 αὐτόν
917 2157 1247 2211 ἀπεκτόνασι
1278 2156 1371 2209 τδν
1398 2154 1547 2207 Υἰόν.
1584 2153 1781 2206 Καίτοι
1809 2150 1921 2221 γὰρ

2025 2173 2080 2213 se
2115 2159 2398 2225 dixerunt,
2447 2158 2639 2228 inquit,
2683 2157 2912 2224 Adeste,
2975 2157 3284 2211 occidamus
3341 2169 3501 2220 eum,
3554 2161 3607 2207 et

335 2252 534 2315 ίδόντες
572 2251 655 2304 ὅτι
691 2249 854 2312 αὐτός
898 2250 1044 2302 ἐστιν
1076 2251 1104 2301 ό
1145 2240 1920 2322 κληρονόμος,ιΕἶπανὲνέαυ-

2025 2248 2320 2305 habeamus
2352 2249 2508 2303 nobis
2542 2249 2913 2303 haereditatem
2964 2246 3082 2315 ejus
3107 2248 3171 2300 ⁸⁷.
3207 2266 3228 2298 ι
3256 2244 3409 2312 Quod
3446 2243 3610 2313 igitur

330 2346 464 2407 τοῖς,
494 2343 659 2414 φησίν
682 2357 697 2372 ³
792 2340 957 2393 Δεῦτε
990 2340 1404 2419 ἀποκτείνωμεν
1430 2338 1615 2401 αὑτὸν,
1652 2341 1747 2389 καὶ
1778 2335 1921 2405 σχῶ-

2025 2342 2246 2411 impium
2301 2352 2355 2394 et
2400 2338 2666 2394 nefarium
2718 2352 2942 2408 scopum
2994 2336 3258 2392 habentes
3298 2332 3607 2387 Iudaeorum

337 2452 438 2506 μεν
467 2434 681 2496 ἑαυτοῖς
723 2433 824 2503 τὴν
870 2430 1236 2501 κληρονομίαν
1276 2427 1466 2484 αὐτοῦ.
1516 2446 1537 2481 ι
1571 2428 1698 2482 Ὀτι
1744 2427 1922 2480 τοίνυν

2025 2434 2283 2504 ρτίειεειί,
2310 2433 2559 2488 omnium
2591 2432 2854 2487 bonorum
2882 2445 3104 2485 suorum
3132 2429 3404 2498 jacturam
3437 2424 3609 2479 liben-

331 2524 571 2597 δυσσεϐῆ
605 2525 702 2577 καὶ
744 2523 960 2577 ἀνόσιον
991 2523 1205 2592 ἔχοντες
1240 2521 1335 2575 τὸν
1376 2521 1469 2573 ἐπὶ
1522 2518 1659 2590 τῷδε
1701 2518 1920 2582 σκοπὸν,

2026 2526 2234 2581 tissime
2275 2525 2645 2595 pertulissent,
2684 2523 2863 2593 potius
2894 2537 3054 2593 quam
3097 2524 3344 2575 viderent
3388 2516 3609 2572 illuces-

333 2618 533 2689 ἥδιστα
569 2616 635 2670 ἂν
658 2616 769 2670 τῶν
797 2615 969 2668 ὄντων
993 2615 1178 2678 αὐτοῖς
1214 2614 1473 2668 ἁπάντων
1511 2611 1806 2682 ὑπέμειναν
1826 2609 1922 2682 τὴν

2025 2626 2237 2671 εεηιειη
2295 2618 2497 2670 mundo
2546 2615 2974 2681 Emmanueiem,
3007 2610 3318 2667 subindicat
3370 2609 3604 2663 dicens:

336 2709 578 2781 ζημίανς
634 2707 668 2777 ἢ
711 2708 822 2761 ἴδον
858 2705 1240 2776 ὲπιλόιμψαντα
1262 2704 1341 2775 τῷ
1372 2704 1559 2774 κόσμῳ
1590 2703 1680 2755 τὸν
1716 2702 1922 2772 Ἐμμα-

2031 2726 2050 2761 ι
2081 2711 2306 2761 Omnem
2337 2707 2528 2761 stolam
2557 2716 2940 2775 congregatam
2970 2704 3113 2766 dolo,
3150 2712 3203 2757 et
3236 2709 3443 2755 vestem
3483 2713 3607 2752 cum

340 2802 527 2873 νουὴλ,
560 2799 899 2870 ὑπεμφαίνει
931 2797 1137 2866 λέγων’
1164 2816 1183 2849 r
1217 2799 1336 2851 Ὀτι
1361 2798 1539 2851 πᾶσαν
1576 2795 1766 2866 στολὴν
1803 2797 1922 2849 ἑπι-

2035 2801 2460 2855 commutatione
2511 2801 2820 2862 restituent,
2853 2807 2909 2852 et
2959 2796 3139 2851 volent
3187 2795 3292 2866 igni
3339 2789 3609 2849 combusti

347 2892 701 2963 συνηγμένην
754 2890 908 2960 δόλῳ,
966 2890 1057 2943 καὶ
1100 2890 1309 2960 ἱμάτιον
1361 2889 1500 2959 μετὰ
1548 2887 1921 2958 καταλλαγῆς,

344 2982 684 3048 ἀποτίσουσι,
722 2982 815 3035 καὶ
840 2980 1149 3052 θελήσουσιν
1187 2983 1234 3034 εί
1270 2980 1608 3052 ἐγενήθησαν
1648 2980 1914 3051 πυρίκαυ-

341 3093 480 3130 στοι.
509 3075 626 3128 Ὅτι
644 3072 850 3127 παιδίον
869 3072 1124 3143 ἐγεννήθη
1152 3073 1280 3142 ἡμῖν
1290 3071 1424 3136 ,υίὸς
1445 3071 1537 3125 καὶ
1558 3071 1713 3143 ἐδόθη
1733 3073 1882 3142 ἡμῖν.
1899 3091 1919 3125 ι

2026 2909 2167 2949 esse.
2197 2894 2332 2961 Quia
2374 2907 2505 2962 puer
2538 2902 2697 2945 natus
2723 2901 2806 2944 est
2847 2889 3023 2954 nobis,
3050 2898 3103 2942 et
3151 2888 3293 2941 [llius
3337 2887 3491 2939 datus
3527 2892 3611 2939 est

2026 2986 2201 3041 nobis.
2234 3005 2251 3037 ι
2280 2984 2352 3037 Ex
2373 2984 2494 3038 dolo
2522 2984 2664 3037 enim
2690 2993 2739 3035 et
2767 2981 2975 3043 fraude,
3007 2987 3062 3032 et
3092 2993 3158 3031 ex
3185 2979 3371 3042 iniquo
3396 2974 3603 3044 judicio

2026 3092 2189 3147 Opum
2235 3084 2624 3129 t'oacervarunt
2651 3071 2945 3134 cumulum,
2980 3068 3154 3134 inquit
3186 3083 3200 3119 :
3239 3075 3609 3118 verumtamen

349 3167 446 3220 Ἐκ
471 3166 622 3219 δόλου
654 3154 756 3235 μὲν
795 3163 903 3234 γὰρ
936 3165 1029 3217 καὶ
1058 3163 1295 3233 ἀπάτης,
1328 3164 1422 3218 καὶ
1460 3163 1568 3217 ἀπὸ
1593 3164 1687 3216 τοῦ
1715 3164 1922 3236 κρίνειν

2025 3166 2320 3236 jucundum
2384 3164 2488 3217 illis
2548 3172 2603 3217 et
2656 3170 2867 3230 gratum
2924 3157 3147 3221 fuisset,
3206 3155 3369 3209 etiam
3430 3153 3608 3221 ipsum

331 3258 434 3311 οὐκ
471 3257 669 3328 ὀρθῶς,
704 3257 805 3328 τὴν
835 3256 942 3309 τῶν
964 3257 1264 3328 χρημάτων
1298 3257 1544 3329 ἄθροισιν
1574 3258 1920 3331 ἐποιήσαντο,

329 3347 494 3420 φησίν
517 3364 530 3378 ·
562 3347 678 3402 ἀλλ’
704 3348 804 3419 ἡδὺ
837 3348 932 3400 καὶ
972 3347 1125 3418 φίλον
1162 3348 1367 3412 αὐτοῖς,
1405 3349 1500 3402 καὶ
1541 3349 1707 3421 μέχρι
1748 3350 1924 3420 αὐτῆς

330 3440 432 3511 τῆς
482 3440 812 3512 περιστολῆς
864 3440 960 3493 καὶ
1009 3440 1117 3494 τῶν
1166 3441 1402 3512 ἱματίων
1459 3441 1596 3512 μετὰ
1648 3441 1923 3496 καταλλα-

329 3532 458 3603 γῆς,
496 3532 640 3585 τοῦτ’
666 3532 804 3593 ἔστι,
833 3533 973 3602 μετᾶ
1001 3532 1339 3604 προσθήκης,
1370 3532 1806 3604 ἀποπέμψασθαι
1831 3534 1925 3586 καὶ

334 3624 657 3691 ἀποϐαλεῖν,
706 3624 905 3695 μᾶλλον
942 3624 1001 3677 δὲ
1031 3623 1501 3696 φησὶνίὼθέλησαν
1539 3624 1925 3696 καταφλεχθῆ-

329 3735 422 3770 ναι
450 3716 543 3770 xui.
565 3716 723 3787 πυρὶ,
761 3713 1156 3787 δυσφοροῦντες
1192 3695 1364 3784 δγαν,
1394 3716 1475 3769 ὅτι
1512 3716 1726 3771 παιδίον
1773 3695 1929 3786 ἐγεν-

329 3810 469 3884 νήθη
499 3812 633 3881 ἡμῖν
670 3808 806 3873 υίός.
855 3807 1291 3878 Πεπιστευμένοι
1320 3808 1430 3879 γὰρ
1472 3807 1565 3862 τὸν
1603 3807 1926 3865 δεσποτικὸν

333 3900 660 3974 ἀμπελῶνα,
688 3901 816 3964 τοὺς
857 3899 1105 3969 καρποὺς
1142 3898 1417 3970 ἠθέλησαν
1449 3899 1595 3970 ἔχειν
1637 3900 1792 3953 αὐτοὶ
1832 3901 1927 3954 καὶ

333 3995 506 4068 μόνοι,
556 3993 1017 4065 προσκομίζοντες
1072 3992 1151 4063 τῷ
1191 3992 1427 4065 δεσπότῃ
1454 3992 1515 4046 τὸ
1562 3976 1798 4065 σύμπαν
1832 3994 1927 4048 οὐ·

330 4088 445 4143 δέν.
486 4087 706 4142 Παιδίον
734 4086 789 4139 δὲ
819 4086 995 4155 λέγων
1020 4085 1401 4156 γεγεννῆσθαι,
1428 4085 1693 4156 διελέγχει
1737 4085 1927 4155 σαφῶς

329 4179 435 4251 τῆς
467 4178 577 4232 τῶν
600 4177 918 4249 Μανιχαίων
944 4177 1102 4247 δόξης
1127 4177 1187 4231 τὸ
1216 4178 1469 4250 ἀδρανὲς,
1499 4178 1549 4231 οἳ
1591 4176 1925 4248 παραιτοῦν-

326 4291 424 4326 ται
451 4271 651 4341 λέγειν.
684 4271 768 4323 ὅτι
796 4270 982 4339 γέγονε
1018 4268 1151 4343 σὰρξ
1181 4272 1209 4324 ὁ
1229 4270 1402 4339 Λόγος
1426 4285 1441 4300 ο
1477 4266 1623 4322 τοῦτ’
1657 4268 1794 4331 ἔστι,
1825 4269 1926 4339 τὴν

330 4362 491 4436 ἡμῶν
540 4361 823 4435 πεφόρηκε
858 4361 1034 4435 σάρκα
1075 4362 1141 4416 δι’
1170 4363 1319 4435 ἡμᾶς
1363 4361 1742 4431 οἰκονομικῶς.
1790 4361 1925 4415 Ἀλλ’

333 4456 385 4508 εἰ
418 4453 693 4525 βούλονται
720 4456 938 4525 φρονεῖν
974 4454 1172 4524 ὀρθῶς,
1205 4454 1299 4507 καλ⁸
1328 4454 1426 4523 τῆς
1466 4453 1676 4506 ἑαυτῶν
1702 4453 1926 4508 δυσϐου-

2030 3259 2287 3312 amictum
2319 3266 2371 3311 et
2405 3265 2605 3319 vestes,
2638 3269 2761 3308 cum
2807 3249 3231 3321 permutatione,
3265 3245 3318 3300 id
3348 3256 3454 3311 est,
3483 3258 3606 3299 cum

2026 3361 2276 3421 quaastu,
2323 3348 2593 3403 dimittere
2636 3356 2691 3399 et
2731 3344 2999 3414 abjicerc,
3042 3340 3151 3394 imo
3198 3354 3361 3406 vero,
3412 3337 3608 3405 inquit,

2027 3442 2348 3496 maluissent
2386 3437 2629 3493 comburi
2660 3435 2824 3490 etiam
2859 3437 3009 3504 igne,
3051 3431 3334 3501 :egerrime
3370 3430 3606 3485 ferentes

2026 3547 2254 3602 puerum
2294 3543 2477 3584 uatutn
2530 3540 2654 3582 esse
2695 3524 2874 3590 nobis,
2905 3534 2958 3577 et
3003 3523 3171 3578 lilium
3209 3522 3393 3575 datum
3432 3520 3606 3573 nobis.

2025 3619 2232 3688 Quibus
2270 3621 2413 3674 enim
2460 3618 2653 3697 herilis
2693 3620 2860 3670 vinea:
2887 3628 3016 3669 cura
3061 3611 3348 3667 comniissa
3403 3610 3607 3673 luerat,

2026 3714 2083 3767 lii
2131 3712 2231 3766 soli
2279 3711 2488 3767 fructus
2539 3711 2640 3765 sibi
2691 3709 2945 3764 volebant
2997 3707 3230 3770 habere,
3286 3705 3418 3757 hero
3469 3700 3608 3755 nihil

2027 3821 2250 3876 prorsus
2274 3805 2589 3860 aﬂereutes.
2620 3803 2855 3858 Pueran
2881 3810 3063 3856 autem
3088 3809 3272 3854 natum
3304 3812 3423 3851 cum
3453 3794 3605 3859 dicit,

2028 3897 2397 3951 inﬁrmitatem
2430 3894 2850 3950 Maniclnrorum
2881 3892 3152 3960 opinionis
3194 3889 3473 3942 evidenter
3517 3899 3609 3938 co-

2026 3989 2226 4058 arguit,
2261 3989 2352 4059 qui
2398 3995 2631 4041 renuunt
2660 3988 2858 4048 dicere.
2889 3985 3126 4039 Verbum
3156 3970 3376 4034 carnem
3408 3977 3608 4029 factum

2026 4100 2171 4152 esse,
2201 4085 2253 4139 id
2287 4092 2391 4149 est,
2428 4092 2669 4136 nostram
2701 4094 2924 4134 carnem
2963 4087 3187 4146 propter
3220 4090 3319 4128 nos
3363 4079 3609 4141 portasse

2025 4191 2122 4247 per
2142 4172 2617 4243 dispensationem.
2644 4166 2805 4235 Atqui
2844 4165 2889 4218 si
2919 4173 3061 4219 recte
3099 4177 3287 4230 sapere
3317 4159 3607 4222 Voluerint,

2026 4280 2080 4326 et
2130 4282 2284 4324 suam
2335 4267 2574 4335 ipsorum
2625 4259 2987 4314 temeritatem
3029 4256 3324 4321 damnare,
3372 4268 3437 4308 ne
3475 4267 3608 4307 con-

2028 4363 2312 4419 tumeliose
2380 4365 2697 4429 pervertant
2760 4355 2923 4407 verba
2998 4350 3274 4421 prOphetze
3339 4347 3602 4411 dicentis,

2034 4469 2265 4525 pueruru
2333 4451 2491 4507 nobis
2553 4460 2739 4529 natum
2796 4458 2977 4502 esse:
3027 4443 3113 4497 ubi
3171 4444 3371 4495 etenim
3431 4437 3609 4509 proles

330 4542 456 4606 λίας
481 4541 971 4614 καταψηφίζεσθαι,
1006 4542 1080 4615 μὴ
1105 4541 1522 4613 ἀτιμαζέτωσαν
1540 4541 1639 4607 τὰς
1671 4543 1764 4597 τοῦ
1792 4562 1922 4617 προ-

2029 4564 2154 4601 vere
2192 4554 2318 4601 nata
2368 4552 2451 4599 est
2496 4557 2559 4597 ex
2610 4541 2859 4603 muliere,
2889 4537 2981 4609 qui
3028 4536 3179 4591 locus
3228 4546 3351 4586 esse
3394 4530 3608 4599 poterit,

335 4638 510 4705 φήτου
563 4636 775 4706 φωνὰς,
828 4636 1038 4690 παιδίον
1074 4639 1205 4707 ἡμῖν
1239 4636 1600 4708 γεγεννῆσθαι
1646 4637 1917 4709 λέγοντος.

337 4724 515 4779 Ὅπου
550 4727 656 4798 γὰρ
677 4728 834 4791 τόκος
862 4728 929 4780 ὲκ
965 4726 1226 4795 γυναικὸς
1252 4727 1488 4800 ἀληθῶς,
1520 4732 1673 4784 ποῖον
1709 4730 1774 4785 ἂν
1807 4731 1921 4803 ἔχει

330 4817 497 4871 τόπον
518 4817 578 4872 τδ
618 4820 835 4892 δοκήσει
880 4819 975 4873 καὶ
1005 4820 1153 4891 σκιᾷ,
1182 4820 1274 4874 καί
1302 4821 1377 4884 ὡς
1416 4824 1474 4875 ἐν
1517 4822 1706 4894 μόναις
1749 4827 1922 4893 εἰπεῖν

333 4911 661 4979 φαντασίαις
709 4910 1035 4983 γεγενῆσθαι
1086 4911 1186 4984 τὴν
1218 4912 1551 4985 ὲπιδημίαν;
1601 4915 1741 4985 πλὴν
1790 4918 1921 4988 ἡμῖν

332 5002 573 5056 δεδόσθαι
608 5004 743 5073 φησὶ
768 5003 858 5056 τὸν
887 5004 1021 5060 υίόν.
1051 5003 1245 5074 Γέγονε
1267 5005 1376 5076 γὰρ
1405 5004 1693 5078 ἄνθρωπος
1720 5009 1748 5060 6
1766 5026 1923 5079 μονο-

331 5094 497 5165 γενὴς
536 5094 630 5148 τοῦ
679 5095 814 5149 Θεοῦ
847 5096 1019 5164 Λόγος
1046 5097 1105 5149 οὐ
1147 5095 1214 5149 δι’
1252 5096 1463 5163 ἑαυτὸν,
1504 5099 1833 5152 ἀνακαινιῶν
1867 5100 1924 5154 δὲ

336 5186 535 5257 μᾶλλον
556 5186 625 5239 τὰ
656 5186 777 5240 καθ’
804 5188 951 5257 ἡμᾶς
971 5189 1050 5250 είς
1075 5188 1135 5241 τὸ
1164 5188 1257 5242 ἀπ’
1287 5190 1481 5261 ἀρχῆς,
1509 5190 1601 5243 καὶ
1629 5191 1728 5261 τῆς
1757 5192 1927 5246 ἁπάν-

332 5296 440 5332 των
472 5278 618 5348 ζωῆς
648 5277 990 5349 ἀντίλυτρον,
1029 5279 1089 5333 τὸ
1124 5278 1256 5333 ἴδιον
1288 5282 1451 5352 σῶμα
1473 5285 1823 5354 προσκομιῶν
1847 5286 1927 5348 εἰς

332 5371 506 5444 ὀσμὴν
525 5372 754 5436 εὐωδίας
773 5371 853 5442 τῷ
875 5371 994 5442 Θεῷ
1017 5372 1113 5425 καλ¹
1141 5374 1336 5444 Πατρί.
1359 5374 1692 5443 Γεγενῆσθαι
1712 5375 1769 5428 δέ
1791 5394 1924 5446 φησι

331 5460 433 5533 τὴν
448 5461 622 5533 ἀρχὴν
647 5461 813 5516 αὐτοῦ
832 5463 926 5516 ἐπὶ
937 5462 1031 5516 τοῦ
1052 5463 1204 5534 ὤμου
1222 5464 1408 5528 αὑτοῦ,
1427 5464 1674 5518 καὶδοκεί
1695 5468 1792 5537 μέν
1818 5484 1925 5520 τισι

326 5552 570 5608 τοιοῦτόν
610 5572 661 5609 τι
723 5556 888 5609 νοεῖν.
932 5555 1154 5627 Ἐπειδὴ
1203 5557 1332 5625 γὰρ,
1374 5560 1560 5626 φησιν,
1611 5558 1786 5629 ἐαυτῷ
1833 5561 1924 5612 τὸν

329 5648 560 5721 σταυρὸν
589 5649 672 5712 είς
715 5645 905 5717 ὤμους
961 5647 1100 5717 ἔχων
1136 5650 1172 5701 ὁ.
1199 5650 1398 5719 Κύριος
1453 5648 1609 5719 ἡμῶν
1656 5651 1860 5719 Ἰησοῦς
1895 5653 1922 5703 ὁ

396 5797 439 5829 ⁸⁸
464 5807 800 5876 Art.xv,l0.
885 5807 926 5837 "
955 5805 1145 5861 Matth.
1182 5822 1290 5870 xu,
1326 5807 1411 5860 53.

2032 4638 2190 4711 155
2223 4637 2477 4708 Opinione
2526 4642 2581 4688 et
2617 4633 2804 4686 umbra
2856 4629 2939 4684 vel
2972 4627 3085 4683 sola
3116 4623 3295 4695 specie
3325 4621 3612 4674 adventum

2028 4734 2143 4803 ejus
2170 4730 2379 4787 fuisse?
2424 4727 2623 4781 Verum
2658 4724 2787 4779 dicit
2821 4722 2979 4777 nobis
3023 4721 3207 4773 datum
3251 4728 3371 4769 esse
3420 4711 3609 4764 lilium.

2027 4825 2223 4880 Factus
2250 4823 2489 4879 estenim
2519 4819 2679 4873 homo
2707 4814 3038 4883 unigenitum
3079 4810 3169 4862 Dei
3213 4806 3467 4870 Verbum,
3507 4813 3612 4857 non

2028 4927 2248 4986 propter
2273 4914 2529 4982 seipsum,
2548 4910 2653 4963 sed
2666 4908 2843 4977 potius
2867 4911 2924 4956 ut
2950 4910 3188 4957 nostram
3213 4897 3606 4958 conditionem,

2030 5008 2189 5062 sicuti
2228 5004 2328 5058 fuit
2356 5019 2384 5056 a
2413 5002 2703 5071 principio,
2747 5004 3109 5057 rcstauraret,
3158 5002 3209 5047 et
3262 5002 3320 5046 ut
3366 4989 3617 5044 omnium

2030 5103 2153 5154 vita:
2189 5098 2421 5168 pretium
2481 5109 2545 5148 ac
2602 5091 3026 5159 redemptionem
3086 5101 3240 5140 suum
3271 5097 3469 5151 corpus
3504 5079 3617 5133 Deo

2026 5201 2081 5247 et
2114 5190 2255 5243 Patri
2285 5191 2336 5242 in
2374 5188 2593 5243 odorem
2624 5184 2909 5241 suavitatis
2945 5179 3188 5235 oll'erret.
3228 5174 3453 5231 Factum
3479 5186 3615 5226 vero

2027 5282 2385 5354 principatum
2413 5281 2528 5350 ejus
2567 5280 2642 5333 ait
2678 5291 2839 5346 super
2870 5274 3151 5328 humerum
3182 5269 3320 5338 ejus,
3365 5265 3610 5320 videtur-

2031 5391 2134 5445 que
2159 5374 2432 5428 nonnullis
2461 5371 2764 5441 hujusmodi
2795 5367 3070 5439 quidpiam
3103 5364 3435 5433 intelligere:
3465 5359 3617 5427 Quo-

2036 5469 2178 5521 niam
2204 5466 2368 5530 enim,
2397 5466 2590 5534 inquit,
2608 5480 2821 5519 crucem
2841 5470 3065 5532 portans
3089 5456 3332 5514 humeris
3354 5453 3621 5509 Dominus

2035 5571 2219 5615 noster
2239 5557 2395 5613 Jcsus
2417 5558 2680 5621 Christus,
2707 5558 2771 5609 ad
2796 5556 3096 5625 passionem
3127 5550 3415 5607 salutarem
3443 5547 3614 5611 venit,
3720 5558 3725 5569 ι

2032 5666 2086 5709 et
2120 5653 2385 5710 exaltatus
2436 5662 2536 5717 est,
2590 5662 2642 5706 et
2694 5651 2875 5708 orbem
2937 5658 3201 5705 terrarum
3248 5662 3343 5719 per
3371 5646 3612 5715 seipsum
