4122 6292
531 329 640 387 255

1519 330 1576 385 Β.
1611 329 1891 388 GYBILLI
1932 326 2403 386 ALEXANDRINI
2443 326 2766 393 ARCHIEP.

3694 321 3804 376 256

533 443 763 498 obtinuit
788 461 800 496 :
834 443 958 497 hinc
1005 443 1168 498 fuisse
1201 443 1404 499 dicitur
1429 447 1768 519 principatus
1796 448 1917 518 ejus
1946 462 2110 517 super

2231 447 2465 518 Κριστδς,
2498 447 2634 518 πρὸς
2659 447 2721 501 τὸ
2753 447 3021 517 σωτήριον
3050 443 3135 514 εἴη
3177 442 3369 505 πάθος,
3399 437 3590 510 ὑψώθη
3619 438 3677 491 δὲ
3712 439 3807 492 καὶ

535 539 760 591 humcro
794 534 927 603 ejus.
968 535 1135 590 llahet
1167 552 1295 593 vero
1326 538 1528 609 aliquid
1561 539 1964 611 probabilitatis
1993 542 2110 597 haec

533 625 728 687 oratio,
755 638 853 676 nec
888 626 1151 679 sententia
1202 635 1349 682 recte
1401 629 1575 697 posita
1601 631 1960 701 vituperanda
1990 639 2109 698 est,

534 715 578 767 si
605 717 727 783 quis
752 728 867 767 eam
892 713 1216 770 laudandam
1252 716 1574 787 susceperit.
1602 721 2109 778 Videtur-nimirum

536 804 623 860 hic
659 806 1005 874 propheticus
1043 822 1223 863 sermo
1262 810 1548 866 humerum
1579 813 1853 883 appellare
1892 814 2114 868 fortitu-

534 898 711 950 dinem
754 914 767 950 ε
808 911 968 952 omne
999 898 1263 968 siquidem
1318 902 1483 956 robur
1506 915 1750 958 nostrum
1784 906 1835 958 in
1877 905 2114 961 brachiis

534 997 588 1041 et
624 989 865 1042 humeris
909 990 1069 1043 silum
1112 999 1214 1046 est.
1268 992 1331 1047 Et
1363 995 1580 1063 quidem
1613 995 1895 1051 brachium
1928 996 2019 1050 Dei
2051 1012 2113 1052 ac

539 1077 717 1133 Patris
755 1081 949 1135 dicitur
981 1081 1167 1137 Filius.
1219 1102 1239 1136 ι
1282 1086 1527 1154 Domine,
1566 1089 1731 1154 enim,
1765 1090 1961 1159 inquit,
1996 1092 2116 1160 quis

537 1170 764 1225 credidit
820 1173 1023 1226 auditui
1076 1183 1294 1240 nostro.
1337 1186 1405 1232 et"
1439 1177 1717 1234 brachium
1760 1182 1969 1236 Domini
2030 1182 2115 1238 cui

538 1264 832 1319 revelatum
855 1277 937 1320 est
959 1267 1041 1321 ετι
1073 1286 1092 1319 ι
1124 1266 1412 1337 Imperavit
1435 1286 1564 1340 ergo
1585 1273 1700 1326 orbi
1728 1284 1993 1329 terrarum
2022 1290 2117 1331 sua

544 1356 715 1426 ipsius
743 1357 984 1425 potentia
1016 1357 1265 1413 Christus
1302 1377 1315 1413 :
1346 1362 1545 1430 quippe
1602 1363 1860 1418 fortitudo
1892 1377 1974 1419 est
2024 1363 2117 1419 Dei

538 1434 603 1498 ac
633 1443 831 1500 Patris.
873 1445 1106 1501 Vocatur
1154 1459 1412 1518 przeterea
1447 1461 1502 1506 et
1540 1454 1719 1522 magni
1771 1454 1976 1509 consilii
2008 1457 2120 1509 An-

541 1537 712 1607 gelus,
737 1539 985 1595 videlicet
1017 1541 1109 1596 Dei
1141 1552 1195 1597 et
1225 1541 1421 1598 Patris.
1451 1545 1810 1602 Attestabitur
1840 1559 2023 1604 autem
2051 1549 2120 1604 de

543 1631 630 1685 his
685 1630 908 1699 loquens
940 1634 1153 1704 sapiens
1199 1632 1433 1691 Joannes
1487 1656 1499 1691 :
1550 1656 1569 1691 ι
1613 1639 1713 1706 Qui
1758 1642 1966 1710 accepit
2003 1642 2121 1711 ejus

547 1721 914 1777 testimonium
951 1764 966 1790 ,
1023 1726 1066 1779 is
1140 1727 1443 1795 obsignavit
1505 1728 1675 1784 Deum
1734 1747 1923 1787 verum
1975 1748 2117 1789 esse.

2214 537 2527 610 κεκράτηκε
2565 539 2665 609 τῆς
2696 538 2788 592 ὑπ’
2823 536 3050 609 ούρανδν
3081 535 3146 588 δι’
3181 531 3374 595 αὑτοῦ,
3404 531 3579 604 ταύτῃ
3600 548 3683 585 τοι
3716 530 3810 585 καὶ

2212 630 2467 699 γενέσθαι
2493 630 2712 701 λέγεται
2743 632 2776 703 ή
2809 629 2951 700 ἀρχὴ
2974 626 3138 682 αὐτοῦ
3172 627 3266 680 ἐπὶ
3298 623 3393 678 τοῦ
3427 622 3580 695 ὤμου
3616 622 3804 678 αὑτοῦ.

2217 721 2373 791 Ἔχει
2394 721 2450 774 δὲ
2481 721 2542 774 τὸ
2569 719 2793 774 πιθανὸν
2825 721 2853 773 ὀ
2885 719 3061 787 λόγος,
3102 718 3196 771 καί
3217 716 3318 770 οὒκ
3357 713 3689 786 ἀτιμαστέον
3710 713 3808 785 τὴν

2214 810 2423 865 ἔννοιαν
2470 811 2645 882 ὀρθῶς
2680 810 2930 882 ἔχουσαν,
2973 809 3077 863 κᾶν
3128 809 3177 862 εἰ
3225 807 3400 861 ἕλοιτὸ
3437 823 3522 870 τις
3566 806 3810 859 ἐπαινεῖν

2215 900 2408 972 αὐτήν.
2445 902 2633 956 Ἕοικε
2662 901 2719 956 δὲ
2741 901 2830 956 τὸν
2849 896 2998 966 ὦμον
3025 903 3054 955 6
3076 898 3415 972 προφητικὺς
3443 901 3575 970 ἡμῖν
3599 899 3658 951 ὲν
3683 896 3810 950 τού-

2215 1007 2329 1051 τοις
2360 988 2517 1059 λόγος
2568 991 2668 1060 τὴν
2719 991 2871 1061 ἰσχὺν
2906 988 3192 1060 βούλεσθαι
3238 988 3451 1059 δηλοῦν.
3503 989 3660 1042 Πᾶσα
3701 988 3811 1060 γὰρ

2218 1079 2374 1150 ήμῶν
2399 1081 2552 1150 ἰσχὺς
2585 1083 2642 1133 ὲν
2678 1080 2926 1151 βραχίοσί
2956 1098 3017 1134 τε
3046 1082 3140 1134 καὶ
3186 1079 3380 1150 ὤμοις.
3419 1079 3530 1133 Καὶ
3569 1079 3702 1149 γοῦν
3732 1079 3810 1132 el-

2223 1190 2382 1244 ρηται
2407 1172 2554 1239 δεξιά
2577 1172 2670 1227 καὶ
2704 1172 2940 1246 βραχίων
2966 1173 3058 1227 τοῦ
3089 1171 3224 1226 Θεοῦ
3252 1173 3346 1227 καί
3367 1172 3581 1242 Πατρδς
3608 1174 3636 1226 6
3658 1172 3809 1237 Υἱός.

2224 1284 2242 1317 ι
2257 1265 2429 1336 Κύριε
2451 1284 2468 1318 ι
2494 1264 2623 1338 γὰρ,
2644 1268 2795 1338 φησι,
2822 1286 2841 1318 ‹
2869 1266 2949 1329 τίς
2964 1266 3248 1320 ἐπίστευσε
3265 1267 3329 1338 τῇ
3349 1267 3484 1338 ἀκοῇ
3503 1265 3662 1337 ἡμῶν
3684 1283 3699 1331 ;
3720 1265 3813 1321 καὶ

2219 1361 2247 1412 6
2263 1357 2501 1430 βραχίων
2520 1358 2727 1429 Κυρίου
2751 1359 2854 1412 τίνι
2881 1357 3243 1428 ἀπεκαλύφθη
3261 1374 3305 1424 ;ι
3328 1353 3503 1429 Ἦρξε
3523 1359 3704 1411 τοίνυν
3715 1359 3813 1428 τῆς

2222 1451 2313 1505 ὑπ’
2351 1451 2579 1523 οὐρανὸν
2621 1449 2712 1504 διὰ
2754 1450 2853 1521 τῆς
2899 1449 3092 1504 ἑαυτοῦ
3126 1450 3408 1520 δυνάμεως
3456 1450 3484 1502 6
3531 1449 3768 1519 Χριστός
3795 1466 3806 1477 ·

2225 1544 2377 1614 ἰσχὺς
2411 1544 2520 1614 γάρ
2549 1545 2663 1598 ὲστι
2687 1544 2781 1598 τοῦ
2806 1542 2941 1597 Θεοῦ
2965 1545 3055 1597 καὶ
3074 1545 3309 1615 Πατρός.
3339 1543 3617 1613 Κέκληται
3642 1543 3698 1596 δὲ
3720 1544 3813 1596 καὶ

2224 1634 2469 1705 μεγάλης
2501 1633 2700 1705 βουλῆς
2728 1633 3011 1702 Ἄγγελος,
3043 1633 3201 1703 δῆλον
3230 1632 3287 1687 δὲ
3319 1633 3399 1687 ὅτι
3429 1631 3521 1685 τοῦ
3549 1630 3683 1685 Θεοῦ
3722 1633 3814 1685 καὶ

2225 1726 2457 1797 Πατρός.
2508 1726 2617 1779 Καὶ
2671 1726 3010 1797 μαρτυρήσει
3060 1724 3233 1793 λέγων
3282 1725 3309 1776 6
3354 1722 3514 1793 σοφὸς
3562 1724 3813 1792 Ἰωάννης

545 1814 711 1879 Quem
743 1817 886 1869 enim
921 1816 1066 1871 misit
1095 1816 1254 1884 Deus,
1290 1822 1452 1875 verba
1485 1823 1579 1876 Dei
1606 1824 1845 1894 loquitur
1880 1826 1948 1881 ⁸⁸.
1991 1846 2011 1880 ι
2055 1826 2123 1881 Et

2231 1818 2352 1889 περί
2381 1814 2582 1870 αὐτοῦ’
2626 1834 2645 1866 ι
2691 1817 2750 1871 ‘0
2793 1815 3086 1885 λαμὸἀνων
3140 1814 3306 1868 αὑτοῦ
3346 1812 3442 1884 τὴν
3507 1811 3816 1883 μαρτυρίαν

545 1906 660 1970 ipse
687 1904 818 1958 dicit
849 1906 1053 1960 sanctis
1084 1909 1342 1976 apostolis
1373 1927 1387 1964 :
1424 1928 1443 1961 ι
1490 1910 1600 1966 Vos
1633 1913 1791 1968 amici
1828 1915 1930 1969 mei
1965 1916 2119 1982 estis,

544 1995 588 2051 si
620 1993 859 2049 feceritis
890 2011 1008 2066 quae
1054 2012 1153 2066 ego
1206 2000 1463 2068 praecipio
1492 2002 1665 2056 vobis.
1719 2002 1834 2058 Non
1879 2005 1991 2074 jam
2027 2021 2123 2062 vos

545 2088 669 2140 dico
700 2100 908 2151 servos,
964 2087 1088 2156 quia
1150 2104 1342 2145 servus
1380 2108 1485 2145 non
1531 2094 1779 2164 intelligit
1819 2096 1945 2165 quid
1994 2096 2125 2152 facit

551 2177 806 2231 dotuinus
850 2178 988 2247 ejus.
1027 2177 1130 2233 \‘os
1162 2188 1338 2234 autem
1380 2183 1489 2237 dixi
1521 2183 1902 2253 amicos,'quia
1942 2189 2121 2243 omnia

547 2285 668 2330 qua:
699 2269 874 2323 audivi
906 2286 934 2324 a
968 2269 1125 2325 Patre
1164 2287 1302 2335 meo,
1341 2273 1571 2342 patefeci
1616 2278 1768 2331 vobis
1792 2277 1861 2351 ξ’.
1902 2297 1932 2331 ι·
1950 2278 2123 2349 Magni

548 2362 730 2431 itaque
756 2362 966 2417 consilii
1003 2360 1268 2432 Angelum
1309 2364 1409 2420 hac
1434 2365 1501 2421 de
1532 2382 1589 2422 re
1625 2370 1871 2423 nominat
1904 2371 2125 2425 Etuma-

548 2453 782 2509 nuclem.
843 2454 1129 2525 Postquam
1189 2467 1370 2514 autem
1427 2459 1601 2514 factus
1642 2471 1725 2516 est
1762 2461 1957 2528 homo,
2013 2463 2126 2533 ipse

548 2546 789 2599 omnium
834 2561 863 2600 a
924 2562 983 2601 se
1038 2560 1311 2619 gestorum
1359 2552 1466 2604 vim
1517 2560 1572 2606 et
1621 2553 1876 2608 virtutem
1913 2555 2022 2610 Deo
2060 2571 2126 2610 ac

554 2635 696 2689 Patri
736 2638 1002 2692 attribuit.
1035 2638 1185 2704 Quod
1216 2642 1389 2709 ipsum
1425 2641 1567 2697 Deus
1598 2657 1661 2698 ac
1688 2643 1846 2698 Pater
1878 2645 1992 2714 ipse
2028 2662 2127 2717 per

555 2734 667 2779 haec
701 2728 854 2781 nobis
899 2731 1133 2784 ostendit
1165 2770 1181 2795 ,
1211 2747 1331 2803 cum
1383 2734 1454 2786 ait
1494 2751 1506 2787 :
1539 2735 1648 2803 Ego
1679 2736 1824 2789 enim
1859 2737 2122 2794 adducam

553 2832 739 2891 pacem
766 2834 927 2888 super
954 2821 1246 2892 principes,
1281 2839 1464 2893 pacem
1503 2837 1555 2879 et
1593 2826 1879 2881 sanitatem
1913 2844 2125 2883 eorum.

557 2909 747 2964 Pacem
803 2911 1125 2981 ipsissimam
1182 2915 1386 2972 sanctis
1434 2918 1692 2985 apostolis
1755 2928 1813 2973 ut
1848 2935 2000 2975 suam
2066 2936 2130 2977 ac

555 2999 822 3067 propriam
875 3002 1021 3055 dedit
1073 3002 1344 3058 Christus.
1396 3005 1589 3060 Omnia
1633 3009 1777 3062 enim
1827 3024 1949 3079 qua:
2004 3021 2129 3066 sunt

558 3089 767 3156 Patris,
825 3084 959 3146 sunt
994 3092 1128 3161 ejus.
1179 3096 1399 3151 Dicebat
1440 3098 1611 3153 item:
1653 3118 1672 3150 ι
1724 3098 1919 3155 Pacem
1955 3117 2127 3156 meam

552 3189 621 3240 do
650 3185 823 3251 vobis,
857 3201 1043 3255 pacem
1076 3204 1247 3243 meam
1272 3217 1275 3220 ‹
1299 3172 1548 3260 relinquo
1579 3193 1730 3248 vobis
1757 3194 1827 3248 °°.
1855 3213 1874 3247 ι
1917 3193 1973 3248 Si
2001 3211 2131 3251 vero
2158 3172 2202 3231 (ἶ

553 3276 764 3330 dicatur
821 3278 935 3344 ipse
980 3277 1294 3336 Emmanuel
1351 3299 1532 3351 pacem
1574 3294 1626 3339 et
1668 3286 1953 3342 sanitatem
1985 3289 2133 3343 acci-

553 3379 683 3436 pere
706 3406 721 3430 ,
752 3366 925 3435 cogita
974 3368 1103 3421 mihi
1148 3386 1334 3425 rursus
1364 3372 1787 3441 dispensationis
1807 3416 1822 3442 ,
1866 3375 1918 3429 in
1945 3392 2131 3446 carne,

559 3460 832 3530 singulare
871 3460 1031 3532 156
1053 3463 1358 3517 consilium.
1388 3465 1611 3535 Accepit
1634 3468 1777 3521 enim
1805 3484 1991 3539 pacem
2017 3487 2136 3538 quat

555 3561 634 3606 est
662 3568 727 3606 ex
765 3553 966 3607 mundo
998 3554 1269 3619 videlicet,
1306 3554 1464 3611 Patre
1494 3558 1542 3611 ei
1566 3559 1811 3613 tradente
1841 3562 2044 3626 omnia,
2081 3570 2136 3619 et

558 3653 615 3697 ut
651 3659 836 3713 pacem
861 3659 986 3714 erga
1043 3645 1214 3716 ipsum
1264 3648 1500 3703 habeant
1556 3651 1936 3719 persuadente,
1986 3653 2135 3709 illum

559 3736 853 3804 adoranda,
886 3740 1145 3809 regnique
1167 3739 1285 3807 ejus
1310 3741 1497 3810 jugum
1526 3742 1885 3812 suscipiendo.
1910 3763 1929 3797 ι
1966 3745 2137 3803 Nemo

556 3829 698 3882 ruim
764 3838 962 3898 potest,
1025 3849 1046 3883 ι
1087 3832 1283 3901 inquit,
1316 3850 1335 3884 ι
1368 3834 1556 3889 venire
1581 3835 1645 3889 ad
1692 3851 1797 3904 me,
1836 3837 1937 3892 nisi
1979 3837 2137 3894 Pater

556 3920 645 3989 qui
684 3921 832 3975 misit
866 3938 975 3985 me.
1012 3924 1244 3978 traxerit
1268 3940 1391 3979 eum
1423 3927 1487 3979 υ.
1531 3945 1551 3979 ι
1581 3927 1944 3985 Pruclamavit
1971 3932 2134 3987 etiam

555 4011 752 4092 alicubi
792 4014 1007 4083 sapiens
1038 4015 1246 4074 Isaias:
1287 4037 1305 4068 ι
1334 4018 1621 4077 Faciamus
1651 4036 1836 4092 pacem
1869 4024 1940 4091 ei,
1977 4024 2139 4081 facia-

557 4086 677 4155 mus
705 4118 890 4172 pacem
920 4107 1235 4163 accedentes
1277 4112 1343 4165 ad
1379 4126 1502 4165 eum
1535 4112 1602 4166 ".
1647 4131 1667 4165 ι
1711 4113 1922 4184 Accipit
1955 4116 2138 4186 itaque

554 4205 741 4261 pacem
779 4210 807 4249 a
842 4195 1023 4263 Patre,
1072 4200 1138 4252 ad
1186 4214 1308 4255 eum
1344 4218 1504 4273 quem
1542 4203 1653 4258 dixi
1686 4206 1922 4261 modum.
1962 4207 2136 4263 Audi-

563 4286 738 4338 vimus
755 4285 1018 4354 siquidem
1051 4307 1174 4345 eum
1209 4292 1576 4362 alloquentem
1620 4292 1837 4350 Patrem
1868 4309 1946 4356 et.
1967 4297 2134 4353 Deum

563 4376 836 4431 caelestem
872 4396 886 4434 :
920 4398 939 4431 ι
964 4382 1111 4448 Quos
1134 4382 1327 4439 dedisti
1364 4385 1493 4438 mihi
1518 4401 1582 4440 ex
1613 4388 1838 4455 mundo,
1866 4390 2136 4459 tuierant,

562 4481 626 4520 ne
662 4466 780 4523 illos
833 4469 965 4524 mihi
1011 4474 1203 4528 dedisti
1238 4473 1305 4527 ".
1354 4491 1373 4524 ι
1406 4475 1617 4544 Accipit
1651 4477 1780 4533 item
1815 4480 2133 4548 sanitatem,

561 4562 612 4614 id
634 4568 738 4626 est,
787 4577 818 4618 e
868 4564 1095 4620 mortuis
1120 4566 1242 4620 vitae
1272 4570 1702 4624 renuvationem.
1726 4568 1858 4624 Cum
1882 4572 2026 4626 enim
2056 4573 2142 4627 iu-

561 4652 806 4710 lirmatus
862 4655 1137 4725 paululum
1183 4658 1411 4726 dicatur,
1455 4661 1599 4731 quod
1637 4662 1944 4731 permiserit
1977 4665 2131 4720 carni

562 4758 694 4807 suae,
723 4746 893 4815 gratia
937 4749 1029 4802 Dei
1058 4761 1155 4819 pro
1179 4751 1430 4807 omnibus
1465 4761 1692 4807 mortem
1719 4762 1960 4824 gustare,
1985 4757 2136 4809 sani-

565 4842 727 4888 tatem
790 4840 1019 4909 accipit,
1058 4845 1485 4899 rrenovationem
1531 4844 1656 4899 vitte
1700 4845 1932 4915 accipit,
1976 4846 2140 4917 idque

564 4941 752 4982 rursus
814 4928 928 4997 ipse
978 4933 1248 5001 priestitit.
1288 4935 1559 4991 Excitavit
1592 4937 1736 4993 enim
1787 4953 1943 4993 suum
2003 4946 2142 4993 tem-

561 5018 730 5086 plum,
766 5034 888 5074 cum
918 5023 1030 5092 ipse
1051 5026 1121 5081 sit
1150 5029 1388 5095 potentia
1417 5030 1613 5088 Patris.
1648 5031 1705 5089 Si
1733 5033 1877 5086 enim
1913 5032 2029 5101 ipse
2056 5040 2139 5088 est

564 5113 896 5169 resurrectio
931 5125 987 5171 et
1027 5117 1156 5181 vita,
1195 5121 1323 5188 quid
1359 5123 1572 5177 tandem
1602 5126 1669 5178 ad
1712 5124 2136 5180 viviﬁcationem

562 5204 922 5261 desiderasset
955 5208 1106 5263 vita?
1144 5210 1210 5265 Et
1243 5213 1287 5266 si
1338 5213 1566 5268 aliorum
1598 5229 1826 5284 corpora
1863 5217 2137 5273 excitasse

564 5300 895 5368 conspicitur
945 5315 1040 5356 sua
1093 5318 1281 5358 rursus
1306 5306 1354 5358 vi
1388 5319 1451 5359 ac
1482 5308 1745 5375 potentia,
1795 5310 1981 5377 quidni
2011 5318 2140 5364 ante

565 5386 793 5444 aliorum
839 5406 1068 5462 corpora
1120 5408 1276 5448 suum
1329 5396 1666 5452 excitasset?
1700 5397 1911 5453 Aﬂ'atur
1955 5408 2135 5454 autem

567 5476 679 5545 ipse
711 5479 927 5538 Judazos
956 5501 971 5538 :
1001 5502 1021 5537 ι
1058 5484 1261 5541 Solvite
1312 5486 1567 5558 templum
1615 5488 1749 5556 hoc,
1784 5498 1837 5545 et
1878 5490 1929 5544 iu
1966 5490 2136 5547 tribus

2226 1910 2559 1982 ἐσφράγισεν
2603 1911 2684 1963 ὅτι
2723 1912 2751 1962 6
2794 1909 2926 1973 Θεὸς
2969 1908 3175 1979 ἀληθής
3211 1909 3378 1960 ἐστιν.
3427 1905 3522 1959 Ὃν
3565 1904 3677 1975 γὰρ
3713 1905 3815 1957 ἀπ-

2225 2000 2464 2053 έστειλεν
2492 2000 2690 2062 όΘεὸς,
2723 1998 2790 2052 τὰ
2816 1999 3037 2069 ῥήματα
3058 1996 3152 2050 τοῦ
3175 1994 3311 2049 Θεοῦ
3337 1995 3506 2048 λαλεῖ.
3539 2012 3556 2045 ι
3592 1994 3701 2046 Καὶ
3725 1992 3817 2045 αὑ-

2224 2091 2316 2155 τὸς
2337 2091 2391 2143 δέ
2424 2091 2525 2143 πού
2551 2108 2686 2160 φησι
2707 2093 2818 2153 τοῖς
2859 2090 3034 2157 ἁγίοις
3069 2087 3413 2150 ἀποστόλοις·
3450 2104 3468 2138 ι
3513 2085 3704 2154 Ὑμεῖς
3730 2084 3815 2153 φίς

2225 2181 2305 2234 λοι
2333 2180 2433 2252 μού
2460 2184 2604 2245 ἐστε,
2639 2181 2731 2234 ἐὰν
2764 2182 3049 2251 ποιήσητε,
3080 2178 3116 2233 ἀ
3164 2178 3275 2246 ἐγὼ
3305 2176 3623 2246 ἐντέλλομαι
3666 2176 3816 2245 ὑμῖν,

2227 2272 2424 2327 Οὐκέτι
2453 2273 2598 2341 λέγω
2640 2274 2783 2343 ὑμᾶς
2812 2272 3052 2335 δούλους,
3085 2272 3168 2324 ὅτι
3206 2271 3233 2321 ὀ
3256 2268 3441 2332 δοῦλος
3474 2269 3573 2320 οὐκ
3617 2258 3725 2320 οἵδε
3767 2263 3818 2320 τί

2227 2370 2374 2420 ποιεῖ
2420 2365 2636 2419 αύτοῦὸ
2680 2364 2903 2435 Κύριος.
2949 2364 3125 2433 ’Υμᾶς
3150 2363 3206 2416 δὲ
3230 2362 3427 2433 εἴρηκα
3477 2360 3688 2431 φίλους,
3738 2359 3818 2412 ὅτι

2230 2458 2409 2511 πάντα
2456 2456 2732 2526 διήκουσα
2777 2455 2929 2526 παρὰ
2975 2453 3068 2508 τοῦ
3119 2452 3332 2523 Πατρός
3378 2469 3499 2522 μου,
3546 2449 3819 2521 ἐγνώρισα

2229 2549 2674 2621 ύμῖν.»Μεγάλης
2711 2545 2803 2601 οὖν
2847 2547 2955 2616 ἄρα
3002 2545 3197 2618 βουλῆς
3238 2543 3470 2613 ἄγγελον
3519 2543 3723 2611 ταύτης
3761 2559 3820 2596 τι

2228 2641 2392 2694 ἕνεκα
2415 2640 2514 2710 τῆς
2553 2641 2732 2702 αἰτίας
2764 2637 3022 2710 ὀνομάζει
3068 2639 3159 2691 τὸν
3193 2636 3564 2708 Ἐμμανουήλ.
3604 2635 3821 2706 Ἐπειδὴ

2228 2729 2285 2782 δὲ
2314 2728 2536 2797 γέγονεν
2568 2728 2874 2800 ἄνθρωπος,
2906 2730 3067 2792 αὐτός
3112 2745 3170 2780 τε
3206 2726 3441 2780 ἀνετίθει
3466 2726 3544 2797 τῷ
3583 2725 3703 2794 Θεῷ
3728 2726 3821 2778 καὶ

2231 2820 2406 2890 Πατρί
2480 2819 2576 2890 τὴν
2630 2821 2715 2888 ἐφ’
2750 2819 2919 2873 ἆπασι
2966 2822 3078 2882 τοῖς
3127 2820 3259 2887 παρ’
3308 2817 3472 2872 αὐτοῦ
3525 2816 3821 2888 δρωμένοις

2230 2910 2510 2981 ὲνέργειάν
2542 2928 2601 2964 τε
2641 2912 2737 2964 καὶ
2782 2911 3033 2981 δύναμιν,
3069 2911 3163 2964 καὶ
3208 2910 3370 2973 αὐτὸς
3398 2910 3454 2963 δὲ
3499 2909 3586 2962 διὰ
3618 2908 3821 2964 τούτων

2233 3006 2365 3076 ήμῖν
2396 3007 2424 3058 6
2450 3004 2581 3068 Θεὸς
2611 3007 2705 3058 καὶ
2737 3005 2947 3075 Πατὴρ,
2984 3004 3115 3057 αὐτὸ
3144 3004 3209 3073 δὴ
3234 3002 3391 3056 τοῦτο
3415 3002 3718 3074 παραδηλοῖ
3738 3001 3822 3055 λέ-

2232 3113 2364 3166 γων·
2411 3094 2550 3165 Ἐγὼ
2580 3096 2688 3166 γὰρ
2714 3094 2827 3163 ἄξω
2848 3096 3070 3166 εἰρήνην
3098 3095 3185 3147 ιὶπἰ
3220 3094 3345 3157 τοὺς
3364 3095 3821 3166 ἀρχοντας,εἰρή-

2236 3204 2334 3258 νην
2363 3188 2458 3240 καὶ
2482 3187 2692 3255 ὑγίειαν
2747 3185 2948 3240 αὐτῶν.
2982 3186 3092 3257 Τὴν
3126 3184 3225 3254 μὲν
3265 3179 3427 3237 οὖσαν
3457 3184 3685 3253 εἰρήνην
3714 3185 3821 3245 τοῖς

2237 3277 2411 3347 ἁγίοις
2460 3276 2800 3340 ἀποστόλοις,
2850 3275 2925 3340 ὡς
2977 3275 3114 3328 ἰδίαν
3163 3274 3334 3327 ἐδίδου
3378 3273 3634 3346 Χριστός.
3671 3272 3822 3325 Ἐστι

2235 3371 2344 3440 γὰρ
2379 3368 2543 3424 αὐτοῦ
2580 3369 2756 3422 πάντα
2796 3367 2863 3421 τὰ
2906 3366 2999 3421 τοῦ
3046 3368 3281 3437 Πατρὺς,
3312 3366 3406 3419 καὶ
3442 3365 3507 3437 δὴ
3547 3365 3642 3418 καὶ
3696 3362 3821 3431 ἔφα·

2239 3479 2365 3517 σκεν
2384 3479 2396 3491 ·
2432 3479 2448 3512 ι
2484 3461 2722 3531 Εἰρήνην
2745 3459 2845 3529 τὴν
2870 3460 3009 3530 ἐμὴν
3038 3458 3229 3538 δίδωμι
3265 3457 3393 3528 ὑμῖν
3414 3471 3428 3485 ·
3460 3456 3687 3528 εἰρήνην
3726 3454 3824 3524 τὴν

2236 3554 2376 3625 ἐμήν
2431 3551 2633 3623 ἀφίημι
2668 3550 2814 3620 ὑμῖν.
2853 3569 2873 3599 ι
2908 3550 2970 3602 Εἰ
3004 3549 3060 3601 δὲ
3104 3549 3167 3621 δὴ
3215 3547 3427 3617 λέγοιτο
3458 3549 3555 3601 καὶ
3602 3545 3766 3609 αὐτὸς
3796 3547 3824 3599 6

2250 3643 2597 3715 Ἐμμανουήλ
2645 3643 2870 3715 εἰρήνην
2917 3644 3010 3696 καὶ
3058 3643 3269 3710 ὑγίειαν
3317 3640 3524 3707 λαϐεῖν,
3569 3642 3682 3694 νόει
3730 3639 3823 3710 μὲν

2238 3735 2401 3791 πάλιν
2427 3736 2525 3807 τῆς
2558 3735 2696 3806 μετά
2728 3735 2929 3807 σαρκὸς
2957 3733 3269 3805 οἰκονομίας
3300 3735 3361 3786 τὸ
3392 3734 3666 3804 εὐτεχνές.
3686 3732 3823 3787 Ἐδέ·
3934 3737 3937 3740 ’

2238 3845 2362 3900 χετο
2385 3829 2494 3901 γὰρ
2524 3829 2748 3901 εἰρήνην
2769 3828 2869 3898 τὴν
2896 3827 3002 3881 ἀπὸ
3027 3826 3120 3880 τοῦ
3143 3828 3347 3899 κόσμου
3366 3825 3629 3898 δηλονότι,
3653 3841 3823 3896 προσ·

2240 3921 2463 3990 ἀγοντος
2490 3921 2637 3991 αὐτῷ
2665 3920 2985 3992 σύμπαντας
3017 3919 3112 3974 τοῦ
3135 3920 3366 3992 Πατρδς,
3391 3918 3482 3971 καὶ
3516 3919 3824 3988 είρηνευειν

2239 4015 2376 4086 πρὸς
2400 4013 2562 4068 αὐτὸν
2583 4012 2988 4078 ἀναπείθοντος,
3003 4012 3092 4067 διά
3105 4030 3169 4082 γε
3187 4012 3279 4066 τοῦ
3305 4012 3626 4083 προσκυνεῖν
3649 4008 3824 4079 αὐτῷ,

2240 4108 2334 4161 καὶ
2363 4106 2454 4160 τὸν
2487 4107 2588 4177 τῆς
2623 4102 2900 4175 βασιλείας
2934 4101 3101 4156 αὐτοῦ
3144 4102 3396 4174 δέχεσθαι
3429 4101 3614 4173 ζυγόν.
3657 4120 3676 4153 ι
3720 4096 3820 4155 Οὑ-

2237 4197 2348 4261 δείς
2379 4196 2484 4270 γὰρ
2513 4196 2756 4260 δύναται,
2802 4215 2817 4245 ι
2852 4196 3035 4265 φησιν,
3070 4214 3088 4246 ε
3129 4193 3304 4248 ὲλθεῖν
3341 4191 3477 4264 πρὸς
3503 4191 3592 4263 μὲ,
3624 4191 3721 4245 ἐὰν
3753 4191 3823 4261 μὴ

2238 4292 2267 4344 6
2308 4289 2497 4361 Πατὴρ
2529 4286 2802 4360 όπέμψας
2836 4303 2902 4358 με
2936 4285 3139 4358 ἑλκύσῃ
3184 4285 3365 4339 αὐτόν.
3412 4302 3430 4336 ι
3477 4284 3823 4356 Προσανακε-

2240 4383 2437 4454 κράγει
2468 4383 2525 4436 δέ
2570 4399 2672 4435 που
2725 4380 2818 4435 καί
2862 4382 2891 4434 6
2938 4380 3100 4449 σοφὸς
3140 4379 3368 4442 Ἡσαΐας
3392 4396 3404 4409 ·
3442 4397 3462 4430 ι
3505 4378 3825 4449 Ποιήσωμεν

2242 4476 2463 4546 εἰρήνην
2507 4470 2674 4543 αὐτῷ,
2711 4472 3028 4541 ποιήσωμεν
3089 4470 3314 4542 εἰρήνην
3360 4470 3409 4522 οἰ
3455 4469 3763 4540 ἐρχόμενοι.
3802 4486 3821 4519 ι

2244 4565 2467 4636 Δέχεται
2497 4565 2595 4636 μὲν
2622 4562 2713 4619 οὖν
2738 4564 2837 4636 τὴν
2865 4565 3085 4637 εἰρήνην
3115 4564 3267 4634 παρά
3297 4561 3390 4617 τοῦ
3418 4562 3658 4634 Πατρός.
3691 4561 3822 4615 κατά

2241 4655 2391 4709 τόνδε
2407 4655 2497 4709 τὸν
2518 4654 2741 4725 τρόπον,
2770 4654 2846 4717 ὡς
2862 4653 3018 4726 ἔφην.
3065 4653 3412 4725 Ἀκηκόαμεν
3432 4652 3542 4724 γὰρ
3554 4651 3718 4706 αὐτοῦ
3744 4650 3821 4704 λέ-

2241 4763 2426 4817 γοντος
2453 4746 2592 4817 πρὸς
2631 4746 2722 4800 τὸν
2754 4746 2813 4799 ὲν
2838 4749 2950 4810 τοῖς
2988 4747 3238 4818 οὐρανοῖς
3279 4746 3500 4817 Πατέρα
3544 4745 3637 4799 καὶ
3666 4744 3791 4798 Υἰόν
3810 4761 3822 4774 ·

2246 4859 2266 4892 ί
2299 4838 2407 4902 Οὓς
2440 4837 2672 4902 δέδωκάς
2695 4856 2786 4910 μοι
2818 4840 2882 4892 ὲκ
2898 4838 2991 4893 τοῦ
3020 4839 3250 4910 κόσμου,
3282 4838 3364 4892 σοὶ
3387 4834 3552 4910 ἦσαν,
3582 4837 3678 4891 καὶ
3706 4836 3822 4908 ἐμοὶ

2239 4931 2437 4996 αὐτοὺς
2477 4930 2703 4995 ἔδωκας.
2740 4950 2759 4984 ι
2798 4931 3023 5003 Δέχεται
3045 4931 3101 4985 δὲ
3131 4931 3225 4985 καὶ
3251 4930 3484 5001 ὑγίειαν,
3516 4929 3665 4984 τοῦτ’
3690 4929 3823 4994 ἔστι,

2240 5023 2341 5094 τὴν
2382 5026 2447 5077 ἐκ
2497 5023 2706 5095 νεκρῶν
2749 5021 3062 5077 ἀναϐίωσιν.
3119 5021 3339 5092 Ἐπειδὴ
3372 5021 3482 5093 γὰρ
3525 5020 3822 5094 ἀσθενῆσαι

2241 5116 2459 5186 λέγεται
2484 5115 2679 5188 βραχὺ,
2707 5115 2796 5169 διά
2814 5133 2895 5168 τοι
2919 5115 2978 5168 τὸ
3001 5116 3210 5184 ἐφεῖναι
3229 5118 3297 5186 τῇ
3325 5113 3429 5185 ἰδίᾳ
3456 5114 3621 5186 σαρκί
3642 5113 3821 5187 χάριτι

2241 5210 2376 5265 Θεοῦ
2416 5210 2557 5283 ὑπὲρ
2589 5210 2805 5264 πάντων
2849 5208 3150 5278 γεύσασθαι
3185 5207 3439 5272 θανάτου,
3468 5207 3684 5277 δέχεται
3730 5207 3821 5276 τὴν

2243 5303 2478 5373 ὑγίειαν,
2511 5301 2656 5356 τοῦτ’
2695 5301 2832 5366 ἐστι,
2861 5301 2960 5373 τὴν
3002 5299 3319 5364 ἀναϐίωσιν,
3352 5299 3445 5352 καὶ
3483 5297 3641 5351 τοῦτο
3666 5296 3820 5350 πάλιν

2240 5396 2547 5468 ,ἐνεργήσας
2573 5394 2754 5458 αὐτός.
2789 5393 3018 5465 Ἥγειρς.
3045 5391 3153 5464 γὰρ
3185 5392 3274 5444 τὸν
3307 5389 3505 5444 ἑαυτοῦ
3546 5389 3695 5453 ναὸν,
3731 5388 3817 5441 a6-

2243 5485 2336 5549 τδς
2379 5486 2701 5555 ύπὰρχωνή
2744 5483 2972 5554 δύναμις
3014 5482 3108 5536 τοῦ
3140 5480 3375 5546 Πατρός.
3410 5479 3472 5532 Εἰ
3512 5479 3622 5550 γὰρ
3667 5478 3822 5541 αὑτός

636 5660 678 5739 ’ξτ
711 5658 808 5711 lea.
846 5664 1037 5739 um].
1116 5665 1160 5696 ⁸⁸
1190 5666 1345 5721 Joau.
1377 5686 1457 5735 ιιι,
1482 5672 1567 5726 55,
1644 5674 1690 5703 ⁸⁸
1718 5672 1871 5727 Joan.
1911 5689 1995 5737 xv,
2028 5674 2107 5739 ιι,

2296 5674 2339 5705 "~‘
2374 5672 2526 5728 Joau.
2555 5687 2665 5736 χεν,
2693 5670 2780 5723 ‘27.
2862 5670 2899 5700 "
2935 5667 3090 5723 Joau.
3114 5681 3187 5727 γι,
3211 5666 3303 5730 66,
3379 5665 3424 5697 ⁹¹
3453 5663 3553 5719 lsa.
3578 5676 3750 5725 sun,
3773 5659 3826 5713 5.

553 5730 612 5808 ,⁸³
635 5727 786 5785 Joan.
819 5746 951 5791 ml,
974 5731 1024 5784 9.
