4122 6292
320 295 422 352 25⁸1

1469 299 1536 356 ΙΝ
1576 300 1814 358 ISAIAM
1854 302 1982 358 LIB.
2027 302 2066 362 L
2104 303 2316 361 ORAT.
2359 304 2449 362 Vl.

3494 311 3601 369 9.58

318 418 466 469 ἐστιν
496 415 531 483 η
574 413 892 475 ἀνάστασις,
929 413 1078 484 καὶὴ
1114 412 1246 484 ζωὴ,
1271 414 1414 478 τίνος
1450 417 1517 471 ἂν
1545 419 1737 493 ἐδεήθη
1775 423 1901 493 πρὸς

2017 420 2212 477 diebus
2259 423 2513 478 excitabo
2557 422 2689 478 illud
2732 425 2798 479 ".
2850 444 2868 477 ι
2918 424 3160 496 Regnum
3216 442 3345 485 vero
3395 431 3600 490 Christi

322 504 658 576 ζωοποίησιν
683 507 716 575 ἡ
751 503 895 576 Coiﬁ;
924 505 1038 558 Kal.
1070 508 1119 557 εἰ
1137 506 1206 558 τά
1232 505 1336 560 τῶν
1368 508 1568 579 ἐτέρων
1590 513 1910 585 ἐγηγερκὼς

318 599 518 670 ὁρᾶται
569 596 794 668 σώματα
821 596 1046 664 δυνάμει
1080 596 1242 648 πάλιν
1273 597 1400 669 ἰδίᾳ,
1438 599 1552 663 πῶς
1581 601 1646 656 ἂν
1677 604 1775 656 οὐκ
1812 605 1908 658 ἀν-

320 690 521 760 έστησε
558 688 652 742 καὶ
685 687 788 758 πρό
813 704 874 755 γε
896 686 1005 739 τῶν
1024 687 1200 741 ἄλλων
1219 687 1281 740 τὸ
1316 689 1484 757 ἵδιονς
1508 692 1722 754 Καίτοι,
1749 695 1904 764 φησὶ,

318 782 458 853 πρὸς
518 780 800 844 Ἰουδαίους
840 779 1003 842 αὐτός
1028 797 1040 807 ·
1088 797 1107 830 ι
1147 779 1359 833 Λύσατε
1397 783 1487 834 τὸν
1522 784 1648 837 ναὸν
1693 786 1904 852 τοῦτον,

317 875 411 927 καὶ
440 875 498 926 ἐν
527 873 708 944 τρισὶν
737 871 975 945 ἡμέραις
1001 871 1176 942 ἐγερῶ
1197 873 1379 926 αὐτόν.
1422 892 1442 924 ›
1473 874 1594 928 ’Ὁτι
1618 875 1725 948 γὰρ
1749 877 1905 930 ἀκλά-

314 983 476 1037 νητος
506 969 541 1038 ἡ
591 965 842 1037 βασιλεία
885 963 979 1017 τοῦ
1013 965 1249 1034 Χριστοῦ
1285 965 1378 1018 καὶ
1414 966 1478 1019 τὸ
1515 969 1908 1038 ἐρηρεισμένον

313 1057 518 1128 ἔχουσα
547 1057 637 1112 διὰ
663 1057 866 1121 παντὸς
894 1056 1156 1121 διδάσκει,
1187 1057 1392 1125 λέγων’
1411 1077 1428 1108 ι
1449 1059 1679 1130 Μεγάλη
1706 1063 1740 1130 ὴ
1767 1061 1906 1134 ἀρχὴ

313 1149 506 1216 αὐτοῦ,
558 1151 788 1220 καὶτῆς
848 1151 1071 1222 εἰρήνης
1117 1149 1285 1203 αὐτοῦ
1339 1152 1440 1202 οὑκ
1473 1150 1633 1204 ’ἐστιν
1681 1153 1845 1223 ὃριον.
1883 1172 1903 1206 ι

311 1239 491 1314 Ἦρξε
539 1243 649 1315 γὰρ
680 1242 866 1296 οὐκέτι
920 1243 1090 1313 μόνης
1133 1246 1233 1313 τῆς
1279 1243 1561 1308 Ἰουδαίας,
1593 1245 1811 1316 ἁπάσης
1851 1247 1908 1300 δὲ

314 1335 519 1403 μᾶλλον
549 1333 650 1404 τῆς
697 1335 786 1387 ὑπ’
821 1335 1070 1406 οὐρανόν.
1118 1337 1228 1389 Καὶ
1266 1337 1420 1400 τέλος
1467 1341 1565 1392 οὐκ
1615 1339 1766 1393 ἔσται
1807 1341 1906 1412 τῆς

310 1425 448 1493 παρ’
475 1426 632 1496 ἡμῶν
667 1428 1122 1499 προσφερομένης
1154 1431 1304 1502 αὐτῷ
1330 1433 1567 1504 εἰρήνης.
1612 1434 1906 1506 Εἰρηνεύο-

314 1533 422 1586 μεν
451 1518 562 1589 γὰρ
596 1519 735 1590 πρὸς
775 1521 959 1583 αὑτὸν,
1004 1522 1150 1592 αὐτῷ
1182 1525 1608 1595 προσκυνοῦμεν,
1638 1526 1712 1590 ὠς
1747 1526 1903 1598 ἔφην,

311 1609 418 1661 καὶ
450 1608 518 1661 δι’
560 1611 725 1663 αὐτοῦ
757 1613 848 1665 καὶ
890 1614 948 1666 ἐν
985 1613 1132 1684 αὑτῷ
1157 1613 1237 1684 τῷ
1273 1614 1392 1685 Θεῷ
1432 1619 1527 1669 καὶ
1558 1618 1752 1688 Πατρί.
1797 1619 1908 1671 Καὶ

309 1698 416 1768 τὴν
448 1698 546 1753 τοῦ
577 1701 813 1772 πολέμου
846 1702 1096 1773 πρόξενον
1127 1707 1408 1776 ἁμαρτίαν
1427 1709 1491 1760 ἐκ
1517 1708 1683 1778 μέσου
1707 1711 1901 1771 ποιεῖν,

313 1792 738 1857 σπουδάζοντες.
785 1794 906 1847 Ὅτι
968 1795 1022 1848 δὲ
1078 1797 1306 1866 ἀφίκετο
1355 1797 1418 1850 τὸ
1475 1799 1586 1852 τῶν
1639 1800 1908 1854 Ἰουδαίων
1941 1808 1981 1862 Β
2011 1793 2266 1861 “Illic”.
2323 1793 2508 1846 dicens

310 1884 696 1956 ἐλευθερώσων
743 1886 911 1950 ἔθνος,
947 1886 1186 1941 διδάσκει
1229 1889 1536 1959 προτιθείς·
1580 1911 1598 1942 ι
1646 1881 1768 1944 Ἐπὶ
1813 1892 1905 1945 τὸν

314 1975 504 2047 θρόνον
537 1975 722 2042 Δαϐὶδ,
755 1977 851 2030 καὶ
880 1978 970 2030 ἐπί⁸
989 1979 1089 2048 τὴν
1120 1977 1402 2047 βασιλείαν
1429 1979 1596 2033 αὐτοῦ
1624 1980 1907 2050 κατορθῶ-

314 2086 404 2122 σαι
439 2070 609 2140 αὐτήν
634 2085 647 2099 °
683 2070 777 2123 καὶ
817 2069 1199 2124 ἀντιλαϐέσθαι
1240 2073 1410 2142 αὐτῆς
1455 2073 1512 2124 ὲν
1562 2071 1902 2143 δικαιοσύνῃ,

313 2160 407 2215 καὶ
436 2163 492 2214 ἐν
520 2161 771 2233 κρίματι,
803 2161 909 2216 ἀπὸ
939 2161 1030 2214 τοῦ
1071 2161 1166 2216 νῦν
1196 2163 1291 2215 καὶ
1331 2165 1410 2226 εἰς
1439 2163 1531 2215 τὸν
1561 2162 1733 2215 αἰῶνα
1769 2162 1903 2232 χρό-

311 2269 422 2305 νον.
462 2272 480 2304 ι
536 2252 757 2324 Ἐπειδὴ
786 2252 843 2305 δὲ
877 2251 1243 2323 ἀποχρώντως
1277 2255 1408 2323 ἡμῖν
1439 2254 1530 2306 τὸν
1564 2253 1690 2323 περί
1719 2269 1784 2320 γε
1806 2251 1900 2305 τοῦ

323 2345 672 2416 Ἑμμανουὴλ
717 2347 1014 2416 ἐποιήσατο
1054 2345 1210 2414 λόγον
1249 2348 1277 2398 ὁ
1315 2347 1585 2416 μακάριος
1616 2348 1903 2417 προφήτης

311 2439 406 2508 τῆς
427 2438 584 2492 ἐνανθ
595 2440 897 2508 ρωπήσεως
917 2439 1008 2490 τὸν
1026 2440 1217 2509 καιρὸν
1237 2439 1549 2500 ἀποδίδωσι,
1568 2438 1760 2504 λέγων·
1790 2458 1806 2490 ι
1845 2440 1902 2492 Ὀ

312 2532 473 2601 ζῆλος
502 2531 708 2600 Κυρίου
734 2529 964 2582 Σαϐαὼθ
985 2533 1201 2600 ποιήσει
1225 2530 1418 2582 ταῦτα.
1443 2549 1461 2578 ι
1484 2531 1640 2592 Ποῖος
1667 2531 1723 2582 δὲ
1744 2530 1902 2600 ζῆλος

313 2622 406 2674 καὶ
435 2622 532 2673 ἐπὶ
566 2621 704 2674 τίσιν
739 2622 1041 2688 ἀναγκαῖον
1072 2623 1268 2673 εἰπεῖν.
1324 2621 1381 2673 Ὀ
1415 2621 1513 2690 μὲν
1536 2621 1642 2692 γάρ
1679 2623 1902 2693 Δράκων

315 2715 341 2764 ὁ
370 2712 691 2782 ἀποστάτης
717 2712 937 2782 ἥρπασε
967 2711 1066 2782 τὴν
1097 2712 1186 2763 ὑπ’
1213 2711 1457 2780 οὐρανὸν,
1501 2713 1592 2764 καὶ
1615 2715 1722 2773 τοῖς
1754 2713 1901 2775 ἰδίοις

315 2807 564 2874 ὑπέθηκε
599 2807 903 2875 σκήπτροις
941 2805 1032 2857 τὸν
1076 2803 1195 2857 κατ’
1223 2804 1402 2857 εἰκόνα
1439 2805 1570 2857 Θεοῦ
1609 2808 1899 2875 γενόμενον

319 2899 631 2969 ἄνθρωπον.
663 2893 774 2950 Ἦν
803 2893 895 2950 οὖν
925 2896 1032 2968 ἄρα
1063 2896 1222 2966 ζήλου
1250 2898 1449 2960 παντὸς
1473 2895 1622 2962 ἄξιον
1657 2897 1895 2968 ἀληθῶς,

321 2991 417 3043 καὶ
443 2987 758 3054 πλεονεξίας
796 2991 1012 3059 ἁπάσης
1040 2990 1340 3058 ἀνάμεστον
1367 2989 1427 3041 τὸ
1462 2991 1586 3042 καθ’
1609 2990 1766 3062 μῶν
1802 3007 1898 3058 γε·

318 3081 496 3146 γονὸς,
553 3079 888 3150 ἠλευθέρωσε
941 3080 1120 3132 τοίνυν
1149 3083 1176 3132 ὁ
1226 3079 1387 3150 ζῆλος
1418 3080 1623 3151 Κυρίου
1666 3080 1894 3134 Σαϐαὼθ

2019 514 2259 571 omnino,
2297 512 2463 568 ﬁxum
2513 525 2568 571 et
2621 515 2833 570 ﬁrmum
2890 533 3012 574 esse
3065 520 3244 584 docet.
3295 538 3416 578 cum
3467 526 3598 581 ait:

2024 621 2043 654 ι
2090 602 2314 673 Magnus
2351 606 2688 674 principatus
2722 606 2842 677 ejus
2866 649 2882 674 ,
2928 618 2982 663 et
3025 610 3173 677 pacis
3198 610 3314 678 ejus
3360 629 3467 667 non
3495 616 3602 670 erit

2017 694 2162 750 finis.
2208 715 2230 748 ι
2263 696 2379 750 Non
2411 696 2554 750 enim
2587 697 2683 751 soli
2717 697 2953 766 Judaeaa,
3011 704 3105 756 sed
3148 704 3243 757 toti
3277 705 3395 759 orbi
3423 713 3599 760 terra-

2016 802 2136 841 rum
2173 790 2482 856 imperavit.
2544 789 2654 844 Nec
2700 791 2824 846 linis
2876 793 2980 847 erit
3009 795 3192 863 pacis,
3227 811 3345 864 quae
3372 813 3402 850 a
3445 799 3599 853 nnhis

2017 881 2094 934 illi
2128 879 2376 935 affertur.
2412 880 2610 937 Pacem
2643 883 2788 938 enim
2827 899 2952 954 erga
2980 902 3101 939 eum
3141 887 3400 944 habemus
3433 893 3600 943 :ado-

2016 985 2204 1025 ramus
2251 987 2398 1037 eum,
2446 981 2504 1025 ut
2545 973 2680 1039 dixi,
2741 975 2821 1028 sic
2877 983 2932 1028 et
2981 991 3077 1045 per
3108 977 3282 1043 illum,
3315 990 3372 1034 et
3417 981 3470 1036 in
3509 982 3598 1036 illo

2015 1062 2186 1117 Deum
2215 1078 2278 1117 ac
2327 1061 2570 1119 Patrem.
2611 1065 2677 1118 Et
2713 1075 2994 1134 peccatum
3051 1070 3191 1122 unde
3237 1071 3438 1128 bellum
3470 1091 3600 1129 cou-

2013 1155 2200 1208 ﬂatum
2232 1165 2284 1209 el
2315 1163 2496 1210 ortum
2535 1166 2640 1222 est,
2682 1161 3049 1216 exterminare
3074 1163 3350 1219 debemus.
3373 1166 3598 1223 Venisse

2014 1260 2195 1300 autem
2221 1261 2345 1300 eum
2385 1247 2451 1300 ad
2485 1255 2697 1315 gentem
2720 1247 3031 1306 Judaeorum
3060 1253 3398 1310 liberandum
3416 1259 3594 1322 docet,

2013 1352 2136 1391 cum
2200 1338 2397 1392 addit:
2445 1357 2464 1389 ι
2507 1339 2686 1407 Super
2745 1341 2942 1396 solium
2998 1343 3259 1412 Davidis,
3323 1359 3378 1402 et
3433 1365 3598 1417 super

2013 1441 2241 1495 regnum
2278 1425 2434 1495 ejus,
2491 1439 2550 1482 ut
2597 1431 2794 1500 dirigat
2825 1434 2986 1499 illud,
3050 1446 3105 1489 et
3147 1438 3495 1492 administret
3539 1442 3592 1494 in

2010 1517 2246 1586 justitia,
2281 1527 2338 1572 et
2381 1518 2609 1587 judicio,
2643 1522 2696 1574 in
2735 1538 2951 1578 onmem
2977 1525 3230 1594 deinceps
3254 1532 3593 1597 perpetuita-

2017 1618 2146 1663 tem.
2185 1627 2202 1660 ι
2235 1607 2522 1678 Postquam
2553 1621 2734 1666 autem
2768 1617 2903 1668 satis
2934 1616 3001 1669 de
3044 1615 3396 1672 Emmanuele
3427 1624 3591 1675 verha

2020 1702 2174 1755 nobis
2227 1700 2358 1755 fecit
2411 1702 2606 1757 beatus
2654 1705 2947 1772 propheta,
2998 1709 3350 1765 humanitatis
3382 1723 3594 1782 tempus

2563 1811 2629 1846 τι
2685 1793 2849 1850 Zelus
2911 1798 3123 1854 Domini
3181 1801 3418 1857 Sabaoth
3468 1806 3593 1859 fecit

2010 1884 2143 1937 haec.
2179 1901 2199 1934 ι
2233 1883 2334 1950 Qui
2385 1895 2565 1939 autem
2617 1888 2802 1953 zelus,
2836 1901 2890 1943 et
2924 1903 3022 1959 pro
3057 1893 3252 1960 quibus
3285 1899 3592 1951 necessario

2008 1975 2315 2029 dicendum.
2355 1974 2532 2030 Draco
2579 1977 2835 2033 nimirum
2901 1988 3370 2051 apostata.orbem
3420 1997 3594 2041 terra.

2006 2082 2124 2120 rum
2152 2068 2346 2136 przedze
2388 2068 2596 2136 habuit,
2629 2080 2683 2125 et
2716 2073 2830 2127 suis
2873 2077 3101 2143 sceptris
3129 2075 3286 2147 157
3317 2079 3588 2134 hominem

2009 2167 2072 2215 ad
2110 2159 2206 2214 Dei
2258 2162 2545 2231 imaginem
2578 2164 2780 2218 factum
2817 2167 3070 2234 subjecit.
3101 2169 3235 2222 Erat
3263 2172 3430 2241 igitur
3461 2188 3590 2226 vere

2005 2256 2148 2308 omni
2185 2254 2304 2308 zelo
2330 2257 2646 2322 dignum,et
2670 2259 2816 2313 οηιηί
2853 2263 3135 2330 tyrannide
3171 2264 3410 2330 plenum.
3443 2268 3589 2334 quod

2006 2342 2059 2396 in
2095 2359 2194 2397 nos
2235 2346 2438 2398 factum
2479 2356 2581 2400 est.
2625 2346 2903 2402 Liberavit
2938 2351 3104 2420 igitur
3144 2353 3295 2406 zelus
3372 2349 3583 2404 Domini

2007 2434 2244 2488 Sabaoth
2279 2449 2468 2488 Omnes
2495 2447 2655 2490 terra:
2689 2437 2916 2491 incolas.
2952 2441 3124 2494 Aliter
3147 2453 3327 2496 autem
3358 2445 3435 2497 sic
3466 2463 3478 2497 :
3506 2446 3585 2498 ΑιΙ

2003 2526 2402 2580 εριιιυιιιιὶοιιειιι
2427 2540 2794 2596 provocarunt
2819 2545 2942 2584 eum
2971 2530 3229 2587 Israelita:
3248 2535 3300 2588 in
3330 2551 3433 2590 nou
3461 2537 3584 2603 diis,

2003 2619 2142 2673 sicut
2171 2621 2434 2687 scriptum
2464 2630 2568 2683 est,
2595 2630 2647 2675 et
2680 2622 2730 2674 in
2751 2624 3085 2679 vanitatibus
3122 2627 3255 2693 suis,
3286 2637 3338 2680 et
3370 2632 3587 2681 tandem

2003 2711 2405 2767 Ennnanuelem
2449 2714 2501 2767 in
2543 2729 2759 2768 crucem
2813 2718 3162 2786 subegerunt.
3213 2721 3441 2774 Accensi
3497 2736 3588 2774 au-

2005 2813 2108 2858 tem
2132 2816 2255 2859 sunt
2282 2807 2378 2874 ipsi.
2428 2807 2774 2863 aemulatione
2821 2809 2872 2862 in
2902 2812 3189 2880 gentibus,
3235 2815 3588 2883 quemadmuo

2003 2895 2126 2948 dum
2166 2897 2282 2964 ipse
2300 2898 2429 2951 dicit
2458 2915 2471 2950 :
2500 2897 2573 2951 Illi
2596 2901 2661 2951 ad
2691 2900 3092 2956 asinulalionem
3121 2904 3474 2959 incenderunt
3504 2923 3588 2959 nie

2001 2985 2054 3038 in
2079 3001 2182 3039 non
2207 2987 2310 3040 diis
2333 3025 2347 3050 ,
2397 2988 2750 3042 irritaverant
2784 3005 2870 3043 me
2906 2992 2957 3044 in
2993 2995 3151 3048 idolis
3179 2995 3314 3048 suis.
3351 2995 3462 3064 Ego
3491 3011 3587 3048 au-

2001 3086 2110 3131 tem
2148 3079 2212 3130 ad
2241 3078 2645 3133 azn'mlationem
2679 3085 2986 3148 provocabo
3031 3099 3126 3138 eos
3166 3086 3216 3137 in
3265 3102 3370 3140 non
3401 3092 3584 3155 gente,

309 3175 438 3235 τοὺς
473 3173 576 3225 ἀνὰ
603 3174 781 3225 πᾶσαν
811 3171 910 3242 τὴν
933 3172 1058 3239 γῆν.
1088 3171 1198 3224 Καὶ
1227 3172 1355 3226 καθ’
1378 3172 1564 3239 ἕτερον
1590 3171 1647 3224 δὲ
1675 3173 1896 3242 τρόπον,

2008 3173 2056 3223 in
2095 3180 2254 3239 gente
2281 3172 2446 3225 stulta
2484 3173 2710 3228 irritabo
2728 3189 2845 3229 eos.

307 3262 706 3334 παρεζήλωσαν
736 3262 899 3314 αὑτὸν
934 3263 984 3312 οἰ
1025 3260 1081 3324 ἐξ
1127 3261 1341 3332 Ἰσραὴλ
1370 3264 1458 3314 ἐπ’
1483 3262 1544 3314 οὐ
1578 3262 1718 3324 θεοῖς
1752 3262 1897 3316 καθά
1933 3263 2263 3334 γέγραπται,
2335 3263 2430 3316 καὶ
2471 3264 2528 3316 ἐν
2557 3268 2671 3329 τοῖς
2734 3267 2983 3336 ματαίοις
3023 3269 3223 3334 αὐτῶν,
3273 3269 3366 3321 καὶ
3407 3269 3585 3322 τελευ-

306 3354 503 3416 τῶντες
527 3353 880 3424 ἐσταύρωσαν
902 3351 994 3404 τὸν
1023 3351 1390 3422 Ἐμμανουήλ.
1417 3351 1898 3420 Παρεζηλώθησαν
1937 3354 1992 3404 ἐν
2027 3357 2138 3417 τοῖς
2202 3353 2400 3415 ἔθνεσι,
2441 3354 2584 3408 καθά
2651 3373 2814 3426 φησιν
2854 3357 3048 3422 αὐτός·
3079 3360 3241 3413 Αὐτοὶ
3269 3361 3590 3432 παρεξήλω-

307 3448 401 3499 σάν
432 3463 499 3516 με
529 3448 616 3499 ἐπ’
649 3447 710 3500 οὐ
748 3445 914 3509 θεοῖς.
949 3447 1318 3518 Παρώργισάν
1346 3464 1412 3517 με
1435 3449 1494 3500 ὲν
1517 3449 1629 3509 τοῖς
1656 3447 1899 3511 εἰδώλοις
1937 3449 2135 3514 αὐτῶν,
2198 3449 2354 3519 κάγὼ
2417 3451 2800 3522 παραζηλώσω
2839 3455 3034 3519 αὐτοὺς
3062 3457 3148 3507 ἐπ’
3172 3457 3270 3510 οὐκ
3307 3457 3468 3522 ἔθνει,
3500 3457 3589 3522 ἐπ’

303 3537 442 3592 ιθνει
474 3539 724 3609 ἀσυνέτῳ
752 3540 1041 3610 παροργιῶ
1064 3538 1283 3601 αὐτούς.

938 3677 1154 3730 ΛΟΓΟΣ
1239 3678 1330 3743 ς’.

376 3792 653 3846 Θάνατον
689 3789 1009 3844 ἀπέστειλε
1064 3791 1281 3857 Κύριος
1329 3791 1427 3844 ἐπὶ
1504 3791 1734 3852 Ἰακὼϐ,
1799 3791 1898 3843 καὶ

305 3882 493 3953 ἦλθεν
529 3884 628 3936 ἐπὶ
677 3882 936 3950 Ἰσραὴλ,
975 3882 1072 3934 καὶ
1101 3881 1388 3951 γνώσεται
1415 3882 1531 3948 πᾶς
1559 3887 1591 3936 ό
1612 3882 1762 3948 λαὸς
1791 3882 1896 3936 τοῦ

317 3976 588 4044 Ἐφραῒμ,
619 3974 716 4028 καὶ
736 3973 1129 4042 ἐγκαθήμενοι
1156 3975 1227 4026 ἐν
1257 3975 1570 4041 Σαμαρείᾳ,
1595 3973 1685 4041 ἐφ’
1733 3975 1894 4041 ὕϐρει

305 4067 402 4118 καὶ
443 4066 657 4135 ὑψηλῇ
685 4065 898 4134 καρδίᾳ
921 4065 1203 4134 λέγοντες
1235 4083 1247 4094 ·
1309 4067 1554 4120 Πλίνθοι
1591 4065 1901 4119 πεπτώκα-

301 4174 431 4221 σιν,
464 4159 625 4212 ἀλλὰ
641 4157 812 4211 δεῦτε
835 4158 1228 4225 λαξεύσωμεν
1249 4158 1478 4223 λίθους,
1502 4158 1597 4210 καὶ
1617 4161 1900 4225 κόψωμεν

303 4253 708 4322 συκαμίνους,
766 4251 863 4304 καὶ
930 4248 1183 4317 κέδρους
1252 4249 1347 4303 καὶ
1407 4247 1899 4316 οίκοδομήσωμεν

302 4345 545 4410 ἑαυτοῖς
576 4345 833 4414 πύργον.

375 4461 602 4532 Μακρδς
640 4459 738 4529 μὲν
770 4457 961 4528 γέγονε
996 4456 1074 4527 τῷ
1123 4456 1378 4526 προφήτῃ
1419 4453 1576 4520 λόγος
1609 4454 1637 4504 ὁ
1669 4453 1797 4524 περί
1835 4469 1897 4521 γε
1929 4454 1976 4508 D

299 4553 398 4606 τοῦ
468 4551 836 4623 Ἐμμανουήλ,
901 4552 960 4607 δν
1021 4549 1354 4619 διαπεράνας
1410 4546 1679 4609 εὑπαλῶς,
1736 4545 1894 4600 πάλιν

301 4646 582 4698 ἐπάνεισιν
611 4646 702 4697 ἐπί
717 4645 784 4698 τὰ
805 4647 861 4697 ἐν
885 4645 1079 4716 ἀρχαῖς
1099 4661 1112 4673 ο
1136 4637 1276 4712 ἦσαν
1305 4639 1360 4692 δὲ
1386 4641 1543 4692 ταυτί
1563 4635 1586 4666 ·’
1605 4639 1895 4711 Ἐπῃτιᾶτο

297 4739 411 4807 γὰρ
440 4735 559 4788 λίαν
601 4735 691 4790 τὸν
746 4736 984 4807 Ἰσραὴλ,
1034 4734 1110 4797 ὼς
1154 4731 1481 4786 ἀπειθοῦντά
1510 4749 1568 4784 τε
1613 4731 1706 4784 καὶ
1756 4747 1896 4801 παρ-

295 4827 592 4898 οτρύνοντα
635 4828 723 4880 τὸν
758 4828 846 4880 ἀεὶ
888 4826 1166 4879 σεσωκότα
1216 4825 1370 4892 Θεὸν,
1405 4824 1605 4894 ταύτης
1638 4840 1697 4875 τε
1727 4822 1896 4875 ἓνεκα

297 4921 395 4990 τῆς
450 4919 652 4984 αἰτίας,
701 4922 814 4982 τοῖς
878 4918 1127 4990 ἐσχάτοις
1181 4919 1370 4973 ἑαυτὸν
1426 4918 1633 4970 ἐνιέντα
1683 4918 1894 4976 κακοῖςο

296 5012 504 5081 ἔφασκε
551 5012 662 5082 γὰρ
713 5011 796 5063 ὅτι
851 5011 948 5063 οὐκ
1013 5008 1283 5079 ἠθέλησαν
1328 5009 1420 5062 τὸν
1467 5009 1630 5077 νόμον
1687 5005 1893 5075 Κυρίου

297 5103 525 5158 Σαϐαὼθ
555 5121 566 5135 ’
597 5103 735 5156 ἀλλὰ
759 5101 821 5154 τὸ
847 5100 1024 5170 λόγιον
1052 5100 1145 5153 τοῦ
1186 5099 1343 5170 ἁγίου
1391 5097 1607 5176 Ἰσραὴλ
1637 5096 1894 5166 παρώξυ-

295 5214 412 5250 ναν.
451 5195 561 5249 Καὶ
587 5193 846 5263 ἐθυμώθη
873 5195 1007 5264 ὀργῇ
1045 5193 1246 5264 Κύριος
1278 5193 1370 5245 ἐπὶ
1398 5193 1489 5244 τὸν
1529 5190 1653 5243 λαὸν
1702 5188 1888 5251 αὑτοῦ,

295 5289 386 5342 καὶ
423 5285 659 5340 ἐπέϐαλε
708 5285 806 5356 τὴν
835 5289 994 5355 χεῖρα
1025 5285 1189 5338 αὑτοῦ
1220 5285 1305 5336 ἐπ’
1355 5283 1568 5345 αὐτοὺς,
1615 5281 1707 5334 καὶ
1753 5280 1891 5333 ἐπά-

292 5380 456 5444 ταξεν
489 5379 708 5440 αὐτούς.
748 5377 861 5430 Καὶ
890 5374 1217 5446 παρωξύνθη
1251 5376 1316 5428 τὰ
1360 5375 1482 5445 ὅρη,
1525 5373 1618 5424 καὶ
1661 5371 1893 5439 ἐγενήθη

290 5472 362 5525 τὰ
394 5470 692 5540 θνησιμαῖα
726 5469 906 5523 αὐτῶν
938 5469 1011 5532 ὡς
1044 5468 1251 5540 κοπρία
1304 5467 1360 5517 ἐν
1391 5465 1542 5536 μέσῳ
1573 5461 1713 5516 ὁδοῦ.
1753 5463 1891 5530 Ὀρη

283 5563 340 5618 δέ
380 5581 516 5634 φησι
546 5565 614 5616 τὰ
658 5561 1078 5632 παρωξυμμένοι
1107 5558 1365 5622 τοὺςτῶν
1409 5555 1710 5626 Ἀσσυρίων
1748 5555 1897 5626 βασι-

362 5719 580 5780 ”‘Joan.
624 5740 682 5779 ιι.
725 5725 812 5777 19.

2606 3669 2864 3726 ORATIO
2891 3668 2978 3724 Vl.

2076 3785 2206 3841 CAP.
2267 3785 2359 3850 IX,
2407 3799 2557 3840 vatis.
2617 3785 2764 3839 8-10.
2828 3783 3050 3839 Mortem
3081 3787 3296 3840 immisit
3346 3787 3487 3841 Deus
3529 3789 3587 3842 in

2002 3874 2205 3939 Iacob,
2272 3889 2321 3927 et
2383 3876 2574 3928 invasit
2622 3873 2828 3934 Israel,
2881 3875 3107 3942 scielque
3143 3876 3311 3928 omnis
3361 3879 3587 3943 populus

2005 3967 2284 4034 Epitraim,
2337 3976 2383 4018 et
2440 3966 2764 4019 considentes
2818 3966 2872 4016 in
2930 3963 3201 4026 Samaria,
3264 3968 3484 4032 superbe
3535 3980 3585 4020 et

2004 4060 2144 4112 elato
2180 4058 2355 4109 animo
2401 4058 2628 4108 dicentes
2656 4071 2673 4108 :
2705 4055 2929 4122 Lapides
2957 4056 3273 4117 ceciderunt,
3303 4065 3358 4107 αι
3399 4058 3581 4121 venite,

2003 4153 2239 4204 dolemus
2265 4149 2463 4215 lapides
2484 4188 2497 4211 ,
2540 4158 2586 4199 et
2623 4148 2931 4200 excidamus
2955 4163 3254 4215 sycamoros
3289 4160 3338 4201 et
3363 4149 3548 4205 cedros
3565 4193 3579 4215 ,

2001 4257 2048 4302 et
2077 4244 2396 4314 wdiﬁcemus
2424 4243 2570 4295 nobis
2602 4241 2733 4308 ipsis
2766 4239 2976 4292 turrim.

2077 4445 2292 4500 Prolixa
2335 4443 2550 4513 quidem
2605 4440 2704 4494 fuit
2747 4439 3022 4510 prephela:
3062 4439 3237 4494 oratio
3269 4442 3332 4495 de
3365 4431 3582 4496 Emma-

2005 4537 2160 4592 nuele
2211 4550 2314 4604 qua
2377 4535 2517 4588 scite
2575 4532 2865 4587 admodum
2915 4530 3206 4596 confecta,
3272 4548 3458 4585 rursus
3515 4535 3581 4586 ad

2003 4628 2270 4699 principia
2315 4627 2623 4680 revertitur.
2665 4625 2835 4678 Erant
2894 4633 3072 4679 autem
3129 4625 3242 4679 hanc
3282 4639 3294 4675 :
3332 4621 3582 4677 ϐιόνὶιιιτ

2004 4722 2266 4791 siquidem
2307 4720 2601 4775 accusabat
2632 4717 2904 4780 lsraelem,
2941 4726 3121 4785 utpote
3173 4716 3282 4769 Deo
3335 4714 3580 4766 immori-

2006 4829 2192 4884 gerum
2225 4822 2278 4868 et
2313 4814 2377 4866 ad
2411 4809 2749 4865 iracundiam
2787 4809 3114 4861 cxcitantem
3147 4821 3269 4859 eum
3308 4805 3403 4873 qui
3433 4819 3580 4859 sem~

2007 4920 2105 4974 per
2158 4910 2494 4961 servaverat,
2555 4911 2732 4966 eaque
2776 4895 2988 4948 ultimis
3023 4909 3143 4948 sese
3176 4893 3581 4950 calamitatibus

2005 4998 2388 5054 involventem.
2445 4990 2666 5043 Dicebat
2714 4987 2857 5040 enim
2893 4985 3033 5038 nnlle
3079 5000 3137 5039 se
3169 4986 3337 5054 legem
3367 4984 3578 5039 Domini

2002 5089 2241 5145 Sabaoth
2280 5102 2293 5138 :
2324 5093 2380 5137 at
2411 5081 2691 5136 oraculum
2718 5078 2893 5132 sancti
2929 5075 3144 5130 lsraelis
3162 5083 3576 5142 exasperarunt.

2001 5183 2078 5236 Ac
2107 5177 2478 5235 stomachatus
2512 5180 2595 5226 est
2623 5170 2888 5224 Dominus
2919 5166 3116 5238 populo
3172 5181 3290 5232 suo,
3322 5164 3579 5219 immisit-

2002 5287 2107 5342 que
2153 5269 2259 5323 illis
2305 5280 2522 5320 manum
2562 5279 2748 5328 suam,
2785 5277 2847 5314 ac
2895 5259 3164 5329 percussit
3211 5272 3325 5320 eos,
3361 5264 3416 5310 et
3448 5269 3579 5308 exa-

2003 5363 2206 5419 cerbati
2242 5369 2365 5413 sunt
2396 5367 2626 5419 ruentes,
2656 5365 2707 5408 et
2733 5355 2870 5406 facta
2901 5361 3026 5404 sunt
3061 5350 3365 5404 morticinia
3393 5362 3579 5401 eorum

2006 5457 2149 5510 velut
2203 5461 2413 5506 stercus
2443 5450 2494 5501 in
2527 5448 2703 5500 medio
2741 5446 2856 5498 viae.
2888 5443 3101 5496 Montes
3129 5455 3256 5494 vero
3283 5439 3416 5494 dicit
3447 5453 3578 5492 exa-

2006 5549 2277 5610 cerbatus,
2317 5559 2466 5615 rcges
2499 5541 2844 5610 Assyriorum
2883 5559 2893 5591 ε
2930 5534 3147 5604 superbi
3192 5534 3334 5589 enim
3385 5539 3567 5588 erant.
