4122 6292
584 330 691 388 259

1568 324 1625 379 S.
1666 318 1941 380 CYRILLI
1981 315 2456 379 ALEXANDBINI
2490 315 2810 379 ARCHIEP.

3731 314 3840 372 160

585 462 641 504 et
665 446 911 511 fastuosi,
941 456 995 501 et
1015 445 1142 500 elati
1176 445 1380 506 animo,
1404 443 1517 513 qui,
1549 449 1660 497 tota
1689 440 1938 495 Samaria
1963 454 1993 493 a
2022 439 2145 493 fun-

2251 439 2376 502 λέας
2395 457 2410 472 ο
2441 438 2740 509 ὑπέροπτοι
2771 437 2881 511 γὰρ
2922 437 3018 491 καὶ
3066 435 3345 502 ἀλαζόνες,
3375 434 3471 490 καὶ
3514 432 3710 505 ὑᾷηλοὶ
3741 433 3844 498 τὰς
3903 456 3913 473 ~

588 538 854 592 datneutis
890 550 1151 590 concussa
1192 543 1249 588 et
1279 534 1560 598 convulsa,
1592 531 1864 600 captivum
1898 529 2151 584 lsraelem

586 638 866 700 ceperunt,
909 637 963 681 et
991 627 1043 679 in
1086 636 1297 679 montes
1336 625 1620 679 Persarum
1654 632 1708 676 et
1745 619 2023 676 Medorum
2059 621 2155 673 ab-

586 719 877 775 duxerunt.
917 715 1175 770 Absoluto
1218 716 1435 785 itaque,
1470 714 1545 768 uti
1581 713 1827 769 dicebam
1856 752 1871 774 ,
1902 703 2157 766 vaticinia

586 812 653 864 de
692 808 1069 870 Emmanuele,
1119 808 1294 861 denuo
1345 808 1649 861 institutum
1682 804 1854 875 158
1892 804 2156 875 principio

585 914 806 969 scopum
839 898 1205 968 prosequitur,
1245 907 1297 953 et
1354 897 1618 951 Samaria:
1665 897 2029 951 vastationem
2058 912 2155 949 ex-

583 991 759 1061 ponit,
792 1005 913 1043 cum
942 982 1062 1043 ait':
1097 1008 1117 1042 ι
1150 988 1377 1043 Mortem
1407 987 1587 1043 emisit
1620 988 1757 1043 Deus
1792 989 1843 1042 in
1887 987 2073 1050 Jacob,
2102 996 2157 1042 et

585 1079 782 1135 invasit
809 1079 1082 1134 lsraelem.
1111 1097 1130 1132 ι
1166 1076 1451 1134 Sciendum
1487 1088 1664 1132 autem
1699 1076 2041 1131 Hebraeorum
2071 1080 2156 1130 in-

585 1170 1053 1238 terpretationem,
1080 1178 1414 1234 canorosque
1457 1169 1797 1237 expositores
1831 1182 1928 1236 pro
1957 1175 2153 1230 morte,

583 1275 887 1315 sermonem
921 1262 1188 1330 posuisse.
1216 1279 1235 1312 ι
1268 1258 1583 1315 Sermonem
1606 1259 1767 1322 enim,
1791 1258 1985 1327 inquit,
2009 1259 2156 1312 misit

583 1350 844 1407 Dominus
890 1367 1053 1421 super
1086 1350 1275 1406 Jacob.
1307 1371 1324 1403 ι
1353 1350 1522 1417 Quem
1563 1348 1913 1404 sermonem?
1965 1363 2156 1418 nempe

581 1445 1032 1496 condemnantem
1055 1456 1147 1495 eos
1191 1441 1285 1510 qui
1326 1441 1658 1509 impietatem
1688 1448 2071 1499 exercuerunt.
2101 1448 2155 1493 et
2184 1501 2194 1511 ο

580 1547 774 1602 positas
829 1534 1160 1602 irrogantem
1214 1532 1283 1585 iis
1344 1531 1456 1599 qui,
1487 1531 1602 1599 ipso
1646 1528 1864 1595 relicto,
1901 1527 2154 1595 operibus

580 1637 807 1676 suarum
857 1638 1116 1677 manuum
1165 1621 1585 1690 procubuerunt.
1620 1617 1745 1674 Sive
1776 1619 1936 1685 igitur
1958 1619 2105 1673 dicat
2134 1635 2149 1672 :

584 1710 809 1767 Mortem
852 1713 1000 1768 misit
1049 1712 1220 1771 Deus,
1256 1712 1373 1765 sive
1419 1710 1878 1775 maledictionem,
1914 1709 1999 1763 vel
2035 1724 2151 1764 ser-

2258 529 2461 600 φρένας
2515 531 2824 599 γεγόνασιν.
2863 530 2926 583 Οῐ
2959 530 3052 583 καὶ
3086 530 3266 583 πᾶσαν
3304 528 3369 581 ἔκ
3413 525 3629 597 βάθρων
3674 543 3844 580 κατα-

2256 621 2532 685 σείσαντες
2589 621 2687 692 τὴν
2731 620 3067 691 Σαμαρείαν,
3140 615 3283 672 εἷλον
3348 617 3694 687 αίχμόιλωτον
3749 616 3845 670 τὸν

2269 711 2503 783 Ἰσραὴλ,
2564 711 2661 764 καὶ
2713 710 3057 781 ἀπεκόμισαν
3107 711 3188 772 είς
3233 709 3303 762 τὰ
3335 707 3437 780 ὅρη
3480 707 3707 778 Περσῶν
3748 708 3844 762 καὶ

2254 804 2475 875 Μήδων.
2511 803 2854 874 Διαπεράνας
2901 801 3102 867 τοίνυν,
3133 801 3209 865 ὡς
3253 800 3410 870 ἔφην,
3450 800 3549 871 τὴν
3597 801 3841 872 ἀνάρρησ-

2257 911 2344 947 σιν
2372 893 2468 947 τοῦ
2525 892 2890 974 Ἐμμανουήλ,
2922 893 3114 946 ἕπεται
3142 892 3207 961 δὴ
3237 891 3401 946 πάλιν
3432 889 3510 962 τῷ
3547 891 3606 944 ὲν
3647 892 3844 961 ἀρχαῖς

2254 985 2815 1058 σφοτεθέντισκοπῷ,
2857 985 2953 1039 καϊ
3001 985 3098 1056 τῆς
3144 983 3461 1055 Σαμαρείας
3485 982 3584 1054 τὴν
3642 981 3845 1054 δῄωσιν

2255 1078 2545 1148 ἀφηγεῖται
2596 1077 2800 1145 λέγων·
2839 1094 2858 1129 ι
2899 1077 3137 1131 Θάνατον
3178 1075 3464 1129 ἀπέστειλε
3507 1073 3713 1143 Κύριος
3750 1075 3844 1127 ἐπὶ

2268 1168 2483 1236 Ἰακὼϐ,
2512 1169 2608 1223 καὶ
2640 1165 2802 1240 ἦλθεν
2823 1169 2908 1222 ἐπ’
2951 1168 3182 1240 Ἰσραήλ.
3217 1186 3238 1219 ι
3276 1165 3471 1231 Ἰστέον
3497 1165 3555 1219 δὲ
3579 1166 3662 1218 ὅτι
3691 1164 3784 1218 καὶ
3808 1165 3842 1235 ή

2252 1261 2362 1313 τῶν
2398 1260 2666 1331 Ἐϐραίων
2700 1259 2930 1324 ἔκδυσις,
2973 1260 3069 1313 κα)⁸
3131 1258 3308 1329 ἕτεροι
3337 1257 3393 1311 δὲ
3425 1256 3551 1323 τῶνκ
3572 1258 3842 1328 ἑρμηνευο

2253 1353 2384 1417 τῶν,
2407 1354 2527 1407 ἀντὶ
2551 1351 2645 1406 τοῦ
2682 1352 2912 1407 θανάτου
2934 1350 3210 1405 τεθείκασι
3234 1350 3410 1416 λόγον.
3432 1368 3453 1401 ι
3477 1349 3648 1415 Λόγον
3670 1368 3688 1400 ι
3709 1348 3840 1419 γὰρ,

2254 1446 2435 1516 φησὶν,
2466 1461 2501 1496 ι.
2528 1443 2847 1497 ἀπέστειλεν
2869 1446 2898 1496 6
2926 1442 3130 1514 Κύριος
3162 1442 3254 1494 ἐπὶ
3291 1439 3510 1506 Ἰακὼϐ,
3542 1442 3637 1494 καὶ
3669 1437 3841 1511 ἦλθεν

2254 1538 2348 1592 ἐπὶ
2389 1536 2621 1608 Ἰσραήλ.
2653 1557 2672 1589 ι
2707 1536 2879 1604 Λόγον
2902 1535 2960 1588 δὲ
2979 1536 3158 1588 ὁποῖον
3178 1550 3192 1599 ;
3216 1531 3658 1594 Καταδικάζοντα
3685 1531 3841 1602 δηλο-

2253 1628 2362 1681 νότι
2406 1628 2515 1681 τῶν
2559 1626 2931 1697 ἠσεϐηκότων,
2976 1624 3072 1679 καὶ
3116 1622 3437 1681 ὑποτιθέντα
3472 1624 3685 1684 ποιναῖς
3717 1623 3843 1685 τοὺς

2252 1718 2413 1772 αὐτὸν
2466 1718 2563 1789 μὲν
2622 1716 3102 1779 καταλελοιπότας,
3159 1714 3677 1786 προσκεκυνηκότας
3729 1713 3841 1776 τοῖς

585 1819 822 1867 mortem,
847 1802 929 1854 vis
975 1800 1362 1853 sententiarum
1392 1814 1497 1854 non
1526 1797 1630 1852 erit
1661 1798 1918 1864 absurda,
1960 1798 2053 1853 sed
2084 1799 2149 1851 ad

2252 1810 2436 1883 ἔργοις
2478 1810 2586 1863 τῶν
2628 1811 2772 1863 ἰδίων
2804 1807 3022 1879 χειρῶν.
3078 1806 3270 1860 Εἰτοῦν
3321 1806 3551 1874 λέγοιτο,
3601 1805 3841 1858 Θάνατον

585 1907 749 1945 unum
791 1899 847 1944 et
894 1890 1142 1943 eumdem
1197 1904 1420 1958 scopum
1480 1889 1680 1945 tendet.
1738 1886 2007 1943 Cseterum
2064 1887 2153 1943 hic

554 1981 911 2037 intentionem
939 1978 1107 2046 injicit
1148 1978 1390 2034 historia:
1413 2021 1428 2047 ,
1466 1994 1629 2048 quam
1670 1979 1920 2034 brevibus
1953 1978 2150 2034 dicam.

583 2072 678 2128 Sic
726 2086 956 2142 namque
1005 2073 1093 2125 vix
1157 2073 1319 2125 etiam
1372 2069 1719 2126 manifestum
1769 2069 1962 2124 evadet
2011 2069 2153 2138 quod

582 2173 888 2216 enarratur.
944 2162 1259 2232 Regnarunt
1329 2162 1492 2232 igitur
1542 2161 1771 2215 diversis
1823 2160 2153 2230 temporibus

583 2252 977 2324 Hierosolymis
1023 2253 1078 2308 in
1117 2251 1252 2307 Juda
1283 2262 1447 2321 atque
1480 2249 1646 2307 Jacob
1676 2251 1776 2305 viri
1815 2259 1927 2305 tum
1977 2250 2150 2320 probi,

586 2354 698 2398 tum
740 2345 1000 2414 improbi,
1044 2358 1146 2399 nec
1190 2344 1372 2398 minus
1404 2345 1456 2398 in
1489 2343 1674 2408 Israel,
1707 2341 2066 2412 Epltraemitze
2095 2342 2151 2396 in

583 2437 854 2494 Samaria.
883 2437 1018 2492 Nam
1042 2449 1160 2492 erat
1187 2451 1254 2492 ex
1292 2436 1436 2490 tribu
1470 2435 1722 2503 Ephraim
1752 2435 1915 2490 etiam
1944 2434 2152 2502 primus

583 2543 768 2581 eorum
802 2542 892 2580 rex
922 2525 1300 2589 Jeroboamus,
1331 2526 1470 2580 filius
1497 2523 1712 2592 Nabati,
1755 2526 1846 2595 qui
1877 2535 1937 2579 ut
1958 2524 2152 2580 vitulos

581 2630 775 2671 aureos
802 2617 1402 2685 adorareutpersuasit.
1436 2616 1632 2669 Eorum
1665 2630 1797 2684 ergo
1832 2620 1922 2685 qui
1959 2630 2152 2685 regna-

582 2719 774 2764 verunt
804 2706 1214 2778 Hierosolymis,
1255 2721 1318 2761 ac
1345 2708 1399 2761 in
1444 2706 1715 2771 Samaria,
1750 2707 1915 2761 certis
1947 2715 2151 2776 tempo-

582 2812 704 2852 rum
755 2798 981 2863 vicibus,
1034 2795 1360 2864 complures,
1389 2795 1464 2849 uti
1518 2794 1668 2856 dixi,
1722 2792 1890 2847 Deum
1922 2792 2154 2847 oﬂende-

582 2896 727 2954 runt,
750 2887 1013 2955 intrepide
1030 2885 1237 2956 profani
1259 2885 1574 2952 idololatrae,
1594 2886 1883 2940 adorantes
1905 2882 2149 2938 militiam

577 2979 725 3045 caeli,
760 2978 1025 3049 lignisque
1072 2988 1127 3032 et
1164 2975 1431 3046 lapidibus
1479 2976 1643 3045 impie
1678 2975 1999 3031 servientes.
2043 2973 2148 3029 Cu—

571 3070 811 3141 jusmodi
869 3069 1035 3123 etiam
1082 3067 1181 3122 fuit
1232 3067 1320 3122 ille
1369 3064 1658 3131 ACllﬂZtlS,
1693 3065 1786 3136 qui
1835 3080 1963 3122 suos
2014 3064 2148 3135 adeo

578 3129 778 3215 liberos
845 3174 943 3229 per
994 3159 1173 3229 ignem
1241 3157 1499 3222 traduxit,
1551 3129 1890 3227 plurimaque
1959 3129 2219 3213 contrac

577 3250 918 3305 Hierusalem
959 3250 1097 3304 mala
1134 3259 1218 3304 est
1259 3248 1603 3304 machinatus
1627 3290 1642 3316 ,
1678 3257 1840 3317 atque
1873 3248 1928 3302 in
1973 3248 2147 3319 ipsum

578 3341 675 3397 Dei
712 3341 970 3409 templum
1034 3351 1403 3410 transgressus
1442 3349 1545 3394 est.
1610 3340 1728 3408 Quo
1762 3354 1793 3395 e
1835 3340 2012 3395 medio
2055 3354 2151 3410 per

578 3440 810 3486 mortem
867 3430 1098 3496 sublato,
1132 3431 1365 3510 capessit
1420 3439 1692 3502 sceptrum
1746 3431 2039 3497 Ezechias,
2071 3447 2152 3487 re-

579 3531 778 3592 gnante
834 3523 886 3575 in
946 3522 1189 3576 Samaria
1237 3536 1397 3590 super
1431 3520 1626 3577 lsraele
1679 3535 1773 3576 seu
1821 3522 1992 3576 decim
2047 3522 2148 3576 tri-

577 3614 773 3679 bubus,
813 3611 948 3667 Osea
979 3612 1086 3665 ﬁlio
1118 3610 1228 3664 Elze
1260 3629 1274 3664 :
1306 3626 1412 3680 quo
1454 3626 1673 3682 regnum
1695 3610 2106 3666 administrante
2130 3650 2146 3676 ,

576 3704 776 3760 bellum
825 3705 1085 3759 Samaria;
1133 3701 1315 3757 intulit
1375 3703 1724 3774 Assyriorqu
1788 3718 1903 3772 rex,
1941 3714 1997 3759 et
2043 3720 2147 3759 una

575 3811 700 3853 cum
722 3810 784 3850 ea
818 3795 960 3864 cepit
990 3805 1045 3848 et
1084 3794 1280 3847 multas
1329 3793 1465 3849 alias
1498 3795 1661 3849 urbes
1691 3791 1911 3849 Iudaeae.
1944 3795 2148 3852 Deinde

576 3901 716 3941 vero
742 3895 886 3957 post,
918 3886 1344 3940 Sennacherimo
1387 3895 1585 3941 terram
1635 3885 1941 3942 Judazorum
1968 3888 2149 3943 incur-

577 3989 754 4046 sante,
799 3979 1234 4049 quandoquidem
1279 3977 1399 4046 pius
1440 3987 1557 4032 erat
1588 3976 1877 4044 Ezechias,
1923 3981 2146 4036 mirabi-

575 4070 704 4125 liter
755 4071 897 4127 Deus
960 4067 1260 4124 Jerusalem
1315 4072 1680 4124 conservavit.
1727 4070 1822 4125 Est
1859 4078 2037 4133 autem
2068 4072 2148 4128 sic

577 4160 837 4230 scriptum
861 4171 1056 4230 quarto
1075 4160 1213 4215 libro
1229 4158 1538 4229 Regnorum
1556 4160 1621 4193 ’ν
1638 4177 1654 4216 :
1674 4159 1891 4216 Factum
1909 4173 1991 4217 est
2005 4177 2148 4217 anno

578 4262 773 4321 quarto
797 4252 940 4321 regis
964 4251 1211 4307 Ezechiae.
1238 4269 1252 4307 :
1272 4253 1363 4322 qui
1390 4253 1678 4308 fuitannus
1702 4255 1965 4322 septimus
1988 4252 2144 4310 Osca

581 4345 675 4397 ttlii
704 4343 834 4408 Elae,
870 4346 1010 4413 regis
1037 4343 1237 4398 lsrael:
1269 4347 1663 4412 expeditionem
1701 4345 1830 4400 fecit
1858 4345 2143 4400 Salmans-

2252 1902 2541 1957 ἀπέστειλε
2572 1902 2600 1953 6
2629 1900 2784 1967 Θεὸς,
2820 1899 2993 1952 εἰτοῦν
3030 1898 3193 1969 Ἀρὰν
3225 1900 3259 1969 ἢ
3294 1897 3472 1967 λόγον,
3520 1898 3622 1951 οὐκ
3662 1895 3840 1966 ἀσύμ-

2253 1992 2415 2057 ϐατος
2468 1993 2619 2046 ἔσται
2662 1992 2770 2046 τῶν
2837 1990 3055 2045 ἐννοιῶν
3099 1993 3133 2061 ἠ
3173 1989 3422 2060 δύναμις,
3479 1987 3743 2058 βαδιεῖται
3782 1985 3841 2040 δὲ

2257 2085 2456 2155 μᾶλλον
2477 2086 2556 2148 είς
2576 2083 2673 2137 ἕνα
2697 2100 2756 2136 τε
2787 2084 2883 2137 καὶ
2911 2083 3004 2136 τὸν
3051 2081 3212 2135 αὐτὸν
3255 2080 3475 2134 σκοπόν.
3531 2078 3843 2149 Διαμέμνη-

2252 2176 2343 2230 ταί
2369 2193 2433 2245 γε
2463 2176 2569 2247 μὴν
2595 2174 2832 2247 ἱστορίας
2864 2176 2924 2228 ὲν
2951 2173 3177 2239 τούτοις,
3204 2173 3271 2244 ῆν
3306 2170 3417 2243 ἐρῶ
3451 2170 3538 2224 διὰ
3572 2169 3836 2241 Βραχέων.

2257 2273 2451 2328 Ἔσται
2486 2273 2595 2343 γὰρ
2622 2271 2769 2326 οὔτω
2793 2271 2878 2326 καὶ
2903 2271 3056 2342 μόλις
3085 2268 3395 2337 καταφανὲς
3415 2266 3835 2339 τδδηλούμενον.

2253 2364 2680 2419 Βεϐασιλεύκασι
2709 2363 2888 2417 τοίνυν
2916 2362 3059 2417 κατὰ
3087 2361 3312 2432 καιροὺς
3359 2362 3418 2413 ὲν
3458 2360 3572 2421 τοῖς
3608 2358 3837 2430 Ἰεροσο-

2251 2456 2442 2527 λύμοις
2494 2456 2586 2508 ἐπὶ
2627 2455 2718 2508 τὸν
2784 2454 3008 2520 Ἰούδαν,
3055 2454 3173 2525 ἦτοι
3220 2451 3312 2505 τὸν
3375 2448 3595 2513 Ἰακὼϐ,
3650 2448 3840 2519 ἄνδρες

2251 2548 2445 2618 ἀγαθοί
2475 2565 2536 2601 τε
2566 2548 2659 2601 καί⁵
2682 2546 2941 2618 πονηροί·
2968 2546 3120 2600 οὐδὲν
3159 2544 3218 2598 δὲ
3262 2537 3426 2616 ἦττον
3471 2542 3569 2595 καί⁵
3612 2542 3708 2594 ἐπὶ
3746 2541 3838 2593 τὸν

2262 2636 2479 2709 Ἰσραὴλ
2510 2640 2559 2691 οί
2586 2641 2650 2692 ὲκ
2692 2639 2864 2709 φυλῆς
2909 2635 3142 2708 Ἐφραῒμ
3178 2637 3234 2690 ὲν
3260 2638 3327 2706 τῇ
3377 2632 3681 2705 Σαμαρείᾳ.
3730 2627 3837 2686 Ἦν

2249 2729 2358 2800 γὰρ
2391 2731 2455 2782 ὲκ
2484 2730 2657 2800 φυλῆς
2715 2729 2952 2800 Ἐφραίμ
2982 2730 3077 2784 καὶ
3117 2732 3145 2783 6
3197 2728 3410 2798 πρῶτος
3457 2726 3639 2780 αὐτῶν
3673 2723 3835 2794 βεϐα-

2251 2818 2513 2884 σιλευκὼς
2544 2819 2826 2892 Ἰεροϐοὰμ
2856 2822 2885 2873 6
2920 2822 3014 2874 τοῦ
3041 2819 3250 2882 Νάϐατ,
3281 2819 3338 2881 ὃς
3386 2818 3481 2872 καὶ
3511 2818 3631 2880 ταῖς
3664 2813 3836 2885 δαμα-

2249 2910 2398 2963 λεσιν
2452 2910 2620 2965 αὑτοῦ
2647 2914 2767 2974 ταῖς
2797 2913 3027 2982 χρυσαῖς
3054 2911 3305 2964 ἀνέπεισε
3343 2909 3688 2980 προσκυνεῖν.
3715 2904 3836 2959 Τῶν

2248 3001 2426 3055 τοίνυν
2489 3000 2630 3056 κατὰ
2689 3004 2913 3073 καιροὺς
2969 3000 3438 3072 βεϐασιλευκότων
3500 3000 3558 3053 ἔν
3607 3015 3669 3053 τε
3724 2998 3835 3061 τοῖς

2261 3091 2652 3164 Ἰεροσολύμοις
2678 3094 2773 3148 καὶ
2814 3095 2872 3147 ἔν
2902 3096 2968 3165 τῇ
3010 3093 3293 3164 Σαμαρείᾳ
3322 3092 3562 3145 πλεῖστοι
3606 3090 3834 3159 γεγόνα-

2252 3199 2357 3250 σιν,
2384 3183 2459 3247 ὡς
2492 3182 2647 3255 ἔφην,
2671 3183 2791 3255 Θεῷ
2829 3183 3265 3255 προσκρούοντες
3290 3183 3484 3247 ἀδεῶς,
3527 3181 3744 3254 βέϐηλοί
3774 3198 3831 3234 τι

2248 3274 2345 3328 καὶ
2405 3274 2810 3346 εἰδωλολάτραι,
2860 3271 3291 3345 προσκυνοῦντες
3351 3275 3419 3343 τῇ
3472 3272 3702 3343 στρατιᾷ
3738 3271 3829 3323 τοῦ

2247 3367 2499 3439 οὐρανοῦ,
2523 3366 2701 3434 ξύλοις
2721 3384 2780 3421 τε
2802 3368 2894 3421 καὶ
2925 3365 3092 3430 λίθοις
3117 3365 3344 3428 ἀνοσίως
3371 3364 3793 3434 λελατρευκότες
3816 3380 3828 3396 ο

2246 3458 2429 3522 ὁποῖός
2481 3475 2566 3522 τις
2613 3454 2683 3529 ἦν
2726 3459 2820 3512 καὶ
2868 3452 3026 3521 οὗτος
3070 3459 3099 3510 6
3140 3455 3335 3526 Ἀχαζ,
3383 3456 3444 3518 ὃς
3500 3455 3596 3508 καὶ
3623 3455 3692 3508 τὰ
3730 3453 3832 3507 ίδια

2246 3549 2415 3602 τέκνα
2439 3548 2666 3619 διήγαγε
2697 3548 2784 3602 διὰ
2814 3548 3003 3619 πυρὸς,
3049 3548 3277 3602 πλεῖστά
3313 3564 3374 3600 τε
3423 3548 3527 3601 ὅσα
3570 3545 3713 3599 κατὰ
3735 3544 3831 3615 τὴν

2259 3635 2613 3708 Ἰερουσαλὴμ
2631 3637 2921 3708 εἰργάσατο
2941 3636 3105 3699 κακὰ,
3125 3653 3200 3688 πα
3207 3635 3543 3706 ρανενόμηκε
3557 3635 3615 3687 δὲ
3638 3634 3728 3688 καὶ
3753 3634 3831 3695 είς

2248 3726 2408 3800 αύτζιν
2452 3725 2543 3777 τὸν
2567 3725 2706 3778 θεῖον
2728 3723 2885 3779 νεών.
2934 3723 3157 3794 Ἐπειδὴ
3197 3724 3255 3777 δὲ
3294 3724 3518 3792 γέγονεν
3560 3725 3624 3775 ἔκ
3661 3723 3827 3792 μέσου

2249 3818 2463 3887 θανάτῳ
2536 3817 2997 3888 κατειλημμένος,
3057 3816 3359 3885 διαδέχεται
3425 3816 3486 3869 τὸ
3551 3816 3831 3887 σκῆπτρον

2261 3907 2527 3979 Ἐζεχίας.
2553 3908 2921 3979 βασιλεύοντος
2949 3911 3005 3961 ἐν
3042 3912 3108 3980 τῇ
3148 3907 3427 3980 Σαμαρείᾳ
3453 3907 3544 3961 τοῦ
3591 3906 3829 3978 Ἰσραὴλ,

2247 3999 2366 4069 ἢτοι
2398 3999 2505 4052 τῶν
2527 3999 2659 4053 δέκα
2687 3999 2867 4069 φυλῶν
2895 4000 3053 4071 Ὠσηὲ
3098 3999 3216 4053 υίοῦ
3250 3999 3399 4053 Ἠλά.
3437 3993 3511 4051 05
3544 3997 3828 4061 διέποντος

2245 4091 2347 4162 τὴν
2388 4091 2665 4162 βασιλείαν
2709 4093 3139 4164 κατεστράτευσε
3165 4092 3267 4161 τῆς
3299 4089 3608 4161 Σαμαρείας
3643 4089 3675 4142 6
3717 4088 3829 4143 τῶν

2259 4183 2558 4253 Ἀσσυρίων
2599 4182 2871 4255 βασιλεύς.
2914 4184 3191 4248 Συνεξεῖλε
3224 4183 3283 4237 δὲ
3327 4182 3462 4253 αὐτῇ
3496 4181 3592 4234 καὶ
3627 4179 3829 4245 πολλὰς
3886 4206 3891 4211 -

2246 4275 2439 4347 ἑτέρας
2489 4276 2588 4348 τῆς
2627 4275 2884 4339 Ἰουδαίας
2922 4275 3128 4340 πόλεις.
3169 4271 3301 4328 Εἶτα
3334 4274 3472 4345 μετὰ
3527 4271 3690 4326 τοῦτο
3731 4270 3827 4326 τοῦ

2246 4367 2600 4440 Σενναχειρὶμ
2659 4368 3085 4437 κατατρέχοντος
3142 4366 3239 4438 τὴν
3283 4365 3546 4420 Ἰουδαίαν
3617 4365 3826 4419 σέσωκε

576 4448 736 4489 serus
760 4449 855 4489 rex
876 4436 1217 4506 Assyriorum
1242 4436 1292 4489 in
1319 4436 1640 4503 Samariam,
1661 4450 1886 4506 eamque
1907 4438 2137 4502 obsedit,

2251 4456 2375 4521 Θεὸς
2415 4436 2746 4529 παραδόξως
2791 4436 2910 4528 τῆν
2945 4436 3301 4529 Ἰερουσαλὴμ
3358 4453 3616 4518 εὐσεϐοῦς
3673 4454 3824 4517 ὄντος

572 4542 635 4583 ea
662 4539 785 4597 post
814 4529 1104 4582 triennium
1124 4538 1277 4595 capta
1310 4541 1452 4581 anno
1474 4537 1629 4581 sexto
1647 4526 1911 4592 Ezechiae,
1930 4529 2024 4597 qui
2042 4528 2142 4583 fuit

569 4633 744 4672 anuus
778 4616 941 4688 159
974 4632 1148 4671 nonus
1169 4617 1323 4673 Osca:
1362 4619 1502 4687 regis
1534 4616 1718 4671 lsrael.
1766 4618 1830 4671 Et
1849 4629 2006 4687 capta
2060 4628 2145 4674 est

572 4707 846 4777 Samaria,
885 4717 939 4765 et
972 4709 1211 4762 traduxit
1248 4722 1343 4761 rex
1375 4707 1718 4777 Assyriorum
1761 4707 2063 4764 Samariam
2091 4710 2143 4764 in

570 4801 849 4870 Assyrios,
891 4808 946 4857 et
980 4799 1035 4855 in
1070 4800 1223 4867 Alae,
1258 4808 1314 4854 et
1353 4800 1407 4853 in
1450 4800 1618 4855 Abior
1656 4796 1819 4855 ﬂuvio
1859 4797 2065 4867 Gozan,
2089 4809 2146 4855 et

572 4890 629 4945 in
695 4892 967 4947 montibus
1024 4906 1121 4949 eos
1178 4891 1462 4948 collocavit
1512 4889 1815 4956 Medorum,
1860 4904 1926 4945 eo
1998 4891 2141 4961 quod

572 4995 684 5038 non
742 4981 1064 5039 audiverunt
1117 4998 1305 5041 vocem
1358 4982 1571 5039 Domini
1640 4981 1734 5037 Dei
1766 4982 1868 5045 sui,
1910 4989 1965 5037 et
2025 4981 2142 5036 vio-

571 5076 755 5131 larunt
779 5073 955 5133 [indue
982 5077 1117 5145 ejus,
1143 5076 1275 5132 nihil
1315 5091 1502 5133 eorum
1540 5088 1661 5145 quae
1688 5073 1941 5145 praecepit
1970 5073 2144 5129 Moses

571 5180 765 5223 servus
808 5165 1022 5222 Domini
1056 5166 1396 5233 audiverunt,
1448 5180 1550 5220 nec
1604 5164 1869 5221 iecerunt.
1927 5164 2144 5221 Decimo

574 5267 755 5312 autem
811 5266 1005 5328 quarto
1056 5271 1200 5311 anno
1239 5256 1383 5327 regis
1437 5255 1702 5321 Ezechiae,
1726 5255 1969 5311 ascendit
2001 5255 2142 5311 Sen-

570 5349 917 5405 nacberitnus
968 5363 1062 5404 rex
1119 5348 1465 5420 Assyriorum
1513 5347 1566 5402 in
1608 5347 1769 5404 urbes
1803 5347 2001 5404 ludam
2030 5363 2143 5403 mu.

570 5438 734 5505 nitas,
765 5454 967 5510 easque
1013 5441 1317 5508 occupavit.
1379 5438 1445 5492 Et
1489 5438 1603 5495 haec
1624 5439 1841 5507 quidem
1870 5455 1938 5496 ex
1968 5442 2141 5498 sacris

570 5527 817 5587 Litteris.
848 5530 1007 5597 Quod
1042 5540 1220 5587 autem
1279 5530 1639 5602 depopulatus
1698 5532 1771 5589 sit
1825 5529 2134 5591 Samariam

644 5683 711 5719 u-
750 5684 817 5741 ιν
846 5684 978 5753 Reg.
1013 5700 1167 5752 xvttt,
1196 5688 1230 5743 9
1262 5702 1414 5759 seqq-

2252 4547 2512 4618 Ἐζεκίου.
2560 4549 2872 4620 Γέγραπται
2925 4547 2981 4601 δὲ
3016 4548 3189 4612 οὕτως
3233 4550 3291 4602 ἐν
3312 4551 3378 4619 τῇ
3420 4547 3658 4620 τετάρτῃ
3718 4546 3825 4599 τῶν

2232 4637 2559 4691 Βασιλειῶν⁶
2609 4638 2721 4692 Καὶ
2779 4639 2995 4708 ἐγένετο
3047 4641 3105 4693 ὲν
3160 4640 3240 4709 τῷ
3288 4640 3398 4693 ἔτει
3445 4638 3524 4710 τῷ
3581 4638 3827 4708 τετάρτῳ

2242 4726 2449 4798 βασιλεῖ
2492 4726 2725 4800 Ἑζεχίᾳ,
2757 4729 2917 4793 αὐτὸς
2938 4731 2967 4783 6
2990 4728 3230 4793 ἐνιαυτὸς
3257 4728 3485 4800 ἕϐδομος
3543 4728 3624 4801 τῷ
3666 4728 3824 4799 Ὠσηὲ

2239 4817 2342 4888 υἱῷ
2369 4817 2500 4871 Ἦλὰ
2531 4818 2740 4888 βασιλεῖ
2771 4819 3008 4892 Ἰσραὴλ,
3042 4818 3207 4891 ἀνέϐη
3238 4818 3645 4890 Σαλαμανασὰρ
3672 4819 3825 4889 βασι-

2238 4907 2364 4972 λεὺς
2401 4908 2699 4980 Ἀσσυρίων
2722 4910 2814 4963 ἐπὶ
2840 4910 3153 4981 Σαμάρειαν
3183 4912 3278 4963 καὶ
3304 4910 3613 4981 ἐπολιόρκει
3631 4910 3822 4980 αὑτήν.

2239 4998 2350 5054 Καὶ
2406 4999 2731 5054 κατελάϐετο
2761 5001 2932 5073 αὐτὴν
2963 5001 3074 5055 ἀπὸ
3120 5000 3310 5065 τέλους
3346 5001 3516 5073 τριῶν
3564 5000 3723 5066 ἑτῶν,
3764 5001 3824 5055 ἔν

2239 5089 2351 5143 ἔτει
2378 5090 2520 5161 ἔκτῳ
2549 5089 2625 5162 τῷ
2663 5090 2897 5164 Ἐζεκίᾳ.
2929 5093 3091 5156 αὐτὸς
3127 5096 3156 5147 6
3186 5093 3429 5156 ἐνιαυτὸς
3484 5090 3706 5155 ἔννατος
3743 5090 3824 5160 τῷ

2252 5184 2408 5256 Ὠσηὲ
2457 5182 2665 5254 βασιλεῖ
2726 5184 2960 5258 Ἰσραήλ.
2995 5185 3105 5239 Καὶ
3158 5183 3464 5256 συνελήφθη
3516 5184 3821 5255 Σαμάρεια,

2243 5272 2341 5326 καὶ
2365 5271 2611 5343 ἀπῴκισε
2638 5272 2888 5343 βασιλεὺς
2937 5274 3237 5345 Ἀσσυρίων
3263 5274 3362 5344 τὴν
3401 5274 3718 5344 Σαμάρειαν
3743 5274 3822 5335 εἰς

2257 5364 2594 5434 Ἀσσυρίους,
2647 5367 2739 5417 καὶ⁵
2792 5364 2987 5437 ἔθηκεν
3034 5366 3230 5428 αὐτοὺς
3287 5365 3347 5417 ὲν
3414 5362 3573 5417 Ἀλαὲ
3618 5362 3713 5417 καὶ
3765 5364 3824 5414 ἐν

2256 5451 2456 5524 Ἀϐιὼρ
2477 5454 2706 5526 ποταμῷ
2729 5454 2937 5521 Γωζᾶν,
2974 5456 3069 5509 καὶ
3090 5458 3169 5519 είς
3200 5455 3267 5509 τὰ
3293 5456 3396 5525 ὅρη
3428 5453 3652 5523 Μήδωνσ
3708 5451 3822 5507 ἀνθ’

2244 5537 2338 5613 ὧν,
2369 5544 2449 5598 ὅτι
2479 5544 2576 5599 οὐκ
2628 5545 2864 5616 ἡκουσαν
2888 5546 3073 5617 φωνῆς
3101 5546 3307 5617 Κυρίου
3331 5544 3426 5598 τοῦ
3452 5543 3589 5598 Θεοῦ
3618 5543 3826 5614 αὐτῶν,
