4122 6292
326 341 425 396 261

1439 285 1446 294 ’
1495 328 1564 385 IN
1601 325 1838 384 ISAIAM
1880 323 2010 380 ue.
2056 323 2098 379 ι.
2139 323 2353 384 orm.
2391 323 2478 383 γι.

3515 319 3622 375 262

332 457 426 511 καὶ
473 453 789 524 παρέϐησαν
839 451 935 522 τήν
980 451 1244 522 διαθήκην
1268 449 1453 515 αὐτοῦ,
1499 451 1673 504 πάντα
1709 449 1812 503 ὅσα
1852 449 1908 501 ἐν

2048 445 2498 504 Sennacherimus
2553 446 2895 516 expeditione
2930 445 3068 499 facta
3126 451 3315 499 contra
3361 441 3623 495 Illeroso~

333 546 583 601 ιτείλατο
610 545 814 616 Μωσῆς
846 547 874 598 ὁ
902 543 1086 607 δοῦλος
1115 544 1347 616 Κυρίου.
1381 545 1474 597 καὶ
1515 545 1615 597 οὐκ
1657 543 1922 613 ἥκουσαν,

336 639 432 692 καὶ
469 639 569 690 οὐκ
607 637 884 706 ἐποίησαντ
918 637 1026 688 Καὶ
1077 635 1155 706 τῷ
1180 633 1764 706 τεσσαρεσκαιδεκάτη)
1812 632 1924 685 ἔτει

339 727 604 798 βασιλέως
677 724 938 795 Ἐζεχίου,
998 725 1166 794 ἀνέϐη
1219 727 1612 795 Σενναχειρεὶμ
1671 723 1927 794 βασιλεὺς

349 816 649 885 ’Δσσυρίων
681 816 774 868 ἐπὶ
794 817 892 879 τὰς
918 816 1100 880 πόλεις
1121 815 1222 886 τῆς
1265 816 1526 878 Ἰουδαίας
1559 816 1660 880 τὰς
1699 815 1923 886 ὀχυρὰς,

339 908 429 961 καὶ
464 907 758 960 συνέλαϐεν
804 908 994 970 αὐτάς.
1053 909 1162 960 Καὶ
1210 908 1370 960 ταυτὶ
1407 909 1504 978 μὲν
1534 910 1599 960 ἐκ
1626 907 1733 960 τῶν
1767 905 1928 978 ἱερῶν

339 999 711 1070 Γραμμάτων.
775 1001 899 1052 Ὅτι
935 1000 989 1052 δὲ
1051 1000 1371 1070 πεπόρθηκε
1416 1001 1515 1069 τὴν
1556 999 1870 1068 Σαμάρειαν
1903 1000 1930 1051 ό

340 1091 745 1162 Σενναχειρεὶμ,
775 1091 1080 1145 ἀναϐαίνων
1110 1093 1250 1145 κατὰ
1278 1092 1388 1143 τῶν
1429 1090 1836 1162 Ἱεροσολύμων,
1874 1089 1931 1155 ἐξ

339 1175 411 1234 ὧν
439 1183 601 1248 αὐτὸς
625 1183 904 1252 γέγραφεν
945 1186 973 1236 ὁ
1024 1185 1292 1254 μακάριος
1328 1184 1555 1246 Ἡσαΐας
1583 1183 1610 1234 ό
1645 1183 1930 1252 προφήτης

344 1275 569 1344 ἀκονητὶ
607 1274 923 1345 διοψὸμεθα.
962 1271 1408 1344 Προσπεφὼνηκε
1441 1272 1548 1343 γὰρ
1573 1271 1747 1334 οὕτως
1812 1272 1932 1324 Ῥα-

339 1367 522 1438 eam;
545 1371 660 1431 τοῖς
688 1366 1023 1437 καθημένοις
1063 1369 1122 1419 ἐν
1146 1364 1224 1434 τῷ
1250 1365 1443 1434 τείχει·
1489 1364 1570 1435 Μὴ
1615 1365 1760 1434 ὑμᾶς
1792 1363 1932 1416 ἀπα-

340 1461 490 1514 τάτω
537 1461 808 1529 Ἐζεκίας,
832 1459 1007 1525 λέγων
1029 1474 1040 1487 ·
1080 1459 1137 1510 Ὀ
1161 1458 1294 1520 Θεὸς
1325 1456 1476 1528 ὑμῶν
1512 1457 1735 1527 ῥύσεται
1763 1457 1928 1524 ὑμᾶς.

342 1552 438 1620 Μὴ
469 1551 774 1621 ἐρρύσαντο
795 1550 844 1600 οἱ
875 1548 988 1601 θεοὶ
1015 1547 1124 1599 τῶν
1157 1547 1326 1600 ἐθνῶν
1350 1548 1578 1608 ἕκαστος
1614 1535 1712 1615 τὴν
1739 1545 1933 1598 ἐαυτοῦ

2030 541 2195 613 lyma,
2230 556 2294 596 ex
2341 542 2425 596 liis
2471 557 2592 609 quae
2625 541 2814 594 beatus
2845 538 3011 591 Isaias
3057 537 3317 608 propheta
3380 533 3621 600 scripsit,

2030 635 2178 689 nullo
2211 634 2427 703 negotio
2457 632 2781 685 videbimus.
2825 629 3093 685 Clamavit
3127 627 3392 697 siquidem
3430 623 3625 692 Ilbap-

2030 740 2184 780 saces
2229 725 2309 778 his
2349 725 2438 792 qui
2489 723 2750 776 sederunt
2811 721 2861 775 in
2915 720 3206 779 inmitibus,
3245 718 3386 770 hunc
3425 716 3476 769 in
3508 728 3627 768 mo-

2030 817 2155 870 dum
2194 829 2207 865 :
2251 812 2326 868 Ne
2372 812 2526 867 vobis
2583 814 2824 880 imponat
2879 809 3157 872 Ezechias,
3199 809 3382 861 dicens
3428 823 3441 859 :
3481 804 3623 858 Deus

2031 918 2212 961 vester
2289 906 2486 975 eripiet
2551 919 2668 957 vos.
2700 902 2836 956 Num
2895 903 3210 969 eripttcruut
3253 898 3325 952 dii
3380 897 3622 966 gentium

2032 1016 2184 1054 suam
2225 1000 2456 1069 quisque
2497 995 2770 1064 regionem
2809 1008 2838 1047 e
2863 1008 3020 1046 manu
3058 991 3200 1060 regis
3233 985 3623 1059 Assyriorum?

2035 1092 2136 1148 Ubi
2179 1102 2263 1145 est
2297 1092 2430 1143 deus
2486 1088 2704 1147 Amatli,
2729 1093 2783 1140 et
2836 1083 3118 1152 Arphatli?
3151 1092 3207 1136 et
3246 1082 3332 1135 ubi
3373 1082 3504 1135 deus
3541 1081 3620 1136 ci-

2035 1183 2215 1234 vitatis
2254 1176 2616 1247 Sepharaiin?
2647 1175 2784 1227 Num
2826 1172 3130 1229 Samariam
3189 1187 3221 1226 a
3254 1186 3416 1226 manu
3500 1184 3619 1224 mea

2035 1273 2326 1329 defendere
2367 1268 2654 1339 poterant?
2691 1265 2900 1321 Evertit
2951 1265 3204 1319 nimirum
3259 1273 3384 1316 ante
3427 1261 3623 1316 Sama-

2037 1370 2172 1424 riam
2232 1363 2715 1425 Sennaclterimus,
2756 1376 2876 1415 cum
2935 1355 3254 1413 aliis'simul
3304 1355 3527 1410 urbibus
3569 1363 3627 1407 et

2039 1460 2368 1531 regionibus,
2421 1473 2486 1511 ac
2549 1459 2762 1512 demum
2807 1453 3107 1508 Jerusalem
3175 1452 3407 1505 obsedit.
3458 1449 3626 1503 Post-

2039 1567 2201 1621 quam
2254 1551 2395 1605 enim
2435 1549 2490 1602 in
2533 1548 2767 1601 divinam
2833 1546 3164 1614 majestatem
3219 1544 3334 1596 haec
3397 1539 3622 1609 dicteria

344 1641 532 1713 χώραν
569 1643 634 1694 ἐκ
678 1641 862 1711 χειρὸς
915 1639 1177 1710 βασιλέως
1219 1639 1554 1708 Ἀσσυρίων;
1586 1637 1694 1689 Ποῦ
1734 1636 1880 1688 ἐστιν
1910 1637 1938 1688 δ

2048 1643 2275 1705 ieciSset,
2312 1653 2563 1707 egressus
2629 1653 2659 1690 a
2719 1634 2947 1690 Domino
3011 1632 3261 1702 angelus,
3309 1629 3508 1684 occidit
3558 1641 3625 1680 ex

343 1733 466 1794 Θεὸς
518 1731 750 1802 Ὀμάθα,
789 1731 878 1783 καὶ
931 1730 1133 1798 Ἀρφάθ
1158 1747 1173 1792 ;
1203 1731 1297 1782 καὶ
1325 1729 1429 1782 ποῦ
1459 1728 1661 1781 έστινό
1693 1728 1812 1789 θεὸς
1837 1725 1936 1794 τῆς

345 1824 552 1885 πόλεως
607 1821 1035 1892 Σεπφαρουείμ,
1085 1821 1159 1892 μή
1212 1821 1464 1874 ἐδύναντο
1522 1819 1692 1871 σῶσαι
1751 1817 1936 1886 Σαμά-

345 1927 496 1980 ρειαν
531 1911 596 1964 ἐκ
637 1910 816 1980 χειρός
852 1927 988 1980 μους
1021 1909 1380 1980 Προανῄρηκε
1440 1907 1620 1960 τοίνυν
1674 1906 1772 1975 τὴν
1819 1906 1941 1959 Σα-

348 2001 578 2070 μάρειαν
602 2001 630 2052 ό
656 2001 1043 2072 Σενναχειρεὶμ
1076 2003 1196 2064 ταῖς
1227 1999 1417 2061 ἄλλαις
1461 1997 1600 2069 ὁμοῦ
1649 1997 1836 2052 πόλεσί
1879 2014 1939 2049 τε

347 2096 439 2147 καὶ
463 2093 711 2163 χώραις·
766 2089 886 2146 εἶτα
944 2093 1346 2164 πεπολιόρκηκε
1403 2092 1504 2162 τὴν
1559 2090 1937 2163 Ἰερουσαλήμ.

281 2216 288 2220 -
358 2186 580 2256 Ἐπειδὴ
614 2185 723 2256 γὰρ
752 2188 852 2256 τῆς
885 2185 1032 2248 Θείας
1056 2186 1478 2255 κατεφλυάρησε
1511 2183 1688 2253 δόξης,
1712 2181 1941 2252 ἐξῆλθεν

345 2274 576 2343 ἄγγελος
605 2275 758 2345 παρὰ
787 2274 1013 2345 Κυρίου,
1051 2276 1142 2328 καὶ
1175 2274 1384 2328 ἀνεῖλεν
1429 2275 1496 2327 ἐκ
1524 2273 1624 2342 τῆς
1658 2270 1936 2342 παρεμδοο

345 2368 442 2439 λῆς
473 2368 582 2422 τῶν
621 2367 923 2439 Ἀσσυρίων
959 2370 1016 2420 ἐν
1049 2370 1147 2440 μιᾷ
1186 2369 1344 2422 νυκτὶ
1398 2366 1593 2421 ἑκατὸν
1632 2368 1726 2421 καὶ⁵
1761 2367 1942 2438 ὀγδοή·

348 2479 515 2514 κοντα
577 2461 740 2513 πέντε
791 2461 1054 2530 χιλιάδας.
1116 2462 1326 2515 Οὐκοῦν
1380 2461 1682 2530 ἐπειδήπερ
1719 2461 1942 2528 ἀφίκετο

353 2553 453 2623 μὲν
499 2551 644 2636 κατὰ
687 2552 796 2604 τῶν
842 2551 1232 2622 Ἱεροσολύμων
1276 2555 1305 2604 ὁ
1342 2553 1749 2623 Σενναχειρεὶμ,
1813 2569 1942 2624 προ-

353 2645 534 2698 ανεῖλε
569 2645 627 2698 δέ
666 2645 764 2715 τὴν
814 2645 1130 2713 Σαμάρειαν
1191 2645 1328 2698 Θεοῦ
1382 2645 1710 2716 παραδόντος
1755 2646 1940 2716 αὐτὴν,

354 2738 529 2792 διὰτοι
559 2737 622 2789 τὸ
655 2737 790 2807 δρᾷν
816 2735 1030 2788 ἑλέσθαι
1065 2736 1133 2788 τὰ
1168 2735 1336 2806 χείρω
1381 2736 1490 2788 τῶν
1530 2739 1590 2790 ἐν
1630 2740 1741 2800 τοῖς
1786 2737 1943 2809 Ἱερο-

360 2829 640 2899 σολύμοις,
698 2828 1008 2896 ἀναγκαίως
1068 2829 1238 2898 φησί’
1286 2847 1306 2880 ι
1361 2829 1598 2884 Θάνατον
1657 2830 1944 2884 ἀπέστειλε

367 2919 571 2992 Κύριος
600 2921 694 2973 ἐπὶ
736 2919 947 2984 Ἰακὼϐ,
989 2921 1078 2973 καὶ
1112 2918 1274 2992 ἦλθεν
1311 2922 1404 2975 ἐπὶ
1458 2923 1695 2995 Ἰσραήλ.
1745 2943 1765 2976 ι
1802 2924 1943 2977 um‘

367 3012 748 3084 ἐμπέπρησται
805 3013 903 3083 μὲν
947 3015 978 3084 ἡ
1035 3014 1318 3085 Σαμάρεια
1371 3009 1505 3086 ἐνῇ
1559 3015 1883 3086 κατῴκησεν
1916 3015 1945 3068 ὁ

2043 1734 2236 1787 castris
2288 1731 2633 1801 Assyriorum
2693 1744 2798 1782 una
2875 1737 3032 1780 nocte
3092 1733 3307 1779 centum
3364 1732 3434 1790 et
3472 1729 3627 1774 octo-

2042 1825 2191 1894 ginta
2246 1822 2485 1890 quinque
2529 1818 2712 1872 millia.
2743 1818 2874 1870 Cum
2912 1818 3078 1884 igitur
3110 1813 3510 1882 expeditionem
3549 1809 3626 1864 fe-

2041 1917 2204 1969 cisset
2259 1922 2448 1966 contra
2505 1910 2876 1979 Hierosolyma
2917 1905 3398 1966 Sennaclterimus,
3433 1901 3628 1954 Sama-

2043 2007 2120 2061 ria
2193 2007 2340 2074 prius
2423 2013 2710 2072 occupata,
2745 2002 2856 2055 Deo
2927 2001 3176 2053 tradente
3263 2011 3404 2059 eam,
3485 1993 3627 2062 quod

2044 2097 2303 2167 nequiora
2335 2097 2416 2150 his
2473 2112 2590 2164 qua:
2629 2093 3018 2164 Hierosolymis
3067 2090 3206 2145 facta
3259 2097 3410 2153 sunt,
3446 2096 3630 2158 patra-

2046 2191 2203 2254 verit,
2236 2190 2548 2243 necessario
2583 2189 2750 2258 inquit
2785 2203 2799 2241 :
2831 2204 2849 2238 t
2874 2185 3101 2239 Mortem
3148 2182 3331 2238 emisit
3381 2180 3524 2234 Deus
3572 2179 3626 2233 in

2041 2283 2230 2346 Iacob,
2262 2291 2318 2336 et
2377 2281 2575 2334 invasit
2631 2279 2816 2334 Israel.
2859 2297 2879 2330 ι
2915 2280 2983 2330 At
3033 2277 3254 2331 incensa
3307 2282 3390 2328 est
3437 2273 3632 2329 civitas

2045 2374 2529 2435 Samaritanorum,
2572 2370 2624 2424 in
2684 2386 2791 2440 qua
2844 2369 3110 2423 habitavit
3185 2364 3376 2428 Israel,
3423 2364 3476 2417 id
3525 2373 3629 2427 est,

2044 2467 2232 2520 decem
2293 2465 2484 2528 tribus,
2515 2471 2569 2516 et
2620 2461 2861 2514 fatiditus
2912 2460 3092 2528 periit.
3135 2457 3264 2510 Erat
3314 2469 3476 2524 porro
3537 2468 3629 2510 sa-

2045 2555 2280 2625 pientiae,
2324 2555 2508 2618 credo,
2561 2562 2620 2607 ut
2666 2553 2918 2620 deinceps
2962 2549 3395 2611 considerarent,
3435 2546 3486 2600 lii
3537 2544 3630 2614 qui

2045 2648 2099 2703 in
2147 2664 2212 2704 ea
2279 2647 2451 2702 relicti
2491 2656 2671 2711 erant,
2729 2645 2894 2698 Deum
2949 2643 3396 2707 oﬂendere,esse
3452 2640 3631 2708 reipsa

2045 2743 2456 2812 gravissimum:
2480 2741 2602 2795 dein
2629 2741 2732 2794 hoc
2762 2738 2976 2806 cognito
3001 2747 3055 2791 et
3081 2744 3388 2805 perspecto,
3414 2733 3634 2805 placare

2043 2831 2306 2888 offensum
2349 2833 2582 2912 ‘omnino
2615 2840 2887 2900 oportere,
2915 2839 2969 2883 et
3004 2829 3389 2882 mutationibus
3434 2827 3484 2880 in
3521 2837 3636 2879 tne-

2047 2922 2149 2977 lius
2202 2925 2470 2992 mitigare.
2530 2923 2682 2990 Quod
2745 2921 2798 2974 hi
2857 2937 2962 2974 non
3009 2918 3278 2980 fecerunt,
3343 2931 3523 2985 neque
3575 2915 3632 2968 itt

2047 3018 2285 3072 animum
2335 3018 2693 3081 induxerunt,
2740 3015 2880 3068 unde
2928 3021 3108 3066 mente
3149 3009 3293 3078 capti
3350 3007 3637 3062 ambitiose

377 3103 612 3175 Ἰσραὴλ.
641 3104 786 3158 τοῦτ’
829 3102 995 3168 ἔστιν,
1027 3105 1083 3157 αἱ
1127 3103 1261 3158 δέκα
1295 3104 1483 3174 φυλαὶ,
1529 3105 1618 3158 καὶ
1666 3104 1944 3159 ἀπόλωλεν

2048 3108 2341 3179 iactarunt,
2371 3127 2388 3160 ι
2417 3106 2638 3161 Lateres
2657 3105 2989 3164 ceciderunt,
3008 3103 3100 3157 sed
3118 3100 3317 3162 venite,
3337 3099 3636 3151 incidamus

354 3196 636 3259 ὁλπελῶς.
670 3193 776 3250 τΗν
805 3196 862 3249 δὲ
909 3191 1061 3266 οἶμαι
1093 3196 1256 3265 σοφὸν
1297 3198 1548 3268 ἐννοῆσαι
1585 3197 1772 3250 λοιπὸν
1816 3199 1945 3258 τοὺς

352 3288 790 3360 περιληφθέντας
861 3289 919 3342 ἐν
972 3289 1130 3360 αὐτῇ,
1165 3289 1248 3342 ὅτι
1296 3289 1357 3341 τὸ
1412 3289 1774 3360 προσκρούειν
1827 3288 1947 3360 Θεῷ

352 3382 705 3453 παγχάλεπον
756 3381 974 3450 ἀληθῶς
999 3398 1013 3414 ο
1074 3379 1196 3435 ε’ίτα
1253 3382 1413 3437 τοῦτο
1453 3383 1814 3452 διεγνωκότας
1855 3384 1950 3436 ἐκ·

358 3473 734 3543 μειλίσσεσθαι
762 3475 855 3526 τὸν
871 3471 1245 3542 λελυπημένον
1273 3472 1472 3543 χρῆναι
1496 3472 1671 3542 δήπου
1706 3472 1946 3534 πάντως,

356 3567 449 3620 καὶ
475 3571 597 3630 ταῖς
625 3569 705 3630 εἰς
739 3566 800 3618 τὸ
829 3551 1053 3636 ἄμεινον
1095 3564 1419 3636 μεταϐολαῖς
1451 3563 1888 3634 καταμαλθάσσε
1902 3580 1949 3616 ιν

358 3659 850 3730 παρωτρυμμένον.
893 3660 956 3711 Οἱ
997 3659 1054 3712 δὲ
1091 3658 1250 3710 τοῦτο
1292 3658 1388 3728 μὲν
1433 3658 1534 3710 οὐκ
1587 3657 1778 3727 ἔδρων,
1828 3657 1950 3709 οὐδέ

360 3755 441 3816 εἰς
497 3751 622 3806 νοῦν
651 3751 890 3821 ἐδέχοντο
942 3749 1140 3804 ποθεν·
1175 3749 1565 3819 ἀπονοούμενοι
1614 3749 1673 3803 δὲ
1727 3748 1824 3802 καὶ
1869 3748 1950 3801 ἔτι

365 3844 630 3917 μειζόνως
667 3843 924 3911 ἔφασκον·
971 3861 987 3894 t
1019 3841 1237 3897 Πλίνθοι
1281 3841 1656 3903 πεπτώκασιν,
1697 3840 1833 3894 ἀλλὰ
1860 3842 1952 3895 λα-

363 3933 642 4003 ξεύοωμεν
684 3930 887 3995 λίθους,
945 3932 1040 3985 καὶ
1088 3931 1342 4000 κόψωμεν
1375 3931 1712 4002 συκαμίνους
1742 3931 1836 3985 καὶ
1866 3932 1951 3986 κέο

359 4022 540 4092 ὅρους,
565 4021 660 4076 καὶ
674 4023 1344 4093 οἰκοδομήσωμενὲαυτοῖς
1365 4021 1596 4092 πύργον.
1625 4041 1644 4073 ι
1677 4024 1738 4075 Ὢ
1754 4022 1955 4093 πολλῆς,

359 4115 625 4184 ἀμαθίας.
660 4112 784 4176 Πῶς
811 4114 919 4183 γὰρ
945 4113 1043 4165 οὐκ
1088 4112 1193 4164 ἔδει
1228 4111 1426 4182 μᾶλλον
1464 4114 1662 4166 εἰπεῖν’
1709 4115 1952 4184 Προσκεο

362 4204 682 4276 κρούκαμεν
731 4203 791 4269 ἐξ
850 4203 1106 4266 ἀϐουλίας
1144 4204 1222 4274 τῷ
1271 4206 1446 4259 πάντα
1515 4203 1752 4274 ἰσχύοντι
1793 4204 1951 4273 Θεῴ;

363 4297 627 4352 Ἥλωσάν
654 4313 713 4349 τε
742 4295 944 4368 ταύτης
976 4296 1135 4349 ἓνεκα
1160 4298 1257 4367 τῆς
1285 4297 1486 4360 αἰτίας,
1544 4298 1600 4349 αἱ
1649 4296 1778 4366 παρ’
1823 4296 1955 4366 ἡμῖν

362 4392 548 4455 πόλεις
600 4407 660 4444 τε
720 4390 815 4443 καὶ
867 4388 1071 4459 κῶμαι.
1140 4389 1324 4453 Δεῦτε,
1381 4391 1502 4451 ταῖς
1554 4385 1955 4457 μεταγνώσεσιν

2049 3203 2274 3270 lapides,
2309 3200 2609 3254 incidamus
2646 3203 2978 3267 sycomoros,
3013 3205 3067 3250 et
3091 3196 3306 3259 cedros,
3329 3201 3385 3246 et
3405 3190 3637 3245 aediﬁce-

2050 3310 2168 3348 mus
2200 3294 2354 3348 nobis
2390 3292 2518 3362 ipsis
2561 3291 2774 3344 turrim.
2812 3307 2832 3342 ι
2862 3286 2906 3344 0
2940 3301 3187 3357 magnam
3215 3282 3514 3340 inscitiam!
3554 3282 3636 3336 Au

2051 3403 2156 3442 non
2201 3387 2405 3456 aequius
2442 3385 2601 3456 160
2625 3391 2742 3438 erat
2785 3383 2988 3447 dicere,
3023 3378 3359 3436 Oﬂ‘enditnus
3386 3391 3482 3447 per
3504 3375 3640 3431 stul-

2052 3479 2222 3533 titiam
2241 3489 2296 3532 et
2319 3477 2726 3548 incogitantiam
2751 3474 3174 3544 omnipotentem
3194 3469 3399 3525 Deum?
3423 3467 3638 3524 Vexata:

2050 3579 2176 3624 sunt
2226 3570 2365 3623 hanc
2405 3567 2474 3622 oh
2511 3581 2730 3623 causam
2759 3565 2921 3619 urbes
2951 3573 3148 3618 nostrae
3184 3570 3238 3616 et
3271 3561 3372 3614 vici
3398 3577 3411 3614 :
3436 3559 3635 3623 venite,

2053 3664 2192 3717 hanc
2239 3662 2372 3716 iram
2421 3657 2793 3730 resipiscentia
2827 3653 3227 3713 exoneremus?
3270 3655 3338 3707 At
3385 3651 3439 3705 hi
3475 3650 3638 3703 mini-

2053 3769 2140 3809 me
2192 3757 2378 3809 ἱειιιαιο
2430 3754 2708 3816 dixerunt,
2742 3751 2836 3806 sed
2863 3748 3032 3806 divini
3108 3745 3296 3801 auxilii
3349 3742 3640 3799 securitate

2053 3857 2108 3902 et
2163 3848 2416 3915 praesidio
2457 3843 2848 3900 contumeliose
2892 3849 3224 3908 contempto,
3275 3837 3636 3891 dictitabant:

2061 3957 2079 3990 ι
2117 3938 2343 3993 Urbium
2378 3937 2640 3991 Samaria:
2697 3934 2837 3988 muri
2880 3932 3145 3988 exstructi
3182 3937 3311 3984 sunt
3361 3943 3428 3981 ex
3469 3926 3642 3979 latere

2058 4030 2272 4083 vitioso.
2321 4029 2474 4092 Quod
2536 4030 2581 4082 si
2632 4041 2730 4081 nos
2806 4027 3012 4093 lapides
3071 4023 3353 4085 caedimus,
3380 4029 3435 4074 et
3497 4020 3639 4088 ligna

2059 4123 2391 4188 incorrupta,
2422 4130 2758 4188 sycomoros,
2804 4115 3046 4182 inquam,
3076 4124 3131 4168 et
3161 4113 3353 4166 cedros
3411 4110 3637 4178 adapta-

2058 4215 2320 4278 verimus,
2362 4209 2668 4274 turrimque
2705 4205 3058 4269 erexerimus,
3100 4218 3205 4257 non
3245 4201 3524 4270 capiemur
3574 4201 3640 4253 ab

2059 4303 2326 4365 hostibus,
2357 4307 2412 4354 et
2457 4298 2638 4352 invicti
2688 4295 3046 4350 manebimus.
3089 4295 3192 4361 Qui
3231 4309 3381 4364 ergo,
3441 4293 3639 4364 inquit.

2060 4398 2175 4452 haec
2227 4394 2458 4464 superbe
2480 4400 2534 4446 et
2571 4391 2713 4446 elato
2753 4389 2916 4443 corde
2970 4389 3174 4452 dicunt,
3217 4388 3411 4452 scient,
3439 4386 3489 4439 id
3533 4377 3681 4445 est,‘

362 4478 866 4552 ἀποφορτισὼμεθα
918 4481 1016 4552 τὴν
1060 4471 1272 4550 ὀργήν(
1309 4479 1372 4531 Ol
1412 4477 1469 4531 δὲ
1513 4479 1672 4532 ταυτὶ
1721 4478 1821 4548 μὲν
1859 4479 1944 4532 ού)

2066 4489 2276 4543 discent
2315 4497 2525 4550 rursus,
2579 4497 2687 4552 quo
2745 4480 2962 4535 tandem
3036 4477 3225 4533 evadet
3303 4477 3405 4531 hoc
3486 4490 3642 4530 suum

365 4575 605 4642 Ecacxov
637 4589 650 4601 '
695 4572 1142 4644 περιυϐρίζοντες
1163 4571 1220 4623 δὲ
1247 4570 1449 4641 μᾶλλον
1493 4570 1590 4641 τῆς
1640 4571 1960 4642 ἐπικουρίας

365 4668 464 4738 τῆς
500 4665 650 4737 παρὰ
679 4665 814 4718 Θεοῦ
859 4665 959 4735 τὴν
994 4664 1296 4732 ἀσφάλειαν
1331 4660 1570 4731 ἔφασκον
1618 4661 1701 4714 δτι
1752 4661 1821 4714 τὰ
1852 4661 1964 4714 τῶν

369 4760 579 4812 πόλεων
606 4757 762 4828 τείχη
792 4757 900 4809 τῶν
927 4756 1068 4810 κατὰ
1088 4756 1186 4825 τὴν
1204 4755 1516 4826 Σαμάρειαν
1546 4753 1838 4823 πεποίηντο
1863 4753 1961 4824 μὲν

369 4855 432 4907 ἐκ
458 4851 679 4908 πλίνθου
701 4850 929 4925 σαθρᾶς.
967 4852 1091 4905 Ἐὰν
1114 4847 1169 4905 δὲ
1187 4849 1366 4913 λίθους
1381 4849 1748 4920 λαξεύσωμεν,
1767 4849 1862 4902 καὶ
1893 4847 1963 4922 τᾲ

367 4949 591 5021 ἄσηπτα
617 4948 727 5002 τῶν
755 4947 949 5014 ξύλων,
997 4945 1322 5014 συκαμίνους
1346 4942 1403 4995 δὲ
1459 4943 1713 5013 (mulgeat
1737 4941 1960 5012 κέδρους

371 5041 701 5112 ἁρμόσωμεν
739 5039 927 5101 αὐτοῖς
953 5037 1048 5090 καὶ
1075 5037 1470 5106 ἀναστήσωμεν
1499 5034 1728 5106 πύργον,
1751 5034 1960 5088 ἀνάλω-

369 5135 454 5188 τοί
489 5149 551 5187 τε
581 5131 818 5203 ἐσόμεθα
856 5133 970 5193 τοῖς
1004 5126 1237 5200 ἐχθροῖς,
1279 5127 1374 5179 καὶ
1418 5126 1716 5197 ἀπόρθητοι
1771 5125 1962 5196 μενοῦ-

375 5243 495 5296 μεν.
528 5227 592 5280 οι
620 5223 804 5278 τοίνυν
834 5220 1034 5287 ταῦτα,
1088 5219 1274 5290 φησὶν,
1309 5219 1394 5286 ἐφ’
1425 5216 1580 5289 ὕϐρει
1625 5218 1722 5271 καὶ
1780 5215 1958 5287 ὑψηλῇ

371 5319 566 5389 καρδίᾳ
591 5317 868 5386 λέγοντες,
914 5311 1234 5383 γνώσονται,
1273 5309 1418 5364 τοῦτ’
1446 5308 1582 5376 ἐστι,
1623 5310 1958 5380 μαθήσονται

371 5405 554 5466 πάλιν,
594 5406 714 5458 ὅποι
761 5403 893 5457 ποτὲ
959 5400 1219 5470 βαδιεῖται
1249 5399 1311 5452 τὸ
1350 5398 1576 5470 σκέμμα
1625 5400 1828 5463 αὐτοῖς,
1866 5405 1960 5454 καὶ

2063 4585 2395 4646 institutum,
2427 4590 2480 4636 et
2503 4579 2644 4650 quod
2679 4591 2868 4633 rursus
2898 4575 2949 4628 in
2977 4572 3267 4643 perniciem
3291 4570 3452 4623 cadet
3487 4580 3642 4620 suum

2063 4676 2369 4730 consilium.
2410 4673 2699 4728 Sciendum
2729 4680 2908 4724 autem
2957 4675 3079 4736 post
3111 4661 3470 4717 vastationem
3509 4656 3646 4711 Sen.

2065 4768 2388 4834 nacherimi,
2422 4765 2751 4835 temporibus
2765 4761 3033 4824 Jeremize,
3054 4753 3644 4810 Nabuchodonosorum

2065 4857 2304 4916 Iudaeam
2363 4869 2704 4928 cppttgnasse
2759 4861 2814 4906 et
2868 4849 3098 4918 cepisse,
3155 4861 3219 4900 ac
3264 4853 3510 4899 vastasse
3561 4849 3644 4894 to-

2071 4967 2177 5010 tam
2240 4954 2564 5015 Samariam,
2616 4951 2894 5016 ipsamque
2927 4945 3062 4997 adeo
3107 4939 3428 4995 Jerusalem.
3481 4935 3644 4991 Proin

2067 5051 2335 5119 propheta
2409 5044 2673 5099 Jeremias
2742 5041 2848 5094 ait:
2906 5055 2924 5089 ι
2964 5035 3276 5089 Maledictus
3330 5033 3419 5100 qui
3495 5043 3645 5097 spem

2069 5118 2231 5189 habet
2283 5136 2335 5187 in
2397 5132 2638 5197 homine,
2673 5137 2727 5185 et
2783 5128 2962 5182 Ilrmat
3011 5139 3229 5179 carnem
3274 5118 3482 5174 brachii
3539 5118 3645 5180 sui,

2068 5237 2122 5283 et
2161 5244 2189 5282 a
2227 5226 2456 5282 Domino
2491 5224 2716 5280 discedit
2750 5237 2845 5278 cor
2876 5221 2994 5291 ejus
3026 5217 3092 5272 ’⁵.
3141 5235 3161 5271 ι
3198 5211 3450 5270 Servabit
3500 5207 3645 5266 enim

2069 5325 2228 5365 nemo
2261 5324 2407 5377 eum,
2431 5307 2524 5379 qui
2579 5308 2772 5364 divina:
2813 5306 2905 5360 iraa
2933 5301 3202 5359 obnoxius
3229 5305 3313 5352 est
3339 5312 3352 5348 :
3389 5311 3408 5345 ι
3433 5291 3646 5345 Manum

2067 5403 2210 5458 enim
2231 5401 2499 5456 excelsam
2525 5400 2648 5469 quis
2663 5407 2872 5453 avertet
2894 5397 2982 5450 9°?
3018 5415 3038 5448 ι
3073 5391 3230 5449 sicuti
3259 5388 3516 5456 scriptum
3542 5391 3644 5436 est.

373 5498 452 5551 5::
510 5497 668 5551 πάλιν
716 5494 1099 5565 ἐκτελευτήσει
1161 5491 1298 5564 πρὸς
1361 5491 1584 5564 ὄλεθρον
1638 5493 1671 5560 ή
1737 5491 1898 5563 βουλὴ
1949 5495 2152 5558 αὐτοῖς.
2219 5493 2415 5546 ’ἰστέον
2443 5492 2501 5545 δὲ
2535 5493 2616 5546 ὃτι
2668 5488 2808 5560 μετὰ
2849 5488 2947 5559 τὴν
2993 5484 3257 5558 πόρθησιν
3306 5476 3399 5534 τοῦ
3446 5477 3649 5530 Σενναη

369 5592 588 5666 χειρεὶμ
645 5592 702 5644 ἐν
750 5589 968 5662 καιροῖς
1021 5585 1288 5675 ςῐερεμίου
1316 5626 1330 5650 ,
1378 5583 1729 5655 πεπολέμηκε
1779 5587 1880 5657 τὴν
1929 5586 2190 5641 Ἰουδαίαν
2241 5588 2270 5639 ὁ
2315 5585 2783 5657 Ναϐουχοδονόσορ
2813 5575 2923 5637 εἷλέ
2943 5598 3002 5636 τε
3033 5583 3214 5638 πᾶσαν
3247 5576 3387 5632 κατὰ
3427 5569 3648 5642 κράτος.

433 5775 480 5808 ⁸⁸
504 5776 708 5835 Jerctn.
744 5792 882 5842 xvn,
913 5773 965 5831 5.
1043 5773 1087 5803 "
1119 5770 1222 5826 Isa.
1250 5784 1361 5834 xlv,
1405 5766 1498 5826 27,
