4144 6302
499 259 606 316 265
1492 251 1552 308 S.
1592 250 1679 308 Οἵ
1690 247 1872 306 BIL”
1914 248 2104 307 ALEX

2205 249 2389 309 DRINI
2427 249 2747 310 ARCHIEP.
3676 251 3791 311 τοι

503 382 598 437 καὶ
664 376 981 449 πεπόρθηκε
1028 376 1127 447 τὴν
1176 374 1509 446 Σαμάρειαν,
1572 372 1667 427 καὶ
1707 371 1878 444 αὐτὴν
1929 373 2025 427 καὶ
2061 372 2160 445 τὴν
2204 372 2580 446 Ἰερουσαλήμ.
2612 371 2819 427 υύκοῦν
2848 388 3014 443 φησιν
3060 372 3088 423 6
3135 373 3423 445 προφήτης
3479 366 3745 441 Ἱερεμίας,
3774 388 3787 402 ·

507 494 527 526 ι
587 470 1039 540 Ἐπικατάρατος,
1069 469 1125 533 ὃς
1146 467 1246 539 τὴν
1273 465 1460 521 ἐλπίδα
1492 466 1605 537 ἔχει
1631 466 1717 519 ἐπ’
1744 465 2053 539 ἄνθρωπον.
2089 467 2200 521 Καὶ
2256 469 2504 540 στηρίξει
2536 468 2716 539 σάρκα
2747 467 3032 538 βραχίονος
3095 465 3285 521 αὐτοῦ.
3333 486 3352 518 ι
3381 463 3649 519 Διασὼσει
3678 466 3791 534 γὰρ

504 567 678 630 οὐδεὶς
709 565 799 617 τὸν
824 562 932 616 ὑπὸ
966 560 1115 615 θείαν
1145 560 1314 632 ὀργὴν
1348 559 1627 629 γεγονότα.
1663 577 1684 610 ι
1720 557 1831 628 Τήν
1856 558 1966 630 γὰρ
2000 560 2161 630 χεῖρα
2187 559 2288 631 τὴν
2318 560 2526 633 ὑψηλὴν
2552 560 2634 625 τίς
2654 559 3008 632 ἀποστρέψει,
3044 578 3062 612 ι
3094 559 3236 613 κατὰ
3262 559 3324 612 τὸ
3366 557 3791 630 γεγραμμένον;

580 661 745 715 Vens.
784 656 980 720 11,12.
1024 653 1093 707 Ει
1119 655 1301 708 allidet
1328 653 1467 708 Deus
1506 661 1874 722 consurgentes
1905 662 2090 706 contra

2262 655 2373 711 Καὶ
2405 654 2581 723 ράξει
2632 658 2666 708 ό
2734 655 2873 719 Θεὸς
2926 654 3070 721 τοὺς
3118 652 3643 722 ἐπανισταμένους
3697 651 3799 723 ἐπ,

505 763 736 808 montem
774 746 925 812 Sion,
965 757 1012 801 et
1051 747 1226 800 hostes
1273 745 1573 814 dissipabit,
1601 743 1821 814 Syriam
1885 759 1917 798 a
1964 744 2092 800 solis

2205 745 2337 813 ὄρος
2365 745 2520 801 Σιὼν
2562 746 2656 799 ἐπ’
2692 746 2936 812 αὐτοὺς,
2961 745 3062 800 καί
3086 746 3232 811 τοὺς
3256 744 3513 813 ἐχθροὺς
3550 742 3794 799 διασκει

506 854 646 907 ortu,
697 853 743 895 et
790 838 1000 894 Grmcos
1038 854 1071 891 a
1102 838 1228 892 solis
1279 853 1495 902 occasu,
1553 838 1645 908 qui
1677 835 1935 892 Israelem
1982 845 2093 892 loto

509 948 597 986 ore
649 931 913 985 devorent.

581 1103 715 1160 Cum
778 1100 1012 1172 percutit
1067 1098 1209 1154 Deus
1264 1097 1337 1155 ob
1378 1094 1545 1152 multa
1597 1105 1842 1166 peccata,
1893 1095 2101 1152 inducit

511 1192 857 1251 credentibus
911 1189 1199 1253 medelam,
1262 1197 1321 1240 ut
1392 1195 1648 1256 appareat
1698 1186 1948 1241 omnibus
1979 1199 2099 1239 mo-

513 1284 619 1349 dis,
675 1280 881 1345 dolore,
940 1277 1187 1345 inquam,
1247 1284 1304 1328 et
1362 1273 1731 1327 consolatione
1793 1272 1860 1325 ad
1923 1272 2100 1342 poeni-

515 1370 740 1424 tentiam
803 1376 1023 1420 vocare.
1050 1361 1116 1415 Et
1173 1375 1316 1415 nunc
1363 1361 1541 1415 simile
1589 1361 1844 1430 quiddam
1879 1359 1963 1413 his
2006 1362 2098 1429 qui

516 1440 1065 1524 direptionem'passi
1106 1458 1251 1515 sunt,
1289 1447 1649 1518 appromittit,
1682 1447 1954 1517 habetque
2020 1446 2103 1501 hi-

518 1545 688 1599 storia
733 1539 1173 1610 explicationem,
1206 1538 1349 1606 quod
1384 1537 1717 1606 propositum
1768 1545 1871 1602 est,
1916 1549 2100 1604 quam,

517 1638 577 1681 ut
639 1626 791 1695 dixj,
837 1636 1267 1678 commemorare
1324 1620 1512 1689 paucis
1555 1626 1640 1675 est
1700 1634 1945 1674 necesse.
2005 1616 2100 1672 Ul-

520 1710 708 1764 timum
760 1709 904 1763 enim
944 1707 1143 1760 bellum
1180 1712 1369 1760 contra
1414 1704 1725 1758 universam
1771 1700 2019 1757 Iudaeam
2048 1710 2103 1757 et

520 1800 829 1857 Samariam
877 1814 907 1853 a
956 1796 1485 1852 Nabuchodonosoro
1526 1805 1735 1864 gestum
1770 1805 1876 1858 est,
1913 1795 1965 1848 in
1997 1807 2104 1861 quo

517 1885 737 1940 abducti
766 1893 892 1939 sunt
932 1882 1155 1950 captivi,
1179 1893 1237 1936 et
1257 1881 1507 1935 hostibus
1545 1881 1886 1949 septuaginta
1931 1894 2105 1935 annos

518 1969 843 2024 servierunt.
874 1965 1141 2034 Tempore
1182 1980 1311 2019 vero
1362 1964 1455 2018 ira
1483 1974 1703 2030 exacto,
1734 1964 2105 2019 universitatis

521 2061 664 2112 Deus
717 2058 913 2110 iterum
983 2054 1245 2109 misertus
1302 2063 1409 2119 est,
1464 2050 1751 2121 eﬂ‘ecitque
1808 2068 1867 2106 ut
1924 2053 2103 2106 remit-

521 2159 788 2213 terentur,
831 2161 953 2203 cnm
1023 2144 1198 2216 Cyrus
1249 2145 1391 2201 ﬁlius
1447 2145 1729 2215 Cambysis
1784 2144 2106 2215 Babylonios

518 2242 844 2312 subegisset.
871 2239 1007 2296 Cum
1040 2253 1169 2294 vero
1194 2237 1263 2293 ad
1296 2245 1539 2293 sanctam
1567 2236 1844 2291 civitatem
1899 2235 2106 2290 reversi

517 2342 723 2399 essent,
775 2334 866 2403 qui
916 2341 1124 2386 tantum
1177 2345 1545 2385 aerumnarum
1593 2329 1946 2400 pertulerant,
1983 2343 2105 2383 eam

518 2430 700 2484 denuo
734 2427 962 2481 reticere
984 2425 1288 2489 voluerunt,
1328 2424 1494 2492 idque
1525 2422 1794 2488 iecerunt,
1837 2423 2108 2477 divinum-

519 2536 627 2590 que
661 2520 818 2590 161
862 2534 1018 2573 suum
1071 2517 1327 2586 templum
1406 2525 1799 2570 restaurarunt.
1842 2515 2107 2570 Caeterum

522 2615 648 2668 licet
699 2622 846 2665 tanta
902 2608 1044 2679 passi
1095 2609 1345 2670 fuissent,
1396 2617 1450 2661 et
1494 2616 1734 2661 veterum
1788 2606 2107 2662 delictorum

521 2711 716 2767 pinnas
745 2694 995 2756 Iuissent,
1029 2691 1197 2746 nihilo
1233 2700 1414 2746 tamen
1465 2691 1644 2746 minus
1699 2693 1765 2747 de
1796 2691 2009 2762 integro
2041 2707 2110 2747 ex

522 2783 726 2836 invidia
766 2779 958 2833 vicinae
1002 2790 1191 2847 gentes
1270 2791 1540 2846 aggressa:
1575 2785 1721 2832 sunt.
1777 2775 1890 2833 Nec
1964 2777 2109 2833 enim

523 2874 776 2930 volebant
852 2870 1151 2927 Jerusalem
1224 2868 1583 2935 iuvalescere,
1660 2870 1897 2926 maxime
1978 2885 2109 2926 vero

518 2972 764 3022 omnium
812 2967 1038 3020 aliorqu
1078 2962 1202 3033 Syri
1254 2963 1439 3029 vicini,
1479 2972 1534 3017 et
1581 2961 1901 3019 Damasceni
1955 2978 2111 3017 acer-

522 3057 744 3112 bissime
807 3054 1154 3112 infestarunt.
1208 3052 1404 3109 Verum
1466 3053 1575 3108 Deo
1620 3064 1892 3120 servante,
1924 3064 1976 3109 et
2005 3054 2111 3109 illis

522 3152 756 3221 captivis
849 3157 1224 3214 succurrente,
1266 3147 1391 3202 victi
1459 3157 1621 3203 sunt:
1682 3155 1874 3215 gentes
1961 3148 2108 3202 enim

523 3249 865 3315 superarunt.
921 3239 1126 3295 Deinde
1184 3246 1429 3307 tempore
1481 3239 1884 3308 progrediente,
1915 3239 2110 3295 Antio-

2196 837 2372 893 δάσει
2400 856 2413 869 ’
2452 840 2677 909 Συρίαν
2726 842 2820 909 ἐφ’
2872 841 3053 910 ἡλίου
3123 837 3459 905 ἀνατολῶν,
3501 838 3600 892 καὶ
3652 838 3797 905 τοὺς

2201 914 2514 1001 Ἕλληκας
2534 934 2637 1003 ἀφ’
2663 934 2846 1002 ἡλίου
2872 932 3144 1003 δυσμῶν,
3186 932 3328 1000 τοὺς
3358 932 3797 1000 κατεσθίοντας

2198 1020 2309 1073 τὸν
2348 1021 2596 1090 Ἰσραὴλ
2618 1021 2742 1089 ὅλῳ
2782 1024 2863 1090 τῷ
2900 1024 3171 1093 στόματι.

2276 1114 2405 1166 Ὅτε
2440 1115 2667 1185 πλήττει
2705 1116 2837 1179 Θεὸς
2873 1115 2961 1169 διὰ
3003 1115 3206 1180 πολλὰς
3243 1116 3543 1189 ἁμαρτίας,
3599 1116 3801 1186 ἐπάγει

2200 1205 2311 1268 τοῖς
2343 1205 2635 1259 πεπονθόσι
2660 1205 2759 1278 τὴν
2790 1206 3063 1278 μώτωσιν,
3092 1207 3180 1261 ἵνα
3203 1208 3462 1278 φαίνηται
3477 1207 3568 1262 διὰ
3596 1209 3803 1271 παντὸς

2201 1292 2405 1364 τρόπου
2450 1295 2632 1350 καλῶν
2666 1299 2746 1361 είς
2781 1298 3156 1368 μετάγνωσιν,
3188 1298 3277 1353 διά
3328 1314 3387 1351 τε
3439 1297 3603 1352 πόνου
3658 1299 3805 1368 φημὶ

2203 1386 2299 1440 καὶ
2330 1388 2749 1459 παρακλήσεως.
2795 1389 3047 1444 Τοιοῦτόν
3078 1407 3131 1443 τι
3157 1391 3249 1444 καὶ
3277 1388 3373 1444 νῦν
3406 1393 3521 1453 τοῖς
3565 1390 3803 1445 παθοῦσι

2203 1477 2303 1549 τήν
2326 1477 2527 1549 δῄωσιν
2564 1481 2986 1551 ἐπαγγέλλεται.
3036 1481 3269 1554 Ἱστορία
3292 1483 3351 1537 δὲ
3385 1482 3646 1537 ἀπόδοσιν
3688 1483 3805 1554 ἔχει

2202 1568 2266 1623 τὸ
2297 1572 2676 1644 προκείμενον,
2701 1574 2768 1644 ἢν
2798 1574 3115 1644 ἀναγκαῖον,
3143 1575 3219 1640 ὡς
3242 1574 3402 1645 ἔφην,
3431 1575 3523 1630 διὰ
3554 1575 3803 1646 βραχέων

2204 1664 2399 1718 εἰπεῖν.
2428 1665 2747 1730 Τελευταίος
2782 1668 2883 1738 μὲν
2921 1667 3029 1740 γὰρ
3076 1667 3219 1722 κατὰ
3279 1668 3462 1737 πάσης
3513 1668 3652 1737 ὁμοῦ
3706 1669 3805 1740 τῆς

2218 1763 2482 1828 Ἰουδαίας
2514 1804 2529 1830 ,
2559 1763 2655 1818 καὶ
2706 1764 2806 1836 μέν
2831 1782 2919 1819 τοι
2949 1765 3045 1819 καὶ
3084 1764 3184 1835 τῆς
3228 1763 3562 1836 Σαμαρείας,
3590 1766 3619 1818 6
3653 1764 3807 1837 παρὰ

2205 1854 2299 1909 τοῦ
2328 1855 2797 1927 Ναϐουχοδονόσορ
2829 1856 3064 1928 πόλεμος
3095 1856 3327 1926 γίνεται,
3386 1855 3481 1910 καὶ
3532 1857 3807 1926 ἀπεκομί-

2210 1948 2416 2019 σθησαν
2482 1947 2854 2019 αἰχμάλωτοι.
2923 1949 3018 2003 καὶ
3104 1948 3515 2003 δεδουλεύκασιν
3587 1948 3808 2021 ἐχθροῖς

2138 2016 2178 2070 Β
2210 2016 2715 2111 ἐῦῶμήκοντανὲτη.
2756 2040 2977 2114 Ἐπειδὴ
3003 2042 3060 2096 δὲ
3083 2043 3543 2113 συμπεπέρασται
3562 2016 3808 2107 τοῖς-ἀπὸ

2209 2132 2306 2202 τῆς
2334 2134 2505 2206 ὀργῆς
2533 2137 2561 2189 ό
2587 2136 2801 2207 καιρὸς,
2867 2134 3174 2207 κατηλέησε
3238 2135 3400 2190 πάλιν
3435 2137 3466 2191 ό
3506 2135 3614 2189 τῶν
3668 2136 3808 2190 ὅλων

2208 2224 2362 2292 Θεὸς,
2391 2227 2485 2281 καὶ
2508 2226 2573 2299 δή
2596 2229 2691 2282 καὶ
2723 2228 2983 2300 ἀνεθῆναι
3010 2227 3448 2300 παρεσκεύασεν,
3487 2228 3674 2301 Κύρου
3711 2230 3804 2283 τοῦ

2209 2317 2508 2388 Καμϐύσου
2545 2321 2894 2390 νενικηκότος
2940 2320 3066 2385 τοὺς
3125 2319 3521 2384 Βαϐυλωνίους.
3589 2321 3809 2393 Ἐπειδὴ

2209 2410 2267 2465 δὲ
2299 2411 2396 2484 τὴν
2445 2412 2607 2482 ἁγίαν
2631 2414 2894 2482 ἀφίκοντο
2939 2413 3094 2466 πόλιν
3141 2414 3192 2466 οἱ
3226 2413 3618 2482 πεπονηκότες,
3676 2413 3809 2467 ἁναο

2210 2507 2466 2578 τειχίζειν
2494 2506 2684 2578 ἧθελον
2717 2507 2908 2580 αὐτήν.
2953 2507 3063 2560 Καὶ
3097 2506 3164 2579 δὴ
3191 2508 3285 2562 καὶ
3337 2506 3678 2577 πεπράκασι,
3712 2507 3810 2560 καὶ

2210 2592 2302 2653 τὸν
2324 2597 2465 2651 θεῖον
2485 2598 2663 2652 αὐτῶν
2688 2598 3044 2669 ἀνεδείμαντο
3067 2596 3224 2652 νεών.
3275 2596 3414 2649 Ἀλλ’
3435 2590 3807 2663 ούδένῆττον,

2213 2690 2393 2745 καίτοι
2442 2689 2685 2743 τοσαῦτα
2738 2689 3057 2757 πεπονθόσι,
3116 2688 3213 2743 καὶ
3251 2687 3352 2752 τὰς
3404 2688 3512 2742 τῶν
3562 2687 3810 2761 ἀρχαίων

2215 2781 2704 2853 πλημμελημάτων
2757 2781 3066 2835 ἐκτετικόσι
3125 2779 3300 2844 δίκας,
3349 2779 3651 2848 ἐπεφύοντο
3700 2779 3813 2832 πά·

2212 2875 2295 2928 λιν
2326 2876 2391 2929 ἐκ
2419 2872 2720 2944 βασκανίας
2760 2872 2832 2925 τὰ
2874 2872 3131 2944 περίοικα
3179 2871 3291 2924 τῶν
3348 2868 3537 2923 ἐθνῶν.
3593 2870 3671 2923 Ού
3701 2870 3813 2940 γὰρ

2213 2965 2404 3037 ἤθελον
2468 2964 2686 3035 ἰσχῦσαι
2711 2964 2814 3035 τὴν
2866 2962 3243 3035 Ἰερουσαλήμ.
3292 2961 3548 3017 Μάλιστα
3602 2960 3661 3014 δὲ
3701 2961 3814 3014 τῶν

2214 3058 2389 3111 ἄλλων
2422 3057 2678 3112 ἁπάντων
2710 3056 2994 3111 ἐπέκειντο
3018 3056 3232 3127 δριμεῖς
3260 3056 3309 3109 oi
3334 3054 3441 3109 ἀπὸ
3472 3056 3575 3125 τῆς
3610 3056 3813 3127 Συρίας

2212 3151 2312 3219 τῆς
2349 3150 2588 3217 γείτονος
2635 3149 2731 3202 καὶ
2779 3150 2880 3219 τῆς
2938 3144 3255 3217 Δαμασκοῦ.
3314 3145 3462 3217 Πλὴν
3507 3147 3807 3213 νενίκηντο,

2213 3240 2347 3295 Θεοῦ
2434 3240 2698 3305 σώζοντός
2748 3257 2809 3293 τε
2862 3239 2957 3293 καὶ
3000 3239 3377 3311 ἐπαμύνοντος
3430 3241 3545 3303 τοῖς
3598 3239 3664 3292 ἐκ
3711 3239 3812 3301 τῆς

522 3337 681 3400 rhus,
707 3335 793 3388 cui
843 3348 1146 3403 cognomen
1198 3341 1317 3386 erat
1366 3331 1696 3401 Epiphanes,
1739 3348 1963 3402 regnum
2034 3343 2104 3388 te-

2215 3330 2614 3403 αίχμαλωσίας.
2643 3332 3040 3402 Κεκρατήκασι
3091 3331 3201 3402 γὰρ
3246 3331 3357 3384 τῶν
3399 3329 3635 3402 ἐχθρῶν.
3675 3324 3813 3383 Εἶτα

524 3440 662 3478 nens
712 3422 877 3487 Asiae,
903 3420 1145 3478 ollensus
1186 3435 1269 3477 cst
1300 3425 1353 3479 in
1391 3439 1537 3487 eum,
1573 3423 1662 3490 qui
1699 3431 1810 3477 tum
1850 3424 2107 3492 temporis

522 3514 859 3586 Egyptiaca
911 3523 1069 3568 terrae
1113 3528 1339 3582 regnum
1390 3514 1688 3583 occupabat
1733 3511 2104 3579 Ptolenuuum,

524 3607 826 3677 proelioque
909 3604 1199 3660 commisso
1258 3605 1432 3660 victus
1513 3614 1619 3670 est,
1660 3607 1858 3676 vixque
1930 3605 2108 3661 salvus

520 3695 731 3767 elingit.
787 3694 865 3749 Ne
899 3710 1028 3749 vero
1048 3696 1269 3750 omnino
1310 3712 1369 3750 rc
1399 3694 1598 3751 infecta
1630 3696 1849 3751 domum
1881 3696 2104 3762 rediret,

524 3789 670 3843 nullo
738 3790 943 3858 potitus
1013 3786 1256 3841 victoria:
1344 3796 1719 3851 monumento,
1760 3787 1905 3842 bello
1958 3787 2107 3841 illato

520 3881 719 3936 iudica:
746 3879 1116 3949 Hierosolyma
1160 3879 1466 3948 occupavit,
1501 3889 1558 3934 et
1586 3882 1686 3934 sub
1720 3894 1961 3949 nianum_
1985 3879 2106 3934 diti-

519 3986 787 4039 onemque
815 3969 1280 4039 redigens,omuia
1331 3983 1460 4022 vasa
1508 3983 1664 4025 sacra
1709 3969 1970 4039 diripiens
2000 3968 2106 4039 Ly-

521 4062 656 4114 siam
686 4060 977 4129 quemdam
1023 4059 1212 4114 ducem
1239 4058 1438 4115 ludat-te
1493 4060 1757 4129 praefecit,
1777 4075 1840 4116 ac
1882 4061 2107 4132 praefec-

522 4162 697 4205 turam
714 4152 761 4206 ei
787 4151 1038 4205 tuendam
1056 4166 1117 4206 ac
1134 4152 1564 4207 conservandam
1593 4148 2105 4209 demandavit.Tum

520 4245 809 4306 Antiocho,
827 4259 987 4313 quem
1020 4245 1547 4310 commcmoravi,ad
1580 4261 1738 4301 suum
1760 4262 1983 4315 regnum
2014 4263 2105 4302 re-

519 4336 913 4402 verso,bcllum
945 4349 1194 4407 gerentes
1240 4336 1407 4393 Judaei
1438 4353 1559 4391 cum
1614 4338 1774 4410 Lysia
1825 4337 2103 4409 praefecto,

520 4427 868 4498 subegerunt.
886 4427 1003 4495 Quo
1028 4429 1265 4499 cognito,
1288 4427 1587 4484 Antiochus
1612 4445 1723 4499 prae
1746 4431 1931 4487 dolore
1947 4432 2101 4487 obiit.

519 4519 797 4574 Promittit
836 4520 1022 4589 itaque
1060 4520 1320 4573 auxilium
1365 4520 1733 4575 universitatis
1776 4523 1914 4577 Deus
1939 4538 1968 4576 a
2000 4521 2104 4576 Νι-

519 4611 970 4667 buchodonosoro
1000 4611 1217 4679 quidem
1248 4611 1897 4681 subactis,captivilatem
1925 4623 2102 4668 tamen

2211 3426 2404 3499 χρόνου
2454 3418 2769 3495 προϊόντος,
2811 3423 3084 3495 Ἀντίοχος
3143 3425 3171 3476 6
3210 3422 3442 3495 ἐπίκλην
3508 3422 3813 3494 Ἐπιφανὴς

2212 3517 2513 3589 βασιλεύων
2540 3516 2641 3586 τῆς
2689 3515 2894 3581 Ἀσίας,
2927 3515 3230 3587 λελύπηται
3271 3516 3369 3586 μὲν
3406 3515 3544 3586 πρὸς
3585 3516 3675 3568 τὸν
3710 3516 3811 3584 βα-

2211 3611 2492 3666 σιλεύοντα
2515 3610 2576 3664 τὸ
2618 3610 2873 3681 τηνικάδε
2927 3609 3028 3681 τῆς
3082 3610 3399 3678 Αἰγυπτίων
3460 3610 3565 3681 γῆς
3613 3609 3814 3662 Πτολε-

2214 3705 2370 3774 μαῖον
2395 3716 2408 3729 ·
2484 3702 2862 3774 συγκροτήσας
2927 3701 2982 3755 δὲ
3051 3698 3308 3772 πόλεμον,
3371 3702 3623 3772 νενίκητο
3686 3702 3807 3772 μὲν,

2207 3793 2496 3858 διεσώζετο
2524 3794 2579 3848 δὲ
2615 3795 2788 3865 μόλις.
2819 3796 2940 3848 ’Ίνα
2981 3795 3038 3849 δέ
3093 3795 3167 3867 μὴ
3214 3795 3499 3866 ἄπρακτος
3526 3796 3811 3859 παντελῶς

2209 3885 2408 3959 δράμοι
2472 3887 2677 3953 οἴκαδε,
2735 3888 2888 3941 οὐδὲν
2940 3887 3078 3958 ἔχων
3117 3888 3219 3959 τῆς
3270 3890 3427 3960 νίκης
3478 3889 3808 3960 ὑπόμνημα,

2180 3976 2644 4048 ’κατεστράτευσε
2674 3976 2774 4047 τῆς
2808 3966 3105 4046 Ἲουδαίας,
3163 3972 3275 4031 εἷλε
3306 3979 3379 4032 τὰ
3425 3980 3805 4052 Ἰεροσόλυμα,

2210 4068 2307 4121 καὶ
2357 4067 2463 4120 ὑπὸ
2507 4071 2666 4140 χεῖρα
2686 4067 3074 4131 mammam
3098 4070 3167 4125 τὰ
3198 4070 3364 4141 σκεύη
3397 4072 3465 4125 τὰ
3492 4072 3627 4141 ἅγια
3651 4074 3808 4145 διαρ-

2210 4161 2412 4227 πάσας,
2443 4161 2650 4215 Λυσίαν
2676 4160 2801 4216 τινὰ
2831 4164 3135 4234 στρατηγὸν
3167 4162 3409 4235 ἐνίδρυσε
3438 4167 3502 4236 τῇ
3554 4165 3806 4238 Ἰουδαίᾳ,

2208 4254 2398 4324 τηρεῖν
2449 4251 2712 4318 ἐπιτάξας
2776 4252 2928 4324 αὐτῷ
2987 4253 3087 4325 τήν
3137 4255 3333 4325 ἀρχήν.
3413 4256 3640 4328 Ἐπειδὴ
3692 4257 3751 4311 δὲ
3780 4261 3809 4312 6

2213 4344 2615 4416 μνημονευθεὶς
2686 4345 2961 4416 Ἀντίοχος
3013 4347 3095 4410 είς
3130 4345 3231 4417 τήν
3264 4348 3458 4402 ἐαυτοῦ
3490 4348 3807 4420 δεδράμηκε

2211 4436 2528 4507 βασιλείαν,
2578 4436 3029 4509 πεπολεμήκασιν
3078 4439 3127 4491 oi
3200 4439 3444 4494 Ἰουδαῖοι
3495 4442 3673 4511 Λυσίᾳ
3728 4442 3808 4514 τῷ

2211 4529 2522 4601 στρατηγῷ,
2584 4531 2679 4584 καὶ
2737 4533 3073 4604 νενικήκασι.
3138 4531 3324 4587 Ταῦτα
3380 4533 3444 4605 δή
3538 4534 3736 4605 μαθὼν
3778 4539 3807 4591 6

2222 4620 2491 4692 ’Δντίοχος
2534 4623 2600 4676 ἐκ
2656 4622 2834 4695 λύπης
2880 4624 3126 4697 τελευτᾷ.
3200 4626 3573 4697 ’Υπισχνείται
3623 4629 3809 4684 τοίνυν

518 4701 649 4756 licet
701 4716 846 4770 aegre
901 4699 1309 4769 eifugieulibus,
1346 4711 1402 4757 et
1429 4701 1502 4754 ait
1538 4720 1551 4756 :
1592 4720 1610 4753 ι
1643 4701 1710 4755 Ει
1747 4700 1933 4756 allidet
1962 4703 2101 4759 Deus

2205 4710 2303 4784 τὴν
2332 4713 2655 4786 ἐπικουρίαν
2686 4717 2715 4767 ὁ
2747 4716 2856 4770 τῶν
2888 4717 3026 4770 ὅλων
3054 4716 3186 4781 Θεὸς
3210 4722 3325 4783 τοῖς
3358 4718 3806 4792 πεπορθημένας

521 4794 865 4862 insurgentes
887 4799 1075 4849 contra
1099 4801 1337 4848 montem
1360 4791 1509 4847 Sion.
1537 4793 1793 4864 rAudin’,
1817 4810 1923 4864 quo
1946 4806 2102 4866 pacto

517 4885 684 4937 ctiam
741 4885 833 4953 qui
893 4885 1373 4952 percutit,sanat?
1411 4888 1500 4955 qui
1558 4895 1685 4941 sunt
1724 4901 1855 4958 ergo
1918 4888 2100 4942 insur-

516 4989 706 5047 gentes
736 4975 760 5030 ί
796 4974 953 5047 Syria
1021 4995 1050 5033 a
1089 4979 1221 5035 solis
1267 4988 1411 5044 ortu,
1433 4988 1488 5035 et
1518 4977 1761 5045 Graecia
1792 4980 1920 5036 solis
1945 4995 2102 5037 occa-

517 5086 600 5123 su.
644 5067 870 5125 Graecus
928 5070 1073 5125 enim
1148 5085 1347 5140 genere
1397 5080 1516 5126 erat
1573 5073 1895 5141 Antiochus,
1927 5074 2019 5142 qni
2069 5088 2101 5128 e

517 5162 829 5217 Macedonia
856 5175 1131 5233 eruperat.
1163 5163 1238 5217 Ea
1259 5179 1389 5218 vero
1415 5175 1498 5220 est
1530 5167 1595 5219 ad
1623 5181 1872 5222 occasum
1902 5183 1917 5220 :
1950 5167 2101 5238 quip-

514 5271 582 5324 pe
648 5272 775 5325 pars
842 5256 1144 5313 occidentis
1195 5266 1280 5313 est
1329 5256 1679 5314 Macedonqu
1750 5261 1916 5331 regio,
1983 5276 2100 5316 ma-

517 5346 662 5400 xime
688 5348 909 5415 quando
960 5348 1123 5402 veluti
1168 5363 1265 5417 per
1311 5350 1772 5419 comparationem
1817 5352 1995 5422 quoad
2022 5353 2099 5407 si-

2209 4805 2315 4861 ὑπὸ
2342 4806 2435 4860 τοῦ
2478 4807 2972 4881 Ναῦουχοδονόσορ,
3025 4811 3351 4880 διαφυγοῦσι
3384 4813 3443 4867 δὲ
3496 4815 3656 4883 μόλις
3704 4815 3810 4887 τήν

2178 4916 2183 4919 ‘
2206 4899 2582 4971 αἰχμαλωσίαν
2598 4903 2780 4974 φησίν·
2807 4921 2825 4954 ι
2845 4904 2955 4957 Καὶ
2973 4903 3125 4975 ράξει
3150 4907 3179 4959 ό
3197 4904 3328 4970 Θεὸς
3359 4908 3484 4970 τοὺς
3506 4908 3808 4964 ἐπανισταο

2212 4993 2404 5063 μένους
2440 4994 2527 5048 ἐπ’
2557 4994 2683 5063 ὅρος
2716 4993 2852 5049 Σιὼν
2886 4996 2972 5048 ἐπ’
2999 4996 3218 5060 αύτούς.
3245 5016 3264 5051 ι
3311 4999 3555 5066 Ἀκούεις
3588 5004 3743 5067 ὅπως
3777 5008 3809 5058 6

2179 5083 2418 5153 -πλήξας
2465 5085 2558 5138 καὶ
2609 5088 2805 5156 μωτοῖ;
2880 5086 3024 5152 τίνες
3083 5084 3179 5144 οὖν
3223 5090 3273 5144 οί
3329 5092 3805 5164 ἐπανιστάμενοι;

2206 5176 2375 5247 Συρία
2412 5176 2506 5245 ἀφ’
2532 5179 2677 5248 ήλίου
2712 5179 3008 5247 ἀνατολῶν,
3050 5183 3145 5238 καὶ
3173 5185 3220 5237 οί
3250 5184 3512 5256 ’Έλληνες
3529 5186 3626 5256 ἀφ’
3651 5188 3809 5259 ήλίου

2205 5267 2446 5340 δυσμῶν.
2490 5270 2691 5343 Ἕλλην
2718 5272 2827 5343 γὰρ
2858 5269 2927 5344 ἦν
2954 5274 3016 5327 τὸ
3042 5275 3201 5344 γένος
3243 5279 3279 5330 6
3338 5278 3633 5351 Ἀντίοχος,
3680 5285 3711 5335 6
3746 5285 3815 5337 ἐκ

2204 5357 2547 5422 Μακεδονίας
2604 5361 2945 5433 ὁρμώμενος.
3016 5364 3161 5437 Πρὸς
3234 5366 3468 5438 δυσμαῖς
3530 5369 3589 5424 δὲ
3635 5369 3811 5445 αὕτη.
3898 5412 3907 5417 κ

519 5446 630 5487 ιιιιιι
693 5440 760 5491 de
826 5438 1035 5495 Graecis
1088 5440 1427 5512 intelligitur.
1500 5440 1623 5513 Syri
1690 5452 1871 5499 autem
1918 5444 1973 5499 hi
2042 5452 2098 5498 et

2205 5448 2521 5544 Megaera
2555 5451 2654 5521 τῆς
2710 5452 2983 5528 Ἐσπέρας
3013 5459 3049 5527 ﬂ
3086 5458 3195 5513 τῶν
3224 5460 3577 5517 ⁷Μακεδόνων
3623 5438 3813 5544 χώρα,

517 5523 862 5585 Datnasceni.
900 5531 1166 5597 Quoniam
1205 5542 1387 5589 autem
1441 5534 1509 5589 de
1564 5533 1771 5591 Graecis
1819 5535 2098 5601 ait,devo—

2208 5539 2424 5611 μάλισθ’
2441 5543 2569 5598 ὅταν
2601 5545 2678 5610 ὡς
2700 5547 2833 5618 πρὸς
2864 5549 3151 5622 σύγκρισιν
3180 5555 3414 5619 νοεῖται,
3452 5556 3597 5609 κατά
3613 5575 3678 5627 γε
3713 5539 3817 5629 τὴν

518 5626 703 5671 rantes
759 5618 1011 5678 lsraelem
1072 5631 1184 5681 toto
1227 5638 1346 5691 ore,
1401 5625 1707 5695 sciendum,
1759 5626 2081 5684 Antiochum

2205 5632 2361 5703 δόσιν,
2396 5635 2504 5689 τῶν
2554 5637 2647 5709 ἀφ’
2680 5640 2832 5710 ἡλίου
2873 5618 3170 5701 ἀνατολῶν.
3219 5646 3482 5719 Σύροιδὶ
3514 5618 3667 5706 οὗτοι
3715 5618 3811 5706 καὶ
