4144 6302
335 346 450 401 ’265

1457 331 1529 387 'lN
1568 330 1805 388 ISAIAM
1840 329 1970 385 LIB.
2010 329 2053 383 1.
2093 327 2305 384 ORAT.
2347 324 2436 383 Vl.

3497 317 3601 374 266

345 434 722 534 Δαμασκηνοί,
763 458 980 529 Ἐπειδὴ
1026 457 1082 510 δέ
1116 472 1250 526 φησι
1296 452 1425 523 περί
1480 450 1588 504 τῶν
1642 449 1929 519 Ἑλλήνων,

2061 446 2331 503 :rudeliter
2355 456 2409 501 et
2462 443 2826 498 inhumaniter
2859 445 3115 513 impetum
3172 441 3222 495 in
3283 441 3499 497 Iudaeos
3531 444 3607 497 fe-

342 559 477 619 τοὺς
546 553 925 613 κατεσθίοντας
975 550 1066 602 τὸν
1126 544 1344 617 Ἰσραὴλ
1397 543 1503 612 ὅλῳ
1537 541 1614 612 τῷ
1682 541 1930 610 “idP-‘17"

359 648 533 701 ἰστέον
570 648 651 701 ὅτι
682 644 847 714 ὠμῶς
874 661 931 696 τε
965 643 1059 695 καὶ
1087 636 1470 709 ἀπανθρώπως
1509 634 1932 706 προσενήνεκται

352 742 470 803 τοῖς
503 737 774 799 Ἰουδαίοις
804 738 833 790 6
875 733 1166 803 Ἀντίοχος,
1215 731 1309 784 καὶ
1359 727 1763 798 ἀναριθμήτους
1830 727 1935 777 ἀπ-

356 830 577 881 ἐκτονεν
620 825 856 898 οἰκτρῶς
878 842 939 877 τε
976 825 1070 878 καὶ
1125 820 1396 885 ἐλεεινῶς,
1435 820 1522 873 ὅτε
1568 818 1662 872 καὶ
1693 816 1933 888 ⁴ῐιθλησαν

354 920 401 971 οἱ
430 917 764 981 Μακαϐαῖοι,
816 914 912 970 καὶ
953 914 1025 966 τὰ
1078 911 1254 983 σεμνά
1294 909 1404 963 τῶν
1454 909 1664 979 ἀνδρῶν
1714 907 1936 961 ἐκείνων

362 1010 670 1080 πέπρακται
713 1007 1031 1079 νικητήρια.
1080 1002 1266 1057 Ταῦτα
1310 1001 1371 1054 δὲ
1430 999 1692 1070 Ἰώσηπος
1736 1002 1937 1069 ἱστορεῖ

360 1103 417 1154 ἐν
436 1104 498 1172 τῇ
528 1102 659 1173 περὶ
692 1099 874 1155 αὐτῶν
902 1097 1089 1169 βίϐλῳ.
1125 1093 1488 1149 Κατεσθίουσί
1511 1110 1575 1160 γε
1605 1092 1714 1163 μὴν
1742 1090 1935 1160 Ἑλλή..

357 1209 461 1247 νων
482 1192 669 1255 παῖδες
713 1192 807 1244 καὶ
826 1190 1028 1260 ἑτέρως
1055 1188 1145 1240 τὸν
1189 1184 1423 1256 Ἰσραὴλ,
1462 1183 1555 1237 καὶ
1594 1184 1743 1246 ὅπως
1764 1184 1937 1235 εἰπεῖν

356 1283 673 1350 ἀναγκαῖον.
726 1282 790 1334 Οἱ
817 1279 916 1350 μὲν
949 1279 1059 1346 γὰρ
1094 1278 1222 1345 παρ’
1257 1276 1439 1338 αὐτοῖς
1467 1273 1689 1342 ποιηταὶ
1723 1274 1815 1324 καὶ
1852 1271 1937 1324 λο-

358 1374 540 1443 γάδες,
561 1375 642 1436 εἰς
663 1372 833 1441 ἄκρον
859 1372 1089 1441 ἥκοντες
1117 1367 1470 1436 εὐγλωττίας,
1498 1368 1592 1420 καὶ
1625 1366 1687 1418 τό
1714 1382 1777 1435 γε
1803 1360 1938 1437 ἧκον

357 1469 438 1528 εἰς
466 1465 680 1532 λόγους,
710 1464 873 1516 δεινοί
916 1479 978 1515 τε
1000 1461 1278 1523 ὅντες-καὶ
1305 1459 1475 1528 σοφοὶ,
1498 1457 1939 1528 συναρπάζουσιν

358 1557 473 1610 ἐσθ’
523 1559 612 1609 ὅτε
662 1556 754 1609 τὸν
792 1554 980 1623 νοητὸν
1024 1550 1256 1622 Ἰσραὴλ,
1291 1549 1437 1602 τοῦτ’
1469 1549 1606 1611 ἔστι,
1673 1550 1764 1602 καὶ
1818 1547 1941 1601 νοῦν

359 1649 578 1718 ὁρῶντα
622 1646 773 1707 Θεὸν,
824 1644 916 1697 καὶ⁸
962 1642 1212 1697 ἀπατῶσι
1247 1642 1372 1703 τοὺς
1406 1640 1507 1711 ἥδη
1548 1640 1943 1702 πιστεύσαντας

359 1742 443 1801 εἰς
462 1735 718 1808 Χριστὸν,
746 1734 886 1789 ὥστε
913 1735 1005 1788 καί
1055 1733 1267 1787 ἑλέσθαι
1296 1733 1394 1786 σὺν
1429 1733 1614 1795 αὐτοῖς
1660 1734 1724 1801 τῇ
1769 1731 1942 1784 κτίσει

2035 538 2198 600 cisse,
2243 545 2297 590 et
2352 531 2774 590 innumerabiles
2830 534 3088 588 miserum
3136 532 3188 586 in
3227 533 3444 588 modum
3501 542 3610 585 tru-

2036 628 2242 681 cidasse
2268 641 2283 679 :
2312 625 2533 696 quando
2582 634 2637 678 et
2691 622 2980 680 Machabzei
3015 632 3308 689 certarunt,
3344 622 3614 679 illustres-

2036 733 2141 786 que
2191 718 2258 771 de
2322 716 2427 771 illis
2476 715 2784 770 hominibus
2838 715 3120 771 celebratae
3164 725 3291 771 sunt
3348 716 3606 773 victoriae.
3676 778 3679 781 _

2040 804 2331 860 llistoriam
2376 805 2533 861 hanc.
2592 804 2755 858 refert
2797 802 3066 874 Iosephus
3138 806 3192 859 in
3239 805 3376 861 libro
3449 820 3610 876 quem

2036 899 2102 952 de
2139 912 2204 953 eo
2245 898 2597 968 conscripsit.
2640 897 2908 953 Devorant
2943 907 2996 952 et
3042 898 3149 953 alio
3208 899 3369 954 modo
3438 897 3612 955 Graeci

2040 991 2318 1056 lsraelem,
2395 991 2556 1059 idque
2625 1006 2731 1059 quo
2796 1002 2953 1059 pacto
3015 990 3133 1059 ﬁat,
3171 1000 3254 1047 est
3307 993 3611 1048 dicendum.

2041 1081 2172 1134 Nam
2203 1091 2375 1150 poene
2416 1096 2605 1136 eorum
2639 1093 2692 1135 et
2723 1092 3004 1147 .oratores,
3063 1083 3130 1136 ad
3183 1097 3452 1137 summum
3506 1085 3617 1154 api-

2042 1186 2162 1225 rem
2215 1172 2484 1227 facundiae
2542 1175 2943 1240 pervenientes,
2998 1182 3061 1230 et
3099 1172 3313 1231 dicendi
3360 1175 3616 1231 facultate
3726 1230 3735 1239 ,

2042 1275 2383 1335 praestantes,
2413 1280 2477 1320 ac
2517 1266 2615 1319 viri
2656 1266 2945 1334 sapientes,
2979 1267 3227 1321 lsraelem
3260 1270 3615 1337 spiritualem,

2044 1340 2203 1426 162
2247 1356 2297 1409 id
2331 1364 2439 1420 est,
2476 1364 2709 1410 mentem
2760 1356 3261 1427 contemplatricem
3318 1359 3435 1424 Dei,
3482 1360 3621 1414 arri—

2043 1450 2218 1518 piunt,
2251 1456 2307 1502 et
2337 1462 2433 1502 eos
2472 1448 2565 1517 qui
2593 1448 2705 1518 jam
2739 1448 2791 1502 in
2825 1448 3099 1505 Christum
3133 1451 3500 1516 crediderunt,
3530 1468 3617 1507 se-

2044 1541 2267 1603 ducunt,
2300 1548 2358 1593 ut
2391 1539 2579 1594 malint
2610 1555 2731 1595 cum
2769 1540 2900 1610 ipsis
2938 1547 3241 1595 creaturam
3295 1558 3409 1611 pra:
3455 1543 3618 1598 Crea-

2046 1638 2165 1683 tore
2194 1629 2443 1683 adorare.
2493 1627 2555 1682 Hi
2592 1638 2702 1684 toto
2734 1643 2829 1683 ore
2873 1629 3123 1684 lsraelem
3168 1629 3451 1695 devorant,
3498 1632 3621 1701 qui-

2047 1721 2150 1776 bus
2189 1734 2296 1775 non
2325 1731 2408 1774 est
2447 1720 2854 1776 attendendum.
2918 1722 3184 1791 Splendor
3227 1724 3372 1778 enim
3417 1726 3619 1780 oratio-

361 1830 519 1900 παρά
567 1830 660 1882 τὸν
711 1827 969 1880 κτίσαντα
1010 1826 1353 1894 προσκυνεῖν.
1387 1816 1545 1877 Οὗτοι
1572 1821 1944 1875 κατεσθίουσιν

2061 1814 2136 1867 nis
2180 1814 2224 1868 si
2262 1828 2387 1867 cum
2440 1814 2698 1884 operibus
2744 1814 2899 1870 bonis
2950 1817 3274 1886 coniunctus
3323 1816 3617 1881 videretur,

361 1923 467 1991 ὅλῳ
513 1921 590 1990 τῷ
652 1919 879 1987 στόματι
931 1917 1021 1969 τὸν
1070 1916 1307 1988 Ἰσραὴλ,
1356 1909 1438 1978 οἷς
1488 1914 1550 1967 ού
1590 1912 1941 1983 προσεκτέον.

363 2012 536 2079 Λόγου
572 2010 673 2084 μὲν
704 2009 809 2079 γάρ
844 2006 1167 2079 λαμπρότης
1219 2004 1403 2077 ἔργοις
1444 2003 1670 2073 ἀγαθοῖς
1705 2005 1751 2056 εί
1776 2002 1949 2073 ὁρῷτο

364 2102 679 2174 σύνδρομος,
709 2101 864 2154 ἔσται
889 2099 984 2153 καὶ
1026 2097 1209 2169 δεκτὴ,
1247 2098 1339 2150 καὶ¹
1371 2096 1672 2154 ἀνδάνουσα
1697 2095 1777 2165 τῷ
1808 2095 1947 2165 Θεῷ.

365 2194 507 2264 Ψιλὴ
532 2193 589 2246 δὲ
621 2193 713 2245 καὶ
748 2191 884 2261 μόνη
922 2189 974 2240 τί
1017 2188 1082 2241 ἀν
1130 2188 1315 2258 ἕτερον
1362 2188 1448 2257 εἴη
1494 2186 1702 2250 λοιπὸν,
1743 2186 1777 2253 ἢ
1809 2184 1952 2237 καθά

366 2301 530 2354 φησιν
587 2285 616 2336 6
688 2282 1003 2352 σοφώτατος
1057 2282 1299 2346 Παῦλος,
1368 2301 1385 2331 ι
1415 2281 1614 2351 χαλκὸς
1670 2278 1840 2350 ἠχῶν,
1916 2280 1948 2349 ἢ

366 2376 643 2446 κύμϐαλον
688 2375 992 2440 ἀλαλάζον;
1027 2393 1045 2426 ι

449 2469 581 2522 Ἐπὶ
612 2468 846 2531 τούτοις
880 2464 1111 2519 ἅπασιν
1139 2465 1253 2518 οὐκ
1284 2463 1645 2531 ἀπεστράφη
1674 2466 1715 2515 ιό
1744 2462 1948 2530 θυμὸς,

371 2560 511 2616 ἀλλ’
564 2562 653 2612 ἔτι
696 2561 734 2624 ἡ
799 2557 928 2625 χεὶρ
970 2555 1206 2623 ὑψηλή.
1248 2555 1360 2609 Καὶ
1402 2558 1437 2607 ό
1488 2556 1640 2617 ,λαός
1688 2554 1799 2607 οὐκ
1845 2554 1954 2607 ἁπ-

371 2649 648 2718 εστράςοη
677 2647 789 2715 ἕως
819 2642 891 2702 οὖ
918 2645 1181 2714 ἐπλήγη,
1217 2644 1445 2700 καὶτὸν
1464 2648 1677 2715 Κύριον
1704 2646 1813 2699 οὐκ
1830 2645 1948 2717 ὲζήο

374 2757 596 2809 τησαν.

450 2834 669 2888 zemas
706 2833 806 2904 μὲν
854 2831 962 2911 γὰρ
995 2833 1024 2884 6
1056 2832 1162 2886 τῶν
1203 2834 1336 2887 ὅλων
1382 2834 1513 2896 θεὸς
1561 2833 1652 2887 καὶ
1695 2834 1956 2907 πλημμε-

380 2924 579 2979 λοῦντα
621 2923 716 2976 τὸν
757 2922 987 2994 Ἰσραὴλ,
1022 2924 1113 2976 καὶ
1140 2923 1434 2996 δεδώρηται
1475 2925 1572 2994 τὴν
1612 2925 1954 2996 ἐπικουρίαν,

385 3018 528 3070 ὥστε
575 3016 669 3070 καὶ
708 3015 924 3085 μείζους
959 3013 1208 3083 γενέσθαι
1242 3015 1350 3069 τῶν
1378 3018 1442 3069 ἐκ
1477 3016 1676 3087 Συρίας
1712 3016 1814 3086 τῆς
1847 3015 1959 3085 γεί-

2048 1913 2194 1957 esset
2252 1913 2472 1970 accepta
2518 1914 2571 1957 et
2607 1905 2714 1959 Deo
2750 1905 2967 1972 placens
3009 1905 3378 1963 oratio.Nuda
3416 1915 3619 1974 autem,

2049 2003 2105 2048 et
2150 1996 2414 2061 solitaria,
2454 1996 2585 2065 quid
2647 1997 2791 2051 aliud
2850 2012 3014 2066 porro
3054 1999 3143 2064 sit,
3177 2014 3362 2069 quam,
3415 2011 3475 2055 ut
3534 2016 3619 2055 sa-

2052 2085 2421 2151 pientissimus
2446 2083 2640 2140 Paulus
2680 2086 2753 2139 ait
2774 2086 2817 2116 "
2852 2105 2863 2140 :
2901 2104 2920 2137 ι
2960 2102 3034 2142 aes
3061 2102 3261 2143 sonans
3288 2089 3371 2144 vel
3414 2090 3625 2159 cymba-

2052 2172 2159 2226 lum
2220 2174 2488 2230 tinttietts?
2512 2193 2529 2225 ι

2127 2457 2291 2513 Vsus.
2326 2458 2414 2512 15.
2455 2456 2524 2511 In
2553 2458 2634 2512 his
2671 2459 2908 2512 omnibus
2948 2474 3051 2512 non
3082 2475 3298 2514 aversus
3328 2472 3399 2514 est
3455 2461 3627 2530 furor,

2055 2554 2144 2605 sed
2160 2552 2451 2605 etiamnum
2475 2567 2664 2605 manus
2688 2550 2892 2606 excelsa
2916 2560 2990 2606 est
3012 2565 3032 2603 .'
3058 2561 3107 2605 et
3127 2552 3352 2622 populus
3378 2568 3483 2608 non
3513 2569 3631 2608 con-

2055 2660 2236 2699 versus
2265 2652 2363 2711 est,
2393 2643 2556 2698 donec
2576 2660 2852 2714 percussus
2875 2654 2969 2711 est,
3022 2656 3072 2699 et
3104 2643 3384 2700 Dominum
3415 2663 3518 2702 non
3540 2663 3632 2702 ex-

2054 2737 2396 2806 quisiverunt.

2066 2844 2069 2847 λ
2124 2826 2260 2884 Nam
2311 2830 2549 2885 servavit
2582 2830 2953 2886 universitatis
2995 2831 3137 2887 Deus
3172 2832 3426 2890 lsraelem
3467 2837 3630 2891 etiam

2059 2919 2483 2989 delinquen-tem,
2513 2934 2568 2977 et
2608 2922 2727 2975 tulit
2750 2923 3047 2992 suppetias,
3088 2924 3224 2979 adeo
3254 2935 3314 2981 ut
3341 2926 3492 2997 Syris
3515 2928 3637 2983 lini-

2061 3012 2205 3067 timis
2238 3025 2295 3064 et
2343 3013 2655 3068 hominibus
2706 3014 3132 3069 occidentalibus
3167 3014 3328 3071 fuerit
3366 3020 3632 3087 superior,

384 3125 556 3172 τονος,
591 3107 684 3161 καὶ
717 3106 824 3161 τῶν
851 3107 944 3175 ἀφ’
977 3106 1128 3176 ἡλίου
1172 3106 1414 3177 δυσμῶν,
1443 3106 1493 3159 οἳ
1538 3106 1830 3177 κατήσθιον
1856 3107 1954 3159 αύ-

2061 3109 2150 3178 qui
2180 3124 2302 3164 eum
2335 3120 2445 3164 toto
2474 3124 2569 3163 ore
2593 3108 2951 3167 devorarunt.
2980 3107 3205 3173 Verum,
3235 3108 3429 3178 inquit,
3466 3112 3517 3165 in
3552 3111 3639 3167 his

380 3201 471 3255 τὸν
490 3199 597 3271 ὅλῳ
623 3199 698 3270 τῷ
721 3199 968 3267 στόματι.
990 3196 1137 3268 Πλὴν
1157 3199 1187 3250 6
1211 3198 1296 3249 ἐπ’
1320 3197 1502 3260 αὐτοῖς
1523 3195 1692 3267 θυμὸς
1724 3196 1952 3268 Κυρίου,

375 3292 561 3362 φησιν,
590 3291 688 3343 οὐκ
718 3289 1070 3359 ἀπεστράφη,
1122 3286 1268 3340 τοῦτ’
1321 3286 1490 3349 ἔστιν,
1532 3286 1592 3339 ού
1637 3286 1952 3358 κατέληξεν,

376 3381 554 3453 ὑψηλὴ
575 3380 631 3434 δὲ
656 3379 855 3451 μᾶλλον
886 3378 1309 3450 ἀπομεμένηκεν
1340 3378 1372 3448 ὴ
1400 3377 1496 3430 τοῦ
1530 3378 1781 3443 παίοντος
1810 3380 1952 3450 χεὶρ,

378 3473 611 3543 ἑτοίμως
639 3471 837 3541 ἔχουσα
882 3470 1126 3540 δηλονότι
1174 3468 1389 3539 πληγάς
1420 3469 1602 3534 αὐτοῖς
1637 3471 1732 3524 καὶ
1761 3473 1957 3543 ἐτέρας

379 3565 717 3632 ἐπενεγκεῖν.
760 3561 860 3615 Διά
891 3560 1052 3614 ποίαν
1094 3561 1308 3626 αίτίαν;
1343 3561 1417 3613 Ού
1470 3561 1576 3633 γὰρ
1605 3563 1955 3635 ἀπεστράφη,

380 3657 545 3728 φησιν
576 3658 605 3709 6
632 3654 779 3719 λαὸς,
821 3652 942 3707 οὐδὲ
979 3651 1089 3705 τῶν
1123 3652 1270 3706 ἰδίων
1297 3653 1566 3723 ἀπέσχετο
1597 3653 1953 3726 πλημμελῶν.

377 3750 498 3805 Οὐκ
532 3747 827 3817 ἐξεζήτησε
853 3745 945 3797 τὸν
991 3742 1219 3815 Κύριον,
1251 3743 1342 3798 διά
1382 3761 1444 3812 γε
1489 3745 1551 3798 τὸ
1581 3745 1864 3815 βούλεσθαι
1891 3749 1960 3801 τὰ

350 3843 534 3911 ηαύτῳ
575 3838 836 3892 δοκοῦντα
874 3837 968 3889 καὶ
999 3836 1128 3904 φίλα
1172 3839 1388 3908 φρονεῖν
1414 3854 1475 3890 τε
1504 3839 1596 3891 καὶ
1637 3839 1789 3910 δρᾷν.
1846 3843 1958 3894 Με-

382 3932 652 4002 μενήκασι
680 3928 739 3981 δὲ
770 3925 1028 3997 τοιαύτην
1065 3924 1279 3995 ἔχοντες
1305 3926 1402 3998 τὴν
1433 3927 1678 3999 γνώμην,
1710 3931 1866 4002 ἄχρις
1894 3930 1960 3985 ἂν

380 4024 566 4085 αὐτοῖς
598 4023 631 4091 ἡ
666 4019 846 4090 ὑψηλή
892 4035 952 4071 τε
994 4017 1091 4071 καὶ
1122 4017 1400 4090 παναλκὴς
1432 4021 1789 4093 ὲπενήνεκται
1820 4022 1956 4093 χείρ.

382 4115 522 4169 Ποία
555 4112 613 4165 δὲ
644 4111 806 4164 πάλιν
843 4112 877 4180 ἡ
928 4108 1216 4181 μετέκεινα
1265 4109 1468 4183 πληγὴ,
1503 4111 1621 4175 πῶς
1665 4112 1766 4165 οὐκ
1815 4112 1964 4177 ἀξιον

382 4208 554 4271 ἰδεῖν;
581 4204 899 4265 Τελευταῖος
930 4202 1027 4273 μὲν
1054 4202 1184 4273 γάρ,
1216 4202 1292 4267 ὡς
1318 4202 1478 4274 ἔφην,
1508 4205 1538 4256 6
1567 4203 1964 4274 Ναϐουχοδονό-

381 4313 486 4368 σορ
520 4288 633 4347 εἷλε
658 4292 755 4364 τὴν
794 4291 1053 4345 Ἰουδαίαν
1099 4295 1300 4347 πᾶσαν.
1326 4293 1632 4365 Μετῴκησε
1659 4294 1716 4348 δὲ
1751 4295 1846 4347 καὶ
1875 4295 1966 4349 τὸν

394 4385 620 4458 Ἰσραὴλ
649 4387 729 4449 εἰς
761 4384 829 4438 τά
856 4383 956 4455 ὅρη
986 4384 1211 4455 Περσῶν
1240 4384 1338 4438 καὶ
1365 4384 1586 4455 Μήδων.
1630 4386 1848 4457 Ἐπειδὴ
1887 4386 1963 4451 δὲ,

2064 3196 2218 3251 furor
2251 3196 2460 3251 Domini
2506 3212 2612 3251 non
2659 3211 2883 3252 aversus
2932 3207 3036 3263 est,
3073 3197 3123 3252 id
3165 3208 3271 3267 est,
3316 3216 3419 3256 non
3455 3202 3635 3272 desiit,

2069 3289 2164 3344 sed
2191 3290 2404 3344 excelsa
2434 3289 2695 3343 remansit
2721 3288 2963 3343 ferientis
3020 3304 3230 3354 manus,
3268 3302 3452 3359 parata
3485 3294 3628 3350 video

2064 3381 2192 3438 licet
2217 3382 2324 3436 illis
2352 3395 2405 3436 et
2432 3381 2618 3451 plagas
2649 3381 2782 3437 alias
2810 3380 3070 3452 inﬂigere.
3100 3381 3269 3449 Quam
3299 3389 3368 3440 ob
3386 3387 3641 3442 causam?

2064 3474 2183 3533 Non
2222 3477 2388 3543 enim,
2424 3478 2617 3545 inquit,
2654 3490 2946 3531 conversus
2982 3487 3064 3531 ecl
3098 3479 3345 3547 populus,
3384 3495 3482 3536 uec
3515 3496 3639 3552 pec-

2065 3583 2194 3623 care
2235 3567 2462 3622 destitit.
2512 3564 2628 3621 Non
2660 3567 2908 3636 quaesivit
2943 3567 3245 3635 Dominum,
3281 3579 3337 3643 ut
3370 3586 3489 3641 quae
3537 3576 3637 3643 ipsi

2067 3655 2299 3724 placent,
2332 3664 2388 3711 et
2428 3670 2550 3725 quae
2593 3666 2746 3726 grata
2802 3666 2924 3710 sunt
2964 3671 3026 3711 ea
3083 3659 3284 3712 sentire
3344 3661 3528 3727 velint,
3586 3673 3640 3715 et

2072 3762 2232 3817 agere
2271 3765 2284 3800 :
2318 3747 2415 3803 sed
2449 3762 2516 3802 eo
2551 3747 2731 3802 animo
2779 3763 2992 3816 semper
3041 3748 3280 3816 fuerunt,
3338 3752 3509 3807 donec
3536 3751 3641 3806 illis

2067 3840 2280 3894 excelsa
2334 3852 2389 3894 et
2440 3841 2507 3895 ad
2567 3841 2748 3895 omnia
2796 3836 3454 3899 instructissima'manus
3495 3842 3640 3897 illata

2069 3937 2169 3984 est.
2202 3928 2334 3995 Quae
2394 3946 2605 3985 rursum
2642 3929 2802 3986 fuerit
2834 3932 2949 3985 haec
2986 3931 3139 4003 plaga
3180 3933 3424 3996 ulterior,
3465 3948 3641 3987 annon

2068 4035 2247 4089 operae
2269 4022 2499 4087 prctinm
2529 4029 2613 4074 est
2648 4021 2866 4075 videre?
2898 4020 3197 4076 Novissime
3221 4023 3391 4087 enim,
3415 4034 3472 4076 ut
3497 4023 3642 4079 dice-

2071 4112 2216 4175 bam,
2253 4109 2811 4166 Nabuchodonosorus
2839 4113 2983 4187 cepit
3026 4127 3241 4167 omnem
3281 4110 3540 4176 Judaeam,
3590 4126 3645 4169 et

2073 4212 2333 4272 praeterea
2380 4201 2700 4267 Samariam,
2745 4210 2799 4257 et
2832 4202 3078 4257 lsraelem
3113 4204 3166 4257 in
3198 4212 3407 4259 montes
3449 4203 3645 4261 Persa-

2074 4308 2195 4347 rum
2246 4302 2301 4349 et
2346 4292 2623 4346 Medorum
2686 4290 2983 4345 transtulit.
3046 4290 3351 4357 Caeterum,
3421 4305 3479 4349 ut
3528 4295 3642 4364 jam

2074 4384 2208 4452 dixi,
2238 4384 2420 4454 elapso
2441 4383 2769 4453 captivitatis
2805 4393 3062 4452 tempore,
3083 4383 3133 4438 in
3163 4382 3401 4441 Judaeum
3440 4388 3645 4443 reducti

381 4479 463 4542 ὡς
488 4478 647 4549 ἔφην,
676 4477 775 4548 ἤδη
824 4476 1257 4547 πεπερασμένων
1297 4475 1408 4528 τῶν
1452 4476 1550 4546 τῆς
1592 4477 1954 4549 αἰχμαλωσίας

2080 4477 2458 4533 habitaverunt
2486 4474 2892 4548 Hierosolymis,
2921 4490 3028 4532 non
3063 4477 3176 4548 jam
3209 4477 3263 4532 in
3286 4479 3419 4534 duas
3475 4480 3647 4534 tribus

383 4569 632 4641 καιρῶν,
659 4566 1100 4638 ἀνεκομίσθησαν
1138 4570 1220 4630 είς
1258 4566 1359 4637 τὴν
1400 4566 1680 4632 Ἰουδαίαν,
1717 4569 1813 4624 καὶ
1840 4558 1973 4623 κατ-

384 4662 644 4733 ῳκήκασι
674 4660 770 4731 τὴν
805 4659 1185 4730 Ἰερουσαλὴμ,
1206 4656 1393 4711 οὐκέτι
1415 4656 1761 4730 διῃρημένων
1787 4662 1866 4722 εἰς
1880 4660 1973 4714 δύο

384 4754 501 4809 τῶν
526 4751 728 4821 φυλῶν,
767 4752 882 4806 ἀλλ’
908 4752 988 4815 είς
1035 4751 1134 4804 ἕνα
1173 4751 1360 4803 λοιπὸν
1403 4752 1451 4804 οἱ
1501 4750 1700 4815 πάντες
1750 4752 1974 4821 βασιλέα

382 4841 768 4913 γεγενημένοι.
820 4839 994 4894 Τοῦτο
1029 4840 1140 4912 γὰρ
1184 4836 1253 4911 ἦν
1291 4840 1351 4893 τὸ
1387 4840 1453 4894 δι’
1495 4841 1613 4906 ἑνὸς
1659 4841 1769 4895 τῶν
1803 4843 1973 4911 ἁγίων

384 4932 689 5006 προφητῶν
719 4931 1031 5003 εἰρημένον·
1057 4950 1076 4982 ι
1106 4933 1215 4984 Καὶ
1245 4930 1605 5002 ἀναϐήσονται
1632 4934 1697 4986 ἐκ
1724 4933 1822 5004 τῆς
1851 4935 1972 5005 γῆς,

384 5029 482 5081 καὶ
524 5026 780 5097 θήσονται
820 5024 1032 5087 ἑαυτοῖς
1058 5024 1234 5095 ἀρχὴν
1258 5023 1409 5094 μίαν.
1446 5044 1465 5075 ι
1492 5024 1647 5077 Μετά
1685 5024 1864 5077 τοίνυν
1914 5026 1976 5078 τὸ

385 5123 453 5172 ἐκ
483 5120 584 5189 τῆς
613 5114 992 5187 αἰχμαλωσίας
1017 5115 1380 5186 ὑπονοστῆσαι
1406 5112 1730 5184 σύμπαντας
1772 5116 1851 5178 είς
1878 5114 1976 5185 τὴν

400 5209 690 5275 Ἰουδαίαν,
726 5208 1172 5279 πεπολεμήκασιν
1200 5208 1384 5271 αὐτοῖς
1418 5210 1466 5261 oi
1493 5207 1603 5261 ἀπὸ
1630 5208 1851 5277 Συρίας,
1882 5208 1978 5262 καὶ

387 5306 439 5357 οἱ
480 5304 576 5374 ἀφ’
626 5301 781 5373 ἡλίου
835 5299 1131 5366 ἀνατολῶν,
1185 5300 1324 5371 πλὴν
1380 5301 1641 5371 ἣττηνται
1691 5299 1784 5352 καὶ
1824 5299 1979 5353 αὐτοὶ

382 5394 827 5467 ’προασπίζοντος
851 5392 987 5446 Θεοῦ
1028 5391 1143 5447 τῶν.
1163 5391 1610 5464 λελυτρωμένων.
1640 5385 1777 5444 Εἶτα
1804 5390 1979 5444 διατε-

388 5487 655 5542 τελέκασι
673 5485 765 5539 τὸν
803 5483 1010 5556 μεταξὺ
1038 5484 1232 5553 καιρὸν
1260 5484 1422 5554 μέχρι
1459 5481 1558 5552 τῆς
1602 5480 1696 5534 τοῦ
1725 5480 1977 5553 Σωτῆρος

387 5579 558 5655 ἡμῶν
588 5576 953 5646 ἐπιδημίαςώ
981 5575 1183 5641 ζῶντες
1204 5575 1417 5641 αἰσίως,
1443 5573 1567 5628 οὔτε
1593 5574 1700 5645 μὴν
1726 5575 1804 5636 είς
1834 5574 1979 5628 ἆπαν

462 5743 509 5776 ⁸⁷
538 5741 558 5792 ῐ
589 5738 720 5794 Cor.
745 5752 867 5803 χιιι,
910 5736 963 5788 l.
1039 5734 1086 5766 "
1109 5732 1249 5788 Osee
1278 5749 1317 5797 I,
1350 5734 1434 5786 ll.

634 5832 916 5894 ΡΑτιιοι..
958 5828 1072 5890 Gn.
1117 5827 1290 5889 LXX.

2077 4567 2259 4633 divisi,
2301 4568 2396 4624 sed
2435 4567 2529 4622 uni
2568 4567 2821 4638 deinceps
2863 4582 3052 4624 omnes
3093 4569 3202 4637 regi
3232 4568 3452 4625 subditi.
3535 4568 3649 4625 Hoc

2076 4660 2218 4714 enim
2239 4659 2307 4713 ab
2337 4674 2447 4715 uno
2477 4668 2785 4715 sanctorum
2819 4660 3202 4730 prophetarum
3240 4660 3441 4716 dictum
3482 4669 3598 4716 erat
3631 4682 3644 4716 :

2083 4770 2101 4804 ι
2140 4750 2207 4806 Ει
2230 4753 2525 4809 ascenderit
2559 4762 2775 4818 eterra,
2798 4763 2851 4807 et
2882 4753 3212 4807 constituent
3243 4752 3345 4806 sibi
3382 4752 3652 4824 principa-

2079 4851 2191 4894 tum
2219 4858 2382 4896 unum
2409 4842 2476 4895 ⁸⁸.
2513 4861 2532 4892 ι
2577 4840 2763 4913 Itaque
2801 4853 3083 4911 postquam
3110 4843 3285 4897 cuncti
3317 4857 3382 4898 ex
3423 4844 3650 4913 captivi-

2075 4939 2186 4987 tate
2222 4933 2274 4986 in
2304 4934 2544 4987 Judaeant
2582 4935 2875 4999 redierunt,
2919 4935 3118 4989 bellum
3163 4935 3216 4988 in
3250 4949 3346 4990 eos
3396 4950 3651 5004 suscepe-

2080 5035 2230 5089 runt,
2253 5027 2345 5093 qui
2387 5039 2415 5076 a
2473 5025 2650 5094 Syria,
2693 5034 2747 5079 et
2786 5025 2878 5094 qui
2922 5027 2989 5081 ab
3038 5036 3159 5082 ortu
3210 5027 3339 5097 solis
3369 5039 3649 5091 venerant,

2080 5116 2169 5184 qui
2204 5126 2378 5169 tamen
2410 5116 2606 5169 devicti
2648 5124 2795 5180 sunt,
2850 5114 2960 5171 Deo
3004 5115 3261 5171 liberatos
3306 5115 3460 5184 quasi
3501 5122 3655 5170 scuto

2082 5212 2420 5276 protegente.
2478 5205 2743 5276 Deinceps
2795 5222 2923 5262 vero
2980 5215 3392 5276 perseverarunt
3450 5206 3652 5260 interea

2084 5297 2358 5365 temporis,
2405 5311 2575 5368 usque
2622 5301 2689 5355 ad
2745 5300 3051 5355 Servatoris
3110 5299 3280 5354 nostri
3342 5297 3652 5359 adventum,

2085 5401 2195 5442 non
2223 5388 2466 5445 viventes
2515 5402 2722 5454 sancte,
2776 5403 2877 5445 nec
2919 5389 3141 5444 omnino
3191 5404 3219 5441 a
3275 5386 3519 5457 pristinis
3550 5385 3653 5440 illis

2087 5480 2231 5534 vitiis
2273 5480 2609 5548 recedentes,
2654 5481 2747 5536 sed
2790 5496 2888 5537 nec
2943 5482 3158 5545 decore,
3214 5492 3314 5535 nec
3363 5478 3654 5533 secundum

2086 5571 2256 5642 legem
2294 5583 2613 5641 versantes,
2671 5572 2932 5644 valdeque
2965 5571 3298 5644 negligentes
3344 5581 3400 5627 et
3440 5569 3657 5628 incurii.

3263 5826 3296 5888 9
