4122 6292
523 368 629 421 ΞΟἸ
672 392 675 395 ·

1515 361 1571 415 S.
1614 355 1883 415 CYlllLLl
1921 347 2390 408 ALEXANDRINI
2428 344 2750 402 ARCIIIILP.

3684 336 3791 390 9.68

530 485 689 557 163
725 483 880 540 'Cum
939 482 1102 538 etiam
1145 494 1254 551 per
1311 492 1523 535 onmem
1579 488 1844 533 terrarum
1911 474 2098 528 orbem

2216 466 2311 521 τῶν
2360 464 2602 539 ἀρχαίων
2650 463 2876 518 ἐκείνοιν
2924 456 3261 531 πλημμελῶν
3297 456 3791 525 ἁποφοιτήσαντες,

527 580 754 636 emicuit
789 576 1043 634 Christus
1089 560 1361 644 (apparuit
1399 571 1542 627 enim
1574 569 1726 625 nobis
1756 567 1898 622 Deus
1927 565 2107 621 Domi-

529 687 651 738 nus,
678 671 834 742 juxta
866 665 1154 723 Psallentis
1186 679 1373 721 vocem
1403 663 1494 733 ”),
1526 660 1931 719 eﬁrenationem
1956 672 2108 713 suam

532 763 893 822 retinuerunt,
940 765 996 811 et
1025 772 1147 829 qua:
1186 755 1272 812 fas
1317 769 1422 810 non
1465 762 1604 819 erat,
1653 758 1956 821 patrarunt,
2011 762 2111 801 nec

529 854 753 909 verbum
810 851 927 919 ejus
963 854 1301 917 receperunt,
1344 859 1443 899 nec
1486 843 1644 899 ﬁdem
1691 842 1992 897 coluerunt.
2042 838 2110 891 At

529 945 656 1014 quid
678 944 794 999 haec
821 940 980 996 dico?
1014 939 1181 1007 lmpie
1221 935 1548 992 contumelia
1584 933 1898 995 aﬁ‘ecerunt,
1950 941 2004 985 et
2048 944 2112 985 eo

530 1033 827 1107 impietatis
858 1036 1293 1094 devenerunt,ut
1320 1037 1375 1083 et
1398 1027 1547 1082 cruci
1587 1026 1881 1090 traderent,
1918 1032 1971 1079 et
2016 1023 2113 1077 bo~

529 1131 729 1183 minem
760 1143 882 1179 cum
931 1132 1204 1190 sanctum,
1234 1131 1347 1176 tum
1378 1120 1606 1190 justum,
1639 1124 1922 1188 negarent,
1964 1129 2109 1169 mor-

531 1233 747 1287 temque
772 1219 896 1270 vitze
934 1214 1163 1284 principi
1209 1212 1675 1273 machinarcntur,
1702 1207 1923 1277 impium
1952 1204 2110 1273 justi-

520 1314 737 1373 .ﬁcanti,
774 1322 828 1364 et
859 1311 961 1363 hac
996 1309 1061 1362 de
1090 1320 1254 1360 causa
1284 1304 1553 1357 universas
1599 1310 1758 1355 terra:
1813 1297 2003 1353 incolis
2050 1296 2113 1350 il—

511 1404 849 1467 rlucescenti,
886 1408 946 1455 ut
972 1408 1200 1454 mortem
1222 1397 1487 1461 aboleret,
1511 1403 1565 1448 et
1601 1391 1805 1462 peccati
1842 1388 2113 1451 aculeum,

510 1497 780 1552 ‘hebetem
810 1507 864 1550 et
899 1491 1227 1548 inelﬁcacem
1254 1487 1510 1544 elﬁceret.
1542 1483 1808 1540 Omnibus
1855 1480 2004 1535 hisce
2049 1479 2137 1531 de-

532 1590 715 1645 causis
748 1600 940 1641 manus
968 1582 1214 1639 ferientis
1244 1580 1445 1635 mansit
1473 1575 1707 1641 excelsa,
1740 1580 1795 1627 et
1826 1570 1977 1626 furor
2010 1584 2112 1623 non

532 1692 615 1737 cst
641 1694 889 1736 aversus.
928 1675 1169 1747 Expositi
1194 1674 1337 1728 enim
1381 1678 1507 1725 sunt
1552 1665 1863 1728 vastationi,
1916 1660 2115 1730 Vespa-

2210 559 2348 613 ἀλλὰ
2392 558 2502 628 γὰρ
2541 556 2787 618 ἐκτόπως
2835 554 2930 607 καὶ
2984 549 3317 622 παρανόμως
3364 545 3793 615 πολιτευόμενοι.

2211 652 2309 705 καὶ
2360 650 2482 705 λίαν
2511 648 2895 720 ἠμελημένως.
2943 642 3162 714 Ἐπειδὴ
3214 640 3271 693 δέ
3308 641 3424 703 τοῖς
3466 637 3571 692 ἀνὰ
3615 639 3800 691 πᾶσαν

2210 741 2306 813 τὴν
2342 741 2433 794 ὑπ’
2469 738 2697 811 οὐρανὸν
2750 732 3068 804 ἐπέλαμψεν
3111 732 3140 784 ό
3193 730 3448 802 Χριστός.
3523 729 3799 798 Ἐπέφανε

2211 830 2321 902 γὰρ
2365 831 2496 901 ἡμῖν
2537 826 2691 892 Θεὸς,
2745 823 2884 878 κατὰ
2924 822 3025 892 τὴν
3077 819 3171 874 τοῦ
3229 820 3523 891 ψάλλοντος
3574 818 3798 889 φωνήν

2211 921 2546 992 τετηρήκασι
2578 919 2640 973 τὸ
2668 916 2898 989 ἐξήνιον,
2932 914 3027 967 καὶ
3069 911 3391 983 δεδράκασιν
3422 909 3460 966 ἃ
3492 910 3568 982 μὴ
3614 909 3797 979 θέμις,

2118 1021 2126 1031 '
2176 1014 2274 1066 -οὺ
2321 1012 2730 1083 προσηκάμενοι
2780 1011 2871 1065 τὸν
2910 1009 3041 1079 παρ’
3075 1003 3241 1060 αὑτοῦ
3290 1002 3466 1071 λόγον,
3500 1002 3563 1056 οὐ
3615 1000 3799 1054 πίστει

2215 1101 2566 1171 τιμήσαντες.
2624 1099 2734 1153 Καὶ
2794 1099 2846 1152 τί
2891 1097 3067 1151 ταῦτα
3116 1095 3294 1164 λέγω;
3342 1090 3799 1165 Περιυδρίζοντες

2214 1196 2463 1262 ἀνοσίως,
2517 1194 2802 1249 καθίκοντο
2851 1192 2909 1246 δέ
2960 1188 3277 1252 δυσσεϐείας
3333 1189 3412 1251 είς
3469 1184 3647 1251 τοῦτο,
3701 1184 3802 1238 καὶ

2216 1289 2562 1359 ἀνοσιότητος
2588 1287 2826 1358 τρόπων,
2857 1283 2998 1338 ὥστε
3047 1285 3141 1336 καὶ
3171 1279 3391 1352 σταυρῷ
3437 1277 3799 1348 παραδοῦναι,

2216 1378 2309 1432 καὶ
2338 1379 2428 1432 τὸν
2477 1380 2631 1446 ἅγιον
2678 1377 2772 1430 καὶ
2821 1375 3031 1430 δίκαιον
3061 1371 3421 1445 ἀρνήσασθαι,
3453 1368 3550 1422 καὶ⁵
3584 1365 3802 1436 θανάτῳ

2217 1469 2508 1540 πειρᾶσθαι
2561 1467 2876 1540 περιϐαλεῖν
2926 1465 3019 1520 τὸν
3065 1461 3308 1536 ἀρχηγὸν
3349 1461 3450 1532 τῆς
3492 1459 3659 1530 ζωῆς,
3705 1456 3803 1509 τὸν

2215 1561 2530 1616 δικαιοῦντα
2559 1561 2650 1614 τὸν
2679 1559 2854 1631 ἀσεϐῆ
2874 1577 2888 1591 ·
2936 1558 3030 1613 καὶ
3056 1556 3261 1626 ταύτης
3301 1555 3463 1608 ἓνεκα
3485 1553 3585 1622 τῆς
3621 1547 3801 1611 αίτίας

2217 1650 2597 1721 ἐπιλάμψαι-ιτα
2644 1651 2755 1713 τοῖς
2807 1648 2911 1703 ἀνὰ
2951 1648 3132 1703 πᾶσαν
3183 1645 3282 1716 τὴν
3312 1646 3438 1714 γῆν,
3475 1641 3565 1695 ἵνα
3593 1653 3801 1708 καταρ-

533 1775 685 1828 siano
726 1782 781 1827 et
824 1771 947 1825 Tito
992 1728 1113 1824 crum
1154 1767 1259 1821 illis
1302 1759 1765 1833 belligerantibus,
1812 1762 2116 1820 cunctaque

2220 1743 2364 1815 γήσῃ
2396 1741 2643 1803 θάνατον.
2684 1740 2780 1794 καὶ
2826 1739 3055 1811 ἀδρανὲς
3086 1738 3345 1808 ἀποφήνῃ
3381 1734 3480 1805 τῆς
3528 1728 3802 1802 ἁμαρτίας

524 1864 902 1918 Romanorum
931 1875 1115 1923 manu,
1164 1855 1378 1925 quando
1412 1860 1466 1907 et
1494 1851 1734 1906 funditus
1780 1844 1963 1902 miseri
1994 1858 2113 1914 per-

2216 1837 2272 1889 τδ
2309 1834 2550 1904 κέντρον.
2604 1833 2820 1887 Τούτων
2870 1833 3031 1886 ἕνεκα
3062 1831 3281 1885 πάντων
3321 1829 3355 1898 ή
3404 1825 3499 1879 τοῦ
3547 1824 3801 1885 παίοντος

536 1960 734 2019 ierunt,
795 1956 948 2022 juxta
1004 1948 1314 2006 Servatoris
1362 1957 1573 2006 vocem,
1610 1942 1831 1995 incensa
1873 1935 2110 2006 regione,

532 2049 794 2105 convulso
824 2046 942 2117 ipso
968 2041 1192 2112 templo,
1224 2038 1554 2106 omninoque
1574 2038 1882 2094 corruente,
1908 2025 2117 2094 utlapis

534 2138 698 2209 lapidi
759 2114 1043 2205 impositus
1099 2145 1208 2186 non
1273 2125 1701 2196 conspiceretur.
1780 2114 2117 2174 Connivente

537 2207 702 2299 igitur
736 2228 802 2281 ad
834 2232 1017 2280 nostra
1049 2221 1243 2278 delicta
1275 2216 1626 2272 misericorde
1652 2211 1783 2276 Deo,
1823 2207 2117 2276 incogitan-

537 2333 615 2375 tcs
648 2333 768 2373 esse
804 2318 1027 2371 omnino
1057 2311 1434 2382 gravissimum
1466 2316 1572 2369 est,
1608 2302 1970 2369 omnibusque
2002 2313 2118 2352 mo-

537 2415 617 2465 dis
648 2410 938 2465 convenire
967 2409 1110 2469 dico,
1139 2415 1197 2459 ut
1238 2402 1499 2457 oﬁ’ensum
1539 2398 1832 2466 placemus.
1873 2391 1986 2445 Etsi
2023 2389 2117 2442 dc-

537 2506 840 2574 linquentes
880 2499 1125 2557 cumulat
1163 2493 1459 2557 beneﬁciis,
1503 2505 1566 2544 ac
1602 2486 1976 2543 lnobedicntes
2021 2497 2118 2552 pro

516 2613 631 2650 sua
658 2592 947 2649 clementia
970 2597 1282 2645 conservat.
1316 2584 1394 2639 Ne
1418 2585 1489 2638 sit
1522 2582 1684 2650 igitur
1717 2580 1769 2632 in
1807 2577 1962 2631 nobis
2001 2574 2119 2627 ani-

540 2703 660 2743 mus
685 2684 1015 2741 obstinatior
1048 2694 1146 2735 nec
1172 2679 1237 2732 ad
1263 2675 1542 2733 sentienda
1586 2672 1702 2742 ejus
1744 2671 1883 2725 dona
1909 2668 2116 2731 tardus,

537 2776 633 2830 sed
664 2788 761 2842 per
783 2787 847 2828 ea
869 2771 1065 2842 quibus
1112 2767 1260 2822 novit
1303 2765 1465 2819 etiam
1516 2761 1789 2832 improbos
1843 2756 2119 2815 beneﬁciis

539 2864 774 2931 allicere,
805 2878 902 2933 per
928 2864 1043 2917 haec
1080 2861 1193 2929 ipsa
1243 2874 1342 2913 nos
1388 2858 1455 2913 ad
1498 2855 1827 2927 agnitionem
1871 2849 2117 2918 benigni-

541 2959 670 3014 tatis
719 2956 837 3025 ejus
880 2954 1275 3025 pervenientes,
1336 2951 1403 3006 de
1441 2947 1731 3020 praeteritis
1787 2941 2120 3015 paenitudine

540 3053 827 3113 ducamur,
866 3057 1214 3115 nostramque
1263 3043 1592 3099 voluntatem
1649 3039 1716 3093 ad
1774 3033 2116 3092 serviendum

537 3144 610 3206 ei,
637 3152 691 3196 et
716 3141 783 3196 ad
806 3139 1131 3211 probitatem
1166 3151 1374 3190 morttm
1410 3130 1841 3203 amplectendam
1884 3140 2119 3182 conver-

538 3242 733 3285 tantus.

2223 1925 2344 1995 χεὶρ
2397 1923 2821 1994 ἀπομεμένηκεν
2873 1921 3070 1993 ὑψηλὴ,
3125 1921 3217 1973 καὶ
3273 1921 3302 1972 ό
3346 1915 3514 1987 θυμὸς
3556 1915 3654 1967 ούκ
3697 1913 3803 1966 ἀπ-

2224 2018 2470 2086 εστράφη
2544 2014 2790 2068 Δέδονται
2824 2013 2935 2085 γὰρ
2981 2013 3040 2073 ἐς
3086 2012 3388 2082 ἐρήμωσιν,
3423 2004 3803 2077 πολεμούντων

2222 2108 2404 2171 αὐτοῖς
2431 2105 2838 2160 Οὐεσπασιανοῦ
2868 2121 2927 2158 τε
2962 2102 3057 2158 καὶ
3102 2101 3286 2166 Τίτου,
3334 2100 3427 2154 καὶ⁸
3476 2098 3692 2166 ἁπάσης
3743 2094 3802 2147 δὲ

2223 2200 2322 2269 τῆς
2371 2199 2660 2270 Ῥωμαίων
2709 2197 2909 2269 χειρὸς,
2966 2196 3057 2250 ὅτε
3109 2193 3205 2247 καὶ
3258 2192 3430 2264 ἄρδην
3479 2191 3528 2243 oi
3577 2188 3806 2248 τάλανες

2227 2289 2593 2354 ἀπολώλασιν,
2645 2286 3165 2359 κατεμπρησθείσης
3217 2284 3399 2346 αὐτοῖς
3450 2281 3549 2352 τῆς
3597 2278 3804 2351 χώρας.

2226 2380 2717 2451 κατασεσεισμένον
2747 2379 2804 2433 δέ
2833 2377 2996 2433 αὐτοῦ
3024 2378 3118 2432 τοῦ
3147 2376 3300 2440 ναοῦ,
3330 2375 3425 2428 καὶ
3454 2370 3806 2432 πεπτωκότος

2224 2473 2303 2535 εἰς
2335 2472 2506 2535 ἆπαν,
2541 2470 2681 2524 ὥστε
2714 2469 2860 2523 λίθον
2893 2469 2988 2522 ἐπὶ
3008 2467 3140 2538 λίθῳ
3168 2465 3243 2537 μὴ
3266 2462 3495 2536 ὁρᾶσθαι
3529 2461 3804 2531 κείμενον,

2225 2565 2367 2618 κατὰ
2396 2564 2495 2636 τὴν
2522 2562 2616 2617 τοῦ
2658 2562 2911 2634 Σωτῆρος
2941 2561 3142 2632 φωνήν.
3191 2554 3666 2624 Ἀνεξικακοῦντος
3693 2550 3806 2605 τοία

2225 2668 2341 2712 νυν·
2371 2656 2463 2709 ἐπὶ
2492 2658 2606 2719 τοῖς
2641 2654 2801 2726 ἡμῶν
2837 2653 3142 2725 πταίσμασι
3192 2649 3288 2705 τοῦ
3338 2646 3804 2719 φιλοικτείρμονος

2225 2745 2362 2801 Θεοῦ
2412 2749 2474 2800 τὸ
2518 2747 2864 2802 ἁπονοεϊσθαι
2918 2744 3290 2815 παγχάλεπον,
3347 2742 3542 2812 χρῆναι
3574 2737 3633 2792 δέ
3665 2753 3807 2806 φημι

2225 2841 2313 2895 διὰ
2359 2838 2562 2903 παντὸς
2592 2840 2742 2909 ἡμᾶς
2772 2836 3215 2908 ἐκμειλίσσεσθαι
3243 2834 3446 2910 τρόπου
3493 2827 3807 2900 λελυπημέ-

2228 2950 2339 2988 νον.
2391 2931 2502 2987 Καὶ
2553 2933 2630 3003 μὴ
2664 2930 3118 3002 πλημμελοῦντας
3165 2929 3479 2999 εύεργετεϊο
3542 2923 3704 2987 σώζει
3750 2921 3808 2974 δὲ

2227 3024 2473 3080 ἀπειθεῖν
2512 3022 2814 3095 ᾑρημένους
2841 3021 2929 3075 διὰ
2949 3020 3046 3093 τὴν
3073 3019 3220 3093 αὐτῷ
3248 3019 3564 3090 πρέπουσαν
3610 3014 3809 3085 ἡμερό-

2226 3135 2386 3191 τητα.
2416 3117 2620 3187 Μηδεὶς
2661 3111 2758 3170 οὖν
2787 3115 2926 3170 Εστω
2968 3114 3201 3187 σκληρὸς
3242 3114 3299 3166 ἐν
3349 3113 3501 3183 ἡμῖν,
3533 3109 3670 3180 μήτε
3702 3106 3807 3176 μὴν

2143 3210 2185 3263 C
2224 3210 2421 3282 βραδὺς
2451 3210 2531 3271 είς
2581 3206 2834 3278 αἴσθησιν
2875 3206 2985 3261 τῶν
3032 3206 3163 3277 παρ’
3209 3203 3372 3260 αὐτοῦ
3426 3197 3805 3273 χαρισμάτων,

550 3321 713 3375 Ἀλλὰ
738 3322 804 3374 δι’
834 3312 908 3373 ὧν
934 3319 1075 3386 ἔγνω
1105 3318 1198 3370 καὶ
1223 3318 1322 3369 οὐκ
1343 3316 1502 3378 ὄντας
1523 3313 1760 3383 ἀγαθοὺς
1786 3310 2115 3382 εὐεργετεῖν,
2156 3306 2246 3359 διὰ
2310 3302 2513 3358 τούτων
2547 3301 2747 3367 αὐτῶν,
2795 3302 2856 3365 ἐς
2897 3301 3192 3368 ἐπίγνωσιν
3230 3297 3331 3369 τῆς
3369 3295 3593 3366 ἐνούσης
3663 3289 3809 3361 αὐτῷ

540 3414 945 3484 φιλανθρωπίας
1001 3411 1305 3480 ἐρχόμενοι,
1377 3406 1876 3479 μεταγινώσκωμεν
1923 3401 2017 3477 ἐπὶ
2056 3401 2171 3464 τοῖς
2222 3394 2600 3469 παρῳχηκόσι.
2657 3393 3137 3464 Μεταπλάττωμεν
3176 3391 3233 3445 δὲ
3286 3390 3347 3444 τὸ
3408 3389 3539 3443 ἴδιον
3599 3386 3807 3458 θέλημα

542 3507 676 3579 πρὸς
698 3507 760 3560 τὸ
791 3506 985 3577 χρῆναι
1015 3501 1290 3556 δουλεύειν
1324 3500 1492 3569 αὐτῷ,
1526 3500 1620 3552 καὶ
1648 3500 1775 3560 τοὺς
1805 3496 1907 3566 τῆς
1940 3494 2243 3556 ἐπιεικείας
2271 3486 2590 3546 ἀνθελέσθαι
2622 3487 2874 3558 τρόπους.
2930 3554 2945 3561 ἰ

619 3568 1012 3654 Υέιιείνίί-ίϐ.
1040 3594 1106 3648 Et
1131 3596 1327 3662 auferet
1368 3568 1624 3646 Dominus
1663 3591 1851 3644 Israeli
1885 3596 2038 3657 caput
2068 3596 2115 3640 et

2296 3582 2409 3636 Kal
2444 3581 2662 3652 ἀφελεῖ
2700 3580 2915 3648 Κύριος
2947 3577 3065 3632 ἀπὸ
3121 3572 3357 3643 Ἰσραὴλ
3404 3572 3682 3648 κεφαλὴν
3710 3568 3807 3625 καὶ

539 3693 788 3758 caudam,
812 3704 1059 3760 magnum
1101 3697 1151 3743 et
1196 3702 1415 3759 paruum
1439 3702 1546 3740 una
1572 3686 1678 3745 die,
1718 3699 1910 3746 senem,
1956 3692 2002 3735 el
2031 3695 2116 3735 eos

2225 3677 2431 3745 οὐρὰ-ν,
2458 3675 2649 3746 μέγαν
2691 3672 2789 3727 καὶ
2827 3670 3043 3742 μικρὸν
3075 3668 3158 3723 -ἐν
3179 3666 3287 3738 μιᾷ
3318 3666 3529 3736 ἡμέρᾳ,
3562 3665 3808 3735 πρεσϐύ-

535 3788 626 3855 qui
665 3753 828 3854 facies
854 3753 1211 3846 admirantur,
1238 3782 1334 3834 hoc
1365 3777 1679 3848 principium
1702 3787 1798 3840 est,
1828 3786 1873 3828 et
1901 3774 2116 3843 praphe-

2225 3780 2339 3832 την
2372 3764 2470 3818 καὶ
2501 3763 2644 3829 τοὺς
2685 3761 2759 3815 τὰ
2788 3761 3081 3829 πρόσωπα
3112 3755 3540 3827 θαυμάζοντας·
3572 3754 3723 3822 αὕτη
3768 3753 3805 3820 ἠ

538 3889 667 3937 tam,
700 3884 746 3927 et
774 3873 864 3942 qui
896 3871 1046 3926 docet
1075 3871 1282 3940 iniqua,
1326 3846 1375 3923 is
1401 3876 1480 3923 est
1506 3869 1696 3922 cauda.
1748 3865 1809 3919 Et
1847 3876 1995 3919 crum
2028 3866 2116 3934 qui

2226 3856 2381 3925 ἀρχή
2417 3874 2429 3886 ·
2474 3856 2572 3910 καὶ
2625 3851 2958 3922 προφήτην,
3005 3850 3104 3905 καὶ
3161 3847 3524 3903 διδάσκοντα
3581 3846 3803 3913 ἄνομιν

539 3969 745 4021 beatum
777 3965 950 4019 dicent
977 3962 1228 4033 populum
1254 3962 1414 4027 hunc,
1451 3960 1770 4026 «ducentes,
1797 3969 1845 4013 et
1865 3963 2116 4013 seducmu

2230 3945 2407 4013 οὗτος
2444 3951 2479 4015 ἡ
2530 3946 2697 4014 οὐρά.
2734 3945 2838 4000 Καὶ
2867 3944 3112 3998 ἔσονται
3157 3946 3210 3997 οἱ
3251 3937 3670 4012 μακαρίζοντες
3700 3936 3810 3989 τὸν

542 4070 596 4112 ut
629 4061 875 4114 devorent
906 4071 1014 4111 eos.

2226 4041 2381 4096 λαὸν
2428 4039 2646 4094 τοῦτον
2700 4035 3048 4100 πλανῶντες
3072 4075 3086 4099 ,
3133 4033 3232 4087 καὶ
3283 4028 3594 4086 πλανῶσιν
3644 4026 3808 4089 ὄπα-ς

615 4230 751 4295 Quia
780 4225 1050 4282 excelsam
1078 4237 1295 4277 manum
1329 4222 1383 4276 iu
1415 4234 1607 4275 omnes
1633 4229 1939 4289 porrectam
1966 4217 2116 4281 dicit,

538 4316 736 4369 nedum
764 4315 901 4367 iram
926 4312 1159 4366 divinam
1188 4309 1349 4364 ﬁnem
1386 4309 1692 4363 habituram
1716 4307 1955 4362 declarat
1981 4304 2118 4359 dilu-

539 4405 679 4466 cide,
712 4411 768 4456 et
798 4400 1015 4470 quinam
1054 4408 1354 4467 temporum
1400 4397 1619 4468 delapsa
1648 4395 1866 4451 futurus
1903 4395 1975 4451 sit
2008 4409 2122 4449 tuo-

2228 4132 2603 4187 καταπίωσιν
2629 4129 2870 4195 αὐτούς.

2311 4217 2550 4293 ’Υψηλὴν
2572 4220 2866 4290 ἀπομεῖναι
2898 4215 2996 4288 τὴν
3023 4214 3118 4269 τοῦ
3153 4213 3402 4276 παίοντος
3435 4211 3596 4282 χεῖρα
3612 4208 3806 4277 λέγων,

2224 4310 2422 4365 οὔποτε
2454 4310 2552 4381 τὴν
2588 4309 2739 4363 θείαν
2785 4308 2955 4380 ὀργὴν
3004 4303 3308 4375 καταλῆξαι
3353 4302 3453 4372 τὴν
3498 4299 3586 4354 ἐπ’
3624 4298 3806 4360 αὐτοῖς

2226 4405 2520 4475 ἀφηγεῖται
2573 4399 2864 4473 λαμπρῶς,
2926 4399 3021 4456 καλ⁵
3079 4396 3260 4460 ὁποῖός
3313 4411 3396 4459 τις
3457 4390 3610 4445 ἔσται
3667 4388 3809 4443 κατὰ

538 4500 641 4552 dus
669 4509 841 4567 panum
881 4494 950 4550 ab
992 4492 1099 4549 illis
1143 4489 1439 4560 exigenda.
1484 4489 1775 4545 Auieretur
1827 4490 1995 4553 enim,
2048 4489 2116 4542 in-

2228 4497 2452 4566 καιροὺς
2480 4494 2581 4564 τῆς
2623 4491 3132 4564 ἐπενεχθησομένης
3182 4489 3363 4551 αὐτοῖς
3402 4484 3587 4548 αἰκίας
3628 4484 3659 4536 ὁ
3683 4481 3806 4554 τρό-

535 4587 675 4657 quit,
700 4602 802 4640 una
828 4584 939 4649 die,
968 4582 1022 4637 id
1047 4588 1148 4643 est,
1182 4577 1344 4635 simul
1386 4592 1495 4632 uno
1531 4587 1791 4646 tempore,
1842 4576 2004 4649 165
2043 4577 2121 4632 vi-

538 4676 734 4732 delicet
771 4674 896 4729 belli
950 4669 1346 4733 Romanorum,
1397 4676 1558 4736 caput
1627 4677 1681 4723 et
1740 4670 1932 4723 cauda.
1984 4668 2123 4736 Quid

526 4774 717 4819 autem
751 4764 856 4819 hoc
882 4759 1186 4830 aanigmatis
1217 4761 1308 4820 sit,
1349 4758 1605 4827 explicat,
1644 4771 1766 4812 cum
1811 4756 1888 4811 ait
1944 4775 1957 4811 :
2012 4756 2124 4813 Ma.

536 4872 702 4926 gnum
735 4866 788 4910 et
811 4870 1062 4926 parvum,
1100 4853 1152 4908 id
1186 4861 1291 4917 est,
1318 4859 1373 4905 et
1407 4851 1670 4905 illustrem
1702 4860 1758 4904 et
1798 4851 2109 4904 obscurum.

537 4944 659 5002 Eos
684 4948 848 4999 etiam
877 4945 968 5014 qui
1009 4945 1143 5010 sint,
1181 4958 1372 4999 rursus
1398 4940 1756 5007 demonstrat,
1784 4955 1906 4996 cum
1929 4940 2076 4995 addit
2101 4958 2114 4994 :

541 5038 762 5100 Senem,
803 5047 857 5090 et
898 5048 992 5089 eos
1033 5034 1125 5104 qui
1165 5032 1341 5088 facies
1390 5032 1754 5087 admirantur.
1794 5028 2021 5097 Quibus,
2061 5039 2120 5085 ut

540 5144 640 5201 ego
678 5127 894 5198 quidem
929 5140 1149 5189 censeo,
1178 5125 1354 5178 innuit
1406 5123 1608 5177 tribum
1663 5137 1783 5192 quae
1831 5121 2117 5178 sacerdotii

544 5234 743 5274 munus
775 5218 961 5273 sortita
1000 5224 1104 5277 est,
1149 5214 1199 5268 id
1234 5222 1337 5277 est,
1366 5226 1459 5267 eos
1482 5212 1574 5280 qui
1612 5222 1827 5268 suntex
1859 5212 2119 5283 sanguine

540 5310 807 5378 Levitieo,
851 5323 987 5378 quos
1022 5307 1189 5361 etiam
1222 5302 1405 5373 populi
1435 5303 1633 5357 subditi
1671 5304 1913 5359 seniores
1944 5304 2119 5359 nomi-

541 5404 763 5457 nabant.
799 5402 863 5454 Et
887 5415 1017 5453 sane
1045 5397 1213 5452 divini
1244 5392 1492 5462 discipuli
1530 5408 1625 5449 eos
1652 5394 1731 5450 sic
1758 5394 2119 5464 appellabant,

542 5494 785 5549 dicentes
817 5510 828 5546 :
866 5510 884 5541 ι
933 5490 1216 5559 Principes
1263 5487 1443 5557 populi
1504 5498 1554 5540 et
1605 5487 1872 5554 seniores,
1921 5489 1966 5543 si
2022 5504 2121 5544 nos

544 5584 701 5639 ltodie
741 5583 809 5635 de
844 5582 1105 5637 beneﬁcio
1135 5582 1190 5636 in
1224 5578 1497 5637 hominem
1544 5578 1819 5634 inﬁrmum
1849 5579 2117 5635 collatoin

614 5738 659 5770 θ’
686 5731 825 5787 [’3th
848 5744 1014 5794 Ctvu,
1044 5733 1134 5786 27.

2219 4604 2339 4650 πος.
2396 4586 2853 4657 Ἀφαιρεθήσεται
2899 4585 3029 4656 γὰρ,
3092 4581 3275 4652 φησιν,
3327 4577 3435 4633 ἀπὸ
3488 4574 3704 4648 Ἰσραὴλ
3750 4575 3806 4627 ἐν

2220 4676 2402 4748 ἡμέρα
2435 4680 2555 4748 μιᾷ,
2583 4678 2726 4731 τοῦτ’
2758 4677 2894 4740 ἔστι,
2933 4674 3055 4729 καθ’
3084 4675 3182 4728 ἕνα
3204 4671 3415 4743 καιρὸν,
3443 4668 3603 4741 δῆλον
3639 4667 3697 4720 δέ
3720 4667 3805 4719 ὅτι

2226 4768 2443 4831 πάντως
2474 4785 2575 4820 που
2609 4769 2700 4821 τὸν
2731 4767 2823 4821 τοῦ
2871 4767 3109 4838 πολέμου
3141 4763 3235 4818 τοῦ
3285 4761 3438 4833 παρὰ
3495 4758 3803 4829 Ῥωμαίων,

2224 4857 2462 4928 κεφαλήν
2498 4873 2554 4910 τε
2589 4859 2684 4911 καὶ
2724 4858 2910 4929 οὐράν.
2948 4858 3058 4911 Καὶ
3085 4855 3137 4909 τί
3180 4855 3240 4907 τὸ
3289 4853 3543 4922 αἴνιγμα,
3577 4850 3804 4920 διερμη-

2226 4947 2392 5011 νεύει,
2443 4947 2636 5014 λέγων,
2691 4948 2864 5018 μέγαν
2910 4947 3005 5000 καὶ
3052 4946 3264 5017 μικρὸν,
3296 4942 3439 4997 τοῦτ’
3476 4941 3614 5004 ἐστι,
3652 4956 3806 5009 star-:-

2228 5040 2369 5109 φανῆ
2397 5056 2455 5090 τε
2488 5040 2583 5092 καὶ
2607 5038 2838 5109 ἄσημον.
2874 5041 2984 5094 Καὶ
3010 5039 3153 5102 τίνες
3200 5039 3264 5091 ἂν
3294 5032 3402 5088 εἷεν
3439 5029 3603 5098 οὗτοι,
3647 5032 3807 5084 πάλιν

2226 5126 2620 5199 προσαπέδειξε
2671 5127 3017 5198 προστιθείς·
3066 5126 3406 5200 Πρεσϐύτην,
3451 5123 3701 5185 καὶτοὺς
3740 5118 3810 5170 τὰ

2228 5220 2492 5289 πρόσωπα
2551 5220 2962 5290 θαυμάζοντας.
3017 5220 3279 5290 Σημαίνει
3334 5218 3391 5270 δὲ
3444 5216 3530 5270 διὰ
3578 5213 3803 5275 τούτων,

2230 5307 2478 5379 καθάπερ
2532 5309 2780 5380 ἐγῷμαι,
2832 5310 2929 5382 τὴν
2978 5309 3226 5383 ίερᾶσθαι
3288 5306 3555 5377 λαχοῦσαν
3611 5302 3806 5372 φυλὴν,

2226 5400 2370 5455 τοῦτ’
2407 5400 2541 5463 ἐστι,
2572 5403 2697 5465 τοὺς
2737 5399 2796 5466 ἐξ
2841 5401 3071 5471 αἵματος
3104 5398 3255 5463 Aeni,
3290 5396 3383 5460 οὒς
3428 5394 3524 5449 καὶ
3566 5391 3806 5464 πρεσϐυ-

2228 5493 2418 5563 τέρους
2468 5491 2748 5562 ὠνόμαζον
2805 5495 2854 5547 oi
2903 5494 3008 5547 ὑπὸ
3055 5495 3213 5565 χεῖρα
3263 5489 3402 5542 λαοί.
3440 5488 3550 5543 Καὶ
3594 5482 3727 5555 γοῦν
3757 5482 3808 5537 οι

2206 5584 2505 5637 ιθεσπέσιοι
2555 5584 2791 5655 μαθηταὶ
2839 5583 3370 5657 προσπεφωνήκασιν
3418 5581 3624 5643 αὐτοῖς,
3666 5574 3814 5630 οὕτω
