  <div class='ocr_page' id='page_1' title='image "/cluster/home/n/w/nwhite01/storage/ocr_20150623/70/mdp.39015078384453/142.png"; bbox 0 0 4122 6292; ppageno 0'>
   <div class='ocr_carea' id='block_1_1' title="bbox 309 351 414 406">
    <p class='ocr_par' dir='ltr' id='par_1_1' title="bbox 309 351 414 406">
     <span class='ocr_line' id='line_1_1' title="bbox 309 351 414 406; baseline 0 0"><span class='ocrx_word' id='word_1_1' title='bbox 309 351 414 406; x_wconf 71' lang='lat'><strong>269</strong></span> 
     </span>
    </p>
   </div>
   <div class='ocr_carea' id='block_1_2' title="bbox 1443 365 2395 430">
    <p class='ocr_par' dir='ltr' id='par_1_2' title="bbox 1443 365 2395 430">
     <span class='ocr_line' id='line_1_2' title="bbox 1443 365 2395 430; baseline 0.008 -11"><span class='ocrx_word' id='word_1_2' title='bbox 1443 365 1513 420; x_wconf 72' lang='lat' dir='ltr'><strong>IN</strong></span> <span class='ocrx_word' id='word_1_3' title='bbox 1546 367 1782 424; x_wconf 78' lang='lat' dir='ltr'><strong>ISAIAM</strong></span> <span class='ocrx_word' id='word_1_4' title='bbox 1821 369 1949 427; x_wconf 75' lang='lat' dir='ltr'><strong>LIB.</strong></span> <span class='ocrx_word' id='word_1_5' title='bbox 1994 373 2035 426; x_wconf 85' lang='grc'>1.</span> <span class='ocrx_word' id='word_1_6' title='bbox 2073 370 2284 430; x_wconf 72' lang='lat' dir='ltr'><strong>ORAT.</strong></span> <span class='ocrx_word' id='word_1_7' title='bbox 2326 374 2395 429; x_wconf 74' lang='grc' dir='ltr'><em>Ἦ</em></span> 
     </span>
    </p>
   </div>
   <div class='ocr_carea' id='block_1_3' title="bbox 3481 380 3590 434">
    <p class='ocr_par' dir='ltr' id='par_1_3' title="bbox 3481 380 3590 434">
     <span class='ocr_line' id='line_1_3' title="bbox 3481 380 3590 434; baseline -0.028 -4"><span class='ocrx_word' id='word_1_8' title='bbox 3481 380 3590 434; x_wconf 54' lang='grc' dir='ltr'>ττι)</span> 
     </span>
    </p>
   </div>
   <div class='ocr_carea' id='block_1_4' title="bbox 311 474 1886 566">
    <p class='ocr_par' dir='ltr' id='par_1_4' title="bbox 311 480 1879 555">
     <span class='ocr_line' id='line_1_4' title="bbox 311 480 1879 555; baseline -0.001 -20"><span class='ocrx_word' id='word_1_9' title='bbox 311 486 603 553; x_wconf 78' lang='grc' dir='ltr'>λέγοντες·</span> <span class='ocrx_word' id='word_1_10' title='bbox 640 503 659 535; x_wconf 81' lang='lat' dir='ltr'><strong>t</strong></span> <span class='ocrx_word' id='word_1_11' title='bbox 699 484 991 555; x_wconf 72' lang='grc' dir='ltr'><strong>Ἄρχοντες</strong></span> <span class='ocrx_word' id='word_1_12' title='bbox 1014 482 1108 536; x_wconf 80' lang='grc' dir='ltr'>τοῦ</span> <span class='ocrx_word' id='word_1_13' title='bbox 1148 480 1277 536; x_wconf 83' lang='grc' dir='ltr'>λαοῦ</span> <span class='ocrx_word' id='word_1_14' title='bbox 1307 483 1400 536; x_wconf 74' lang='grc' dir='ltr'>καὶ</span> <span class='ocrx_word' id='word_1_15' title='bbox 1430 482 1808 552; x_wconf 74' lang='grc' dir='ltr'>πρεσϐύτεροι,</span> <span class='ocrx_word' id='word_1_16' title='bbox 1854 499 1879 533; x_wconf 90' lang='grc' dir='ltr'><strong>ε</strong></span> 
     </span>
    </p>
   </div>
   <div class='ocr_carea' id='block_1_5' title="bbox 1994 474 3593 566">
    <p class='ocr_par' dir='ltr' id='par_1_5' title="bbox 2011 474 3593 566">
     <span class='ocr_line' id='line_1_5' title="bbox 2011 474 3593 566; baseline 0.01 -25"><span class='ocrx_word' id='word_1_17' title='bbox 2011 474 2269 558; x_wconf 78' lang='lat' dir='ltr'><strong>indicium</strong></span> <span class='ocrx_word' id='word_1_18' title='bbox 2304 506 2587 560; x_wconf 78' lang='lat' dir='ltr'><strong>vocamur,</strong></span> <span class='ocrx_word' id='word_1_19' title='bbox 2619 497 2892 563; x_wconf 92' lang='lat' dir='ltr'><strong>quomodo</strong></span> <span class='ocrx_word' id='word_1_20' title='bbox 2930 497 3020 551; x_wconf 90' lang='lat' dir='ltr'><strong>ille</strong></span> <span class='ocrx_word' id='word_1_21' title='bbox 3055 508 3299 555; x_wconf 78' lang='lat' dir='ltr'><strong>servatus</strong></span> <span class='ocrx_word' id='word_1_22' title='bbox 3352 502 3444 566; x_wconf 98' lang='lat' dir='ltr'><strong>sit,</strong></span> <span class='ocrx_word' id='word_1_23' title='bbox 3500 522 3593 557; x_wconf 84' lang='lat' dir='ltr'><strong>ttu-</strong></span> 
     </span>
    </p>
   </div>
   <div class='ocr_carea' id='block_1_6' title="bbox 315 572 1901 648">
    <p class='ocr_par' dir='ltr' id='par_1_6' title="bbox 315 572 1901 648">
     <span class='ocr_line' id='line_1_6' title="bbox 315 572 1901 648; baseline -0.003 -19"><span class='ocrx_word' id='word_1_24' title='bbox 315 579 485 647; x_wconf 73' lang='grc' dir='ltr'>ἡμεῖς</span> <span class='ocrx_word' id='word_1_25' title='bbox 524 577 762 647; x_wconf 80' lang='grc' dir='ltr'><strong>σήμερον</strong></span> <span class='ocrx_word' id='word_1_26' title='bbox 790 574 1208 648; x_wconf 83' lang='grc' dir='ltr'>ἀνακρουόμεθα</span> <span class='ocrx_word' id='word_1_27' title='bbox 1239 576 1331 628; x_wconf 71' lang='grc' dir='ltr'>ἐπὶ</span> <span class='ocrx_word' id='word_1_28' title='bbox 1361 574 1649 646; x_wconf 75' lang='grc' dir='ltr'>εὐεργεσία</span> <span class='ocrx_word' id='word_1_29' title='bbox 1688 572 1901 644; x_wconf 82' lang='grc' dir='ltr'>ἀνθρώ-</span> 
     </span>
    </p>
   </div>
   <div class='ocr_carea' id='block_1_7' title="bbox 313 662 1900 735">
    <p class='ocr_par' dir='ltr' id='par_1_7' title="bbox 313 662 1900 735">
     <span class='ocr_line' id='line_1_7' title="bbox 313 662 1900 735; baseline 0.001 -17"><span class='ocrx_word' id='word_1_30' title='bbox 313 683 423 719; x_wconf 83' lang='grc' dir='ltr'><strong>που</strong></span> <span class='ocrx_word' id='word_1_31' title='bbox 458 665 735 729; x_wconf 73' lang='grc' dir='ltr'><strong>ἀσθενοῦς,</strong></span> <span class='ocrx_word' id='word_1_32' title='bbox 760 668 817 719; x_wconf 81' lang='grc' dir='ltr'>ὲν</span> <span class='ocrx_word' id='word_1_33' title='bbox 847 667 952 720; x_wconf 87' lang='grc' dir='ltr'>τίνι</span> <span class='ocrx_word' id='word_1_34' title='bbox 980 662 1135 731; x_wconf 80' lang='grc' dir='ltr'>οὗτος</span> <span class='ocrx_word' id='word_1_35' title='bbox 1164 667 1455 730; x_wconf 80' lang='grc' dir='ltr'><strong>σέσωσται,</strong></span> <span class='ocrx_word' id='word_1_36' title='bbox 1486 668 1726 735; x_wconf 81' lang='grc' dir='ltr'>γνωστὸν</span> <span class='ocrx_word' id='word_1_37' title='bbox 1760 666 1900 720; x_wconf 74' lang='grc' dir='ltr'>ἔστω</span> 
     </span>
    </p>
   </div>
   <div class='ocr_carea' id='block_1_8' title="bbox 283 742 1895 831">
    <p class='ocr_par' dir='ltr' id='par_1_8' title="bbox 283 742 1895 831">
     <span class='ocr_line' id='line_1_8' title="bbox 283 742 1895 831; baseline 0.001 -20"><span class='ocrx_word' id='word_1_38' title='bbox 283 742 452 829; x_wconf 47' lang='grc' dir='ltr'>’ὑμῖν</span> <span class='ocrx_word' id='word_1_39' title='bbox 486 759 581 812; x_wconf 78' lang='grc' dir='ltr'><strong>καὶ</strong></span> <span class='ocrx_word' id='word_1_40' title='bbox 610 761 771 812; x_wconf 79' lang='grc' dir='ltr'>παντὶ</span> <span class='ocrx_word' id='word_1_41' title='bbox 811 759 889 831; x_wconf 82' lang='grc' dir='ltr'><strong>τῷ</strong></span> <span class='ocrx_word' id='word_1_42' title='bbox 923 759 1060 829; x_wconf 85' lang='grc' dir='ltr'>λαῷ,</span> <span class='ocrx_word' id='word_1_43' title='bbox 1107 761 1187 814; x_wconf 80' lang='grc' dir='ltr'>ὅτι</span> <span class='ocrx_word' id='word_1_44' title='bbox 1235 763 1292 813; x_wconf 79' lang='grc' dir='ltr'>ἐν</span> <span class='ocrx_word' id='word_1_45' title='bbox 1331 761 1408 831; x_wconf 84' lang='grc' dir='ltr'><strong>τῷ</strong></span> <span class='ocrx_word' id='word_1_46' title='bbox 1440 762 1664 831; x_wconf 81' lang='grc' dir='ltr'>ὀνόματι</span> <span class='ocrx_word' id='word_1_47' title='bbox 1724 758 1895 830; x_wconf 85' lang='grc' dir='ltr'>Ἰησοῦ</span> 
     </span>
    </p>
   </div>
   <div class='ocr_carea' id='block_1_9' title="bbox 312 848 1897 925">
    <p class='ocr_par' dir='ltr' id='par_1_9' title="bbox 312 848 1897 925">
     <span class='ocr_line' id='line_1_9' title="bbox 312 848 1897 925; baseline 0.003 -24"><span class='ocrx_word' id='word_1_48' title='bbox 312 849 554 921; x_wconf 77' lang='grc' dir='ltr'><strong>Χριστοῦ</strong></span> <span class='ocrx_word' id='word_1_49' title='bbox 584 850 679 905; x_wconf 79' lang='grc' dir='ltr'>τοῦ</span> <span class='ocrx_word' id='word_1_50' title='bbox 715 850 1066 923; x_wconf 83' lang='grc' dir='ltr'><strong>Ναζωραίου.</strong></span> <span class='ocrx_word' id='word_1_51' title='bbox 1113 871 1130 903; x_wconf 74' lang='grc' dir='ltr'><strong>ι</strong></span> <span class='ocrx_word' id='word_1_52' title='bbox 1166 848 1322 907; x_wconf 75' lang='grc' dir='ltr'>Οὗτοι</span> <span class='ocrx_word' id='word_1_53' title='bbox 1355 853 1462 925; x_wconf 79' lang='grc' dir='ltr'><strong>γὰρ</strong></span> <span class='ocrx_word' id='word_1_54' title='bbox 1508 857 1557 907; x_wconf 80' lang='grc' dir='ltr'>οἱ</span> <span class='ocrx_word' id='word_1_55' title='bbox 1598 853 1897 924; x_wconf 74' lang='grc' dir='ltr'>πρεσϐύτε-</span> 
     </span>
    </p>
   </div>
   <div class='ocr_carea' id='block_1_10' title="bbox 318 945 1900 1019">
    <p class='ocr_par' dir='ltr' id='par_1_10' title="bbox 318 945 1900 1019">
     <span class='ocr_line' id='line_1_10' title="bbox 318 945 1900 1019; baseline 0.003 -24"><span class='ocrx_word' id='word_1_56' title='bbox 318 961 421 1012; x_wconf 85' lang='grc' dir='ltr'>ροι,</span> <span class='ocrx_word' id='word_1_57' title='bbox 456 945 556 1016; x_wconf 81' lang='grc' dir='ltr'>τὴν</span> <span class='ocrx_word' id='word_1_58' title='bbox 604 945 700 999; x_wconf 78' lang='grc' dir='ltr'><strong>τοῦ</strong></span> <span class='ocrx_word' id='word_1_59' title='bbox 748 946 959 1016; x_wconf 85' lang='grc' dir='ltr'>κρίνειν</span> <span class='ocrx_word' id='word_1_60' title='bbox 1004 945 1218 1016; x_wconf 78' lang='grc' dir='ltr'>ἔχοντες</span> <span class='ocrx_word' id='word_1_61' title='bbox 1263 947 1537 1013; x_wconf 71' lang='grc' dir='ltr'>ἐξουσίαν,</span> <span class='ocrx_word' id='word_1_62' title='bbox 1587 948 1688 1001; x_wconf 71' lang='grc' dir='ltr'>οὐκ</span> <span class='ocrx_word' id='word_1_63' title='bbox 1730 946 1900 1019; x_wconf 79' lang='grc' dir='ltr'>ὁρθὰς</span> 
     </span>
    </p>
   </div>
   <div class='ocr_carea' id='block_1_11' title="bbox 317 1034 1898 1110">
    <p class='ocr_par' dir='ltr' id='par_1_11' title="bbox 317 1034 1898 1110">
     <span class='ocr_line' id='line_1_11' title="bbox 317 1034 1898 1110; baseline 0.004 -24"><span class='ocrx_word' id='word_1_64' title='bbox 317 1034 415 1097; x_wconf 88' lang='grc' dir='ltr'><strong>τὰς</strong></span> <span class='ocrx_word' id='word_1_65' title='bbox 449 1035 532 1105; x_wconf 77' lang='grc' dir='ltr'><strong>ἐφ’</strong></span> <span class='ocrx_word' id='word_1_66' title='bbox 569 1037 790 1107; x_wconf 82' lang='grc' dir='ltr'><strong>ἑκάστῳ</strong></span> <span class='ocrx_word' id='word_1_67' title='bbox 823 1037 933 1090; x_wconf 77' lang='grc' dir='ltr'><strong>τῶν</strong></span> <span class='ocrx_word' id='word_1_68' title='bbox 978 1038 1111 1109; x_wconf 80' lang='grc' dir='ltr'>παρ’</span> <span class='ocrx_word' id='word_1_69' title='bbox 1148 1040 1331 1102; x_wconf 80' lang='grc' dir='ltr'>αὐτοῖς</span> <span class='ocrx_word' id='word_1_70' title='bbox 1378 1041 1717 1110; x_wconf 75' lang='grc' dir='ltr'><strong>κρινομένων</strong></span> <span class='ocrx_word' id='word_1_71' title='bbox 1755 1042 1898 1092; x_wconf 71' lang='grc' dir='ltr'>ἔποι-</span> 
     </span>
    </p>
   </div>
   <div class='ocr_carea' id='block_1_12' title="bbox 308 1125 1899 1203">
    <p class='ocr_par' dir='ltr' id='par_1_12' title="bbox 308 1125 1899 1203">
     <span class='ocr_line' id='line_1_12' title="bbox 308 1125 1899 1203; baseline 0.004 -26"><span class='ocrx_word' id='word_1_72' title='bbox 308 1125 469 1180; x_wconf 78' lang='grc' dir='ltr'>οὗντο</span> <span class='ocrx_word' id='word_1_73' title='bbox 496 1128 728 1200; x_wconf 70' lang='grc' dir='ltr'>ψήφους,</span> <span class='ocrx_word' id='word_1_74' title='bbox 767 1130 1193 1202; x_wconf 79' lang='grc' dir='ltr'>δωροδοκοῦντες</span> <span class='ocrx_word' id='word_1_75' title='bbox 1226 1133 1536 1203; x_wconf 76' lang='grc' dir='ltr'><strong>ἀπλήστως,</strong></span> <span class='ocrx_word' id='word_1_76' title='bbox 1575 1133 1667 1185; x_wconf 80' lang='grc' dir='ltr'>καὶ</span> <span class='ocrx_word' id='word_1_77' title='bbox 1694 1131 1761 1185; x_wconf 74' lang='grc' dir='ltr'><strong>τὰ</strong></span> <span class='ocrx_word' id='word_1_78' title='bbox 1792 1132 1899 1184; x_wconf 83' lang='grc' dir='ltr'>τῶν</span> 
     </span>
    </p>
   </div>
   <div class='ocr_carea' id='block_1_13' title="bbox 311 1217 1900 1292">
    <p class='ocr_par' dir='ltr' id='par_1_13' title="bbox 311 1217 1900 1292">
     <span class='ocr_line' id='line_1_13' title="bbox 311 1217 1900 1292; baseline 0.007 -23"><span class='ocrx_word' id='word_1_79' title='bbox 311 1217 587 1273; x_wconf 88' lang='grc' dir='ltr'>πλουσίων</span> <span class='ocrx_word' id='word_1_80' title='bbox 640 1219 1020 1292; x_wconf 78' lang='grc' dir='ltr'>θαυμάζοντες</span> <span class='ocrx_word' id='word_1_81' title='bbox 1063 1222 1371 1291; x_wconf 83' lang='grc' dir='ltr'>πρόσωπα,</span> <span class='ocrx_word' id='word_1_82' title='bbox 1424 1224 1602 1278; x_wconf 83' lang='grc' dir='ltr'>καίτοι</span> <span class='ocrx_word' id='word_1_83' title='bbox 1656 1224 1747 1277; x_wconf 78' lang='grc' dir='ltr'>τοῦ</span> <span class='ocrx_word' id='word_1_84' title='bbox 1808 1225 1900 1280; x_wconf 83' lang='grc' dir='ltr'>διὰ</span> 
     </span>
    </p>
   </div>
   <div class='ocr_carea' id='block_1_14' title="bbox 310 1310 1897 1387">
    <p class='ocr_par' dir='ltr' id='par_1_14' title="bbox 310 1310 1897 1387">
     <span class='ocr_line' id='line_1_14' title="bbox 310 1310 1897 1387; baseline 0.006 -25"><span class='ocrx_word' id='word_1_85' title='bbox 310 1310 560 1375; x_wconf 80' lang='grc' dir='ltr'>Μωσέως</span> <span class='ocrx_word' id='word_1_86' title='bbox 605 1315 948 1384; x_wconf 77' lang='grc' dir='ltr'>κεκραγότος</span> <span class='ocrx_word' id='word_1_87' title='bbox 981 1314 1180 1384; x_wconf 67' lang='grc' dir='ltr'>νόμου*</span> <span class='ocrx_word' id='word_1_88' title='bbox 1230 1333 1248 1366; x_wconf 76' lang='grc' dir='ltr'><strong>ι</strong></span> <span class='ocrx_word' id='word_1_89' title='bbox 1305 1316 1493 1386; x_wconf 82' lang='grc' dir='ltr'>Κρίμα</span> <span class='ocrx_word' id='word_1_90' title='bbox 1531 1316 1734 1370; x_wconf 85' lang='grc' dir='ltr'>δίκαιον</span> <span class='ocrx_word' id='word_1_91' title='bbox 1777 1318 1897 1387; x_wconf 82' lang='grc' dir='ltr'>κρί-</span> 
     </span>
    </p>
   </div>
   <div class='ocr_carea' id='block_1_15' title="bbox 280 1400 1895 1478">
    <p class='ocr_par' dir='ltr' id='par_1_15' title="bbox 280 1400 1895 1478">
     <span class='ocr_line' id='line_1_15' title="bbox 280 1400 1895 1478; baseline 0.007 -29"><span class='ocrx_word' id='word_1_92' title='bbox 280 1400 462 1451; x_wconf 73' lang='grc' dir='ltr'>νατε·</span> <span class='ocrx_word' id='word_1_93' title='bbox 509 1419 528 1452; x_wconf 67' lang='grc' dir='ltr'><strong>ι</strong></span> <span class='ocrx_word' id='word_1_94' title='bbox 554 1402 652 1455; x_wconf 75' lang='grc' dir='ltr'>καὶ</span> <span class='ocrx_word' id='word_1_95' title='bbox 682 1403 766 1466; x_wconf 80' lang='grc' dir='ltr'>τὸ,</span> <span class='ocrx_word' id='word_1_96' title='bbox 796 1422 815 1455; x_wconf 80' lang='grc' dir='ltr'><strong>ι</strong></span> <span class='ocrx_word' id='word_1_97' title='bbox 841 1404 918 1456; x_wconf 79' lang='grc' dir='ltr'><strong>Οὐ</strong></span> <span class='ocrx_word' id='word_1_98' title='bbox 945 1404 1093 1475; x_wconf 71' lang='grc' dir='ltr'>λήψῃ</span> <span class='ocrx_word' id='word_1_99' title='bbox 1128 1404 1417 1476; x_wconf 83' lang='grc' dir='ltr'>πρόσωπον</span> <span class='ocrx_word' id='word_1_100' title='bbox 1439 1408 1496 1459; x_wconf 82' lang='grc' dir='ltr'>ὲν</span> <span class='ocrx_word' id='word_1_101' title='bbox 1526 1408 1725 1478; x_wconf 86' lang='grc' dir='ltr'>κρίσει,</span> <span class='ocrx_word' id='word_1_102' title='bbox 1762 1428 1779 1459; x_wconf 74' lang='grc' dir='ltr'><strong>ι</strong></span> <span class='ocrx_word' id='word_1_103' title='bbox 1811 1425 1895 1462; x_wconf 76' lang='grc' dir='ltr'>τι-</span> 
     </span>
    </p>
   </div>
   <div class='ocr_carea' id='block_1_16' title="bbox 304 1491 1897 1572">
    <p class='ocr_par' dir='ltr' id='par_1_16' title="bbox 304 1491 1897 1572">
     <span class='ocr_line' id='line_1_16' title="bbox 304 1491 1897 1572; baseline 0.008 -29"><span class='ocrx_word' id='word_1_104' title='bbox 304 1491 504 1556; x_wconf 82' lang='grc' dir='ltr'>θέντος</span> <span class='ocrx_word' id='word_1_105' title='bbox 550 1498 827 1565; x_wconf 75' lang='grc' dir='ltr'>πανταχῆ.</span> <span class='ocrx_word' id='word_1_106' title='bbox 890 1497 1040 1567; x_wconf 70' lang='grc' dir='ltr'>Αὕτη</span> <span class='ocrx_word' id='word_1_107' title='bbox 1082 1497 1281 1562; x_wconf 84' lang='grc' dir='ltr'>τοίνυν,</span> <span class='ocrx_word' id='word_1_108' title='bbox 1310 1501 1488 1569; x_wconf 66' lang='grc' dir='ltr'>φησιν,</span> <span class='ocrx_word' id='word_1_109' title='bbox 1525 1501 1559 1571; x_wconf 83' lang='grc' dir='ltr'><strong>ή</strong></span> <span class='ocrx_word' id='word_1_110' title='bbox 1593 1502 1768 1572; x_wconf 83' lang='grc' dir='ltr'>ἀρχή·</span> <span class='ocrx_word' id='word_1_111' title='bbox 1809 1502 1897 1555; x_wconf 87' lang='grc' dir='ltr'>λε-</span> 
     </span>
    </p>
   </div>
   <div class='ocr_carea' id='block_1_17' title="bbox 307 1582 1898 1663">
    <p class='ocr_par' dir='ltr' id='par_1_17' title="bbox 307 1582 1898 1663">
     <span class='ocr_line' id='line_1_17' title="bbox 307 1582 1898 1663; baseline 0.008 -29"><span class='ocrx_word' id='word_1_112' title='bbox 307 1582 539 1644; x_wconf 82' lang='grc' dir='ltr'>λόγιστο</span> <span class='ocrx_word' id='word_1_113' title='bbox 571 1585 628 1638; x_wconf 79' lang='grc' dir='ltr'>δὲ</span> <span class='ocrx_word' id='word_1_114' title='bbox 667 1588 762 1639; x_wconf 75' lang='grc' dir='ltr'>καὶ</span> <span class='ocrx_word' id='word_1_115' title='bbox 804 1591 882 1651; x_wconf 88' lang='grc' dir='ltr'><strong>είς</strong></span> <span class='ocrx_word' id='word_1_116' title='bbox 917 1590 1173 1662; x_wconf 78' lang='grc' dir='ltr'>κεφαλήν.</span> <span class='ocrx_word' id='word_1_117' title='bbox 1226 1590 1450 1663; x_wconf 72' lang='grc' dir='ltr'>Κεφαλὴ</span> <span class='ocrx_word' id='word_1_118' title='bbox 1499 1592 1608 1663; x_wconf 81' lang='grc' dir='ltr'><strong>γὰρ</strong></span> <span class='ocrx_word' id='word_1_119' title='bbox 1638 1593 1781 1646; x_wconf 80' lang='grc' dir='ltr'>λαῶν</span> <span class='ocrx_word' id='word_1_120' title='bbox 1824 1594 1898 1647; x_wconf 75' lang='grc' dir='ltr'><strong>ἱε-</strong></span> 
     </span>
    </p>
   </div>
   <div class='ocr_carea' id='block_1_18' title="bbox 308 1675 1897 1756">
    <p class='ocr_par' dir='ltr' id='par_1_18' title="bbox 308 1675 1897 1756">
     <span class='ocr_line' id='line_1_18' title="bbox 308 1675 1897 1756; baseline 0.014 -34"><span class='ocrx_word' id='word_1_121' title='bbox 308 1675 470 1746; x_wconf 76' lang='grc' dir='ltr'>ρεὺς,</span> <span class='ocrx_word' id='word_1_122' title='bbox 507 1677 637 1729; x_wconf 82' lang='grc' dir='ltr'>ὅταν</span> <span class='ocrx_word' id='word_1_123' title='bbox 665 1678 742 1742; x_wconf 86' lang='grc' dir='ltr'>ὡς</span> <span class='ocrx_word' id='word_1_124' title='bbox 773 1681 860 1747; x_wconf 79' lang='grc' dir='ltr'><strong>ἐφ’</strong></span> <span class='ocrx_word' id='word_1_125' title='bbox 894 1680 1012 1744; x_wconf 79' lang='grc' dir='ltr'>ἑνὸς</span> <span class='ocrx_word' id='word_1_126' title='bbox 1033 1685 1229 1736; x_wconf 77' lang='grc' dir='ltr'>νοεῖται</span> <span class='ocrx_word' id='word_1_127' title='bbox 1261 1682 1533 1753; x_wconf 80' lang='grc' dir='ltr'>σώματος.</span> <span class='ocrx_word' id='word_1_128' title='bbox 1561 1685 1897 1756; x_wconf 76' lang='grc' dir='ltr'>Συναφαιρε-</span> 
     </span>
    </p>
   </div>
   <div class='ocr_carea' id='block_1_19' title="bbox 308 1766 1899 1848">
    <p class='ocr_par' dir='ltr' id='par_1_19' title="bbox 308 1766 1899 1848">
     <span class='ocr_line' id='line_1_19' title="bbox 308 1766 1899 1848; baseline 0.008 -29"><span class='ocrx_word' id='word_1_129' title='bbox 308 1766 581 1837; x_wconf 82' lang='grc' dir='ltr'>θήσεσθαι</span> <span class='ocrx_word' id='word_1_130' title='bbox 616 1769 673 1823; x_wconf 83' lang='grc' dir='ltr'>δὲ</span> <span class='ocrx_word' id='word_1_131' title='bbox 712 1770 791 1841; x_wconf 81' lang='grc' dir='ltr'>τῷ</span> <span class='ocrx_word' id='word_1_132' title='bbox 838 1772 1112 1847; x_wconf 75' lang='grc' dir='ltr'>πρεσϐύτῃ</span> <span class='ocrx_word' id='word_1_133' title='bbox 1148 1776 1283 1844; x_wconf 69' lang='grc' dir='ltr'>φησι</span> <span class='ocrx_word' id='word_1_134' title='bbox 1329 1778 1424 1830; x_wconf 76' lang='grc' dir='ltr'>καὶ</span> <span class='ocrx_word' id='word_1_135' title='bbox 1472 1779 1760 1848; x_wconf 75' lang='grc' dir='ltr'>προφήτην</span> <span class='ocrx_word' id='word_1_136' title='bbox 1806 1779 1899 1831; x_wconf 76' lang='grc' dir='ltr'>καὶ</span> 
     </span>
    </p>
   </div>
   <div class='ocr_carea' id='block_1_20' title="bbox 2015 584 3590 658">
    <p class='ocr_par' dir='ltr' id='par_1_20' title="bbox 2015 584 3590 658">
     <span class='ocr_line' id='line_1_20' title="bbox 2015 584 3590 658; baseline 0.008 -25"><span class='ocrx_word' id='word_1_137' title='bbox 2015 593 2126 634; x_wconf 92' lang='lat' dir='ltr'><strong>tum</strong></span> <span class='ocrx_word' id='word_1_138' title='bbox 2155 584 2227 636; x_wconf 85' lang='lat' dir='ltr'><strong>sit</strong></span> <span class='ocrx_word' id='word_1_139' title='bbox 2258 584 2433 647; x_wconf 80' lang='lat' dir='ltr'><strong>vobis,</strong></span> <span class='ocrx_word' id='word_1_140' title='bbox 2470 594 2526 638; x_wconf 93' lang='lat' dir='ltr'><strong>et</strong></span> <span class='ocrx_word' id='word_1_141' title='bbox 2561 587 2657 639; x_wconf 89' lang='lat' dir='ltr'><strong>toti</strong></span> <span class='ocrx_word' id='word_1_142' title='bbox 2684 588 2901 656; x_wconf 90' lang='lat' dir='ltr'><strong>populo,</strong></span> <span class='ocrx_word' id='word_1_143' title='bbox 2933 591 3075 658; x_wconf 89' lang='lat' dir='ltr'><strong>quod</strong></span> <span class='ocrx_word' id='word_1_144' title='bbox 3113 593 3164 645; x_wconf 90' lang='lat' dir='ltr'><strong>in</strong></span> <span class='ocrx_word' id='word_1_145' title='bbox 3204 593 3422 649; x_wconf 83' lang='lat' dir='ltr'><strong>nomine</strong></span> <span class='ocrx_word' id='word_1_146' title='bbox 3465 592 3590 647; x_wconf 82' lang='lat' dir='ltr'><strong>Jesu</strong></span> 
     </span>
    </p>
   </div>
   <div class='ocr_carea' id='block_1_21' title="bbox 2014 673 3594 757">
    <p class='ocr_par' dir='ltr' id='par_1_21' title="bbox 2014 673 3594 757">
     <span class='ocr_line' id='line_1_21' title="bbox 2014 673 3594 757; baseline 0.008 -31"><span class='ocrx_word' id='word_1_147' title='bbox 2014 673 2251 729; x_wconf 63' lang='lat' dir='ltr'><strong>Nazarci</strong></span> <span class='ocrx_word' id='word_1_148' title='bbox 2281 675 2320 728; x_wconf 84' lang='lat'><strong>&#39;.</strong></span> <span class='ocrx_word' id='word_1_149' title='bbox 2357 694 2376 727; x_wconf 76' lang='grc' dir='ltr'><strong>ι</strong></span> <span class='ocrx_word' id='word_1_150' title='bbox 2409 677 2469 730; x_wconf 87' lang='lat' dir='ltr'><strong>lli</strong></span> <span class='ocrx_word' id='word_1_151' title='bbox 2503 680 2647 731; x_wconf 82' lang='lat' dir='ltr'><strong>enim</strong></span> <span class='ocrx_word' id='word_1_152' title='bbox 2675 681 2938 745; x_wconf 82' lang='lat' dir='ltr'><strong>seniores,</strong></span> <span class='ocrx_word' id='word_1_153' title='bbox 2977 700 3143 753; x_wconf 81' lang='lat' dir='ltr'><strong>penes</strong></span> <span class='ocrx_word' id='word_1_154' title='bbox 3177 700 3314 756; x_wconf 87' lang='lat' dir='ltr'><strong>quos</strong></span> <span class='ocrx_word' id='word_1_155' title='bbox 3342 686 3594 757; x_wconf 74' lang='lat' dir='ltr'><strong>judican-</strong></span> 
     </span>
    </p>
   </div>
   <div class='ocr_carea' id='block_1_22' title="bbox 2010 769 3593 851">
    <p class='ocr_par' dir='ltr' id='par_1_22' title="bbox 2010 769 3593 851">
     <span class='ocr_line' id='line_1_22' title="bbox 2010 769 3593 851; baseline 0.008 -31"><span class='ocrx_word' id='word_1_156' title='bbox 2010 769 2060 820; x_wconf 90' lang='lat' dir='ltr'><strong>di</strong></span> <span class='ocrx_word' id='word_1_157' title='bbox 2092 778 2330 835; x_wconf 79' lang='lat' dir='ltr'><strong>potestas</strong></span> <span class='ocrx_word' id='word_1_158' title='bbox 2358 780 2496 833; x_wconf 83' lang='lat' dir='ltr'><strong>erat,</strong></span> <span class='ocrx_word' id='word_1_159' title='bbox 2530 786 2635 826; x_wconf 91' lang='lat' dir='ltr'><strong>non</strong></span> <span class='ocrx_word' id='word_1_160' title='bbox 2666 783 2843 828; x_wconf 82' lang='lat' dir='ltr'><strong>rectas</strong></span> <span class='ocrx_word' id='word_1_161' title='bbox 2876 777 2940 829; x_wconf 90' lang='lat' dir='ltr'><strong>de</strong></span> <span class='ocrx_word' id='word_1_162' title='bbox 2985 778 3145 832; x_wconf 88' lang='lat' dir='ltr'><strong>rebus</strong></span> <span class='ocrx_word' id='word_1_163' title='bbox 3188 779 3415 851; x_wconf 86' lang='lat' dir='ltr'><strong>singulis</strong></span> <span class='ocrx_word' id='word_1_164' title='bbox 3456 778 3593 833; x_wconf 90' lang='lat' dir='ltr'><strong>tule-</strong></span> 
     </span>
    </p>
   </div>
   <div class='ocr_carea' id='block_1_23' title="bbox 2014 863 3589 937">
    <p class='ocr_par' dir='ltr' id='par_1_23' title="bbox 2014 863 3589 937">
     <span class='ocr_line' id='line_1_23' title="bbox 2014 863 3589 937; baseline 0.007 -25"><span class='ocrx_word' id='word_1_165' title='bbox 2014 869 2142 914; x_wconf 85' lang='lat' dir='ltr'><strong>runt</strong></span> <span class='ocrx_word' id='word_1_166' title='bbox 2183 863 2505 927; x_wconf 74' lang='lat' dir='ltr'><strong>sententias,</strong></span> <span class='ocrx_word' id='word_1_167' title='bbox 2566 864 2854 921; x_wconf 82' lang='lat' dir='ltr'><strong>insatiabili</strong></span> <span class='ocrx_word' id='word_1_168' title='bbox 2890 869 3183 937; x_wconf 76' lang='lat' dir='ltr'><strong>cupiditate</strong></span> <span class='ocrx_word' id='word_1_169' title='bbox 3235 886 3456 925; x_wconf 88' lang='lat' dir='ltr'><strong>munera</strong></span> <span class='ocrx_word' id='word_1_170' title='bbox 3496 888 3589 926; x_wconf 81' lang='lat' dir='ltr'><strong>ca-</strong></span> 
     </span>
    </p>
   </div>
   <div class='ocr_carea' id='block_1_24' title="bbox 2010 953 3589 1033">
    <p class='ocr_par' dir='ltr' id='par_1_24' title="bbox 2010 953 3589 1033">
     <span class='ocr_line' id='line_1_24' title="bbox 2010 953 3589 1033; baseline 0.011 -30"><span class='ocrx_word' id='word_1_171' title='bbox 2010 953 2239 1019; x_wconf 78' lang='lat' dir='ltr'><strong>pientes,</strong></span> <span class='ocrx_word' id='word_1_172' title='bbox 2289 962 2342 1006; x_wconf 89' lang='lat' dir='ltr'><strong>et</strong></span> <span class='ocrx_word' id='word_1_173' title='bbox 2397 957 2769 1024; x_wconf 79' lang='lat' dir='ltr'><strong>proximorum</strong></span> <span class='ocrx_word' id='word_1_174' title='bbox 2808 959 2976 1015; x_wconf 78' lang='lat' dir='ltr'><strong>facies</strong></span> <span class='ocrx_word' id='word_1_175' title='bbox 3014 962 3367 1025; x_wconf 71' lang='lat' dir='ltr'><strong>admirantes,</strong></span> <span class='ocrx_word' id='word_1_176' title='bbox 3414 980 3589 1033; x_wconf 82' lang='lat' dir='ltr'><strong>quan-</strong></span> 
     </span>
    </p>
   </div>
   <div class='ocr_carea' id='block_1_25' title="bbox 2011 1045 3586 1130">
    <p class='ocr_par' dir='ltr' id='par_1_25' title="bbox 2011 1045 3586 1130">
     <span class='ocr_line' id='line_1_25' title="bbox 2011 1045 3586 1130; baseline 0.013 -35"><span class='ocrx_word' id='word_1_177' title='bbox 2011 1045 2207 1098; x_wconf 77' lang='lat' dir='ltr'><strong>tumvis</strong></span> <span class='ocrx_word' id='word_1_178' title='bbox 2233 1046 2314 1099; x_wconf 77' lang='lat' dir='ltr'><strong>lex</strong></span> <span class='ocrx_word' id='word_1_179' title='bbox 2353 1063 2447 1115; x_wconf 88' lang='lat' dir='ltr'><strong>per</strong></span> <span class='ocrx_word' id='word_1_180' title='bbox 2480 1048 2661 1104; x_wconf 79' lang='lat' dir='ltr'><strong>Mosen</strong></span> <span class='ocrx_word' id='word_1_181' title='bbox 2690 1053 2949 1109; x_wconf 87' lang='lat' dir='ltr'><strong>clamaret</strong></span> <span class='ocrx_word' id='word_1_182' title='bbox 2984 1074 2997 1108; x_wconf 93' lang='lat'><strong>:</strong></span> <span class='ocrx_word' id='word_1_183' title='bbox 3031 1076 3049 1106; x_wconf 85' lang='grc'><strong><em>‹</em></strong></span> <span class='ocrx_word' id='word_1_184' title='bbox 3083 1054 3348 1112; x_wconf 74' lang='lat' dir='ltr'><strong>Iudicium</strong></span> <span class='ocrx_word' id='word_1_185' title='bbox 3381 1060 3586 1130; x_wconf 82' lang='lat' dir='ltr'><strong>justum</strong></span> 
     </span>
    </p>
   </div>
   <div class='ocr_carea' id='block_1_26' title="bbox 2001 1135 3588 1223">
    <p class='ocr_par' dir='ltr' id='par_1_26' title="bbox 2001 1135 3588 1223">
     <span class='ocr_line' id='line_1_26' title="bbox 2001 1135 3588 1223; baseline 0.012 -36"><span class='ocrx_word' id='word_1_186' title='bbox 2001 1135 2240 1201; x_wconf 74' lang='lat' dir='ltr'><strong>jttlicate</strong></span> <span class='ocrx_word' id='word_1_187' title='bbox 2272 1140 2332 1191; x_wconf 78' lang='lat'><strong>’2</strong></span> <span class='ocrx_word' id='word_1_188' title='bbox 2375 1159 2392 1190; x_wconf 73' lang='grc' dir='ltr'><strong>ι</strong></span> <span class='ocrx_word' id='word_1_189' title='bbox 2436 1152 2487 1194; x_wconf 73' lang='grc' dir='ltr'><strong>ιιι</strong></span> <span class='ocrx_word' id='word_1_190' title='bbox 2523 1141 2721 1211; x_wconf 84' lang='lat' dir='ltr'><strong>ubique</strong></span> <span class='ocrx_word' id='word_1_191' title='bbox 2773 1145 3071 1201; x_wconf 89' lang='lat' dir='ltr'><strong>inculcaret</strong></span> <span class='ocrx_word' id='word_1_192' title='bbox 3110 1166 3122 1201; x_wconf 88' lang='lat'><strong>:</strong></span> <span class='ocrx_word' id='word_1_193' title='bbox 3155 1167 3173 1199; x_wconf 85' lang='grc' dir='ltr'><strong>ι</strong></span> <span class='ocrx_word' id='word_1_194' title='bbox 3209 1149 3320 1203; x_wconf 84' lang='lat' dir='ltr'><strong>Non</strong></span> <span class='ocrx_word' id='word_1_195' title='bbox 3358 1152 3588 1223; x_wconf 74' lang='lat' dir='ltr'><strong>accipies</strong></span> 
     </span>
    </p>
   </div>
   <div class='ocr_carea' id='block_1_27' title="bbox 2008 1231 3584 1314">
    <p class='ocr_par' dir='ltr' id='par_1_27' title="bbox 2008 1231 3584 1314">
     <span class='ocr_line' id='line_1_27' title="bbox 2008 1231 3584 1314; baseline 0.012 -35"><span class='ocrx_word' id='word_1_196' title='bbox 2008 1242 2294 1295; x_wconf 78' lang='lat' dir='ltr'><strong>personam</strong></span> <span class='ocrx_word' id='word_1_197' title='bbox 2360 1231 2411 1283; x_wconf 90' lang='lat' dir='ltr'><strong>in</strong></span> <span class='ocrx_word' id='word_1_198' title='bbox 2460 1233 2665 1300; x_wconf 87' lang='lat' dir='ltr'><strong>judicio</strong></span> <span class='ocrx_word' id='word_1_199' title='bbox 2701 1234 2742 1288; x_wconf 81' lang='grc'>³.</span> <span class='ocrx_word' id='word_1_200' title='bbox 2794 1255 2813 1288; x_wconf 74' lang='grc' dir='ltr'><strong>ι</strong></span> <span class='ocrx_word' id='word_1_201' title='bbox 2860 1235 2972 1291; x_wconf 87' lang='lat' dir='ltr'><strong>Hoc</strong></span> <span class='ocrx_word' id='word_1_202' title='bbox 3024 1248 3108 1293; x_wconf 87' lang='lat' dir='ltr'><strong>cst</strong></span> <span class='ocrx_word' id='word_1_203' title='bbox 3153 1240 3335 1310; x_wconf 80' lang='lat' dir='ltr'><strong>igitur,</strong></span> <span class='ocrx_word' id='word_1_204' title='bbox 3391 1244 3584 1314; x_wconf 81' lang='lat' dir='ltr'><strong>inquit,</strong></span> 
     </span>
    </p>
   </div>
   <div class='ocr_carea' id='block_1_28' title="bbox 2008 1320 3583 1402">
    <p class='ocr_par' dir='ltr' id='par_1_28' title="bbox 2008 1320 3583 1402">
     <span class='ocr_line' id='line_1_28' title="bbox 2008 1320 3583 1402; baseline 0.011 -31"><span class='ocrx_word' id='word_1_205' title='bbox 2008 1320 2356 1389; x_wconf 86' lang='lat' dir='ltr'><strong>principium.</strong></span> <span class='ocrx_word' id='word_1_206' title='bbox 2388 1322 2635 1379; x_wconf 83' lang='lat' dir='ltr'><strong>Haltetttr</strong></span> <span class='ocrx_word' id='word_1_207' title='bbox 2654 1341 2783 1380; x_wconf 80' lang='lat' dir='ltr'><strong>vero</strong></span> <span class='ocrx_word' id='word_1_208' title='bbox 2814 1328 2978 1382; x_wconf 89' lang='lat' dir='ltr'><strong>etiam</strong></span> <span class='ocrx_word' id='word_1_209' title='bbox 3006 1342 3185 1399; x_wconf 87' lang='lat' dir='ltr'><strong>caput.</strong></span> <span class='ocrx_word' id='word_1_210' title='bbox 3223 1332 3397 1402; x_wconf 84' lang='lat' dir='ltr'><strong>Caput</strong></span> <span class='ocrx_word' id='word_1_211' title='bbox 3439 1336 3583 1388; x_wconf 88' lang='lat' dir='ltr'><strong>cttim</strong></span> 
     </span>
    </p>
   </div>
   <div class='ocr_carea' id='block_1_29' title="bbox 2006 1408 3586 1495">
    <p class='ocr_par' dir='ltr' id='par_1_29' title="bbox 2006 1408 3586 1495">
     <span class='ocr_line' id='line_1_29' title="bbox 2006 1408 3586 1495; baseline 0.013 -38"><span class='ocrx_word' id='word_1_212' title='bbox 2006 1408 2184 1477; x_wconf 84' lang='lat' dir='ltr'><strong>populi</strong></span> <span class='ocrx_word' id='word_1_213' title='bbox 2231 1413 2507 1477; x_wconf 85' lang='lat' dir='ltr'><strong>sacerdos,</strong></span> <span class='ocrx_word' id='word_1_214' title='bbox 2558 1418 2775 1484; x_wconf 78' lang='lat' dir='ltr'><strong>quando</strong></span> <span class='ocrx_word' id='word_1_215' title='bbox 2826 1420 2972 1474; x_wconf 89' lang='lat' dir='ltr'><strong>velut</strong></span> <span class='ocrx_word' id='word_1_216' title='bbox 3032 1422 3085 1475; x_wconf 91' lang='lat' dir='ltr'><strong>in</strong></span> <span class='ocrx_word' id='word_1_217' title='bbox 3122 1437 3229 1477; x_wconf 90' lang='lat' dir='ltr'><strong>uno</strong></span> <span class='ocrx_word' id='word_1_218' title='bbox 3273 1424 3586 1495; x_wconf 81' lang='lat' dir='ltr'><strong>intelligitur</strong></span> 
     </span>
    </p>
   </div>
   <div class='ocr_carea' id='block_1_30' title="bbox 2004 1501 3585 1591">
    <p class='ocr_par' dir='ltr' id='par_1_30' title="bbox 2004 1501 3585 1591">
     <span class='ocr_line' id='line_1_30' title="bbox 2004 1501 3585 1591; baseline 0.013 -41"><span class='ocrx_word' id='word_1_219' title='bbox 2004 1512 2252 1566; x_wconf 82' lang='lat' dir='ltr'><strong>corpore.</strong></span> <span class='ocrx_word' id='word_1_220' title='bbox 2300 1501 2665 1559; x_wconf 79' lang='lat' dir='ltr'><strong>Attl‘erendum</strong></span> <span class='ocrx_word' id='word_1_221' title='bbox 2717 1523 2846 1562; x_wconf 76' lang='lat' dir='ltr'><strong>vero</strong></span> <span class='ocrx_word' id='word_1_222' title='bbox 2880 1509 2956 1564; x_wconf 88' lang='lat' dir='ltr'><strong>ait</strong></span> <span class='ocrx_word' id='word_1_223' title='bbox 3008 1526 3129 1566; x_wconf 91' lang='lat' dir='ltr'><strong>cum</strong></span> <span class='ocrx_word' id='word_1_224' title='bbox 3173 1528 3323 1577; x_wconf 86' lang='lat' dir='ltr'><strong>sene,</strong></span> <span class='ocrx_word' id='word_1_225' title='bbox 3361 1527 3417 1591; x_wconf 37' lang='lat' dir='ltr'><strong>et.</strong></span> <span class='ocrx_word' id='word_1_226' title='bbox 3454 1530 3585 1586; x_wconf 87' lang='lat' dir='ltr'><strong>pro-</strong></span> 
     </span>
    </p>
   </div>
   <div class='ocr_carea' id='block_1_31' title="bbox 2006 1595 3583 1674">
    <p class='ocr_par' dir='ltr' id='par_1_31' title="bbox 2006 1595 3583 1674">
     <span class='ocr_line' id='line_1_31' title="bbox 2006 1595 3583 1674; baseline 0.014 -31"><span class='ocrx_word' id='word_1_227' title='bbox 2006 1595 2219 1661; x_wconf 88' lang='lat' dir='ltr'><strong>pbetant</strong></span> <span class='ocrx_word' id='word_1_228' title='bbox 2241 1606 2292 1650; x_wconf 87' lang='lat' dir='ltr'><strong>et</strong></span> <span class='ocrx_word' id='word_1_229' title='bbox 2315 1598 2597 1654; x_wconf 88' lang='lat' dir='ltr'><strong>docentem</strong></span> <span class='ocrx_word' id='word_1_230' title='bbox 2638 1601 2823 1671; x_wconf 86' lang='lat' dir='ltr'><strong>iniqua</strong></span> <span class='ocrx_word' id='word_1_231' title='bbox 2860 1619 3061 1674; x_wconf 89' lang='lat' dir='ltr'><strong>:qnem</strong></span> <span class='ocrx_word' id='word_1_232' title='bbox 3110 1608 3241 1664; x_wconf 87' lang='lat' dir='ltr'><strong>dicit</strong></span> <span class='ocrx_word' id='word_1_233' title='bbox 3289 1625 3410 1664; x_wconf 84' lang='lat' dir='ltr'><strong>esse</strong></span> <span class='ocrx_word' id='word_1_234' title='bbox 3457 1624 3583 1664; x_wconf 77' lang='lat' dir='ltr'><strong>cau~</strong></span> 
     </span>
    </p>
   </div>
   <div class='ocr_carea' id='block_1_32' title="bbox 2004 1684 3580 1770">
    <p class='ocr_par' dir='ltr' id='par_1_32' title="bbox 2004 1684 3580 1770">
     <span class='ocr_line' id='line_1_32' title="bbox 2004 1684 3580 1770; baseline 0.013 -35"><span class='ocrx_word' id='word_1_235' title='bbox 2004 1684 2150 1746; x_wconf 87' lang='lat' dir='ltr'><strong>dam,</strong></span> <span class='ocrx_word' id='word_1_236' title='bbox 2178 1685 2281 1740; x_wconf 90' lang='lat' dir='ltr'><strong>hoc</strong></span> <span class='ocrx_word' id='word_1_237' title='bbox 2311 1697 2412 1751; x_wconf 87' lang='lat' dir='ltr'><strong>est,</strong></span> <span class='ocrx_word' id='word_1_238' title='bbox 2446 1688 2497 1741; x_wconf 90' lang='lat' dir='ltr'><strong>id</strong></span> <span class='ocrx_word' id='word_1_239' title='bbox 2527 1692 2667 1757; x_wconf 88' lang='lat' dir='ltr'><strong>quod</strong></span> <span class='ocrx_word' id='word_1_240' title='bbox 2695 1693 2963 1761; x_wconf 86' lang='lat' dir='ltr'><strong>sequitur.</strong></span> <span class='ocrx_word' id='word_1_241' title='bbox 3002 1695 3168 1753; x_wconf 83' lang='lat' dir='ltr'><strong>Erant</strong></span> <span class='ocrx_word' id='word_1_242' title='bbox 3196 1701 3338 1753; x_wconf 88' lang='lat' dir='ltr'><strong>enim</strong></span> <span class='ocrx_word' id='word_1_243' title='bbox 3362 1702 3580 1770; x_wconf 87' lang='lat' dir='ltr'><strong>quidant</strong></span> 
     </span>
    </p>
   </div>
   <div class='ocr_carea' id='block_1_33' title="bbox 2005 1773 3577 1851">
    <p class='ocr_par' dir='ltr' id='par_1_33' title="bbox 2005 1773 3577 1851">
     <span class='ocr_line' id='line_1_33' title="bbox 2005 1773 3577 1851; baseline 0.015 -28"><span class='ocrx_word' id='word_1_244' title='bbox 2005 1775 2145 1841; x_wconf 86' lang='lat' dir='ltr'><strong>apud</strong></span> <span class='ocrx_word' id='word_1_245' title='bbox 2178 1773 2391 1830; x_wconf 74' lang='lat' dir='ltr'><strong>Iudtcos</strong></span> <span class='ocrx_word' id='word_1_246' title='bbox 2420 1780 2509 1847; x_wconf 89' lang='lat' dir='ltr'><strong>qui</strong></span> <span class='ocrx_word' id='word_1_247' title='bbox 2541 1780 2710 1850; x_wconf 81' lang='lat' dir='ltr'><strong>legem</strong></span> <span class='ocrx_word' id='word_1_248' title='bbox 2735 1799 2762 1834; x_wconf 92' lang='lat' dir='ltr'><strong>a</strong></span> <span class='ocrx_word' id='word_1_249' title='bbox 2801 1785 3201 1851; x_wconf 78' lang='lat' dir='ltr'><strong>sapientissimo</strong></span> <span class='ocrx_word' id='word_1_250' title='bbox 3226 1786 3370 1843; x_wconf 79' lang='lat' dir='ltr'><strong>llose</strong></span> <span class='ocrx_word' id='word_1_251' title='bbox 3395 1791 3577 1847; x_wconf 85' lang='lat' dir='ltr'><strong>datam</strong></span> 
     </span>
    </p>
   </div>
   <div class='ocr_carea' id='block_1_34' title="bbox 304 1847 1886 1950">
    <p class='ocr_par' dir='ltr' id='par_1_34' title="bbox 304 1860 1886 1940">
     <span class='ocr_line' id='line_1_34' title="bbox 304 1860 1886 1940; baseline 0.006 -28"><span class='ocrx_word' id='word_1_252' title='bbox 304 1860 633 1917; x_wconf 82' lang='grc' dir='ltr'>διδάσκοντα</span> <span class='ocrx_word' id='word_1_253' title='bbox 662 1863 860 1933; x_wconf 81' lang='grc' dir='ltr'>ἄνομα.</span> <span class='ocrx_word' id='word_1_254' title='bbox 893 1866 1001 1918; x_wconf 74' lang='grc' dir='ltr'><strong>Καὶ</strong></span> <span class='ocrx_word' id='word_1_255' title='bbox 1030 1866 1218 1919; x_wconf 81' lang='grc' dir='ltr'>τοῦτον</span> <span class='ocrx_word' id='word_1_256' title='bbox 1248 1864 1390 1921; x_wconf 80' lang='grc' dir='ltr'>εἷναί</span> <span class='ocrx_word' id='word_1_257' title='bbox 1419 1885 1554 1938; x_wconf 76' lang='grc' dir='ltr'>φησι</span> <span class='ocrx_word' id='word_1_258' title='bbox 1577 1868 1673 1940; x_wconf 75' lang='grc' dir='ltr'>τὴν</span> <span class='ocrx_word' id='word_1_259' title='bbox 1707 1870 1886 1940; x_wconf 68' lang='grc' dir='ltr'>ούρὶιν,</span> 
     </span>
    </p>
   </div>
   <div class='ocr_carea' id='block_1_35' title="bbox 1994 1847 3578 1950">
    <p class='ocr_par' dir='ltr' id='par_1_35' title="bbox 2003 1867 3578 1950">
     <span class='ocr_line' id='line_1_35' title="bbox 2003 1867 3578 1950; baseline 0.013 -34"><span class='ocrx_word' id='word_1_260' title='bbox 2003 1867 2500 1935; x_wconf 87' lang='lat' dir='ltr'><strong>interpretabantur</strong></span> <span class='ocrx_word' id='word_1_261' title='bbox 2547 1872 2784 1940; x_wconf 80' lang='lat' dir='ltr'><strong>quidem,</strong></span> <span class='ocrx_word' id='word_1_262' title='bbox 2841 1878 2934 1929; x_wconf 88' lang='lat' dir='ltr'><strong>sed</strong></span> <span class='ocrx_word' id='word_1_263' title='bbox 2996 1890 3251 1946; x_wconf 71' lang='lat' dir='ltr'><strong>perverse</strong></span> <span class='ocrx_word' id='word_1_264' title='bbox 3288 1879 3578 1950; x_wconf 78' lang='lat' dir='ltr'><strong>faciebant,</strong></span> 
     </span>
    </p>
   </div>
   <div class='ocr_carea' id='block_1_36' title="bbox 303 1952 1895 2033">
    <p class='ocr_par' dir='ltr' id='par_1_36' title="bbox 303 1952 1895 2033">
     <span class='ocr_line' id='line_1_36' title="bbox 303 1952 1895 2033; baseline 0.008 -30"><span class='ocrx_word' id='word_1_265' title='bbox 303 1953 453 2006; x_wconf 77' lang='grc' dir='ltr'>τοῦτ’</span> <span class='ocrx_word' id='word_1_266' title='bbox 491 1954 626 2017; x_wconf 77' lang='grc' dir='ltr'>ἐστι,</span> <span class='ocrx_word' id='word_1_267' title='bbox 657 1955 717 2007; x_wconf 75' lang='grc' dir='ltr'><strong>τὸ</strong></span> <span class='ocrx_word' id='word_1_268' title='bbox 750 1955 1035 2025; x_wconf 84' lang='grc' dir='ltr'>ἑπόμενον.</span> <span class='ocrx_word' id='word_1_269' title='bbox 1071 1952 1252 2012; x_wconf 86' lang='grc' dir='ltr'>Ἦσαν</span> <span class='ocrx_word' id='word_1_270' title='bbox 1292 1960 1393 2029; x_wconf 83' lang='grc' dir='ltr'>μὲν</span> <span class='ocrx_word' id='word_1_271' title='bbox 1428 1961 1540 2031; x_wconf 80' lang='grc' dir='ltr'>γάρ</span> <span class='ocrx_word' id='word_1_272' title='bbox 1575 1974 1721 2026; x_wconf 86' lang='grc' dir='ltr'>τινες</span> <span class='ocrx_word' id='word_1_273' title='bbox 1744 1962 1895 2033; x_wconf 71' lang='grc' dir='ltr'>παρὰ</span> 
     </span>
    </p>
   </div>
   <div class='ocr_carea' id='block_1_37' title="bbox 304 2044 1895 2127">
    <p class='ocr_par' dir='ltr' id='par_1_37' title="bbox 304 2044 1895 2127">
     <span class='ocr_line' id='line_1_37' title="bbox 304 2044 1895 2127; baseline 0.008 -32"><span class='ocrx_word' id='word_1_274' title='bbox 304 2045 415 2107; x_wconf 82' lang='grc' dir='ltr'>τοῖς</span> <span class='ocrx_word' id='word_1_275' title='bbox 449 2044 738 2113; x_wconf 80' lang='grc' dir='ltr'>Ἰουδαίοις,</span> <span class='ocrx_word' id='word_1_276' title='bbox 774 2048 865 2101; x_wconf 81' lang='grc' dir='ltr'>τὸν</span> <span class='ocrx_word' id='word_1_277' title='bbox 893 2048 981 2101; x_wconf 83' lang='grc' dir='ltr'>διὰ</span> <span class='ocrx_word' id='word_1_278' title='bbox 1020 2049 1110 2103; x_wconf 76' lang='grc' dir='ltr'><strong>τοῦ</strong></span> <span class='ocrx_word' id='word_1_279' title='bbox 1146 2052 1423 2121; x_wconf 78' lang='grc' dir='ltr'>πανσόφου</span> <span class='ocrx_word' id='word_1_280' title='bbox 1464 2053 1706 2117; x_wconf 78' lang='grc' dir='ltr'>Μωσέως</span> <span class='ocrx_word' id='word_1_281' title='bbox 1752 2054 1895 2127; x_wconf 78' lang='grc' dir='ltr'>διερ-</span> 
     </span>
    </p>
   </div>
   <div class='ocr_carea' id='block_1_38' title="bbox 310 2136 1915 2225">
    <p class='ocr_par' dir='ltr' id='par_1_38' title="bbox 310 2136 1915 2225">
     <span class='ocr_line' id='line_1_38' title="bbox 310 2136 1915 2225; baseline 0.01 -38"><span class='ocrx_word' id='word_1_282' title='bbox 310 2136 634 2206; x_wconf 82' lang='grc' dir='ltr'>μηνεόοντες</span> <span class='ocrx_word' id='word_1_283' title='bbox 686 2141 869 2210; x_wconf 76' lang='grc' dir='ltr'>νόμονο</span> <span class='ocrx_word' id='word_1_284' title='bbox 917 2142 1087 2216; x_wconf 84' lang='grc' dir='ltr'>ἔδρων</span> <span class='ocrx_word' id='word_1_285' title='bbox 1120 2143 1177 2196; x_wconf 78' lang='grc' dir='ltr'>δὲ</span> <span class='ocrx_word' id='word_1_286' title='bbox 1218 2144 1381 2197; x_wconf 73' lang='grc' dir='ltr'>τοῦτο</span> <span class='ocrx_word' id='word_1_287' title='bbox 1415 2140 1915 2225; x_wconf 65' lang='grc' dir='ltr'><strong>διεσστξραμμένως,ὶ</strong></span> 
     </span>
    </p>
   </div>
   <div class='ocr_carea' id='block_1_39' title="bbox 305 2228 1895 2311">
    <p class='ocr_par' dir='ltr' id='par_1_39' title="bbox 305 2228 1895 2311">
     <span class='ocr_line' id='line_1_39' title="bbox 305 2228 1895 2311; baseline 0.008 -31"><span class='ocrx_word' id='word_1_288' title='bbox 305 2231 419 2292; x_wconf 78' lang='grc' dir='ltr'>τοῖς</span> <span class='ocrx_word' id='word_1_289' title='bbox 441 2228 532 2283; x_wconf 81' lang='grc' dir='ltr'><strong>διὰ</strong></span> <span class='ocrx_word' id='word_1_290' title='bbox 560 2232 804 2296; x_wconf 82' lang='grc' dir='ltr'>Μωσέως</span> <span class='ocrx_word' id='word_1_291' title='bbox 828 2233 1007 2302; x_wconf 77' lang='grc' dir='ltr'>λόγοις</span> <span class='ocrx_word' id='word_1_292' title='bbox 1040 2236 1337 2304; x_wconf 73' lang='grc' dir='ltr'>ἐπάγοντες</span> <span class='ocrx_word' id='word_1_293' title='bbox 1370 2237 1472 2289; x_wconf 72' lang='grc' dir='ltr'>οὐκ</span> <span class='ocrx_word' id='word_1_294' title='bbox 1512 2237 1689 2309; x_wconf 80' lang='grc' dir='ltr'>ὀρθῶς</span> <span class='ocrx_word' id='word_1_295' title='bbox 1717 2255 1895 2311; x_wconf 88' lang='grc' dir='ltr'>παρα-</span> 
     </span>
    </p>
   </div>
   <div class='ocr_carea' id='block_1_40' title="bbox 306 2320 1895 2398">
    <p class='ocr_par' dir='ltr' id='par_1_40' title="bbox 306 2320 1895 2398">
     <span class='ocr_line' id='line_1_40' title="bbox 306 2320 1895 2398; baseline 0.008 -25"><span class='ocrx_word' id='word_1_296' title='bbox 306 2320 480 2386; x_wconf 82' lang='grc' dir='ltr'>δόσεις</span> <span class='ocrx_word' id='word_1_297' title='bbox 508 2324 805 2393; x_wconf 77' lang='grc' dir='ltr'>ἀγράφους,</span> <span class='ocrx_word' id='word_1_298' title='bbox 841 2327 1155 2397; x_wconf 74' lang='grc' dir='ltr'>ἐντάλματα</span> <span class='ocrx_word' id='word_1_299' title='bbox 1181 2326 1485 2398; x_wconf 79' lang='grc' dir='ltr'>ἀνθρὼπων</span> <span class='ocrx_word' id='word_1_300' title='bbox 1509 2329 1605 2385; x_wconf 77' lang='grc' dir='ltr'>καὶ</span> <span class='ocrx_word' id='word_1_301' title='bbox 1637 2330 1895 2385; x_wconf 81' lang='grc' dir='ltr'>διδασκα-</span> 
     </span>
    </p>
   </div>
   <div class='ocr_carea' id='block_1_41' title="bbox 308 2409 1887 2495">
    <p class='ocr_par' dir='ltr' id='par_1_41' title="bbox 308 2409 1887 2495">
     <span class='ocr_line' id='line_1_41' title="bbox 308 2409 1887 2495; baseline 0.009 -32"><span class='ocrx_word' id='word_1_302' title='bbox 308 2411 450 2476; x_wconf 89' lang='grc' dir='ltr'>λίας.</span> <span class='ocrx_word' id='word_1_303' title='bbox 488 2409 653 2469; x_wconf 71' lang='grc' dir='ltr'>Οὗτοι</span> <span class='ocrx_word' id='word_1_304' title='bbox 682 2416 775 2469; x_wconf 78' lang='grc' dir='ltr'>τὸν</span> <span class='ocrx_word' id='word_1_305' title='bbox 814 2418 922 2470; x_wconf 81' lang='grc' dir='ltr'><strong>τῶν</strong></span> <span class='ocrx_word' id='word_1_306' title='bbox 962 2419 1236 2473; x_wconf 84' lang='grc' dir='ltr'>Ἰουδαίων</span> <span class='ocrx_word' id='word_1_307' title='bbox 1275 2422 1655 2493; x_wconf 77' lang='grc' dir='ltr'>πεπλανηκασι</span> <span class='ocrx_word' id='word_1_308' title='bbox 1694 2423 1887 2495; x_wconf 77' lang='grc' dir='ltr'>δῆμον,</span> 
     </span>
    </p>
   </div>
   <div class='ocr_carea' id='block_1_42' title="bbox 310 2501 1892 2583">
    <p class='ocr_par' dir='ltr' id='par_1_42' title="bbox 310 2501 1892 2583">
     <span class='ocr_line' id='line_1_42' title="bbox 310 2501 1892 2583; baseline 0.011 -33"><span class='ocrx_word' id='word_1_309' title='bbox 310 2501 403 2552; x_wconf 71' lang='grc' dir='ltr'><strong>καὶ</strong></span> <span class='ocrx_word' id='word_1_310' title='bbox 432 2501 638 2572; x_wconf 75' lang='grc' dir='ltr'>γαῦρον</span> <span class='ocrx_word' id='word_1_311' title='bbox 685 2507 894 2576; x_wconf 75' lang='grc' dir='ltr'>ἐγεῖραι</span> <span class='ocrx_word' id='word_1_312' title='bbox 943 2507 1085 2560; x_wconf 85' lang='grc' dir='ltr'>κατὰ</span> <span class='ocrx_word' id='word_1_313' title='bbox 1131 2508 1367 2579; x_wconf 72' lang='grc' dir='ltr'>Χριστοῦ</span> <span class='ocrx_word' id='word_1_314' title='bbox 1422 2513 1756 2583; x_wconf 81' lang='grc' dir='ltr'>πεποιήκασι</span> <span class='ocrx_word' id='word_1_315' title='bbox 1798 2516 1892 2567; x_wconf 74' lang='grc' dir='ltr'><strong>τὸν</strong></span> 
     </span>
    </p>
   </div>
   <div class='ocr_carea' id='block_1_43' title="bbox 313 2594 1890 2668">
    <p class='ocr_par' dir='ltr' id='par_1_43' title="bbox 313 2594 1890 2668">
     <span class='ocr_line' id='line_1_43' title="bbox 313 2594 1890 2668; baseline 0.01 -25"><span class='ocrx_word' id='word_1_316' title='bbox 313 2594 533 2662; x_wconf 77' lang='grc' dir='ltr'>αὐχένα.</span> <span class='ocrx_word' id='word_1_317' title='bbox 603 2594 823 2666; x_wconf 81' lang='grc' dir='ltr'><strong>Ἐπειδὴ</strong></span> <span class='ocrx_word' id='word_1_318' title='bbox 867 2598 1045 2650; x_wconf 77' lang='grc' dir='ltr'>τοίνυν</span> <span class='ocrx_word' id='word_1_319' title='bbox 1084 2598 1298 2652; x_wconf 80' lang='grc' dir='ltr'>εἵποντο</span> <span class='ocrx_word' id='word_1_320' title='bbox 1331 2600 1426 2652; x_wconf 74' lang='grc' dir='ltr'>καὶ</span> <span class='ocrx_word' id='word_1_321' title='bbox 1453 2594 1596 2654; x_wconf 73' lang='grc' dir='ltr'>οὗτοι</span> <span class='ocrx_word' id='word_1_322' title='bbox 1630 2607 1743 2668; x_wconf 84' lang='grc' dir='ltr'>ταῖς</span> <span class='ocrx_word' id='word_1_323' title='bbox 1783 2605 1890 2658; x_wconf 81' lang='grc' dir='ltr'>τῶν</span> 
     </span>
    </p>
   </div>
   <div class='ocr_carea' id='block_1_44' title="bbox 319 2674 1887 2767">
    <p class='ocr_par' dir='ltr' id='par_1_44' title="bbox 319 2674 1887 2767">
     <span class='ocr_line' id='line_1_44' title="bbox 319 2674 1887 2767; baseline 0.013 -34"><span class='ocrx_word' id='word_1_324' title='bbox 319 2683 511 2751; x_wconf 81' lang='grc' dir='ltr'>ἱερέων</span> <span class='ocrx_word' id='word_1_325' title='bbox 534 2674 884 2755; x_wconf 81' lang='grc' dir='ltr'>γνὼμαις,ὀῖ</span> <span class='ocrx_word' id='word_1_326' title='bbox 918 2689 1014 2741; x_wconf 70' lang='grc' dir='ltr'>καὶ</span> <span class='ocrx_word' id='word_1_327' title='bbox 1043 2688 1102 2741; x_wconf 77' lang='grc' dir='ltr'>ἐν</span> <span class='ocrx_word' id='word_1_328' title='bbox 1141 2690 1288 2754; x_wconf 76' lang='grc' dir='ltr'>τάξει</span> <span class='ocrx_word' id='word_1_329' title='bbox 1334 2693 1571 2748; x_wconf 78' lang='grc' dir='ltr'>τέθειντο</span> <span class='ocrx_word' id='word_1_330' title='bbox 1597 2696 1692 2765; x_wconf 79' lang='grc' dir='ltr'>τῆς</span> <span class='ocrx_word' id='word_1_331' title='bbox 1719 2715 1887 2767; x_wconf 73' lang='grc' dir='ltr'>κεφα-</span> 
     </span>
    </p>
   </div>
   <div class='ocr_carea' id='block_1_45' title="bbox 314 2765 1910 2854">
    <p class='ocr_par' dir='ltr' id='par_1_45' title="bbox 314 2765 1910 2854">
     <span class='ocr_line' id='line_1_45' title="bbox 314 2765 1910 2854; baseline 0.017 -39"><span class='ocrx_word' id='word_1_332' title='bbox 314 2765 436 2834; x_wconf 83' lang='grc' dir='ltr'>λῆς,</span> <span class='ocrx_word' id='word_1_333' title='bbox 473 2767 640 2837; x_wconf 71' lang='grc' dir='ltr'>οὐρὰν</span> <span class='ocrx_word' id='word_1_334' title='bbox 669 2769 955 2841; x_wconf 80' lang='grc' dir='ltr'>ὠνόμασεν</span> <span class='ocrx_word' id='word_1_335' title='bbox 995 2776 1212 2840; x_wconf 81' lang='grc' dir='ltr'>αὐτούς.</span> <span class='ocrx_word' id='word_1_336' title='bbox 1276 2777 1361 2842; x_wconf 82' lang='grc' dir='ltr'>Ὠς</span> <span class='ocrx_word' id='word_1_337' title='bbox 1395 2781 1502 2851; x_wconf 68' lang='grc' dir='ltr'>γὰρ</span> <span class='ocrx_word' id='word_1_338' title='bbox 1552 2784 1704 2854; x_wconf 68' lang='grc' dir='ltr'>ἔφην,</span> <span class='ocrx_word' id='word_1_339' title='bbox 1760 2788 1910 2841; x_wconf 53' lang='grc' dir='ltr'>ὅταν</span> 
     </span>
    </p>
   </div>
   <div class='ocr_carea' id='block_1_46' title="bbox 315 2858 1889 2949">
    <p class='ocr_par' dir='ltr' id='par_1_46' title="bbox 315 2858 1889 2949">
     <span class='ocr_line' id='line_1_46' title="bbox 315 2858 1889 2949; baseline 0.016 -42"><span class='ocrx_word' id='word_1_340' title='bbox 315 2858 391 2920; x_wconf 70' lang='grc' dir='ltr'>ὡς</span> <span class='ocrx_word' id='word_1_341' title='bbox 425 2860 512 2927; x_wconf 74' lang='grc' dir='ltr'><strong>ἐφ’</strong></span> <span class='ocrx_word' id='word_1_342' title='bbox 540 2860 658 2923; x_wconf 70' lang='grc' dir='ltr'>ἑνὸς</span> <span class='ocrx_word' id='word_1_343' title='bbox 685 2863 894 2933; x_wconf 86' lang='grc' dir='ltr'>νοῶμεν</span> <span class='ocrx_word' id='word_1_344' title='bbox 926 2865 1193 2936; x_wconf 87' lang='grc' dir='ltr'>σώματος,</span> <span class='ocrx_word' id='word_1_345' title='bbox 1221 2869 1407 2926; x_wconf 77' lang='grc' dir='ltr'>ἕπεται</span> <span class='ocrx_word' id='word_1_346' title='bbox 1448 2872 1663 2940; x_wconf 78' lang='grc' dir='ltr'>πάντως</span> <span class='ocrx_word' id='word_1_347' title='bbox 1695 2880 1725 2947; x_wconf 76' lang='grc' dir='ltr'>ἡ</span> <span class='ocrx_word' id='word_1_348' title='bbox 1754 2881 1889 2949; x_wconf 70' lang='grc' dir='ltr'>οὐρὰ</span> 
     </span>
    </p>
   </div>
   <div class='ocr_carea' id='block_1_47' title="bbox 315 2951 1887 3040">
    <p class='ocr_par' dir='ltr' id='par_1_47' title="bbox 315 2951 1887 3040">
     <span class='ocr_line' id='line_1_47' title="bbox 315 2951 1887 3040; baseline 0.026 -52"><span class='ocrx_word' id='word_1_349' title='bbox 315 2951 382 3019; x_wconf 72' lang='grc' dir='ltr'><strong>τῇ</strong></span> <span class='ocrx_word' id='word_1_350' title='bbox 416 2951 649 3022; x_wconf 68' lang='grc' dir='ltr'>κεφαλῇ,</span> <span class='ocrx_word' id='word_1_351' title='bbox 695 2954 905 3027; x_wconf 80' lang='grc' dir='ltr'>Ἐπειδὴ</span> <span class='ocrx_word' id='word_1_352' title='bbox 936 2956 990 3009; x_wconf 84' lang='grc' dir='ltr'>δὲ</span> <span class='ocrx_word' id='word_1_353' title='bbox 1032 2963 1310 3032; x_wconf 75' lang='grc' dir='ltr'>προφήτας</span> <span class='ocrx_word' id='word_1_354' title='bbox 1341 2964 1625 3037; x_wconf 84' lang='grc' dir='ltr'>ὠνόμασεν</span> <span class='ocrx_word' id='word_1_355' title='bbox 1669 2975 1887 3040; x_wconf 71' lang='grc' dir='ltr'>αὐτοὺς,</span> 
     </span>
    </p>
   </div>
   <div class='ocr_carea' id='block_1_48' title="bbox 311 3041 1901 3133">
    <p class='ocr_par' dir='ltr' id='par_1_48' title="bbox 311 3041 1901 3133">
     <span class='ocr_line' id='line_1_48' title="bbox 311 3041 1901 3133; baseline 0.018 -41"><span class='ocrx_word' id='word_1_356' title='bbox 311 3043 412 3111; x_wconf 82' lang='grc' dir='ltr'><strong>οὐχ</strong></span> <span class='ocrx_word' id='word_1_357' title='bbox 452 3041 644 3111; x_wconf 75' lang='grc' dir='ltr'>ἁγίους</span> <span class='ocrx_word' id='word_1_358' title='bbox 687 3042 824 3099; x_wconf 83' lang='grc' dir='ltr'>εἶναι</span> <span class='ocrx_word' id='word_1_359' title='bbox 856 3048 948 3101; x_wconf 82' lang='grc' dir='ltr'>καὶ</span> <span class='ocrx_word' id='word_1_360' title='bbox 980 3049 1201 3121; x_wconf 81' lang='grc' dir='ltr'>ἀληθείς</span> <span class='ocrx_word' id='word_1_361' title='bbox 1249 3053 1598 3128; x_wconf 83' lang='grc' dir='ltr'>λογιούμεθα.</span> <span class='ocrx_word' id='word_1_362' title='bbox 1651 3048 1901 3133; x_wconf 64' lang='grc' dir='ltr'><strong>Προστέ-ἶ</strong></span> 
     </span>
    </p>
   </div>
   <div class='ocr_carea' id='block_1_49' title="bbox 308 3131 1888 3224">
    <p class='ocr_par' dir='ltr' id='par_1_49' title="bbox 308 3131 1888 3224">
     <span class='ocr_line' id='line_1_49' title="bbox 308 3131 1888 3224; baseline 0.018 -42"><span class='ocrx_word' id='word_1_363' title='bbox 308 3131 457 3184; x_wconf 86' lang='grc' dir='ltr'>θεικε</span> <span class='ocrx_word' id='word_1_364' title='bbox 505 3132 613 3203; x_wconf 75' lang='grc' dir='ltr'>γὰρ</span> <span class='ocrx_word' id='word_1_365' title='bbox 656 3134 736 3200; x_wconf 83' lang='grc' dir='ltr'>τὸ,</span> <span class='ocrx_word' id='word_1_366' title='bbox 771 3136 851 3188; x_wconf 84' lang='grc' dir='ltr'>ὅτι</span> <span class='ocrx_word' id='word_1_367' title='bbox 887 3137 1231 3194; x_wconf 83' lang='grc' dir='ltr'>διδάσκουσιν</span> <span class='ocrx_word' id='word_1_368' title='bbox 1279 3144 1479 3218; x_wconf 77' lang='grc' dir='ltr'>ἄνομα.</span> <span class='ocrx_word' id='word_1_369' title='bbox 1530 3151 1674 3224; x_wconf 80' lang='grc' dir='ltr'>Πλὴν</span> <span class='ocrx_word' id='word_1_370' title='bbox 1702 3131 1888 3211; x_wconf 28' lang='grc' dir='ltr'>’ἐκεῖνό</span> 
     </span>
    </p>
   </div>
   <div class='ocr_carea' id='block_1_50' title="bbox 303 3220 1885 3316">
    <p class='ocr_par' dir='ltr' id='par_1_50' title="bbox 303 3220 1885 3316">
     <span class='ocr_line' id='line_1_50' title="bbox 303 3220 1885 3316; baseline 0.016 -42"><span class='ocrx_word' id='word_1_371' title='bbox 303 3239 510 3316; x_wconf 77' lang='grc' dir='ltr'>φαμεν·</span> <span class='ocrx_word' id='word_1_372' title='bbox 529 3220 709 3282; x_wconf 88' lang='grc' dir='ltr'>Ἦσαν</span> <span class='ocrx_word' id='word_1_373' title='bbox 742 3227 845 3298; x_wconf 87' lang='grc' dir='ltr'>μὲν</span> <span class='ocrx_word' id='word_1_374' title='bbox 870 3228 980 3300; x_wconf 83' lang='grc' dir='ltr'><strong>γὰρ</strong></span> <span class='ocrx_word' id='word_1_375' title='bbox 999 3232 1057 3283; x_wconf 86' lang='grc' dir='ltr'>ὲν</span> <span class='ocrx_word' id='word_1_376' title='bbox 1082 3231 1161 3303; x_wconf 81' lang='grc' dir='ltr'>τῷ</span> <span class='ocrx_word' id='word_1_377' title='bbox 1203 3234 1417 3308; x_wconf 81' lang='grc' dir='ltr'>Ἰσραὴλ</span> <span class='ocrx_word' id='word_1_378' title='bbox 1443 3220 1885 3316; x_wconf 76' lang='grc' dir='ltr'>ψευδοπροφῆται</span> 
     </span>
    </p>
   </div>
   <div class='ocr_carea' id='block_1_51' title="bbox 2008 1957 3580 2028">
    <p class='ocr_par' dir='ltr' id='par_1_51' title="bbox 2008 1957 3580 2028">
     <span class='ocr_line' id='line_1_51' title="bbox 2008 1957 3580 2028; baseline 0.012 -19"><span class='ocrx_word' id='word_1_379' title='bbox 2008 1957 2256 2014; x_wconf 73' lang='lat' dir='ltr'><strong>Mosaicis</strong></span> <span class='ocrx_word' id='word_1_380' title='bbox 2297 1961 2476 2015; x_wconf 77' lang='lat' dir='ltr'><strong>verbis</strong></span> <span class='ocrx_word' id='word_1_381' title='bbox 2514 1962 2831 2019; x_wconf 68' lang='lat' dir='ltr'><strong>inducentes</strong></span> <span class='ocrx_word' id='word_1_382' title='bbox 2861 1965 3000 2021; x_wconf 80' lang='lat' dir='ltr'><strong>haud</strong></span> <span class='ocrx_word' id='word_1_383' title='bbox 3050 1979 3195 2023; x_wconf 86' lang='lat' dir='ltr'><strong>recte</strong></span> <span class='ocrx_word' id='word_1_384' title='bbox 3260 1971 3580 2028; x_wconf 89' lang='lat' dir='ltr'><strong>traditiones</strong></span> 
     </span>
    </p>
   </div>
   <div class='ocr_carea' id='block_1_52' title="bbox 2004 2052 3574 2129">
    <p class='ocr_par' dir='ltr' id='par_1_52' title="bbox 2004 2052 3574 2129">
     <span class='ocr_line' id='line_1_52' title="bbox 2004 2052 3574 2129; baseline 0.013 -30"><span class='ocrx_word' id='word_1_385' title='bbox 2004 2063 2107 2101; x_wconf 84' lang='lat' dir='ltr'><strong>non</strong></span> <span class='ocrx_word' id='word_1_386' title='bbox 2139 2052 2388 2120; x_wconf 86' lang='lat' dir='ltr'><strong>scriptas,</strong></span> <span class='ocrx_word' id='word_1_387' title='bbox 2440 2058 2692 2110; x_wconf 87' lang='lat' dir='ltr'><strong>mandata</strong></span> <span class='ocrx_word' id='word_1_388' title='bbox 2742 2058 3022 2113; x_wconf 86' lang='lat' dir='ltr'><strong>hominum</strong></span> <span class='ocrx_word' id='word_1_389' title='bbox 3061 2071 3224 2129; x_wconf 87' lang='lat' dir='ltr'><strong>atque</strong></span> <span class='ocrx_word' id='word_1_390' title='bbox 3283 2062 3574 2120; x_wconf 82' lang='lat' dir='ltr'><strong>doctrinas.</strong></span> 
     </span>
    </p>
   </div>
   <div class='ocr_carea' id='block_1_53' title="bbox 2009 2139 3577 2224">
    <p class='ocr_par' dir='ltr' id='par_1_53' title="bbox 2009 2139 3577 2224">
     <span class='ocr_line' id='line_1_53' title="bbox 2009 2139 3577 2224; baseline 0.01 -29"><span class='ocrx_word' id='word_1_391' title='bbox 2009 2139 2072 2195; x_wconf 82' lang='lat' dir='ltr'><strong>Hi</strong></span> <span class='ocrx_word' id='word_1_392' title='bbox 2105 2142 2381 2199; x_wconf 78' lang='lat' dir='ltr'><strong>Judaicam</strong></span> <span class='ocrx_word' id='word_1_393' title='bbox 2432 2146 2638 2217; x_wconf 88' lang='lat' dir='ltr'><strong>plebem</strong></span> <span class='ocrx_word' id='word_1_394' title='bbox 2686 2153 3033 2221; x_wconf 84' lang='lat' dir='ltr'><strong>deceperuut,</strong></span> <span class='ocrx_word' id='word_1_395' title='bbox 3079 2166 3131 2206; x_wconf 90' lang='lat' dir='ltr'><strong>et</strong></span> <span class='ocrx_word' id='word_1_396' title='bbox 3186 2163 3242 2206; x_wconf 89' lang='lat' dir='ltr'><strong>ut</strong></span> <span class='ocrx_word' id='word_1_397' title='bbox 3284 2156 3577 2224; x_wconf 80' lang='lat' dir='ltr'><strong>superbam</strong></span> 
     </span>
    </p>
   </div>
   <div class='ocr_carea' id='block_1_54' title="bbox 2002 2234 3575 2315">
    <p class='ocr_par' dir='ltr' id='par_1_54' title="bbox 2002 2234 3575 2315">
     <span class='ocr_line' id='line_1_54' title="bbox 2002 2234 3575 2315; baseline 0.011 -29"><span class='ocrx_word' id='word_1_398' title='bbox 2002 2234 2273 2291; x_wconf 83' lang='lat' dir='ltr'><strong>cervicem</strong></span> <span class='ocrx_word' id='word_1_399' title='bbox 2343 2250 2531 2293; x_wconf 87' lang='lat' dir='ltr'><strong>contra</strong></span> <span class='ocrx_word' id='word_1_400' title='bbox 2596 2239 2874 2296; x_wconf 87' lang='lat' dir='ltr'><strong>Christum</strong></span> <span class='ocrx_word' id='word_1_401' title='bbox 2941 2245 3197 2315; x_wconf 76' lang='lat' dir='ltr'><strong>erigeret,</strong></span> <span class='ocrx_word' id='word_1_402' title='bbox 3260 2245 3575 2307; x_wconf 76' lang='lat' dir='ltr'><strong>eﬂ‘ecerunt.</strong></span> 
     </span>
    </p>
   </div>
   <div class='ocr_carea' id='block_1_55' title="bbox 2001 2324 3577 2405">
    <p class='ocr_par' dir='ltr' id='par_1_55' title="bbox 2001 2324 3577 2405">
     <span class='ocr_line' id='line_1_55' title="bbox 2001 2324 3577 2405; baseline 0.01 -28"><span class='ocrx_word' id='word_1_403' title='bbox 2001 2324 2265 2391; x_wconf 82' lang='lat' dir='ltr'><strong>Quoniam</strong></span> <span class='ocrx_word' id='word_1_404' title='bbox 2300 2328 2463 2400; x_wconf 85' lang='lat' dir='ltr'><strong>igitur</strong></span> <span class='ocrx_word' id='word_1_405' title='bbox 2497 2333 2864 2399; x_wconf 75' lang='lat' dir='ltr'><strong>sequebantur</strong></span> <span class='ocrx_word' id='word_1_406' title='bbox 2908 2334 2958 2388; x_wconf 88' lang='lat' dir='ltr'><strong>hi</strong></span> <span class='ocrx_word' id='word_1_407' title='bbox 2991 2349 3205 2405; x_wconf 88' lang='lat' dir='ltr'><strong>quoque</strong></span> <span class='ocrx_word' id='word_1_408' title='bbox 3235 2340 3577 2393; x_wconf 77' lang='lat' dir='ltr'><strong>sacerdotum</strong></span> 
     </span>
    </p>
   </div>
   <div class='ocr_carea' id='block_1_56' title="bbox 1999 2420 3577 2496">
    <p class='ocr_par' dir='ltr' id='par_1_56' title="bbox 1999 2420 3577 2496">
     <span class='ocr_line' id='line_1_56' title="bbox 1999 2420 3577 2496; baseline 0.008 -24"><span class='ocrx_word' id='word_1_409' title='bbox 1999 2420 2320 2485; x_wconf 79' lang='lat' dir='ltr'><strong>sententias,</strong></span> <span class='ocrx_word' id='word_1_410' title='bbox 2358 2421 2448 2490; x_wconf 88' lang='lat' dir='ltr'><strong>qui</strong></span> <span class='ocrx_word' id='word_1_411' title='bbox 2498 2421 2552 2475; x_wconf 91' lang='lat' dir='ltr'><strong>in</strong></span> <span class='ocrx_word' id='word_1_412' title='bbox 2602 2424 2790 2478; x_wconf 90' lang='lat' dir='ltr'><strong>ordine</strong></span> <span class='ocrx_word' id='word_1_413' title='bbox 2828 2424 3052 2495; x_wconf 88' lang='lat' dir='ltr'><strong>locoque</strong></span> <span class='ocrx_word' id='word_1_414' title='bbox 3092 2428 3284 2496; x_wconf 80' lang='lat' dir='ltr'><strong>capitis</strong></span> <span class='ocrx_word' id='word_1_415' title='bbox 3330 2431 3577 2485; x_wconf 81' lang='lat' dir='ltr'><strong>collocati</strong></span> 
     </span>
    </p>
   </div>
   <div class='ocr_carea' id='block_1_57' title="bbox 1997 2512 3575 2582">
    <p class='ocr_par' dir='ltr' id='par_1_57' title="bbox 1997 2512 3575 2582">
     <span class='ocr_line' id='line_1_57' title="bbox 1997 2512 3575 2582; baseline 0.006 -20"><span class='ocrx_word' id='word_1_416' title='bbox 1997 2521 2145 2575; x_wconf 84' lang='lat' dir='ltr'><strong>sunt,</strong></span> <span class='ocrx_word' id='word_1_417' title='bbox 2179 2525 2272 2564; x_wconf 89' lang='lat' dir='ltr'><strong>eos</strong></span> <span class='ocrx_word' id='word_1_418' title='bbox 2305 2512 2531 2565; x_wconf 84' lang='lat' dir='ltr'><strong>caudam</strong></span> <span class='ocrx_word' id='word_1_419' title='bbox 2557 2514 2873 2568; x_wconf 84' lang='lat' dir='ltr'><strong>nominavit.</strong></span> <span class='ocrx_word' id='word_1_420' title='bbox 2899 2514 3054 2579; x_wconf 85' lang='lat' dir='ltr'><strong>Nam,</strong></span> <span class='ocrx_word' id='word_1_421' title='bbox 3083 2527 3137 2568; x_wconf 92' lang='lat' dir='ltr'><strong>ut</strong></span> <span class='ocrx_word' id='word_1_422' title='bbox 3166 2518 3431 2582; x_wconf 86' lang='lat' dir='ltr'><strong>dicebam,</strong></span> <span class='ocrx_word' id='word_1_423' title='bbox 3456 2536 3575 2573; x_wconf 90' lang='lat' dir='ltr'><strong>cum</strong></span> 
     </span>
    </p>
   </div>
   <div class='ocr_carea' id='block_1_58' title="bbox 1996 2601 3578 2683">
    <p class='ocr_par' dir='ltr' id='par_1_58' title="bbox 1996 2601 3578 2683">
     <span class='ocr_line' id='line_1_58' title="bbox 1996 2601 3578 2683; baseline 0.008 -28"><span class='ocrx_word' id='word_1_424' title='bbox 1996 2601 2062 2655; x_wconf 81' lang='lat' dir='ltr'><strong>de</strong></span> <span class='ocrx_word' id='word_1_425' title='bbox 2094 2618 2202 2656; x_wconf 86' lang='lat' dir='ltr'><strong>uno</strong></span> <span class='ocrx_word' id='word_1_426' title='bbox 2251 2603 2597 2673; x_wconf 70' lang='lat' dir='ltr'><strong>intelligimus</strong></span> <span class='ocrx_word' id='word_1_427' title='bbox 2647 2623 2892 2676; x_wconf 83' lang='lat' dir='ltr'><strong>corpore,</strong></span> <span class='ocrx_word' id='word_1_428' title='bbox 2944 2611 3114 2663; x_wconf 86' lang='lat' dir='ltr'><strong>cauda</strong></span> <span class='ocrx_word' id='word_1_429' title='bbox 3156 2625 3369 2680; x_wconf 66' lang='lat' dir='ltr'><strong>semper</strong></span> <span class='ocrx_word' id='word_1_430' title='bbox 3417 2625 3578 2683; x_wconf 85' lang='lat' dir='ltr'><strong>caput</strong></span> 
     </span>
    </p>
   </div>
   <div class='ocr_carea' id='block_1_59' title="bbox 1996 2693 3573 2772">
    <p class='ocr_par' dir='ltr' id='par_1_59' title="bbox 1996 2693 3573 2772">
     <span class='ocr_line' id='line_1_59' title="bbox 1996 2693 3573 2772; baseline 0.008 -25"><span class='ocrx_word' id='word_1_431' title='bbox 1996 2693 2365 2764; x_wconf 79' lang='lat' dir='ltr'><strong>subsequitur.</strong></span> <span class='ocrx_word' id='word_1_432' title='bbox 2419 2696 2554 2751; x_wconf 82' lang='lat' dir='ltr'><strong>Cum</strong></span> <span class='ocrx_word' id='word_1_433' title='bbox 2603 2707 2781 2753; x_wconf 86' lang='lat' dir='ltr'><strong>autem</strong></span> <span class='ocrx_word' id='word_1_434' title='bbox 2834 2701 3123 2769; x_wconf 80' lang='lat' dir='ltr'><strong>prophetas</strong></span> <span class='ocrx_word' id='word_1_435' title='bbox 3175 2703 3405 2772; x_wconf 79' lang='lat' dir='ltr'><strong>appellat</strong></span> <span class='ocrx_word' id='word_1_436' title='bbox 3458 2716 3573 2768; x_wconf 83' lang='lat' dir='ltr'><strong>eos,</strong></span> 
     </span>
    </p>
   </div>
   <div class='ocr_carea' id='block_1_60' title="bbox 1995 2787 3575 2868">
    <p class='ocr_par' dir='ltr' id='par_1_60' title="bbox 1995 2787 3575 2868">
     <span class='ocr_line' id='line_1_60' title="bbox 1995 2787 3575 2868; baseline 0.007 -30"><span class='ocrx_word' id='word_1_437' title='bbox 1995 2787 2217 2844; x_wconf 89' lang='lat' dir='ltr'><strong>minime</strong></span> <span class='ocrx_word' id='word_1_438' title='bbox 2257 2800 2477 2845; x_wconf 88' lang='lat' dir='ltr'><strong>sanctos</strong></span> <span class='ocrx_word' id='word_1_439' title='bbox 2518 2805 2657 2858; x_wconf 88' lang='lat' dir='ltr'><strong>esse,</strong></span> <span class='ocrx_word' id='word_1_440' title='bbox 2699 2801 2754 2845; x_wconf 88' lang='lat' dir='ltr'><strong>ct</strong></span> <span class='ocrx_word' id='word_1_441' title='bbox 2784 2808 2943 2847; x_wconf 85' lang='lat' dir='ltr'><strong>veros</strong></span> <span class='ocrx_word' id='word_1_442' title='bbox 2993 2795 3316 2860; x_wconf 87' lang='lat' dir='ltr'><strong>putabimus.</strong></span> <span class='ocrx_word' id='word_1_443' title='bbox 3363 2796 3575 2868; x_wconf 83' lang='lat' dir='ltr'><strong>Adjecit</strong></span> 
     </span>
    </p>
   </div>
   <div class='ocr_carea' id='block_1_61' title="bbox 1993 2879 3571 2953">
    <p class='ocr_par' dir='ltr' id='par_1_61' title="bbox 1993 2879 3571 2953">
     <span class='ocr_line' id='line_1_61' title="bbox 1993 2879 3571 2953; baseline 0.004 -18"><span class='ocrx_word' id='word_1_444' title='bbox 1993 2879 2134 2935; x_wconf 89' lang='lat' dir='ltr'><strong>enim</strong></span> <span class='ocrx_word' id='word_1_445' title='bbox 2187 2896 2282 2937; x_wconf 89' lang='lat' dir='ltr'><strong>eos</strong></span> <span class='ocrx_word' id='word_1_446' title='bbox 2323 2885 2518 2938; x_wconf 85' lang='lat' dir='ltr'><strong>docere</strong></span> <span class='ocrx_word' id='word_1_447' title='bbox 2567 2886 2768 2953; x_wconf 88' lang='lat' dir='ltr'><strong>iniqua.</strong></span> <span class='ocrx_word' id='word_1_448' title='bbox 2831 2886 3022 2940; x_wconf 76' lang='lat' dir='ltr'><strong>Verum</strong></span> <span class='ocrx_word' id='word_1_449' title='bbox 3076 2888 3201 2940; x_wconf 91' lang='lat' dir='ltr'><strong>illud</strong></span> <span class='ocrx_word' id='word_1_450' title='bbox 3261 2889 3494 2943; x_wconf 81' lang='lat' dir='ltr'><strong>dicimus</strong></span> <span class='ocrx_word' id='word_1_451' title='bbox 3557 2908 3571 2941; x_wconf 86' lang='lat'><strong><em>:</em></strong></span> 
     </span>
    </p>
   </div>
   <div class='ocr_carea' id='block_1_62' title="bbox 1992 2971 3574 3047">
    <p class='ocr_par' dir='ltr' id='par_1_62' title="bbox 1992 2971 3574 3047">
     <span class='ocr_line' id='line_1_62' title="bbox 1992 2971 3574 3047; baseline 0.006 -22"><span class='ocrx_word' id='word_1_452' title='bbox 1992 2971 2161 3026; x_wconf 74' lang='lat' dir='ltr'><strong>Erant</strong></span> <span class='ocrx_word' id='word_1_453' title='bbox 2213 2973 2464 3029; x_wconf 75' lang='lat' dir='ltr'><strong>videlicet</strong></span> <span class='ocrx_word' id='word_1_454' title='bbox 2502 2975 2555 3027; x_wconf 87' lang='lat' dir='ltr'><strong>in</strong></span> <span class='ocrx_word' id='word_1_455' title='bbox 2601 2974 2766 3028; x_wconf 73' lang='lat' dir='ltr'><strong>Israel</strong></span> <span class='ocrx_word' id='word_1_456' title='bbox 2814 2978 3299 3047; x_wconf 67' lang='lat' dir='ltr'><strong>pseudOprOphetae</strong></span> <span class='ocrx_word' id='word_1_457' title='bbox 3345 2981 3574 3035; x_wconf 75' lang='lat' dir='ltr'><strong>diversis</strong></span> 
     </span>
    </p>
   </div>
   <div class='ocr_carea' id='block_1_63' title="bbox 1996 3065 3571 3133">
    <p class='ocr_par' dir='ltr' id='par_1_63' title="bbox 1996 3065 3571 3133">
     <span class='ocr_line' id='line_1_63' title="bbox 1996 3065 3571 3133; baseline 0.004 -17"><span class='ocrx_word' id='word_1_458' title='bbox 1996 3065 2357 3133; x_wconf 85' lang='lat' dir='ltr'><strong>temporibus,</strong></span> <span class='ocrx_word' id='word_1_459' title='bbox 2408 3074 2519 3118; x_wconf 89' lang='lat' dir='ltr'><strong>tum</strong></span> <span class='ocrx_word' id='word_1_460' title='bbox 2574 3066 2777 3118; x_wconf 80' lang='lat' dir='ltr'><strong>scilicet</strong></span> <span class='ocrx_word' id='word_1_461' title='bbox 2841 3083 2960 3118; x_wconf 81' lang='lat' dir='ltr'><strong>cum</strong></span> <span class='ocrx_word' id='word_1_462' title='bbox 3013 3069 3176 3121; x_wconf 89' lang='lat' dir='ltr'><strong>etiam</strong></span> <span class='ocrx_word' id='word_1_463' title='bbox 3228 3081 3411 3123; x_wconf 72' lang='lat' dir='ltr'><strong>essent</strong></span> <span class='ocrx_word' id='word_1_464' title='bbox 3458 3075 3571 3124; x_wconf 86' lang='lat' dir='ltr'><strong>veri</strong></span> 
     </span>
    </p>
   </div>
   <div class='ocr_carea' id='block_1_64' title="bbox 1992 3150 3571 3226">
    <p class='ocr_par' dir='ltr' id='par_1_64' title="bbox 1992 3150 3571 3226">
     <span class='ocr_line' id='line_1_64' title="bbox 1992 3150 3571 3226; baseline 0.003 -19"><span class='ocrx_word' id='word_1_465' title='bbox 1992 3153 2285 3223; x_wconf 68' lang='lat' dir='ltr'><strong>prophetzc.</strong></span> <span class='ocrx_word' id='word_1_466' title='bbox 2342 3151 2470 3208; x_wconf 80' lang='lat' dir='ltr'><strong>Post</strong></span> <span class='ocrx_word' id='word_1_467' title='bbox 2540 3150 2868 3222; x_wconf 69' lang='lat' dir='ltr'><strong>captivitatis</strong></span> <span class='ocrx_word' id='word_1_468' title='bbox 2919 3165 3096 3210; x_wconf 85' lang='lat' dir='ltr'><strong>autem</strong></span> <span class='ocrx_word' id='word_1_469' title='bbox 3157 3166 3395 3226; x_wconf 89' lang='lat' dir='ltr'><strong>tempora</strong></span> <span class='ocrx_word' id='word_1_470' title='bbox 3460 3167 3571 3212; x_wconf 91' lang='lat' dir='ltr'><strong>tum</strong></span> 
     </span>
    </p>
   </div>
   <div class='ocr_carea' id='block_1_65' title="bbox 1991 3248 3568 3315">
    <p class='ocr_par' dir='ltr' id='par_1_65' title="bbox 1991 3248 3568 3315">
     <span class='ocr_line' id='line_1_65' title="bbox 1991 3248 3568 3315; baseline 0.001 -12"><span class='ocrx_word' id='word_1_471' title='bbox 1991 3249 2161 3305; x_wconf 84' lang='lat' dir='ltr'><strong>fuisse</strong></span> <span class='ocrx_word' id='word_1_472' title='bbox 2184 3248 2341 3315; x_wconf 91' lang='lat' dir='ltr'><strong>alios,</strong></span> <span class='ocrx_word' id='word_1_473' title='bbox 2388 3262 2549 3305; x_wconf 90' lang='lat' dir='ltr'><strong>nemo</strong></span> <span class='ocrx_word' id='word_1_474' title='bbox 2581 3250 2862 3304; x_wconf 88' lang='lat' dir='ltr'><strong>commode</strong></span> <span class='ocrx_word' id='word_1_475' title='bbox 2907 3257 2961 3303; x_wconf 90' lang='lat' dir='ltr'><strong>et</strong></span> <span class='ocrx_word' id='word_1_476' title='bbox 3006 3263 3131 3305; x_wconf 87' lang='lat' dir='ltr'><strong>vere</strong></span> <span class='ocrx_word' id='word_1_477' title='bbox 3186 3251 3381 3306; x_wconf 80' lang='lat' dir='ltr'><strong>dixerit</strong></span> <span class='ocrx_word' id='word_1_478' title='bbox 3424 3252 3568 3307; x_wconf 91' lang='lat' dir='ltr'><strong>:nisi</strong></span> 
     </span>
    </p>
   </div>
   <div class='ocr_carea' id='block_1_66' title="bbox 303 3314 1886 3413">
    <p class='ocr_par' dir='ltr' id='par_1_66' title="bbox 303 3314 1883 3410">
     <span class='ocr_line' id='line_1_66' title="bbox 303 3314 1883 3410; baseline 0.015 -45"><span class='ocrx_word' id='word_1_479' title='bbox 303 3314 444 3367; x_wconf 80' lang='grc' dir='ltr'>κατὰ</span> <span class='ocrx_word' id='word_1_480' title='bbox 474 3318 723 3388; x_wconf 81' lang='grc' dir='ltr'>καιροὺς,</span> <span class='ocrx_word' id='word_1_481' title='bbox 758 3316 1005 3389; x_wconf 79' lang='grc' dir='ltr'>δηλονότι</span> <span class='ocrx_word' id='word_1_482' title='bbox 1041 3320 1167 3376; x_wconf 82' lang='grc' dir='ltr'>καθ’</span> <span class='ocrx_word' id='word_1_483' title='bbox 1198 3324 1291 3388; x_wconf 84' lang='grc' dir='ltr'>οὒς</span> <span class='ocrx_word' id='word_1_484' title='bbox 1326 3322 1470 3398; x_wconf 81' lang='grc' dir='ltr'>ἦσαν</span> <span class='ocrx_word' id='word_1_485' title='bbox 1499 3333 1546 3384; x_wconf 87' lang='grc' dir='ltr'><strong>οί</strong></span> <span class='ocrx_word' id='word_1_486' title='bbox 1581 3336 1720 3388; x_wconf 72' lang='grc' dir='ltr'>κατὰ</span> <span class='ocrx_word' id='word_1_487' title='bbox 1748 3314 1883 3410; x_wconf 61' lang='grc' dir='ltr'>ἀλή-</span> 
     </span>
    </p>
   </div>
   <div class='ocr_carea' id='block_1_67' title="bbox 1994 3314 3575 3413">
    <p class='ocr_par' dir='ltr' id='par_1_67' title="bbox 1994 3314 3575 3413">
     <span class='ocr_line' id='line_1_67' title="bbox 1994 3314 3575 3413; baseline 0.003 -17"><span class='ocrx_word' id='word_1_488' title='bbox 1994 3343 2135 3397; x_wconf 90' lang='lat' dir='ltr'><strong>l‘orte</strong></span> <span class='ocrx_word' id='word_1_489' title='bbox 2163 3343 2285 3411; x_wconf 87' lang='lat' dir='ltr'><strong>quis</strong></span> <span class='ocrx_word' id='word_1_490' title='bbox 2319 3314 2411 3397; x_wconf 87' lang='lat' dir='ltr'><strong>eos</strong></span> <span class='ocrx_word' id='word_1_491' title='bbox 2433 3342 2600 3405; x_wconf 86' lang='lat' dir='ltr'><strong>dicat,</strong></span> <span class='ocrx_word' id='word_1_492' title='bbox 2633 3356 2771 3412; x_wconf 91' lang='lat' dir='ltr'><strong>quos</strong></span> <span class='ocrx_word' id='word_1_493' title='bbox 2809 3340 3079 3401; x_wconf 76' lang='lat' dir='ltr'><strong>Gantuliel</strong></span> <span class='ocrx_word' id='word_1_494' title='bbox 3117 3343 3250 3413; x_wconf 83' lang='lat' dir='ltr'><strong>legis</strong></span> <span class='ocrx_word' id='word_1_495' title='bbox 3290 3346 3495 3412; x_wconf 90' lang='lat' dir='ltr'><strong>doctor,</strong></span> <span class='ocrx_word' id='word_1_496' title='bbox 3518 3356 3575 3401; x_wconf 91' lang='lat' dir='ltr'><strong>et</strong></span> 
     </span>
    </p>
   </div>
   <div class='ocr_carea' id='block_1_68' title="bbox 303 3405 1886 3496">
    <p class='ocr_par' dir='ltr' id='par_1_68' title="bbox 303 3405 1886 3496">
     <span class='ocr_line' id='line_1_68' title="bbox 303 3405 1886 3496; baseline 0.017 -38"><span class='ocrx_word' id='word_1_497' title='bbox 303 3405 777 3496; x_wconf 15' lang='lat' dir='ltr'><strong>Ostavrnpoﬁtat.</strong></span> <span class='ocrx_word' id='word_1_498' title='bbox 811 3409 966 3464; x_wconf 88' lang='grc' dir='ltr'><strong>Μετά</strong></span> <span class='ocrx_word' id='word_1_499' title='bbox 1006 3413 1064 3466; x_wconf 85' lang='grc' dir='ltr'><strong>δέ</strong></span> <span class='ocrx_word' id='word_1_500' title='bbox 1104 3430 1168 3483; x_wconf 85' lang='grc' dir='ltr'>τε</span> <span class='ocrx_word' id='word_1_501' title='bbox 1200 3417 1326 3482; x_wconf 83' lang='grc' dir='ltr'>τοὺς</span> <span class='ocrx_word' id='word_1_502' title='bbox 1370 3421 1471 3491; x_wconf 76' lang='grc' dir='ltr'>τῆς</span> <span class='ocrx_word' id='word_1_503' title='bbox 1507 3405 1886 3496; x_wconf 68' lang='grc' dir='ltr'>αἰχμαλωσίας</span> 
     </span>
    </p>
   </div>
   <div class='ocr_carea' id='block_1_69' title="bbox 301 3495 1885 3581">
    <p class='ocr_par' dir='ltr' id='par_1_69' title="bbox 301 3495 1885 3581">
     <span class='ocr_line' id='line_1_69' title="bbox 301 3495 1885 3581; baseline 0.02 -38"><span class='ocrx_word' id='word_1_504' title='bbox 301 3495 545 3564; x_wconf 76' lang='grc' dir='ltr'>καιροὺς,</span> <span class='ocrx_word' id='word_1_505' title='bbox 583 3496 871 3567; x_wconf 81' lang='grc' dir='ltr'>ἀραρότως</span> <span class='ocrx_word' id='word_1_506' title='bbox 913 3501 1091 3555; x_wconf 71' lang='grc' dir='ltr'>εἰπεῖν</span> <span class='ocrx_word' id='word_1_507' title='bbox 1133 3505 1233 3558; x_wconf 87' lang='grc' dir='ltr'>οὐκ</span> <span class='ocrx_word' id='word_1_508' title='bbox 1276 3507 1344 3561; x_wconf 85' lang='grc' dir='ltr'><strong>ἀν</strong></span> <span class='ocrx_word' id='word_1_509' title='bbox 1388 3509 1606 3567; x_wconf 88' lang='grc' dir='ltr'>δύναιτό</span> <span class='ocrx_word' id='word_1_510' title='bbox 1649 3533 1756 3581; x_wconf 89' lang='grc' dir='ltr'>τις,</span> <span class='ocrx_word' id='word_1_511' title='bbox 1803 3495 1885 3574; x_wconf 79' lang='grc' dir='ltr'>ὅτι</span> 
     </span>
    </p>
   </div>
   <div class='ocr_carea' id='block_1_70' title="bbox 299 3583 1883 3680">
    <p class='ocr_par' dir='ltr' id='par_1_70' title="bbox 299 3583 1883 3680">
     <span class='ocr_line' id='line_1_70' title="bbox 299 3583 1883 3680; baseline 0.02 -46"><span class='ocrx_word' id='word_1_512' title='bbox 299 3583 554 3651; x_wconf 86' lang='grc' dir='ltr'>γεγόνασι</span> <span class='ocrx_word' id='word_1_513' title='bbox 591 3588 710 3638; x_wconf 76' lang='grc' dir='ltr'>κατ’</span> <span class='ocrx_word' id='word_1_514' title='bbox 744 3588 989 3680; x_wconf 70' lang='grc' dir='ltr'>ἐκείνους</span> <span class='ocrx_word' id='word_1_515' title='bbox 1032 3592 1212 3665; x_wconf 72' lang='grc' dir='ltr'>ἕτεροί</span> <span class='ocrx_word' id='word_1_516' title='bbox 1252 3614 1430 3664; x_wconf 89' lang='grc' dir='ltr'>τινες·</span> <span class='ocrx_word' id='word_1_517' title='bbox 1462 3604 1511 3657; x_wconf 87' lang='grc' dir='ltr'><strong>εί</strong></span> <span class='ocrx_word' id='word_1_518' title='bbox 1543 3605 1617 3677; x_wconf 81' lang='grc' dir='ltr'>μὴ</span> <span class='ocrx_word' id='word_1_519' title='bbox 1663 3609 1770 3680; x_wconf 75' lang='grc' dir='ltr'>ἄρα</span> <span class='ocrx_word' id='word_1_520' title='bbox 1802 3630 1883 3676; x_wconf 86' lang='grc' dir='ltr'><strong>τις</strong></span> 
     </span>
    </p>
   </div>
   <div class='ocr_carea' id='block_1_71' title="bbox 301 3673 1883 3771">
    <p class='ocr_par' dir='ltr' id='par_1_71' title="bbox 301 3673 1883 3771">
     <span class='ocr_line' id='line_1_71' title="bbox 301 3673 1883 3771; baseline 0.018 -47"><span class='ocrx_word' id='word_1_521' title='bbox 301 3674 545 3738; x_wconf 78' lang='grc' dir='ltr'>ἐκείνους</span> <span class='ocrx_word' id='word_1_522' title='bbox 579 3676 752 3745; x_wconf 80' lang='grc' dir='ltr'>λέγοι,</span> <span class='ocrx_word' id='word_1_523' title='bbox 779 3673 853 3731; x_wconf 77' lang='grc' dir='ltr'>ὧν</span> <span class='ocrx_word' id='word_1_524' title='bbox 884 3682 979 3735; x_wconf 76' lang='grc' dir='ltr'>καὶ</span> <span class='ocrx_word' id='word_1_525' title='bbox 1005 3682 1370 3758; x_wconf 89' lang='grc' dir='ltr'>διαμέμνηται</span> <span class='ocrx_word' id='word_1_526' title='bbox 1407 3673 1883 3771; x_wconf 48' lang='grc' dir='ltr'>Γαμαλιὴλνομοξ</span> 
     </span>
    </p>
   </div>
   <div class='ocr_carea' id='block_1_72' title="bbox 297 3764 1882 3862">
    <p class='ocr_par' dir='ltr' id='par_1_72' title="bbox 297 3764 1882 3862">
     <span class='ocr_line' id='line_1_72' title="bbox 297 3764 1882 3862; baseline 0.021 -46"><span class='ocrx_word' id='word_1_527' title='bbox 297 3764 622 3831; x_wconf 83' lang='grc' dir='ltr'>διδάσκαλος</span> <span class='ocrx_word' id='word_1_528' title='bbox 657 3769 753 3833; x_wconf 75' lang='grc' dir='ltr'>ὢν,</span> <span class='ocrx_word' id='word_1_529' title='bbox 798 3774 892 3827; x_wconf 72' lang='grc' dir='ltr'>καὶ</span> <span class='ocrx_word' id='word_1_530' title='bbox 929 3775 1111 3845; x_wconf 87' lang='grc' dir='ltr'>τίμιος</span> <span class='ocrx_word' id='word_1_531' title='bbox 1151 3782 1315 3835; x_wconf 79' lang='grc' dir='ltr'>παντὶ</span> <span class='ocrx_word' id='word_1_532' title='bbox 1356 3784 1435 3856; x_wconf 85' lang='grc' dir='ltr'>τῷ</span> <span class='ocrx_word' id='word_1_533' title='bbox 1473 3786 1606 3858; x_wconf 82' lang='grc' dir='ltr'>λαῷ,</span> <span class='ocrx_word' id='word_1_534' title='bbox 1643 3764 1799 3848; x_wconf 41' lang='grc' dir='ltr'>κατά.</span> <span class='ocrx_word' id='word_1_535' title='bbox 1821 3813 1882 3862; x_wconf 85' lang='grc' dir='ltr'><strong>γε</strong></span> 
     </span>
    </p>
   </div>
   <div class='ocr_carea' id='block_1_73' title="bbox 297 3857 1879 3947">
    <p class='ocr_par' dir='ltr' id='par_1_73' title="bbox 297 3857 1879 3947">
     <span class='ocr_line' id='line_1_73' title="bbox 297 3857 1879 3947; baseline 0.021 -39"><span class='ocrx_word' id='word_1_536' title='bbox 297 3857 360 3909; x_wconf 74' lang='grc' dir='ltr'><strong>τὸ</strong></span> <span class='ocrx_word' id='word_1_537' title='bbox 389 3861 778 3930; x_wconf 80' lang='grc' dir='ltr'>γεγραμμένον</span> <span class='ocrx_word' id='word_1_538' title='bbox 799 3864 858 3917; x_wconf 78' lang='grc' dir='ltr'>ὲν</span> <span class='ocrx_word' id='word_1_539' title='bbox 883 3870 1002 3930; x_wconf 83' lang='grc' dir='ltr'>ταῖς</span> <span class='ocrx_word' id='word_1_540' title='bbox 1033 3869 1274 3941; x_wconf 78' lang='grc' dir='ltr'>Πράξεσι</span> <span class='ocrx_word' id='word_1_541' title='bbox 1301 3875 1411 3928; x_wconf 86' lang='grc' dir='ltr'>τῶν</span> <span class='ocrx_word' id='word_1_542' title='bbox 1442 3857 1615 3947; x_wconf 80' lang='grc' dir='ltr'>ἁγίων</span> <span class='ocrx_word' id='word_1_543' title='bbox 1646 3857 1879 3940; x_wconf 71' lang='grc' dir='ltr'>ἀποστό-</span> 
     </span>
    </p>
   </div>
   <div class='ocr_carea' id='block_1_74' title="bbox 298 3949 1881 4047">
    <p class='ocr_par' dir='ltr' id='par_1_74' title="bbox 298 3949 1881 4047">
     <span class='ocr_line' id='line_1_74' title="bbox 298 3949 1881 4047; baseline 0.023 -48"><span class='ocrx_word' id='word_1_544' title='bbox 298 3949 423 4047; x_wconf 77' lang='grc' dir='ltr'>λων.</span> <span class='ocrx_word' id='word_1_545' title='bbox 489 3953 945 4047; x_wconf 28' lang='grc' dir='ltr'>’Προσπεςρὼνηκε</span> <span class='ocrx_word' id='word_1_546' title='bbox 1002 3962 1110 4036; x_wconf 81' lang='grc' dir='ltr'>γὰρ</span> <span class='ocrx_word' id='word_1_547' title='bbox 1172 3965 1315 4020; x_wconf 75' lang='grc' dir='ltr'>οὕτω</span> <span class='ocrx_word' id='word_1_548' title='bbox 1368 3972 1496 4042; x_wconf 78' lang='grc' dir='ltr'>περὶ</span> <span class='ocrx_word' id='word_1_549' title='bbox 1545 3973 1653 4028; x_wconf 87' lang='grc' dir='ltr'><strong>τῶν</strong></span> <span class='ocrx_word' id='word_1_550' title='bbox 1711 3980 1881 4047; x_wconf 82' lang='grc' dir='ltr'>ἁγίων</span> 
     </span>
    </p>
   </div>
   <div class='ocr_carea' id='block_1_75' title="bbox 295 4042 1879 4143">
    <p class='ocr_par' dir='ltr' id='par_1_75' title="bbox 295 4042 1879 4143">
     <span class='ocr_line' id='line_1_75' title="bbox 295 4042 1879 4143; baseline 0.018 -49"><span class='ocrx_word' id='word_1_551' title='bbox 295 4042 612 4143; x_wconf 64' lang='grc' dir='ltr'>ἀποστόλων</span> <span class='ocrx_word' id='word_1_552' title='bbox 662 4051 773 4112; x_wconf 78' lang='grc' dir='ltr'>τοῖς</span> <span class='ocrx_word' id='word_1_553' title='bbox 805 4050 864 4102; x_wconf 78' lang='grc' dir='ltr'>ἐν</span> <span class='ocrx_word' id='word_1_554' title='bbox 897 4053 975 4123; x_wconf 80' lang='grc' dir='ltr'><strong>τῷ</strong></span> <span class='ocrx_word' id='word_1_555' title='bbox 1016 4057 1297 4130; x_wconf 85' lang='grc' dir='ltr'>συνεδρίῳ,</span> <span class='ocrx_word' id='word_1_556' title='bbox 1331 4062 1541 4131; x_wconf 80' lang='grc' dir='ltr'>λέγων’</span> <span class='ocrx_word' id='word_1_557' title='bbox 1582 4084 1603 4117; x_wconf 72' lang='grc' dir='ltr'><strong>ι</strong></span> <span class='ocrx_word' id='word_1_558' title='bbox 1655 4042 1879 4143; x_wconf 75' lang='grc' dir='ltr'>’Ἄνδρες</span> 
     </span>
    </p>
   </div>
   <div class='ocr_carea' id='block_1_76' title="bbox 307 4133 1877 4232">
    <p class='ocr_par' dir='ltr' id='par_1_76' title="bbox 307 4133 1877 4232">
     <span class='ocr_line' id='line_1_76' title="bbox 307 4133 1877 4232; baseline 0.022 -48"><span class='ocrx_word' id='word_1_559' title='bbox 307 4133 661 4232; x_wconf 72' lang='grc' dir='ltr'>Ἰσραηλῖται,</span> <span class='ocrx_word' id='word_1_560' title='bbox 708 4143 1004 4232; x_wconf 70' lang='grc' dir='ltr'>προσέχετε</span> <span class='ocrx_word' id='word_1_561' title='bbox 1041 4148 1255 4214; x_wconf 82' lang='grc' dir='ltr'>ἑαυτοῖς</span> <span class='ocrx_word' id='word_1_562' title='bbox 1294 4155 1384 4208; x_wconf 78' lang='grc' dir='ltr'>ἐπὶ</span> <span class='ocrx_word' id='word_1_563' title='bbox 1419 4160 1530 4221; x_wconf 83' lang='grc' dir='ltr'>τοῖς</span> <span class='ocrx_word' id='word_1_564' title='bbox 1568 4133 1877 4232; x_wconf 70' lang='grc' dir='ltr'>ἀνθρώποις</span> 
     </span>
    </p>
   </div>
   <div class='ocr_carea' id='block_1_77' title="bbox 292 4223 1877 4317">
    <p class='ocr_par' dir='ltr' id='par_1_77' title="bbox 292 4223 1877 4317">
     <span class='ocr_line' id='line_1_77' title="bbox 292 4223 1877 4317; baseline 0.02 -42"><span class='ocrx_word' id='word_1_565' title='bbox 292 4223 533 4317; x_wconf 72' lang='grc' dir='ltr'>τούτοις,</span> <span class='ocrx_word' id='word_1_566' title='bbox 574 4226 626 4279; x_wconf 87' lang='grc' dir='ltr'><strong>τί</strong></span> <span class='ocrx_word' id='word_1_567' title='bbox 659 4229 880 4298; x_wconf 82' lang='grc' dir='ltr'>μέλλετε</span> <span class='ocrx_word' id='word_1_568' title='bbox 908 4235 1191 4306; x_wconf 74' lang='grc' dir='ltr'>πράσσειν.</span> <span class='ocrx_word' id='word_1_569' title='bbox 1229 4240 1340 4312; x_wconf 83' lang='grc' dir='ltr'>Πρὸ</span> <span class='ocrx_word' id='word_1_570' title='bbox 1384 4244 1494 4317; x_wconf 78' lang='grc' dir='ltr'><strong>γὰρ</strong></span> <span class='ocrx_word' id='word_1_571' title='bbox 1531 4223 1741 4306; x_wconf 81' lang='grc' dir='ltr'>τούτων</span> <span class='ocrx_word' id='word_1_572' title='bbox 1768 4223 1877 4307; x_wconf 81' lang='grc' dir='ltr'><strong>τῶν</strong></span> 
     </span>
    </p>
   </div>
   <div class='ocr_carea' id='block_1_78' title="bbox 292 4315 1878 4414">
    <p class='ocr_par' dir='ltr' id='par_1_78' title="bbox 292 4315 1878 4414">
     <span class='ocr_line' id='line_1_78' title="bbox 292 4315 1878 4414; baseline 0.021 -49"><span class='ocrx_word' id='word_1_573' title='bbox 292 4315 522 4414; x_wconf 51' lang='grc' dir='ltr'>ήμεριῖἐν</span> <span class='ocrx_word' id='word_1_574' title='bbox 564 4319 761 4392; x_wconf 81' lang='grc' dir='ltr'>ἀνέστη</span> <span class='ocrx_word' id='word_1_575' title='bbox 789 4324 989 4390; x_wconf 77' lang='grc' dir='ltr'>Θευδᾶς</span> <span class='ocrx_word' id='word_1_576' title='bbox 1031 4328 1201 4399; x_wconf 87' lang='grc' dir='ltr'>λέγων</span> <span class='ocrx_word' id='word_1_577' title='bbox 1234 4335 1356 4388; x_wconf 81' lang='grc' dir='ltr'>τινὰ</span> <span class='ocrx_word' id='word_1_578' title='bbox 1387 4315 1525 4391; x_wconf 73' lang='grc' dir='ltr'>εἶναι</span> <span class='ocrx_word' id='word_1_579' title='bbox 1556 4342 1747 4394; x_wconf 77' lang='grc' dir='ltr'>ἑαυτὸν</span> <span class='ocrx_word' id='word_1_580' title='bbox 1778 4345 1878 4414; x_wconf 85' lang='grc' dir='ltr'>μέ-</span> 
     </span>
    </p>
   </div>
   <div class='ocr_carea' id='block_1_79' title="bbox 292 4403 1879 4506">
    <p class='ocr_par' dir='ltr' id='par_1_79' title="bbox 292 4403 1879 4506">
     <span class='ocr_line' id='line_1_79' title="bbox 292 4403 1879 4506; baseline 0.02 -48"><span class='ocrx_word' id='word_1_581' title='bbox 292 4424 420 4506; x_wconf 80' lang='grc' dir='ltr'>γαν,</span> <span class='ocrx_word' id='word_1_582' title='bbox 457 4403 882 4506; x_wconf 45' lang='grc' dir='ltr'>ᾧ-προσεκλίθη</span> <span class='ocrx_word' id='word_1_583' title='bbox 927 4419 1135 4490; x_wconf 81' lang='grc' dir='ltr'>ἀνδρῶν</span> <span class='ocrx_word' id='word_1_584' title='bbox 1188 4426 1421 4495; x_wconf 75' lang='grc' dir='ltr'>ἀριθμὸς</span> <span class='ocrx_word' id='word_1_585' title='bbox 1466 4430 1598 4483; x_wconf 79' lang='grc' dir='ltr'>ὡσεὶ</span> <span class='ocrx_word' id='word_1_586' title='bbox 1621 4403 1879 4506; x_wconf 68' lang='grc' dir='ltr'>τετρακο-</span> 
     </span>
    </p>
   </div>
   <div class='ocr_carea' id='block_1_80' title="bbox 297 4499 1878 4598">
    <p class='ocr_par' dir='ltr' id='par_1_80' title="bbox 297 4499 1878 4598">
     <span class='ocr_line' id='line_1_80' title="bbox 297 4499 1878 4598; baseline 0.018 -47"><span class='ocrx_word' id='word_1_587' title='bbox 297 4499 477 4598; x_wconf 65' lang='grc' dir='ltr'>σίωνέ</span> <span class='ocrx_word' id='word_1_588' title='bbox 511 4501 570 4566; x_wconf 77' lang='grc' dir='ltr'>ὃς</span> <span class='ocrx_word' id='word_1_589' title='bbox 595 4503 860 4582; x_wconf 76' lang='grc' dir='ltr'>ἀνῃρέθη.</span> <span class='ocrx_word' id='word_1_590' title='bbox 905 4511 1017 4563; x_wconf 76' lang='grc' dir='ltr'><strong>Καὶ</strong></span> <span class='ocrx_word' id='word_1_591' title='bbox 1057 4513 1258 4578; x_wconf 77' lang='grc' dir='ltr'>πάντες</span> <span class='ocrx_word' id='word_1_592' title='bbox 1313 4517 1425 4571; x_wconf 76' lang='grc' dir='ltr'>ὅσοι</span> <span class='ocrx_word' id='word_1_593' title='bbox 1471 4520 1685 4575; x_wconf 79' lang='grc' dir='ltr'>εἵποντο</span> <span class='ocrx_word' id='word_1_594' title='bbox 1717 4499 1878 4598; x_wconf 45' lang='grc' dir='ltr'>ἀὐτῷ</span> 
     </span>
    </p>
   </div>
   <div class='ocr_carea' id='block_1_81' title="bbox 294 4590 1876 4673">
    <p class='ocr_par' dir='ltr' id='par_1_81' title="bbox 294 4590 1876 4673">
     <span class='ocr_line' id='line_1_81' title="bbox 294 4590 1876 4673; baseline 0.018 -30"><span class='ocrx_word' id='word_1_595' title='bbox 294 4590 645 4664; x_wconf 83' lang='grc' dir='ltr'>διελύθησαν,</span> <span class='ocrx_word' id='word_1_596' title='bbox 695 4599 787 4652; x_wconf 79' lang='grc' dir='ltr'>καὶ</span> <span class='ocrx_word' id='word_1_597' title='bbox 835 4601 1082 4668; x_wconf 78' lang='grc' dir='ltr'>ἐγένοντο</span> <span class='ocrx_word' id='word_1_598' title='bbox 1132 4607 1211 4669; x_wconf 88' lang='grc' dir='ltr'><strong>είς</strong></span> <span class='ocrx_word' id='word_1_599' title='bbox 1261 4607 1435 4662; x_wconf 84' lang='grc' dir='ltr'>οὐδέν.</span> <span class='ocrx_word' id='word_1_600' title='bbox 1490 4611 1642 4666; x_wconf 83' lang='grc' dir='ltr'>Μετὰ</span> <span class='ocrx_word' id='word_1_601' title='bbox 1688 4590 1876 4673; x_wconf 77' lang='grc' dir='ltr'>τοῦτον</span> 
     </span>
    </p>
   </div>
   <div class='ocr_carea' id='block_1_82' title="bbox 1992 3436 3568 3510">
    <p class='ocr_par' dir='ltr' id='par_1_82' title="bbox 1992 3436 3568 3510">
     <span class='ocr_line' id='line_1_82' title="bbox 1992 3436 3568 3510; baseline 0.001 -20"><span class='ocrx_word' id='word_1_602' title='bbox 1992 3436 2149 3510; x_wconf 77' lang='lat'><strong>165</strong></span> <span class='ocrx_word' id='word_1_603' title='bbox 2184 3437 2269 3491; x_wconf 87' lang='lat' dir='ltr'><strong>vir</strong></span> <span class='ocrx_word' id='word_1_604' title='bbox 2317 3437 2413 3492; x_wconf 90' lang='lat' dir='ltr'><strong>toti</strong></span> <span class='ocrx_word' id='word_1_605' title='bbox 2464 3436 2662 3508; x_wconf 90' lang='lat' dir='ltr'><strong>populo</strong></span> <span class='ocrx_word' id='word_1_606' title='bbox 2722 3437 3047 3493; x_wconf 86' lang='lat' dir='ltr'><strong>venerabilis</strong></span> <span class='ocrx_word' id='word_1_607' title='bbox 3103 3442 3568 3503; x_wconf 85' lang='lat' dir='ltr'><strong>commemoravit,</strong></span> 
     </span>
    </p>
   </div>
   <div class='ocr_carea' id='block_1_83' title="bbox 1991 3530 3566 3602">
    <p class='ocr_par' dir='ltr' id='par_1_83' title="bbox 1991 3530 3566 3602">
     <span class='ocr_line' id='line_1_83' title="bbox 1991 3530 3566 3602; baseline 0.002 -20"><span class='ocrx_word' id='word_1_608' title='bbox 1991 3530 2445 3599; x_wconf 86' lang='lat' dir='ltr'><strong>qttematltnoduttt</strong></span> <span class='ocrx_word' id='word_1_609' title='bbox 2477 3531 2735 3600; x_wconf 78' lang='lat' dir='ltr'><strong>scriptum</strong></span> <span class='ocrx_word' id='word_1_610' title='bbox 2768 3541 2851 3583; x_wconf 84' lang='lat' dir='ltr'><strong>est</strong></span> <span class='ocrx_word' id='word_1_611' title='bbox 2884 3531 2935 3582; x_wconf 91' lang='lat' dir='ltr'><strong>in</strong></span> <span class='ocrx_word' id='word_1_612' title='bbox 2976 3530 3126 3584; x_wconf 80' lang='lat' dir='ltr'><strong>Aetis</strong></span> <span class='ocrx_word' id='word_1_613' title='bbox 3178 3533 3566 3602; x_wconf 85' lang='lat' dir='ltr'><strong>apostolorum.</strong></span> 
     </span>
    </p>
   </div>
   <div class='ocr_carea' id='block_1_84' title="bbox 1990 3619 3567 3690">
    <p class='ocr_par' dir='ltr' id='par_1_84' title="bbox 1990 3619 3567 3690">
     <span class='ocr_line' id='line_1_84' title="bbox 1990 3619 3567 3690; baseline 0.004 -19"><span class='ocrx_word' id='word_1_614' title='bbox 1990 3620 2079 3674; x_wconf 80' lang='lat' dir='ltr'><strong>Sic</strong></span> <span class='ocrx_word' id='word_1_615' title='bbox 2113 3619 2256 3675; x_wconf 90' lang='lat' dir='ltr'><strong>enim</strong></span> <span class='ocrx_word' id='word_1_616' title='bbox 2299 3623 2364 3675; x_wconf 92' lang='lat' dir='ltr'><strong>de</strong></span> <span class='ocrx_word' id='word_1_617' title='bbox 2393 3621 2600 3673; x_wconf 86' lang='lat' dir='ltr'><strong>sanctis</strong></span> <span class='ocrx_word' id='word_1_618' title='bbox 2646 3620 2902 3687; x_wconf 83' lang='lat' dir='ltr'><strong>apostolis</strong></span> <span class='ocrx_word' id='word_1_619' title='bbox 2963 3620 3153 3674; x_wconf 82' lang='lat' dir='ltr'><strong>allatus</strong></span> <span class='ocrx_word' id='word_1_620' title='bbox 3196 3632 3278 3676; x_wconf 82' lang='lat' dir='ltr'><strong>cst</strong></span> <span class='ocrx_word' id='word_1_621' title='bbox 3329 3637 3425 3676; x_wconf 87' lang='lat' dir='ltr'><strong>eos</strong></span> <span class='ocrx_word' id='word_1_622' title='bbox 3477 3625 3567 3690; x_wconf 87' lang='lat' dir='ltr'><strong>qui</strong></span> 
     </span>
    </p>
   </div>
   <div class='ocr_carea' id='block_1_85' title="bbox 1986 3711 3567 3783">
    <p class='ocr_par' dir='ltr' id='par_1_85' title="bbox 1986 3711 3567 3783">
     <span class='ocr_line' id='line_1_85' title="bbox 1986 3711 3567 3783; baseline 0.003 -19"><span class='ocrx_word' id='word_1_623' title='bbox 1986 3713 2226 3767; x_wconf 85' lang='lat' dir='ltr'><strong>erantin</strong></span> <span class='ocrx_word' id='word_1_624' title='bbox 2257 3713 2530 3767; x_wconf 84' lang='lat' dir='ltr'><strong>concilio:</strong></span> <span class='ocrx_word' id='word_1_625' title='bbox 2572 3731 2589 3763; x_wconf 77' lang='grc' dir='ltr'><strong>ι</strong></span> <span class='ocrx_word' id='word_1_626' title='bbox 2634 3711 2742 3766; x_wconf 86' lang='lat' dir='ltr'><strong>Viri</strong></span> <span class='ocrx_word' id='word_1_627' title='bbox 2790 3711 3069 3776; x_wconf 57' lang='lat' dir='ltr'><strong>Israelita,</strong></span> <span class='ocrx_word' id='word_1_628' title='bbox 3121 3734 3138 3765; x_wconf 75' lang='grc' dir='ltr'><strong>ι</strong></span> <span class='ocrx_word' id='word_1_629' title='bbox 3192 3715 3380 3783; x_wconf 81' lang='lat' dir='ltr'><strong>inquit,</strong></span> <span class='ocrx_word' id='word_1_630' title='bbox 3426 3732 3444 3765; x_wconf 84' lang='lat' dir='ltr'><strong>t</strong></span> <span class='ocrx_word' id='word_1_631' title='bbox 3487 3724 3567 3768; x_wconf 76' lang='grc' dir='ltr'>ιιι-</span> 
     </span>
    </p>
   </div>
   <div class='ocr_carea' id='block_1_86' title="bbox 1990 3804 3558 3874">
    <p class='ocr_par' dir='ltr' id='par_1_86' title="bbox 1990 3804 3558 3874">
     <span class='ocr_line' id='line_1_86' title="bbox 1990 3804 3558 3874; baseline 0.003 -19"><span class='ocrx_word' id='word_1_632' title='bbox 1990 3804 2193 3859; x_wconf 87' lang='lat' dir='ltr'><strong>tendite</strong></span> <span class='ocrx_word' id='word_1_633' title='bbox 2231 3806 2383 3859; x_wconf 87' lang='lat' dir='ltr'><strong>vobis</strong></span> <span class='ocrx_word' id='word_1_634' title='bbox 2420 3806 2575 3874; x_wconf 87' lang='lat' dir='ltr'><strong>ipsis,</strong></span> <span class='ocrx_word' id='word_1_635' title='bbox 2599 3805 2726 3874; x_wconf 89' lang='lat' dir='ltr'><strong>quid</strong></span> <span class='ocrx_word' id='word_1_636' title='bbox 2768 3806 2833 3858; x_wconf 91' lang='lat' dir='ltr'><strong>de</strong></span> <span class='ocrx_word' id='word_1_637' title='bbox 2870 3806 3176 3859; x_wconf 90' lang='lat' dir='ltr'><strong>hominibus</strong></span> <span class='ocrx_word' id='word_1_638' title='bbox 3218 3808 3298 3859; x_wconf 88' lang='lat' dir='ltr'><strong>his</strong></span> <span class='ocrx_word' id='word_1_639' title='bbox 3330 3808 3448 3859; x_wconf 84' lang='lat' dir='ltr'><strong>sitis</strong></span> <span class='ocrx_word' id='word_1_640' title='bbox 3476 3808 3558 3859; x_wconf 82' lang='lat' dir='ltr'><strong>la-</strong></span> 
     </span>
    </p>
   </div>
   <div class='ocr_carea' id='block_1_87' title="bbox 1985 3891 3562 3965">
    <p class='ocr_par' dir='ltr' id='par_1_87' title="bbox 1985 3891 3562 3965">
     <span class='ocr_line' id='line_1_87' title="bbox 1985 3891 3562 3965; baseline 0.003 -20"><span class='ocrx_word' id='word_1_641' title='bbox 1985 3891 2147 3945; x_wconf 87' lang='lat' dir='ltr'><strong>cturi.</strong></span> <span class='ocrx_word' id='word_1_642' title='bbox 2183 3892 2312 3947; x_wconf 81' lang='lat' dir='ltr'><strong>Nam</strong></span> <span class='ocrx_word' id='word_1_643' title='bbox 2343 3905 2468 3949; x_wconf 87' lang='lat' dir='ltr'><strong>ante</strong></span> <span class='ocrx_word' id='word_1_644' title='bbox 2492 3895 2592 3949; x_wconf 91' lang='lat' dir='ltr'><strong>hos</strong></span> <span class='ocrx_word' id='word_1_645' title='bbox 2628 3896 2743 3948; x_wconf 89' lang='lat' dir='ltr'><strong>dies</strong></span> <span class='ocrx_word' id='word_1_646' title='bbox 2775 3907 2999 3950; x_wconf 81' lang='lat' dir='ltr'><strong>exortus</strong></span> <span class='ocrx_word' id='word_1_647' title='bbox 3042 3907 3124 3949; x_wconf 85' lang='lat' dir='ltr'><strong>est</strong></span> <span class='ocrx_word' id='word_1_648' title='bbox 3164 3894 3437 3959; x_wconf 80' lang='lat' dir='ltr'><strong>Thendas,</strong></span> <span class='ocrx_word' id='word_1_649' title='bbox 3474 3900 3562 3965; x_wconf 91' lang='lat' dir='ltr'><strong>qui</strong></span> 
     </span>
    </p>
   </div>
   <div class='ocr_carea' id='block_1_88' title="bbox 1986 3981 3564 4055">
    <p class='ocr_par' dir='ltr' id='par_1_88' title="bbox 1986 3981 3564 4055">
     <span class='ocr_line' id='line_1_88' title="bbox 1986 3981 3564 4055; baseline 0.001 -20"><span class='ocrx_word' id='word_1_650' title='bbox 1986 3981 2205 4036; x_wconf 83' lang='lat' dir='ltr'><strong>diCebat</strong></span> <span class='ocrx_word' id='word_1_651' title='bbox 2235 3998 2292 4035; x_wconf 85' lang='lat' dir='ltr'><strong>se</strong></span> <span class='ocrx_word' id='word_1_652' title='bbox 2323 3999 2442 4037; x_wconf 89' lang='lat' dir='ltr'><strong>esse</strong></span> <span class='ocrx_word' id='word_1_653' title='bbox 2472 3986 2776 4052; x_wconf 86' lang='lat' dir='ltr'><strong>quempiam</strong></span> <span class='ocrx_word' id='word_1_654' title='bbox 2832 4001 3108 4055; x_wconf 90' lang='lat' dir='ltr'><strong>maguum,</strong></span> <span class='ocrx_word' id='word_1_655' title='bbox 3170 3986 3253 4038; x_wconf 90' lang='lat' dir='ltr'><strong>cui</strong></span> <span class='ocrx_word' id='word_1_656' title='bbox 3311 4000 3564 4039; x_wconf 81' lang='lat' dir='ltr'><strong>numerus</strong></span> 
     </span>
    </p>
   </div>
   <div class='ocr_carea' id='block_1_89' title="bbox 1990 4075 3563 4145">
    <p class='ocr_par' dir='ltr' id='par_1_89' title="bbox 1990 4075 3563 4145">
     <span class='ocr_line' id='line_1_89' title="bbox 1990 4075 3563 4145; baseline 0.004 -20"><span class='ocrx_word' id='word_1_657' title='bbox 1990 4075 2267 4127; x_wconf 85' lang='lat' dir='ltr'><strong>hominum</strong></span> <span class='ocrx_word' id='word_1_658' title='bbox 2301 4078 2418 4145; x_wconf 83' lang='lat' dir='ltr'><strong>plus</strong></span> <span class='ocrx_word' id='word_1_659' title='bbox 2451 4077 2627 4128; x_wconf 90' lang='lat' dir='ltr'><strong>tnintts</strong></span> <span class='ocrx_word' id='word_1_660' title='bbox 2656 4076 3175 4145; x_wconf 85' lang='lat' dir='ltr'><strong>quadringentorum</strong></span> <span class='ocrx_word' id='word_1_661' title='bbox 3214 4076 3456 4129; x_wconf 82' lang='lat' dir='ltr'><strong>adlncsit.</strong></span> <span class='ocrx_word' id='word_1_662' title='bbox 3500 4077 3563 4131; x_wconf 82' lang='lat' dir='ltr'><strong>Et</strong></span> 
     </span>
    </p>
   </div>
   <div class='ocr_carea' id='block_1_90' title="bbox 1988 4165 3563 4235">
    <p class='ocr_par' dir='ltr' id='par_1_90' title="bbox 1988 4165 3563 4235">
     <span class='ocr_line' id='line_1_90' title="bbox 1988 4165 3563 4235; baseline 0.003 -17"><span class='ocrx_word' id='word_1_663' title='bbox 1988 4166 2033 4219; x_wconf 91' lang='lat' dir='ltr'><strong>is</strong></span> <span class='ocrx_word' id='word_1_664' title='bbox 2060 4165 2305 4220; x_wconf 88' lang='lat' dir='ltr'><strong>sublatus</strong></span> <span class='ocrx_word' id='word_1_665' title='bbox 2337 4175 2441 4230; x_wconf 85' lang='lat' dir='ltr'><strong>est,</strong></span> <span class='ocrx_word' id='word_1_666' title='bbox 2479 4175 2531 4219; x_wconf 89' lang='lat' dir='ltr'><strong>et</strong></span> <span class='ocrx_word' id='word_1_667' title='bbox 2578 4177 2840 4235; x_wconf 84' lang='lat' dir='ltr'><strong>quotquot</strong></span> <span class='ocrx_word' id='word_1_668' title='bbox 2872 4168 3134 4234; x_wconf 83' lang='lat' dir='ltr'><strong>parebant</strong></span> <span class='ocrx_word' id='word_1_669' title='bbox 3183 4167 3232 4223; x_wconf 90' lang='lat' dir='ltr'><strong>ei</strong></span> <span class='ocrx_word' id='word_1_670' title='bbox 3278 4168 3461 4231; x_wconf 84' lang='lat' dir='ltr'><strong>deleti,</strong></span> <span class='ocrx_word' id='word_1_671' title='bbox 3508 4180 3563 4223; x_wconf 88' lang='lat' dir='ltr'><strong>et</strong></span> 
     </span>
    </p>
   </div>
   <div class='ocr_carea' id='block_1_91' title="bbox 1985 4256 3563 4322">
    <p class='ocr_par' dir='ltr' id='par_1_91' title="bbox 1985 4256 3563 4322">
     <span class='ocr_line' id='line_1_91' title="bbox 1985 4256 3563 4322; baseline 0.001 -10"><span class='ocrx_word' id='word_1_672' title='bbox 1985 4259 2051 4314; x_wconf 89' lang='lat' dir='ltr'><strong>ad</strong></span> <span class='ocrx_word' id='word_1_673' title='bbox 2079 4258 2317 4322; x_wconf 82' lang='lat' dir='ltr'><strong>nihilum</strong></span> <span class='ocrx_word' id='word_1_674' title='bbox 2346 4258 2553 4312; x_wconf 89' lang='lat' dir='ltr'><strong>redacti</strong></span> <span class='ocrx_word' id='word_1_675' title='bbox 2582 4269 2727 4311; x_wconf 83' lang='lat' dir='ltr'><strong>sunt.</strong></span> <span class='ocrx_word' id='word_1_676' title='bbox 2763 4256 2888 4311; x_wconf 87' lang='lat' dir='ltr'><strong>Post</strong></span> <span class='ocrx_word' id='word_1_677' title='bbox 2919 4261 3059 4313; x_wconf 91' lang='lat' dir='ltr'><strong>hunc</strong></span> <span class='ocrx_word' id='word_1_678' title='bbox 3088 4268 3307 4314; x_wconf 79' lang='lat' dir='ltr'><strong>exortus</strong></span> <span class='ocrx_word' id='word_1_679' title='bbox 3350 4270 3433 4314; x_wconf 81' lang='lat' dir='ltr'><strong>est</strong></span> <span class='ocrx_word' id='word_1_680' title='bbox 3467 4259 3563 4314; x_wconf 79' lang='lat' dir='ltr'><strong>Ju—</strong></span> 
     </span>
    </p>
   </div>
   <div class='ocr_carea' id='block_1_92' title="bbox 1985 4349 3561 4419">
    <p class='ocr_par' dir='ltr' id='par_1_92' title="bbox 1985 4349 3561 4419">
     <span class='ocr_line' id='line_1_92' title="bbox 1985 4349 3561 4419; baseline 0 -13"><span class='ocrx_word' id='word_1_681' title='bbox 1985 4352 2082 4406; x_wconf 88' lang='lat' dir='ltr'><strong>das</strong></span> <span class='ocrx_word' id='word_1_682' title='bbox 2115 4349 2371 4406; x_wconf 76' lang='lat' dir='ltr'><strong>Galilteus</strong></span> <span class='ocrx_word' id='word_1_683' title='bbox 2418 4350 2751 4418; x_wconf 87' lang='lat' dir='ltr'><strong>temporibus</strong></span> <span class='ocrx_word' id='word_1_684' title='bbox 2806 4350 3204 4419; x_wconf 78' lang='lat' dir='ltr'><strong>descriptionis,</strong></span> <span class='ocrx_word' id='word_1_685' title='bbox 3254 4361 3311 4407; x_wconf 92' lang='lat' dir='ltr'><strong>et</strong></span> <span class='ocrx_word' id='word_1_686' title='bbox 3362 4354 3561 4407; x_wconf 87' lang='lat' dir='ltr'><strong>avertit</strong></span> 
     </span>
    </p>
   </div>
   <div class='ocr_carea' id='block_1_93' title="bbox 1983 4440 3558 4514">
    <p class='ocr_par' dir='ltr' id='par_1_93' title="bbox 1983 4440 3558 4514">
     <span class='ocr_line' id='line_1_93' title="bbox 1983 4440 3558 4514; baseline 0.001 -18"><span class='ocrx_word' id='word_1_687' title='bbox 1983 4441 2238 4512; x_wconf 87' lang='lat' dir='ltr'><strong>populum</strong></span> <span class='ocrx_word' id='word_1_688' title='bbox 2278 4449 2400 4511; x_wconf 90' lang='lat' dir='ltr'><strong>post</strong></span> <span class='ocrx_word' id='word_1_689' title='bbox 2438 4455 2543 4496; x_wconf 89' lang='lat' dir='ltr'><strong>se:</strong></span> <span class='ocrx_word' id='word_1_690' title='bbox 2577 4442 2670 4495; x_wconf 85' lang='lat' dir='ltr'><strong>sed</strong></span> <span class='ocrx_word' id='word_1_691' title='bbox 2711 4449 2765 4495; x_wconf 90' lang='lat' dir='ltr'><strong>et</strong></span> <span class='ocrx_word' id='word_1_692' title='bbox 2813 4440 2858 4494; x_wconf 92' lang='lat' dir='ltr'><strong>is</strong></span> <span class='ocrx_word' id='word_1_693' title='bbox 2904 4442 3083 4510; x_wconf 89' lang='lat' dir='ltr'><strong>periit,</strong></span> <span class='ocrx_word' id='word_1_694' title='bbox 3124 4453 3179 4497; x_wconf 90' lang='lat' dir='ltr'><strong>et</strong></span> <span class='ocrx_word' id='word_1_695' title='bbox 3229 4458 3418 4500; x_wconf 85' lang='lat' dir='ltr'><strong>omnes</strong></span> <span class='ocrx_word' id='word_1_696' title='bbox 3467 4446 3558 4514; x_wconf 91' lang='lat' dir='ltr'><strong>qui</strong></span> 
     </span>
    </p>
   </div>
   <div class='ocr_carea' id='block_1_94' title="bbox 1983 4532 3559 4605">
    <p class='ocr_par' dir='ltr' id='par_1_94' title="bbox 1983 4532 3559 4605">
     <span class='ocr_line' id='line_1_94' title="bbox 1983 4532 3559 4605; baseline 0 -16"><span class='ocrx_word' id='word_1_697' title='bbox 1983 4535 2339 4605; x_wconf 86' lang='lat' dir='ltr'><strong>parebatttei,</strong></span> <span class='ocrx_word' id='word_1_698' title='bbox 2373 4534 2604 4605; x_wconf 83' lang='lat' dir='ltr'><strong>dispersi</strong></span> <span class='ocrx_word' id='word_1_699' title='bbox 2639 4540 2766 4588; x_wconf 89' lang='lat' dir='ltr'><strong>sunt</strong></span> <span class='ocrx_word' id='word_1_700' title='bbox 2799 4532 2841 4587; x_wconf 66' lang='lat'><strong>‘.</strong></span> <span class='ocrx_word' id='word_1_701' title='bbox 2889 4554 2906 4586; x_wconf 70' lang='grc' dir='ltr'><strong>ι</strong></span> <span class='ocrx_word' id='word_1_702' title='bbox 2955 4535 3323 4590; x_wconf 80' lang='lat' dir='ltr'><strong>Aul’ereudum</strong></span> <span class='ocrx_word' id='word_1_703' title='bbox 3376 4538 3559 4605; x_wconf 86' lang='lat' dir='ltr'><strong>itaque</strong></span> 
     </span>
    </p>
   </div>
   <div class='ocr_carea' id='block_1_95' title="bbox 1983 4629 3559 4699">
    <p class='ocr_par' dir='ltr' id='par_1_95' title="bbox 1983 4629 3559 4699">
     <span class='ocr_line' id='line_1_95' title="bbox 1983 4629 3559 4699; baseline 0 -18"><span class='ocrx_word' id='word_1_704' title='bbox 1983 4629 2114 4683; x_wconf 90' lang='lat' dir='ltr'><strong>dicit</strong></span> <span class='ocrx_word' id='word_1_705' title='bbox 2153 4640 2334 4699; x_wconf 90' lang='lat' dir='ltr'><strong>caput,</strong></span> <span class='ocrx_word' id='word_1_706' title='bbox 2371 4637 2428 4683; x_wconf 91' lang='lat' dir='ltr'><strong>et</strong></span> <span class='ocrx_word' id='word_1_707' title='bbox 2464 4629 2715 4695; x_wconf 84' lang='lat' dir='ltr'><strong>caudam,</strong></span> <span class='ocrx_word' id='word_1_708' title='bbox 2759 4630 2911 4697; x_wconf 83' lang='lat' dir='ltr'><strong>juxta</strong></span> <span class='ocrx_word' id='word_1_709' title='bbox 2948 4642 3073 4684; x_wconf 88' lang='lat' dir='ltr'><strong>eum</strong></span> <span class='ocrx_word' id='word_1_710' title='bbox 3123 4643 3340 4683; x_wconf 91' lang='lat' dir='ltr'><strong>sensum</strong></span> <span class='ocrx_word' id='word_1_711' title='bbox 3399 4642 3559 4698; x_wconf 88' lang='lat' dir='ltr'><strong>quem</strong></span> 
     </span>
    </p>
   </div>
   <div class='ocr_carea' id='block_1_96' title="bbox 290 4681 1886 4790">
    <p class='ocr_par' dir='ltr' id='par_1_96' title="bbox 290 4681 1878 4775">
     <span class='ocr_line' id='line_1_96' title="bbox 290 4681 1878 4775; baseline 0.016 -42"><span class='ocrx_word' id='word_1_712' title='bbox 290 4681 499 4754; x_wconf 82' lang='grc' dir='ltr'>ἀνέστη</span> <span class='ocrx_word' id='word_1_713' title='bbox 558 4685 758 4750; x_wconf 84' lang='grc' dir='ltr'>Ἰούδας</span> <span class='ocrx_word' id='word_1_714' title='bbox 801 4690 830 4741; x_wconf 85' lang='grc' dir='ltr'>ὁ</span> <span class='ocrx_word' id='word_1_715' title='bbox 870 4689 1174 4758; x_wconf 83' lang='grc' dir='ltr'>Γαλιλαῖος,</span> <span class='ocrx_word' id='word_1_716' title='bbox 1218 4695 1275 4747; x_wconf 82' lang='grc' dir='ltr'>ὲν</span> <span class='ocrx_word' id='word_1_717' title='bbox 1326 4698 1448 4760; x_wconf 80' lang='grc' dir='ltr'>ταῖς</span> <span class='ocrx_word' id='word_1_718' title='bbox 1498 4699 1733 4771; x_wconf 74' lang='grc' dir='ltr'>ἡμέραις</span> <span class='ocrx_word' id='word_1_719' title='bbox 1777 4704 1878 4775; x_wconf 83' lang='grc' dir='ltr'>τῆς</span> 
     </span>
    </p>
   </div>
   <div class='ocr_carea' id='block_1_97' title="bbox 1994 4681 3562 4790">
    <p class='ocr_par' dir='ltr' id='par_1_97' title="bbox 1994 4681 3562 4790">
     <span class='ocr_line' id='line_1_97' title="bbox 1994 4681 3562 4790; baseline -0.001 -16"><span class='ocrx_word' id='word_1_720' title='bbox 2162 4681 2513 4778; x_wconf 39' lang='lat' dir='ltr'><strong>reddidit—tius.</strong></span> <span class='ocrx_word' id='word_1_721' title='bbox 2541 4681 2902 4777; x_wconf 44' lang='lat' dir='ltr'><strong>hicruitt&#39;lore</strong></span> <span class='ocrx_word' id='word_1_722' title='bbox 2952 4721 3107 4786; x_wconf 89' lang='lat' dir='ltr'><strong>dicit,</strong></span> <span class='ocrx_word' id='word_1_723' title='bbox 3156 4720 3246 4790; x_wconf 88' lang='lat' dir='ltr'><strong>qui</strong></span> <span class='ocrx_word' id='word_1_724' title='bbox 3288 4681 3434 4773; x_wconf 66' lang='lat' dir='ltr'><strong>hunc</strong></span> <span class='ocrx_word' id='word_1_725' title='bbox 3470 4735 3562 4790; x_wconf 79' lang='lat' dir='ltr'><strong>po-</strong></span> 
     </span>
    </p>
   </div>
   <div class='ocr_carea' id='block_1_98' title="bbox 289 4773 1875 4853">
    <p class='ocr_par' dir='ltr' id='par_1_98' title="bbox 289 4773 1875 4853">
     <span class='ocr_line' id='line_1_98' title="bbox 289 4773 1875 4853; baseline 0.016 -28"><span class='ocrx_word' id='word_1_726' title='bbox 289 4773 644 4846; x_wconf 80' lang='grc' dir='ltr'>ἀπογραφῆς,</span> <span class='ocrx_word' id='word_1_727' title='bbox 693 4780 787 4832; x_wconf 81' lang='grc' dir='ltr'>καὶ</span> <span class='ocrx_word' id='word_1_728' title='bbox 833 4780 1115 4853; x_wconf 79' lang='grc' dir='ltr'>ἀπέστησε</span> <span class='ocrx_word' id='word_1_729' title='bbox 1161 4783 1289 4838; x_wconf 86' lang='grc' dir='ltr'>λαὸν</span> <span class='ocrx_word' id='word_1_730' title='bbox 1338 4788 1514 4843; x_wconf 84' lang='grc' dir='ltr'>ὀπίσω</span> <span class='ocrx_word' id='word_1_731' title='bbox 1541 4793 1723 4847; x_wconf 81' lang='grc' dir='ltr'>αὐτοῦ.</span> <span class='ocrx_word' id='word_1_732' title='bbox 1761 4773 1875 4849; x_wconf 82' lang='grc' dir='ltr'>Κά-</span> 
     </span>
    </p>
   </div>
   <div class='ocr_carea' id='block_1_99' title="bbox 289 4866 1874 4956">
    <p class='ocr_par' dir='ltr' id='par_1_99' title="bbox 289 4866 1874 4956">
     <span class='ocr_line' id='line_1_99' title="bbox 289 4866 1874 4956; baseline 0.015 -40"><span class='ocrx_word' id='word_1_733' title='bbox 289 4866 468 4928; x_wconf 85' lang='grc' dir='ltr'>κεῖνος</span> <span class='ocrx_word' id='word_1_734' title='bbox 524 4866 797 4933; x_wconf 83' lang='grc' dir='ltr'>ἀπώλετο,</span> <span class='ocrx_word' id='word_1_735' title='bbox 852 4871 950 4926; x_wconf 80' lang='grc' dir='ltr'>καὶ</span> <span class='ocrx_word' id='word_1_736' title='bbox 998 4874 1201 4937; x_wconf 87' lang='grc' dir='ltr'>πάντες</span> <span class='ocrx_word' id='word_1_737' title='bbox 1249 4876 1365 4930; x_wconf 85' lang='grc' dir='ltr'>ὅσοι</span> <span class='ocrx_word' id='word_1_738' title='bbox 1416 4881 1694 4937; x_wconf 76' lang='grc' dir='ltr'>ἐπείθοντο</span> <span class='ocrx_word' id='word_1_739' title='bbox 1726 4886 1874 4956; x_wconf 82' lang='grc' dir='ltr'>αὑτῴ</span> 
     </span>
    </p>
   </div>
   <div class='ocr_carea' id='block_1_100' title="bbox 284 4954 1873 5044">
    <p class='ocr_par' dir='ltr' id='par_1_100' title="bbox 284 4954 1873 5044">
     <span class='ocr_line' id='line_1_100' title="bbox 284 4954 1873 5044; baseline 0.015 -37"><span class='ocrx_word' id='word_1_740' title='bbox 284 4954 807 5030; x_wconf 76' lang='grc' dir='ltr'>διεσκορπίσθησαν.</span> <span class='ocrx_word' id='word_1_741' title='bbox 846 4981 866 5013; x_wconf 78' lang='grc' dir='ltr'><strong>ι</strong></span> <span class='ocrx_word' id='word_1_742' title='bbox 900 4964 1386 5037; x_wconf 84' lang='grc' dir='ltr'>’Δφαιρεθήσεσθαι</span> <span class='ocrx_word' id='word_1_743' title='bbox 1410 4972 1754 5044; x_wconf 74' lang='grc' dir='ltr'>τοίνυν.φησ“ι</span> <span class='ocrx_word' id='word_1_744' title='bbox 1778 4954 1873 5030; x_wconf 50' lang='lat' dir='ltr'><strong>x3;-</strong></span> 
     </span>
    </p>
   </div>
   <div class='ocr_carea' id='block_1_101' title="bbox 288 5047 1893 5142">
    <p class='ocr_par' dir='ltr' id='par_1_101' title="bbox 288 5047 1893 5142">
     <span class='ocr_line' id='line_1_101' title="bbox 288 5047 1893 5142; baseline 0.016 -45"><span class='ocrx_word' id='word_1_745' title='bbox 288 5047 466 5118; x_wconf 80' lang='grc' dir='ltr'>φαλὴν</span> <span class='ocrx_word' id='word_1_746' title='bbox 521 5050 616 5107; x_wconf 74' lang='grc' dir='ltr'><strong>καὶ</strong></span> <span class='ocrx_word' id='word_1_747' title='bbox 670 5050 874 5123; x_wconf 71' lang='grc' dir='ltr'>οὐρὰν,</span> <span class='ocrx_word' id='word_1_748' title='bbox 923 5057 1065 5111; x_wconf 84' lang='grc' dir='ltr'>κατά</span> <span class='ocrx_word' id='word_1_749' title='bbox 1105 5073 1170 5125; x_wconf 89' lang='grc' dir='ltr'><strong>γε</strong></span> <span class='ocrx_word' id='word_1_750' title='bbox 1214 5059 1314 5130; x_wconf 83' lang='grc' dir='ltr'>τὴν</span> <span class='ocrx_word' id='word_1_751' title='bbox 1365 5061 1566 5131; x_wconf 83' lang='grc' dir='ltr'>ἀρτίως</span> <span class='ocrx_word' id='word_1_752' title='bbox 1605 5066 1737 5134; x_wconf 79' lang='grc' dir='ltr'>ἡμῖν</span> <span class='ocrx_word' id='word_1_753' title='bbox 1756 5084 1893 5142; x_wconf 87' lang='grc' dir='ltr'>προ-</span> 
     </span>
    </p>
   </div>
   <div class='ocr_carea' id='block_1_102' title="bbox 283 5149 1870 5238">
    <p class='ocr_par' dir='ltr' id='par_1_102' title="bbox 283 5149 1870 5238">
     <span class='ocr_line' id='line_1_102' title="bbox 283 5149 1870 5238; baseline 0.02 -40"><span class='ocrx_word' id='word_1_754' title='bbox 283 5149 637 5205; x_wconf 71' lang='grc' dir='ltr'>αποῶθετσαν</span> <span class='ocrx_word' id='word_1_755' title='bbox 685 5151 946 5209; x_wconf 88' lang='grc' dir='ltr'>διάνοιαν.</span> <span class='ocrx_word' id='word_1_756' title='bbox 998 5159 1144 5232; x_wconf 80' lang='grc' dir='ltr'>Πλὴν</span> <span class='ocrx_word' id='word_1_757' title='bbox 1184 5165 1310 5226; x_wconf 84' lang='grc' dir='ltr'>τοὺς</span> <span class='ocrx_word' id='word_1_758' title='bbox 1354 5168 1870 5238; x_wconf 75' lang='grc' dir='ltr'>μακαρίζονταςτὸν</span> 
     </span>
    </p>
   </div>
   <div class='ocr_carea' id='block_1_103' title="bbox 279 5255 1864 5347">
    <p class='ocr_par' dir='ltr' id='par_1_103' title="bbox 279 5255 1864 5347">
     <span class='ocr_line' id='line_1_103' title="bbox 279 5255 1864 5347; baseline 0.021 -39"><span class='ocrx_word' id='word_1_759' title='bbox 279 5255 408 5310; x_wconf 64' lang='grc' dir='ltr'>λαὸν</span> <span class='ocrx_word' id='word_1_760' title='bbox 451 5258 642 5314; x_wconf 83' lang='grc' dir='ltr'>τοῦτον</span> <span class='ocrx_word' id='word_1_761' title='bbox 682 5261 1005 5330; x_wconf 84' lang='grc' dir='ltr'>πλανῶντας</span> <span class='ocrx_word' id='word_1_762' title='bbox 1049 5268 1269 5326; x_wconf 71' lang='grc' dir='ltr'>ἔσεσθαί</span> <span class='ocrx_word' id='word_1_763' title='bbox 1324 5291 1476 5347; x_wconf 86' lang='grc' dir='ltr'>φησι,</span> <span class='ocrx_word' id='word_1_764' title='bbox 1510 5280 1604 5333; x_wconf 76' lang='grc' dir='ltr'>καὶ</span> <span class='ocrx_word' id='word_1_765' title='bbox 1647 5284 1864 5340; x_wconf 84' lang='grc' dir='ltr'>πλανῶ-</span> 
     </span>
    </p>
   </div>
   <div class='ocr_carea' id='block_1_104' title="bbox 282 5352 1863 5440">
    <p class='ocr_par' dir='ltr' id='par_1_104' title="bbox 282 5352 1863 5440">
     <span class='ocr_line' id='line_1_104' title="bbox 282 5352 1863 5440; baseline 0.02 -39"><span class='ocrx_word' id='word_1_766' title='bbox 282 5367 367 5403; x_wconf 85' lang='grc' dir='ltr'><strong>σιν</strong></span> <span class='ocrx_word' id='word_1_767' title='bbox 403 5352 550 5417; x_wconf 79' lang='grc' dir='ltr'>ὅπως</span> <span class='ocrx_word' id='word_1_768' title='bbox 587 5356 934 5411; x_wconf 83' lang='grc' dir='ltr'>καταπίωσιν</span> <span class='ocrx_word' id='word_1_769' title='bbox 970 5363 1188 5427; x_wconf 86' lang='grc' dir='ltr'>αὐτούς·</span> <span class='ocrx_word' id='word_1_770' title='bbox 1233 5369 1280 5418; x_wconf 86' lang='grc' dir='ltr'>οἱ</span> <span class='ocrx_word' id='word_1_771' title='bbox 1318 5369 1426 5440; x_wconf 81' lang='grc' dir='ltr'>γὰρ</span> <span class='ocrx_word' id='word_1_772' title='bbox 1455 5371 1564 5423; x_wconf 84' lang='grc' dir='ltr'><strong>τῶν</strong></span> <span class='ocrx_word' id='word_1_773' title='bbox 1597 5375 1863 5432; x_wconf 84' lang='grc' dir='ltr'>Ἰουδαίων</span> 
     </span>
    </p>
   </div>
   <div class='ocr_carea' id='block_1_105' title="bbox 280 5443 1863 5535">
    <p class='ocr_par' dir='ltr' id='par_1_105' title="bbox 280 5443 1863 5535">
     <span class='ocr_line' id='line_1_105' title="bbox 280 5443 1863 5535; baseline 0.016 -41"><span class='ocrx_word' id='word_1_774' title='bbox 280 5443 592 5514; x_wconf 74' lang='grc' dir='ltr'>καθηγηταὶ</span> <span class='ocrx_word' id='word_1_775' title='bbox 634 5446 732 5519; x_wconf 82' lang='grc' dir='ltr'>τὴν</span> <span class='ocrx_word' id='word_1_776' title='bbox 786 5450 938 5521; x_wconf 87' lang='grc' dir='ltr'>ἱεράν</span> <span class='ocrx_word' id='word_1_777' title='bbox 988 5468 1048 5504; x_wconf 87' lang='grc' dir='ltr'><strong>τε</strong></span> <span class='ocrx_word' id='word_1_778' title='bbox 1099 5455 1191 5508; x_wconf 80' lang='grc' dir='ltr'>καὶ</span> <span class='ocrx_word' id='word_1_779' title='bbox 1241 5456 1391 5510; x_wconf 87' lang='grc' dir='ltr'>θείαν</span> <span class='ocrx_word' id='word_1_780' title='bbox 1443 5469 1863 5535; x_wconf 76' lang='grc' dir='ltr'>πεπιστευμένοι</span> 
     </span>
    </p>
   </div>
   <div class='ocr_carea' id='block_1_106' title="bbox 277 5537 1861 5616">
    <p class='ocr_par' dir='ltr' id='par_1_106' title="bbox 277 5537 1861 5616">
     <span class='ocr_line' id='line_1_106' title="bbox 277 5537 1861 5616; baseline 0.016 -30"><span class='ocrx_word' id='word_1_781' title='bbox 277 5537 507 5607; x_wconf 85' lang='grc' dir='ltr'>σκηνὴν,</span> <span class='ocrx_word' id='word_1_782' title='bbox 548 5539 643 5592; x_wconf 77' lang='grc' dir='ltr'>καὶ</span> <span class='ocrx_word' id='word_1_783' title='bbox 667 5541 765 5605; x_wconf 81' lang='grc' dir='ltr'><strong>τὰς</strong></span> <span class='ocrx_word' id='word_1_784' title='bbox 806 5545 948 5597; x_wconf 85' lang='grc' dir='ltr'><strong>κατά</strong></span> <span class='ocrx_word' id='word_1_785' title='bbox 982 5544 1179 5616; x_wconf 87' lang='grc' dir='ltr'>νόμους</span> <span class='ocrx_word' id='word_1_786' title='bbox 1211 5547 1401 5614; x_wconf 86' lang='grc' dir='ltr'>θυσίας</span> <span class='ocrx_word' id='word_1_787' title='bbox 1436 5554 1701 5608; x_wconf 80' lang='grc' dir='ltr'>ἐπιτελεῖν</span> <span class='ocrx_word' id='word_1_788' title='bbox 1746 5561 1861 5612; x_wconf 83' lang='grc' dir='ltr'>ἑπι-</span> 
     </span>
    </p>
   </div>
   <div class='ocr_carea' id='block_1_107' title="bbox 276 5630 1861 5711">
    <p class='ocr_par' dir='ltr' id='par_1_107' title="bbox 276 5630 1861 5711">
     <span class='ocr_line' id='line_1_107' title="bbox 276 5630 1861 5711; baseline 0.014 -31"><span class='ocrx_word' id='word_1_789' title='bbox 276 5630 621 5700; x_wconf 75' lang='grc' dir='ltr'>τεταγμένοι,</span> <span class='ocrx_word' id='word_1_790' title='bbox 680 5634 1026 5706; x_wconf 75' lang='grc' dir='ltr'>προύτρεπον</span> <span class='ocrx_word' id='word_1_791' title='bbox 1071 5639 1151 5701; x_wconf 86' lang='grc' dir='ltr'><strong>είς</strong></span> <span class='ocrx_word' id='word_1_792' title='bbox 1205 5640 1539 5711; x_wconf 70' lang='grc' dir='ltr'>δωροφορίας</span> <span class='ocrx_word' id='word_1_793' title='bbox 1584 5650 1711 5710; x_wconf 71' lang='grc' dir='ltr'>τοὺς</span> <span class='ocrx_word' id='word_1_794' title='bbox 1755 5648 1861 5702; x_wconf 77' lang='grc' dir='ltr'><strong>ὑπὸ</strong></span> 
     </span>
    </p>
   </div>
   <div class='ocr_carea' id='block_1_108' title="bbox 1982 4815 3561 4887">
    <p class='ocr_par' dir='ltr' id='par_1_108' title="bbox 1982 4815 3561 4887">
     <span class='ocr_line' id='line_1_108' title="bbox 1982 4815 3561 4887; baseline -0.001 -17"><span class='ocrx_word' id='word_1_795' title='bbox 1982 4815 2163 4885; x_wconf 87' lang='lat' dir='ltr'><strong>pulum</strong></span> <span class='ocrx_word' id='word_1_796' title='bbox 2192 4815 2403 4872; x_wconf 85' lang='lat' dir='ltr'><strong>felicem</strong></span> <span class='ocrx_word' id='word_1_797' title='bbox 2436 4817 2753 4887; x_wconf 70' lang='lat' dir='ltr'><strong>praedicent,</strong></span> <span class='ocrx_word' id='word_1_798' title='bbox 2800 4816 3145 4879; x_wconf 88' lang='lat' dir='ltr'><strong>seducentes,</strong></span> <span class='ocrx_word' id='word_1_799' title='bbox 3200 4824 3257 4867; x_wconf 93' lang='lat' dir='ltr'><strong>et</strong></span> <span class='ocrx_word' id='word_1_800' title='bbox 3308 4816 3561 4869; x_wconf 88' lang='lat' dir='ltr'><strong>seductu-</strong></span> 
     </span>
    </p>
   </div>
   <div class='ocr_carea' id='block_1_109' title="bbox 1981 4904 3559 4976">
    <p class='ocr_par' dir='ltr' id='par_1_109' title="bbox 1981 4904 3559 4976">
     <span class='ocr_line' id='line_1_109' title="bbox 1981 4904 3559 4976; baseline -0.001 -16"><span class='ocrx_word' id='word_1_801' title='bbox 1981 4924 2091 4973; x_wconf 88' lang='lat' dir='ltr'><strong>ros,</strong></span> <span class='ocrx_word' id='word_1_802' title='bbox 2128 4920 2185 4961; x_wconf 88' lang='lat' dir='ltr'><strong>ut</strong></span> <span class='ocrx_word' id='word_1_803' title='bbox 2235 4909 2565 4964; x_wconf 86' lang='lat' dir='ltr'><strong>absorbeant</strong></span> <span class='ocrx_word' id='word_1_804' title='bbox 2609 4922 2720 4961; x_wconf 89' lang='lat' dir='ltr'><strong>eos.</strong></span> <span class='ocrx_word' id='word_1_805' title='bbox 2755 4904 3065 4959; x_wconf 68' lang='lat' dir='ltr'><strong>Judazorum</strong></span> <span class='ocrx_word' id='word_1_806' title='bbox 3107 4906 3250 4960; x_wconf 84' lang='lat' dir='ltr'><strong>enim</strong></span> <span class='ocrx_word' id='word_1_807' title='bbox 3285 4922 3559 4976; x_wconf 88' lang='lat' dir='ltr'><strong>proceres,</strong></span> 
     </span>
    </p>
   </div>
   <div class='ocr_carea' id='block_1_110' title="bbox 1980 4997 3556 5069">
    <p class='ocr_par' dir='ltr' id='par_1_110' title="bbox 1980 4997 3556 5069">
     <span class='ocr_line' id='line_1_110' title="bbox 1980 4997 3556 5069; baseline -0.002 -18"><span class='ocrx_word' id='word_1_808' title='bbox 1980 5002 2175 5069; x_wconf 81' lang='lat' dir='ltr'><strong>quibus</strong></span> <span class='ocrx_word' id='word_1_809' title='bbox 2221 5012 2437 5055; x_wconf 83' lang='lat' dir='ltr'><strong>sacrum</strong></span> <span class='ocrx_word' id='word_1_810' title='bbox 2500 4999 2845 5065; x_wconf 84' lang='lat' dir='ltr'><strong>divinumque</strong></span> <span class='ocrx_word' id='word_1_811' title='bbox 2884 4997 3288 5052; x_wconf 86' lang='lat' dir='ltr'><strong>tabernaculum</strong></span> <span class='ocrx_word' id='word_1_812' title='bbox 3328 5016 3556 5054; x_wconf 83' lang='lat' dir='ltr'><strong>concre-</strong></span> 
     </span>
    </p>
   </div>
   <div class='ocr_carea' id='block_1_111' title="bbox 1980 5085 3552 5156">
    <p class='ocr_par' dir='ltr' id='par_1_111' title="bbox 1980 5085 3552 5156">
     <span class='ocr_line' id='line_1_111' title="bbox 1980 5085 3552 5156; baseline -0.004 -13"><span class='ocrx_word' id='word_1_813' title='bbox 1980 5091 2150 5144; x_wconf 88' lang='lat' dir='ltr'><strong>ditutn</strong></span> <span class='ocrx_word' id='word_1_814' title='bbox 2186 5100 2291 5153; x_wconf 88' lang='lat' dir='ltr'><strong>est,</strong></span> <span class='ocrx_word' id='word_1_815' title='bbox 2324 5098 2379 5141; x_wconf 90' lang='lat' dir='ltr'><strong>et</strong></span> <span class='ocrx_word' id='word_1_816' title='bbox 2413 5086 2504 5156; x_wconf 91' lang='lat' dir='ltr'><strong>qui</strong></span> <span class='ocrx_word' id='word_1_817' title='bbox 2537 5087 2603 5139; x_wconf 91' lang='lat' dir='ltr'><strong>ad</strong></span> <span class='ocrx_word' id='word_1_818' title='bbox 2637 5085 2905 5139; x_wconf 81' lang='lat' dir='ltr'><strong>sacriﬁcia</strong></span> <span class='ocrx_word' id='word_1_819' title='bbox 2928 5085 3080 5152; x_wconf 79' lang='lat' dir='ltr'><strong>juxta</strong></span> <span class='ocrx_word' id='word_1_820' title='bbox 3111 5085 3278 5154; x_wconf 86' lang='lat' dir='ltr'><strong>legem</strong></span> <span class='ocrx_word' id='word_1_821' title='bbox 3309 5086 3552 5140; x_wconf 80' lang='lat' dir='ltr'><strong>facienda</strong></span> 
     </span>
    </p>
   </div>
   <div class='ocr_carea' id='block_1_112' title="bbox 1979 5177 3550 5249">
    <p class='ocr_par' dir='ltr' id='par_1_112' title="bbox 1979 5177 3550 5249">
     <span class='ocr_line' id='line_1_112' title="bbox 1979 5177 3550 5249; baseline -0.002 -15"><span class='ocrx_word' id='word_1_822' title='bbox 1979 5181 2258 5235; x_wconf 88' lang='lat' dir='ltr'><strong>constituti</strong></span> <span class='ocrx_word' id='word_1_823' title='bbox 2280 5188 2453 5241; x_wconf 85' lang='lat' dir='ltr'><strong>erant,</strong></span> <span class='ocrx_word' id='word_1_824' title='bbox 2483 5178 2738 5249; x_wconf 91' lang='lat' dir='ltr'><strong>populum</strong></span> <span class='ocrx_word' id='word_1_825' title='bbox 2772 5178 2872 5232; x_wconf 86' lang='lat' dir='ltr'><strong>sibi</strong></span> <span class='ocrx_word' id='word_1_826' title='bbox 2907 5177 3179 5231; x_wconf 87' lang='lat' dir='ltr'><strong>subditum</strong></span> <span class='ocrx_word' id='word_1_827' title='bbox 3205 5178 3271 5230; x_wconf 87' lang='lat' dir='ltr'><strong>ad</strong></span> <span class='ocrx_word' id='word_1_828' title='bbox 3288 5179 3550 5231; x_wconf 89' lang='lat' dir='ltr'><strong>donorum</strong></span> 
     </span>
    </p>
   </div>
   <div class='ocr_carea' id='block_1_113' title="bbox 1978 5265 3545 5331">
    <p class='ocr_par' dir='ltr' id='par_1_113' title="bbox 1978 5265 3545 5331">
     <span class='ocr_line' id='line_1_113' title="bbox 1978 5265 3545 5331; baseline -0.001 -11"><span class='ocrx_word' id='word_1_829' title='bbox 1978 5267 2275 5321; x_wconf 74' lang='lat' dir='ltr'><strong>oblationes</strong></span> <span class='ocrx_word' id='word_1_830' title='bbox 2301 5266 2749 5331; x_wconf 86' lang='lat' dir='ltr'><strong>cohortabantur,</strong></span> <span class='ocrx_word' id='word_1_831' title='bbox 2791 5267 2981 5320; x_wconf 83' lang='lat' dir='ltr'><strong>beatos</strong></span> <span class='ocrx_word' id='word_1_832' title='bbox 3010 5280 3104 5321; x_wconf 91' lang='lat' dir='ltr'><strong>eos</strong></span> <span class='ocrx_word' id='word_1_833' title='bbox 3130 5265 3373 5321; x_wconf 87' lang='lat' dir='ltr'><strong>dicentes</strong></span> <span class='ocrx_word' id='word_1_834' title='bbox 3407 5281 3545 5327; x_wconf 88' lang='lat' dir='ltr'><strong>esse,</strong></span> 
     </span>
    </p>
   </div>
   <div class='ocr_carea' id='block_1_114' title="bbox 1979 5356 3556 5428">
    <p class='ocr_par' dir='ltr' id='par_1_114' title="bbox 1979 5356 3556 5428">
     <span class='ocr_line' id='line_1_114' title="bbox 1979 5356 3556 5428; baseline 0 -17"><span class='ocrx_word' id='word_1_835' title='bbox 1979 5362 2023 5411; x_wconf 86' lang='lat' dir='ltr'><strong>si</strong></span> <span class='ocrx_word' id='word_1_836' title='bbox 2077 5359 2287 5412; x_wconf 86' lang='lat' dir='ltr'><strong>abunde</strong></span> <span class='ocrx_word' id='word_1_837' title='bbox 2329 5367 2557 5428; x_wconf 83' lang='lat' dir='ltr'><strong>utraque</strong></span> <span class='ocrx_word' id='word_1_838' title='bbox 2590 5372 2748 5412; x_wconf 91' lang='lat' dir='ltr'><strong>manu</strong></span> <span class='ocrx_word' id='word_1_839' title='bbox 2797 5356 3089 5422; x_wconf 69' lang='lat' dir='ltr'><strong>offerrent,</strong></span> <span class='ocrx_word' id='word_1_840' title='bbox 3146 5359 3307 5427; x_wconf 86' lang='lat' dir='ltr'><strong>idque</strong></span> <span class='ocrx_word' id='word_1_841' title='bbox 3356 5360 3556 5411; x_wconf 89' lang='lat' dir='ltr'><strong>acriter</strong></span> 
     </span>
    </p>
   </div>
   <div class='ocr_carea' id='block_1_115' title="bbox 1980 5451 3551 5523">
    <p class='ocr_par' dir='ltr' id='par_1_115' title="bbox 1980 5451 3551 5523">
     <span class='ocr_line' id='line_1_115' title="bbox 1980 5451 3551 5523; baseline 0 -20"><span class='ocrx_word' id='word_1_842' title='bbox 1980 5451 2317 5515; x_wconf 82' lang='lat' dir='ltr'><strong>factitabant,</strong></span> <span class='ocrx_word' id='word_1_843' title='bbox 2361 5466 2465 5505; x_wconf 92' lang='lat' dir='ltr'><strong>non</strong></span> <span class='ocrx_word' id='word_1_844' title='bbox 2511 5451 2787 5520; x_wconf 83' lang='lat' dir='ltr'><strong>religionis</strong></span> <span class='ocrx_word' id='word_1_845' title='bbox 2831 5466 2959 5519; x_wconf 84' lang='lat' dir='ltr'><strong>erga</strong></span> <span class='ocrx_word' id='word_1_846' title='bbox 3015 5451 3179 5523; x_wconf 80' lang='lat' dir='ltr'><strong>Deum</strong></span> <span class='ocrx_word' id='word_1_847' title='bbox 3233 5464 3360 5503; x_wconf 89' lang='lat' dir='ltr'><strong>cura</strong></span> <span class='ocrx_word' id='word_1_848' title='bbox 3401 5451 3551 5516; x_wconf 79' lang='lat' dir='ltr'><strong>tacti,</strong></span> 
     </span>
    </p>
   </div>
   <div class='ocr_carea' id='block_1_116' title="bbox 1980 5541 3549 5611">
    <p class='ocr_par' dir='ltr' id='par_1_116' title="bbox 1980 5541 3549 5611">
     <span class='ocr_line' id='line_1_116' title="bbox 1980 5541 3549 5611; baseline -0.001 -16"><span class='ocrx_word' id='word_1_849' title='bbox 1980 5543 2074 5597; x_wconf 80' lang='lat' dir='ltr'><strong>sed</strong></span> <span class='ocrx_word' id='word_1_850' title='bbox 2108 5558 2262 5596; x_wconf 88' lang='lat' dir='ltr'><strong>suum</strong></span> <span class='ocrx_word' id='word_1_851' title='bbox 2295 5552 2558 5611; x_wconf 82' lang='lat' dir='ltr'><strong>quaestum</strong></span> <span class='ocrx_word' id='word_1_852' title='bbox 2591 5553 2922 5611; x_wconf 81' lang='lat' dir='ltr'><strong>spectantes.</strong></span> <span class='ocrx_word' id='word_1_853' title='bbox 2949 5541 3057 5597; x_wconf 81' lang='lat' dir='ltr'><strong>llac</strong></span> <span class='ocrx_word' id='word_1_854' title='bbox 3090 5543 3319 5607; x_wconf 89' lang='lat' dir='ltr'><strong>ratione,</strong></span> <span class='ocrx_word' id='word_1_855' title='bbox 3353 5544 3549 5611; x_wconf 78' lang='lat' dir='ltr'><strong>inquit,</strong></span> 
     </span>
    </p>
   </div>
   <div class='ocr_carea' id='block_1_117' title="bbox 1982 5635 3551 5700">
    <p class='ocr_par' dir='ltr' id='par_1_117' title="bbox 1982 5635 3551 5700">
     <span class='ocr_line' id='line_1_117' title="bbox 1982 5635 3551 5700; baseline 0.002 -10"><span class='ocrx_word' id='word_1_856' title='bbox 1982 5636 2261 5700; x_wconf 87' lang='lat' dir='ltr'><strong>seducunt,</strong></span> <span class='ocrx_word' id='word_1_857' title='bbox 2298 5647 2355 5689; x_wconf 88' lang='lat' dir='ltr'><strong>ut</strong></span> <span class='ocrx_word' id='word_1_858' title='bbox 2385 5639 2707 5691; x_wconf 85' lang='lat' dir='ltr'><strong>absorbcant</strong></span> <span class='ocrx_word' id='word_1_859' title='bbox 2742 5651 2851 5691; x_wconf 90' lang='lat' dir='ltr'><strong>eos.</strong></span> <span class='ocrx_word' id='word_1_860' title='bbox 2893 5636 3026 5691; x_wconf 90' lang='lat' dir='ltr'><strong>Cum</strong></span> <span class='ocrx_word' id='word_1_861' title='bbox 3077 5636 3219 5691; x_wconf 86' lang='lat' dir='ltr'><strong>enim</strong></span> <span class='ocrx_word' id='word_1_862' title='bbox 3259 5635 3551 5693; x_wconf 86' lang='lat' dir='ltr'><strong>insatiabili</strong></span> 
     </span>
    </p>
   </div>
   <div class='ocr_carea' id='block_1_118' title="bbox 367 5782 2208 5851">
    <p class='ocr_par' dir='ltr' id='par_1_118' title="bbox 367 5782 2208 5851">
     <span class='ocr_line' id='line_1_118' title="bbox 367 5782 2208 5851; baseline 0.003 -15"><span class='ocrx_word' id='word_1_863' title='bbox 367 5782 383 5814; x_wconf 84' lang='grc'><strong><em>³</em></strong></span> <span class='ocrx_word' id='word_1_864' title='bbox 409 5782 808 5845; x_wconf 65' lang='lat' dir='ltr'><strong>Act.tv,8«10.</strong></span> <span class='ocrx_word' id='word_1_865' title='bbox 887 5784 907 5812; x_wconf 76' lang='grc'>³</span> <span class='ocrx_word' id='word_1_866' title='bbox 937 5783 1089 5837; x_wconf 74' lang='lat' dir='ltr'><strong>Deut.</strong></span> <span class='ocrx_word' id='word_1_867' title='bbox 1132 5800 1168 5842; x_wconf 85' lang='grc' dir='ltr'><strong>ι,</strong></span> <span class='ocrx_word' id='word_1_868' title='bbox 1215 5783 1294 5835; x_wconf 67' lang='lat' dir='ltr'><strong>lli.</strong></span> <span class='ocrx_word' id='word_1_869' title='bbox 1375 5783 1393 5813; x_wconf 88' lang='grc'>³</span> <span class='ocrx_word' id='word_1_870' title='bbox 1423 5782 1553 5839; x_wconf 85' lang='lat' dir='ltr'><strong>ibid.</strong></span> <span class='ocrx_word' id='word_1_871' title='bbox 1585 5786 1663 5840; x_wconf 87' lang='lat' dir='ltr'><strong>l7.</strong></span> <span class='ocrx_word' id='word_1_872' title='bbox 1746 5788 1763 5817; x_wconf 57' lang='grc'><strong>⁵</strong></span> <span class='ocrx_word' id='word_1_873' title='bbox 1794 5789 1909 5843; x_wconf 81' lang='lat' dir='ltr'><strong>Act.</strong></span> <span class='ocrx_word' id='word_1_874' title='bbox 1944 5805 1992 5851; x_wconf 83' lang='grc' dir='ltr'><strong>ν,</strong></span> <span class='ocrx_word' id='word_1_875' title='bbox 2024 5789 2208 5841; x_wconf 72' lang='lat'><strong>55-57.</strong></span> 
     </span>
    </p>
   </div>
  </div>
