4122 6292
594 390 712 448 ειη

1603 386 1659 445 S.
1702 386 1975 443 CYRILLI
2014 385 2487 441 ALEXANDRINI
2531 384 2849 442 ARCHIEP.

3768 388 3875 441 ’272

612 501 929 557 divitiarum
962 498 1258 569 cupiditate
1292 506 1624 565 tenerentur,
1675 508 1734 553 ut
1769 498 1903 565 dixi,
1947 513 2052 553 non
2095 498 2188 551 do-

2292 499 2446 567 χεῖρα
2498 496 2680 561 λαούς,
2744 494 3036 567 μακαρίους
3094 494 3288 559 αὐτοὺς
3323 493 3461 549 εἶναι
3507 494 3779 564 λέγοντες,
3826 502 3874 552 εί

610 598 806 652 eebant
830 592 1095 666 |p0pttlos,
1131 593 1275 662 quod
1316 596 1621 663 oportebat,
1673 593 1941 661 implendo
1983 591 2181 660 legem,

615 683 990 739 universitatis
1023 681 1188 735 Deum
1224 682 1440 751 placare
1489 700 1502 734 :
1557 683 1650 736 sed
1701 681 2052 736 hortabantur
2094 696 2191 749 po-

596 776 715 829 -tius
740 784 800 828 ut
824 776 984 827 etiam
1013 773 1151 827 ultra
1192 773 1474 828 facultates
1499 773 1860 828 oblationibus
1894 772 2136 825 colerent
2175 776 2187 812 ε

606 867 677 919 ob
712 880 951 933 eamque
998 880 1218 918 causam
1256 878 1429 931 neque
1486 862 1585 933 ipsi
1626 862 1784 917 fidem
1833 860 2192 916 Christianam

605 956 835 1027 amplexi
860 967 1002 1022 sunt,
1039 955 1133 1009 sed
1171 953 1336 1009 veluti
1357 954 1540 1009 clauso
1582 968 1744 1023 regno
1796 953 2073 1017 calorum,
2126 966 2197 1006 ne

604 1049 742 1103 alios
812 1047 1032 1118 quidem
1110 1061 1174 1102 eo
1259 1045 1466 1115 ingredi
1539 1045 1915 1116 permiserunt.
1982 1042 2191 1097 Etenim

606 1137 853 1209 legalium
898 1140 1084 1192 umbra
1122 1136 1318 1200 deleta,
1370 1150 1423 1192 et
1468 1135 1773 1204 evangeliea
1814 1133 2191 1204 prmdicatione

603 1240 856 1299 suscepta
889 1231 1142 1286 sciebant
1177 1230 1411 1300 typicum
1457 1238 1512 1283 et
1551 1236 1832 1284 cruentum
1865 1225 2066 1279 cultum
2097 1237 2189 1291 pe-

603 1321 752 1375 nitus
782 1332 1143 1385 cessaturum,
1190 1328 1245 1375 et
1276 1321 1493 1374 invecto
1527 1317 1673 1372 cultu
1733 1315 1987 1385 spiritali,
2046 1315 2187 1369 desi-

602 1422 725 1466 tura
754 1411 1047 1468 sacriﬁcia.
1079 1410 1257 1479 Atque
1286 1410 1402 1464 haec
1436 1409 1652 1478 quidem
1683 1417 1801 1461 erat
1843 1405 2184 1475 inexplebilis

610 1505 848 1570 ipsorum
880 1503 1120 1580 avaritiae
1152 1503 1360 1567 integra
1387 1502 1618 1556 eversio.

2297 587 2624 658 προσάγοιεν
2668 585 3015 657 ἀμφιλαφῶς.
3065 585 3272 657 Ἔδρων
3324 584 3381 638 δὲ
3429 584 3588 638 τοῦτο
3637 588 3873 658 πικρῶς,

2297 680 2358 731 οὐ
2387 679 2483 748 τῆς
2520 681 2598 741 είς
2633 677 2765 730 Θεὸν
2797 676 2976 740 αἰδοῦς
3012 675 3483 747 μεταποιούμενοι,
3512 677 3606 728 καὶ
3641 692 3872 747 πεφρον-

2298 769 2529 832 τικότες,
2568 769 2681 822 ἀλλ’
2714 772 2793 832 εἰς
2816 770 2912 832 τὰς
2945 770 3094 837 σφῶν
3136 768 3313 821 αὐτῶν
3348 767 3582 836 ὁρῶντες
3620 768 3872 840 φιλοκερο

2296 861 2433 923 δίας.
2462 861 2646 930 Ταύτῃ
2678 878 2780 923 τοι,
2816 861 2967 930 φησὶ,
3012 860 3304 922 πλανῶσιν,
3336 860 3485 923 ὅπως
3535 862 3874 915 καταπίωσιν

2298 948 2515 1013 αὐτούς.
2592 950 2904 1022 Ἀκόρεστοι
2965 949 3077 1021 γὰρ
3132 948 3303 1013 ὄντες,
3359 950 3432 1012 ὡς
3481 948 3649 1019 ἔφην,
3695 952 3774 1013 εἰς
3814 953 3874 1003 τὸ

2301 1040 2587 1111 βούλεσθαι
2627 1042 2897 1099 πλουτεῖν.
2949 1042 3047 1112 οὐχ
3095 1043 3176 1095 ὅτι
3209 1041 3497 1112 προσήκει,
3542 1041 3631 1094 διὰ
3655 1041 3751 1094 τοῦ
3785 1040 3875 1094 τὸν

2297 1133 2461 1202 νόμον
2496 1132 2710 1187 ἑλέσθαι
2738 1134 2997 1205 πληροῦν,
3021 1133 3114 1186 τὸν
3137 1132 3245 1185 τῶν
3267 1132 3402 1185 ὅλων
3436 1132 3701 1202 εὐφρᾶναι
3742 1131 3874 1201 Θείλν

2296 1226 2570 1280 ἐδίδασκον
2616 1229 2742 1290 τοὺς
2786 1226 2981 1290 λαούς·
3042 1225 3381 1296 προύτρεπον
3430 1224 3488 1277 δὲ
3539 1224 3739 1294 μᾶλλον
3780 1226 3872 1276 καὶ

2291 1319 2410 1380 ταῖς
2479 1318 2617 1388 ὑπὲρ
2683 1318 2909 1390 δύναμιν
2970 1318 3395 1390 καταγεραίρειν
3460 1320 3871 1386 προσαγωγαίς.

2293 1410 2511 1481 Ταύτης
2534 1410 2643 1482 γὰρ
2667 1411 2830 1465 ἕνεκα
2850 1410 2953 1481 τῆς
2977 1410 3176 1474 αἰτίας,
3206 1410 3331 1465 οὐτε
3353 1411 3510 1465 αὐτοὶ
3531 1412 3874 1481 προσήκαντο

2290 1500 2390 1572 τὴν
2440 1502 2625 1555 πίστιν
2673 1504 2774 1575 τὴν
2822 1507 2901 1566 εἰς
2949 1502 3215 1574 Χριστὸν,
3261 1503 3531 1567 κλείοντες
3575 1502 3633 1556 δὲ
3684 1501 3872 1573 ὥσπερ

617 1597 719 1666 τὴν
741 1595 1014 1666 βασιλείαν
1063 1592 1171 1646 τῶν
1220 1592 1498 1665 οὐρανῶν,
1558 1590 1664 1644 οὐδ’
1723 1590 1941 1660 ἐτέρους
1995 1586 2253 1642 εἰσελθεῖν
2307 1593 2790 1666 συγκεχωρήκασιν
2834 1593 2914 1657 είς
2963 1593 3152 1664 αὐτήν.
3204 1592 3441 1664 ’ᾘδεσαν
3492 1591 3601 1663 γάρ
3644 1592 3727 1644 ὅτι
3775 1590 3870 1660 τῆς

611 1687 755 1741 κατὰ
812 1686 975 1756 νόμον
1020 1685 1296 1756 ἀργούσης
1340 1685 1516 1746 σκιᾶς,
1566 1685 1660 1736 καὶ
1698 1683 1805 1735 τῶν
1839 1681 2209 1750 εὐαγγελικῶν
2243 1685 2614 1755 κηρυγμάτων
2642 1685 3084 1756 εἰσδεδεγμένων,
3118 1685 3458 1740 πεπαύσεται
3489 1686 3708 1749 πάντως
3742 1686 3775 1755 ἡ
3813 1685 3870 1736 ἐν

608 1783 802 1845 τύποις
857 1782 952 1836 καὶ
989 1780 1054 1833 δι’
1082 1778 1331 1850 αἱμάτων
1398 1778 1641 1849 λατρεία,
1677 1780 1973 1848 ἀργήσουσι
2014 1777 2073 1831 δὲ
2116 1778 2210 1832 καὶ
2253 1778 2454 1844 θυσίαι,
2501 1781 2602 1851 τῆς
2645 1783 2703 1835 ἐν
2746 1782 3015 1853 πνεύματι
3053 1781 3303 1855 λατρείας
3358 1783 3865 1853 εἰσκεκομισμένης.

615 1875 788 1929 Τοῦτο
832 1875 891 1928 δὲ
928 1874 1210 1945 ἀναίρεσις
1250 1870 1518 1939 παντελὴς
1566 1871 1665 1942 τῆς
1707 1870 1935 1941 ἐνούσης
1990 1871 2173 1934 αὐτοῖς
2199 1873 2493 1943 ἀκορέστου
2539 1874 2899 1947 φιλοκερδίας.

679 1969 845 2025 Vsus.
883 1968 965 2022 Π.
1015 1966 1250 2022 Proinde
1301 1965 1580 2035 juvenibus
1618 1980 1796 2018 eorum
1822 1979 1924 2017 non
1956 1963 2186 2019 delecta-

2357 1969 2461 2021 Διὰ
2491 1969 2664 2023 τοῦτο
2693 1970 2793 2023 ἐπὶ
2843 1971 2985 2038 τοὺς
3018 1973 3380 2039 νεανίσκους
3403 1972 3602 2041 ai:thr
3628 1976 3741 2027 οὐκ
3777 1978 3871 2030 εὐ-

597 2064 749 2117 bitur
771 2060 937 2126 Deus,
964 2069 1010 2114 et
1035 2058 1355 2129 pupillorum
1389 2058 1641 2125 ipsorum,
1672 2065 1719 2109 et
1753 2056 2030 2108 viduarum
2048 2056 2185 2123 ipso-

590 2172 719 2208 .rum
763 2170 867 2208 non
917 2151 1265 2214 miserebitur,
1302 2150 1430 2218 quia
1464 2147 1828 2216 amnesiniqui
1874 2156 1919 2200 et
1945 2147 2185 2216 improbi,

596 2256 650 2301 et
681 2260 836 2300 omne
859 2260 915 2298 os
937 2244 1171 2313 loquitur
1200 2241 1418 2310 iujusta.

673 2334 908 2389 Deducit
985 2348 1081 2386 nos
1147 2333 1443 2385 etiamnum
1516 2331 1631 2384 haec
1686 2330 1862 2384 oratio
1926 2327 2190 2399 exemplis

609 2426 938 2486 illustribus,
976 2426 1040 2477 ad
1071 2438 1131 2477 ea
1162 2437 1280 2489 quae
1326 2437 1544 2477 sensum
1587 2421 1749 2492 166
1803 2421 2089 2484 excedunt,
2137 2429 2189 2474 et

602 2519 704 2574 sub
733 2514 1140 2585 intelligentiam
1165 2512 1428 2568 recidunl.
1461 2509 1694 2566 Juvenes
1721 2512 1864 2566 enim
1914 2511 2003 2565 hic
2034 2512 2185 2577 dicit,

604 2620 710 2659 non
745 2618 959 2672 semper
998 2602 1206 2655 viribus
1243 2600 1509 2668 corporis,
1562 2608 1655 2653 aut
1697 2600 1876 2654 carnis
1907 2601 2189 2669 pubertate

603 2695 883 2759 florentes,
944 2694 1037 2747 sed
1103 2693 1326 2746 denotat
1383 2690 1566 2746 verius
1632 2705 1724 2745 eos
1766 2690 1855 2760 qui
1909 2690 2074 2743 animi
2136 2701 2189 2744 et

608 2784 790 2838 cordis
852 2780 1020 2835 robur
1083 2779 1364 2848 spirituale
1436 2779 1663 2842 habent,
1701 2787 1760 2832 ut
1802 2778 2012 2848 possint
2038 2776 2191 2847 juve-

607 2874 706 2929 nili
737 2874 1025 2928 alacritate
1082 2880 1225 2926 recte
1253 2870 1404 2925 obire
1461 2884 1546 2935 ea,
1588 2868 1729 2924 unde
1768 2869 2005 2924 illustres
2065 2883 2191 2923 eva-

611 2969 765 3030 dant,
811 2965 1027 3034 Deoque
1086 2961 1498 3031 spectatissimi,
1558 2960 1817 3031 omnique
1850 2975 2188 3031 generepro-

579 3060 791 3117 uh'ttatis
817 3058 1099 3113 cumulati.
1134 3054 1233 3120 Qui
1263 3053 1364 3108 hac
1402 3061 1527 3107 suttt
1568 3051 1904 3116 habitudine,
1935 3065 2029 3106 eos
2056 3050 2190 3103 allo-

607 3155 792 3224 quitur
821 3153 984 3208 etiam
1044 3152 1232 3204 beatus
1288 3145 1548 3208 Joannes,
1586 3144 1846 3214 inquiens
1882 3162 1897 3199 :
1934 3163 1954 3197 ι
1998 3145 2189 3199 Scribe

579 3246 777 3311 --vohis,
833 3242 1228 3308 adolescente<,
1276 3239 1528 3308 quoniam
1573 3236 1744 3293 fortes
1784 3236 1937 3300 estis,
1966 3245 2022 3289 et
2048 3235 2187 3288 vici-

2291 2059 2698 2128 μαρανθήσεται
2730 2064 2762 2116 ὁ
2786 2063 2948 2128 Θεὸς,
2985 2065 3082 2117 καὶ
3120 2065 3260 2130 τοὺς
3296 2054 3598 2133 ’ὀρφανοὺς
3637 2065 3867 2127 αὐτῶν,

2291 2147 2525 2215 καὶτὰς
2569 2150 2761 2218 χήρας
2798 2151 2997 2207 αὐτῶν
3035 2156 3146 2208 οὐκ
3204 2154 3471 2220 ἐλεήσει,
3519 2154 3610 2208 ὅτι
3653 2155 3871 2221 πάντες

2289 2240 2501 2311 ἄνομοι
2521 2242 2623 2296 καὶ
2661 2245 2933 2315 πονηροί,
2965 2245 3064 2298 καί
3087 2243 3210 2300 πᾶν
3250 2246 3444 2315 στόμα
3470 2246 3653 2300 λαλεῖ
3674 2246 3867 2302 ἄδικα.

2372 2333 2665 2404 ’Δποφέρει
2685 2335 2778 2388 καὶ
2798 2333 2892 2388 νῦν
2914 2336 2942 2388 ὁ
2965 2335 3121 2403 λόγος
3142 2336 3309 2406 ἡμᾶς,
3329 2338 3393 2388 ἐκ
3412 2335 3868 2405 παραδειγμάτων

2290 2423 2571 2493 ἐμφανῶν,
2597 2426 2676 2488 είς
2708 2424 2777 2477 τὰ
2802 2425 2942 2495 ὑπὲρ
2966 2424 3218 2496 αἴσθησίν
3259 2443 3319 2478 τε
3369 2426 3463 2479 καὶ
3498 2426 3685 2496 νοητά.
3731 2427 3870 2479 Νεα-

2290 2516 2509 2579 νίσκους
2531 2517 2639 2585 γὰρ
2687 2516 2874 2570 ἐνθάδε
2905 2519 3090 2588 φησὶν,
3120 2517 3238 2586 οὐχὶ
3280 2517 3449 2587 δήπου
3490 2518 3710 2580 πάντως
3749 2518 3869 2579 τούς

2290 2605 2347 2655 ἐν
2382 2603 2652 2674 εὐρωστίᾳ
2707 2602 2974 2673 σώματος,
3006 2604 3124 2674 ἦτοι
3176 2604 3302 2666 τοὺς
3336 2607 3392 2657 ἐν
3435 2605 3639 2675 ἀκμαῖς
3690 2622 3750 2657 τε
3779 2606 3869 2658 καὶ

2288 2692 2398 2765 ἥϐῃ
2446 2697 2705 2764 σαρκικῇ,
2760 2695 3012 2766 σημαίνει
3064 2694 3120 2748 δὲ
3171 2694 3371 2766 μᾶλλον
3431 2696 3556 2759 τοὺς
3608 2696 3768 2768 οἵπερ
3801 2695 3864 2748 ἂν

2289 2786 2461 2855 ἔχοιεν
2488 2787 2568 2848 εἰς
2597 2785 2721 2839 νοῦν
2752 2788 2844 2839 καὶ
2871 2786 3099 2857 καρδίαν
3129 2789 3279 2858 ἰσχὺν
3327 2790 3428 2860 τὴν
3475 2791 3871 2861 πνευματικὴν,

2290 2872 2431 2926 ὣστε
2459 2873 2719 2927 δύνασθαι
2746 2874 3044 2946 κατορθοῦν
3075 2877 3168 2929 καὶ
3221 2878 3365 2947 μάλα
3396 2880 3657 2943 νεανικῶς
3685 2881 3756 2933 τὰ
3805 2881 3869 2933 δι’

2290 2957 2367 3018 ὧν
2399 2964 2613 3017 ἔσονται
2657 2965 2920 3036 λαμπροὶ,
2975 2967 3071 3021 καὶ
3115 2968 3235 3039 Θεῷ
3287 2972 3727 3041 γνωριμώτατοι,
3780 2974 3871 3027 καὶ

2290 3056 2508 3126 ἁπάσης
2563 3057 2862 3121 ἐπιεικείας
2889 3056 3135 3126 ἔμπλεοι,
3172 3061 3298 3124 Τοῖς
3337 3054 3439 3119 ὦδε
3478 3064 3579 3133 τὴν
3609 3064 3722 3130 ἕξιν
3759 3064 3872 3117 δια-

2292 3149 2588 3219 κειμένοις,
2615 3149 2711 3202 καὶ
2744 3152 2773 3203 ό
2798 3151 3067 3222 μακάριος
3116 3152 3369 3225 Ἰωάννης
3412 3157 3871 3228 προσπεφώνηκε,

2291 3240 2486 3308 λέγων*
2508 3258 2526 3292 ι
2556 3240 2758 3311 Γράφω
2779 3242 2927 3313 ὑμῖν,
2948 3243 3238 3307 νεανίσκοι,
3267 3247 3350 3299 ὅτι
3381 3233 3754 3318 ίσχυροίέστε,
3784 3251 3875 3302 καὶ

578 3335 718 3388 .slis
788 3332 985 3386 malum
1015 3331 1057 3383 ⁸.
1096 3348 1115 3381 ι
1152 3330 1418 3384 Caeterum
1481 3338 1606 3381 ante
1658 3324 1966 3381 Servatoris
2017 3324 2183 3378 nostri

2292 3329 2608 3399 νενικήκατε
2642 3330 2736 3382 τὸν
2764 3330 3021 3403 πονηρόν.
3075 3350 3092 3384 ι
3140 3332 3301 3387 Ἀ).λὰ
3350 3334 3457 3403 πρὸ
3505 3336 3603 3406 μὲν
3649 3339 3745 3407 τῆς
3784 3336 3873 3391 τοῦ

613 3425 906 3479 adventum
951 3424 1274 3475 exsdterunt
1312 3418 1530 3487 quidam
1562 3416 1727 3470 etiam
1775 3415 1914 3484 apud
1942 3411 2180 3475 Iudaeos,

592 3515 702 3585 qui
735 3528 820 3577 eo,
853 3526 1010 3582 quem
1047 3513 1156 3578 jam
1190 3508 1325 3570 dixi,
1389 3506 1546 3560 modo
1590 3504 1803 3560 fortiter
1864 3518 2025 3573 agere
2073 3513 2188 3557 stu-

578 3603 888 3658 .duerunt:
926 3607 981 3653 et
1016 3597 1249 3651 mandati
1303 3595 1441 3649 citra
1503 3592 1978 3662 reprehensionem
2030 3607 2186 3647 exse-

584 3690 815 3763 quendi
884 3688 1205 3752 voluntate,
1275 3693 1330 3740 et
1408 3683 1666 3754 legalium
1743 3691 2184 3737 ornamentorum

609 3783 915 3856 splendore.
943 3780 1058 3835 Non
1096 3787 1253 3834 erant
1283 3787 1463 3832 autem
1503 3791 1532 3830 a
1588 3776 1700 3831 Deo
1739 3773 1944 3844 rejecti.
1998 3776 2189 3830 Adhuc

609 3876 753 3932 enim
795 3884 1012 3942 tempus
1037 3880 1157 3926 erat
1196 3869 1400 3924 umbra:
1463 3866 1687 3939 legalis:
1729 3876 1920 3921 etcum
1960 3883 2189 3935 evange-

610 3968 715 4023 lica
776 3980 842 4021 ac
897 3962 1205 4021 Christiana
1266 3961 1371 4016 vita
1414 3964 1651 4015 nondum
1704 3959 1974 4029 patefacta
2021 3969 2186 4024 esset,

582 4062 732 4115 -ha:e
760 4058 975 4127 quidem
1008 4065 1167 4110 erant
1220 4069 1443 4108 sunmne
1481 4052 1673 4108 laudis.
1711 4050 1803 4107 Sic
1825 4054 2085 4122 scriptum
2107 4061 2191 4108 est

606 4154 677 4206 de
709 4151 972 4205 Zacharia
1043 4156 1099 4201 et
1140 4144 1418 4200 Elizabeth
1453 4163 1465 4199 :
1503 4162 1520 4195 ι
1553 4142 1675 4198 Fuit
1733 4144 1918 4197 diehtts
1958 4143 2189 4198 Herodis

616 4246 781 4314 regis.
804 4241 1006 4299 Iudaea:
1063 4238 1317 4296 sacerdos
1342 4239 1590 4306 quidam,
1628 4236 1843 4292 nomine
1871 4234 2186 4300 Zacharias,

611 4351 679 4390 ex
714 4336 834 4389 vice
885 4333 1055 4394 Abia,‘
1099 4339 1153 4384 et
1188 4345 1326 4384 uxor
1358 4331 1406 4384 ei
1438 4346 1468 4384 e
1509 4328 1721 4382 filiabus
1743 4327 1945 4394 Aaron,
1987 4326 2074 4381 cui
2105 4342 2191 4380 no-

611 4441 736 4482 men
765 4434 911 4480 erat-
936 4423 1238 4479 Eliaabeth.
1267 4421 1434 4475 Erant
1482 4434 1610 4475 vero
1643 4419 1775 4487 justi
1816 4420 1976 4474 ambo
1998 4433 2189 4473 coram

613 4516 751 4580 Deo,
778 4511 1120 4568 ambulantes
1184 4511 1236 4564 in
1293 4508 1576 4577 prateeptis
1620 4518 1676 4563 et
1711 4507 2192 4577 justiﬁeatiunibus

610 4606 826 4663 Domini
866 4606 984 4662 sine
1039 4600 1258 4672 querela
1290 4599 1331 4652 °.
1370 4618 1388 4650 ι
1423 4599 1503 4654 Ad
1561 4600 1707 4654 hunc
1751 4603 1967 4656 modum
2027 4603 2190 4656 etiam

2295 3418 2546 3488 Σωτῆρος
2571 3419 2729 3489 ἡμῶν
2759 3420 3077 3492 ἐπιδημίας,
3101 3424 3357 3492 γεγόνασί
3392 3443 3558 3491 τινες,
3591 3429 3686 3481 καὶ
3725 3428 3872 3499 παρὰ

2287 3498 2399 3573 τοῖς
2426 3510 2720 3576 Ἰουδαίοις,
2752 3512 2873 3566 καθ’
2895 3514 2955 3568 ὃν
2983 3514 3118 3587 ἔφην
3148 3517 3351 3588 ἀρτίως
3382 3521 3606 3590 τρόπον,
3638 3521 3877 3594 ἀνδρίζε-

2295 3599 2421 3654 σθαι
2458 3600 2914 3672 μεμελετηκότες,
2948 3605 3037 3659 διὰ
3068 3605 3162 3659 τοῦ
3190 3608 3281 3660 καὶ
3309 3609 3632 3681 ἀμωμήτως
3661 3610 3875 3664 ἑλέσθαι

2289 3691 2532 3762 πληροῦν
2555 3693 2652 3763 τὴν
2678 3694 3074 3766 παραδοθεῖσαν
3098 3697 3338 3770 ἐντολὴν,
3374 3701 3469 3752 καὶ
3491 3703 3606 3763 τοῖς
3632 3700 3774 3753 κατὰ
3800 3701 3880 3753 νό-

2293 3802 2392 3856 μον
2411 3786 2726 3856 αὐχήμασιν
2751 3788 3077 3860 διαπρέπειν
3106 3789 3363 3844 δύνασθαι
3399 3791 3493 3845 καὶ
3539 3792 3682 3861 μάλα
3716 3792 3878 3845 πλου-

2292 3875 2440 3939 σίως.
2480 3873 2662 3930 τΗσαν
2689 3877 2746 3931 δὲ
2781 3880 2882 3932 οὐκ
2932 3880 3232 3951 ἀπόϐλητοι
3286 3882 3437 3952 παρὰ
3478 3882 3617 3952 θεῷ.
3665 3884 3875 3955 Καιρὸς

2290 3965 2399 4038 γὰρ
2434 3964 2502 4039 ἦν
2529 3967 2615 4045 Eat
2629 3969 2737 4040 ’τῆς
2759 3971 2818 4024 ἐν
2848 3971 2998 4042 νόμῳ
3032 3975 3212 4041 σκιᾶς,
3241 3975 3335 4028 καὶ
3381 3975 3480 4043 τῆς
3506 3976 3874 4046 εὐαγγελικῆς

2290 4059 2382 4112 καὶ
2411 4061 2468 4113 ἐν
2497 4061 2718 4132 Χριστῷ
2756 4061 3030 4128 πολιτείας
3083 4063 3235 4119 οὔπω
3290 4067 3773 4137 πεφανερωμένης,
3809 4069 3869 4121 ὲν

2290 4151 2536 4215 ἐπαίνοις
2556 4149 2623 4224 ἦν
2644 4156 2827 4208 ἐκεῖνα
2859 4156 3088 4221 πολλοῖς.
3111 4158 3268 4212 Οὐτω
3295 4158 3388 4212 καὶ
3406 4158 3723 4230 γέγραπται
3746 4163 3875 4233 περί

2299 4261 2360 4297 τε
2394 4245 2666 4316 Ζαχαρίου
2717 4247 2811 4301 καὶ
2870 4248 3169 4312 Ἑλιζάόεθ’
3219 4268 3240 4302 ι
3275 4250 3520 4319 Ἐγένετο
3568 4251 3625 4305 δὲ
3673 4255 3732 4306 ἐν
3758 4256 3879 4318 ταῖς

2294 4334 2532 4407 ἡμέραις
2571 4334 2810 4408 Ἡρώδου
2844 4337 2938 4391 τοῦ
2981 4338 3246 4409 βασιλέως
3277 4341 3376 4412 τῆς
3413 4342 3673 4406 Ἰουδαίας
3702 4343 3879 4414 ἱερεύς

2292 4443 2397 4490 τις,
2431 4426 2654 4497 ὀνόματι
2674 4429 2973 4501 Ζαχαρίας,
3000 4430 3059 4497 ἐξ
3083 4431 3391 4502 ἐφημερίας
3418 4433 3592 4498 Ἀϐιᾶ,
3620 4434 3714 4486 καὶ
3743 4434 3878 4503 γυνὴ

2300 4516 2468 4570 αὐτοῦ
2491 4519 2556 4570 ἐκ
2601 4518 2709 4572 τῶν
2741 4519 3058 4592 θυγατέρων
3090 4520 3324 4592 Ἀαρὼν,
3349 4523 3444 4575 καὶ
3479 4523 3539 4576 τὸ
3562 4524 3733 4594 ὄνομα
3780 4524 3877 4578 αὐ-

2295 4606 2394 4676 τῆς
2435 4608 2741 4673 Ἐλιζάσεθ.
2778 4605 2959 4664 1Ἠσοιν
2986 4610 3043 4664 δὲ
3072 4612 3276 4667 δίκαιοι
3301 4614 3602 4686 ἀμφότεροι
3641 4616 3878 4669 ἐναντίον

610 4698 801 4757 sancti,
825 4695 1102 4766 prophetae
1145 4694 1416 4756 vixerunt,
1446 4692 1657 4761 opinor.
1689 4689 1944 4756 Quinitno
1982 4693 2188 4747 divinus

2301 4700 2396 4753 τοῦ
2425 4700 2584 4765 Θεοῦ,
2615 4703 2969 4775 πορευόμενοι
2999 4705 3058 4758 ἐν
3097 4706 3299 4770 πάσαις
3346 4682 3478 4771 ταῖς
3506 4682 3747 4773 ἐντολαῖς
3786 4711 3878 4762 καὶ

610 4789 850 4853 Paulus.
895 4786 1019 4841 licet
1080 4785 1364 4838 manifeste
1416 4782 1565 4836 dicat
1611 4795 1670 4835 se
1739 4780 1906 4836 fuisse
1959 4783 2010 4835 in
2064 4784 2188 4853 legis

2301 4790 2632 4864 δικαιῶμασι
2674 4793 2769 4846 τοῦ
2817 4796 3023 4867 Κυρίου
3077 4796 3377 4866 ἄμεμπτοι.
3410 4817 3429 4849 ι
3489 4800 3644 4852 Κατά
3694 4799 3878 4853 τοῦτον

606 4881 824 4951 iustitia
901 4877 1239 4947 inCUIPalum
1274 4913 1290 4939 ν
1366 4874 1442 4927 “il
1498 4883 1675 4928 Ιθωεη
1728 4889 1741 4924 τ
1795 4890 1813 4923 ί
1856 4872 1984 4939 Οιιὶθ
2060 4875 2194 4929 mihi
2300 4878 2455 4954 οἶμαι
2484 4885 2766 4938 διαϐιῶναι
2806 4887 2898 4939 τὸν
2945 4889 3144 4958 τρόπον
3182 4890 3277 4942 καὶ
3325 4891 3522 4953 αὐτοὺς
3544 4894 3672 4955 τοὺς
3693 4892 3878 4959 ἁγίους

614 4975 976 5035 meruerant,
1011 4970 1124 5024 haec
1167 4970 1304 5023 duco
1329 4974 1548 5037 pr0pter
1563 4963 1836 5021 Christum
1871 4967 2065 5020 damna
2088 4966 2130 5021 ⁷.
2170 4985 2188 5017 ι

2294 4971 2598 5047 προφήτας.
2623 4980 2734 5031 Καὶ
2775 4980 2884 5050 μὴν
2929 4980 3025 5032 κα)⁸
3068 4983 3096 5033 ὁ
3150 4980 3439 5048 θεσπέσιος
3469 4982 3683 5046 Παῦλος
3705 4986 3881 5036 καίτοι

613 5062 803 5133 Itaque
833 5070 959 5116 ante
992 5060 1285 5116 adventqu
1322 5059 1562 5113 omnium
1588 5067 1834 5112 nostrum
1889 5058 2188 5112 Servaturis

2292 5066 2463 5134 λέγων
2493 5068 2814 5136 ἀναφανδὸν,
2844 5072 2924 5124 ὅτι
2975 5072 3167 5141 γέγονε
3209 5073 3350 5127 κατὰ
3394 5073 3745 5144 δικαιοσύνην
3786 5076 3882 5144 τὴν

592 5155 837 5218 Christi,
876 5151 1119 5208 nonnulli
1187 5153 1344 5206 laude
1394 5151 1561 5220 ipsius
1616 5150 1747 5219 legis
1801 5151 2099 5220 conspicui,
2136 5160 2187 5203 et

2295 5160 2353 5210 ἐν
2382 5161 2534 5228 νόμῳ
2561 5160 2866 5231 ἄμεμπτος·
2910 5181 2930 5212 ι
2966 5162 3127 5216 Ἀλλὰ
3144 5164 3196 5216 τί
3220 5160 3288 5235 ἦν
3318 5181 3408 5233 μοι
3429 5149 3650 5236 κέρδος;
3687 5164 3883 5227 ταῦτα,

591 5245 782 5300 .fortes
808 5252 970 5299 erant
1001 5241 1373 5312 etjuveniles.
1400 5244 1465 5292 At
1496 5238 2024 5310 postapparitionem
2049 5238 2185 5306 ejus,

2298 5249 2481 5318 φησὶν,
2515 5251 2731 5321 ἥγημαι
2756 5252 2842 5306 διὰ
2870 5252 2959 5307 τὸν
2988 5254 3222 5325 Χριστὸν
3253 5255 3505 5324 ζημίαν.»
3533 5254 3745 5309 Οὐκοῦν
3781 5252 3887 5322 πρὸ

598 5338 1162 5409 ,przedieationemque
1176 5333 1446 5403 Evangelii
1471 5343 1755 5389 cessarunt
1785 5333 1995 5403 legalia,
2014 5343 2188 5389 trans-

2299 5338 2399 5408 μὲν
2426 5341 2526 5411 τῆς
2558 5342 2850 5413 ἐπιδημίας
2882 5344 2976 5397 τοῦ
3025 5347 3241 5398 πάντων
3278 5346 3438 5416 ἡμῶν
3473 5348 3726 5417 Σωτῆρος
3748 5347 3885 5415 Χρι-

617 5430 714 5505 njt
747 5430 933 5485 umbra
999 5428 1053 5482 iu
1110 5428 1512 5490 veritatem,ac
1564 5425 1861 5493 spiritualis
1924 5441 2188 5493 verasque

2297 5430 2459 5497 στοῦ,
2520 5437 2630 5495 τοῖς
2676 5435 2817 5486 κατὰ
2885 5435 3047 5505 νόμον
3107 5437 3420 5507 αὐχήμασιν
3475 5436 3886 5506 εὐδοκιμοῦντὲς

614 5523 793 5576 cultus
825 5532 903 5576 est
943 5519 1301 5575 introductus.
1365 5516 1545 5583 Quare
1574 5531 1679 5571 non
1717 5516 2015 5571 delectatur
2046 5516 2187 5571 Deus

2292 5540 2456 5588 τινες,
2492 5523 2726 5595 ἀνδρεῖοί
2767 5542 2826 5577 τε
2878 5523 3037 5597 ἦσαν,
3086 5530 3180 5581 καὶ
3217 5529 3474 5581 νεανικοί.
3517 5530 3674 5583 Μετὰ
3705 5529 3762 5582 δὲ
3788 5528 3885 5598 τὴν

616 5609 920 5668 ,Ιυιίαιοιυηι
962 5612 1287 5683 juvenibus,
1322 5610 1372 5664 id
1430 5620 1534 5675 est,
1578 5610 1668 5679 qui
1730 5608 1958 5663 viriliter
2008 5610 2184 5665 adhuc

2292 5614 2615 5681 ἐπιφάνειαν
2649 5616 2834 5683 αὐτοῦ,
2872 5619 3048 5672 καὶτὸ
3084 5621 3349 5690 κήρυγμα
3390 5621 3451 5673 τὸ
3490 5619 3845 5690 εὐαγγελικδν
3867 5659 3885 5683 ,

689 5765 708 5797 ⁸
739 5764 755 5816 Ι
782 5763 937 5818 Joan.
966 5779 1024 5827 tt,
1060 5765 1144 5818 i3.
1223 5764 1392 5819 “Luc.
1424 5778 1461 5826 ι,
1486 5763 1539 5830 5,
1568 5762 1621 5817 6.
1696 5764 1714 5794 ⁷
1751 5762 1985 5832 Philipp.
2022 5779 2100 5828 Ill,
2123 5766 2173 5820 7.
