4122 6292
281 342 387 398 επ.

1421 349 1496 405 1N
1530 350 1761 408 ιεΑιΑιι
1802 353 1927 408 ue.
1974 355 2012 411 ι.
2049 327 2253 411 om'r.
2305 355 2403 411 v1.

3454 367 3561 421 ΞΗ

279 461 562 514 πέπαυται
599 461 668 515 τά
719 463 777 514 ἐν
809 462 979 533 νόμῳ,
1046 464 1428 538 μετεφοίτησεν
1486 471 1520 539 ἠ
1574 471 1707 523 σκιὰ·
1736 472 1856 542 πρὸς

1976 483 2147 545 agunt.
2168 483 2426 544 suscepto
2472 474 2589 526 vitae
2615 472 2803 543 legalis
2837 474 3082 530 instituto
3111 492 3125 529 :
3166 490 3269 531 non
3305 488 3433 533 sunt
3457 497 3557 533 au-

281 554 576 625 ἀλήθειαν,
638 555 1050 627 εἰσκεκόμισται
1103 557 1159 611 δὲ
1202 560 1235 629 ἡ
1294 562 1352 613 ἐν
1389 563 1660 633 πνευματί
1691 581 1748 617 τε
1782 566 1856 617 κα

1984 574 2088 617 tem
2126 570 2351 633 accepta
2404 570 2626 617 cruenta
2657 562 2955 628 sacriﬁcia,
3015 573 3073 620 et
3114 565 3293 620 carnis
3322 566 3556 622 circum-

279 646 490 718 άληθὴς
523 648 764 719 λατρεία.
802 651 916 703 Οὐκ
951 645 1422 735 οὖνθεύφραίνεται
1473 655 1605 719 Θεὸς
1629 658 1722 711 ἐπὶ
1759 660 1876 721 τοίς

1979 652 2134 718 cisio,
2181 652 2443 708 lotionum
2476 652 2742 708 doctrinae
2782 661 2838 708 et
2894 654 3257 712 Sabbatorum
3281 658 3410 714 otia.
3448 660 3554 715 Do-

281 738 392 789 τῶν
414 739 688 793 Ἰουδαίων
723 740 1048 805 νεανίσκοις,
1097 741 1242 796 τοῦτ’
1281 744 1415 809 ἐστι,
1457 748 1573 807 τοῖς
1628 748 1856 818 ἀνδριζο·

1978 759 2165 800 cemur
2188 754 2392 810 autem,
2447 753 2509 798 ut
2547 745 2683 808 dixi.
2736 745 3079 804 instituenda
3106 750 3255 815 vitae,
3295 765 3415 821 quas
3446 750 3555 807 Deo

285 828 469 897 μένοις
494 829 599 896 ἔτι,
627 830 720 885 διά
745 848 810 901 γε
832 831 927 886 τοῦ
965 831 1064 904 ζῇν
1087 833 1304 890 ἑλέσθαι
1334 836 1601 908 νομίμως.
1631 838 1874 910 Ἀπαρά-

284 921 456 976 δεκτοι
502 922 560 976 δὲ
610 926 666 977 αἱ
718 925 787 978 δι’
828 925 1076 996 αἱμάτων
1116 926 1324 990 θυσίαι,
1354 930 1450 983 καὶ
1477 930 1679 1000 σαρκὸς
1719 948 1875 1003 περι-

284 1013 440 1083 τομὴ,
474 1012 804 1086 βαπτισμῶν
851 1015 1084 1087 διδαχαὶ,
1140 1020 1234 1072 καὶ
1286 1018 1583 1074 Σαϐόάτων
1631 1022 1870 1091 άργεῖαι.

283 1104 655 1179 ᾼεδιδάγμεθα
689 1107 769 1170 δὲ,
790 1107 865 1172 ὡς
884 1108 1043 1179 ἔφην,
1069 1110 1172 1181 τῆς
1210 1111 1549 1184 ἁνδανούσης
1576 1112 1695 1184 Θεῷ
1719 1114 1871 1168 πολι-

279 1195 426 1259 τείας
450 1196 555 1269 τὴν
585 1200 726 1253 ὁδόν.
762 1200 1089 1272 Ἀπόϐλητοι
1112 1201 1177 1273 δὴ
1216 1199 1314 1257 οὖν
1348 1202 1446 1257 καὶ
1472 1204 1614 1273 μάλα
1647 1205 1873 1271 είκότως

278 1288 417 1355 μετὰ
435 1287 540 1359 τὴν
563 1289 862 1360 κατάληξιν
880 1292 978 1361 τῆς
1001 1293 1160 1355 σκιᾶς
1181 1293 1232 1345 οἱ
1252 1294 1372 1346 κατ’
1385 1293 1555 1362 αὐτὴν
1576 1295 1867 1349 νεανίσκοι·

1975 838 2151 907 placet
2179 836 2344 891 viam.
2395 835 2671 907 Rejectitii
2703 847 2827 893 sunt
2865 855 3018 910 ergo,
3048 850 3104 896 et
3152 843 3369 911 quidem
3402 844 3554 900 valde

1976 930 2203 997 merito‘,
2246 928 2338 999 qui
2401 939 2520 999 post
2575 933 2934 988 cessationem
3003 934 3229 998 umbra,
3284 950 3381 1005 per
3432 952 3553 992 eam

1966 1019 2195 1089 juvenes
2225 1030 2369 1076 sunt.
2404 1021 2470 1076 Et
2491 1021 2647 1093 longe
2672 1033 2844 1079 sunta
2883 1025 3226 1101 miseratione
3255 1028 3444 1098 pupilli
3498 1038 3554 1084 et

1974 1113 2167 1169 viduae.
2202 1113 2440 1186 Pupillus
2488 1123 2670 1170 autem
2729 1116 2887 1187 167
2930 1128 3107 1182 vocat,
3145 1119 3235 1187 qui
3271 1119 3418 1173 velut
3451 1119 3551 1172 ali-

1974 1213 2157 1260 mento
2185 1206 2427 1276 indigent
2462 1206 2730 1277 spirituali
2750 1247 2767 1272 ,
2799 1215 2854 1261 et
2899 1208 3241 1265 institutione
3265 1210 3547 1280 magistro-

1972 1312 2112 1352 rum.
2153 1298 2356 1354 Viduas
2407 1298 2665 1355 similiter
2713 1299 2927 1354 animas
2968 1315 3095 1355 esse
3133 1300 3388 1367 dicimus,
3433 1317 3553 1371 qua:

272 1380 370 1432 καὶ
396 1380 499 1433 τοῦ
524 1382 1004 1453 κατοικτείρεσθαι
1040 1382 1261 1454 μακρὰν
1289 1385 1510 1454 ὀρφανοί
1537 1403 1596 1439 τε
1636 1388 1729 1441 καὶ
1762 1387 1856 1458 χῆ-

1976 1403 2098 1444 cum
2159 1389 2399 1444 omnium
2478 1390 2739 1446 bonarum
2800 1390 3206 1460 disciplinarum
3312 1401 3548 1448 sutorem

272 1485 389 1538 ραι.
429 1471 741 1542 Ὀρφανοὺς
769 1473 828 1525 δέ
860 1490 1015 1543 φησι,
1046 1474 1174 1538 τοὺς
1200 1470 1313 1528 οἷον
1357 1476 1699 1549 ἀναστροφῆς
1747 1478 1856 1532 δεο·

1968 1487 2024 1534 et
2072 1479 2532 1549 suppeditatoretn
2586 1494 2693 1536 non
2727 1479 3001 1548 habeant,
3057 1480 3313 1537 facultate
3362 1482 3551 1537 t'ructt-

274 1560 486 1628 μένους
526 1562 629 1631 τῆς
659 1567 1054 1636 πνευματικῆς,
1084 1567 1179 1619 καὶ
1235 1567 1605 1636 παιδαγωγίας
1650 1570 1750 1640 τῆς
1802 1572 1856 1624 ὲκ

1966 1569 2165 1626 ﬁcsndi
2195 1570 2581 1627 destituuntur.
2632 1570 2789 1638 Quod
2854 1582 3035 1627 autem
3096 1587 3239 1629 verte
3288 1572 3548 1627 doctrinae

267 1650 644 1707 διδασκάλων.
687 1655 883 1725 Χήρας
934 1673 994 1709 τε
1047 1656 1273 1726 ὁμοίως,
1316 1657 1493 1728 ψυχὰς
1520 1654 1661 1714 εἷναί
1688 1677 1856 1731 φαμεκ

1965 1671 2215 1734 expertes
2274 1664 2610 1721 inveniemus
2652 1664 2946 1730 Israelitas,
2999 1676 3221 1735 propter
3244 1666 3546 1721 debaccha-

266 1742 371 1805 τὰς
393 1742 496 1797 τοῦ
528 1744 791 1800 δύνασθαι
821 1749 1188 1816 καρποφορεῖν
1207 1749 1268 1800 ὲν
1299 1748 1475 1820 ἐνδείᾳ
1494 1751 1856 1822 γεγενημένας

1966 1754 2169 1811 tionem
2198 1755 2254 1810 in
2277 1755 2579 1823 Christum,
2617 1755 2836 1811 laudare
2867 1772 3028 1812 nemo
3067 1766 3264 1826 potest.
3310 1756 3546 1815 Obtene-

267 1836 356 1889 διά
374 1853 435 1889 τε
464 1836 531 1889 τὸ
560 1837 638 1909 μὴ
662 1837 808 1908 ἔχειν
839 1839 928 1891 τὸν
955 1840 1213 1894 ἁπάντων
1260 1842 1452 1905 αὑταῖς
1493 1842 1603 1896 τῶν
1643 1844 1856 1912 ἀγαθῶν

1961 1844 2105 1899 bruti
2159 1856 2286 1901 sunt.
2330 1846 2476 1900 enim
2539 1847 2683 1901 oculi
2732 1861 2920 1902 eorum
2973 1861 3042 1902 ne
3092 1847 3336 1913 videant,
3387 1850 3540 1917 juxta

276 1927 615 1998 μαθημάτων
639 1930 847 2000 σπορέα
890 1947 948 1983 τε
984 1928 1078 1984 καὶ
1120 1934 1376 2005 χορηγόν.
1404 1935 1526 1988 ’Ότι
1563 1936 1620 1989 δὲ
1643 1938 1861 1991 παιδεύ-

275 2032 406 2081 σεως
426 2018 663 2089 ἀληθοῦς
683 2022 1055 2091 ἠμοιρηκότας
1069 2024 1380 2095 εὑρήσομεν
1397 2028 1523 2090 τοὺς
1539 2026 1599 2092 ἐξ
1623 2029 1658 2081 ’1
1667 2030 1857 2101 σραὴλ,

272 2107 360 2161 διά
383 2125 448 2176 γε
504 2109 603 2181 τὴν
654 2113 735 2177 είς
771 2114 1006 2184 Χριστὸν
1050 2116 1375 2186 παροινίαν,
1430 2120 1765 2173 ἐπαινέσειεν
1795 2121 1863 2175 ἂν

272 2196 938 2280 οὐδείςηἙσκοτίσθησαν
965 2205 1075 2276 γὰρ
1119 2207 1172 2259 οί
1224 2206 1494 2280 ὀφθαλμοὶ
1537 2210 1716 2263 αὐτῶν
1764 2211 1859 2265 τοῦ

278 2286 355 2356 μὴ
413 2270 652 2356 βλέπειν,
689 2270 831 2345 κατά
868 2270 1091 2364 τὴνήτοῦ
1144 2270 1440 2365 ψάλλοντος
1493 2303 1696 2371 φωνήν.
1750 2303 1861 2356 Καὶ

278 2378 632 2451 συνεκάμφθη
664 2381 733 2436 τά
784 2383 930 2438 νῶτα
961 2386 1161 2442 αὐτῶν.
1198 2389 1311 2442 Καὶ
1350 2388 1510 2443 τοῦτο
1537 2391 1629 2445 διὰ
1660 2394 1859 2457 παντὸς

274 2466 348 2530 ὡς
385 2469 458 2539 μὴ
482 2469 743 2525 δύνασθαι
762 2473 831 2527 τὰ
860 2474 973 2529 ἄνω
1011 2475 1246 2546 βλέπειν,
1281 2479 1398 2533 ἀλλ’
1433 2481 1596 2534 οἱονεὶ
1622 2485 1857 2553 κεκυφό-

276 2577 400 2622 τας,
434 2564 543 2621 τοῖς
578 2562 787 2631 γηῖνοις
806 2567 1182 2635 ὲνερηρεῖσθαι
1221 2570 1532 2640 πράγμασι.
1570 2572 1859 2626 Πείσονται

276 2648 337 2700 δὲ
364 2649 539 2715 τοῦτο,
570 2653 754 2722 φησὶν,
803 2655 865 2707 οὐ
918 2657 1111 2727 μάτην·
1156 2659 1265 2713 ἀλλ’
1299 2663 1381 2714 ὅτι
1424 2663 1628 2727 πάντες
1656 2665 1847 2735 ἄνομοι

285 2741 541 2831 γεγόνασι
574 2745 666 2797 καὶ
693 2747 940 2817 πονηροὶ,
963 2750 1059 2801 καὶ
1113 2752 1219 2805 πᾶν
1242 2754 1406 2825 στόμα
1461 2755 1614 2810 λαλεί
1655 2759 1852 2831 ἄνομα.

286 2830 415 2895 Πῶς
446 2833 556 2905 γάρ
589 2836 690 2888 οὐκ
724 2837 938 2908 ἄνομοι,
962 2841 1055 2894 καὶ
1075 2842 1289 2914 ἀπάσης
1318 2845 1541 2918 ἔμπλεοι
1570 2852 1851 2921 πονηρίας,

286 2924 337 2973 oi
371 2922 588 2997 θανάτῳ
628 2927 939 2999 περιϐαλεῖν
988 2933 1378 3001 σπουδάσαντες
1432 2940 1525 2992 τὸν
1585 2940 1855 2996 καλοῦντα

286 3014 418 3083 πρὸς
449 3016 616 3088 ζωὴν,
649 3019 741 3073 τὸν
766 3023 864 3074 οὐκ
890 3022 1060 3076 είδότα
1089 3025 1187 3097 τὴν
1219 3028 1518 3101 ἁμαρτίαν,
1552 3033 1727 3087 καίτοι
1757 3036 1850 3087 τοῦ

278 3106 443 3177 νόμου
497 3108 748 3179 λέγοντος
797 3114 1003 3184 σαφῶς·
1034 3136 1053 3168 ι
1094 3117 1295 3175 Ἀθῶον
1342 3125 1437 3175 καὶ
1488 3123 1695 3178 δίκαιον
1750 3127 1852 3179 οὐκ

1964 1933 2256 1992 Psallentis
2284 1950 2477 1991 vocem
2499 1936 2545 2004 ⁸,
2578 1946 2634 1992 et
2664 1936 2944 1993 incurvata
2994 1947 3119 1993 sunt
3145 1948 3293 2010 terga
3353 1954 3540 1995 eorum

1963 2026 2204 2092 omnino,
2240 2034 2298 2081 ut
2323 2041 2431 2083 non
2465 2036 2687 2098 possent
2715 2042 2878 2097 supra
2916 2029 3183 2098 aspicere,
3231 2032 3325 2087 sed
3373 2032 3539 2088 veluti

1963 2114 2174 2171 incurvi
2231 2118 2464 2173 terrenis
2509 2118 2672 2174 rebus
2722 2120 3097 2191 altigerentur.
3148 2126 3373 2181 Accidet
3409 2140 3543 2181 vero

1965 2208 2067 2262 hoc
2096 2208 2226 2275 illis,
2260 2209 2452 2277 inquit,
2488 2224 2592 2264 non
2624 2211 2740 2266 sine
2778 2226 2940 2268 causa
2971 2216 3104 2270 :sed
3130 2217 3257 2287 quia
3305 2231 3535 2282 omnes.

1963 2298 2159 2369 inquit,
2205 2309 2262 2355 et
2308 2301 2436 2354 mali
2490 2302 2847 2368 exstiterunt,
2891 2314 2947 2358 et
2987 2320 3148 2362 omne
3194 2323 3257 2363 os
3304 2309 3539 2378 loquitur

1958 2391 2164 2465 iniqua.
2231 2391 2335 2458 Qui
2397 2393 2540 2446 enim
2607 2396 2856 2449 omnibus
2925 2397 3225 2455 sceleribus
3297 2399 3535 2468 cooperti

1962 2500 2067 2537 non
2129 2486 2279 2550 sint,
2333 2486 2422 2554 qui
2475 2501 2597 2541 eum
2653 2487 2746 2555 qui
2803 2489 3031 2543 vocabat
3081 2490 3149 2544 sd
3203 2492 3394 2555 vitam,
3445 2492 3534 2560 qui

1961 2576 2233 2631 nesciebat
2289 2588 2611 2646 peccatum,
2671 2580 2831 2634 morti
2898 2581 3107 2636 tradere
3176 2582 3538 2636 studuerunt?

1958 2670 2213 2736 Quamvis
2274 2670 2358 2725 lex
2426 2670 2715 2726 manifesto
2772 2672 2918 2727 dicat
2962 2689 2975 2726 :
3025 2690 3046 2725 ι
3084 2672 3430 2728 Iunocentem
3480 2684 3536 2727 et

1951 2760 2156 2828 justum
2181 2777 2286 2816 non
2321 2761 2614 2817 interﬁcies
2637 2762 2679 2817 ’.
2718 2783 2737 2814 ι
2793 2763 2984 2816 Annon
3029 2764 3191 2818 etiam
3216 2765 3393 2819 omnis
3428 2763 3534 2819 liu-

1956 2868 2056 2922 gua
2081 2854 2386 2908 Iudaeorum
2422 2854 2596 2908 locuta
2621 2865 2705 2909 est
2740 2855 2963 2925 iniqua?
2991 2857 3360 2912 acclamarunt
3385 2858 3530 2912 enim

1954 2945 2190 3009 Christo,
2243 2945 2482 2999 dicentes
2528 2944 2700 2999 Pilato
2741 2964 2755 2999 :
2795 2965 2813 2997 t
2852 2946 3023 3012 Tolle,
3083 2949 3228 3013 tolle,
3275 2950 3532 3014 crucifige

1955 3050 2075 3087 eum
2103 3036 2167 3086 ν’.
2206 3054 2223 3085 ι
2255 3034 2340 3101 Et,
2365 3054 2382 3085 ι
2420 3034 2476 3089 Si
2507 3036 2650 3090 hunc
2678 3052 2780 3091 non
2813 3039 3050 3104 occidas,
3081 3053 3186 3097 non
3220 3054 3280 3093 es
3330 3039 3535 3092 amicus

1954 3125 2185 3180 Caesaris
2218 3126 2308 3179 ¹⁶”.
2348 3146 2365 3176 ι

272 3203 623 3273 ἀποκτενεῖς
660 3225 680 3258 ι
719 3207 844 3273 Πῶς
882 3211 945 3264 οὐ
984 3212 1134 3266 πᾶσα
1174 3214 1396 3282 γλῶσσα
1433 3218 1542 3271 τῶν
1593 3221 1859 3276 Ἰουδαίων
1898 3220 2193 3292 λελάληκεν
2243 3219 2433 3288 doma;
2471 3222 2969 3294 Κατεκεκράγεσαν
2999 3222 3109 3293 γὰρ
3150 3220 3244 3276 τοῦ
3296 3221 3534 3293 Χριστοῦ

274 3298 483 3371 Πιλάτῳ
509 3300 776 3369 λέγοντες
814 3322 833 3354 ι
856 3297 1009 3374 Αἶρε,
1033 3307 1176 3379 αἶρε,
1209 3308 1523 3379 σταύρωσον
1546 3312 1726 3366 αὐτόν.
1753 3332 1771 3366 ι
1802 3315 1931 3379 Καὶ,
1961 3336 1977 3365 ι
2028 3313 2155 3367 Ἐάν
2182 3312 2256 3383 μὴ
2279 3311 2467 3366 τοῦτον
2498 3314 2844 3386 ἀποκτείνῃς,
2883 3314 2982 3367 οὐκ
3003 3310 3054 3367 εἷ
3085 3314 3236 3385 φίλος
3273 3314 3367 3368 τοῦ
3399 3314 3535 3369 Καί-

273 3410 448 3463 σαρος.
493 3414 514 3446 ι

353 3489 481 3542 Ἐπὶ
538 3489 691 3546 πᾶσι
746 3493 984 3560 τούτοις
1022 3498 1134 3551 οὐκ
1172 3498 1529 3570 ἀπεστράφη
1561 3505 1594 3557 ό
1639 3503 1845 3573 θυμὸς,

2028 3464 2189 3553 Vens.
2217 3498 2305 3565 l9,
2335 3497 2425 3553 20.
2451 3498 2518 3553 In
2554 3499 2794 3553 omnibus
2817 3499 2897 3553 liis
2915 3517 3016 3555 non
3039 3518 3250 3555 arersus
3267 3514 3340 3557 est
3360 3506 3549 3573 furor.—

267 3577 404 3631 ἀλλ’
440 3580 529 3633 ἔτι
557 3582 596 3650 ἡ
628 3583 757 3651 χεὶρ
776 3584 1018 3654 ὑψηλή.
1063 3586 1174 3641 Kal
1206 3592 1572 3659 καυθήσεται
1612 3594 1691 3651 ὡς
1730 3595 1850 3662 πῦρ

267 3671 305 3737 ἡ
358 3669 598 3740 ἀνομία,
649 3674 748 3727 καὶ
801 3676 884 3741 ὡς
938 3677 1234 3746 ἄγρωστις
1279 3681 1431 3751 ξηρὰ
1472 3685 1851 3754 βρωθὴσετιιι

264 3761 386 3815 ὑπὸ
427 3764 638 3830 πυρός·
672 3766 771 3819 καί
793 3768 1161 3835 καυθήσεται
1207 3770 1278 3824 ἐν
1298 3772 1426 3839 τοῖς
1467 3773 1685 3829 ϐάσεσι
1742 3776 1849 3830 τοῦ

261 3853 519 3921 δρυμοῦ,
555 3856 655 3910 καί
684 3862 1206 3931 συγκαταφάγεται
1234 3863 1308 3917 τὰ
1333 3867 1537 3929 κύκλῳ
1567 3866 1684 3920 τῶν
1707 3868 1849 3931 ,ϐου-

258 3945 389 3998 ιοῶν
435 3946 654 4003 πάνταο
718 3949 816 4005 διὰ
865 3953 1059 4022 θυμὸν
1092 3954 1278 4026 ὁρτῆς
1338 3960 1582 4026 Κυρίου,
1640 3959 1852 4030 συγκέ-

256 4052 525 4091 καυσται
568 4040 610 4108 ἠ
666 4040 743 4110 τῆ
771 4043 908 4112 ὅλη,
944 4046 1046 4100 καὶ
1068 4046 1242 4101 ἔσται
1269 4050 1303 4102 ὸ
1327 4051 1477 4117 λαὸς
1504 4052 1584 4118 ὡς
1602 4053 1719 4107 ὑπὸ
1745 4068 1851 4108 πυ-

247 4130 368 4196 ρὸς
425 4132 815 4202 κεκαυμένος,
850 4135 1160 4207 ἄνθρωπος
1189 4141 1296 4196 τὸν
1345 4143 1616 4213 ἀδελφὸν
1662 4148 1848 4202 αὐτοῦ

251 4223 378 4275 οὐκ
399 4221 671 4290 ἐλεήσει,
702 4223 841 4279 ἀλλ’
860 4227 1129 4283 ἐκκλινεῖ
1165 4233 1251 4298 είς
1269 4231 1343 4286 τὰ
1374 4233 1565 4301 δεξιὰ,
1601 4236 1690 4289 ὅτι
1722 4254 1850 4290 πει-

250 4308 440 4364 ιοάσει
468 4311 571 4364 καὶ
593 4312 844 4381 φάγεται
869 4315 938 4369 ἐκ
964 4316 1084 4372 τῶν
1105 4319 1458 4398 ιξριστερῶν,
1515 4323 1614 4376 καὶ
1664 4325 1736 4377 οὐ
1763 4324 1848 4392 μὴ

251 4402 591 4472 ἐμπλησθῇ
652 4403 962 4474 ἅνθρωπος
1016 4409 1237 4467 ἐσθίων
1310 4411 1417 4478 τὰς
1446 4412 1678 4482 σάρκας
1743 4416 1849 4470 τοῦ

244 4495 589 4563 ,ϐραχίονος
628 4498 837 4555 αὐτοῦ.
898 4500 1149 4573 Φάγεται
1188 4504 1301 4572 γὰρ
1366 4506 1710 4575 Μανασσῆς
1743 4508 1849 4562 τοῦ

265 4589 561 4658 Ἐφραῒμ,
614 4593 713 4647 καὶ
763 4594 1011 4666 Ἐφραῒμ
1058 4597 1168 4652 τοῦ
1210 4598 1541 4668 Μανασσῆ’
1591 4600 1679 4655 ὅτι
1729 4603 1850 4673 ἅμα

250 4680 741 4748 πολιορκήσουσι
779 4685 889 4740 τὸν
911 4687 1167 4745 Ἰούδαν.

348 4773 728 4847 Ἀκμαζούσης
772 4776 856 4832 ἔτι
902 4778 1005 4849 τῆς
1034 4780 1186 4844 θείας
1229 4780 1421 4854 ὀργῆς,
1452 4785 1847 4857 ἐπηρτημένης

1954 3595 2042 3647 sed
2077 3592 2252 3646 adhuc
2274 3608 2462 3647 manus
2506 3593 2731 3648 excelsa.
2771 3592 2840 3647 Et
2863 3597 3205 3650 succendelur
3238 3597 3370 3651 velut
3394 3599 3531 3668 ignis

1955 3687 2225 3756 iniquitas,
2261 3696 2308 3740 et
2344 3684 2480 3740 velut
2521 3688 2678 3740 herba
2736 3687 2890 3741 arida
2948 3688 3283 3743 devorabilur
3315 3691 3453 3761 igne,
3485 3702 3531 3743 et

1952 3780 2295 3834 succendetur
2347 3781 2403 3834 in
2434 3781 2695 3836 densitate
2725 3782 2913 3848 saltus,
2962 3793 3007 3836 et
3040 3785 3308 3838 devorabit
3352 3785 3549 3836 omnia

1957 3887 2073 3941 qua:
2102 3872 2299 3925 circum
2345 3872 2499 3926 colles
2524 3882 2666 3927 sunt.
2712 3871 2777 3926 In
2801 3875 2881 3925 ira
2915 3873 3113 3942 furoris
3157 3874 3364 3927 Domini
3393 3889 3534 3926 com-

1956 3960 2107 4014 busta
2158 3971 2233 4013 est
2276 3971 2416 4013 terra
2450 3964 2715 4025 universa,
2750 3970 2799 4014 et
2831 3964 2929 4015 erit
2959 3964 3181 4033 populus
3222 3964 3370 4031 quasi
3391 3980 3533 4016 cont-

1955 4053 2137 4105 bustns
2168 4048 2233 4103 ab
2290 4050 2426 4118 igne.
2465 4050 2633 4103 Homo
2659 4050 2841 4117 fratris
2889 4053 2972 4104 sui
3021 4068 3124 4105 non
3172 4052 3527 4117 miserebitur,

1952 4146 2040 4198 sed
2094 4142 2372 4196 declinabit
2405 4143 2472 4195 ad
2508 4142 2801 4204 dexteram,
2834 4144 2958 4209 quia
2984 4141 3176 4197 esuriat
3213 4156 3231 4194 :
3261 4154 3306 4197 et
3343 4158 3519 4197 come.

1956 4240 2038 4290 det
2066 4253 2096 4289 a
2122 4234 2380 4297 sinistris,
2414 4241 2464 4287 et
2512 4248 2615 4285 non
2654 4233 2983 4287 saturabitur
3043 4233 3216 4298 homo,
3261 4235 3529 4289 conradens

1953 4345 2135 4383 carnes
2195 4327 2391 4379 brachii
2458 4327 2560 4380 sui.
2619 4324 2863 4381 Comedet
2908 4323 3181 4380 Manasses
3251 4327 3525 4398 Epltraim,

1952 4434 2000 4475 et
2042 4423 2295 4491 Epliraim
2340 4421 2661 4488 Manassem,
2699 4420 2945 4490 quoniam
2979 4420 3134 4474 simul
3156 4424 3526 4493 oppugnabqu

1952 4512 2171 4567 ludam.

2025 4793 2248 4865 Vigente
2273 4798 2449 4853 adhuc
2466 4798 2642 4853 divina
2664 4798 2765 4865 ira,
2791 4807 2844 4852 et
2867 4800 3206 4869 impendente
3230 4798 3316 4853 illa
3343 4813 3523 4866 manu,
3549 4853 3552 4855 λ

247 4865 310 4918 δὲ
336 4866 429 4920 καὶ
456 4867 628 4939 αὐτῆς
646 4869 748 4940 τῆς
774 4872 957 4943 χειρὸς
986 4873 1089 4943 τῆς
1117 4875 1430 4949 ὲπαγούσης
1474 4878 1573 4949 τὴν
1604 4880 1843 4949 μάστιγα

1960 4883 2213 4954 ﬂagellum
2268 4888 2637 4957 suppliciaque
2692 4887 2798 4944 illis
2867 4865 3148 4957 admovet,
3205 4890 3524 4963 singulaque

251 4956 475 5021 καὶτὰς
503 4960 693 5024 αίκίας
738 4963 942 5029 αὐτοῖς,
972 4963 1180 5020 ἕκαστα
1214 4970 1401 5038 σαφῶς
1430 4970 1540 5023 τῶν
1564 4972 1841 5044 συμϐησο-

252 5047 437 5117 μένων
495 5056 963 5125 προαναγορεύειν
1021 5061 1320 5130 πειρᾶται,
1370 5064 1841 5134 σωφρονεστέρους

1948 4995 2067 5048 quzc
2127 4990 2393 5035 eventura
2439 4990 2585 5047 sunt,
2635 4989 2862 5035 conatur
2914 4992 3035 5051 apte
3084 4995 3520 5051 prtemoustrare,

1953 5068 2348 5123 moderatiores
2402 5067 2642 5124 eliiciens
2692 5069 2968 5125 auditores
3021 5074 3334 5128 terroribus.
3374 5075 3524 5130 lianc

246 5142 367 5203 τοῖς
395 5141 613 5213 δείμασι
670 5147 798 5209 τοὺς
828 5147 1212 5220 ἀκροωμένους
1265 5154 1565 5209 ἀποτελῶν.
1621 5156 1840 5227 Ταύτης

1966 5159 2112 5228 gitur
2143 5158 2211 5213 ob
2251 5173 2470 5213 causam
2529 5161 2941 5218 vaticinationes
2967 5165 3213 5231 gravium
3257 5165 3522 5221 malorum

248 5230 362 5301 γὰρ
387 5233 552 5289 ἕνεκα
605 5238 707 5308 τῆς
762 5240 944 5313 αἰτίας
1002 5247 1444 5316 προαναρρήσεις
1494 5248 1605 5302 τῶν
1648 5249 1836 5303 δεινῶν

1966 5250 2172 5302 nstituit
2237 5248 2394 5315 Deus,
2423 5259 2481 5304 ut
2505 5251 2756 5306 timentes
2778 5268 2903 5307 eum
2933 5255 3229 5322 oll‘enderc,
3265 5257 3421 5311 malis
3451 5274 3520 5311 ex

249 5323 488 5377 ἐποιεῖτο
512 5327 667 5392 Θεὸς,
700 5330 791 5403 ἵνα,
819 5331 1051 5398 δεδιότες
1071 5335 1133 5388 τὸ
1160 5338 1523 5409 προσκρούειν
1550 5340 1718 5411 αὐτῷ,
1760 5341 1835 5411 μὴ

1971 5357 2024 5393 ra
2082 5340 2242 5394 illatis
2277 5358 2382 5395 non
2417 5344 2526 5397 sint
2550 5345 2792 5409 obnoxii,
2825 5348 2917 5400 sed
2958 5349 3133 5416 potius
3156 5348 3222 5401 ab
3256 5347 3359 5402 illis
3391 5362 3520 5418 gra-

250 5414 369 5475 τοῖς
400 5413 461 5479 ἐξ
488 5416 681 5497 ὀργῆς.
704 5421 1052 5494 ὑπενεχθεϊεν
1089 5429 1314 5494 κακοῖς,
1366 5427 1471 5492 ἔξω
1529 5430 1584 5483 δὲ
1637 5432 1836 5501 μᾶλλον

1960 5432 2100 5487 ribus
2127 5433 2443 5487 liberentur.
2471 5433 2538 5487 Et
2587 5436 2972 5503 succeudetur,
3001 5438 3193 5508 inquit,
3237 5454 3363 5509 ergo
3421 5440 3535 5494 ini-~

247 5506 615 5578 ἀποφέροιντο
658 5513 767 5566 τῶν
819 5513 1028 5571 δεινῶν.
1081 5517 1466 5589 Καυθήσεσθαι
1512 5522 1691 5576 τοίνυν
1734 5522 1836 5594 τὴν

1960 5524 2120 5593 initas
2172 5534 2228 5577 ut
2264 5525 2421 5592 ignis.
2482 5525 2819 5593 lniquitatem
2884 5529 3044 5601 168
3074 5506 3211 5586 ivero
3263 5506 3513 5602 appellat,

246 5596 480 5670 ἀνομίαν
516 5599 594 5666 ὡς
624 5602 754 5674 πῦρ.
809 5604 1065 5678 ’Δνομίαν
1108 5608 1165 5661 δέ
1214 5625 1376 5678 φησιν
1411 5610 1509 5663 οὐκ
1560 5613 1689 5665 αὑτό
1731 5630 1831 5666 που

1960 5633 2044 5670 tot!
2100 5629 2211 5669 rem
2265 5616 2431 5682 ipsam
2499 5615 2648 5685 (hoc
2704 5617 2890 5687 cnim,
2954 5622 3033 5676 vel
3083 5622 3376 5688 intellectu,
3428 5624 3525 5679 vel.

313 5757 502 5817 'Psal.
546 5778 744 5827 Litvttt,
770 5754 862 5817 24.
909 5765 961 5801 ν’
1000 5764 1169 5821 Exod.
1204 5778 1356 5829 XM",
1391 5765 1441 5820 7.

1521 5770 1561 5798 ¹⁰
1587 5769 1739 5823 Junn.
1779 5785 1889 5835 nx,
1915 5770 1991 5825 l5.

2068 5773 2133 5800 ¹“”
2169 5769 2302 5825 ibid.
2341 5769 2427 5824 1‘2.
