4144 6302
588 357 696 424 επ

1576 372 1634 429 S.
1676 369 1948 428 CYRILLI
1984 362 2454 423 ALEXANDRINI
2490 356 2810 423 ARCHlEl'.

3730 364 3832 418 270

586 454 734 538 dict’u
787 482 1027 553 ineptum
1064 484 1325 556 est),sed
1387 488 1766 559 iniquitatibus
1817 492 2142 563 implicatos,

2259 486 2310 539 ιδ
2330 486 2580 557 πρᾶγμαο
2609 482 2767 537 τοῦτο
2795 481 2903 551 γὰρ
2934 478 3125 550 εὔηθες
3147 479 3181 549 ἢ
3211 478 3408 550 νοεῖνῆ
3448 476 3651 545 λέγειν·
3701 479 3831 534 ἀλλὰ

585 574 680 644 qui
700 588 768 631 eo
790 573 1004 630 demum
1034 574 1395 645 improbitatis
1425 595 1635 637 morum
1674 583 1917 649 veniunt,
1960 593 2019 638 ut
2046 599 2152 639 non

578 654 690 733 jam
728 662 923 734 iniqui,
952 665 1045 719 sed
1080 666 1259 721 verius
1305 668 1562 739 iniquitas
1596 670 1828 726 debeant
1864 672 2149 733 nominari.

585 752 649 807 lli
676 753 842 822 igitur
869 754 1024 824 quasi
1052 755 1195 827 ignis
1236 758 1525 824 ardebunt,
1578 760 1771 831 inquit,
1825 761 1879 816 id
1905 771 2008 829 est,
2045 762 2150 832 ipsi

581 845 724 914 ignis
743 853 925 899 erunt.
948 845 1120 901 Nemo
1156 848 1300 903 enim
1331 850 1469 905 alius
1490 849 1760 905 ﬂammam
1806 851 1911 906 illis
1934 852 2150 917 inferet,

578 933 674 989 sed
710 934 814 1003 ipsi
843 936 910 991 ad
939 936 1039 993 ltoc
1072 939 1175 993 sibi
1194 940 1337 996 inter
1361 956 1421 997 se
1446 942 1740 999 sufficient.
1799 940 2150 999 Succeuden-

583 1032 674 1078 tur
701 1025 866 1081 etiam
896 1029 1047 1097 quasi
1077 1029 1248 1087 herba
1294 1035 1466 1099 arida,
1511 1043 1569 1089 et
1606 1045 1665 1089 ut
1712 1036 1953 1092 densitas
1993 1037 2154 1091 silva-

579 1129 722 1169 rum.
758 1115 914 1172 Furit
963 1118 1109 1175 enim
1158 1135 1372 1192 semper
1414 1121 1651 1188 ﬂamma,
1699 1125 1745 1180 si
1794 1125 1846 1179 in
1873 1127 2152 1180 materiam

579 1214 788 1274 ustam,
826 1208 1073 1277 herbam,
1105 1211 1347 1283 inquam,
1381 1215 1612 1280 aridam,
1644 1225 1701 1270 et
1722 1216 1866 1287 ligna
1886 1216 2155 1273 silvestria

582 1297 809 1352 incidat.
845 1298 1221 1357 Creduautem
1269 1320 1390 1373 ego,
1422 1307 1798 1377 propheticum
1848 1320 2153 1363 sermonem

576 1388 730 1443 hisce
768 1389 947 1446 verbis
980 1392 1133 1447 nobis
1174 1394 1290 1450 haec
1336 1396 1471 1450 velle
1498 1397 1872 1453 demonstrare
1905 1414 1921 1452 :
1954 1396 2155 1468 Vespa-

579 1478 734 1532 siano
775 1481 914 1534 enim
944 1492 997 1535 et
1038 1482 1179 1545 Tito.
1206 1485 1657 1553 quemadmodum
1678 1485 1787 1555 jam
1823 1502 1982 1557 supra
2023 1486 2152 1553 dixi,

583 1568 921 1624 vastantibus
956 1569 1216 1638 Julia-am,
1256 1574 1521 1644 urbesque
1549 1575 1667 1645 ejus
1701 1576 2155 1647 oppugnantibus,

586 1660 819 1714 maxima
848 1673 958 1715 erat
984 1664 1219 1733 undique
1242 1666 1607 1733 tumultuatio,
1636 1667 1828 1737 partim
1860 1667 2003 1725 fame
2024 1681 2158 1724 con-

582 1749 813 1817 iicien'e,
861 1754 1058 1821 partim
1106 1756 1302 1825 ubique
1337 1757 1610 1818 seditiosis
1657 1759 1987 1824 horninibus,
2042 1769 2153 1812 tum

2255 577 2380 640 τοὺς
2406 580 2526 639 ταῖς
2553 574 2806 645 ἀνομίαις
2843 570 3308 644 κατηχθημένους,
3380 570 3620 641 ἥκοντάς
3648 588 3707 623 τε
3733 572 3831 641 ἤδη

2255 664 2392 736 πρὸς
2418 666 2577 720 τοῦτο
2606 664 2928 732 σκαιότητος
2977 661 3215 731 τρόπων,
3244 661 3320 723 ὡς
3351 660 3548 730 μηκέτι
3585 659 3684 729 μὲν
3708 661 3832 711 ave-

2258 773 2412 826 μους,
2452 755 2680 825 ἀνομίαν
2729 754 2786 808 δέ
2837 752 3037 823 μᾶλλον
3091 749 3456 822 ὀνομάζεσθαι
3510 748 3641 803 δεῖν.
3673 743 3831 802 Οὗτοι

2254 847 2541 919 τοιγαροῦν
2575 848 2651 911 ὼς
2677 846 2789 918 πῦρ
2849 844 3233 916 καυθήσονται,
3291 843 3446 914 φησι,
3476 841 3621 896 τοῦτ’
3662 841 3830 903 ἔστιν,

2257 938 2411 992 αὐτοὶ
2465 937 2587 992 καθ’
2612 937 2821 992 ἑαυτῶν
2846 936 3168 1007 γενήσονται
3197 933 3327 1005 πῦρ.
3386 933 3463 987 Οὐ
3502 932 3609 1005 γὰρ
3646 934 3832 1003 ἕτερός

2254 1045 2339 1091 τις
2361 1027 2571 1080 ἐποίσει
2592 1028 2692 1098 τὴν
2720 1027 2896 1095 φλόγα
2924 1027 3127 1091 αὐτοῖς,
3154 1024 3272 1078 ἀλλ’
3305 1023 3632 1095 ἀρκέσουσιν
3664 1024 3831 1094 ἀλλή-

2256 1120 2367 1183 λοις
2386 1121 2465 1184 εἰς
2503 1117 2665 1174 τοῦτο
2691 1120 2862 1173 αὐτοί.
2913 1117 3295 1189 Καυθήσονται
3338 1116 3396 1169 δὲ
3425 1116 3502 1179 ὡς
3557 1115 3834 1187 ἄγρωστις

2257 1211 2417 1283 ξηρὰ,
2444 1212 2540 1265 καὶ
2564 1211 2641 1275 ὼς
2669 1211 2807 1281 δάση
2831 1209 3073 1282 δρυμῶν.
3122 1208 3421 1263 Μαίνονται
3449 1208 3557 1280 γὰρ
3605 1208 3691 1262 ἀεί
3718 1225 3834 1272 πως

2256 1305 2314 1357 αἱ
2343 1304 2558 1373 φλόγες,
2589 1304 2670 1367 εις
2692 1301 2827 1373 ὕλην
2879 1299 3142 1355 πεσοῦσαι
3194 1301 3292 1371 τὴν
3338 1300 3792 1371 εὐκατάπρηστον
3811 1312 3825 1330 ⁸

2256 1397 2530 1466 ἄγρωστιν
2563 1394 2622 1447 δέ
2672 1411 2816 1465 φημι
2858 1391 2958 1463 τὴν
3007 1391 3198 1464 ξηρὰν,
3239 1392 3333 1446 καὶ
3379 1391 3450 1446 τὰ
3505 1394 3566 1445 ὲν
3610 1390 3834 1462 δρυμοῖς

2259 1484 2412 1551 ξύλα.
2444 1481 2614 1557 Οἶμαι
2662 1484 2721 1538 δὲ
2765 1483 2940 1552 ἔγωγε
2989 1484 3079 1536 τὸν
3111 1482 3442 1555 προφητικὸν
3497 1482 3628 1552 ἡμῖν
3678 1482 3834 1549 λόγον

2259 1579 2440 1632 ἐκεῖνα
2473 1574 2758 1647 βούλεσθαι
2797 1574 2992 1645 δηλοῦν
3042 1576 3098 1629 ἐν
3150 1572 3385 1638 τούτοις
3421 1571 3831 1627 Οὐεσπασιανοῦ

2257 1666 2365 1737 γὰρ
2399 1666 2492 1720 καὶ
2543 1664 2724 1728 Τίτου,
2767 1663 3017 1733 καθάπερ
3061 1662 3162 1735 ήδη
3197 1664 3478 1734 προεῖπον,
3506 1661 3832 1732 καταδῃούν-

2257 1774 2364 1810 των
2389 1757 2489 1828 τὴν
2536 1756 2816 1820 Ἰουδαίαν,
2849 1756 2944 1809 καὶ
2996 1756 3095 1819 τὰς
3128 1756 3186 1808 ἐν
3235 1754 3372 1824 αὐτῇ
3408 1752 3834 1824 πολιορκούντων

583 1842 770 1898 domos
799 1844 1205 1915 diripientibus,
1245 1857 1367 1903 tum»
1400 1865 1494 1905 cos
1534 1851 1624 1920 qui
1669 1852 1990 1907 videbantur
2020 1851 2155 1906 insi-

2260 1848 2462 1911 πόλεις,
2503 1848 2750 1911 πλεῖστος
2773 1843 2887 1918 ἦνό
2919 1848 2978 1899 ὲν
3009 1847 3221 1915 ἑκάστῳ
3256 1843 3504 1915 θόρυϐος,
3539 1844 3701 1897 τοῦτο
3732 1844 3834 1914 μὲν

582 1934 799 2004 gniores
846 1937 1238 2002 invadentibus,
1279 1950 1338 1996 ut
1366 1942 1623 1998 intestina
1670 1943 1966 1999 incolarum
2001 1943 2154 1999 moli-

585 2026 729 2080 mina
774 2026 889 2096 ipso
921 2041 1148 2085 externo
1174 2032 1419 2101 graviora
1458 2034 1797 2089 exsisterent.
1824 2035 2023 2091 Horum
2064 2035 2157 2091 Jo-

584 2118 784 2185 sepltus
828 2120 1030 2175 diserte
1082 2133 1322 2177 contetttt
1374 2127 1677 2180 historiam.
1727 2127 1888 2196 Ergo,
1943 2128 2148 2197 inquit,

586 2209 853 2263 ardebth
897 2225 992 2264 ceu
1046 2213 1099 2265 in
1142 2214 1409 2268 densitate
1468 2215 1637 2269 silvae.
1688 2218 1970 2286 Agrestem
2028 2230 2154 2270 vero

584 2299 806 2356 herbam
850 2305 1129 2357 etaridam
1161 2307 1590 2376 densitatemque
1638 2308 1808 2373 silvae,
1849 2308 2151 2378 gregarium

583 2391 794 2448 turbam
842 2408 964 2447 eum
1014 2394 1194 2449 dicere
1241 2394 1499 2451 arbitror.
1537 2396 1701 2451 Divisi
1756 2409 1909 2452 erant
1956 2398 2154 2467 quippe

583 2481 869 2538 adversum
900 2497 957 2539 se
987 2485 1089 2553 ipsi
1126 2485 1178 2539 in
1223 2484 1485 2542 factiones
1511 2496 1565 2541 et
1588 2487 1806 2542 dissidia
1850 2488 2149 2557 pepttlares.

582 2570 849 2644 Deinceps
902 2590 1030 2629 vero
1060 2580 1127 2631 ad
1170 2591 1265 2633 eos
1292 2577 1385 2647 qui
1417 2576 1736 2633 videbantur
1758 2593 1878 2634 esse
1915 2579 2144 2648 aliquid,

582 2665 782 2720 malum
838 2677 1220 2735 perventurum
1272 2683 1433 2737 porro
1490 2671 1764 2736 ostendit,
1815 2673 2047 2726 dicens:
2090 2673 2154 2725 Et

585 2758 867 2813 devorabit
882 2773 1004 2827 qua:
1029 2759 1081 2813 in
1105 2760 1329 2815 circuitu
1348 2771 1472 2815 sunt
1487 2760 1700 2815 collium
1736 2763 1937 2816 omnia.
1957 2762 2151 2829 Colles,

586 2858 737 2919 puto,
788 2859 945 2904 vocat
993 2865 1087 2905 eos
1114 2851 1491 2920 quiprtestaut
1543 2853 1687 2918 aliis,
1735 2863 1791 2909 et
1816 2856 1897 2908 vel
1960 2856 2151 2924 gloria,

585 2941 667 2995 vel
697 2942 908 3010 opibus,
959 2943 1042 2997 vel
1084 2944 1190 2998 alio
1218 2945 1466 3014 quopiam
1503 2945 1660 3000 tundo
1710 2946 1998 3001 excellunt.
2031 2947 2150 3001 Jam

586 3033 715 3100 dixi,
746 3034 812 3087 iis
840 3036 929 3104 qui
963 3035 1355 3103 Splendidiores
1381 3051 1499 3093 esse
1533 3038 1871 3104 videbantur,
1918 3040 2153 3110 graviter

583 3122 686 3175 vim
720 3128 910 3183 fecisse
939 3128 1029 3198 qui
1068 3128 1122 3183 in
1154 3142 1370 3200 quaque
1407 3131 1623 3184 civitate
1670 3131 1964 3186 Seditiones
2023 3146 2153 3186 ceu-

585 3213 755 3267 citare
795 3214 938 3270 soliti
975 3225 1150 3279 erant,
1205 3216 1341 3272 adeo
1376 3226 1434 3272 ut
1477 3217 1744 3288 desperati
1803 3220 2046 3289 facerent
2091 3236 2153 3277 ea

586 3324 702 3371 quae
733 3321 800 3359 ne
817 3307 930 3376 ipsa
958 3308 1170 3375 quidem
1188 3308 1419 3363 hostium
1439 3324 1629 3364 manus
1650 3310 1939 3381 aliquando
1960 3312 2151 3380 egerit.

589 3397 650 3450 Et
679 3406 809 3460 luce,
848 3399 1038 3467 inquit,
1072 3400 1122 3454 in
1157 3400 1232 3453 ira
1277 3400 1476 3455 furoris
1506 3402 1736 3457 Domini.
1775 3404 2045 3458 Succensa
2074 3414 2157 3458 est

587 3489 730 3541 enim
764 3489 841 3542 sic
874 3489 1119 3544 universa
1155 3502 1298 3546 terra
1320 3491 1647 3548 Iudaeorum.
1679 3492 1809 3559 Quae
1855 3510 1981 3550 vero
2012 3468 2156 3550 recte

588 3580 745 3644 dixit,
777 3596 896 3634 cum
954 3581 1042 3635 illa
1098 3584 1255 3651 plana
1302 3584 1521 3640 fecisset
1567 3586 1931 3650 audientibus,
1972 3590 2155 3643 statim

589 3674 826 3729 adnectit
863 3674 972 3729 :Et
1023 3677 1128 3731 erit
1184 3678 1412 3747 populus
1466 3677 1612 3733 velut
1658 3679 1766 3751 igni
1824 3695 2154 3737 succensus:

586 3765 751 3819 homo
778 3766 965 3822 fratris
1004 3770 1118 3823 suis
1158 3785 1261 3822 non
1303 3769 1666 3825 miserebitur.
1698 3770 2155 3838 Quemadmodum

587 3857 732 3910 enim
769 3857 859 3925 qui
921 3859 1091 3912 bobus
1137 3859 1312 3926 ignem
1348 3859 1657 3924 admovent,
1707 3858 2061 3913 exstimulant
2091 3859 2159 3914 ad

588 3948 745 4010 iram,
786 3946 1135 4017 efiiciuntque
1175 3959 1231 4002 ut
1268 3948 1532 4003 ferociore
1583 3950 1781 4018 impetu
1824 3949 2067 4003 ferantur
2104 3948 2158 4002 itt

590 4055 686 4094 eos
741 4056 877 4111 quos
946 4041 1207 4110 impetum
1238 4059 1251 4094 :
1284 4042 1363 4095 sic
1405 4042 1530 4104 erit,
1562 4040 1753 4109 inquit,
1788 4041 2159 4110 unusquisque

589 4133 834 4203 populus,
875 4134 1021 4187 velut
1058 4133 1170 4204 igni
1216 4133 1487 4188 incensus.
1526 4133 1752 4187 Violeuti
1781 4133 1925 4187 enim
1961 4144 2015 4185 et
2057 4132 2160 4185 int-

590 4224 969 4279 misericordcs
991 4235 1169 4292 erunt,
1188 4235 1240 4279 et
1257 4223 1450 4280 fratres
1472 4242 1574 4279 non
1602 4235 1917 4296 agnoscent,
1935 4239 2091 4280 acres
2107 4236 2161 4278 et

590 4324 856 4385 agrestes,
883 4331 947 4370 ae
982 4316 1096 4370 fero
1122 4317 1303 4371 animo
1335 4318 1562 4372 invicem
1587 4332 1798 4381 omnes.
1835 4327 1888 4372 et
1920 4316 2159 4370 ferarum

593 4407 764 4460 instar
796 4420 915 4473 qua:
957 4406 1119 4478 169
1148 4407 1288 4461 fame
1326 4417 1610 4471 acuuntur,
1635 4417 1687 4461 et
1718 4408 1901 4462 rabide
1931 4415 2163 4477 aguntur

593 4496 646 4551 in
668 4496 875 4566 aliquos
901 4515 916 4550 :
953 4498 1301 4552 declinabunt
1329 4498 1395 4550 ad
1424 4498 1764 4564 dextram,et
1785 4498 1947 4553 edent
1972 4515 2000 4551 a
2024 4498 2159 4553 sini-

591 4589 742 4652 stris,
779 4587 830 4641 id
870 4595 976 4653 est,
1011 4587 1115 4641 huc
1149 4599 1202 4640 et
1232 4586 1357 4640 illuc
1381 4597 1783 4654 convertentur,
1813 4587 1932 4641 illos
1957 4603 1985 4639 a
2031 4590 2161 4641 dex-

593 4679 691 4732 tris
722 4675 1051 4741 mordentes,
1085 4676 1186 4730 hos
1219 4691 1247 4729 a
1274 4676 1428 4741 laeva,
1458 4683 1738 4745 parcentes
1775 4677 1996 4742 nemini,
2022 4677 2162 4729 insil-

593 4768 761 4822 tiabili
818 4766 1110 4837 cupiditate
1160 4769 1365 4836 seipsos
1412 4767 1694 4822 invadendi
1733 4765 2004 4822 ardentes.
2049 4770 2160 4820 Nmt

596 4861 758 4921 enim,
806 4860 1011 4929 inquit,
1080 4861 1365 4915 satiabitur
1403 4863 1563 4916 homo
1617 4861 1904 4916 comedens
1965 4878 2159 4917 carnes

596 4952 803 5007 brachii
841 4952 944 5005 sui.
977 4952 1021 5007 0
1050 4969 1159 5007 rem
1193 4955 1381 5006 miram
1432 4962 1487 5007 et
1537 4952 1943 5008 incredibilem!
2002 4953 2163 5015 Non,

595 5043 789 5114 inquit,
824 5040 927 5098 sibi
953 5043 1085 5113 ipsis
1110 5054 1476 5113 compareant,
1500 5060 1564 5099 ex
1598 5044 1876 5114 impotenti
1911 5045 2160 5100 videlicet

584 5136 829 5197 insania.
862 5133 1124 5205 Prorupta
1154 5137 1297 5190 enim
1343 5135 1506 5190 semel
1534 5143 1589 5189 et
1610 5136 1890 5205 desperata
1940 5134 2162 5189 audacia

601 5228 747 5292 freti,
783 5227 848 5279 ad
873 5227 1052 5281 omnia
1078 5227 1387 5296 turpissima
1413 5227 1676 5280 acerrime
1702 5237 1751 5279 et
1769 5225 1991 5295 juvenili
2018 5239 2166 5277 more

598 5319 1023 5391 progredientur.
1061 5316 1248 5373 Postea
1313 5318 1444 5371 dicit
1483 5335 1496 5370 :
1531 5317 1788 5371 Comedet
1851 5318 1993 5369 enim
2045 5314 2162 5368 Ma-

590 5428 782 5469 nasscs
825 5412 1101 5483 Ephraim,
1131 5422 1185 5466 et
1220 5410 1477 5480 Epitraim
1526 5411 1848 5465 Manassem.
1908 5410 2162 5477 Eplirnim

591 5518 727 5560 vero
758 5514 815 5560 et
860 5503 1139 5559 Manasses
1187 5502 1413 5557 fuerunt
1440 5502 1545 5557 duo
1597 5500 1815 5566 fratres,
1850 5512 1903 5555 et
1949 5499 2039 5552 tilii
2074 5496 2165 5552 Jo-

585 5599 749 5667 seplt.
775 5596 842 5651 At
864 5611 1036 5665 neque
1059 5599 1201 5654 inter
1231 5596 1509 5665 sanguinis
1538 5596 1802 5651 charitate
1826 5593 2165 5662 coniunctos,

594 5687 792 5755 inquit,
842 5697 1034 5741 natura
1082 5690 1195 5758 ipsa
1243 5699 1369 5743 tunc
1419 5702 1601 5758 pacem
1654 5687 1988 5741 constituet:
2022 5685 2165 5752 leges

595 5771 1081 5840 consanguinitatis
1122 5775 1308 5829 inanes
1355 5787 1515 5830 erunt
1572 5785 1625 5829 et
1685 5775 1869 5828 irritae.
1922 5773 2162 5842 Surgunt

2257 1939 2417 2010 λιμοῦ
2445 1940 2869 2009 κατατήκοντος,
2904 1936 3065 1990 τοῦτο
3092 1936 3150 1991 δὲ
3176 1935 3285 1988 τῶν
3336 1937 3394 1988 ἐν
3445 1935 3653 2009 ἑκάστῃ
3702 1951 3833 1989 στα-

2258 2031 2494 2086 σιαστῶν
2526 2032 2709 2095 οῐκους
2752 2047 2811 2083 τε
2869 2016 3298 2100 διαρπαζόντων,
3353 2027 3737 2098 ἐπιφυομένων
3777 2026 3833 2081 δὲ

2254 2127 2368 2187 τοῖς
2410 2122 2659 2177 δοκοῦσιν
2719 2119 2858 2175 εἶναι
2918 2121 3363 2192 διαφανεστέροις
3389 2159 3405 2186 ,
3455 2120 3530 2182 ὡς
3580 2118 3834 2186 γενέσθαι

2257 2213 2654 2285 φορτικώτερον
2687 2212 2778 2266 τὸν
2806 2210 3006 2277 ἔξωθεν
3034 2210 3211 2283 μάχης
3232 2208 3302 2263 τὰ
3336 2213 3402 2264 ἐκ
3422 2208 3532 2264 τῶν
3565 2206 3837 2262 ἐνοικούν-

2254 2328 2362 2364 των
2389 2312 2735 2381 τολμήματα.
2766 2305 2951 2360 Ταῦτα
2986 2305 3045 2359 δὲ
3075 2304 3264 2375 σαφῶς
3315 2303 3575 2375 Ἰώσηπος
3610 2303 3831 2370 ἱστορεῖ.

2256 2399 2466 2455 Οὐκοῦν
2500 2397 2871 2471 καυθήσεσθαί
2895 2414 3059 2468 φησιν
3109 2398 3167 2450 ἐν
3213 2398 3324 2458 cui;
3353 2394 3540 2448 δάσεσι
3572 2393 3836 2464 τοῦβρυ-

2258 2494 2381 2563 μοῦ,
2403 2494 2679 2564 ἄγρωστιν
2725 2488 2878 2564 οἶμαι
2913 2491 3117 2562 ξηρὰν,
3171 2490 3264 2542 καὶ
3322 2487 3458 2554 δάση
3483 2484 3691 2557 δρυμοῦ
3736 2484 3836 2554 τὴν

2254 2585 2513 2653 ἀγελαίαν
2545 2583 2755 2656 πληθὺν
2787 2583 3088 2653 ὀνομάζων.
3161 2579 3506 2651 Ἐμερίζοντο
3548 2576 3659 2646 γὰρ
3713 2574 3838 2630 κατ’

2265 2678 2508 2750 ἀλλήλων
2535 2679 2618 2741 είς
2648 2676 2912 2747 διχονοίας
2943 2674 3037 2729 καὶ
3067 2675 3286 2735 στάσεις
3312 2671 3362 2724 οἱ
3411 2669 3592 2740 δῆμοι.
3630 2669 3748 2720 Ὂτι
3776 2666 3837 2720 δὲ

2257 2771 2349 2824 καὶ
2380 2769 2486 2823 τῶν
2512 2766 2649 2823 εἶναί
2671 2766 3044 2821 τιδοκούντων
3077 2765 3274 2834 ἅψεται
3316 2762 3377 2815 τὸ
3427 2760 3625 2822 κακὸν,
3668 2774 3839 2828 προσ-

2255 2861 2543 2930 αποφαίνει
2571 2860 2762 2928 λέγων·
2788 2860 2894 2913 Καὶ
2914 2856 3391 2926 συγκαταφάγεται
3422 2852 3489 2905 τὰ
3518 2851 3701 2920 κύκλῳ
3727 2848 3839 2903 τῶν

2259 2953 2463 3023 βουνῶν
2494 2952 2692 3006 πάντα·
2731 2950 2953 3020 βουνοὺς
2985 2945 3139 3020 οἶμαι
3168 2947 3342 3015 λέγων
3369 2946 3495 3008 τοὺς
3528 2943 3635 2996 τῶν
3660 2941 3841 2996 ἄλλων

2257 3041 2712 3113 ύπερκειμένους,
2741 3041 2838 3094 καὶ¹
2864 3039 3253 3110 ἀνεστηκότας,
3287 3037 3321 3108 ἢ
3368 3035 3508 3089 κατὰ
3531 3035 3629 3107 τὴν
3654 3033 3835 3096 δόξαν,

2257 3131 2462 3202 ἧκατά
2512 3132 2604 3186 τὸν
2665 3128 2916 3195 πλοῦτον,
2965 3129 3000 3199 ἢ
3053 3128 3174 3183 καθ’
3226 3126 3413 3198 ἔτερόν
3454 3142 3573 3180 τινα
3612 3124 3837 3194 τρόπον.

2263 3225 2440 3294 Ἔφην
2467 3223 2524 3276 δὲ
2554 3223 2781 3294 ἀρτίως,
2829 3223 2913 3276 ὅτι
2945 3225 3057 3285 τοῖς
3099 3217 3240 3274 εἶναι
3297 3217 3515 3272 δοκοῦσι
3565 3215 3839 3286 λαμπροῖς

2258 3315 2529 3383 ἐπεφύετο
2591 3313 2780 3378 δεινῶς
2820 3314 2881 3367 τὸ
2939 3315 2997 3365 ἐν
3055 3314 3261 3385 ἑκάστῃ
3320 3309 3470 3364 πόλει
3527 3305 3840 3371 στασιάζειν

2259 3404 2472 3469 εἰωθὸς,
2501 3406 2578 3469 ὡς
2605 3406 2664 3457 ἐν
2692 3404 2998 3469 ἀπογνώσει
3056 3405 3210 3475 δρᾷν,
3240 3402 3276 3456 δι
3318 3402 3439 3473 μηδ’
3480 3400 3545 3454 ἂν
3584 3399 3723 3467 αὑτὴ
3755 3398 3841 3451 δέο

2259 3497 2459 3569 δρακεν
2483 3496 2593 3550 ἐσθ’
2632 3498 2719 3549 ὅτε
2759 3496 2867 3549 τῶν
2911 3496 3184 3566 πολεμίων
3226 3496 3260 3565 ἡ
3315 3494 3456 3565 χείρ.
3492 3493 3604 3546 Καὶ
3632 3487 3838 3547 ταῦτα.

2262 3590 2416 3659 φησι,
2440 3589 2530 3643 διὰ
2558 3589 2729 3659 θυμὸν
2763 3589 2933 3659 ὀργῆς
2971 3588 3195 3655 Κυρίου.
3256 3584 3675 3654 Συγκέκαυσται
3731 3581 3842 3652 γὰρ

2259 3682 2429 3745 οὕτως
2458 3683 2492 3753 ἡ
2523 3682 2785 3752 σύμπασα
2833 3682 2942 3732 τῶν
2985 3680 3254 3734 Ἰουδαίων
3303 3678 3397 3748 γῆ.
3435 3677 3502 3729 Ἃ
3538 3676 3593 3729 δὲ
3618 3676 3842 3745 εἴρηκεν

2260 3773 2696 3843 αἰνιγματωδῶς,
2728 3772 2902 3825 ταῦτα
2929 3775 3038 3836 τοῖς
3083 3770 3455 3843 ἀκροωμένοις
3521 3767 3668 3837 σαφῆ
3710 3766 3843 3818 καθ-

2263 3866 2434 3930 ιστὰς,
2462 3867 2799 3936 προσεπάγει
2833 3864 3197 3936 παραχρῆμα·
3223 3864 3332 3917 Καὶ
3357 3862 3510 3916 ἔσται
3536 3862 3566 3915 ὁ
3598 3859 3726 3922 λαὸς
3764 3858 3844 3922 ὡς

2261 3960 2367 4013 ὑπὸ
2390 3961 2559 4031 πυρὸς
2606 3959 3104 4028 κατακεκαυμένος.
3143 3956 3460 4025 Ἀνθρωπος
3499 3953 3590 4007 τὸν
3614 3951 3845 4019 ἀδελφὸν

2263 4050 2428 4105 αὐτοῦ
2456 4051 2556 4103 οὐκ
2580 4051 2811 4120 ἐλεήσει.
2849 4048 3061 4119 Ὥσπερ
3092 4049 3198 4119 γὰρ
3219 4048 3268 4099 οἱ
3298 4046 3517 4116 μόσχοις
3545 4043 3844 4109 ἐπάγοντες

2263 4140 2399 4213 πῦρ,
2430 4140 2842 4210 παραθήγουσιν
2878 4141 2959 4202 είς
2988 4138 3178 4211 ὀργὰς,
3233 4138 3326 4190 καὶ
3368 4135 3469 4197 τὰς
3516 4132 3640 4187 καθ’
3674 4125 3751 4185 ὧν
3778 4131 3845 4184 ἂν

2266 4231 2397 4283 ἴοιεν
2420 4231 2641 4298 ἐφόδους
2671 4228 2982 4299 ἁδρωτέρας
3002 4226 3272 4281 ποιεῖσθαι
3304 4222 3839 4297 παρασκευάζουσιν

2262 4322 2424 4383 οὕτω,
2462 4322 2615 4391 φησι,
2663 4320 2756 4374 καὶ
2810 4321 3036 4382 ἕκαστος
3080 4318 3233 4371 ἔσται
3283 4317 3393 4370 τῶν
3442 4314 3587 4369 λαῶν
3632 4312 3708 4376 ὡς
3739 4312 3847 4365 ὑπὸ

2266 4414 2435 4487 πυρὸς
2468 4411 2965 4483 κατακεκαυμένος.
3008 4408 3275 4480 ’ωρμηταί
3308 4424 3367 4461 τε
3410 4407 3518 4476 γὰρ
3558 4406 3649 4459 καὶ
3681 4404 3846 4472 ἀφιλ-

2194 4531 2237 4585 D
2264 4507 2653 4578 οικτείρμονες,
2700 4507 2795 4560 καὶ
2845 4504 3108 4575 ἀδελφοὺς
3138 4503 3240 4556 οὐκ
3294 4500 3531 4562 εἰδότες,
3570 4497 3737 4552 δεινοί
3784 4512 3849 4548 τε

2266 4599 2359 4650 καὶ
2393 4597 2718 4669 ἀγριόουμοι
2772 4597 2971 4658 πάντες
3010 4595 3239 4648 ἔσονται-
3275 4593 3392 4646 κατ⁵
3432 4588 3699 4660 ἀλλήλων,
3750 4588 3851 4641 καὶ

2266 4688 2470 4760 θηρίων
2502 4688 2657 4758 δίκην
2712 4686 2855 4755 λιμῷ
2888 4684 3239 4755 τεθηγμένων
3294 4684 3375 4744 είς
3421 4678 3718 4749 ἀγριότητα
3745 4676 3848 4746 τὴν

2266 4779 2407 4832 κατά
2431 4793 2611 4831 τινων
2652 4775 2991 4831 ὲκκλινοῦσιν
3022 4778 3098 4838 εἰς
3131 4778 3196 4827 τὰ
3251 4770 3420 4839 δεξιὰ,
3455 4768 3549 4822 καὶ
3579 4768 3849 4835 φάγονται

2265 4874 2327 4925 ἐκ
2356 4869 2463 4923 τῶν
2495 4869 2813 4940 ἀριστερῶν·
2845 4866 2989 4921 τοῦτ’
3015 4866 3182 4930 ἐστιν,
3233 4865 3353 4936 τῇδε
3408 4861 3631 4917 κάκεῖσε
3685 4877 3851 4930 περι-

2268 4962 2690 5034 στραφήσονται,
2729 4958 3128 5032 καταδακόντες
3155 4956 3281 5020 τοὺς
3299 4959 3362 5010 ὲκ
3381 4955 3590 5021 δεξιῶν,
3632 4954 3760 5015 τοὺς
3788 4953 3851 5019 ἐξ

2267 5053 2585 5125 εὐωνύμων,
2651 5053 2955 5123 φειδόμενοί
3014 5067 3073 5104 τε
3131 5048 3394 5120 μηδαμῶς
3443 5048 3689 5109 οὐδενὸς,
3754 5046 3854 5097 καὶ

2266 5148 2559 5217 ἀκόρεστον
2580 5143 2795 5215 ἔχοντες
2825 5145 2927 5210 τῆς
2972 5143 3090 5197 κατ’
3122 5141 3366 5210 ἀλλήλων
3395 5139 3583 5206 ἐφόδου
3616 5137 3710 5189 τὸν
3746 5136 3854 5188 πό-

2268 5239 2378 5293 θον.
2409 5236 2485 5290 Οὐ
2525 5235 2632 5306 γὰρ
2671 5237 2744 5305 μὴ
2772 5233 3058 5305 ἐμπλησθῇ
3081 5232 3298 5303 ,φησὶν.
3333 5230 3618 5298 ἄνθρωπος
3652 5226 3854 5281 ἐσθίων

2268 5329 2366 5391 τὰς
2422 5327 2631 5398 σάρκας
2685 5326 2778 5379 τοῦ
2830 5325 3112 5395 βραχίονος
3182 5321 3372 5376 αὐτοῦ.
3424 5322 3488 5373 Ὢ
3539 5314 3853 5389 παραδόξου

2269 5416 2624 5489 πράγματοςί
2684 5414 2817 5470 Οὐδὲ
2866 5414 3072 5468 ἑαυτῶν
3122 5414 3417 5483 φείσονται,
3469 5409 3764 5480 φησιν,ιῇ
3791 5407 3860 5473 ἐξ

2269 5509 2506 5579 ἀκράτου
2549 5507 2765 5577 μανίας.
2814 5504 3216 5574 Ἀπεγνωκότες
3242 5504 3350 5573 γὰρ
3391 5499 3540 5565 ἅπαξ
3567 5502 3701 5573 πρὸς
3742 5502 3858 5552 πᾶν

2267 5599 2444 5652 ὁτιοῦν
2466 5598 2572 5651 τῶν
2599 5597 2989 5653 ἐκτοπωτάτων
3037 5595 3342 5666 βαδιοῦνται
3393 5593 3681 5655 νεανικῶς.
3716 5588 3860 5646 Εἷτὰ

2272 5707 2455 5759 φησιν,
2488 5691 2569 5742 ὅτι
2596 5689 2832 5757 Φάγεται
2861 5689 2969 5759 γὰρ
3008 5686 3308 5756 Μανασσῆς
3324 5683 3421 5738 τοῦ
3446 5682 3715 5754 Ἐφραῖμ,
3753 5684 3864 5737 καὶ

2284 5778 2520 5850 Ἐφραῒμ
2556 5779 2645 5832 τοῦ
2678 5780 2964 5846 Μανασσῆ.
3010 5776 3250 5847 Ἐφραῒμ
3286 5777 3362 5829 δὲ·
3400 5776 3490 5828 καὶ
3549 5774 3865 5841 Μανασσῆς
