4122 6292
516 367 623 421 9.79

1502 379 1557 435 S.
1599 381 1872 438 CYRILLI
1912 383 2384 442 ALEXANDRINI
2419 385 2738 447 ARCHIEP.

3662 396 3770 453 280

520 496 576 539 et
621 481 896 556 eriperent
934 489 1023 558 jus
1084 493 1425 562 pauperibus,
1458 512 1521 552 ac
1559 501 1858 569 orphanum
1919 501 2081 556 veluti

2201 508 2486 574 ραίνοντες,
2509 507 2598 562 ἴνα
2618 510 2792 577 χήραν
2814 508 3059 570 ἀδικῶσι,
3084 511 3179 564 καὶ
3204 508 3494 583 άρπάζωσι
3518 510 3765 582 κρίματα

521 577 755 645 praedam
787 578 1018 650 aliquam
1044 581 1309 641 ditescere
1346 585 1654 645 volentibus
1688 589 1844 645 facile
1867 593 2085 660 exposi-

523 675 633 719 tam
664 667 1014 737 subjicerent.
1047 670 1136 736 At,
1174 672 1366 743 inquit,
1398 676 1510 743 isti,
1536 678 1665 747 quid
1697 678 1897 735 facient
1924 681 1979 735 in
2001 681 2090 737 die

521 753 888 811 visitationis?
932 757 1269 818 Visitationis
1317 774 1497 820 autem
1561 767 1701 823 diem
1753 779 1912 826 vocat
1964 772 2087 828 belli

524 854 755 914 tempus,
796 861 903 917 quo
936 849 1171 920 inspexit
1200 854 1345 910 Deus
1389 856 1689 915 scribentes
1727 860 2087 930 iniquitatem,

521 942 575 988 et
607 944 754 991 recta
788 936 922 1008 legis
945 940 1150 1010 judicia
1186 944 1592 1016 detorquentes.
1621 947 1750 1014 Quae
1785 950 1929 1004 enim
1960 966 2090 1021 opes

520 1023 676 1083 vobis
711 1030 1162 1100 opitulabuntur?
1199 1036 1395 1107 inquit.
1459 1039 1705 1106 Quonam
1757 1054 1916 1115 pacto
1963 1059 2091 1099 cou-

522 1130 864 1191 gregatarum
903 1139 933 1179 a
977 1127 1132 1184 vobis
1160 1144 1337 1185 rerum
1378 1147 1446 1186 ex
1485 1136 1710 1191 avaritia
1753 1140 2092 1193 coacervatio

518 1211 767 1278 juvabit?
798 1214 1055 1285 lnjuriam
1110 1219 1335 1287 fecistis,
1367 1226 1688 1295 corrupistis
1724 1227 1918 1298 legem,
1963 1244 2090 1298 pro-

524 1303 784 1361 culcastis
832 1310 1118 1366 consilium
1177 1312 1500 1385 legislatoris
1530 1319 1678 1387 :jam
1721 1334 1829 1389 quo
1876 1323 2090 1377 tandem

524 1394 805 1451 evadetis?
835 1400 962 1469 quid
1011 1402 1174 1457 etiam
1224 1406 1411 1475 agetis,
1463 1415 1557 1462 aut
1600 1409 1727 1478 quid
1770 1409 2088 1481 loquemini,

526 1500 635 1552 quo
682 1485 950 1559 ell‘ugiatis
991 1493 1130 1549 diem
1204 1496 1570 1554 visitationis?
1606 1500 1837 1558 Aﬂlictio
1893 1505 2090 1560 etenim

528 1576 681 1633 vobis
726 1594 757 1633 a
798 1579 957 1652 longe
984 1586 1182 1641 veniet.
1212 1585 1531 1659 Pugnabam
1566 1593 1763 1661 quippe
1787 1591 1957 1650 Judaei
1988 1611 2092 1651 sa:-

529 1681 826 1735 penumero
842 1673 1099 1732 adversus
1123 1681 1338 1735 accolas
1354 1690 1561 1750 gentes,
1588 1682 1851 1741 Idumaeos
1873 1687 2091 1757 inquam

2192 600 2461 669 πενήτων,
2494 601 2586 654 καὶ
2634 603 2745 663 τοῖς
2797 602 2862 653 ἐκ
2910 600 3221 667 πλεονεξίας
3249 603 3440 666 κακοῖς
3481 601 3768 670 ὑπάγωσιν

2189 691 2444 759 ὀρφανὸν,
2478 689 2731 763 καθάπερ
2751 693 2870 746 τινά
2893 692 3169 762 προνομὴν
3196 695 3309 755 τοῖς
3336 692 3581 746 ἐθέλουσι
3604 693 3768 747 πλου-

2190 782 2301 832 τεῖν
2358 780 2590 850 ἑτοίμως
2635 779 3111 851 παρερῥιμμένην.
3167 777 3306 832 Ἀλλ’
3329 773 3496 844 οὗτοι,
3531 779 3685 850 φησὶ,
3715 780 3768 833 τί

2190 869 2506 938 ποιήσουσιν
2532 872 2591 924 ἐν
2622 874 2690 942 τῇ
2721 870 2904 942 ἡμέρᾳ
2931 872 3032 942 τῆς
3055 870 3393 941 ἐπισκοπῆς;
3432 868 3768 939 Ἐπισκοπῆς

2189 960 2247 1013 δέ
2281 977 2444 1031 φησιν
2489 961 2720 1032 ἡμέραν,
2761 961 2851 1015 τὸν
2890 960 2984 1015 τοῦ
3031 961 3267 1031 πολέμου
3309 960 3522 1032 καιρὸν,
3554 960 3676 1014 καθ’
3706 960 3768 1015 ὃν

2192 1051 2532 1121 ἐπεσκέψατο
2556 1052 2687 1116 Θεὸς
2723 1053 2849 1116 τοὺς
2874 1053 3185 1123 γράφοντας
3229 1051 3516 1124 πονηρίαν,
3555 1051 3648 1105 καὶ
3695 1052 3767 1105 τά

2190 1143 2325 1215 ὀρθὰ
2371 1143 2464 1196 τοῦ
2498 1144 2944 1214 νόμουλκρίματα
2985 1142 3423 1214 διαστρέφοντας.
3469 1142 3629 1205 Ποῖος
3655 1140 3766 1212 γὰρ

2193 1237 2322 1306 ὑμῖν
2351 1234 2579 1298 πλοῦτος
2607 1234 2882 1305 βοηθήσει,
2914 1234 3079 1304 φησίν
3102 1249 3117 1298 ;
3158 1234 3375 1302 ὀνήσει
3399 1232 3457 1286 δέ
3484 1231 3627 1296 κατὰ
3645 1232 3767 1286 τίνα

2191 1326 2390 1398 τρόπον
2439 1325 2548 1379 τῶν
2604 1328 2670 1379 ἐκ
2722 1324 3034 1390 πλεονεξίας
3079 1325 3208 1395 ὑμῖν
3253 1324 3679 1394 συνειλεγμένων
3729 1324 3765 1393 ή

2192 1419 2470 1491 adprime;
2515 1419 2861 1489 Ἡδικήσατε,
2892 1416 3285 1488 κατεφθείρατε
3307 1416 3493 1487 νόμον,
3519 1417 3768 1484 πεπατή-

2194 1529 2325 1565 κατε
2350 1513 2442 1566 τὸν
2482 1511 2577 1565 τοῦ
2610 1510 2900 1583 νομοθέτου
2930 1510 3149 1564 σκοπόν.
3178 1504 3312 1563 Εἶτα
3340 1508 3461 1563 ὅποι
3495 1508 3627 1562 ποτέ
3665 1507 3764 1578 βα-

2191 1602 2410 1669 διεῖσθε;
2440 1602 2492 1656 τί
2531 1603 2588 1656 δέ
2634 1603 2726 1656 καὶ
2757 1602 2988 1672 δρῶντες
3021 1600 3054 1672 ἢ
3096 1600 3365 1669 λέγοντες,
3414 1596 3765 1668 διαφεύξεσθε

2192 1694 2291 1765 τὴν
2334 1692 2559 1764 ἡμέραν
2602 1692 2700 1762 τῆς
2748 1692 3082 1763 ἐπισκοπῆς;
3152 1690 3217 1744 Ἥ
3262 1689 3372 1761 γὰρ
3417 1688 3596 1760 θλίψις
3637 1689 3767 1758 ὑμῖν

526 1768 581 1813 et
606 1758 885 1829 Elamitas,
914 1774 968 1821 et
993 1765 1275 1835 Moabitas,‘
1304 1780 1360 1825 et
1393 1769 1578 1843 Syros,
1614 1782 1667 1829 et
1699 1776 1790 1846 qui
1819 1775 2090 1834 Philistini

2201 1758 2477 1861 πόρρωθεν
2504 1788 2642 1859 ἥξει.
2658 1758 2955 1858 Ἐμάχοντο
2987 1758 3084 1856 μὲν
3109 1785 3219 1857 γάρ
3242 1758 3483 1838 Ἰουδαῖοι
3508 1758 3766 1837 πλειστά-

528 1855 782 1910 dicuntur
812 1873 827 1912 :
856 1860 1145 1930 evenitque
1174 1871 1234 1917 ut
1273 1864 1458 1919 multis
1497 1866 1768 1933 meliores,
1796 1884 1860 1922 ac
1890 1869 1941 1922 in
1994 1884 2090 1934 pu-

2201 1855 2281 1945 κις
2469 1855 2538 1933 τά
2567 1855 2832 1951 περίοικα
2848 1877 2956 1932 τῶν
2987 1855 3524 1946 ἐθνῶνέῐδουμαίους
3542 1873 3605 1928 τέ
3625 1889 3769 1944 φημι

526 1957 630 2013 gua
664 1946 971 2014 superiores
1012 1950 1341 2027 viderentur.
1377 1951 1485 2008 Sed
1530 1969 1696 2020 nunc,
1764 1958 1968 2027 inquit,
2013 1957 2091 2011 af-

527 2034 692 2091 ﬂictio
725 2045 904 2093 vestra
953 2040 1141 2108 procul
1189 2042 1390 2109 veniet,
1436 2044 1589 2114 171
1625 2045 1677 2098 id
1720 2055 1823 2111 est,
1856 2062 1960 2102 non
2001 2051 2094 2102 ad—

527 2140 716 2181 versus
742 2127 1002 2185 ldumatos
1024 2132 1174 2187 vobis
1210 2142 1486 2188 certamen
1508 2136 1632 2201 erit,
1674 2152 1778 2191 non
1807 2138 2091 2194 adversum

526 2210 788 2273 Moabitas
837 2216 1057 2287 bellum,
1088 2224 1184 2277 sed
1226 2214 1328 2279 nec
1376 2228 1639 2282 adversus
1680 2228 1818 2282 ullos
1858 2229 2089 2295 accolas,

524 2324 661 2377 quos
702 2310 990 2380 aliquando
1034 2315 1343 2386 subegistis,
1384 2327 1438 2371 et
1488 2333 1555 2372 ex
1608 2318 1792 2388 praclio
1834 2319 2091 2388 majorem

525 2400 738 2457 laudem
773 2407 1287 2473 consecuti,coroua
1314 2411 1647 2466 nobilissima
1675 2413 1905 2468 redimiti
1938 2413 2090 2467 estis:

526 2494 618 2547 scd
672 2510 816 2551 nunc
838 2498 993 2553 vobis
1034 2498 1252 2555 alﬂictio
1283 2503 1466 2571 procul
1519 2504 1716 2559 veniet.
1747 2503 1967 2559 Videtur
1996 2521 2091 2557 au-

530 2597 636 2641 tem
684 2588 809 2643 hinc
834 2589 921 2644 vel
952 2592 1298 2663 Assyriorum
1343 2594 1733 2663 incursionem,
1772 2598 1853 2651 vel
1898 2595 2097 2651 Roma-

527 2692 719 2731 norum
770 2678 1134 2737 subindicare.
1168 2683 1301 2738 Nam
1336 2694 1390 2738 et
1421 2685 1473 2738 lii
1514 2694 1569 2739 et
1603 2685 1678 2738 illi
1730 2701 1760 2739 e
1805 2684 2096 2754 longinquo

531 2778 811 2825 venerunt.
826 2769 1177 2828 lncumbente
1212 2790 1340 2829 vero
1376 2775 1688 2842 afﬂictione,
1709 2776 1799 2831 ubi
1827 2776 2098 2846 relinque-

532 2861 601 2913 tis
628 2869 864 2916 vestram
914 2863 1160 2932 gloriam,
1200 2877 1258 2921 ut
1291 2881 1397 2921 non
1437 2866 1689 2923 incidatis
1722 2869 1774 2921 iu
1819 2867 2098 2923 abductio-

531 2958 691 3011 nem?
724 2954 986 3028 Fregistis
1027 2958 1195 3023 enim,
1226 2960 1420 3029 inquit,
1455 2975 1597 3030 saepe
1621 2962 1825 3024 hostes,
1851 2970 1906 3016 et
1945 2960 2097 3015 iuva-

530 3051 780 3106 tlcntibus
835 3050 1132 3117 restitistis,
1159 3065 1224 3106 ac
1263 3052 1426 3107 urbes
1484 3062 1538 3107 et
1609 3054 1857 3123 regiones
1889 3062 2097 3108 vestras

530 3146 933 3202 conservastis:
968 3163 1114 3203 nunc
1154 3161 1334 3205 autem
1362 3151 1587 3221 gloriam
1628 3151 1785 3207 istam
1814 3151 1902 3206 ubi
1930 3151 2095 3206 relin-

530 3241 743 3309 quetis?
764 3241 984 3298 Cadetis
1012 3244 1155 3298 enim
1188 3260 1397 3310 omnes,
1431 3244 1769 3310 fortitudine,
1801 3260 1922 3314 qua:
1954 3258 2098 3312 saepe

532 3344 717 3387 contra
762 3334 897 3389 alios
940 3335 1121 3402 valuit,
1152 3336 1298 3394 nullo
1339 3339 1495 3394 modo
1544 3352 1639 3394 vos
1680 3338 1924 3408 iuvante.
1959 3337 2098 3404 Quid

533 3422 678 3475 cnim
708 3422 919 3478 facietis
951 3432 1009 3477 ut
1040 3439 1143 3480 nou
1166 3418 1434 3482 'iucidatis
1464 3427 1516 3480 in
1549 3425 1965 3481 abductionem?
1988 3426 2098 3479 Ab-

534 3513 841 3569 ductionem
873 3525 1048 3580 vocat,
1071 3515 1269 3571 illatam
1300 3518 1429 3588 ipsis
1455 3518 1523 3572 ab
1546 3519 1626 3573 ira
1651 3518 1855 3582 divina,
1875 3527 1929 3572 et
1955 3518 2101 3574 belli-

534 3618 649 3657 cam
673 3603 1055 3661 calamitatem.
1075 3606 1184 3662 Deo
1207 3609 1459 3662 nimirum
1484 3608 1769 3664 inducente
1789 3608 2101 3677 delinquon-

536 3697 677 3751 tibus
711 3699 1057 3767 pmuas,quis
1078 3700 1319 3754 avertet?
1336 3701 1440 3753 Aut
1464 3715 1567 3770 qua
1592 3699 1800 3754 ratione
1823 3700 1912 3769 qui
1930 3713 2102 3770 poenae

533 3799 588 3843 et
627 3788 890 3858 supplicio
922 3790 1139 3845 obnoxii
1190 3800 1346 3854 sunt,
1381 3789 1752 3859 juvabuntur?
1799 3789 1963 3845 nulla.
2005 3789 2100 3845 Et—

533 3880 676 3937 ruim
703 3894 757 3937 et
786 3883 1000 3940 divinus
1029 3884 1194 3938 David
1226 3885 1408 3954 psallit
1441 3884 1662 3939 «licens:
1704 3901 1722 3934 ι
1755 3882 1998 3948 Domine,
2036 3898 2104 3937 ne

540 3976 592 4027 in
627 3975 808 4030 furore
837 3985 929 4028 tuo
961 3990 1157 4046 arguas
1181 3991 1285 4041 me,
1320 3990 1492 4044 neque
1531 3974 1582 4027 in
1617 3974 1695 4027 ira
1729 3982 1819 4028 tua
1843 3973 2104 4041 corripias

537 4082 623 4121 me
644 4069 705 4122 ιδ.
739 4090 758 4122 ι
795 4069 860 4123 Ει
895 4084 1082 4125 rursus
1114 4088 1127 4122 :
1173 4090 1190 4119 ι
1219 4068 1296 4122 Tu
1321 4084 1381 4123 es
1421 4067 1704 4132 terribilis,
1730 4076 1785 4122 et
1810 4067 1929 4135 quis
1967 4065 2101 4120 resi-

536 4172 643 4215 stet
677 4162 813 4219 tibi?
842 4176 906 4217 ex
947 4171 1071 4216 tunc
1110 4161 1190 4214 ira
1237 4170 1323 4215 tua
1365 4159 1429 4214 ³⁸.
1460 4179 1478 4211 ι
1516 4158 1813 4215 Amolietur
1841 4157 2104 4227 siquidem

536 4252 772 4309 divinam
813 4253 948 4307 iram
1000 4267 1176 4308 nemo.
1208 4255 1273 4307 At
1316 4267 1436 4308 eam
1478 4254 1631 4321 quasi
1680 4249 1887 4305 emollit
1936 4249 2106 4317 poeni-

540 4345 706 4399 tentia
743 4361 759 4397 :
797 4345 941 4411 imo,
989 4361 1055 4401 ne
1091 4348 1362 4417 quatietur
1412 4345 1629 4415 quidem
1676 4357 1901 4414 prorsus
1944 4342 2108 4410 impe-

541 4438 705 4500 rium,
746 4439 790 4492 si
819 4440 940 4507 quis
985 4439 1113 4495 velit
1175 4449 1323 4494 recte
1380 4447 1437 4494 et
1469 4438 1707 4509 legitime
1734 4447 1788 4492 et
1810 4436 2105 4492 secundum

540 4528 878 4584 oraculorum
910 4530 1027 4599 ejus
1049 4529 1242 4600 placita
1277 4529 1477 4583 vivere.
1871 4562 1886 4576 ο

2194 1975 2289 2028 καὶ
2328 1973 2640 2044 Ἐλαμίτας.
2691 1970 3019 2036 Μωαϐίτας,
3075 1970 3170 2023 καὶ
3213 1967 3416 2039 Σύρους
3441 2007 3456 2029 ,
3505 1965 3601 2020 καί¹
3642 1963 3770 2026 τοὺς

2196 2065 2560 2143 καλουμένους
2589 2063 2919 2133 Φιλιστιείμο
2954 2061 3237 2114 συνέϐαινε
3268 2060 3324 2112 δὲ
3372 2059 3466 2112 καὶ
3512 2055 3767 2127 ἀμείνους

2193 2154 2421 2224 ὁρᾶσθαι
2473 2152 2683 2208 πολλῶν
2723 2152 3057 2225 κρατοῦντας
3089 2153 3146 2205 ἐν
3198 2151 3416 2222 μάχαις.
3464 2146 3623 2200 Ἀλλὰ
3648 2144 3767 2207 νῦν,

2197 2248 2383 2318 φησὶν,
2417 2248 2450 2316 ή
2478 2243 2657 2315 θλίψις
2675 2245 2805 2315 ὑμῖν
2834 2243 3116 2316 πόρρωθεν
3142 2241 3282 2313 ἧξεν
3313 2239 3457 2293 τοῦτ’
3492 2238 3660 2299 ἔστιν,
3688 2234 3768 2289 Οὐ

2198 2338 2332 2411 πρὸς
2369 2336 2700 2408 Ἰδουμαίους
2727 2337 2856 2406 ὑμῖν
2884 2336 2918 2407 ἠ
2950 2335 3126 2406 μάχη,
3169 2334 3229 2387 οὐ
3259 2332 3394 2403 πρὸς
3420 2327 3716 2390 Μωαϐίτας
3742 2329 3772 2380 ὁ

2197 2429 2431 2498 πόλεμος
2450 2444 2462 2457 ⁸
2498 2427 2611 2481 ἀλλ’
2643 2427 2763 2481 οὑδέ
2788 2427 2924 2498 πρός
2953 2443 3105 2489 τινας
3136 2425 3246 2479 τῶν
3277 2424 3512 2496 ὁμόρων,
3546 2414 3622 2475 ὧν
3655 2418 3771 2472 ἐσθ’

2196 2522 2285 2574 ὅτε
2337 2521 2429 2574 καὶ
2462 2521 2866 2591 κεκρατήκατε,
2906 2518 2999 2572 καὶ
3020 2519 3122 2590 τὴν
3151 2517 3360 2587 ἀμείνω
3387 2514 3642 2584 λαχόντες
3664 2511 3773 2582 ψῆ-

2198 2629 2294 2680 φον
2323 2613 2379 2664 ἐν
2409 2611 2557 2681 μάχῃ
2585 2610 2675 2664 τὸν
2700 2610 2800 2679 τῆς
2830 2609 3079 2673 εὐκλείας
3107 2606 3440 2678 ἁνεδήσασθε
3469 2604 3728 2674 στέφανον
3753 2618 3768 2631 °

2197 2704 2334 2758 ἀλλὰ
2359 2703 2455 2758 νῦν
2481 2705 2609 2774 ὑμῖν
2643 2706 2675 2774 ἡ
2714 2702 2891 2772 θλίψις
2925 2700 3206 2774 πόρρωθεν
3234 2698 3570 2770 ἦξει.Ἕοικε
3598 2695 3657 2750 δὲ
3680 2695 3774 2748 διά

2196 2795 2421 2860 τούτων,
2461 2797 2494 2867 ἢ
2521 2796 2631 2848 τῶν
2666 2795 2962 2865 Ἀσσυρίων
2991 2794 3089 2864 τήν
3114 2793 3323 2863 ἔφοδον,
3350 2792 3516 2862 ἤγουν
3540 2789 3640 2860 τὴν
3660 2787 3772 2841 τῶν

2211 2887 2496 2958 Ῥωμαίων
2542 2886 2859 2957 ύποδηλοῦν.
2907 2885 3193 2958 Πόρρωθεν
3228 2884 3337 2956 γὰρ
3369 2876 3515 2937 οὗτοί
3561 2899 3621 2935 τε
3673 2881 3777 2935 κά-

2199 2979 2385 3032 κεῖνοι.
2416 2976 2887 3047 Ἐπενηνεγμένης
2915 2976 2972 3028 δὲ
3002 2975 3102 3044 τῆς
3130 2973 3381 3044 θλίψεως,
3408 2971 3506 3026 ποῦ
3529 2970 3773 3039 καταλή-

2197 3069 2328 3139 ψετε
2352 3067 2450 3138 τὴν
2478 3065 2687 3121 ἐαυτῶν
2715 3066 2890 3133 δόξαν,
2920 3066 3016 3119 τοῦ
3046 3064 3120 3135 μὴ
3150 3064 3407 3134 ἐμπεσεῖν
3428 3063 3507 3125 εἰς
3528 3062 3624 3131 τὴν
3649 3063 3777 3114 ἐπα-

2198 3163 2413 3234 γωγήν;
2442 3156 2886 3231 Κατηνδρίσασθε
2919 3157 3016 3228 μὲν
3038 3157 3148 3227 γάρ
3179 3154 3454 3217 πολλάκις,
3494 3154 3647 3222 φησι,
3669 3149 3776 3204 τῶν

2199 3254 2433 3327 ἐχθρῶν,
2467 3254 2700 3315 καὶτοῖς
2723 3250 2966 3305 ἐπιοῦσιν
3003 3246 3449 3316 άντανιστάμενοι
3500 3242 3777 3296 σεσώκατε

2199 3346 2297 3409 τὰς
2326 3346 2455 3416 παρ’
2484 3345 2612 3415 ὑμῖν
2644 3344 2828 3406 πόλεις
2862 3359 2919 3395 τε
2948 3340 3041 3393 καὶ
3082 3338 3284 3410 χώρας.
3311 3337 3449 3390 Νυνὶ
3477 3335 3534 3389 δὲ
3556 3335 3656 3404 τὴν
3685 3335 3778 3387 ἐπὶ

2198 3435 2373 3507 τούτῳ
2400 3431 2557 3499 δόξαν
2613 3433 2716 3487 ποῦ
2741 3433 3113 3502 καταλήψετε;
3145 3426 3397 3482 πεσεῖσθε
3420 3425 3529 3496 γάρ
3556 3425 3776 3487 πάντες,

2201 3531 2321 3583 κατ’
2348 3528 2537 3581 οὐδένα
2580 3527 2782 3597 τρόπον
2810 3523 3124 3594 ὠφελούσης
3156 3522 3298 3592 ὑμᾶς
3345 3521 3443 3597 τῆς
3489 3518 3630 3572 κατὰ
3669 3515 3780 3568 τῶν

2203 3623 2403 3691 ἐτέρων
2440 3591 2743 3692 εὐανδρίας.
2774 3619 2838 3670 Τί
2862 3591 2971 3689 γὰρ
3007 3591 3259 3683 ποιήσετε
3284 3591 3379 3666 τοῦ
3414 3611 3489 3683 μὴ
3517 3601 3809 3682 ἐμπεσεῖν

2202 3715 2279 3777 είς
2303 3714 2629 3781 ἐπαγωγήν;
2668 3710 2989 3780 Ἐπαγωγὴν
3013 3707 3070 3760 δέ
3104 3723 3259 3777 φησι,
3276 3704 3374 3776 τήν
3398 3703 3782 3773 ἐπενεχθεῖσαν

2202 3803 2385 3865 αὐτοῖς
2413 3801 2488 3864 ὡς
2517 3800 2623 3854 ἀπό
2653 3817 2715 3867 γε
2757 3800 2856 3869 τῆς
2882 3798 3029 3862 θείας
3059 3796 3249 3869 ὀργῆς,
3278 3796 3374 3849 καὶ
3423 3794 3521 3866 τὴν
3570 3794 3636 3845 ἐκ
3683 3788 3780 3842 τοῦ

2204 3893 2441 3964 πολέμου
2483 3891 2787 3963 συμφοράν.
2828 3889 2963 3944 Θεοῦ
2990 3888 3107 3960 γὰρ
3128 3887 3423 3956 ἐπάγοντος
3458 3887 3570 3948 τοῖς
3596 3882 3784 3952 πλημ-

2207 3984 2427 4056 μελοῦσι
2455 3984 2550 4048 τὰς
2578 3984 2735 4046 δίκας
2762 3982 2845 4046 τίς
2868 3982 2896 4033 ὁ
2924 3980 3311 4053 ἀποστρέψωεη
3346 3979 3378 4049 ἢ
3402 3978 3551 4039 ποῖος
3575 3974 3640 4028 ἂν
3665 3977 3786 4037 τοῖς

2205 4077 2308 4129 ὑπὸ
2358 4074 2546 4145 ποινὴν
2592 4074 2686 4127 καὶ
2732 4074 2953 4127 κόλασιν
2997 4073 3344 4143 ἐπικουρήσει
3393 4067 3627 4139 τρόπος;
3681 4065 3786 4118 οὐκ

2205 4165 2349 4218 ἔστιν
2374 4163 2571 4227 οὐδείς.
2597 4163 2885 4233 Τοιγάρτοι
2916 4162 3008 4216 καὶ
3036 4164 3064 4214 ὁ
3091 4160 3376 4221 θεσπέσιος
3405 4155 3568 4210 Δαϐὶδ
3589 4154 3784 4225 ψάλλει

2205 4248 2299 4310 καί
2346 4271 2536 4325 φησιν·
2575 4272 2594 4305 ι
2623 4252 2814 4324 Κύριε,
2851 4251 2925 4322 μὴ
2971 4250 3048 4321 τῷ
3092 4248 3250 4320 θυμῷ
3295 4265 3389 4301 σου
3437 4242 3662 4313 ἐλέγξῃς
3688 4257 3782 4310 με.

2209 4344 2343 4415 μηδὲ
2377 4344 2444 4414 τῇ
2491 4342 2629 4414 ὀργῇ
2660 4357 2753 4394 σου
2784 4339 3079 4410 παιδεύσῃς
3107 4356 3194 4408 με.
3229 4357 3248 4390 ι
3287 4335 3399 4390 Καὶ
3425 4333 3587 4387 πάλιν
3607 4346 3620 4360 ·
3660 4348 3678 4380 ι
3710 4328 3784 4380 Σὺ

2207 4434 2435 4506 φοϐερὸς
2481 4431 2550 4495 εἶ.
2581 4433 2672 4486 καὶ
2718 4432 2802 4494 τίς
2846 4416 3227 4500 άντιστήσεταί
3261 4444 3377 4491 σοις
3415 4424 3550 4480 Ἀπὸ
3581 4422 3703 4475 τότε
3751 4419 3786 4485 ὴ

2207 4527 2343 4595 ὀργή
2401 4543 2516 4579 σου.
2552 4545 2569 4574 ι
2610 4522 2967 4593 Ἀποστρέψει
3016 4521 3112 4591 μὲν
3164 4516 3255 4572 οῦν
3299 4517 3475 4580 οὐδεὶς
3507 4515 3604 4583 τὴν
3637 4510 3789 4563 θείαν

539 4627 727 4697 ὀργήν.
757 4624 1181 4696 Καταμαλάσσει
1205 4622 1263 4677 δὲ
1284 4621 1473 4693 ῶσπερ
1495 4623 1714 4692 αύτὴνή
1743 4621 2101 4690 μετάγνωσις·
2146 4618 2345 4690 μᾶλλον
2395 4618 2451 4671 δὲ
2494 4619 2601 4672 οὐδ’
2669 4619 2737 4670 ἂν
2777 4617 2912 4679 ὅλως
2978 4613 3252 4666 σαλεύοιτο
3283 4613 3380 4683 τὴν
3406 4610 3604 4683 ἀρχὴν,
3639 4608 3689 4660 εί
3724 4602 3789 4674 δὴ

543 4718 689 4791 βιοῦν
728 4718 899 4772 ἐθέλοι
937 4734 1021 4780 τις
1054 4714 1230 4787 ὀρθῶς
1257 4716 1350 4768 καὶ
1383 4715 1641 4784 ἐννόμως,
1669 4713 1762 4767 καὶ
1794 4713 1934 4766 κατά
1962 4728 2024 4779 γε
2050 4709 2110 4763 τὸ
2146 4707 2334 4763 δοκοῦν
2360 4710 2470 4770 τοῖς
2502 4709 2632 4778 παρ’
2655 4704 2817 4759 αὐτοῦ
2849 4704 3229 4773 θεσπίσμασιν.

616 4809 775 4866 Vens.
803 4809 955 4865 5-H).
976 4806 1043 4861 In
1073 4806 1309 4861 omnibus
1346 4805 1428 4860 his
1455 4820 1558 4858 non
1587 4820 1799 4858 aversus
1829 4813 1903 4857 est
1932 4804 2098 4872 furor,

2291 4798 2421 4853 Ἐπὶ
2468 4799 2699 4863 τούτοις
2747 4794 2936 4853 πᾶσιν
2973 4798 3085 4850 οὐκ
3124 4794 3481 4863 ἀπεστράφη
3511 4796 3546 4848 ό
3577 4792 3789 4861 θυμὸς.

542 4905 632 4959 sed
653 4905 935 4957 etiamnum
975 4917 1163 4955 manus
1185 4897 1409 4954 excelsa.
1457 4894 1545 4952 Va:
1566 4894 1815 4967 Assyriis,
1842 4895 1987 4965 virga
2022 4894 2112 4963 fu-

543 4996 679 5052 roris
719 4998 840 5058 mei,
868 5004 914 5048 et
949 4994 1029 5047 ira
1059 5003 1132 5047 est
1171 4993 1226 5045 in
1250 4991 1491 5045 manibus
1523 5005 1723 5043 eorum.
1759 4985 1907 5041 Iram
1943 5001 2112 5040 meam

544 5093 595 5143 in
622 5086 822 5160 gentem
844 5085 1076 5157 iniquam
1110 5085 1338 5148 mittant,
1380 5091 1429 5135 et
1456 5079 1646 5150 populo
1683 5095 1796 5134 meo
1820 5079 2025 5135 edicam
2054 5088 2114 5132 ut

542 5180 707 5247 faciat
736 5177 924 5246 spolia,
954 5186 1001 5230 et
1046 5176 1254 5242 prazdas
1300 5181 1443 5241 agat,
1478 5182 1524 5226 et
1564 5173 1825 5225 conculcet
1860 5171 2032 5232 urbes.
2064 5178 2111 5223 et

545 5270 746 5339 redigat
776 5283 865 5322 eas
902 5284 956 5320 tn
990 5266 1269 5330 puluerem.
1310 5262 1428 5330 Ipse
1459 5273 1631 5315 autem
1671 5278 1775 5316 non
1803 5263 1880 5315 sic
1911 5261 2113 5329 cogita-

546 5362 634 5423 vit,
659 5371 704 5415 et
741 5360 917 5413 animo
955 5373 1057 5410 non
1084 5356 1157 5409 sic
1186 5353 1441 5423 reputavit
1468 5367 1484 5404 :
1519 5353 1606 5406 sed
1632 5352 1852 5406 mutabit
1881 5353 2114 5406 animum

547 5462 721 5511 suum,
753 5454 809 5499 ut
849 5447 1007 5499 etiam
1046 5443 1312 5511 disperdat
1351 5452 1525 5512 gentes
1566 5457 1667 5495 non
1704 5458 1921 5511 paucas.
1962 5440 2114 5506 Quod

550 5541 592 5589 si
613 5538 842 5592 dixerint
869 5537 944 5590 ei:
974 5534 1053 5589 Tu
1067 5534 1208 5591 solus
1233 5553 1285 5591 es
1304 5536 1577 5605 princeps;
1598 5545 1646 5590 et
1668 5536 1837 5589 dicet:
1865 5533 1985 5588 Non
2007 5533 2116 5601 cepi

554 5631 810 5697 wgionem
831 5642 944 5695 qua:
980 5639 1051 5683 est
1073 5643 1232 5695 supra
1265 5627 1603 5695 Babylonem,
1625 5636 1673 5681 et
1701 5626 2004 5695 Chalanem,
2031 5626 2117 5680 ubi

627 5781 669 5812 “'
706 5775 847 5840 Psal.
888 5788 961 5839 Vt,
1003 5779 1050 5831 l.
1128 5780 1169 5811 η
1200 5778 1340 5833 Psal.
1375 5795 1532 5843 ωιτν,
1567 5779 1616 5833 8.

2214 4890 2350 4945 ἀλλ’
2381 4888 2469 4943 ἔτι
2509 4890 2546 4956 ἡ
2584 4887 2710 4957 χεὶρ
2752 4886 2983 4955 ὑψηλή.
3012 4886 3159 4940 Οὐαὶ
3196 4884 3552 4952 Ἀσσυρίοις,
3599 4883 3638 4949 ἡ
3680 4881 3795 4948 ,ῤὰ-

2216 4983 2356 5050 ϐδος
2404 4982 2509 5037 τοῦ
2555 4981 2743 5050 θυμοῦ
2784 4999 2924 5050 μου,
2960 4980 3058 5034 καὶ
3096 4979 3135 5045 ὴ
3181 4978 3325 5048 ὀργή
3355 4978 3524 5031 ἐστιν
3554 4976 3624 5028 ἐν
3663 4974 3798 5039 ταῖς

2216 5076 2426 5145 χερσὶν
2456 5073 2674 5129 αὐτῶν.
2712 5072 2831 5141 Τὴν
2868 5072 3054 5142 ὀργήν
3081 5088 3200 5140 μου
3237 5073 3321 5134 εἰς
3356 5069 3529 5133 ἔθνος
3564 5065 3798 5135 ἄνομον

2214 5164 2552 5230 ἀποστελῶ,
2582 5163 2781 5228 καὶτῷ
2800 5163 2920 5233 ἐμῷ
2954 5161 3081 5227 λαῷ
3106 5159 3389 5224 συντὰξω
3411 5158 3520 5212 τοῦ
3543 5154 3799 5223 ποιῆσαι

2221 5259 2423 5311 σκύλα
2450 5256 2547 5309 καὶ
2580 5253 2910 5324 προνομὴν,
2929 5253 3025 5306 καὶ
3053 5247 3415 5305 καταπατεῖν
3434 5247 3541 5312 τὰς
3563 5248 3797 5306 πόλεις,

2223 5351 2323 5405 καί
2375 5349 2560 5404 θεῖναι
2603 5346 2790 5413 αὐτὰς
2832 5346 2913 5411 ὡς
2958 5344 3286 5411 κονιορτόν.
3330 5338 3524 5404 Αὐτὸς
3568 5335 3637 5389 δὲ
3680 5337 3801 5402 οὐχ

2222 5442 2407 5506 οὕτως
2435 5439 2788 5507 ἐνεθυμήθη,
2823 5436 2920 5491 καὶ
2958 5435 3031 5504 τῇ
3056 5431 3227 5504 ψυχῇ
3262 5433 3376 5499 οὐχ
3403 5430 3593 5492 οὕτως
3623 5424 3801 5480 ,λελό-

2222 5548 2443 5601 γισται·
2480 5530 2640 5586 ἀλλὰ
2686 5528 3024 5592 ἀπαλλάξει
3069 5530 3101 5578 ό
3145 5524 3291 5589 νοῦς
3324 5520 3530 5581 αὐτοῦ,
3561 5517 3659 5572 καὶ
3689 5515 3800 5569 τοῦ

2221 5622 2645 5692 ἐξολοθρεῦσαι
2681 5622 2825 5690 ἔθνη
2871 5623 2981 5675 οὐκ
3030 5619 3220 5686 ὀλίγα.
3261 5615 3368 5671 Καὶ
3410 5615 3518 5667 ἐὰν
3545 5612 3806 5664 εἴπωσιν
