4122 6292
363 343 465 403 2ῧί

1506 347 1571 402 IN
1615 346 1845 402 ISAIAM
1888 342 2013 399 LIB.
2061 342 2101 399 Ι.
2143 344 2356 401 OllAT.
2401 343 2487 401 Vl.

3524 339 3631 395 232

367 457 552 523 αὐτῷ,
587 458 667 514 Σὺ
703 458 891 527 μόνος
930 452 988 511 εἷ
1010 458 1225 527 ἅρχων,
1261 458 1358 511 καί
1389 459 1547 527 ἐρεῖ·
1586 462 1707 514 Οὐκ
1731 460 1950 513 ἔλαϐον

2062 460 2217 514 πιιι-τὶε
2238 459 2499 526 wdiﬁcata
2539 467 2634 510 εει.
2672 456 2793 522 Cepi
2823 455 3096 516 Arabiam,
3129 463 3174 506 rt
3211 451 3549 516 Damascum,
3578 464 3625 505 et

374 550 488 618 τὴν
528 549 728 620 χώραν
756 550 870 617 τὴν
895 548 1100 603 ἐπάνω
1141 549 1498 617 Βαϐυλῶνος
1541 551 1641 605 καί
1676 550 1946 617 Χαλάνην

374 641 445 698 οὗ
490 647 525 697 δ
571 645 795 714 πύργος
836 641 1487 710 ᾠκοδομήθη.”Ε.λαόον
1526 642 1801 710 Ἀραϐίαν
1849 641 1951 695 καί

374 735 709 803 Δαμασκὸν,
753 735 852 787 καί
900 734 1267 802 Σαμαρει¹αν;
1316 735 1427 786 Ὃν
1464 735 1689 800 τρόπον
1729 736 1950 799 ταύτας

376 828 611 893 ἔλαϐον,
637 826 736 880 καί
765 824 970 890 πάσας
999 825 1108 891 τὰς
1134 825 1326 895 χώρας
1347 826 1640 893 λήψομαι.

442 914 725 987 Πανταχοῦ
771 916 874 985 τῆς
921 914 1130 978 οἰκείας
1174 913 1332 984 δόξης
1375 915 1775 985 πεφροντικότα
1819 915 1953 969 Θεὸν

381 1007 700 1078 εὑρήσομεν.
730 1006 1093 1061 Χαλεπαίνειν
1126 1008 1225 1077 μὲν
1263 1004 1374 1075 γὰρ
1404 1007 1455 1060 εί
1491 1005 1557 1074 δή
1585 1021 1740 1068 τινας
1770 1004 1952 1074 βλέποι

381 1100 735 1169 καταφρονεῖν
780 1099 1091 1171 ᾑρημένους
1115 1137 1130 1161 ,
1177 1097 1272 1150 καὶ
1316 1096 1447 1167 παρ’
1485 1095 1637 1150 οὐδὲν
1685 1095 1954 1149 ποιεῖσθαι

380 1189 774 1254 σπουδάζοντας
794 1190 857 1242 τὸ
875 1183 1023 1255 αὖτῷ
1051 1185 1266 1251 δοκοῦν,
1295 1186 1473 1241 πάντα
1494 1185 1552 1238 δὲ
1574 1185 1763 1255 ὥσπερ
1786 1185 1955 1239 σείονο

385 1297 472 1345 τας
505 1281 692 1345 κάλον,
714 1280 796 1344 εἷς
816 1298 880 1350 γε
904 1280 967 1334 τὸ
992 1279 1103 1332 δεῖν
1134 1275 1433 1331 ἀπονεῦσαι
1454 1276 1586 1345 πρὸς
1614 1276 1683 1329 τὰ
1707 1274 1952 1329 ἐκτυπώ-

380 1389 534 1426 τατα.
569 1371 897 1442 ΙΙεριτρέπει
943 1370 1002 1424 δὲ
1047 1369 1176 1431 τοὺς
1222 1367 1490 1431 τοιούτους
1539 1367 1818 1437 μονονουχὶ
1857 1367 1953 1421 καὶ

379 1463 760 1533 ἀνασειράζων
807 1460 1094 1524 εὐσθενῶς,
1138 1460 1218 1522 είς
1261 1458 1323 1512 τὸ
1360 1460 1442 1512 ὅτι
1498 1458 1729 1529 μάλιστα
1763 1458 1952 1512 τελοῦν

383 1555 463 1616 εἰς
487 1555 675 1622 ὄνησιν
696 1553 898 1621 αὐτοῖς.
927 1550 1083 1605 Οὕτω
1104 1550 1213 1620 γάρ
1235 1549 1339 1603 πού
1360 1566 1491 1619 φησι
1511 1551 1603 1604 καὶ
1628 1552 1657 1603 ὁ
1685 1551 1952 1620 μακάριος

383 1644 550 1698 Δα6ίδ
569 1663 583 1675 ·
622 1664 640 1696 ι
666 1647 753 1699 Ἐν
789 1644 990 1716 χαλινῷ
1026 1644 1121 1697 καὶ
1151 1644 1209 1695 ἐν
1254 1640 1419 1712 κημῷ
1443 1641 1542 1703 τὰς
1573 1641 1825 1709 σιαγόνας
1855 1641 1952 1695 αὑσ

378 1734 490 1787 τῶν
517 1736 716 1803 ἅγξαις
743 1736 853 1789 τῶν
897 1734 970 1805 μὴ
1009 1732 1336 1802 ἐγγιζόντων
1379 1733 1516 1804 πρὸς
1557 1733 1642 1786 σέ.
1673 1733 1870 1787 Πολλαὶ
1896 1735 1952 1788 ai.

383 1826 645 1895 μάστιγες
673 1826 768 1880 τοῦ
802 1823 1146 1896 ἁμαρτωλοῦ.
1176 1842 1196 1875 ι
1241 1822 1521 1895 Ἐπιφέρει
1553 1824 1609 1877 δὲ
1631 1827 1745 1889 τοῖς
1772 1825 1953 1897 πλημ-

383 1915 597 1986 μελοῦσι
622 1916 719 1988 τὴν
749 1917 988 1980 κόλασιν,
1012 1912 1125 1970 οἷόν
1146 1933 1267 1968 τινα
1293 1915 1487 1985 ῥάσδον
1511 1917 1593 1979 είς
1612 1919 1803 1986 χεῖρας
1831 1920 1952 1971 ἔπι-

380 2005 548 2070 διδοὺς
594 2005 694 2075 τὴν
749 2004 897 2059 ἰδίαν·
927 2004 1103 2075 ὀργὴν
1150 2004 1409 2076 ἀνδράσιν
1453 2004 1554 2058 οὐκ
1593 2004 1843 2073 ἀγαθοῖς,
1884 2006 1950 2060 ἵν’

380 2098 527 2151 αὐτοὶ
554 2098 792 2166 γένοιντο
816 2097 1075 2151 κολασταὶ
1111 2096 1222 2150 τῶν
1253 2097 1623 2167 ὴσεόηκότων.
1654 2097 1953 2169 Συμὸαίνει

381 2187 432 2238 δὲ
463 2186 588 2250 τοὺς
615 2187 696 2250 είς
733 2186 893 2241 τοῦτο
917 2185 1402 2256 παρειλημμένους
1429 2187 1699 2258 φρονῆσαί
1727 2205 1780 2241 τι
1808 2187 1952 2257 μέγα

381 2278 515 2330 λατὰ
540 2278 650 2331 τῶν
687 2277 1124 2349 κεκολασμένων,
1165 2277 1364 2348 μᾶλλον
1391 2277 1449 2331 δὲ
1478 2278 1617 2332 κατὰ
1646 2277 1742 2333 τοῦ
1779 2296 1953 2349 παρα-

381 2367 557 2431 δὸνιτος
600 2369 814 2432 αὐτούς.
846 2368 921 2423 Οὐ
955 2369 1067 2440 γάρ
1109 2368 1383 2443 ἐννοοῦσιν
1425 2369 1506 2423 ὅτι.
1543 2371 1951 2441 κεκρατήκασιν

383 2458 558 2512 αὐτῶν
605 2458 824 2527 ἐφέντος
867 2458 1024 2524 Θεοῦ,
1060 2460 1156 2513 καὶ
1186 2459 1368 2531 ψῆφον
1390 2460 1687 2531 ἐπάγοντος
1714 2459 1815 2532 τὴν
1853 2459 1949 2514 τοῦ

386 2550 582 2620 χρῆναι
634 2549 825 2603 παθεῖν
864 2549 1089 2613 αὐτούς·
1140 2551 1342 2605 οίονται
1392 2550 1451 2605 δὲ
1495 2552 1577 2606 ὅτι
1621 2552 1716 2606 καὶ
1758 2550 1952 2615 σώζειν

388 2640 666 2703 ἐθέλοντος
694 2642 1078 2711 κεκρατήκασι.
1112 2642 1410 2714 Μεθίστησι
1441 2643 1620 2697 τοίνυν
1647 2643 1735 2697 ἐπ’
1754 2642 1951 2707 αὐτοὺς

392 2731 488 2799 τὴν
514 2730 704 2802 ὀργὴν,
727 2732 824 2783 καὶ
848 2730 1050 2802 σφόδρα
1076 2733 1310 2797 εἰκότως.
1328 2734 1545 2803 Ἐπειδὴ
1568 2734 1625 2787 δὲ
1646 2736 1759 2797 τοῖς
1780 2734 1950 2804 ὑπερ-

400 2820 623 2891 ηφάνοις
636 2820 1028 2888 ἀντιτάττεται,
1043 2824 1308 2877 κατασείει
1327 2826 1425 2891 μὲν
1443 2824 1620 2878 αὐτῶν
1639 2826 1738 2897 τὴν
1756 2825 1947 2896 ὀφρὺν,

401 2914 610 2975 ποιναῖς
634 2911 691 2964 δὲ
720 2911 987 2976 ὑποτιθεὶς
1016 2916 1135 2977 ταῖς
1158 2915 1338 2977 αὐτοῖς
1375 2915 1734 2986 πρεπούσαις,
1761 2918 1951 2987 πειρᾶο

397 3021 484 3058 ται
523 3004 883 3076 πληροφορετν
921 3006 999 3060 δτι
1039 3006 1116 3077 μὴ
1162 3010 1261 3078 τῆς
1315 3008 1496 3078 ἰσχύος
1540 3009 1760 3062 ἐκείνων
1790 3008 1950 3080 ἔργον

2052 549 2353 605 Samariam
2375 562 2395 601 :
2428 546 2864 615 quernadutodum
2907 546 3016 612 cepi
3059 545 3176 605 has.
3213 543 3375 596 etiam
3410 553 3627 596 cunctas

2051 643 2286 711 regiones
2319 640 2545 708 capiam.

2125 916 2336 987 Ubique
2374 915 2537 972 Deum
2578 929 2688 967 sua:
2732 912 2917 981 gloria:
2944 925 3133 967 curam
3174 909 3432 987 habuisse
3470 908 3623 964 inveo

2052 1007 2287 1063 niemus.
2327 1003 2541 1059 Etenim
2569 1002 2788 1072 indigne
2819 1000 2924 1055 fert
2946 1001 3060 1069 jam
3093 1016 3216 1055 cum
3239 999 3385 1055 videt
3417 997 3629 1067 aliquos

2054 1098 2250 1167 placita
2272 1110 2367 1151 sua
2392 1102 2759 1156 contemnere,
2789 1091 2949 1162 172
2979 1106 3045 1147 ac
3075 1106 3170 1162 pro
3199 1088 3368 1145 nihilo
3401 1089 3623 1153 ducere,

2052 1197 2109 1242 et
2133 1199 2350 1242 omnem
2386 1182 2567 1239 funem
2598 1197 2819 1238 movere
2852 1191 2911 1235 ut
2956 1182 3023 1236 ad
3049 1194 3210 1237 omne
3244 1195 3420 1251 genus
3449 1182 3625 1249 turpi-

2055 1279 2254 1335 tudinis
2303 1274 2604 1332 deﬂectant.
2644 1274 2805 1329 Tales
2865 1283 3045 1327 autem
3107 1272 3196 1326 ille
3239 1270 3535 1335 convertit,
3571 1279 3626 1324 et

2054 1379 2259 1425 tantum
2290 1382 2397 1423 non
2452 1366 2619 1421 trahit
2658 1364 2870 1420 fortiter
2917 1366 2986 1420 ad
3032 1364 3086 1418 id
3123 1364 3266 1434 quod
3324 1365 3378 1418 in
3430 1377 3626 1417 eorum

2054 1458 2393 1517 commodum
2428 1458 2663 1514 maxime
2700 1457 2863 1512 cedit.
2908 1454 2999 1511 Sic
3032 1456 3174 1510 enim
3213 1455 3386 1524 inquit
3435 1453 3627 1509 beatus

2055 1552 2253 1606 David:
2280 1569 2301 1602 ι
2323 1550 2382 1605 In
2410 1564 2568 1605 camo
2593 1558 2648 1603 et
2678 1546 2833 1602 freno
2855 1545 3103 1600 maxillas
3132 1559 3319 1600 eorum
3355 1543 3626 1599 constrin—

2053 1658 2168 1712 ges,
2200 1644 2291 1710 qui
2338 1655 2445 1697 non
2504 1638 2941 1711 appropinquant
2996 1638 3065 1691 ad
3111 1634 3374 1691 teJlulta
3417 1635 3625 1705 ﬂagella

1982 1781 2029 1842 Β
2057 1731 2359 1803 peccatoris
2388 1731 2455 1786 ι’,
2488 1749 2509 1783 ι
2543 1730 2709 1785 Infert
2751 1739 2931 1783 autem
2963 1727 3283 1798 supplicium
3310 1725 3394 1780 bis
3419 1732 3507 1794 qui
3528 1727 3625 1779 de-

2060 1824 2326 1893 linquunt,
2378 1822 2596 1877 tradens
2629 1821 2765 1875 iram
2801 1833 2955 1875 suam
2995 1818 3159 1871 veluti
3194 1818 3398 1887 virgam
3434 1831 3627 1884 quam-

2060 1915 2182 1969 dam
2210 1914 2264 1968 in
2303 1927 2496 1968 manus
2533 1911 2812 1967 hominum
2843 1924 2947 1963 non
2972 1909 3257 1973 bonorum,
3288 1915 3346 1960 ut
3382 1906 3493 1961 sint
3522 1906 3628 1961 im-

2058 2004 2266 2074 piorum
2288 2003 2658 2071 castigatores.
2695 1999 2970 2070 Contiugit
2997 2007 3175 2053 autem
3201 2011 3295 2052 cos
3308 1996 3400 2067 qui
3430 1993 3497 2052 ad
3526 1996 3631 2052 hoc

2057 2096 2318 2166 assumpti
2353 2104 2506 2159 sunt,
2532 2094 2643 2148 alto
2675 2093 2926 2159 elatoque
2954 2104 3076 2146 esse
3106 2088 3292 2143 animo
3317 2096 3510 2143 contra
3535 2100 3632 2143 eos

2058 2188 2111 2244 in
2139 2203 2276 2258 quos
2311 2185 2776 2249 animadvertitur,
2800 2183 2909 2237 imo
2954 2196 3082 2235 vero
3120 2181 3173 2233 in
3223 2192 3345 2233 eum
3392 2178 3483 2247 qui
3536 2190 3631 2230 eos

2060 2276 2295 2335 tradidit.
2315 2276 2435 2333 Non
2465 2275 2608 2330 enim
2632 2272 2977 2329 considerant
3009 2271 3087 2333 hi,
3114 2270 3459 2339 permittente
3495 2266 3627 2331 Deo,

2057 2382 2110 2426 et
2168 2368 2492 2425 sententiam
2542 2365 2749 2421 ferente
2800 2372 2858 2417 ut
2913 2370 3225 2431 paterentur
3275 2360 3384 2423 illi,
3431 2371 3493 2414 se
3532 2370 3633 2411 eos

2057 2462 2350 2533 subegisse.
2392 2461 2464 2513 At
2494 2470 2626 2511 vero
2659 2455 2747 2509 isti
2788 2453 2952 2509 etiam
2994 2451 3113 2521 ipso
3159 2462 3376 2505 servare
3419 2445 3631 2502 volente

2057 2567 2116 2609 se
2147 2552 2339 2606 vicisse
2360 2548 2710 2605 existimant.
2742 2544 2960 2601 Derivat
2991 2555 3120 2612 ergo
3150 2541 3290 2595 lianc
3320 2539 3454 2594 iram
3482 2539 3536 2594 in
3564 2537 3632 2593 il-

2057 2645 2160 2709 los,
2189 2653 2246 2699 et
2271 2642 2396 2713 jure
2427 2640 2645 2710 quidem
2677 2637 2902 2705 optimo.
2939 2634 3072 2688 Dum
3101 2646 3231 2688 vero
3261 2629 3508 2701 superbis
3540 2643 3627 2683 re-

2056 2738 2201 2794 sistit
2236 2736 2301 2799 ",
2330 2746 2624 2804 eorumque
2644 2729 2949 2800 superbiam
2976 2724 3248 2796 deprimit,
3272 2732 3327 2779 et
3357 2736 3478 2778 cum
3515 2735 3631 2791 pte-

2056 2844 2159 2885 nas
2186 2829 2392 2899 irrogat
2430 2825 2561 2896 ipsis
2592 2824 2800 2892 dignas,
2836 2820 3047 2891 plenam
3077 2816 3235 2873 iidem
3268 2825 3513 2870 astruere
3536 2826 3631 2867 co-

2057 2928 2359 2987 natur,non
2388 2914 2721 2972 fortitudinis
2744 2927 2931 2968 eorum
2958 2925 3113 2980 opus,
3150 2906 3247 2964 sed
3276 2907 3446 2976 ipsius
3468 2912 3630 2959 nutus

2059 3022 2115 3068 et
2140 3009 2432 3067 voluntatis
2475 3007 2663 3071 fuisse,
2700 3013 2758 3059 ιιι
2789 3018 2883 3058 eos
2919 3001 3138 3072 punitos
3178 3004 3519 3065 superarent.
3552 2994 3632 3047 Si-

392 3091 478 3166 ἦν,
512 3096 650 3149 ἀλλὰ
680 3095 788 3149 τῶν
820 3097 947 3167 παρ’
963 3098 1129 3151 αὑτοῦ
1156 3099 1438 3170 νευμάτων
1462 3101 1525 3154 τὸ
1552 3101 1820 3172 κρατῆσαι
1843 3101 1952 3155 τῶν

2062 3103 2188 3159 mile
2222 3100 2474 3171 quiddam
2521 3095 2718 3151 accidit
2752 3095 2863 3164 regi
2912 3090 3279 3161 Assyriorum.
3330 3085 3628 3192 Postq‘uam

387 3187 823 3259 κεκολασμένων.
857 3189 1098 3242 Πέπονθέ
1134 3207 1186 3243 τι
1213 3191 1451 3246 τοιοῦτον
1473 3194 1503 3246 ό
1523 3192 1630 3246 τῶν
1661 3192 1958 3265 Ἀσσυρίων

386 3279 655 3350 βασιλεύς.
676 3279 893 3351 Ἐπειδὴ
914 3280 1023 3351 γὰρ
1062 3279 1173 3335 εἷλε
1209 3282 1308 3353 τὴν
1340 3283 1618 3348 Ἰουδαίαν,
1643 3284 1737 3338 καὶ
1761 3285 1961 3356 πεπόρ-

386 3370 520 3442 θηκε
566 3370 666 3436 τὰς
708 3371 913 3437 πόλεις,
959 3372 1103 3443 μέγα
1145 3373 1486 3444 πεφρόνηκεν
1528 3375 1614 3444 ἐφ’
1638 3374 1836 3445 ἑαυτῷ,
1867 3376 1960 3428 καὶ

386 3462 450 3532 δὴ
479 3463 573 3516 καὶ⁸
595 3463 732 3533 ᾤετο
758 3466 858 3534 τῆς
881 3465 1044 3533 ἁγίας
1078 3464 1351 3536 κρατῆσαι
1379 3465 1503 3536 γῆς,
1535 3468 1630 3520 καὶ
1656 3468 1807 3537 παρὰ
1840 3468 1962 3537 βού-

387 3555 544 3623 λησιν
580 3554 716 3608 Θεοῦ
748 3555 841 3609 τοῦ
872 3557 1272 3627 προεστηκότος
1296 3558 1486 3625 αὐτῆς,
1519 3560 1613 3613 καὶ
1638 3559 1831 3623 σώζειν
1854 3560 1960 3612 ὑπ-

390 3643 764 3713 ισχνουμένου.
792 3644 1009 3715 Ταύτης
1041 3645 1204 3699 ἕνεκα
1245 3647 1344 3717 τῆς
1378 3647 1555 3711 αἰτίας
1595 3649 1779 3719 φησὶν,
1808 3648 1962 3703 οὔπω

396 3734 494 3803 μὲν
530 3734 905 3804 ἀπεστράφθαι
943 3736 1034 3790 τὸν
1068 3737 1260 3806 θυμὸν,
1289 3740 1747 3810 ὲπενεχθήσεσθαι
1779 3743 1836 3797 δὲ
1868 3746 1962 3797 καὶ

406 3826 712 3896 Ἀσσυρίοις
745 3826 823 3893 τὸ,
851 3829 992 3882 οὐαί.
1028 3829 1137 3882 Καὶ
1168 3829 1297 3883 ποία
1320 3829 1401 3894 τίς
1424 3830 1569 3884 ἐστιν
1595 3832 1629 3902 ὴ
1654 3832 1807 3886 τοῦδε
1833 3834 1963 3905 πρό-

392 3936 588 3987 eam;
631 3920 695 3973 Ἦ
731 3920 830 3991 μὲν
857 3920 963 3990 γὰρ
1000 3921 1213 3991 ῥάϐδος.
1256 3922 1410 3991 φησιν
1456 3922 1555 3992 τῆς
1588 3924 1730 3993 ἐμῆς
1771 3925 1961 3996 ὀργῆς,

392 4014 452 4064 ἐν
492 4013 615 4074 ταῖς
655 4010 833 4065 αὐτῶν
877 4012 1081 4066 δέδοται
1117 4013 1337 4085 χερσὶν,
1366 4014 1495 4085 παρ’
1533 4015 1666 4087 ἐμοῦ
1700 4016 1958 4087 δηλονότι,

392 4103 534 4156 ὥστε
556 4104 878 4157 καταπαίειν
898 4105 956 4157 ὲν
974 4104 1107 4174 αὐτῇ
1126 4106 1252 4166 τοὺς
1273 4105 1464 4175 agape
1484 4105 1961 4178 δεδυσσεϐηκότας.

407 4193 550 4260 Ἐγὼ
600 4194 865 4260 συνέταξα
905 4195 1085 4259 αὐτοῖς
1108 4234 1122 4258 ,
1177 4195 1316 4249 ὥστε
1367 4201 1590 4269 ποιῆσαι
1641 4199 1834 4263 σκῦλα,
1873 4202 1964 4253 καὶ

397 4284 675 4356 προνομὴν
709 4286 802 4338 τὸν
827 4286 961 4355 ἐμὸν
993 4286 1138 4348 λαὸν,
1164 4289 1255 4340 καὶ
1285 4291 1619 4341 καταπατεῖν
1642 4290 1740 4353 τὰς
1762 4290 1959 4355 πόλεις,

395 4376 489 4428 καὶ
519 4375 688 4430 θεῖναι
724 4377 895 4441 αὐτὰς
940 4378 1019 4441 είς
1067 4378 1361 4450 κονιορτόν.
1391 4379 1455 4432 Εἰ
1486 4379 1560 4449 μὴ
1592 4380 1701 4450 γὰρ
1733 4381 1831 4450 τὴν
1859 4381 1965 4434 σώη

2062 3192 2207 3248 enim
2247 3189 2483 3258 cepisset
2527 3185 2793 3249 Iudaeam,
2836 3180 3101 3249 urbesque
3140 3184 3426 3242 vastasset,
3464 3174 3631 3227 altum

2064 3280 2201 3351 apud
2240 3293 2301 3335 se
2331 3276 2528 3346 sapuit,
2562 3284 2616 3329 et
2635 3287 2766 3330 sane
2793 3269 3002 3341 putavit
3025 3283 3084 3323 se
3120 3275 3316 3323 terram
3355 3271 3626 3322 sanctam,

2064 3381 2259 3440 praeter
2321 3368 2651 3422 voluntatem
2706 3363 2799 3418 Dei
2831 3363 2879 3417 ei
2927 3357 3283 3430 przesidentis,
3315 3368 3365 3410 et
3410 3367 3633 3411 scrvare

2062 3461 2447 3534 promittentis,
2501 3460 2871 3515 subacturum.
2930 3453 3080 3507 Hanc
3128 3451 3197 3505 ob
3231 3463 3446 3503 causam
3478 3444 3631 3508 dicit,

2064 3558 2298 3614 nondum
2336 3556 2569 3610 furorem
2596 3566 2749 3604 suum
2794 3561 3065 3608 aversum,
3100 3540 3194 3596 sed
3232 3539 3362 3594 illud
3417 3552 3498 3591 vae
3546 3537 3633 3589 in-

2065 3651 2361 3708 ducendum
2387 3644 2731 3718 Assyriis.Et
2764 3656 2883 3710 quae
2915 3639 3130 3692 tandem
3154 3635 3313 3704 huius
3337 3632 3413 3687 rei
3442 3628 3632 3685 causa?

2069 3744 2224 3814 Virga
2262 3743 2429 3806 enim,
2481 3739 2574 3803 ait,
2606 3737 2703 3790 ira:
2733 3748 2886 3795 meae,
2920 3731 2973 3784 in
3016 3742 3206 3782 manus
3233 3738 3423 3779 eorum
3466 3719 3633 3772 tradi-

2068 3811 2342 3899 tur,'ame
2394 3830 2665 3894 videlicet,
2718 3836 2775 3879 ut
2834 3824 2923 3877 illa
2991 3820 3151 3875 feriat
3212 3832 3307 3871 eos
3335 3813 3423 3883 qui
3460 3811 3512 3863 in
3547 3824 3632 3861 me

2066 3927 2394 3999 impietatem
2432 3922 2599 3976 moliti
2630 3929 2775 3974 sunt.
2816 3916 2926 3984 Ego
2960 3909 3204 3967 mandavi
3236 3906 3341 3960 illis
3381 3913 3439 3956 ut
3465 3900 3631 3969 spolia

2071 4020 2291 4080 iaciant,
2322 4025 2378 4070 et
2408 4015 2602 4082 pratdte
2635 4012 2869 4064 habeant
2900 4004 3150 4073 populum
3197 4002 3477 4082 metumet
3512 4006 3632 4060 prn-

2067 4107 2281 4163 culcent
2301 4080 2487 4166 urbes,
2509 4108 2566 4155 et
2592 4101 2643 4152 in
2673 4098 2947 4166 pulverem
2978 4106 3070 4146 eas
3106 4089 3372 4155 redigant.
3406 4081 3461 4135 Si
3489 4080 3632 4135 enim

2069 4211 2285 4252 manum
2326 4190 2672 4249 servatrieem
2733 4201 2837 4240 ιιοιι
2900 4180 3295 4240 subduxissent,
3333 4184 3389 4229 et
3435 4171 3633 4227 auxilio

2068 4303 2282 4358 semper
2309 4295 2364 4342 et
2396 4283 2554 4339 solito
2595 4291 2650 4337 et
2692 4294 2722 4332 a
2764 4292 2847 4331 me
2878 4274 3077 4328 ttadito
3115 4286 3219 4325 non
3259 4268 3635 4330 denudussetn,

2069 4381 2211 4451 capti
2240 4395 2344 4434 non
2380 4378 2611 4433 fuissent
2633 4382 3005 4443 unquam,per
3032 4381 3117 4421 me
3148 4364 3451 4434 superiores
3491 4374 3637 4415 scm-

397 4464 594 4527 ζουσαν
636 4467 921 4537 ἀπέστησα
957 4472 1139 4540 χεῖρα,
1172 4472 1266 4524 καὶ
1302 4471 1541 4539 γυμνοὺς
1573 4472 1826 4542 ἀπέφηνα
1872 4474 1958 4543 τῆς

2075 4488 2168 4542 per
2197 4471 2322 4525 facti
2356 4468 2623 4524 hostibus.
2656 4465 2921 4521 Caeterum
2970 4461 3083 4529 ipse
3117 4455 3371 4527 Assyrius
3403 4467 3507 4507 oon
3559 4451 3640 4506 sic

397 4558 485 4609 ἀεὶ
531 4558 624 4610 καὶ
678 4558 939 4627 συνήθους
988 4560 1204 4625 αὐτοῖς,
1252 4561 1347 4613 καὶ
1390 4562 1517 4631 παρ’
1545 4559 1680 4631 ἐμοῦ
1725 4561 1969 4632 δοθείσης

395 4648 734 4718 ἐπικουρίας,
761 4648 869 4701 οὐδ’
901 4649 968 4703 ἂν
1011 4651 1230 4720 ἥλωσάν
1274 4668 1424 4716 ποτε,
1459 4653 1738 4724 κρείττους
1764 4653 1853 4707 ἀεὶ
1878 4671 1966 4722 γε-

396 4736 615 4805 γονότες
640 4738 709 4791 δι’
738 4738 874 4808 ἐμοῦ
899 4739 1008 4792 τῶν
1035 4740 1264 4810 ἐχθρῶν.
1290 4741 1458 4806 Αὐτός
1490 4759 1552 4811 γε
1581 4741 1687 4814 μὴν
1715 4744 1744 4796 ὁ
1776 4745 1966 4798 Ἀσσύ-

398 4849 514 4901 ριος
556 4831 656 4901 οὐχ
695 4830 869 4892 οὕτως
917 4831 1247 4903 ἐνεθυμήθη,
1280 4831 1374 4887 καὶ
1404 4836 1470 4903 τῇ
1502 4835 1646 4906 ψυχῇ
1684 4836 1782 4907 οὐχ
1825 4837 1969 4891 οὕτω

394 4925 724 4992 λελόγισται,
761 4923 876 4977 ἀλλ’
904 4923 1028 4976 ὅσον
1050 4918 1185 4994 ἧκεν
1208 4927 1288 4988 εἰς
1314 4926 1404 4979 τὸν
1431 4927 1594 4981 αὐτοῦ
1619 4927 1763 4988 νοῦν,
1796 4929 1971 4983 ἁπαλ-

395 5017 582 5083 λάξειο
613 5017 761 5071 τοῦτ’
782 5016 949 5080 ἐστιν,
981 5016 1290 5087 ὀλοθρεύσει
1319 5018 1443 5089 ἔθνη
1465 5020 1564 5073 οὐκ
1597 5020 1771 5089 ὀλίγα.
1791 5022 1975 5076 Οἴεται

396 5109 504 5178 γὰρ
550 5110 630 5159 ὅτι
676 5111 795 5172 ταῖς
839 5106 1003 5161 αὐτοῦ
1049 5108 1343 5178 δυνάμεσιν
1374 5109 1836 5182 ἀνταναστήσεται
1878 5114 1976 5183 μὲν

395 5196 590 5259 οὐδεὶς,
640 5199 900 5267 κρατήσει
937 5212 1003 5264 γε
1056 5199 1273 5260 πάντως
1319 5199 1576 5269 ἀμογητὶ,
1634 5201 1726 5253 καὶ
1775 5202 1976 5265 παντὸς

398 5288 580 5348 ἔθνους
606 5288 757 5341 ἔσται
779 5288 1065 5358 δεσπότης,
1091 5289 1475 5358 ἀντεξάγοντος
1504 5290 1733 5354 οὐδενός.
1763 5292 1975 5362 ’Ἀπλη-

407 5397 526 5431 στον
558 5380 615 5431 δὲ
659 5378 828 5445 οὕτως
863 5381 1042 5451 ἔχοντι
1072 5380 1171 5451 τὴν
1216 5381 1415 5453 ψυχὴν,
1451 5383 1546 5435 καὶ
1581 5382 1667 5435 ἀεὶ
1706 5383 1814 5436 τῶν
1839 5383 1975 5437 ὅλων

408 5472 624 5540 κρατεῖν
654 5472 904 5528 ἐθέλοντι.
945 5471 1048 5525 κᾶν
1070 5474 1120 5525 εἰ
1148 5473 1358 5544 προσίοι
1377 5491 1457 5535 τις
1481 5473 1681 5540 λέγων’
1713 5475 1783 5528 Σὺ
1818 5476 1974 5543 μόνος

405 5559 455 5616 εἴ
474 5561 675 5632 ἄρχων,
702 5563 841 5617 τοῦτ’
874 5562 1047 5626 ἔστιν,
1072 5557 1181 5628 ἆρα
1203 5561 1403 5634 δυνήσῃ
1431 5562 1588 5630 μόνος
1612 5562 1830 5630 ἁπάσης
1853 5579 1976 5615 κατ·

478 5716 518 5745 ⁸⁸
550 5719 685 5773 l'sal.
718 5736 868 5777 xxxi,
909 5723 959 5778 il,
1013 5716 1093 5769 in.
1179 5716 1217 5746 ’⁷
1256 5712 1363 5765 Ινιιο.
1402 5732 1475 5774 ιγ,
1520 5713 1567 5761 ίῖ.

2073 4563 2351 4635 cogitavit,
2378 4575 2552 4630 neque
2585 4559 2666 4613 sic
2714 4555 2896 4610 animo
2931 4548 3219 4622 reputavit,
3246 4546 3343 4601 sed
3387 4543 3528 4613 quod
3573 4543 3639 4596 ad

2074 4656 2190 4725 ejus
2211 4655 2428 4725 quidem
2460 4651 2701 4707 animum
2733 4657 2962 4719 spectat,
2995 4643 3241 4704 mutabit,
3267 4639 3319 4693 id
3359 4645 3463 4701 est,
3485 4647 3641 4689 ever-

2076 4755 2151 4800 tet
2187 4755 2372 4815 gentes
2408 4759 2514 4799 non
2556 4756 2776 4813 paucas.
2815 4738 2967 4792 Putat
3004 4737 3146 4791 enim
3189 4731 3440 4786 resistere
3482 4737 3641 4796 posse

2077 4838 2345 4893 neminem
2374 4836 2489 4890 suis
2516 4835 2740 4895 viribus,
2773 4831 2863 4883 sed
2889 4829 3092 4895 absque
3119 4824 3303 4877 labore
3334 4833 3395 4875 se
3416 4824 3642 4873 cunctas

2078 4931 2211 4984 adeo
2238 4939 2428 5000 gentes
2454 4924 2864 4981 debellaturum.
2895 4920 3117 4986 fereque
3151 4913 3449 4978 dominum,
3487 4908 3635 4963 nullo

2075 5032 2135 5074 se
2157 5024 2475 5087 opponente.
2517 5015 2590 5067 Ita
2617 5016 2742 5066 dum
2786 5007 2942 5078 173
2974 5004 3348 5073 inexplebilem
3400 5000 3639 5060 animum

2076 5109 2254 5170 habet,
2289 5117 2343 5161 ct
2390 5122 2568 5160 rerum
2604 5117 2813 5158 summa
2847 5098 3005 5170 potiri
3032 5096 3167 5160 vult,
3202 5095 3244 5148 si
3277 5092 3500 5147 accedat
3538 5088 3642 5142 ali-

2074 5201 2198 5271 quis
2225 5199 2411 5254 dicens
2441 5199 2489 5253 ei
2515 5214 2528 5251 :
2560 5197 2638 5251 Tu
2675 5196 2819 5251 solus
2848 5209 2906 5248 es
2945 5194 3215 5261 princeps,
3263 5187 3316 5242 id
3344 5194 3449 5249 est,
3479 5197 3546 5236 an
3586 5191 3641 5234 tu

2076 5292 2246 5361 possis
2286 5290 2435 5345 solus
2462 5290 2774 5358 imperitare
2797 5287 2913 5341 orbi
2945 5281 3256 5340 terrarum?
3286 5278 3365 5333 Ad
3394 5277 3529 5340 haec,
3561 5274 3645 5327 in-

2082 5388 2217 5454 quit,
2248 5384 2533 5451 superbam
2566 5396 2748 5435 vocem
2784 5380 3055 5434 emittens.
3087 5375 3231 5428 dicet
3262 5390 3278 5425 :
3309 5370 3499 5425 Nonne
3524 5364 3639 5433 cepi

2084 5478 2354 5544 regionem
2391 5490 2511 5542 qua:
2556 5481 2642 5527 est
2684 5486 2844 5540 supra
2882 5466 3225 5538 Babylonem,
3248 5474 3304 5519 et
3342 5458 3638 5520 Chalancn,

2083 5568 2167 5618 ubi
2206 5565 2371 5618 turris
2403 5565 2663 5617 :mlilicnta
2715 5563 2835 5618 est?
2865 5558 2994 5629 Cepi
3037 5555 3313 5623 Arabiam,
3349 5562 3401 5610 ct
3445 5551 3643 5604 Dama-
