4144 6302
444 784 451 791 -
533 752 770 809 Orientis
810 754 1072 822 partibus,
1114 754 1254 809 ultra
1296 756 1568 825 regionem
1608 768 1665 811 et
1702 767 1898 812 terram
1927 757 2101 829 Baby-

532 364 638 419 255
1536 364 1594 420 s.
1636 361 1913 418 CYRIIM
1951 362 2415 421 ALEXANDIHNI
2457 366 2770 425 ARCIIIEI‘.
3684 334 3795 422 est

534 498 709 548 scum,
753 492 806 537 et
843 482 1144 537 Samariam
1172 500 1189 538 :
1215 485 1664 552 quemadmodum
1710 486 1827 555 cepi
1867 487 1988 553 has,
2029 488 2101 541 ita

2213 488 2365 559 ἀρξαι
2412 490 2512 560 τῆς
2556 490 2649 543 ὑπ’
2675 489 2938 561 ούρανὸνς
2996 487 3140 559 Πρὸς
3184 484 3366 550 τοῦτο,
3409 483 3598 554 φησὶν,
3628 484 3799 555 ὑπέρ-

532 587 723 629 omnes
767 574 1013 644 regiones
1045 574 1275 643 capiam.
1310 574 1549 630 Chalane
1595 577 1777 641 igitur,
1811 578 1899 632 ubi
1938 578 2105 633 turris

2213 594 2373 631 οπτον
2412 580 2610 650 ἀφήσει
2646 579 2848 650 φωνὴν,
2873 580 3050 632 ἐκεῖνο
3089 576 3282 645 λέγων·
3317 574 3433 630 Οὐκ
3476 573 3669 629 ἔλαϐον
3698 576 3799 646 τὴν

533 662 795 716 aediﬁcata
851 679 880 716 a
948 662 1263 732 majoribus,
1294 663 1347 718 in
1400 666 1660 720 extremis
1707 667 2105 734 quodammodo

2213 667 2392 739 χώραν
2440 670 2539 741 τὴν
2586 671 2769 724 ὲπάνω
2816 668 3152 732 Βαϐυλῶνος,
3188 667 3286 720 καὶ
3330 665 3618 738 Χαλάννη,
3656 660 3718 719 οὗ
3768 668 3796 718 6

2210 758 2421 827 πύργος
2465 760 2826 832 ᾠκοδομήθη;
2881 759 3114 814 Ἔλαϐον
3146 757 3427 830 Ἀραϐίαν,
3462 758 3559 812 καὶ
3612 759 3802 828 Δαμα-

2217 848 2367 914 σκὸν,
2404 851 2498 903 καλ⁵
2524 852 2839 923 Σαμάρειαν
2857 865 2870 880 ·
2898 852 2958 905 ὃν
2985 852 3185 925 τρόπον
3211 849 3414 913 ταύτας
3454 849 3669 915 ἔλαϐον,
3704 853 3800 903 καὶ

2212 939 2394 1005 πάσας
2427 940 2527 1005 τὰς
2572 940 2757 1015 χώρας
2800 942 3059 1014 λήψομαι.
3105 940 3380 1012 Χαλάννη,
3412 936 3474 997 οὗ
3513 943 3543 994 6
3586 941 3800 1013 πύργος

2212 1031 2535 1105 ᾠκοδομήθη
2581 1036 2735 1106 παρὰ
2784 1034 2894 1088 τῶν
2945 1032 3340 1106 ἀρχαιοτέρων,
3371 1035 3548 1089 κεῖται
3586 1033 3686 1103 μὲν
3738 1034 3798 1085 ὲν

2210 1125 2458 1196 ἐσχάτοις
2483 1125 2684 1197 τρόπον
2718 1127 2841 1180 τινὰ
2868 1128 2968 1198 τῆς
3006 1122 3147 1197 ἑῴας
3176 1128 3418 1197 μέρεσιν,
3443 1125 3701 1179 ἐπέκεινα
3738 1124 3799 1178 δὲ

2209 1218 2311 1289 τῆς
2335 1219 2690 1273 Βαϐυλωνίων
2726 1219 2910 1291 χώρας
2947 1237 3010 1273 τε
3039 1219 3136 1273 καὶ
3165 1219 3511 1290 γῆς.”Ωσπερ
3556 1214 3670 1282 οὖν,
3702 1233 3802 1287 φη-

2213 1311 2316 1374 σὶν,
2343 1309 2403 1374 ἐξ
2433 1309 2613 1363 αὐτῶν
2642 1309 2928 1380 τερμάτων
2955 1309 3056 1380 τῆς
3092 1307 3234 1380 ἑῴας
3265 1308 3371 1378 γῆς
3418 1308 3516 1379 τῆς
3557 1305 3797 1378 ἐμαυτοῦ

532 844 799 899 leuiorum
826 846 927 899 sita
949 854 1054 900 est.
1090 846 1271 915 Itaque
1304 848 1779 917 quemadmodum,
1816 851 2011 918 inquit,
2046 851 2099 905 in

537 934 668 1004 ipsis
717 933 914 991 finibus
949 936 1232 992 orientalis
1277 945 1456 1002 terrm,
1502 938 1604 992 mei
1660 940 1809 1007 regni
1847 945 2105 996 terminos

532 1027 811 1092 constitui,
837 1027 954 1097 cepi
987 1038 1166 1082 autem
1195 1028 1512 1085 Damascum
1547 1040 1602 1084 et
1625 1027 1952 1096 Samariam,
1979 1032 2103 1102 qui-

534 1121 634 1177 bus
687 1120 760 1174 dii
811 1120 1047 1188 ipsorum
1098 1126 1436 1190 nequaquam
1488 1130 1893 1187 succurrerunt,
1919 1122 1998 1179 sic
2049 1132 2106 1178 et

532 1213 665 1268 alias
689 1213 938 1285 regiones
967 1221 1181 1267 exteras
1206 1212 1438 1281 capiam.
1461 1210 1612 1278 Quod
1635 1222 1810 1267 autem
1833 1211 2107 1282 Rapsaees

533 1306 695 1361 verba
732 1303 972 1360 referens
1017 1304 1086 1359 ab
1135 1304 1479 1373 Assyriorum
1513 1320 1661 1375 rege,
1692 1307 2009 1363 sedentibus
2050 1307 2104 1361 in

533 1411 689 1450 muro
732 1397 949 1459 dixerit,
997 1409 1218 1451 necesse
1269 1396 1443 1450 habeo
1490 1410 1938 1451 commemorare.
1980 1395 2107 1453 [hec

2214 1400 2489 1471 βασιλείας
2516 1399 2735 1454 τέθεικα
2766 1402 2893 1464 τοὺς
2918 1401 3098 1472 ὄρους,
3128 1395 3272 1453 εἷλον
3301 1398 3362 1453 δὲ
3391 1397 3683 1468 Δαμασκὸν
3704 1397 3800 1450 καὶ

532 1486 663 1541 dicit
688 1500 779 1540 rex
801 1486 1181 1557 Assyriorum:
1208 1483 1286 1540 Ne
1313 1485 1550 1556 decipiat
1578 1501 1673 1543 vos
1698 1486 1960 1544 Ezechias
1991 1506 2107 1550 ser-

2213 1493 2544 1564 Σαμάρειαν,
2571 1491 2927 1562 ὼφελημένας
2959 1490 3113 1546 οὐδὲν
3147 1491 3257 1545 ἀπό
3293 1506 3359 1558 γε
3385 1489 3497 1543 τῶν
3523 1490 3582 1542 ὲν
3604 1488 3798 1551 αὑταῖς

542 1579 792 1633 monibus
836 1580 928 1648 qui
957 1593 1053 1633 vos
1093 1580 1305 1648 eripere
1342 1594 1445 1634 non
1493 1589 1763 1649 poterunt.
1808 1580 1917 1635 Nec
1964 1581 2107 1635 dicat

2213 1586 2380 1640 θεῶν·
2413 1584 2561 1638 οὕτω
2595 1584 2981 1655 καταλήψομαι
3031 1584 3129 1637 καὶ
3179 1582 3279 1645 τὰς
3310 1581 3415 1647 ἐξω
3441 1579 3646 1653 χώρας.
3681 1581 3799 1636 Με-

534 1666 688 1722 τὸὺεε
727 1667 1008 1734 Ezechias,
1039 1679 1352 1739 erepturum
1395 1683 1490 1723 vos
1526 1667 1728 1736 Deum;
1765 1679 1819 1725 et
1851 1680 1971 1738 post
2000 1670 2104 1728 alia

2215 1675 2448 1748 μνῆσθαι
2469 1676 2527 1730 δὲ
2550 1676 2846 1745 ἀναγκαῖον
2864 1676 2947 1730 ὅτι
2973 1675 3069 1729 καί
3090 1673 3392 1745 Ῥαψάκης,
3415 1672 3510 1738 τὰς
3532 1671 3683 1743 παρά
3702 1672 3798 1725 τοῦ

537 1772 723 1813 rursus
757 1776 770 1812 :
818 1758 957 1814 Num
989 1760 1286 1814 liberarunt
1314 1760 1387 1815 dii
1425 1759 1661 1829 gentium
1695 1776 1848 1814 suam
1876 1762 2105 1831 quisque

2215 1768 2476 1839 βασιλέως
2508 1766 2808 1836 Ἀσσυρίων
2833 1766 3177 1836 ἀναγγέλλων
3224 1764 3431 1834 φωνὰς,
3468 1762 3802 1837 προσπεφώ-

537 1852 807 1921 regionem
855 1867 887 1907 c
924 1867 1087 1907 manu
1126 1855 1266 1923 regis
1294 1853 1676 1924 Assyriorum?
1703 1850 1802 1907 Ubi
1848 1864 1933 1907 est
1971 1854 2104 1908 deus

2213 1874 2341 1929 νηκε
2371 1859 2483 1920 τοῖς
2518 1857 2575 1909 ὲν
2607 1854 2684 1927 τῷ
2711 1855 2880 1925 τείχει
2925 1853 3276 1924 καθημένοιςο
3308 1851 3446 1910 Τάδε
3478 1850 3628 1918 λέγει
3656 1851 3685 1902 6
3711 1848 3802 1918 βα-

534 1939 751 2004 Amath,
782 1948 836 1992 et
864 1938 1144 2008 Arphatb?
1174 1940 1240 1999 Et
1281 1940 1373 1995 ubi
1413 1949 1501 1996 est
1530 1945 1663 1995 deus
1704 1941 1939 1996 civitatis
1978 1942 2107 2011 Sep-

2213 1949 2393 2012 σιλεὺς
2440 1947 2762 2019 Ἀσσυρίων.
2813 1947 2906 2018 Μὴ
2951 1946 3216 2000 ἀπατάτω
3267 1944 3412 2015 ὑμᾶς
3458 1942 3487 1994 6
3543 1940 3802 2011 βασιλεὺς

533 2028 809 2094 pharsim?
828 2029 960 2084 Num
991 2043 1278 2101 potuerunt
1307 2032 1518 2102 eripere
1546 2032 1849 2089 Samariam
1883 2047 1915 2088 e
1944 2048 2101 2086 manu

2221 2039 2466 2106 Ἐζεκίας
2513 2039 2713 2108 λόγοις,
2743 2038 2792 2091 οἳ
2839 2039 2900 2092 οὐ
2934 2037 3253 2108 δυνήσονται
3300 2032 3569 2104 ῥύσασθαι
3612 2032 3798 2102 ὑμᾶς·

536 2120 693 2173 mea?
725 2120 858 2186 Quis
890 2124 1104 2177 tandem
1134 2136 1220 2178 est
1240 2138 1307 2178 ex
1335 2126 1574 2179 omnium
1615 2126 1852 2195 gentium
1890 2126 2101 2180 illarum

2213 2132 2304 2186 καὶ
2353 2132 2427 2201 μὴ
2470 2130 2676 2198 λεγέτω
2723 2129 2854 2200 ὑμῖν
2893 2127 3160 2193 Ἐζεκίας,
3188 2127 3270 2179 ὅτι
3310 2124 3558 2178 Ῥύσεται
3591 2123 3743 2193 ἡμᾶς
3771 2123 3803 2175 6

534 2211 657 2274 diis,
689 2213 779 2281 qui
808 2224 1006 2267 terram
1042 2229 1193 2269 suam
1221 2230 1288 2270 ex
1316 2232 1475 2271 manu
1508 2233 1622 2272 mea
1666 2219 1935 2283 liberavit,
1964 2234 2106 2290 quo-

2213 2221 2357 2286 Θεός·
2406 2222 2499 2275 καὶ
2534 2220 2653 2291 μεθ’
2685 2219 2846 2291 ἕτερα
2891 2218 3074 2272 πάλιν·
3128 2215 3219 2287 Μὴ
3267 2213 3571 2287 ὲρῥύσαντο
3598 2214 3647 2265 οἱ
3682 2210 3801 2264 θεοὶ

534 2302 683 2357 niam
709 2303 958 2360 liberabit
976 2306 1118 2363 Deus
1139 2307 1390 2364 lsraelem
1414 2309 1483 2364 de
1519 2325 1676 2364 manu
1706 2292 2106 2367 utca?P‘roiude

2213 2312 2315 2367 τῶν
2357 2311 2525 2365 ὲθνῶν
2566 2311 2794 2375 ἕκαστος
2821 2311 2921 2381 τὴν
2950 2308 3145 2364 ἑαυτοῦ
3176 2305 3360 2379 χώραν
3386 2306 3452 2358 ὲκ
3483 2303 3667 2375 χειρὸς
3699 2302 3796 2372 βα-

535 2409 715 2465 regem
759 2396 1127 2468 Assyriorum,
1161 2400 1252 2468 qui
1288 2402 1354 2455 de
1413 2416 1471 2457 se
1519 2403 1801 2473 magnifice
1834 2406 2021 2468 sensit,
2054 2414 2110 2459 et

2213 2405 2403 2468 σιλέως
2457 2403 2790 2474 Ἀσσυρίωνς
2853 2401 2956 2455 ποῦ
3013 2403 3159 2454 ἐστιν
3214 2401 3242 2452 6
3293 2398 3413 2461 θεὸς
3473 2394 3646 2466 Ἐμάθ
3705 2394 3804 2449 καὶ

534 2483 770 2538 divinam
817 2487 1149 2556 majestatem
1190 2490 1437 2546 deridere
1466 2491 1654 2557 voluit,
1686 2495 1861 2561 panis
1920 2495 2105 2561 subje-

2222 2496 2466 2568 ’Δρφάθς
2510 2496 2607 2550 καὶ
2653 2493 2756 2548 ποῦ
2806 2494 2954 2547 ἐστιν
2979 2495 3006 2547 6
3042 2491 3166 2555 θεὸς
3206 2490 3304 2561 τῆς
3343 2488 3552 2551 πόλεως
3579 2487 3802 2554 Σεπφα-

536 2587 749 2629 cturum
779 2591 839 2631 se
866 2577 1165 2633 denuntiat.
1191 2581 1402 2635 Etenim
1430 2591 1485 2636 et
1506 2583 1659 2639 nobis
1682 2584 1813 2653 ipsis
1845 2585 2109 2653 superbiae

2213 2588 2438 2661 ρουείμ;
2482 2587 2555 2658 μὴ
2594 2585 2845 2640 ἐδύναντο
2874 2582 3144 2655 ῥύσασθαι
3171 2580 3487 2651 Σαμάρειαν
3515 2579 3580 2631 ἐκ
3615 2576 3804 2647 χειρός

539 2665 761 2719 morbus
791 2666 916 2721 odio
945 2678 1029 2722 est
1070 2669 1348 2726 habendus
1382 2689 1397 2726 :
1428 2685 1549 2727 cum
1581 2681 1763 2727 autem
1805 2684 1992 2728 contra
2033 2676 2111 2743 ip-

2215 2695 2351 2751 μου;
2383 2677 2468 2743 τίς
2505 2678 2615 2732 τῶν
2651 2676 2791 2731 θεῶν
2823 2675 3042 2730 πάντων
3072 2673 3180 2728 τῶν
3206 2671 3376 2728 ὲθνῶν
3401 2670 3608 2724 τούτων
3634 2665 3802 2739 ὲρῤύ-

539 2770 654 2808 sam
672 2754 909 2809 divinam
944 2758 1278 2827 majestatem
1310 2760 1500 2815 audaci
1538 2763 1724 2817 animo
1748 2761 1964 2817 inﬂatus
1996 2763 2111 2819 fne-

2215 2787 2346 2825 σατο
2388 2771 2489 2841 τὴν
2546 2770 2653 2841 γῆν
2697 2768 2862 2824 αὑτοῦ
2911 2768 2978 2821 ὲκ
3031 2765 3209 2838 χειρός
3247 2782 3398 2844 μου,
3448 2764 3529 2816 ὅτι
3577 2760 3799 2831 ῥύσεται

539 2846 632 2908 rit,
664 2853 812 2911 tunc,
847 2856 971 2901 tunc
998 2862 1096 2913 vae,
1122 2859 1176 2903 et
1211 2851 1425 2921 quidem
1453 2852 1773 2921 justissime,
1806 2854 1907 2908 hoc
1932 2853 2110 2911 facere

2227 2858 2442 2931 Ἰσραὴλ
2470 2861 2535 2914 ὲκ
2559 2859 2743 2932 χειρός
2783 2874 2916 2929 μου;
2946 2856 3179 2925 Μεγάλα
3207 2855 3387 2910 τοίνυν
3412 2850 3803 2924 πεφροντικότα

536 2933 846 2989 volentibus
875 2935 1225 3007 irrogahitur.

2214 2948 2306 3003 τὸν
2361 2948 2647 3021 ’Δσσύριον
2673 2989 2689 3014 ,
2733 2948 2829 3003 καὶ
2879 2947 2979 3016 τῆς
3024 2944 3178 3010 θείας
3223 2943 3394 3015 ὀργῆς
3444 2938 3804 3010 καταμειδιᾷν

535 3029 814 3099 ᾑρημένον
856 3030 1150 3103 ύποθήσειν
1221 3034 1619 3104 ἐπαγγέλλεται
1656 3041 1776 3104 ταῖς
1839 3039 2036 3104 δίκαις.
2090 3043 2503 3118 ’Δπηχθημένον
2540 3047 2639 3117 μὲν
2665 3044 2775 3118 γάρ
2806 3045 2902 3099 καὶ
2950 3043 3080 3114 παρ’
3104 3044 3241 3114 ἡμῖν
3269 3040 3452 3102 αὐτοῖς
3474 3037 3576 3109 τῆς
3602 3033 3804 3099 alato-

535 3120 685 3184 νείας
718 3121 778 3175 τὸ
805 3123 1173 3189 πάθος.”οταν
1201 3126 1257 3180 δὲ
1279 3127 1344 3200 δὴ
1377 3129 1472 3182 καὶ
1509 3131 1680 3202 αὐτῆς
1712 3134 1814 3203 τῆς
1847 3132 1999 3198 Θείας
2054 3137 2530 3211 καταθρασύνηται
2553 3137 2731 3210 δόξης,
2777 3136 2898 3191 τότε
2951 3135 3016 3207 δὴ
3042 3134 3165 3188 τότε
3231 3133 3292 3187 τὸ
3322 3131 3447 3187 οὐαὶ
3478 3125 3805 3209 καὶισφόδρα

534 3212 757 3278 δικαίως
783 3218 894 3280 τοῖς
917 3217 1077 3272 τοῦτο
1100 3218 1231 3291 δρᾷν
1260 3219 1505 3275 ἐθέλουσι
1537 3223 1942 3295 ὲποισθήσεται.

611 3308 771 3366 Vens.
811 3314 890 3367 ll.
930 3311 1141 3367 Ululule
1187 3315 1455 3381 sculptilia
1511 3321 1566 3371 in
1613 3318 1911 3374 Jerusalem
1959 3331 2007 3374 et
2055 3322 2111 3374 in
2141 3325 2182 3383 C

537 3399 806 3457 Samaria.
844 3404 1298 3468 Quemadmodum
1323 3412 1460 3464 enim
1497 3411 1595 3480 feci
1621 3410 1883 3467 Samaria:
1902 3412 2112 3483 ejusque

538 3493 881 3561 manufactis,
914 3498 992 3551 sic
1025 3497 1221 3563 faciam
1263 3509 1310 3553 et
1342 3500 1661 3565 Jerusalem,
1695 3512 1740 3556 et
1786 3501 1943 3557 idolis
1977 3502 2109 3571 ejus.

613 3670 825 3726 induxit
877 3672 1035 3729 modo
1087 3672 1196 3729 alta
1234 3683 1287 3729 et
1342 3675 1548 3731 tumida
1577 3677 1907 3748 cogitantem
1946 3678 2116 3760 Assy-

504 3765 705 3820 —rium.
737 3762 1002 3819 Samaria:
1036 3766 1183 3820 enim
1219 3766 1382 3822 urbes
1402 3767 1594 3823 deletae
1619 3783 1743 3823 cum
1776 3777 1979 3834 essent,
2009 3771 2114 3826 diis

544 3856 687 3912 falso
717 3858 1043 3928 nuncupatis
1083 3874 1189 3913 non
1223 3860 1694 3927 succurrentibus,
1732 3862 1842 3918 imo
1878 3864 2114 3920 incensis

538 3949 702 4003 etiam
731 3965 853 4006 cum
881 3951 1014 4021 ipsis
1058 3951 1296 4008 delubris
1312 3962 1369 4009 et
1395 3953 1657 4009 altaribus
1683 3971 1962 4040 acutoque
1981 3957 2112 4013 sub-

533 4041 705 4110 jicere
728 4043 915 4098 ditioui
943 4059 1054 4099 sua!
1079 4044 1240 4117 174
1264 4044 1693 4114 Hierosolymam
1712 4047 1829 4103 sive
1846 4047 2111 4116 Judaeam,

539 4135 702 4189 ctiam
738 4135 908 4190 invito
935 4137 1267 4207 sempiterno
1317 4138 1438 4208 ejus
1492 4150 1764 4196 assertore
1810 4132 2112 4197 et'couser-

540 4233 727 4278 vatore
758 4224 890 4293 Deo,
936 4229 1246 4296 cogitasset,
1299 4243 1493 4284 causas
1540 4229 1683 4287 illico
1722 4229 1900 4295 nobis,
1927 4240 1982 4285 et
2016 4246 2113 4286 cur

539 4317 655 4385 ipsa
702 4326 987 4384 caperetur
1031 4318 1296 4385 Samaria,
1349 4321 1762 4391 compluresque
1800 4324 1963 4379 urbes
2012 4320 2109 4377 Ju-

534 4406 689 4471 ὀίεαι,
723 4408 1033 4474 prophetica
1062 4411 1242 4464 oratio
1275 4409 1482 4479 adjicit.
1514 4410 1652 4467 Hinc
1678 4427 1781 4468 nec
1821 4428 1956 4470 sane
2003 4414 2110 4468 im-

540 4497 735 4550 merito
762 4497 933 4568 ipsum
977 4500 1269 4569 impietatis
1307 4516 1479 4572 genus
1513 4504 1565 4557 in
1606 4505 1927 4561 memoriam
1966 4506 2113 4561 redi~

2302 3316 2667 3381 Ὀλολύεατε
2697 3314 2771 3368 τὰ
2797 3313 3031 3382 γλυπτά
3059 3310 3131 3365 ἐν
3169 3305 3555 3378 Ἰερουσαλὴμ
3602 3305 3699 3360 καί
3730 3306 3805 3361 ἐν

2217 3409 2531 3481 Σαμαρείᾳ.
2564 3410 2667 3461 Ὃν
2701 3406 2922 3475 τρόπον
2944 3403 3053 3475 γὰρ
3077 3402 3340 3470 ἐποίησα
3373 3399 3672 3468 Σαμαρείᾳ
3701 3399 3801 3452 καὶ

2216 3503 2340 3570 τοῖς
2380 3499 2817 3573 χειροποιήτοις
2860 3495 3071 3565 αὐτῆς,
3108 3494 3295 3565 οὕτως
3328 3484 3562 3560 ποιήσω
3606 3492 3705 3545 καὶ
3734 3492 3804 3545 ἐν

2228 3592 2635 3663 Ἰερουσαλὴμ,
2662 3592 2761 3646 καὶ
2792 3589 2916 3657 τοῖς
2946 3586 3213 3653 εἰδώλοις
3233 3584 3445 3654 αὐτῆς.

2288 3686 2683 3755 Είσκεκόμικεν
2711 3683 2914 3755 ἀρτίως
2951 3680 3131 3751 ὑψηλά
3163 3680 3258 3734 καὶ
3283 3678 3564 3748 ὑπέρογκα
3593 3694 3802 3749 πεφροε

2214 3779 2419 3849 νηκότα
2447 3777 2538 3830 τὸν
2568 3775 2870 3846 Ἀσσύριον.
2919 3770 3138 3843 Ἐπειδὴ
3177 3770 3286 3841 γάρ
3330 3769 3429 3833 τὰς
3481 3769 3578 3839 τῆς
3623 3770 3809 3839 Σαμα-

2219 3871 2368 3941 ρείας
2414 3867 2718 3938 ὼλόθρευσε
2765 3866 2948 3929 πόλεις
2989 3864 3091 3918 οὐκ
3139 3860 3571 3931 ἐπικουρούντων
3610 3861 3806 3924 αὐταῖς

2214 3963 2321 4018 τῶν
2351 3960 2717 4031 ψευδωνύμων
2767 3958 2928 4022 θεῶν,
2976 3954 3516 4028 κατεμπρησθέντων
3548 3953 3605 4005 δὲ
3639 3952 3811 4007 πάλιν

2215 4056 2399 4118 αὐτοῖς
2420 4053 2671 4123 τεμένεσι
2693 4052 2787 4105 καὶ
2815 4051 3039 4121 βωμοῖς.
3067 4046 3483 4117 Διατεθειμένου
3510 4045 3567 4097 δὲ
3597 4046 3682 4098 ὅτι
3709 4046 3808 4100 καὶ

2215 4144 2382 4217 αὐτὴν
2408 4143 2514 4198 ὑπὸ
2541 4145 2696 4213 χεῖρα
2736 4142 2960 4212 ποιῆσαι
2990 4138 3089 4211 τὴν
3139 4135 3516 4210 Ἰερουσαλὴμ,
3551 4136 3674 4205 ήτοι
3704 4135 3807 4204 τὴν

2229 4236 2511 4301 Ἰουδαίαν,
2546 4235 2642 4289 καὶ
2683 4235 2734 4287 εἰ
2783 4232 2857 4304 μὴ
2892 4231 3134 4303 βούλοιτο
3170 4227 3332 4299 τυχὸν
3376 4230 3407 4282 6
3449 4225 3807 4299 προασπίζων

2214 4329 2387 4399 αὐτῆς
2446 4327 2532 4381 ἀεί
2589 4343 2649 4379 τε
2704 4324 2893 4389 σώζων
2938 4320 3192 4394 Χριστός,
3231 4319 3328 4383 τὰς
3357 4319 3538 4382 αἰτίας
3570 4318 3736 4381 εὐθὺς
3779 4321 3809 4371 ὁ

2215 4419 2552 4493 προφητικδς
2595 4420 2726 4489 ήμῖν
2773 4413 3107 4487 παρατίθησι
3148 4411 3305 4480 λόγος
3355 4409 3450 4464 τοῦ
3500 4409 3594 4463 καὶ
3634 4408 3807 4477 αὐτὴν

2214 4513 2423 4568 ἁλῶναι
2466 4512 2568 4583 τὴν
2613 4508 2949 4579 Σαμάρειαν,
2996 4504 3255 4567 πλείστας
3299 4502 3358 4555 δὲ
3404 4502 3536 4564 ὅσας
3581 4499 3808 4569 καὶτῆς

537 4590 633 4655 git,
660 4604 865 4659 eosque
892 4591 1102 4647 ululare
1124 4593 1277 4659 jubet
1303 4604 1357 4647 et
1388 4593 1606 4662 plorare
1633 4613 1648 4649 :
1680 4604 1738 4650 et
1762 4604 1975 4651 tantum
2002 4613 2109 4653 non

2227 4605 2487 4667 Ἰουδαίας
2512 4603 2714 4666 πόλεις.
2748 4599 2935 4673 Ταύτῃ
2976 4613 3059 4651 τοι
3095 4597 3191 4650 καὶ
3242 4593 3390 4667 μάλα
3429 4593 3655 4654 εἰκότως
3678 4591 3810 4684 τῶν

533 4682 943 4753 obstupefactus
974 4699 1084 4754 pne
1102 4684 1405 4740 defectione
1427 4702 1457 4740 a
1487 4689 1746 4758 singulari
1774 4691 1863 4742 illa
1892 4692 2110 4760 pietate,

535 4774 876 4840 proclamat:
932 4774 1148 4832 Ulttlale
1183 4778 1456 4847 sculptilis
1510 4778 1563 4833 in
1587 4778 1888 4836 Jerusalem
1930 4792 1986 4837 et
2016 4783 2115 4839 Sac

536 4866 731 4920 maria.
764 4867 897 4923 Nam
922 4869 1012 4925 ubi
1041 4870 1220 4943 dignis
1252 4872 1554 4928 honoribus
1586 4873 1751 4928 Deum
1785 4876 2109 4933 universita-

2211 4697 2313 4768 τῆς
2359 4693 2677 4756 δυσσεϐείας
2734 4691 2951 4763 τρόπων
3013 4690 3095 4753 εἰς
3161 4687 3467 4757 ἀνάμνησιν
3511 4683 3805 4753 ἀποφέρει,

2208 4788 2480 4854 ὀλολύζειν
2503 4804 2563 4840 τε
2590 4785 2806 4848 αὐτοὺς,
2841 4783 2939 4838 καὶ
2967 4779 3334 4850 κατοιμώζειν
3357 4775 3593 4832 κελεύει.
3627 4774 3811 4828 Μόνον

2204 4881 2263 4936 δὲ
2286 4880 2407 4951 οὐχὶ
2430 4875 2825 4947 κατατεθηιπὼς
2855 4875 2952 4945 τὴν
2980 4873 3285 4928 ἀπόστασιν
3311 4872 3377 4924 ὲκ
3405 4866 3683 4938 φιλοθεῒας
3706 4865 3810 4934 τῆς

534 4958 607 5012 tis
638 4958 825 5045 colere
841 4963 1100 5032 oportuit,
1127 4963 1239 5019 illic
1262 4964 1653 5027 contemnitur,
1696 4974 1752 5020 et
1782 4966 1987 5023 honore
2010 4983 2109 5025 suo

2213 4975 2345 5041 ιγαν
2382 4972 2675 5042 ἀναφωνεῖ·
2722 4967 3059 5035 Ὀλολύξατε,
3092 4961 3313 5032 γλυπτά
3349 4963 3408 5015 ὲν
3452 4958 3813 5032 Ἰερουσαλὴμ

530 5060 869 5120 congruente
913 5062 967 5107 et
1001 5053 1183 5109 debito
1225 5054 1473 5124 privatus
1502 5064 1605 5110 est.
1637 5054 1992 5125 Sculptilibus
2032 5060 2108 5115 si-

2214 5068 2309 5121 xa‘t
2336 5068 2393 5120 ὲν
2423 5063 2726 5136 Σαμαρείᾳ.
2755 5062 2927 5116 Ὅπου
2969 5059 3079 5129 γὰρ
3119 5057 3228 5110 εδει
3271 5055 3395 5117 ταῖς
3429 5049 3813 5118 καθηκούσαις

531 5143 750 5209 quidem
788 5143 1135 5201 veneratione
1165 5146 1453 5211 attributa,
1496 5148 1613 5201 ausi
1647 5156 1776 5203 sunt
1808 5150 1991 5205 miseri
2029 5153 2110 5206 di-

2213 5156 2401 5225 τιμαϊς
2443 5154 2535 5208 τὸν
2584 5151 2692 5207 τῶν
2740 5151 2876 5205 ὅλων
2925 5143 3422 5218 καταγεραίρεσθαι
3475 5140 3632 5204 Θεὸν,
3690 5140 3817 5191 ἐκεῖ

535 5247 663 5287 cere
687 5235 833 5304 ligno
868 5253 882 5290 :
923 5254 943 5287 ι
980 5235 1119 5293 Deus
1162 5252 1317 5293 meus
1348 5253 1409 5293 es
1440 5246 1494 5305 tu
1522 5254 1538 5303 ;
1569 5247 1625 5293 et
1669 5239 1830 5309 lapidi
1857 5260 1870 5295 :
1903 5241 1981 5295 Tu
2014 5259 2108 5312 ge-

2217 5247 2547 5319 παρορᾶται,
2582 5245 2676 5299 καὶ
2703 5244 2805 5314 τῆς
2839 5240 2992 5313 αύτῷ
3021 5237 3341 5312 πρεπούσης
3375 5253 3438 5289 τε
3468 5234 3564 5289 καὶ
3594 5230 3814 5300 ὀφειλο-

537 5329 703 5383 uuisti
737 5344 824 5383 me
847 5328 911 5385 ⁸⁸.
949 5349 967 5383 ι
997 5331 1187 5400 itaque
1212 5329 1363 5385 velut
1385 5331 1650 5385 attonitus
1671 5332 1954 5400 propheta,
1974 5334 2112 5388 hanc

2220 5338 2390 5409 μένης
2417 5337 2581 5408 τιμῆς
2607 5336 2916 5407 ἐστέρηται.
2938 5332 3203 5394 Γλυπτοίς
3230 5328 3340 5401 γὰρ
3378 5327 3439 5381 τὸ
3472 5323 3641 5388 σέϐας
3678 5324 3815 5376 ἀνα⁸

537 5422 987 5478 exclamationem
1016 5423 1144 5477 facit
1170 5443 1183 5478 :
1224 5424 1457 5489 scilicet,
1484 5422 1761 5493 sculptilia
1793 5425 1845 5479 in
1880 5423 2101 5481 Jerusa-

2213 5430 2394 5494 θέντες
2440 5430 2491 5485 οἱ
2539 5428 2786 5492 δείλαιοι,
2841 5425 3240 5497 τετολμήκασιν
3290 5420 3464 5474 είπεῖν
3518 5415 3597 5487 τῷ
3644 5414 3814 5482 ξύλῳ-

545 5514 650 5567 lem
700 5524 756 5570 et
806 5516 860 5570 in
907 5517 1178 5574 Samaria.
1214 5516 1529 5588 Cuiusmodi
1575 5525 1662 5573 est
1707 5520 1849 5587 quod
1882 5528 1939 5574 et
1980 5535 2112 5576 voce

2226 5539 2245 5571 ι
2283 5520 2413 5585 Θεός
2456 5537 2557 5591 μου
2585 5515 2637 5573 εἷ
2663 5516 2749 5572 σύο
2788 5515 2980 5587 καὶτῷ
3018 5514 3169 5586 λίθῳ,
3203 5513 3276 5566 Σὺ
3305 5504 3606 5580 ὲγέννησὰς
3642 5522 3737 5578 με.
3778 5524 3797 5553 ι

543 5605 796 5661 Ieremia:
817 5608 949 5662 dicit
976 5612 1042 5665 de
1089 5607 1389 5669 Jerusalem
1424 5628 1438 5668 :
1473 5610 1613 5681 Quid
1660 5610 1855 5668 dilecta
1888 5609 2015 5670 fecit
2054 5613 2105 5667 in

2222 5611 2430 5667 Οὐκοῦν
2462 5614 2583 5682 μετ’
2628 5608 2942 5680 ἐκπλήξεως
2973 5606 3137 5662 οἱονεὶ
3178 5602 3255 5674 τῷ
3286 5601 3544 5673 προφήτῃ
3584 5598 3824 5667 γέγονεν

618 5759 660 5787 ⁸⁸
690 5758 890 5815 Jerem.
928 5774 986 5825 ll,
1020 5762 1107 5817 27.
