4122 6292
370 321 478 382 235

1521 337 1588 399 IN
1622 344 1860 404 ISAIAM
1898 349 2027 406 LIB.
2071 354 2110 407 Ι.
2149 351 2359 409 υΙὶΑΤ.
2406 348 2493 410 Vl.

3548 360 3657 417 986

374 446 717 518 ἀναφώνημα⁵
771 447 835 501 τὸ
883 448 1194 520 εἰρημένονο
1240 453 1383 508 τοῦτ’
1428 455 1595 523 εστιν,
1651 461 1868 529 γλυπτὰ
1910 466 1968 518 ὲν

2075 468 2238 522 tlomo
2259 481 2378 523 mea
2400 467 2899 522 abominationem?
2922 466 3066 521 Dixit
3090 481 3258 537 porro
3282 478 3337 521 et
3365 483 3463 536 per
3485 486 3652 525 unum

389 539 746 611 Ἰερουσαλὴμ
786 540 880 595 καὶ
920 544 980 595 ἐν
1015 543 1317 617 Σαμαρείᾳ.
1355 548 1607 605 Τοιοῦτόν
1644 570 1697 606 τι
1733 555 1828 608 καὶ
1872 555 1961 609 διὰ

381 631 564 700 φωνῆς
603 631 865 704 Ἱερεμίου
908 635 1043 705 φησὶ
1091 638 1222 707 περὶ
1265 639 1366 709 τῆς
1421 640 1795 716 Ἰερουσαλήμ⁸
1829 647 1958 719 Τίή

379 722 707 794 ἠγαπημένη
752 725 813 778 ὲν
848 724 930 797 τῷ
961 728 1095 797 οἴκῳ
1123 745 1228 799 μου
1255 731 1476 803 ἐποίησε
1517 734 1792 807 βδέλυγμα
1813 756 1831 806 ;
1855 738 1961 811 εφη

377 813 434 865 δέ
464 831 569 868 που
593 817 687 871 καὶ
701 816 772 871 δι’
794 818 917 882 ἑνὸς
938 822 1246 891 προφήτουο
1264 842 1285 875 ι
1309 826 1519 892 Σκοπὸς
1551 828 1793 901 Ἐφραῒμ
1825 834 1965 903 μετὰ

379 904 535 972 Θεοῦ,
562 909 851 981 προφήτης
896 911 1065 979 παγίς
1098 913 1309 981 σκολιὰ,
1347 918 1442 971 ἐπὶ
1471 920 1838 995 πάσαςιῶοῦς
1864 924 1965 977 αὕ-

382 997 494 1061 τοῦ,
514 999 713 1069 μανίαν
728 1003 788 1054 ὲν
802 1003 937 1071 οίκῳ
951 1006 1156 1077 Κυρίου
1175 1008 1512 1083 κατέπηξαν.
1539 1031 1560 1065 s
1596 1013 1968 1087 ’ἱδρυσάμενοι

382 1087 489 1157 γὰρ
508 1090 567 1141 ὲν
586 1093 702 1155 τοῖς
728 1091 996 1162 Ἰεροσολύ
1004 1113 1124 1165 μοις
1151 1096 1372 1168 βωμοὺς
1400 1102 1493 1153 καὶ
1509 1103 1866 1175 χειρόκμητα,
1885 1124 1968 1161 τε·

386 1179 583 1234 θύκασι
605 1184 673 1253 τῇ
708 1182 876 1243 Βαὰλ.
901 1186 997 1238 καὶ
1027 1190 1094 1258 τῇ
1125 1192 1359 1261 στρατιᾷ
1383 1191 1477 1246 τοῦ
1509 1194 1757 1265 οὐρανοῦ.
1777 1197 1968 1270 Δεδρά-

382 1284 509 1326 κασι
531 1272 591 1326 δὲ
610 1276 768 1327 ταυτὶ
795 1277 889 1328 καὶ
916 1279 965 1330 oi
999 1280 1057 1331 ἐν
1085 1282 1154 1351 τῇ
1188 1282 1489 1357 Σαμαρείᾳ.
1514 1287 1612 1339 "Ov
1629 1288 1830 1358 τρόπον
1856 1289 1968 1343 τοί-

381 1379 497 1422 νυν.
519 1363 711 1433 φησὶν,
741 1366 970 1436 ἐποίησα
997 1369 1304 1441 Σαμαρείᾳ,
1325 1374 1551 1439 καὶτοῖς
1570 1381 1965 1450 χειροποιήτοις

381 1455 579 1525 αὐτῆς,
599 1454 776 1520 οὕτως
795 1461 1009 1531 ποιήσω
1040 1463 1136 1516 καὶ
1164 1464 1536 1539 Ἰερουσαλὴμ,
1562 1471 1789 1536 καὶτοῖς
1815 1472 1967 1526 εἰδώ-

383 1544 500 1608 λοις
543 1547 737 1617 αὐτῆς.
770 1543 867 1613 Οἷς
904 1550 1014 1623 γὰρ
1050 1552 1254 1624 ἀδελφὰ
1292 1557 1360 1611 τὰ
1385 1559 1729 1631 τολμήματα,
1756 1563 1968 1628 τούτοις

384 1636 577 1692 ἕποιτο
602 1639 671 1692 ἂν
696 1641 921 1704 είκότως
944 1644 1037 1697 καὶ
1061 1647 1373 1720 ίσοπαλὴςή
1403 1650 1548 1719 δίκη.
1577 1652 1786 1706 Οὐκοῦν
1808 1653 1965 1708 ἔλασε

381 1729 483 1799 μὲν
508 1733 538 1784 ὁ
572 1732 860 1804 Ἀσσύριος
896 1737 989 1788 καὶ
1014 1738 1302 1808 Δαμασκὸν
1328 1742 1422 1795 καὶ
1452 1742 1785 1815 Σαμάρειαν.
1821 1747 1966 1811 Ὀδὸς

2068 561 2385 628 prophetam
2412 579 2423 613 :
2446 579 2463 611 ι
2490 559 2811 628 Speculator
2821 558 3080 630 Ephraim
3100 574 3220 614 cum
3240 558 3370 623 Deo,
3389 562 3651 630 propheta

2067 651 2293 719 laqueus
2335 660 2614 706 tortuosus
2661 652 2716 705 in
2765 651 3019 707 omnibus
3048 649 3150 705 viis
3176 651 3336 721 ejus:
3379 652 3650 706 insaniam

2067 742 2121 795 in
2133 742 2294 797 domo
2312 741 2522 797 Domini
2547 740 3023 797 conliseruntw.»
3043 740 3342 797 Collocatis
3364 742 3505 796 enim
3528 741 3654 796 llie-

2070 832 2357 903 rosolymae
2379 832 2644 889 altaribus
2672 843 2728 889 et
2764 832 3187 897 manuconditis,
3207 831 3376 888 Baalo
3407 842 3464 887 et
3505 832 3652 887 mlli-

2068 927 2156 981 tiae
2188 925 2310 980 caeli
2336 925 2739 980 sacriﬁcarunt.
2778 924 2930 993 Quod
2962 928 3128 980 etlam
3160 922 3425 979 Samaria
3456 921 3651 976 incolat

2076 1016 2344 1072 fecerunt.
2369 1014 2835 1083 Quemadmodum
2864 1016 3056 1087 igitur,
3084 1015 3283 1086 inquit,
3313 1012 3415 1068 ieci
3456 1010 3652 1067 Sama-

2069 1108 2162 1162 ria:
2196 1117 2249 1163 et
2286 1106 2611 1162 manni'actls
2634 1105 2771 1176 ejus,
2805 1108 2886 1163 sic
2917 1105 3115 1162 faciam
3154 1115 3210 1162 et
3253 1103 3558 1161 Jerusalem
3592 1113 3651 1158 et

2069 1196 2229 1251 idolis
2263 1195 2402 1266 ejus.
2433 1195 2675 1264 Quorum
2706 1197 2853 1252 enim
2907 1197 3105 1254 similia
3155 1206 3209 1250 et
3259 1203 3487 1266 cognata
3523 1202 3652 1248 sunt

2068 1285 2353 1351 maleﬁcia,
2386 1302 2480 1342 eos
2529 1289 2722 1343 merito
2769 1288 3073 1343 consimilis
3110 1287 3273 1343 etiam
3323 1302 3484 1359 poena
3518 1300 3650 1341 con-

2069 1387 2346 1445 sequetur.
2382 1378 2541 1449 Cepit
2581 1379 2748 1449 igitur
2786 1378 3043 1451 Assyrius
3080 1379 3401 1433 Damascum
3441 1387 3496 1432 et
3547 1375 3650 1431 Sa-

2068 1475 2292 1529 mariam
2320 1491 2334 1528 :
2362 1473 2447 1527 via
2481 1483 2659 1527 autem
2692 1473 2850 1539 lmjns
2881 1473 2954 1526 rei
2979 1469 3330 1526 οοηθοίεηιιω
3351 1480 3404 1522 et
3425 1469 3643 1523 occasio

2075 1566 2319 1619 victoria:
2353 1563 2474 1631 fuit,
2505 1563 2770 1618 idolorum
2805 1561 3027 1623 ellictio,
3057 1577 3179 1616 cum
3223 1558 3485 1616 Samaria:
3533 1569 3645 1612 tum

2068 1654 2506 1727 Hierosolymis:
2541 1654 2773 1722 ideoque
2809 1655 2892 1708 his
2938 1654 3027 1721 qui
3081 1652 3206 1705 talia
3253 1664 3469 1723 patrare
3515 1664 3648 1703 con-

2069 1754 2384 1808 sueverunt,
2420 1744 2768 1813 dignissimas
2816 1758 3006 1811 poenas
3056 1742 3271 1799 inﬂixit.
3322 1742 3419 1796 Est
3463 1742 3647 1809 itaque

377 1820 432 1875 δὲ
458 1822 554 1875 τοῦ
580 1826 909 1895 πράγματος
932 1827 1104 1899 αὐτῷ,
1138 1831 1233 1882 καὶ
1258 1830 1352 1884 τοῦ
1390 1835 1717 1904 κατισχῦσαι
1751 1837 1963 1909 πρόφα-

2075 1851 2232 1906 grare
2264 1835 2461 1899 scelus,
2490 1844 2545 1891 et
2578 1835 2714 1890 iram
2747 1835 2983 1889 divinam
3009 1834 3164 1888 nobis
3188 1834 3421 1887 accersit
3446 1833 3646 1900 ubique

382 1928 483 1975 σις,
507 1916 539 1983 ἡ
574 1915 685 1968 τῶν
710 1915 946 1971 είδώλων
978 1919 1196 1990 ποίησις
1219 1917 1308 1992 ἦν,
1336 1925 1368 1994 ή
1403 1923 1460 1976 εν
1488 1942 1543 1978 τε
1566 1927 1959 2002 τῇνΣαμαρείᾳ,

384 2004 471 2056 καὶ
511 2007 625 2068 τοῖς
660 2006 1076 2079 Ἰεροσολύμοις.
1105 2012 1371 2086 Ταύτῃτοι
1405 2015 1499 2068 καὶ
1537 2019 1651 2080 τοῖς
1688 2017 1756 2072 τά
1785 2021 1963 2075 τοιάδε

380 2094 506 2166 δρᾷν
537 2098 806 2165 εἰωθόσιν,
836 2102 936 2162 τὰς
966 2104 1427 2174 πρεπωδεστάτας
1458 2103 1753 2181 ὲξῄτηνται
1786 2110 1961 2175 δίκας.

381 2187 627 2244 Χαλεπὸν
670 2187 764 2245 οὖν
813 2194 946 2265 ἄρα,
984 2197 1078 2249 καὶ
1109 2195 1281 2269 ὀργῆς
1318 2201 1452 2270 ἡμῖν
1486 2201 1588 2271 τῆς
1625 2204 1778 2275 παρὰ
1828 2203 1964 2258 Θεοῦ

2073 1928 2338 1984 idolorum
2368 1928 2567 1984 ellictio
2600 1947 2613 1983 :
2653 1928 2814 1998 idque
2848 1928 3011 1982 etiam
3040 1926 3084 1981 si
3132 1927 3252 1993 quis
3283 1923 3422 1979 forte
3450 1924 3552 1975 boc
3590 1921 3644 1974 in

2072 2021 2255 2074 animo
2282 2028 2337 2074 et
2373 2029 2554 2074 mente
2585 2019 2953 2073 fabricaverit.
2985 2017 3273 2073 Abducunt
3304 2015 3449 2069 enim
3483 2012 3570 2065 illa
3612 2026 3641 2065 a

2073 2112 2360 2167 dilectione
2406 2113 2459 2166 in
2488 2111 2681 2175 Deum,
2715 2111 2998 2164 incantant
3028 2107 3289 2171 animum,
3323 2116 3378 2160 et
3412 2103 3479 2157 ad
3528 2117 3647 2170 qua:

2074 2220 2179 2257 non
2219 2212 2433 2272 oportet
2467 2204 2708 2257 trahunt.

381 2281 636 2347 πρόξενον
698 2287 732 2356 ἠ
778 2288 890 2341 τῶν
952 2287 1187 2342 εἰδώλων
1248 2292 1464 2365 ποίησις
1507 2297 1805 2367 πανταχοῦ,
1861 2298 1965 2352 κᾶν
2002 2300 2054 2353 εί
2090 2316 2175 2361 τις
2212 2299 2291 2362 είς
2320 2296 2447 2351 νοῦν
2484 2296 2579 2350 καὶ
2613 2293 2842 2365 καρδίαν
2874 2292 3034 2347 τοῦτο
3075 2292 3227 2365 δρῴη
3260 2290 3443 2360 τυχόν.
3484 2288 3646 2339 Ἀπο-

380 2370 536 2444 φέρει
588 2374 699 2445 γὰρ
748 2377 976 2430 κάκεῖνα
1020 2377 1120 2447 τῆς
1170 2380 1252 2442 εἷς
1308 2382 1441 2437 Θεὸν
1484 2384 1726 2456 ἀγάπης,
1791 2385 2269 2457 καταγοητεύοντα
2301 2385 2400 2456 τὴν
2437 2382 2687 2455 καρδίαν,
2719 2382 2814 2436 καὶ
2876 2382 2958 2449 ἐφ’
2987 2380 3024 2435 ἃ
3094 2380 3169 2451 μὴ
3235 2376 3513 2449 προσῆκεν
3543 2372 3630 2439 ὲξο

379 2460 628 2517 ἕλκοντα.

457 2550 567 2605 Καὶ
593 2552 764 2607 ἔσται
790 2554 933 2608 ὅταν
953 2558 1292 2628 συντελέσῃ
1316 2563 1530 2630 Κύριος
1557 2563 1754 2617 πάντα
1781 2563 1968 2617 ποιῶν

387 2642 459 2695 ἐν
490 2641 574 2707 τῷ
600 2642 723 2710 ὄρει
753 2645 923 2706 Σιὼν.
951 2649 1048 2700 καὶ
1077 2650 1144 2703 ὲν
1175 2652 1591 2724 Ἰερουσαλὴμ,
1630 2655 1839 2721 ἐπάξει
1867 2656 1967 2710 ἐπὶ

390 2733 501 2786 τὸν
520 2733 674 2788 νοῦν
694 2735 803 2789 τὸν
818 2737 1008 2807 μέγαν
1028 2741 1133 2793 τὸν
1167 2743 1421 2813 ἄρχοντα
1452 2745 1574 2799 τῶν
1606 2744 1964 2815 Ἀσσυρίων,

398 2825 498 2878 καὶ
528 2824 628 2879 ἐπὶ
656 2826 725 2879 τὸ
746 2827 905 2895 ὕψος
928 2828 1031 2896 τῆς
1056 2830 1231 2900 δόξης
1253 2834 1371 2888 τῶν
1404 2836 1729 2906 ὀρθαιμῶν
1755 2838 1963 2892 αὐτοῦ.

400 2913 547 2971 Ehe
580 2917 712 2989 γάρ*
748 2919 827 2988 Τῆ
878 2924 1048 2991 ἰσχύϊ
1089 2925 1337 2993 ποιήσω,
1388 2930 1483 2982 καὶ
1524 2928 1600 2997 τῇ
1634 2931 1819 3000 σοφίᾳ
1854 2929 1966 2999 τῆς

396 3010 723 3078 συνέσεως.
748 3013 944 3082 ἀμελῶ
974 3015 1101 3084 ὅρια
1135 3018 1343 3083 ἐθνῶν,
1378 3021 1475 3074 καὶ
1502 3021 1617 3090 τὴν
1646 3022 1830 3092 ἰσχὺν
1861 3025 1967 3077 αὑ-

393 3102 515 3156 τῶν
549 3106 951 3174 προνομεύσω·
982 3110 1079 3162 καὶ
1118 3112 1306 3164 σείσω
1339 3114 1547 3179 πόλεις
1586 3114 1964 3185 κατοικουμέ-

2147 2559 2306 2615 Vens.
2339 2558 2525 2614 li-i-i.
2562 2557 2628 2612 Et
2651 2558 2750 2611 erit
2781 2572 2899 2609 cum
2918 2554 3354 2609 consummaverit
3393 2553 3646 2608 Dominus

2070 2655 2245 2708 omnia
2279 2652 2478 2721 faciens
2522 2652 2575 2704 in
2603 2658 2778 2704 monte
2802 2646 2954 2713 Sion,
2995 2659 3039 2700 et
3076 2646 3398 2707 Jerusalem,
3438 2647 3649 2700 iudncet

2067 2761 2223 2815 snper
2265 2753 2486 2798 mentem
2534 2756 2797 2810 magnam,
2839 2739 3125 2810 principem
3174 2737 3542 2808 Assyriorum,
3598 2747 3647 2790 rt

2068 2851 2227 2907 super
2251 2834 2611 2889 celsitudinem
2639 2832 2826 2903 gloria:
2848 2832 3120 2884 oculorum
3142 2830 3277 2892 eius.
3305 2828 3448 2882 Dixit
3470 2828 3606 2882 enim
3629 2844 3647 2880 :

2073 2928 2138 2981 In
2172 2927 2479 2996 fortitudine
2501 2925 2725 2993 faciam,
2763 2936 2808 2977 et
2860 2923 3019 2992 175
3043 2923 3301 2989 sapientia
3332 2921 3645 2984 intellectus,

2075 3019 2255 3073 tollant
2280 3018 2511 3086 gentium
2536 3018 2806 3077 terminos,
2826 3025 2872 3067 et
2903 3015 3062 3067 robur
3084 3030 3262 3064 eorum
3284 3013 3648 3078 deprwtlabor,

2074 3123 2120 3164 et
2153 3112 2447 3163 concutiant
2483 3108 2634 3160 nrbes
2676 3106 2965 3163 habitatas,
3005 3114 3052 3157 et
3082 3106 3256 3155 urbem
3290 3112 3443 3155 terra:
3485 3113 3649 3153 totum

390 3212 519 3263 νας,
574 3196 674 3251 καὶ
718 3198 833 3265 τὴν
875 3201 1237 3271 οἰκουμένην
1267 3202 1420 3271 ὅλην
1449 3184 1871 3275 καταλήψομαι
1896 3206 1969 3276 τῇ

2075 3202 2505 3272 comprehendam
2533 3215 2714 3264 manu,
2754 3209 2799 3252 et
2836 3207 2890 3250 ut
2931 3196 3179 3249 derelicta
3207 3211 3303 3249 ova
3337 3194 3540 3247 tollant.
3585 3193 3651 3246 Et

387 3287 536 3356 χειρί
593 3289 674 3354 ὡς
722 3292 1008 3355 νοσσιὰν,
1045 3293 1143 3347 καὶ
1199 3295 1281 3361 ὡς
1328 3299 1840 3366 καταλελειμμένα
1888 3298 1973 3352 ὠὰ

387 3379 527 3448 ἀρᾶν
552 3382 650 3436 καὶ
674 3384 787 3436 οὐκ
810 3382 999 3445 ἔστιν,
1028 3384 1096 3451 ὃς
1124 3384 1509 3456 διαφεύξεται
1528 3407 1626 3458 με,
1651 3390 1688 3458 ἢ
1721 3391 1971 3461 ἀντείπῃ

466 3491 507 3525 ι.

390 3489 507 3539 μοι.

460 3563 573 3617 Οὐκ
604 3563 709 3628 ἔξω
742 3569 928 3637 κοινῆς
978 3570 1304 3640 γενήσεσθαι
1341 3571 1449 3625 τὸνί
1469 3573 1756 3646 Ἀσσύριον
1789 3576 1857 3629 τά
1885 3574 1974 3629 οῦ-

387 3658 497 3719 τως
526 3657 806 3728 ὑπέρογκα
829 3663 1211 3731 πεφροντικότα
1244 3664 1394 3734 φησί.
1424 3665 1629 3738 Κύριος
1667 3667 1777 3739 γὰρ
1806 3668 1974 3739 ὑπερ-

389 3748 618 3818 ηφάνοις
645 3750 1044 3819 ἀντιτάσσεται,
1067 3756 1209 3809 κατὰ
1234 3756 1297 3810 τὸ
1323 3759 1730 3830 γεγραμμένον,
1750 3760 1844 3813 καὶ
1864 3760 1974 3815 τῶν

2072 3311 2175 3348 non
2196 3307 2269 3348 est
2302 3296 2393 3364 qui
2416 3292 2635 3363 c/fngiat
2677 3306 2783 3357 me,
2823 3288 2899 3344 rel
2930 3287 3259 3343 contradicat
3291 3286 3441 3339 mihi.

2143 3568 2260 3623 Non
2288 3569 2583 3624 immunem
2613 3566 2730 3622 fore
2754 3566 3037 3636 Assyrium
3067 3580 3093 3617 a
3120 3576 3301 3633 poena,
3330 3562 3528 3630 quippe
3557 3562 3650 3630 qui

2073 3669 2358 3731 tantopere
2416 3662 2789 3725 intumuerat,
2838 3667 3135 3713 asseverat.
3200 3654 3459 3708 Dominus
3508 3653 3651 3705 enim

2074 3752 2323 3820 superbis
2351 3752 2579 3819 resistit,
2604 3750 2760 3819 juxta
2806 3750 2858 3803 id
2897 3748 3038 3818 quod
3085 3748 3343 3817 scriptum
3373 3754 3455 3798 est
3488 3743 3555 3805 ",
3598 3753 3654 3795 et

389 3837 491 3908 τῆς
521 3840 833 3906 ἀλαζονείας
864 3845 1201 3913 αίτιαμάτων
1233 3848 1359 3912 τοὺς
1390 3848 1593 3921 ταύτην
1618 3849 1970 3922 νενοσηκότας

2075 3860 2262 3899 eorum
2308 3846 2399 3916 qui
2438 3846 2769 3917 arrogantia:
2800 3843 2932 3897 vitio
2981 3843 3233 3897 laborant
3263 3837 3426 3891 verba
3461 3836 3651 3904 exigit.

390 3929 692 4000 πράττεται
733 3934 831 4004 μὲν
856 3935 944 3988 ἀεὶ
972 3938 1099 3999 τοὺς
1127 3935 1340 4005 λόγους,
1373 3939 1663 4008 ἀποφαίνει
1695 3939 1751 3993 δὲ
1781 3941 1970 4003 αὐτοὺς

2078 3936 2309 4005 illosque
2337 3937 2566 3991 miseros
2607 3936 2782 3990 reddit
2809 3944 2864 3989 et
2908 3934 3202 4002 proiectos,
3232 3939 3292 3984 ut
3340 3928 3511 3982 sciant
3545 3941 3653 3979 non

386 4024 640 4095 οἰκτροὺς
684 4026 778 4080 καὶ
810 4029 1306 4098 κατερριμμένους,
1344 4031 1420 4095 ώς
1453 4032 1519 4086 ἂν
1551 4033 1740 4086 εἰδεῖεν
1777 4032 1851 4105 μὴ
1879 4035 1966 4086 ἑπ-

2090 4042 2210 4081 esse
2242 4026 2537 4081 tollendum
2571 4042 2739 4082 cornu
2772 4027 2824 4078 in
2853 4026 3043 4088 altum,
3072 4022 3233 4077 siculi
3265 4022 3525 4089 scriptum
3550 4029 3653 4083 est,

387 4114 565 4188 αίρειν
587 4119 667 4181 εἰς
695 4116 829 4186 ὕψος
858 4118 919 4172 τὸ
955 4120 1143 4189 κέρας,
1178 4120 1319 4174 κατὰ
1342 4122 1404 4175 τὸ
1428 4123 1833 4195 γεγραμμένον·
1866 4118 1970 4176 εἷεν

2080 4119 2293 4187 sintque
2327 4118 2529 4172 conscii
2561 4118 2739 4185 potius
2785 4131 2895 4169 sua:
2931 4116 3170 4185 ipsorum
3222 4120 3427 4166 naturae
3458 4121 3511 4164 et
3561 4110 3647 4162 in-

387 4207 446 4263 δὶ
485 4207 684 4277 μῶλον
732 4209 1102 4279 ἐπιγνώμονες
1144 4212 1241 4281 τῆς
1293 4213 1500 4266 ἑαυτῶν
1538 4198 1754 4285 φύσεώς
1784 4232 1845 4269 τε
1885 4216 1970 4268 καὶ

2083 4210 2376 4263 lirtnitatis.
2426 4207 2655 4275 Quando
2721 4207 2887 4271 enim,
2946 4205 3140 4275 inquit,
3193 4200 3657 4258 consummaverit

390 4299 697 4363 ἀσθενείας.
725 4300 895 4354 Ὅταν
924 4302 1051 4373 γὰρ,
1087 4303 1241 4373 φησί,
1281 4305 1575 4378 συντελέσῃ
1607 4307 1781 4359 πάντα
1811 4308 1970 4360 ποιῶε.

2081 4301 2258 4355 omnia
2301 4300 2505 4353 faciens
2541 4299 2592 4352 in
2628 4306 2810 4351 monte
2840 4295 2994 4363 Sion,
3025 4306 3080 4351 et
3117 4294 3437 4350 Jerusalem.
3471 4294 3522 4346 id
3548 4301 3652 4355 est,

391 4393 448 4444 ὲν
483 4391 563 4463 τῷ
603 4391 721 4463 ὄρει
767 4392 923 4456 Σιὼν,
973 4396 1067 4448 καὶ
1110 4396 1171 4450 ὲν
1209 4391 1590 4468 Ἱερουσαλὴμ,
1633 4397 1778 4450 τοῦτ’
1813 4397 1977 4457 ἔστιν.

392 4484 519 4538 ὅταν
548 4485 628 4546 είς
656 4484 809 4547 τέλος
839 4484 1067 4573 ἔρχηται
1096 4486 1165 4540 τὰ
1193 4488 1291 4558 τῆς
1315 4489 1401 4540 ἐπ’
1431 4489 1614 4552 αὐτοῖς
1656 4489 1846 4559 ὀργῆς,
1881 4491 1978 4543 ὲπ-

2083 4409 2203 4445 Clllll
2235 4393 2327 4445 ira:
2352 4391 2404 4445 in
2431 4392 2574 4461 ipsos
2598 4389 2721 4445 ﬂuis
2746 4390 2954 4445 venerit
2980 4407 2993 4443 :
3021 4399 3145 4443 ttmc
3168 4386 3389 4442 inducet
3415 4399 3654 4446 manum,

2084 4496 2138 4538 et
2186 4485 2390 4553 virgam
2442 4482 2722 4538 ferientem
2765 4495 3000 4538 mentem
3046 4494 3313 4549 magnam,
3361 4478 3654 4547 principem

391 4575 509 4640 άξει
537 4575 656 4629 τότε
692 4575 790 4647 τὴν
824 4579 998 4648 χεῖρα,
1024 4562 1137 4632 ’καὶ
1174 4579 1273 4649 τὴν
1314 4579 1721 4635 καταπαίουσαν
1758 4582 1970 4654 pacem,

2082 4575 2697 4647 Assyriormmhlentem
2727 4591 2853 4629 vero
2884 4576 3055 4639 ipsutn
3075 4571 3356 4643 appellavit
3383 4584 3656 4639 magnam,

391 4669 484 4721 ἐπὶ
520 4667 611 4721 τὸν
641 4669 767 4721 νοῦν
791 4669 880 4721 τὸν
915 4670 1089 4740 μέγαν
1122 4671 1214 4724 τὸν
1246 4672 1483 4742 ἄρχοντα
1509 4672 1619 4727 τῶν
1656 4674 1970 4746 Ἀσσυρίων.

392 4759 533 4812 Νοῦν
557 4759 614 4812 δὲ
640 4760 801 4813 αὑτὸν
832 4761 1138 4814 ἁπεκᾱιλεσε
1165 4763 1358 4832 μέγαν,
1387 4765 1446 4816 οὐ
1476 4764 1613 4834 πρὸς
1651 4766 1874 4819 ἐπαίνου
1917 4766 1979 4819 τὸ

390 4850 577 4921 χρῆμα
604 4849 773 4912 τιθεὶς
806 4849 975 4921 αὐτῷ,
1006 4852 1329 4920 καταψέγων
1360 4852 1415 4905 δὲ
1444 4854 1643 4921 μᾶλλον
1666 4895 1680 4918 ,
1717 4856 1792 4919 ὡς
1826 4856 1978 4908 οὐδὲν

389 4939 574 5006 ἕτερον
592 4937 723 4991 ὂντα
747 4938 885 5007 πλὴν
911 4941 992 4991 ὅτι
1012 4940 1167 5010 μόνον
1186 4943 1483 5014 ὑπεροψίαν
1506 4945 1599 5014 τὴν
1620 4946 1867 5017 θεομισῆ.
1883 4949 1980 5000 Πε-

392 5029 631 5098 φρόνηκε
663 5030 774 5102 γὰρ
807 5032 1145 5103 ἀνθρώπινον
1178 5035 1276 5104 μὲν
1303 5037 1472 5089 οὐδέν’
1508 5040 1610 5091 ὅσα
1636 5039 1693 5090 δὲ
1725 5039 1819 5091 καὶ
1844 5040 1984 5109 τάχα

395 5120 487 5170 καὶ
522 5122 706 5173 πᾶσαν
737 5123 834 5189 τὴν
863 5124 1096 5194 γενητὴν
1137 5125 1504 5199 ὑπερνήχεται
1551 5129 1730 5198 φύσιν.
1764 5131 1983 5196 Ἐπάξει

392 5211 571 5266 τοίνυν
605 5213 699 5265 ἐπὶ
714 5213 774 5266 τὸ
793 5213 924 5283 ὕψος
942 5216 1038 5286 τῆς
1058 5216 1213 5285 δόξης
1231 5217 1340 5270 τῶν
1364 5220 1659 5292 ὀφθαλμῶν
1680 5222 1863 5275 αὐτοῦ’
1887 5225 1983 5292 ὀφ-

394 5301 616 5374 θαλμῶν
630 5303 688 5356 δέ
702 5321 867 5374 φησιν
890 5308 946 5358 ὲν
966 5305 1196 5372 τούτοις,
1220 5310 1340 5362 ἀντὶ
1354 5309 1449 5362 τοῦ
1466 5310 1573 5361 τῶν
1599 5311 1836 5376 ἐννοιῶν,
1858 5313 1973 5382 ἦτοι

397 5393 503 5445 τῶν
540 5394 960 5468 ἐνθυμημάτων.
1002 5398 1214 5468 Ὑψηλὰ
1232 5400 1363 5472 γὰρ,
1392 5401 1468 5464 ὼς
1495 5400 1651 5471 ἔφην,
1688 5403 1781 5455 καὶ
1813 5404 1980 5473 ὑπέρ-

399 5499 539 5550 ογκα
570 5484 745 5540 ταυτί.
781 5485 915 5550 Θεὸς
948 5486 1005 5538 δὲ
1038 5488 1320 5559 ὑπάρχων,
1352 5490 1447 5543 καὶ
1481 5491 1560 5552 εἰς
1587 5491 1812 5562 καρδίαν
1839 5494 1980 5563 δρῶν

398 5574 492 5627 καὶ
519 5576 769 5646 νεφροὺς,
798 5575 956 5640 εἰδώς
977 5595 1037 5630 τε
1063 5578 1131 5631 τὰ
1158 5580 1533 5650 κεκρυμμένα,
1567 5585 1658 5635 καὶ
1691 5586 1819 5654 ἡμῖν
1842 5586 1980 5639 αὐτὰ

472 5731 534 5761 ⁸⁸⁸
559 5732 681 5788 Osc.
717 5750 793 5793 Ix,
825 5733 877 5786 8.
964 5738 1001 5765 "‘
1034 5733 1148 5789 Jac.
1181 5751 1251 5797 tv,
1290 5735 1319 5785 6

2087 4684 2193 4721 non
2237 4668 2378 4723 laudi
2421 4669 2522 4723 hoc
2548 4669 2770 4723 verbum
2815 4669 2861 4721 ei
2908 4669 3171 4727 tribuens,
3208 4664 3301 4718 sed
3348 4661 3482 4714 vitio
3524 4661 3657 4713 dans

2084 4762 2285 4829 potius,
2322 4762 2520 4831 quippe
2564 4761 2658 4830 qui
2704 4760 2836 4813 nihil
2887 4759 3028 4812 aliud
3068 4761 3140 4811 sit
3190 4771 3354 4825 quam
3404 4750 3655 4822 superbia

2088 4856 2196 4908 Deo
2227 4869 2417 4908 exosa.
2461 4852 2604 4907 Nihil
2637 4854 2781 4907 enim
2810 4856 2874 4906 tle
2905 4870 2961 4904 sc
2989 4852 3159 4904 sensit
3190 4849 3524 4911 lmmanitns,
3563 4845 3656 4900 sed

2086 4962 2208 5014 quae
2245 4961 2463 5001 omnem
2493 4953 2739 4998 naturam
2766 4944 3044 4998 mortalem
3078 4943 3344 4997 excedunt
3378 4950 3431 4996 et
3465 4953 3655 5006 supcr-

2083 5037 2343 5100 etninent,
2397 5036 2672 5107 cogitavit.
2724 5034 2946 5088 lntlucet
2993 5032 3156 5102 igitur
3198 5046 3359 5100 super
3386 5026 3659 5083 celsitudi-

2084 5144 2203 5183 nem
2248 5127 2435 5196 gloriae
2463 5128 2741 5181 oculorum
2777 5125 2937 5193 ejusf
2960 5123 3250 5180 Oculorum
3301 5134 3428 5175 vero
3460 5119 3549 5171 hic
3581 5116 3658 5169 di-

2081 5221 2176 5284 Cil.
2222 5234 2320 5287 Pro
2363 5219 2679 5288 opinionum
2736 5233 2831 5272 seu
2870 5216 3286 5287 cogitationum.
3332 5210 3469 5266 Altae
3510 5208 3655 5262 enim

2083 5324 2208 5367 sunt
2238 5311 2358 5376 illze,
2393 5319 2451 5364 ut
2477 5310 2609 5375 dixi,
2639 5321 2692 5364 et
2741 5309 3093 5380 przctumidaa.
3139 5306 3283 5359 Deus
3323 5311 3503 5355 autem
3533 5313 3653 5352 cum

2082 5406 2152 5460 sit
2196 5404 2286 5473 qui
2332 5420 2426 5457 cur
2462 5402 2769 5473 introspicit
2808 5412 2862 5457 et
2904 5415 3084 5466 rencs,
3133 5407 3185 5451 et
3229 5396 3319 5466 qui
3365 5391 3654 5464 perlustrat

2079 5497 2310 5561 occulta,
2331 5496 2485 5550 nobis
2504 5496 2666 5550 etiam
2696 5494 2784 5548 illa
2814 5493 2971 5562 plane
2997 5493 3355 5553 demonstrat,
3381 5493 3430 5539 et
3460 5480 3651 5550 inquit.

2086 5589 2227 5641 Dixit
2264 5590 2405 5643 enim
2434 5603 2448 5641 :
2482 5589 2536 5642 In
2576 5586 2888 5642 fortitudine
2937 5582 3154 5650 faciam,
3187 5592 3239 5637 ct
3269 5575 3534 5653 sapientia
3569 5573 3654 5628 in-
