4122 6292
456 368 475 381 ς
518 345 623 401 9.81

1506 354 1565 413 S.
1606 355 1880 412 CYRILLI
1918 357 2389 416 ALEXANDRINI
2428 362 2749 420 AllCHlEP.

3661 369 3769 429 τεε

516 458 822 532 ιειιίεεηιῑιε
850 463 1035 519 tollam
1088 468 1328 536 gentium
1378 472 1658 537 tcrminos,
1703 481 1759 529 et
1794 475 1960 531 robur
1987 492 2068 532 ea-

2179 478 2498 551 καθίστησιν
2531 483 2755 552 ἐναργῆ,
2801 481 2895 535 καί
2930 498 3115 551 φησιν.
3167 477 3302 536 Εἶπε
3344 480 3471 553 γάρ·
3514 484 3593 554 Τῇ
3622 478 3767 555 ίσχύῖ

514 565 634 605 rum
678 552 1066 623 depraedabor,
1110 567 1166 611 et
1211 558 1513 616 deturbabo
1568 563 1728 619 urbes
1779 566 2071 623 habitatas.

512 635 751 695 Observa
779 641 942 712 igitur
961 646 1230 713 quomodo
1258 649 1414 716 quasi
1447 651 1649 707 auxilio
1680 667 1921 722 superno
1966 671 2075 711 non

511 743 694 799 egens,
723 733 836 787 suis
879 734 1049 804 ipsius
1073 736 1278 792 viribus
1309 738 1441 794 solis
1479 742 1730 798 incensus
1777 746 1871 809 sit,
1916 749 2074 816 quasi

511 822 693 877 omnia
727 838 849 894 quae
880 824 1033 891 velit,
1078 836 1259 894 posset
1310 828 1492 887 facere
1526 849 1541 886 :
1594 847 1764 903 seque
1795 836 1932 891 adeo
1982 853 2074 892 sa-

511 912 746 981 pientem
795 914 909 969 fore
939 924 993 971 et
1043 917 1120 973 rei
1171 918 1427 975 militaris
1470 921 1757 991 scientem,
1798 935 1856 980 ut
1901 928 1968 981 ad
2016 943 2077 985 se

513 1005 773 1060 terminos
824 1007 1064 1076 gentium
1117 1009 1419 1067 transferre
1468 1011 1747 1078 facillime,
1796 1022 1852 1071 et
1886 1030 2075 1073 earum

509 1094 801 1159 potentiam
837 1094 1201 1167 perfringere,
1229 1109 1285 1153 et
1329 1101 1655 1171 depraedari,
1688 1113 1744 1159 et
1776 1106 1938 1163 urbes
1976 1107 2077 1162 im-

509 1182 673 1237 belles
707 1184 1057 1255 desertasque
1082 1197 1265 1256 posset
1291 1200 1581 1248 concutere
1608 1211 1623 1247 :
1664 1194 1880 1252 etiamsi
1922 1212 2078 1253 com-

507 1271 686 1341 plures
714 1283 769 1328 et
812 1276 1228 1336 innumerabiles
1271 1281 1479 1340 incolas
1521 1285 1774 1343 habeant.
1815 1288 1922 1344 Sed
1967 1305 2072 1346 non

508 1364 596 1420 hic
620 1366 773 1421 haesit
803 1367 919 1435 ejus
942 1373 1272 1441 arrogantia.
1304 1372 1479 1431 Jactat
1509 1379 1652 1433 enim
1682 1395 1741 1435 se
1763 1381 2073 1438 universum

506 1455 694 1510 orbem
727 1466 998 1516 terrarum
1033 1474 1491 1534 expugnaturum,
1525 1468 1688 1539 idque
1716 1470 1990 1537 facillime,
2021 1480 2079 1528 et

507 1557 753 1616 prompte
776 1558 831 1604 et
879 1551 1013 1607 citra
1045 1569 1276 1627 pugnam
1311 1572 1372 1613 se
1413 1560 1682 1615 facturum
1719 1563 1979 1631 decernit,
2009 1577 2076 1619 ac

507 1640 811 1723 constituit,
830 1651 1089 1711 quantum
1110 1649 1294 1704 animo
1309 1651 1524 1717 quidem
1548 1662 1782 1722 reputat.
1810 1653 2075 1731 Compre-

507 1729 737 1789 hendam
766 1731 929 1805 176
941 1736 1083 1791 enim
1111 1746 1279 1793 totum
1296 1742 1480 1796 orbem
1507 1753 1683 1810 teme,
1701 1729 1844 1799 velut
1861 1745 2069 1811 nidum,

2179 571 2411 640 ποιήσω,
2470 573 2566 626 καὶ
2605 575 2672 642 τῇ
2721 573 2884 644 σοφίᾳ
2930 572 3030 643 τῆς
3085 574 3352 637 συνέσεως
3405 573 3595 642 ἀφελῶ
3641 576 3763 646 ὅρια
3822 644 3825 652 Α

2179 658 2369 725 ἐθνῶν,
2411 662 2507 714 καὶ
2534 661 2634 732 τὴν
2671 664 2825 732 ἰσχὺν
2850 662 3032 715 αὐτῶν
3065 662 3444 732 προνομεύσω,
3466 652 3567 716 ’καὶ
3599 664 3766 718 σείσω
3823 680 3826 688 λ

2177 754 2361 818 πόλεις
2402 753 2850 823 κατοικουμένας.
2895 752 3086 824 Ἀθρει
3123 751 3188 823 δὴ
3221 748 3315 806 οῦν
3344 752 3513 816 ὅπως,
3557 754 3634 818 ὡς
3663 756 3762 825 τῆς

2180 842 2387 898 ἀνωθεν
2418 842 2737 914 ἐπικουρίας
2764 842 2825 895 οὑ
2849 841 3191 913 δεδεημένος,
3223 844 3347 906 ταῖς
3367 843 3562 897 ἐαυτοῦ
3595 844 3759 898 δυνάο

2180 949 2338 1004 μεσιν
2383 932 2613 986 ἀνάπτει
2642 932 2830 1003 μόναις
2862 932 2924 985 τὸ
2956 933 3136 987 πάντα
3160 932 3419 987 δύνασθαι
3456 933 3607 1006 δρᾷν,
3633 936 3761 989 ὃσα-

2176 1041 2284 1096 περ
2307 1023 2373 1078 ἂν
2400 1023 2655 1094 βούλοιτο·
2691 1024 2863 1078 οἴεται
2887 1023 2947 1078 δέ
2965 1024 3047 1078 ὅτι
3070 1024 3165 1079 καὶ
3202 1023 3365 1093 σοφὸς
3388 1023 3562 1087 οὕτως
3584 1024 3763 1091 ἐστὶν,

2177 1116 2272 1169 καὶ
2295 1098 2673 1186 στρατηγικὸς,
2702 1115 2778 1178 ῶς
2812 1115 2907 1169 καὶ
2931 1114 3075 1185 μάλα
3104 1113 3301 1185 ῥᾳδίως
3335 1113 3642 1183 ἐφ”ἐαυτδν
3665 1114 3757 1166 δύο

2177 1206 2371 1260 νασθαι
2408 1204 2668 1277 μεθιστᾷν
2708 1204 2776 1259 ea
2816 1206 2941 1276 ὅρια
2968 1204 3078 1258 τῶν
3135 1204 3326 1271 ἐθνῶν,
3354 1204 3751 1275 διαῤῥηγνῦναί

2175 1314 2237 1351 τε
2275 1297 2455 1351 αὑτῶν
2482 1297 2580 1369 τὴν
2609 1298 2786 1367 ἰσχὺν,
2819 1297 2914 1351 καὶ
2950 1298 3008 1349 ἐν
3037 1297 3281 1367 προνομῇ
3325 1296 3620 1358 ποιεῖσθαι,
3665 1297 3758 1350 καὶ

2174 1388 2485 1443 κατασείειν
2526 1387 2735 1454 πόλεις,
2757 1388 2856 1441 οὑκ
2890 1386 3185 1459 ἀνάνδρους
3226 1387 3320 1441 καὶ
3357 1388 3753 1459 ἠρημωμένας,

2173 1480 2288 1534 ἀλλ’
2340 1482 2389 1533 εί
2450 1481 2545 1535 καὶ
2597 1479 2884 1543 πλείστους
2941 1481 3098 1543 ὅσους
3121 1520 3137 1545 ,
3199 1478 3294 1532 καὶ
3350 1478 3755 1550 ἀναριθμήτους

2174 1571 2345 1643 ἔχοιεν
2382 1572 2507 1636 τοὺς
2550 1571 2941 1635 κατοικοῦντας
2995 1572 3053 1623 ἐν
3091 1570 3301 1633 αὑταῖς.
3337 1570 3447 1623 Καὶ
3487 1570 3550 1622 οὑ
3593 1570 3752 1641 μέχρι

2171 1663 2378 1717 τούτων
2419 1664 2488 1717 τὰ
2520 1663 2618 1733 τῆς
2643 1662 2958 1727 ἀλαζονείας
2986 1660 3156 1731 αὑτῷ.
3189 1661 3608 1732 Περιαυτίζεται
3644 1663 3756 1735 γὰρ

2174 1754 2267 1808 καὶ
2298 1754 2516 1825 ἀπάσης
2555 1755 2637 1807 ὅτι
2677 1751 3079 1823 καταδράξηται
3118 1752 3218 1822 τῆς
3250 1750 3342 1804 ὑπ’
3364 1750 3612 1821 οὐρανὸν,
3659 1755 3753 1805 καὶ

503 1828 559 1874 et
584 1819 731 1875 velut
754 1824 1010 1882 derelicta
1035 1843 1137 1884 ova
1164 1829 1372 1899 tollam,
1400 1843 1456 1888 et
1490 1848 1596 1890 non
1625 1837 1828 1906 estqui
1853 1836 2068 1908 effugiat

2171 1843 2287 1900 λίαν
2307 1819 2564 1911 εὐκόλῶς,
2591 1842 2823 1914 ἑτοίμως
2853 1819 2919 1895 τε
2952 1819 3045 1896 καὶ
3077 1819 3281 1914 ἀμαχεὶ
3307 1819 3632 1897 διατέθειται
3659 1844 3752 1896 καὶ

503 1910 588 1964 vel
618 1912 834 1968 resistat
859 1915 1014 1973 mihi.
1049 1917 1095 1976 Ο
1129 1921 1396 1992 insignem
1428 1925 1759 1995 superbiant,
1793 1942 1827 1982 ο
1865 1931 2074 1999 cogita-

492 2000 678 2067 tiones
701 2005 895 2064 stultas
927 2006 942 2062 l
972 2011 1129 2079 quasi
1163 2013 1322 2070 unius
1362 2017 1657 2085 passerculi
1705 2017 1869 2073 nidus
1899 2028 2071 2087 esset,

504 2096 755 2154 universa
802 2098 919 2155 hac
965 2102 1238 2171 machina,
1285 2104 1357 2159 ita
1400 2121 1518 2161 eam
1554 2108 1909 2165 considerat:
1955 2110 2073 2167 ovis

504 2187 712 2245 relictis
744 2190 813 2245 ab
842 2190 1029 2248 altrice
1053 2208 1174 2260 ave,
1203 2196 1370 2252 totius
1398 2206 1559 2253 terrae
1591 2198 1801 2256 incolas
1827 2202 2067 2274 confert,

501 2285 563 2332 ut
592 2278 745 2347 quasi
774 2279 942 2337 draco
986 2283 1206 2338 invadat
1246 2295 1301 2340 et
1342 2286 1656 2354 absorbeat,
1689 2291 1911 2359 oditque
1941 2305 2076 2348 con-

503 2368 852 2436 tradicentes,
898 2373 1115 2437 nedum,
1162 2382 1220 2428 ut
1270 2375 1352 2430 sic
1407 2376 1606 2445 dicam,
1659 2386 1959 2450 exspectat,
2011 2389 2074 2437 ut

501 2457 706 2515 obsessi
748 2475 930 2517 secum
964 2462 1016 2517 in
1050 2463 1377 2535 colloquium
1409 2468 1646 2523 veniant.
1675 2469 1804 2526 Haec
1843 2474 1909 2528 ad
1949 2488 2076 2544 per-

501 2562 688 2603 sonam
741 2551 909 2621 ipsius
972 2551 1188 2610 Satana:
1237 2572 1452 2627 quoque
1508 2559 1704 2616 referri
1754 2563 1932 2621 decet.
1979 2565 2073 2621 Est

499 2644 645 2697 enim
686 2644 775 2699 ille
804 2654 956 2715 pater
984 2650 1252 2718 superbiae
1277 2668 1290 2702 :
1321 2660 1582 2722 putatque
1616 2669 1676 2709 se
1708 2655 1893 2711 orbem
1924 2671 2073 2712 com-

499 2734 916 2801 prehensurum,
951 2738 1097 2794 nullo
1125 2747 1594 2799 contravenienle.
1624 2745 1696 2798 At
1726 2760 1814 2800 res
1837 2761 1942 2802 non
1993 2748 2072 2803 sic

501 2823 717 2878 demum
761 2827 892 2893 abit,
942 2830 1052 2884 imo
1094 2832 1276 2887 evenit
1310 2832 1383 2887 illi
1438 2834 1504 2889 ad
1551 2844 1851 2892 extremum
1894 2838 2070 2895 exitus

503 2928 684 2970 rerum
716 2918 875 2990 longe
898 2923 1221 2980 contrarius.
1249 2925 1461 2981 Etenim
1486 2928 1811 2985 contradixit
1844 2944 1941 3000 pro
1963 2944 2067 2985 no-

499 3005 585 3061 bis
617 3006 882 3077 Christus,
912 3028 1011 3069 nec
1039 3016 1367 3072 contradixit
1396 3018 1591 3084 solum,
1632 3020 1725 3075 sed
1751 3031 1806 3076 et
1832 3036 1930 3090 pro
1957 3022 2065 3076 vita

508 3098 751 3153 omnium
804 3101 856 3155 in
902 3111 1173 3161 certamen
1205 3109 1503 3176 descendit,
1531 3120 1587 3165 et
1623 3111 1894 3166 exitialem
1921 3112 2067 3167 illum

500 3189 648 3256 vicit,
697 3194 1029 3266 pedibusque
1074 3208 1385 3255 sanctorunt
1414 3202 1748 3257 substravit:
1783 3219 1905 3258 nam
1934 3204 2069 3258 dixit

500 3280 626 3335 cis:
668 3298 687 3331 ι
727 3282 862 3339 Ecce
905 3286 1024 3341 dedi
1062 3290 1217 3344 vobis
1263 3291 1574 3346 facultatem
1617 3292 1860 3349 calcandi
1906 3311 2066 3364 super

502 3382 782 3440 serpentes
825 3384 880 3430 ct
908 3381 1241 3449 scorpiones,
1279 3392 1333 3438 et
1370 3397 1531 3453 supra
1579 3399 1796 3440 omnem
1832 3395 2067 3455 potesta-

505 3474 609 3515 lettt
636 3463 834 3520 inimici
866 3469 932 3521 ’°.
976 3489 1008 3535 ι,

2171 1939 2359 2007 φρονεῖ
2382 1936 2524 1990 κατά
2549 1951 2613 2003 γε
2642 1934 2703 1987 τὸ
2727 1934 2805 1996 είς
2837 1932 2960 1987 νοῦν
2983 1926 3116 2004 ἧκον
3148 1931 3318 2003 αύτῷ.
3353 1932 3751 2004 Καταλήψομαι

2169 2026 2299 2097 γὰρ,
2337 2027 2489 2097 φησὶ,
2524 2026 2624 2096 τὴν
2654 2023 2978 2095 οἰκουμένην
3009 2024 3136 2095 ὅλην
3165 2022 3242 2087 ὡς
3274 2023 3514 2087 νοσσιὰν,
3554 2025 3648 2078 καὶ
3675 2024 3753 2088 ὡς

2168 2116 2637 2187 καταλελειμμένα
2671 2115 2754 2169 ὠά
2779 2114 2918 2187 ἀρῶ,
2956 2115 3051 2167 καὶ
3077 2114 3177 2167 οὐκ
3198 2112 3343 2167 ἐστιν
3381 2113 3439 2178 ὃς
3469 2114 3752 2184 διαφεύξε-

2168 2208 2259 2263 ταί
2294 2225 2383 2279 με,
2419 2207 2452 2279 ή
2481 2207 2713 2280 ἀντείπῃ
2744 2224 2854 2277 μοι.
2896 2206 2959 2258 Ὢ
2988 2205 3167 2277 δεινῆς
3212 2205 3537 2276 ὑπεροψίας,
3585 2205 3631 2259 ὣ
3671 2205 3755 2261 λο-

2168 2298 2384 2371 γισμῶν
2431 2297 2739 2353 ἀσυνέτωνί
2793 2297 2880 2360 Ὧς
2927 2297 3045 2360 ἐνὸς
3093 2295 3375 2368 στρουθίου
3422 2297 3615 2351 καλιάν
3649 2297 3752 2369 τήν

2171 2388 2465 2460 σύμπασαν
2517 2388 2724 2458 βλέπει,
2766 2386 2893 2450 ὠοῖς
2939 2387 3456 2459 καταλελειμμένοις
3506 2387 3612 2441 ὑπὸ
3650 2388 3750 2457 τῆς

2170 2478 2479 2548 θαλπούσης
2522 2476 2733 2549 ὄρνιθος
2774 2476 3100 2548 παρεικάζει
3141 2477 3269 2540 τοὺς
3299 2476 3403 2531 ἀνὰ
3440 2479 3624 2531 πᾶσαν
3651 2475 3750 2547 τὴν

2169 2568 2292 2639 γῆν,
2321 2568 2389 2621 ἵν’
2410 2569 2486 2630 ὡς
2510 2567 2723 2639 δράκων
2754 2564 2995 2620 ἐπελθὼν
3048 2567 3310 2640 καταπίῃ.
3342 2568 3508 2621 Μισεῖ
3527 2566 3585 2620 δὲ
3613 2566 3743 2629 τοὺς

2168 2660 2571 2729 ἀντιλέγοντας,
2603 2661 2698 2713 κα)⁵
2739 2660 2848 2714 οὐδ’
2874 2658 2997 2713 ὅσον
3037 2660 3211 2712 εἰπεῖν
3250 2661 3329 2723 είς
3365 2659 3555 2728 λόγους
3596 2658 3749 2729 ἥξειν

2168 2751 2317 2823 αὑτῷ
2346 2751 2623 2824 προσδοκᾷ
2650 2752 2774 2815 τοὺς
2810 2750 3323 2824 πολιορκουμένους.
3343 2750 3514 2803 Ταυτὶ
3541 2751 3744 2820 πρέποι

2167 2842 2235 2899 ἂν
2253 2843 2348 2898 καὶ
2364 2843 2444 2905 είς
2463 2842 2526 2895 τὸ
2574 2842 2745 2896 αὑτοῦ
2770 2842 3058 2914 πρόσωπον
3084 2842 3374 2914 ἀναφέρειν
3394 2840 3488 2895 τοῦ
3512 2842 3744 2896 Σατανᾶ.

2168 2934 2279 2989 Καὶ
2303 2934 2411 3005 γάρ
2433 2935 2581 2987 ἐστιν
2610 2934 2774 2997 αὐτὸς
2797 2936 2826 2989 ό
2855 2935 2954 3007 τῆς
2984 2934 3362 3006 ὑπερηφανίας
3387 2935 3590 3005 πατήρ.
3622 2933 3747 3005 ’ῼή-

2169 3023 2237 3096 θη
2260 3023 2317 3078 δέ
2344 3025 2427 3078 ὅτι
2455 3023 2829 3096 καταλήψεται
2872 3025 2972 3095 τὴν
3011 3024 3335 3094 οἰκουμένην
3362 3025 3748 3095 ἀντιπράττον-

2167 3132 2259 3181 τος
2284 3114 2519 3180 οὐδενός.
2573 3115 2711 3170 Ἀλλ’
2733 3110 2832 3188 οὐχ
2866 3115 3009 3170 οὕτω
3032 3114 3215 3170 ποθένο
3238 3115 3506 3186 ἐκϐέϐηκε
3530 3115 3748 3186 δέεμᾶλ-

2177 3207 2267 3261 λον
2313 3206 2463 3278 αύτῷ
2511 3208 2645 3276 πρὸς
2696 3208 2804 3262 πᾶν
2844 3208 3148 3263 τούναντίον
3186 3207 3293 3262 τῶν
3322 3207 3661 3279 πραγμάτων
3687 3207 3748 3260 τὸ

2172 3298 2366 3370 πέρας.
2425 3300 2739 3371 Ἀντείρηκε
2781 3300 2889 3370 γὰρ
2919 3299 3059 3371 ὑπὲρ
3096 3298 3253 3370 ήμῶν
3293 3299 3322 3351 ὁ
3366 3298 3621 3370 Χριστόςο
3657 3298 3749 3351 καὶ

2169 3388 2272 3444 οὐκ
2336 3390 2623 3463 ἀντείρηκε
2677 3390 2870 3461 μόνον,
2920 3391 3055 3445 ἀλλὰ
3108 3392 3202 3445 καὶ
3230 3389 3588 3462 ⁴ιῖιπερήθληιτε
3649 3390 3749 3460 τῆς

2168 3479 2421 3533 ἀπάντων
2482 3478 2648 3551 ζωῆς,
2694 3482 2944 3553 νενίκηκε
2992 3482 3086 3555 ,τὸν
3143 3482 3458 3553 ἀλητήριον,
3500 3482 3595 3535 καὶ¹
3638 3483 3747 3543 τοῖς

501 3554 611 3607 τῶν
672 3556 839 3626 ἁγίων
902 3560 1218 3635 ὑπέστρωσε
1272 3566 1447 3622 ποσίν.
1504 3570 1646 3640 Ἔφη
1707 3570 1816 3643 γὰρ
1860 3573 2045 3636 αὑτοῖς
2070 3588 2083 3604 ν
2128 3589 2148 3624 t
2207 3572 2338 3627 Ἰδοὺ
2370 3571 2575 3629 δέδωκα
2614 3575 2745 3645 ὑμῖν
2818 3554 3067 3639 ἐξουσίαν
3111 3577 3299 3628 πατεῖν
3338 3574 3522 3628 ἐπάνω
3570 3572 3753 3642 ὄφεων

452 3648 462 3654 “
503 3645 616 3738 καί
654 3649 947 3719 σκορπίων,
1006 3655 1099 3708 καὶ
1159 3657 1250 3711 ἐπὶ
1311 3661 1490 3714 πᾶσαν
1541 3661 1641 3734 τὴν
1696 3662 1924 3735 δύναμιν
1975 3666 2071 3718 τοῦ
2110 3664 2326 3738 ἐχθροῦ.
2365 3684 2384 3718 s

576 3736 737 3797 Vens.
775 3741 862 3808 l5,
913 3744 998 3801 lli.
1036 3745 1181 3801 Num
1221 3749 1536 3819 gloriabitur
1575 3755 1771 3810 securis
1820 3757 1933 3811 sine
1970 3756 2061 3811 illo

500 3832 589 3898 qui
619 3840 753 3886 secet
785 3837 885 3890 ea?
912 3854 1037 3890 num
1065 3839 1337 3896 attolletur
1366 3860 1511 3899 serra
1543 3846 1655 3902 sine
1691 3864 1752 3901 eo
1783 3849 1874 3917 qui
1900 3851 2063 3904 trahit

499 3925 654 3977 eum?
683 3922 939 3981 Similiter
978 3930 1026 3984 si
1060 3932 1177 4001 quis
1226 3933 1462 3991 [enaverit
1502 3940 1702 4008 virgam
1734 3940 1811 3996 vel
1835 3940 2063 4011 lignum,

502 4031 669 4071 nonne
708 4016 831 4073 sic?
858 4019 963 4075 Sed
1004 4024 1197 4079 emittet
1251 4026 1507 4082 Dominus
1547 4026 1799 4085 Sabaotﬁ‘
1817 4032 1872 4087 in
1919 4044 2066 4087 tuum

498 4102 745 4160 honorem
782 4108 1150 4179 ignominiam,
1191 4124 1238 4169 et
1287 4116 1340 4170 in
1365 4126 1525 4186 tuam
1557 4118 1781 4190 gloriam
1811 4122 1947 4193 ignis
1977 4140 2064 4177 ar-

498 4194 624 4250 dens
647 4198 969 4256 incendetur.

566 4286 763 4355 Aperte
788 4293 1060 4364 redarguit
1083 4294 1366 4368 Assyrium
1395 4311 1450 4355 et
1480 4309 1683 4358 temere
1711 4302 1975 4368 inflatum,
2007 4313 2063 4359 ct

500 4392 723 4447 prorsus
765 4381 1008 4452 ignarum
1031 4389 1171 4456 quod
1211 4404 1314 4442 non
1348 4406 1539 4447 manus
1569 4394 1687 4463 ejus
1722 4410 1857 4464 opus
1886 4393 2057 4451 fuerit

2240 3758 2335 3826 Μὴ
2362 3757 2803 3827 δοξασθήσεται
2847 3759 3029 3830 ἀξίνη
3069 3759 3216 3814 ἄνευ
3264 3758 3371 3813 τοῦ
3417 3758 3744 3824 κόπτοντος
3804 3804 3821 3811 -

2162 3850 2231 3903 ἐν
2256 3848 2409 3918 αὐτῇ
2427 3868 2444 3914 ;
2469 3852 2533 3907 Ἢ
2553 3852 2936 3920 ὑψωθήσεται
2960 3853 3148 3920 πρίων
3168 3851 3315 3905 ἄνευ
3336 3850 3442 3904 τοῦ
3461 3849 3745 3915 ἕλκοντος

2163 3942 2382 4005 αὑτόν;
2423 3943 2720 4007 Ὡσαύτως
2735 3942 2843 3995 ἐὰν
2865 3961 2955 4006 τις
2974 3941 3087 4010 ᾂρη
3100 3940 3327 4010 ῥάϐδον
3344 3941 3379 4009 ἢ
3398 3941 3602 4019 ξύλον·
3629 3943 3742 4009 οὐχ

2162 4033 2380 4099 οὕτως,
2414 4034 2550 4087 ἀλλ’
2597 4034 2927 4089 ἀποστελεῖ
2963 4036 3180 4103 Κύριος
3216 4032 3454 4105 Σαϐαὼθ
3500 4033 3587 4097 είς
3628 4030 3744 4098 τὴν

2164 4124 2288 4193 σὴν
2324 4112 2499 4193 τιμῖιν
2536 4127 2796 4195 ἀτιμίαν,
2837 4126 2933 4180 καὶ
2965 4128 3053 4192 είς
3083 4127 3198 4195 τὴν
3239 4126 3365 4195 σὴν
3397 4124 3580 4189 δόξαν
3625 4120 3745 4192 πῦρ

2169 4217 2483 4285 καιόμενον
2513 4216 2897 4283 καυθήσεται.

2159 4345 2165 4351 ε
2238 4308 2510 4378 Διελέγχει
2543 4308 2728 4378 σαφῶς
2759 4310 2850 4363 τὸν
2882 4309 3186 4381 Ἀσσύριον,
3230 4310 3351 4380 είκῆ
3372 4326 3431 4362 τε
3458 4310 3747 4379 ἀναφυσώ-

2172 4416 2351 4469 μενον,
2383 4401 2478 4452 καὶ
2507 4400 2814 4471 ἠγνοηκότα
2843 4400 3143 4465 παντελῶς,
3172 4400 3249 4462 ὡς
3272 4401 3474 4470 ἦκιστα
3523 4400 3622 4470 μὲν
3646 4399 3746 4468 τῆς

498 4470 802 4528 Samariam
850 4478 1097 4546 perdere,
1150 4489 1205 4535 et
1254 4496 1359 4536 uua
1416 4499 1537 4538 cum
1586 4500 1647 4540 ea
1677 4487 1815 4542 alias
1847 4503 2063 4560 quoque

2171 4492 2349 4564 αὐτοῦ,
2377 4494 2558 4564 χειρὸς
2596 4470 2756 4565 ἔργον
2799 4494 2990 4562 γέγονε
3035 4493 3097 4547 τὸ
3124 4493 3384 4546 ἀπολέσαι
3431 4492 3529 4562 τὴν
3563 4492 3749 4561 Σαμα-

499 4566 662 4619 urbes
690 4581 901 4637 capere,
925 4571 1018 4625 sed
1043 4571 1218 4639 potius
1250 4571 1525 4629 decretum
1553 4591 1886 4645 supremum,
1921 4582 2063 4649 quod

499 4657 566 4710 iis
614 4659 703 4726 qtti
764 4661 1175 4718 intolerabiliter
1217 4674 1343 4718 sunt
1385 4667 1556 4735 impii,
1623 4684 1722 4724 ceu
1775 4671 2060 4738 bipennem

498 4750 807 4817 quamdam,
854 4753 938 4809 vel
993 4754 1197 4826 virgam
1228 4794 1243 4819 ,
1292 4757 1374 4811 vel
1422 4758 1627 4825 lignum
1674 4759 1859 4816 infert.
1911 4762 2058 4820 Cedo

498 4842 641 4894 unum
677 4843 832 4911 mihi,
878 4847 1075 4915 inquit,
1117 4862 1150 4902 ο
1194 4849 1567 4906 amentissime
1594 4852 1881 4907 omnium!
1933 4869 2060 4909 num

499 4932 709 4988 securis
734 4933 1051 5004 gloriabitur
1083 4939 1199 4995 sine
1233 4940 1325 4995 illo
1352 4943 1445 5011 qui
1496 4952 1642 4998 secet
1673 4943 1775 4998 ea?
1805 4943 2060 5014 Bipennis

498 5025 641 5077 enim
671 5023 718 5079 si
749 5026 948 5094 optime
977 5040 1288 5093 exacuatur,
1316 5035 1665 5093 accommoda
1700 5042 1786 5090 est
1813 5037 1880 5090 ad
1916 5036 2061 5107 ligna

499 5115 613 5184 agri
638 5116 993 5174 detondenda.
1030 5119 1164 5174 Num
1196 5120 1360 5193 igitur
1409 5123 1645 5180 laudabit
1681 5127 1825 5195 quis,
1860 5127 2061 5198 inquit,

499 5206 753 5272 securim,
786 5209 942 5276 quasi
973 5210 1074 5264 hoc
1109 5221 1368 5278 praestare
1402 5215 1607 5285 absque
1638 5216 1914 5274 incidente
1935 5234 2061 5273 cum

499 5311 562 5357 ea
591 5297 805 5352 valeat?
853 5298 1014 5355 Serra
1064 5316 1159 5372 per
1217 5318 1277 5359 se
1324 5305 1455 5375 quid
1505 5305 1721 5374 emciet,
1778 5309 1882 5364 nisi
1939 5310 2063 5381 quis

502 5384 726 5439 traxerit
769 5385 939 5452 illam.
984 5404 1049 5445 ac
1085 5405 1298 5446 rursum
1335 5394 1635 5464 depulerit?
1680 5397 1736 5454 Si
1783 5414 1911 5457 vero
1942 5399 2063 5469 quis

484 5484 690 5530 contra
713 5478 1071 5550 quodcunque
1117 5496 1210 5539 seu
1245 5485 1470 5555 virgam,
1499 5502 1591 5543 seu
1621 5488 1826 5559 lignum
1859 5491 2060 5558 elevet,

504 5576 681 5620 annon
709 5582 923 5623 rursum
958 5570 1036 5625 sic
1060 5572 1204 5629 erit?
1232 5572 1442 5631 Jacobit
1472 5576 1612 5634 enim
1636 5580 1786 5651 virga
1809 5582 1863 5638 in
1890 5592 2057 5652 terra,

573 5719 616 5749 ’θ
648 5717 757 5774 Luc
807 5736 859 5782 tt,
890 5720 968 5776 li).

2169 4600 2341 4653 ρειαν,
2367 4584 2505 4637 ἑλεῖν
2525 4584 2580 4636 δὲ
2602 4585 2698 4636 σὺν
2724 4585 2862 4656 αὐτῇ
2889 4583 3099 4646 καὶτὰς
3121 4583 3314 4653 ἑτέρας
3339 4582 3539 4647 πόλεις,
3565 4582 3745 4651 ψήφου

2166 4673 2223 4724 δὲ
2263 4673 2461 4742 μᾶλλον
2492 4676 2589 4743 τῆς
2624 4675 2829 4731 ἄνωθεν
2865 4674 3230 4747 ἐπιφερούσης
3263 4673 3443 4727 αὐτῶν
3472 4676 3585 4737 τοῖς
3613 4673 3750 4741 ἀφό-

2170 4778 2313 4832 ρητα
2369 4762 2820 4832 δεδυσσεϐηκόσι,
2885 4764 3137 4835 καθάπερ
3194 4763 3317 4817 τινὰ
3387 4764 3643 4829 πέλεκυν,
3710 4762 3746 4833 ἦ

2168 4851 2362 4922 ῥάϐδον
2385 4853 2418 4922 ἦ
2452 4851 2625 4917 ξύλον.
2647 4855 2782 4908 Είπέ
2805 4857 2913 4927 γάρ
2934 4872 3046 4926 μοι,
3070 4855 3254 4925 φησὶν.
3277 4848 3323 4909 ὦ
3344 4855 3563 4909 πάντων
3589 4853 3749 4908 ἀνού-

2169 4959 2351 5008 στατε,
2400 4944 2475 5015 μὴ
2522 4944 2679 5014 ἀξίνη
2725 4945 3114 5016 δοξασθήσεται
3156 4947 3284 4999 ἀνευ
3323 4945 3419 5000 τοῦ
3452 4948 3748 5008 κόπτοντος

2168 5032 2226 5085 ἐν
2258 5032 2417 5104 αὐτῇ.
2444 5033 2681 5096 Πέλεκυς
2706 5034 2802 5103 μὲν
2832 5033 2939 5105 γὰρ
2969 5036 3164 5106 ἄριστα
3190 5035 3525 5106 τεθηγμένος
3555 5036 3648 5088 καὶ
3669 5051 3751 5086 το-

2172 5124 2272 5195 μὸς
2300 5125 2617 5197 ἐπιτηδείως
2654 5124 2720 5179 ἂν
2744 5124 2855 5195 ἔχοι
2891 5126 3025 5197 πρὸς
3058 5125 3118 5178 τὸ
3148 5125 3466 5197 ἀποκείρειν
3487 5123 3750 5178 δύνασθαι

2168 5216 2238 5270 τὰ
2260 5219 2317 5271 ἐν
2342 5217 2530 5288 ἀγροῖς
2556 5216 2708 5282 ξύλα.
2731 5215 2858 5287 'Ap’
2888 5214 2981 5272 οῦν
3003 5218 3289 5272 ἐπαινέσαι
3308 5236 3393 5281 τις
3415 5219 3514 5290 τὴν
3536 5217 3746 5287 ἀξίνην,

2168 5308 2244 5373 ὡς
2289 5308 2446 5362 τοῦτο
2499 5311 2631 5381 δρᾷν
2680 5310 3004 5382 δυναμένην,
3058 5311 3178 5381 δίχα
3216 5309 3313 5364 τοῦ
3361 5310 3652 5371 κόπτοντος
3689 5311 3751 5364 ἐν

2170 5402 2347 5474 αὑτῇ;
2394 5404 2704 5474 Ἐνεργήσει
2738 5404 2795 5458 δέ
2820 5405 2871 5458 τί
2900 5404 3020 5459 καθ’
3058 5404 3249 5458 ἑαυτὸν
3292 5405 3321 5457 ὁ
3352 5405 3549 5475 πρίων,
3584 5405 3634 5456 εί
3669 5404 3748 5474 μή

2168 5512 2251 5559 τις
2281 5495 2490 5548 ἐλκοιτό
2517 5513 2574 5549 τε
2608 5496 2790 5564 αὐτὸν,
2836 5497 2932 5550 καὶ
2973 5497 3307 5568 κατωθήσειε
3352 5497 3551 5561 πάλινς
3579 5496 3641 5549 Ei
3690 5495 3751 5548 δέ

2166 5587 2228 5658 δή
2268 5604 2349 5651 τις
2374 5586 2496 5641 καθ’
2522 5586 2696 5644 ὁτιοῦν
2736 5588 2769 5659 ἢ
2808 5590 3022 5660 ῥάϐδον,
3049 5590 3082 5659 ἢ
3118 5588 3294 5656 ξύλον
3325 5584 3415 5661 ἆρ’
3441 5588 3539 5658 οὑχ
3571 5586 3749 5654 οὕτως
