2072 3151
228 180 280 209 289

792 176 826 204 ΙΝ
845 176 963 205 ISAIAM
983 178 1050 207 LIB.
1072 178 1092 206 l.
1114 178 1219 208 ORAT.
1239 178 1286 208 VI.

1803 178 1856 207 290

227 239 305 265 ισται
327 236 424 270 nam;
444 237 574 263 Κείσεται
600 237 649 272 μὲν
673 236 726 272 γὰρ
746 238 763 271 ἡ
781 237 878 272 ῥάϐδος
897 239 938 270 εις
957 239 1008 274 γῆν

1072 244 1099 266 et
1116 239 1218 273 lignum
1238 237 1417 273 projicietur:
1432 241 1459 264 at
1475 236 1497 264 si
1512 236 1574 271 quis
1591 236 1737 271 acceperit,
1756 241 1784 264 et
1806 245 1854 271 ap-

228 285 357 320 ἔρριπται
381 284 408 311 δὲ
431 284 521 310 καὶτὸ
536 283 622 316 ξύλον,
638 283 695 310 ἀλλ’
709 283 737 310 s!
747 292 791 315 τις
805 284 895 310 λαϐὼν
921 284 1019 319 ιπάγοι

228 331 295 361 τισὶ,
310 330 371 356 τότε
382 330 414 365 δὴ
429 330 536 360 πάντως
548 330 589 361 εις
605 329 686 364 ἔργον
701 329 762 364 ἥξει
774 330 810 356 τὰ
824 329 858 357 δι’
873 331 972 357 αὐτῶν.
986 331 1019 357 Τί

228 375 607 410 τοίνυν,‹ρησὶ,πεφρόνηκας
627 375 733 410 bili-qm;
758 375 792 401 Τί
815 375 844 402 δὲ
867 376 916 410 τὴν
934 376 1020 411 ὀφρὺν

229 420 368 455 ἁνασπᾷ;;
389 420 446 446 Οἴει
466 420 507 447 ὅτι
525 420 579 456 ίδίᾳ
597 421 711 455 δυνάμει
733 421 916 456 κατώρθωκας
940 421 1020 454 αὐτὸς

230 464 258 490 τὸ
274 464 345 490 ἑλεῖν
364 464 414 496 τὰς
430 464 532 496 πόλεις,
547 466 576 492 ὲν
590 465 706 500 οὐρανοῦ
730 465 806 497 τάξει
830 466 1020 501 παραληφθεὶς

232 508 304 543 παρὰ
315 509 363 543 τῆς
378 510 470 536 ἐκεῖνα
482 510 611 545 ποιούσης
623 511 724 546 χειρὸς,
739 511 860 546 δηλονότι
874 512 923 547 τῆς
934 512 1017 543 θείας;

231 555 266 581 Οὐ
283 555 316 590 σὴ
328 555 474 590 τοιγαροῦν
489 554 588 590 ὴδόξα·
600 555 669 582 Θεοῦ
683 556 711 582 δὲ
726 557 826 592 μᾶλλον
838 557 884 583 τοῦ
894 558 1019 592 καθάπερ

230 599 289 626 τινὰ
303 599 432 631 πέλεκυν,
452 599 469 634 ἢ
488 599 596 635 ῥάϐδον.
611 600 628 635 ἢ
643 600 721 633 ξύλον
741 601 790 636 τὴν
806 601 854 636 σὴν
871 601 1019 635 ἐπάγοντος

229 645 358 679 ὡμότητα
367 646 424 676 τοῖς
435 645 509 680 αὐτῷ
519 647 778 681 προσκεκρουκόσιν.
792 648 860 682 Ἐσῃ
871 648 960 674 τοίνυν
971 648 1018 682 οὐχ

229 689 311 722 οὓτω,
324 691 416 725 φησὶν,
433 691 470 722 ὡς
478 691 571 726 ᾠήθης
585 692 674 723 αὑτός.
690 692 758 719 Οὔτε
774 693 826 729 μὴν
840 695 869 720 ὲν
877 695 1018 728 ταυτότητι

229 736 309 771 δόξης
320 736 469 771 διαμενεῖς,
486 737 544 763 ἀλλ’
559 737 620 764 οὐδὲ
632 739 691 769 ταῖς
709 738 794 770 οὕτως
809 739 906 774 ἁῦραίς
919 741 1019 766 ὲνσπει-

231 781 359 815 ταλήσεις
382 782 484 815 τιμαῖς.
501 782 538 807 Οὐ
557 783 589 816 τῇ
607 782 679 816 ἰσχύϊ
694 784 826 817 ποιήσεις,
845 784 905 810 οὐδὲ
926 786 958 819 τῇ
979 793 1019 810 σο-

232 826 282 860 φίᾳ
298 825 348 860 τῆς
365 826 496 858 συνέσεως
513 828 621 861 ἀφελεῖς
634 829 696 862 ὅρια
711 828 806 856 ἐθνῶν.
823 830 858 855 Οὑ
875 831 1017 866 καταλήψῃ

229 872 280 907 τὴν
293 872 455 907 οἰκουμένην
479 873 515 905 ὡς
536 873 577 899 ibi:
599 875 844 910 καταλελειμμένα.
868 876 936 902 Ἀλλ’
951 877 1018 903 ἀπο-

1070 284 1220 318 plicaverii,
1239 289 1303 310 tunc
1319 284 1430 310 omnino
1447 290 1478 310 ea
1500 290 1560 318 qua:
1583 290 1632 318 Per
1651 282 1695 309 illa
1721 282 1800 315 tlunt,
1824 284 1851 310 tu

1069 336 1137 363 opus
1159 329 1277 356 venient.
1299 327 1368 361 Quid
1389 336 1467 363 ergo,
1491 329 1588 363 inquit,
1610 328 1663 356 alta
1683 328 1773 363 sapis?
1791 329 1855 363 quid

1070 375 1244 409 supercilium
1267 374 1364 402 tollis?
1381 374 1576 402 Exsistiinasne
1595 379 1640 402 tua
1663 375 1689 401 vi
1707 375 1758 402 hoc
1776 374 1855 410 177

1070 420 1240 455 perfunctum
1252 427 1314 448 esse
1330 425 1366 453 te,
1381 425 1410 447 ut
1422 428 1535 455 caperes
1546 421 1638 452 urbes,
1652 428 1714 448 cum
1727 425 1855 455 tanquam

1069 466 1278 493 instrumentum
1305 473 1321 493 a
1342 473 1423 493 manu
1445 466 1573 493 nimirum
1593 466 1695 499 divina,
1716 474 1776 501 qua:
1800 467 1857 493 haec

1070 513 1135 539 facit
1158 512 1295 539 adhibitus
1317 512 1423 538 lueris?
1448 520 1500 539 non
1526 513 1606 547 igitur
1624 517 1669 539 tua
1690 512 1783 547 gloria,
1809 513 1855 539 sed

1070 558 1115 584 Dei
1143 559 1242 592 potius,
1265 558 1327 592 quia
1356 563 1400 585 tua
1430 558 1590 585 crudelitate
1615 563 1742 592 tanquam
1766 561 1854 585 securi

1069 601 1193 633 quapiam
1226 608 1273 627 seu
1301 601 1386 635 virga,
1412 609 1459 628 seu
1489 602 1569 635 ligno,
1595 603 1724 629 adversus
1747 610 1794 630 eos
1808 603 1855 637 qui

1070 646 1156 680 ipsum
1169 646 1340 673 oﬂ'enderanl
1357 655 1422 673 usus
1435 652 1485 674 est.
1503 647 1559 673 Non
1575 648 1657 681 igitur
1673 649 1737 680 eris,
1758 649 1807 681 ait,
1819 649 1854 675 ita

1069 692 1106 717 uti
1125 692 1181 725 ipse
1195 692 1318 726 cogitas:
1333 700 1383 719 nec
1400 693 1523 719 eumdem
1540 694 1632 727 gloriie
1650 699 1768 720 tenorem
1787 695 1855 721 reti-

1068 736 1153 767 ncbis,
1166 736 1212 763 sed
1228 744 1318 770 neque
1332 742 1385 764 tam
1409 737 1533 764 delicatis
1554 738 1702 765 honoribus
1718 739 1853 771 lascivies,

1070 788 1118 807 nec
1134 781 1160 807 iii
1177 782 1336 810 fortitudine
1354 782 1506 814 faeies,nee
1520 784 1652 817 sapientia
1668 784 1854 819 intelligentia:

1069 826 1145 852 tolles
1164 827 1281 860 gentium
1299 828 1439 860 terminos,
1463 836 1514 855 non
1540 829 1631 863 capies
1649 830 1742 856 orbein
1766 835 1854 857 terra.

1069 879 1128 898 rnm
1143 877 1172 899 ut
1185 880 1235 899 ova
1255 873 1359 906 relicta,
1383 874 1429 901 sed
1446 875 1531 901 mittet
1551 875 1679 902 Dominus
1697 875 1813 903 Sabaoth
1826 878 1852 904 in

230 917 319 942 στελεῖ
338 917 438 952 Κύριος
457 918 569 944 Σαῦαὼθ
596 919 636 949 εὶς
656 919 706 953 τὴν
727 919 778 954 σὴν
798 919 880 954 τιμὴν
893 921 1011 955 ἀτιμίαν,

1071 922 1144 943 tuum
1160 918 1253 950 decus,
1270 919 1396 951 dedecus,
1409 925 1435 946 et
1450 920 1476 946 iii
1496 920 1609 953 gloriam
1624 925 1697 948 tuam
1723 922 1793 956 ignis
1811 930 1853 949 ar-

230 962 276 987 xa'i
297 962 337 992 είς
359 961 408 996 τὴν
430 962 478 997 σὴν
497 963 576 995 δόξαν
597 962 653 998 πῦρ
675 964 820 997 καιόμενον
840 964 1015 1000 καυθήσεται.

228 1005 316 1040 Τιμὴν
329 1006 357 1032 δὲ
373 1006 455 1032 αὐτοῦ
476 1015 552 1042 φησι,
567 1007 618 1042 τὴν
638 1007 683 1033 ὑπ’
698 1007 772 1042 αὺτῷ
795 1009 966 1042 πράττουσαν
988 1018 1017 1034 τε

229 1052 274 1078 καὶ
288 1051 471 1087 ὑποκειμένην
488 1053 628 1088 στρατιάν.
646 1053 704 1079 Ἐπ’
713 1053 780 1088 αὐτῇ
794 1054 847 1089 γὰρ
864 1054 1016 1086 δεδόξαστο.

229 1096 287 1131 Πῦρ
299 1094 345 1123 οὖν
360 1096 420 1131 ἥξει
437 1097 497 1124 κατ’
517 1097 612 1132 αὐτῆς,
633 1097 710 1132 φησὶ,
723 1098 770 1123 καὶ
790 1098 953 1132 καταφλέξει
967 1099 1017 1134 τὴν

228 1141 277 1177 σὴν
288 1143 380 1177 τιμήν.
401 1143 466 1169 Τίνα
482 1143 510 1170 δὲ
524 1143 625 1178 τρόπον
641 1144 688 1170 xui.
699 1143 778 1170 τοῦτο
789 1145 893 1179 γέγονε,
907 1146 1017 1181 διατρα-

227 1189 267 1213 vo!
283 1188 375 1220 πάλιν,
393 1190 440 1215 καὶ
453 1190 503 1216 οὐκ
518 1191 558 1221 εἰς
571 1191 690 1225 μακράν.

261 1234 316 1260 Καὶ
341 1235 427 1262 ἔσται
452 1236 484 1262 τὸ
512 1235 581 1269 φῶς
595 1235 637 1268 τῷ
657 1238 776 1271 Ἰσραὴλ
800 1239 844 1269 εις
870 1229 939 1271 nixi.
969 1239 1017 1264 καὶ

227 1279 347 1312 άτιάσει
364 1279 456 1306 αὐτὸν
475 1280 510 1306 ἐν
523 1281 595 1314 πυρὶ
611 1282 767 1316 καιομένῳ,
783 1283 832 1309 καὶ
845 1283 966 1316 φάγεται
978 1284 1017 1316 ὡς

227 1325 337 1358 χόρτον
349 1325 406 1359 τὴν
417 1325 506 1359 ὕλην.
523 1325 561 1359 Τῇ
573 1326 668 1360 ἡμέρᾳ
682 1327 781 1361 ἐκείνῃ
795 1328 1016 1361 ἀποσϐεσοήσε-

227 1378 275 1396 ται
299 1370 336 1396 τὰ
357 1370 422 1404 ὄρη,
449 1371 499 1397 καὶ
522 1373 548 1398 οἱ
569 1372 688 1405 βουνοί,
716 1374 764 1400 καὶ
788 1375 815 1400 οἱ
826 1373 939 1407 δρυμοί.
960 1374 1016 1401 Καὶ

227 1416 431 1450 καταφάγεται
447 1416 505 1443 ἀπὸ
522 1416 625 1451 ψυχῆς
637 1418 692 1451 ἕως
710 1418 838 1452 σαρκῶν.
855 1420 911 1447 Καὶ
929 1420 1015 1447 ἔσται

229 1463 245 1487 ὀ
261 1462 380 1496 φεύγων
397 1462 437 1495 ὡς
449 1463 566 1497 φεύγων
583 1464 641 1490 ἀπὸ
655 1464 767 1498 φλογὸς
781 1465 950 1499 καιομένης·
965 1467 1013 1493 καὶ

230 1506 257 1531 οὶ
282 1506 526 1540 καταλειφθέντες
543 1507 600 1533 ἀπ’
619 1507 719 1535 αὐτῶν
735 1508 858 1536 ἔσονται
880 1510 1012 1544 ἀριθμὸς,

228 1551 276 1577 καὶ
289 1551 406 1578 παιδίον
415 1551 519 1586 γράψει
530 1553 652 1586 αὐτούς.

1070 963 1137 989 dens
1154 964 1327 991 accendetur.
1345 965 1432 992 Decus
1444 970 1532 992 autem
1543 965 1601 1000 ejus
1614 966 1680 993 dicit
1691 968 1851 1000 exercitum,

1070 1010 1114 1043 qui
1143 1009 1192 1036 sub
1218 1011 1277 1044 ipso
1304 1012 1435 1038 merebat.
1463 1011 1526 1038 Inde
1549 1012 1620 1038 enim
1644 1012 1774 1046 gloriatus
1800 1020 1849 1040 est.

1071 1055 1140 1090 Ignis
1161 1063 1235 1090 ergo,
1260 1056 1356 1090 inquit.
1383 1056 1492 1083 invadet
1512 1057 1598 1088 illiilli,
1625 1061 1753 1091 tuumque
1771 1059 1852 1086 decus

1070 1101 1203 1128 amburet.
1233 1102 1463 1135 Quemadmodum
1494 1104 1575 1138 igitur
1605 1103 1656 1131 hoc
1680 1103 1781 1131 factum
1806 1105 1851 1136 sit,

1071 1155 1163 1174 rursus
1175 1148 1314 1182 explanat,
1334 1156 1383 1175 nec
1398 1149 1424 1175 id
1438 1150 1551 1182 prolixe.

1105 1233 1186 1261 Vens.
1208 1235 1300 1262 17-19.
1320 1235 1352 1262 Et
1379 1237 1427 1263 erit
1454 1237 1499 1264 lux
1528 1237 1636 1265 Itraelis
1660 1248 1706 1273 pro
1730 1240 1800 1274 igne,
1827 1247 1852 1267 et

1068 1280 1241 1314 snizctt'ﬁcabit
1276 1290 1333 1308 eum
1357 1283 1416 1316 igne
1438 1284 1551 1315 ardenti,
1569 1291 1591 1311 et
1608 1286 1663 1311 edet
1677 1286 1743 1312 sicut
1765 1287 1852 1319 [nium

1068 1326 1169 1352 silvam.
1194 1326 1241 1354 Die
1259 1328 1304 1354 illa
1326 1330 1523 1364 exstinguentur
1544 1337 1655 1363 montes,
1677 1338 1700 1358 et
1725 1333 1814 1364 colles,
1829 1340 1851 1359 et

1067 1373 1162 1404 mlius,
1184 1378 1207 1399 et
1231 1374 1362 1401 dei-orabit
1385 1376 1415 1401 ab
1431 1377 1520 1402 animo
1540 1386 1620 1411 usque
1634 1387 1734 1405 carnes.
1753 1378 1787 1405 Et
1803 1380 1851 1405 erit

1068 1417 1170 1451 fugiens
1187 1418 1254 1444 velut
1271 1420 1374 1453 fugiens
1395 1430 1410 1447 a
1426 1422 1532 1455 ﬂuuium
1557 1425 1676 1451 ardente.
1709 1425 1741 1451 Et
1759 1434 1851 1459 snper-

1065 1464 1139 1491 stites
1152 1472 1184 1491 ex
1197 1465 1251 1491 illis
1269 1472 1343 1492 erunt
1361 1475 1495 1499 numerus,
1517 1474 1539 1495 et
1553 1471 1675 1502 parvulus
1689 1472 1782 1498 scribet
1795 1481 1848 1498 eos.

259 1596 421 1630 Δυσέφικτον
435 1598 537 1633 σφόδρα
551 1599 582 1624 τὸ
593 1599 748 1634 εἰρημένον,
763 1600 834 1635 καὶὴ
851 1602 901 1636 τῆς
914 1602 1011 1635 λέξεως

1101 1605 1182 1633 Valde
1211 1607 1356 1633 obscurum
1378 1613 1419 1634 est
1445 1608 1514 1641 quod
1539 1608 1655 1641 dicitur,
1682 1615 1709 1637 et
1722 1611 1851 1637 orationis

222 1641 341 1677 συνθήκη
365 1643 414 1678 τὴν
437 1643 565 1670 ἀπόδοσιν
587 1645 644 1679 ἔχει
665 1645 890 1683 δυσχερεστάτην.
920 1649 1011 1684 Σαφη-

220 1687 330 1722 νιοῦμεν
337 1687 365 1714 δὲ
380 1689 521 1720 πάλιν,τὸν
535 1689 564 1716 ἐν
575 1698 607 1724 γε
621 1691 678 1722 τοῖς
689 1692 879 1726 προκειμένοις
891 1695 1010 1729 κρυπτό-

222 1740 301 1766 μενον
324 1733 398 1766 νοῦν,
414 1734 504 1760 ἐκεῖνα
519 1736 726 1770 προειρηκότες·
742 1734 805 1763 Elite
822 1738 871 1773 μὲν
891 1739 944 1774 γὰρ
962 1740 1010 1774 τὴν

221 1777 376 1813 Σαμάρειαν
395 1780 410 1805 ό
429 1779 631 1815 Σαλαμανασὰρ
649 1782 662 1807 ό
679 1781 733 1807 τῶν
759 1782 909 1817 Ἀσσυρίων
934 1784 1009 1818 βασι-

220 1822 293 1855 λεὺς,
307 1824 450 1851 ἀπέστειλε
466 1825 495 1851 δὲ
511 1825 650 1861 Ῥαψάκην
661 1827 694 1853 ὲκ
707 1827 806 1862 Λαχείς
817 1829 857 1859 είς
875 1829 1009 1864 Ἰερουσα-

221 1866 286 1902 λὴμ,
299 1868 328 1899 ὃς
342 1868 436 1901 ἐλθὼν,
451 1870 498 1895 καὶ
511 1869 694 1905 πολιορκήσας
708 1871 793 1907 αὐτὴν
807 1872 1009 1908 προσλελάληκε

219 1914 275 1944 τοῖς
297 1914 325 1939 ὲν
344 1913 383 1949 τῷ
403 1914 487 1948 τείχει
505 1914 540 1940 τὰ
562 1914 637 1948 παρὰ
651 1915 698 1941 τοῦ
719 1917 895 1951 πεπομφότος
916 1918 1006 1949 αὑτὸν,

220 1958 372 1993 προσετίθει
387 1959 416 1985 δὲ
430 1959 535 1992 τούτοις
548 1959 596 1991 τὰς
611 1960 680 1987 κατὰ
701 1960 747 1987 τοῦ
765 1961 832 1988 Θεοῦ
850 1962 1007 1998 δυσφημίας

219 2004 318 2038 λέγων,
343 2008 385 2035 ὃτι
402 2005 440 2032 Οὐ
459 2005 497 2041 μὴ
515 2006 625 2042 ῥύσεται
640 2007 655 2033 ὸ
670 2007 743 2039 Θεὸς·
757 2008 806 2043 τὴν
832 2008 1009 2045 Ἰερουσαλὴμ

220 2052 252 2077 ἐκ
266 2050 356 2085 χειρὸς
371 2051 501 2085 βασιλέως
514 2052 672 2088 ⁷Δσσνρίων.
686 2054 758 2089 Πρὸς
772 2054 804 2089 δὴ
818 2055 852 2081 τὰ
864 2055 952 2081 τοιάδε
966 2056 1008 2081 δε-

219 2096 399 2131 δυσφορηκὼς
422 2098 436 2123 ὁ
459 2097 584 2132 βασιλεὺς
614 2099 739 2131 Ἐζεκίας
769 2099 817 2131 τὰς
851 2101 918 2135 πρὸς
942 2101 1008 2127 Θεὸν

220 2143 338 2168 ἐποιεῖτο
354 2142 428 2174 λιτὰς
438 2142 533 2178 λέγων·
547 2144 724 2176 Είσάκουσον,
739 2145 835 2180 Κύριε,
855 2146 1006 2180 είσὸλεῲον,

218 2187 317 2223 Κύριε,
331 2189 377 2215 καὶ
390 2188 427 2215 τόε
438 2189 499 2221 τοὺς
507 2189 601 2224 λόγους
617 2191 767 2225 Ῥαψάκου,
778 2191 824 2223 οὓς
834 2191 1006 2224 ἐξαπέστειλε

1065 1655 1200 1677 structura
1237 1660 1345 1679 sensum
1381 1653 1458 1680 amart.
1487 1654 1622 1681 intellectu
1653 1655 1848 1683 dimcilliniuni.

1064 1695 1264 1730 Explicabimus
1289 1703 1378 1725 autem
1407 1707 1499 1726 rursus
1522 1708 1630 1727 sensum
1653 1702 1677 1728 in
1704 1702 1746 1729 liis
1760 1703 1850 1729 verbis

1065 1741 1203 1775 latentem,
1227 1743 1290 1769 illiiil
1317 1744 1443 1777 pra-lati:
1468 1746 1544 1780 Cepit
1568 1747 1694 1773 nimirum
1711 1748 1851 1775 Saliiiaiia-

1064 1795 1141 1815 sarus
1164 1797 1208 1816 rex
1236 1790 1409 1825 Assyriorum
1425 1792 1585 1825 Samariam,
1601 1793 1751 1827 legavitque
1766 1802 1780 1820 e
1796 1794 1849 1820 La-

1063 1833 1127 1860 ches
1156 1835 1303 1868 liapsaceni
1331 1835 1503 1864 Jerusalem:
1530 1840 1575 1872 qui
1598 1846 1658 1865 cuin
1683 1839 1848 1872 advenisset,

1062 1887 1175 1914 eamque
1198 1882 1338 1909 obsidione
1361 1883 1503 1916 cinxisset,
1523 1891 1568 1912 eos
1585 1885 1719 1918 quierant
1735 1885 1760 1911 in
1780 1892 1849 1911 ιιιω-

1063 1925 1142 1951 nibus
1161 1925 1260 1953 aliatus
1272 1932 1328 1958 est,
1344 1935 1403 1961 qua:
1422 1929 1456 1955 ab
1473 1936 1505 1956 eo
1520 1929 1565 1963 qui
1582 1929 1669 1963 ipsum
1686 1930 1759 1956 misit
1771 1937 1848 1956 acce-

1062 1976 1149 2004 perat.
1170 1971 1273 2004 Quibus
1289 1973 1412 2007 adjunxit
1428 1974 1610 2008 blasplieniias
1634 1980 1661 2001 et
1673 1975 1799 2002 convicia
1822 1976 1846 2002 in

1062 2014 1167 2041 Deum:
1193 2015 1251 2043 Non
1283 2017 1426 2050 liberabit,
1454 2019 1551 2053 inquit,
1577 2020 1646 2046 Deus
1667 2019 1815 2047 Jerusalem
1832 2031 1847 2048 e

1062 2067 1141 2086 manu
1165 2063 1236 2096 regis
1256 2062 1440 2097 Assyriorum.
1464 2064 1529 2096 Quae
1546 2065 1638 2099 iniquo
1652 2065 1741 2092 ferens
1757 2067 1847 2093 animo

1061 2104 1191 2132 Ezechias
1216 2113 1262 2133 rex
1278 2126 1286 2139 ,
1315 2107 1382 2134 fusis
1408 2109 1440 2134 ad
1469 2110 1550 2135 Deum
1576 2110 1713 2144 precibus,
1736 2111 1844 2146 inquit:

1062 2151 1175 2184 Exaudi,
1191 2152 1312 2184 Domine,
1332 2154 1434 2187 aspice,
1466 2154 1588 2187 Domine,
1614 2161 1640 2183 et
1664 2158 1846 2193 contemplare

1061 2197 1142 2222 verba
1170 2196 1320 2231 Rapsacis,
1350 2206 1410 2233 quae
1435 2199 1526 2226 emisit
1554 2208 1598 2228 rex
1615 2202 1800 2238 Assyriorum,
1817 2209 1847 2231 ut.

218 2232 345 2267 βασιλεὺς
365 2234 523 2270 Ἀσσυρίων,
541 2235 681 2267 ὀνειδίζειν
700 2236 766 2262 Θεὸν
783 2238 881 2269 ζῶντα.
904 2238 1006 2273 Ἐπηγ-

1064 2242 1170 2276 probris
1196 2242 1280 2269 Deum
1307 2244 1441 2272 viventem
1466 2246 1656 2274 insectaretur.
1669 2232 1846 2283 'Repromisit

218 2279 328 2312 γέλλετο
337 2279 364 2306 δὲ
378 2280 443 2312 Θεὸς
461 2281 510 2316 τὴν
525 2281 662 2316 σωτηρίαν
677 2282 778 2313 αὐτοῖς.
794 2283 847 2309 Καὶ
857 2283 887 2318 δὴ
904 2284 950 2310 καὶ
961 2284 1005 2316 εε-

216 2324 298 2358 ἦλθεν
314 2324 427 2358 ἄγγελος
440 2326 554 2361 Κυρίου,
570 2326 617 2352 καὶ
639 2326 743 2352 ἀνεῖλεν
763 2327 791 2352 ἐν
807 2328 856 2362 μιᾷ
875 2328 952 2355 νυκτὶ
974 2331 1005 2356 ὲκ

215 2369 266 2403 τῆς
288 2370 464 2405 παρεμϐολῆς
480 2371 534 2397 τῶν
556 2371 705 2406 Ἀσσυρίων
725 2372 822 2398 ἑκατὸν
841 2373 1004 2408 ὀγδοήκοντα

215 2415 297 2441 πέντε
318 2416 449 2450 χιλιάδας.
472 2414 509 2444 Οὔ
525 2417 559 2452 δὴ
582 2418 733 2451 γεγονότος,
763 2419 891 2448 ὲὸάλλετο
918 2420 968 2454 μὲν
982 2422 1004 2455 ¹ὁ

214 2461 358 2496 Ἀσσύριος
384 2462 513 2497 ἁφορήτῳ
528 2462 645 2497 δείματι.
666 2464 796 2496 ’Δκούσας
823 2465 852 2491 δὲ
874 2466 1003 2500 ἀγγελίαν

212 2505 254 2530 ὅτι
268 2505 397 2540 Σαρσαοὰ
413 2506 540 2541 βασιλεὺς
553 2507 689 2534 Αἰθιόπων
701 2502 796 2544 ἐξῆλθε
809 2510 880 2536 κατὰ
892 2511 941 2545 τῆς
957 2511 1007 2546 γῆς

214 2551 297 2577 αὑτοῦ
317 2552 365 2578 σὺν
385 2552 486 2586 ὀλίγοις
503 2553 641 2584 παντελῶς
664 2555 720 2585 τοῖς
743 2554 1005 2590 περιλελειμμένοις,

212 2596 301 2631 ᾤχετο
321 2597 421 2631 φυγάς.
443 2598 528 2624 Τοῦτο
557 2599 602 2625 καὶ
631 2598 678 2625 νῦν
705 2600 718 2625 ὀ
746 2603 914 2636 προφητικὸς
941 2604 1006 2637 ἡμῖν

212 2643 420 2677 αἰνιγματωδῶς
431 2644 601 2679 διερμηνεύει
617 2645 703 2678 λόγος.
715 2646 773 2677 Φῶς
785 2646 835 2680 μὲν
847 2647 899 2682 γὰρ
912 2648 1006 2681 γέγονε

213 2687 252 2721 τῷ
283 2688 390 2723 Ἰσραὴλ
421 2689 435 2714 ὸ
457 2689 511 2715 τῶν
540 2690 607 2716 ὅλων
632 2690 698 2721 Θεὸς
730 2691 774 2717 τὸν
805 2693 1004 2726 καταφωτίζειν

217 2732 342 2767 ἰσχύοντα
356 2734 543 2770 διορισάμενος
562 2736 652 2770 νόμον.
675 2736 753 2763 Ἀλλὰ
772 2737 860 2770 τοῦτο,
882 2740 958 2773 φησι,
974 2740 1003 2765 τὸ

214 2779 274 2811 φῶς
288 2779 318 2805 τὸ
331 2779 452 2815 ὑπάρξαν
467 2780 505 2815 τῷ
520 2780 636 2816 Ἰσραὴλ,
652 2783 682 2808 οὺ
696 2782 753 2816 φῶς
774 2782 850 2809 ἔσται
868 2786 923 2815 τοῖς
943 2785 1002 2810 Ἀσ-

212 2824 316 2859 συρίων
331 2826 542 2862 στρατεύμασιν,
566 2827 622 2853 ἀλλ’
638 2829 677 2859 είς
698 2827 754 2863 πῦρ
770 2829 922 2864 ὀλοθρεῦον.
938 2831 1000 2856 Ὅτι

209 2871 238 2897 δὲ
256 2872 357 2898 οἰκεῖον
377 2872 450 2904 αὐτῷ
470 2873 517 2899 καὶ
536 2873 742 2906 ἁνατεθειμένον
768 2875 873 2906 ἡγεῖται
896 2875 959 2901 λαὸν
989 2878 1002 2902 ὁ

1061 2295 1125 2314 vero
1146 2287 1217 2315 Deus
1237 2289 1349 2316 salutem
1369 2290 1444 2318 illis:
1468 2299 1647 2327 egressusque
1661 2294 1745 2321 exivit
1761 2303 1845 2329 ange-

1060 2333 1101 2360 lus
1123 2334 1241 2367 Domini,
1253 2340 1280 2363 et
1295 2344 1348 2363 una
1363 2342 1440 2364 nocte
1453 2345 1468 2364 ρ
1482 2339 1581 2366 castris
1595 2340 1766 2374 Assyriorum
1781 2347 1845 2367 cen-

1061 2383 1116 2405 tum
1131 2380 1268 2414 octoginta
1284 2381 1403 2414 quinqiie
1421 2383 1503 2409 millia
1517 2383 1654 2411 interemit
1669 2391 1676 2410 :
1695 2392 1747 2418 quo
1762 2384 1842 2418 laeto,

1058 2423 1128 2450 ictus
1153 2430 1194 2451 est
1218 2425 1346 2460 Assyrius
1373 2427 1472 2461 ingenti
1500 2428 1606 2455 timore.
1635 2429 1753 2464 Accepto
1781 2438 1843 2458 vero

1058 2470 1151 2497 nuntio
1168 2470 1295 2498 Sarsatha
1316 2479 1405 2506 regem
1437 2472 1597 2508 Ethiopum
1625 2479 1719 2502 contra
1743 2481 1841 2503 terram

1055 2522 1131 2541 suam
1154 2516 1235 2549 178
1258 2517 1458 2550 expeditionem
1481 2518 1578 2550 facere.
1597 2527 1657 2547 eum
1676 2522 1768 2555 paucis
1785 2530 1837 2548 oni-

1058 2560 1121 2586 nino
1142 2561 1244 2587 relictis
1272 2561 1337 2588 abiit
1361 2563 1500 2598 profugus.
1518 2564 1574 2591 Hoc
1594 2573 1665 2591 nunc
1687 2567 1841 2600 prophetica

1057 2605 1133 2631 nobis
1157 2605 1350 2639 interpretatur
1369 2609 1466 2635 oratio.
1489 2608 1546 2636 Lux
1570 2611 1641 2637 enim
1658 2610 1748 2638 lsraeli
1772 2611 1841 2638 Deus

1058 2650 1241 2677 universitatis
1266 2652 1379 2684 exstitit,
1405 2654 1450 2687 qui
1476 2654 1549 2681 solus
1570 2654 1655 2689 legem
1670 2664 1729 2690 quae
1743 2656 1841 2682 illumi-

1058 2703 1122 2722 nare
1152 2701 1239 2729 potest
1263 2697 1412 2724 coustituil.
1439 2698 1492 2725 Sed
1519 2700 1586 2732 haec,
1610 2700 1707 2734 inquit,
1724 2701 1767 2728 lux
1781 2710 1840 2736 qua:

1056 2740 1161 2766 exsistit
1179 2740 1281 2772 lsraeli,
1295 2749 1346 2768 non
1362 2743 1414 2769 erit
1431 2743 1475 2770 lux
1491 2745 1663 2779 Assyriorum
1680 2747 1774 2779 copiis,
1793 2750 1839 2775 sed

1057 2794 1104 2820 pro
1127 2786 1188 2821 igne
1205 2787 1260 2813 erit
1281 2788 1394 2814 exitiali.
1413 2788 1489 2820 Quod
1511 2795 1601 2817 autem
1618 2790 1840 2827 Hierosolymita-

1054 2839 1104 2858 nos
1118 2831 1255 2864 proprium
1271 2831 1322 2858 sibi
1342 2839 1374 2859 ac
1384 2839 1570 2861 consecratum
1588 2837 1714 2871 populum
1731 2838 1838 2864 univer-

1057 2877 1146 2904 sitatis
1163 2878 1232 2905 Deiis
1255 2878 1412 2911 existimet,
1430 2887 1477 2914 per
1493 2880 1581 2915 ignem
1605 2884 1743 2911 ardentem
1768 2885 1837 2910 inter
1886 2916 1888 2918 τ
