4144 6302
487 348 581 405 29!
1479 341 1540 396 S.
1584 338 1864 396 CYRILLI
1902 338 2375 395 ALEXANDRINI
2413 338 2732 396 ARCHIEP.

3655 334 3759 389 999

489 458 769 532 Assyrios,
807 457 1023 515 docebit
1049 470 1238 512 omnes
1265 463 1531 526 quotquot
1564 456 1766 525 ubique
1795 465 1943 510 sunt.
1970 457 2068 509 At-

2179 457 2285 510 τῶν
2317 457 2453 510 ὅλων
2476 457 2607 518 Θεὸς
2633 457 2759 518 τοὺς
2782 455 2840 506 ἐν
2867 454 2978 516 τοῖς
3007 450 3400 522 Ἱεροσολύμοις
3421 450 3508 504 διὰ
3540 449 3635 503 τοῦ
3670 466 3760 504 πο-

490 569 596 619 que
641 552 744 605 hoc
794 560 878 605 est
934 547 1075 617 quod
1091 543 1250 616 ait,'t
1273 542 1650 601 Sanctiﬁcabit
1682 561 1802 598 eum
1839 546 1961 616 igne
1991 561 2076 598 ar-

491 647 672 698 dente.
692 665 709 698 ι
732 643 883 708 Quod
925 640 1069 694 enim
1105 637 1435 694 sanetiftcari
1482 637 1703 700 dicitur,
1733 653 1838 691 non
1865 652 2077 706 semper

491 737 594 788 erit
618 734 793 788 omnis
817 731 1126 788 sanctitatis
1157 729 1452 798 particeps,
1476 738 1532 782 at
1561 731 1741 798 potius
1765 730 1815 782 in
1849 729 2073 798 gloriam

490 834 870 880 consecratum
932 836 1054 876 esse
1105 823 1215 876 Deo
1279 820 1570 890 Significat.
1629 820 1939 888 Cuiusmodi
1995 830 2078 874 est

490 919 632 985 quod
670 919 802 972 dicit
848 918 913 969 ad
945 915 1130 969 Mosen
1165 930 1179 966 :
1221 932 1240 964 ί
1278 913 1572 967 Sanctiﬁca
1611 915 1741 967 tttilti
1771 929 1931 966 mune
1966 915 2077 981 pri-

492 1011 820 1078 mogenitum
863 1008 1116 1079 aperiens
1146 1007 1386 1072 vulvam,
1416 1009 1654 1061 mascula
1692 1009 1918 1059 Domino
1943 1007 2009 1058 ³¹.
2053 1024 2070 1056 ι

499 1101 565 1151 Et
597 1101 751 1165 illttd,
788 1100 1095 1162 sanctiﬁca,
1132 1099 1181 1150 in
1222 1098 1306 1151 his
1333 1098 1428 1160 ait,
1470 1113 1588 1166 pro,
1625 1113 1906 1152 consecra.
1939 1095 2077 1149 San-

489 1194 749 1246 ctil‘tcnbit
781 1193 968 1262 igitur,
995 1192 1190 1259 inquit,
1225 1188 1479 1244 lsraelem
1514 1190 1753 1244 universi
1789 1189 1949 1256 Dens,
1976 1191 2079 1243 hoc

490 1296 595 1348 ρει,
649 1287 724 1338 illi
766 1297 1140 1339 consecratum
1185 1294 1241 1335 et
1292 1282 1591 1351 repositum
1637 1280 1827 1334 cﬂiciet
1866 1283 1914 1333 in
1960 1283 2079 1350 igne

490 1379 719 1429 ardente
767 1395 778 1429 :
839 1391 934 1446 per
995 1377 1172 1443 ignem
1236 1373 1515 1426 incensum
1565 1384 1750 1426 contra
1804 1374 2075 1442 Assyrius.

496 1471 680 1538 Ignem
729 1480 907 1522 autem
949 1469 1182 1536 appellat
1226 1468 1334 1532 hic,
1385 1467 1721 1534 inopinatum
1771 1464 2074 1518 interitum.

493 1564 607 1620 Nisi
657 1563 804 1616 enim
845 1559 1168 1626 peculiatem
1226 1557 1328 1611 sibi
1362 1559 1607 1610 duxisset
1629 1557 1772 1608 hunc
1801 1555 2074 1623 populum,

493 1671 772 1724 nunquam
813 1653 1141 1704 incendisset
1168 1660 1360 1703 contra
1389 1648 1730 1701 adversarios
1759 1646 1959 1716 ignem,
1985 1645 2075 1713 qui

493 1747 658 1797 etiam
717 1742 1068 1809 consumpsit,
1107 1740 1246 1794 velut
1302 1740 1484 1792 fenum
1534 1737 1614 1791 vel
1645 1736 1856 1800 silvam,
1906 1735 2073 1806 ASsy-

2182 547 2272 618 ρὸς
2300 547 2396 601 τοῦ
2431 546 2788 607 ὲκκαυθέντος
2823 547 2880 597 ὲν
2907 545 3019 606 τοῖς
3044 542 3370 611 Ἀσσυρίοις,
3401 541 3605 608 διδάξει
3637 544 3766 605 τοὺς

2180 641 2485 712 ἁπανταχῆ.
2507 641 2616 693 Καὶ
2631 638 2790 692 τοῦτό
2824 639 2940 691 ἐστι
2965 635 3045 701 τὸ,
3066 655 3083 686 ί
3120 633 3537 704 Ἀγιάσειαὺτὸν
3559 636 3617 687 ἐν
3633 635 3768 705 πυρὶ

2180 733 2477 802 καιομένῳ.
2505 751 2523 782 ι
2553 733 2627 783 Τὸ
2657 732 2765 801 γὰρ
2791 729 3114 798 ἀγιάζεσθαι
3148 727 3459 797 λεγόμενον,
3485 727 3607 796 οὐχὶ
3634 744 3770 778 παν-

2180 824 2266 885 τὸς
2287 823 2562 892 ἁγιασμοῦ
2588 824 2812 893 μετέχον
2829 807 3003 883 ἔσται,
3026 820 3280 891 σημαίνει
3303 818 3358 871 δὲ
3386 818 3586 887 μᾶλλον
3604 817 3768 872 καὶτὸ

2181 916 2260 976 εἰς
2291 913 2449 978 δόξαν
2478 912 2893 981 ἀνατεθειμένον
2928 909 3005 980 τῷ
3034 907 3172 979 Θεῷ.
3211 903 3335 960 Οἷόν
3372 907 3424 959 τί
3457 924 3591 978 φησι
3629 907 3768 976 πρὸς

2184 1005 2406 1058 Μωσέα·
2463 1022 2481 1054 ι
2523 1003 2776 1072 Ἀγίασόν
2828 1019 2918 1072 μοι
2964 1002 3072 1058 πᾶν
3112 1001 3458 1072 πρωτότοκον
3499 999 3768 1066 διανοῖγον

2183 1098 2416 1167 μήτραν,
2457 1095 2525 1148 τὰ
2553 1095 2814 1166 ἀρσενικὰ
2846 1094 2922 1165 τῷ
2954 1092 3161 1164 Κυρίῳ.
3193 1111 3212 1145 ι
3249 1092 3358 1145 Καὶ
3393 1093 3471 1154 τὸ,
3517 1092 3766 1159 ἁγίασον,

2180 1192 2238 1241 ἐν
2261 1188 2492 1251 τούτοις,
2521 1188 2640 1242 ἀντὶ
2677 1187 2791 1250 τοῦ,
2825 1186 3043 1250 ἀνάθες,
3076 1185 3259 1254 φησίν.
3296 1184 3539 1251 Ἀγιάσει
3566 1184 3767 1247 τοίνυν,

2182 1281 2335 1350 φησι,
2370 1281 2459 1333 τὸν
2500 1281 2716 1350 Ἰσραὴλ
2738 1281 2766 1330 6
2799 1279 2905 1330 τῶν
2932 1279 3065 1331 ὅλων
3092 1277 3245 1336 Θεὸς.
3277 1275 3422 1328 τοῦτ’
3450 1275 3616 1336 ἔστιν,
3645 1277 3772 1327 ἁνα-

2179 1373 2488 1444 τεθειμένον
2531 1373 2681 1442 αὐτῷ
2727 1373 2820 1425 καὶ
2860 1371 3158 1424 ἀπόλεκτον
3203 1371 3471 1437 ἀποφανεῖ
3518 1369 3576 1420 ἐν
3632 1366 3769 1438 πυρὶ

2180 1467 2473 1536 καιομένῳ·
2505 1465 2593 1519 διὰ
2620 1465 2713 1518 τοῦ
2740 1464 2909 1535 πυρὸς
2928 1462 3022 1516 τοῦ
3050 1461 3456 1531 ὲκκεκαυμένου
3489 1460 3628 1513 κατὰ
3659 1461 3768 1512 τῶν

2193 1557 2512 1628 Ἀσσυρίων.
2557 1556 2675 1628 Πῦρ
2714 1556 2770 1610 δέ
2817 1573 2981 1626 φησιν
3027 1557 3086 1608 ἐν
3133 1555 3345 1614 τούτοις
3383 1553 3474 1606 τὸν
3508 1553 3770 1622 ἀδόκητον

2179 1647 2418 1718 ὄλεθρον.
2465 1649 2526 1700 Ei
2582 1648 2656 1718 μὴ
2704 1647 2810 1716 γὰρ
2849 1646 2977 1700 ἴδιον
3021 1648 3208 1716 ἡγεῖτο
3251 1644 3400 1709 λαὸν,
3432 1645 3532 1696 οὐκ
3569 1643 3632 1696 ἂν
3681 1643 3770 1708 ἑξ-

2182 1740 2379 1792 έκαυσε
2413 1739 2553 1793 κατὰ
2578 1739 2686 1792 τῶν
2715 1737 2972 1790 ἐναντίων
3007 1738 3067 1790 τὸ
3095 1736 3226 1806 πῦρ,
3251 1736 3278 1788 ὃ
3303 1741 3396 1790 καὶ
3428 1735 3770 1803 δεδαπάνηκε

501 1838 702 1888 Γίοιίιιιι
749 1831 1170 1885 multitudinem.
1218 1831 1310 1883 Illa
1368 1833 1570 1900 itaque,
1604 1830 1796 1897 inquit,
1831 1828 1941 1891 die,
1975 1828 2076 1882 hoc

2181 1830 2434 1902 καθάπερ
2462 1831 2654 1902 χόρτον
2697 1831 2730 1900 ἦ
2761 1830 2893 1900 ὓλην
2922 1830 3018 1900 τὴν
3052 1829 3159 1882 τῶν
3194 1827 3494 1898 ’Δσσυρίων
3532 1826 3767 1895 πληθύν.

493 1939 599 1992 est,
633 1927 848 1980 circiter
895 1926 1021 1978 illud
1075 1924 1353 1992 temporis,
1405 1925 2074 1991 exstinguenturmontes,

494 2030 546 2072 et
576 2019 762 2083 colles,
795 2031 847 2072 et
878 2018 1070 2080 saltus,
1102 2027 1158 2070 et
1187 2017 1467 2070 devorabit
1509 2025 1615 2067 tam
1648 2014 1883 2067 animum
1915 2027 2076 2082 quam

493 2128 710 2169 cat-nes.
743 2111 984 2165 Collibus
1023 2121 1077 2164 et
1111 2109 1386 2163 montibus
1413 2119 1467 2160 et
1495 2107 1646 2162 siltis
1679 2105 1904 2174 pulchre
1935 2104 2076 2158 assi-

496 2205 651 2256 milat
697 2203 843 2271 ipsas
887 2200 1235 2272 Assyriorum
1289 2199 1494 2266 copias,
1556 2209 1853 2264 carumque
1889 2193 2074 2260 duces,

497 2296 698 2363 quique
737 2295 878 2356 aliis,
908 2306 1004 2345 ccu
1050 2289 1215 2344 colles
1243 2299 1296 2342 et
1325 2298 1556 2351 montes,
1587 2286 1918 2356 prtecellunt.
1970 2283 2076 2339 Ve-

495 2403 612 2439 ttttn
665 2385 717 2438 hi
771 2384 986 2453 quidetn
1027 2383 1464 2451 exstinguentur,
1508 2379 1611 2433 hoc
1656 2385 1760 2443 est,
1819 2377 1908 2444 qtti
1946 2377 2074 2429 olim

501 2476 663 2528 validi
699 2484 857 2529 erant
890 2484 946 2527 et
997 2472 1291 2535 ferventes,
1332 2469 1414 2524 vel
1473 2469 1626 2522 inviti
1680 2468 2076 2522 exanimabun-

496 2575 603 2617 tur.
652 2563 766 2616 lloc
813 2563 958 2616 enim
1013 2561 1274 2624 declarat,
1305 2559 1742 2628 exstinguentur.
1781 2557 2072 2611 Devorabit.

492 2655 638 2706 cnim
694 2668 788 2706 eos
843 2667 1012 2716 mors,
1059 2661 1268 2704 tantum
1310 2665 1415 2703 non
1451 2651 1660 2702 animus
1691 2648 1985 2702 conficiens
2017 2658 2075 2700 et

492 2760 714 2812 Corpus.
764 2743 917 2808 Quod
966 2743 1167 2794 etenim
1221 2755 1326 2792 non
1379 2739 1690 2794 interierint
1740 2739 1894 2793 simul
1955 2756 2074 2793 cum

494 2836 815 2904 corporibus
867 2839 923 2885 et
973 2834 1185 2892 animm,
1231 2832 1403 2884 cuivis
1449 2831 1791 2899 perspicuum
1827 2840 1952 2885 est:
1984 2847 2075 2886 ve-

497 2944 613 2980 t-unt
661 2927 788 2980 hinc
835 2927 930 2978 ira:
961 2925 1068 2978 vim
1101 2924 1429 2979 subindicat.
1463 2923 1570 2978 Sed
1601 2923 1726 2988 erit,
1756 2924 1949 2994 inquit,
1982 2924 2075 2993 qui

498 3019 656 3087 t‘ugit,
692 3018 836 3070 velut
867 3016 1078 3086 fugiens
1111 3031 1139 3066 a
1164 3013 1378 3068 ﬂamma
1408 3014 1656 3079 ardente,
1679 3024 1734 3067 et
1756 3017 2076 3084 superstites

405 3140 407 3142 -
501 3127 566 3164 cx
602 3109 708 3163 illis
752 3119 911 3163 erunt
942 3120 1170 3160 numero
1203 3105 1384 3174 pauci,
1412 3114 1469 3159 ut
1491 3120 1625 3174 puer
1645 3118 1740 3159 eos
1771 3107 2068 3162 describat.

495 3201 657 3256 Pauci
694 3201 838 3255 enim
878 3213 1125 3267 prorsus,
1168 3207 1227 3249 ut
1259 3196 1391 3261 dixi,
1423 3197 1578 3266 quasi
1615 3211 1681 3252 ex
1710 3195 1923 3252 ﬂamma
1952 3213 2076 3254 suc-
2103 3193 2148 3253 C

495 3307 660 3348 censa
717 3292 806 3344 vix
866 3292 1201 3353 essilientes,
1251 3290 1410 3343 simul
1458 3305 1582 3344 cum
1638 3306 1764 3361 rege
1801 3292 2072 3361 fugerunt.

497 3382 794 3437 Tnntillum
846 3392 1026 3434 autem
1087 3394 1373 3434 numerum
1426 3379 1544 3434 fore
1601 3381 1778 3448 dicit,
1837 3393 1893 3436 ut
1924 3383 2073 3452 pueri

497 3475 677 3529 adhuc
709 3470 940 3527 infantis
970 3485 1124 3525 mens
1153 3471 1324 3538 possit
1353 3485 1475 3525 eum
1501 3473 1760 3543 consequi
1788 3481 1842 3528 et
1874 3475 2080 3527 descri-

496 3567 647 3627 bere,
669 3577 762 3618 seu
794 3563 1052 3616 dimetiri.
1091 3561 1266 3614 llabct
1289 3564 1433 3616 enim
1463 3562 1811 3619 Hebraeorum
1835 3565 2072 3627 traditio,

499 3656 661 3730 179
691 3657 836 3726 quod
871 3657 972 3710 soli
1004 3659 1190 3710 decem
1230 3671 1454 3709 numero
1486 3657 1685 3710 residui
1720 3659 2080 3712 remanserint

494 3751 582 3817 qui
619 3763 742 3800 cum
775 3746 1046 3816 Rapsace,
1088 3747 1137 3799 id
1167 3748 1309 3813 quod
1337 3746 1536 3810 evenit,
1574 3745 1686 3814 regi
1727 3747 2073 3816 Assyriorum

495 3840 896 3894 renuntiarent.
956 3836 1082 3892 Haec
1129 3837 1398 3906 superbia:
1440 3836 1558 3906 ejus
1589 3836 1874 3904 stipendia.
1907 3837 2074 3894 Nobis

494 3945 710 4001 qu0que
762 3930 851 3984 hic
901 3941 1061 4000 typus
1104 3929 1252 3983 utilis
1289 3938 1395 3982 est.
1441 3926 1497 3982 Si
1525 3926 1649 3996 quis
1669 3928 1812 3982 enim
1842 3930 1976 3982 iram
2003 3931 2077 3984 di-

495 4027 670 4078 vinam
708 4022 945 4094 cﬁ'uget'e
983 4025 1128 4087 velit,
1176 4023 1507 4090 (ninimeque
1539 4021 1820 4088 illaqueari
1847 4023 2008 4076 malis
2041 4039 2071 4076 a

495 4116 604 4171 Deo
629 4154 644 4179 ,
683 4126 873 4170 caveat
915 4115 1263 4169 vehementer
1290 4129 1371 4182 .ne
1417 4114 1470 4166 in
1506 4114 1725 4167 morbos
1763 4116 2075 4168 consimiles

493 4223 758 4277 paresque
783 4207 998 4261 illorum
1022 4206 1367 4276 perversitati
1401 4206 1624 4260 incidat.

2181 1925 2315 1976 Κατ’
2345 1924 2561 1992 ἐκείνην
2591 1923 2656 1993 δὴ
2701 1918 2794 1975 οὖν
2837 1921 2936 1992 τὴν
2970 1921 3202 1992 ἡμέραν,
3247 1920 3402 1990 φησι,
3440 1919 3585 1972 τοῦτ’
3630 1918 3771 1983 ἐστι,

2180 2016 2301 2066 κατ’
2323 2015 2499 2067 ἐκεῖνο
2522 2014 2612 2067 τοῦ
2643 2014 2836 2086 καιροῦ
2863 2014 3336 2084 ἁποσϐεσθήσεται
3359 2014 3426 2067 τὰ
3449 2014 3569 2084 ὅρη,
3601 2012 3698 2065 καὶ
3721 2013 3774 2062 οἱ

2180 2105 2358 2176 βουνοὶ
2408 2108 2502 2161 καὶ
2546 2109 2596 2160 οἱ
2631 2107 2843 2177 δρυμοὶ,
2881 2107 2974 2161 καὶ
3019 2107 3400 2176 καταφάγεται
3454 2107 3563 2158 ἀπὸ
3590 2106 3775 2176 ψυχῆς

2179 2199 2283 2261 ἓως
2314 2200 2555 2270 σαρκῶν.
2592 2199 2810 2262 Βουνοῖς
2840 2198 2933 2252 καὶ
2959 2198 3185 2269 δρυμοῖς
3214 2199 3308 2251 καὶ
3329 2198 3480 2268 ὄρεσι
3511 2199 3779 2269 παρεικὰ·

2180 2289 2261 2353 ζει
2285 2290 2464 2354 καλῶς
2501 2292 2672 2362 αὑτήν
2704 2308 2763 2342 τε
2811 2289 2910 2360 τὴν
2935 2289 3042 2342 τῶν
3079 2289 3380 2358 Ἀσσυρίων
3413 2289 3643 2360 πληθὺν,
3678 2290 3776 2342 καὶ

2177 2384 2301 2444 τοὺς
2328 2383 2667 2453 ἡγουμένους
2699 2384 2892 2454 αὐτῆς,
2927 2383 3018 2437 καὶ
3049 2382 3158 2434 τῶν
3198 2381 3372 2435 ἄλλων
3403 2381 3774 2452 ὑπεέιανέχον-

2178 2490 2281 2536 τας
2315 2472 2570 2544 καθάπερ
2595 2473 2819 2544 βουνοὺς
2849 2474 2880 2544 ἢ
2912 2473 3034 2544 ὅρη.
3062 2472 3199 2525 Ἀλλ’
3226 2467 3369 2526 οὗτοι
3408 2471 3506 2542 μὲν
3534 2469 3773 2523 ἀποσϐε-

2181 2562 2488 2632 σθήσονται*
2515 2563 2658 2617 τοῦτ’
2684 2564 2851 2629 ἔστιν,
2892 2566 2942 2617 οἱ
2988 2564 3157 2617 πάλαι
3205 2561 3399 2634 θερμοὶ
3447 2563 3540 2615 καὶ
3585 2563 3773 2626 δεινοὶ,

2177 2657 2271 2709 καὶ
2291 2657 2391 2726 οὐχ
2427 2657 2644 2720 ἑκόντες
2675 2657 3177 2727 ἀποψυχθήσονται.
3207 2655 3378 2709 Τοῦτο
3406 2656 3517 2727 γὰρ
3542 2655 3604 2708 τὸ
3635 2657 3775 2708 ἀπο-

2177 2747 2593 2819 σϐεσθήσονται,
2623 2749 2794 2819 δηλοῖ.
2827 2749 3222 2818 Καταφάγεται
3254 2749 3364 2819 γὰρ
3388 2747 3588 2810 αὐτοὺς
3616 2748 3645 2798 6
3679 2746 3773 2801 θά-

2176 2857 2357 2904 νατος,
2404 2843 2688 2912 μονονουχὶ
2735 2842 2830 2895 καὶ
2864 2842 3040 2913 ψυχὰς
3081 2841 3336 2895 δαπανῶν
3385 2841 3482 2893 καὶ
3516 2840 3770 2908 σώματα.

2178 2931 2301 2983 Ὅτι
2338 2931 2438 3000 μὲν
2467 2931 2576 3001 γὰρ
2595 2933 2656 2984 οὐ
2685 2932 3080 3005 συνανῄρηνται
3103 2935 3213 2996 τοῖς
3247 2931 3496 3004 σώμασιν
3523 2933 3579 2984 αἱ
3601 2931 3777 3002 ψυχαὶ

2176 3021 2337 3073 παντί
2373 3039 2452 3092 τῳ
2483 3021 2673 3090 σαφές.
2711 3022 3076 3092 Ὑπεμφαίνει
3115 3023 3171 3076 δὲ
3203 3022 3293 3077 διὰ
3333 3023 3540 3076 τούτων
3577 3022 3637 3076 τὸ
3673 3024 3776 3094 τῆς

2177 3112 2345 3184 ὀργῆς
2377 3111 2649 3177 εὐσθενές.
2701 3113 2840 3166 Ἀλλ’
2877 3113 3051 3180 ἔσται,
3089 3117 3273 3186 φησιν,
3303 3115 3331 3166 6
3359 3116 3598 3184 φεύγων,
3636 3114 3713 3177 ὼς
3745 3118 3774 3169 6

2182 3205 2399 3275 φεύγων
2421 3207 2528 3260 ἀπὸ
2557 3205 2755 3276 φλογὸς
2782 3207 3100 3278 καιομένης,
3129 3209 3222 3280 καί
3236 3197 3294 3260 ὀί
3321 3207 3775 3276 καταλειφθέντες

2182 3299 2274 3351 ἀπ’
2298 3296 2477 3350 αὐτῶν
2516 3295 2729 3350 ἔσονται
2761 3297 3014 3369 ἀριθμὸς,
3057 3299 3152 3352 καὶ
3187 3298 3396 3354 παιδίον
3429 3300 3632 3371 γράψει
3678 3300 3776 3353 αὑ-

2181 3387 2325 3451 τούς.
2372 3387 2571 3456 ὐλίγοι
2613 3389 2721 3459 γὰρ
2757 3388 3056 3454 παντελῶς,
3089 3389 3165 3452 ὡς
3211 3390 3369 3459 ἔφην,
3408 3390 3542 3444 ὡσεὶ
3577 3390 3774 3458 φλογὸς

2184 3480 2480 3550 καιομένης
2530 3482 2984 3551 ἀποπηδήσαντες
3035 3481 3190 3552 μόλις
3235 3483 3649 3554 συναπέδραμον
3691 3483 3771 3553 τῷ

2185 3571 2413 3640 βασιλεῖ.
2438 3571 2736 3636 Τοσούτους
2758 3573 2816 3626 δὲ
2845 3571 2984 3627 εἶναί
3015 3591 3147 3645 φησι
3171 3574 3264 3626 τὸν
3290 3574 3524 3647 ἀριθμὸν
3550 3575 3770 3637 αὐτοὺς,

2181 3663 2256 3726 ὡς
2289 3662 2363 3734 μὴ
2399 3663 2753 3734 ὑπερκεῖσθαι
2781 3665 2874 3716 καὶ
2898 3665 2996 3736 τὴν
3032 3666 3219 3730 παιδὸς
3242 3666 3321 3718 ἔτι
3349 3666 3544 3737 νηπίου
3570 3667 3769 3738 φρένα,

2181 3753 2242 3805 τὸ
2282 3753 2543 3806 δύνασθαι
2577 3754 2831 3826 γράφειν,
2882 3757 2914 3827 ἢ
2967 3759 3300 3829 ἅπομετρεῖν
3353 3759 3571 3822 αὐτούς.
3617 3761 3772 3829 Ἔχει

2180 3845 2288 3916 γὰρ
2313 3847 2344 3916 ἡ
2379 3841 2646 3917 Ἐϐραίων
2675 3848 2992 3918 παράδοσις,
3017 3850 3099 3902 ὅτι
3127 3851 3277 3920 μόνοι
3311 3850 3772 3922 περιελείφθησαν

2176 3936 2310 3990 δέκα
2343 3937 2435 3990 τὸν
2468 3937 2724 4009 ἀριθμὸν,
2754 3941 2804 3992 οί
2836 3940 2974 4010 μετὰ
3017 3941 3290 4012 Ῥαψάκου
3321 3943 3381 3996 τὸ
3413 3943 3633 4013 συμϐὰν
3660 3944 3771 3996 ἀπ-

2177 4028 2534 4096 αγγείλαντες
2567 4029 2646 4101 τῷ
2689 4030 2795 4084 τῶν
2835 4033 3138 4104 Ἀσσυρίων
3183 4034 3416 4105 βασιλεῖ.
3453 4035 3638 4090 Ταῦτα
3673 4037 3776 4106 τῆς

2179 4121 2482 4192 ὑπεροψίας
2511 4122 2612 4191 τῆς
2653 4122 2864 4177 ἐκείνου
2891 4125 2960 4180 τὰ
2994 4127 3219 4195 ὀψώνια.
3264 4129 3552 4201 Χρήσιμος
3587 4129 3645 4182 δὲ
3676 4131 3776 4183 καὶ

2179 4214 2259 4275 εἰς
2288 4215 2437 4284 ἡμᾶς
2457 4213 2487 4266 6
2516 4213 2702 4277 τύπος.
2731 4214 2793 4267 El
2823 4214 2933 4288 γὰρ
2954 4217 3017 4287 δὴ
3044 4217 3285 4289 βούλοιτό
3309 4237 3391 4284 τις
3414 4221 3519 4287 ἔξω
3540 4237 3596 4272 τε
3631 4216 3777 4274 εἶναι

491 4303 590 4374 τῆς
617 4300 769 4364 θείας
793 4300 987 4371 ὀργῆς,
1015 4301 1109 4353 καὶ
1135 4301 1209 4371 μὴ
1233 4303 1347 4364 τοῖς
1380 4299 1545 4362 θείοις
1563 4300 1837 4355 ἀναλῶναι
1863 4305 2073 4368 κακοῖς,
2115 4308 2499 4380 παραιτεῖσθαι
2562 4307 2682 4363 λίαν
2713 4307 2775 4362 τὸ
2837 4314 3013 4366 νοσεῖν
3037 4313 3241 4368 ἐθέλειν
3274 4315 3375 4386 τῆς
3401 4315 3625 4368 ἐκείνων
3649 4313 3779 4368 δυσ-

489 4395 723 4466 τροπίας
753 4394 822 4445 τὰ
844 4392 1082 4464 συγγενῆ
1114 4411 1173 4448 τε
1215 4397 1311 4448 καὶ
1335 4391 1450 4449 ἴσα.

570 4486 738 4542 Vens.
793 4487 887 4552 20,
919 4488 1008 4540 ﬂ.
1043 4487 1114 4540 Et
1154 4490 1253 4540 erit
1283 4488 1367 4539 die
1411 4489 1528 4552 illa,
1561 4505 1662 4542 non
1691 4489 1832 4542 ultra
1856 4489 2068 4558 adjiciet

2247 4487 2352 4542 Καὶ
2381 4488 2555 4542 ἔσται
2583 4489 2651 4542 ἐν
2683 4487 2757 4558 τῇ
2799 4490 2989 4559 ἡμέρᾳ
3029 4491 3231 4560 ἐκείνῃ
3288 4494 3486 4548 οὐκέτι
3517 4511 3750 4565 προστε

493 4577 768 4634 residuum
813 4581 868 4633 in
922 4577 1116 4644 Israel,
1163 4591 1211 4634 et
1265 4581 1357 4650 qui
1399 4583 1656 4635 evaserint
1701 4597 1766 4636 ea:
1795 4581 1982 4648 Iacob,
2014 4598 2077 4636 ea:

493 4677 640 4728 ultra
694 4673 958 4742 conﬁdent
1006 4674 1069 4725 iis
1119 4673 1210 4743 qui
1262 4673 1520 4742 injuriam
1567 4674 1698 4738 ipsis
1731 4674 1954 4739 faciunt,
1984 4675 2075 4728 sed

497 4769 603 4821 [leo
635 4779 816 4820 sancto
850 4763 1022 4820 Israel
1051 4781 1167 4820 vere
1205 4765 1490 4834 conﬁdent.
1532 4765 1600 4820 Et
1656 4767 1756 4820 erit
1809 4766 2075 4820 residuum

491 4858 681 4926 Iacob,
734 4875 891 4926 super
925 4858 1094 4913 Deum
1134 4869 1416 4925 potentem.

564 5129 970 5186 Esardcsceute
1000 5132 1123 5200 igne
1153 5143 1343 5185 contra
1369 5132 1669 5186 exercitum
1698 5131 2070 5202 Assyriorum,

492 5223 598 5276 duo
642 5223 779 5288 haec,
828 5223 1024 5291 inquit,
1068 5223 1351 5277 commode
1395 5223 1646 5277 evenient
1681 5233 1736 5276 et
1765 5224 2071 5278 exsistent:

493 5313 771 5382 Superbus
819 5317 964 5369 enim
1002 5314 1091 5368 ille
1117 5323 1172 5367 et
1196 5313 1483 5382 scelestus,
1526 5314 1734 5369 desinet
1761 5314 1943 5370 volens
1979 5330 2073 5368 no-

493 5403 608 5455 lens
636 5413 744 5456 tam
770 5419 932 5473 grave
966 5414 1021 5458 et
1051 5404 1298 5458 odiosum
1351 5403 1698 5474 supercilium
1726 5403 1930 5458 tollere.
1960 5406 2071 5457 Ab-

496 5492 596 5546 ibit
619 5494 763 5547 enim
799 5495 1108 5563 pavidus,et
1142 5505 1340 5565 praeter
1364 5495 1829 5566 exspectationem
1863 5495 2071 5551 fractus

492 5593 548 5635 et
597 5583 928 5641 debilitatus.
979 5585 1246 5658 lntelliget
1285 5587 1450 5644 etiam
1493 5603 1560 5644 ex
1593 5589 1695 5643 hac
1739 5602 1818 5653 re,
1855 5587 2070 5643 etiamsi

566 5741 609 5772 ²¹
657 5740 822 5795 lixotl.
857 5757 953 5807 xit,
980 5745 1036 5798 2.

2179 4579 2431 4648 θήσεται
2467 4579 2533 4632 τὸ
2560 4581 2964 4650 καταλειφθὲν
3017 4581 3278 4651 Ἰσραὴλ,
3321 4584 3419 4638 καὶ
3450 4589 3503 4639 οὶ
3542 4589 3775 4642 σωθέν-

2178 4690 2279 4738 τες
2321 4673 2428 4726 τοῦ
2479 4672 2691 4729 Ἰακὼϐ
2728 4673 2930 4728 οὐκέτι
2969 4674 3057 4744 μὴ
3099 4677 3450 4744 πεποιθότες
3475 4674 3630 4733 ὦσιν
3671 4682 3775 4735 ἐπὶ

2179 4765 2319 4830 τοὺς
2351 4764 2764 4832 ἀδικήσαντας
2808 4765 3051 4834 αὐτοὺς,
3100 4769 3238 4822 ἀλλ’
3287 4768 3531 4824 ἔσονται
3562 4787 3777 4825 πεποι-

2179 4859 2348 4923 θότες
2373 4857 2470 4911 ἐπὶ
2515 4858 2623 4910 τὸν
2677 4857 2826 4912 Θεὸν
2852 4858 2960 4913 τὸν
3021 4860 3192 4931 ἅγιον
3244 4860 3354 4916 τοῦ
3406 4864 3654 4931 Ἰσραὴλ
3700 4865 3774 4933 τῇ

2175 4950 2448 5017 ἀληθείᾳ.
2499 4950 2609 5004 Καὶ
2657 4949 2830 5004 ἔσται
2871 4951 2937 5004 τὸ
2987 4952 3386 5021 καταλειφθὲν
3417 4953 3522 5008 τοῦ
3563 4955 3775 5010 Ἰακὼϐ

2176 5043 2276 5094 ἐπὶ
2321 5042 2472 5095 Θεὸν
2498 5043 2812 5111 ἰσχύοντα.

2261 5131 2695 5200 Ἑκκεκαυμένου
2742 5133 2836 5185 τοῦ
2897 5133 3068 5203 πυρὸς
3112 5135 3250 5187 κατὰ
3296 5136 3396 5205 τῆς
3465 5135 3777 5206 Ἀσσυρίων

2179 5225 2458 5294 στρατιᾶς,
2508 5223 2601 5276 δύο
2644 5225 2815 5277 ταῦτα
2850 5225 3329 5296 κατορθωθήσεται
3372 5227 3466 5278 καὶ
3511 5227 3777 5299 ὑπάρξει,

2179 5316 2376 5386 φησίν·
2417 5317 2445 5368 ὁ
2487 5316 2587 5386 μὲν
2619 5317 2729 5386 γὰρ
2764 5315 2980 5380 ἀλαζών
3011 5334 3069 5369 τε
3107 5319 3200 5370 καὶ
3237 5319 3549 5389 ἀλητήριος,
3604 5339 3778 5374 κατα-

2179 5405 2330 5477 λήξει
2364 5409 2458 5460 κα¹ι
2487 5409 2584 5479 οὐχ
2619 5409 2761 5461 ἑκὼν
2790 5409 2889 5478 τῆς
2920 5408 3060 5462 οὕτω
3084 5411 3261 5479 δεινῆς
3299 5412 3390 5464 καὶ
3440 5412 3765 5482 ἀπηχθημέ-

2179 5516 2275 5568 νης
2325 5497 2547 5569 ὀφρύος.
2603 5501 2896 5570 Οίχήσεται
2932 5501 3038 5571 γὰρ
3089 5500 3294 5567 δεδιὼς,
3345 5502 3438 5554 καὶ
3487 5502 3775 5572 ἀδοκήτως

2179 5592 2649 5661 κατῃσχυμμένος.
2690 5590 2908 5645 Εἴσεται
2961 5592 3026 5643 δι’
3073 5593 3235 5647 αὑτοῦ
3286 5592 3382 5646 τοῦ
3417 5593 3774 5664 πράγματος,
