4122 6292
322 358 427 412 995

1426 348 1497 405 IN
1536 349 1766 407 ISAIAM
1801 351 1927 407 LIB.
1968 354 2007 410 I.
2050 354 2258 412 OilAT.
2303 358 2388 414 Vl.

3475 361 3588 422 ΞΜ

323 476 417 528 καὶ
447 476 498 529 εί
538 471 615 545 μὴ
644 470 890 541 βούλοιτο
920 467 1102 538 τυχὸν,
1131 467 1214 519 ὅτι
1245 464 1345 536 τῆς
1380 466 1530 530 θείας
1575 469 1743 539 ὀργῆς
1771 470 1912 524 κατὰ

2023 487 2123 527 non
2176 474 2305 528 velit
2342 472 2609 539 fortassis,
2652 488 2712 529 ae
2755 473 2955 529 divina:
2985 472 3076 528 ira:
3110 489 3371 544 organum
3395 485 3584 533 contra

324 570 434 622 τῶν
478 566 881 638 ἡμαρτηκότων
922 562 1147 632 γέγονεν
1190 564 1440 633 όργανον,
1474 563 1567 616 καὶ
1610 564 1710 616 οὐκ
1754 562 1914 624 αὑτός

325 678 432 714 που
464 660 680 722 πάντως
710 657 787 720 ὠς
818 654 880 720 ἐξ
925 654 1059 717 ιδίας
1105 653 1287 724 ἰσχύος
1320 654 1786 724 πεπλεονέκτηκεν
1817 651 1916 704 αύ-

324 747 471 810 τούς.
508 747 617 799 Καὶ
656 745 814 798 ταυτὶ
847 743 948 814 μὲν
974 742 1054 812 τῷ
1081 742 1352 813 Βαρϐάρῳ
1399 743 1754 814 συμϐήσεται.
1789 744 1914 805 Τοῖς

326 855 388 905 γε
417 837 523 907 μὴν
555 835 614 901 ἐξ
656 835 872 906 Ἰσραὴλ
921 834 1058 906 πρὸς
1090 833 1359 903 ὠφελείας
1407 834 1562 887 ἔσται
1608 833 1669 886 τὸ
1705 831 1911 904 θαῦμα,

333 928 422 981 καὶ
459 929 506 981 οί
545 926 868 981 κατάλοιποι
896 925 1008 979 τῶν
1038 927 1099 978 ὲν
1132 925 1439 997 Σαμαρείᾳ,
1471 925 1617 979 τοῦτ’
1656 924 1793 989 ἐστι,
1819 923 1914 978 τοῦ

350 1019 579 1091 Ἰσραὴλ,
633 1020 728 1072 καὶ
772 1017 956 1089 μέντοι
1009 1014 1104 1070 τοῦ
1149 1015 1367 1081 Ἰακὼϐ,
1403 1015 1548 1070 τοῦτ’
1587 1016 1725 1082 εστι,
1756 1016 1916 1071 πάλιν

278 1118 295 1136 ’
337 1110 439 1164 τῶν
469 1110 568 1165 δύο
597 1108 782 1180 φυλῶν
806 1109 915 1163 τῶν
937 1105 1113 1162 οὐσῶν
1142 1108 1202 1160 ιν
1222 1109 1339 1171 τοῖς
1376 1106 1791 1178 Ἱεροσολύμοις,
1818 1107 1916 1176 τῆς

334 1203 563 1274 ἀρχαίας
612 1201 1097 1256 ἀποπεπαύσονται
1145 1199 1380 1270 πλάνης,
1422 1200 1519 1253 καὶ
1563 1198 1786 1270 ψυχρῶν
1824 1198 1918 1252 καὶ

332 1295 606 1364 ἀνονήτων
650 1292 892 1346 ἐννοιῶν.
946 1291 1024 1344 Οὐ
1072 1289 1185 1362 γὰρ
1220 1288 1433 1343 ἔσονται
1464 1290 1781 1353 πεποιθότες
1824 1290 1918 1341 ἐπὶ

330 1388 458 1449 τοὺς
491 1385 863 1454 ἀδικήσαντας
902 1380 1121 1445 αὐτούς.
1164 1381 1382 1450 Ἐπειδὴ
1426 1381 1534 1453 γάρ
1566 1381 1851 1435 πέπτωκεν
1889 1381 1919 1433 ό

2021 575 2336 631 peccatores
2360 566 2657 631 exstitisse,
2688 580 2791 621 nec
2825 566 2940 621 suis
2976 580 3202 636 prorsus
3246 566 3451 622 viribus
3491 581 3588 621 eos

2020 655 2307 708 invasisse.
2370 654 2551 724 Atque
2599 656 2716 712 hac
2762 656 2984 723 quidem
3039 656 3271 710 barbaro
3320 657 3586 714 accident.

2020 742 2280 797 lsraelitis
2309 744 2441 799 item
2483 752 2585 805 hoc
2631 747 2953 800 miraculum
2977 748 3131 802 cedet
3154 747 3205 801 in
3232 748 3586 802 commodita-

2017 844 2162 899 tem,
2216 845 2272 888 et
2330 835 2423 903 qui
2473 835 2665 903 reliqui
2725 848 2853 892 sunt
2930 839 2981 891 in
3033 834 3320 902 Samaria,
3385 837 3437 891 id
3483 846 3586 898 est,

2017 926 2235 992 lsraele,
2270 934 2324 980 et
2373 926 2424 979 itt
2459 924 2646 989 Juwb,
2683 928 2782 980 huc
2817 942 2921 990 cst,
2961 929 3168 983 tlttabus
3190 928 3434 982 tribubus
3467 926 3590 980 Hie-

2019 1015 2464 1084 rosolymitanis.
2519 1019 2588 1071 ab
2649 1017 2949 1072 inveterato
3004 1020 3258 1073 recedent
3288 1032 3494 1079 errore.
3536 1029 3589 1070 et

2019 1106 2233 1176 frigidis
2261 1122 2325 1160 ac
2353 1108 2536 1161 stultis
2565 1109 3026 1178 cogitatiuuculis.
3054 1109 3169 1164 Non
3200 1110 3342 1163 enim
3373 1110 3459 1162 bis
3494 1108 3586 1175 qui

2017 1194 2119 1248 sibi
2179 1194 2424 1250 fecerunt
2479 1197 2732 1268 injuriam
2776 1200 3072 1255 conlident.
3114 1197 3408 1267 Postquam
3442 1198 3585 1251 enim

2019 1284 2189 1339 hostis
2231 1287 2425 1339 cecidit
2466 1302 2624 1340 manu
2673 1289 2845 1359 angeli
2903 1289 3201 1353 coniectus,
3248 1288 3590 1358 oruuipoten—

2021 1386 2125 1428 tem
2167 1380 2543 1433 conservantis
2583 1382 2858 1435 dexteram
2906 1382 3110 1450 optime
3164 1389 3585 1450 perspexerant.

332 1477 595 1548 πολέμιος
649 1476 890 1545 ἀγγέλου
956 1474 1102 1544 χειρὶ
1148 1472 1551 1541 δαπανώμενος,
1614 1472 1916 1541 ἐγνώκασιν

2023 1465 2305 1536 ipsumque
2344 1469 2541 1524 facient
2573 1483 2902 1528 servatorem
2934 1483 2987 1526 et
3017 1473 3308 1534 vindicem,
3354 1486 3415 1524 ac
3447 1472 3496 1523 in
3522 1484 3588 1524 eo

330 1569 583 1639 ἀκριϐῶς
609 1569 710 1638 τὴν
749 1567 930 1620 πάντα
979 1564 1267 1639 ίσχύουσαν
1296 1563 1389 1617 τοῦ
1418 1562 1682 1627 σώζοντος
1712 1564 1913 1629 δεξιὰν,

2023 1574 2230 1613 oman
2256 1576 2406 1630 spem
2429 1562 2726 1632 habebunt,
2754 1565 3075 1634 despuentes
3098 1579 3192 1619 eos
3222 1579 3252 1618 a
3280 1564 3478 1634 quibus
3506 1563 3588 1616 in-

332 1658 504 1712 αύτὸν
563 1657 621 1710 δὲ
676 1657 993 1726 ποιήσονται
1055 1656 1276 1725 σωτῆρα
1319 1654 1412 1707 καὶ⁵
1461 1653 1769 1724 λυτρωτὴν,
1824 1654 1916 1707 καὶ

2023 1647 2213 1713 iuriam
2256 1661 2603 1717 acceperunt.
2658 1652 2888 1719 Quinam
2918 1664 3096 1709 autem
3133 1653 3211 1718 lii,
3235 1663 3291 1707 et
3318 1648 3588 1723 quomodo

330 1749 422 1801 ἐπ’
496 1746 647 1817 αὐτῷ
725 1749 908 1800 πᾶσαν
958 1744 1135 1811 ἕξουσι
1202 1744 1302 1814 τὴν
1374 1744 1587 1809 ἐλπίδα,
1653 1745 1917 1816 περιπτύ-

2023 1737 2268 1805 iniuriam
2303 1738 2605 1805 intulerint,
2638 1755 2859 1796 necesse
2899 1742 3073 1797 habeo
3107 1742 3309 1798 dicere.
3341 1742 3591 1798 Servavit

334 1853 528 1899 σαντες
567 1837 698 1898 τοὺς
730 1834 1062 1904 ἠδικηκότας
1101 1832 1315 1896 αὐτούς.
1353 1833 1509 1895 Τίνες
1536 1832 1593 1886 δὲ
1618 1828 1782 1896 οὗτοι,
1822 1833 1915 1888 καὶ

2023 1830 2159 1882 enim
2200 1844 2296 1883 eos
2332 1830 2425 1899 qui
2473 1831 2739 1901 sanguine
2767 1829 3065 1888 lsraelitico
3091 1835 3197 1889 orti
3220 1844 3346 1890 sunt
3372 1833 3590 1888 univer-

334 1930 453 1982 τίνα
496 1927 700 1999 τρόπον
744 1926 1074 1996 ἠδικήκασιν
1112 1926 1287 1978 εἰπεῖν
1332 1926 1649 1993 ἀναγκαῖον.
1700 1925 1914 1978 Σέσωκε

342 2022 434 2091 μὲν
490 2019 600 2090 γὰρ
665 2019 795 2081 τοὺς
855 2016 918 2082 ἐξ
982 2017 1210 2087 αἵματος
1273 2016 1490 2086 Ἰσραὴλ
1549 2017 1580 2068 ὁ
1625 2016 1733 2068 τῶν
1780 2016 1917 2069 ὅλων

338 2110 495 2175 Θεὸς,
541 2105 903 2180 προεστηκὼς
949 2123 1010 2160 τε
1065 2106 1161 2158 καὶ
1206 2104 1582 2175 προασπίζων,
1638 2103 1734 2157 καὶ
1780 2105 1919 2156 ἁπο-

339 2201 539 2270 φαίνων
580 2201 902 2271 κρείττονας
951 2196 1061 2250 τῶν
1104 2196 1532 2265 ἀνθεστηκὼων.
1594 2193 1814 2264 Ἐπειδὴ
1860 2194 1918 2247 δὲ

338 2291 627 2364 ἐτράποντο
677 2291 819 2362 πρὸς
880 2289 1221 2355 ἀντίστασιν,
1262 2288 1355 2342 καὶ
1394 2289 1444 2343 οί
1500 2286 1601 2359 μὲν
1656 2286 1918 2357 δαμάλεις

338 2383 686 2452 ὲτεκτήναντο
715 2382 948 2453 χρυσᾶς·
1002 2381 1051 2435 οἱ
1092 2379 1149 2433 δὲ
1183 2379 1275 2432 τὸν
1303 2376 1512 2448 Χαμὼς
1543 2376 1639 2432 καὶ
1685 2376 1918 2446 Βεελφε-

338 2472 476 2543 γὼρ,
508 2472 602 2526 καὶ
627 2471 807 2533 αὐτοῖς
834 2471 1079 2539 ἀνῆπτον
1113 2468 1177 2520 τὸ
1204 2467 1365 2530 σέϐας
1389 2483 1404 2498 ’
1437 2471 1918 2537 προσκεκυνήκασι

338 2564 397 2617 δὲ
447 2564 543 2617 καὶ
587 2564 669 2632 -τῇ
710 2562 935 2632 στρατιᾷ
983 2558 1081 2613 τοῦ
1135 2557 1402 2629 οὗρανοῦο
1442 2557 1730 2628 παρεδίδου
1777 2556 1921 2611 κατὰ

342 2655 568 2724 καιροὺς
595 2653 625 2704 ὁ
655 2652 761 2705 τῶν
801 2652 936 2705 ὅλων
978 2650 1111 2713 Θεὸς
1160 2652 1287 2713 τοὺς
1339 2648 1742 2719 ἀνθεστηκότας
1789 2648 1920 2701 ποτὲ

350 2746 451 2815 μὲν
478 2745 593 2806 τοῖς
632 2741 816 2813 κύκλῳ
841 2742 933 2796 καὶ
970 2741 1303 2812 περιοικοῦσι
1342 2740 1442 2812 τὴν
1482 2740 1741 2793 Ἰουδαίαν
1769 2739 1919 2793 ἔθνε-

351 2852 458 2898 σιν,
511 2831 830 2903 Ἰδουμαίοις
877 2831 935 2884 τέ
983 2848 1118 2903 φημι
1162 2834 1257 2885 καὶ
1306 2830 1648 2893 Μωαϐίταις,
1679 2832 1773 2884 καὶ
1810 2832 1922 2893 τοῖς

351 2925 413 2989 ἐξ
452 2924 651 2995 Ἐλὰμ,
680 2922 811 2976 ποτὲ
853 2922 909 2975 δὲ
940 2925 1049 2985 τοῖς
1073 2923 1311 2991 μακρὰν,
1350 2922 1651 2992 Ἀσσυρίοις
1688 2919 1747 2973 τέ
1778 2937 1921 2990 φημι

350 3015 449 3069 καὶ
477 3014 814 3082 Αἰγυπτίοις.
844 3012 1082 3084 Πολέμου
1114 3012 1406 3086 τοιγαροῦν
1443 3015 1923 3084 κατασκήπτοντος

348 3109 442 3161 καὶ
476 3105 934 3177 περιηγγελμένου
965 3107 1080 3167 τοῖς
1109 3106 1212 3159 ἀνά
1236 3106 1416 3159 πᾶσαν
1444 3103 1543 3176 τὴν
1569 3103 1773 3175 χώραν,
1804 3103 1922 3167 πῶς

2020 1920 2200 1972 sitatis
2251 1918 2415 1986 Deus,
2468 1936 2591 1975 cum
2643 1932 2698 1975 et
2750 1922 3088 1992 presideret,
3131 1931 3187 1977 et
3219 1923 3370 1992 quasi
3404 1923 3591 1994 clypeo

2018 2021 2403 2081 propugnaret,
2463 2018 2520 2067 et
2582 2011 2836 2067 fortiores
2909 2013 3241 2068 adversariis
3317 2012 3589 2067 redderet.

2020 2098 2311 2170 Postquam
2356 2112 2536 2157 autem
2582 2105 2648 2158 ad
2679 2103 3037 2160 deiectionem
3072 2104 3249 2159 aversi
3278 2111 3425 2169 sunt,
3450 2113 3508 2157 et
3535 2103 3588 2157 lii

2018 2192 2232 2259 quidem
2260 2193 2453 2247 vitulos
2487 2209 2684 2251 aureos
2713 2196 3068 2259 labricarunt,
3102 2195 3179 2250 illi
3207 2194 3467 2257 Chamos,
3499 2195 3588 2248 alii

2018 2281 2346 2354 Belpbegor,
2383 2283 2596 2354 illisque
2639 2288 3042 2341 venerationem
3076 2286 3404 2351 tribuerunt,
3428 2295 3593 2354 atque

2018 2375 2140 2429 cteli
2194 2374 2442 2430 militiam
2484 2378 2801 2442 adorarunt,
2863 2376 3002 2433 Deus
3037 2390 3132 2432 eos
3168 2377 3485 2438 renitentes,
3539 2385 3594 2431 et

2023 2465 2377 2533 resistentes,
2421 2467 2652 2521 diversis
2709 2469 3041 2537 temporibus
3075 2468 3295 2523 tradidit
3326 2468 3591 2522 interdum

2022 2552 2268 2607 ﬁnitimis
2315 2550 2517 2609 Judaaae
2556 2555 2829 2623 gentibus,
2858 2555 3104 2610 ldumaeis
3135 2554 3278 2618 dico,
3312 2565 3367 2608 et
3396 2552 3599 2607 Moabi-

2022 2643 2110 2707 tis,
2146 2651 2202 2698 et
2243 2642 2499 2699 Elamitis
2520 2684 2537 2711 ,
2594 2643 2755 2715 180
2787 2645 3053 2702 interdum
3083 2654 3136 2699 et
3165 2644 3320 2715 longe
3348 2644 3595 2708 remotis,

2018 2735 2279 2806 Assyriis,
2340 2736 2581 2807 inquam,
2631 2747 2687 2792 et
2734 2735 3030 2809 Egyptiis.
3060 2736 3208 2793 Bello
3243 2737 3425 2807 itaque
3450 2752 3595 2807 gras-

2019 2836 2175 2881 sante
2224 2838 2278 2881 et
2331 2831 2531 2898 passim
2589 2845 2690 2898 per
2743 2841 2907 2885 totam
2951 2831 3222 2901 regionem
3254 2831 3593 2896 denuntiato,

2021 2933 2205 2973 anttou
2238 2921 2408 2976 satius
2434 2931 2552 2977 erat
2579 2920 2853 2977 lsraelitas
2878 2923 3221 2977 reconciliari
3250 2923 3456 2977 oﬂ'enso
3481 2922 3594 2978 Deo

2024 3011 2424 3078 omnipotenti,
2460 3020 2516 3067 et
2567 3028 2725 3067 cursu
2783 3016 2833 3067 in
2861 3014 3051 3068 melius
3077 3024 3428 3078 commutato,
3458 3016 3593 3068 iram

2023 3103 2353 3171 depellere?
2410 3103 2704 3173 Oportebat
2760 3104 2902 3157 enim
2976 3103 3256 3173 profanam
3327 3106 3595 3160 idolorum

343 3198 446 3249 οὐκ
473 3197 695 3267 ἄμεινον
732 3197 855 3259 τοὺς
892 3195 951 3262 ἐξ
1000 3195 1222 3266 Ἰσραὴλ
1263 3194 1646 3263 ἀπολογεῖσθαι
1691 3193 1921 3265 λελυπη-

2028 3194 2425 3250 multitudinem
2457 3196 2845 3259 exterminare,
2870 3206 2924 3250 et
2953 3197 3126 3266 ipsum
3152 3208 3595 3252 conservatorem

345 3288 493 3359 μένῳ
520 3284 596 3356 τῷ
616 3285 792 3339 πάντα
818 3285 1058 3355 ἰσχύοντι
1080 3285 1218 3355 Θεῷ,
1243 3287 1336 3340 καὶ
1360 3287 1480 3349 ταῖς
1506 3286 1586 3348 είς
1612 3283 1675 3337 τὸ
1703 3285 1921 3355 ἄμεινον

2025 3296 2082 3340 et
2128 3289 2527 3357 redemptorem
2568 3301 2908 3355 nuncupare.
2950 3286 3219 3342 Caeterum
3258 3287 3480 3356 hujusce
3520 3289 3597 3343 rei

344 3379 672 3450 ἁναδρομαῑς
696 3376 1174 3442 ἀποσκευάζεσθαι
1199 3378 1298 3448 τὴν
1323 3377 1514 3449 ὀργήν;
1552 3376 1697 3430 Ἔδει
1728 3374 1838 3447 γὰρ
1862 3377 1921 3428 ὲκ

2026 3377 2168 3432 nulla
2213 3380 2354 3447 apud
2386 3392 2480 3432 eos
2512 3378 2648 3432 ratio
2675 3379 2854 3431 habita
2888 3388 2991 3432 est.
3021 3376 3256 3448 Legatos
3284 3380 3426 3433 enim
3454 3395 3597 3434 nunc

346 3469 512 3540 μέσου
558 3467 659 3539 τὴν
695 3467 922 3538 βέϐηλον
964 3467 1075 3521 τῶν
1112 3466 1345 3520 εἰδώλων
1392 3466 1661 3520 ποιεῖσθαι
1695 3466 1923 3537 πληθὺν,

345 3562 436 3614 καὶ
491 3561 655 3614 αὑτὸν
707 3557 1112 3631 ἐπιγράφεσθαι
1167 3558 1389 3628 σωτῆρα
1457 3559 1552 3612 καὶ
1624 3558 1923 3628 λυτρωτὴν.

357 3653 517 3706 Ἀλλὰ
550 3653 752 3705 τούτων
804 3652 904 3723 μὲν
934 3651 1114 3719 ὀλίγος
1151 3645 1218 3721 ἦν
1262 3648 1541 3712 παντελῶς
1578 3650 1607 3702 ὁ
1641 3650 1799 3719 λόγος
1831 3651 1930 3703 αὺ-

344 3747 479 3807 τοῖς.
547 3742 909 3813 Ἐπρέσϐευον
945 3742 1002 3795 δὲ
1061 3742 1191 3794 ποτε
1249 3741 1347 3812 μὲν
1396 3741 1531 3808 πρὸς
1575 3741 1925 3809 Αἰγυπτίους,

344 3836 478 3889 ποτὲ
512 3835 570 3887 δὲ
605 3836 737 3906 πρὸς
779 3834 1118 3904 Ἀσσυρίους.
1164 3833 1258 3885 καὶ
1292 3831 1390 3894 τὰς
1433 3835 1563 3903 παρ’
1593 3832 1773 3885 αὐτῶν
1804 3834 1927 3885 ὲπι-

344 3927 569 3998 κουρίας
615 3924 859 3978 ἐκάλουν.
904 3923 1220 3988 Ἐντεῦθεν,
1260 3919 1447 3992 οἶμαι,
1489 3921 1652 3986 Θεὸς,
1688 3922 1783 3975 καὶ
1847 3921 1927 3974 ἔτι

346 4019 610 4088 μειζόνως
648 4019 733 4071 ἐπ’
768 4018 952 4078 αὐτοῖς
989 4014 1343 4085 κατεθήγετο.
1392 4014 1716 4085 Ἦδικήκασι
1747 4012 1928 4067 τοίνυν

340 4111 436 4163 τόν
452 4127 514 4163 τε
549 4108 787 4180 Ἰσραὴλ,
815 4109 908 4162 καὶ
930 4107 1021 4161 τὸν
1050 4106 1263 4171 Ἰακὼϐ,
1287 4106 1443 4159 τοῦτο
1469 4107 1566 4177 μὲν
1582 4109 1630 4161 οἱ
1656 4104 1928 4174 ψευδώνυ-

346 4219 437 4272 μοι
468 4201 602 4264 θεοὶ,
629 4202 728 4270 τήν
758 4200 909 4253 θείαν
940 4200 1024 4251 ἐπ’
1055 4201 1235 4261 αὐτοῖς
1275 4198 1567 4261 καλοῦντες
1612 4198 1804 4268 ὀργὴν,
1833 4196 1927 4250 καὶ

342 4294 432 4346 ἐπ’
476 4293 658 4355 αὐτοῖς
704 4291 1022 4344 πεποιθέναι
1068 4289 1614 4361 παρασκευάζοντες·
1665 4288 1821 4341 τοῦτο
1869 4288 1926 4339 δὲ

341 4384 393 4435 oi.
422 4379 670 4452 χρήμασί
697 4397 756 4432 τε
783 4381 877 4433 καὶ
897 4379 1088 4450 δώροις
1116 4378 1420 4440 πωλοῦντες
1464 4376 1647 4452 αὐτοῖς
1690 4376 1790 4445 τὴν
1836 4377 1928 4428 ἁν-

2025 3468 2093 3524 ad
2143 3468 2449 3541 Egyptios,
2483 3484 2624 3523 nunc
2672 3471 2736 3523 ad
2759 3469 3014 3539 Assyrios
3051 3468 3355 3533 mittebant,
3388 3485 3597 3526 eorum-

2023 3576 2133 3630 que
2180 3562 2480 3616 subsidium
2526 3562 2907 3631 implorabant.
2959 3561 3117 3627 llinc,
3157 3564 3411 3627 arbitror,
3457 3564 3595 3617 Dens

2026 3653 2246 3721 gravius
2274 3654 2446 3706 etiam
2472 3653 2526 3706 in
2555 3668 2650 3707 eos
2675 3657 3030 3708 exacerbatus
3058 3663 3161 3708 est.
3192 3654 3391 3725 lnjuria
3416 3655 3596 3721 itaque

2027 3740 2323 3796 alieCerunt
2362 3743 2619 3796 Israelem
2674 3752 2729 3797 et
2762 3741 3047 3807 Jacobum,
3092 3759 3214 3798 cum
3253 3745 3389 3799 falso
3420 3761 3596 3797 nonu-

2031 3833 2141 3885 uati
2172 3834 2269 3896 dii,
2306 3835 2544 3887 divinam
2577 3836 2628 3886 in
2661 3835 2804 3903 ipsos
2838 3836 2971 3889 iram
3003 3847 3314 3901 evocantes,
3339 3847 3390 3889 et
3412 3845 3469 3888 ut
3491 3836 3593 3887 sibi

2029 3924 2254 3975 tiderent
2306 3926 2597 3979 etIicientes
2633 3942 2646 3977 :
2689 3937 2800 3978 tum
2846 3941 2974 3980 vero
3022 3928 3096 3990 lti,
3127 3931 3218 3994 qui
3266 3926 3509 3995 pecuniis
3543 3934 3600 3979 rt

2028 4012 2187 4066 donis
2245 4013 2434 4067 inutile
2468 4015 2597 4081 ipsis
2630 4015 2887 4067 auxilium
2919 4017 3302 4069 divendebant.
3330 4014 3598 4071 Consqu-

2028 4112 2118 4173 pta
2164 4102 2329 4172 igitur
2370 4102 2687 4157 bellantium
2724 4104 3073 4159 multitudine
3110 4121 3214 4159 una
3248 4115 3422 4171 nocte,
3451 4107 3599 4161 dein-

2028 4207 2158 4262 ceps
2204 4192 2476 4247 conﬁdent
2518 4191 2653 4255 Deo,
2696 4201 2753 4247 et
2802 4193 2920 4262 ipso
2966 4196 3339 4262 experimento
3385 4187 3597 4267 cognita

2028 4282 2323 4338 fortissima
2365 4282 2634 4336 servantis
2670 4282 2893 4336 dextera
2916 4322 2931 4347 ,
2968 4298 3082 4336 nou
3127 4283 3194 4340 iis
3222 4284 3313 4354 qui
3343 4286 3597 4353 iujuriaut

2029 4374 2298 4438 iecerunt,
2329 4373 2622 4438 conﬁdent,
2655 4376 2749 4430 sed
2785 4375 2836 4429 in
2866 4375 2982 4445 ipso
3010 4387 3197 4432 sancto
3227 4379 3437 4435 lsraelis
3474 4396 3600 4435 vene

344 4476 535 4543 όνητον
564 4472 902 4543 ἐπικουρίαν.
951 4469 1361 4540 Δαπανηθείσης
1392 4466 1593 4528 τοίνυν,
1643 4465 1796 4535 φησι,
1830 4465 1921 4535 τῆς

2031 4481 2179 4536 spem
2236 4481 2389 4520 suam
2437 4465 2799 4523 collocabant.
2849 4465 2917 4521 Et
2973 4468 3077 4523 erit
3104 4470 3375 4524 residuum
3409 4471 3597 4536 Jacoli,

344 4567 457 4619 τῶν
492 4565 768 4635 πολεμίων
795 4562 1033 4634 πληθύος
1059 4565 1117 4615 ὲν
1149 4562 1247 4631 μιᾷ
1286 4558 1462 4621 νυκτὶ,
1491 4556 1676 4609 λοιπὸν
1715 4555 1921 4608 ἔσονται

2032 4573 2155 4612 cum
2178 4557 2290 4612 Deo
2317 4568 2560 4628 potente.
2589 4557 2698 4615 Nec
2724 4561 2866 4614 enim
2891 4559 3049 4630 lignis
3070 4572 3162 4617 aut
3193 4561 3459 4631 lapidibus
3482 4581 3599 4619 am-

352 4655 674 4718 πεποιθότες
701 4655 793 4708 ἐπὶ
821 4652 959 4723 Θεῷ,
984 4654 1078 4706 καὶ
1104 4652 1192 4704 διὰ
1221 4651 1412 4719 πείρας
1438 4647 1607 4716 αὐτῆς
1630 4646 1921 4715 ἐγνωκότες

2031 4648 2171 4715 plius
2221 4650 2488 4717 nitentur,
2529 4651 2624 4706 sed
2664 4651 2844 4721 potius
2884 4651 2939 4707 in
2975 4652 3067 4707 illo
3098 4652 3405 4723 praesidium
3439 4652 3601 4706 collo—

344 4748 443 4817 τὴν
476 4744 727 4815 παναλκῆ
752 4744 847 4798 τοῦ
880 4743 1153 4805 σώσαντος
1180 4741 1378 4806 δεξιὰν,
1412 4740 1508 4792 οὐκ
1542 4741 1633 4792 ἐπὶ
1673 4740 1782 4800 τοῖς
1816 4736 1921 4791 ἀδι-

2029 4739 2251 4804 cabum,
2300 4742 2391 4811 qui
2444 4741 2546 4795 fuit
2592 4756 2809 4811 semper
2861 4741 2964 4796 illis
2994 4744 3287 4812 opitulator
3320 4752 3375 4796 et
3404 4758 3603 4812 propu-

343 4840 578 4908 κήσασιν
626 4837 823 4898 αὐτοὺς
878 4836 1193 4904 ποιήσονται
1248 4831 1348 4902 τὴν
1400 4829 1615 4891 ἐλπίδα,
1675 4828 1789 4881 ἀλλ’
1840 4829 1921 4879 ἐπ’

2030 4842 2246 4900 gnator,
2285 4845 2565 4889 armatura
2595 4844 2649 4889 et
2683 4850 2871 4890 murus
2898 4835 3179 4889 infractus.

343 4935 510 4989 αὐτὸν
544 4932 637 4984 τὸν
676 4930 832 4999 ἅγιον
861 4929 957 4982 τοῦ
1002 4927 1214 4999 Ἰσραὴλ
1237 4930 1301 4997 τῇ
1339 4925 1589 4996 ἀληθείᾳ.
1629 4924 1740 4977 Καὶ
1780 4923 1935 4978 ἔσται
1971 4924 2033 4977 τὸ
2068 4926 2429 4997 καταλειφθὲν
2493 4928 2590 4983 τοῦ
2659 4927 2854 4982 Ἰακὼϐ
2899 4928 2991 4980 ἐπὶ
3038 4927 3171 4983 Θεὸν
3219 4931 3492 5001 ἰσχύοντα.
3526 4932 3601 4984 Οὐ

345 5030 459 5098 γὰρ
512 5025 689 5092 ξύλοις
734 5024 831 5078 καὶ⁹
880 5023 1049 5086 λίθοις
1102 5024 1181 5074 ἔτι
1228 5022 1612 5092 θαρσήσουσιν,
1663 5019 1824 5072 αὐτὸν
1879 5018 1939 5072 δὲ
2010 5021 2209 5090 μᾶλλον
2256 5025 2573 5093 ποιήσονται
2644 5022 2742 5093 τὴν
2800 5024 2989 5093 ίσχὺν,
3036 5023 3097 5087 ὃς
3145 5026 3365 5093 γέγονεν
3421 5027 3604 5088 αὐτοῖς

343 5121 637 5191 ὲπίκουρός
658 5136 717 5172 τε
740 5119 848 5182 ἀεὶ,
912 5118 1007 5170 καὶ
1047 5116 1446 5186 προασπιστὴς,
1481 5111 1645 5165 ὅπλον
1677 5113 1770 5164 καὶ
1825 5114 1999 5181 τεῖχος
2036 5113 2299 5184 άρῤαγές.

416 5214 525 5266 Καὶ
563 5212 670 5265 ἐὰν
715 5211 962 5279 γένηται
998 5213 1030 5261 ό
1057 5209 1205 5273 λαὸς
1249 5205 1488 5273 Ἰσραὴλ
1531 5204 1612 5270 ὡς
1649 5203 1688 5271 ἠ
1742 5204 1935 5274 ἅμμος

342 5305 453 5373 τῆς
486 5304 829 5371 θαλάσσης,
860 5302 925 5354 τὸ
960 5299 1328 5366 κιιτιὶ.1ειμμα
1353 5295 1713 5364 σωθήσεται.
1741 5298 1932 5365 Λόγος

346 5398 454 5467 ’ρὰρ
490 5395 809 5451 συντελῶν
831 5396 927 5447 καὶ
960 5394 1309 5459 συνάμα-ων
1337 5391 1404 5443 ἐν
1432 5389 1810 5455 δικαιοσύνῃ,
1843 5387 1932 5441 ὅτι

340 5490 526 5557 λόγον
571 5484 1070 5555 σινοτετμημένον
1117 5479 1356 5544 ποιήσει
1392 5484 1423 5533 ὀ
1473 5478 1619 5543 Θεὸς
1652 5480 1719 5530 ἐν
1747 5477 1821 5545 τῇ
1851 5481 1930 5529 οἱ·

340 5579 601 5649 κουμέννῃ
636 5579 771 5647 ὅλῃ.

410 5672 532 5724 ’Ότι
558 5671 670 5724 τῶν
707 5668 960 5724 ἀπειθεῖν
993 5665 1308 5735 ᾑρημένων,
1346 5666 1438 5716 καὶ
1468 5662 1602 5713 πολὺ
1632 5662 1919 5730 νενοσηκό-

336 5780 441 5817 των
488 5764 549 5816 τὸ
607 5761 817 5834 ἀπηνὲς
874 5760 967 5813 καὶ
1018 5759 1335 5828 δυσάγωγον
1387 5758 1564 5817 οὐδεὶς
1611 5755 1675 5806 ἂν
1722 5755 1931 5823 γένοιτο

2112 5204 2271 5260 Vens.
2305 5206 2396 5270 22,
2426 5205 2514 5260 23.
2545 5206 2698 5271 Quod
2724 5209 2769 5263 ai
2791 5208 2949 5278 fuerit
2981 5207 3205 5275 populata
3236 5206 3459 5261 lsi-aclis
3496 5208 3603 5260 vel-

2037 5306 2092 5348 ut
2130 5309 2290 5347 arena
2333 5297 2515 5359 maris,
2558 5297 2792 5367 reliquiae
2837 5314 3015 5352 eorum
3067 5296 3433 5352 servabuntur.
3473 5294 3605 5347 Ver-

2037 5390 2155 5439 bum
2180 5388 2314 5440 enim
2354 5402 2719 5441 consummatis
2748 5400 2795 5442 et
2827 5388 3103 5442 concidens
3127 5389 3183 5440 in
3212 5387 3449 5456 juatitia,
3480 5389 3604 5455 quia

2036 5477 2296 5528 concisum
2336 5492 2625 5529 sermonem
2677 5478 2834 5544 faciet
2881 5479 3018 5531 Deus
3062 5479 3112 5529 in
3156 5478 3275 5530 orbe
3305 5487 3457 5530 terra:
3485 5479 3602 5528 ιιηίο

2036 5585 2199 5620 terno.

2097 5659 2250 5725 Quod
2312 5660 2449 5713 Deus
2486 5659 2796 5727 pcrvicaces
2837 5670 2888 5714 et
2923 5661 3291 5717 inobedientes
3316 5676 3379 5716 ac
3436 5662 3603 5716 refra-

2037 5751 2406 5804 ctariosuiliili
2455 5751 2703 5813 aestimet,
2740 5765 2917 5807 servet
2951 5764 3127 5809 autem
3166 5754 3418 5827 omnique
3444 5752 3606 5806 mise-
