4144 6302
563 367 671 423 295

1555 356 1610 412 S.
1653 352 1930 411 CYIULLI
1974 347 2440 406 ALEXANDRINI
2477 345 2794 403 AllCHlEP.

3717 339 3820 393 5.96

567 478 802 536 ricordia
822 477 1070 546 dignetur
1095 473 1366 530 hominctn
1401 472 1729 540 morigerum
1760 478 1814 522 et
1834 482 2142 537 sequacem,

2255 465 2398 535 παρὰ
2431 463 2550 533 Θεῷ
2591 464 2767 529 λόγος,
2799 458 2958 521 σώζει
2991 475 3050 525 γε
3076 457 3181 527 μὴν
3205 457 3296 508 καὶ
3345 454 3558 523 φειδοῦς
3605 451 3821 523 ἁπάσης

567 576 720 626 lusce
766 570 952 624 verbis
996 567 1150 621 nobis
1182 565 1545 635 pulcherrime
1577 562 1834 616 ostendit.
1865 557 2141 613 Profectus

567 668 650 713 est
680 656 953 727 siquidem
981 655 1237 724 Assyrius
1263 653 1314 706 in
1343 667 1556 706 onmem
1588 660 1800 721 gentem
1838 647 2139 710 Judaicam,

568 762 633 800 ac
663 747 716 799 in
749 744 932 798 animo
969 742 1158 797 habuit
1200 740 1399 794 nemini
1439 754 1682 808 parcere,
1715 739 1807 792 sed
1837 736 2142 789 universam

569 843 840 913 regionem
879 839 1130 909 stirpitus
1158 837 1492 896 exscindere,
1528 834 1939 900 hominibusque
1967 831 2145 884 deser-

569 943 676 989 tam
726 941 782 988 et
825 931 1017 987 incolis
1062 943 1285 983 vacuam
1332 927 1577 980 reddere.
1611 924 1678 977 Et.
1705 919 1898 977 delevit
1927 920 2141 990 quidem

571 1021 912 1087 Samariam,
957 1028 1014 1076 et
1057 1033 1164 1073 una
1209 1016 1352 1086 cepit
1392 1013 1591 1070 Iudaeae
1621 1014 1782 1066 urbes
1813 1013 2141 1065 innumeras.

573 1113 822 1170 Servavit
846 1121 1028 1167 autem
1070 1107 1398 1164 mirabiliter
1439 1102 1980 1171 Hierosolymitanos.
2014 1099 2144 1166 Quae

567 1217 655 1264 est
682 1207 863 1275 itaque
891 1203 1056 1274 hujus
1088 1202 1225 1255 ratio
1255 1201 1278 1252 ?
1301 1199 1483 1261 Certe,
1521 1197 1718 1266 inquit,
1745 1194 2001 1264 quoniam
2028 1207 2145 1245 om-

573 1299 657 1351 nis
702 1295 874 1350 lsrael
908 1294 1187 1364 impietate
1231 1305 1288 1342 se
1320 1304 1425 1342 non
1463 1282 2018 1350 commaculavit,’sed
2049 1281 2148 1334 ali-

571 1396 704 1454 quot
761 1384 1092 1438 exstiterunt
1153 1379 1308 1448 181
1365 1377 1455 1446 qui
1509 1376 1668 1445 impie
1712 1372 2059 1442 peccantibus
2093 1372 2145 1423 in

576 1477 742 1528 Deum
787 1475 1199 1542 indignarentur
1236 1488 1270 1522 :-
1306 1468 1507 1522 idcirco
1541 1475 1725 1520 sancta
1758 1472 1814 1517 et
1848 1462 2144 1530 justissima

575 1565 848 1621 sententia
901 1562 1024 1624 fuit,
1075 1575 1193 1629 qua:
1247 1559 1301 1611 in
1335 1557 1478 1612 solos
1514 1565 1799 1624 peccantes
1822 1549 2148 1620 peanamde—

575 1665 846 1712 cerneret.
896 1653 1096 1708 Verum
1139 1661 1318 1704 autem
1353 1661 1472 1702 esse
1505 1646 1605 1701 hoc
1631 1645 1853 1699 verbum
1891 1641 2036 1694 nullo
2066 1639 2147 1692 la-

576 1752 705 1804 bore
737 1746 1036 1801 videbimus
1061 1760 1124 1797 ex
1160 1744 1244 1796 his
1267 1757 1384 1811 qua:
1418 1739 1618 1808 scripta
1660 1747 1786 1791 sunt
1832 1734 1971 1802 apud
2012 1733 2148 1786 Eze-

2244 555 2385 619 ἀξιοῖ
2429 556 2518 607 τὸν
2543 568 2548 573 ’
2572 551 2796 619 εὐπειθῆ
2847 550 2939 602 καὶ
2967 549 3200 618 εὐήνιον,
3229 546 3316 599 διὰ
3344 544 3549 597 τούτων
3595 547 3727 614 ἡμῖν
3763 541 3819 596 εὖ

2247 647 2391 716 μάλα
2417 644 2726 713 καταδηλοῖ.
2763 643 3010 708 ’Λφῖκται
3041 639 3140 708 μὲν
3169 637 3275 705 γὰρ
3306 639 3334 688 ό
3369 635 3654 705 Ἀσσύριος
3683 638 3822 687 κατὰ

2245 735 2445 797 παντὸς
2482 733 2574 786 τοῦ
2619 733 2886 785 Ἰουδαίων
2919 729 3105 792 ἔθνους
3127 745 3140 759 ο
3174 728 3266 780 καὶ
3302 727 3501 789 σκοπὸς
3551 721 3620 795 ἦν
3651 727 3820 795 αὐτῷ.

2246 826 2536 895 φείσασθαι
2589 827 2688 895 μὲν
2734 823 2968 887 οὐδενὸς,
3019 821 3186 892 ἄρδην
3225 819 3281 872 δὲ
3321 821 3496 872 πᾶσαν
3532 819 3822 888 ἀποκεῖραι

2244 923 2344 990 τὴν
2377 919 2579 990 χώραν,
2613 919 2706 971 καὶ
2751 915 3042 985 κένανδρον
3074 913 3374 982 ἀποφῆναι,
3404 911 3500 965 καὶ
3531 911 3638 965 τῶν
3687 912 3824 964 ἐνοι-

2245 1010 2483 1064 κούντων
2513 1009 2738 1080 ἔρημον.
2771 1008 2880 1061 Καὶ
2907 1006 3211 1075 ὡλόθρευσε
3239 1004 3337 1074 μὲν
3365 1004 3466 1073 τὴν
3487 1002 3821 1071 Σαμάρειαν,

2247 1103 2514 1170 συνεξεῖλε
2564 1102 2622 1156 δὲ
2662 1102 2801 1172 αὐτῇ
2832 1101 2930 1169 τῆς
2971 1096 3229 1161 ἰουδαίας
3273 1097 3375 1150 οὐκ
3424 1095 3826 1167 εὐαριθμήτους

2246 1196 2459 1258 πόλεις·
2495 1195 2699 1247 σέσωκε
2747 1192 2804 1246 δὲ
2854 1188 3175 1261 παραδόξως
3228 1187 3362 1251 Θεὸς
3430 1187 3555 1250 τοὺς
3607 1188 3664 1239 ὲν
3710 1188 3824 1250 τοῖς

2259 1285 2664 1358 Ἱεροσολύμοις.
2710 1284 2806 1346 Τίς
2851 1277 2942 1335 οὖν
2982 1283 3010 1334 ὁ
3054 1279 3210 1334 τοῦδε
3240 1279 3427 1347 λόγος;
3468 1275 3592 1340 Ναὶ,
3627 1279 3816 1347 φησὶν,

2247 1379 2435 1446 ἐπειδὴ
2467 1377 2576 1446 γὰρ
2603 1377 2702 1445 οὐχ
2737 1375 2882 1436 ἅπας
2925 1371 3316 1442 δεδυσσέϐηκεν
3353 1372 3379 1422 ὁ
3424 1368 3661 1441 Ἰσραὴλ,
3708 1368 3826 1421 ἀλλ’

2246 1465 2384 1538 ἦσαν
2416 1468 2554 1537 τάχα
2589 1466 2690 1518 πού
2719 1482 2886 1529 τινες,
2919 1467 2968 1517 oi.
3003 1464 3098 1516 καὶ
3147 1461 3536 1532 δυσφοροῦντες
3566 1460 3707 1528 ἄγαν
3732 1461 3826 1512 ἐπὶ

2246 1561 2357 1620 τοῖς
2384 1555 2733 1609 δυσσεϐοὖσιν
2761 1557 2839 1618 εἰς
2872 1553 3023 1618 Θεὺν,
3055 1552 3311 1623 ταύτῃτοι
3349 1553 3574 1620 γέγονεν
3607 1552 3728 1604 ὁσία
3765 1569 3823 1602 τε

2248 1651 2342 1703 καὶ
2371 1649 2686 1717 δικαιοτάτη
2730 1648 2931 1717 ψῆφος,
2975 1645 3115 1698 κατὰ
3153 1646 3327 1715 μόνων
3371 1645 3576 1712 ἄγουσα
3604 1643 3702 1713 τὴν
3748 1643 3826 1695 δί-

2249 1757 2352 1810 κην
2377 1738 2486 1792 τῶν
2510 1738 2928 1810 ἡμαρτηκότων.
2963 1737 3082 1790 Ὅτι
3109 1735 3165 1788 δέ
3197 1737 3342 1790 ἐστιν
3372 1733 3574 1804 ἀληθὴς
3603 1735 3631 1785 ὁ
3668 1733 3825 1800 λόγος

574 1840 801 1893 chielem
852 1836 1195 1906 praphetam.
1227 1833 1376 1886 Dixit
1409 1832 1552 1885 enim
1588 1827 1953 1883 Israelitarum
1988 1839 2151 1894 quos-

2255 1832 2480 1901 ἑιπονηιιῖ)⁵
2513 1829 2950 1900 καταθρήσομεν,
3001 1829 3094 1880 καὶ
3122 1827 3198 1888 ὼς
3221 1826 3328 1879 ἀπό
3358 1843 3420 1893 γε
3445 1825 3554 1878 τῶν
3581 1841 3822 1894 γεγραμ-

575 1934 694 1984 dam
721 1931 866 1984 visos
887 1941 1010 1982 esse
1037 1925 1203 1980 solem
1233 1927 1482 1985 adorare,
1501 1921 1666 1975 Deum
1689 1928 1864 1972 autem
1885 1917 2149 1971 dicentem

574 2023 640 2075 de
687 2020 824 2088 ipsis
865 2017 1086 2072 audisse
1122 2037 1134 2070 :
1185 2033 1204 2065 ι
1243 2013 1458 2074 Vidisti,
1507 2010 1578 2064 lili
1626 2010 1879 2070 hominis,
1913 2005 2150 2073 nunquid

574 2126 765 2180 parum
819 2108 920 2161 fuit
969 2105 1147 2161 domui
1195 2103 1378 2166 Israel,
1429 2111 1488 2154 ut
1555 2100 1797 2153 facerent
1841 2095 2150 2164 iniquitates

577 2216 716 2271 quas
772 2205 1060 2270 patrarunt
1096 2197 1182 2250 hic
1207 2195 1230 2248 ?
1259 2196 1385 2265 quia
1423 2193 1780 2261 impleverunt
1821 2200 2016 2242 terram
2050 2185 2152 2239 ini-

575 2296 816 2363 quitate,
870 2299 925 2345 et
978 2287 1227 2344 conversi
1279 2296 1403 2341 sunt
1444 2294 1501 2337 ut
1548 2284 1614 2336 ad
1648 2282 1781 2335 iram
1817 2279 2152 2334 concitarent

578 2399 664 2438 me
717 2384 784 2436 “.
819 2401 838 2434 ι
879 2379 1007 2435 Dein
1055 2379 1172 2446 ait,
1223 2377 1512 2447 quemdam
1543 2373 1716 2428 visum
1765 2383 1887 2424 esse
1928 2366 2151 2422 talarent

576 2484 781 2529 vestem
832 2473 1119 2527 habentem
1165 2478 1221 2523 et
1258 2468 1614 2528 succinctum,
1651 2463 1738 2520 cui
1780 2453 2153 2517 dixituniver-

577 2567 756 2622 sitatis
826 2565 1006 2619 Deus:
1065 2580 1084 2614 ι
1119 2561 1352 2630 Peragra
1409 2560 1646 2613 mediam
1698 2554 2041 2615 Jerusalem,
2101 2561 2154 2606 et

579 2656 799 2726 signato
840 2655 1044 2708 frontes
1097 2651 1337 2705 virorum
1384 2651 1712 2719 gementium
1765 2655 1818 2701 et
1863 2644 2152 2700 dolentium

584 2762 750 2817 super
810 2745 1024 2799 cunctis
1077 2743 1454 2812 iniquitatibus
1508 2754 1627 2810 qua:
1685 2739 1818 2793 ﬁunt
1876 2738 1930 2793 in
1976 2735 2154 2791 medio

581 2839 770 2905 ipsius.
808 2835 873 2889 Et
911 2835 1018 2889 illis
1055 2834 1192 2888 dixit
1241 2833 1492 2887 audiente
1543 2846 1671 2886 me:
1707 2829 1782 2884 lte
1807 2831 1859 2885 in
1884 2829 2154 2885 civitatem

581 2938 703 2996 post
737 2943 858 2980 eum
883 2967 897 2992 ,
932 2938 986 2980 et
1023 2927 1232 2991 caedite,
1264 2940 1363 2980 nec
1386 2925 1712 2994 compareite
1740 2924 1909 2978 oculis
1939 2922 2153 2984 vestris,

582 3036 682 3075 nec
730 3020 1088 3075 miseremini.
1132 3019 1446 3084 Seniorem,
1470 3017 1762 3088 juniorem,
1789 3014 2074 3085 virginem,
2105 3022 2159 3067 ct

582 3112 817 3168 infantes
865 3123 919 3167 ct
967 3111 1218 3166 mulieres
1273 3111 1558 3166 interﬁcite
1608 3109 1673 3164 ad
1714 3107 2154 3169 internecionem.

587 3203 696 3260 Sed
728 3204 974 3273 quisquis
1009 3203 1220 3272 signum
1246 3202 1430 3263 habet,
1459 3202 1524 3254 ad
1540 3215 1661 3255 eum
1684 3215 1750 3254 ne
1767 3198 2007 3273 accedite
2024 3197 2091 3252 “.
2131 3219 2150 3251 ›

591 3271 837 3351 Observa
872 3271 1034 3364 igitur
1062 3271 1169 3361 quo
1199 3301 1357 3361 pacto
1381 3290 1631 3360 obsignet
1661 3288 1804 3344 Deus
1830 3303 1926 3342 sua
1961 3271 2155 3357 gratia,

587 3399 638 3440 ct
682 3387 829 3456 pium
884 3397 940 3439 et
966 3394 1233 3450 sanctum,
1263 3395 1317 3438 et
1350 3397 1411 3436 ea
1453 3391 1672 3451 propter
1704 3397 1821 3450 qua:
1852 3381 2034 3435 caeteri
2065 3395 2161 3434 au-

587 3481 718 3534 dent
773 3491 894 3529 eum
931 3474 1230 3539 oﬂ'endere,
1281 3475 1518 3544 graviter
1551 3473 1810 3527 ferentem
1847 3482 1902 3525 et
1937 3473 2160 3527 commi-

595 3579 889 3621 serantem.
946 3565 1161 3633 Quare,
1214 3568 1429 3636 inquit,
1485 3565 1698 3620 etiamsi
1753 3579 2038 3618 numerosa
2091 3563 2162 3617 sit

587 3657 956 3713 lsraelitarum
1015 3660 1321 3722 multitudo,
1349 3660 1482 3712 adeo
1521 3665 1579 3711 ut
1605 3672 1782 3712 arente
1811 3658 1864 3711 in
1890 3657 2160 3712 littoribus

589 3748 782 3816 posita:
825 3747 1125 3816 comparari
1160 3761 1322 3817 posse
1365 3744 1650 3800 videantur
1677 3783 1693 3808 ,
1727 3743 1968 3812 reliquia:
1998 3742 2160 3797 salva

589 3848 772 3896 erunt.
797 3838 948 3905 Quod
977 3853 1110 3894 sane
1134 3837 1354 3907 contigit
1389 3838 1634 3892 Ezechiae
1665 3837 2016 3906 temporibus.
2053 3834 2160 3888 De-

586 3932 694 3988 leta
726 3940 811 3985 est
843 3930 1010 3996 enim,
1039 3929 1114 3984 uti
1138 3929 1249 3984 dixi
1275 3970 1290 3996 ,
1322 3928 1594 3994 Samaria,
1621 3935 1674 3982 et
1710 3942 1814 3980 una
1855 3925 2160 3994 complures
2190 3946 2198 3951 ·

585 4023 786 4078 Iudaea:
814 4022 975 4074 urbes
1005 4029 1196 4088 capta.
1231 4017 1452 4072 Factum
1482 4027 1568 4072 est
1597 4018 1761 4072 etiam
1791 4018 1893 4070 hoc
1929 4015 2156 4070 extremi

588 4113 770 4166 saeculi
817 4111 1169 4180 temporibus,
1204 4108 1495 4180 Unigenito
1519 4109 1671 4163 nobis
1699 4108 1752 4162 in
1783 4107 2156 4161 earneilluce~

585 4213 792 4261 scente.
829 4202 981 4258 Tunc
1010 4204 1196 4267 etiam,
1230 4211 1355 4256 tunc
1392 4201 1614 4255 verbum
1645 4198 1938 4255 concidens
1972 4200 2023 4252 in
2066 4199 2156 4266 ju-

586 4297 758 4360 stitia,
785 4296 1008 4349 verbum
1032 4295 1306 4348 concisum
1335 4307 1428 4347 seu
1454 4291 1829 4346 abbreviatum
1858 4290 1987 4346 fecit
2011 4290 2150 4343 Deus

589 4388 642 4441 in
697 4396 809 4441 toto
837 4388 968 4439 orbe
999 4396 1177 4441 terrae.
1221 4382 1330 4438 Lex
1366 4383 1509 4439 enim
1538 4398 1636 4454 per
1675 4382 1874 4438 Mosen:
1912 4384 2035 4436 data
2060 4396 2156 4451 per

2255 1925 2431 1995 μένων
2457 1925 2514 1975 ἐν
2541 1921 2619 1992 τῷ
2651 1924 2904 1991 προφήτῃ
2945 1917 3222 1988 Ἰεζεκιήλ.
3267 1919 3412 1987 Ἔφη
3464 1917 3561 1986 μὲν
3609 1918 3717 1988 γὰρ
3742 1933 3829 1970 τε·

2249 2014 2475 2068 θεᾶσθαι
2530 2013 2680 2076 τινὰς
2733 2012 2842 2064 τῶν
2892 2008 2952 2073 ἐξ
3010 2008 3227 2080 Ἰσραὴλ
3266 2007 3705 2080 προσκυνοῦντας
3751 2009 3831 2076 τῷ

2251 2107 2406 2176 ἡλίῳ,
2436 2104 2570 2157 Θεοῦ
2599 2103 2656 2156 δὲ
2689 2103 2941 2170 λέγοντος
2968 2101 3196 2154 ἀκοῦσαι
3224 2101 3354 2170 περὶ
3377 2099 3555 2152 αὐτῶν
3578 2115 3591 2129 °
3631 2119 3650 2150 ι
3692 2099 3827 2152 Ἑώ-

2255 2212 2447 2266 ρακας,
2496 2195 2578 2246 υἱὲ
2623 2191 2931 2262 ἀνθρώπου,
2973 2189 3047 2261 μὴ
3098 2190 3292 2260 μικρὸν
3333 2189 3413 2259 τῷ
3439 2190 3571 2259 οἴκῳ
3612 2189 3830 2260 Ἰσραὴλ

2250 2285 2344 2338 τοῦ
2375 2286 2549 2338 ποιεῖν
2587 2283 2685 2347 τὰς
2725 2281 2973 2352 ἀνομίας,
3028 2281 3093 2345 ἃς
3126 2282 3487 2351 πεποιήκασιν
3528 2275 3626 2333 ὧδε
3655 2301 3669 2344 ;
3697 2281 3833 2334 διότι

2253 2378 2492 2448 ἔπλησαν
2551 2375 2650 2446 τὴν
2699 2376 2802 2444 γῆν
2857 2374 3104 2444 ἀνομίας.
3173 2374 3282 2427 Καὶ
3337 2373 3680 2443 ἐπέστρεψαν
3737 2373 3831 2424 τοῦ

2254 2470 2584 2542 παροργίσαι
2621 2484 2708 2538 με.
2763 2487 2781 2518 ι
2817 2461 2948 2519 Εἶτά
2993 2483 3158 2537 φησιν
3205 2465 3374 2536 ἄνδρα
3414 2464 3700 2517 τεθεᾶσθαι
3737 2480 3834 2516 πο-

2251 2563 2392 2633 δήρη
2447 2579 2507 2614 τε
2555 2561 2748 2631 ἔχοντα
2785 2562 2879 2614 καὶ
2909 2558 3305 2630 διεζωσμένονο
3354 2556 3450 2611 καὶ
3499 2556 3634 2627 πρὸς
3672 2555 3834 2608 αὐτὸν

2255 2654 2430 2705 εἰπεῖν
2458 2653 2549 2705 τὸν
2577 2653 2685 2706 τῶν
2717 2652 2853 2705 ὅλων
2870 2652 3019 2705 Θεόψ
3047 2670 3065 2702 ι
3091 2646 3276 2704 Δίελθε
3309 2649 3479 2719 μέσην
3504 2647 3601 2718 τὴν
3637 2645 3826 2716 Ἰερου-

2256 2743 2461 2816 σαλὴμ,
2509 2747 2603 2799 καὶ
2629 2745 2716 2808 δὺς
2758 2744 2820 2796 τὸ
2848 2746 3071 2814 σημεῖον
3117 2744 3208 2795 ἐπὶ
3245 2743 3312 2794 τὰ
3350 2743 3575 2812 μέτωπα
3606 2739 3712 2792 τῶν
3740 2741 3835 2793 ἁν-

2253 2838 2396 2910 δρῶν
2425 2838 2533 2892 τῶν
2565 2835 3090 2901 καταστεναζόντων,
3121 2835 3341 2888 καὶτῶν
3362 2833 3835 2902 κατωδυνωμὲνων

2259 2931 2351 2984 ἐπὶ
2381 2931 2580 2993 πάσαις
2621 2932 2741 2992 ταῖς
2777 2927 3047 2999 ἀνομίαις,
3073 2929 3192 2990 ταῖς
3223 2925 3533 2996 γινομέναις
3581 2925 3640 2976 ἐν
3684 2924 3840 2993 μέσῳ

2259 3023 2448 3092 αὐτῆς.
2485 3022 2596 3076 Καὶ
2619 3020 2829 3085 τούτοις
2859 3015 3012 3073 εἶπεν
3047 3018 3337 3081 ἀκούοντός
3365 3035 3466 3086 μου
3488 3034 3500 3047 ·
3528 3015 3837 3086 Πορεύεσθε

2213 3174 2225 3192 .
2261 3113 2340 3175 εἰς
2389 3111 2486 3181 τὴν
2534 3111 2686 3164 πόλιν
2732 3111 2907 3164 ὀπίσω
2953 3109 3138 3172 αὐτοῦ,
3172 3109 3264 3162 καὶ
3324 3107 3574 3171 κόπτετε,
3613 3108 3706 3159 καὶ
3763 3109 3839 3177 μὴ

2261 3205 2508 3274 φείδεσθε
2559 3207 2672 3268 τοῖς
2718 3203 3014 3274 ὀφθαλμοῖς
3044 3203 3216 3272 ὑμῶν.
3260 3203 3368 3255 Καὶ
3422 3201 3495 3272 μὴ
3553 3200 3834 3271 ἐλεήσητε,

2261 3297 2630 3369 πρεσϐύτερον
2659 3299 2752 3350 καὶ
2773 3297 3078 3359 νεανίσκον,
3110 3298 3204 3349 καὶ
3233 3295 3497 3366 παρθένον
3525 3296 3620 3346 καὶ
3645 3295 3834 3369 νήπια.

2260 3392 2352 3443 καὶ¹
2400 3392 2663 3458 γυναῖκας
2716 3391 3074 3444 ἀποκτείνατε
3129 3391 3208 3452 είς
3254 3387 3546 3456 aestatem.
3606 3386 3731 3437 Ἐπὶ
3783 3385 3838 3436 δὲ

2259 3485 2463 3545 πάντας
2511 3485 2596 3552 ἐφ’
2628 3482 2724 3546 οὓς
2775 3485 2890 3536 ἐστι
2938 3482 3000 3534 τὸ
3049 3484 3292 3551 σημεῖον,
3352 3480 3427 3552 μὴ
3477 3479 3758 3549 ὲγγίσητε.
3819 3499 3835 3527 υ

2263 3578 2450 3648 Ἀθρει
2485 3576 2548 3646 δὴ
2599 3571 2691 3628 οὖν
2735 3576 2884 3638 ὅπως
2931 3571 3362 3644 κατασφραγίζει
3401 3572 3534 3635 Θεὸς
3586 3573 3651 3641 τῇ
3707 3571 3841 3637 παρ’

2259 3667 2454 3723 ἑαυτοῦ
2483 3669 2664 3739 χάριτι
2701 3668 2793 3720 τὸν
2836 3665 3035 3737 εὐσεϐῆ
3088 3683 3148 3718 τε
3197 3665 3290 3718 καὶ
3336 3667 3578 3735 γνήσιον.
3615 3663 3727 3716 Καὶ
3757 3664 3838 3729 ἐφ’

2257 3757 2339 3823 οἷς
2389 3761 2455 3814 ἂν
2501 3761 2680 3830 ἕτεροι
2729 3757 3090 3831 προσκρούειν
3130 3757 3511 3827 ἁποτολμῶσιν
3544 3756 3713 3820 αὐτῷ,
3747 3773 3842 3823 zu-

2258 3853 2579 3906 λεπαίνοντά
2618 3869 2679 3904 τε
2705 3853 2799 3904 καὶ
2832 3850 3260 3922 κατοιμώζοντα.
3299 3847 3509 3901 Οὐκοῦν
3548 3847 3650 3901 κᾶν
3693 3849 3836 3899 εἰη..

2257 3944 2364 3996 τῶν
2399 3943 2458 4008 ἐξ
2499 3943 2714 4013 Ἰσραὴλ
2746 3943 2978 4014 ὑπάρχοι
3001 3941 3231 4012 πληθὺς,
3265 3941 3359 3994 καὶ
3379 3939 3626 4010 ψάμμοις
3655 3955 3837 4008 παρε-

2259 4034 2480 4097 κάζοιτο
2508 4035 2628 4096 ταῖς
2658 4036 2714 4086 ἐν
2752 4035 2896 4103 ήῖόσι
2929 4033 3229 4103 κειμέναις,
3259 4032 3320 4085 τὸ
3347 4029 3697 4099 κατάλειμμα
3737 4045 3842 4080 atu-

2259 4125 2501 4195 θήσεται.
2538 4125 2648 4178 Καὶ
2683 4124 2997 4195 συμϐέϐηκε
3032 4127 3129 4194 μὲν
3162 4122 3322 4175 τοῦτο
3351 4121 3491 4175 κατὰ
3523 4121 3651 4181 τοὺς
3691 4118 3842 4182 Ἑζε-

2256 4217 2374 4285 χίου
2429 4214 2675 4286 καιρούς.
2727 4215 2955 4268 Αιόλωλε
2980 4215 3108 4286 γάρ,
3149 4215 3224 4278 ὡς
3252 4214 3411 4284 ἔφην,
3449 4215 3483 4284 ὴ
3534 4198 3844 4281 Σαμάρεια,

2257 4306 2349 4360 καὶ
2411 4307 2658 4360 πλεῖσται
2709 4307 2812 4376 τῆς
2873 4306 3128 4368 Ἰουδαίας
3191 4304 3583 4376 συνεξῄρηνται
3631 4303 3843 4365 πόλεις.

2255 4399 2576 4470 Πέπρακται
2627 4398 2683 4451 δὲ
2730 4397 2887 4452 τοῦτο
2954 4398 3048 4450 καὶ
3090 4399 3146 4449 ὲν
3194 4397 3444 4466 ἐσχάτοις
3493 4394 3588 4449 τοῦ
3638 4394 3850 4456 αίῶνος

594 4479 793 4548 longas.
824 4477 1078 4545 ambages
1101 4477 1270 4539 venit,
1297 4485 1356 4529 et
1393 4485 1641 4530 contorto
1670 4476 1901 4543 quodam
1926 4474 2154 4527 circuitu

2269 4493 2500 4560 καιροῖς,
2559 4488 2963 4560 ἐπιλάμψαντος
3009 4490 3140 4558 ήμῖν
3189 4486 3281 4539 τοῦ
3310 4483 3647 4554 Μονογενοῦς
3707 4483 3854 4552 μετὰ

585 4572 736 4642 quod
782 4569 911 4623 utile
959 4579 1076 4622 erat
1129 4567 1404 4630 indicavit,
1449 4581 1544 4634 per
1575 4567 1800 4634 aenigma
1829 4576 1885 4619 et
1913 4565 2157 4619 umbram

586 4661 678 4714 vix
729 4659 1066 4713 subinnuens
1126 4653 1271 4724 quod
1323 4655 1389 4707 ad
1437 4669 1593 4709 usum
1646 4655 2158 4724 atquelutilitatem

586 4749 841 4818 pertinet.
870 4745 1138 4802 Salutaris
1167 4754 1345 4800 autem
1381 4756 1437 4799 et
1461 4745 1768 4815 evangelica
1789 4746 1965 4800 oratio
2006 4746 2162 4802 nobis

587 4837 771 4892 brevis
822 4846 905 4891 est
931 4876 948 4901 ,
1001 4846 1056 4889 et
1099 4833 1260 4889 veluti
1292 4835 1511 4889 concisa
1535 4849 1599 4889 ac
1630 4843 1932 4901 contracta,
1964 4838 2161 4892 nudam

591 4926 798 4983 habens
842 4927 1149 4991 veritatem,
1173 4935 1230 4980 et
1256 4927 1379 4980 vita:
1405 4926 1544 4980 viam
1568 4926 1780 4996 plenam
1803 4929 2158 4995 constituens,

589 5034 697 5076 non
747 5019 1004 5088 impedita
1059 5019 1431 5085 facultatibus,
1465 5035 1569 5076 non
1604 5020 1850 5077 obscuris
1877 5026 2162 5092 prwconiis

587 5110 862 5165 obvelata.
911 5109 1150 5180 Simplex
1189 5112 1356 5177 enim,
1402 5111 1477 5166 uti
1508 5113 1773 5176 dicebam,
1804 5127 1887 5168 εει
1922 5115 2163 5169 veritatis

591 5205 886 5274 negotium.
929 5201 1170 5258 Servata:
1215 5213 1344 5258 sunt
1377 5219 1537 5271 porro
1570 5204 1812 5274 reliquiae
1839 5206 2070 5270 lsraelis,
2111 5208 2163 5260 id

589 5306 692 5362 est,
752 5296 842 5364 qui
901 5295 1007 5350 [ide
1062 5295 1180 5364 ejus
1219 5296 1612 5364 apparitionem
1669 5296 1967 5363 coluerunt,
1999 5298 2158 5368 182

592 5402 715 5439 cum
749 5387 1033 5442 multitudo
1067 5386 1171 5440 alia
1206 5394 1560 5439 averteretur.
1589 5385 1724 5440 Nam
1753 5389 1804 5442 in
1839 5388 2014 5457 ipsum
2049 5391 2163 5444 titti-

597 5490 874 5531 versorum
895 5478 1244 5532 Servatorem
1267 5486 1321 5531 et
1348 5474 1635 5531 Dominum
1664 5478 1977 5532 debacchati
2012 5491 2158 5546 sunt,

594 5583 715 5618 cum
748 5577 874 5620 ante
908 5568 1200 5636 prophetas
1248 5568 1704 5635 obtruncassent,
1756 5580 1809 5624 et
1859 5571 1950 5640 qui
2008 5571 2161 5626 missi

671 5726 714 5754 νε
754 5724 945 5780 Ezech.
984 5743 1102 5794 vtu,
1137 5729 1221 5783 l7.
1273 5733 1344 5800 _"
1379 5731 1574 5786 Ezeclt.
1613 5747 1691 5798 tx,
1727 5732 1845 5787 4-6.

2261 4582 2480 4652 σαρκός.
2518 4583 2651 4635 Τότε
2698 4582 2806 4652 γὰρ
2838 4582 2958 4634 τότε
2992 4581 3084 4632 καὶ
3117 4579 3271 4647 λόγον
3322 4577 3632 4646 συντέμνων
3674 4575 3735 4626 ἐν
3767 4575 3855 4626 δι-

2260 4672 2519 4742 καιοσύνῃ
2553 4672 2851 4742 πεποίηκεν
2883 4674 2910 4724 ὁ
2940 4670 3072 4732 Θεὸς
3113 4671 3171 4721 ὲν
3198 4673 3262 4739 τῇ
3292 4668 3586 4736 οἰκουμένῃ
3612 4664 3731 4736 ὅλῃ.
3787 4665 3855 4716 Ὀ

2265 4760 2362 4829 μὲν
2391 4761 2498 4829 γὰρ
2541 4761 2703 4831 νόμος
2750 4761 2778 4812 ὁ
2810 4759 2898 4812 διὰ
2941 4759 3186 4820 Μωσέως
3235 4758 3321 4810 διὰ
3376 4756 3592 4809 κύκλιον
3623 4755 3854 4825 ἔρχεται

2266 4852 2514 4923 μακρῶν,
2569 4855 2660 4906 καὶ
2694 4852 2989 4923 περισκελῆ
3021 4853 3254 4903 ποιεῖται
3283 4848 3377 4902 τοῦ
3424 4848 3696 4920 χρησίμου
3748 4849 3855 4917 τὴν

2263 4941 2516 5011 δήλωσιν,
2552 4943 2617 4994 δι’
2649 4942 2970 5012 αἰνίγματος
3011 4944 3106 4996 καὶ
3140 4945 3296 5006 σκιᾶς
3346 4940 3660 5010 ὑποφαίνων
3695 4941 3790 5010 μό)
3805 4959 3858 5004 ις

2264 5031 2323 5083 τὸ
2352 5031 2535 5085 τελοῦν
2560 5034 2638 5095 είς
2661 5032 2864 5104 ὄνησιν.
2911 5034 2969 5086 Ὀ
2991 5033 3047 5086 δέ
3075 5050 3137 5102 γε
3173 5035 3436 5105 σωτήριός
3469 5049 3526 5085 τε
3553 5032 3646 5085 καὶ
3680 5033 3856 5101 εὐαγ-

2266 5122 2481 5188 γελικὸς
2518 5124 2649 5194 ἡμῖν
2677 5124 2834 5192 λόγος
2874 5124 3079 5195 βραχύς
3107 5125 3166 5177 τέ
3193 5127 3340 5178 ἐστιν
3372 5126 3466 5177 καὶ
3503 5119 3616 5177 οἷον
3656 5141 3856 5176 συντε-

2266 5213 2566 5282 τμημένος,
2589 5215 2708 5284 ἦτοι
2731 5216 3015 5285 σύντομος,
3041 5217 3254 5286 γυμνὴν
3281 5216 3420 5286 ἔχων
3439 5217 3538 5286 τὴν
3563 5215 3859 5284 ἀλήθειαν,

2271 5306 2365 5358 καὶ
2393 5309 2489 5376 τῆς
2520 5306 2664 5378 ζωῆς
2697 5309 2795 5380 τὴν
2839 5309 2954 5362 ὁδὸν
2986 5311 3188 5380 ἐναργῆ
3233 5308 3514 5370 καθιστὰς,
3555 5310 3617 5361 οὑ
3655 5308 3863 5376 δυσχε-

2273 5399 2391 5468 ρίας
2444 5402 2686 5473 ἐνούσης,
2723 5404 2822 5456 οὐκ
2860 5404 3124 5473 ἀσαφείας
3167 5405 3311 5468 τινὸς
3352 5407 3463 5465 τοῖς
3497 5401 3861 5473 κηρύγμασιν

2270 5492 2722 5564 ἐπενηνεγμένης.
2778 5495 3008 5549 Ἀπλοῦν
3030 5496 3159 5567 γὰρ,
3191 5497 3266 5560 ὡς
3289 5496 3443 5566 ἔφην,
3469 5496 3571 5564 τῆς
3593 5495 3862 5566 ἀληθείας

2269 5584 2327 5635 τδ
2366 5584 2573 5655 χρῆμα.
2608 5586 2880 5641 Σέσωσται
2908 5587 2964 5641 δὲ
2992 5589 3084 5640 καὶ
3123 5588 3243 5640 τότε
3272 5587 3333 5641 τὸ
3374 5586 3731 5657 κατάλειμμα
3759 5584 3863 5640 τοῦ
