4144 6302
485 2235 492 2240 _
577 2169 900 2228 subsidiaria
957 2167 1255 2221 instructus
1308 2180 1324 2219 :

565 325 672 381 299

1552 318 1609 374 S.
1651 315 1932 372 ογιιιιιι
1968 314 2436 373 ΑιεΧΑΝῡιιιΝι
2477 313 2797 372 ARCHIEP.

3716 313 3824 368 που

571 441 676 495 ὑπὸ
720 438 869 502 θείας
913 437 1102 509 ὀργῆς.
1146 435 1570 506 Βουλευσάμενοι
1599 435 1656 488 δέ
1693 434 1790 489 καὶ
1840 433 2010 506 αὐτὴν
2047 433 2413 507 χειρώσασθαι
2451 434 2551 506 τὴν
2592 433 2969 506 Ἰερουσαλὴμ,
3020 432 3427 506 διημαρτήκασι
3463 433 3558 487 τοῦ
3597 433 3822 500 σκοποῦ,

569 536 664 589 καὶ
699 533 922 602 γέγονεν
949 533 1130 595 αὐτοῖς
1173 532 1451 602 ἄπρακτος
1483 532 1516 601 ὴ
1546 529 1757 599 σκέψις,
1775 527 1912 582 Θεοῦ
1951 527 2272 599 μεταθέντος
2293 532 2375 592 εἰς
2405 531 2515 584 πᾶν
2550 527 2859 583 τούναντίον
2892 528 2998 582 τῶν
3022 526 3504 598 προσδοκηθέντων
3525 527 3588 582 τὸ
3617 528 3814 599 πέρας.

647 627 806 681 \‘nns.
862 624 952 679 ‘26.
1009 621 1075 676 Et
1135 622 1380 677 excitabit
1426 622 1564 676 Deus
1602 623 1657 675 in
1719 637 1807 676 eos
1859 621 2142 675 secundum

2313 622 2424 676 Kal
2475 622 2739 691 ἐπεγερεῖ
2786 625 2820 675 ό
2889 623 3032 687 Θεὸς
3088 622 3180 674 ἐπ’
3216 623 3442 687 αὐτοὺς
3498 623 3648 676 κατὰ
3708 622 3823 692 τὴν

571 719 782 785 plagam
846 709 1087 777 Mallius,
1136 713 1190 766 in
1215 713 1328 766 loco
1362 712 1690 780 aﬁ‘lictionis,
1731 719 1780 765 et
1816 713 1898 764 ira
1942 710 2055 779 ejus
2088 711 2142 764 in

577 809 663 861 ria
770 819 884 870 aute
915 820 1008 874 per
1037 820 1204 871 mare,
1235 804 1289 858 in
1330 804 1466 859 viam
1519 819 1639 874 qua!
1689 812 1766 857 est
1817 805 1887 857 ad
1937 803 2145 873 Egyp—

572 907 704 952 tam.

642 988 935 1051 Corruent,
963 983 1158 1049 inquit,
1194 983 1274 1038 ira
1330 997 1564 1053 superna
1613 993 1669 1038 et
1720 984 1902 1038 divina
1943 985 1996 1039 in
2052 999 2146 1041 eos

573 1080 783 1133 invecta
819 1095 832 1130 :
867 1091 970 1131 nec
998 1076 1108 1130 ullo
1131 1090 1350 1144 prorsus
1409 1075 1590 1128 labore
1623 1089 1757 1144 opus
1802 1076 1907 1129 erit
1963 1075 2139 1128 Israe-

575 1170 703 1222 litis.
750 1167 989 1220 Evadent
1037 1166 1181 1219 enim
1213 1163 1472 1229 victores,
1503 1180 1608 1217 non
1632 1165 1983 1232 arcusjactu,
2038 1178 2145 1216 non

573 1275 828 1314 ntanuum
857 1259 929 1322 vi,
977 1273 1083 1310 non
1137 1255 1330 1310 bellica
1381 1254 1596 1322 peritia,
1629 1262 1686 1307 at
1743 1255 1922 1323 potius
1982 1269 2143 1306 manu

576 1352 754 1406 divina
784 1349 1116 1417 percutiente
1152 1355 1206 1399 et
1247 1343 1538 1414 superbum
1572 1343 1824 1413 populum
1860 1343 2149 1397 conﬁcien-

579 1455 665 1508 te;
697 1440 1146 1510 quemadmodum
1178 1435 1419 1506 profecto
1469 1434 1667 1489 accidit
1706 1433 2031 1488 Madianitis.
2069 1433 2144 1486 Illi

577 1536 718 1590 enim
780 1530 1038 1586 coalertis
1085 1528 1388 1598 agminibus
1449 1535 1610 1596 atque
1655 1527 1767 1595 ipsa
1829 1534 1938 1580 tota
1989 1535 2148 1594 gente

577 1623 909 1693 congregati,
948 1620 1256 1676 Iudaeorum
1296 1631 1510 1673 omnem
1557 1618 1829 1685 regionem
1860 1629 2149 1685 prOpemo-

579 1719 704 1771 dum
741 1714 1092 1768 infestabant:
1143 1717 1199 1764 et
1239 1709 1442 1778 ingenti
1509 1710 1703 1762 timore
1754 1707 2031 1776 perculsos
2081 1720 2144 1759 ex

578 1807 802 1861 urbibus
836 1815 890 1858 et
919 1805 1051 1856 vicis
1083 1801 1318 1870 migrare
1366 1799 1566 1854 invitos
1611 1799 1901 1868 cogebant,
1951 1806 2010 1850 ut
2058 1795 2150 1850 vix

579 1899 631 1952 in
658 1895 918 1951 montium
972 1893 1273 1948 verticibus
1320 1891 1492 1959 idque
1536 1889 1728 1944 timide
1780 1887 2144 1943 considerent.

2245 711 2491 780 πληγὴν
2530 712 2764 778 Μαδιάμ
2797 711 2867 764 ὲν
2897 712 3058 776 τόπῳ
3099 713 3380 781 θλίψεως,
3423 714 3520 767 καί
3568 716 3602 767 ό
3641 715 3826 783 θυμὸς

2243 800 2432 855 αὐτοῦ
2480 799 2556 868 τῇ
2592 799 2711 866 ὁδῷ
2741 800 2817 868 τῇ
2846 802 2997 856 κατὰ
3041 802 3384 868 θάλασσαν,
3423 805 3510 868 εἰς
3543 802 3660 871 τὴν
3683 803 3829 858 ὁδὸν

2245 889 2363 958 τὴν
2391 890 2520 944 κατ’
2551 891 2878 960 Αιγυπτον.

2315 981 2633 1047 Πεσοῦνται,
2677 983 2861 1052 φησὶν,
2897 983 3071 1056 ὀργῆς
3114 984 3202 1036 ἐπ’
3241 983 3425 1047 αὐτοῖς
3457 984 3828 1056 ἐπενηνεγμέ-

2245 1087 2345 1142 νης
2401 1071 2500 1140 τῆς
2538 1071 2744 1125 ἄνωθεν
2778 1073 2874 1125 καὶ
2907 1073 3058 1144 παρά
3090 1073 3224 1127 Θεοῦ
3245 1089 3261 1106 ο
3305 1075 3400 1128 καὶ
3436 1074 3650 1137 οὐδενὸς
3692 1091 3828 1128 παν-

2245 1157 2412 1222 τελῶς
2438 1160 2618 1230 δεήσει
2646 1162 2808 1214 πόνου
2831 1165 2944 1226 τοῖς
2969 1162 3027 1228 ἐξ
3055 1163 3291 1234 Ἰσραήλ.
3313 1165 3670 1233 Περιὲσονται
3692 1166 3827 1236 γὰρ,

2247 1249 2306 1302 οὐ
2342 1250 2508 1314 τόξων
2541 1250 2744 1319 βολαῖς,
2788 1253 2889 1306 οὐκ
2921 1254 3205 1325 εὐσθενείᾳ
3241 1256 3463 1326 χειρῶν,
3504 1259 3564 1310 οὐ
3610 1260 3832 1328 πολεμιο

2247 1341 2368 1403 καίς
2404 1341 2717 1411 ἐμπειρίαις
2742 1341 3033 1413 χρώμενοι,
3063 1345 3398 1414 κρατήσουσι
3425 1346 3482 1399 δὲ
3517 1346 3717 1416 μᾶλλον
3741 1346 3833 1399 διὰ

2247 1431 2430 1501 χειρὸς
2457 1431 2615 1496 Θεοῦ,
2647 1433 2991 1503 πληττούσης
3013 1451 3072 1487 τε
3106 1435 3201 1488 καὶ
3224 1435 3551 1505 δαπανώσης
3576 1436 3670 1488 τὸν
3697 1437 3830 1490 ἀλα-

2248 1523 2376 1587 ζόνα
2403 1522 2560 1577 λαόν·
2595 1524 2849 1596 καθάπερ
2887 1525 3080 1595 ἀμέλει
3116 1526 3315 1597 συνέϐη
3357 1525 3550 1580 παθεῖν
3579 1528 3672 1579 καὶ
3704 1528 3829 1580 M1-

2245 1613 2540 1684 διηναίους.
2576 1615 2638 1667 Oi
2675 1614 2773 1685 μὲν
2799 1614 2909 1687 γὰρ
2940 1616 3082 1668 κατὰ
3111 1615 3320 1686 πληθὺν
3353 1617 3446 1669 καὶ
3477 1616 3621 1669 κατὰ
3674 1618 3834 1684 γένος

2249 1703 2650 1775 συνειλεγμένοι
2685 1705 3072 1774 κατεληίζοντο
3114 1707 3214 1776 μὲν
3239 1707 3438 1778 μικροῦ
3468 1707 3578 1760 δεῖν
3616 1709 3836 1762 ἃπασαν

2246 1797 2344 1869 τὴν
2375 1795 2483 1850 τῶν
2525 1796 2798 1850 Ἰουδαίων
2836 1797 3042 1869 χώραν,
3083 1800 3179 1852 καὶ
3211 1799 3485 1870 ἀφόρητον
3517 1800 3702 1862 αὐτοῖς
3741 1802 3837 1869 ἐμ-

2249 1886 2528 1949 ποιοῦντες
2556 1885 2616 1939 τὸ
2645 1885 2837 1956 δεῖμα,
2871 1886 3078 1940 πόλεων
3128 1887 3227 1958 μὲν
3266 1889 3362 1941 καὶ
3400 1888 3607 1959 κωμῶν
3651 1890 3835 1942 ἀπαν-

576 1992 646 2044 Δι
679 1985 950 2044 succurrit
990 1994 1099 2038 tum
1125 1995 1339 2053 quoque
1374 1982 1536 2046 Deus,
1559 1990 1616 2036 et
1667 1995 1826 2034 manu
1883 1977 2150 2034 Gedeonis

2257 1976 2510 2031 ίστασθαι
2534 1977 2629 2030 καί
2678 1977 2776 2046 οὐχ
2809 1978 3030 2042 ἐκόντας
3075 1979 3406 2048 ἠνάγκαζον,
3458 1980 3835 2043 ἐναυλίζεσθαι

577 2081 949 2152 periclitantes
1008 2073 1368 2136 conservavit,
1410 2086 1578 2142 parva
1627 2071 1914 2125 admodum
1985 2084 2145 2123 manu

1378 2163 1471 2232 qui
1500 2174 1662 2216 noctu
1715 2161 1846 2216 etin
1883 2160 2146 2224 tenebris,

578 2261 785 2332 bydriis
812 2257 1124 2326 conlractis,
1153 2255 1362 2311 facibus
1405 2253 1665 2319 ostensis,
1699 2253 1959 2308 cornibus
2017 2253 2150 2308 buc-

577 2350 910 2414 cinantibus,
981 2346 1422 2403 adversariorum
1488 2345 1782 2415 phalanges
1840 2345 2144 2398 turbarunt.

579 2441 658 2496 Ex
685 2456 794 2510 quo
817 2438 947 2495 illud
964 2439 1176 2494 demum
1201 2435 1508 2492 Madianitis
1533 2433 1748 2498 accidit,
1771 2442 1831 2490 ut
1849 2433 1984 2490 fusis
2005 2434 2150 2488 ordi-

579 2535 758 2597 nibus,
795 2533 904 2586 Deo
931 2529 1220 2585 collidente
1248 2542 1315 2582 ac
1365 2533 1704 2590 conterente,
1733 2533 1790 2579 et
1819 2533 1979 2579 noctu
2015 2523 2152 2578 ami-

579 2641 701 2680 cum
719 2632 773 2678 et
793 2630 1077 2692 cognatum
1109 2619 1176 2674 ab
1213 2617 1437 2672 inimico
1460 2631 1565 2670 non
1585 2615 2035 2680 internoscentes,
2066 2615 2151 2669 in-

582 2726 666 2774 ter
699 2729 757 2769 se
802 2710 1071 2768 commisti
1117 2723 1183 2763 ac
1225 2707 1499 2763 commissi
1546 2703 1765 2772 fuerint,
1802 2714 1857 2761 et
1888 2705 2155 2760 hostiliter

582 2805 808 2859 invicem
827 2798 1120 2860 saevierint,
1152 2809 1480 2864 suorumque
1514 2794 1765 2850 manibus
1802 2791 1964 2864 184
1989 2794 2155 2849 mise-

583 2892 824 2948 rabiliter
849 2885 1515 2956 disperierint.lnducetur
1541 2887 1743 2955 itaque,
1769 2884 1962 2952 inquit,
1999 2883 2148 2954 juxta

581 2990 789 3060 plagam
815 2984 1044 3039 Madiam
1104 2979 1301 3036 inloco
1355 2978 1683 3035 alilictionis.
1737 2976 1939 3032 Locum
1975 2988 2152 3031 autem

580 3077 884 3135 alllictionis
917 3090 1013 3130 seu
1073 3081 1282 3141 tempus
1351 3069 1615 3134 nominat,
1678 3083 1786 3138 quo
1833 3067 1950 3124 haec
2013 3065 2155 3120 facta

580 3181 725 3230 sunt.
760 3168 912 3238 Quod
961 3174 1139 3222 autem
1201 3163 1438 3219 furorem
1488 3162 1708 3218 barbari
1785 3170 1991 3216 tantum
2046 3175 2154 3214 non

581 3268 835 3320 aberrare
860 3263 1062 3318 laceret
1093 3259 1256 3322 Deus,
1283 3256 1417 3312 etin
1480 3256 1616 3311 alios
1649 3254 1800 3310 illum
1855 3262 2150 3315 averteret,

582 3353 852 3424 signiﬁcat
903 3351 1130 3405 dicens:
1166 3347 1232 3402 Et
1278 3347 1358 3402 ira
1387 3347 1505 3412 ejus
1529 3347 1584 3399 in
1638 3346 1722 3400 via
1748 3359 1870 3415 qua:
1912 3352 1996 3398 est
2055 3344 2152 3413 per

584 3460 756 3508 mare,
781 3444 833 3497 in
860 3442 998 3495 viam
1023 3453 1143 3508 qua:
1165 3447 1248 3492 est
1271 3438 1323 3491 in
1362 3436 1678 3507 IEgyptum.
1718 3434 1832 3490 Rex
1863 3435 2004 3488 enim
2055 3434 2156 3489 As-

583 3533 853 3606 syriorum
909 3525 1434 3597 Theglaphalasarus
1469 3523 1548 3594 (is
1579 3532 1664 3579 est
1718 3523 1811 3592 qui
1853 3521 2156 3577 Samariam

585 3629 635 3680 vi
665 3621 1086 3692 expugnaverat)
1118 3617 1375 3672 tributum
1439 3614 1834 3669 habitatoribus
1876 3613 2154 3683 imposuit,

582 3729 638 3773 et
668 3712 892 3784 vectigal
937 3711 1006 3766 ab
1059 3711 1143 3764 his
1186 3709 1280 3778 qui
1340 3706 1762 3764 succedentibus
1823 3705 2158 3775 temporibus

585 3811 875 3875 regnarent
907 3801 960 3856 in
1009 3799 1416 3869 lsrael,exegit.
1458 3797 1592 3852 Cum
1639 3797 1746 3854 huc
1801 3798 2014 3853 demum
2069 3812 2157 3854 res

585 3899 841 3956 venisset.
875 3903 930 3950 et
950 3891 1250 3962 subegisset
1280 3889 1582 3944 Samariam
1620 3888 1787 3946 Oseas
1817 3888 1961 3943 ﬁlius
2021 3888 2151 3955 Elaa,

582 4006 690 4046 non
724 3988 871 4042 misit
904 3985 1015 4052 regi
1049 3983 1397 4054 Assyriorum
1427 3980 1638 4047 Manaa,
1693 3981 1835 4036 sicut
1893 3981 2152 4050 scriptum

583 4091 688 4142 est,
713 4089 912 4136 etcum
949 4090 1071 4131 eum
1103 4074 1257 4128 valde
1296 4071 1560 4129 ollensum
1583 4072 1953 4139 intellexisset,
1987 4073 2156 4144 Egy-

583 4173 816 4242 ptiorum
845 4181 1061 4222 manum
1122 4165 1176 4218 in
1227 4165 1526 4222 subsidium
1569 4164 1852 4229 conduxit,
1886 4165 2153 4234 siquidem

581 4261 741 4316 vellet
767 4259 814 4313 is
852 4256 945 4325 qui
969 4253 1168 4309 tributa
1207 4261 1264 4307 et
1294 4251 1581 4324 vectigalia
1615 4253 1912 4317 indixerat,
1968 4253 2022 4307 in
2061 4266 2155 4308 eos

581 4351 700 4420 iure
736 4348 860 4406 belli
899 4345 1125 4400 armari.
1158 4343 1488 4400 Promittere
1516 4343 1590 4398 illi
1621 4345 1837 4414 quidem
1886 4345 2150 4401 lubentis-

581 4445 738 4506 sime,
783 4439 873 4510 qui
921 4446 1030 4493 tum
1087 4435 1355 4507 Egyptiis
1438 4435 1845 4505 imperitabant.
1897 4436 2154 4508 Assyrius

581 4543 764 4590 autem
809 4531 894 4586 his
945 4527 1211 4592 ollcusus,
1265 4541 1388 4582 cum
1458 4526 1604 4580 omni
1666 4529 1912 4582 exercitu
1964 4540 2153 4584 contra

2249 2068 2307 2122 δὲ
2353 2068 2530 2138 μόλις,
2558 2069 2653 2121 καὶ
2684 2068 2844 2121 τοῦτο
2880 2069 3142 2141 περιδεῶς
3181 2074 3300 2134 ταῖς
3340 2071 3450 2126 τῶν
3495 2073 3635 2143 ὀρῶν
3666 2091 3834 2144 κορυ-

2249 2162 2396 2227 φαῖς.
2444 2160 2586 2212 Ἀλλ’
2615 2161 2864 2231 ἐπήμυνε
2907 2162 3002 2214 καὶ
3037 2163 3156 2215 τότε
3187 2161 3342 2227 Θεὸς,
3379 2165 3474 2217 καὶ
3511 2165 3715 2218 σέσωκε
3745 2182 3836 2218 κε-

2250 2251 2665 2316 κινδυνευκότας
2721 2252 2810 2305 διὰ
2856 2254 3038 2325 χειρὸς
3092 2254 3303 2309 Γεδεὼν
3356 2255 3554 2329 κομιδῇ
3613 2257 3836 2328 βραχεῖς

2251 2341 2475 2413 ἔχοντας
2501 2347 2627 2408 τοὺς
2657 2347 3046 2413 συνασπιστὰς,
3075 2346 3124 2399 οἳ
3157 2349 3252 2399 καὶ
3294 2347 3395 2410 τὰς
3431 2349 3541 2401 τῶν
3575 2348 3838 2402 ἐναντίων

2251 2432 2651 2504 τεθορυϐήκασι
2693 2434 3003 2503 φάλαγγας,
3057 2437 3115 2488 ἐν
3170 2435 3326 2488 νυκτί
3371 2437 3467 2489 καί¹
3514 2436 3693 2506 σκότῳ
3738 2437 3838 2498 τὰς

2252 2521 2439 2591 ὑδρίας
2471 2521 2924 2593 συνθραῦσαντες,
2953 2524 3050 2577 καί¹
3066 2525 3229 2595 δᾷδας
3270 2525 3693 2596 ἐπιδειξάμενοι,
3740 2527 3839 2580 καὶ

2252 2613 2613 2678 σαλπίσαντες
2649 2617 2773 2692 ταῖς
2814 2617 3150 2686 κερατίναις,
3192 2617 3331 2670 ὥστε
3370 2619 3464 2671 καί
3510 2633 3563 2671 τι
3596 2619 3840 2672 τοιοῦτον

2254 2705 2451 2777 συνέϐη
2503 2705 2698 2761 παθεῖν
2736 2709 2850 2771 τοῖς
2890 2709 2955 2760 ἐκ
2997 2709 3243 2779 Μαδιάμ.
3305 2711 3522 2782 Ἐπειδὴ
3564 2711 3674 2783 γὰρ
3713 2728 3842 2764 συν-

2253 2799 2419 2870 εχύθη
2463 2799 2532 2852 τὰ
2569 2799 2852 2870 τάγματα,
2891 2801 3323 2865 καταπτοοῦντος
3355 2801 3513 2868 Θεοῦ,
3539 2803 3841 2874 διακρίνειν

2253 2891 2355 2944 οὐκ
2384 2890 2597 2961 ἔχοντες
2629 2892 2706 2955 ὡς
2748 2892 2806 2943 ἐν
2846 2892 3022 2962 σκότῳ
3052 2893 3145 2946 καὶ
3187 2894 3363 2958 νυκτὶ,
3394 2893 3480 2958 τίς
3527 2897 3556 2947 ό
3593 2896 3769 2963 φίλος,
3803 2896 3840 2967 ἦ

2255 2981 2550 3055 συγγενὴς,
2582 2983 2616 3053 ἢ
2649 2982 2729 3046 τίς
2761 2985 2789 3036 ὁ
2820 2984 3098 3055 πολέμιος,
3131 2985 3519 3040 συνεπλέκοντο
3550 2987 3648 3059 μὲν
3670 2989 3841 3058 ἀλλή-

2257 3073 2394 3138 λοις,
2445 3074 2614 3144 ἔδρων
2641 3074 2697 3126 δέ
2729 3073 2798 3126 τὰ
2845 3075 2954 3128 τῶν
3002 3075 3248 3148 ἐχθρῶν,
3285 3078 3377 3130 καὶ
3426 3080 3549 3140 ταῖς
3593 3078 3844 3148 ἀλλήλων

2255 3167 2444 3237 χερσὶν
2472 3165 2704 3237 οἰκτρῶς
2741 3165 3076 3222 διολώλασιν.
3143 3168 3597 3238 Ἐπενεχθήσεται
3635 3170 3841 3235 τοίνυν,

2258 3255 2444 3328 φησὶν,
2478 3257 2620 3310 κατὰ
2659 3256 2756 3327 τὴν
2797 3257 3013 3328 πληγὴν
3044 3258 3144 3328 τὴν
3186 3259 3414 3329 Μαδιάμ
3451 3261 3510 3313 ἐν
3545 3260 3696 3331 τόπῳ
3728 3261 3844 3314 θλί-

2260 3349 2424 3420 ψεως.
2457 3349 2633 3402 Τόπον
2684 3349 2740 3402 δέ
2785 3348 3037 3416 θλίψεως,
3071 3350 3190 3421 ὴτοι
3234 3351 3425 3422 καιρὸν
3457 3350 3718 3422 ὀνομάζει
3753 3353 3844 3405 τὸν

2259 3441 2318 3494 ἐν
2344 3434 2388 3510 ᾧ
2416 3442 2574 3496 ταυτί
2601 3441 2854 3510 γενέσθαι
2885 3440 3250 3511 συμϐέϐηκεν.
3287 3442 3410 3494 ’Ότι
3454 3441 3511 3494 δέ
3559 3443 3845 3512 μονονουχὶ

2257 3533 2351 3585 καὶ
2372 3532 2742 3603 ἀποπλανήσει
2772 3532 2904 3596 Θεὸς
2935 3533 3026 3585 τὸν
3049 3532 3143 3585 τοῦ
3175 3531 3452 3604 βαρϐάρου
3500 3533 3703 3603 θυμὸν,
3749 3534 3854 3586 κοῒ

2257 3622 2344 3690 ἐφ’
2369 3623 2592 3694 ἐτέρους
2633 3622 2796 3677 αὐτὸν
2830 3622 3192 3694 παρατρέψει,
3239 3623 3581 3694 καταμηνύει
3629 3624 3805 3694 λέγων
3827 3641 3840 3654 ·

2257 3719 2368 3773 Καὶ
2407 3720 2436 3771 ὁ
2475 3717 2645 3790 θυμὸς
2700 3717 2865 3773 αὑτοῦ
2893 3721 2958 3789 τῇ
2987 3718 3094 3788 ὁδῷ
3129 3721 3195 3789 τῇ
3250 3718 3391 3771 κατὰ
3425 3717 3729 3781 θάλασσαν,
3763 3720 3845 3782 εἰς

2255 3807 2354 3880 τὴν
2379 3808 2498 3862 ὁδὸν
2537 3807 2636 3880 τὴν
2685 3809 2804 3862 κατ’
2838 3807 3134 3877 Αἴγυπτον.
3193 3809 3251 3862 '0
3289 3809 3387 3878 μὲν
3419 3807 3530 3880 γὰρ
3569 3809 3680 3862 τῶν
3715 3810 3841 3861 Ἀσ·

2258 3899 2462 3971 συρίων
2498 3898 2748 3970 βασιλεὺς
2769 3897 3225 3970 Θεγλαφαλασὰρ,
3256 3893 3413 3962 οὗτος
3436 3895 3504 3970 ἦν
3534 3898 3670 3952 ἐλὼν
3701 3900 3844 3953 κατὰ

2257 3989 2457 4060 κράτος
2509 3989 2609 4060 τὴν
2660 3991 2994 4060 Σαμάρειαν,
3045 3989 3287 4060 δασμοὺς
3343 3989 3579 4058 ἐπέθηκε
3624 3992 3738 4052 τοῖς
3767 3991 3844 4043 οἰ-

2257 4078 2444 4133 κοῦσιν
2472 4079 2661 4148 αὐτὴν,
2705 4079 2830 4149 τέλη
2862 4097 2922 4132 τε
2966 4080 3061 4132 καὶ
3102 4080 3302 4150 φόρους
3330 4079 3511 4149 ἐξῄτει
3543 4081 3670 4142 τοὺς
3704 4080 3844 4132 κατὰ

2255 4169 2448 4241 καιρὸν
2508 4168 2890 4239 βασιλεύοντας
2935 4171 3029 4224 ἐπὶ¹
3074 4169 3167 4223 τὸν
3221 4171 3461 4242 Ἰσραήλ.
3514 4171 3736 4242 Ἐπειδὴ
3785 4172 3841 4224 δὲ

2253 4255 2390 4332 ἧκεν
2449 4261 2530 4325 εἰς
2595 4261 2780 4324 τοῦτο,
2847 4262 2941 4315 καὶ
2999 4262 3314 4333 κεκράτηκε
3365 4262 3466 4332 τῆς
3528 4263 3844 4332 Σαμαρείας

2267 4351 2426 4422 Ὦσηέ
2455 4353 2569 4416 υἰίις
2616 4352 2769 4416 Ἤλὰ,
2795 4353 2894 4406 οὐκ
2925 4353 3140 4424 έπεμψε
3168 4355 3367 4408 Μαναά
3398 4353 3474 4424 τῷ
3504 4353 3715 4424 βασιλεῖ
3734 4353 3842 4404 τῶν

2267 4442 2588 4512 Ἀσσυρίων,
2623 4443 2769 4498 καθά
2794 4444 3124 4516 γέγραπται.
3167 4445 3386 4517 Ἐπειδὴ
3417 4445 3475 4498 δέ
3509 4445 3624 4516 ᾔδει
3662 4445 3842 4515 πάντη

2253 4550 2314 4588 τε
2341 4534 2436 4588 καὶ
2470 4535 2688 4598 πάντως
2727 4538 2932 4589 ἐκεῖνον
2961 4537 3435 4608 άγανακτήσοντα,
3472 4538 3569 4606 τὴν
3606 4536 3719 4589 τῶν
3745 4539 3841 4589 Ai-

577 4621 862 4695 .IEgyptios
909 4617 1308 4688 expeditionem
1369 4615 1662 4672 adat-nare:
1702 4616 2150 4687 gubernatoribus

2258 4625 2507 4695 γυπτίων
2537 4627 2932 4698 κατεμισθοῦτο
2958 4631 3115 4700 χεῖρα
3145 4629 3287 4700 πρὸς
3315 4628 3660 4698 ἐπικουρίαν,
3692 4630 3742 4681 εἰ
3777 4628 3843 4700 δὴ

581 4717 722 4773 illius
750 4717 852 4770 hoc
883 4709 1129 4769 criminis
1165 4708 1457 4774 intentare,
1501 4707 1645 4777 quod
1679 4706 1848 4764 Oseas
1877 4709 2153 4778 resilierit,

580 4822 644 4864 ac
659 4807 846 4876 jugum
875 4799 1204 4866 excusserit,
1251 4797 1552 4856 insolentiae
1579 4814 1710 4854 ansa
1743 4810 1984 4871 arrepta,
2008 4805 2152 4872 quod

580 4899 854 4969 suppetias
875 4892 1098 4964 polliciti
1131 4891 1382 4949 fuissent.
1413 4891 1597 4962 Itaque
1647 4892 1862 4948 barbari
1890 4892 2152 4965 furorem,

580 4985 1034 5061 quemadmodum
1069 4985 1181 5056 jam
1222 4983 1353 5049 dixi,
1389 4982 1517 5039 hinc
1546 4983 1836 5055 signiﬁcat,
1864 4984 2153 5054 inquiens:

580 5084 646 5138 Et
681 5083 759 5137 ira
791 5079 908 5150 ejus
938 5079 990 5134 in
1014 5078 1100 5132 via
1131 5092 1226 5148 per
1255 5090 1426 5144 mare,
1460 5079 1513 5131 in
1548 5079 1688 5131 viam
1735 5079 1802 5132 ad
1836 5077 2148 5149 Egyptum.

577 5173 838 5230 Accolunt
862 5170 1006 5227 enim
1035 5184 1184 5224 mare
1239 5154 1733 5239 l‘lierosolymitani,
1768 5169 1909 5223 viam
1967 5180 2148 5224 autem

578 5265 645 5319 ad
690 5274 887 5319 terram
949 5259 1327 5332 Egyptiorum
1380 5259 1684 5324 ducentem,
1737 5271 1792 5314 et
1838 5275 1969 5316 sane
2013 5263 2150 5317 citra

579 5353 842 5418 laborem,
873 5350 1010 5406 mari
1041 5349 1276 5403 vicinam
1306 5345 1471 5402 etiam
1495 5345 1671 5402 adhuc
1705 5347 2004 5416 appellant.

2253 4716 2494 4788 βούλοιτο
2521 4717 2614 4772 τὸν
2641 4719 2880 4790 πολέμου
2915 4720 3079 4790 νόμον
3106 4719 3427 4783 ὁπλίζεσθαι
3443 4721 3568 4772 κατ’
3604 4719 3788 4773 αὐτῶν
3812 4719 3842 4772 ὁ

2249 4808 2487 4882 δασμοὺς
2521 4811 2732 4873 ἐπιθεὶς
2767 4812 2862 4864 καὶ
2896 4812 3047 4882 τέλη.
3081 4811 3567 4881 Καθυπισχνοῦντο
3598 4811 3654 4863 δέ
3683 4809 3845 4863 τοῦτο

2251 4902 2346 4954 καί
2377 4900 2522 4972 μάλα
2562 4901 2797 4971 ἑτοίμως
2838 4905 2886 4956 oi
2921 4902 3030 4956 τῶν
3066 4903 3382 4972 Αἰγυπτίων
3419 4901 3753 4973 κρατοῦντες
3785 4903 3847 4954 τὸ

2250 4993 2527 5063 τηνικάδε.
2597 4994 2742 5066 Πρὸς
2802 4995 2962 5048 τοῦτο
3013 4993 3385 5066 λελυπημένος
3432 4997 3461 5048 ὁ
3525 4993 3834 5064 Ἀσσύριος,

2256 5084 2600 5153 πανστρατιᾷ
2653 5084 2870 5138 κατέθει
2921 5084 3023 5155 τὴν
3079 5085 3414 5153 Αἰγυπτίων,
3449 5084 3706 5156 ἔγκλημα
3732 5088 3848 5150 τοῖς

2255 5173 2550 5242 κρατοῦσιν
2577 5174 2748 5245 αὐτῆς
2778 5177 2954 5230 ἐκεῖνο
2979 5176 3171 5242 τιθεὶς,
3214 5177 3275 5231 τὸ
3303 5177 3715 5248 ἀποσκιρτῆσαι
3753 5178 3848 5230 τὸν

2265 5263 2444 5334 Ὠσηὲ,
2477 5267 2571 5319 καί
2599 5267 2995 5322 ἁποσείσασθαι
3033 5270 3124 5323 τὸν
3159 5269 3324 5324 αὐτοῦ
3354 5269 3538 5336 ζυγὸν,
3579 5267 3849 5332 ἀπονοίας

2251 5353 2484 5409 λαϐόντα
2525 5357 2801 5428 πρόφασιν
2849 5360 2948 5430 τῆς
2995 5361 3124 5432 παρ’
3156 5360 3334 5413 αὐτῶν
3385 5359 3709 5429 ἐπικουρίας
3751 5359 3850 5427 τὴν

580 5445 890 5515 ὑπόσχεσιν.
950 5443 1073 5496 Ὀτι
1127 5439 1304 5494 τοίνυν
1341 5439 1433 5492 τὸν
1482 5439 1576 5492 τοῦ
1631 5438 1905 5510 βαρϐάρου
1961 5439 2151 5510 θυμὸν,
2193 5444 2450 5520 καθάπερ
2514 5450 2650 5522 ἔφην
2694 5451 2918 5522 ἀρτίως,
2968 5453 3265 5523 μεταθήσει
3303 5451 3434 5515 Θεὸς
3469 5453 3554 5520 ἐφ’
3600 5451 3847 5520 ἐτέρους,

579 5538 984 5608 διαμεμήνυκεν
1022 5536 1211 5590 εἰπών’
1245 5536 1352 5590 καὶ
1389 5537 1418 5588 ὁ
1447 5533 1617 5604 θυμδς
1643 5534 1805 5586 αὐτοῦ
1825 5537 1891 5604 τῇ
1922 5533 2027 5604 δδῷ
2051 5539 2118 5607 τῇ
2151 5540 2294 5593 κατὰ
2330 5542 2629 5609 θάλασσαν,
2671 5548 2752 5610 εἰς
2777 5547 2875 5618 τὴν
2910 5547 3033 5602 ὁδὸν
3072 5549 3171 5620 τὴν
3217 5550 3338 5604 κατ’
3381 5549 3683 5617 Αἴγυπτον.
3726 5545 3853 5597 Ἀν-

579 5627 807 5696 ῲκισται
850 5628 948 5696 μὲν
985 5627 1095 5696 γὰρ
1132 5625 1406 5696 θαλάσσης
1445 5625 1513 5678 τὰ
1548 5623 1913 5694 Ἱεροσόλυμα.
1961 5622 2079 5676 ὁδὸν
2107 5625 2163 5678 δὲ
2203 5629 2299 5700 τὴν
2340 5634 2476 5704 πρὸς
2512 5634 2609 5706 τὴν
2652 5638 2761 5691 τῶν
2790 5640 3100 5707 Αἰγυπτίων
3128 5641 3399 5713 φέρουσαν
3431 5641 3522 5693 καὶ
3566 5639 3692 5690 λίαν
3721 5636 3862 5707 ego.

592 5719 739 5793 γιιτὶ,
781 5721 878 5790 τὴν
921 5720 1196 5790 θαλάσσης
1231 5723 1445 5790 γείτονα
1487 5721 1582 5774 καὶ
1629 5721 1708 5782 εἰς
1745 5718 1903 5788 δεῦρό
1943 5735 2122 5787 φασιν.
