4122 6292
353 385 443 440 3m
1437 367 1503 423 IN
1545 368 1777 424 ISAIAM
1819 367 1950 424 LIB.
1989 367 2028 422 I.
2091 365 2299 423 OBAT.
2342 365 2429 419 VI.

3475 364 3596 417 .303

423 503 524 557 Kal
553 501 722 555 ἔσται
742 497 816 550 ἐν
841 492 918 563 tif
948 492 1138 562 ἡμέρᾳ
1164 491 1384 558 ἐκείνῃ,
1446 489 1920 559 Ἅφαιρεθήσεται

2096 487 2265 544 Vsus.
2295 487 2385 542 27.
2415 484 2484 539 Et
2530 483 2629 538 erit
2657 482 2818 536 indie
2863 481 2979 548 illa,
3010 479 3243 535 Tolletur
3269 481 3428 534 timor
3482 481 3594 549 ejus

355 599 387 647 ό
420 595 596 661 φόϐος
623 587 823 644 αὐτῶν
871 585 991 640 ἀπὸ
1017 581 1157 646 σοῦ,
1201 581 1298 635 καί
1323 584 1355 635 ό
1386 579 1557 651 ζυγὸς
1585 581 1771 636 αὑτοῦ
1800 580 1920 635 ἀπὸ

2029 581 2139 645 tibi,
2164 592 2211 634 et
2233 581 2419 649 jugum
2477 576 2588 645 ejus
2619 575 2682 629 ab
2737 574 2952 629 humero
2985 585 3096 639 tuo,
3133 583 3180 628 et
3229 585 3596 643 corrumpetur

355 683 458 735 τοῦ
485 682 639 750 ὤμου
673 695 812 741 σου,
846 675 947 729 καί
974 671 1491 742 καταφθαρήσεται
1522 674 1556 726 ὁ
1584 670 1756 742 ζυγὸς
1802 670 1922 725 ἀπὸ

2029 670 2207 740 iugum
2234 668 2300 722 ab
2326 666 2558 721 [cumeris
2588 665 2792 719 vestris.

352 772 467 826 τῶν
495 771 664 840 ὤμων
700 767 892 838 ὑμῶν.

425 865 594 932 Ἔφην
632 863 715 916 ὅτι
746 858 992 929 δασμοὺς
1038 855 1274 921 ἐπέθηκε
1321 857 1435 918 τοῖς
1467 852 1529 918 ἐξ
1573 851 1791 922 Ἰσραὴλ
1831 869 1924 906 κε-

353 951 635 1022 κρατηκὼς
667 954 697 1004 6
744 948 1050 1019 Ἀσσύριος,
1093 946 1188 1000 καὶ
1241 945 1541 1016 σκήπτροις
1595 942 1747 1005 ἰδίοις
1795 943 1927 996 ὑπο-

355 1044 529 1113 φέρειν
557 1043 716 1112 ἠθελε
743 1041 834 1094 τὸν
863 1037 1235 1107 ἐκνεμηθέντα
1255 1035 1384 1090 λαὸν
1409 1035 1487 1106 τῷ
1513 1033 1768 1105 παναγίῳ
1786 1033 1926 1103 Θεῷ.

353 1135 564 1204 Ταύτης
609 1152 670 1187 τε
716 1133 880 1186 ἓνεκα
924 1131 1024 1200 τῆς
1063 1128 1246 1192 αἰτίας
1291 1127 1436 1180 κατά
1469 1125 1579 1179 τῶν
1619 1123 1928 1193 Αἰγυπτίων

349 1224 634 1289 ὡπλίζετο.
669 1224 735 1277 Τί
767 1219 860 1279 οὖν
901 1223 1006 1292 ἄρα
1034 1221 1204 1289 Quoi;
1244 1216 1564 1288 Νενικηκὼς
1602 1216 1929 1285 Αἰγυπτίους

351 1317 601 1386 ἐπιθήσει
656 1315 816 1370 πάλιν
868 1312 962 1366 τὸν
1013 1309 1210 1364 ἑαυτοῦ
1287 1308 1451 1376 ζυγὸν
1493 1309 1605 1370 τοῖς
1649 1307 1930 1378 ἐλεύθερον

353 1407 648 1476 ἐσχηκόσιν
681 1406 770 1458 ἀεὶ
804 1405 898 1456 τὸν
929 1401 1154 1470 αὐχένα,
1185 1399 1278 1452 καὶ
1312 1398 1479 1469 μόνην
1509 1397 1672 1451 εἰδόσι
1706 1399 1804 1470 τὴν
1826 1397 1930 1450 ὑπὸ

351 1496 470 1565 Θεῷ
488 1491 805 1565 βασιλείανς
834 1489 1120 1560 Οὐδαμῶς,
1149 1489 1328 1559 φησίν.
1348 1487 1794 1559 ’Δφαιρεθήσεται
1821 1487 1930 1558 γὰρ

355 1586 478 1635 κατ’
511 1585 690 1636 ἐκεῖνο
716 1581 810 1635 τοῦ
837 1579 1028 1651 καιροῦ
1058 1581 1088 1632 6
1119 1579 1278 1646 φόδος
1301 1577 1462 1632 αὑτοῦ
1500 1577 1608 1632 ἀπὸ
1626 1577 1743 1642 σοῦ,
1779 1577 1872 1630 καὶ
1902 1576 1930 1629 6

357 1670 527 1738 ζυγὸς
555 1673 722 1726 αὑτοῦ
750 1672 858 1725 ἀπὸ
881 1671 975 1724 τοῦ
1004 1669 1152 1740 ὤμου
1183 1686 1301 1723 σου.
1345 1669 1560 1738 Ἐπειδὴ
1588 1667 1698 1738 γὰρ
1723 1669 1932 1721 πέπτω-

2095 843 2214 897 Dixi
2244 841 2526 913 Assyrium
2562 849 2846 912 postquam
2876 841 3116 908 vicisset,
3148 841 3351 896 tributa
3379 839 3598 898 Israeli-

2029 935 2098 990 tis
2135 934 2477 1004 imposuisse,
2501 941 2555 988 et
2579 933 2832 1003 populum
2875 933 3224 989 sanctissimo
3273 931 3383 987 Deo
3433 948 3597 1003 pecu-

2027 1025 2233 1079 liariter
2293 1023 2554 1088 dicatum,
2607 1039 2707 1078 suo
2750 1032 2962 1092 sceptro
3011 1026 3246 1082 voluisse
3306 1023 3600 1093 subjicere,

2027 1127 2255 1184 eamque
2272 1115 2341 1169 ob
2353 1129 2576 1170 causam
2605 1123 2795 1169 contra
2818 1113 3103 1186 Egyptios
3117 1127 3383 1171 armatum
3407 1116 3597 1172 fuisse.

2026 1204 2170 1275 Ergo
2195 1205 2321 1274 quid
2346 1205 2475 1260 dicit
2496 1204 2806 1276 lNunquid,
2831 1208 3057 1263 devictis
3077 1207 3370 1280 Egyptiis,
3403 1209 3598 1264 iterum

2029 1311 2186 1352 suum
2211 1297 2400 1366 jugum
2430 1297 2674 1366 imponet
2711 1298 2794 1352 his
2825 1299 2918 1369 qui
2972 1299 3200 1355 liberum
3227 1301 3423 1355 collum
3452 1315 3597 1356 sem-

2027 1405 2124 1460 per
2151 1390 2474 1454 habuerunt,
2505 1402 2560 1444 et
2582 1390 2758 1445 solum
2806 1389 2900 1444 Dei
2943 1405 3164 1459 regnum
3213 1391 3600 1458 agnoverunt?

2036 1480 2410 1550 Nequaquam,
2444 1481 2640 1551 inquit.
2670 1479 2909 1536 Tolletur
2931 1483 3074 1537 enim
3107 1481 3208 1536 sub
3254 1481 3307 1536 id
3345 1483 3601 1550 temporis

2027 1571 2190 1628 timor
2213 1573 2330 1643 ejus
2359 1573 2476 1641 tibi,
2505 1573 2772 1642 ctjngum
2820 1571 2936 1640 ejus
2986 1573 3214 1629 humero
3260 1583 3370 1630 tuo.
3439 1573 3599 1644 185

2029 1660 2164 1715 Nam
2196 1671 2480 1731 postquam
2511 1662 2741 1731 populus
2773 1660 2862 1716 ille
2885 1661 3295 1717 innumerabilis
3323 1664 3597 1716 concidis-

353 1779 450 1814 κεν
475 1765 506 1816 6
540 1762 779 1834 ἀριθμοῦ
815 1762 1076 1831 κρείττων
1102 1760 1311 1820 ἐκεῖνος
1342 1757 1498 1822 λεὼς,
1539 1758 1631 1812 καὶ
1656 1758 1928 1812 ἀπόλωλεν

2031 1762 2135 1818 set,
2169 1761 2222 1805 et
2250 1751 2364 1805 uua'
2404 1761 2560 1805 nocte
2612 1751 2805 1821 angelo
2867 1761 3218 1807 consumente
3266 1753 3596 1817 interiisset.

349 1854 409 1905 ἐν
443 1853 546 1922 μιᾷ
568 1852 749 1920 νυκτὶ,
781 1849 1125 1912 δαπανῶντος
1148 1849 1403 1917 ἀγγέλου,
1422 1848 1651 1912 πῶςούκ
1674 1848 1928 1919 ἐξῄρηται

2032 1855 2208 1895 annon
2236 1840 2411 1895 omnis
2438 1839 2672 1895 formido
2702 1850 2950 1910 exempta
2995 1843 3114 1897 est?
3159 1857 3336 1898 annon
3391 1845 3601 1897 cunctis

353 1943 456 2003 πᾶς
497 1940 701 2009 φόσος;
747 1940 817 1992 Ἦ
865 1939 984 2002 πῶς
1012 1940 1042 1992 6
1078 1937 1238 2006 ζυγὸς
1275 1940 1303 1991 6
1343 1937 1486 1992 κατά
1522 1937 1723 2000 παντὸς
1749 1937 1928 2008 ὤμου,

2035 1931 2273 1987 humeris
2287 1930 2476 2002 jugum
2506 1931 2623 2000 ejus
2650 1940 2856 1984 tantum
2887 1946 2990 1984 non
3021 1945 3336 1995 excussum,
3374 1945 3434 1985 ac
3459 1946 3600 1999 pra:-

358 2031 638 2101 μονονουχὶ
672 2030 769 2084 καί⁵
812 2027 1171 2098 ἀπεπνάχθη,
1209 2029 1302 2082 καὶ
1335 2031 1472 2099 πρός
1515 2045 1580 2097 γε
1627 2028 1803 2100 τούτῳ
1837 2030 1928 2082 καὶ

2034 2031 2179 2076 terea
2212 2030 2526 2089 corruptum
2563 2029 2664 2086 est,
2699 2019 2749 2074 id
2798 2029 2916 2082 est,
2947 2020 3168 2074 omnino
3203 2019 3383 2089 periit.
3439 2019 3602 2088 quue

355 2121 688 2191 κατεφθάρη,
720 2118 871 2172 τοῦτ’
901 2119 1068 2182 ἐστιν,
1101 2120 1180 2183 εἰς
1223 2118 1368 2173 ἅπαν
1404 2117 1608 2189 ᾧχετος
1635 2120 1928 2189 Ζητοῡντες

2040 2114 2216 2167 solum
2254 2112 2449 2181 quaerit
2486 2111 2598 2177 ille,
2634 2122 2691 2165 ut
2724 2121 2970 2166 servetur
2994 2121 3050 2166 et
3091 2113 3307 2165 domum
3333 2123 3598 2177 recurrat,

358 2210 522 2262 ἐκεῖνο
565 2208 629 2262 τὸ
668 2207 944 2272 σώζεσθαι
991 2206 1172 2276 μόνον,
1228 2206 1326 2261 καὶ
1359 2207 1498 2260 οῐκοι
1533 2207 1784 2278 δραμεῖν,
1834 2208 1928 2260 καὶ

2032 2218 2131 2258 nec
2155 2203 2411 2271 deinceps
2444 2211 2630 2257 contra
2653 2201 2916 2269 Judaeam,
2952 2213 3011 2256 ut
3041 2203 3219 2272 prius,
3250 2203 3599 2272 supercilium

353 2301 451 2352 οὐκ
479 2299 796 2371 ἐπαίροντες
843 2297 926 2352 ἐτι
959 2297 1099 2351 κατά
1135 2297 1236 2367 τῆς
1285 2297 1542 2361 Ἰουδαίας
1577 2298 1674 2368 τὴν
1708 2297 1928 2368 πρώτην

2031 2295 2246 2348 attollit.
2281 2295 2492 2349 Etenim
2527 2294 2803 2363 cogitavit,
2851 2295 2926 2347 uti
2983 2294 3115 2358 dixi,
3174 2309 3271 2350 suo
3305 2309 3424 2350 eam
3472 2294 3601 2365 iugo

357 2390 541 2460 ὀφρύν.
608 2391 940 2444 Ἐσκέπτετο
987 2388 1115 2460 γὰρ,
1153 2389 1231 2452 ὡς
1281 2387 1438 2460 ἔφην,
1484 2393 1596 2453 τοῖς
1657 2390 1928 2453 Ἰουδαίοις

2032 2399 2331 2452 supponere
2373 2401 2389 2439 :
2447 2394 2502 2437 at
2553 2398 2647 2452 Spe
2684 2398 2779 2436 sua
2837 2382 3129 2439 frustratus
3179 2396 3283 2450 est,
3350 2385 3602 2454 aliudque

362 2482 524 2552 αὐτὴν
568 2482 851 2536 ὑποθεῖναι
907 2480 1114 2548 ζυγοῖς.
1167 2478 1555 2548 Μεματαίαηαι
1603 2480 1660 2533 δὲ
1711 2480 1782 2534 τά
1832 2480 1928 2549 τῆς

2031 2476 2229 2530 accidit
2256 2475 2641 2545 exspectationi
2666 2475 2824 2546 longe
2855 2476 3210 2531 contrarium.
3234 2476 3601 2533 Conservatus

365 2573 572 2636 ἐλπίδος
597 2573 766 2642 αὐτῷ,
795 2573 891 2627 καὶ
921 2572 1059 2642 πρὸς
1097 2571 1207 2624 πᾶν
1248 2571 1558 2624 τούναντίον
1610 2570 1673 2623 τὺ
1705 2569 1928 2640 προσδο-

2029 2574 2112 2622 est
2138 2567 2281 2620 enim
2309 2563 2634 2620 suﬁicienter
2671 2581 2778 2622 non
2813 2566 2980 2620 armis
3003 2566 3265 2630 devictus,
3295 2567 3389 2622 sed
3413 2568 3600 2623 divino

370 2663 532 2732 κηθέν
581 2665 897 2736 έκὸέὸηκεν.
970 2662 1234 2726 Ἐσώζετο
1288 2661 1397 2732 γὰρ
1469 2660 1773 2731 ἀγαπητῶς
1833 2660 1928 2730 οὐχ

2030 2657 2209 2727 potius
2239 2665 2368 2711 nutu
2409 2666 2465 2712 et
2523 2671 2681 2711 manu
2741 2657 2939 2728 angeli,
2981 2657 3142 2728 idque
3177 2658 3590 2718 admirabiliter.

374 2754 551 2817 ὅπλοις
580 2757 944 2823 νενικημένος,
987 2754 1149 2818 θείοις
1192 2754 1248 2806 δὲ
1300 2752 1498 2823 μᾶλλον
1535 2751 1795 2822 νεύμασιν
1838 2752 1928 2806 καὶ

2032 2745 2102 2801 Ut
2134 2747 2276 2801 enim
2304 2753 2564 2816 appareat
2606 2744 2776 2800 Deum
2827 2746 3010 2800 omnia
3075 2761 3256 2814 nosse,
3307 2757 3365 2802 et
3416 2763 3598 2804 rerum

380 2843 600 2910 ἀγγέλου
641 2846 812 2914 χειρί·
849 2847 942 2898 καὶ
971 2846 1029 2899 τό
1059 2862 1122 2914 γε
1151 2843 1471 2916 παράδοξον.
1514 2842 1627 2897 Ἴννα
1656 2842 1765 2915 γάρ
1807 2842 1928 2912 φαί-

2029 2839 2253 2905 exitum,
2291 2839 2537 2908 quamvis
2569 2839 2808 2893 nondum
2867 2839 2983 2906 fiat,
3013 2839 3082 2895 ob
3148 2840 3336 2895 oculos
3365 2840 3596 2905 habere,

385 2950 535 3003 νηται
569 2935 743 2988 πάντα
788 2933 956 3000 εἰδὼς,
986 2937 1074 2989 καὶ
1105 2937 1214 2990 τῶν
1252 2935 1592 3006 πραγμάτων
1634 2934 1696 2988 τὸ
1733 2935 1927 3005 πέρας,

2029 2929 2167 2999 iuga:
2194 2930 2360 2999 ipsius
2400 2929 2638 2994 modum,
2687 2939 2742 2984 et
2776 2930 2921 2985 locos
2953 2941 3007 2986 et
3063 2931 3379 2998 diversoria,
3427 2933 3602 2985 mani-

386 3023 487 3078 κᾶν
512 3025 556 3075 εί
594 3026 666 3096 μή
708 3042 793 3078 πω
816 3024 1046 3092 γέγονεν,
1079 3027 1136 3078 ἐν
1165 3024 1464 3095 ὀφθαλμοῖς
1505 3023 1642 3094 ἔχων
1670 3024 1746 3087 ὡς
1775 3023 1928 3088 Θεὸς,

2031 3021 2321 3076 festissima
2367 3031 2422 3074 et
2451 3021 2595 3075 clare
2625 3022 2815 3089 aperit,
2847 3032 2902 3077 et
2936 3023 3077 3090 quod
3101 3020 3296 3076 ludam:
3336 3022 3600 3091 plurimas

383 3117 589 3186 καὶτῆς
618 3118 821 3171 ἐκείνου
864 3119 1040 3188 φυγῆς
1081 3119 1418 3187 σαφέστατόν
1459 3134 1518 3170 τε
1543 3118 1635 3170 καὶ
1676 3118 1922 3188 ἐναργῶς

2031 3109 2195 3165 urbes
2247 3109 2438 3165 timore
2488 3110 2807 3180 impleturus
2861 3113 2951 3176 sit,
3007 3113 3255 3180 quamvis
3312 3114 3477 3166 miser
3537 3130 3602 3169 ac

375 3175 689 3276 ἀπαγγέλλει
731 3209 820 3262 τὸν
849 3175 1068 3279 τρόπον,
1097 3175 1293 3274 τόπους
1328 3227 1389 3263 τε
1428 3208 1521 3263 καί
1551 3207 1751 3263 καταλύ
1760 3175 1928 3276 ματα,

2034 3201 2312 3272 profugus.
2361 3175 2735 3264 Venietenini,
2766 3202 2958 3272 inquit,
3013 3175 3064 3257 in
3113 3205 3384 3258 civitatem
3427 3206 3598 3274 Auge.

380 3298 471 3352 καὶ
494 3299 567 3351 ὅτι
596 3297 851 3360 πλείστας
877 3297 1272 3367 ἐκδειματιὲηει
1299 3299 1398 3369 τῆς
1441 3296 1697 3360 Ἰουδαίας
1726 3297 1928 3364 πόλεις,

2032 3303 2088 3350 et
2116 3293 2367 3349 transibit
2407 3309 2502 3363 per
2532 3293 2806 3364 Mageddo.
2857 3294 3080 3351 Urbium
3127 3304 3181 3349 et
3229 3296 3471 3350 vicorum
3533 3312 3598 3353 ac

371 3389 537 3444 καίτοι
564 3390 744 3459 φυγὰς
769 3389 1100 3461 ἀποδραμὼν
1137 3392 1165 3442 6
1188 3390 1441 3452 δείλαιος.
1474 3389 1631 3453 Ἥξει
1659 3388 1789 3458 γὰρ,
1828 3405 1928 3458 φη-

2037 3385 2275 3440 locorum
2321 3385 2436 3440 brec
2488 3396 2613 3440 sunt
2661 3387 2897 3442 nomina.
2963 3386 3030 3441 Et
3076 3389 3140 3442 ad
3193 3386 3466 3444 Machmas
3504 3391 3599 3444 de-

366 3482 465 3540 σὶν,
489 3482 565 3542 είς
593 3479 749 3532 πόλιν
783 3478 997 3547 ’Δγγαὶ,
1024 3480 1118 3531 καὶ
1145 3477 1536 3548 παρελεύσεται
1565 3478 1644 3540 εἰς
1671 3477 1925 3545 Μαγεδώ.

2032 3487 2193 3547 ponet
2243 3493 2368 3531 vasa
2421 3492 2536 3534 sua.
2596 3477 2789 3532 Dicunt
2843 3479 2984 3533 enim
3037 3479 3269 3546 Hebrwi,
3318 3481 3599 3553 Assyrium

289 3595 292 3598 ~
365 3570 569 3622 Πόλεων
601 3571 658 3624 δὲ
702 3570 800 3623 καὶ
844 3570 1068 3640 κωμῶν,
1100 3571 1217 3640 ἤτοι
1263 3569 1445 3622 τόπων
1483 3567 1722 3638 ὀνόματα
1749 3570 1926 3623 ταυτί.

2033 3568 2099 3622 ad
2128 3567 2408 3624 Machmas
2441 3568 2622 3622 omnia
2685 3585 2780 3624 sua
2839 3570 3221 3639 impedimenta
3263 3571 3601 3640 deposuisse,

362 3660 469 3712 Kal.
518 3663 576 3713 ἐν
623 3661 866 3734 Μαχμᾶς
912 3659 1068 3731 θήσει
1106 3658 1175 3712 τά
1213 3659 1380 3729 σκεύη
1426 3659 1611 3713 αὑτοῦ.
1656 3660 1791 3712 Φασί
1821 3659 1928 3732 γάρ

2036 3663 2295 3733 impetum
2325 3664 2686 3720 lsraelitarum
2725 3664 3188 3730 reiormidantem,
3214 3665 3474 3734 siquidem
3505 3679 3602 3718 eos

375 3751 610 3822 Ἑϐραῖοι
633 3751 894 3819 γεγονότα
929 3751 1022 3803 τὸν
1067 3750 1347 3821 Ἀσσύριον
1393 3753 1452 3804 ἐν
1489 3753 1748 3821 Μαχμᾶς,
1787 3752 1928 3805 ἀπα-

2034 3755 2100 3809 ad
2153 3757 2578 3827 persequendum
2624 3771 2981 3826 procursuros
3027 3758 3252 3826 putavit.
3307 3756 3436 3812 Dein
3477 3756 3598 3808 ait:

360 3857 457 3894 σαν
484 3842 648 3894 αὐτοῦ
692 3841 789 3913 τὴν
831 3841 1140 3912 ἀποσκευὴν
1195 3843 1313 3895 ἐκεῖ
1358 3842 1704 3913 ωταλείψαι,
1747 3842 1954 3899 δεδιὰτα
1990 3845 2098 3900 τῶν
2148 3847 2208 3912 ἑξ
2243 3848 2459 3921 Ἰσοαὴλ
2484 3847 2582 3922 τὴν
2615 3848 2821 3918 ἔφοδον.
2870 3848 3031 3918 ᾭετο
3060 3849 3170 3919 γὰρ
3202 3849 3288 3904 ὅτι
3328 3844 3602 3920 δραμοῦνν

354 3948 442 3988 ται
483 3931 790 3995 διώκοντες.
825 3929 959 3986 Εἶτά
987 3949 1154 4002 φησι-⁸

416 4026 528 4080 Καὶ
553 4026 984 4093 παρελεύσεται
1004 4025 1294 4096 φάραγγα,
1317 4027 1414 4082 καί
1436 4029 1568 4097 ἣξει
1592 4031 1678 4097 είς
1705 4031 1926 4101 Ἀγγαί.

2108 4029 2274 4083 Vsus.
2314 4029 2404 4083 9.9.
2450 4027 2516 4081 Et
2549 4031 2790 4083 transibit
2820 4029 3025 4094 uallem,
3056 4039 3105 4083 et
3138 4032 3301 4084 ueniet
3333 4032 3388 4084 in
3433 4031 3592 4102 Auge.

347 4118 541 4181 Φόϐος
575 4114 834 4184 λήψεται
879 4115 1054 4184 Ῥάμα
1095 4119 1275 4170 πόλιν
1314 4121 1531 4174 Σαούλ.
1578 4121 1860 4186 Φεύξεται
1889 4122 1928 4190 ἡ

2035 4121 2104 4174 In
2129 4124 2308 4173 timore
2348 4121 2445 4173 erit
2489 4120 2732 4183 Rhama,
2777 4121 2960 4173 civitas
3013 4118 3185 4173 Sauli:
3259 4119 3446 4191 Fugiet
3486 4126 3601 4190 [ilia

344 4204 612 4275 θυγάτηρ
640 4205 882 4272 Pauly
903 4242 917 4267 ,
961 4205 1359 4261 ἐπακούσεται
1397 4208 1467 4262 ἐν
1507 4209 1764 4265 Ἀναθὼθ
1788 4228 1800 4242 ·
1831 4210 1928 4275 ἐξ·

2035 4209 2250 4276 Gallius,
2284 4211 2528 4264 audietur
2549 4211 2601 4260 in
2638 4209 2941 4269 Auathoth;
2969 4211 3326 4280 obstupefacta
3362 4222 3438 4267 est
3479 4214 3601 4268 Na-

345 4296 498 4362 ἐστη
542 4293 880 4360 Μαδεϐηνᾶ,
914 4294 1014 4348 καὶ
1040 4297 1095 4349 οι
1127 4298 1545 4364 κατοικοῦντες
1565 4302 1820 4367 Γιϐϐεΐρ.

2031 4303 2229 4356 debena
2272 4310 2321 4354 et
2345 4300 2530 4354 incolis
2558 4299 2756 4354 Gibbir.

419 4388 578 4454 Ἔχει
609 4385 667 4436 δέ
711 4403 763 4438 τι
805 4386 1045 4440 τοιοῦτον
1078 4387 1111 4456 ἡ
1151 4387 1258 4441 τῶν
1297 4387 1564 4458 Ἐϐραίων
1607 4390 1923 4461 παράδοσις.

2104 4393 2275 4448 Habet
2303 4391 2606 4461 bujusmodi
2643 4391 2898 4462 quiddam
2948 4390 3293 4449 Hebraeorum
3357 4398 3598 4453 traditio.

340 4475 482 4529 Φασὶ
509 4475 619 4546 γὰρ
657 4476 739 4530 ὅτι
776 4474 952 4548 [δέκα]
987 4476 1341 4540 διασωθέντες
1383 4478 1533 4547 μόνοι
1583 4480 1719 4548 πρὸς
1763 4483 1924 4538 αὑτὸν

2034 4484 2167 4538 Nam
2194 4486 2375 4538 decem
2403 4482 2574 4538 solum
2619 4485 2683 4538 ad
2719 4485 2890 4554 ipsum
2921 4500 2982 4540 ex
3001 4481 3389 4557 Hierosolymis
3412 4505 3587 4559 super.

342 4564 724 4634 ύπενόστησαν
756 4568 819 4619 ἐκ
856 4567 963 4623 τῶν
1008 4567 1398 4639 Ἱεροσολύμων
1460 4572 1552 4623 καὶ
1593 4573 1654 4626 τὸ
1691 4575 1914 4640 γεγονὸς

2033 4579 2185 4631 stites
2226 4591 2472 4632 reversos
2519 4591 2642 4632 esse
2689 4578 2893 4643 dicunt,
2947 4586 3005 4631 ut
3051 4578 3192 4645 quod
3265 4579 3463 4633 factum
3517 4590 3602 4635 est

287 4727 296 4740 .
350 4657 792 4724 ἀπηγγέλκασιν.
835 4655 967 4714 Εἶτα
1007 4661 1102 4713 σὺν
1156 4660 1361 4728 ὀλίγοις
1411 4663 1606 4734 κομιδῇ
1655 4665 1790 4735 πρὸς
1825 4668 1923 4738 τὴν

2037 4667 2432 4722 renuntiarent.
2451 4667 2586 4720 Tum
2612 4683 2732 4722 cum
2769 4669 2958 4737 paucis
2984 4669 3268 4724 admodum
3301 4670 3352 4724 in
3374 4673 3601 4740 patriam

278 4795 282 4800 _
338 4744 680 4814 ἐνεγκοῦσαν
696 4747 1068 4817 ἀνεκομίζετο,
1090 4751 1184 4802 καὶ
1202 4751 1380 4814 πάσας
1403 4751 1731 4823 τεθορύόηκε
1751 4756 1849 4820 τάς
1867 4775 1925 4809 τε

2033 4765 2116 4812 est
2151 4758 2423 4822 reductus,
2475 4768 2808 4828 cunctasque
2851 4761 3033 4826 urbes,
3093 4774 3157 4814 ac
3209 4761 3378 4824 vicos,
3445 4776 3598 4815 suam

335 4835 541 4904 κώμας
569 4835 663 4888 καὶ
693 4837 898 4900 πόλεις,
930 4839 1024 4890 καὶ
1053 4839 1220 4911 μόνην
1249 4841 1414 4893 αὑτοῦ
1442 4842 1540 4914 τὴν
1585 4845 1660 4907 ὼς
1688 4847 1746 4898 ἐν
1780 4851 1924 4919 φυγῇ

2035 4848 2202 4917 ipsius
2238 4859 2438 4904 terram
2464 4849 2715 4919 fugiendo
2750 4850 3003 4917 turbavit;
3033 4865 3096 4904 ac
3127 4851 3386 4907 timiditas
3417 4851 3601 4908 eﬂecit

335 4925 435 4976 καὶ
475 4923 650 4996 δειλίᾳ
697 4926 930 4996 πάροδον
975 4929 1246 5001 ἀφόρητον
1291 4933 1631 5003 ἐποιήσαντο.
1676 4936 1842 4990 Ἔνθα
1881 4939 1925 4991 δ’

2038 4943 2322 4994 transitum
2364 4941 2777 4995 intolerabilem.
2810 4939 2912 4994 Ubi
2943 4952 3123 4996 autem
3161 4943 3301 5000 Deus
3325 4947 3599 5000 succurrit

329 5013 398 5068 ἃν
445 5013 703 5088 ἐπαμύνῃ
741 5015 871 5079 Θεὸς
904 5017 998 5071 καὶ
1043 5018 1237 5081 σώζειν
1273 5020 1450 5092 ἐθέλῃ,
1483 5024 1601 5076 ἐκεῖ
1625 5023 1682 5076 τὸ
1724 5023 1925 5078 λυποῦν

2033 5037 2088 5082 ει
2131 5043 2354 5084 servare
2391 5030 2525 5093 vult,
2577 5031 2646 5084 ibi
2689 5032 2831 5098 quod
2859 5030 3058 5086 oillciat
3085 5034 3217 5089 nihil
3244 5044 3349 5101 est,
3381 5035 3474 5090 sed
3503 5037 3598 5088 de—

327 5105 514 5170 ούδὲν,
546 5105 680 5160 ἀλλὰ
714 5109 864 5163 πᾶσα
893 5109 993 5178 μὲν
1033 5110 1284 5181 ἀτονήσει
1329 5111 1440 5165 τῶν
1474 5113 1854 5183 πολεμούντων
1892 5117 1924 5186 ὴ

2034 5119 2156 5173 bilis
2184 5121 2286 5173 erit
2311 5120 2489 5174 omnis
2521 5133 2710 5173 manus
2741 5120 3080 5182 bellantium.
3105 5137 3167 5178 ac
3201 5126 3364 5178 robur
3385 5133 3437 5178 et
3456 5125 3594 5192 peric

327 5197 485 5266 χεὶρ,
531 5197 869 5269 ἀπρακτήσει
915 5199 972 5252 δὲ
1022 5200 1174 5268 ἰσχὺς
1213 5201 1310 5254 καὶ
1363 5201 1614 5270 πολέμων
1643 5203 1922 5274 ἐμπειρία,

2038 5208 2110 5262 tia
2140 5209 2503 5275 inimicorum,
2541 5218 2595 5264 et
2623 5225 2714 5265 ars
2741 5211 2973 5268 militum
3005 5214 3060 5269 in
3101 5215 3309 5271 irritum
3334 5216 3596 5270 recident.

329 5285 432 5337 καὶ
464 5283 632 5354 τέχνη
661 5285 772 5342 τῶν
793 5287 1092 5342 τακτικῶν.

401 5375 814 5441 Παρακαλεῖτε
862 5376 1130 5447 σήμερον
1170 5381 1240 5434 ἐν
1283 5379 1398 5446 ὀδῷ
1463 5380 1570 5434 τοῦ
1610 5383 1809 5449 μεῖναι
1852 5382 1926 5451 τῇ

326 5467 506 5531 χειρί.
545 5467 955 5533 Παρακαλεῒτε
999 5470 1067 5522 τὸ
1107 5470 1247 5538 ὅρος
1275 5471 1389 5538 τὴν
1417 5471 1708 5541 θυγατέρα
1749 5473 1922 5539 Σιὼν,

323 5555 427 5606 καί
464 5557 522 5608 οἱ
553 5557 776 5620 ,βουνοί
807 5559 862 5610 οὶ
889 5559 960 5611 ἐν
997 5558 1410 5628 Ἰερουσαλήμ.

403 5645 700 5723 Συνθέντες
728 5646 829 5718 τὴν
866 5647 1012 5713 λέξιν
1046 5650 1341 5718 ἐποίσομεν
1367 5651 1679 5716 ἀναγκαίως
1705 5653 1801 5724 τὴν
1831 5654 1923 5706 τοῦ

325 5737 606 5806 νοήματος
640 5739 991 5810 διασάφησιν.
1020 5737 1089 5793 Ὦ
1127 5741 1307 5793 τοίνυν
1362 5742 1555 5810 βουνοὶ,
1592 5745 1742 5814 φησὶ,
1782 5745 1924 5798 τοῦτ’

2105 5385 2267 5440 Vnus.
2298 5384 2387 5438 52.
2419 5383 2776 5441 Consolamini
2800 5389 2954 5442 hodie
3003 5390 3058 5445 iu
3123 5390 3223 5452 via,
3291 5399 3344 5443 ut
3393 5401 3597 5443 maneat

2035 5491 2227 5532 manu:
2268 5473 2615 5532 consolamini
2646 5487 2869 5530 montem
2907 5479 3073 5547 ﬁliam
3133 5477 3283 5544 Sion,
3332 5491 3378 5534 et
3443 5479 3596 5538 colles

2034 5567 2086 5619 in
2118 5566 2416 5622 Ierusalem

2102 5658 2236 5712 Cum
2268 5658 2528 5712 orationis
2554 5668 2824 5714 structura
2869 5661 3109 5714 ordinata
3154 5661 3311 5717 fuerit
3344 5707 3358 5728 ,
3413 5663 3598 5728 expla-

2034 5749 2307 5804 nationem
2337 5750 2618 5805 sententiae
2645 5751 2898 5806 inducere
2915 5769 3191 5812 necessum
3222 5768 3318 5809 est.
3340 5754 3381 5810 Ο
3411 5756 3586 5824 .gittll‘i
