4122 6292
562 361 667 421 δπδ

1553 368 1608 422 S.
1653 364 1922 426 CYRILLI
1967 366 2426 429 ALEXANDRINI
2470 372 2783 431 ARCIHEP.

3703 381 3808 435 ὅθι

562 484 756 552 inquit,
793 482 953 555 186
981 482 1160 552 colles,
1178 480 1239 538 id
1287 493 1390 550 est,
1427 499 1458 540 o
1491 498 1595 539 'vus
1628 489 1715 555 qui
1780 487 2042 543 excellitis
2079 498 2123 543 et

2232 491 2396 556 ἔστιν,
2436 495 2484 546 οί
2525 494 2851 565 προῦχοντες
2888 508 2945 547 τε
2978 495 3070 547 καὶ
3115 494 3521 566 ὖπερκείμενοι,
3566 497 3659 549 καὶ
3699 498 3808 552 τῶν

557 576 832 641 eiiiinctis,
905 575 1130 645 aliisque
1206 576 1485 630 antestatis
1543 576 1595 629 in
1641 576 1955 631 Jerusalem.
2010 577 2125 644 Qua

559 682 692 720 voce
720 667 1010 735 signiﬁcat,
1061 666 1143 721 vel
1186 667 1475 736 prophetas
1526 676 1762 733 sanctos,
1820 668 1906 723 vel
1964 669 2124 722 etiam

559 760 734 823 ipsum
775 758 1116 812 sacerdotum
1157 759 1405 812 chorum.
1436 757 1799 813 Consolamini
1867 769 2124 825 montem,

559 850 607 901 id
643 858 744 911 est,
800 862 971 902 meam
1003 848 1165 902 ﬁliam
1211 846 1364 903 Sion.
1399 848 1762 903 Consolamini
1803 858 1982 903 autem
2012 865 2122 903 ma-

473 1005 485 1011 _
559 961 625 995 ntt
662 951 864 996 tantum
894 958 999 997 non
1027 943 1423 1013 contingentes,
1459 952 1512 996 et
1539 952 1944 997 contrectantes
1967 950 2128 1012 caput

557 1047 609 1087 ut
642 1045 852 1088 maneat
878 1036 930 1088 in
968 1036 1070 1090 hac
1101 1036 1207 1088 via.
1242 1034 1369 1100 Qua}
1404 1043 1489 1087 est
1547 1043 1724 1088 autem
1761 1034 1849 1088 illa
1872 1034 1898 1087 7
1968 1033 2127 1087 Vide-

556 1125 677 1180 licet
713 1127 813 1179 hac
865 1125 1055 1181 ﬁducia
1087 1125 1141 1179 in
1178 1125 1365 1180 Deum.
1401 1120 1671 1177 Promisit'
1703 1125 1845 1179 enim
1907 1139 1964 1179 se
2008 1139 2127 1179 ere-

556 1226 768 1284 pturum
799 1224 851 1269 et
871 1223 1312 1270 conservaturum
1345 1212 1520 1278 facile,
1553 1222 1607 1268 et
1632 1212 1965 1281 dejecturum
2027 1214 2127 1267 As—

555 1321 614 1376 sy
632 1308 790 1369 rium,
823 1316 878 1362 et
911 1314 1174 1361 terrorem
1211 1306 1326 1376 ejus
1351 1304 1716 1372 amolitnrum,
1750 1314 2125 1373 corrupturum

550 1399 760 1467 jugum,
785 1406 838 1451 ct
880 1399 946 1452 ab
973 1397 1120 1451 omni
1141 1410 1233 1451 cos
1294 1394 1575 1467 tyrannide
1602 1395 1974 1449 liheTatnrum.
1999 1392 2125 1461 Sed,

559 1488 749 1557 inquit,
787 1488 899 1543 hate
926 1495 1084 1542 erun‘t
1128 1486 1388 1557 ‘qnoniam
1442 1486 1494 1541 in
1527 1486 1625 1540 hac
1651 1486 1736 1539 via
1768 1486 2125 1555 perrexerint,

556 1581 807 1634 nimirum
873 1579 1062 1634 ﬁducia
1104 1578 1156 1633 in
1189 1578 1388 1633 'Deum.
1423 1576 1603 1644 Quare
1641 1576 1989 1631 eonsolamini
2041 1577 2131 1629 ho-

557 1670 665 1733 die,
697 1670 747 1723 id
783 1678 886 1736 est,
924 1678 1162 1739 tempore
1197 1669 1272 1722 rei
1295 1667 1542 1738 gerendae
1601 1675 1922 1736 opportuno,
1980 1675 2034 1719 et
2063 1673 2122 1719 ut

555 1765 823 1819 constanti
856 1778 919 1818 ac
965 1763 1119 1818 ﬁrmo
1165 1762 1344 1817 animo
1393 1762 1611 1832 praedita
1643 1763 1734 1826 sit,
1766 1760 1980 1817 ciﬁeite.
2010 1761 2124 1817 Non

2230 581 2404 636 ἄλλων
2432 584 2481 636 οἱ
2528 583 3028 655 ύπερανεστηκότες
3068 584 3125 635 ὲν
3168 585 3235 653 τῇ
3279 581 3653 654 Ἰερουσαλήμ.
3702 585 3810 656 Ση-

2232 672 2409 741 μαίνει
2435 673 2490 725 δὲ
2509 671 2597 725 διὰ
2632 673 2835 726 τούτων
2877 673 2911 743 ἢ
2953 673 3236 743 προφήτας
3269 673 3477 741 ἁγίους,
3512 672 3546 742 ἢ
3573 674 3670 727 καὶ
3710 675 3809 726 αύυο

2228 761 2318 815 τὸν
2343 760 2434 814 τὸν
2451 760 2560 813 τῶν
2584 761 2771 832 ἱερέων
2794 761 2971 832 χορόν.
3004 759 3380 830 Παρακαλεῖτε
3404 760 3636 831 τδᾜρος,
3659 762 3809 816 τοῦτ’

2228 851 2365 914 ἐστι,
2407 852 2506 923 τὴν
2534 853 2691 925 ἐμήν·
2710 848 2987 922 θυγατέρα
3022 852 3181 906 Σιών.
3219 852 3592 923 Παρακαλεϊτε
3623 853 3679 907 δὲ
3710 871 3809 924 μο-

2229 946 2437 1015 νονουχὶ
2470 945 2566 998 καὶ¹
2611 944 2756 1015 χειρὶ
2796 944 3163 1012 καταψῶντες,
3204 943 3298 996 καὶ
3337 943 3688 1014 ὲπαφώμενοι
3717 962 3810 999 κε-

2230 1035 2425 1106 φαλῆς,
2464 1033 2603 1088 ὥστε
2632 1036 2889 1105 ἐμμεῖναι
2914 1034 3086 1106 ταύτῃ
3107 1036 3173 1103 τῇ
3205 1033 3331 1105 ὁδῷ.
3363 1034 3501 1106 Ποεᾳ
3525 1034 3581 1087 δὲ
3600 1034 3806 1107 ταύτῃς

2229 1127 2308 1199 Τῇ
2356 1129 2436 1189 είς
2465 1127 2598 1180 Θεὸν
2635 1127 2957 1197 πεποιθήσει
2995 1126 3257 1195 δηλονότι.
3293 1126 3661 1196 Ἐπήγγελται
3706 1127 3807 1196 μὲν

2227 1218 2356 1291 γάρ,
2379 1220 2461 1272 ὅτι
2490 1219 2585 1272 καὶ
2617 1218 2899 1283 ὲξελεῖται,
2931 1219 3025 1272 καὶ
3049 1216 3306 1271 διασώσει
3331 1217 3549 1289 ῥαδίως,
3581 1218 3676 1271 καὶ
3701 1234 3808 1271 κα-

2226 1310 2481 1365 ταῦάλλει
2541 1310 2636 1382 [aL
2681 1308 3002 1381 καταϐαλεῖ]
3046 1308 3138 1363 τδν
3176 1309 3479 1381 Ἀσσύριον,
3527 1310 3620 1361 καὶ
3667 1310 3809 1362 arro-

2229 1403 2416 1473 στήσει
2447 1402 2540 1456 τὸν
2568 1401 2732 1470 φόϐον
2757 1400 2945 1466 αὐτοῦ,
2979 1400 3073 1455 καὶ
3108 1399 3449 1472 καταφθείρῃ
3491 1400 3583 1452 τὸν
3617 1398 3806 1467 ζυγὸν.

2228 1495 2324 1548 καὶ
2345 1494 2564 1565 ἁπάσης
2584 1493 2780 1556 αὐτοὺς
2802 1492 3103 1560 ἀπαλλάξει
3122 1492 3452 1558 πλεονεξίας.
3487 1492 3630 1544 Ἀλλ’
3654 1491 3808 1544 ἔσται

2226 1583 2421 1648 ταῦτα,
2453 1585 2636 1656 φησὶν,
2674 1585 2802 1638 ὅταν
2842 1585 3143 1655 ἐμμείνωσι
3180 1582 3365 1656 ταύτῃ
3391 1585 3457 1654 τῇ
3492 1581 3617 1652 ὁδῷ,
3647 1582 3809 1651 δῆλον

2227 1673 2285 1728 δὲ
2316 1675 2397 1727 ὄτι
2426 1676 2493 1746 τῇ
2530 1676 2609 1737 είς
2649 1674 2781 1728 Θεὸν
2825 1674 3166 1746 πεποιθήσει.
3213 1674 3304 1727 Διὸ
3338 1673 3401 1745 δὴ
3437 1673 3806 1743 παρακαλεῖτε

2230 1764 2486 1833 σήμερον,
2518 1763 2781 1829 τουτέστι,
2806 1763 2948 1817 κατά
2970 1779 3033 1832 γε
3058 1763 3149 1815 τὸν
3175 1762 3390 1816 ἐοικότα
3418 1762 3497 1832 τῷ
3517 1762 3807 1833 πράγματι

556 1856 698 1909 enim
730 1861 906 1925 potest
937 1852 1150 1908 mentiri
1182 1852 1404 1917 veritas,
1438 1867 1537 1908 nec
1566 1853 1816 1923 loquetur
1846 1855 2123 1909 mendacia

2226 1854 2434 1926 καιρὸν,
2467 1855 2562 1908 καὶ
2592 1854 2875 1925 ἱδρυμένον
2900 1853 3257 1925 ὲνεργάζεσθε
3279 1853 3339 1907 τὸ
3365 1853 3620 1925 φρόνημα
3642 1853 3804 1922 αὐτῇ.

556 1946 719 1999 Dens.
751 1944 807 1999 Si
869 1944 1010 1997 enim
1041 1942 1239 2013 aliquid
1266 1942 1538 2007 annuerit,
1590 1942 1644 1997 id
1698 1944 1884 2013 utique
1937 1958 2125 2014 perve-

557 2037 668 2089 ttiet
701 2037 765 2087 ad
798 2034 998 2088 exitum
1020 2072 1036 2099 ,
1080 2033 1125 2088 si
1155 2047 1256 2088 nos
1292 2032 1403 2089 ﬁde
1448 2032 1807 2098 'eoluerimus,
1838 2042 1891 2090 et
1918 2036 2125 2089 sincera

558 2134 735 2179 mente
766 2138 887 2178 eum
938 2122 1025 2192 qui
1058 2123 1283 2178 salutem
1334 2122 1581 2192 promisit
1623 2123 2122 2180 exhilaraverimus.

558 2215 678 2268 Pari
714 2216 916 2270 ratione
960 2229 1057 2270 nos
1084 2214 1243 2269 etiam
1297 2214 1647 2289 cottsoiantur
1701 2216 1894 2281 sancti,
1938 2205 2127 2272 dicen-

559 2317 674 2361 tes:
719 2305 974 2360 Resistite
1024 2304 1259 2370 diabolo,
1303 2313 1357 2360 et
1402 2304 1565 2375 fugiet
1605 2319 1635 2359 a
1687 2306 1860 2362 vobis.
1903 2307 1966 2362 Et
2024 2322 2120 2363 ca-

556 2378 1219 2464 strmiietabitur'angelus
1248 2394 1458 2449 Domini
1530 2394 1582 2449 in
1650 2394 1880 2450 circuitu
1939 2395 2128 2452 timen-

559 2490 688 2542 tium
731 2502 874 2552 cuin,
914 2485 1378 2541 etliberabiteos.
1421 2485 1567 2540 Dixit
1630 2486 1789 2541 etiam
1814 2487 1935 2557 ipse
1996 2501 2127 2544 voce

568 2579 782 2633 lim-iiiis
809 2579 877 2632 de
929 2577 1075 2632 omni
1119 2576 1335 2632 homine
1357 2577 1446 2646 qui
1480 2577 1671 2644 credit,
1703 2586 1754 2633 et
1784 2593 1932 2648 spem
1985 2579 2129 2634 locat

556 2671 701 2724 ineo
737 2687 751 2725 :
809 2685 829 2720 ι
868 2665 924 2721 In
967 2682 1052 2724 me
1080 2667 1332 2736 speravit,
1388 2675 1444 2723 et
1469 2666 1709 2722 liberabo
1737 2682 1860 2723 eum
1892 2669 2127 2736 ;clama-

557 2761 634 2813 hit
665 2762 730 2815 ad
751 2764 867 2825 'me,
900 2767 955 2814 et
982 2758 1260 2831 exaudiam
1300 2773 1419 2815 eum
1447 2758 1587 2813 "~“.
1617 2747 1751 2813 Cum
1778 2760 1894 2828 ipso
1923 2776 2041 2816 sum
2070 2761 2125 2816 in

559 2850 868 2917 amictione,
901 2858 955 2905 et
987 2850 1232 2919 eripiam,
1298 2857 1353 2904 et
1396 2848 1709 2919 gloriﬁeabo
1751 2865 1895 2906 eum.
1942 2869 1961 2903 ι
1990 2849 2123 2906 Nam

554 2946 644 3014 qni
679 2944 850 3012 ipsum
887 2942 1211 3013 gloriﬁcant,
1261 2954 1355 2996 eos
1388 2940 1709 3011 gloriﬁcabit
1743 2943 1980 2996 omnium
2023 2959 2121 3000 no-

555 3049 598 3091 5t
612 3052 726 3088 runt
742 3035 1014 3090 ‘Scrvalor
1042 3044 1096 3089 et
1110 3032 1369 3088 Dominus
1387 3030 1544 3088 Iesus
1561 3031 1829 3099 Christus,
1849 3046 1943 3102 per
1963 3049 2121 3104 quem

553 3138 606 3180 et
645 3141 765 3181 cum
808 3140 914 3194 quo
952 3124 1097 3179 Patri
1137 3141 1239 3181 una
1285 3141 1406 3181 cum
1454 3129 1644 3180 sancto
1694 3122 1906 3195 Spiritu
1951 3127 2120 3195 gloria

554 3220 618 3271 sit
654 3217 707 3271 in
738 3232 898 3271 omne
927 3232 1118 3271 aevum.
1150 3216 1346 3271 Amen.

2226 1944 2304 2001 Οὐ
2339 1945 2446 2018 γάρ
2493 1945 2609 1999 ἔστι
2640 1944 3016 2016 διαψεύδεσθαι
3051 1946 3151 2017 τὴν
3190 1944 3467 2018 ἀλήθειαν,
3503 1944 3565 1997 ού
3612 1943 3809 2013 ψευδο-

2227 2036 2588 2109 επήσειΘεός.
2614 2037 2678 2090 Εἰ
2700 2036 2807 2109 γὰρ
2833 2035 2898 2109 δὴ
2928 2035 3277 2090 κατανεύσειέ
3304 2052 3377 2100 τι,
3400 2034 3559 2088 τοῦτο
3582 2034 3647 2105 δὴ
3673 2034 3807 2087 πάν-
3842 2044 3850 2050 ’

2225 2144 2332 2190 τως
2353 2126 2473 2198 ἥξει
2500 2126 2641 2198 πρὸς
2665 2128 2858 2198 πέρας,
2889 2127 3018 2180 ὅταν
3040 2127 3199 2196 ἡμεῖς
3222 2126 3290 2195 τῇ
3325 2123 3505 2177 πίστει
3530 2122 3805 2193 τιμῶμεν,

2226 2218 2321 2271 καὶ
2352 2216 2560 2289 γνησίῳ
2591 2219 2895 2290 φρονήματι
2940 2217 3429 2287 κατευφραίνωμεν
3485 2215 3581 2270 τὸν
3607 2215 3809 2269 διασώ-

2227 2307 2342 2373 ζειν
2368 2305 2797 2379 ἐπηγγελμένον.
2833 2307 2988 2362 Κατὰ
3015 2307 3165 2361 τόνδε
3196 2306 3285 2360 τὸν
3327 2306 3440 2360 ἴσον
3480 2306 3683 2375 τρόπον
3708 2307 3806 2361 καὶ

2224 2400 2374 2470 ἡμᾶς
2403 2399 2600 2463 αὐτοὺς
2624 2398 3030 2471 παρακαλοῦσιν
3059 2399 3109 2452 οἱ
3144 2399 3287 2466 ἅγιοι
3317 2396 3588 2466 λέγοντες,
3628 2396 3805 2449 Ἀντί-

2228 2507 2390 2561 στητε
2417 2489 2496 2561 τῷ
2521 2490 2772 2561 διαδόλῳ,
2813 2492 2905 2544 καὶ
2952 2488 3208 2558 φεύξεται
3234 2488 3328 2559 ἀφ’
3354 2487 3534 2559 ήμῶν,
3569 2489 3684 2553 καὶ,
3718 2488 3804 2540 ὅτι

2226 2583 2377 2653 Παρε
2388 2580 2585 2651 μδαλεϊ
2604 2579 2832 2650 ἄγγελος
2861 2579 3064 2652 Κυρίου
3108 2578 3293 2650 κύκλῳ
3322 2578 3430 2632 τῶν
3453 2578 3805 2647 φοϐουμένων

2223 2670 2409 2737 αὐτὸν,
2445 2673 2540 2725 καὶ
2588 2672 2809 2743 ῥύσεται
2846 2670 3061 2733 αὐτούς.
3094 2672 3239 2740 Ἔφη
3271 2670 3331 2723 δὲ
3381 2669 3474 2723 καὶ
3515 2669 3677 2731 αὐτὸς
3715 2668 3803 2721 διὰ

2227 2766 2412 2834 φωνῆς
2442 2762 2534 2816 τοῦ
2581 2764 2746 2816 Δαόὶδ
2768 2804 2783 2832 ,
2813 2763 2942 2835 περὶ
2975 2763 3178 2826 παντὸς
3222 2760 3511 2835 ἀνθρώπου
3543 2758 3802 2814 πεποιθό-

2225 2868 2315 2916 τος
2349 2851 2435 2904 ἐπ’
2474 2852 2654 2916 αὐτὸν,
2699 2853 2793 2905 καὶ
2829 2852 2929 2922 τὴν
2955 2851 3146 2905 ἐλπίδα
3191 2851 3452 2922 θεμένου·
3492 2866 3511 2900 ι
3551 2850 3676 2902 Ὀτι
3713 2848 3801 2900 ἐπ’

2226 2942 2328 3012 ἐμὲ
2358 2942 2574 3012 ήλπισε,
2631 2942 2726 2995 καὶ
2774 2941 3008 3013 ῥύσομαι
3059 2940 3241 2994 αὐτόν.
3279 2937 3623 3011 Κεκράξεται
3663 2936 3804 3007 πρὸς

2228 3033 2316 3105 μὲ,
2348 3034 2441 3086 καὶ⁵
2471 3034 2843 3103 ἐπακούσομαι
2871 3030 3054 3092 αὑτοῦ,
3095 3031 3212 3102 μετ’
3248 3029 3411 3084 αὐτοῦ
3438 3030 3555 3100 εἰμι
3592 3030 3651 3081 ὲν
3682 3027 3801 3081 θλί-

2223 3125 2335 3195 ψει,
2366 3127 2460 3180 καὶ¹
2485 3124 2792 3195 ὲξελοῦμαι,
2825 3125 2922 3178 καὶ⁸
2942 3123 3151 3190 δοξάσω
3173 3123 3352 3177 αὐτόν.
3390 3140 3410 3172 ι
3442 3119 3669 3184 Δοξάσει
3692 3118 3807 3189 γὰρ

2148 3210 2191 3268 C
2222 3220 2348 3282 τοὺς
2394 3218 2715 3289 δοξάζοντας
2760 3220 2923 3274 αὐτὸν
2960 3221 2989 3274 ό
3029 3219 3246 3274 πάντων
3276 3217 3434 3290 ήμῶν
3464 3214 3660 3286 Σωτὴρ
3705 3213 3803 3266 καὶ

552 3310 779 3385 Κύριος,
822 3309 1029 3382 Ἰησοῦς
1057 3310 1312 3382 Χριστὸς,
1346 3310 1412 3363 δι’
1447 3303 1530 3376 οὗ,
1559 3310 1653 3366 καὶ
1681 3310 1805 3383 μεθ’
1828 3302 1891 3365 οὗ
1917 3310 1994 3384 τῷ
2018 3312 2195 3387 Πατρ)⁸
2228 3314 2343 3387 ἅμα
2381 3314 2459 3387 τῷ
2522 3317 2663 3388 ἁγίῳ
2702 3316 2977 3388 Πνεύματι
3003 3317 3036 3387 ή
3067 3314 3195 3380 δόξα
3267 3314 3347 3378 είς
3411 3311 3541 3375 τοὺς
3576 3309 3800 3370 αἰῶνας.

566 3402 620 3453 Ἀ
631 3404 775 3471 μήν.·

621 3554 744 3588 ⁸³4⁸
779 3554 926 3614 Psal.
954 3571 1042 3624 xu,
1074 3556 1260 3612 M45.

1363 4051 1370 4057 ι
1472 3948 1633 4022 187
1684 3942 2121 4031 ΒΙΒΛΙΟΝ
2186 3945 2293 4038 Βπ,
2343 3942 2703 4030 TOMOI
2762 3944 2874 4029 E'.

2140 4149 2207 4166 —

1114 4310 1466 4399 LIBER
1532 4308 2188 4431 SECUNDUS,
2260 4304 2561 4401 TOMI
2640 4306 3232 4416 QUINQUE.

1162 4694 1396 4754 TOMUS
1459 4698 1499 4752 Ι.

615 4813 744 4868 CAP.
801 4811 868 4866 Χ.
930 4811 1090 4866 Vsus.
1144 4808 1236 4872 35.
1290 4808 1382 4863 54.
1441 4805 1574 4861 Ecce
1636 4807 1948 4860 Dominalar
2012 4804 2116 4859 Do-

482 4906 494 4914 ”
548 4905 720 4959 "ciuus
768 4902 1037 4965 Sabaoth,
1071 4899 1399 4955 conturbabit
1442 4898 1701 4967 gloriosas
1741 4912 1858 4950 cum
1906 4897 2122 4965 [at-tilu-

543 4998 691 5060 dive,
723 5003 772 5048 et
805 4991 932 5047 elati
962 4990 1200 5060 superbia
1228 4996 1584 5054 conterentur,
1609 4996 1656 5040 et
1701 4985 2034 5054 dejicientur,
2073 4993 2120 5038 et

545 5087 728 5143 cadent
762 5085 888 5140 elati
958 5082 1154 5151 gladio,
1197 5097 1259 5135 ac
1316 5081 1544 5136 Libanus
1602 5095 1718 5133 cum
1751 5078 1965 5134 malai:
1998 5094 2122 5137 can-

543 5179 700 5233 ridet.

614 5290 669 5343 In
729 5287 866 5341 lihro
889 5284 1001 5354 jam
1029 5284 1274 5340 absoluto
1306 5299 1484 5339 sermo
1513 5294 1632 5338 erat
1667 5283 1734 5338 de
1783 5282 2043 5352 Assyriis,
2064 5292 2119 5336 et

543 5380 610 5433 de
645 5392 771 5448 rege
802 5376 1111 5438 Persarum,
1140 5388 1263 5428 cum
1295 5371 1490 5427 Judea.
1509 5383 1563 5426 et
1588 5370 1976 5441 Hierosolymis
2007 5370 2118 5425 bel-

542 5469 838 5539 ligerante,
871 5481 935 5520 ac
974 5467 1067 5521 ira
1101 5464 1296 5519 divinae
1331 5463 1673 5519 severitatem
1699 5477 1768 5517 ex
1829 5462 2122 5531 improviso

543 5559 835 5610 sentiente.
872 5553 1005 5608 Nam
1033 5554 1216 5617 Israel,
1254 5568 1357 5605 non
1388 5568 1570 5607 arcum
1602 5554 1847 5617 tendens,
1867 5567 1972 5606 non
1993 5566 2114 5607 scu-

545 5654 658 5699 tum
692 5644 975 5710 arripiens,
1007 5660 1114 5697 non
1145 5645 1409 5711 equitatu,
1430 5658 1534 5696 non
1591 5653 1708 5697 arte
1763 5644 2121 5713 phalangibus

543 5736 659 5806 ejus
725 5733 1007 5800 rtSiSiCIII,
1071 5749 1176 5790 non
1232 5735 1345 5799 lege
1399 5734 1618 5788 militari
1688 5734 2116 5790 adversariorum

2839 4695 3073 4751 ΤΟΜΟΣ
3109 4696 3186 4751 A'.

2309 4804 2460 4860 Ἰδοὺ
2503 4805 2579 4873 δὴ
2615 4808 2648 4860 ό
2684 4806 2989 4873 Δεσπότης
3017 4805 3230 4873 Κύριος
3262 4805 3523 4871 Σαϐαὼθ,
3573 4824 3804 4863 συντα-

2217 4896 2390 4964 ράξει
2418 4896 2558 4962 τοὺς
2586 4897 2875 4964 ἐνδόξους
2907 4896 3056 4966 μετὰ
3095 4899 3327 4965 ἰσχύος,
3358 4898 3459 4952 καὶ
3490 4901 3546 4952 οι
3570 4900 3804 4967 ὑψηλοὶ

2222 4987 2298 5055 τῇ
2347 4987 2508 5055 ὕϐρει
2547 4987 3069 5054 συντριϐἠσονται,
3105 4987 3202 5040 καὶ
3230 4989 3804 5056 ταπεινωθήσονται,

2223 5078 2324 5132 καὶ
2363 5078 2691 5131 πεσοῦνται
2719 5080 2772 5131 οι
2804 5077 3032 5145 ὑψηλοὶ
3059 5080 3338 5148 μαχαίρᾳ,
3382 5082 3414 5133 ό
3448 5079 3517 5132 δὲ
3543 5082 3808 5147 Λίϐανος

2223 5169 2346 5224 σὺν
2370 5169 2489 5235 τοῖς
2517 5169 2777 5238 ὑψηλοῖς
2810 5169 3098 5224 πεσεῖται.

2306 5282 2393 5335 Ἐν
2420 5282 2517 5351 μὲν
2543 5280 2619 5352 τῷ
2665 5282 3035 5353 τετελεσμένῳ
3077 5282 3264 5353 βιϐλίῳ
3300 5282 3429 5353 περὶ
3456 5284 3566 5336 τῶν
3586 5299 3654 5335 τε
3695 5284 3808 5336 τῶν

2238 5372 2538 5443 Ἀσσυρίων
2566 5373 2596 5424 ό
2629 5372 2784 5439 λόγος
2818 5368 2906 5444 ἦν,
2940 5374 3033 5425 καὶ⁵
3061 5373 3154 5425 τοῦ
3176 5373 3252 5425 ,τὰ
3284 5373 3509 5444 Περσῶν
3534 5374 3808 5427 διοικοῦν-

2226 5478 2317 5524 τος
2345 5463 2543 5533 κράτη,
2576 5463 3105 5531 καταστρατεύοντος
3141 5465 3240 5532 μὲν
3265 5464 3365 5532 τῆς
3412 5463 3675 5526 ἰουδαίας
3710 5467 3807 5518 καὶ

2226 5551 2334 5605 τῶν
2376 5552 2636 5621 Ἱεροσολύ
2645 5569 2779 5622 μων,
2814 5551 3073 5616 παθόντος
3101 5553 3157 5606 δὲ
3180 5553 3454 5623 ἀδοκήτως
3475 5555 3544 5608 τὰ
3571 5558 3636 5609 ὲκ
3658 5555 3808 5619 θείας

2226 5644 2416 5714 ὀργῆς.
2451 5646 2726 5698 Σέσωσται
2759 5646 2868 5715 γὰρ
2893 5646 3208 5716 παραδόξως
3234 5649 3263 5701 ό
3293 5648 3529 5717 Ἰσραὴλ,
3557 5651 3622 5702 ού
3653 5650 3809 5715 τόξον

2226 5736 2482 5799 ἐκτείνας.
2520 5737 2580 5789 ού
2603 5736 2794 5806 θυρεὸν
2827 5736 3100 5809 ἁρπάσας,
3127 5738 3223 5806 οὐχ
3264 5738 3519 5807 ἱππότην,
3551 5739 3615 5791 οὑ
3641 5740 3813 5813 τέχνῃ
