  <div class='ocr_page' id='page_1' title='image "/cluster/home/n/w/nwhite01/storage/ocr_20150623/70/mdp.39015078384453/160.png"; bbox 0 0 2072 3151; ppageno 0'>
   <div class='ocr_carea' id='block_1_1' title="bbox 173 189 226 217">
    <p class='ocr_par' dir='ltr' id='par_1_1' title="bbox 173 189 226 217">
     <span class='ocr_line' id='line_1_1' title="bbox 173 189 226 217; baseline 0 0"><span class='ocrx_word' id='word_1_1' title='bbox 173 189 226 217; x_wconf 74' lang='lat'><strong>305</strong></span> 
     </span>
    </p>
   </div>
   <div class='ocr_carea' id='block_1_2' title="bbox 739 188 1223 221">
    <p class='ocr_par' dir='ltr' id='par_1_2' title="bbox 739 188 1223 221">
     <span class='ocr_line' id='line_1_2' title="bbox 739 188 1223 221; baseline 0.01 -5"><span class='ocrx_word' id='word_1_2' title='bbox 739 188 773 216; x_wconf 85' lang='lat' dir='ltr'><strong>IN</strong></span> <span class='ocrx_word' id='word_1_3' title='bbox 795 189 910 218; x_wconf 73' lang='lat' dir='ltr'><strong>ISAIAM</strong></span> <span class='ocrx_word' id='word_1_4' title='bbox 929 190 992 218; x_wconf 78' lang='lat' dir='ltr'><strong>LIB.</strong></span> <span class='ocrx_word' id='word_1_5' title='bbox 1015 191 1046 218; x_wconf 92' lang='lat' dir='ltr'><strong>ll.</strong></span> <span class='ocrx_word' id='word_1_6' title='bbox 1068 191 1186 221; x_wconf 79' lang='lat' dir='ltr'><strong>TOMUS</strong></span> <span class='ocrx_word' id='word_1_7' title='bbox 1206 193 1223 221; x_wconf 89' lang='lat' dir='ltr'><strong>I.</strong></span> 
     </span>
    </p>
   </div>
   <div class='ocr_carea' id='block_1_3' title="bbox 1750 186 1803 214">
    <p class='ocr_par' dir='ltr' id='par_1_3' title="bbox 1750 186 1803 214">
     <span class='ocr_line' id='line_1_3' title="bbox 1750 186 1803 214; baseline 0 0"><span class='ocrx_word' id='word_1_8' title='bbox 1750 186 1803 214; x_wconf 75' lang='grc' dir='ltr'><strong>’5θο</strong></span> 
     </span>
    </p>
   </div>
   <div class='ocr_carea' id='block_1_4' title="bbox 175 245 968 286">
    <p class='ocr_par' dir='ltr' id='par_1_4' title="bbox 175 245 966 284">
     <span class='ocr_line' id='line_1_4' title="bbox 175 245 966 284; baseline 0.005 -12"><span class='ocrx_word' id='word_1_9' title='bbox 175 248 235 278; x_wconf 80' lang='grc' dir='ltr'>ταῖς</span> <span class='ocrx_word' id='word_1_10' title='bbox 249 246 354 273; x_wconf 69' lang='grc' dir='ltr'>ἐκείνου</span> <span class='ocrx_word' id='word_1_11' title='bbox 371 245 504 281; x_wconf 78' lang='grc' dir='ltr'><strong>φάλαγξιν</strong></span> <span class='ocrx_word' id='word_1_12' title='bbox 519 246 684 281; x_wconf 76' lang='grc' dir='ltr'>ἀντεξάγων,</span> <span class='ocrx_word' id='word_1_13' title='bbox 704 248 735 274; x_wconf 83' lang='grc' dir='ltr'><strong>οὐ</strong></span> <span class='ocrx_word' id='word_1_14' title='bbox 751 248 869 283; x_wconf 83' lang='grc' dir='ltr'>πολέμου</span> <span class='ocrx_word' id='word_1_15' title='bbox 891 249 966 284; x_wconf 80' lang='grc' dir='ltr'>νόμῳ</span> 
     </span>
    </p>
   </div>
   <div class='ocr_carea' id='block_1_5' title="bbox 1020 245 1804 286">
    <p class='ocr_par' dir='ltr' id='par_1_5' title="bbox 1020 246 1804 286">
     <span class='ocr_line' id='line_1_5' title="bbox 1020 246 1804 286; baseline -0.01 -8"><span class='ocrx_word' id='word_1_16' title='bbox 1020 259 1129 279; x_wconf 71' lang='lat' dir='ltr'><strong>manum</strong></span> <span class='ocrx_word' id='word_1_17' title='bbox 1143 252 1293 285; x_wconf 65' lang='lat' dir='ltr'><strong>debilem,</strong></span> <span class='ocrx_word' id='word_1_18' title='bbox 1305 252 1354 280; x_wconf 73' lang='lat' dir='ltr'><strong>sed</strong></span> <span class='ocrx_word' id='word_1_19' title='bbox 1371 250 1494 286; x_wconf 70' lang='lat' dir='ltr'><strong>potentia</strong></span> <span class='ocrx_word' id='word_1_20' title='bbox 1504 249 1551 276; x_wconf 86' lang='lat' dir='ltr'><strong>Dei</strong></span> <span class='ocrx_word' id='word_1_21' title='bbox 1571 251 1600 275; x_wconf 87' lang='lat' dir='ltr'><strong>et</strong></span> <span class='ocrx_word' id='word_1_22' title='bbox 1625 246 1721 281; x_wconf 77' lang='lat' dir='ltr'><strong>gratia.</strong></span> <span class='ocrx_word' id='word_1_23' title='bbox 1740 253 1804 271; x_wconf 78' lang='lat' dir='ltr'><strong>eou-</strong></span> 
     </span>
    </p>
   </div>
   <div class='ocr_carea' id='block_1_6' title="bbox 176 292 968 329">
    <p class='ocr_par' dir='ltr' id='par_1_6' title="bbox 176 292 968 329">
     <span class='ocr_line' id='line_1_6' title="bbox 176 292 968 329; baseline 0.004 -11"><span class='ocrx_word' id='word_1_24' title='bbox 176 293 229 327; x_wconf 86' lang='grc' dir='ltr'>τῆς,</span> <span class='ocrx_word' id='word_1_25' title='bbox 240 292 296 318; x_wconf 81' lang='grc' dir='ltr'>τῶν</span> <span class='ocrx_word' id='word_1_26' title='bbox 314 292 441 319; x_wconf 71' lang='grc' dir='ltr'>ἐναντίων</span> <span class='ocrx_word' id='word_1_27' title='bbox 455 293 669 329; x_wconf 71' lang='grc' dir='ltr'><strong>κατακρατήσας</strong></span> <span class='ocrx_word' id='word_1_28' title='bbox 691 294 792 328; x_wconf 77' lang='grc' dir='ltr'>χειρὸς,</span> <span class='ocrx_word' id='word_1_29' title='bbox 807 293 864 321; x_wconf 77' lang='grc' dir='ltr'>ἀλλ’</span> <span class='ocrx_word' id='word_1_30' title='bbox 880 295 909 321; x_wconf 68' lang='grc' dir='ltr'><strong>ἰν</strong></span> <span class='ocrx_word' id='word_1_31' title='bbox 922 294 968 321; x_wconf 88' lang='grc' dir='ltr'>δυ-</span> 
     </span>
    </p>
   </div>
   <div class='ocr_carea' id='block_1_7' title="bbox 177 337 966 376">
    <p class='ocr_par' dir='ltr' id='par_1_7' title="bbox 177 337 966 376">
     <span class='ocr_line' id='line_1_7' title="bbox 177 337 966 376; baseline 0.004 -12"><span class='ocrx_word' id='word_1_32' title='bbox 177 338 259 373; x_wconf 77' lang='grc' dir='ltr'>νάμει</span> <span class='ocrx_word' id='word_1_33' title='bbox 270 337 336 365; x_wconf 83' lang='grc' dir='ltr'><strong>Θεοῦ</strong></span> <span class='ocrx_word' id='word_1_34' title='bbox 355 339 401 365; x_wconf 81' lang='grc' dir='ltr'>καὶ</span> <span class='ocrx_word' id='word_1_35' title='bbox 410 338 513 374; x_wconf 85' lang='grc' dir='ltr'>χάριτι.</span> <span class='ocrx_word' id='word_1_36' title='bbox 534 338 646 373; x_wconf 76' lang='grc' dir='ltr'>Ἐξῆλθε</span> <span class='ocrx_word' id='word_1_37' title='bbox 657 339 711 375; x_wconf 83' lang='grc' dir='ltr'>γὰρ</span> <span class='ocrx_word' id='word_1_38' title='bbox 721 340 835 374; x_wconf 78' lang='grc' dir='ltr'>ἄγγελος</span> <span class='ocrx_word' id='word_1_39' title='bbox 850 340 966 376; x_wconf 78' lang='grc' dir='ltr'><strong>Κυρίου,</strong></span> 
     </span>
    </p>
   </div>
   <div class='ocr_carea' id='block_1_8' title="bbox 179 384 967 421">
    <p class='ocr_par' dir='ltr' id='par_1_8' title="bbox 179 384 967 421">
     <span class='ocr_line' id='line_1_8' title="bbox 179 384 967 421; baseline 0.004 -12"><span class='ocrx_word' id='word_1_40' title='bbox 179 384 256 418; x_wconf 75' lang='grc' dir='ltr'>φησὶ,</span> <span class='ocrx_word' id='word_1_41' title='bbox 271 385 316 410; x_wconf 83' lang='grc' dir='ltr'><strong>καὶ</strong></span> <span class='ocrx_word' id='word_1_42' title='bbox 332 384 437 410; x_wconf 79' lang='grc' dir='ltr'><strong>ἀνεῖλεν</strong></span> <span class='ocrx_word' id='word_1_43' title='bbox 458 385 488 410; x_wconf 74' lang='grc' dir='ltr'><strong>ὲν</strong></span> <span class='ocrx_word' id='word_1_44' title='bbox 504 385 554 419; x_wconf 84' lang='grc' dir='ltr'><strong>μιᾷ</strong></span> <span class='ocrx_word' id='word_1_45' title='bbox 576 385 652 411; x_wconf 80' lang='grc' dir='ltr'>νυκτὶ</span> <span class='ocrx_word' id='word_1_46' title='bbox 669 386 700 411; x_wconf 81' lang='grc' dir='ltr'>ὲκ</span> <span class='ocrx_word' id='word_1_47' title='bbox 717 386 767 420; x_wconf 83' lang='grc' dir='ltr'>τῆς</span> <span class='ocrx_word' id='word_1_48' title='bbox 790 386 967 421; x_wconf 76' lang='grc' dir='ltr'>παρεμϐολῆς</span> 
     </span>
    </p>
   </div>
   <div class='ocr_carea' id='block_1_9' title="bbox 179 428 964 467">
    <p class='ocr_par' dir='ltr' id='par_1_9' title="bbox 179 428 964 467">
     <span class='ocr_line' id='line_1_9' title="bbox 179 428 964 467; baseline 0.005 -12"><span class='ocrx_word' id='word_1_49' title='bbox 179 428 232 454; x_wconf 81' lang='grc' dir='ltr'>τῶν</span> <span class='ocrx_word' id='word_1_50' title='bbox 255 430 406 464; x_wconf 80' lang='grc' dir='ltr'><strong>Ἀσσυρίων</strong></span> <span class='ocrx_word' id='word_1_51' title='bbox 428 430 525 456; x_wconf 80' lang='grc' dir='ltr'>ἑκατὸν</span> <span class='ocrx_word' id='word_1_52' title='bbox 546 430 710 465; x_wconf 85' lang='grc' dir='ltr'>ὀγδοήκοντα</span> <span class='ocrx_word' id='word_1_53' title='bbox 734 432 813 458; x_wconf 84' lang='grc' dir='ltr'>πέντε</span> <span class='ocrx_word' id='word_1_54' title='bbox 834 432 964 467; x_wconf 81' lang='grc' dir='ltr'>χιλιάδας.</span> 
     </span>
    </p>
   </div>
   <div class='ocr_carea' id='block_1_10' title="bbox 179 471 967 513">
    <p class='ocr_par' dir='ltr' id='par_1_10' title="bbox 179 471 967 513">
     <span class='ocr_line' id='line_1_10' title="bbox 179 471 967 513; baseline 0.005 -13"><span class='ocrx_word' id='word_1_55' title='bbox 179 471 214 501; x_wconf 73' lang='grc' dir='ltr'>Οἶι</span> <span class='ocrx_word' id='word_1_56' title='bbox 227 474 258 509; x_wconf 85' lang='grc' dir='ltr'>δὴ</span> <span class='ocrx_word' id='word_1_57' title='bbox 277 475 419 509; x_wconf 79' lang='grc' dir='ltr'><strong>γεγονότος</strong></span> <span class='ocrx_word' id='word_1_58' title='bbox 438 475 581 511; x_wconf 75' lang='grc' dir='ltr'><strong>ἐναργοῦς,</strong></span> <span class='ocrx_word' id='word_1_59' title='bbox 597 476 622 502; x_wconf 78' lang='grc' dir='ltr'><strong>οἱ</strong></span> <span class='ocrx_word' id='word_1_60' title='bbox 641 477 692 511; x_wconf 83' lang='grc' dir='ltr'>μὲν</span> <span class='ocrx_word' id='word_1_61' title='bbox 706 477 863 504; x_wconf 81' lang='grc' dir='ltr'>ἀπολεῖσθαι</span> <span class='ocrx_word' id='word_1_62' title='bbox 882 486 967 513; x_wconf 87' lang='grc' dir='ltr'>προσ-</span> 
     </span>
    </p>
   </div>
   <div class='ocr_carea' id='block_1_11' title="bbox 179 520 966 558">
    <p class='ocr_par' dir='ltr' id='par_1_11' title="bbox 179 520 966 558">
     <span class='ocr_line' id='line_1_11' title="bbox 179 520 966 558; baseline 0.005 -12"><span class='ocrx_word' id='word_1_63' title='bbox 179 520 307 552; x_wconf 84' lang='grc' dir='ltr'>δοκῶντες</span> <span class='ocrx_word' id='word_1_64' title='bbox 333 521 469 556; x_wconf 80' lang='grc' dir='ltr'>ἐχόρευον,</span> <span class='ocrx_word' id='word_1_65' title='bbox 498 522 660 557; x_wconf 79' lang='grc' dir='ltr'>ἁνεκόμιζόν</span> <span class='ocrx_word' id='word_1_66' title='bbox 683 531 715 549; x_wconf 77' lang='grc' dir='ltr'><strong>τε</strong></span> <span class='ocrx_word' id='word_1_67' title='bbox 739 523 779 558; x_wconf 86' lang='grc' dir='ltr'>τῷ</span> <span class='ocrx_word' id='word_1_68' title='bbox 802 523 966 550; x_wconf 83' lang='grc' dir='ltr'><strong>διασώσαντι</strong></span> 
     </span>
    </p>
   </div>
   <div class='ocr_carea' id='block_1_12' title="bbox 180 567 966 605">
    <p class='ocr_par' dir='ltr' id='par_1_12' title="bbox 180 567 966 605">
     <span class='ocr_line' id='line_1_12' title="bbox 180 567 966 605; baseline 0.005 -13"><span class='ocrx_word' id='word_1_69' title='bbox 180 567 235 601; x_wconf 87' lang='grc' dir='ltr'><strong>Θεῷ</strong></span> <span class='ocrx_word' id='word_1_70' title='bbox 250 567 299 598; x_wconf 76' lang='grc' dir='ltr'><strong>τὰς</strong></span> <span class='ocrx_word' id='word_1_71' title='bbox 313 568 506 602; x_wconf 67' lang='grc' dir='ltr'><strong>χαριστηρίους</strong></span> <span class='ocrx_word' id='word_1_72' title='bbox 517 568 588 603; x_wconf 79' lang='grc' dir='ltr'>ᾠδὰς</span> <span class='ocrx_word' id='word_1_73' title='bbox 601 568 728 602; x_wconf 87' lang='grc' dir='ltr'>λέγοντες</span> <span class='ocrx_word' id='word_1_74' title='bbox 738 569 786 595; x_wconf 77' lang='grc' dir='ltr'><strong>τό·</strong></span> <span class='ocrx_word' id='word_1_75' title='bbox 802 578 812 595; x_wconf 78' lang='lat' dir='ltr'><strong>t</strong></span> <span class='ocrx_word' id='word_1_76' title='bbox 832 569 966 605; x_wconf 79' lang='grc' dir='ltr'>Ἐσπέρας</span> 
     </span>
    </p>
   </div>
   <div class='ocr_carea' id='block_1_13' title="bbox 178 612 964 650">
    <p class='ocr_par' dir='ltr' id='par_1_13' title="bbox 178 612 964 650">
     <span class='ocr_line' id='line_1_13' title="bbox 178 612 964 650; baseline 0.006 -13"><span class='ocrx_word' id='word_1_77' title='bbox 178 612 371 647; x_wconf 84' lang='grc' dir='ltr'>αὺλισθήσεται</span> <span class='ocrx_word' id='word_1_78' title='bbox 378 613 528 648; x_wconf 80' lang='grc' dir='ltr'>κλαυθμὸς,</span> <span class='ocrx_word' id='word_1_79' title='bbox 538 614 585 640; x_wconf 76' lang='grc' dir='ltr'>καὶ</span> <span class='ocrx_word' id='word_1_80' title='bbox 599 615 638 645; x_wconf 77' lang='grc' dir='ltr'>εἱς</span> <span class='ocrx_word' id='word_1_81' title='bbox 648 614 679 641; x_wconf 79' lang='grc' dir='ltr'>τὸ</span> <span class='ocrx_word' id='word_1_82' title='bbox 690 615 763 650; x_wconf 72' lang='grc' dir='ltr'>πρωϊ</span> <span class='ocrx_word' id='word_1_83' title='bbox 776 615 946 649; x_wconf 79' lang='grc' dir='ltr'>ἀγαλλίασις.</span> <span class='ocrx_word' id='word_1_84' title='bbox 954 625 964 642; x_wconf 71' lang='grc' dir='ltr'><strong>ι</strong></span> 
     </span>
    </p>
   </div>
   <div class='ocr_carea' id='block_1_14' title="bbox 178 657 967 696">
    <p class='ocr_par' dir='ltr' id='par_1_14' title="bbox 178 657 967 696">
     <span class='ocr_line' id='line_1_14' title="bbox 178 657 967 696; baseline 0.008 -14"><span class='ocrx_word' id='word_1_85' title='bbox 178 657 230 683; x_wconf 77' lang='grc' dir='ltr'><strong>Καὶ</strong></span> <span class='ocrx_word' id='word_1_86' title='bbox 246 659 316 693; x_wconf 84' lang='grc' dir='ltr'>πρός</span> <span class='ocrx_word' id='word_1_87' title='bbox 332 666 364 692; x_wconf 87' lang='grc' dir='ltr'>γε</span> <span class='ocrx_word' id='word_1_88' title='bbox 380 658 413 694; x_wconf 83' lang='grc' dir='ltr'><strong>δὴ</strong></span> <span class='ocrx_word' id='word_1_89' title='bbox 432 658 554 690; x_wconf 81' lang='grc' dir='ltr'>τούτοις’</span> <span class='ocrx_word' id='word_1_90' title='bbox 575 669 584 685; x_wconf 85' lang='lat' dir='ltr'><strong>t</strong></span> <span class='ocrx_word' id='word_1_91' title='bbox 604 660 758 696; x_wconf 78' lang='grc' dir='ltr'>Ἔστρεψας</span> <span class='ocrx_word' id='word_1_92' title='bbox 779 662 825 688; x_wconf 76' lang='grc' dir='ltr'>τὸν</span> <span class='ocrx_word' id='word_1_93' title='bbox 852 662 967 688; x_wconf 87' lang='grc' dir='ltr'>κοπετόν</span> 
     </span>
    </p>
   </div>
   <div class='ocr_carea' id='block_1_15' title="bbox 178 703 968 743">
    <p class='ocr_par' dir='ltr' id='par_1_15' title="bbox 178 703 968 743">
     <span class='ocr_line' id='line_1_15' title="bbox 178 703 968 743; baseline 0.01 -16"><span class='ocrx_word' id='word_1_94' title='bbox 178 710 228 736; x_wconf 73' lang='grc' dir='ltr'><strong>μου</strong></span> <span class='ocrx_word' id='word_1_95' title='bbox 243 703 284 733; x_wconf 81' lang='grc' dir='ltr'>εἰς</span> <span class='ocrx_word' id='word_1_96' title='bbox 307 703 394 739; x_wconf 72' lang='grc' dir='ltr'>χαρὰν</span> <span class='ocrx_word' id='word_1_97' title='bbox 411 705 484 738; x_wconf 69' lang='grc' dir='ltr'>ἐμοὶ,</span> <span class='ocrx_word' id='word_1_98' title='bbox 500 705 646 740; x_wconf 72' lang='grc' dir='ltr'>διέρρηξας</span> <span class='ocrx_word' id='word_1_99' title='bbox 663 706 708 733; x_wconf 77' lang='grc' dir='ltr'><strong>τὺν</strong></span> <span class='ocrx_word' id='word_1_100' title='bbox 720 707 820 735; x_wconf 77' lang='grc' dir='ltr'>σάκκον</span> <span class='ocrx_word' id='word_1_101' title='bbox 841 717 903 743; x_wconf 87' lang='grc' dir='ltr'>μου,</span> <span class='ocrx_word' id='word_1_102' title='bbox 921 709 968 734; x_wconf 85' lang='grc' dir='ltr'>καὶ</span> 
     </span>
    </p>
   </div>
   <div class='ocr_carea' id='block_1_16' title="bbox 177 748 968 788">
    <p class='ocr_par' dir='ltr' id='par_1_16' title="bbox 177 748 968 788">
     <span class='ocr_line' id='line_1_16' title="bbox 177 748 968 788; baseline 0.01 -16"><span class='ocrx_word' id='word_1_103' title='bbox 177 748 351 782; x_wconf 74' lang='grc' dir='ltr'>περιέζωσάς</span> <span class='ocrx_word' id='word_1_104' title='bbox 378 758 412 784; x_wconf 73' lang='grc' dir='ltr'><strong>με</strong></span> <span class='ocrx_word' id='word_1_105' title='bbox 435 750 616 785; x_wconf 77' lang='grc' dir='ltr'>εὐφροσύνην.</span> <span class='ocrx_word' id='word_1_106' title='bbox 643 761 652 777; x_wconf 80' lang='grc' dir='ltr'><strong>ι</strong></span> <span class='ocrx_word' id='word_1_107' title='bbox 675 751 705 779; x_wconf 88' lang='lat'><strong>&#39;0</strong></span> <span class='ocrx_word' id='word_1_108' title='bbox 727 752 755 778; x_wconf 74' lang='grc' dir='ltr'>δὲ</span> <span class='ocrx_word' id='word_1_109' title='bbox 781 752 896 788; x_wconf 79' lang='grc' dir='ltr'>θρασὺς,</span> <span class='ocrx_word' id='word_1_110' title='bbox 920 754 968 780; x_wconf 71' lang='grc' dir='ltr'>καὶ</span> 
     </span>
    </p>
   </div>
   <div class='ocr_carea' id='block_1_17' title="bbox 179 793 966 833">
    <p class='ocr_par' dir='ltr' id='par_1_17' title="bbox 179 793 966 833">
     <span class='ocr_line' id='line_1_17' title="bbox 179 793 966 833; baseline 0.009 -15"><span class='ocrx_word' id='word_1_111' title='bbox 179 793 343 827; x_wconf 79' lang='grc' dir='ltr'>ὑπέροπτος,</span> <span class='ocrx_word' id='word_1_112' title='bbox 360 794 408 820; x_wconf 75' lang='grc' dir='ltr'>καὶ</span> <span class='ocrx_word' id='word_1_113' title='bbox 425 794 456 821; x_wconf 87' lang='grc' dir='ltr'>τὸ</span> <span class='ocrx_word' id='word_1_114' title='bbox 482 795 552 829; x_wconf 84' lang='grc' dir='ltr'>μέγα</span> <span class='ocrx_word' id='word_1_115' title='bbox 574 796 621 822; x_wconf 81' lang='grc' dir='ltr'>καὶ</span> <span class='ocrx_word' id='word_1_116' title='bbox 635 796 755 832; x_wconf 74' lang='grc' dir='ltr'><strong>ὲξίπιλον</strong></span> <span class='ocrx_word' id='word_1_117' title='bbox 779 799 866 824; x_wconf 75' lang='grc' dir='ltr'>ἐκεῖνο</span> <span class='ocrx_word' id='word_1_118' title='bbox 888 798 966 833; x_wconf 86' lang='grc' dir='ltr'>βοῶν,</span> 
     </span>
    </p>
   </div>
   <div class='ocr_carea' id='block_1_18' title="bbox 180 837 967 878">
    <p class='ocr_par' dir='ltr' id='par_1_18' title="bbox 180 837 967 878">
     <span class='ocr_line' id='line_1_18' title="bbox 180 837 967 878; baseline 0.009 -15"><span class='ocrx_word' id='word_1_119' title='bbox 180 837 236 872; x_wconf 71' lang='grc' dir='ltr'>Τὴν</span> <span class='ocrx_word' id='word_1_120' title='bbox 251 839 414 874; x_wconf 82' lang='grc' dir='ltr'><strong>οἰκουμένην</strong></span> <span class='ocrx_word' id='word_1_121' title='bbox 429 840 493 875; x_wconf 84' lang='grc' dir='ltr'>ὅλην</span> <span class='ocrx_word' id='word_1_122' title='bbox 509 841 699 877; x_wconf 67' lang='grc' dir='ltr'>καταλήψομαι</span> <span class='ocrx_word' id='word_1_123' title='bbox 718 844 750 878; x_wconf 84' lang='grc' dir='ltr'><strong>τῇ</strong></span> <span class='ocrx_word' id='word_1_124' title='bbox 764 843 846 878; x_wconf 75' lang='grc' dir='ltr'>χειρὶ,</span> <span class='ocrx_word' id='word_1_125' title='bbox 859 844 896 875; x_wconf 83' lang='grc' dir='ltr'>ὡς</span> <span class='ocrx_word' id='word_1_126' title='bbox 907 852 967 870; x_wconf 86' lang='grc' dir='ltr'>νοσ-</span> 
     </span>
    </p>
   </div>
   <div class='ocr_carea' id='block_1_19' title="bbox 180 883 966 923">
    <p class='ocr_par' dir='ltr' id='par_1_19' title="bbox 180 883 966 923">
     <span class='ocr_line' id='line_1_19' title="bbox 180 883 966 923; baseline 0.009 -15"><span class='ocrx_word' id='word_1_127' title='bbox 180 883 252 914; x_wconf 74' lang='grc' dir='ltr'>σιὰν,</span> <span class='ocrx_word' id='word_1_128' title='bbox 268 883 313 909; x_wconf 82' lang='grc' dir='ltr'><strong>καὶ</strong></span> <span class='ocrx_word' id='word_1_129' title='bbox 327 884 364 915; x_wconf 81' lang='grc' dir='ltr'>ὡς</span> <span class='ocrx_word' id='word_1_130' title='bbox 380 886 612 922; x_wconf 80' lang='grc' dir='ltr'><strong>καταλελειμμένα</strong></span> <span class='ocrx_word' id='word_1_131' title='bbox 623 887 665 914; x_wconf 77' lang='grc' dir='ltr'><strong>ὼὰ</strong></span> <span class='ocrx_word' id='word_1_132' title='bbox 677 888 747 923; x_wconf 80' lang='grc' dir='ltr'>ἀρῶ,</span> <span class='ocrx_word' id='word_1_133' title='bbox 761 889 807 915; x_wconf 81' lang='grc' dir='ltr'><strong>καὶ</strong></span> <span class='ocrx_word' id='word_1_134' title='bbox 821 889 870 916; x_wconf 84' lang='grc' dir='ltr'><strong>οὐκ</strong></span> <span class='ocrx_word' id='word_1_135' title='bbox 885 889 966 920; x_wconf 76' lang='grc' dir='ltr'>ἔστιν,</span> 
     </span>
    </p>
   </div>
   <div class='ocr_carea' id='block_1_20' title="bbox 177 929 969 970">
    <p class='ocr_par' dir='ltr' id='par_1_20' title="bbox 177 929 969 970">
     <span class='ocr_line' id='line_1_20' title="bbox 177 929 969 970; baseline 0.009 -16"><span class='ocrx_word' id='word_1_136' title='bbox 177 929 207 959; x_wconf 78' lang='grc' dir='ltr'>ὂς</span> <span class='ocrx_word' id='word_1_137' title='bbox 222 929 395 962; x_wconf 74' lang='grc' dir='ltr'>Ξια’;εύξεταί</span> <span class='ocrx_word' id='word_1_138' title='bbox 411 939 455 965; x_wconf 88' lang='grc' dir='ltr'><strong>με,</strong></span> <span class='ocrx_word' id='word_1_139' title='bbox 476 932 492 966; x_wconf 82' lang='grc' dir='ltr'><strong>ἦ</strong></span> <span class='ocrx_word' id='word_1_140' title='bbox 508 932 621 968; x_wconf 77' lang='grc' dir='ltr'><strong>ἀντείπῃ</strong></span> <span class='ocrx_word' id='word_1_141' title='bbox 639 941 695 968; x_wconf 87' lang='grc' dir='ltr'>μοι,</span> <span class='ocrx_word' id='word_1_142' title='bbox 718 934 807 969; x_wconf 86' lang='grc' dir='ltr'><strong>μάτην</strong></span> <span class='ocrx_word' id='word_1_143' title='bbox 831 934 866 969; x_wconf 78' lang='grc' dir='ltr'>ιφ</span> <span class='ocrx_word' id='word_1_144' title='bbox 880 935 969 970; x_wconf 74' lang='grc' dir='ltr'>ἑαυτῷ</span> 
     </span>
    </p>
   </div>
   <div class='ocr_carea' id='block_1_21' title="bbox 180 974 969 1015">
    <p class='ocr_par' dir='ltr' id='par_1_21' title="bbox 180 974 969 1015">
     <span class='ocr_line' id='line_1_21' title="bbox 180 974 969 1015; baseline 0.01 -16"><span class='ocrx_word' id='word_1_145' title='bbox 180 974 253 1008; x_wconf 82' lang='grc' dir='ltr'>μέγα</span> <span class='ocrx_word' id='word_1_146' title='bbox 267 976 403 1011; x_wconf 80' lang='grc' dir='ltr'><strong>φρονήσας</strong></span> <span class='ocrx_word' id='word_1_147' title='bbox 416 977 554 1012; x_wconf 77' lang='grc' dir='ltr'><strong>ἠλέγχετο.</strong></span> <span class='ocrx_word' id='word_1_148' title='bbox 573 979 669 1014; x_wconf 86' lang='grc' dir='ltr'>Διέδρα</span> <span class='ocrx_word' id='word_1_149' title='bbox 685 979 740 1014; x_wconf 85' lang='grc' dir='ltr'>γὰρ</span> <span class='ocrx_word' id='word_1_150' title='bbox 756 980 843 1015; x_wconf 83' lang='grc' dir='ltr'>μόλις,</span> <span class='ocrx_word' id='word_1_151' title='bbox 858 981 904 1007; x_wconf 79' lang='grc' dir='ltr'>καὶ</span> <span class='ocrx_word' id='word_1_152' title='bbox 919 988 969 1014; x_wconf 81' lang='grc' dir='ltr'>φυ-</span> 
     </span>
    </p>
   </div>
   <div class='ocr_carea' id='block_1_22' title="bbox 179 1019 969 1061">
    <p class='ocr_par' dir='ltr' id='par_1_22' title="bbox 179 1019 969 1061">
     <span class='ocr_line' id='line_1_22' title="bbox 179 1019 969 1061; baseline 0.009 -16"><span class='ocrx_word' id='word_1_153' title='bbox 179 1019 229 1052; x_wconf 78' lang='grc' dir='ltr'><strong>γὰς</strong></span> <span class='ocrx_word' id='word_1_154' title='bbox 241 1020 308 1046; x_wconf 85' lang='grc' dir='ltr'>οἴκοι</span> <span class='ocrx_word' id='word_1_155' title='bbox 325 1022 472 1055; x_wconf 79' lang='grc' dir='ltr'>μεθίστατο</span> <span class='ocrx_word' id='word_1_156' title='bbox 492 1023 541 1058; x_wconf 85' lang='grc' dir='ltr'>τὴν</span> <span class='ocrx_word' id='word_1_157' title='bbox 564 1024 691 1051; x_wconf 81' lang='grc' dir='ltr'>Ἰουδαίαν</span> <span class='ocrx_word' id='word_1_158' title='bbox 709 1025 801 1060; x_wconf 77' lang='grc' dir='ltr'>ἀφείς.</span> <span class='ocrx_word' id='word_1_159' title='bbox 824 1026 969 1061; x_wconf 83' lang='grc' dir='ltr'>Τοιγάρτοι</span> 
     </span>
    </p>
   </div>
   <div class='ocr_carea' id='block_1_23' title="bbox 179 1065 969 1106">
    <p class='ocr_par' dir='ltr' id='par_1_23' title="bbox 179 1065 969 1106">
     <span class='ocr_line' id='line_1_23' title="bbox 179 1065 969 1106; baseline 0.01 -16"><span class='ocrx_word' id='word_1_160' title='bbox 179 1065 225 1091; x_wconf 81' lang='grc' dir='ltr'>καὶ</span> <span class='ocrx_word' id='word_1_161' title='bbox 239 1065 357 1099; x_wconf 80' lang='grc' dir='ltr'><strong>ἔφασκεν</strong></span> <span class='ocrx_word' id='word_1_162' title='bbox 369 1069 384 1094; x_wconf 82' lang='grc' dir='ltr'>ὁ</span> <span class='ocrx_word' id='word_1_163' title='bbox 398 1068 452 1095; x_wconf 86' lang='grc' dir='ltr'><strong>τῶν</strong></span> <span class='ocrx_word' id='word_1_164' title='bbox 464 1068 533 1095; x_wconf 80' lang='grc' dir='ltr'>ὅλων</span> <span class='ocrx_word' id='word_1_165' title='bbox 543 1069 618 1101; x_wconf 85' lang='grc' dir='ltr'>Θεός·</span> <span class='ocrx_word' id='word_1_166' title='bbox 634 1070 679 1106; x_wconf 82' lang='grc' dir='ltr'><strong>Μὴ</strong></span> <span class='ocrx_word' id='word_1_167' title='bbox 695 1071 792 1105; x_wconf 76' lang='grc' dir='ltr'>φοϐοῦ,</span> <span class='ocrx_word' id='word_1_168' title='bbox 804 1072 818 1098; x_wconf 79' lang='grc' dir='ltr'>ὁ</span> <span class='ocrx_word' id='word_1_169' title='bbox 828 1071 891 1103; x_wconf 84' lang='grc' dir='ltr'>λαός</span> <span class='ocrx_word' id='word_1_170' title='bbox 904 1080 969 1106; x_wconf 87' lang='grc' dir='ltr'>μου,</span> 
     </span>
    </p>
   </div>
   <div class='ocr_carea' id='block_1_24' title="bbox 179 1111 971 1152">
    <p class='ocr_par' dir='ltr' id='par_1_24' title="bbox 179 1111 971 1152">
     <span class='ocr_line' id='line_1_24' title="bbox 179 1111 971 1152; baseline 0.01 -16"><span class='ocrx_word' id='word_1_171' title='bbox 179 1111 204 1136; x_wconf 76' lang='grc' dir='ltr'>οἱ</span> <span class='ocrx_word' id='word_1_172' title='bbox 226 1113 416 1145; x_wconf 80' lang='grc' dir='ltr'>κατοικοῦντες</span> <span class='ocrx_word' id='word_1_173' title='bbox 431 1115 460 1140; x_wconf 82' lang='grc' dir='ltr'><strong>ὲν</strong></span> <span class='ocrx_word' id='word_1_174' title='bbox 475 1114 554 1147; x_wconf 84' lang='grc' dir='ltr'>Σιὼν,</span> <span class='ocrx_word' id='word_1_175' title='bbox 574 1116 627 1142; x_wconf 76' lang='grc' dir='ltr'><strong>ἀπὸ</strong></span> <span class='ocrx_word' id='word_1_176' title='bbox 648 1116 807 1151; x_wconf 82' lang='grc' dir='ltr'>Ἀσσυρίων.</span> <span class='ocrx_word' id='word_1_177' title='bbox 825 1118 971 1152; x_wconf 78' lang='grc' dir='ltr'>Κατεγρὸι-</span> 
     </span>
    </p>
   </div>
   <div class='ocr_carea' id='block_1_25' title="bbox 178 1158 970 1197">
    <p class='ocr_par' dir='ltr' id='par_1_25' title="bbox 178 1158 970 1197">
     <span class='ocr_line' id='line_1_25' title="bbox 178 1158 970 1197; baseline 0.01 -15"><span class='ocrx_word' id='word_1_178' title='bbox 178 1165 243 1189; x_wconf 63' lang='lat' dir='ltr'><strong>(pero</strong></span> <span class='ocrx_word' id='word_1_179' title='bbox 255 1158 283 1183; x_wconf 84' lang='grc' dir='ltr'>δὲ</span> <span class='ocrx_word' id='word_1_180' title='bbox 298 1159 344 1184; x_wconf 76' lang='grc' dir='ltr'><strong>καὶ</strong></span> <span class='ocrx_word' id='word_1_181' title='bbox 358 1160 371 1185; x_wconf 81' lang='grc' dir='ltr'><strong>ο</strong></span> <span class='ocrx_word' id='word_1_182' title='bbox 386 1160 436 1194; x_wconf 82' lang='grc' dir='ltr'>τῆς</span> <span class='ocrx_word' id='word_1_183' title='bbox 451 1161 540 1195; x_wconf 81' lang='grc' dir='ltr'>φυγῆς</span> <span class='ocrx_word' id='word_1_184' title='bbox 554 1161 664 1196; x_wconf 79' lang='grc' dir='ltr'><strong>τρόπος,</strong></span> <span class='ocrx_word' id='word_1_185' title='bbox 680 1163 821 1197; x_wconf 73' lang='grc' dir='ltr'>μονονουχὶ</span> <span class='ocrx_word' id='word_1_186' title='bbox 836 1163 928 1194; x_wconf 79' lang='grc' dir='ltr'>πόλεις</span> <span class='ocrx_word' id='word_1_187' title='bbox 939 1171 970 1189; x_wconf 78' lang='grc' dir='ltr'><strong>τε</strong></span> 
     </span>
    </p>
   </div>
   <div class='ocr_carea' id='block_1_26' title="bbox 177 1201 969 1243">
    <p class='ocr_par' dir='ltr' id='par_1_26' title="bbox 177 1201 969 1243">
     <span class='ocr_line' id='line_1_26' title="bbox 177 1201 969 1243; baseline 0.011 -17"><span class='ocrx_word' id='word_1_188' title='bbox 177 1201 224 1226; x_wconf 78' lang='grc' dir='ltr'>καὶ</span> <span class='ocrx_word' id='word_1_189' title='bbox 241 1201 336 1236; x_wconf 85' lang='grc' dir='ltr'>κώμας</span> <span class='ocrx_word' id='word_1_190' title='bbox 356 1204 545 1237; x_wconf 77' lang='grc' dir='ltr'>κατασείοντος</span> <span class='ocrx_word' id='word_1_191' title='bbox 563 1206 645 1232; x_wconf 75' lang='grc' dir='ltr'>αὐτοῦ</span> <span class='ocrx_word' id='word_1_192' title='bbox 660 1208 692 1242; x_wconf 86' lang='grc' dir='ltr'>τῇ</span> <span class='ocrx_word' id='word_1_193' title='bbox 706 1208 828 1243; x_wconf 80' lang='grc' dir='ltr'>παρόδῳ.</span> <span class='ocrx_word' id='word_1_194' title='bbox 848 1209 903 1235; x_wconf 74' lang='grc' dir='ltr'><strong>Καὶ</strong></span> <span class='ocrx_word' id='word_1_195' title='bbox 918 1208 969 1235; x_wconf 82' lang='grc' dir='ltr'><strong>πά-</strong></span> 
     </span>
    </p>
   </div>
   <div class='ocr_carea' id='block_1_27' title="bbox 178 1245 969 1289">
    <p class='ocr_par' dir='ltr' id='par_1_27' title="bbox 178 1245 969 1289">
     <span class='ocr_line' id='line_1_27' title="bbox 178 1245 969 1289; baseline 0.011 -18"><span class='ocrx_word' id='word_1_196' title='bbox 178 1245 219 1272; x_wconf 82' lang='grc' dir='ltr'><strong>λιν</strong></span> <span class='ocrx_word' id='word_1_197' title='bbox 231 1255 237 1261; x_wconf 83' lang='grc'><em>’</em></span> <span class='ocrx_word' id='word_1_198' title='bbox 250 1247 333 1279; x_wconf 75' lang='grc' dir='ltr'>Φόϐος</span> <span class='ocrx_word' id='word_1_199' title='bbox 348 1248 463 1282; x_wconf 80' lang='grc' dir='ltr'>λήψεται</span> <span class='ocrx_word' id='word_1_200' title='bbox 476 1249 565 1284; x_wconf 85' lang='grc' dir='ltr'>Ῥαμὰ</span> <span class='ocrx_word' id='word_1_201' title='bbox 578 1251 656 1277; x_wconf 81' lang='grc' dir='ltr'>πόλιν</span> <span class='ocrx_word' id='word_1_202' title='bbox 669 1252 765 1278; x_wconf 88' lang='grc' dir='ltr'>Σαούλ.</span> <span class='ocrx_word' id='word_1_203' title='bbox 777 1254 969 1289; x_wconf 83' lang='grc' dir='ltr'>Διερμηνεύον-</span> 
     </span>
    </p>
   </div>
   <div class='ocr_carea' id='block_1_28' title="bbox 176 1292 970 1334">
    <p class='ocr_par' dir='ltr' id='par_1_28' title="bbox 176 1292 970 1334">
     <span class='ocr_line' id='line_1_28' title="bbox 176 1292 970 1334; baseline 0.011 -18"><span class='ocrx_word' id='word_1_204' title='bbox 176 1299 223 1322; x_wconf 83' lang='grc' dir='ltr'><strong>τες</strong></span> <span class='ocrx_word' id='word_1_205' title='bbox 244 1292 273 1317; x_wconf 74' lang='grc' dir='ltr'>δὲ</span> <span class='ocrx_word' id='word_1_206' title='bbox 290 1292 324 1318; x_wconf 79' lang='grc' dir='ltr'><strong>τὰ</strong></span> <span class='ocrx_word' id='word_1_207' title='bbox 342 1293 443 1325; x_wconf 77' lang='grc' dir='ltr'>τοιάδε,</span> <span class='ocrx_word' id='word_1_208' title='bbox 461 1295 634 1328; x_wconf 80' lang='grc' dir='ltr'>πεποιήμεθα</span> <span class='ocrx_word' id='word_1_209' title='bbox 651 1297 701 1331; x_wconf 80' lang='grc' dir='ltr'><strong>τὴν</strong></span> <span class='ocrx_word' id='word_1_210' title='bbox 719 1297 856 1333; x_wconf 71' lang='grc' dir='ltr'>ἀφήγησιν</span> <span class='ocrx_word' id='word_1_211' title='bbox 871 1299 970 1334; x_wconf 84' lang='grc' dir='ltr'>ίστορι-</span> 
     </span>
    </p>
   </div>
   <div class='ocr_carea' id='block_1_29' title="bbox 179 1338 971 1389">
    <p class='ocr_par' dir='ltr' id='par_1_29' title="bbox 179 1338 971 1389">
     <span class='ocr_line' id='line_1_29' title="bbox 179 1338 971 1389; baseline 0.009 -26"><span class='ocrx_word' id='word_1_212' title='bbox 179 1338 305 1389; x_wconf 77' lang='grc' dir='ltr'>κωτέραν</span> <span class='ocrx_word' id='word_1_213' title='bbox 330 1340 390 1389; x_wconf 69' lang='grc' dir='ltr'>μὲν,</span> <span class='ocrx_word' id='word_1_214' title='bbox 416 1339 485 1375; x_wconf 82' lang='grc' dir='ltr'>πλὴν</span> <span class='ocrx_word' id='word_1_215' title='bbox 502 1341 550 1367; x_wconf 77' lang='grc' dir='ltr'>οὐκ</span> <span class='ocrx_word' id='word_1_216' title='bbox 580 1340 633 1372; x_wconf 69' lang='grc' dir='ltr'><strong>ἔξω</strong></span> <span class='ocrx_word' id='word_1_217' title='bbox 654 1342 704 1377; x_wconf 80' lang='grc' dir='ltr'>τῆς</span> <span class='ocrx_word' id='word_1_218' title='bbox 726 1342 863 1377; x_wconf 81' lang='grc' dir='ltr'>ἀληθείας.</span> <span class='ocrx_word' id='word_1_219' title='bbox 894 1343 971 1370; x_wconf 79' lang='grc' dir='ltr'>Πᾶσα</span> 
     </span>
    </p>
   </div>
   <div class='ocr_carea' id='block_1_30' title="bbox 181 1384 970 1424">
    <p class='ocr_par' dir='ltr' id='par_1_30' title="bbox 181 1384 970 1424">
     <span class='ocr_line' id='line_1_30' title="bbox 181 1384 970 1424; baseline 0.01 -16"><span class='ocrx_word' id='word_1_220' title='bbox 181 1384 236 1417; x_wconf 81' lang='grc' dir='ltr'><strong>γάρ</strong></span> <span class='ocrx_word' id='word_1_221' title='bbox 257 1392 314 1414; x_wconf 82' lang='grc' dir='ltr'><strong>πως</strong></span> <span class='ocrx_word' id='word_1_222' title='bbox 336 1384 457 1419; x_wconf 79' lang='grc' dir='ltr'><strong>ἀνάγκη,</strong></span> <span class='ocrx_word' id='word_1_223' title='bbox 473 1387 506 1420; x_wconf 81' lang='grc' dir='ltr'><strong>τῇ</strong></span> <span class='ocrx_word' id='word_1_224' title='bbox 518 1386 572 1412; x_wconf 87' lang='grc' dir='ltr'><strong>τῶν</strong></span> <span class='ocrx_word' id='word_1_225' title='bbox 591 1387 775 1422; x_wconf 78' lang='grc' dir='ltr'>προκειμένων</span> <span class='ocrx_word' id='word_1_226' title='bbox 787 1389 908 1424; x_wconf 58' lang='grc' dir='ltr'>ποιῶητι</span> <span class='ocrx_word' id='word_1_227' title='bbox 924 1390 970 1416; x_wconf 80' lang='grc' dir='ltr'>καὶ</span> 
     </span>
    </p>
   </div>
   <div class='ocr_carea' id='block_1_31' title="bbox 180 1428 971 1470">
    <p class='ocr_par' dir='ltr' id='par_1_31' title="bbox 180 1428 971 1470">
     <span class='ocr_line' id='line_1_31' title="bbox 180 1428 971 1470; baseline 0.009 -16"><span class='ocrx_word' id='word_1_228' title='bbox 180 1428 295 1463; x_wconf 75' lang='grc' dir='ltr'>δυνάμει</span> <span class='ocrx_word' id='word_1_229' title='bbox 319 1429 486 1464; x_wconf 75' lang='grc' dir='ltr'>κατάλληλον</span> <span class='ocrx_word' id='word_1_230' title='bbox 514 1431 557 1457; x_wconf 84' lang='grc' dir='ltr'>τὸν</span> <span class='ocrx_word' id='word_1_231' title='bbox 578 1432 628 1467; x_wconf 79' lang='grc' dir='ltr'><strong>τῆς</strong></span> <span class='ocrx_word' id='word_1_232' title='bbox 652 1433 797 1469; x_wconf 81' lang='grc' dir='ltr'>ἑρμηνείας</span> <span class='ocrx_word' id='word_1_233' title='bbox 817 1435 971 1470; x_wconf 75' lang='grc' dir='ltr'>ἐφαρμόζε-</span> 
     </span>
    </p>
   </div>
   <div class='ocr_carea' id='block_1_32' title="bbox 184 1474 970 1514">
    <p class='ocr_par' dir='ltr' id='par_1_32' title="bbox 184 1474 970 1514">
     <span class='ocr_line' id='line_1_32' title="bbox 184 1474 970 1514; baseline 0.011 -16"><span class='ocrx_word' id='word_1_234' title='bbox 184 1474 247 1500; x_wconf 80' lang='grc' dir='ltr'>σθαι</span> <span class='ocrx_word' id='word_1_235' title='bbox 279 1474 368 1508; x_wconf 79' lang='grc' dir='ltr'>λόγον.</span> <span class='ocrx_word' id='word_1_236' title='bbox 392 1475 497 1511; x_wconf 79' lang='grc' dir='ltr'>Ἐπειδὴ</span> <span class='ocrx_word' id='word_1_237' title='bbox 524 1477 550 1503; x_wconf 84' lang='grc' dir='ltr'><strong>δέ</strong></span> <span class='ocrx_word' id='word_1_238' title='bbox 569 1478 642 1504; x_wconf 81' lang='grc' dir='ltr'>ἐστιν</span> <span class='ocrx_word' id='word_1_239' title='bbox 661 1477 720 1509; x_wconf 77' lang='grc' dir='ltr'>ἔθος</span> <span class='ocrx_word' id='word_1_240' title='bbox 740 1480 772 1514; x_wconf 81' lang='grc' dir='ltr'><strong>τῇ</strong></span> <span class='ocrx_word' id='word_1_241' title='bbox 800 1479 970 1514; x_wconf 85' lang='grc' dir='ltr'>θεοπνεύστῳ</span> 
     </span>
    </p>
   </div>
   <div class='ocr_carea' id='block_1_33' title="bbox 185 1518 968 1561">
    <p class='ocr_par' dir='ltr' id='par_1_33' title="bbox 185 1518 968 1561">
     <span class='ocr_line' id='line_1_33' title="bbox 185 1518 968 1561; baseline 0.009 -16"><span class='ocrx_word' id='word_1_242' title='bbox 185 1518 291 1554; x_wconf 58' lang='grc' dir='ltr'>Γραψῇ,</span> <span class='ocrx_word' id='word_1_243' title='bbox 310 1520 353 1545; x_wconf 77' lang='grc' dir='ltr'><strong>διὰ</strong></span> <span class='ocrx_word' id='word_1_244' title='bbox 373 1520 425 1546; x_wconf 83' lang='grc' dir='ltr'><strong>τῶν</strong></span> <span class='ocrx_word' id='word_1_245' title='bbox 437 1522 465 1547; x_wconf 84' lang='grc' dir='ltr'>ἐν</span> <span class='ocrx_word' id='word_1_246' title='bbox 480 1522 552 1556; x_wconf 81' lang='grc' dir='ltr'>τάχει</span> <span class='ocrx_word' id='word_1_247' title='bbox 567 1523 616 1557; x_wconf 85' lang='grc' dir='ltr'>(Ι),</span> <span class='ocrx_word' id='word_1_248' title='bbox 632 1524 678 1550; x_wconf 82' lang='grc' dir='ltr'><strong>καὶ</strong></span> <span class='ocrx_word' id='word_1_249' title='bbox 698 1524 842 1560; x_wconf 80' lang='grc' dir='ltr'>ἱστορικῶς</span> <span class='ocrx_word' id='word_1_250' title='bbox 861 1525 968 1561; x_wconf 81' lang='grc' dir='ltr'>δρωμέ-</span> 
     </span>
    </p>
   </div>
   <div class='ocr_carea' id='block_1_34' title="bbox 1017 292 1801 327">
    <p class='ocr_par' dir='ltr' id='par_1_34' title="bbox 1017 292 1801 327">
     <span class='ocr_line' id='line_1_34' title="bbox 1017 292 1801 327; baseline -0.01 -2"><span class='ocrx_word' id='word_1_251' title='bbox 1017 302 1143 325; x_wconf 71' lang='lat' dir='ltr'><strong>serntus</strong></span> <span class='ocrx_word' id='word_1_252' title='bbox 1154 302 1198 326; x_wconf 82' lang='lat' dir='ltr'><strong>est</strong></span> <span class='ocrx_word' id='word_1_253' title='bbox 1211 298 1380 326; x_wconf 76' lang='lat' dir='ltr'><strong>mirabiliter.</strong></span> <span class='ocrx_word' id='word_1_254' title='bbox 1407 296 1497 324; x_wconf 79' lang='lat' dir='ltr'><strong>Exivit</strong></span> <span class='ocrx_word' id='word_1_255' title='bbox 1516 294 1600 326; x_wconf 85' lang='lat' dir='ltr'><strong>enim,</strong></span> <span class='ocrx_word' id='word_1_256' title='bbox 1624 292 1732 327; x_wconf 63' lang='lat' dir='ltr'><strong>inquit,</strong></span> <span class='ocrx_word' id='word_1_257' title='bbox 1751 299 1801 318; x_wconf 83' lang='lat' dir='ltr'><strong>au-</strong></span> 
     </span>
    </p>
   </div>
   <div class='ocr_carea' id='block_1_35' title="bbox 1018 337 1802 378">
    <p class='ocr_par' dir='ltr' id='par_1_35' title="bbox 1018 337 1802 378">
     <span class='ocr_line' id='line_1_35' title="bbox 1018 337 1802 378; baseline -0.009 -9"><span class='ocrx_word' id='word_1_258' title='bbox 1018 343 1095 378; x_wconf 69' lang='lat' dir='ltr'><strong>gelus</strong></span> <span class='ocrx_word' id='word_1_259' title='bbox 1109 343 1226 375; x_wconf 75' lang='lat' dir='ltr'><strong>Domini,</strong></span> <span class='ocrx_word' id='word_1_260' title='bbox 1238 347 1265 370; x_wconf 80' lang='lat' dir='ltr'><strong>et</strong></span> <span class='ocrx_word' id='word_1_261' title='bbox 1286 342 1385 370; x_wconf 86' lang='lat' dir='ltr'><strong>occidit</strong></span> <span class='ocrx_word' id='word_1_262' title='bbox 1402 349 1455 369; x_wconf 72' lang='lat' dir='ltr'><strong>una</strong></span> <span class='ocrx_word' id='word_1_263' title='bbox 1470 345 1549 368; x_wconf 86' lang='lat' dir='ltr'><strong>nocte</strong></span> <span class='ocrx_word' id='word_1_264' title='bbox 1562 346 1577 366; x_wconf 75' lang='grc' dir='ltr'>ο</span> <span class='ocrx_word' id='word_1_265' title='bbox 1604 338 1700 365; x_wconf 68' lang='lat' dir='ltr'><strong>castris</strong></span> <span class='ocrx_word' id='word_1_266' title='bbox 1720 337 1802 371; x_wconf 77' lang='lat' dir='ltr'><strong>Assy-</strong></span> 
     </span>
    </p>
   </div>
   <div class='ocr_carea' id='block_1_36' title="bbox 1019 383 1801 423">
    <p class='ocr_par' dir='ltr' id='par_1_36' title="bbox 1019 383 1801 423">
     <span class='ocr_line' id='line_1_36' title="bbox 1019 383 1801 423; baseline -0.009 -9"><span class='ocrx_word' id='word_1_267' title='bbox 1019 388 1131 419; x_wconf 88' lang='lat' dir='ltr'><strong>riorutn,</strong></span> <span class='ocrx_word' id='word_1_268' title='bbox 1147 392 1253 415; x_wconf 84' lang='lat' dir='ltr'><strong>centum</strong></span> <span class='ocrx_word' id='word_1_269' title='bbox 1265 388 1399 423; x_wconf 70' lang='lat' dir='ltr'><strong>oet03inta</strong></span> <span class='ocrx_word' id='word_1_270' title='bbox 1414 387 1532 421; x_wconf 87' lang='lat' dir='ltr'><strong>quinque</strong></span> <span class='ocrx_word' id='word_1_271' title='bbox 1545 384 1637 411; x_wconf 80' lang='lat' dir='ltr'><strong>millia.</strong></span> <span class='ocrx_word' id='word_1_272' title='bbox 1659 383 1717 416; x_wconf 85' lang='lat' dir='ltr'><strong>Quo</strong></span> <span class='ocrx_word' id='word_1_273' title='bbox 1740 390 1801 416; x_wconf 76' lang='lat' dir='ltr'><strong>pro-</strong></span> 
     </span>
    </p>
   </div>
   <div class='ocr_carea' id='block_1_37' title="bbox 1018 427 1802 468">
    <p class='ocr_par' dir='ltr' id='par_1_37' title="bbox 1018 427 1802 468">
     <span class='ocr_line' id='line_1_37' title="bbox 1018 427 1802 468; baseline -0.008 -9"><span class='ocrx_word' id='word_1_274' title='bbox 1018 433 1106 467; x_wconf 83' lang='lat' dir='ltr'><strong>palam</strong></span> <span class='ocrx_word' id='word_1_275' title='bbox 1118 433 1198 464; x_wconf 79' lang='lat' dir='ltr'><strong>facto,</strong></span> <span class='ocrx_word' id='word_1_276' title='bbox 1216 433 1252 460; x_wconf 86' lang='lat' dir='ltr'><strong>illi</strong></span> <span class='ocrx_word' id='word_1_277' title='bbox 1264 434 1376 468; x_wconf 84' lang='lat' dir='ltr'><strong>periisse</strong></span> <span class='ocrx_word' id='word_1_278' title='bbox 1393 432 1474 467; x_wconf 73' lang='lat'><strong>188</strong></span> <span class='ocrx_word' id='word_1_279' title='bbox 1484 435 1634 465; x_wconf 73' lang='lat' dir='ltr'><strong>sperantes,</strong></span> <span class='ocrx_word' id='word_1_280' title='bbox 1645 427 1802 463; x_wconf 89' lang='lat' dir='ltr'><strong>tripudiare,</strong></span> 
     </span>
    </p>
   </div>
   <div class='ocr_carea' id='block_1_38' title="bbox 1018 474 1804 513">
    <p class='ocr_par' dir='ltr' id='par_1_38' title="bbox 1018 474 1804 513">
     <span class='ocr_line' id='line_1_38' title="bbox 1018 474 1804 513; baseline -0.006 -8"><span class='ocrx_word' id='word_1_281' title='bbox 1018 479 1138 513; x_wconf 87' lang='lat' dir='ltr'><strong>odasque</strong></span> <span class='ocrx_word' id='word_1_282' title='bbox 1159 479 1349 513; x_wconf 81' lang='lat' dir='ltr'><strong>gratulatrices</strong></span> <span class='ocrx_word' id='word_1_283' title='bbox 1366 478 1419 505; x_wconf 87' lang='lat' dir='ltr'><strong>Deo</strong></span> <span class='ocrx_word' id='word_1_284' title='bbox 1435 475 1619 504; x_wconf 82' lang='lat' dir='ltr'><strong>conservatori</strong></span> <span class='ocrx_word' id='word_1_285' title='bbox 1636 474 1757 505; x_wconf 78' lang='lat' dir='ltr'><strong>reddere,</strong></span> <span class='ocrx_word' id='word_1_286' title='bbox 1772 481 1804 500; x_wconf 85' lang='lat' dir='ltr'><strong>ac</strong></span> 
     </span>
    </p>
   </div>
   <div class='ocr_carea' id='block_1_39' title="bbox 1018 519 1802 558">
    <p class='ocr_par' dir='ltr' id='par_1_39' title="bbox 1018 519 1802 558">
     <span class='ocr_line' id='line_1_39' title="bbox 1018 519 1802 558; baseline -0.009 -7"><span class='ocrx_word' id='word_1_287' title='bbox 1018 525 1121 551; x_wconf 84' lang='lat' dir='ltr'><strong>dicere:</strong></span> <span class='ocrx_word' id='word_1_288' title='bbox 1132 534 1141 550; x_wconf 76' lang='grc' dir='ltr'><strong>ί</strong></span> <span class='ocrx_word' id='word_1_289' title='bbox 1155 524 1264 558; x_wconf 81' lang='lat' dir='ltr'><strong>Vesperi</strong></span> <span class='ocrx_word' id='word_1_290' title='bbox 1280 523 1490 551; x_wconf 88' lang='lat' dir='ltr'><strong>commorabitur</strong></span> <span class='ocrx_word' id='word_1_291' title='bbox 1498 522 1623 553; x_wconf 81' lang='lat' dir='ltr'><strong>ﬂetus,et</strong></span> <span class='ocrx_word' id='word_1_292' title='bbox 1644 527 1722 546; x_wconf 85' lang='lat' dir='ltr'><strong>mane</strong></span> <span class='ocrx_word' id='word_1_293' title='bbox 1736 519 1802 546; x_wconf 71' lang='lat' dir='ltr'><strong>lrcti-</strong></span> 
     </span>
    </p>
   </div>
   <div class='ocr_carea' id='block_1_40' title="bbox 1019 562 1802 595">
    <p class='ocr_par' dir='ltr' id='par_1_40' title="bbox 1019 562 1802 595">
     <span class='ocr_line' id='line_1_40' title="bbox 1019 562 1802 595; baseline -0.009 -2"><span class='ocrx_word' id='word_1_294' title='bbox 1019 567 1054 593; x_wconf 80' lang='lat' dir='ltr'><strong>tia</strong></span> <span class='ocrx_word' id='word_1_295' title='bbox 1069 566 1118 592; x_wconf 77' lang='grc'><strong>⁵⁷.»</strong></span> <span class='ocrx_word' id='word_1_296' title='bbox 1136 566 1168 593; x_wconf 86' lang='grc' dir='ltr'>Ει</span> <span class='ocrx_word' id='word_1_297' title='bbox 1180 567 1213 592; x_wconf 86' lang='lat' dir='ltr'><strong>ad</strong></span> <span class='ocrx_word' id='word_1_298' title='bbox 1227 566 1283 593; x_wconf 60' lang='lat' dir='ltr'><strong>hate</strong></span> <span class='ocrx_word' id='word_1_299' title='bbox 1301 573 1307 592; x_wconf 93' lang='lat'><strong>:</strong></span> <span class='ocrx_word' id='word_1_300' title='bbox 1322 574 1331 591; x_wconf 76' lang='grc' dir='ltr'><strong>ι</strong></span> <span class='ocrx_word' id='word_1_301' title='bbox 1346 565 1453 592; x_wconf 89' lang='lat' dir='ltr'><strong>Vertisti</strong></span> <span class='ocrx_word' id='word_1_302' title='bbox 1467 564 1664 590; x_wconf 84' lang='lat' dir='ltr'><strong>luctummeum</strong></span> <span class='ocrx_word' id='word_1_303' title='bbox 1683 562 1710 588; x_wconf 89' lang='lat' dir='ltr'><strong>in</strong></span> <span class='ocrx_word' id='word_1_304' title='bbox 1738 569 1802 595; x_wconf 78' lang='lat' dir='ltr'><strong>gau-</strong></span> 
     </span>
    </p>
   </div>
   <div class='ocr_carea' id='block_1_41' title="bbox 1019 605 1802 640">
    <p class='ocr_par' dir='ltr' id='par_1_41' title="bbox 1019 605 1802 640">
     <span class='ocr_line' id='line_1_41' title="bbox 1019 605 1802 640; baseline -0.006 -3"><span class='ocrx_word' id='word_1_305' title='bbox 1019 612 1090 638; x_wconf 75' lang='lat' dir='ltr'><strong>dium</strong></span> <span class='ocrx_word' id='word_1_306' title='bbox 1099 610 1172 639; x_wconf 82' lang='lat' dir='ltr'><strong>mihi.</strong></span> <span class='ocrx_word' id='word_1_307' title='bbox 1183 610 1314 637; x_wconf 87' lang='lat' dir='ltr'><strong>discidisti</strong></span> <span class='ocrx_word' id='word_1_308' title='bbox 1326 617 1434 637; x_wconf 87' lang='lat' dir='ltr'><strong>saccum</strong></span> <span class='ocrx_word' id='word_1_309' title='bbox 1444 615 1543 640; x_wconf 81' lang='lat' dir='ltr'><strong>nteum,</strong></span> <span class='ocrx_word' id='word_1_310' title='bbox 1554 605 1802 634; x_wconf 79' lang='lat' dir='ltr'><strong>etcireumciuxisti</strong></span> 
     </span>
    </p>
   </div>
   <div class='ocr_carea' id='block_1_42' title="bbox 1018 652 1803 686">
    <p class='ocr_par' dir='ltr' id='par_1_42' title="bbox 1018 652 1803 686">
     <span class='ocr_line' id='line_1_42' title="bbox 1018 652 1803 686; baseline -0.009 -3"><span class='ocrx_word' id='word_1_311' title='bbox 1018 665 1061 684; x_wconf 85' lang='lat' dir='ltr'><strong>me</strong></span> <span class='ocrx_word' id='word_1_312' title='bbox 1076 657 1167 683; x_wconf 68' lang='lat' dir='ltr'><strong>lmtitia</strong></span> <span class='ocrx_word' id='word_1_313' title='bbox 1182 656 1268 682; x_wconf 80' lang='grc' dir='ltr'><strong>²⁸·”.ι</strong></span> <span class='ocrx_word' id='word_1_314' title='bbox 1286 656 1321 682; x_wconf 79' lang='lat' dir='ltr'><strong>At</strong></span> <span class='ocrx_word' id='word_1_315' title='bbox 1334 657 1384 682; x_wconf 90' lang='lat' dir='ltr'><strong>istc</strong></span> <span class='ocrx_word' id='word_1_316' title='bbox 1399 654 1536 681; x_wconf 87' lang='lat' dir='ltr'><strong>conlidens</strong></span> <span class='ocrx_word' id='word_1_317' title='bbox 1553 657 1579 680; x_wconf 89' lang='lat' dir='ltr'><strong>et</strong></span> <span class='ocrx_word' id='word_1_318' title='bbox 1591 652 1734 686; x_wconf 84' lang='lat' dir='ltr'><strong>superbus,</strong></span> <span class='ocrx_word' id='word_1_319' title='bbox 1746 659 1803 677; x_wconf 79' lang='lat' dir='ltr'><strong>ma-</strong></span> 
     </span>
    </p>
   </div>
   <div class='ocr_carea' id='block_1_43' title="bbox 1018 697 1803 737">
    <p class='ocr_par' dir='ltr' id='par_1_43' title="bbox 1018 697 1803 737">
     <span class='ocr_line' id='line_1_43' title="bbox 1018 697 1803 737; baseline -0.009 -9"><span class='ocrx_word' id='word_1_320' title='bbox 1018 702 1219 737; x_wconf 75' lang='lat' dir='ltr'><strong>guumctinane</strong></span> <span class='ocrx_word' id='word_1_321' title='bbox 1229 701 1426 734; x_wconf 84' lang='lat' dir='ltr'><strong>illudcrepans,</strong></span> <span class='ocrx_word' id='word_1_322' title='bbox 1439 700 1538 726; x_wconf 84' lang='lat' dir='ltr'><strong>Orbem</strong></span> <span class='ocrx_word' id='word_1_323' title='bbox 1551 703 1628 724; x_wconf 73' lang='lat' dir='ltr'><strong>terra:</strong></span> <span class='ocrx_word' id='word_1_324' title='bbox 1648 697 1803 723; x_wconf 86' lang='lat' dir='ltr'><strong>universum</strong></span> 
     </span>
    </p>
   </div>
   <div class='ocr_carea' id='block_1_44' title="bbox 1018 742 1805 781">
    <p class='ocr_par' dir='ltr' id='par_1_44' title="bbox 1018 742 1805 781">
     <span class='ocr_line' id='line_1_44' title="bbox 1018 742 1805 781; baseline -0.01 -7"><span class='ocrx_word' id='word_1_325' title='bbox 1018 747 1205 781; x_wconf 80' lang='lat' dir='ltr'><strong>eapiamquasi</strong></span> <span class='ocrx_word' id='word_1_326' title='bbox 1217 746 1320 779; x_wconf 85' lang='lat' dir='ltr'><strong>nidum,</strong></span> <span class='ocrx_word' id='word_1_327' title='bbox 1334 750 1360 773; x_wconf 85' lang='lat' dir='ltr'><strong>et</strong></span> <span class='ocrx_word' id='word_1_328' title='bbox 1378 745 1454 780; x_wconf 86' lang='lat' dir='ltr'><strong>quasi</strong></span> <span class='ocrx_word' id='word_1_329' title='bbox 1468 745 1557 772; x_wconf 84' lang='lat' dir='ltr'><strong>relicta</strong></span> <span class='ocrx_word' id='word_1_330' title='bbox 1569 751 1618 770; x_wconf 83' lang='lat' dir='ltr'><strong>ova</strong></span> <span class='ocrx_word' id='word_1_331' title='bbox 1635 742 1736 773; x_wconf 81' lang='lat' dir='ltr'><strong>tollam,</strong></span> <span class='ocrx_word' id='word_1_332' title='bbox 1756 750 1805 767; x_wconf 77' lang='lat' dir='ltr'><strong>net:</strong></span> 
     </span>
    </p>
   </div>
   <div class='ocr_carea' id='block_1_45' title="bbox 1018 787 1803 826">
    <p class='ocr_par' dir='ltr' id='par_1_45' title="bbox 1018 787 1803 826">
     <span class='ocr_line' id='line_1_45' title="bbox 1018 787 1803 826; baseline -0.01 -7"><span class='ocrx_word' id='word_1_333' title='bbox 1018 792 1109 826; x_wconf 91' lang='lat' dir='ltr'><strong>estqui</strong></span> <span class='ocrx_word' id='word_1_334' title='bbox 1117 791 1225 825; x_wconf 70' lang='lat' dir='ltr'><strong>eilugiet</strong></span> <span class='ocrx_word' id='word_1_335' title='bbox 1234 799 1287 823; x_wconf 91' lang='lat' dir='ltr'><strong>me,</strong></span> <span class='ocrx_word' id='word_1_336' title='bbox 1298 791 1336 818; x_wconf 86' lang='lat' dir='ltr'><strong>vel</strong></span> <span class='ocrx_word' id='word_1_337' title='bbox 1347 790 1393 825; x_wconf 86' lang='lat' dir='ltr'><strong>qui</strong></span> <span class='ocrx_word' id='word_1_338' title='bbox 1404 790 1512 817; x_wconf 82' lang='lat' dir='ltr'><strong>resistat</strong></span> <span class='ocrx_word' id='word_1_339' title='bbox 1525 788 1588 815; x_wconf 91' lang='lat' dir='ltr'><strong>mihi</strong></span> <span class='ocrx_word' id='word_1_340' title='bbox 1601 797 1607 815; x_wconf 89' lang='lat'><strong>:</strong></span> <span class='ocrx_word' id='word_1_341' title='bbox 1622 787 1722 814; x_wconf 79' lang='lat' dir='ltr'><strong>frustra</strong></span> <span class='ocrx_word' id='word_1_342' title='bbox 1734 787 1803 820; x_wconf 85' lang='lat' dir='ltr'><strong>apud</strong></span> 
     </span>
    </p>
   </div>
   <div class='ocr_carea' id='block_1_46' title="bbox 1018 834 1804 871">
    <p class='ocr_par' dir='ltr' id='par_1_46' title="bbox 1018 834 1804 871">
     <span class='ocr_line' id='line_1_46' title="bbox 1018 834 1804 871; baseline -0.006 -7"><span class='ocrx_word' id='word_1_343' title='bbox 1018 845 1048 865; x_wconf 86' lang='lat' dir='ltr'><strong>se</strong></span> <span class='ocrx_word' id='word_1_344' title='bbox 1059 837 1150 864; x_wconf 84' lang='lat' dir='ltr'><strong>animo</strong></span> <span class='ocrx_word' id='word_1_345' title='bbox 1161 838 1242 864; x_wconf 87' lang='lat' dir='ltr'><strong>altum</strong></span> <span class='ocrx_word' id='word_1_346' title='bbox 1249 837 1356 871; x_wconf 79' lang='lat' dir='ltr'><strong>sapiens</strong></span> <span class='ocrx_word' id='word_1_347' title='bbox 1367 836 1588 871; x_wconf 77' lang='lat' dir='ltr'><strong>redarguebatur,</strong></span> <span class='ocrx_word' id='word_1_348' title='bbox 1597 839 1623 862; x_wconf 88' lang='lat' dir='ltr'><strong>et</strong></span> <span class='ocrx_word' id='word_1_349' title='bbox 1634 835 1674 860; x_wconf 82' lang='lat' dir='ltr'><strong>vix</strong></span> <span class='ocrx_word' id='word_1_350' title='bbox 1687 834 1804 867; x_wconf 84' lang='lat' dir='ltr'><strong>elapsus,</strong></span> 
     </span>
    </p>
   </div>
   <div class='ocr_carea' id='block_1_47' title="bbox 1021 879 1806 918">
    <p class='ocr_par' dir='ltr' id='par_1_47' title="bbox 1021 879 1806 918">
     <span class='ocr_line' id='line_1_47' title="bbox 1021 879 1806 918; baseline -0.008 -9"><span class='ocrx_word' id='word_1_351' title='bbox 1021 883 1147 918; x_wconf 77' lang='lat' dir='ltr'><strong>fugitivus</strong></span> <span class='ocrx_word' id='word_1_352' title='bbox 1157 884 1275 915; x_wconf 87' lang='lat' dir='ltr'><strong>domum,</strong></span> <span class='ocrx_word' id='word_1_353' title='bbox 1294 882 1384 910; x_wconf 69' lang='lat' dir='ltr'><strong>Judaza</strong></span> <span class='ocrx_word' id='word_1_354' title='bbox 1413 882 1515 914; x_wconf 82' lang='lat' dir='ltr'><strong>relicta,</strong></span> <span class='ocrx_word' id='word_1_355' title='bbox 1531 888 1561 909; x_wconf 85' lang='lat' dir='ltr'><strong>se</strong></span> <span class='ocrx_word' id='word_1_356' title='bbox 1584 880 1695 914; x_wconf 86' lang='lat' dir='ltr'><strong>recepit.</strong></span> <span class='ocrx_word' id='word_1_357' title='bbox 1713 879 1806 912; x_wconf 82' lang='lat' dir='ltr'><strong>Itaque</strong></span> 
     </span>
    </p>
   </div>
   <div class='ocr_carea' id='block_1_48' title="bbox 1021 926 1805 959">
    <p class='ocr_par' dir='ltr' id='par_1_48' title="bbox 1021 926 1805 959">
     <span class='ocr_line' id='line_1_48' title="bbox 1021 926 1805 959; baseline -0.006 -4"><span class='ocrx_word' id='word_1_358' title='bbox 1021 930 1088 956; x_wconf 83' lang='lat' dir='ltr'><strong>dixit</strong></span> <span class='ocrx_word' id='word_1_359' title='bbox 1106 929 1186 955; x_wconf 79' lang='lat' dir='ltr'><strong>etiam</strong></span> <span class='ocrx_word' id='word_1_360' title='bbox 1204 928 1388 955; x_wconf 83' lang='lat' dir='ltr'><strong>universitatis</strong></span> <span class='ocrx_word' id='word_1_361' title='bbox 1412 927 1498 954; x_wconf 83' lang='lat' dir='ltr'><strong>Deus:</strong></span> <span class='ocrx_word' id='word_1_362' title='bbox 1516 926 1555 953; x_wconf 87' lang='lat' dir='ltr'><strong>Ne</strong></span> <span class='ocrx_word' id='word_1_363' title='bbox 1579 931 1678 957; x_wconf 89' lang='lat' dir='ltr'><strong>metue,</strong></span> <span class='ocrx_word' id='word_1_364' title='bbox 1711 926 1805 959; x_wconf 82' lang='lat' dir='ltr'><strong>popule</strong></span> 
     </span>
    </p>
   </div>
   <div class='ocr_carea' id='block_1_49' title="bbox 1021 971 1804 1008">
    <p class='ocr_par' dir='ltr' id='par_1_49' title="bbox 1021 971 1804 1008">
     <span class='ocr_line' id='line_1_49' title="bbox 1021 971 1804 1008; baseline -0.006 -7"><span class='ocrx_word' id='word_1_365' title='bbox 1021 975 1067 1006; x_wconf 90' lang='lat' dir='ltr'><strong>mi,</strong></span> <span class='ocrx_word' id='word_1_366' title='bbox 1081 975 1125 1008; x_wconf 92' lang='lat' dir='ltr'><strong>qui</strong></span> <span class='ocrx_word' id='word_1_367' title='bbox 1136 975 1241 1001; x_wconf 87' lang='lat' dir='ltr'><strong>habitas</strong></span> <span class='ocrx_word' id='word_1_368' title='bbox 1256 974 1281 1000; x_wconf 91' lang='lat' dir='ltr'><strong>in</strong></span> <span class='ocrx_word' id='word_1_369' title='bbox 1300 973 1376 1004; x_wconf 87' lang='lat' dir='ltr'><strong>Sion,</strong></span> <span class='ocrx_word' id='word_1_370' title='bbox 1387 973 1522 1007; x_wconf 77' lang='lat' dir='ltr'><strong>Assyrios.</strong></span> <span class='ocrx_word' id='word_1_371' title='bbox 1534 972 1660 1006; x_wconf 83' lang='lat' dir='ltr'><strong>Depictus</strong></span> <span class='ocrx_word' id='word_1_372' title='bbox 1674 971 1804 998; x_wconf 84' lang='lat' dir='ltr'><strong>estetiam</strong></span> 
     </span>
    </p>
   </div>
   <div class='ocr_carea' id='block_1_50' title="bbox 1021 1017 1806 1054">
    <p class='ocr_par' dir='ltr' id='par_1_50' title="bbox 1021 1017 1806 1054">
     <span class='ocr_line' id='line_1_50' title="bbox 1021 1017 1806 1054; baseline -0.008 -7"><span class='ocrx_word' id='word_1_373' title='bbox 1021 1021 1115 1048; x_wconf 89' lang='lat' dir='ltr'><strong>modus</strong></span> <span class='ocrx_word' id='word_1_374' title='bbox 1130 1019 1208 1054; x_wconf 72' lang='lat' dir='ltr'><strong>lugm,</strong></span> <span class='ocrx_word' id='word_1_375' title='bbox 1221 1027 1281 1047; x_wconf 91' lang='lat' dir='ltr'><strong>cum</strong></span> <span class='ocrx_word' id='word_1_376' title='bbox 1300 1019 1343 1046; x_wconf 88' lang='lat' dir='ltr'><strong>ille</strong></span> <span class='ocrx_word' id='word_1_377' title='bbox 1358 1018 1438 1045; x_wconf 87' lang='lat' dir='ltr'><strong>urbes</strong></span> <span class='ocrx_word' id='word_1_378' title='bbox 1452 1023 1478 1045; x_wconf 81' lang='lat' dir='ltr'><strong>et</strong></span> <span class='ocrx_word' id='word_1_379' title='bbox 1495 1018 1567 1044; x_wconf 87' lang='lat' dir='ltr'><strong>vicos</strong></span> <span class='ocrx_word' id='word_1_380' title='bbox 1582 1018 1607 1043; x_wconf 93' lang='lat' dir='ltr'><strong>iu</strong></span> <span class='ocrx_word' id='word_1_381' title='bbox 1618 1017 1732 1043; x_wconf 86' lang='lat' dir='ltr'><strong>transitu</strong></span> <span class='ocrx_word' id='word_1_382' title='bbox 1747 1020 1806 1041; x_wconf 87' lang='lat' dir='ltr'><strong>tan-</strong></span> 
     </span>
    </p>
   </div>
   <div class='ocr_carea' id='block_1_51' title="bbox 1022 1061 1806 1093">
    <p class='ocr_par' dir='ltr' id='par_1_51' title="bbox 1022 1061 1806 1093">
     <span class='ocr_line' id='line_1_51' title="bbox 1022 1061 1806 1093; baseline -0.006 1"><span class='ocrx_word' id='word_1_383' title='bbox 1022 1071 1077 1093; x_wconf 90' lang='lat' dir='ltr'><strong>tum</strong></span> <span class='ocrx_word' id='word_1_384' title='bbox 1093 1074 1146 1093; x_wconf 89' lang='lat' dir='ltr'><strong>non</strong></span> <span class='ocrx_word' id='word_1_385' title='bbox 1161 1070 1328 1093; x_wconf 88' lang='lat' dir='ltr'><strong>concuteret.</strong></span> <span class='ocrx_word' id='word_1_386' title='bbox 1368 1065 1401 1091; x_wconf 89' lang='lat' dir='ltr'><strong>Et</strong></span> <span class='ocrx_word' id='word_1_387' title='bbox 1427 1071 1538 1091; x_wconf 87' lang='lat' dir='ltr'><strong>rursus:</strong></span> <span class='ocrx_word' id='word_1_388' title='bbox 1571 1062 1598 1090; x_wconf 91' lang='lat' dir='ltr'><strong>lu</strong></span> <span class='ocrx_word' id='word_1_389' title='bbox 1627 1062 1723 1089; x_wconf 74' lang='lat' dir='ltr'><strong>timore</strong></span> <span class='ocrx_word' id='word_1_390' title='bbox 1753 1061 1806 1089; x_wconf 77' lang='lat' dir='ltr'><strong>erit</strong></span> 
     </span>
    </p>
   </div>
   <div class='ocr_carea' id='block_1_52' title="bbox 1022 1106 1806 1142">
    <p class='ocr_par' dir='ltr' id='par_1_52' title="bbox 1022 1106 1806 1142">
     <span class='ocr_line' id='line_1_52' title="bbox 1022 1106 1806 1142; baseline -0.009 -3"><span class='ocrx_word' id='word_1_391' title='bbox 1022 1112 1124 1139; x_wconf 80' lang='lat' dir='ltr'><strong>Rhama</strong></span> <span class='ocrx_word' id='word_1_392' title='bbox 1142 1111 1236 1139; x_wconf 82' lang='lat' dir='ltr'><strong>civitas</strong></span> <span class='ocrx_word' id='word_1_393' title='bbox 1260 1110 1333 1137; x_wconf 89' lang='lat' dir='ltr'><strong>Saul.</strong></span> <span class='ocrx_word' id='word_1_394' title='bbox 1356 1110 1418 1137; x_wconf 68' lang='lat' dir='ltr'><strong>llaec</strong></span> <span class='ocrx_word' id='word_1_395' title='bbox 1439 1109 1654 1142; x_wconf 73' lang='lat' dir='ltr'><strong>interpretantes,</strong></span> <span class='ocrx_word' id='word_1_396' title='bbox 1673 1106 1806 1134; x_wconf 80' lang='lat' dir='ltr'><strong>narratio-</strong></span> 
     </span>
    </p>
   </div>
   <div class='ocr_carea' id='block_1_53' title="bbox 1022 1152 1804 1191">
    <p class='ocr_par' dir='ltr' id='par_1_53' title="bbox 1022 1152 1804 1191">
     <span class='ocr_line' id='line_1_53' title="bbox 1022 1152 1804 1191; baseline -0.01 -7"><span class='ocrx_word' id='word_1_397' title='bbox 1022 1165 1083 1185; x_wconf 90' lang='lat' dir='ltr'><strong>nem</strong></span> <span class='ocrx_word' id='word_1_398' title='bbox 1097 1157 1204 1191; x_wconf 86' lang='lat' dir='ltr'><strong>quidem</strong></span> <span class='ocrx_word' id='word_1_399' title='bbox 1219 1157 1304 1191; x_wconf 75' lang='lat' dir='ltr'><strong>magis</strong></span> <span class='ocrx_word' id='word_1_400' title='bbox 1320 1156 1475 1183; x_wconf 69' lang='lat' dir='ltr'><strong>historicum</strong></span> <span class='ocrx_word' id='word_1_401' title='bbox 1497 1154 1670 1184; x_wconf 86' lang='lat' dir='ltr'><strong>instituimus,</strong></span> <span class='ocrx_word' id='word_1_402' title='bbox 1686 1152 1734 1179; x_wconf 77' lang='lat' dir='ltr'><strong>sed</strong></span> <span class='ocrx_word' id='word_1_403' title='bbox 1752 1158 1804 1177; x_wconf 84' lang='lat' dir='ltr'><strong>non</strong></span> 
     </span>
    </p>
   </div>
   <div class='ocr_carea' id='block_1_54' title="bbox 1021 1199 1804 1235">
    <p class='ocr_par' dir='ltr' id='par_1_54' title="bbox 1021 1199 1804 1235">
     <span class='ocr_line' id='line_1_54' title="bbox 1021 1199 1804 1235; baseline -0.01 -6"><span class='ocrx_word' id='word_1_404' title='bbox 1021 1210 1036 1229; x_wconf 87' lang='lat' dir='ltr'><strong>a</strong></span> <span class='ocrx_word' id='word_1_405' title='bbox 1060 1202 1174 1229; x_wconf 80' lang='lat' dir='ltr'><strong>veritate</strong></span> <span class='ocrx_word' id='word_1_406' title='bbox 1199 1201 1325 1228; x_wconf 87' lang='lat' dir='ltr'><strong>alienam.</strong></span> <span class='ocrx_word' id='word_1_407' title='bbox 1356 1201 1461 1228; x_wconf 87' lang='lat' dir='ltr'><strong>Etenim</strong></span> <span class='ocrx_word' id='word_1_408' title='bbox 1493 1199 1688 1235; x_wconf 86' lang='lat' dir='ltr'><strong>propositarum</strong></span> <span class='ocrx_word' id='word_1_409' title='bbox 1716 1204 1804 1223; x_wconf 88' lang='lat' dir='ltr'><strong>rerum</strong></span> 
     </span>
    </p>
   </div>
   <div class='ocr_carea' id='block_1_55' title="bbox 1021 1244 1806 1282">
    <p class='ocr_par' dir='ltr' id='par_1_55' title="bbox 1021 1244 1806 1282">
     <span class='ocr_line' id='line_1_55' title="bbox 1021 1244 1806 1282; baseline -0.009 -7"><span class='ocrx_word' id='word_1_410' title='bbox 1021 1247 1145 1282; x_wconf 79' lang='lat' dir='ltr'><strong>qualitati</strong></span> <span class='ocrx_word' id='word_1_411' title='bbox 1172 1251 1200 1274; x_wconf 89' lang='lat' dir='ltr'><strong>ct</strong></span> <span class='ocrx_word' id='word_1_412' title='bbox 1220 1247 1244 1274; x_wconf 84' lang='lat' dir='ltr'><strong>vi</strong></span> <span class='ocrx_word' id='word_1_413' title='bbox 1261 1246 1511 1281; x_wconf 80' lang='lat' dir='ltr'><strong>interpretationem</strong></span> <span class='ocrx_word' id='word_1_414' title='bbox 1528 1253 1560 1272; x_wconf 86' lang='lat' dir='ltr'><strong>ex</strong></span> <span class='ocrx_word' id='word_1_415' title='bbox 1575 1244 1657 1271; x_wconf 86' lang='lat' dir='ltr'><strong>altera</strong></span> <span class='ocrx_word' id='word_1_416' title='bbox 1672 1247 1747 1277; x_wconf 87' lang='lat' dir='ltr'><strong>parte</strong></span> <span class='ocrx_word' id='word_1_417' title='bbox 1765 1250 1806 1268; x_wconf 85' lang='lat' dir='ltr'><strong>rc—</strong></span> 
     </span>
    </p>
   </div>
   <div class='ocr_carea' id='block_1_56' title="bbox 1021 1288 1803 1329">
    <p class='ocr_par' dir='ltr' id='par_1_56' title="bbox 1021 1288 1803 1329">
     <span class='ocr_line' id='line_1_56' title="bbox 1021 1288 1803 1329; baseline -0.01 -7"><span class='ocrx_word' id='word_1_418' title='bbox 1021 1295 1196 1329; x_wconf 85' lang='lat' dir='ltr'><strong>spondentem</strong></span> <span class='ocrx_word' id='word_1_419' title='bbox 1217 1294 1423 1321; x_wconf 85' lang='lat' dir='ltr'><strong>accommodare</strong></span> <span class='ocrx_word' id='word_1_420' title='bbox 1435 1293 1593 1319; x_wconf 88' lang='lat' dir='ltr'><strong>omninoest</strong></span> <span class='ocrx_word' id='word_1_421' title='bbox 1603 1297 1722 1317; x_wconf 86' lang='lat' dir='ltr'><strong>necesse.</strong></span> <span class='ocrx_word' id='word_1_422' title='bbox 1736 1288 1803 1316; x_wconf 85' lang='lat' dir='ltr'><strong>Cum</strong></span> 
     </span>
    </p>
   </div>
   <div class='ocr_carea' id='block_1_57' title="bbox 1020 1335 1806 1374">
    <p class='ocr_par' dir='ltr' id='par_1_57' title="bbox 1020 1335 1806 1374">
     <span class='ocr_line' id='line_1_57' title="bbox 1020 1335 1806 1374; baseline -0.009 -7"><span class='ocrx_word' id='word_1_423' title='bbox 1020 1348 1085 1367; x_wconf 82' lang='lat' dir='ltr'><strong>vero</strong></span> <span class='ocrx_word' id='word_1_424' title='bbox 1100 1339 1245 1374; x_wconf 71' lang='lat' dir='ltr'><strong>Scriptum</strong></span> <span class='ocrx_word' id='word_1_425' title='bbox 1257 1339 1385 1366; x_wconf 86' lang='lat' dir='ltr'><strong>divinitus</strong></span> <span class='ocrx_word' id='word_1_426' title='bbox 1401 1339 1539 1372; x_wconf 63' lang='lat' dir='ltr'><strong>inspirata!</strong></span> <span class='ocrx_word' id='word_1_427' title='bbox 1557 1336 1689 1363; x_wconf 81' lang='lat' dir='ltr'><strong>familiare</strong></span> <span class='ocrx_word' id='word_1_428' title='bbox 1702 1335 1747 1366; x_wconf 91' lang='lat' dir='ltr'><strong>sit,</strong></span> <span class='ocrx_word' id='word_1_429' title='bbox 1761 1342 1806 1361; x_wconf 79' lang='lat' dir='ltr'><strong>rc-</strong></span> 
     </span>
    </p>
   </div>
   <div class='ocr_carea' id='block_1_58' title="bbox 1021 1382 1806 1419">
    <p class='ocr_par' dir='ltr' id='par_1_58' title="bbox 1021 1382 1806 1419">
     <span class='ocr_line' id='line_1_58' title="bbox 1021 1382 1806 1419; baseline -0.006 -7"><span class='ocrx_word' id='word_1_430' title='bbox 1021 1385 1071 1413; x_wconf 86' lang='lat' dir='ltr'><strong>bus</strong></span> <span class='ocrx_word' id='word_1_431' title='bbox 1087 1393 1177 1412; x_wconf 81' lang='lat' dir='ltr'><strong>crasse</strong></span> <span class='ocrx_word' id='word_1_432' title='bbox 1193 1390 1221 1412; x_wconf 87' lang='lat' dir='ltr'><strong>et</strong></span> <span class='ocrx_word' id='word_1_433' title='bbox 1248 1385 1376 1412; x_wconf 84' lang='lat' dir='ltr'><strong>historice</strong></span> <span class='ocrx_word' id='word_1_434' title='bbox 1392 1385 1476 1419; x_wconf 75' lang='lat' dir='ltr'><strong>gestis</strong></span> <span class='ocrx_word' id='word_1_435' title='bbox 1489 1384 1649 1419; x_wconf 79' lang='lat' dir='ltr'><strong>quandoque</strong></span> <span class='ocrx_word' id='word_1_436' title='bbox 1662 1382 1806 1409; x_wconf 81' lang='lat' dir='ltr'><strong>ostendere</strong></span> 
     </span>
    </p>
   </div>
   <div class='ocr_carea' id='block_1_59' title="bbox 1022 1428 1805 1465">
    <p class='ocr_par' dir='ltr' id='par_1_59' title="bbox 1022 1428 1805 1465">
     <span class='ocr_line' id='line_1_59' title="bbox 1022 1428 1805 1465; baseline -0.008 -8"><span class='ocrx_word' id='word_1_437' title='bbox 1022 1431 1161 1465; x_wconf 85' lang='lat' dir='ltr'><strong>mysteria,</strong></span> <span class='ocrx_word' id='word_1_438' title='bbox 1176 1434 1202 1457; x_wconf 87' lang='lat' dir='ltr'><strong>et</strong></span> <span class='ocrx_word' id='word_1_439' title='bbox 1216 1430 1382 1458; x_wconf 90' lang='lat' dir='ltr'><strong>occultorum</strong></span> <span class='ocrx_word' id='word_1_440' title='bbox 1409 1430 1536 1458; x_wconf 61' lang='lat' dir='ltr'><strong>sinsuutn</strong></span> <span class='ocrx_word' id='word_1_441' title='bbox 1552 1428 1681 1462; x_wconf 74' lang='lat' dir='ltr'><strong>imagines</strong></span> <span class='ocrx_word' id='word_1_442' title='bbox 1710 1428 1805 1452; x_wconf 73' lang='lat' dir='ltr'><strong>adum-</strong></span> 
     </span>
    </p>
   </div>
   <div class='ocr_carea' id='block_1_60' title="bbox 1020 1472 1807 1508">
    <p class='ocr_par' dir='ltr' id='par_1_60' title="bbox 1020 1472 1807 1508">
     <span class='ocr_line' id='line_1_60' title="bbox 1020 1472 1807 1508; baseline -0.009 -4"><span class='ocrx_word' id='word_1_443' title='bbox 1020 1477 1100 1504; x_wconf 88' lang='lat' dir='ltr'><strong>brare</strong></span> <span class='ocrx_word' id='word_1_444' title='bbox 1119 1486 1127 1504; x_wconf 76' lang='grc' dir='ltr'><strong>ε</strong></span> <span class='ocrx_word' id='word_1_445' title='bbox 1141 1476 1256 1503; x_wconf 83' lang='lat' dir='ltr'><strong>dicimus</strong></span> <span class='ocrx_word' id='word_1_446' title='bbox 1270 1477 1436 1503; x_wconf 87' lang='lat' dir='ltr'><strong>inventorem</strong></span> <span class='ocrx_word' id='word_1_447' title='bbox 1452 1475 1554 1508; x_wconf 84' lang='lat' dir='ltr'><strong>peccati</strong></span> <span class='ocrx_word' id='word_1_448' title='bbox 1570 1474 1595 1500; x_wconf 90' lang='lat' dir='ltr'><strong>in</strong></span> <span class='ocrx_word' id='word_1_449' title='bbox 1610 1480 1657 1500; x_wconf 90' lang='lat' dir='ltr'><strong>uos</strong></span> <span class='ocrx_word' id='word_1_450' title='bbox 1669 1472 1807 1499; x_wconf 70' lang='lat' dir='ltr'><strong>exercuis-</strong></span> 
     </span>
    </p>
   </div>
   <div class='ocr_carea' id='block_1_61' title="bbox 1021 1517 1802 1558">
    <p class='ocr_par' dir='ltr' id='par_1_61' title="bbox 1021 1517 1802 1558">
     <span class='ocr_line' id='line_1_61' title="bbox 1021 1517 1802 1558; baseline -0.012 -8"><span class='ocrx_word' id='word_1_451' title='bbox 1021 1531 1050 1551; x_wconf 88' lang='lat' dir='ltr'><strong>se</strong></span> <span class='ocrx_word' id='word_1_452' title='bbox 1065 1523 1245 1558; x_wconf 80' lang='lat' dir='ltr'><strong>tyrannidem,</strong></span> <span class='ocrx_word' id='word_1_453' title='bbox 1268 1526 1295 1548; x_wconf 92' lang='lat' dir='ltr'><strong>et</strong></span> <span class='ocrx_word' id='word_1_454' title='bbox 1317 1521 1415 1555; x_wconf 90' lang='lat' dir='ltr'><strong>populo</strong></span> <span class='ocrx_word' id='word_1_455' title='bbox 1449 1519 1602 1547; x_wconf 80' lang='lat' dir='ltr'><strong>Servatoris</strong></span> <span class='ocrx_word' id='word_1_456' title='bbox 1624 1517 1802 1546; x_wconf 68' lang='lat' dir='ltr'><strong>sanctificata.</strong></span> 
     </span>
    </p>
   </div>
   <div class='ocr_carea' id='block_1_62' title="bbox 182 1563 968 1609">
    <p class='ocr_par' dir='ltr' id='par_1_62' title="bbox 182 1565 966 1606">
     <span class='ocr_line' id='line_1_62' title="bbox 182 1565 966 1606; baseline 0.01 -17"><span class='ocrx_word' id='word_1_457' title='bbox 182 1573 237 1590; x_wconf 85' lang='grc' dir='ltr'><strong>νων</strong></span> <span class='ocrx_word' id='word_1_458' title='bbox 250 1565 415 1601; x_wconf 77' lang='grc' dir='ltr'>καταδηλοῦν</span> <span class='ocrx_word' id='word_1_459' title='bbox 431 1566 485 1592; x_wconf 76' lang='grc' dir='ltr'>ἐσθ’</span> <span class='ocrx_word' id='word_1_460' title='bbox 504 1568 547 1594; x_wconf 78' lang='grc' dir='ltr'>ὅτε</span> <span class='ocrx_word' id='word_1_461' title='bbox 566 1569 599 1594; x_wconf 73' lang='grc' dir='ltr'><strong>τὰ</strong></span> <span class='ocrx_word' id='word_1_462' title='bbox 617 1570 764 1604; x_wconf 75' lang='grc' dir='ltr'>μυστήρια,</span> <span class='ocrx_word' id='word_1_463' title='bbox 782 1570 828 1596; x_wconf 82' lang='grc' dir='ltr'>καὶ</span> <span class='ocrx_word' id='word_1_464' title='bbox 845 1579 966 1606; x_wconf 85' lang='grc' dir='ltr'>κεκρυμ-</span> 
     </span>
    </p>
   </div>
   <div class='ocr_carea' id='block_1_63' title="bbox 1020 1563 1806 1609">
    <p class='ocr_par' dir='ltr' id='par_1_63' title="bbox 1023 1563 1806 1603">
     <span class='ocr_line' id='line_1_63' title="bbox 1023 1563 1806 1603; baseline -0.013 -6"><span class='ocrx_word' id='word_1_465' title='bbox 1023 1570 1146 1597; x_wconf 86' lang='lat' dir='ltr'><strong>videlicet</strong></span> <span class='ocrx_word' id='word_1_466' title='bbox 1158 1576 1204 1603; x_wconf 91' lang='lat' dir='ltr'><strong>per</strong></span> <span class='ocrx_word' id='word_1_467' title='bbox 1217 1568 1359 1602; x_wconf 88' lang='lat' dir='ltr'><strong>Spiritum,</strong></span> <span class='ocrx_word' id='word_1_468' title='bbox 1381 1571 1407 1593; x_wconf 91' lang='lat' dir='ltr'><strong>et</strong></span> <span class='ocrx_word' id='word_1_469' title='bbox 1422 1573 1469 1600; x_wconf 88' lang='lat' dir='ltr'><strong>per</strong></span> <span class='ocrx_word' id='word_1_470' title='bbox 1486 1565 1564 1592; x_wconf 75' lang='lat' dir='ltr'><strong>ﬁdem</strong></span> <span class='ocrx_word' id='word_1_471' title='bbox 1578 1569 1701 1597; x_wconf 78' lang='lat' dir='ltr'><strong>purgato,</strong></span> <span class='ocrx_word' id='word_1_472' title='bbox 1719 1563 1806 1597; x_wconf 78' lang='lat' dir='ltr'><strong>gravi-</strong></span> 
     </span>
    </p>
   </div>
   <div class='ocr_carea' id='block_1_64' title="bbox 180 1609 970 1651">
    <p class='ocr_par' dir='ltr' id='par_1_64' title="bbox 180 1609 970 1651">
     <span class='ocr_line' id='line_1_64' title="bbox 180 1609 970 1651; baseline 0.013 -17"><span class='ocrx_word' id='word_1_473' title='bbox 180 1609 271 1643; x_wconf 78' lang='grc' dir='ltr'>μένων</span> <span class='ocrx_word' id='word_1_474' title='bbox 283 1611 391 1638; x_wconf 79' lang='grc' dir='ltr'>ἐννοιῶν</span> <span class='ocrx_word' id='word_1_475' title='bbox 404 1612 584 1642; x_wconf 68' lang='grc' dir='ltr'>ἀναπλάττειν</span> <span class='ocrx_word' id='word_1_476' title='bbox 599 1615 717 1646; x_wconf 82' lang='grc' dir='ltr'>εἰκόνας,</span> <span class='ocrx_word' id='word_1_477' title='bbox 732 1616 822 1651; x_wconf 76' lang='grc' dir='ltr'>φαμὲν</span> <span class='ocrx_word' id='word_1_478' title='bbox 841 1617 880 1643; x_wconf 82' lang='grc' dir='ltr'>ὃτι</span> <span class='ocrx_word' id='word_1_479' title='bbox 895 1626 970 1644; x_wconf 88' lang='grc' dir='ltr'>τετυ-</span> 
     </span>
    </p>
   </div>
   <div class='ocr_carea' id='block_1_65' title="bbox 180 1655 969 1697">
    <p class='ocr_par' dir='ltr' id='par_1_65' title="bbox 180 1655 969 1697">
     <span class='ocr_line' id='line_1_65' title="bbox 180 1655 969 1697; baseline 0.008 -14"><span class='ocrx_word' id='word_1_480' title='bbox 180 1655 297 1690; x_wconf 70' lang='grc' dir='ltr'>ράννηκε</span> <span class='ocrx_word' id='word_1_481' title='bbox 315 1657 364 1691; x_wconf 79' lang='grc' dir='ltr'>μὲν</span> <span class='ocrx_word' id='word_1_482' title='bbox 378 1658 439 1684; x_wconf 77' lang='grc' dir='ltr'>καθ’</span> <span class='ocrx_word' id='word_1_483' title='bbox 457 1659 534 1693; x_wconf 85' lang='grc' dir='ltr'>ήμῶν</span> <span class='ocrx_word' id='word_1_484' title='bbox 548 1661 562 1686; x_wconf 83' lang='grc' dir='ltr'><em>ὸ</em></span> <span class='ocrx_word' id='word_1_485' title='bbox 573 1660 622 1694; x_wconf 84' lang='grc' dir='ltr'>τῆς</span> <span class='ocrx_word' id='word_1_486' title='bbox 637 1661 773 1695; x_wconf 81' lang='grc' dir='ltr'>ἁμαρτίας</span> <span class='ocrx_word' id='word_1_487' title='bbox 786 1661 909 1697; x_wconf 80' lang='grc' dir='ltr'>εὑρετὴς,</span> <span class='ocrx_word' id='word_1_488' title='bbox 924 1663 969 1689; x_wconf 82' lang='grc' dir='ltr'>καὶ</span> 
     </span>
    </p>
   </div>
   <div class='ocr_carea' id='block_1_66' title="bbox 179 1700 970 1742">
    <p class='ocr_par' dir='ltr' id='par_1_66' title="bbox 179 1700 970 1742">
     <span class='ocr_line' id='line_1_66' title="bbox 179 1700 970 1742; baseline 0.01 -17"><span class='ocrx_word' id='word_1_489' title='bbox 179 1701 234 1731; x_wconf 76' lang='grc' dir='ltr'>τοῖς</span> <span class='ocrx_word' id='word_1_490' title='bbox 248 1700 294 1727; x_wconf 82' lang='grc' dir='ltr'>τοῦ</span> <span class='ocrx_word' id='word_1_491' title='bbox 317 1702 442 1738; x_wconf 82' lang='grc' dir='ltr'>Σωτῆρος</span> <span class='ocrx_word' id='word_1_492' title='bbox 463 1703 536 1735; x_wconf 79' lang='grc' dir='ltr'>λαοῖς</span> <span class='ocrx_word' id='word_1_493' title='bbox 561 1706 618 1736; x_wconf 80' lang='grc' dir='ltr'>τοῖς</span> <span class='ocrx_word' id='word_1_494' title='bbox 640 1707 826 1740; x_wconf 75' lang='grc' dir='ltr'>ἡγιασμένοις,</span> <span class='ocrx_word' id='word_1_495' title='bbox 848 1707 970 1742; x_wconf 72' lang='grc' dir='ltr'>δηλονότι</span> 
     </span>
    </p>
   </div>
   <div class='ocr_carea' id='block_1_67' title="bbox 178 1746 969 1787">
    <p class='ocr_par' dir='ltr' id='par_1_67' title="bbox 178 1746 969 1787">
     <span class='ocr_line' id='line_1_67' title="bbox 178 1746 969 1787; baseline 0.01 -15"><span class='ocrx_word' id='word_1_496' title='bbox 178 1746 222 1772; x_wconf 75' lang='grc' dir='ltr'><strong>διὰ</strong></span> <span class='ocrx_word' id='word_1_497' title='bbox 239 1748 407 1782; x_wconf 81' lang='grc' dir='ltr'>Πνεύματος,</span> <span class='ocrx_word' id='word_1_498' title='bbox 427 1750 472 1775; x_wconf 76' lang='grc' dir='ltr'>καὶ</span> <span class='ocrx_word' id='word_1_499' title='bbox 487 1750 703 1785; x_wconf 78' lang='grc' dir='ltr'>κεκαθαρμένοις</span> <span class='ocrx_word' id='word_1_500' title='bbox 718 1752 761 1778; x_wconf 77' lang='grc' dir='ltr'><strong>διὰ</strong></span> <span class='ocrx_word' id='word_1_501' title='bbox 778 1753 826 1787; x_wconf 77' lang='grc' dir='ltr'>τῆς</span> <span class='ocrx_word' id='word_1_502' title='bbox 841 1754 969 1787; x_wconf 78' lang='grc' dir='ltr'>πίστεως,</span> 
     </span>
    </p>
   </div>
   <div class='ocr_carea' id='block_1_68' title="bbox 178 1792 969 1834">
    <p class='ocr_par' dir='ltr' id='par_1_68' title="bbox 178 1792 969 1834">
     <span class='ocr_line' id='line_1_68' title="bbox 178 1792 969 1834; baseline 0.011 -17"><span class='ocrx_word' id='word_1_503' title='bbox 178 1792 272 1823; x_wconf 79' lang='grc' dir='ltr'>δεινῶς</span> <span class='ocrx_word' id='word_1_504' title='bbox 287 1794 408 1829; x_wconf 80' lang='grc' dir='ltr'>ἑπεπήδα</span> <span class='ocrx_word' id='word_1_505' title='bbox 421 1795 467 1821; x_wconf 78' lang='grc' dir='ltr'><strong>καὶ</strong></span> <span class='ocrx_word' id='word_1_506' title='bbox 484 1796 600 1830; x_wconf 65' lang='grc' dir='ltr'>πικρῶς,</span> <span class='ocrx_word' id='word_1_507' title='bbox 616 1798 662 1823; x_wconf 74' lang='grc' dir='ltr'><strong>καὶ</strong></span> <span class='ocrx_word' id='word_1_508' title='bbox 679 1797 727 1832; x_wconf 83' lang='grc' dir='ltr'>τῆς</span> <span class='ocrx_word' id='word_1_509' title='bbox 744 1797 906 1834; x_wconf 81' lang='grc' dir='ltr'>Ἐκκλησίας</span> <span class='ocrx_word' id='word_1_510' title='bbox 922 1800 969 1826; x_wconf 85' lang='grc' dir='ltr'>τοῦ</span> 
     </span>
    </p>
   </div>
   <div class='ocr_carea' id='block_1_69' title="bbox 179 1838 971 1879">
    <p class='ocr_par' dir='ltr' id='par_1_69' title="bbox 179 1838 971 1879">
     <span class='ocr_line' id='line_1_69' title="bbox 179 1838 971 1879; baseline 0.011 -16"><span class='ocrx_word' id='word_1_511' title='bbox 179 1838 246 1864; x_wconf 76' lang='grc' dir='ltr'><strong>ε)εοῦ</strong></span> <span class='ocrx_word' id='word_1_512' title='bbox 260 1841 500 1875; x_wconf 76' lang='grc' dir='ltr'>κατεστρατεύετο,</span> <span class='ocrx_word' id='word_1_513' title='bbox 514 1843 568 1869; x_wconf 67' lang='grc' dir='ltr'><strong>τῶν</strong></span> <span class='ocrx_word' id='word_1_514' title='bbox 583 1843 635 1869; x_wconf 72' lang='grc' dir='ltr'><strong>ὑπὸ</strong></span> <span class='ocrx_word' id='word_1_515' title='bbox 647 1845 725 1879; x_wconf 86' lang='grc' dir='ltr'>χεῖρα</span> <span class='ocrx_word' id='word_1_516' title='bbox 738 1845 902 1878; x_wconf 81' lang='grc' dir='ltr'>πνευμάτων</span> <span class='ocrx_word' id='word_1_517' title='bbox 915 1846 971 1872; x_wconf 83' lang='grc' dir='ltr'>ὲπι-</span> 
     </span>
    </p>
   </div>
   <div class='ocr_carea' id='block_1_70' title="bbox 181 1883 970 1924">
    <p class='ocr_par' dir='ltr' id='par_1_70' title="bbox 181 1883 970 1924">
     <span class='ocr_line' id='line_1_70' title="bbox 181 1883 970 1924; baseline 0.01 -16"><span class='ocrx_word' id='word_1_518' title='bbox 181 1883 260 1909; x_wconf 81' lang='grc' dir='ltr'>σείων</span> <span class='ocrx_word' id='word_1_519' title='bbox 272 1885 339 1919; x_wconf 76' lang='grc' dir='ltr'>αὐτῇ</span> <span class='ocrx_word' id='word_1_520' title='bbox 354 1885 402 1920; x_wconf 86' lang='grc' dir='ltr'>τὴν</span> <span class='ocrx_word' id='word_1_521' title='bbox 418 1887 601 1922; x_wconf 83' lang='grc' dir='ltr'>ἀνοσιωτάτην</span> <span class='ocrx_word' id='word_1_522' title='bbox 616 1887 756 1922; x_wconf 79' lang='grc' dir='ltr'>φάλαγγα⁸</span> <span class='ocrx_word' id='word_1_523' title='bbox 772 1889 819 1915; x_wconf 58' lang='grc' dir='ltr'><strong>καὶ¹</strong></span> <span class='ocrx_word' id='word_1_524' title='bbox 834 1889 904 1924; x_wconf 80' lang='grc' dir='ltr'>τάχα</span> <span class='ocrx_word' id='word_1_525' title='bbox 919 1899 970 1916; x_wconf 77' lang='grc' dir='ltr'><strong>που</strong></span> 
     </span>
    </p>
   </div>
   <div class='ocr_carea' id='block_1_71' title="bbox 180 1930 971 1970">
    <p class='ocr_par' dir='ltr' id='par_1_71' title="bbox 180 1930 971 1970">
     <span class='ocr_line' id='line_1_71' title="bbox 180 1930 971 1970; baseline 0.01 -16"><span class='ocrx_word' id='word_1_526' title='bbox 180 1930 227 1954; x_wconf 75' lang='grc' dir='ltr'>καὶ</span> <span class='ocrx_word' id='word_1_527' title='bbox 240 1930 419 1965; x_wconf 66' lang='grc' dir='ltr'>ἀναστρέψειν</span> <span class='ocrx_word' id='word_1_528' title='bbox 433 1932 516 1967; x_wconf 76' lang='grc' dir='ltr'>αὐτὴν</span> <span class='ocrx_word' id='word_1_529' title='bbox 530 1932 606 1968; x_wconf 86' lang='grc' dir='ltr'>ᾠήθη</span> <span class='ocrx_word' id='word_1_530' title='bbox 620 1933 757 1966; x_wconf 78' lang='grc' dir='ltr'>δύνασθαι,</span> <span class='ocrx_word' id='word_1_531' title='bbox 772 1935 819 1961; x_wconf 82' lang='grc' dir='ltr'>καὶ</span> <span class='ocrx_word' id='word_1_532' title='bbox 834 1935 893 1961; x_wconf 86' lang='grc' dir='ltr'>λίαν</span> <span class='ocrx_word' id='word_1_533' title='bbox 907 1936 971 1970; x_wconf 85' lang='grc' dir='ltr'><strong>ἁμο-</strong></span> 
     </span>
    </p>
   </div>
   <div class='ocr_carea' id='block_1_72' title="bbox 179 1974 963 2013">
    <p class='ocr_par' dir='ltr' id='par_1_72' title="bbox 179 1974 963 2013">
     <span class='ocr_line' id='line_1_72' title="bbox 179 1974 963 2013; baseline 0.009 -14"><span class='ocrx_word' id='word_1_534' title='bbox 179 1974 252 2008; x_wconf 69' lang='grc' dir='ltr'>γητῖ,</span> <span class='ocrx_word' id='word_1_535' title='bbox 265 1974 312 2009; x_wconf 79' lang='grc' dir='ltr'>τὴν</span> <span class='ocrx_word' id='word_1_536' title='bbox 333 1976 435 2010; x_wconf 82' lang='grc' dir='ltr'>σεπτὴν</span> <span class='ocrx_word' id='word_1_537' title='bbox 449 1977 556 2011; x_wconf 82' lang='grc' dir='ltr'>ἀληθῶς</span> <span class='ocrx_word' id='word_1_538' title='bbox 575 1978 620 2003; x_wconf 79' lang='grc' dir='ltr'>καὶ</span> <span class='ocrx_word' id='word_1_539' title='bbox 639 1979 717 2012; x_wconf 85' lang='grc' dir='ltr'>ἁγίαν</span> <span class='ocrx_word' id='word_1_540' title='bbox 732 1979 809 2005; x_wconf 80' lang='grc' dir='ltr'>πόλιν</span> <span class='ocrx_word' id='word_1_541' title='bbox 823 1979 869 2005; x_wconf 83' lang='grc' dir='ltr'>τοῦ</span> <span class='ocrx_word' id='word_1_542' title='bbox 885 1980 963 2013; x_wconf 79' lang='grc' dir='ltr'>Θεοῦ,</span> 
     </span>
    </p>
   </div>
   <div class='ocr_carea' id='block_1_73' title="bbox 178 2018 970 2061">
    <p class='ocr_par' dir='ltr' id='par_1_73' title="bbox 178 2018 970 2061">
     <span class='ocr_line' id='line_1_73' title="bbox 178 2018 970 2061; baseline 0.01 -17"><span class='ocrx_word' id='word_1_543' title='bbox 178 2018 228 2053; x_wconf 83' lang='grc' dir='ltr'><strong>τὴν</strong></span> <span class='ocrx_word' id='word_1_544' title='bbox 243 2020 339 2055; x_wconf 83' lang='grc' dir='ltr'>νοητὴν</span> <span class='ocrx_word' id='word_1_545' title='bbox 356 2021 542 2057; x_wconf 81' lang='grc' dir='ltr'>Ἰερουσαλὴμ,</span> <span class='ocrx_word' id='word_1_546' title='bbox 563 2023 620 2049; x_wconf 83' lang='grc' dir='ltr'>ἀλλ’</span> <span class='ocrx_word' id='word_1_547' title='bbox 635 2023 691 2058; x_wconf 79' lang='grc' dir='ltr'>ἥλω</span> <span class='ocrx_word' id='word_1_548' title='bbox 712 2025 893 2061; x_wconf 79' lang='grc' dir='ltr'>πεφρονηκὼς</span> <span class='ocrx_word' id='word_1_549' title='bbox 916 2026 970 2052; x_wconf 82' lang='grc' dir='ltr'><strong>τῶν</strong></span> 
     </span>
    </p>
   </div>
   <div class='ocr_carea' id='block_1_74' title="bbox 178 2065 970 2105">
    <p class='ocr_par' dir='ltr' id='par_1_74' title="bbox 178 2065 970 2105">
     <span class='ocr_line' id='line_1_74' title="bbox 178 2065 970 2105; baseline 0.011 -16"><span class='ocrx_word' id='word_1_550' title='bbox 178 2065 361 2099; x_wconf 65' lang='grc' dir='ltr'>ἐνδεχομένων</span> <span class='ocrx_word' id='word_1_551' title='bbox 385 2067 470 2094; x_wconf 71' lang='grc' dir='ltr'>οὐδέν.</span> <span class='ocrx_word' id='word_1_552' title='bbox 487 2069 523 2094; x_wconf 80' lang='grc' dir='ltr'><strong>Οὐ</strong></span> <span class='ocrx_word' id='word_1_553' title='bbox 547 2068 600 2104; x_wconf 78' lang='grc' dir='ltr'>γὰρ</span> <span class='ocrx_word' id='word_1_554' title='bbox 622 2067 655 2104; x_wconf 84' lang='grc' dir='ltr'><strong>ἦν</strong></span> <span class='ocrx_word' id='word_1_555' title='bbox 679 2071 798 2105; x_wconf 79' lang='grc' dir='ltr'>ἰσχύσαι,</span> <span class='ocrx_word' id='word_1_556' title='bbox 819 2072 867 2105; x_wconf 75' lang='grc' dir='ltr'>τὴν</span> <span class='ocrx_word' id='word_1_557' title='bbox 891 2072 970 2105; x_wconf 83' lang='grc' dir='ltr'>ἁγίαν</span> 
     </span>
    </p>
   </div>
   <div class='ocr_carea' id='block_1_75' title="bbox 177 2110 971 2152">
    <p class='ocr_par' dir='ltr' id='par_1_75' title="bbox 177 2110 971 2152">
     <span class='ocr_line' id='line_1_75' title="bbox 177 2110 971 2152; baseline 0.011 -18"><span class='ocrx_word' id='word_1_558' title='bbox 177 2110 262 2135; x_wconf 71' lang='grc' dir='ltr'>αὑτὸν</span> <span class='ocrx_word' id='word_1_559' title='bbox 295 2111 505 2147; x_wconf 75' lang='grc' dir='ltr'>ἐκπολιορκῆσαι</span> <span class='ocrx_word' id='word_1_560' title='bbox 528 2114 613 2145; x_wconf 70' lang='grc' dir='ltr'>πόλιν,</span> <span class='ocrx_word' id='word_1_561' title='bbox 628 2116 675 2141; x_wconf 78' lang='grc' dir='ltr'>καὶ</span> <span class='ocrx_word' id='word_1_562' title='bbox 699 2116 908 2152; x_wconf 83' lang='grc' dir='ltr'>κατακρατῆσαι</span> <span class='ocrx_word' id='word_1_563' title='bbox 929 2117 971 2143; x_wconf 85' lang='grc' dir='ltr'>δε-</span> 
     </span>
    </p>
   </div>
   <div class='ocr_carea' id='block_1_76' title="bbox 177 2156 970 2198">
    <p class='ocr_par' dir='ltr' id='par_1_76' title="bbox 177 2156 970 2198">
     <span class='ocr_line' id='line_1_76' title="bbox 177 2156 970 2198; baseline 0.01 -17"><span class='ocrx_word' id='word_1_564' title='bbox 177 2156 238 2187; x_wconf 73' lang='grc' dir='ltr'>ξιᾶς</span> <span class='ocrx_word' id='word_1_565' title='bbox 259 2157 309 2191; x_wconf 79' lang='grc' dir='ltr'>τῆς</span> <span class='ocrx_word' id='word_1_566' title='bbox 325 2156 395 2183; x_wconf 72' lang='grc' dir='ltr'>οὔτω</span> <span class='ocrx_word' id='word_1_567' title='bbox 412 2158 632 2196; x_wconf 61' lang='grc' dir='ltr'>εὐσθενεστάτης.</span> <span class='ocrx_word' id='word_1_568' title='bbox 646 2161 694 2193; x_wconf 81' lang='grc' dir='ltr'><strong>Τίς</strong></span> <span class='ocrx_word' id='word_1_569' title='bbox 708 2162 763 2197; x_wconf 77' lang='grc' dir='ltr'>γὰρ</span> <span class='ocrx_word' id='word_1_570' title='bbox 780 2163 970 2198; x_wconf 81' lang='grc' dir='ltr'>ἀντιστήσεται</span> 
     </span>
    </p>
   </div>
   <div class='ocr_carea' id='block_1_77' title="bbox 176 2201 970 2242">
    <p class='ocr_par' dir='ltr' id='par_1_77' title="bbox 176 2201 970 2242">
     <span class='ocr_line' id='line_1_77' title="bbox 176 2201 970 2242; baseline 0.009 -16"><span class='ocrx_word' id='word_1_571' title='bbox 176 2201 212 2227; x_wconf 70' lang='grc' dir='ltr'><strong>τὰ</strong></span> <span class='ocrx_word' id='word_1_572' title='bbox 230 2202 319 2228; x_wconf 83' lang='grc' dir='ltr'>πάντα</span> <span class='ocrx_word' id='word_1_573' title='bbox 343 2202 459 2237; x_wconf 80' lang='grc' dir='ltr'>ἰσχύοντι</span> <span class='ocrx_word' id='word_1_574' title='bbox 473 2204 546 2240; x_wconf 78' lang='grc' dir='ltr'><strong>Θεῷ;</strong></span> <span class='ocrx_word' id='word_1_575' title='bbox 570 2207 703 2232; x_wconf 80' lang='grc' dir='ltr'>’Λπόλωλε</span> <span class='ocrx_word' id='word_1_576' title='bbox 719 2208 808 2235; x_wconf 78' lang='grc' dir='ltr'>τοίνυν</span> <span class='ocrx_word' id='word_1_577' title='bbox 825 2208 892 2242; x_wconf 75' lang='grc' dir='ltr'>ὁμοῦ</span> <span class='ocrx_word' id='word_1_578' title='bbox 915 2210 970 2239; x_wconf 77' lang='grc' dir='ltr'>τοῖς</span> 
     </span>
    </p>
   </div>
   <div class='ocr_carea' id='block_1_78' title="bbox 176 2247 1006 2286">
    <p class='ocr_par' dir='ltr' id='par_1_78' title="bbox 176 2247 1006 2286">
     <span class='ocr_line' id='line_1_78' title="bbox 176 2247 1006 2286; baseline 0.007 -14"><span class='ocrx_word' id='word_1_579' title='bbox 176 2247 289 2279; x_wconf 77' lang='grc' dir='ltr'>οἰκείοις</span> <span class='ocrx_word' id='word_1_580' title='bbox 309 2248 501 2281; x_wconf 78' lang='grc' dir='ltr'>ὑπασπισταῖς,</span> <span class='ocrx_word' id='word_1_581' title='bbox 515 2250 562 2277; x_wconf 80' lang='grc' dir='ltr'><strong>καὶ</strong></span> <span class='ocrx_word' id='word_1_582' title='bbox 574 2251 623 2286; x_wconf 86' lang='grc' dir='ltr'>τῆς</span> <span class='ocrx_word' id='word_1_583' title='bbox 637 2251 692 2278; x_wconf 77' lang='grc' dir='ltr'><strong>τῶν</strong></span> <span class='ocrx_word' id='word_1_584' title='bbox 711 2252 893 2278; x_wconf 70' lang='grc' dir='ltr'>εὐσεϐούντων</span> <span class='ocrx_word' id='word_1_585' title='bbox 905 2253 968 2286; x_wconf 81' lang='grc' dir='ltr'>ὰγέ-</span> <span class='ocrx_word' id='word_1_586' title='bbox 986 2251 1006 2278; x_wconf 91' lang='lat' dir='ltr'><strong>D</strong></span> 
     </span>
    </p>
   </div>
   <div class='ocr_carea' id='block_1_79' title="bbox 177 2292 964 2333">
    <p class='ocr_par' dir='ltr' id='par_1_79' title="bbox 177 2292 964 2333">
     <span class='ocr_line' id='line_1_79' title="bbox 177 2292 964 2333; baseline 0.008 -15"><span class='ocrx_word' id='word_1_587' title='bbox 177 2292 228 2327; x_wconf 81' lang='grc' dir='ltr'><strong>λης</strong></span> <span class='ocrx_word' id='word_1_588' title='bbox 245 2293 435 2327; x_wconf 85' lang='grc' dir='ltr'>ἀπελέλακται,</span> <span class='ocrx_word' id='word_1_589' title='bbox 451 2294 533 2331; x_wconf 78' lang='grc' dir='ltr'>θηρὸς</span> <span class='ocrx_word' id='word_1_590' title='bbox 553 2297 691 2332; x_wconf 79' lang='grc' dir='ltr'>ἀνημέρου</span> <span class='ocrx_word' id='word_1_591' title='bbox 708 2297 785 2332; x_wconf 79' lang='grc' dir='ltr'>δίκην</span> <span class='ocrx_word' id='word_1_592' title='bbox 807 2298 964 2333; x_wconf 78' lang='grc' dir='ltr'>ἐπιπηδῶν-</span> 
     </span>
    </p>
   </div>
   <div class='ocr_carea' id='block_1_80' title="bbox 176 2338 968 2378">
    <p class='ocr_par' dir='ltr' id='par_1_80' title="bbox 176 2338 968 2378">
     <span class='ocr_line' id='line_1_80' title="bbox 176 2338 968 2378; baseline 0.009 -14"><span class='ocrx_word' id='word_1_593' title='bbox 176 2338 341 2374; x_wconf 75' lang='grc' dir='ltr'>ἐκὸἑόληται</span> <span class='ocrx_word' id='word_1_594' title='bbox 356 2340 384 2366; x_wconf 82' lang='grc' dir='ltr'>δὲ</span> <span class='ocrx_word' id='word_1_595' title='bbox 396 2341 446 2375; x_wconf 85' lang='grc' dir='ltr'>τῆς</span> <span class='ocrx_word' id='word_1_596' title='bbox 463 2341 524 2367; x_wconf 79' lang='grc' dir='ltr'>καθ’</span> <span class='ocrx_word' id='word_1_597' title='bbox 538 2342 617 2377; x_wconf 80' lang='grc' dir='ltr'>ἡμῶν</span> <span class='ocrx_word' id='word_1_598' title='bbox 637 2343 803 2378; x_wconf 85' lang='grc' dir='ltr'>τυραννίδος.</span> <span class='ocrx_word' id='word_1_599' title='bbox 823 2345 875 2371; x_wconf 78' lang='grc' dir='ltr'><strong>Καὶ</strong></span> <span class='ocrx_word' id='word_1_600' title='bbox 890 2344 968 2371; x_wconf 80' lang='grc' dir='ltr'>τοῦτο</span> 
     </span>
    </p>
   </div>
   <div class='ocr_carea' id='block_1_81' title="bbox 165 2386 967 2429">
    <p class='ocr_par' dir='ltr' id='par_1_81' title="bbox 165 2386 967 2429">
     <span class='ocr_line' id='line_1_81' title="bbox 165 2386 967 2429; baseline 0.006 -18"><span class='ocrx_word' id='word_1_601' title='bbox 165 2386 252 2429; x_wconf 59' lang='lat' dir='ltr'><strong>mitti;</strong></span> <span class='ocrx_word' id='word_1_602' title='bbox 271 2387 284 2412; x_wconf 78' lang='grc' dir='ltr'><strong><em>ὁ</em></strong></span> <span class='ocrx_word' id='word_1_603' title='bbox 296 2386 391 2421; x_wconf 83' lang='grc' dir='ltr'>Σωτὴρ</span> <span class='ocrx_word' id='word_1_604' title='bbox 403 2386 522 2419; x_wconf 78' lang='grc' dir='ltr'>ἐδίδαξεν</span> <span class='ocrx_word' id='word_1_605' title='bbox 537 2388 635 2414; x_wconf 69' lang='grc' dir='ltr'>εἰπών·</span> <span class='ocrx_word' id='word_1_606' title='bbox 652 2397 661 2413; x_wconf 84' lang='grc' dir='ltr'><strong>ι</strong></span> <span class='ocrx_word' id='word_1_607' title='bbox 678 2388 734 2415; x_wconf 75' lang='grc' dir='ltr'><strong>Νῦν</strong></span> <span class='ocrx_word' id='word_1_608' title='bbox 747 2389 834 2423; x_wconf 79' lang='grc' dir='ltr'>κρίσις</span> <span class='ocrx_word' id='word_1_609' title='bbox 852 2390 911 2416; x_wconf 73' lang='grc' dir='ltr'>ἐστὶ</span> <span class='ocrx_word' id='word_1_610' title='bbox 920 2391 967 2416; x_wconf 83' lang='grc' dir='ltr'>τοῦ</span> 
     </span>
    </p>
   </div>
   <div class='ocr_carea' id='block_1_82' title="bbox 165 2430 968 2470">
    <p class='ocr_par' dir='ltr' id='par_1_82' title="bbox 165 2430 968 2470">
     <span class='ocr_line' id='line_1_82' title="bbox 165 2430 968 2470; baseline 0.009 -15"><span class='ocrx_word' id='word_1_611' title='bbox 165 2430 276 2462; x_wconf 81' lang='grc' dir='ltr'>ἀἰῶνος</span> <span class='ocrx_word' id='word_1_612' title='bbox 294 2431 400 2464; x_wconf 82' lang='grc' dir='ltr'>τούτου,</span> <span class='ocrx_word' id='word_1_613' title='bbox 420 2432 468 2458; x_wconf 79' lang='grc' dir='ltr'><strong>νῦν</strong></span> <span class='ocrx_word' id='word_1_614' title='bbox 482 2433 573 2468; x_wconf 83' lang='grc' dir='ltr'>ἄρχων</span> <span class='ocrx_word' id='word_1_615' title='bbox 586 2433 632 2459; x_wconf 82' lang='grc' dir='ltr'>τοῦ</span> <span class='ocrx_word' id='word_1_616' title='bbox 648 2434 744 2466; x_wconf 80' lang='grc' dir='ltr'>αἰῶνος</span> <span class='ocrx_word' id='word_1_617' title='bbox 762 2435 855 2461; x_wconf 80' lang='grc' dir='ltr'>τούτου</span> <span class='ocrx_word' id='word_1_618' title='bbox 870 2436 968 2470; x_wconf 64' lang='grc' dir='ltr'>ἐκελη-</span> 
     </span>
    </p>
   </div>
   <div class='ocr_carea' id='block_1_83' title="bbox 176 2475 967 2514">
    <p class='ocr_par' dir='ltr' id='par_1_83' title="bbox 176 2475 967 2514">
     <span class='ocr_line' id='line_1_83' title="bbox 176 2475 967 2514; baseline 0.008 -13"><span class='ocrx_word' id='word_1_619' title='bbox 176 2475 289 2510; x_wconf 80' lang='grc' dir='ltr'>θήσεται</span> <span class='ocrx_word' id='word_1_620' title='bbox 305 2476 368 2508; x_wconf 74' lang='grc' dir='ltr'><strong>ἔξω.</strong></span> <span class='ocrx_word' id='word_1_621' title='bbox 386 2476 471 2511; x_wconf 84' lang='grc' dir='ltr'>Κάγὼ</span> <span class='ocrx_word' id='word_1_622' title='bbox 484 2477 531 2504; x_wconf 80' lang='grc' dir='ltr'><strong>ἐὰν</strong></span> <span class='ocrx_word' id='word_1_623' title='bbox 550 2478 648 2512; x_wconf 78' lang='grc' dir='ltr'>ὑψωθῶ</span> <span class='ocrx_word' id='word_1_624' title='bbox 660 2479 706 2507; x_wconf 73' lang='grc' dir='ltr'><strong>ἐπὶ</strong></span> <span class='ocrx_word' id='word_1_625' title='bbox 721 2480 770 2514; x_wconf 78' lang='grc' dir='ltr'>τῆς</span> <span class='ocrx_word' id='word_1_626' title='bbox 781 2480 844 2514; x_wconf 78' lang='grc' dir='ltr'>γῆς,</span> <span class='ocrx_word' id='word_1_627' title='bbox 864 2481 967 2512; x_wconf 80' lang='grc' dir='ltr'>πάντας</span> 
     </span>
    </p>
   </div>
   <div class='ocr_carea' id='block_1_84' title="bbox 175 2520 964 2560">
    <p class='ocr_par' dir='ltr' id='par_1_84' title="bbox 175 2520 964 2560">
     <span class='ocr_line' id='line_1_84' title="bbox 175 2520 964 2560; baseline 0.009 -14"><span class='ocrx_word' id='word_1_628' title='bbox 175 2520 282 2547; x_wconf 78' lang='grc' dir='ltr'>ἑλκύσω</span> <span class='ocrx_word' id='word_1_629' title='bbox 296 2522 364 2557; x_wconf 83' lang='grc' dir='ltr'>πρὸς</span> <span class='ocrx_word' id='word_1_630' title='bbox 380 2522 507 2557; x_wconf 76' lang='grc' dir='ltr'>ἐμαυτόν.</span> <span class='ocrx_word' id='word_1_631' title='bbox 524 2532 533 2549; x_wconf 75' lang='grc' dir='ltr'><strong>ι</strong></span> <span class='ocrx_word' id='word_1_632' title='bbox 544 2523 696 2560; x_wconf 76' lang='grc' dir='ltr'>’Λνατροπὴ</span> <span class='ocrx_word' id='word_1_633' title='bbox 708 2526 762 2560; x_wconf 81' lang='grc' dir='ltr'><strong>γὰρ</strong></span> <span class='ocrx_word' id='word_1_634' title='bbox 779 2526 904 2557; x_wconf 77' lang='grc' dir='ltr'>Θανάτου,</span> <span class='ocrx_word' id='word_1_635' title='bbox 918 2527 964 2553; x_wconf 68' lang='grc' dir='ltr'><strong>κιιι)⁴</strong></span> 
     </span>
    </p>
   </div>
   <div class='ocr_carea' id='block_1_85' title="bbox 175 2565 965 2606">
    <p class='ocr_par' dir='ltr' id='par_1_85' title="bbox 175 2565 965 2606">
     <span class='ocr_line' id='line_1_85' title="bbox 175 2565 965 2606; baseline 0.009 -15"><span class='ocrx_word' id='word_1_636' title='bbox 175 2565 299 2592; x_wconf 72' lang='grc' dir='ltr'>διαϐόλου</span> <span class='ocrx_word' id='word_1_637' title='bbox 318 2567 488 2603; x_wconf 82' lang='grc' dir='ltr'>καθαίρεσις,</span> <span class='ocrx_word' id='word_1_638' title='bbox 505 2568 551 2595; x_wconf 65' lang='lat' dir='ltr'><strong>xei).</strong></span> <span class='ocrx_word' id='word_1_639' title='bbox 568 2569 703 2604; x_wconf 80' lang='grc' dir='ltr'>ἁμαρτίας</span> <span class='ocrx_word' id='word_1_640' title='bbox 723 2571 862 2606; x_wconf 80' lang='grc' dir='ltr'>ἀναίρεσις</span> <span class='ocrx_word' id='word_1_641' title='bbox 874 2571 904 2598; x_wconf 88' lang='grc' dir='ltr'>τὸ</span> <span class='ocrx_word' id='word_1_642' title='bbox 919 2573 965 2598; x_wconf 81' lang='grc' dir='ltr'>τοῦ</span> 
     </span>
    </p>
   </div>
   <div class='ocr_carea' id='block_1_86' title="bbox 175 2611 964 2650">
    <p class='ocr_par' dir='ltr' id='par_1_86' title="bbox 175 2611 964 2650">
     <span class='ocr_line' id='line_1_86' title="bbox 175 2611 964 2650; baseline 0.009 -13"><span class='ocrx_word' id='word_1_643' title='bbox 175 2611 295 2646; x_wconf 73' lang='grc' dir='ltr'>Χριστοῦ</span> <span class='ocrx_word' id='word_1_644' title='bbox 307 2612 404 2646; x_wconf 87' lang='grc' dir='ltr'>γέγονε</span> <span class='ocrx_word' id='word_1_645' title='bbox 419 2613 513 2647; x_wconf 78' lang='grc' dir='ltr'>πάθος,</span> <span class='ocrx_word' id='word_1_646' title='bbox 530 2614 681 2650; x_wconf 81' lang='grc' dir='ltr'>ὑψουμένου</span> <span class='ocrx_word' id='word_1_647' title='bbox 697 2616 746 2650; x_wconf 82' lang='grc' dir='ltr'>μὲν</span> <span class='ocrx_word' id='word_1_648' title='bbox 762 2617 808 2642; x_wconf 73' lang='grc' dir='ltr'><strong>ἐπὶ</strong></span> <span class='ocrx_word' id='word_1_649' title='bbox 823 2617 869 2643; x_wconf 79' lang='grc' dir='ltr'>τοῦ</span> <span class='ocrx_word' id='word_1_650' title='bbox 882 2626 964 2644; x_wconf 76' lang='grc' dir='ltr'>σταυ-</span> 
     </span>
    </p>
   </div>
   <div class='ocr_carea' id='block_1_87' title="bbox 174 2658 965 2697">
    <p class='ocr_par' dir='ltr' id='par_1_87' title="bbox 174 2658 965 2697">
     <span class='ocr_line' id='line_1_87' title="bbox 174 2658 965 2697; baseline 0.008 -14"><span class='ocrx_word' id='word_1_651' title='bbox 174 2658 236 2692; x_wconf 77' lang='grc' dir='ltr'>ροῦ,</span> <span class='ocrx_word' id='word_1_652' title='bbox 256 2659 486 2694; x_wconf 79' lang='grc' dir='ltr'>κατακομίζοντος</span> <span class='ocrx_word' id='word_1_653' title='bbox 498 2659 526 2685; x_wconf 73' lang='grc' dir='ltr'>δὲ</span> <span class='ocrx_word' id='word_1_654' title='bbox 536 2661 583 2687; x_wconf 81' lang='grc' dir='ltr'><strong>καὶ</strong></span> <span class='ocrx_word' id='word_1_655' title='bbox 599 2662 846 2696; x_wconf 71' lang='grc' dir='ltr'>καταρριπτοῦντος</span> <span class='ocrx_word' id='word_1_656' title='bbox 863 2664 902 2693; x_wconf 78' lang='grc' dir='ltr'><strong>είς</strong></span> <span class='ocrx_word' id='word_1_657' title='bbox 915 2664 965 2697; x_wconf 80' lang='grc' dir='ltr'>γῆν</span> 
     </span>
    </p>
   </div>
   <div class='ocr_carea' id='block_1_88' title="bbox 174 2703 964 2743">
    <p class='ocr_par' dir='ltr' id='par_1_88' title="bbox 174 2703 964 2743">
     <span class='ocr_line' id='line_1_88' title="bbox 174 2703 964 2743; baseline 0.009 -15"><span class='ocrx_word' id='word_1_658' title='bbox 174 2703 223 2730; x_wconf 78' lang='grc' dir='ltr'>τοῦ</span> <span class='ocrx_word' id='word_1_659' title='bbox 239 2703 361 2731; x_wconf 79' lang='grc' dir='ltr'>διαϐόλου</span> <span class='ocrx_word' id='word_1_660' title='bbox 374 2705 405 2731; x_wconf 75' lang='grc' dir='ltr'><strong>τὸ</strong></span> <span class='ocrx_word' id='word_1_661' title='bbox 427 2704 567 2740; x_wconf 85' lang='grc' dir='ltr'>καύχημα.</span> <span class='ocrx_word' id='word_1_662' title='bbox 590 2706 651 2732; x_wconf 79' lang='grc' dir='ltr'><strong>Ἐπὶ</strong></span> <span class='ocrx_word' id='word_1_663' title='bbox 675 2707 772 2742; x_wconf 84' lang='grc' dir='ltr'>καιροῦ</span> <span class='ocrx_word' id='word_1_664' title='bbox 792 2708 882 2735; x_wconf 80' lang='grc' dir='ltr'>τοίνυν</span> <span class='ocrx_word' id='word_1_665' title='bbox 907 2711 964 2743; x_wconf 81' lang='grc' dir='ltr'>μετ’</span> 
     </span>
    </p>
   </div>
   <div class='ocr_carea' id='block_1_89' title="bbox 1023 1608 1803 1646">
    <p class='ocr_par' dir='ltr' id='par_1_89' title="bbox 1023 1608 1803 1646">
     <span class='ocr_line' id='line_1_89' title="bbox 1023 1608 1803 1646; baseline -0.012 -4"><span class='ocrx_word' id='word_1_666' title='bbox 1023 1620 1063 1642; x_wconf 93' lang='lat' dir='ltr'><strong>ter</strong></span> <span class='ocrx_word' id='word_1_667' title='bbox 1074 1615 1218 1642; x_wconf 72' lang='lat' dir='ltr'><strong>insultasse</strong></span> <span class='ocrx_word' id='word_1_668' title='bbox 1234 1619 1260 1640; x_wconf 88' lang='lat' dir='ltr'><strong>et</strong></span> <span class='ocrx_word' id='word_1_669' title='bbox 1276 1614 1388 1644; x_wconf 85' lang='lat' dir='ltr'><strong>acriter,</strong></span> <span class='ocrx_word' id='word_1_670' title='bbox 1399 1617 1479 1646; x_wconf 85' lang='lat' dir='ltr'><strong>atque</strong></span> <span class='ocrx_word' id='word_1_671' title='bbox 1496 1609 1643 1637; x_wconf 85' lang='lat' dir='ltr'><strong>Ecclesiam</strong></span> <span class='ocrx_word' id='word_1_672' title='bbox 1659 1608 1706 1635; x_wconf 85' lang='lat' dir='ltr'><strong>Dei</strong></span> <span class='ocrx_word' id='word_1_673' title='bbox 1719 1609 1803 1642; x_wconf 93' lang='lat' dir='ltr'><strong>impu-</strong></span> 
     </span>
    </p>
   </div>
   <div class='ocr_carea' id='block_1_90' title="bbox 1021 1652 1805 1695">
    <p class='ocr_par' dir='ltr' id='par_1_90' title="bbox 1021 1652 1805 1695">
     <span class='ocr_line' id='line_1_90' title="bbox 1021 1652 1805 1695; baseline -0.011 -8"><span class='ocrx_word' id='word_1_674' title='bbox 1021 1668 1128 1695; x_wconf 72' lang='lat' dir='ltr'><strong>gnasse,</strong></span> <span class='ocrx_word' id='word_1_675' title='bbox 1147 1659 1290 1694; x_wconf 87' lang='lat' dir='ltr'><strong>spirituum</strong></span> <span class='ocrx_word' id='word_1_676' title='bbox 1312 1658 1370 1693; x_wconf 81' lang='lat' dir='ltr'><strong>ejus</strong></span> <span class='ocrx_word' id='word_1_677' title='bbox 1400 1655 1513 1690; x_wconf 88' lang='lat' dir='ltr'><strong>imperio</strong></span> <span class='ocrx_word' id='word_1_678' title='bbox 1526 1653 1676 1689; x_wconf 82' lang='lat' dir='ltr'><strong>parentium</strong></span> <span class='ocrx_word' id='word_1_679' title='bbox 1689 1652 1805 1680; x_wconf 79' lang='lat' dir='ltr'><strong>scelera-</strong></span> 
     </span>
    </p>
   </div>
   <div class='ocr_carea' id='block_1_91' title="bbox 1023 1700 1807 1739">
    <p class='ocr_par' dir='ltr' id='par_1_91' title="bbox 1023 1700 1807 1739">
     <span class='ocr_line' id='line_1_91' title="bbox 1023 1700 1807 1739; baseline -0.01 -6"><span class='ocrx_word' id='word_1_680' title='bbox 1023 1707 1153 1733; x_wconf 86' lang='lat' dir='ltr'><strong>tissimam</strong></span> <span class='ocrx_word' id='word_1_681' title='bbox 1178 1705 1336 1739; x_wconf 69' lang='lat' dir='ltr'><strong>phalangem</strong></span> <span class='ocrx_word' id='word_1_682' title='bbox 1356 1708 1450 1731; x_wconf 85' lang='lat' dir='ltr'><strong>contra</strong></span> <span class='ocrx_word' id='word_1_683' title='bbox 1474 1709 1533 1730; x_wconf 83' lang='lat' dir='ltr'><strong>eam</strong></span> <span class='ocrx_word' id='word_1_684' title='bbox 1562 1700 1744 1728; x_wconf 86' lang='lat' dir='ltr'><strong>concitando:</strong></span> <span class='ocrx_word' id='word_1_685' title='bbox 1775 1706 1807 1725; x_wconf 74' lang='lat' dir='ltr'><strong>ac</strong></span> 
     </span>
    </p>
   </div>
   <div class='ocr_carea' id='block_1_92' title="bbox 1022 1747 1807 1787">
    <p class='ocr_par' dir='ltr' id='par_1_92' title="bbox 1022 1747 1807 1787">
     <span class='ocr_line' id='line_1_92' title="bbox 1022 1747 1807 1787; baseline -0.01 -8"><span class='ocrx_word' id='word_1_686' title='bbox 1022 1754 1156 1787; x_wconf 74' lang='lat' dir='ltr'><strong>cogitasse</strong></span> <span class='ocrx_word' id='word_1_687' title='bbox 1182 1751 1275 1778; x_wconf 78' lang='lat' dir='ltr'><strong>forsan</strong></span> <span class='ocrx_word' id='word_1_688' title='bbox 1302 1758 1382 1786; x_wconf 88' lang='lat' dir='ltr'><strong>posse</strong></span> <span class='ocrx_word' id='word_1_689' title='bbox 1397 1757 1425 1777; x_wconf 85' lang='lat' dir='ltr'><strong>se</strong></span> <span class='ocrx_word' id='word_1_690' title='bbox 1434 1749 1536 1783; x_wconf 86' lang='lat' dir='ltr'><strong>absque</strong></span> <span class='ocrx_word' id='word_1_691' title='bbox 1555 1747 1627 1774; x_wconf 92' lang='lat' dir='ltr'><strong>omni</strong></span> <span class='ocrx_word' id='word_1_692' title='bbox 1661 1747 1760 1775; x_wconf 85' lang='lat' dir='ltr'><strong>sudore</strong></span> <span class='ocrx_word' id='word_1_693' title='bbox 1781 1751 1807 1772; x_wconf 85' lang='lat' dir='ltr'><strong>et</strong></span> 
     </span>
    </p>
   </div>
   <div class='ocr_carea' id='block_1_93' title="bbox 1022 1797 1806 1831">
    <p class='ocr_par' dir='ltr' id='par_1_93' title="bbox 1022 1797 1806 1831">
     <span class='ocr_line' id='line_1_93' title="bbox 1022 1797 1806 1831; baseline -0.009 -6"><span class='ocrx_word' id='word_1_694' title='bbox 1022 1799 1114 1826; x_wconf 86' lang='lat' dir='ltr'><strong>labore</strong></span> <span class='ocrx_word' id='word_1_695' title='bbox 1126 1804 1258 1831; x_wconf 78' lang='lat' dir='ltr'><strong>evertere,</strong></span> <span class='ocrx_word' id='word_1_696' title='bbox 1274 1797 1457 1826; x_wconf 82' lang='lat' dir='ltr'><strong>venerandam</strong></span> <span class='ocrx_word' id='word_1_697' title='bbox 1479 1802 1546 1828; x_wconf 85' lang='lat' dir='ltr'><strong>sane</strong></span> <span class='ocrx_word' id='word_1_698' title='bbox 1559 1799 1585 1821; x_wconf 88' lang='lat' dir='ltr'><strong>et</strong></span> <span class='ocrx_word' id='word_1_699' title='bbox 1604 1797 1806 1821; x_wconf 83' lang='lat' dir='ltr'><strong>sacrosanctam</strong></span> 
     </span>
    </p>
   </div>
   <div class='ocr_carea' id='block_1_94' title="bbox 1023 1839 1805 1878">
    <p class='ocr_par' dir='ltr' id='par_1_94' title="bbox 1023 1839 1805 1878">
     <span class='ocr_line' id='line_1_94' title="bbox 1023 1839 1805 1878; baseline -0.01 -6"><span class='ocrx_word' id='word_1_700' title='bbox 1023 1845 1067 1873; x_wconf 89' lang='lat' dir='ltr'><strong>Dei</strong></span> <span class='ocrx_word' id='word_1_701' title='bbox 1082 1846 1228 1878; x_wconf 87' lang='lat' dir='ltr'><strong>civitatem,</strong></span> <span class='ocrx_word' id='word_1_702' title='bbox 1261 1843 1436 1878; x_wconf 85' lang='lat' dir='ltr'><strong>intelligentia</strong></span> <span class='ocrx_word' id='word_1_703' title='bbox 1465 1845 1618 1877; x_wconf 86' lang='lat' dir='ltr'><strong>perceptam</strong></span> <span class='ocrx_word' id='word_1_704' title='bbox 1645 1839 1805 1867; x_wconf 74' lang='lat' dir='ltr'><strong>Jerusalem,</strong></span> 
     </span>
    </p>
   </div>
   <div class='ocr_carea' id='block_1_95' title="bbox 1023 1885 1808 1927">
    <p class='ocr_par' dir='ltr' id='par_1_95' title="bbox 1023 1885 1808 1927">
     <span class='ocr_line' id='line_1_95' title="bbox 1023 1885 1808 1927; baseline -0.013 -8"><span class='ocrx_word' id='word_1_705' title='bbox 1023 1891 1074 1919; x_wconf 82' lang='lat' dir='ltr'><strong>Sed</strong></span> <span class='ocrx_word' id='word_1_706' title='bbox 1089 1892 1270 1927; x_wconf 88' lang='lat' dir='ltr'><strong>deprehensus</strong></span> <span class='ocrx_word' id='word_1_707' title='bbox 1293 1897 1344 1922; x_wconf 83' lang='lat' dir='ltr'><strong>est,</strong></span> <span class='ocrx_word' id='word_1_708' title='bbox 1366 1897 1397 1917; x_wconf 87' lang='lat' dir='ltr'><strong>ea</strong></span> <span class='ocrx_word' id='word_1_709' title='bbox 1415 1896 1474 1924; x_wconf 80' lang='lat' dir='ltr'><strong>quae</strong></span> <span class='ocrx_word' id='word_1_710' title='bbox 1486 1888 1544 1915; x_wconf 84' lang='lat' dir='ltr'><strong>ﬁeri</strong></span> <span class='ocrx_word' id='word_1_711' title='bbox 1567 1886 1639 1914; x_wconf 89' lang='lat' dir='ltr'><strong>nullo</strong></span> <span class='ocrx_word' id='word_1_712' title='bbox 1653 1885 1731 1913; x_wconf 92' lang='lat' dir='ltr'><strong>modo</strong></span> <span class='ocrx_word' id='word_1_713' title='bbox 1761 1893 1808 1918; x_wconf 81' lang='lat' dir='ltr'><strong>pu—</strong></span> 
     </span>
    </p>
   </div>
   <div class='ocr_carea' id='block_1_96' title="bbox 1022 1931 1808 1971">
    <p class='ocr_par' dir='ltr' id='par_1_96' title="bbox 1022 1931 1808 1971">
     <span class='ocr_line' id='line_1_96' title="bbox 1022 1931 1808 1971; baseline -0.013 -7"><span class='ocrx_word' id='word_1_714' title='bbox 1022 1941 1112 1964; x_wconf 82' lang='lat' dir='ltr'><strong>terant</strong></span> <span class='ocrx_word' id='word_1_715' title='bbox 1126 1939 1195 1971; x_wconf 85' lang='lat' dir='ltr'><strong>apud</strong></span> <span class='ocrx_word' id='word_1_716' title='bbox 1214 1944 1244 1963; x_wconf 85' lang='lat' dir='ltr'><strong>se</strong></span> <span class='ocrx_word' id='word_1_717' title='bbox 1257 1936 1399 1970; x_wconf 77' lang='lat' dir='ltr'><strong>cogitasse.</strong></span> <span class='ocrx_word' id='word_1_718' title='bbox 1422 1933 1482 1962; x_wconf 84' lang='lat' dir='ltr'><strong>Non</strong></span> <span class='ocrx_word' id='word_1_719' title='bbox 1500 1933 1570 1960; x_wconf 81' lang='lat' dir='ltr'><strong>enim</strong></span> <span class='ocrx_word' id='word_1_720' title='bbox 1589 1931 1659 1966; x_wconf 89' lang='lat' dir='ltr'><strong>potis</strong></span> <span class='ocrx_word' id='word_1_721' title='bbox 1673 1934 1732 1957; x_wconf 81' lang='lat' dir='ltr'><strong>erat</strong></span> <span class='ocrx_word' id='word_1_722' title='bbox 1745 1937 1808 1955; x_wconf 85' lang='lat' dir='ltr'><strong>san-</strong></span> 
     </span>
    </p>
   </div>
   <div class='ocr_carea' id='block_1_97' title="bbox 1024 1975 1805 2013">
    <p class='ocr_par' dir='ltr' id='par_1_97' title="bbox 1024 1975 1805 2013">
     <span class='ocr_line' id='line_1_97' title="bbox 1024 1975 1805 2013; baseline -0.015 -3"><span class='ocrx_word' id='word_1_723' title='bbox 1024 1988 1095 2010; x_wconf 89' lang='lat' dir='ltr'><strong>ctam</strong></span> <span class='ocrx_word' id='word_1_724' title='bbox 1113 1983 1237 2010; x_wconf 88' lang='lat' dir='ltr'><strong>obsidere</strong></span> <span class='ocrx_word' id='word_1_725' title='bbox 1251 1983 1362 2013; x_wconf 73' lang='lat' dir='ltr'><strong>urbem,</strong></span> <span class='ocrx_word' id='word_1_726' title='bbox 1388 1988 1437 2007; x_wconf 90' lang='lat' dir='ltr'><strong>nec</strong></span> <span class='ocrx_word' id='word_1_727' title='bbox 1460 1980 1599 2006; x_wconf 85' lang='lat' dir='ltr'><strong>dexteram</strong></span> <span class='ocrx_word' id='word_1_728' title='bbox 1632 1975 1805 2003; x_wconf 73' lang='lat' dir='ltr'><strong>fortissimam</strong></span> 
     </span>
    </p>
   </div>
   <div class='ocr_carea' id='block_1_98' title="bbox 1022 2021 1807 2063">
    <p class='ocr_par' dir='ltr' id='par_1_98' title="bbox 1022 2021 1807 2063">
     <span class='ocr_line' id='line_1_98' title="bbox 1022 2021 1807 2063; baseline -0.013 -7"><span class='ocrx_word' id='word_1_729' title='bbox 1022 2036 1184 2063; x_wconf 81' lang='lat' dir='ltr'><strong>expugnare.</strong></span> <span class='ocrx_word' id='word_1_730' title='bbox 1203 2029 1270 2061; x_wconf 85' lang='lat' dir='ltr'><strong>Quis</strong></span> <span class='ocrx_word' id='word_1_731' title='bbox 1279 2028 1349 2054; x_wconf 87' lang='lat' dir='ltr'><strong>enim</strong></span> <span class='ocrx_word' id='word_1_732' title='bbox 1370 2029 1457 2061; x_wconf 82' lang='lat' dir='ltr'><strong>potest</strong></span> <span class='ocrx_word' id='word_1_733' title='bbox 1483 2024 1660 2058; x_wconf 88' lang='lat' dir='ltr'><strong>omnipotenti</strong></span> <span class='ocrx_word' id='word_1_734' title='bbox 1690 2021 1745 2047; x_wconf 88' lang='lat' dir='ltr'><strong>Deo</strong></span> <span class='ocrx_word' id='word_1_735' title='bbox 1767 2028 1807 2046; x_wconf 93' lang='lat' dir='ltr'><strong>re-</strong></span> 
     </span>
    </p>
   </div>
   <div class='ocr_carea' id='block_1_99' title="bbox 1022 2067 1807 2105">
    <p class='ocr_par' dir='ltr' id='par_1_99' title="bbox 1022 2067 1807 2105">
     <span class='ocr_line' id='line_1_99' title="bbox 1022 2067 1807 2105; baseline -0.013 -5"><span class='ocrx_word' id='word_1_736' title='bbox 1022 2074 1134 2101; x_wconf 86' lang='lat' dir='ltr'><strong>sistere?</strong></span> <span class='ocrx_word' id='word_1_737' title='bbox 1148 2072 1231 2099; x_wconf 83' lang='lat' dir='ltr'><strong>Periit</strong></span> <span class='ocrx_word' id='word_1_738' title='bbox 1245 2073 1336 2105; x_wconf 85' lang='lat' dir='ltr'><strong>itaque</strong></span> <span class='ocrx_word' id='word_1_739' title='bbox 1352 2070 1434 2097; x_wconf 90' lang='lat' dir='ltr'><strong>simul</strong></span> <span class='ocrx_word' id='word_1_740' title='bbox 1450 2077 1509 2096; x_wconf 89' lang='lat' dir='ltr'><strong>cttm</strong></span> <span class='ocrx_word' id='word_1_741' title='bbox 1526 2068 1685 2096; x_wconf 85' lang='lat' dir='ltr'><strong>satellitibus</strong></span> <span class='ocrx_word' id='word_1_742' title='bbox 1701 2067 1766 2097; x_wconf 83' lang='lat' dir='ltr'><strong>suis,</strong></span> <span class='ocrx_word' id='word_1_743' title='bbox 1781 2070 1807 2090; x_wconf 79' lang='lat' dir='ltr'><strong>et</strong></span> 
     </span>
    </p>
   </div>
   <div class='ocr_carea' id='block_1_100' title="bbox 1022 2111 1807 2152">
    <p class='ocr_par' dir='ltr' id='par_1_100' title="bbox 1022 2111 1807 2152">
     <span class='ocr_line' id='line_1_100' title="bbox 1022 2111 1807 2152; baseline -0.011 -7"><span class='ocrx_word' id='word_1_744' title='bbox 1022 2126 1036 2145; x_wconf 90' lang='lat' dir='ltr'><strong>e</strong></span> <span class='ocrx_word' id='word_1_745' title='bbox 1053 2125 1134 2152; x_wconf 81' lang='lat' dir='ltr'><strong>grege</strong></span> <span class='ocrx_word' id='word_1_746' title='bbox 1148 2117 1251 2151; x_wconf 90' lang='lat' dir='ltr'><strong>piorum</strong></span> <span class='ocrx_word' id='word_1_747' title='bbox 1266 2115 1386 2143; x_wconf 86' lang='lat' dir='ltr'><strong>seclusus</strong></span> <span class='ocrx_word' id='word_1_748' title='bbox 1397 2118 1448 2146; x_wconf 87' lang='lat' dir='ltr'><strong>est,</strong></span> <span class='ocrx_word' id='word_1_749' title='bbox 1481 2113 1618 2140; x_wconf 75' lang='lat' dir='ltr'><strong>indomita:</strong></span> <span class='ocrx_word' id='word_1_750' title='bbox 1637 2111 1700 2138; x_wconf 64' lang='lat' dir='ltr'><strong>ferte</strong></span> <span class='ocrx_word' id='word_1_751' title='bbox 1723 2111 1807 2138; x_wconf 80' lang='lat' dir='ltr'><strong>inStar</strong></span> 
     </span>
    </p>
   </div>
   <div class='ocr_carea' id='block_1_101' title="bbox 1022 2156 1805 2194">
    <p class='ocr_par' dir='ltr' id='par_1_101' title="bbox 1022 2156 1805 2194">
     <span class='ocr_line' id='line_1_101' title="bbox 1022 2156 1805 2194; baseline -0.009 -5"><span class='ocrx_word' id='word_1_752' title='bbox 1022 2162 1153 2194; x_wconf 81' lang='lat' dir='ltr'><strong>insiliens,</strong></span> <span class='ocrx_word' id='word_1_753' title='bbox 1172 2165 1198 2187; x_wconf 92' lang='lat' dir='ltr'><strong>et</strong></span> <span class='ocrx_word' id='word_1_754' title='bbox 1213 2161 1246 2188; x_wconf 85' lang='lat' dir='ltr'><strong>de</strong></span> <span class='ocrx_word' id='word_1_755' title='bbox 1263 2168 1309 2187; x_wconf 84' lang='lat' dir='ltr'><strong>sua</strong></span> <span class='ocrx_word' id='word_1_756' title='bbox 1324 2159 1468 2194; x_wconf 87' lang='lat' dir='ltr'><strong>tyrannide</strong></span> <span class='ocrx_word' id='word_1_757' title='bbox 1479 2161 1572 2185; x_wconf 83' lang='lat' dir='ltr'><strong>contra</strong></span> <span class='ocrx_word' id='word_1_758' title='bbox 1584 2164 1631 2184; x_wconf 89' lang='lat' dir='ltr'><strong>nos</strong></span> <span class='ocrx_word' id='word_1_759' title='bbox 1647 2156 1805 2184; x_wconf 78' lang='lat' dir='ltr'><strong>deturbatus</strong></span> 
     </span>
    </p>
   </div>
   <div class='ocr_carea' id='block_1_102' title="bbox 1021 2202 1806 2240">
    <p class='ocr_par' dir='ltr' id='par_1_102' title="bbox 1021 2202 1806 2240">
     <span class='ocr_line' id='line_1_102' title="bbox 1021 2202 1806 2240; baseline -0.008 -6"><span class='ocrx_word' id='word_1_760' title='bbox 1021 2213 1071 2235; x_wconf 81' lang='lat' dir='ltr'><strong>est.</strong></span> <span class='ocrx_word' id='word_1_761' title='bbox 1089 2208 1164 2240; x_wconf 83' lang='lat' dir='ltr'><strong>Quod</strong></span> <span class='ocrx_word' id='word_1_762' title='bbox 1182 2214 1230 2233; x_wconf 86' lang='lat' dir='ltr'><strong>nos</strong></span> <span class='ocrx_word' id='word_1_763' title='bbox 1248 2207 1376 2233; x_wconf 79' lang='lat' dir='ltr'><strong>Servatur</strong></span> <span class='ocrx_word' id='word_1_764' title='bbox 1391 2205 1483 2233; x_wconf 83' lang='lat' dir='ltr'><strong>docuit</strong></span> <span class='ocrx_word' id='word_1_765' title='bbox 1498 2203 1636 2237; x_wconf 85' lang='lat' dir='ltr'><strong>inquiens:</strong></span> <span class='ocrx_word' id='word_1_766' title='bbox 1652 2212 1660 2228; x_wconf 77' lang='grc' dir='ltr'><strong>ι</strong></span> <span class='ocrx_word' id='word_1_767' title='bbox 1672 2202 1748 2229; x_wconf 87' lang='lat' dir='ltr'><strong>Nunc</strong></span> <span class='ocrx_word' id='word_1_768' title='bbox 1762 2202 1806 2236; x_wconf 88' lang='lat' dir='ltr'><strong>ju-</strong></span> 
     </span>
    </p>
   </div>
   <div class='ocr_carea' id='block_1_103' title="bbox 1022 2249 1800 2285">
    <p class='ocr_par' dir='ltr' id='par_1_103' title="bbox 1022 2249 1800 2285">
     <span class='ocr_line' id='line_1_103' title="bbox 1022 2249 1800 2285; baseline -0.008 -5"><span class='ocrx_word' id='word_1_769' title='bbox 1022 2255 1120 2282; x_wconf 80' lang='lat' dir='ltr'><strong>dieiitm</strong></span> <span class='ocrx_word' id='word_1_770' title='bbox 1142 2259 1183 2280; x_wconf 73' lang='lat' dir='ltr'><strong>est</strong></span> <span class='ocrx_word' id='word_1_771' title='bbox 1197 2253 1286 2279; x_wconf 75' lang='lat' dir='ltr'><strong>saeculi</strong></span> <span class='ocrx_word' id='word_1_772' title='bbox 1307 2252 1395 2285; x_wconf 77' lang='lat' dir='ltr'><strong>hujus,</strong></span> <span class='ocrx_word' id='word_1_773' title='bbox 1416 2258 1485 2277; x_wconf 87' lang='lat' dir='ltr'><strong>nune</strong></span> <span class='ocrx_word' id='word_1_774' title='bbox 1502 2251 1626 2284; x_wconf 87' lang='lat' dir='ltr'><strong>princeps</strong></span> <span class='ocrx_word' id='word_1_775' title='bbox 1643 2249 1722 2283; x_wconf 80' lang='lat' dir='ltr'><strong>hujus</strong></span> <span class='ocrx_word' id='word_1_776' title='bbox 1748 2256 1800 2274; x_wconf 62' lang='lat' dir='ltr'><strong>sae-</strong></span> 
     </span>
    </p>
   </div>
   <div class='ocr_carea' id='block_1_104' title="bbox 1021 2294 1806 2334">
    <p class='ocr_par' dir='ltr' id='par_1_104' title="bbox 1021 2294 1806 2334">
     <span class='ocr_line' id='line_1_104' title="bbox 1021 2294 1806 2334; baseline -0.01 -8"><span class='ocrx_word' id='word_1_777' title='bbox 1021 2300 1205 2334; x_wconf 78' lang='lat' dir='ltr'><strong>euliejieietur</strong></span> <span class='ocrx_word' id='word_1_778' title='bbox 1224 2300 1306 2326; x_wconf 71' lang='lat' dir='ltr'><strong>foras.</strong></span> <span class='ocrx_word' id='word_1_779' title='bbox 1346 2297 1378 2324; x_wconf 89' lang='lat' dir='ltr'><strong>Et</strong></span> <span class='ocrx_word' id='word_1_780' title='bbox 1399 2305 1447 2332; x_wconf 80' lang='lat' dir='ltr'><strong>ego</strong></span> <span class='ocrx_word' id='word_1_781' title='bbox 1460 2297 1480 2324; x_wconf 91' lang='lat' dir='ltr'><strong>si</strong></span> <span class='ocrx_word' id='word_1_782' title='bbox 1512 2296 1645 2324; x_wconf 81' lang='lat' dir='ltr'><strong>exaltalus</strong></span> <span class='ocrx_word' id='word_1_783' title='bbox 1673 2294 1748 2320; x_wconf 81' lang='lat' dir='ltr'><strong>fuero</strong></span> <span class='ocrx_word' id='word_1_784' title='bbox 1774 2294 1806 2319; x_wconf 88' lang='lat' dir='ltr'><strong>de</strong></span> 
     </span>
    </p>
   </div>
   <div class='ocr_carea' id='block_1_105' title="bbox 1021 2339 1804 2378">
    <p class='ocr_par' dir='ltr' id='par_1_105' title="bbox 1021 2339 1804 2378">
     <span class='ocr_line' id='line_1_105' title="bbox 1021 2339 1804 2378; baseline -0.01 -7"><span class='ocrx_word' id='word_1_785' title='bbox 1021 2351 1101 2376; x_wconf 68' lang='lat' dir='ltr'><strong>terra,</strong></span> <span class='ocrx_word' id='word_1_786' title='bbox 1118 2353 1212 2372; x_wconf 77' lang='lat' dir='ltr'><strong>omnes</strong></span> <span class='ocrx_word' id='word_1_787' title='bbox 1225 2346 1328 2371; x_wconf 86' lang='lat' dir='ltr'><strong>traham</strong></span> <span class='ocrx_word' id='word_1_788' title='bbox 1344 2345 1376 2370; x_wconf 86' lang='lat' dir='ltr'><strong>ad</strong></span> <span class='ocrx_word' id='word_1_789' title='bbox 1393 2344 1522 2378; x_wconf 87' lang='lat' dir='ltr'><strong>meipsum</strong></span> <span class='ocrx_word' id='word_1_790' title='bbox 1540 2342 1573 2369; x_wconf 64' lang='grc' dir='ltr'><strong>πθ.</strong></span> <span class='ocrx_word' id='word_1_791' title='bbox 1590 2351 1597 2367; x_wconf 76' lang='grc' dir='ltr'><strong>ι</strong></span> <span class='ocrx_word' id='word_1_792' title='bbox 1613 2340 1721 2367; x_wconf 74' lang='lat' dir='ltr'><strong>Eret‘sio</strong></span> <span class='ocrx_word' id='word_1_793' title='bbox 1733 2339 1804 2365; x_wconf 80' lang='lat' dir='ltr'><strong>cnim</strong></span> 
     </span>
    </p>
   </div>
   <div class='ocr_carea' id='block_1_106' title="bbox 1019 2385 1803 2423">
    <p class='ocr_par' dir='ltr' id='par_1_106' title="bbox 1019 2385 1803 2423">
     <span class='ocr_line' id='line_1_106' title="bbox 1019 2385 1803 2423; baseline -0.009 -6"><span class='ocrx_word' id='word_1_794' title='bbox 1019 2392 1124 2421; x_wconf 81' lang='lat' dir='ltr'><strong>mortis.</strong></span> <span class='ocrx_word' id='word_1_795' title='bbox 1140 2397 1166 2418; x_wconf 86' lang='lat' dir='ltr'><strong>et</strong></span> <span class='ocrx_word' id='word_1_796' title='bbox 1184 2391 1281 2418; x_wconf 87' lang='lat' dir='ltr'><strong>diaboli</strong></span> <span class='ocrx_word' id='word_1_797' title='bbox 1297 2391 1447 2423; x_wconf 83' lang='lat' dir='ltr'><strong>subversio,</strong></span> <span class='ocrx_word' id='word_1_798' title='bbox 1466 2389 1546 2423; x_wconf 82' lang='lat'><strong>189</strong></span> <span class='ocrx_word' id='word_1_799' title='bbox 1557 2394 1583 2415; x_wconf 89' lang='lat' dir='ltr'><strong>et</strong></span> <span class='ocrx_word' id='word_1_800' title='bbox 1598 2387 1697 2422; x_wconf 74' lang='lat' dir='ltr'><strong>peccati</strong></span> <span class='ocrx_word' id='word_1_801' title='bbox 1710 2385 1803 2412; x_wconf 80' lang='lat' dir='ltr'><strong>detun-</strong></span> 
     </span>
    </p>
   </div>
   <div class='ocr_carea' id='block_1_107' title="bbox 1019 2432 1805 2471">
    <p class='ocr_par' dir='ltr' id='par_1_107' title="bbox 1019 2432 1805 2471">
     <span class='ocr_line' id='line_1_107' title="bbox 1019 2432 1805 2471; baseline -0.008 -8"><span class='ocrx_word' id='word_1_802' title='bbox 1019 2437 1085 2469; x_wconf 86' lang='lat' dir='ltr'><strong>litio,</strong></span> <span class='ocrx_word' id='word_1_803' title='bbox 1101 2437 1201 2465; x_wconf 80' lang='lat' dir='ltr'><strong>Christi</strong></span> <span class='ocrx_word' id='word_1_804' title='bbox 1220 2438 1269 2464; x_wconf 85' lang='lat' dir='ltr'><strong>l‘uit</strong></span> <span class='ocrx_word' id='word_1_805' title='bbox 1296 2437 1394 2471; x_wconf 77' lang='lat' dir='ltr'><strong>paSsin,</strong></span> <span class='ocrx_word' id='word_1_806' title='bbox 1421 2436 1506 2462; x_wconf 87' lang='lat' dir='ltr'><strong>evecti</strong></span> <span class='ocrx_word' id='word_1_807' title='bbox 1536 2436 1561 2460; x_wconf 93' lang='lat' dir='ltr'><strong>iu</strong></span> <span class='ocrx_word' id='word_1_808' title='bbox 1595 2440 1685 2464; x_wconf 85' lang='lat' dir='ltr'><strong>cruce,</strong></span> <span class='ocrx_word' id='word_1_809' title='bbox 1715 2432 1805 2466; x_wconf 84' lang='lat' dir='ltr'><strong>depri-</strong></span> 
     </span>
    </p>
   </div>
   <div class='ocr_carea' id='block_1_108' title="bbox 1020 2477 1803 2516">
    <p class='ocr_par' dir='ltr' id='par_1_108' title="bbox 1020 2477 1803 2516">
     <span class='ocr_line' id='line_1_108' title="bbox 1020 2477 1803 2516; baseline -0.006 -8"><span class='ocrx_word' id='word_1_810' title='bbox 1020 2483 1116 2509; x_wconf 81' lang='lat' dir='ltr'><strong>tneutis</strong></span> <span class='ocrx_word' id='word_1_811' title='bbox 1131 2488 1157 2509; x_wconf 92' lang='lat' dir='ltr'><strong>ct</strong></span> <span class='ocrx_word' id='word_1_812' title='bbox 1174 2483 1323 2516; x_wconf 65' lang='lat' dir='ltr'><strong>dejit-ieutis</strong></span> <span class='ocrx_word' id='word_1_813' title='bbox 1339 2483 1364 2508; x_wconf 88' lang='lat' dir='ltr'><strong>in</strong></span> <span class='ocrx_word' id='word_1_814' title='bbox 1380 2486 1478 2507; x_wconf 84' lang='lat' dir='ltr'><strong>terram</strong></span> <span class='ocrx_word' id='word_1_815' title='bbox 1495 2479 1591 2506; x_wconf 81' lang='lat' dir='ltr'><strong>diaboli</strong></span> <span class='ocrx_word' id='word_1_816' title='bbox 1610 2479 1732 2513; x_wconf 74' lang='lat' dir='ltr'><strong>gloriam.</strong></span> <span class='ocrx_word' id='word_1_817' title='bbox 1748 2477 1803 2509; x_wconf 83' lang='lat' dir='ltr'><strong>0p-</strong></span> 
     </span>
    </p>
   </div>
   <div class='ocr_carea' id='block_1_109' title="bbox 1019 2526 1803 2563">
    <p class='ocr_par' dir='ltr' id='par_1_109' title="bbox 1019 2526 1803 2563">
     <span class='ocr_line' id='line_1_109' title="bbox 1019 2526 1803 2563; baseline -0.008 -8"><span class='ocrx_word' id='word_1_818' title='bbox 1019 2535 1132 2562; x_wconf 84' lang='lat' dir='ltr'><strong>purtune</strong></span> <span class='ocrx_word' id='word_1_819' title='bbox 1153 2530 1233 2563; x_wconf 73' lang='lat' dir='ltr'><strong>igitur</strong></span> <span class='ocrx_word' id='word_1_820' title='bbox 1258 2529 1383 2562; x_wconf 85' lang='lat' dir='ltr'><strong>deinceps</strong></span> <span class='ocrx_word' id='word_1_821' title='bbox 1406 2528 1486 2554; x_wconf 79' lang='lat' dir='ltr'><strong>etiam</strong></span> <span class='ocrx_word' id='word_1_822' title='bbox 1519 2534 1589 2553; x_wconf 89' lang='lat' dir='ltr'><strong>nunc</strong></span> <span class='ocrx_word' id='word_1_823' title='bbox 1621 2526 1803 2552; x_wconf 81' lang='lat' dir='ltr'><strong>univcrsitatis</strong></span> 
     </span>
    </p>
   </div>
   <div class='ocr_carea' id='block_1_110' title="bbox 1020 2570 1802 2608">
    <p class='ocr_par' dir='ltr' id='par_1_110' title="bbox 1020 2570 1802 2608">
     <span class='ocr_line' id='line_1_110' title="bbox 1020 2570 1802 2608; baseline -0.009 -7"><span class='ocrx_word' id='word_1_824' title='bbox 1020 2576 1089 2601; x_wconf 84' lang='lat' dir='ltr'><strong>Deus</strong></span> <span class='ocrx_word' id='word_1_825' title='bbox 1115 2574 1264 2601; x_wconf 80' lang='lat' dir='ltr'><strong>nativitatis</strong></span> <span class='ocrx_word' id='word_1_826' title='bbox 1283 2574 1415 2608; x_wconf 73' lang='lat' dir='ltr'><strong>Uuigeuiti</strong></span> <span class='ocrx_word' id='word_1_827' title='bbox 1433 2574 1458 2600; x_wconf 90' lang='lat' dir='ltr'><strong>in</strong></span> <span class='ocrx_word' id='word_1_828' title='bbox 1478 2580 1558 2600; x_wconf 82' lang='lat' dir='ltr'><strong>carne</strong></span> <span class='ocrx_word' id='word_1_829' title='bbox 1581 2578 1732 2599; x_wconf 84' lang='lat' dir='ltr'><strong>sermonem</strong></span> <span class='ocrx_word' id='word_1_830' title='bbox 1760 2570 1802 2595; x_wconf 91' lang='lat' dir='ltr'><strong>iu-</strong></span> 
     </span>
    </p>
   </div>
   <div class='ocr_carea' id='block_1_111' title="bbox 1018 2614 1799 2653">
    <p class='ocr_par' dir='ltr' id='par_1_111' title="bbox 1018 2614 1799 2653">
     <span class='ocr_line' id='line_1_111' title="bbox 1018 2614 1799 2653; baseline -0.005 -8"><span class='ocrx_word' id='word_1_831' title='bbox 1018 2620 1101 2650; x_wconf 79' lang='lat' dir='ltr'><strong>ducit,</strong></span> <span class='ocrx_word' id='word_1_832' title='bbox 1119 2624 1145 2645; x_wconf 88' lang='lat' dir='ltr'><strong>et</strong></span> <span class='ocrx_word' id='word_1_833' title='bbox 1158 2627 1221 2646; x_wconf 87' lang='lat' dir='ltr'><strong>voce</strong></span> <span class='ocrx_word' id='word_1_834' title='bbox 1243 2619 1399 2653; x_wconf 86' lang='lat' dir='ltr'><strong>prophetica</strong></span> <span class='ocrx_word' id='word_1_835' title='bbox 1414 2619 1572 2653; x_wconf 83' lang='lat' dir='ltr'><strong>mysterium</strong></span> <span class='ocrx_word' id='word_1_836' title='bbox 1589 2622 1651 2644; x_wconf 81' lang='lat' dir='ltr'><strong>ante</strong></span> <span class='ocrx_word' id='word_1_837' title='bbox 1663 2614 1799 2650; x_wconf 74' lang='lat' dir='ltr'><strong>patefacit.</strong></span> 
     </span>
    </p>
   </div>
   <div class='ocr_carea' id='block_1_112' title="bbox 1018 2661 1801 2697">
    <p class='ocr_par' dir='ltr' id='par_1_112' title="bbox 1018 2661 1801 2697">
     <span class='ocr_line' id='line_1_112' title="bbox 1018 2661 1801 2697; baseline -0.006 -7"><span class='ocrx_word' id='word_1_838' title='bbox 1018 2669 1047 2690; x_wconf 88' lang='lat' dir='ltr'><strong>ut</strong></span> <span class='ocrx_word' id='word_1_839' title='bbox 1067 2665 1145 2691; x_wconf 79' lang='lat' dir='ltr'><strong>rebus</strong></span> <span class='ocrx_word' id='word_1_840' title='bbox 1161 2665 1192 2690; x_wconf 89' lang='lat' dir='ltr'><strong>ad</strong></span> <span class='ocrx_word' id='word_1_841' title='bbox 1218 2664 1318 2691; x_wconf 74' lang='lat' dir='ltr'><strong>exitum</strong></span> <span class='ocrx_word' id='word_1_842' title='bbox 1359 2663 1588 2697; x_wconf 61' lang='lat' dir='ltr'><strong>pervenientibus,</strong></span> <span class='ocrx_word' id='word_1_843' title='bbox 1624 2661 1801 2688; x_wconf 87' lang='lat' dir='ltr'><strong>indubitatam</strong></span> 
     </span>
    </p>
   </div>
   <div class='ocr_carea' id='block_1_113' title="bbox 1020 2707 1802 2737">
    <p class='ocr_par' dir='ltr' id='par_1_113' title="bbox 1020 2707 1802 2737">
     <span class='ocr_line' id='line_1_113' title="bbox 1020 2707 1802 2737; baseline -0.005 -1"><span class='ocrx_word' id='word_1_844' title='bbox 1020 2710 1097 2736; x_wconf 79' lang='lat' dir='ltr'><strong>ﬁdem</strong></span> <span class='ocrx_word' id='word_1_845' title='bbox 1127 2709 1207 2736; x_wconf 71' lang='lat' dir='ltr'><strong>iaciat</strong></span> <span class='ocrx_word' id='word_1_846' title='bbox 1221 2711 1354 2737; x_wconf 80' lang='lat' dir='ltr'><strong>munibus.</strong></span> <span class='ocrx_word' id='word_1_847' title='bbox 1372 2709 1440 2737; x_wconf 86' lang='lat' dir='ltr'><strong>llinc</strong></span> <span class='ocrx_word' id='word_1_848' title='bbox 1455 2710 1491 2736; x_wconf 82' lang='lat' dir='ltr'><strong>ait</strong></span> <span class='ocrx_word' id='word_1_849' title='bbox 1507 2718 1513 2736; x_wconf 70' lang='grc' dir='ltr'><strong>ι</strong></span> <span class='ocrx_word' id='word_1_850' title='bbox 1532 2718 1540 2735; x_wconf 82' lang='lat' dir='ltr'><strong>t</strong></span> <span class='ocrx_word' id='word_1_851' title='bbox 1563 2710 1629 2736; x_wconf 71' lang='lat' dir='ltr'><strong>Ecce</strong></span> <span class='ocrx_word' id='word_1_852' title='bbox 1648 2707 1802 2734; x_wconf 66' lang='lat' dir='ltr'><strong>Dominam&quot;</strong></span> 
     </span>
    </p>
   </div>
   <div class='ocr_carea' id='block_1_114' title="bbox 173 2789 1058 2832">
    <p class='ocr_par' dir='ltr' id='par_1_114' title="bbox 173 2789 1058 2832">
     <span class='ocr_line' id='line_1_114' title="bbox 173 2789 1058 2832; baseline 0.012 -18"><span class='ocrx_word' id='word_1_853' title='bbox 173 2796 195 2810; x_wconf 72' lang='grc' dir='ltr'><strong>ς·</strong></span> <span class='ocrx_word' id='word_1_854' title='bbox 247 2789 317 2817; x_wconf 62' lang='grc' dir='ltr'>ΡηιιΙ.</span> <span class='ocrx_word' id='word_1_855' title='bbox 337 2799 409 2825; x_wconf 76' lang='lat' dir='ltr'><strong>uix,</strong></span> <span class='ocrx_word' id='word_1_856' title='bbox 426 2792 452 2819; x_wconf 77' lang='lat'><strong>6.</strong></span> <span class='ocrx_word' id='word_1_857' title='bbox 492 2793 549 2809; x_wconf 48' lang='lat'><strong>’3‘&quot;</strong></span> <span class='ocrx_word' id='word_1_858' title='bbox 564 2794 630 2820; x_wconf 84' lang='lat' dir='ltr'><strong>Ibid.</strong></span> <span class='ocrx_word' id='word_1_859' title='bbox 643 2814 650 2826; x_wconf 89' lang='lat'><strong>,</strong></span> <span class='ocrx_word' id='word_1_860' title='bbox 670 2794 710 2822; x_wconf 72' lang='lat' dir='ltr'><strong>l2.</strong></span> <span class='ocrx_word' id='word_1_861' title='bbox 749 2795 771 2810; x_wconf 80' lang='grc'>³⁰</span> <span class='ocrx_word' id='word_1_862' title='bbox 791 2795 867 2824; x_wconf 74' lang='lat' dir='ltr'><strong>loau.</strong></span> <span class='ocrx_word' id='word_1_863' title='bbox 886 2805 934 2831; x_wconf 80' lang='lat' dir='ltr'><strong>xit,</strong></span> <span class='ocrx_word' id='word_1_864' title='bbox 950 2798 994 2832; x_wconf 77' lang='lat'><strong>3|,</strong></span> <span class='ocrx_word' id='word_1_865' title='bbox 1014 2799 1058 2825; x_wconf 65' lang='lat'><strong>3:2.</strong></span> 
     </span>
    </p>
   </div>
   <div class='ocr_carea' id='block_1_115' title="bbox 209 2869 708 2906">
    <p class='ocr_par' dir='ltr' id='par_1_115' title="bbox 209 2869 708 2906">
     <span class='ocr_line' id='line_1_115' title="bbox 209 2869 708 2906; baseline 0.004 -9"><span class='ocrx_word' id='word_1_866' title='bbox 209 2869 249 2898; x_wconf 75' lang='lat' dir='ltr'><strong>(ll</strong></span> <span class='ocrx_word' id='word_1_867' title='bbox 268 2869 364 2897; x_wconf 83' lang='lat' dir='ltr'><strong>llunl&#39;r.</strong></span> <span class='ocrx_word' id='word_1_868' title='bbox 382 2870 480 2903; x_wconf 70' lang='lat' dir='ltr'><strong>legisse</strong></span> <span class='ocrx_word' id='word_1_869' title='bbox 496 2870 601 2899; x_wconf 80' lang='lat' dir='ltr'><strong>videtur</strong></span> <span class='ocrx_word' id='word_1_870' title='bbox 617 2871 708 2906; x_wconf 75' lang='grc' dir='ltr'>πάχει.</span> 
     </span>
    </p>
   </div>
  </div>
