4144 6302
548 336 669 417 ’τοι
1548 358 1606 416 s.
1647 356 1918 418 CYRlLLl
1956 358 2423 416 ALEXANDRINI
2468 361 2781 420 ARCHIEP.
3705 360 3812 415 sos

568 473 831 531 Dominus
857 473 1119 539 Sabaoth,
1159 475 1505 531 conturbabit
1540 478 1805 547 gloriosos
1827 493 1951 534 cum
1984 478 2132 533 forti-

2249 480 2416 535 ικεῖνα
2446 480 2533 532 καὶ
2572 478 2666 532 νῦν
2697 479 2727 531 6
2757 476 2864 529 τῶν
2904 474 3038 529 ὅλων
3071 475 3225 542 Θεὸς,
3251 475 3344 530 τὸν
3369 475 3496 545 περὶ
3538 475 3640 544 τῆς
3669 477 3813 530 κατά

569 565 779 621 tudine.
812 584 832 619 ι
866 566 945 620 Ad
983 566 1277 622 novitatem
1310 569 1433 624 vita:
1462 569 1807 639 evangelicae,
1833 584 1898 623 ac
1925 569 2128 625 Christi

2249 568 2414 636 τάρκα
2441 569 2746 637 γεννήσεως
2781 564 2873 618 τοῦ
2905 564 3241 631 Μονογενοῦς
3279 563 3581 632 εἰσκομίζει
3629 564 3812 633 λόγον,

569 657 912 728 mysterium,
934 667 1223 713 revocatet
1248 659 1509 715 reformat
1532 669 1691 716 terra:
1725 659 1950 726 incolas,
1979 674 2134 715 ever~

2249 659 2328 710 καὶ
2356 656 2747 728 προαναφαίνει
2771 654 2834 708 τὸ
2855 656 3152 726 μυστήριον
3168 654 3256 707 διά
3283 657 3465 725 φωνῆς
3492 654 3811 726 προφητῶν,

563 750 641 804 sis
666 749 919 802 nimirum
941 749 1178 818 antiquis
1197 751 1412 814 ritibus,
1447 751 1796 819 moribusque
1814 751 2134 807 umbraticis

2249 747 2322 800 ἵνα
2348 747 2456 800 τῶν
2485 747 2827 818 πραγμάτων
2865 747 2946 809 είς
2976 744 3148 814 πέρας
3192 743 3590 812 ὲκϐεϐηκότων,
3631 745 3812 814 ἀναμ-

564 848 618 893 et
648 839 844 908 typicis
861 839 1107 896 obtinere
1144 841 1250 894 vim
1278 855 1431 896 suam
1481 841 1713 910 amplius
1754 857 1857 897 non
1908 841 2135 896 valenti-

2249 839 2454 908 ρίλογον
2483 839 2690 909 δέχοιτο
2734 839 2886 910 παρά
2914 839 3131 892 πάντων
3153 835 3252 907 τὴν
3293 837 3493 891 πίστιν.
3527 837 3594 890 Τί
3635 839 3815 890 τοίνυν

563 934 684 987 bus.
735 930 842 987 Sed
873 932 1137 988 adventus
1171 933 1255 988 sui
1293 933 1344 987 in
1387 933 1532 989 hunc
1578 935 1836 989 mundum
1880 934 1970 989 hic
2012 948 2135 989 sco-

2249 928 2398 998 ρησίν
2420 945 2433 960 ο
2473 946 2492 980 ι
2539 928 2670 982 Ἰδοὺ
2698 927 2762 998 δή
2794 931 2822 982 ὁ
2860 927 3137 997 Δεσπότης
3161 926 3366 997 Κύριος
3394 926 3644 990 Σαϐαὼθ,
3685 945 3815 980 συν-

562 1037 663 1090 pus
698 1021 817 1087 fuit,
844 1023 1100 1093 venitque
1129 1022 1541 1093 praedicaturus,
1579 1034 1634 1079 et
1669 1035 1798 1080 ante
1826 1025 1961 1081 alios
1992 1025 2136 1078 Isra—

2249 1020 2458 1090 ταράξει
2476 1019 2604 1084 τοὺς
2635 1019 2877 1084 ἐνδόξους
2903 1018 3039 1089 μετά
3076 1017 3293 1088 ἱσχύοςς
3339 1035 3358 1069 ι
3399 1018 3492 1081 Ei;
3519 1019 3816 1085 καινότητα

561 1112 725 1177 elitis,
750 1112 892 1181 quod
934 1128 1056 1183 qua:
1105 1128 1277 1183 usque
1326 1112 1393 1167 ad
1459 1116 1868 1171 restaurationis
1922 1126 2134 1188 tempus

2249 1111 2382 1182 ζωῆς
2413 1109 2775 1181 εὐαγγελικῆς
2821 1110 2884 1163 τδ
2915 1108 3010 1162 τοῦ
3050 1108 3287 1181 Χριστοῦ
3338 1109 3637 1181 μυστήριον
3683 1109 3818 1162 ἀνα-

561 1203 806 1258 instituta
836 1212 1024 1272 erant,
1064 1203 1118 1258 id
1149 1212 1254 1267 est,
1290 1205 1373 1258 lex
1410 1205 1463 1259 in
1506 1205 1681 1260 littera
1720 1208 1914 1277 posita,
1965 1224 2029 1264 ea
2068 1211 2136 1266 de

2249 1203 2438 1275 μορφοῖ
2467 1203 2593 1266 τοὺς
2622 1202 2715 1254 ἐπὶ
2745 1202 2844 1272 τῆς
2871 1201 2996 1271 γῆς,
3041 1199 3537 1271 ἀνατετραμμένων
3571 1198 3816 1270 δηλονότι

561 1302 760 1349 caetero
785 1293 942 1360 tollit,
974 1295 1156 1350 animo
1179 1295 1438 1360 ﬁdelium,
1465 1296 1541 1350 uti
1601 1296 1865 1363 dixeram,
1897 1299 1963 1353 ad
2016 1314 2132 1354 me-

2249 1295 2344 1349 τῶν
2371 1293 2738 1366 ἀρχαιοτέρων
2767 1292 2926 1356 ὲθῶν,
2961 1293 3055 1345 καὶ
3089 1291 3200 1345 τῶν
3241 1294 3300 1346 ὲν
3347 1294 3528 1355 σκιαῖς
3582 1292 3676 1344 καὶ
3717 1290 3816 1344 τύ-

560 1381 750 1438 liorem
789 1393 843 1439 et
872 1383 1168 1453 spiritalem
1199 1385 1322 1439 vita
1352 1384 1744 1441 institutionem
1772 1387 2130 1443 transforma-

2249 1403 2382 1450 ποις,
2415 1386 2516 1439 οὐκ
2549 1385 2781 1456 ἐχόντων
2812 1385 2892 1437 ἔτι
2932 1383 2994 1436 τὸ
3029 1381 3291 1436 δύνασθαι
3331 1384 3568 1453 κρατεῖν.
3614 1382 3754 1435 Ἀλλ’
3789 1383 3821 1435 6

565 1475 639 1521 to.
674 1467 820 1521 Nova
848 1468 989 1522 enim
1020 1468 1073 1522 in
1099 1467 1317 1524 Christo
1363 1472 1566 1526 omnia.
1598 1470 1665 1525 Et
1712 1473 1757 1527 si
1791 1487 1918 1529 vero
1974 1475 2134 1530 dece-

2249 1478 2340 1549 μὲν
2365 1479 2464 1548 τῆς
2489 1477 2724 1546 ἀφίξεως
2743 1476 2844 1546 τῆς
2865 1477 2944 1541 είς
2972 1476 3121 1530 τόνδε
3147 1476 3238 1529 τὸν
3268 1475 3473 1546 κόσμον
3498 1474 3650 1544 αὐτῷ
3697 1492 3821 1528 σκο-

444 1614 447 1616 ,
561 1561 656 1612 bat
682 1558 733 1613 ei
755 1559 1127 1628 obtemperare
1165 1575 1276 1629 pra:
1316 1563 1528 1618 caeteris
1575 1561 1810 1620 Iudaicae
1850 1579 2134 1636 synagogas

2249 1569 2338 1632 πὸς
2367 1567 2592 1637 γέγονεν
2639 1567 2844 1631 οὐτοσὶ,
2899 1567 2996 1620 καὶ
3029 1565 3374 1636 διακηρύξων
3429 1566 3674 1633 ἀφῖκται,
3725 1566 3820 1618 καὶ

563 1651 852 1716 primores,
889 1657 944 1704 et
977 1649 1069 1719 qui
1093 1651 1381 1706 sacerdotii
1413 1653 1711 1709 honoribus
1755 1654 1897 1709 haud
1925 1656 2131 1712 medio-

2249 1659 2343 1730 πρό
2368 1675 2433 1726 γε
2463 1657 2574 1712 τῷν
2600 1657 2776 1712 ἀλλων
2795 1659 2909 1721 τοῖς
2929 1655 2989 1722 ἐξ
3023 1656 3262 1728 Ἰσραὴλ,
3293 1656 3376 1708 ὅτι
3402 1655 3470 1708 τά
3508 1654 3672 1725 μέχρι
3695 1671 3821 1708 και-

565 1740 732 1793 criter
770 1740 1201 1797 insolescebant:
1236 1741 1292 1796 hi
1344 1750 1520 1798 tamen
1546 1758 1580 1799 e
1635 1747 1909 1801 contrario
1957 1761 2133 1816 repu-

2249 1746 2336 1818 ροῦ
2369 1745 2710 1818 διορθώσεως
2749 1746 3090 1817 ἐπικείμενα,
3132 1746 3430 1811 τουτέστιν,
3469 1747 3499 1798 6
3531 1745 3590 1797 ὲν
3635 1743 3823 1815 γράμ-

566 1835 800 1900 gnabant
819 1831 1131 1901 iuveniliter
1149 1848 1213 1887 ac
1236 1835 1560 1903 petulanter,
1596 1838 1917 1893 resistebant
1946 1839 2131 1910 impie,

2249 1853 2372 1908 μασι
2394 1836 2580 1908 νόμος,
2619 1836 2874 1907 καταίρει
2903 1834 3089 1888 λοιπὸν
3121 1834 3202 1895 είς
3238 1833 3410 1898 τέλος,
3448 1831 3823 1902 μεταπλαττο·

566 1933 620 1976 et
647 1923 818 1993 legem
866 1937 898 1978 a
943 1922 1092 1980 Mose
1123 1925 1522 1996 sapientissimo
1561 1929 1950 2000 promulgatam
1987 1946 2136 1987 sem-

2249 1928 2436 1999 μένης,
2491 1928 2566 1992 ὼς
2615 1927 2772 1998 ἔφην,
2816 1929 2896 1990 είς
2935 1925 3004 1979 τά
3048 1924 3257 1995 ἀμείνω
3299 1924 3394 1978 καὶ
3440 1923 3823 1994 πνευματικὴν

566 2016 732 2083 perin
769 2029 862 2070 ore
881 2015 1142 2072 habentes
1162 2055 1178 2082 ,
1215 2019 1534 2088 mysterium
1562 2021 1979 2089 dispensationis
2008 2021 2136 2078 Uni-

566 2107 732 2175 gcniti
767 2106 821 2160 in
847 2122 1034 2175 carne,
1060 2118 1320 2180 quantum
1370 2113 1424 2167 in
1447 2127 1508 2168 se
1533 2119 1653 2168 erat
1688 2114 1900 2170 irritum
1955 2115 2136 2172 facere

567 2199 857 2255 volebant:
889 2201 984 2256 sed
1019 2216 1183 2272 penes
1210 2217 1304 2258 eos
1327 2219 1432 2258 non
1469 2213 1586 2259 erat
1615 2206 1720 2261 hoc
1751 2214 2030 2276 praestare,
2081 2216 2137 2262 at

567 2289 807 2344 omnium
841 2288 1115 2347 Servatori
1143 2301 1198 2348 et
1223 2293 1336 2349 Deo
1369 2307 1528 2348 suum
1572 2295 1922 2364 supercilium
1965 2309 2134 2366 Oppo-

567 2392 780 2448 nentes,
813 2383 936 2438 mali
971 2383 1112 2440 male
1139 2385 1436 2454 perierunt,
1466 2385 1664 2455 partim
1701 2387 1841 2443 alter
1899 2389 1951 2442 in
2008 2388 2140 2443 alte-

567 2488 688 2528 rum
706 2475 1052 2544 assultantes,
1084 2485 1139 2530 et
1170 2477 1289 2548 lege
1334 2477 1460 2533 belli
1521 2479 1838 2535 insidiantes
1863 2519 1879 2546 ,
1935 2481 2132 2550 partim

569 2565 622 2618 in
658 2564 1023 2620 Romanorum
1073 2581 1266 2622 manus
1295 2568 1614 2635 incidentes,
1647 2570 1740 2639 qui
1769 2570 1945 2638 ipsum
2001 2572 2135 2627 adeo

572 2658 827 2727 templum
853 2659 1226 2713 incenderunt.
1258 2661 1396 2717 Ecce
1445 2661 1606 2732 igitur
1659 2663 1974 2717 Dominator
2030 2663 2136 2718 Do-

570 2749 750 2803 minus
777 2749 1014 2804 Sabaoth
1049 2751 1392 2806 conturbabit
1447 2752 1710 2822 gloriosos
1740 2767 1864 2808 cum
1919 2751 2138 2808 fortitu-

570 2840 716 2894 dine.
768 2839 1047 2896 Dominum
1113 2841 1350 2897 Sabaoth
1398 2847 1807 2899 conturbantem
1858 2845 2133 2912 nominat;

573 2930 911 2987 auditoribus
953 2940 1214 2988 terrorem
1255 2934 1556 3003 incutiens,
1591 2949 1659 2991 ne
1703 2935 1826 3006 quis
1854 2933 1992 2990 forte
2024 2935 2140 2990 exi-

572 3021 757 3076 stimet
781 3022 1095 3078 debiliorem
1119 3023 1236 3080 l‘ore
1267 3025 1459 3094 ipsum,
1493 3027 1577 3082 vel
1602 3028 1765 3082 etiam
1794 3028 1968 3082 minas
1989 3027 2143 3082 adhi-

570 3113 755 3169 buisse
784 3112 1112 3184 inelﬁcaces,
1139 3125 1193 3171 et
1223 3131 1342 3187 qua:
1370 3119 1590 3174 omnino
1619 3120 1686 3174 ad
1717 3119 1879 3174 linem
1915 3135 2022 3175 non
2052 3135 2141 3176 es-

575 3213 694 3259 sent
721 3214 1078 3275 perventum.
1114 3208 1251 3275 Quid
1294 3210 1439 3265 enim
1491 3208 1733 3266 ineﬂicax
1776 3227 1870 3267 seu
1937 3212 2142 3281 imper-

575 3296 776 3352 lectum
807 3299 911 3352 erit
939 3313 1128 3355 eorum
1174 3316 1294 3370 quae
1322 3317 1350 3355 a
1377 3303 1608 3358 Domino
1637 3305 1900 3371 Sabaoth,
1927 3305 2030 3360 hoc
2063 3313 2146 3360 est

578 3388 939 3454 exercituum,
969 3390 1384 3458 suscipiuntur?
1411 3391 1905 3462 Conquassaturum
1934 3409 1992 3449 se
2017 3394 2147 3451 dicit

578 3479 749 3535 elatos
772 3481 1044 3548 superbia.
1073 3478 1213 3536 Celsi
1263 3482 1405 3537 enim
1442 3491 1498 3538 et
1560 3483 1686 3538 elati
1729 3497 1856 3538 vere
1895 3483 2145 3552 superbia

579 3583 754 3635 erant,
775 3572 869 3641 qui
904 3587 1010 3628 non
1035 3575 1195 3628 modo
1219 3574 1513 3644 prophetas
1542 3582 1759 3630 sanctos
1780 3575 2136 3639 trucidarunt,

580 3676 633 3721 ct
692 3666 854 3736 19o
898 3666 1197 3722 rectissime
1243 3666 1649 3723 consulentibus
1697 3668 2034 3737 impudenter
2065 3668 2151 3722 di-

580 3768 742 3814 cunt:
783 3775 803 3810 ι
839 3759 959 3813 Alia
996 3759 1152 3814 nobis
1198 3757 1502 3827 loquimini,
1539 3767 1594 3814 et
1631 3760 1945 3815 annuntiate
1997 3759 2151 3814 nobis

581 3851 744 3905 alium
791 3852 1279 3917 errorem";ised
1312 3851 1475 3905 etiam
1546 3850 1600 3904 in
1649 3851 1821 3920 ipsum
1869 3849 2150 3905 Christum

581 3945 816 4016 linguam
849 3953 1140 4011 exacuunt,
1181 3953 1236 4000 et
1261 3959 1463 4000 cornua
1493 3944 1546 3998 in
1569 3943 1800 4020 sublime
1827 3942 2038 4009 tollunt,
2072 3953 2150 4010 et,

583 4047 640 4092 ut
671 4038 930 4108 scriptum
981 4047 1084 4104 cst,
1139 4045 1325 4093 contra
1379 4035 1545 4090 Deum
1595 4036 1886 4106 loquuntur
1936 4035 2150 4104 injusti-

583 4134 711 4188 tiam
747 4133 811 4189 ³³.
847 4135 915 4187 At
945 4133 1022 4196 hi,
1056 4132 1253 4202 inquit,
1281 4132 1575 4188 reddentur
1605 4130 1855 4195 humiles,
1882 4136 1936 4186 et
1960 4130 2154 4185 cadent

581 4225 778 4294 gladio.
841 4224 1164 4281 lnterierunt
1220 4225 1443 4290 etenim,
1500 4231 1560 4277 ut
1593 4221 1858 4286 dicebam,
1904 4221 1988 4277 vel
2028 4235 2149 4276 cum

583 4317 725 4372 Deus
793 4317 1264 4372 vehementissima
1349 4316 1428 4370 ira
1504 4313 1727 4380 inllicta,
1789 4314 1935 4368 velut
1992 4323 2154 4369 acuto

581 4407 766 4478 gladio
795 4421 888 4462 eos
914 4415 1277 4470 consumeret,
1319 4405 1585 4460 sacerdoti
1621 4405 1853 4476 insignia
1881 4402 2147 4470 auferret,

2237 2023 2512 2078 πολιτείαν
2543 2021 2644 2092 τῆς
2674 2020 2784 2074 τῶν
2821 2017 3184 2073 πιστευόντων
3219 2016 3478 2080 διανοίας.
3505 2016 3684 2071 Καινά
3708 2016 3822 2089 γὰρ

2235 2115 2414 2169 πάντα
2451 2113 2521 2168 τά
2566 2114 2624 2168 ἐν
2666 2111 2908 2182 Χριστῷ.
2967 2109 3128 2162 Ἀλλά
3167 2109 3346 2162 καίτοι
3388 2108 3823 2162 καταπείθεσθαι

2234 2202 2352 2257 δέον
2373 2200 2538 2272 αὐτῷ,
2573 2200 2670 2255 καὶ
2694 2201 2800 2269 πρό
2839 2216 2904 2268 γε
2931 2198 3039 2279 τῶν
3075 2197 3250 2253 ἀλλων
3279 2197 3378 2268 τῆς
3393 2199 3662 2252 Ἰουδαίων
3693 2216 3822 2253 συν-

2237 2294 2460 2363 αγωγῆς
2489 2292 2618 2355 τοὺς
2652 2289 3080 2363 προεστηκότας,
3114 2289 3209 2342 καὶ
3239 2290 3352 2351 τοῖς
3389 2288 3489 2359 τῆς
3521 2288 3825 2361 ἱερωσύνης

2239 2387 2550 2455 αὐχήμασιν
2585 2383 2647 2436 ού
2683 2381 2921 2454 μετρίως
2970 2380 3352 2452 κομπάζοντας
3373 2421 3389 2445 ,
3419 2382 3486 2434 ὲκ
3512 2379 3622 2435 τῶν
3660 2383 3824 2434 ἐναν-

2237 2475 2369 2529 τίων
2406 2473 2768 2544 ἀντεφέροντο
2818 2470 3104 2537 νεανικῶς,
3151 2471 3519 2540 ἀντέπραττον
3557 2469 3824 2538 ἀφοσίως,

2239 2564 2336 2619 καὶ⁵
2361 2564 2453 2618 τὸν
2479 2563 2568 2618 διὰ
2598 2562 2694 2618 τοῦ
2727 2562 3008 2631 πανσόφου
3042 2561 3284 2626 Μωσέως
3305 2561 3394 2616 ἀεὶ
3417 2560 3703 2625 λαλοῦντες
3737 2564 3826 2614 νό-

2243 2680 2362 2735 μον,
2389 2661 2671 2734 ἀπρακτον
2705 2661 3027 2729 ἀποφαίνειν
3059 2658 3251 2731 ήθελον
3277 2659 3340 2712 τό
3368 2676 3431 2727 γε
3455 2653 3592 2730 ἧκον
3619 2659 3700 2722 είς
3722 2659 3827 2712 αὑ·

2238 2756 2364 2818 τοὺς
2391 2754 2490 2826 τῆς
2529 2752 2666 2825 μετὰ
2689 2752 2892 2824 σαρκὸς
2917 2751 3230 2823 οίκονομίας
3262 2751 3355 2806 τοῦ
3386 2749 3724 2819 Μονογενοῦς
3763 2751 3828 2803 τὸ

2243 2847 2420 2918 μυστή
2431 2862 2562 2916 ριον.
2578 2845 2720 2898 Ἀλλ’
2736 2839 2804 2915 ἦν
2825 2843 3115 2913 ἀνέφικτον
3135 2843 3316 2906 αὐτοῖς
3336 2841 3496 2895 τοῦτο
3517 2841 3671 2913 δρᾷν,
3696 2845 3828 2895 ἀντ-

2241 2938 2524 3006 εξάγοντες
2548 2935 2602 2990 δὲ
2645 2936 2723 3006 τῷ
2775 2934 2993 2988 πάντων
3026 2934 3239 3007 Σωτῆρι
3273 2934 3367 2987 καὶ
3397 2933 3518 3003 Θεῷ
3537 2934 3597 2986 τὸ
3623 2934 3830 2986 οἰκεῖον

2243 3029 2475 3099 θέλημα,
2505 3028 2664 3082 κακοὶ
2699 3026 2885 3090 κακῶς
2917 3025 3222 3092 διολώλασι,
3257 3025 3415 3080 τοῦτο
3446 3025 3542 3097 μὲν
3574 3025 3831 3096 ἀλλήλοις

2243 3124 2616 3194 ὲπιφυόμενοι,
2644 3122 2739 3176 καὶ⁹
2765 3121 2858 3174 τὸν
2895 3119 3133 3190 πολέμου
3165 3119 3328 3189 νόμον
3360 3116 3827 3182 ἐπιϐουλεύοντες,

2243 3215 2401 3268 τοῦτο
2425 3214 2484 3267 δὲ
2513 3215 2634 3276 ταῖς
2671 3210 2957 3282 Ῥωμαίων
3003 3209 3392 3282 περιπεσόντες
3420 3207 3626 3278 χερσὶν,
3653 3206 3702 3258 οἳ
3733 3207 3831 3259 καὶ

2245 3307 2408 3361 αὑτὸν
2448 3305 2752 3376 ἐνέπρησαν
2789 3304 2880 3357 τὸν
2924 3304 3069 3358 ναόν.
3107 3302 3239 3355 Ἰδοὺ
3267 3299 3446 3354 τοίνυν
3483 3301 3512 3352 6
3546 3298 3830 3368 Δεσπότης

2245 3398 2452 3468 Κύριος
2515 3395 2742 3450 Σαϐαὼθ
2809 3391 3133 3466 συνταράξει
3201 3392 3328 3456 τοὺς
3377 3389 3624 3457 ἐνδόξους
3688 3388 3833 3460 μετά

2251 3489 2450 3560 ίσχύος.
2492 3487 2696 3557 Κύριον
2720 3485 2946 3540 Σαϐαὼθ
2975 3485 3227 3555 ὀνομάζει
3250 3483 3340 3536 τὸν
3366 3481 3832 3553 συνταράσσοντα,

2249 3577 2573 3632 καταπτοῶν
2616 3579 2730 3642 τοῖς
2753 3577 2971 3648 δείμασι
3013 3577 3140 3639 τοὺς
3188 3573 3593 3646 ἀκροωμένους,
3630 3574 3718 3626 ἴνα
3753 3576 3832 3644 μή

2247 3685 2332 3732 τις
2362 3668 2542 3739 οἴηται
2585 3669 2726 3738 τάχα
2771 3684 2896 3733 που,
2943 3667 3037 3722 καὶ
3069 3666 3385 3738 ἀσθενήσειν
3436 3665 3683 3736 αὑτὸν,ή
3735 3669 3837 3720 καὶ

2249 3759 2533 3830 ἀνηνύτοις
2568 3761 2824 3824 ἀπειλαῖς
2869 3759 3171 3832 κεχρῆσθαι
3215 3758 3433 3830 μᾶλλον,
3469 3757 3562 3812 καὶΙ
3611 3758 3734 3828 οὐχὶ
3767 3759 3834 3830 δὴ

2251 3849 2468 3913 πάντως
2515 3850 2916 3920 ἐκϐησομέναις
2957 3851 3038 3913 είς
3071 3849 3266 3922 πέρας.
3307 3849 3372 3902 Τί
3410 3847 3521 3918 γάρ
3567 3849 3837 3918 ἀνήνυτον

2251 3941 2406 3998 ἔσται
2451 3942 2560 3996 τῶν
2615 3942 3050 4014 ἐγχειρουμένων
3102 3943 3254 4013 παρὰ
3306 3943 3515 4012 Κυρίου
3565 3941 3836 4008 Σαϐαὼθ;

2253 4033 2720 4106 Συντριϐήσεσθαι
2770 4034 2827 4087 δέ
2860 4051 2995 4106 φησι
3049 4033 3178 4097 τοὺς
3233 4033 3472 4104 ὑψηλοὺς
3521 4035 3587 4104 τῇ
3650 4032 3840 4104 ὕϐρει.

2265 4125 2489 4196 ’Υψηλοὶ
2506 4125 2616 4197 γάρ
2646 4125 2814 4190 ὅντως
2841 4129 2905 4198 τῇ
2931 4125 3086 4196 ὕϐρει
3114 4125 3418 4194 γεγόνασιν,
3449 4126 3508 4178 οὗ
3545 4127 3845 4196 προφήτας

2255 4215 2442 4284 ἁγίους
2465 4215 2885 4278 ἀποκτείναντες
2919 4216 3101 4287 μόνον,
3131 4218 3223 4270 καὶ
3247 4219 3360 4279 τοῖς
3398 4215 3664 4269 κάλλιστα
3691 4233 3844 4286 συμ-

2255 4307 2600 4361 ϐουλεύουσιν
2626 4306 2820 4378 ἀνέδην
2843 4307 3093 4375 λέγοντες
3113 4325 3126 4337 ·
3164 4326 3183 4360 ι
3230 4307 3400 4360 Ἀλλά
3436 4308 3570 4378 ήμῖν
3598 4306 3847 4377 λαλεῖτε,

2255 4399 2350 4453 καὶ
2381 4398 2740 4468 ἀναγγέλλετε
2773 4400 2902 4468 ήμῖν
2927 4399 3120 4470 ἑτέραν
3152 4398 3439 4470 πλάνησιν,
3482 4417 3500 4450 ι
3549 4396 3689 4450 ἀλλά
3727 4400 3850 4467 γάρ

581 4499 761 4558 ollicio
801 4499 1132 4570 gubernandi
1193 4498 1450 4566 populum
1477 4496 1806 4560 °abdicaret,
1851 4497 1937 4551 vel
1987 4497 2148 4551 etiam

2253 4493 2345 4544 καὶ
2371 4489 2520 4561 αὐτῷ
2549 4491 2649 4562 τὴν
2681 4489 2927 4558 γλῶτταν
2964 4490 3320 4562 ὲπιθήγοντες
3348 4490 3427 4560 τῷ
3464 4489 3707 4560 Χριστῷ,
3747 4491 3853 4544 καὶ

580 4594 688 4648 alio
717 4592 877 4648 modo
902 4591 1021 4647 illos
1047 4605 1273 4645 casuros
1289 4589 1465 4656 gladio
1488 4589 1584 4652 ait,
1603 4588 1859 4642 nimirum
1891 4587 2149 4654 hostium,

580 4687 1034 4759 quemadmodum
1069 4684 1229 4738 modo
1250 4681 1380 4737 dixi.
1437 4679 1543 4735 Sed
1575 4689 1628 4735 et
1663 4679 1922 4744 Libauus,
1955 4679 2149 4750 inquit,

582 4796 705 4835 cum
757 4778 987 4834 excelsis
1015 4782 1253 4832 corruet.
1294 4773 1556 4828 Libanum
1618 4771 1671 4825 in
1716 4771 1826 4836 bis,
1884 4771 2042 4825 sicuti
2072 4778 2154 4826 est

582 4868 884 4938 probabile,
920 4866 1156 4937 appellat
1193 4864 1472 4934 templum,
1506 4862 1648 4932 quod
1683 4862 2003 4916 subversum
2070 4869 2153 4917 est

582 4969 635 5014 et
668 4959 968 5023 incensum,
993 4957 1294 5029 ceciditque
1321 4955 1481 5012 simul
1509 4970 1630 5010 cum
1655 4954 1740 5010 his
1764 4953 1854 5023 qui
1888 4953 1995 5008 alto
2027 4961 2156 5008 sunt

584 5052 894 5124 supercilio.
922 5049 1184 5106 Fastuosa
1224 5050 1368 5104 enim
1424 5057 1580 5104 erant
1625 5061 1753 5102 vere
1813 5045 2155 5101 sacerdotum

465 5151 476 5176 ⁵
585 5147 863 5210 examina,
904 5154 960 5200 et
990 5143 1104 5214 ipse
1134 5157 1255 5197 cum
1295 5141 1400 5195 illis
1433 5139 1618 5205 Israel,
1657 5139 1748 5209 qui
1775 5139 2155 5194 universorum

583 5240 930 5295 Scrvatorem
963 5244 1019 5290 et
1041 5235 1451 5303 Redemptorem
1475 5233 1737 5288 dedecore
1758 5229 2156 5300 conspurcavit.

587 5331 930 5386 Inveniemus
960 5326 1123 5383 etiam
1157 5325 1330 5394 ipsam
1377 5321 1676 5378 Jerusalem
1708 5321 1962 5390 appellari
1994 5319 2157 5374 Liba-

587 5438 735 5476 num.
767 5419 978 5476 Etenim
1014 5416 1272 5488 prOpheta
1323 5413 1616 5468 Zacharias
1669 5411 2159 5467 alicubidixitei":

593 5533 609 5561 ι
639 5512 820 5580 Aperi,
850 5511 1074 5576 Libane,
1101 5517 1287 5579 portas
1315 5516 1454 5572 tuas,
1475 5514 1530 5560 et
1561 5505 1779 5560 devoret
1811 5502 1951 5572 ignis
1975 5502 2165 5556 θεὼ-οε

592 5620 726 5666 tuas.
781 5608 964 5663 Ploret
1010 5605 1194 5676 pinus,
1247 5599 1446 5668 quippe
1471 5590 2165 5660 ceciditcedrus;plorate,

604 5757 642 5790 ³³
672 5756 774 5810 lsu.
813 5756 1049 5823 “1,10.
1129 5753 1173 5786 ⁸²
1201 5751 1343 5807 Psal.
1379 5764 1560 5817 Lx‘xtv,
1590 5751 1645 5803 6.
1723 5749 1765 5779 ⁸³
1799 5747 2025 5802 lichar.
2063 5761 2136 5810 χι,
2169 5745 2213 5797 l.

2251 4583 2313 4637 τὺ
2339 4582 2506 4654 κέρας
2541 4582 2639 4652 μὲν
2687 4583 2767 4644 είς
2818 4579 2951 4650 ὕψος
2989 4581 3333 4648 ἐπαίροντες,
3368 4579 3584 4635 ἀδικίαν
3629 4581 3690 4633 δὲ
3748 4581 3855 4634 λα-

2253 4672 2472 4736 λοῦντες
2503 4671 2644 4726 κατά
2675 4671 2770 4725 τοῦ
2801 4671 2958 4737 Θεοῦ,
2985 4671 3127 4725 κατά
3159 4672 3220 4725 τὸ
3243 4671 3652 4742 γεγραμμένον.
3694 4671 3851 4724 Ἀλλ’

2250 4759 2396 4818 οὗτοι
2418 4761 2933 4834 ταπεινωθήσονται,
2959 4762 3116 4832 φησὶ,
3136 4762 3232 4816 καὶ
3253 4760 3546 4815 πεσοῦνται
3568 4761 3852 4834 μαχαίρᾳ.

2253 4856 2546 4911 Διολώλασι
2571 4855 2702 4926 γάρ,
2738 4855 2813 4918 ὼς
2845 4854 3001 4924 ἔφην,
3044 4852 3202 4906 τοῦτο
3241 4854 3338 4924 μὲν
3364 4853 3688 4924 τομωτάτην
3723 4855 3859 4906 sm—

2255 4950 2510 5020 φέροντος
2557 4947 2738 5011 αὐτοῖς
2764 4946 2862 5017 τὴν
2905 4945 3095 5017 ὀργὴν,
3128 4947 3224 4997 καὶ
3259 4939 3371 4999 οἷον
3410 4944 3560 5016 ὀξείᾳ⁴
3593 4945 3861 5018 μαχαίρᾳ
3918 4998 3932 5032 ξ

2253 5039 2596 5102 δαπανῶντος
2629 5038 2826 5100 αὐτοὺς
2860 5037 2954 5091 τοῦ
2981 5036 3138 5102 Θεοῦ,
3175 5037 3272 5090 καὶ
3297 5037 3405 5090 τῶν
3432 5037 3534 5106 τῆς
3563 5036 3864 5090 δικαιοσύ-
3915 5095 3930 5112 ί

2255 5149 2354 5204 νης
2393 5131 2782 5202 ἀποκείροντος
2808 5129 3162 5200 αὐχημάτων,
3205 5129 3300 5182 καὶ
3347 5127 3442 5181 τοῦ
3476 5127 3864 5197 καθηγεῖσθαι

2256 5223 2401 5277 λαῶν
2434 5223 2875 5293 ἀποπέμποντος,
2914 5221 3082 5291 ήγουν
3114 5222 3210 5274 καὶ
3246 5221 3368 5273 καθ’
3397 5220 3586 5290 ἕτερον
3614 5219 3863 5288 τρόπον,
3911 5221 3920 5252 ³

2269 5317 2512 5387 μαχαίρᾳ
2546 5313 2827 5366 πεσεῖσθαί
2860 5329 3026 5384 φησιν
3055 5313 3274 5376 αὐτοὺς,
3310 5313 3374 5382 τῇ
3414 5309 3524 5363 τῶν
3569 5310 3871 5380 πολεμίων

2265 5407 2527 5479 δηλονότι,
2560 5405 2810 5476 καθάπερ
2845 5405 2979 5475 ἔφην
3024 5404 3250 5475 ἀρτίως.
3291 5401 3450 5455 Ἀλλά
3485 5402 3582 5454 καὶ
3619 5403 3648 5454 6
3688 5403 3872 5457 Λίϐα-

2268 5516 2394 5563 νος,
2449 5499 2623 5569 φησὶ,
2685 5498 2783 5550 σὺν
2842 5499 2953 5558 τοῖς
3008 5495 3231 5566 ὑψηλοῖς
3280 5497 3552 5548 πεσεῖται.
3611 5494 3872 5550 Λίϐανον

2272 5593 2329 5642 ὲν
2375 5589 2582 5651 τούτοις
2635 5589 2774 5642 κατά
2827 5605 2887 5657 γε
2942 5587 3000 5640 τὸ
3047 5585 3192 5650 είκδς
3245 5583 3499 5655 ὀνομάζει
3541 5583 3635 5638 τὸν
3688 5586 3872 5652 νεὼν,
