4122 6292
293 327 394 389 509

1414 336 1477 390 IN
1519 338 1754 393 ISAIAM
1798 341 1922 398 LIB.
1970 343 2034 400 11.
2080 343 2320 400 TOMUS
2361 344 2399 397 l.

3432 345 3534 399 5ῑο

288 448 345 510 δς
377 449 704 520 καθῄρηται,
743 451 834 503 καὶ
879 451 1287 521 ἑμπέπρησται,
1322 453 1574 522 πέπτωκέ
1615 475 1674 510 τε
1725 456 1860 528 ὀμοῦ

1983 474 2202 527 merens
2240 461 2436 524 Basan,
2468 463 2668 530 quippe
2707 461 2949 516 succisus
2968 461 3540 519 cstsaltusconsitus.»

287 543 399 601 τοῖς
426 541 633 612 ὑψηλὴν
663 543 845 611 ἔχουσι
868 541 966 612 τὴν
1005 542 1199 613 ὀφρύν.
1237 544 1570 616 ’Υπέροπτος
1596 549 1703 620 γάρ
1733 551 1865 621 άλη-

291 632 397 695 θῶς
428 635 457 686 6
484 651 541 688 τε
576 635 682 687 τῶν
711 635 900 704 ίερέων
929 635 1116 704 ἑσμὸς,
1151 637 1245 689 καὶ
1276 639 1436 701 αὐτὸς
1471 641 1528 694 δὲ
1559 643 1655 694 σὺν
1679 644 1864 707 αὐτοῖς

290 726 318 775 ὁ
355 725 586 795 Ἰσραὴλ,
633 725 724 778 τὸν
755 725 864 778 τῶν
887 724 1023 777 ὅλων
1069 726 1294 798 Σωτῆρα
1321 730 1413 780 καὶ
1435 730 1714 802 λυτρωτὴν
1744 733 1862 785 ἀτι-

296 817 484 882 μάσας.
531 819 850 887 Εὑρήσομεν
883 817 940 870 δὲ
997 817 1090 870 καὶ
1128 819 1298 888 αὐτὴν
1355 820 1451 890 τὴν
1499 821 1864 894 Ἰερουσαλὴμ

293 904 516 959 Λίϐανον
559 906 978 978 ὠνομασμένην.
1004 908 1115 960 Καὶ
1155 906 1286 975 γοῦν
1314 911 1342 962 6
1369 912 1656 980 προφήτης
1691 914 1867 982 Ζαχα-

295 996 406 1064 ρίας
435 996 538 1068 ἔφη
580 1015 681 1052 που
717 998 852 1069 πρὸς
895 999 1094 1068 αὑτήν·
1135 1016 1156 1049 ‹
1185 998 1478 1065 Διάνοιξον,
1529 1002 1560 1053 6
1609 1002 1862 1068 Λίϐανος,

289 1088 382 1148 τᾶς
415 1087 585 1160 θύρας
637 1106 754 1154 σου,
797 1089 892 1142 καὶ
937 1089 1306 1158 καταφαγὲτω
1349 1089 1462 1160 πῦρ
1500 1091 1600 1152 τὰς
1648 1093 1868 1162 κέδρους

289 1191 399 1229 σου.
457 1196 476 1227 ι
523 1179 858 1246 Ὀλολυξάτω
903 1178 1082 1245 πίτυς,
1139 1180 1276 1233 διότι
1327 1181 1582 1234 πέπτωκε
1638 1182 1862 1252 κέδροςο

288 1264 599 1335 ὀλολύξατε,
625 1269 788 1342 δρῦες
823 1273 922 1340 τῆς
954 1271 1331 1334 Βασανίτιδος,
1350 1272 1432 1325 ὅτι
1464 1273 1814 1342 κατεσπάσθη
1837 1275 1867 1327 6

283 1354 490 1427 δρυμός
519 1376 616 1412 σου
650 1362 680 1413 6
713 1359 1013 1431 σύμφυτος.
1063 1361 1282 1432 Ἐπειδὴ
1306 1363 1413 1435 γὰρ
1450 1364 1564 1435 δρει
1600 1363 1678 1435 τῷ
1699 1365 1868 1420 Λιϐά-

284 1461 376 1498 νου
409 1449 770 1520 παρεικάζων
815 1451 912 1522 τὴν
961 1453 1335 1525 Ἰερουσαλὴμ,
1373 1454 1540 1518 οὕτως
1582 1456 1865 1527 ὠνόμαζεν

281 1538 490 1605 αὐτὴν,
542 1540 856 1607 ἀναγκαίως
908 1541 1007 1610 τῆς
1041 1541 1137 1595 τοῦ
1173 1542 1327 1610 λόγου
1374 1546 1578 1617 τροπῆς
1624 1546 1865 1611 πιθανῶς

200 1623 219 1678 1
281 1625 579 1695 ἐχόμενος,
611 1629 821 1701 κέδροις
868 1631 958 1684 καὶ
993 1631 1183 1703 δρυμῷ
1237 1635 1518 1704 συμφύτῳ,
1545 1635 1672 1700 τούς
1702 1654 1763 1691 τε
1808 1640 1866 1691 ιν

1968 551 2256 620 Postquam
2282 552 2426 606 enim
2464 552 2633 606 monti
2669 550 2859 606 Libani
2893 551 3189 607 Jerusalem
3215 565 3540 619 comparans

1965 644 2038 698 ita
2067 644 2397 699 nominasset
2425 658 2571 708 eam,
2624 645 2935 699 necessario
2965 645 3019 698 iu
3069 645 3336 700 sermonis
3386 652 3541 712 tropo

1964 735 2167 787 diserte
2196 734 2514 796 immorans,
2565 733 2850 788 cedrorum
2875 734 3132 803 silvaque
3161 734 3382 788 consita
3449 749 3541 801 ap-

1965 823 2252 894 pellatione
2293 823 2518 893 populos
2568 825 2620 878 in
2663 839 2724 878 ea
2760 835 2815 879 et
2845 827 3114 895 principes
3181 834 3334 881 vocat
3389 841 3542 880 cont-

1966 914 2142 976 mode,
2173 927 2311 982 quas
2353 914 2533 983 lugere
2559 913 2735 982 jubet,
2771 925 3054 984 propterea
3080 917 3223 985 quod
3279 916 3544 970 insultent

1966 1003 2072 1058 illis
2109 1014 2366 1072 tanquam
2394 1004 2566 1068 silvis,
2602 1005 2771 1074 Iniqui
2807 1004 3273 1075 disperdiderunt.
3333 1005 3390 1060 Si
3424 1005 3543 1074 quis

1966 1102 2144 1146 autem
2177 1093 2309 1147 velit
2337 1102 2535 1148 tectam
2564 1102 2618 1149 et
2661 1094 2996 1149 reconditam
3032 1094 3354 1149 sententiam
3383 1095 3544 1148 attin-

1964 1196 2112 1249 gere,
2143 1191 2208 1236 et-
2227 1196 2446 1237 sensum
2471 1184 2690 1252 vimque
2747 1183 2940 1237 horum
2993 1183 3282 1238 verborum
3331 1181 3546 1238 Satanae

1965 1273 2301 1343 subditisque
2329 1275 2427 1343 ipsi
2457 1275 2813 1345 potestatibus
2867 1275 3092 1331 nefariis
3116 1277 3542 1336 aeconunodare.

1967 1362 2054 1416 hic
2084 1377 2114 1416 a
2154 1377 2317 1433 scopo
2375 1363 2573 1419 decoro
2636 1379 2978 1435 nequaquam
3043 1365 3348 1420 recesserit.
3399 1365 3542 1419 Con-

1967 1453 2094 1508 trita
2128 1461 2216 1510 est
2243 1454 2407 1520 enim,
2438 1463 2493 1509 et
2528 1456 2706 1522 periit,
2739 1455 2807 1510 ad
2859 1470 3079 1511 omnem
3140 1454 3398 1510 malitiam
3419 1470 3542 1523 pro-

1960 1546 2102 1615 iecta
2132 1555 2187 1600 et
2211 1544 2496 1616 proﬂigata
2540 1548 2847 1602 daemonum
2894 1548 3110 1610 cohors,
3147 1555 3201 1601 et
3262 1547 3378 1614 ipse
3420 1561 3544 1599 cum

1968 1637 2072 1692 illis
2099 1639 2263 1692 draco
2301 1645 2572 1708 apostata,
2597 1637 2774 1694 elatus
2795 1648 2847 1693 et
2870 1638 3278 1708 superciliosus,
3299 1647 3355 1691 et
3373 1636 3537 1690 vel-nti

278 1714 426 1785 αὐτῇ
456 1716 644 1782 λαοὺς,
692 1719 786 1770 καὶ
817 1719 916 1788 μέν
958 1734 1039 1772 τοι
1072 1720 1198 1783 τοὺς
1237 1723 1572 1794 ἡγουμένους
1611 1725 1864 1796 ὀνομάζει

1983 1727 2172 1782 Libano
2206 1727 2374 1782 monti
2430 1728 2709 1783 assimilis.
2749 1728 2883 1782 Nam
2911 1740 3036 1784 ante
3097 1727 3399 1782 Servatoris
3450 1740 3544 1779 no-

281 1807 602 1876 χρησίμως,
637 1802 720 1870 οἷς
747 1808 838 1862 καὶ
862 1808 1133 1872 ὀλολύζειν
1185 1809 1572 1879 διακελεύεται,
1605 1794 1775 1870 διάτοι
1805 1818 1866 1871 τὸ

1983 1820 2092 1875 ιιι-ὓ
2115 1819 2406 1874 adventum
2446 1819 2668 1873 illustris
2697 1828 2820 1874 erat
2877 1819 3147 1884 omnibus,
3193 1828 3250 1873 et
3285 1817 3544 1878 insolens,

281 1895 506 1966 δρυμῶν
538 1899 696 1970 δίκην
728 1900 999 1970 ἑπιπηδᾷν
1031 1900 1216 1965 αὐτοῖς
1265 1905 1392 1968 τοὺς
1437 1905 1862 1978 ὠλοθρευκότας.

287 1987 347 2038 Εἰ
373 1988 429 2040 δὲ
463 1990 534 2058 δή
569 2006 653 2052 τις
683 1990 858 2044 ἕλοιτο
901 1992 1290 2063 κεκρυμμένης
1328 1993 1568 2064 ἅψασθαι
1609 1999 1862 2071 θεωρίας,

1973 1911 2171 1983 ubique
2193 1911 2441 1967 locorum
2466 1913 2752 1978 adoratus,
2797 1918 2853 1964 et
2894 1910 3120 1979 gloriam
3154 1909 3373 1963 deitatis
3393 1907 3460 1961 ad
3488 1921 3550 1961 se

1975 2004 2174 2069 rapuit.

289 2078 380 2130 καὶ
405 2080 507 2151 τὴν
551 2079 660 2134 τῶν
695 2082 1073 2152 προκειμένων
1113 2086 1418 2155 ἐφαρμόσαι
1471 2087 1700 2157 δύναμιν
1753 2089 1902 2160 αύτῷ
1931 2107 1991 2143 τε
2031 2092 2110 2163 τῷ
2157 2093 2407 2162 Σατανᾷ,
2457 2092 2554 2146 καὶ
2599 2094 2722 2154 ταῖς
2756 2092 2848 2146 ὑπ’
2901 2091 3066 2146 αὑτὸν
3117 2089 3378 2157 δυενάμεσι
3430 2089 3548 2147 rei;

291 2170 612 2244 ἀλιτηρίαις,
639 2175 761 2229 οὐδὲ
797 2171 954 2240 οὗτος
982 2178 1085 2243 ἔξω
1110 2179 1204 2232 τοῦ
1231 2181 1439 2244 εἰκότος
1468 2181 1727 2251 βαδιεῖται
1766 2184 1994 2239 σκοποῦ.
2025 2186 2317 2256 Συνετρίδη
2344 2187 2400 2239 δὲ
2444 2187 2540 2239 καὶ
2567 2185 2815 2239 ἀπόλωλε
2855 2184 2966 2238 τῶν
2994 2182 3288 2252 δαιμονίων
3309 2180 3370 2232 τὸ
3396 2178 3548 2247 φιλο-

293 2267 593 2339 κακοῦργον
633 2274 844 2340 στῖφος,
892 2270 990 2326 καὶ
1041 2273 1206 2338 αὐτὸς
1237 2275 1291 2327 δὲ
1332 2277 1428 2330 σὺν
1479 2277 1663 2341 αὐτοῖς
1691 2280 1720 2331 6
1751 2279 1968 2350 δράκων
1999 2283 2028 2334 6
2064 2281 2399 2352 ἀποστάτης,
2433 2283 2462 2334 6
2493 2280 2733 2350 ὑψηλὸς,
2771 2282 2870 2334 καὶ
2919 2280 3256 2349 ύπὲροφρυς,
3295 2277 3390 2329 καὶ
3433 2269 3549 2327 οἷον

294 2360 406 2428 ὖρει
440 2363 518 2433 τῷ
550 2363 770 2436 Διδάνῳ
825 2367 1285 2438 παρεικασμένος.
1326 2371 1439 2440 Πρὸ
1474 2372 1581 2441 γὰρ
1613 2372 1712 2443 τῆς
1747 2373 1844 2427 τοῦ
1908 2376 2159 2446 Σωτῆρος
2213 2376 2373 2446 ἡμῶν
2414 2377 2706 2447 ἐπιδημίας
2750 2376 3057 2446 περιφανής
3109 2389 3192 2436 τις
3231 2367 3300 2442 ἦν
3349 2371 3543 2430 ἅπασι.

296 2452 387 2504 καὶ
425 2453 620 2518 ἄτοπος
646 2457 896 2528 πανταχῆ
942 2460 1433 2532 προσκυνούμενος,
1475 2466 1567 2518 καὶ
1619 2465 1720 2536 τὴν
1747 2467 1845 2537 τῆς
1885 2467 2138 2540 θεότητος
2164 2468 2321 2535 δόξαν
2352 2469 2604 2538 ἁρπάσας
2633 2468 2719 2537 ἐφ’
2752 2466 2952 2536 ἑαυτῷ.

368 2546 479 2599 Καὶ
512 2548 894 2613 ἐξελεύσεται
927 2552 1153 2621 ῥάϐδος
1182 2556 1250 2608 ἐκ
1276 2554 1384 2624 τῆς
1407 2557 1574 2626 ῥίζης
1614 2560 1868 2626 Ἰεσσαί,

304 2639 403 2689 καὶ
428 2636 604 2708 ἄνθος
631 2641 698 2694 ἐκ
721 2641 832 2711 τῆς
855 2643 1021 2712 ῥίζης
1067 2646 1456 2715 ἀναϐήσεται,
1480 2651 1580 2704 καὶ
1595 2651 1868 2706 ἀναπαύ-

307 2743 479 2783 σεται
520 2730 612 2782 ἐπ’
656 2733 839 2787 αὑτὸν
874 2737 1106 2806 πνεῦμα
1131 2738 1241 2793 τοῦ
1271 2741 1440 2805 Θεοῦ,
1484 2741 1721 2812 πνεῦμα
1762 2759 1870 2798 σο-

314 2821 456 2886 φίας
477 2823 572 2876 καὶ
600 2823 925 2893 συνέσεως,
946 2829 1182 2898 πνεῦμα
1210 2831 1454 2902 ,βουλῆς
1489 2834 1588 2886 καί
1631 2835 1869 2902 ἰσχύος,

322 2913 548 2982 πνεῦμα
571 2913 846 2984 τνώσως
885 2919 979 2974 καὶ
1004 2923 1328 2991 εὐσεϐείας,
1344 2925 1642 2995 ἐμπλήσει
1660 2927 1849 2981 αὐτὸν·

325 3003 552 3072 πνεῦμα
578 3007 765 3075 φόϐου
787 3010 947 3066 Θεοῦ.

2048 2563 2176 2618 Car.
2218 2563 2311 2618 XI.
2349 2563 2642 2618 “utsi-5.
2685 2562 2840 2632 191
2883 2559 2947 2614 Et
2983 2557 3278 2629 egredietur
3311 2571 3457 2624 virga
3488 2556 3551 2608 de

1975 2655 2152 2708 radice
2199 2653 2384 2720 Jesste,
2417 2663 2466 2708 et
2502 2656 2601 2724 ﬂos
2644 2655 2706 2707 de
2746 2653 2923 2706 radice
2966 2651 3231 2706 ascendet.
3274 2648 3341 2702 Et
3381 2649 3554 2714 requi—

1974 2753 2107 2797 escet
2135 2759 2288 2812 super
2308 2762 2426 2798 eum
2455 2745 2673 2813 spiritus
2701 2743 2815 2807 Dei,
2847 2743 3062 2810 spiritus
3092 2740 3364 2809 sapientia
3389 2747 3438 2792 et
3468 2739 3552 2792 in-

1977 2833 2240 2901 tellectus,
2295 2835 2510 2902 spiritus
2561 2835 2769 2888 consilii
2815 2843 2862 2888 et
2920 2833 3283 2900 fortitudinis,
3337 2832 3553 2899 spiritus

1977 2923 2208 2977 scientia
2238 2933 2286 2977 et
2317 2924 2829 2993 pietatis,complebit
2856 2924 3027 2992 ipsum
3089 2924 3304 2990 spiritus
3349 2922 3553 2974 timoris

1982 3013 2099 3067 Dei.

394 3093 751 3164 Προεγνωκὼς
787 3102 814 3154 6
846 3105 1127 3176 προφήτης
1175 3105 1264 3160 διὰ
1301 3106 1404 3177 τῆς
1455 3109 1659 3162 ἄνωθεν
1697 3109 1876 3179 δᾳδου-

2058 3104 2322 3160 Praesctus
2378 3120 2560 3160 rerum
2618 3104 2920 3160 futurarum
2988 3104 3283 3173 pr0pbeta,
3348 3103 3463 3156 face
3524 3120 3554 3157 e

315 3183 437 3252 χίας·
467 3187 537 3241 τὰ
568 3189 797 3261 ἐσόμενα
832 3196 978 3266 σαφῆ
1018 3199 1253 3251 ποιεῖται
1303 3199 1404 3270 τὴν
1451 3201 1870 3272 προαγόρευσιν.

311 3278 534 3350 Εἴρηται
568 3281 676 3353 γὰρ
718 3285 817 3353 μὲν
846 3287 904 3339 ὲν
933 3285 1182 3360 ὑστέροις
1220 3291 1433 3360 καιροῖς
1478 3291 1615 3363 πρὸς
1646 3292 1736 3345 τὸν
1780 3309 1878 3362 μα-

311 3371 494 3440 κάριον
542 3372 710 3428 Δασὶδ
753 3376 907 3447 παρὰ
942 3377 1037 3430 τοῦ
1085 3377 1304 3433 πάντων
1345 3381 1675 3452 κρατοῦντος
1702 3382 1872 3437 Θεοῦ·

312 3483 333 3514 ‹
380 3465 470 3518 Ἐκ
495 3466 712 3536 καρποῦ
739 3468 842 3539 τῆς
874 3467 1075 3538 ὀσφύος
1115 3487 1209 3524 σου
1236 3471 1474 3545 θήσομαι
1502 3475 1596 3528 ἐπὶ
1632 3475 1720 3528 τὸν
1751 3475 1878 3546 θρό-

307 3571 396 3609 νον
422 3574 540 3611 σου.
579 3577 598 3611 ι
640 3559 861 3632 Ἐπειδὴ
905 3559 964 3624 δὲ
1004 3557 1074 3632 ἦν
1100 3563 1130 3616 6
1167 3563 1346 3619 πάντα
1376 3564 1531 3628 εἰδὼς
1559 3568 1672 3629 τοῖς
1706 3566 1880 3635 ἁγίοις

305 3651 610 3720 προφήταις
645 3652 747 3723 τὴν
792 3651 903 3706 τῶν
949 3653 1224 3723 ἐσομένων
1268 3656 1580 3726 πρόγνωσιν
1623 3657 1873 3724 ἐντιθεὶς,

305 3739 783 3812 προαναδεὸόηται
824 3743 922 3796 καὶ
948 3741 1109 3797 τοῦτο
1148 3744 1279 3816 παρ’
1308 3744 1512 3811 αὐτῶν,
1545 3746 1632 3800 ῐνα
1671 3763 1880 3801 παντα-

304 3828 468 3896 χόθεν
523 3833 870 3903 μαρτυρῆται
921 3833 986 3887 τὸ
1032 3835 1354 3906 μυστήριον,
1416 3837 1510 3890 καὶ
1559 3837 1883 3908 πιστεύηται

301 3918 550 3985 γεγονός.
580 3919 804 3974 Ῥάϐδον
830 3923 1011 3976 τοίνυν
1035 3925 1099 3976 ἐκ
1126 3925 1227 3994 τῆς
1255 3925 1413 3996 ῥίζης
1442 3927 1644 3981 Ἰεσσαὶ
1668 3927 1885 3992 ἐξελεύ-

311 4009 508 4062 σεσθαί
538 4027 726 4082 φησιν,
770 4013 1140 4084 ἀναϐήσεσθαι
1187 4014 1246 4068 δὲ
1293 4014 1390 4070 καὶ
1438 4017 1629 4082 άνθος,
1687 4019 1782 4072 καὶ
1823 4020 1886 4073 οὐ

305 4102 452 4173 μετά
488 4119 554 4170 γε
597 4103 660 4156 τὸ
689 4106 1029 4176 ταραχθῆναι
1054 4108 1180 4170 τοὺς
1211 4107 1456 4173 ἐνδόξους
1495 4109 1635 4180 μετὰ
1678 4109 1883 4181 ἰσχύος,

304 4193 720 4265 ταπεινωθῆναι
767 4197 826 4250 δὲ
855 4200 949 4251 καὶ
977 4199 1106 4263 τοὺς
1138 4199 1398 4271 ὑψηλοὺς,
1442 4203 1534 4256 καὶ
1563 4204 1660 4256 σὺν
1707 4203 1893 4264 αὐτοῖς

303 4285 601 4339 πεσεῖσθαι
650 4287 742 4341 τὸν
772 4289 1032 4358 Λίϐανον,
1088 4292 1212 4346 τότε
1266 4293 1368 4362 τὴν
1421 4292 1616 4362 ῥάϐδον
1680 4293 1745 4346 ὲκ
1794 4293 1895 4362 τῆς

316 4379 526 4431 Ἰεσσαὶ
573 4379 731 4450 ῥίζης
777 4381 1082 4453 ἀναφυῆναί
1127 4400 1316 4454 φησιν.
1353 4382 1493 4434 Ἀλλ’
1543 4383 1602 4434 ἐν
1652 4381 1752 4451 μὲν
1781 4384 1895 4444 τοῖς

1975 3197 2222 3264 supernis
2245 3210 2495 3262 accensa,
2532 3196 2735 3252 claram
2765 3193 3168 3266 praedictionem
3200 3193 3351 3248 facit.
3379 3191 3560 3248 Poste-

1977 3284 2212 3340 rioribus
2263 3285 2408 3340 enim
2469 3285 2802 3355 temporibus
2842 3282 3045 3338 dictum
3088 3291 3172 3339 est
3230 3283 3295 3338 ad
3343 3285 3558 3338 beatum

1979 3374 2232 3432 Davidem
2271 3392 2300 3431 a
2339 3385 2670 3447 praepotente
2721 3377 2830 3432 Deo
2863 3391 2880 3431 :
2914 3395 2933 3429 ι
2957 3375 3030 3430 De
3050 3375 3226 3430 fructu
3260 3375 3426 3430 lumbi
3481 3377 3558 3431 tui

1977 3485 2176 3539 ponam
2229 3484 2392 3538 super
2439 3469 2624 3525 sedem
2677 3478 2823 3524 tuam
2851 3467 2918 3523 ³⁸.
2957 3487 2976 3520 ι
3013 3468 3147 3524 Cum
3196 3482 3326 3524 vero
3377 3471 3563 3524 omnia

1981 3561 2166 3626 sciret,
2221 3560 2522 3614 futurorum
2567 3559 3005 3628 perspicientiam
3049 3559 3253 3614 sanctis
3284 3558 3563 3628 prophetis

1983 3649 2246 3706 inseruit:
2279 3659 2334 3705 et
2378 3649 2482 3704 hoc
2524 3648 2593 3703 ab
2624 3649 2730 3703 illis
2757 3662 2975 3718 quoque
3005 3657 3132 3704 ante
3173 3648 3562 3718 proclamatum

1985 3747 2100 3804 est,
2129 3747 2189 3793 ut
2235 3739 2593 3808 undecunque
2627 3746 2879 3793 testatum
2928 3737 3079 3792 ﬂeret
3127 3737 3476 3808 mysterium,
3509 3744 3560 3790 et

1987 3845 2111 3884 cum
2166 3830 2368 3884 factum
2420 3839 2567 3885 esset
2618 3831 2952 3885 crederetur.
3003 3829 3192 3898 itaque
3240 3828 3448 3896 virgam
3499 3827 3566 3880 de

1988 3921 2170 3976 radice
2194 3920 2358 3976 Jessaa
2383 3935 2722 3988 egressuram
2749 3922 2845 3985 ait,
2873 3920 3167 3988 ﬂoremque
3191 3930 3563 3972 ascensurum.

1990 4009 2106 4066 Non
2137 4021 2315 4064 autem
2344 4011 2595 4080 gloriosis
2632 4011 2686 4064 in
2713 3996 3030 4065 fortitudine
3057 4006 3420 4070 conturbatis,
3449 4005 3566 4058 ela~

1994 4105 2062 4160 tis
2105 4102 2361 4172 deiectis,
2410 4101 2722 4170 Libanoque
2781 4115 2903 4154 cum
2967 4099 3074 4153 illis
3131 4097 3400 4165 collapso,
3454 4104 3565 4150 tum

1993 4197 2198 4266 virgam
2231 4195 2365 4250 dicit
2393 4196 2460 4247 de
2484 4195 2652 4261 stirpe
2671 4191 2837 4247 Jessaa
2877 4190 3298 4262 germinaturam
3329 4207 3341 4242 :
3371 4190 3464 4244 sed
3514 4188 3566 4242 iu

1995 4287 2364 4359 superioribus
2388 4285 2555 4340 totius
2580 4284 2780 4354 negotii
2807 4297 3016 4339 summa
3051 4283 3102 4335 in
3134 4295 3330 4349 genere
3353 4281 3569 4334 demon-

1998 4383 2289 4436 strabatur.
2325 4380 2454 4447 Quae
2501 4391 2736 4446 namque
2775 4383 3031 4431 eventura
3060 4385 3240 4428 essent
3288 4372 3562 4434 lsraelitis,

300 4467 552 4537 πρώτοις
577 4471 1110 4544 κεφαλαιωδέστερον
1155 4453 1306 4543 ήτοῦ
1342 4473 1543 4535 παντὸς
1571 4473 1879 4542 πράγματος

1998 4475 2160 4542 impie
2186 4473 2238 4526 in
2274 4472 2557 4526 Dominum
2584 4480 2828 4525 nostrum
2861 4466 3042 4522 Jesum
3070 4464 3345 4519 Christum
3372 4465 3566 4518 debac-

300 4559 570 4628 ὲδηλοῦτο
596 4560 846 4632 δύναμις.
873 4563 1007 4619 Τίνα
1027 4565 1134 4636 γὰρ
1155 4565 1350 4636 ἔμελλε
1385 4566 1760 4636 συμϐήσεσθαι
1783 4570 1896 4631 τοῖς

299 4653 375 4716 ἐξ
411 4652 624 4724 Ἰσραὴλ
666 4657 1120 4726 πεπαρῳνηκόσιν
1166 4658 1398 4720 ἀνοσίως
1445 4659 1526 4722 εἰς
1557 4659 1647 4711 τὸν
1690 4659 1897 4730 Κύριον

261 4743 476 4842 nam
513 4746 720 4842 Ἰησοῦν
764 4746 1137 4842 τῆνᾲξρξστδν,
1169 4751 1226 4801 ἐν
1254 4749 1444 4820 βραχεῖ
1475 4751 1617 4822 λόγῳ
1646 4752 1899 4823 μεμαθή-

304 4852 514 4904 καμενο
559 4838 829 4908 ἁναφοιτᾷ
853 4837 908 4892 δὲ
938 4838 1034 4892 νῦν
1057 4841 1090 4910 ή
1119 4841 1369 4912 διήγησις
1396 4843 1482 4896 ἐπ’
1507 4843 1678 4913 αὐτὴν
1711 4843 1899 4913 ὥσπερ

300 4926 417 4995 τὴν
466 4927 728 4981 ἀνωτάτω
767 4929 861 4982 τοῦ
907 4930 1230 5000 πράγματος
1268 4932 1466 5004 ἀρχὴν,
1516 4934 1660 5004 φημὶ
1697 4933 1760 5002 δὴ
1796 4932 1896 5003 τὴν

305 5016 731 5088 ὲνανθρὼπησιν
758 5019 854 5073 τοῦ
890 5021 1256 5087 Μονογενοῦς,
1283 5024 1378 5076 καὶ
1401 5023 1500 5094 τὴν
1529 5023 1894 5094 οἰκονομικῶς

307 5109 586 5179 ἐσομένην
619 5111 682 5163 ὲκ
711 5111 969 5180 γυναικὸς
999 5113 1142 5167 κατὰ
1173 5114 1353 5185 σάρκα
1385 5114 1658 5184 γέννησιν.
1677 5115 1898 5169 Ῥάὸδον

306 5198 386 5266 δὴ
427 5194 520 5250 οὖν
565 5198 815 5269 ὠνόμαζε
857 5200 948 5254 τὸν
990 5203 1054 5253 ἐκ
1101 5201 1255 5271 ῥίζης
1296 5202 1495 5254 Ἰεσσαὶ
1547 5202 1687 5255 κατὰ
1719 5204 1898 5273 σάρκα

308 5287 587 5355 Χριστόνο
633 5291 729 5342 καὶ¹
781 5289 888 5360 μὴν
932 5291 1069 5362 πρὸς
1099 5291 1274 5361 τούτῳ
1327 5291 1421 5346 καὶ
1448 5292 1630 5357 ἄνθος,
1669 5293 1764 5345 καὶ
1809 5293 1899 5348 διὰ

315 5378 424 5448 μὲν
442 5379 540 5450 τῆς
567 5381 790 5451 ῥάϐδου,
822 5383 966 5436 κατά
992 5399 1056 5450 γε
1077 5381 1138 5434 τὸ
1168 5381 1336 5445 εἰκὸς,
1364 5383 1425 5435 τὸ
1453 5383 1731 5453 βασιλικὸν
1746 5384 1885 5454 ἔχων

307 5468 533 5540 ἀξίωμα
594 5473 843 5541 πλαγίως
890 5473 1345 5542 ὑποσημαίνεται.
1381 5474 1637 5545 Σύνθημα
1663 5476 1772 5546 γὰρ
1801 5477 1898 5546 βα-

309 5557 524 5623 σιλείας
548 5561 583 5630 ή
618 5560 838 5631 ῥάϐδος.
871 5561 982 5614 Ka‘t
1020 5560 1149 5629 γοῦν
1171 5562 1200 5614 6
1229 5560 1516 5626 θεσπέσιος
1558 5562 1723 5617 Δαθὶδ
1767 5565 1899 5632 πρὸς

388 5713 432 5744 ³⁸
461 5715 603 5771 Psal.
630 5730 823 5781 eam,
854 5714 938 5768 ll.
1017 5716 1061 5748 ³⁸
1095 5713 1238 5769 Psul.
1269 5731 1413 5782 κων,
1446 5716 1496 5769 7.

1995 4565 2190 4630 citatis,
2225 4563 2372 4618 brevi
2402 4575 2652 4618 sermone
2690 4559 3012 4622 didicimus;
3043 4571 3185 4611 nunc
3216 4561 3396 4609 autem
3442 4568 3568 4607 nar-

1997 4655 2135 4708 ratio
2167 4655 2232 4708 ad
2263 4667 2530 4709 summum
2574 4649 2740 4706 veluti
2779 4649 2857 4702 rei
2890 4647 3210 4719 principium
3244 4642 3565 4713 regreditur,

2001 4744 2067 4797 ad
2095 4743 2486 4798 humanitatem
2515 4743 2732 4811 inquam
2762 4741 3043 4810 Unigenm,
3064 4747 3116 4792 et
3143 4738 3206 4790 ad
3237 4734 3566 4788 nativitatem

1999 4836 2291 4888 secundum
2311 4849 2551 4896 carnem,
2576 4847 2642 4887 ex
2669 4831 2894 4885 muliere
2921 4829 3128 4882 ratione
3155 4824 3570 4893 dispensationis

1998 4925 2256 4980 futuram.
2302 4926 2535 4978 Proinde
2584 4924 2790 4990 virgam
2838 4918 3136 4974 nominavit
3182 4916 3458 4972 Christum
3506 4918 3572 4968 tle

1999 5017 2180 5071 radice
2193 5015 2358 5070 Jessae
2375 5015 2527 5082 juxta
2549 5025 2797 5075 carnem,
2814 5018 2867 5065 et
2891 5018 3150 5078 praeterea
3173 5009 3332 5062 etiam
3353 5007 3569 5060 ﬂorem:

1999 5117 2055 5163 et
2111 5123 2205 5176 per
2255 5107 2492 5175 virgam,
2551 5117 2672 5157 eum
2725 5103 2928 5172 regiam
2975 5099 3290 5170 dignitatem
3338 5097 3573 5156 habere.

2001 5199 2219 5268 oblique
2242 5193 2574 5250 subiudicati
2605 5194 2837 5248 videtur.
2871 5190 3004 5245 Nam
3039 5199 3246 5244 tessera
3273 5195 3328 5241 et
3361 5186 3574 5255 signum

2009 5293 2161 5362 regni
2207 5291 2374 5357 virga.
2418 5287 2555 5343 Hine
2600 5287 2810 5342 divinus
2859 5284 3027 5340 David
3071 5283 3172 5354 ipsi
3218 5280 3354 5336 Filio
3403 5278 3574 5334 dicit:

2015 5401 2040 5433 ι.
2074 5381 2325 5436 Tlironus
2360 5388 2505 5442 tuus,
2557 5378 2720 5440 Deus,
2756 5376 2809 5429 in
2864 5374 3116 5429 saeculum
3164 5369 3379 5437 saeculi,
3428 5367 3575 5437 virga

2009 5470 2352 5527 rectitudinis
2380 5471 2530 5538 virga
2564 5468 2713 5537 regni
2750 5465 2823 5520 tui
2849 5465 2914 5518 ³⁵.
2944 5484 2962 5517 ι
3000 5464 3138 5531 Quin
3162 5472 3216 5518 et
3242 5461 3396 5516 aliter
3429 5459 3574 5528 virga

2011 5566 2114 5622 dici
2147 5571 2344 5636 potest,
2373 5563 2627 5634 quoniam
2665 5561 2825 5622 habet
2857 5558 3064 5622 omnia,
3085 5564 3140 5611 et
3167 5555 3218 5609 in
3256 5561 3404 5609 recto
3435 5559 3572 5607 statu
