4122 6292
591 423 695 480 5H

1578 418 1635 476 S.
1681 419 1953 476 CYlllLLI
1993 418 2462 474 ALEXANDRINI
2498 419 2819 476 ARCHIEP.

3753 421 3856 476 3i2

590 544 840 600 continet
873 557 938 598 ac
972 548 1282 607 conservat,
1323 549 1378 596 et
1417 541 1558 610 quod
1591 541 1863 596 infirmum
1899 553 2003 603 est,
2034 541 2166 596 facit

2269 540 2430 593 αὐτόν
2458 540 2559 593 πού
2599 558 2730 610 φησι
2759 541 2850 593 τὸν
2876 538 3028 591 Υἰόν·
3068 557 3086 588 ι
3131 536 3189 591 '0
3216 537 3406 608 θρόνος
3437 554 3531 591 σου
3556 541 3585 592 6
3608 539 3742 604 Θεὸς
3777 543 3857 604 είς

591 635 933 690 consistere:
970 633 1084 688 sive
1132 634 1418 688 humanam
1471 641 1756 696 naturam,
1803 647 1920 700 quae
1971 642 2178 686 tantum

592 739 703 781 non
749 733 1109 793 conquassata
1152 732 1258 792 est,
1301 733 1355 779 et
1414 725 1674 778 aerumnis
1714 731 1770 778 et
1801 722 2180 779 alllictionibus

591 800 816 879 obruta,
867 825 925 871 et
972 813 1370 884 quodammodo
1421 814 1707 868 inebriata.
1768 814 1963 868 Cantat
2019 814 2180 882 igitur

591 909 781 962 beatus
815 907 1002 971 David,
1031 906 1302 961 communi
1333 905 1575 961 omnium
1609 919 1840 975 persona
1869 904 1971 960 sibi
2006 906 2178 973 impo-

590 1001 693 1052 sita
725 1015 738 1051 :
768 1016 788 1048 ‹
822 999 982 1068 Virga
1004 1006 1114 1062 tua,
1141 1007 1196 1052 et
1223 996 1445 1052 baculus
1465 1005 1612 1058 tuus,
1639 997 1749 1063 ipsa
1780 1011 1867 1051 me
1899 996 2174 1051 cousolata

592 1098 716 1144 sunt
741 1089 806 1144 ³⁸.
847 1107 868 1140 ι
901 1087 1200 1144 Conﬁrmat
1229 1089 1374 1143 enim
1415 1087 1592 1157 justos
1625 1087 1783 1147 Deus,
1818 1088 2174 1157 quemadmo-

479 1230 486 1235 .
590 1178 716 1231 dum
745 1177 1006 1246 scriptum
1033 1188 1118 1232 est
1140 1186 1229 1233 :et
1259 1187 1483 1233 vocatus
1503 1185 1590 1230 est
1617 1191 1747 1231 voce
1767 1176 2170 1246 prophetarum,

591 1270 825 1325 baculus
880 1269 1194 1340 gloriosus,
1245 1271 1397 1340 virga
1449 1269 1606 1340 192
1660 1268 2071 1339 magniﬁcentiae
2104 1271 2170 1326 ⁸⁷.

591 1357 754 1428 Virga
784 1361 951 1414 etiam
979 1359 1158 1424 aliter,
1186 1358 1312 1427 quia
1358 1359 1529 1413 bonus
1567 1368 1753 1428 pastor
1779 1368 1893 1424 est,
1933 1360 2167 1413 animam

589 1462 744 1500 suam
776 1461 984 1516 ponens
1023 1461 1124 1518 pro
1145 1448 1339 1502 ovibus
1363 1446 1430 1502 ⁸⁸.
1460 1447 1670 1502 Dictum
1713 1458 1797 1504 est
1833 1448 1998 1517 igitur
2042 1449 2092 1504 ei
2142 1464 2171 1503 a

590 1534 844 1604 quopiam
895 1549 1210 1591 sanctorum
1256 1536 1640 1604 prophetarum
1675 1555 1690 1592 :
1733 1555 1752 1589 ‹
1788 1536 1956 1593 Pasce
2005 1553 2172 1608 popu-

589 1625 702 1680 lum
741 1635 890 1681 tuum
932 1627 986 1682 in
1018 1627 1202 1697 virga,
1237 1628 1436 1682 tribum
1467 1636 1636 1693 tuam,
1661 1642 1794 1684 oves
1840 1629 2172 1685 hereditatis

589 1720 773 1775 tua".
794 1715 925 1770 rSin
941 1727 1118 1773 autem
1145 1717 1398 1789 cuiquam
1436 1718 1666 1786 videtur,
1694 1720 1821 1789 quia
1860 1721 2025 1790 judex
2069 1730 2170 1785 est,

589 1816 645 1860 et
699 1807 876 1863 reddit
921 1807 1149 1878 singulis
1201 1824 1300 1878 pro
1357 1803 1566 1864 ratione
1621 1823 1844 1876 operum
1906 1824 2162 1872 suorum,

2278 631 2370 683 τὸν
2401 631 2592 695 αἰῶνα,
2630 630 2823 701 ῥάϐδος
2851 629 3143 699 εὐθύτητος
3169 631 3201 698 ἡ
3233 629 3426 699 ῥάϐδος
3455 632 3554 701 τῆς
3581 632 3856 700 βασιλείας

2280 737 2395 774 σου.
2436 739 2454 772 ι
2473 720 2695 783 Ῥάϐδος
2727 721 2782 773 δὲ
2814 720 2907 772 καὶ
2937 719 3161 789 ἑτέρως,
3201 718 3277 781 ὡς
3301 717 3366 771 ἂν
3397 718 3534 788 ἔχων
3564 718 3633 771 τὰ
3656 722 3852 783 πάντα,

2277 811 2370 865 καὶ
2401 813 2481 875 είς
2513 812 2574 864 τὸ
2600 806 2658 864 εὖ
2688 805 2828 864 εἶναι
2862 809 3123 878 συνέχων,
3157 809 3478 862 συνεστᾶναί
3507 827 3566 863 τε
3597 811 3767 864 ποιῶν
3796 812 3860 864 τὸ

2282 901 2604 972 ἠσθενηκὸς,
2648 902 2766 972 ήτοι
2820 901 2918 971 τὴν
2976 899 3266 970 ἀνθρώπου
3324 900 3504 968 φύσιν,
3569 906 3858 972 μονονουχὶ

2276 994 2732 1065 κατασειομένην,
2779 994 2873 1046 καὶ⁹
2907 992 3213 1063 μεθύουσαν
3254 993 3359 1046 ὑπὸ
3405 993 3615 1052 παθῶν.
3647 996 3856 1050 Ψάλλει

2273 1085 2403 1154 γοῦν
2433 1088 2462 1138 6
2490 1085 2761 1155 μακάριος
2797 1084 2994 1149 Δαϐὶδ,
3042 1084 3102 1136 τὸ
3142 1085 3319 1137 κοινὸν
3375 1085 3635 1139 ἁπάντων
3681 1086 3856 1154 πρόσ-

2272 1194 2420 1230 ωπον
2437 1176 2618 1247 ἑαυτῷ
2634 1176 2899 1247 περιθεὶς,
2924 1197 2942 1228 ι
2965 1177 3029 1230 Ἦ
3047 1176 3238 1247 ῥάϐδος
3265 1194 3379 1240 σου,
3403 1178 3498 1230 καὶ
3521 1179 3552 1248 ἡ
3581 1177 3853 1248 βακτηρία

2274 1286 2390 1334 σου,
2412 1263 2570 1323 αὗταί
2601 1286 2669 1338 με
2694 1268 3097 1339 παρεκάλεσαν.
3134 1286 3154 1319 ι
3173 1268 3562 1339 ’Υποστηρίζει
3587 1268 3696 1337 γάρ
3723 1270 3854 1332 τοὺς

2272 1360 2517 1423 δικαίους
2535 1361 2564 1412 6
2593 1360 2800 1431 Κύριος
2831 1359 2971 1413 κατὰ
2998 1359 3058 1413 τὸ
3082 1360 3467 1430 γεγραμμένον
3488 1378 3500 1388 ·
3535 1359 3853 1430 ὠνόμασται

2271 1453 2328 1507 δὲ
2367 1452 2454 1505 διὰ
2492 1451 2676 1523 φωνῆς
2705 1451 3000 1522 προφητῶν
3045 1451 3318 1521 βακτηρία
3372 1450 3624 1520 εὐκλεὴς,
3655 1451 3854 1522 ῥάϐδος

2276 1543 2670 1615 μεγαλοσύνης·
2718 1543 2916 1614 ῥάϐδος
2957 1541 3016 1595 δὲ
3054 1542 3149 1596 καὶ
3191 1542 3416 1612 ἑτέρως,
3461 1542 3690 1612 ἐπείπερ
3731 1542 3852 1594 ἐστὶ

2273 1635 2481 1706 ποιμὴν
2518 1633 2742 1702 ἀγαθὸς,
2771 1635 2871 1704 τὴν
2909 1633 3087 1704 ψυχὴν
3119 1632 3315 1688 ἑαυτοῦ
3349 1633 3520 1695 τιθεὶς
3559 1633 3702 1701 ὑπὲρ
3731 1632 3842 1684 τῶν

2274 1724 2583 1795 προϐάτων.
2629 1723 2859 1795 Εἴρηται
2889 1723 3022 1792 γοῦν
3071 1725 3209 1794 πρὸς
3253 1723 3416 1777 αὐτὸν
3458 1725 3526 1777 δι’
3575 1724 3695 1786 ἑνὸς
3738 1723 3850 1776 τῶν

2275 1814 2445 1882 ἁγίων
2493 1812 2822 1885 προφητῶνο
2863 1831 2882 1864 t
2915 1811 3178 1883 Ποίμαινε
3208 1813 3336 1866 λαόν
3385 1830 3481 1866 σου
3526 1814 3586 1866 ὲν
3640 1813 3846 1884 ῥάϐδῳ,

589 1895 792 1952 idcirco
828 1912 950 1953 eum
993 1907 1048 1952 et
1095 1899 1446 1954 meritissimo
1473 1899 1739 1953 nominari
1785 1900 2024 1969 virgam,
2061 1900 2164 1955 rite

2271 1874 2444 1977 φυλήν
2495 1874 2626 1972 000,.
2665 1874 2912 1976 πρόϐατα
2957 1874 3326 1976 κληρονομίας
3372 1921 3487 1958 σου.
3525 1923 3544 1955 ι
3583 1874 3650 1958 Ei
3686 1874 3850 1972 δέ

588 1989 870 2060 intelliget.
901 1989 1035 2044 Nam
1065 1991 1266 2046 dictum
1295 1999 1378 2045 est
1403 1989 1476 2055 ei,
1505 1987 1703 2045 lsraele
1737 1990 1788 2046 in
1821 1989 1967 2045 illum
1985 1990 2180 2047 debac-

587 2080 810 2144 chante,
847 2087 902 2136 et
942 2079 1268 2148 impotenter
1307 2080 1373 2134 ad
1416 2079 1834 2136 inobedientiam
1867 2083 2160 2154 prolapso:

595 2190 615 2223 ι
649 2171 848 2227 Pasces
867 2187 960 2227 eos
991 2173 1045 2227 in
1082 2172 1232 2242 virga
1269 2172 1471 2238 ferrea,
1499 2181 1554 2227 et
1586 2183 1643 2227 ut
1665 2188 1792 2228 vasa
1832 2173 1978 2243 ﬁguli
2014 2191 2166 2230 com-

588 2264 798 2318 minues
821 2277 918 2319 eos
940 2263 1008 2318 “.
1039 2281 1058 2314 ι
1083 2261 1174 2318 Sic
1202 2262 1360 2318 nobis
1384 2262 1530 2317 illum
1549 2263 1935 2330 sapientissimi
1966 2263 2165 2336 Moysis

587 2357 672 2409 lex
728 2355 998 2424 designat.
1056 2354 1367 2410 Assurnitur
1427 2355 1570 2411 enim
1627 2356 1679 2409 in
1732 2366 1914 2425 typum
1962 2356 2164 2412 Christi

586 2447 751 2500 etiam
776 2447 927 2516 virga
948 2447 1178 2501 Aarouis
1200 2462 1318 2515 quae
1338 2445 1541 2510 ﬂoruit,
1563 2455 1618 2501 et
1649 2446 1700 2500 in
1726 2446 1925 2503 Sancta
1947 2456 2165 2502 sancto-

585 2554 706 2599 rum
745 2538 892 2593 illata
927 2545 1031 2594 est.
1067 2536 1429 2593 Eﬂlorueruut
1474 2539 1617 2592 enim
1662 2537 1985 2606 juglandes:
2035 2539 2164 2608 quid

582 2641 766 2682 autem
833 2643 1014 2684 causae
1035 2629 1139 2692 sit,
1196 2637 1252 2682 et
1303 2642 1426 2697 quae
1480 2629 1795 2682 umbrarum
1856 2630 2162 2694 sententia,

582 2720 870 2774 dicendum
890 2719 1234 2784 est.Quidam
1255 2720 1397 2775 enim
1415 2718 1803 2788 physiologiam
1823 2721 2166 2791 rationesque

585 2813 866 2868 naturales
898 2813 1199 2882 attingunt,
1231 2821 1286 2866 et
1316 2811 1584 2865 aﬂirmanl
1611 2811 1813 2882 virgam
1845 2826 1911 2868 ex
1945 2812 2163 2882 juglan-

583 2906 781 2972 ilibus,
836 2904 884 2960 si
933 2905 1094 2973 capiti
1150 2903 1379 2974 alicujus
1443 2915 1776 2974 apponatur,
1834 2906 2162 2976 vigilantiam

584 2996 904 3051 naturaliter
925 2995 1153 3051 ellicere.
1194 2995 1377 3065 Itaque
1397 3010 1518 3051 cum
1543 2994 1813 3062 Christus,
1842 2997 2001 3052 sicuti
2037 2998 2166 3053 dicit

582 3088 644 3142 li.
675 3086 874 3144 Paulus
901 3087 970 3154 δι,
999 3089 1172 3157 gratia
1204 3087 1300 3142 Dei
1329 3101 1425 3156 pro
1453 3088 1709 3144 omnibus
1731 3098 1960 3143 mortem
1982 3097 2166 3158 gusta-

583 3189 737 3233 turus
764 3186 929 3245 esset,
955 3186 1011 3234 et
1041 3178 1316 3248 paulisper
1354 3179 1519 3234 veluti
1555 3179 1764 3236 nictans
1799 3188 2057 3250 tanquam
2093 3195 2155 3235 ex
2185 3210 2227 3266 α

582 3282 773 3322 somno
805 3268 1070 3324 excitatus
1103 3277 1248 3324 esset
1273 3269 1489 3336 iterum,
1533 3277 1589 3322 et
1621 3278 1796 3325 morte
1842 3271 2158 3326 conculcata

583 3358 839 3413 divinitus
870 3358 1174 3426 revixisset,
1209 3360 1336 3415 hinc
1375 3360 1544 3428 virgre
1581 3360 1914 3430 juglandium
1945 3377 2162 3432 compa-

584 3458 760 3503 ratur.
792 3447 904 3503 liac
929 3447 1112 3504 divina
1145 3458 1199 3504 et
1243 3448 1565 3518 intelligibili
1606 3452 1750 3521 virga
1783 3451 1994 3522 Moyses
2033 3468 2158 3522 ope-

584 3551 736 3595 ratus
759 3549 844 3595 est
879 3540 1138 3596 miracula
1163 3582 1179 3606 ,
1227 3541 1350 3596 dum
1389 3539 1644 3597 lsraelem
1691 3543 1954 3597 servitute
1996 3542 2162 3614 IEgy-

581 3631 757 3699 ptiaca
777 3631 988 3697 eximit,
1024 3631 1252 3701 ideoque
1294 3647 1414 3696 eam
1463 3633 1665 3698 virgam
1697 3633 1794 3690 Dei
1841 3636 2159 3690 nominavit.

582 3723 712 3777 Erat
735 3723 936 3794 quippe
975 3723 1026 3779 ei
1056 3725 1201 3793 virga
1229 3724 1466 3790 virtutis,
1511 3727 1652 3781 sicut
1691 3726 1953 3796 scriptum
1983 3739 2066 3784 est
2091 3729 2159 3782 δ’.

581 3817 716 3870 Cum
755 3816 920 3888 igitur
947 3817 1210 3887 propheta
1248 3817 1590 3888 aenigmatice
1643 3827 1699 3873 et
1733 3819 1928 3875 tectius
1957 3830 2162 3890 myste-

581 3907 718 3961 rium
740 3905 945 3962 Christi
971 3907 1323 3972 subinnuens,
1343 3921 1376 3964 ο
1400 3907 1570 3976 stirpe
1590 3905 1757 3964 Jessaa
1775 3909 1978 3980 virgam
2005 3911 2161 3966 nobis

581 3999 786 4054 exoriri
820 3999 972 4064 dicit,
1023 4008 1149 4054 tunc
1177 3999 1417 4070 quidem,
1450 4009 1577 4056 tunc
1613 4001 1777 4055 animi
1809 4001 1978 4057 oculis
2013 4003 2158 4057 illum

582 4091 918 4160 unigenitum
943 4091 1035 4146 Dei
1059 4090 1398 4156 Sermonem,
1417 4092 1568 4148 illum
1587 4108 1685 4163 per
1703 4109 1860 4163 quem
1883 4096 2082 4160 omnia,
2105 4102 2161 4150 et

581 4184 637 4238 in
648 4198 755 4253 quo
771 4195 900 4240 sunt
917 4185 1121 4249 omnia,
1136 4192 1191 4239 et
1207 4184 1564 4252 incarnatum,
1577 4194 1632 4241 et
1648 4186 1916 4241 hominem
1933 4185 2158 4252 iactum,

580 4285 636 4329 et
677 4276 744 4329 ad
777 4275 1138 4332 voluntariam
1169 4277 1590 4331 exinanitionem
1636 4291 1697 4332 se
1745 4277 2118 4334 demitteutem
2143 4318 2160 4344 ,

581 4376 637 4418 et
662 4375 878 4435 propter
902 4381 1001 4421 nos
1029 4367 1368 4422 nativitatem
1400 4368 1817 4436 dispensationis
1861 4385 1971 4425 suae
1997 4385 2158 4424 causa

583 4459 932 4524 subeuntem,
979 4458 1136 4525 juxta
1169 4472 1410 4522 carnem,
1443 4458 1662 4528 inquam
1683 4499 1699 4525 ,
1735 4469 1789 4515 et
1817 4476 1886 4514 ex
1933 4463 2161 4516 muliere

2263 1996 2443 2061 δοκεῖ,
2494 1996 2590 2048 καὶ
2653 1996 2884 2066 ἐπείπερ
2946 1995 3065 2048 ἐστὶ
3118 1995 3344 2066 κριτὴς,
3403 1994 3498 2048 καὶ
3562 1995 3849 2058 ἀποδιδοὺς

2264 2087 2479 2158 ἑκάστῳ
2514 2085 2655 2140 κατὰ
2682 2086 2749 2140 τὰ
2796 2085 2930 2156 ἔργα
2973 2085 3161 2149 αὑτοῦ,
3187 2083 3359 2156 ταύτῃ
3407 2102 3510 2147 τοι,
3565 2084 3658 2138 καὶ
3700 2085 3848 2154 μάλα

2267 2177 2496 2241 εἰκότως
2539 2175 2896 2248 ὀνομάζεσθαι
2923 2176 3138 2247 ῥάϐδον,
3165 2177 3347 2246 νοήσει
3381 2175 3586 2238 καλῶς.
3615 2175 3846 2246 Εἴρηται

2265 2267 2374 2338 γὰρ
2431 2266 2568 2337 πρὸς
2623 2267 2822 2332 αὐτὸν,
2877 2267 3382 2337 ὲμπαροινήσαντός
3430 2283 3488 2318 τε
3548 2265 3696 2334 αὐτῷ
3751 2263 3844 2318 τοῦ

2285 2358 2522 2429 Ἰσραὴλ,
2552 2359 2645 2412 καὶ
2676 2357 2932 2428 ἀκρατῶς
2960 2357 3384 2420 ἀπονενευκότος
3411 2359 3492 2419 εἰς
3518 2355 3807 2409 ἀπείθειαν
3827 2372 3840 2384 ·

2272 2469 2292 2502 ‹
2327 2451 2620 2520 Ποιμανείς
2649 2450 2844 2512 αὐτοὺς
2871 2451 2930 2502 ὲν
2967 2449 3148 2520 ῥάϐδῳ
3183 2449 3378 2519 σιδηρᾷ
3396 2489 3410 2512 ,
3440 2448 3536 2500 καὶ
3562 2447 3638 2510 ὼς
3673 2447 3845 2516 σκεύη

2265 2540 2553 2611 κεραμέως
2601 2539 2915 2612 συντρίψεις
2965 2539 3185 2604 αὐτούς.
3225 2558 3242 2590 ι
3279 2539 3467 2602 Οὕτως
3505 2540 3637 2609 ήμῖν
3678 2537 3844 2590 αὑτὸν

2265 2633 2361 2687 καὶ
2408 2633 2436 2685 6
2480 2630 2576 2684 τοῦ
2625 2631 2906 2700 πανσόφου
2949 2630 3194 2693 Μωσέως
3221 2627 3624 2699 κατασημαίνει
3658 2629 3844 2698 νόμοςο

2265 2723 2753 2794 παραλαμϐάνεται
2806 2723 2914 2794 γὰρ
2977 2725 3060 2786 εἰς
3119 2723 3289 2775 τύπον
3361 2720 3600 2792 Χριστοῦ
3649 2721 3744 2774 καὶ
3809 2721 3846 2790 ή

2264 2818 2460 2890 ῥάϐδος
2501 2817 2708 2887 Ἀαρὼν
2738 2818 2771 2887 ἡ
2805 2816 3183 2887 βλαστήσασα,
3218 2817 3313 2870 καὶ
3342 2818 3421 2879 εἰς
3445 2817 3514 2869 τὰ
3540 2815 3713 2884 ’Δγια
3739 2816 3850 2869 τῶν

2269 2909 2436 2976 ἁγίων
2470 2906 2954 2977 είσκεκομισμένη.
2999 2906 3292 2977 Ἐξήνθησε
3341 2906 3450 2978 γάρ
3498 2906 3703 2976 κάρυα,
3749 2906 3852 2959 καὶ

2265 3000 2318 3053 τί
2351 2999 2414 3071 δὴ
2440 2998 2502 3051 τὸ
2530 3000 2719 3070 χρῆμα
2746 2998 2854 3050 τῶν
2883 2999 2939 3050 ἐν
2975 2999 3153 3060 σκιαῖς
3184 2997 3426 3061 ἐννοιῶν,
3454 2999 3629 3050 είπείν
3671 2997 3849 3063 ἀναγ-

2267 3092 2439 3144 καῖον.
2471 3089 2768 3140 ’Ἀπτονται
2802 3087 2899 3157 μὲν
2925 3085 3033 3157 γάρ
3084 3085 3434 3154 φυσιολογίας
3461 3085 3626 3150 τινὲς,
3654 3085 3750 3137 καὶ
3781 3084 3854 3154 δὴ

2266 3180 2360 3235 καί
2405 3195 2536 3248 φησι
2568 3178 2667 3247 τὴν
2711 3177 2973 3247 καρυῒνην
3005 3177 3218 3246 ῥάϐδον,
3265 3177 3318 3228 εί
3363 3178 3500 3246 πρὸς
3533 3178 3601 3245 τῇ
3632 3174 3849 3244 κεφαλῇ

2264 3271 2440 3326 κέοιτό
2467 3285 2648 3330 τινων,
2683 3268 2950 3330 άνυπνίας
2987 3263 3126 3321 εἶναι
3171 3266 3418 3336 φυσικῶς
3448 3266 3847 3336 ὲμποιητικήν.

2260 3357 2469 3412 Οὐκοῦν
2512 3357 2808 3427 ἐπειδήπερ
2853 3356 3076 3427 ἔμελλεν
3122 3360 3150 3411 6
3195 3356 3470 3426 Χριστὸς,
3506 3355 3689 3427 χάριτι
3746 3355 3852 3424 μὲν

2259 3448 2416 3514 Θεοῦ,
2453 3447 2594 3500 καθά
2624 3463 2791 3517 φησιν
2834 3449 2864 3498 ὁ
2915 3449 3183 3518 μακάριος
3214 3447 3447 3510 Παῦλος,
3478 3448 3619 3518 ὑπὲρ
3645 3447 3854 3508 παντὸς

2259 3538 2557 3610 γεύσασθαι
2590 3540 2842 3605 θανάτου,
2877 3539 3052 3610 βραχὺ
3099 3541 3156 3593 δὲ
3203 3540 3394 3612 ῶσπερ
3441 3539 3852 3604 ἀπονυστάξας,

2260 3631 2512 3702 καθάπερ
2543 3631 2603 3696 ὲξ
2631 3631 2800 3684 ὕπνου
2846 3631 3192 3702 διεγερθῆναι
3229 3633 3412 3696 πάλιν,
3456 3631 3754 3685 ἀναϐιῶναί
3790 3647 3856 3682 τε

2260 3724 2597 3797 θεοπρεπῶς,
2631 3725 3015 3796 πεπατημένου
3043 3724 3298 3779 θανάτου.
3333 3723 3521 3798 Ταύτῃ
3553 3742 3634 3777 τοι
3663 3723 3858 3792 ῥάϐδῳ

2261 3820 2492 3890 καρυῖνῃ
2524 3818 2940 3888 παρεικάζεται.
2985 3816 3083 3870 Διὰ
3113 3817 3317 3888 ταύτης
3356 3834 3415 3870 τε
3458 3817 3556 3886 τῆς
3591 3815 3740 3877 θείας
3787 3829 3855 3865 τε

2260 3913 2355 3964 καὶ
2375 3910 2572 3982 νοητῆς
2605 3909 2800 3980 ῥάϐδου
2857 3907 3416 3980 τεθαυματούργηκεν
3447 3910 3474 3961 6
3501 3905 3862 3974 Μωσῆς,τῆς

2260 4006 2317 4058 ὲν
2382 4001 2642 4072 Αἰγύπτῳ
2699 4002 2944 4065 δουλείας
3014 4001 3373 4056 ἀπαλλάττων
3446 3998 3538 4052 τὸν
3601 3997 3860 4067 Ἰσραήλ.

2272 4093 2492 4148 Ῥάϐδον
2513 4093 2642 4162 γοῦν
2666 4093 2836 4162 αὐτὴν
2860 4092 3112 4162 ὠνόμαζε
3139 4091 3297 4146 Θεοῦ.
3327 4087 3521 4158 Γέγονε
3552 4089 3661 4156 γὰρ
3691 4087 3864 4157 αὐτῷ

2263 4184 2461 4254 ῥάϐδος
2490 4183 2792 4254 δυνάμεως,
2820 4182 2961 4237 κατὰ
2991 4182 3052 4234 τὸ
3079 4181 3487 4251 γεγραμμένον.
3525 4177 3700 4232 Ὅταν
3737 4179 3869 4230 τοί-

2261 4293 2354 4328 νυν
2382 4278 2410 4330 6
2437 4275 2724 4345 προφήτης
2746 4273 3162 4342 αἰνιγματωδῶς
3189 4272 3249 4326 τὸ
3266 4270 3504 4342 Χριστοῦ
3536 4271 3864 4340 μυστήριον

2260 4367 2594 4436 ὑποφαίνων,
2636 4367 2701 4420 ὲκ
2742 4365 2843 4435 τῆς
2885 4365 3082 4418 Ἰεσσαὶ
3129 4365 3286 4436 ῥίζης
3327 4363 3426 4434 τὴν
3471 4361 3666 4433 ῥάϐδον
3715 4363 3872 4431 ἡμῖν

2259 4459 2599 4528 ἀναφανῆναι
2643 4457 2800 4528 λέγῃ,
2847 4456 2969 4509 τότε
3015 4456 3099 4525 δὴ,
3152 4456 3272 4508 τότε
3307 4458 3418 4518 τοῖς
3461 4456 3559 4525 τῆς
3606 4453 3875 4515 διανοίας

580 4551 972 4622 contemplans,
1016 4550 1146 4606 dicit
1177 4563 1298 4602 cum
1323 4548 1582 4618 propheta
1612 4567 1625 4601 :
1656 4568 1674 4600 ι
1711 4550 1952 4617 Domine,
1979 4552 2154 4606 audivi

2267 4549 2502 4620 ὗμμασιν
2561 4548 2724 4602 αὐτὸν
2763 4547 3025 4617 μονογενῆ
3051 4547 3144 4601 τοῦ
3171 4546 3305 4600 Θεοῦ
3340 4546 3540 4614 Λόγου,
3568 4544 3660 4597 τὺν
3693 4543 3770 4596 δι’
3800 4539 3877 4598 οῦ

581 4657 766 4698 vocem
815 4651 998 4705 tuam,
1039 4647 1095 4694 et
1141 4638 1428 4708 pertimui,
1480 4638 1704 4706 cognovi
1751 4653 1914 4706 opera
1962 4651 2073 4704 tua,
2107 4649 2161 4695 et

2267 4641 2324 4692 τά
2351 4639 2550 4704 πάντα,
2579 4639 2673 4692 καὶ
2703 4640 2760 4690 ὲν
2790 4631 2835 4706 ᾦ
2863 4639 2932 4691 τά
2962 4639 3161 4703 πάντα,
3210 4636 3628 4706 σεσαρκωμένον
3658 4651 3720 4686 τε
3764 4636 3878 4688 καὶ

579 4732 855 4801 obstupui.
891 4749 909 4783 ι
949 4727 1104 4799 Virga
1135 4728 1316 4798 itaque
1343 4734 1563 4797 propter
1597 4740 1791 4780 causas
1822 4741 1958 4794 quas
1999 4730 2158 4782 modo

2267 4733 2754 4804 ίνανθρωπήσαντα
2788 4729 3031 4800 θεωρῶν,
3090 4730 3184 4782 καὶ
3237 4729 3317 4791 εἰς
3367 4728 3614 4782 ἑκούσιον
3651 4727 3879 4780 ἑαυτὸν

581 4822 1150 4888 commemoravimus,
1196 4829 1420 4875 vocatus
1445 4826 1547 4875 est.
1581 4817 1710 4872 Flos
1756 4832 1884 4874 vero
1919 4835 2155 4886 rursum,

2267 4824 2494 4877 καθέντα
2563 4823 2816 4888 κένωσιν,
2865 4823 2962 4876 καὶ
3016 4822 3115 4894 τὴν
3169 4821 3237 4874 δι’
3285 4822 3432 4892 ἡμᾶς
3491 4819 3882 4888 οἰκονομικὴν

581 4916 839 4988 quoniam
868 4915 1102 4969 hominis
1140 4922 1332 4967 natura
1375 4911 1427 4965 in
1477 4910 1568 4965 illo
1594 4909 1662 4964 ad
1695 4909 2154 4977 incorruptionem

2267 4914 2567 4968 άνατλάντα
2618 4914 2894 4985 γέννησιν,
2931 4914 3074 4983 φημὶ
3105 4912 3168 4983 δὴ
3201 4911 3300 4981 τὴν
3332 4910 3475 4965 κατὰ
3512 4911 3696 4979 σάρκα
3765 4911 3884 4962 καὶ

580 5020 637 5062 et
661 5007 728 5062 ad
759 5007 1048 5061 novitatem
1078 5002 1508 5060 conversationis
1537 5001 1861 5072 evangelicae
1889 4999 2152 5056 reﬂoruit.

2267 5007 2323 5058 ὲκ
2351 5005 2626 5073 γυναικὸς,
2657 5005 2793 5076 ὁμοῦ
2823 5005 2901 5076 τῷ
2930 5005 3183 5076 προφήτῃ
3221 5004 3399 5071 λέγει·
3442 5021 3461 5052 ι
3508 5001 3709 5070 Κύριε,
3756 5005 3885 5054 εἱσ-

579 5101 752 5155 Αιίεοι·
777 5099 941 5154 etiam
981 5097 1083 5153 llos
1118 5107 1336 5167 propter
1381 5111 1603 5151 suavem
1658 5095 2004 5166 fragrantiam
2056 5095 2156 5150 sub

2267 5098 2476 5166 ακήκοα
2497 5097 2595 5167 τὴν
2621 5099 2790 5166 ἀκοήν
2819 5114 2935 5158 σου,
2971 5097 3063 5148 καὶ
3090 5094 3361 5164 ἐφοϐήθην
3379 5111 3392 5124 ο
3430 5092 3752 5161 κατενόησα
3802 5093 3888 5144 τὰ

582 5190 991 5261 intelligentiam
1042 5189 1329 5242 cadentem
1387 5185 1709 5254 appellatur.
1767 5203 1787 5237 ι
1823 5185 1934 5252 Ego
1975 5185 2156 5248 enim,

2267 5186 2414 5256 ἔργα,
2443 5187 2534 5238 καὶ
2561 5187 2802 5254 ἐξέστην.
2843 5203 2860 5235 ι
2902 5184 3123 5246 Ῥάὸδος
3156 5184 3219 5253 δὴ
3265 5179 3357 5236 οὖν
3388 5182 3706 5250 ὠνόμασται
3747 5181 3888 5233 διὰ-
3931 5213 3935 5215 λ

581 5283 785 5352 inquit,
829 5280 928 5334 llos
974 5279 1188 5347 campi,
1242 5276 1400 5346 193
1443 5276 1611 5329 lilium
1657 5275 1980 5330 convallium
2021 5275 2089 5328 ⁴³.
2133 5294 2152 5326 ι

2267 5295 2342 5330 τοι
2391 5279 2489 5340 τὰς
2527 5277 2730 5348 ἀρτίως
2782 5279 2912 5346 ἡμῖν
2955 5275 3254 5346 εἰρημένας
3295 5274 3492 5332 αἰτίας.
3546 5271 3762 5334 ’Δνοσς
3819 5272 3888 5324 δὲ

581 5377 708 5428 Erat
734 5389 866 5430 sane
899 5380 954 5428 et
998 5370 1155 5426 nobis
1193 5369 1354 5424 veluti
1402 5367 1536 5422 odor
1569 5367 1786 5436 quidam
1829 5367 2156 5437 cognitionis

581 5461 674 5514 Dei
717 5469 773 5515 et
820 5459 1022 5514 Patris.
1071 5457 1338 5512 Nimirum
1369 5456 1583 5511 divinus
1613 5454 1812 5510 Paulus
1845 5457 1894 5509 iu
1923 5457 2150 5524 epistola

581 5552 752 5605 diu-it:
787 5568 806 5602 ι
843 5550 953 5606 Deo
1003 5559 1182 5605 autem
1222 5547 1395 5620 gratia
1420 5588 1436 5615 ,
1483 5549 1575 5619 qui
1613 5564 1824 5618 semper
1862 5547 2157 5618 triumphat

2261 5367 2425 5420 πάλιν
2445 5382 2458 5396 '
2490 5366 2716 5420 άνέθαλε
2739 5367 2846 5437 γάρ
2871 5368 2903 5437 ή
2927 5365 3214 5435 ἀνθρώπου
3246 5364 3406 5432 φύσις
3433 5364 3490 5416 ὲν
3528 5360 3682 5429 αὐτῷ
3721 5361 3888 5431 πρὸς

2260 5459 2590 5530 ἀφθαρσίαν,
2641 5459 2735 5512 καὶ
2768 5460 2848 5521 εἰς
2885 5458 3050 5527 ζωὴν,
3096 5457 3191 5509 καὶ
3223 5457 3302 5516 εἰς
3332 5453 3634 5522 καινότητα
3697 5455 3888 5505 πολι-

2259 5550 2411 5613 τείας
2446 5548 2808 5619 εὑαγγελικῆς
2835 5565 2847 5578 ⁸
2900 5547 3060 5608 ἄνθος
3100 5545 3158 5597 δὲ
3199 5544 3292 5596 καὶ
3339 5543 3562 5610 ἑτέρως,
3607 5541 3708 5593 διὰ
3769 5544 3890 5614 τὴν

655 5729 698 5758 ³⁸
729 5727 867 5781 i‘sal.
902 5743 1034 5790 mi,
1061 5727 1112 5782 4.
1190 5727 1233 5758 ³⁷
1267 5725 1465 5779 Jercm.
1504 5742 1686 5792 xum,
1724 5727 1808 5781 l7.
1886 5729 1926 5759 ³⁸
1952 5729 2105 5783 Joau.
2137 5747 2162 5781 κ

2267 5729 2299 5782 ἰ.
2382 5730 2421 5762 ³³
2454 5729 2611 5783 Miclt.
2643 5743 2735 5794 vri,
2772 5729 2855 5783 ii.
2921 5727 2961 5758 ‘°
2995 5727 3134 5782 Psul.
3165 5741 3224 5788 tl,
3258 5725 3308 5779 9.
3378 5723 3412 5754 δ’
3457 5721 3625 5775 Hebr.
3657 5737 3735 5786 II;
3791 5725 3892 5779 ιο.

584 5806 626 5840 η
664 5799 801 5856 ινδίιι,
828 5813 941 5866 cm,
970 5797 1025 5850 ‘2.
1099 5796 1144 5828 ⁸³
1173 5796 1326 5849 Catil.
1365 5810 1422 5862 ll,
1458 5798 1503 5849 Ι.
