4122 6292
532 342 642 400 515

1525 342 1580 396 S.
1623 341 1896 398 CYRILLI
1936 340 2401 396 ALEXANDRINI
2444 340 2763 396 ARCHIEP.

3681 336 3791 393 516

533 473 646 512 non
702 456 1077 526 particularem
1129 456 1360 524 aliquam
1418 457 1464 510 ei
1525 457 1752 527 gratiatn
1813 456 2106 520 addiderit,

2219 456 2438 527 δευτέρᾳ
2467 455 2560 508 τοῦ
2591 455 2780 523 γένους
2804 453 2963 524 ἡμῶν
2997 453 3241 522 ἀπαρχῇ,
3266 450 3510 504 τουτέστι
3541 450 3787 521 Χριστῷ.

536 549 989 617 quemadmodum
1030 549 1080 600 in
1111 547 1313 601 sanctis
1345 547 1729 616 conquiescere
1758 547 1955 600 dicitur
1987 545 2110 614 Spi-

539 644 700 702 ritus,
760 637 853 692 sed
895 638 1035 706 quod
1076 635 1350 705 plenitudo
1387 637 1604 691 deitatis
1661 639 1713 689 in
1763 646 2110 691 sacrosancta

538 743 704 782 carne
737 728 881 780 velut
912 727 963 780 in
991 741 1088 780 suo
1118 727 1318 794 templo
1347 736 1676 781 commorata
1721 725 1900 789 fuerit,
1928 737 1979 781 et
2007 744 2110 783 non

541 819 594 872 in
629 828 849 887 experte
877 816 1061 880 animi,
1102 817 1197 871 sed
1229 810 1404 884 potius
1439 817 1676 871 animato
1701 817 1881 870 anima
1921 819 2114 873 intelli-

540 909 706 978 genti,
743 907 960 977 planum
987 906 1150 962 faciet
1182 909 1464 975 propheta,
1489 907 1676 962 dicens
1708 923 1721 959 :
1763 925 1782 958 ι
1812 907 2114 978 Complebit

540 1011 659 1050 cunt
703 997 925 1064 spiritus
970 997 1178 1051 timoris
1215 995 1446 1051 Domini.
1482 1016 1500 1048 ι
1543 997 1645 1053 Uni
1677 1007 1854 1052 autem
1889 997 2113 1066 Spiritui

544 1087 893 1156 multiplicem
941 1087 1129 1141 tribuit
1181 1085 1554 1141 elﬁcacitatem
1592 1106 1607 1142 :
1650 1103 1748 1142 nec
1798 1089 1942 1144 enim
1977 1089 2114 1144 alius

544 1187 626 1230 est
693 1177 926 1245 Spiritus
990 1177 1306 1243 sapientiai,
1370 1175 1506 1230 alius
1572 1175 1968 1245 intelligentiae,
2030 1176 2115 1230 vel

545 1268 779 1332 consilii,
805 1278 858 1322 et
889 1265 1245 1332 fortitudinis,
1283 1281 1346 1321 ac
1375 1269 1702 1335 reliquorum
1736 1283 1750 1320 :
1785 1277 1838 1321 at
1860 1263 2117 1336 qut-mad-

544 1360 760 1413 modum
793 1372 931 1412 unus
969 1368 1050 1413 est
1079 1373 1144 1414 ex
1176 1357 1286 1413 Deo
1332 1357 1492 1412 Patre
1520 1357 1738 1424 Sermo,
1767 1361 1981 1429 energia
2016 1375 2114 1413 au-

547 1455 652 1500 tent
719 1460 774 1501 et
824 1447 1109 1502 eiiicientia
1194 1449 1506 1503 nominatur
1566 1448 1914 1504 multifariam
1962 1451 2114 1519 (vita

547 1552 776 1606 namque
800 1548 902 1602 est,
927 1547 980 1592 et
1009 1540 1120 1607 lux,
1143 1548 1198 1594 et
1231 1539 1442 1608 virtus)
1467 1558 1480 1592 :
1513 1541 1594 1596 sic
1625 1541 1785 1596 etiam
1833 1542 1886 1597 in
1929 1553 2116 1598 sancto

547 1630 751 1698 Spiritu
804 1629 1070 1700 intelliges
1101 1649 1115 1685 :
1153 1647 1290 1686 unus
1339 1632 1591 1686 nimirum
1620 1647 1740 1686 cum
1767 1634 1870 1698 sit,
1911 1635 2114 1687 intelli-

546 1722 688 1788 gitur
745 1721 1146 1790 multipliciter,
1188 1731 1242 1776 et
1285 1722 1364 1776 sic
1395 1722 1554 1776 etiam
1590 1735 1864 1792 operatur.
1906 1723 2114 1793 Quippe

2213 547 2334 600 Ὅτι
2364 548 2420 599 δὲ
2446 549 2506 600 οὑ
2537 547 2768 618 μερικὴν
2790 545 2937 615 αὑτῷ
2964 545 3062 614 τὴν
3102 544 3262 614 χάριν
3284 541 3589 613 είργόιζετο,
3620 540 3794 594 καθά-

2213 653 2318 706 περ
2376 639 2434 689 ὲν
2487 641 2599 700 τοῖς
2648 636 2822 704 ἁγίοις
2876 635 2938 688 τὺ
2987 631 3438 686 ὲπαναπαύεσθαι
3497 631 3792 701 λεγόμενον

2215 724 2462 795 Πνεῦμα,
2496 725 2610 779 ἀλλ’
2655 722 2723 796 ἦν
2770 725 3044 794 πλήρωμα
3075 723 3172 792 τῆς
3204 721 3478 792 θεότητος,
3512 720 3572 774 τὺ
3613 721 3690 782 ὡς
3731 722 3792 773 ὲν

2217 817 2334 886 ίδίῳ
2363 817 2476 886 ναῷ
2519 819 2586 888 τῇ
2641 816 2746 887 ἰδία
2789 815 2956 886 σαρκὶ
2991 811 3280 876 καταλῦον,
3315 812 3409 864 καὶ
3451 812 3553 864 οὐκ
3595 808 3792 879 ἀψύχῳ

2213 907 2397 972 ποθὲν,
2429 908 2784 978 ὲψυχωμένην
2811 906 2868 960 δὲ
2909 904 3109 976 μᾶλλον
3136 903 3280 974 ψυχῇ
3310 904 3491 973 νοερᾷ,
3540 903 3793 971 σαφηνιεῖ
3827 898 3850 916 “

2213 998 2387 1068 λέγων
2421 999 2450 1050 ὀ
2495 999 2810 1069 προφήτης·
2855 1015 2875 1049 ‹
2921 995 3226 1066 Ἐμπλήσει
3253 994 3414 1048 αὐτὸν
3445 992 3662 1062 πνεῦμα
3695 993 3793 1061 φό-

2213 1089 2309 1142 ϐου
2347 1087 2502 1140 Θεοῦ.
2539 1105 2558 1139 ι
2607 1087 2718 1140 Ἑνὶ
2754 1087 2810 1140 δὲ
2837 1085 2917 1154 τῷ
2963 1084 3241 1154 Πνεῦματι
3285 1081 3535 1151 πολυειδῆ
3588 1081 3792 1134 δέδωκε

2213 1179 2310 1249 τὴν
2353 1179 2652 1250 ἐνέργειαν.
2704 1180 2778 1232 Οὐ
2825 1179 2933 1249 γάρ
2983 1194 3066 1230 τοι
3105 1173 3329 1244 Πνεῦμα
3382 1175 3481 1244 μὲν
3517 1173 3644 1227 ἄλλο
3691 1173 3792 1241 τῆς

2217 1272 2428 1338 σοφίας,
2465 1272 2649 1340 ἕτερον
2681 1270 2737 1324 δὲ
2786 1269 2847 1322 τὸ
2894 1268 3186 1330 συνέσεως,
3232 1266 3352 1337 ἦτοι
3416 1264 3644 1335 βουλῆς,
3695 1264 3793 1316 καὶ

2219 1361 2418 1432 ἰσχύος,
2459 1362 2554 1415 καὶ
2584 1359 2691 1414 τῶν
2713 1360 2936 1426 λοιπῶν,
2969 1360 3082 1414 ἀλλ’
3114 1359 3305 1427 ὥσπερ
3334 1352 3416 1419 εἷς
3459 1354 3556 1426 μέν
3587 1358 3734 1408 ἐστιν
3761 1354 3794 1408 ὁ

2217 1455 2282 1506 ἐκ
2318 1452 2412 1506 τοῦ
2456 1451 2591 1505 Θεοῦ
2641 1451 2854 1523 Πατρὸς
2904 1451 3100 1520 Λόγος,
3134 1449 3460 1521 ὀνομάζεται
3487 1446 3545 1499 δὲ
3575 1445 3669 1498 καὶ
3700 1447 3790 1497 ὲν-

2218 1545 2408 1616 έργεια
2439 1543 2814 1614 πολυτρόπως·
2863 1542 2980 1613 ζωὴ
3022 1541 3132 1612 γάρ
3179 1543 3317 1602 ἐστι,
3366 1538 3462 1591 καὶ
3507 1536 3646 1605 φῶς,
3697 1533 3792 1587 καὶ

2217 1635 2471 1705 δύναμιςη
2503 1633 2645 1688 οὕτω
2677 1635 2771 1688 καὶ
2796 1634 2890 1687 ἐπὶ
2921 1632 3015 1686 τοῦ
3057 1633 3212 1702 ἁγίου
3259 1631 3512 1701 συνήσεις
3543 1626 3791 1696 Πνεύμα·

2217 1744 2326 1790 τος·
2363 1727 2421 1780 ἓν
2443 1728 2553 1798 γὰρ
2582 1727 2843 1797 ὑπάρχων
2886 1726 3086 1779 νοεῖται
3130 1721 3445 1787 πολυειδῶς,
3493 1720 3706 1792 ἐνεργεῖ
3733 1715 3792 1768 δὲ

545 1809 744 1865 Paulus
774 1811 1207 1880 sapientissimus
1234 1810 1321 1866 ubi
1363 1811 1697 1867 diversorum
1729 1813 2114 1870 charismatum

2223 1821 2316 1873 καὶ
2356 1793 2547 1882 οὕτως.
2579 1793 2845 1888 Καὶνγοῦν
2872 1820 2900 1872 ὁ
2929 1817 3240 1887 σοφώτατος
3269 1814 3480 1876 Παῦλος
3522 1811 3794 1878 διαφόρων

545 1901 751 1970 species
791 1899 947 1956 nobis
992 1903 1371 1957 enumeravit:
1411 1920 1432 1954 ι
1475 1903 1600 1958 Haec
1645 1905 1827 1960 omnia
1853 1944 1868 1969 ,
1904 1906 2113 1976 inquit,

544 1998 796 2059 Operatur
841 2007 979 2046 unus
1023 2000 1080 2048 et
1130 1991 1270 2048 idem
1332 1992 1595 2062 Spiritus,
1639 1995 1826 2050 dividit
1890 1996 2116 2067 singulis

545 2090 704 2150 prout
731 2081 844 2135 vult
867 2080 933 2135 ⁸⁷.
964 2096 984 2130 ι

623 2171 784 2226 Vens.
821 2172 875 2237 4,
907 2170 960 2228 5.
1008 2171 1126 2228 Non
1149 2173 1433 2228 secundum
1461 2174 1686 2245 gloriam
1699 2177 1985 2246 judicabit,
2021 2195 2114 2233 ne-

544 2279 642 2333 que
687 2266 844 2331 juxta
888 2280 1174 2319 sermonem
1219 2277 1428 2336 arguet,
1482 2268 1571 2320 sed
1614 2269 1878 2336 judicabit
1930 2269 2117 2323 humili

537 2353 825 2423 judicium,
869 2368 915 2410 et
946 2365 1130 2426 arguet
1161 2357 1388 2412 humiles
1420 2368 1593 2424 terre,
1630 2369 1676 2411 et
1718 2361 1970 2429 percutiet
2014 2371 2117 2415 ter-

546 2460 659 2498 ram
692 2448 839 2500 verbo
871 2447 976 2501 oris
1009 2449 1123 2512 sui,
1163 2457 1212 2501 et
1240 2448 1430 2517 spiritu
1455 2465 1548 2517 per
1579 2449 1720 2501 labia
1768 2450 1968 2504 necabit
2017 2452 2116 2504 im-

543 2535 707 2602 pium.
748 2535 817 2589 Et
850 2539 948 2591 erit
970 2539 1181 2606 justitia
1209 2540 1412 2594 cinctus
1443 2539 1675 2593 lumbum
1704 2557 1877 2607 suum,
1907 2552 1955 2596 et
1989 2544 2119 2596 veri-

547 2634 652 2679 tate
679 2627 941 2682 involutus
967 2638 1159 2681 costas.

619 2799 1025 2855 Emmanuelem
1091 2816 1189 2857 suo
1268 2808 1507 2870 tempore
1584 2803 1922 2858 nasciturum
1993 2818 2116 2860 cum

548 2892 751 2961 Optime
781 2893 1136 2964 praedixisset,
1181 2893 1396 2949 adducit
1423 2908 1586 2963 porro
1627 2904 2026 2966 peropportune
2049 2910 2117 2951 ex

550 2985 744 3053 quibus
785 2985 951 3040 rebus
982 2996 1165 3054 posset
1195 2983 1590 3051 inclarescere,
1625 2999 1655 3039 a
1684 2985 1881 3041 virtute
1909 2986 2119 3042 scilicet

549 3092 668 3145 qua!
691 3075 787 3145 ipsi
813 3077 953 3132 inest
972 3077 1172 3142 divina,
1201 3093 1534 3149 operumque
1573 3077 1877 3148 splendore.
1894 3081 2119 3148 Oporte-

549 3167 638 3221 bat
660 3166 827 3232 enim,
857 3169 1163 3238 Oportebat,
1197 3167 1441 3238 inquam,
1467 3185 1582 3237 eos,
1607 3171 1701 3239 qui
1738 3171 2117 3240 praedictiones

549 3260 889 3328 propheticus
921 3258 1156 3325 habent,
1187 3259 1471 3329 diligenter
1503 3271 1630 3316 ante
1663 3264 1996 3331 persuadere
2033 3264 2118 3320 his

549 3350 642 3417 qui
691 3351 848 3402 Iidem
891 3350 943 3402 itt
1001 3365 1123 3404 eum
1157 3350 1458 3418 amplexuri
1488 3360 1677 3416 erant,
1716 3351 1876 3423 195
1915 3354 2040 3423 quis
2065 3363 2120 3409 et

550 3438 726 3508 qualis
749 3439 841 3506 sit,
864 3448 918 3494 et
944 3439 995 3493 in
1023 3440 1217 3510 quibus
1242 3441 1497 3510 praeclare
1519 3442 1592 3496 sit
1613 3452 1887 3499 venturus.
1914 3443 2116 3510 Quem-

552 3529 842 3583 admodum
883 3531 1029 3585 enitn
1069 3531 1114 3585 si
1162 3531 1282 3603 quis
1329 3541 1573 3587 nostrum
1616 3533 1849 3602 aliquem
1883 3535 2120 3590 homini—

553 3625 676 3684 bus,
699 3624 787 3691 qui
820 3639 940 3678 eum
975 3639 1080 3678 non
1117 3636 1313 3678 norunt
1351 3633 1766 3690 monstraturus,
1799 3642 1866 3681 ex
1889 3627 1973 3682 his
2002 3644 2122 3698 qua

517 3751 524 3758 -
556 3718 702 3770 novit
743 3717 922 3771 verbis
969 3719 1230 3787 depingit,
1275 3728 1328 3770 et
1355 3718 1421 3772 de
1449 3733 1514 3773 eo
1552 3720 1829 3786 praedicat,
1863 3735 1969 3774 non
2001 3736 2122 3776 esse

553 3807 811 3876 capillitio
865 3807 1053 3870 denso,
1113 3809 1206 3862 sed
1255 3807 1599 3862 mediocriter
1633 3810 1776 3863 tenui
1807 3819 1860 3864 et
1889 3825 2033 3876 raro,
2068 3820 2123 3866 et

553 3897 792 3966 gratioso
824 3912 942 3952 esse
972 3899 1149 3965 oculo,
1183 3906 1238 3953 et
1286 3897 1587 3952 subridenti
1638 3901 1860 3966 obtutu,
1905 3909 1960 3955 et
1988 3902 2124 3957 mire

555 3990 738 4058 gracili
760 4006 821 4044 ac
838 3989 1022 4045 subtili
1043 3998 1526 4060 naso,c:eterasque
1543 3992 1786 4060 corporis
1806 4001 1984 4060 partes
2000 4009 2124 4061 per.

555 4083 797 4150 sequitur
830 4101 844 4136 :
879 4081 992 4151 pari
1021 4123 1036 4148 ,
1083 4083 1266 4146 credo,
1310 4081 1518 4134 ratione
1571 4082 1736 4135 etiam
1769 4084 1958 4138 beatus
1991 4099 2122 4153 pro-

556 4176 752 4242 pheta,
778 4175 1030 4242 quoniam
1055 4174 1103 4228 ei
1137 4175 1201 4228 de
1249 4170 1426 4228 Verbo
1468 4173 1860 4229 humanitatem
1901 4185 2124 4245 propter

556 4281 655 4319 nos
672 4274 979 4320 assumeute
993 4279 1171 4320 sermo
1185 4274 1286 4334 est,
1307 4267 1424 4321 ideo
1459 4267 1612 4337 signa
1646 4267 1838 4321 divina:
1861 4275 2125 4336 praestan-

558 4358 644 4409 tiae
676 4367 731 4409 et
762 4355 1092 4412 excellentiae
1139 4367 1440 4422 enumerat,
1478 4359 1650 4427 deque
1677 4371 1742 4412 eo
1767 4357 1895 4412 dicit
1923 4373 1968 4409 ι(
2010 4355 2124 4410 Non

2220 1911 2354 1980 ἡμῖν
2399 1909 2755 1980 χαρισμάτων
2809 1908 2952 1972 ἰδέας
3002 1905 3511 1977 ἀπαριθμούμενος·
3554 1920 3573 1952 t
3610 1898 3794 1952 Ταῦτα

2223 2001 2420 2064 πάντα,
2449 2017 2468 2052 ι
2506 2000 2693 2070 φησιν,
2721 2017 2748 2051 ι.
2763 1999 2978 2069 ἐνεργεῖ
3003 1996 3065 2049 τὸ
3092 1995 3150 2048 ἒν
3178 1995 3273 2048 καὶ
3296 1995 3356 2047 τὸ
3391 1992 3522 2046 αὐτὸ
3549 1987 3794 2056 Πνεῦμα.

2220 2091 2421 2162 διαιρεῖ
2447 2090 2662 2160 ἑκάστῳ
2691 2089 2820 2160 ἰδίᾳ,
2849 2087 3034 2151 καθὼς
3065 2087 3336 2157 βούλεται.
3371 2104 3389 2137 t

2296 2184 2379 2236 Οὐ
2421 2182 2573 2235 κατὰ
2611 2179 2728 2249 τὴν
2781 2179 2972 2245 δόξαν
3019 2178 3235 2246 κρινεῖ,
3288 2175 3432 2230 οὐδὲ
3483 2171 3632 2226 κατὰ
3684 2167 3798 2236 τὴν

2221 2275 2443 2328 λαλιὰν
2479 2269 2804 2340 ἐξελέγξει,
2852 2269 3014 2324 ἀλλὰ
3051 2266 3245 2336 κρινεῖ
3281 2261 3540 2328 ταπεινῷ
3572 2260 3796 2328 κρίσινν

2223 2364 2320 2418 καὶ
2350 2361 2582 2434 ἐλέγξει
2613 2361 2754 2427 τοὺς
2779 2360 3098 2424 ταπεινοὺς
3126 2358 3237 2427 τῆς
3257 2356 3388 2426 γῆς,
3418 2355 3514 2408 καὶ
3545 2349 3798 2412 πατάξει

2222 2455 2340 2528 Τῆν
2363 2455 2444 2520 τῷ
2468 2455 2630 2523 λόγῳ
2661 2451 2768 2507 τοῦ
2801 2452 3099 2519 στόματος
3125 2447 3333 2508 αὑτοῦ,
3367 2444 3466 2498 καὶ
3502 2443 3572 2496 ἐν
3613 2441 3797 2493 πνεύ-

2219 2564 2360 2618 ματι
2385 2545 2484 2599 διὰ
2511 2543 2761 2615 χειλέων
2781 2540 2988 2598 ἀνελεῖ
3009 2537 3219 2606 ἀσεϐῆ.
3249 2537 3354 2592 Καὶ
3383 2533 3796 2588 ἐσταιδικαιο-

2223 2639 2383 2705 σύνῃ
2429 2634 2760 2705 ἐζωσμένος
2788 2633 2904 2701 τὴν
2932 2631 3135 2701 ὀσφὺν
3162 2627 3370 2690 αὑτοῦ,
3406 2626 3504 2680 καὶ
3549 2623 3802 2691 ἀληθείᾳ

2221 2728 2540 2798 είλημένος
2571 2725 2680 2792 τὰς
2705 2723 2992 2793 πλευράς.

2297 2818 2418 2871 Ὅτι
2452 2816 2775 2887 τεχθήσεται
2821 2813 2963 2866 κατὰ
3006 2812 3232 2882 καιροὺς
3275 2811 3305 2862 ό
3338 2804 3686 2878 Ἐμμανουὴλ
3736 2799 3797 2857 εὖ

2227 2907 2374 2977 μάλα
2405 2903 2789 2978 προειρηκὼς,
2837 2903 3179 2974 προσεπάγει
3227 2900 3544 2970 χρησίμως,
3590 2897 3685 2950 καὶ
3731 2897 3802 2947 τὰ

2222 3000 2289 3054 δι’
2335 2990 2411 3056 ὧν
2469 2999 2536 3052 ἂν
2597 2996 2683 3068 εἴη
2743 2993 3019 3066 γνώριμος
3063 2993 3139 3056 ὡς
3191 2990 3298 3044 ἀπό
3363 3007 3427 3058 γε
3486 2989 3586 3058 τῆς
3649 2985 3804 3041 ὲνού-

2145 3124 2189 3183 C
2227 3107 2326 3162 σης
2374 3088 2524 3162 αὐτῷ
2570 3085 2914 3183 θεοπρεποῦς·
2957 3085 3193 3183 ἀρετῆς,
3239 3083 3332 3135 καὶ
3385 3081 3500 3183 τῆςλ
3521 3081 3577 3132 ὲν
3621 3078 3803 3183 ἔργοις

2220 3180 2628 3252 λαμπρότητος.
2674 3178 2822 3231 Ἔδει
2857 3176 2985 3246 γὰρ,
3014 3174 3118 3227 ἔδει
3166 3171 3587 3243 προαναπείθειν
3639 3171 3804 3239 ἀκρι-

2219 3270 2330 3334 ϐῶς
2377 3267 2724 3340 προφητικὴν
2791 3266 3014 3336 ἔχοντας
3081 3263 3512 3334 προαγόρευσιν,
3567 3260 3696 3323 τοὺς
3754 3258 3806 3311 οῖ

2218 3378 2284 3431 γε
2341 3361 2441 3432 τὴν
2498 3360 2586 3412 ἐπ’
2638 3358 2800 3413 αὐτὸν
2853 3357 3076 3428 ἔμελλον
3132 3354 3533 3426 παραδέχεσθαι
3598 3354 3802 3411 πίστιν.

2219 3450 2303 3514 τίς
2333 3450 2392 3504 δέ
2419 3466 2506 3518 γε,
2531 3448 2628 3502 καὶ
2653 3450 2823 3510 ποῖος,
2850 3448 2945 3501 καὶ
2966 3446 3054 3499 διὰ
3081 3445 3250 3498 ποίων
3282 3444 3404 3513 ἥξει
3442 3441 3804 3512 κατορθωμά·

2219 3559 2348 3596 των.
2375 3541 2588 3611 ’Ὥσπερ
2611 3538 2720 3610 γὰρ
2746 3539 2903 3601 εἴτις
2926 3538 3022 3590 ἕνα
3055 3537 3166 3590 τῶν
3211 3537 3333 3589 καθ’
3370 3535 3540 3604 ἡμᾶς,
3570 3534 3684 3595 τοῖς
3707 3532 3806 3584 οὐκ

2221 3629 2416 3684 εἰδόσιν
2471 3629 2635 3683 αὑτὸν
2680 3626 3108 3697 κατασημαίνειν
3156 3624 3570 3695 βεϐουλημένος,
3621 3622 3679 3688 ἐξ
3731 3613 3807 3674 ὧν

2222 3717 2360 3774 οἶδεν
2380 3721 2509 3774 ὄντα
2540 3720 2684 3790 λόγῳ
2713 3719 3010 3789 ζωγραφεῖ,
3054 3717 3202 3785 λέγει
3227 3717 3284 3768 δὲ
3332 3715 3460 3785 περὶ
3507 3712 3694 3774 αὑτοῦ,
3733 3712 3808 3773 ὠς

2223 3812 2308 3882 εἴη
2341 3814 2440 3883 μὲν
2459 3812 2558 3882 τὴν
2600 3811 2776 3881 κόμην
2809 3811 2868 3863 οὐ
2909 3809 3097 3879 βαθὺς,
3149 3808 3478 3878 συμμέτρως
3524 3807 3583 3859 δὲ
3629 3804 3805 3873 ψιλὸς,

2225 3905 2317 3958 καὶ
2339 3903 2579 3975 χαροπὸν
2605 3903 2704 3972 μὲν
2741 3899 2902 3955 ὅτιτὸ
2933 3900 3087 3970 ὄμμα
3129 3898 3297 3967 αὐτῷ,
3327 3899 3421 3950 καὶ
3457 3893 3810 3962 ὑπογελῶσαν

2225 3998 2347 4067 ἕχον
2375 3996 2471 4068 τὴν
2495 3995 2672 4065 βολὴν,
2708 3993 2885 4063 ἰσχνὸς
2913 3992 2969 4046 δὲ
2993 3991 3092 4060 τὴν
3126 3994 3266 4062 ῥῖνα,
3313 3987 3407 4041 καὶ
3451 3987 3520 4040 τὰ
3562 3987 3726 4056 ἔτερα
3755 3983 3812 4035 δὲ

2224 4088 2319 4141 τοῦ
2345 4088 2597 4157 σώματος
2620 4085 2803 4150 διεξίοι
2840 4083 3006 4154 μέρη,
3053 4082 3144 4134 τὸν
3173 4079 3357 4144 αὑτὸν,
3399 4073 3449 4130 οἷ
3461 4095 3580 4147 μαι,
3612 4076 3812 4146 τρόπον

2226 4181 2320 4233 καὶ
2364 4181 2392 4232 ὁ
2437 4177 2703 4248 μακάριος
2755 4176 3079 4243 προφήτης,
3129 4170 3357 4239 ἐπείπερ
3407 4167 3554 4220 ἐστὶν
3591 4169 3619 4220 ὁ
3659 4165 3812 4232 λόγος

2225 4267 2392 4322 αὑτοῦ
2437 4266 2564 4336 περὶ
2620 4263 2714 4317 τοῦ
2761 4263 2827 4316 δι’
2869 4264 3018 4333 ἡμᾶς
3065 4259 3583 4330 ὲνανθρωπήσαντος
3609 4256 3808 4322 Λόγου,

2227 4358 2399 4430 ταύτῃ
2443 4374 2523 4410 τοι
2567 4355 2639 4408 τὰ
2661 4355 2760 4424 τῆς
2793 4349 3127 4422 θεοπρεποῦς
3173 4348 3446 4419 ὑπεροχῆς
3491 4346 3587 4399 καὶ
3633 4344 3815 4414 μέντοι

555 4447 852 4503 secundum
911 4447 1136 4516 gloriam
1193 4447 1493 4516 iudicabit,
1531 4462 1708 4516 neque
1753 4462 1820 4501 ex
1875 4461 2118 4503 sermone

2235 4447 2484 4513 ἐξουσίας
2547 4445 2940 4517 ἁπαριθμεῖται
3006 4443 3229 4514 σημεῖα,
3278 4438 3371 4492 καὶ
3422 4436 3484 4506 δὴ
3540 4435 3634 4488 καί
3683 4451 3816 4504 φησι

558 4547 767 4607 arguet.
805 4555 823 4590 ι
857 4538 1024 4608 Digna
1059 4553 1147 4593 res
1178 4539 1286 4593 Deo
1309 4552 1642 4607 summaeque
1669 4547 1877 4592 natura:
1897 4553 2129 4615 consen-

563 4639 739 4682 tanea.
798 4629 1009 4684 Etenim
1058 4643 1163 4682 non
1211 4628 1263 4682 in
1311 4627 1537 4697 gloriam
1570 4629 1847 4681 hominum
1888 4629 2125 4694 intueri,

561 4722 655 4774 sed
685 4730 915 4786 rectum,
951 4726 1006 4774 et
1034 4719 1316 4773 immotum
1342 4719 1394 4771 itt
1428 4733 1486 4772 re
1515 4732 1749 4786 quaque,
1801 4725 1858 4772 et
1907 4721 2128 4776 omnino

561 4810 1034 4880 irreprehensibile
1069 4809 1640 4880 exercerejudiciutn,
1678 4823 1856 4864 nonne
1882 4811 2125 4864 omnium

563 4915 746 4956 rerum
782 4903 1024 4973 reginam
1067 4913 1313 4957 naturant
1364 4900 1564 4956 decet?
1616 4900 1734 4955 Non
1787 4901 1931 4956 enim
1981 4902 2133 4956 novit

565 5005 848 5062 personam
882 4995 1151 5063 respicere
1174 5033 1190 5058 ,
1222 5008 1322 5049 nec
1369 4991 1574 5048 divitiis
1601 4990 1683 5046 vel
1715 4991 1980 5061 elegantia
2013 4991 2130 5046 cul-

2233 4541 2361 4611 περὶ
2386 4538 2549 4593 αὑτοῦ
2570 4555 2584 4570 ⁸
2624 4556 2643 4589 ι
2681 4538 2756 4590 Οὑ
2801 4533 2943 4590 κατὰ
2970 4535 3069 4602 τὴν
3099 4531 3257 4597 δόξαν
3292 4531 3486 4601 κρινεῖ,
3525 4526 3647 4580 οὐδὲ
3679 4525 3819 4580 κατὰ

2232 4632 2330 4704 τὴν
2384 4630 2575 4684 λαλιὰν
2618 4629 2848 4696 ἐλέγξει.
2883 4646 2902 4678 ι
2936 4624 3248 4696 Θεοπρεπὲς
3290 4622 3352 4675 τὸ
3400 4623 3606 4692 χρῆμα,
3641 4617 3818 4680 ἐοικός

2230 4740 2291 4776 τε
2323 4721 2480 4791 φύσει
2510 4725 2576 4792 τῇ
2597 4719 2874 4773 ἀνωτάτω.
2901 4715 2974 4770 Τό
3003 4715 3113 4787 γὰρ
3153 4717 3289 4785 μήτε
3318 4716 3396 4776 εἰς
3421 4713 3578 4777 δόξαν
3619 4709 3722 4778 τὴν
3760 4711 3820 4760 ὲν

2232 4811 2544 4883 ἀνθρώποις
2566 4813 2722 4884 όρᾷν,
2757 4809 2924 4880 ὀρθήν
2952 4825 3013 4862 τε
3070 4807 3166 4860 καὶ
3218 4805 3578 4874 ἀδιάστροφον
3605 4800 3705 4870 τὴν
3735 4800 3818 4867 ἐφ’

2230 4904 2446 4974 ἑκάστῳ
2478 4901 2748 4956 ποιεῖσθαι
2796 4901 2980 4971 κρίσιν
3032 4900 3126 4952 καὶ
3171 4895 3472 4966 ἀμώμητον
3519 4890 3819 4955 παντελῶς,

2230 4991 2349 5057 πῶς
2379 4993 2479 5045 οὐκ
2525 4989 2592 5043 ἂν
2641 4988 2842 5059 πρέποι
2881 4989 2946 5056 τῇ
2999 4986 3111 5038 τῶν
3159 4983 3297 5037 ὅλων
3351 4980 3581 5052 βασιλίδι
3619 4978 3819 5047 φύσεις

565 5092 691 5150 tus,
734 5083 815 5138 vel
868 5084 1194 5139 auctoritate
1250 5083 1561 5138 decoratum
1610 5096 1882 5151 quemque
1929 5081 2118 5136 honort

2233 5085 2309 5138 Οὐ
2332 5083 2442 5154 γάρ
2471 5077 2612 5136 οἶδεν
2648 5083 2782 5152 ὁρᾷν
2819 5082 2898 5143 είς
2940 5077 3252 5149 πρόσωπον,
3276 5073 3400 5128 οὕτε
3435 5073 3542 5144 μὴν
3578 5070 3670 5124 τὸν
3704 5073 3824 5133 ταῖς

564 5186 658 5230 aut
683 5176 1040 5230 aestimatione
1067 5175 1154 5229 ille
1182 5176 1457 5244 dignatur,
1500 5174 1637 5230 alios
1680 5174 1912 5242 spoliare
1947 5173 2118 5228 volen-

2235 5175 2301 5229 ὲκ
2325 5173 2570 5228 πλούτων
2603 5170 2938 5244 περιϐολαῖς,
2970 5167 3093 5222 οὔτε
3126 5166 3232 5238 μὴν
3261 5163 3566 5234 ἀξιώμασιν
3591 5162 3824 5231 ὲξωραῖ-

568 5275 698 5331 tem,
730 5267 826 5322 sed
875 5265 1180 5336 cperarium
1215 5265 1518 5340 iniquitatis
1550 5265 1881 5320 condemnat
1907 5279 2118 5333 prorsus

2246 5265 2440 5335 σμένον
2483 5264 2624 5328 ἀξιοῖ
2659 5263 2822 5332 τιμῆς
2865 5261 2898 5331 ἢ
2937 5259 3121 5328 λόγου,
3175 5256 3518 5310 πλεονεκτεῖν
3571 5248 3825 5305 ἐθέλοντά

566 5366 623 5408 et
639 5357 1008 5412 detestandum
1029 5356 1223 5411 reddit.
1243 5354 1357 5411 Non
1380 5365 1564 5426 arguet
1581 5364 1761 5410 autem
1781 5371 1847 5411 ex
1867 5371 2115 5411 sermone

2243 5373 2416 5422 τινας,
2442 5355 2762 5425 κατακρίνει
2791 5353 2849 5406 δὲ
2886 5352 3121 5416 πάντως,
3154 5349 3249 5403 καὶ
3287 5347 3558 5415 ἐπάρατον
3579 5341 3822 5410 ,ἀποφαί-

569 5448 1021 5513 quemadmodum
1051 5449 1242 5504 debeat
1296 5447 1543 5520 intelligi,
1584 5448 1856 5504 disserere
1908 5461 2118 5503 necesse

2244 5467 2322 5504 νει
2345 5450 2435 5504 τὸν
2465 5450 2563 5519 τῆς
2612 5446 2840 5516 ἀνομίας
2870 5445 3129 5517 ἐργάτην.
3169 5441 3284 5494 Οὐκ
3316 5436 3526 5504 ἐλέγξει
3575 5435 3634 5489 δὲ
3684 5433 3825 5491 κατὰ

572 5549 675 5592 est.
734 5538 984 5608 Plerique
1027 5542 1172 5596 enim
1227 5551 1466 5597 nostrum
1506 5539 1601 5610 qui
1655 5540 1877 5597 laudare
1909 5540 2092 5597 volunt

2245 5541 2344 5612 τὴν
2389 5539 2596 5594 λαλιάν·
2659 5539 2754 5591 καὶ
2797 5536 2920 5590 τίνα
2967 5534 3166 5607 τρόπον
3213 5529 3320 5602 χρὴ
3370 5525 3694 5592 ὶννοεῖσθαι,
3730 5522 3826 5579 καὶ

651 5690 695 5722 ⁵⁷
732 5690 750 5744 1
788 5691 915 5746 Cor.
952 5705 1048 5757 ιιι,
1089 5693 1171 5748 il.
