2072 3151
158 148 212 177 317

726 146 759 175 ΙΝ
779 147 897 175 ISAIAI
916 147 981 176 LIB.
1003 148 1035 177 li.
1056 149 1178 178 TUIUS
1197 149 1217 177 Ι.

1741 145 1792 173 518

158 207 240 235 τοῦτο
253 206 371 234 διιιπιῖν
382 206 540 241 ἀναγκαῖον.
555 205 681 232 metm;
695 205 745 241 μὲν
758 205 813 241 γὰρ
832 206 890 233 ὅσοι
905 205 960 232 τῶν

1014 206 1145 234 honorem
1173 207 1333 241 impertiant
1360 206 1423 235 licet
1448 207 1537 235 minus
1570 206 1649 234 bonis
1676 206 1799 234 moribus

159 254 223 282 καθ’
239 254 317 290 ἡμᾶς
327 253 389 284 τοὺς
402 252 524 280 ἔπαινεϊν
535 251 679 283 ἐθέλοντας
688 251 793 285 ἀξιοῦσι
805 252 898 287 τιμῆς,
910 252 958 279 καὶ

159 300 184 327 ει
208 300 248 335 μή
278 306 351 330 τινες
373 295 428 324 εἶεν
450 295 549 330 ἀγαθοὶ
569 296 634 327 τοὺς
654 295 782 332 τρόπους,
812 295 907 331 μισθὸν
928 296 958 323 δι

160 345 257 380 ὥσπερ
273 344 324 379 τῆς
346 342 488 372 κολακείας
501 342 594 373 αὐτοῖς
608 341 777 376 ἀπονέμουσι
801 341 832 368 τδ
853 341 900 368 καὶ
914 341 958 368 θε-

164 390 295 425 ραπεύειν
315 388 372 416 ἐσθ’
386 389 441 420 ὅτε,
462 387 510 415 καὶ
535 386 601 419 τοὺς
626 386 672 413 ὑπ’
696 387 797 419 αὐτοὺς
828 386 957 421 ὶλόγχους

166 436 364 463 συστέλλουσιν.
396 434 466 461 Ἀλλ’
479 434 509 460 οὺ
520 432 600 460 τοῦτο
615 432 766 467 δεδρακότα
792 432 895 458 κατίδοι
916 441 957 462 τις

169 483 199 509 ἂν
223 483 267 509 τὸν
290 481 394 516 Κύριον
423 480 469 506 καὶ
492 479 558 505 Θεὸν
584 478 664 514 ἡμῶν
692 477 798 513 Ἰησοῦν
828 477 955 512 Χριστόν.

168 529 306 563 Τοιγάρτοι
328 527 375 553 καὶ
389 526 452 557 τοῦς
469 526 648 560 χρηστοεπεῖν
675 524 840 559 ᾑρημένους,
855 523 884 549 οὺ
903 524 956 558 μὴν

165 574 202 600 ἔτι
214 575 260 600 καὶ
279 573 401 607 ἀγαθοὺς
429 571 509 602 ὄντας
532 570 605 597 κατὰ
637 569 777 605 ἀλήθειαν,
807 570 956 604 ἀποτόμοις

163 620 283 654 ἐλέγχοις
295 618 410 653 μεθίστη
433 616 564 648 πολλάκις
586 616 632 642 ὲπί
653 623 685 649 γε
711 616 741 642 τδ
757 615 830 650 βιοῦν
847 615 955 641 ἑλέσθαι

163 665 395 700 σωφρονέστερον.
413 662 572 698 Προοῄεσαν
591 660 640 696 μὲν
651 661 705 696 γάρ
717 669 781 687 ποτε
798 660 847 686 τῶν
861 660 955 686 καλου-

163 711 253 745 μένων
284 707 459 744 Ἥρωδιανῶν
483 715 566 738 τινες.
588 706 742 741 πράκτορες
759 706 787 732 δὲ
809 702 881 732 oft-.01.
907 714 954 732 τε-

160 755 269 787 λωνῶν,
289 752 351 780 εἶτα
362 753 437 780 δόλον
450 752 523 787 αὺτῷ
540 751 639 787 πικρὸν
654 751 802 785 ἀρτίοντες,
815 751 933 785 ἔφασκον
945 758 952 765 ·

164 811 173 826 ι
209 799 371 830 Διδάσκαλε,
402 795 511 832 οῐδαμεν
533 798 574 824 ὁτι
598 797 647 832 τὴν
670 797 730 823 ὁδὸν
755 796 802 823 τοῦ
831 796 898 823 Θεοῦ
925 798 955 823 ὲν

161 845 278 881 ἀληθείᾳ
293 845 439 876 διδάσκεις,
456 844 502 870 καὶ
515 843 545 870 οὑ
559 842 635 878 μέλει
649 851 691 869 σοι
705 842 769 878 περὶ
783 842 898 874 οὐδενός.
918 842 954 868 Οὐ

163 893 217 926 γὰρ
242 890 352 926 βλέπεις
366 891 405 922 είς
423 890 567 925 πρόσωπον
581 888 743 923 ἀνθρώπων.
769 888 876 920 Ἔξεστι
892 888 955 915 δοῦ-

164 947 206 963 ναι
231 937 330 972 φόρους
347 936 478 970 Καίσαρι,
493 934 510 970 ἢ
523 933 570 967 οὓς
590 934 678 966 Αὐτός
707 934 736 960 δὲ
763 934 832 970 πρὸς
854 934 954 967 ταῦτα,

168 983 195 1009 Γί
214 991 246 1017 με
260 981 413 1017 πειράζετε,
425 980 572 1015 ὑποκριταί
585 988 593 1013 ;
610 979 760 1012 ἐπιδείξατέ
776 989 821 1015 μοι
838 980 867 1006 τὸ
877 979 955 1015 νόμι-

165 1037 220 1063 σμα
238 1027 285 1054 τοῦ
308 1028 418 1062 κήνσου.
440 1036 449 1052 ι
476 1025 572 1061 Ἀθρει
596 1025 629 1062 δὴ
652 1025 698 1052 οὖν
717 1026 792 1058 ὅπως
821 1026 955 1061 διελέγχει

111 1092 114 1095 .
163 1072 369 1103 κολακεύοντας,
391 1072 439 1098 καὶ
451 1070 701 1106 χρηστολογοῦντας
717 1071 885 1098 ἀποσείεται.
909 1072 955 1097 Δια

162 1119 258 1154 ήλεγξε
272 1118 312 1150 δὲ,
326 1118 372 1144 καὶ
384 1117 414 1143 οὑ
428 1117 499 1144 κατά
513 1125 545 1150 γε
557 1117 606 1152 τὴν
620 1116 715 1143 λαλιὰν
729 1116 820 1142 αὐτῶν
830 1124 837 1132 ·
857 1117 883 1143 ol.
903 1116 955 1151 μὲν

162 1166 216 1200 γὰρ
239 1164 412 1199 προσεδόκων
431 1161 677 1197 ἐπαινεθήσεσθαι,
693 1162 763 1196 τάχα
787 1169 839 1188 που
863 1169 956 1188 κατει-

163 1211 343 1246 ρωνευόμενοι
360 1209 420 1244 μὲν,
445 1207 516 1243 πλὴν
541 1207 630 1242 εὐφυᾶ
649 1207 697 1233 καὶ
726 1207 956 1242 στωμυλεστάτην

162 1254 370 1289 ἐπιτηδεύοντες
395 1252 445 1288 τὴν
474 1251 679 1287 κομψολογίαν,
711 1252 726 1277 ὁ
754 1251 784 1278 δὲ
817 1251 957 1286 ἀδοκήτως

163 1299 347 1335 πειράζοντας
375 1298 423 1324 καὶ
440 1296 592 1332 ὑποκριτὰς
609 1296 709 1322 ἐκάλει.
727 1295 832 1323 Οῡκοῦν
843 1297 874 1322 οὐ
886 1296 957 1323 κατά

163 1347 214 1381 τὴν
229 1345 309 1377 δόξαν
320 1344 418 1379 κρινεῖ,
428 1343 579 1374 τουτέστιν,
589 1343 619 1368 οὺ
634 1342 867 1377 προσωπολήπτης
879 1341 955 1368 ἔσται

165 1391 306 1426 δικαστὴς,
324 1389 386 1416 οὔτε
400 1389 453 1424 μὴν
467 1387 571 1421 ἐλέγξει
584 1387 654 1414 κατὰ
668 1387 717 1422 τὴν
728 1387 831 1414 λαλιάν.
847 1388 885 1414 οὐ
900 1388 954 1423 γὰρ

168 1437 304 1469 ἀνέξεται,
319 1435 394 1470 φησὶ,
413 1434 467 1461 τῶν
489 1433 582 1460 ἀνόσια
606 1433 654 1468 μιν
671 1434 778 1468 φρονεῖν
796 1433 953 1469 ᾑρημένων,

168 1484 340 1518 προσωπεῖον
354 1481 381 1508 δὲ
396 1480 488 1515 ὥσπερ
515 1480 620 1515 ἀπάτης
645 1479 691 1506 καὶ
707 1479 783 1506 δόλου
800 1480 954 1513 περιτιθέν-

164 1538 219 1555 των
233 1529 337 1559 ἑαυτοῖς
351 1527 399 1562 τὴν
413 1525 604 1560 κομψολογὶαν.
620 1524 706 1551 Τοῦτό
719 1524 760 1551 τοί
779 1533 861 1559 φησιν
875 1526 953 1560 εναρ-
967 1544 988 1572 C

162 1575 235 1608 γὼς·
257 1583 265 1599 ι
283 1574 319 1600 Οὺ
338 1573 389 1604 πᾶς
401 1574 414 1599 ό
430 1571 518 1605 λέγων
534 1579 593 1606 μοι,
611 1570 709 1605 Κύριε,
725 1569 822 1605 Κύριε,
835 1570 953 1597 είσελεύ-

163 1630 238 1647 σεται
254 1620 293 1650 είς
307 1618 355 1654 τὴν
366 1617 504 1653 βασιλείαν
525 1616 581 1643 τῶν
604 1616 738 1651 οὐρανῶν,
764 1616 821 1642 ἀλλ’
838 1617 852 1642 ό
867 1615 953 1642 ποιῶν

162 1667 191 1693 τὸ
204 1666 309 1700 θέλημα
323 1664 369 1691 τοῦ
385 1664 493 1698 Πατρός
517 1672 567 1698 μου
587 1662 634 1689 τοῦ
660 1663 688 1688 ἐν
703 1662 760 1692 τοῖς
782 1662 916 1697 οὐρανοῖς.
940 1671 950 1687 ι

163 1714 218 1740 Καὶ
234 1712 332 1739 πάλιν
351 1721 359 1737 ι
375 1710 471 1737 Πολλοὶ
487 1708 578 1745 ὲροῦσί
593 1717 637 1744 μοι
650 1709 678 1734 ὲν
695 1708 785 1743 ἐκείνη
800 1710 832 1742 τῇ
851 1708 953 1743 ἡμέρᾳ,

162 1760 194 1793 τῇ
209 1758 258 1792 τῆς
278 1756 392 1792 κρίσεως
403 1754 544 1790 δηλονότι·
561 1753 658 1789 Κύριε,
670 1753 768 1788 Κύριε,
795 1753 826 1779 οὐ
848 1753 887 1788 τῷ
915 1752 954 1788 σῴ

163 1805 276 1839 ὀνόματι
309 1800 565 1838 προεφητεύσαμεν,
604 1799 652 1826 καὶ
691 1799 822 1832 δυνάμεις
854 1799 955 1830 πολλὰς

163 1850 349 1885 ἐποιήσαμενς
372 1847 454 1875 Ἀλλά
466 1847 538 1879 τότε,
551 1847 642 1881 φησὶν,
659 1845 714 1881 ἐρῶ
726 1846 817 1876 αὐτοῖς
827 1854 833 1861 ·
856 1844 953 1879 ’Λμὴν,

163 1898 235 1931 λέγω
249 1897 324 1930 ὑμῖν,
350 1894 479 1921 οὐδέποτε
508 1893 593 1926 ἔγνων
615 1893 696 1927 ὑμᾶς.
713 1901 722 1917 ι
742 1891 774 1917 Τί
795 1891 824 1917 δὲ
847 1891 878 1924 δὴ
901 1891 954 1925 ἄρα

163 1940 232 1976 πρὸς
241 1939 344 1970 τούτοις
357 1939 371 1965 ὁ
385 1936 636 1972 ἀπροσωπόλητιτος
648 1935 792 1970 ἐργάζεται
807 1935 935 1969 δικαστὴς
946 1942 953 1966 ;

164 1986 262 2021 Κρινεῖ
277 1982 396 2018 ταπεινῷ
410 1982 512 2018 κρίσιν,
524 1981 671 2012 τουτέστιν,
683 1980 713 2006 οὐ
726 1979 883 2015 περιόψεταί
895 1988 954 2005 τινα

163 2032 218 2058 τῶν
227 2029 371 2061 ταπεινῶν,
380 2028 436 2055 ἀλλ’
454 2027 538 2062 ὀρθὴν
552 2027 600 2053 καὶ
610 2025 760 2062 ἀμώμητον
768 2026 811 2052 ἐπ’
819 2025 894 2060 αὐτῷ
906 2025 954 2060 τὴν

164 2077 257 2113 κρίσιν
271 2075 377 2108 ἐξοίσει.
403 2073 556 2107 Ἐξελέγξει
569 2073 597 2099 δὲ
614 2071 716 2107 ὁμοίως
730 2072 794 2102 τοὺς
810 2071 954 2101 ταπεινοὺς

162 2123 213 2158 τῆς
228 2122 280 2156 γῆς
291 2130 297 2136 -
312 2120 405 2155 ὥσπερ
418 2119 472 2154 γὰρ
487 2119 517 2145 οὺ
534 2118 564 2144 τὺ
578 2117 625 2144 τοῦ
640 2117 768 2150 π).ουσ,ίου
784 2116 955 2142 πλεονεκτεῖν

163 2168 303 2198 ἐθέλοντος
329 2164 486 2202 ἐρυθριάσει
509 2163 665 2200 πρόσωπον,
688 2162 757 2189 ἀλλά
779 2161 885 2188 δικαίαν
909 2162 954 2187 ἐπὶ

1009 251 1145 286 ρηιιίιίε,
1167 252 1263 287 eisque
1291 253 1445 280 mercedem
1472 251 1546 279 velut
1566 251 1730 279 adulationis
1750 252 1798 279 tri-

1008 296 1105 329 buunt,
1121 301 1150 324 ut
1170 297 1303 325 interdum
1320 297 1402 325 etiam
1419 296 1511 325 colant
1537 304 1586 325 eos
1598 301 1625 324 et
1640 296 1796 329 observent,

1008 347 1041 368 ac
1055 342 1280 376 reprehensiones
1291 343 1473 378 supprimunt.
1487 341 1588 370 Verum
1604 342 1747 370 Dominum
1767 350 1798 370 ac

1008 385 1092 413 Deum
1105 392 1226 415 nostrum
1240 387 1333 416 Jesum
1352 387 1490 416 Christum
1505 388 1557 416 hoc
1580 387 1706 415 factitare
1718 395 1798 415 nemo

1008 433 1115 460 viderit.
1128 433 1177 466 Qui
1191 434 1262 460 enim
1285 434 1381 461 blande
1405 434 1497 461 volunt
1521 434 1613 469 loqui,
1630 441 1718 468 neque
1733 441 1797 460 vere

1007 477 1069 504 boni
1084 484 1158 510 sunt,
1184 479 1233 506 hos
1247 479 1432 507 acerbissimis
1448 479 1706 513 reprehensionibus
1727 486 1794 506 cou-
1831 501 1834 507 .

1008 524 1088 550 vertit
1101 532 1184 557 sepe,
1206 529 1234 551 ut
1249 525 1329 551 vitam
1347 524 1430 551 vclint
1457 525 1598 551 instituere
1615 524 1794 551 moderatius.

1006 569 1186 595 Accesserant
1209 569 1280 594 enim
1298 569 1446 602 aliquando
1460 569 1568 603 quidam
1592 568 1748 601 llcrodiaui,
1767 573 1796 595 ut

1007 618 1137 640 vocantur
1153 620 1160 638 :
1174 618 1251 640 erant
1264 619 1352 640 autent
1366 615 1391 640 hi
1410 614 1614 648 publicanorum
1630 620 1772 641 exactores
1786 623 1793 641 :

1006 666 1038 685 ac
1050 659 1109 686 dolo
1121 659 1147 685 in
1165 659 1238 685 ίιΙιιιιι
1253 660 1360 694 egregie
1384 660 1521 686 instructo
1538 659 1666 686 dicebam
1682 668 1688 686 :
1709 669 1717 685 ι
1738 659 1795 686 Ma-

1006 705 1098 740 gister,
1112 705 1213 732 scimus
1228 709 1254 731 te
1268 705 1337 731 viam
1356 705 1401 731 Dei
1423 705 1448 731 in
1462 705 1575 732 veritate
1595 706 1692 732 docere
1704 711 1792 732 etnon

1006 757 1065 777 esse
1082 749 1130 776 tibi
1152 757 1245 776 curam
1265 749 1298 776 de
1314 749 1419 783 aliquo;
1440 757 1492 776 non
1509 750 1581 776 enim
1601 749 1713 784 respicis
1736 757 1794 783 per-

1006 803 1099 823 sonam
1126 795 1291 822 hominum:
1315 795 1412 822 licetne
1437 802 1548 822 censum
1575 795 1639 822 dare
1671 795 1769 822 Caesari
1784 816 1791 828 ,

1006 840 1116 867 annon?
1131 840 1234 873 Quibus
1250 839 1293 867 ille
1307 850 1313 867 :
1332 840 1401 873 Quid
1421 848 1463 866 me
1486 840 1604 873 tentatis,
1623 841 1793 875 hypocrita?

1005 886 1141 914 ostendite
1155 886 1218 913 mihi
1231 887 1364 913 numisma
1381 893 1478 913 census
1490 886 1524 912 "‘.
1546 895 1555 911 ι
1573 886 1694 914 Observa
1709 887 1793 921 igitur

1005 941 1059 968 quo
1073 938 1152 968 pacto
1168 934 1313 968 redarguunt
1333 933 1473 968 palpantes
1484 953 1491 965 ,
1516 938 1544 960 et
1558 933 1730 961 blandientes
1751 942 1794 961 re-

1005 979 1095 1012 pellat.
1123 979 1252 1013 Coarguit
1285 985 1398 1011 autent,
1431 979 1511 1013 idque
1527 986 1580 1006 non
1605 987 1636 1006 ex
1667 987 1794 1007 sermone

1005 1024 1123 1059 ipsorum
1141 1033 1148 1051 :
1169 1025 1249 1060 196
1263 1032 1324 1052 nam
1343 1025 1368 1052 hi
1386 1025 1530 1059 sperabant
1546 1033 1576 1052 se
1592 1025 1728 1052 laudatum
1748 1026 1791 1058 iri,

1005 1078 1066 1097 cum
1088 1070 1281 1098 cavillarentur
1303 1071 1423 1105 quidem,
1443 1071 1488 1098 sed
1508 1071 1652 1106 ingenuum
1670 1077 1698 1098 et
1715 1071 1792 1099 blan-

1005 1117 1067 1144 dum
1085 1117 1217 1143 orationis
1244 1117 1361 1151 leporem
1378 1117 1537 1144 adhibentes
1549 1137 1557 1149 ,
1573 1117 1617 1144 hie
1639 1122 1728 1144 autem
1744 1125 1792 1144 eos

1007 1167 1157 1190 tentatores
1179 1167 1206 1190 et
1222 1163 1379 1198 hypocritas
1407 1163 1441 1190 de
1464 1162 1611 1197 improviso
1633 1162 1790 1189 nominavit.

1003 1208 1096 1243 Itaque
1109 1216 1161 1235 non
1181 1208 1313 1242 judicabit
1332 1216 1364 1236 ex
1375 1208 1511 1243 opinione,
1531 1208 1558 1235 id
1573 1212 1625 1241 est,
1644 1215 1696 1235 non
1713 1215 1793 1234 acce-

1004 1259 1093 1289 ptator
1110 1255 1161 1282 erit
1178 1260 1356 1288 personarum
1370 1254 1464 1288 judex,
1482 1261 1570 1288 neque
1590 1254 1734 1287 redarguet
1758 1261 1792 1280 ex

1004 1306 1128 1327 sermone
1149 1308 1155 1326 :
1176 1299 1232 1326 Non
1252 1299 1335 1331 enim,
1362 1299 1472 1333 inquit,
1502 1298 1652 1326 adhaerebit
1677 1299 1719 1325 his
1747 1298 1792 1333 qui

1005 1345 1087 1379 impie
1114 1344 1205 1371 allecti
1225 1349 1299 1377 sunt,
1317 1345 1417 1379 quique
1435 1345 1553 1379 leporem
1579 1344 1711 1372 orationis
1734 1349 1793 1371 tan—

1004 1397 1085 1424 quam
1108 1389 1296 1417 fraudulentia:
1319 1397 1350 1417 ac
1374 1390 1499 1417 versutia:
1515 1397 1657 1424 personam
1675 1389 1726 1416 sibi
1747 1397 1792 1416 as-

1004 1439 1123 1461 sumunt.
1140 1434 1216 1467 Quod
1232 1434 1332 1461 diserte
1347 1434 1411 1461 dicit
1426 1443 1432 1461 :
1452 1443 1460 1459 ι
1484 1434 1540 1460 Non
1554 1435 1643 1461 omnis
1663 1434 1708 1467 qui
1728 1434 1794 1460 dicit

1004 1478 1082 1509 mihi,
1098 1477 1221 1509 Domine,
1248 1477 1360 1504 Domine
1374 1496 1382 1509 ,
1408 1477 1521 1504 intrabit
1539 1477 1564 1503 in
1582 1485 1693 1511 regnum
1711 1477 1794 1504 caelo-

1005 1531 1077 1556 rum,
1091 1523 1137 1550 sed
1153 1524 1198 1557 qui
1216 1522 1281 1550 facit
1292 1523 1457 1549 voluntatem
1475 1522 1563 1549 Patris
1580 1522 1631 1548 mei
1650 1521 1694 1554 qui
1713 1526 1752 1548 est
1767 1522 1793 1548 in

1005 1569 1081 1596 cmlis
1096 1568 1146 1595 “.i
1160 1568 1194 1594 Et
1207 1574 1301 1594 rttrsus
1318 1576 1324 1594 :
1345 1576 1354 1592 ‹
1374 1566 1448 1594 Multi
1464 1566 1553 1593 dicent
1568 1565 1633 1592 mihi
1650 1565 1694 1591 illo
1708 1565 1761 1597 die,
1782 1576 1791 1592 ι

1002 1614 1095 1649 iudicii
1120 1614 1260 1645 nimirum,
1279 1622 1288 1639 ι
1312 1612 1436 1645 Domine,
1451 1612 1573 1643 Domine,
1594 1619 1682 1639 nonne
1701 1611 1727 1638 in
1748 1619 1795 1638 no-

1005 1661 1077 1688 mine
1105 1665 1151 1687 tuo
1181 1659 1413 1694 prophetavimus,
1432 1663 1459 1686 et
1476 1658 1589 1684 virtutes
1608 1657 1707 1684 multas
1724 1665 1794 1692 prte-

1004 1705 1207 1733 stitimus?Sed
1237 1710 1322 1737 tunc,
1351 1703 1461 1739 inquit,
1487 1703 1574 1730 dicam
1600 1703 1677 1730 illis:
1708 1703 1793 1730 Amen

1005 1753 1065 1779 dico
1088 1752 1189 1779 vobis:
1209 1759 1345 1785 nunquam
1371 1750 1432 1777 novi
1455 1757 1502 1777 vos
1515 1749 1549 1776 5°.
1579 1759 1588 1775 ι
1619 1749 1688 1782 Quid
1713 1757 1795 1783 porro

1005 1798 1060 1831 agit
1075 1797 1157 1832 judex
1174 1797 1218 1824 hic
1242 1805 1256 1823 a
1276 1803 1451 1831 personarum
1469 1794 1652 1829 acceptatione
1666 1794 1795 1821 alienus?

1004 1842 1141 1870 Judicubit
1174 1843 1268 1871 humili
1293 1842 1443 1877 judicium,
1468 1842 1566 1873 idest,
1588 1849 1639 1868 non
1660 1840 1793 1873 despiciet.

1005 1897 1168 1923 quemquam
1197 1889 1341 1921 humilem,
1358 1892 1385 1915 at
1401 1893 1504 1915 rectum
1526 1891 1553 1914 et
1581 1887 1744 1919 inculpatum
1763 1885 1796 1912 de

1004 1943 1036 1962 co
1052 1934 1183 1968 judicium
1210 1935 1340 1967 proferet.
1363 1934 1495 1960 Similiter
1521 1934 1603 1959 etiam
1624 1936 1719 1966 arguet
1743 1931 1794 1957 hu-

1006 1981 1083 2008 miles
1093 1985 1171 2006 terra:
1184 1988 1190 2005 :
1209 1979 1519 2013 qucmadmodumeuim
1534 1985 1677 2012 personant
1688 1976 1792 2009 divitis,

1006 2033 1102 2060 rapere
1125 2033 1156 2052 ac
1183 2025 1302 2059 spoliare
1332 2024 1467 2056 volentis,
1493 2031 1545 2050 non
1571 2023 1720 2055 verebitur,
1749 2023 1794 2049 scd

1004 2072 1107 2107 justum
1124 2071 1157 2098 de
1173 2070 1266 2097 humili
1287 2069 1426 2096 exercebit
1447 2069 1578 2102 judicium
1596 2077 1602 2095 :
1619 2069 1667 2100 ita,
1690 2068 1793 2102 inquit.

1006 2118 1027 2145 si
1044 2118 1104 2151 quis
1135 2123 1229 2143 eorum
1266 2115 1311 2149 qui
1337 2115 1363 2141 in
1387 2114 1460 2140 tenui
1487 2113 1597 2141 fortuna
1619 2118 1646 2141 et
1666 2115 1796 2148 angustiis

1008 2171 1096 2189 rerum
1115 2162 1148 2188 ad
1164 2161 1245 2187 vitain
1263 2159 1478 2187 necessariarum
1498 2159 1661 2186 constitutus
1676 2164 1726 2190 est,
1743 2167 1792 2186 ex-

163 2213 203 2249 τῷ
230 2211 349 2246 ταπεινῷ
368 2211 511 2246 ποιήσεται
536 2209 628 2245 κρίσιν
644 2216 651 2223 ο
670 2207 743 2234 οὕτω
769 2207 820 2234 κᾶν
841 2207 867 2233 εί
888 2215 929 2238 τις
944 2227 951 2239 ,

1005 2212 1047 2234 tra
1073 2207 1145 2241 leges
1164 2205 1270 2232 divinas
1295 2207 1436 2239 evagetur,
1455 2208 1481 2231 et
1508 2203 1646 2237 injustitiaa
1679 2203 1796 2231 crimine

163 2259 243 2294 φησὶ,
257 2258 311 2284 τῶν
325 2258 353 2283 ἑν
366 2256 460 2290 ὑφέσει
476 2255 523 2282 καὶ
535 2254 756 2290 σμικροπρεπείᾳ
769 2255 803 2289 τῇ
817 2253 888 2281 κατὰ
906 2254 951 2280 τὸν

1005 2253 1138 2281 :onvirtus
1159 2259 1191 2279 ac
1216 2251 1379 2279 constrictus
1401 2254 1535 2282 tencalur,
1557 2250 1639 2277 etiam
1671 2249 1693 2275 is
1715 2256 1793 2275 coar-

163 2305 232 2341 βίον,
253 2303 305 2336 ἔξω
327 2302 381 2329 τῶν
406 2301 486 2328 Θείων
508 2300 617 2336 φέροιτο
639 2299 738 2334 νόμων,
764 2300 812 2326 καὶ
833 2300 888 2330 τοῖς
902 2298 952 2332 τῆς

163 2351 273 2381 ἀδικίας
294 2349 464 2384 ἐγκλήμασιν
477 2346 573 2373 ἑαυτὸν
588 2345 672 2376 ἀνιεὶς
687 2345 835 2378 ἁλίσκοιτο,
859 2345 953 2379 φησιν,

162 2395 356 2430 ἐλεγχθήσεται
397 2393 446 2419 καὶ⁸
484 2388 571 2423 οὗτος.
604 2392 763 2427 Γέγραπται
796 2391 873 2426 γὰρ,
914 2390 955 2415 ὅτι

168 2452 177 2468 ι
194 2442 301 2477 Πένητα
312 2441 362 2467 οὐκ
375 2439 496 2474 ἐλεήσεις
513 2439 541 2464 ὲν
553 2438 653 2473 κρίσει.
667 2447 676 2463 ι
688 2437 794 2472 Ὠσπερ
803 2437 858 2471 γὰρ
867 2436 913 2462 τὸν
926 2435 954 2461 ὲν

163 2488 283 2522 πλούτῳ,
309 2486 357 2513 καὶ
374 2485 507 2520 ὑπεροχῇ,
521 2483 570 2510 καὶ
595 2483 688 2519 μέντοι
713 2483 760 2509 καὶ
785 2481 954 2512 δυναστείαις

163 2535 214 2562 οὐκ
229 2533 379 2565 ἀπαλλάξει
392 2531 448 2558 τῶν
470 2530 640 2566 αἰτιαμάτων
649 2529 679 2556 τδ
693 2528 854 2565 περιφανὲς,
869 2529 893 2554 si
909 2527 955 2553 ἐπί

162 2589 220 2607 τισι
232 2578 287 2606 τῶν
303 2578 425 2605 ἐκτόπων
443 2576 692 2610 καταγινώσκοιτο,
715 2574 802 2606 οὕτως
815 2574 865 2600 οὐκ
880 2574 956 2599 ἐλευ-

165 2625 282 2661 θερώσει
299 2624 347 2652 τοῦ
362 2621 432 2650 εἶναι
452 2622 569 2658 πονηρὸν
583 2622 614 2648 τὺ
629 2623 658 2648 ὲν
680 2621 775 2654 ὑφέσει
791 2620 837 2646 καὶ
857 2627 955 2646 ταπει-

164 2673 259 2705 νότητι
270 2669 486 2706 σμικροπρεπὲς,
498 2668 560 2695 οὔτε
575 2667 628 2703 μὴν
643 2665 794 2698 ἀπαλλάξει
810 2664 858 2691 τοῦ
874 2664 954 2690 κολά-

164 2716 261 2751 ζεσθαι
282 2715 335 2742 δεῖν
360 2714 404 2741 τὸν
417 2715 450 2749 τῇ
467 2713 588 2748 πτωχείᾳ
606 2711 833 2747 κατηχθισμένον,
848 2711 896 2736 καὶ
910 2710 956 2736 τον

166 2761 306 2791 ἀπευκτὸν
326 2760 374 2787 καὶ
390 2760 545 2795 τρισάθλιον
574 2758 725 2793 ἀμείϐοντα
746 2757 813 2792 βίον.
832 2757 956 2782 Homer:-

201 2841 224 2858 “‘
238 2839 337 2869 Matth.
351 2846 420 2873 uti,
438 2837 532 2866 lli-2!.

1001 2304 1108 2334 guetur.
1125 2298 1262 2333 Scriptum
1279 2297 1351 2325 enim
1365 2300 1406 2324 est
1424 2305 1430 2323 :
1455 2305 1464 2321 ι
1486 2295 1636 2330 Paupercm
1654 2301 1706 2321 non
1739 2294 1791 2319 mi-

1002 2344 1134 2372 sereberis
1162 2344 1189 2371 in
1211 2343 1313 2378 judicio
1327 2343 1361 2368 ".
1392 2351 1402 2368 ›
1434 2341 1668 2374 Quemadmodum
1694 2338 1795 2365 etenim

1004 2391 1123 2423 divitiis,
1138 2395 1166 2418 et
1190 2389 1332 2424 dignitate,
1356 2392 1383 2416 et
1414 2388 1568 2422 principatu
1585 2390 1694 2412 auctum
1714 2391 1794 2412 orna-

1006 2442 1116 2471 tumque
1155 2435 1266 2463 claritas
1301 2438 1328 2461 et
1364 2432 1512 2467 amplitudo
1546 2431 1705 2458 criminibus
1740 2437 1795 2456 non

1006 2482 1145 2514 absolvet,
1173 2481 1195 2507 si
1211 2487 1272 2506 reus
1287 2483 1413 2513 peractus
1431 2478 1467 2505 sit
1489 2476 1623 2504 fmdorum
1637 2477 1771 2504 scelerum
1787 2484 1792 2501 :

1006 2528 1045 2554 sic
1062 2527 1174 2561 abjeclaa
1191 2526 1307 2553 fortunae
1324 2528 1350 2552 et
1378 2523 1487 2551 humilis
1510 2523 1646 2550 hominem
1675 2521 1797 2556 parvitas

1007 2573 1064 2600 hate
1080 2580 1094 2599 a
1111 2571 1181 2599 malo
1195 2578 1249 2598 non
1272 2570 1431 2602 vindicabit,
1450 2577 1500 2597 nec
1517 2577 1531 2595 a
1547 2568 1680 2603 supplicio
1705 2567 1797 2601 prohi-

1008 2617 1082 2645 bebit
1106 2616 1266 2644 del‘endetve
1280 2624 1341 2644 eum
1355 2616 1400 2651 qui
1419 2615 1594 2643 mendicitate
1610 2616 1741 2648 gravatur
1766 2616 1792 2639 et

1009 2661 1180 2698 opprimitur,
1198 2665 1226 2689 et
1240 2662 1433 2696 quisordidam
1461 2669 1493 2688 ac
1509 2666 1549 2687 ter
1565 2660 1693 2686 miseram
1711 2657 1795 2684 vitam

1011 2708 1179 2737 transmittit.
1197 2708 1325 2743 Adjuugit
1339 2712 1469 2742 prmterca
1496 2707 1537 2734 bis
1553 2710 1581 2733 et
1598 2705 1650 2732 alia
1671 2703 1793 2738 quadam

1011 2755 1107 2782 «thin-.1:
1131 2754 1297 2782 excellentiae
1313 2761 1430 2788 genera,
1452 2760 1511 2788 quae
1532 2752 1596 2780 dicit
1625 2751 1651 2779 in
1672 2748 1793 2778 omnium

572 2836 594 2853 "
615 2834 710 2863 Matth.
724 2842 771 2869 vn,
791 2833 836 2863 2|.
874 2834 896 2850 "
914 2832 979 2864 Ibid.
994 2840 1061 2867 xm,
1078 2832 1122 2860 23.
1162 2832 1184 2849 "
1198 2830 1283 2859 Exod.
1299 2837 1377 2863 χχιιι,
1391 2830 1419 2859 3.
