4144 6302
591 345 699 404 319

593 456 885 515 δεινοῖσι-ε
918 457 1133 514 Christo
1161 474 1301 526 esse,
1340 461 1463 530 quia
1502 477 1605 515 non
1644 463 1819 518 nudus
1848 473 1901 516 et
1932 462 2161 530 simplex
2193 465 2238 519 A

594 549 759 601 homo
796 555 995 602 nostra:
1022 548 1347 603 conditionis
1380 548 1562 610 fuerit,
1611 553 1727 616 sed,
1759 551 1834 604 uti
1860 551 1996 616 dixi,
2041 552 2167 606 Ver-

593 638 719 689 hum
753 636 1195 707 Deiunigenitum
1218 638 1580 705 incarnatum,
1607 650 1659 696 et
1683 643 1934 695 humanae
1957 650 2165 697 natum:

593 728 882 795 particeps.
903 728 1040 793 Quid
1072 742 1203 798 ergo
1231 729 1423 785 elﬁciet
1444 733 1470 786 ?
1502 732 1697 800 inquit.
1755 731 2027 787 Percutiet
2056 743 2165 787 ler-

591 832 704 870 ram
736 820 903 871 verbo
930 819 1042 872 oris
1065 820 1168 874 sui.
1197 817 1264 873 Et
1281 836 1440 890 quam
1476 822 1633 892 197
1663 824 1906 877 terram?
1934 823 2165 879 Maxime

591 920 753 972 quam
783 919 1100 963 exsecratus
1128 918 1231 964 est.
1267 911 1361 965 Est
1410 913 1623 980 quidem
1666 915 1767 969 hoc
1800 929 2017 977 verum,
2053 915 2164 968 imo

591 995 657 1047 de
676 995 822 1049 omni
851 1006 993 1051 terra
1007 997 1376 1053 verissimum.
1416 1000 1693 1056 Maledixit
1721 1003 1866 1057 enim
1891 1003 2163 1057 universus

591 1094 769 1149 terrae,
803 1101 897 1140 seu
955 1087 1192 1143 hominis
1238 1098 1447 1144 naturae
1495 1091 1548 1145 in
1599 1092 1840 1157 Adamn,
1872 1093 2157 1163 inquiens:

594 1194 613 1226 ι
656 1174 821 1232 Terra
846 1192 905 1234 es
927 1221 943 1246 ,
975 1186 1030 1233 et
1059 1178 1112 1233 in
1153 1188 1354 1234 terram
1377 1180 1483 1236 ibis
1502 1182 1572 1236 ⁸⁸.
1597 1201 1617 1235 ι
1653 1183 1932 1238 Maledixit
1963 1185 2162 1239 nihilo-

588 1270 975 1341 minus'impio
1009 1273 1255 1339 mundo,
1297 1287 1457 1342 quem
1509 1290 1650 1344 aqua
1704 1278 1996 1344 oppressit.
2045 1278 2160 1331 hla-

586 1358 775 1413 letlixit
817 1363 981 1416 etiam
1024 1364 1210 1417 adhaec
1258 1362 1471 1430 Iud-me,
1533 1381 1659 1421 cum
1704 1367 1896 1422 incolae
1922 1367 2041 1438 ejus
2078 1377 2162 1423 te-

586 1449 825 1506 mulente
851 1452 905 1506 in
939 1451 1087 1507 illum
1116 1453 1532 1512 deblaterarent.
1569 1458 1878 1514 Disitenim
1905 1478 1920 1514 :
1951 1478 1972 1511 ι
1997 1458 2159 1517 Jeru-

585 1538 778 1604 salem,
812 1539 1135 1607 Jerusalem,
1163 1558 1282 1613 qum
1302 1547 1507 1602 occidis
1545 1550 1866 1619 prophetas,
1915 1561 1973 1605 et
2012 1552 2081 1605 ad
2108 1561 2160 1606 te

586 1631 785 1688 missos
822 1633 1050 1703 lepidas,
1078 1638 1291 1704 quoties
1318 1638 1463 1693 volui
1494 1654 1826 1710 congregare
1848 1640 1990 1696 ﬁlios
2014 1650 2156 1709 tuos,

583 1721 1039 1787 quemadmodum
1085 1724 1282 1795 gallina
1322 1736 1624 1797 congregat
1673 1726 1849 1796 pullos
1884 1743 2012 1784 suos
2057 1730 2158 1786 sub

582 1813 726 1880 alas,
779 1822 835 1870 et
880 1815 1183 1871 noluistis?
1215 1817 1361 1872 Ecce
1416 1816 1745 1887 relinquitur
1784 1817 1939 1873 vobis
1963 1819 2160 1875 domus
2189 1804 2234 1860 Β

580 1915 759 1959 vestra
787 1904 913 1948 ”-”
958 1924 978 1960 ι
1001 1904 1058 1961 In
1077 1907 1169 1963 illo
1190 1908 1360 1977 enim,
1396 1908 1725 1979 relinquitur
1743 1910 1935 1967 domus
1955 1918 2159 1977 vestra,

580 1997 947 2055 derelictionis
992 1999 1048 2054 in
1089 2013 1152 2055 ea
1189 1998 1347 2056 facta
1376 2000 1658 2057 calamitas
1698 2001 2022 2071 explicatur.
2054 2000 2158 2057 De-

582 2089 769 2144 relicta
797 2103 931 2145 vero
978 2091 1048 2146 ab
1078 2104 1179 2157 eo,
1216 2090 1356 2146 bello
1379 2130 1397 2157 ,
1458 2092 1581 2161 igne
1626 2101 1682 2146 et
1719 2093 2159 2147 adversariorum

584 2182 834 2237 manibus
852 2191 1171 2251 consumpta
1194 2190 1299 2238 est.
1323 2182 1420 2238 Est
1442 2183 1570 2238 item
1602 2183 1732 2238 illud
1754 2183 1901 2238 aliud
1947 2184 2158 2255 signum

581 2278 637 2326 et
687 2270 1140 2343 complementum
1188 2288 1415 2330 summie
1461 2274 1745 2344 potestatis
1780 2292 1796 2329 :
1827 2274 2035 2345 Spiritu
2080 2275 2163 2330 la-

580 2364 793 2418 hlorum
823 2362 1037 2419 auferet
1063 2363 1308 2434 impium.
1340 2362 1649 2433 lncrepavit
1672 2365 1823 2420 enim
1846 2364 2160 2423 immundos

580 2455 802 2525 spiritus
827 2494 842 2521 ,
893 2464 950 2510 ct
996 2466 1263 2526 quantum
1292 2456 1584 2512 humanam
1616 2465 1870 2513 naturam
1901 2458 2156 2528 attingit,

580 2562 683 2601 vox
732 2546 1015 2618 personuit
1061 2562 1129 2602 ex
1187 2562 1286 2603 ore
1339 2557 1395 2602 et
1445 2547 1646 2611 labiis,
1715 2549 1879 2618 vique
1931 2549 2160 2619 spiritus

582 2640 947 2711 inexplicabili
996 2641 1385 2699 daemoniorum
1449 2640 1738 2695 multitudo
1807 2640 1983 2696 fracta
2050 2649 2157 2698 est.

581 2733 754 2787 Erunt
791 2739 992 2797 autem,
1035 2732 1132 2798 ait,
1171 2740 1225 2787 et
1265 2729 1472 2801 justitia
1500 2731 1664 2788 cincti
1704 2731 1872 2787 lumbi
1910 2731 2066 2802 ejus,
2106 2740 2167 2790 et

581 2821 816 2876 veritate
853 2820 1095 2877 involuta
1145 2821 1339 2878 latera.
1386 2821 1804 2879 Perinde‘enim
1863 2830 1949 2879 est
1978 2862 1994 2883 .
2024 2838 2091 2881 ac
2114 2823 2163 2880 si

578 2912 706 2982 quis
744 2910 927 2977 dicat,
987 2909 1319 2970 Potestatem
1366 2923 1423 2969 et
1480 2913 1857 2969 auctoritatem
1899 2914 1954 2970 in
1998 2916 2161 2971 rebus

579 3002 867 3059 mundanis
897 3004 1057 3060 habet
1086 3004 1311 3061 omnino
1348 3005 1576 3072 nullam,
1608 3020 1672 3061 ac
1715 3007 1946 3076 gloriam
1976 3009 2160 3064 verius

576 3094 838 3160 divinam,
858 3103 914 3150 et
942 3095 1099 3166 quasi
1144 3095 1454 3153 succinctus
1477 3107 1560 3153 est
1582 3098 1797 3166 justitia
1817 3108 1880 3155 et
1907 3100 2153 3156 veritate.
2182 3128 2228 3189 α

576 3184 723 3240 Znna
750 3195 932 3241 autem
966 3187 1181 3257 signum
1208 3195 1293 3244 est
1322 3189 1662 3259 principatus
1681 3230 1696 3258 ,
1726 3201 1783 3247 et
1827 3205 1951 3247 cum
1981 3193 2155 3263 dicat;

576 3277 626 3331 ei
661 3275 902 3330 involuta
923 3274 1119 3343 latera,
1157 3277 1292 3333 nihil
1319 3278 1463 3333 aliud
1492 3291 1763 3350 estquam
1792 3281 1838 3337 si
1871 3282 2153 3351 declaret,

577 3378 836 3435 tanquam
866 3366 1102 3423 balteum
1132 3372 1438 3439 quempiam
1489 3371 2011 3443 circumpositurum
2050 3376 2155 3432 sibi

571 3456 878 3527 justitiam,
940 3467 994 3514 et
1040 3467 1304 3530 praeterea
1354 3462 1661 3517 veritatem.
1714 3463 2025 3522 Verisimile
2071 3476 2157 3524 est

577 3561 780 3614 autem,
802 3563 924 3605 eum
961 3550 1227 3620 justitiam
1254 3562 1307 3606 ct
1331 3553 1619 3609 veritatem
1653 3557 1927 3626 appellare
1956 3574 2152 3615 novam

575 3654 630 3701 et
659 3645 1022 3715 evangelicam
1051 3645 1513 3717 praedicationem,
1550 3650 2007 3715 quemadmodum
2068 3652 2152 3707 di-

573 3747 719 3791 ctum
747 3744 832 3790 est
877 3734 927 3791 ei
965 3735 1251 3806 psallentis
1278 3751 1410 3792 voce
1443 3755 1458 3792 :
1495 3755 1516 3789 ι
1543 3736 1759 3794 Justitia
1793 3748 1915 3808 tua,
1941 3740 2152 3808 iustitia

511 3813 514 3815 λ
573 3826 627 3882 in
658 3841 874 3882 omnem
909 3825 1293 3893 atternitatem,
1328 3837 1386 3884 et
1425 3828 1510 3884 lex
1559 3838 1647 3884 tua
1685 3831 1886 3887 veritas
1908 3833 1974 3887 ⁸⁸.
2005 3852 2026 3887 ι
2052 3833 2152 3890 ,Ιιια-

571 3919 735 3975 stitia}
762 3918 908 3974 enim
939 3918 1200 3990 magistra
1226 3927 1344 3975 erat
1379 3930 1434 3975 et
1462 3920 1568 3986 lex,
1596 3922 1693 3977 sed
1729 3937 1838 3978 non
1873 3926 2071 3980 mansit
2097 3926 2150 3981 in

570 4020 856 4078 aeternum,
887 4009 1114 4065 meliore
1146 4018 1201 4065 et
1225 4010 1550 4081 perfectiore
1578 4011 1908 4077 introducta,
1943 4016 2153 4072 scilicet

569 4120 691 4174 qua:
724 4118 821 4174 per
863 4102 1140 4158 Christum
1182 4102 1285 4158 lata
1334 4113 1437 4159 est.
1500 4105 1711 4161 Rursus
1736 4105 1842 4161 ‘iex
1877 4121 1983 4162 non
2033 4117 2153 4163 erat

569 4193 792 4261 veritas,
824 4195 917 4250 sed
950 4204 1108 4267 typus
1137 4195 1316 4267 potius
1350 4205 1404 4249 et
1430 4196 1643 4250 umbra.
1687 4197 1937 4252 Christus
1964 4207 2146 4253 autem

569 4295 625 4340 et
659 4285 778 4355 ejus
810 4285 955 4356 leges
1003 4299 1135 4357 pure
1193 4294 1246 4342 et
1277 4285 1595 4356 simpliciter
1614 4300 1773 4342 erant
1805 4290 2029 4345 veritas.
2065 4290 2152 4346 Si-

570 4378 789 4447 quidem
817 4377 953 4433 dixit
983 4397 997 4433 :
1027 4397 1046 4431 ι
1085 4379 1193 4449 Ego
1216 4393 1335 4432 sum
1374 4380 1575 4434 veritas
1605 4380 1673 4433 ⁸⁸.
1700 4398 1719 4431 ι

567 4471 661 4537 λος
686 4472 778 4527 καὶ
796 4474 826 4527 6
854 4474 1014 4545 νόμος
1037 4469 1127 4546 ἦν.
1156 4472 1273 4527 ἀλλ’
1300 4474 1360 4526 οὐ
1391 4473 1697 4544 μεμένηκεν
1730 4476 1810 4538 εἰς
1873 4476 1967 4531 τὸν
2014 4479 2211 4546 αἰῶνα,

1584 350 1644 406 S.
1683 349 1955 407 CYRILLI
1991 346 2462 405 ALEXANDRINI
2504 342 2818 402 ARCHIEP.

3753 335 3853 391 3'20

2267 477 2389 528 αγει
2428 460 2484 513 δὲ
2541 459 2750 521 τούτοις
2810 457 2906 511 καὶ
2950 454 3271 526 ἓτεράτινα
3321 452 3430 506 τῶν
3486 453 3568 507 ὅτι
3624 453 3853 523 μάλιστα

2268 548 2750 620 θεοπρεπέστάτων
2796 544 3144 615 ἀξιωμάτων.
3174 544 3210 598 ἀ
3238 546 3331 597 καὶ
3383 544 3669 613 προσεῖναί
3720 533 3852 615 φησι

2263 638 2342 708 τῷ
2383 643 2597 695 πάντων
2627 639 2840 711 Σωτῆρι
2866 635 3107 708 Χριστῷ.
3130 636 3214 689 ὅτι
3244 633 3321 705 μὴ
3362 634 3519 703 ψιλὸς
3568 634 3855 706 ἄνθρωπος

2266 729 2388 782 καθ’
2432 732 2609 800 ἡμᾶς,
2664 729 2779 783 ἀλλ’
2835 723 2940 800 ἦν,
3004 727 3080 790 ὡς
3148 725 3307 795 ἔφην,
3386 726 3696 796 σαρκωθεὶς
3765 728 3859 779 καλ⁵

2264 822 2688 893 ὲνανθρωπήσας
2709 824 2738 876 6
2765 820 3060 892 μονογενὴς
3089 818 3184 872 τοῦ
3213 816 3349 872 Θεοῦ
3368 818 3561 886 Λόγος.
3591 818 3658 871 Τί
3679 816 3856 872 τοίνυν

2264 911 2589 984 ὲργάσεταις
2620 915 2805 984 φησίν.
2838 910 3075 976 Πατάξει
3102 912 3207 982 γῆν
3234 910 3311 982 τῷ
3340 910 3485 981 λόγῳ
3512 909 3607 963 τοῦ
3655 911 3860 981 στόμα-

2268 1019 2361 1065 τος
2400 1002 2586 1057 αὑτοῦ.
2619 1004 2729 1057 Καὶ
2763 1003 2924 1056 ποίαν
2954 1002 3063 1073 ἄρα
3083 1002 3227 1071 γῆν;
3257 1001 3508 1055 Μάλιστα
3567 1001 3667 1070 μὲν
3692 1000 3760 1072 ἢν
3796 1002 3857 1055 ἂν

2263 1091 2658 1164 καταράσαιτο.
2719 1092 2944 1164 Ἀληοὲς
2976 1093 3020 1145 δ’
3050 1090 3117 1145 ἂν
3149 1090 3235 1161 εἴη
3283 1092 3377 1145 καὶ
3422 1091 3517 1145 ἐπὶ
3559 1091 3742 1161 πάσης
3799 1092 3860 1146 τὸ

2261 1184 2570 1255 εἰρημένον.
2630 1187 2998 1256 Κατηράσατο
3043 1183 3152 1254 γάρ
3205 1182 3503 1252 σύμπασαν
3566 1183 3693 1253 γῆν,
3740 1184 3862 1253 ἤτοι

2260 1273 2359 1345 τὴν
2385 1274 2674 1347 ἀνθρώπου
2703 1274 2889 1345 φύσιν,
2918 1273 3089 1328 εἰπὼν
3116 1275 3175 1326 έν
3222 1272 3395 1342 Ἀδάμ
3414 1289 3428 1302 ·
3490 1291 3508 1323 ι
3553 1270 3629 1342 Γῆ
3659 1268 3729 1334 εἶ,
3763 1273 3859 1323 καὶ

2261 1369 2343 1429 εἰς
2372 1367 2475 1437 γῆν
2511 1367 2810 1438 ἀπελεύσῃ.
2854 1387 2874 1419 ι
2922 1364 3290 1437 Κατηράσατο
3349 1363 3459 1434 γὰρ
3500 1362 3654 1416 οὐδὲν
3693 1358 3859 1434 ἦττον

2260 1468 2466 1530 κόσμον
2507 1458 2723 1512 ἀσεϐῶν
2750 1458 2905 1515 ὕδατι
2965 1455 3327 1522 καταπνίξας.
3384 1455 3756 1524 Κατηράσατο
3800 1454 3858 1508 δὲ

2260 1551 2399 1621 πρδς
2447 1547 2661 1612 τούτοις
2702 1547 2806 1619 τὴν
2868 1547 3154 1614 Ἰουδαίαν,
3184 1546 3707 1617 ἐμπαροινησάντων
3759 1545 3857 1598 αύ-

2258 1642 2338 1714 τῷ
2358 1641 2467 1695 τῶν
2507 1640 2799 1694 οἰκούντων
2835 1640 3028 1711 αὐτήν.
3095 1639 3241 1708 Ἔφη
3284 1637 3397 1711 γάρ
3429 1654 3442 1666 ·
3496 1655 3515 1688 ι
3587 1636 3859 1708 Ἰερουσαο

2260 1733 2392 1805 λὴμ,
2420 1733 2454 1804 ή
2480 1731 2884 1787 ἀποκτείνουσα
2910 1733 3039 1796 τοὺς
3064 1733 3370 1803 προφήτας,
3393 1729 3489 1783 καὶ
3504 1727 3857 1783 λιθοϐολοῦσα

2259 1826 2396 1889 τοὺς
2417 1824 2867 1896 ἀπεσταλμένους
2902 1823 3038 1893 πρὸς
3069 1824 3241 1892 αὐτήν
3268 1837 3282 1850 ·
3325 1820 3560 1884 ποσάκις
3612 1818 3857 1891 ἠθέλησα

2260 1919 2683 1986 ἐπισυναγαγεῖν
2720 1915 2787 1970 τὰ
2826 1915 2993 1969 τέκνα
3044 1931 3166 1976 σου.
3226 1912 3287 1967 ὂν
3327 1912 3529 1984 τρόπον
3555 1911 3705 1984 ὅρνις
3734 1912 3861 1964 ἑπι-

2261 2008 2483 2076 συνάγει
2509 2008 2578 2063 τά
2617 2007 2807 2061 νοσσία
2851 2007 3051 2077 ἑαυτῆς
3099 2005 3205 2059 ὑπὸ
3257 2005 3358 2069 τάς
3413 2003 3715 2076 πτέρυγας,
3762 2004 3859 2057 καὶ

2258 2098 2360 2152 οὐκ
2394 2098 2734 2170 ἠθελήσατε;
2796 2097 2905 2150 ἰδοὺ
2936 2096 3159 2164 ἀφίεται
3198 2097 3327 2166 ὑμῖν
3367 2096 3395 2149 6
3425 2091 3576 2158 οἶκος
3603 2094 3781 2164 ὑμῶν.
3828 2113 3848 2145 ι

2273 2189 2362 2244 Ἐν
2391 2190 2501 2261 γὰρ
2550 2188 2650 2260 τῷ.
2681 2188 2902 2258 ἀφίεται
2923 2186 3050 2258 ύμῖν
3084 2188 3113 2240 6
3155 2183 3300 2249 οἶκος
3328 2183 3503 2257 ὑμῶν,
3535 2183 3595 2237 τὸ
3628 2185 3728 2253 τῆς
3764 2185 3858 2253 ἐγ-

2259 2282 2633 2351 καταλείψεως
2678 2281 2779 2351 τῆς
2831 2282 2918 2333 ἐπ’
2974 2281 3112 2351 αὐτῇ
3152 2278 3457 2349 γενομένης
3510 2276 3856 2345 διαφαίνεται

2260 2372 2454 2436 πάθος.
2508 2370 3028 2441 Ἐγκαταλειφθεῖσα
3068 2372 3127 2425 δὲ
3177 2372 3307 2440 παρ’
3351 2367 3518 2422 αὐτοῦ
3548 2367 3858 2440 δεδαπάνη-

2259 2479 2351 2516 ται
2377 2462 2472 2517 καὶ
2503 2462 2726 2533 πολέμῳ
2759 2463 2853 2516 καὶ
2900 2461 3054 2533 πυρὶ,
3086 2461 3182 2515 καὶ
3198 2462 3319 2523 ταῖς
3346 2458 3452 2513 τῶν
3492 2459 3857 2533 ἀνῃρηκότων

2261 2557 2481 2628 χερσίν.
2518 2557 2749 2627 Ἕτερον
2788 2554 2846 2607 δὲ
2899 2553 3031 2625 πρὸς
3077 2553 3252 2624 τούτῳ
3304 2553 3555 2622 σημεῖον,
3615 2552 3710 2604 καὶ
3754 2552 3860 2620 τῆς

2261 2646 2523 2701 ἀνωτάτω
2567 2645 2849 2715 δυνάμεως
2877 2644 3252 2715 ἀποτέλεσμα,
3283 2642 3344 2696 τὺ
3365 2645 3423 2696 έν
3458 2641 3731 2712 πνεύματι
3769 2640 3861 2695 διά

2262 2736 2484 2807 χειλέων
2515 2736 2727 2789 ἀνελεῖν
2749 2735 2942 2806 ἀσεϐῆ.
2990 2728 3259 2804 Ἐπετίμα
3295 2732 3405 2804 γὰρ
3436 2735 3552 2796 τοῖς
3602 2731 3857 2804 ἀκαθάρ-

2259 2846 2376 2893 τοις
2403 2827 2702 2898 πνεύμασι,
2756 2827 2851 2882 καὶ
2883 2829 3007 2882 ὅσον
3045 2827 3144 2899 μὲν
3174 2818 3309 2898 ἧκεν
3340 2824 3422 2889 εἷς
3461 2841 3524 2893 γε
3554 2823 3614 2877 τὸ
3643 2823 3863 2895 ἀνθρὼ-

2261 2935 2433 2984 πινον,
2490 2921 2523 2990 ἡ
2566 2919 2655 2973 διὰ
2712 2920 2979 2990 στόματος
3036 2918 3132 2973 καὶ
3193 2916 3419 2988 χειλέων
3475 2917 3858 2970 ἀπεκτυπεῖτο

2262 3010 2435 3082 φωνὴ,
2487 3012 2556 3082 τῇ
2592 3010 2651 3064 δὲ
2680 3011 2904 3082 ἀρρήτῳ
2931 3008 3160 3079 δυνάμει
3206 3006 3302 3061 τοῦ
3337 3005 3647 3077 πνεύματος
3673 3008 3706 3076 ἡ
3747 3006 3862 3058 τῶν

2259 3103 2555 3174 δαιμονίων
2578 3102 2789 3173 πληθὺς
2827 3099 3205 3172 συνεθραύετο.
3240 3100 3436 3153 Ἔσται
3466 3099 3544 3162 δὲ,
3568 3098 3727 3168 φησὶ,
3762 3100 3861 3152 καὶ

2256 3193 2570 3266 δικαιοσύνῃ
2597 3192 2908 3264 ὲζωσμένος
2935 3192 3035 3265 τὴν
3074 3192 3247 3260 ὀσφὺν
3273 3191 3461 3257 αὐτοῦ,
3494 3190 3588 3244 καὶ
3622 3191 3860 3261 ἀληθείᾳ

2258 3285 2545 3357 εἱλημένος
2595 3283 2694 3347 τὰς
2746 3281 3010 3353 πλευράς.
3061 3282 3289 3352 Ὅμοιον
3331 3281 3441 3352 γὰρ
3492 3282 3569 3344 ὠς
3598 3283 3647 3334 εἰ
3679 3280 3856 3348 λέγοι,

2262 3377 2505 3447 Δύναμις
2532 3375 2705 3447 αὐτῷ,
2735 3376 2830 3428 καὶ
2855 3373 3073 3444 ἀξίωμα
3125 3373 3235 3426 τῶν
3294 3373 3393 3444 μὲν
3450 3374 3508 3424 έν
3553 3372 3747 3442 κόσμῳ
3793 3372 3859 3424 τὸ

2258 3468 2478 3537 σύμπαν
2511 3466 2680 3532 οὐδὲν,
2706 3465 2832 3530 δόξα
2851 3466 2907 3519 δὲ
2938 3465 3137 3537 μᾶλλον
3166 3467 3198 3536 ἡ
3227 3464 3559 3536 θεοπρεπὴς,
3584 3464 3682 3516 καὶ
3735 3459 3855 3518 οἷον

2256 3556 2492 3623 ὲζῶσθαι
2542 3554 2861 3629 δικαιοσύνῃ
2896 3555 2990 3609 καὶ
3027 3554 3276 3626 ἀληθείᾳ.
3327 3553 3481 3625 Ζώνη
3528 3554 3585 3607 δὲ
3626 3558 3858 3623 σημεῖον

2255 3648 2453 3720 ἀρχῆς,
2488 3648 2582 3701 καὶ
2622 3647 2683 3700 τὺ
2728 3646 2974 3717 είλῆσοαι
3028 3645 3209 3715 λέγειν
3254 3644 3418 3699 αὐτὸν
3444 3643 3543 3708 τὰς
3585 3645 3852 3715 πλευρὰς,

2255 3738 2442 3812 ἕτερον
2472 3738 2626 3792 οὐδὲν
2654 3736 2742 3807 εἴη
2765 3736 2831 3790 ἂν
2862 3736 2896 3808 ἢ
2943 3734 3078 3789 αὐτὸ
3113 3734 3178 3804 δὴ
3218 3732 3375 3788 τοῦτο
3413 3734 3857 3803 κατασημαίνον·

2255 3848 2369 3894 τος,
2409 3832 2493 3883 ὅτι
2525 3829 2778 3900 καθάπερ
2820 3828 2944 3881 τινὰ
3006 3826 3268 3899 ζωστῆρα
3328 3824 3703 3896 περικείσεται
3753 3825 3856 3895 τὴν

2253 3922 2625 3991 δικαιοσύνην,
2657 3921 2753 3973 καλ¹
2783 3919 2922 3991 πρὸς
2953 3919 3089 3990 αὐτῇ
3127 3917 3226 3988 τὴν
3260 3916 3539 3989 ἀλήθειαν.
3582 3917 3745 3981 Εἰκὸς
3798 3919 3857 3972 δὲ

2252 4014 2318 4083 δὴ
2349 4015 2430 4067 ὅτι
2465 4012 2561 4065 καὶ
2587 4009 2934 4080 δικαιοσύνην
2964 4009 3059 4063 καὶ⁸
3090 4007 3355 4080 ἀλήθειαν
3417 4008 3478 4060 τὸ
3512 4007 3632 4063 νέον
3660 4025 3723 4063 τε
3761 4010 3858 4064 καὶ

2254 4103 2612 4175 εὐαγγελικον
2654 4103 2963 4156 ἀπεκάλεσε
3020 4102 3308 4174 κήρυγμα,
3363 4103 3508 4155 κατά
3531 4120 3592 4155 τε
3651 4103 3716 4155 τὸ
3768 4103 3857 4156 διά

2251 4196 2353 4264 τῆς
2411 4192 2505 4246 τοῦ
2547 4191 2841 4261 ψάλλοντος
2881 4192 3066 4260 φωνῆς
3118 4188 3255 4259 πρὸς
3298 4188 3465 4241 αὑτὸν
3516 4190 3813 4262 εἰρημένον
3837 4205 3851 4221 ο

2259 4309 2278 4343 ι
2315 4289 2380 4342 Ἦ
2415 4283 2730 4354 δικαιοσύνη
2766 4299 2859 4336 σου
2888 4281 3203 4352 δικαιοσύνη
3234 4283 3314 4344 εἰς
3344 4281 3437 4334 τὸν
3465 4281 3674 4334 αἰῶναλ
3706 4283 3802 4335 καὶ
3826 4283 3858 4335 6

2253 4383 2418 4452 νόμος
2465 4396 2560 4432 σου
2591 4348 2838 4447 etiam.
2889 4392 2909 4425 ι
2949 4348 3311 4445 Δικαιοσύνης
3344 4374 3443 4443 μὲν
3471 4373 3580 4446 γὰρ
3605 4373 3860 4427 διδάσκα-

2284 4479 2384 4547 τῆς
2442 4472 2752 4544 κρείττονος
2809 4469 2904 4521 καὶ
2949 4467 3282 4539 τελεωτέρας
3334 4467 3856 4538 εἰσκεκομισμένης,

566 4565 726 4637 δῆλον
756 4564 813 4620 δὲ
845 4564 1054 4635 basi};
1085 4565 1172 4619 διὰ
1213 4562 1471 4635 Χριστοῦ.
1533 4559 1643 4618 Ἦν
1694 4566 1751 4618 δὲ
1800 4569 1897 4621 καὶ
1952 4572 1981 4623 6
2021 4572 2190 4625 πάλαι
2222 4570 2386 4639 νόμος
2444 4566 2548 4618 οἰκ
2592 4560 2821 4633 ἀλήθεια
2874 4559 3095 4630 μᾶλλον,
3138 4558 3274 4613 ἀλλά
3342 4557 3513 4622 τύπος
3557 4559 3655 4611 καὶ
3703 4557 3855 4611 σκιά·

562 4660 802 4734 Χριστὸς
837 4661 894 4715 δὲ
925 4659 1019 4714 καὶ
1046 4659 1114 4712 τά
1140 4658 1304 4712 αὑτοῦ
1344 4659 1601 4730 καθαρῶς
1633 4662 1666 4730 ἡ
1716 4661 1963 4732 ἀλήθεια.
2018 4667 2309 4738 Τοιγάρτοι
2344 4662 2439 4716 καὶ
2469 4660 2737 4729 ἔφασκεν·
2779 4675 2798 4708 t
2842 4656 2983 4724 Ἐγώ
3012 4656 3129 4726 είμι
3166 4654 3467 4727 ήάλήοεια.
3514 4673 3534 4707 s

640 4755 805 4826 198
851 4754 1011 4809 Vsus.
1055 4751 1176 4807 6-9.
1229 4750 1297 4804 Et
1346 4752 1505 4806 simul
1548 4764 1789 4820 pascatur
1829 4754 1984 4820 lupus
2028 4775 2144 4812 cum

2320 4753 2432 4810 Καὶ
2473 4746 3045 4821 συμϐοσκηθήσεται
3088 4747 3279 4810 λύκος
3323 4745 3476 4815 μετὰ
3508 4744 3716 4814 ἀρνός,
3755 4745 3857 4797 xal

565 4863 723 4918 agno,
747 4857 796 4902 et
820 4845 1017 4915 pardus
1045 4843 1317 4899 accubabit
1344 4844 1516 4907 Ιιαιάο,
1541 4852 1590 4896 et
1620 4843 1830 4907 vitulus,
1862 4857 1909 4898 et
1940 4855 2148 4915 taurus,

563 4949 615 4994 et
640 4938 721 4993 leo
753 4936 914 4992 simul
942 4947 1240 5007 pascentur,
1264 4946 1312 4991 et
1338 4951 1471 5006 puer
1516 4935 1763 5005 parvulus
1789 4945 1907 5007 aget
1932 4953 2018 4992 eos
2052 4957 2070 4993 :
2100 4951 2148 4994 et

563 5031 687 5097 bos,
721 5039 771 5084 et
820 5045 971 5085 ursus
1015 5038 1430 5098 compascentur,
1467 5038 1514 5082 et
1558 5028 1718 5082 simul
1760 5031 1921 5083 catuli
1969 5047 2148 5085 eorum

562 5133 747 5186 erunt;
775 5131 824 5176 et
854 5121 962 5186 leo,
991 5131 1037 5175 et
1070 5121 1159 5174 bos
1188 5119 1349 5175 simul
1408 5127 1677 5174 vescantur
1708 5120 1892 5186 paleis.
1924 5118 1988 5174 Et
2021 5138 2151 5188 puer

561 5194 813 5283 parvulus
852 5211 906 5264 in
947 5210 1188 5280 foramen
1230 5210 1504 5279 aspiciam,
1535 5219 1579 5261 et
1620 5210 1675 5261 in
1718 5210 1888 5264 cubile
1930 5210 2149 5277 {mtuum

563 5304 807 5371 aspidem
831 5319 1045 5357 ntanum
1070 5300 1336 5366 immittet,
1363 5316 1455 5353 nec
1482 5301 1693 5364 lwdent,
1720 5316 1881 5371 neque
1907 5307 2148 5368 poterunt

561 5409 873 5463 quemquam
896 5392 1113 5462 perdere
1136 5391 1189 5444 in
1215 5402 1388 5444 monte
1415 5400 1600 5444 sancto
1624 5406 1757 5454 meo,
1782 5391 1911 5455 quia
1935 5389 2153 5458 impleta

563 5494 638 5538 est
660 5486 899 5538 universa
922 5494 1065 5539 terra
1085 5483 1378 5555 cognitione
1401 5482 1635 5547 Domini,
1655 5483 1807 5553 quasi
1829 5497 1967 5547 aqua
1990 5483 2150 5533 multa

566 5577 828 5642 cooperiat
850 5593 1014 5633 mare.

2254 4845 2551 4913 πάρδαλις
2571 4839 3113 4897 συναναπαύσεται
3143 4839 3345 4907 ἐρίφῳ,
3369 4837 3469 4891 καὶ
3490 4836 3857 4907 μοσχάριον,

2254 4939 2353 4993 καὶ
2381 4936 2619 5003 ταῦρος,
2657 4932 2758 4987 καὶ
2794 4930 2953 4986 λέων
3001 4931 3122 5000 ἅμα
3166 4928 3688 4997 βοσκηοήσονται.
3752 4929 3857 4981 καὶ

2254 5028 2498 5084 παιδίον
2518 5024 2738 5097 μικρὸν
2766 5024 2897 5089 ἄξει
2933 5023 3176 5087 αὐτούς.
3214 5021 3322 5076 Kal
3353 5018 3511 5085 ,βοῦς
3540 5020 3636 5073 καὶ
3670 5019 3859 5086 (lpum;

2253 5121 2376 5190 ἅμα
2401 5116 2918 5184 βοσκηοιὶσονται.
2967 5113 3069 5167 καὶ
3110 5112 3229 5182 ἅμα
3281 5110 3353 5164 τὰ
3406 5110 3616 5163 παιδία
3654 5106 3862 5163 αὐτῶν

2254 5213 2497 5267 ἔσονται
2519 5221 2533 5237 ⁸
2568 5208 2667 5263 καί
2686 5208 2846 5262 λέων
2865 5209 2963 5261 καὶ
2988 5206 3146 5271 ,βοῦς
3171 5205 3291 5273 ἅμα
3319 5202 3611 5274 φάγονται
3632 5202 3857 5270 ἄχυρα,

2257 5304 2362 5356 παὶ
2408 5301 2650 5356 παιδίον
2693 5299 2915 5365 νήπιον
2968 5299 3067 5353 ἐπὶ
3111 5297 3382 5367 τρώγλην
3428 5293 3711 5349 ἀσπίδων
3756 5293 3858 5346 καὶ

2255 5394 2355 5447 ἐπὶ
2389 5393 2598 5458 κοίτην
2628 5391 2893 5460 ἐγγόνων
2923 5389 3196 5444 ἀσπίδων
3226 5389 3340 5455 τὴν
3364 5390 3530 5454 zeTpa
3544 5385 3855 5440 ἐπιϐαλεῖ·

2258 5485 2351 5538 καὶ
2387 5487 2458 5537 οὐ
2482 5483 2568 5553 μὴ
2600 5480 3116 5548 κακοποιήσωσιν,
3150 5480 3276 5535 οὐδ’
3314 5481 3405 5533 οὔ
3428 5479 3516 5547 μὴ
3554 5478 3856 5533 δύνωνται

2258 5575 2555 5629 ἀπολέσαι
2587 5575 2806 5628 οὐδένα
2844 5574 2941 5627 ἐπὶ
2972 5573 3039 5628 τὸ
3071 5574 3206 5642 ὅρος
3237 5574 3303 5626 τὸ
3329 5572 3501 5640 ἅγιίν
3531 5589 3657 5643 μου
3690 5589 3708 5602 ’
3742 5566 3856 5623 ’ὅτι

565 5663 914 5735 ἐνεπλήσθη
947 5669 985 5737 ἡ
1013 5671 1308 5738 σύμπασα
1352 5670 1459 5725 τοῦ
1503 5669 1718 5739 γνῶναι
1751 5672 1856 5723 τὸν
1891 5671 2129 5736 Κύριον,
2157 5669 2236 5733 ὡς
2272 5671 2425 5737 ὕδωρ
2455 5668 2611 5722 πολὺ
2640 5670 2908 5736 καλύψαι
2950 5669 3291 5723 θάλασσαν.

641 5779 685 5811 ⁸³
711 5780 845 5839 ch.
880 5798 959 5849 Ill,
999 5785 1082 5839 ιι).
1157 5786 1280 5826 ³³-³’
1306 5787 1492 5843 Matth.
1530 5802 1679 5848 X‘Clll,
1706 5787 1793 5851 57,
1824 5786 1911 5840 58.

1986 5787 2032 5816 "
2059 5786 2199 5840 Psil.
2233 5802 2417 5849 cum,
2461 5784 2577 5838 ιιε.
2655 5783 2876 5841 "Junii.
2916 5801 3027 5851 xw,
3056 5784 3111 5839 6.
