4122 6292
303 391 399 447 εει

1436 377 1506 432 IN
1546 375 1782 432 lSAIAM
1818 372 1948 429 LIB.
1987 371 2056 432 IL
2099 372 2340 431 TOMUS
2382 373 2423 428 I.

3469 374 3576 430 5‘23

372 507 518 577 Πρὸς
554 506 668 568 τοῖς
696 503 795 574 ἤδη
835 497 1273 571 προειρημένοις,
1321 496 1462 567 μέγα
1489 496 1583 549 καὶ
1613 494 1891 565 ἐξαίρετον

2063 494 2143 548 Ad
2173 507 2237 548 ea
2267 507 2387 562 qua:
2410 492 2523 562 jam
2554 492 2702 561 prius
2735 500 3161 549 commemorata
3190 500 3312 547 sunt
3333 533 3347 559 ,
3378 494 3578 548 addere

303 600 401 654 καὶ
423 596 583 650 τοῦτο
610 596 856 666 σημεῖον,
890 591 985 644 καὶ
1016 591 1114 660 τῆς
1155 589 1250 642 τοῦ
1293 589 1544 659 Σωτπρος
1562 586 1719 657 ἡμῶν
1766 586 1890 637 ἐπι-

2021 586 2199 641 ιοιετίε
2236 593 2288 639 et
2328 586 2457 638 illud
2504 599 2757 651 maguum
2820 595 2876 638 et
2918 585 3177 639 eximium
3219 585 3464 653 signum,
3520 594 3620 665 et.

302 689 505 759 δημίας
575 685 678 738 οὐκ
756 682 1109 752 ἀθαύμαστον
1156 679 1501 748 ἀποτέλεσμα
1542 677 1658 747 δοίη
1695 692 1777 739 τις
1824 674 1891 729 ἂν

2021 677 2285 731 nirilicum
2342 676 2654 731 Servatorls
2705 677 2877 731 nostri
2928 679 3192 729 adventus
3252 674 3501 729 effectum
3560 690 3575 729 :

305 774 465 839 εἶναι,
496 777 589 830 καὶ.
614 774 758 846 μάλα
783 773 1031 835 εἰκότως.
1066 772 1202 843 Πρὶν
1234 770 1335 841 μὲν
1360 769 1469 839 γὰρ
1487 768 1743 837 γενέσθαι
1764 765 1887 819 καθ’
1941 787 1945 792 ν

308 871 454 939 ἡμᾶς
482 869 770 938 ἄνθρωπον
790 865 885 918 τὸν
921 864 1183 934 μονογενῆ
1217 861 1316 915 τοῦ
1338 860 1475 914 Θεοῦ
1506 860 1708 927 Λόγονο
1764 858 1894 929 πρὶν

244 1009 252 1025 ,
307 958 661 1015 ἐπιλαϐέσθαι
709 955 1030 1026 σπέρματος
1100 951 1374 1023 Ἀϐραὰμ,
1434 948 1767 1020 ὁμοιωθῆναί
1834 964 1896 1001 τε

308 1050 451 1104 κατὰ
475 1048 652 1102 πάντα
679 1048 793 1110 τοῖς
827 1044 1097 1113 ἀδελφοῖς,
1133 1042 1278 1097 καθὰ
1305 1042 1640 1111 γέγραπται,
1668 1039 1895 1110 σύμπαν

305 1142 367 1193 τὸ
391 1141 483 1193 ἐπὶ
509 1140 611 1209 γῆς
633 1138 812 1206 γένος,
855 1135 1002 1205 φημὶ
1047 1135 1112 1203 δὴ
1152 1133 1214 1186 τὸ
1260 1132 1621 1203 ἀνθρώπινον,
1651 1132 1732 1193 είς
1770 1130 1897 1200 ἔθνη

306 1231 533 1302 διῄρητο
568 1230 682 1291 δύο,
730 1228 811 1291 εἷς
841 1243 903 1278 τε
927 1225 1039 1277 τῶν
1080 1223 1375 1286 Ἰουδαίων,
1405 1222 1501 1274 καὶ
1539 1220 1649 1273 τῶν
1679 1222 1746 1290 τῇ
1785 1219 1899 1272 κτίο

307 1341 395 1376 σει
419 1320 862 1395 λελατρευκότων
890 1316 1043 1387 παρὰ
1077 1314 1170 1367 τὸν
1212 1314 1492 1367 κτίσαντα.
1523 1313 1632 1365 Καὶ
1659 1311 1900 1380 γνωστὸς

308 1415 415 1485 μὲν
442 1410 512 1485 ἦν
546 1413 606 1465 ἐν
632 1415 702 1481 τῇ
738 1407 973 1477 Ἰουδαίᾳ
1004 1407 1035 1458 ὁ
1060 1404 1193 1467 Θεός
1218 1419 1233 1434 ·
1266 1404 1434 1467 πολὺς
1460 1403 1517 1455 δέ
1547 1403 1642 1456 καὶ
1671 1401 1903 1464 ἄπλετος

306 1505 553 1559 εἰδώλων
586 1502 752 1572 ἐσμὸς
798 1497 953 1569 παρὰ
977 1496 1087 1549 τῶν
1129 1494 1334 1565 ἐτέρων
1372 1494 1767 1566 ἐθρησκεύετο⁹
1810 1496 1905 1548 καὶ

323 1596 397 1647 τὸ
459 1593 676 1661 ἑκάστῳ
721 1588 913 1643 δοκοῦν
981 1588 1046 1657 τῇ
1094 1583 1189 1638 τοῦ
1238 1584 1374 1638 Θεοῦ
1435 1585 1559 1657 δόξῃ
1613 1586 1903 1655 τετίμητο·

315 1703 337 1734 ε
385 1684 602 1745 Πάντες
628 1680 738 1749 γὰρ
772 1676 1065 1742 ἐξέκλιναν,
1099 1675 1215 1743 ἄμα
1243 1673 1642 1746 ἠχρειώθησαν,
1685 1674 1780 1727 καὶ
1806 1673 1907 1725 οῦκ

302 1771 379 1845 ἦν
413 1770 645 1826 όρποιῶν
686 1767 1047 1839 χρηστότητα,
1096 1764 1196 1817 οὐκ
1249 1759 1319 1834 ἦν
1371 1763 1476 1827 ἕως
1509 1763 1646 1827 ἑνός.
1699 1781 1719 1815 ι
1770 1760 1906 1815 Ἀλλ’

1997 770 2161 838 idque
2205 768 2360 823 valde
2406 768 2622 822 merito.
2653 766 2975 837 Priusquam
3025 767 3171 820 enim
3209 765 3380 819 .homo
3423 764 3579 821 fieret

1996 860 2190 914 similis
2221 860 2375 913 nobis
2402 860 2736 927 unigenitum
2769 859 2863 913 Dei
2894 857 3153 923 Verbum,
3179 859 3491 927 priusquam
3519 872 3580 912 se

1998 951 2295 1006 Abrahami
2335 951 2528 1005 semini
2564 951 2859 1015 insereret,
2892 960 2946 1006 et
2980 965 3077 1019 per
3106 950 3285 1003 omnia
3321 950 3578 1004 fratribus

1998 1042 2193 1096 similis
2226 1049 2399 1103 esset,
2432 1041 2884 1109 quemadmodum
2923 1041 3185 1110 scriptum
3217 1050 3329 1099 est.
3360 1040 3579 1093 univer-

1999 1147 2115 1187 sum
2146 1147 2320 1202 genus
2348 1133 2402 1185 in
2435 1139 2600 1196 terra,
2634 1133 2931 1186 humanum
2965 1132 3108 1196 dico,
3140 1132 3192 1185 in
3225 1132 3359 1185 duas
3389 1141 3580 1199 gentes

2002 1222 2231 1277 divisum
2283 1233 2395 1285 est,
2437 1234 2548 1276 tum
2603 1224 2657 1277 in
2700 1221 3043 1286 Iudaeorum,
3083 1235 3194 1275 tum
3244 1238 3430 1277 eorum
3486 1228 3577 1292 qui

2001 1324 2306 1370 creaturam
2337 1329 2500 1383 supra
2528 1313 2842 1367 Creatorem
2873 1314 3174 1371 coluerunt.
3202 1312 3369 1369 Notus
3395 1325 3577 1369 autem

2003 1416 2122 1462 erat
2148 1407 2198 1460 in
2221 1404 2406 1460 Juan
2434 1407 2591 1469 Deus,
2609 1406 2996 1474 copiosumque
3018 1413 3072 1459 et
3094 1405 3283 1474 ingens
3307 1404 3575 1459 idolorum

2003 1513 2193 1568 agmen
2240 1496 2307 1550 ab
2351 1496 2474 1551 aliis
2515 1496 2863 1561 adorabatur,
2897 1496 3098 1565 Deique
3149 1495 3421 1565 maiestati
3482 1511 3579 1567 pro

2006 1590 2264 1658 cujusque
2294 1588 2553 1641 arbitratu
2576 1588 2747 1643 honor
2768 1590 3128 1644 tribuebatur.
3156 1607 3175 1641 t
3203 1587 3407 1643 Omnes
3433 1588 3578 1643 enim

2007 1680 2372 1742 declinarunt,
2404 1679 2564 1733 simul
2597 1679 2813 1735 inutiles
2844 1678 2970 1734 facti
3008 1689 3152 1744 sunt,
3183 1696 3282 1736 nec
3316 1691 3459 1744 erat,
3488 1681 3580 1750 qui

2012 1771 2211 1826 faceret
2242 1771 2557 1835 bonitatem,
2578 1785 2685 1823 non
2713 1781 2831 1824 erat
2862 1785 3031 1839 usque
3061 1773 3128 1825 ad
3158 1787 3323 1826 unum
3342 1771 3406 1823 ".
3434 1791 3451 1822 ι
3475 1769 3580 1824 Sed

319 1844 569 1919 Ἰουδαῖοι
595 1860 694 1931 μὲν
730 1858 819 1911 διὰ
841 1858 938 1926 τῆς
963 1854 1057 1907 τοῦ
1082 1855 1248 1924 νόμου
1292 1853 1688 1921 παιδαγωγίας,
1742 1851 1903 1907 οίονεί

2021 1857 2173 1915 Iudaei
2206 1859 2339 1929 legis
2365 1859 2671 1929 ptedagogia
2701 1857 2849 1913 velut
2879 1859 3253 1926 mansuefacti,
3283 1871 3337 1913 et
3360 1859 3585 1928 iustitiae

310 1970 434 2016 πως
464 1947 897 2019 ἐξημερούμενοι
935 1945 1028 1999 καὶ
1056 1945 1165 2007 τοῖς
1189 1944 1288 2013 τῆς
1309 1942 1653 2012 δικαιοσύνης
1682 1942 1903 2012 τρόποις

310 2040 780 2109 τιθασσευόμενοι,
849 2035 963 2105 βίον
1005 2035 1367 2104 τετιμήκασιν
1434 2032 1902 2103 ἁνθρωποπρεπῆ’

313 2136 369 2188 οἶ
399 2151 460 2202 γε
503 2131 608 2203 μὴν
640 2128 839 2200 ἐτεροι,
889 2125 1035 2179 τοῦτ’
1079 2125 1247 2187 ἐστιν,
1281 2125 1331 2176 οἱ
1362 2126 1475 2186 τοῖς
1503 2122 1730 2193 ἀψύχοις
1758 2122 1908 2175 είδώ-

317 2228 428 2290 λοις
451 2221 826 2295 λατρεύοντες,
873 2218 965 2271 τὸν
1010 2216 1273 2286 ίθυντῆρα
1332 2215 1496 2286 νόμον
1546 2215 1646 2267 οὑκ
1693 2213 1907 2284 ἔχοντες

319 2316 481 2372 δεινοί
509 2332 572 2367 τε
596 2310 737 2383 ἦσαν
761 2310 863 2373 τὰς
896 2307 1143 2378 γνώμας,
1174 2305 1356 2376 άγριοί
1384 2323 1446 2359 τε
1496 2305 1592 2357 καὶ
1630 2306 1907 2376 ἁρπακτι-

322 2411 411 2464 κοὶ
456 2410 665 2477 ἕτοιμοι
705 2404 843 2473 πρὸς
871 2399 1206 2464 πλεονεξίας,
1241 2399 1500 2470 ὁρμητίαι
1549 2398 1684 2467 πρὸς
1718 2397 1909 2467 ἡδονὰς

323 2499 546 2561 καὶτὰς
575 2496 717 2565 ἄγαν
739 2493 1029 2557 ἐκτύπους,
1085 2492 1181 2544 καὶ
1227 2490 1364 2559 πρὸς
1403 2490 1512 2542 πᾶν
1571 2488 1683 2541 τῶν
1731 2488 1909 2558 αίσχί-

329 2609 466 2645 στων
513 2588 691 2643 ὁτιοῦν
744 2584 1178 2659 προαλέστατοιο
1230 2577 1304 2635 ὧν
1344 2583 1373 2634 ὁ
1426 2581 1525 2651 μέν
1557 2597 1642 2641 τις
1671 2575 1738 2649 ἦν
1764 2579 1912 2648 λύκῳ

330 2680 689 2757 προσεοικὼς,
719 2682 749 2733 ό
779 2678 835 2731 δὲ
860 2674 1160 2748 παρδάλεσι
1197 2672 1601 2743 παραπλήσιος,
1633 2670 1722 2723 διά
1763 2688 1822 2721 τε
1853 2670 1913 2722 τὸ

334 2776 615 2836 πλείσταις
657 2773 806 2835 ὅσαις
829 2770 923 2824 καὶ
966 2766 1274 2821 πολυειδέσι
1300 2763 1491 2817 παθῶν
1520 2762 1800 2831 διαφοραῖς
1822 2778 1915 2829 μο-

339 2864 552 2931 νονουχὶ
576 2858 1030 2929 κατεστίχθαιτὰς
1054 2856 1259 2928 φρένας
1282 2869 1296 2882 ·
1322 2855 1349 2905 ὁ
1365 2853 1420 2905 δὲ
1440 2851 1529 2904 ἐπί
1554 2867 1635 2902 τοι
1654 2851 1751 2920 τὴν
1772 2848 1909 2917 γνώ-

351 2974 454 3027 μην
476 2956 705 3025 ἄσχετος
717 2948 807 3023 ἦν,
823 2951 916 3021 τὴν
936 2950 1052 3004 καθ’
1074 2944 1150 3003 ὧν
1166 2948 1338 3001 ἕλοιτο
1354 2943 1665 3007 πλεονεξίαν
1682 2942 1917 3013 ἀμογητὶ

345 3045 649 3118 κατορθῶν,
676 3046 784 3106 τοῖς
807 3042 1004 3096 λέουσιν
1039 3040 1366 3107 εἰκασμένος
1397 3038 1622 3090 διετέλει
1655 3036 1795 3088 κατὰ
1825 3035 1917 3089 τὸν

342 3138 482 3209 βίον.
528 3136 683 3190 Ἀλλὰ
706 3138 814 3198 τοῖς
839 3134 1008 3196 οὕτως
1030 3133 1243 3203 ἀγρίοις
1278 3130 1432 3201 ﬁes-1!
1475 3145 1534 3181 τε
1572 3128 1666 3181 καὶ
1696 3129 1920 3198 τρόποις

336 3228 788 3300 ἐντεθραμμένοι,
841 3225 1080 3297 Χριστοῦ
1141 3223 1607 3293 μεταπλάττοντος
1651 3221 1730 3283 είς
1780 3221 1920 3290 ἡμε-

334 3322 584 3394 ρωτάτην
628 3336 691 3372 τε
746 3319 842 3371 καὶ
903 3317 1065 3385 ἁγίαν
1124 3313 1291 3384 ζωὴν,
1337 3312 1638 3380 κατέληξαν
1671 3310 1769 3380 μὲν
1820 3310 1922 3379 τῆς

329 3416 561 3486 ἐνούσης
614 3414 801 3475 αὐτοῖς
831 3410 1133 3481 ὠμότητος·
1161 3406 1491 3475 τετιμήκασι
1535 3404 1592 3455 δὲ
1642 3403 1737 3456 καὶ
1770 3403 1924 3456 αὐτοὶ

331 3509 420 3562 τὸν
445 3504 759 3576 ἀνθρώποις
789 3502 1069 3573 πρέποντα
1096 3499 1208 3569 βίον
1228 3498 1317 3551 τὸν
1347 3499 1406 3551 ἐν
1436 3497 1703 3568 πραότητι
1732 3498 1925 3567 δηλον-

331 3601 435 3654 ότι.
460 3594 870 3652 Πεπιστεύκασι
898 3593 1007 3663 γὰρ
1046 3591 1256 3658 λέγοντι
1292 3589 1368 3658 τῷ
1406 3589 1643 3658 Χριστῷ
1677 3607 1695 3639 ι
1722 3590 1925 3657 Ἀρατε

335 3693 426 3745 τὸν
453 3689 619 3757 ζυγόν
651 3704 753 3758 μου
783 3686 869 3754 ἐφ’
915 3685 1083 3754 ὑμᾶς,
1141 3681 1235 3735 καὶ
1266 3680 1471 3750 μάθετε
1522 3682 1614 3733 ἀπ’
1650 3680 1805 3750 ἐμοῦ,
1844 3681 1926 3733 ὅτι

337 3782 512 3853 πρᾶός
543 3782 661 3850 εἰμι
691 3779 788 3835 καὶ
817 3776 1073 3838 ταπεινὸς
1119 3776 1187 3844 τῇ
1245 3772 1463 3844 καρδίᾳ,
1524 3773 1617 3825 καὶ
1664 3774 1926 3843 εὑρήσετε

340 3874 651 3926 ἀνάπαυσιν
673 3872 794 3933 ταῖς
817 3869 1016 3939 ψυχαῖς
1070 3865 1245 3935 ὑμῶν.
1278 3884 1296 3917 ι
1349 3864 1514 3935 Ὁμοῦ
1550 3864 1836 3934 τοιγαροῦν
1861 3866 1926 3932 τῇ

340 3965 524 4017 πίστει
577 3961 945 4032 κεκερδήκασι
983 3958 1077 4011 καὶ
1102 3957 1204 4026 τῆς
1236 3958 1471 4028 ἀρχαίας
1518 3957 1798 4027 ὠμότητος
1829 3957 1928 4025 τὴν

340 4053 702 4126 ἀπεμπολὴν,
737 4054 832 4106 καὶ⁸
858 4053 922 4105 τὸ
959 4048 1095 4104 εἶναι
1134 4051 1360 4124 χρηστοί
1394 4068 1451 4104 τε
1486 4050 1581 4104 καὶ
1626 4051 1809 4122 πρᾶος,
1837 4049 1930 4100 καὶ

340 4147 402 4200 τὺ
436 4150 548 4210 τοῖς
571 4146 749 4214 ἁγίοις
810 4145 1012 4215 ἀναμὶξ
1046 4144 1442 4197 πολιτεύεσθαι.
1477 4141 1930 4214 Κεχρηματίκασι

339 4238 455 4308 γάρ
487 4238 585 4290 καὶ
614 4235 772 4289 αὐτοὶ
800 4234 1129 4304 συμπολῖται
1149 4235 1256 4287 τῶν
1280 4235 1448 4301 ἁγίων
1484 4235 1579 4285 κα)⁸
1627 4235 1813 4285 οἰκεῖοι
1837 4229 1930 4284 τοῦ

340 4328 502 4380 θεοῖν
532 4326 693 4380 τοῦτο
722 4321 879 4396 οἶμαι
906 4326 1254 4395 πολυτρόπως
1292 4327 1425 4394 ημῖν
1462 4323 1555 4375 τὸν
1600 4322 1932 4393 προφητικὸν

342 4423 401 4475 ἐν
453 4421 668 4483 τούτοις
729 4417 1137 4472 ὑπαινίττεσθαι
1179 4418 1365 4491 λόγον.
1414 4412 1934 4483 Συμὸοσκηθήσεται

2006 1953 2247 2007 moribus
2266 1951 2681 2012 cicurati,vitam
2700 1948 2983 2005 coluerunt
3000 1950 3307 2004 hominibus
3326 1952 3541 2019 dignam
3564 1968 3580 2005 :

2007 2043 2085 2098 illi
2113 2057 2240 2098 vero
2267 2042 2390 2106 alii,
2424 2041 2477 2095 id
2502 2050 2619 2107 est,
2645 2041 2736 2110 qui
2767 2041 3022 2095 inanimis
3051 2040 3356 2095 simulacris
3385 2028 3587 2095 servie-

2007 2144 2160 2198 runt,
2200 2134 2480 2188 rectricem
2530 2131 2703 2204 legem
2745 2148 2852 2187 non
2897 2133 3189 2197 habentes.
3222 2143 3401 2187 mente
3442 2147 3584 2187 saeva

2007 2225 2215 2296 praediti
2247 2225 2590 2288 exstiterunt,
2618 2234 2673 2278 et
2699 2233 2962 2293 agrestes,
2992 2234 3044 2278 et
3072 2238 3317 2293 rapaces,
3347 2223 3587 2277 avaritia:

2010 2317 2237 2381 addicti,
2271 2315 2587 2384 impetuosi‘,
2616 2322 2670 2368 et
2714 2315 2867 2383 proni
2913 2316 2978 2367 ad
3026 2315 3359 2383 voluptates,
3385 2330 3589 2385 easque

2014 2406 2377 2475 turpissimus,
2404 2415 2456 2460 et
2483 2407 2550 2459 ad
2576 2406 2757 2460 omnia
2790 2404 3084 2461 ftedissima
3112 2409 3436 2478 praecipites,
3460 2425 3589 2479 quo-

2015 2515 2133 2554 rum
2171 2498 2312 2554 alius
2348 2501 2471 2568 lupo
2500 2500 2756 2555 assimilis
2790 2508 2939 2564 erat,
2983 2500 3118 2555 alius
3153 2502 3332 2570 pardis
3380 2503 3590 2558 vicinus

2015 2601 2067 2648 et
2100 2592 2395 2647 conformis
2418 2633 2432 2655 .
2467 2602 2749 2660 propterea
2779 2593 2918 2663 quod
2966 2604 3196 2647 mentem
3250 2594 3495 2660 plurimis
3537 2603 3593 2649 et

2018 2685 2183 2737 variis
2215 2684 2732 2752 perturbationibus,
2760 2693 2814 2737 et
2843 2683 3122 2738 affectibus
3151 2695 3387 2739 notatam
3423 2686 3591 2741 babe-

2016 2785 2097 2829 ret
2125 2793 2137 2828 :
2168 2775 2303 2829 alius
2325 2790 2452 2829 vero
2473 2776 2655 2829 animo
2678 2776 2946 2845 impotens
2988 2786 3043 2831 et
3061 2774 3280 2831 effrenis
3304 2780 3594 2843 rapacitate

2019 2866 2179 2921 facile
2211 2881 2561 2935 persequens,
2590 2868 2642 2920 in
2675 2867 2780 2921 vita
2812 2868 3057 2922 leonibus
3080 2869 3331 2923 assimilis
3361 2870 3589 2923 exstitit.

2021 2956 2224 3012 Verum
2253 2959 2303 3011 lii
2330 2958 2464 3012 adeo
2507 2957 2747 3013 efferatis
2767 2968 2821 3012 et
2841 2959 3079 3013 moribus
3100 2970 3151 3013 et
3175 2961 3409 3015 motibus
3434 2959 3595 3014 innuv

2023 3049 2162 3112 triti,
2187 3048 2405 3102 Christo
2432 3062 2526 3101 eos
2556 3050 2621 3100 ad
2652 3047 3139 3123 mansuetissimam
3190 3064 3255 3101 ac
3284 3048 3444 3118 199
3466 3064 3594 3103 san-

2024 3151 2163 3195 ctam
2190 3141 2352 3194 vitam
2390 3141 2828 3202 transformante,
2850 3139 3173 3193 crudelitate
3201 3155 3297 3193 sua
3328 3141 3511 3194 relicta
3542 3152 3598 3196 et

2026 3232 2259 3302 rejecta,
2294 3231 2459 3285 vitam
2503 3230 2811 3286 hominibus
2856 3231 3303 3297 convenientem,
3341 3231 3598 3288 nimirum

2024 3340 2143 3394 quas
2191 3339 2312 3378 cum
2368 3322 2779 3377 mansuetudine
2824 3322 3110 3392 conjuncta
3157 3323 3603 3389 esset,excolue—

2025 3428 2170 3473 runt.
2199 3416 2556 3473 Crediderunt
2596 3416 2736 3469 enim
2783 3414 3003 3471 Christo
3046 3415 3239 3469 dicenti
3287 3433 3299 3468 :
3349 3433 3367 3466 ι
3407 3414 3602 3470 Tollite

2020 3511 2207 3584 jugum
2244 3525 2420 3564 meum
2455 3523 2617 3578 super
2644 3524 2770 3575 vos,
2800 3520 2855 3564 et
2889 3510 3076 3564 discite
3112 3523 3139 3560 a
3177 3524 3259 3562 me
3293 3508 3418 3578 quia
3456 3509 3602 3563 mitis

2025 3617 2143 3658 sum
2184 3610 2238 3655 et
2292 3600 2513 3655 humilis
2552 3602 2742 3667 corde,
2809 3610 2863 3654 et
2898 3600 3181 3655 invenietis
3212 3599 3447 3667 requiem
3487 3600 3603 3652 ani-

2027 3694 2216 3747 mabus
2246 3693 2441 3748 vestris
2462 3691 2531 3746 ".
2567 3711 2585 3744 ι
2634 3691 2818 3761 Itaque
2860 3707 2966 3746 una
3001 3707 3134 3747 cum
3182 3692 3283 3746 fide
3324 3688 3604 3744 lucrifece-

2029 3794 2154 3838 runt
2187 3792 2241 3837 et
2275 3785 2474 3838 veteris
2510 3783 2864 3838 immanitatis
2901 3780 3278 3847 abolitionem,
3308 3791 3360 3836 et
3394 3790 3451 3833 ut
3478 3780 3604 3834 boni

2030 3886 2247 3938 essent,
2280 3886 2332 3929 et
2368 3887 2425 3927 ut
2459 3889 2563 3928 una
2596 3889 2718 3928 cum
2753 3874 2958 3929 sanctis
2986 3883 3356 3929 versarentur.
3390 3870 3608 3925 Nuncu-

2031 3966 2139 4033 pati
2188 3975 2316 4018 sunt
2359 3967 2502 4019 enim
2554 3967 2806 4020 concives
2851 3976 3196 4030 sanctorum,
3226 3974 3281 4018 et
3327 3963 3606 4018 domestici

2033 4055 2148 4107 Dei.
2206 4053 2314 4107 lloc
2373 4056 2527 4110 nobis
2582 4056 2822 4109 arbitror
2876 4056 3247 4124 propheticum
3304 4068 3608 4109 sermonem

2033 4149 2180 4202 hisce
2216 4145 2395 4200 verbis
2430 4145 2579 4199 varie
2613 4146 2928 4199 subnotare.
2958 4145 3283 4211 Compascet
3315 4144 3492 4210 enim,
3524 4142 3609 4198 in-

2034 4241 2171 4307 quit,
2201 4238 2356 4305 lupus
2389 4252 2511 4291 cum
2545 4250 2703 4307 agno,
2735 4246 2787 4289 et
2816 4235 3013 4304 pardus
3042 4235 3326 4289 accubabit
3353 4236 3528 4301 haedo,
3557 4236 3611 4291 id

2035 4336 2136 4392 est,
2166 4327 2414 4396 contigua
2447 4333 2605 4381 erunt
2650 4335 2703 4380 et
2731 4324 3136 4395 conjunctaper
3165 4323 3441 4380 Christum
3471 4340 3611 4381 saeva

2037 4433 2158 4471 cum
2192 4416 2520 4481 mansuetis,
2545 4423 2600 4471 et
2631 4432 2751 4488 qua:
2788 4414 2935 4470 nullo
2966 4416 3125 4469 modo
3160 4430 3345 4481 sacra,
3370 4432 3493 4472 cum
3526 4432 3616 4474 sa-

342 4512 475 4583 γὰρ,
509 4512 665 4581 φησι,
690 4510 851 4573 λύκος
888 4509 1025 4579 μετὰ
1052 4509 1229 4578 ἀρνὸς,
1261 4506 1356 4559 καὶ
1405 4504 1670 4574 πάρδαλις
1696 4520 1918 4556 συνανα·

2032 4510 2141 4563 cris
2167 4519 2221 4562 et
2264 4511 2486 4564 sanctis.
2516 4507 2647 4563 Nam
2678 4506 2843 4563 Israel
2899 4516 3164 4576 quatenus
3193 4506 3307 4576 lege
3336 4509 3615 4562 institutus

342 4601 618 4655 παύσεται
651 4601 842 4671 ἐρίφῳ,
869 4600 1012 4652 τοῦτ’
1037 4598 1276 4660 ἕστι,διὰ
1295 4597 1532 4666 Χριστοῦ
1562 4594 1928 4663 συναφοήσον-

340 4711 438 4747 ται
462 4694 531 4745 τὰ
560 4694 728 4762 ἄγρια
776 4694 887 4752 τοῖς
944 4690 1190 4760 ἡμέροις,
1240 4687 1308 4739 τά
1344 4688 1463 4739 κατ’
1502 4685 1688 4738 οὐδένα
1732 4686 1929 4755 τρόπον

342 4784 471 4855 ἱερὰ
492 4786 607 4845 τοῖς
649 4784 811 4853 ἱεροῖς
856 4781 950 4834 καὶ
998 4782 1193 4848 ἁγίοις.
1233 4780 1395 4832 Ὅσον
1422 4777 1530 4848 γάρ
1582 4774 1715 4850 ἧκεν
1764 4779 1841 4838 εἰς
1872 4777 1931 4828 τὸ

345 4874 751 4929 πεπαιδεῦσθαι
786 4874 936 4943 νόμῳ
969 4872 1059 4924 τὸν
1109 4870 1323 4941 Ἰσραὴλ
1357 4872 1448 4923 καὶ
1480 4872 1604 4934 τοὺς
1636 4871 1733 4938 τῆς
1762 4871 1931 4920 ἐπιει-

343 4969 503 5030 κείας
533 4966 732 5019 είδέναι
757 4964 1014 5035 τρόπους,
1046 4963 1252 5032 ἥμερῦς
1275 4979 1332 5014 τε
1352 4962 1441 5016 καὶ
1484 4964 1658 5031 πρᾶος
1688 4957 1777 5030 ἦν,
1799 4959 1933 5030 ὁμοῦ

342 5076 408 5113 τε
436 5059 534 5112 καὶ
578 5057 743 5128 ἱερὸς,
780 5056 876 5107 καὶ
934 5049 1041 5106 οἷον
1094 5053 1350 5123 προϐάτῳ
1384 5053 1477 5106 καὶ
1508 5054 1621 5120 αἰγὶ
1649 5053 1937 5122 παραπλή-

346 5167 486 5214 σιος
527 5150 645 5217 ἱερὰ
671 5148 727 5199 δὲ
761 5147 928 5216 ἄμφω
961 5145 1053 5197 καὶ
1086 5144 1300 5214 καθαρὰ
1325 5143 1393 5195 τὰ
1427 5143 1561 5206 ζῶα,
1588 5143 1681 5195 καὶ
1715 5142 1850 5214 πρός
1876 5160 1938 5210 γε

342 5238 526 5308 τούτῳ
550 5238 612 5290 τὸ
636 5236 895 5290 τιθασσὸν
921 5235 1051 5306 παρ’
1081 5237 1250 5305 αὐτῆς
1294 5235 1524 5303 λαχόντα
1554 5235 1650 5302 τῆς
1694 5233 1927 5301 φύσεως.

343 5328 525 5389 Λύκος
550 5327 606 5379 δὲ
632 5326 727 5380 καὶ
763 5325 1049 5395 πάρδαλις,
1102 5327 1193 5378 καὶ
1247 5325 1427 5394 μέντοι
1453 5325 1546 5376 καὶ
1584 5324 1742 5383 λέων,
1770 5325 1936 5394 ἄγριά

342 5437 409 5471 τε
437 5418 704 5488 φυσικῶς,
723 5417 1018 5486 ἀσύμϐατά
1037 5433 1092 5467 τε
1116 5418 1229 5477 τοῖς
1250 5416 1450 5477 ἄλλοιςο
1473 5415 1587 5467 ἀλλ’
1634 5416 1690 5466 ἐν
1721 5415 1938 5485 Χριστῷ

340 5512 443 5564 καὶ
469 5512 625 5565 τοῦτο
655 5507 1038 5578 κατώρθωται.
1069 5507 1478 5576 Συνηνέχθησαν
1521 5506 1628 5573 γὰρ
1663 5505 1930 5574 ἀλλήλοις,

356 5604 602 5657 Ἰουδαῖοί
631 5620 693 5656 τε
725 5601 822 5654 καὶ
859 5599 1137 5668 Ἕλληνες,
1178 5599 1365 5665 κοινὴν
1406 5597 1595 5665 ὥσπερ
1626 5597 1933 5667 ποιούμενοι

412 5759 454 5791 ⁵⁸
487 5760 630 5818 Psal.
681 5772 805 5821 sua,
844 5753 898 5805 5.
975 5753 1019 5783 ⁸³
1050 5751 1235 5805 Matth.
1272 5764 1350 5813 ιι,
1383 5748 1473 5801 2i).

2037 4609 2200 4666 esset,
2221 4610 2272 4654 et
2291 4600 2611 4670 probitatem
2639 4615 2847 4654 morum
2881 4598 3150 4669 cognitam
3170 4606 3616 4666 perspectamque

2038 4691 2259 4745 haberet
2281 4731 2294 4755 ,
2322 4693 2561 4761 placidus
2583 4702 2731 4757 erat,
2757 4699 2811 4744 et
2839 4690 2984 4745 mitis
3013 4689 3175 4744 simul
3204 4697 3260 4742 et
3289 4697 3538 4754 sanctus,
3563 4697 3618 4742 et

2039 4783 2189 4850 quasi
2213 4782 2298 4836 ovi
2333 4791 2387 4834 et
2411 4796 2585 4850 caprae
2613 4780 2909 4836 consimilis
2937 4799 2951 4833 :
2985 4779 3145 4833 ambo
3169 4777 3429 4846 siquidem
3460 4792 3614 4832 sacra

2039 4882 2163 4927 sunt
2209 4883 2262 4927 ct
2290 4874 2484 4927 munda
2517 4872 2793 4934 animalia,
2819 4880 2871 4924 et
2903 4881 3161 4938 przeterea
3190 4870 3257 4924 ab
3289 4870 3399 4940 ipsa
3430 4878 3614 4923 natura

2042 4966 2106 5018 ad
2158 4964 2621 5019 mansuetudinem
2652 4963 2846 5017 eﬂicta.
2874 4960 3057 5031 Lupus
3090 4973 3265 5016 autem
3285 5001 3301 5027 ,
3332 4961 3527 5029 pardus
3564 4969 3618 5012 et

2045 5058 2157 5121 leo,
2193 5053 2451 5108 immania
2480 5064 2605 5106 sunt
2637 5050 2977 5116 naturaliter,
3006 5066 3105 5105 nec
3137 5050 3278 5104 inter
3306 5064 3363 5104 se
3395 5061 3619 5117 congre-

2045 5147 2242 5216 gabilia
2289 5164 2300 5198 :
2339 5154 2392 5198 at
2428 5145 2480 5197 in
2516 5144 2735 5198 Christo
2779 5143 2882 5197 boc
2921 5155 3135 5212 quoque
3176 5138 3472 5209 perfectum
3516 5147 3616 5191 est.

2035 5237 2340 5291 Conseciati
2424 5246 2550 5290 sunt
2602 5237 2746 5290 enim
2801 5238 2942 5291 inter
2992 5250 3054 5289 se
3109 5244 3296 5287 mutuo
3345 5228 3513 5285 Judaei
3567 5240 3622 5285 et

2039 5328 2242 5393 Graeci,
2276 5343 2616 5382 communem
2646 5329 2804 5383 veluti
2836 5328 3113 5397 capientes
3145 5326 3359 5386 cibum,
3388 5335 3621 5391 cvange-

2045 5419 2203 5472 licam
2244 5427 2297 5472 et
2328 5418 2677 5487 apostolicam
2707 5419 2916 5474 scilicet
2947 5413 3408 5491 praedicationem,
3447 5424 3499 5466 et
3531 5412 3621 5467 uni

2042 5509 2245 5578 pastori
2285 5508 2525 5563 onmium
2567 5509 2796 5578 principi
2833 5508 3032 5563 subditi
3068 5507 3161 5576 qui
3197 5519 3420 5573 pascere
3452 5506 3623 5569 novit,

2043 5601 2180 5653 sicut
2226 5599 2353 5654 dicit
2397 5597 2689 5669 prOpbeta,
2728 5599 2780 5653 in
2826 5598 3039 5670 pascuis
3082 5594 3268 5660 bonis,
3304 5604 3365 5652 et
3404 5594 3460 5649 in
3504 5596 3626 5652 loco
