4122 6292
566 331 675 388 325

1557 322 1615 377 S.
1657 318 1928 377 CYRILLI
1971 317 2440 373 ALEXANDRINI
2478 315 2790 372 ARCHIEP.

3705 312 3811 366 3‘25

568 443 885 517 prmplnglﬁ.
932 441 1042 499 Sed
1091 439 1324 506 vitulus,
1363 437 1568 508 inquit,
1607 445 1664 492 et
1709 445 1925 502 taurus,
1959 443 2015 488 et
2061 434 2146 489 leo

2263 434 2469 505 τροφὴν,
2506 432 2566 486 τὸ
2587 429 2936 499 εὐαγγελικόν
2966 443 3026 480 τε
3076 426 3170 480 καὶ
3199 425 3553 480 άποστολικὺν
3574 425 3813 496 δηλονότι

568 538 731 594 simul
778 543 1084 606 pascentur.
1120 532 1344 587 Videtur
1385 539 1565 584 autem
1606 529 1831 582 vitulum
1872 525 2140 595 appellare

571 627 831 680 novitium
885 631 940 676 et
1002 629 1274 676 recentem
1336 619 1674 675 credentium
1740 616 2016 687 populum,
2086 615 2143 670 in

569 717 788 771 Christo
826 713 1033 768 scilicet
1063 719 1475 783 puerascentem
1521 726 1536 764 :
1575 718 1788 764 taurum
1825 717 2002 763 autem
2035 706 2146 762 for-

571 805 733 858 tassis
767 802 1015 858 lsraelem
1035 843 1050 869 ,
1079 802 1224 857 velut
1254 810 1598 856 veteranum.
1628 799 1762 853 Cum
1803 798 1950 854 enim
1989 805 2146 852 tener

558 893 642 944 'sit
684 891 917 956 vitulus,
948 899 1138 947 taurus
1182 890 1330 961 prior
1373 899 1457 945 est
1493 897 1545 943 et
1586 889 1848 943 maturior
1886 895 2142 957 tempore.

574 981 669 1036 Vel
717 997 815 1051 per
861 981 1085 1036 vitulum
1135 982 1381 1052 designat
1422 995 1545 1037 eum
1596 981 1687 1050 qui
1735 979 2040 1049 cognitione
2091 985 2148 1030 et

572 1072 770 1126 virtute
815 1073 1037 1126 eminet.
1070 1069 1239 1136 Quale
1286 1078 1369 1124 est
1415 1071 1558 1138 quod
1608 1069 1805 1124 dicitur
1858 1085 1872 1121 :
1918 1065 2148 1121 Pusillus

570 1180 693 1220 cum
732 1164 968 1235 magnis,
995 1171 1050 1218 et
1079 1161 1321 1217 seniores
1357 1175 1478 1217 cum
1507 1161 1796 1229 juvenibus
1828 1159 2150 1214 benedicen-

572 1255 704 1319 dos,
731 1254 885 1322 juxta
918 1267 1109 1308 vocem
1146 1251 1446 1322 psallentis.
1479 1251 1639 1306 Novit
1671 1265 1800 1305 vero
1837 1259 1893 1304 et
1926 1249 2149 1320 sapien-

576 1345 822 1399 tissimus
877 1341 1114 1398 Joannes
1163 1341 1359 1396 mentis
1395 1351 1450 1396 et
1483 1340 1649 1395 animi
1687 1349 1902 1395 aetatem
1965 1339 2146 1393 talem.

575 1435 782 1490 Scribit
819 1435 984 1505 igitur
1019 1442 1074 1488 et
1107 1432 1378 1502 patribus,
1408 1441 1463 1488 et
1495 1431 1761 1501 parvulis,
1794 1439 1848 1487 et
1883 1439 2146 1500 praeterea

575 1525 739 1594 200
793 1523 1247 1587 adolescentibus,
1299 1536 1643 1590 comparans,
1691 1521 1948 1586 arbitror,
2000 1536 2151 1576 men-

577 1629 758 1668 suram
791 1612 1051 1682 cujusque
1085 1611 1314 1678 mentis,
1343 1618 1396 1666 et
1423 1610 1628 1665 notitia:
1661 1620 1716 1665 et
1745 1611 1938 1665 divina:
1967 1610 2152 1680 cogni-

579 1705 740 1759 tionis
773 1718 1060 1774 corporum
1093 1702 1364 1757 tetatibus.
1391 1699 1693 1756 Pascentur
1722 1700 1922 1769 itaque,
1951 1699 2148 1769 inquit,

578 1795 736 1848 simul
782 1803 835 1848 et
863 1809 969 1848 uno
1001 1794 1054 1846 in
1086 1792 1225 1858 loco,
1249 1791 1467 1856 vitulus,
1487 1804 1543 1846 et
1573 1798 1782 1857 taurus,
1803 1801 1862 1846 et
1886 1790 1987 1846 leo.
2014 1791 2152 1846 Tum

577 1883 857 1939 commode
890 1883 1052 1938 vitulo
1089 1891 1143 1938 et
1205 1891 1358 1938 tauro
1391 1883 1601 1938 leonem
1634 1882 1905 1954 adjungit,
1941 1891 1999 1938 ut
2035 1898 2156 1937 rur-

578 1991 673 2030 sus
706 1973 1044 2045 aznigmatice
1067 1980 1123 2028 et
1151 1973 1382 2028 obscure
1414 1972 1783 2042 subintelligas
1814 1973 1918 2027 ﬁde
1948 1972 2151 2041 justiti-

579 2074 751 2131 catos,
771 2072 826 2117 et
856 2076 1072 2133 sceptro
1093 2062 1295 2118 Christi
1319 2063 1559 2117 omnium
1583 2071 1825 2118 nostrum
1851 2062 2156 2119 Servatoris

579 2156 886 2224 subjectos,
958 2169 1066 2209 non
1117 2167 1185 2209 es
1233 2152 1363 2208 solis
1413 2167 1536 2208 esse
1577 2153 1790 2206 mundis
1829 2161 1882 2207 et
1925 2153 2153 2220 sanctis,

580 2258 771 2313 nempe
785 2258 854 2298 ex
875 2243 1099 2312 placidis
1121 2252 1178 2321 et
1207 2242 1448 2306 mitibus,
1473 2241 1528 2296 id
1551 2249 1652 2308 est,
1678 2254 1742 2295 ex
1761 2241 1877 2314 lege
1901 2255 2155 2297 mansue-

581 2333 770 2400 factis,
805 2335 900 2389 sed
932 2335 1097 2390 etiam
1130 2349 1198 2389 ex
1235 2333 1574 2405 agrestibus,
1605 2332 1856 2388 videlicet
1885 2348 1950 2390 ex
1983 2334 2158 2402 genti-

583 2424 712 2494 bus,
753 2425 1156 2496 conglutinante
1209 2434 1265 2481 et
1339 2424 1410 2480 ad
1460 2425 1803 2480 concordiam
1855 2425 2156 2480 animorum

579 2527 938 2587 componente
959 2532 1056 2575 eos
1079 2525 1320 2572 nostrum
1342 2515 1582 2570 omnium
1611 2515 1900 2570 Servatore
1920 2516 2156 2582 Christo,

581 2621 634 2664 et
672 2615 870 2664 bonum
921 2607 1047 2663 inde
1086 2607 1252 2661 etiam
1298 2607 1352 2660 in
1398 2605 1536 2660 ﬁlios
1580 2605 1835 2670 ﬁliorum,
1869 2606 1922 2659 id
1958 2615 2062 2670 est,
2093 2620 2159 2661 ex

588 2702 721 2770 ipsis
779 2707 933 2754 natos
996 2697 1414 2753 transmittente.
1461 2694 1595 2750 Nam
1627 2696 1732 2752 huc
1778 2697 1940 2752 etiam
1967 2712 2163 2767 propa-

582 2800 738 2858 gatur
761 2805 790 2842 a
817 2789 973 2844 nobis
994 2803 1097 2858 pax
1122 2787 1345 2855 Christi,
1363 2797 1418 2843 et
1440 2787 1816 2844 consensionis
1838 2789 2159 2857 animorum,

583 2893 638 2936 et
667 2881 786 2936 fidei
819 2883 1038 2935 bonum.
1071 2878 1215 2934 Istuc
1243 2881 1411 2946 enim,
1437 2887 1587 2950 puto,
1614 2879 1850 2935 ostendit
1878 2894 2001 2934 cum
2029 2879 2163 2947 adji-

487 2973 490 2976 ’
583 2975 656 3028 cit
690 2991 703 3027 :
742 2971 914 3028 Simul
943 2971 1107 3026 catuli
1141 2985 1328 3027 eorum
1359 2981 1541 3037 erunt,
1571 2981 1628 3028 et
1655 2971 1762 3037 leo,
1789 2982 1844 3027 et
1873 2972 1971 3027 hos
2003 2971 2162 3027 simul

2242 526 2526 595 κήρυγμα,
2551 523 2644 577 καὶ
2675 522 2764 591 ὑφ’
2792 521 2875 574 ἑνὶ
2901 519 3185 588 γεγονότες
3207 517 3287 587 τῷ
3318 519 3536 571 πάντων
3565 517 3816 588 ἀρχιποι-

2245 615 2418 685 μένει,
2436 614 2513 684 τῷ
2535 613 2863 682 κατανέμειν
2890 609 3071 676 εἰδότι,
3095 607 3242 662 καθά
3267 625 3430 678 φησιν
3453 610 3482 662 ό
3509 610 3814 678 προφήτης,

2243 707 2301 758 ὲν
2330 707 2467 777 νομῇ
2497 703 2697 774 ἀγαθῇ,
2732 703 2824 756 καὶ
2844 704 2901 754 ὲν
2934 702 3085 770 τόπῳ
3110 699 3274 753 πίονι.
3300 699 3460 753 Ἀλλά
3488 700 3581 753 καὶ
3612 700 3818 770 μοσχά-

2245 812 2381 866 ριον,
2410 798 2563 866 φησι,
2603 795 2696 849 καὶ
2727 793 2926 864 ταῦρος
2947 793 3041 846 καὶ
3063 791 3198 845 λέων
3224 791 3341 861 ἄμα
3369 790 3816 861 βοσκηθήσονται.

2249 890 2432 942 Ἔοικε
2451 887 2508 940 δὲ
2532 887 2827 958 μοσχάριον
2857 883 3170 948 ἀποκαλεῖν,
3200 882 3292 935 τὸν
3317 882 3556 952 ἀρτιφυᾶ
3577 882 3672 934 καὶ
3701 880 3820 934 νέον

2245 983 2356 1038 τῶν
2384 981 2792 1034 πιστευσάντων
2816 977 2961 1042 λαόν,
2996 975 3141 1030 τοῦτ’
3193 974 3328 1040 ἐστι,
3373 973 3466 1028 τὸν
3515 976 3572 1027 ὲν
3601 972 3821 1045 Χριστῷ

2246 1075 2596 1145 νηπιάζοντω
2653 1070 2854 1141 ταῦρον
2901 1071 2959 1124 δὲ
3001 1067 3145 1138 τάχα
3198 1083 3300 1121 που
3350 1064 3444 1118 τὸν
3485 1065 3701 1136 Ἰσραὴλ
3745 1067 3821 1123 ὡς

2247 1164 2615 1238 πρεσϐυγενῆ.
2651 1160 2888 1230 Νεογνοῦ
2937 1158 3048 1231 γάρ
3095 1159 3294 1230 μόσχου
3325 1156 3658 1227 πρωτερεύει
3684 1154 3817 1209 ταῦ-

2250 1273 2344 1328 ρος
2368 1255 2510 1309 κατά
2551 1254 2644 1307 τὸν
2663 1252 2875 1323 χρόνον.
2909 1250 3115 1318 Ἥγουν
3154 1246 3242 1301 διὰ
3293 1247 3494 1316 μόσχου
3530 1243 3824 1315 καταδηλοῖ

2247 1348 2340 1400 τὸν
2370 1347 2447 1410 ὼς
2470 1346 2527 1398 ὲν
2546 1343 2746 1412 γνώσει
2773 1359 2832 1395 τε
2867 1340 3121 1395 καὶκατὰ
3175 1335 3375 1409 ἀρετὴν
3407 1335 3820 1406 ὑπερκείμενον.

2259 1437 2471 1492 Ὀποίόν
2499 1437 2615 1489 ἑστι
2646 1434 2708 1487 τὸ
2729 1429 3188 1502 εὐλογηθήσεσθαι
3220 1428 3401 1497 λέγειν
3428 1427 3580 1497 παρά
3619 1426 3823 1496 Κυρίου

2248 1532 2375 1592 τοὺς
2407 1527 2671 1598 σμικροὺς
2703 1524 2842 1595 μετά
2897 1523 3005 1576 τῶν
3039 1521 3312 1593 μεγάλων,
3368 1519 3463 1573 καὶ
3515 1516 3824 1590 πρεσϐύτας

2255 1618 2396 1691 μετὰ
2425 1619 2534 1671 τῶν
2564 1617 2864 1687 νεωτέρων,
2904 1613 3043 1668 κατὰ
3089 1611 3189 1684 τὴν
3221 1609 3317 1664 τοῦ
3367 1609 3664 1679 ψάλλοντος
3711 1623 3822 1675 φω-

2250 1711 2370 1781 νήν.
2395 1706 2550 1762 Οἶδεν
2585 1708 2643 1762 δὲ
2669 1708 2764 1761 καί
2785 1707 2814 1758 ό
2849 1704 3156 1774 σοφώτατος
3188 1701 3442 1772 Ἰωάννης
3496 1698 3588 1753 νοῦ
3608 1699 3704 1752 καὶ
3728 1698 3826 1767 ψυ-

2253 1799 2354 1869 χῆς
2383 1797 2599 1868 ἡλικίαν
2627 1795 2901 1865 τοιαύτην.
2934 1792 3140 1863 Γράφει
3189 1788 3319 1858 γοῦν
3343 1788 3438 1840 καὶ
3464 1787 3702 1857 πατράσι
3735 1785 3829 1838 καὶ

2253 1888 2617 1952 παιδίοις,καὶ
2641 1887 2777 1958 πρός
2788 1902 2853 1955 γε
2878 1883 3055 1954 τούτῳ
3076 1883 3172 1936 καὶ
3194 1879 3528 1943 νεανίσκοις,
3545 1878 3631 1941 τὸ,
3653 1873 3826 1946 οῒμαι,

2253 1983 2352 2052 τῆς
2382 1979 2612 2034 ἑκάστου
2641 1977 2880 2039 διανοίας
2928 1975 2989 2029 τὸ
3040 1974 3256 2044 μέτρον,
3280 1971 3400 2042 ἧτοι
3443 1969 3708 2031 συνέσεως
3741 1968 3832 2020 καὶ

2256 2071 2604 2142 θεογνωσίας,
2646 2071 2765 2132 ταῖς
2795 2068 2902 2122 τῶν
2937 2067 3204 2136 σωμάτων
3253 2063 3491 2134 ἡλικίαις
3532 2061 3828 2130 ἀφομοιῶν.

2255 2162 2701 2234 Βοσκηθήσονται
2726 2158 2925 2221 τοίνυν,
2960 2164 3148 2228 φησιν,
3167 2157 3284 2226 ἃμα
3312 2155 3408 2209 καῖ⁹
3437 2152 3580 2207 κατά
3609 2152 3832 2215 ταύτὸν,

2260 2253 2555 2323 μοσχάριον
2583 2251 2678 2305 καὶ
2695 2247 2914 2317 ταῦρος,
2943 2248 3036 2301 καὶ
3057 2247 3214 2302 λέων.
3247 2244 3563 2299 Ἀναπλέκει
3594 2243 3651 2296 δὲ
3673 2242 3834 2296 πάλιν

2256 2343 2544 2415 χρησίμως
2597 2339 2877 2412 μοσχαρίῳ
2929 2357 2989 2392 τε
3042 2339 3136 2392 καὶ
3170 2336 3355 2408 ταύρῳ
3380 2336 3470 2390 τὸν
3504 2334 3714 2397 λέοντα,
3749 2334 3834 2387 ἵνα

2258 2433 2421 2488 πάλιν
2479 2429 2891 2501 αἰνιγματωδῶς
2943 2431 3130 2500 ὲννοῇς
3177 2428 3302 2496 τοὺς
3355 2427 3414 2480 ὲν
3471 2425 3651 2478 πίστει
3702 2424 3836 2477 δεδι-

2260 2523 2619 2592 καιωμένους,
2650 2523 2744 2576 καὶ
2774 2520 2879 2574 ὑπὸ
2929 2521 3183 2591 σκῆπτρα
3231 2517 3525 2588 γεγονότας
3571 2515 3666 2568 τοῦ
3702 2516 3836 2570 πάν-

2260 2631 2369 2668 των
2397 2614 2556 2685 ἡμῶν
2585 2613 2836 2684 Σωτῆρος
2863 2609 3100 2682 Χριστοῦ
3143 2610 3244 2664 οὐκ
3275 2612 3340 2663 ὲκ
3381 2609 3558 2679 μόνων
3584 2605 3719 2660 εἶναι
3741 2623 3838 2660 κα-

2260 2705 2442 2775 θαρῶν
2465 2721 2525 2756 τε
2551 2704 2644 2758 καὶ
2676 2703 2857 2774 ιερῶν,
2884 2703 3052 2772 ῆγουν
3084 2701 3144 2765 ἐξ
3165 2700 3386 2771 ἡμέρων
3417 2714 3476 2752 τε
3511 2697 3604 2750 καὶ
3625 2695 3836 2768 πράων,

2261 2793 2406 2848 τοῦτ’
2440 2793 2577 2857 ἔστι,
2631 2792 2742 2845 τῶν
2791 2791 2879 2844 διὰ
2932 2789 3025 2843 τοῦ
3084 2789 3250 2859 νόμου
3302 2786 3838 2858 τετιθασσευμένων,

2261 2885 2398 2939 ἀλλὰ
2421 2883 2527 2955 γὰρ
2554 2882 2649 2937 καὶ
2673 2884 2738 2935 ὲκ
2763 2881 2871 2936 τῶν
2894 2882 3119 2952 ἀγρίων,
3142 2880 3298 2951 δῆλον
3318 2880 3375 2934 δὲ
3401 2880 3481 2934 ὅτι
3507 2879 3616 2932 τῶν
3644 2877 3838 2943 ἐθνῶν,

2265 2974 2607 3046 συνείροντος
2641 2978 2722 3038 εἰς
2750 2974 3051 3045 όμοψυχίαν
3077 2973 3275 3035 αὐτοὺς
3306 2970 3401 3025 τοῦ
3440 2972 3659 3024 πάντων
3683 2969 3839 3040 ἡμῶν

583 3071 876 3117 vescentur
922 3059 1120 3129 paleis,
1165 3059 1364 3130 inquit.
1407 3059 1648 3116 Observa
1696 3062 1838 3132 quod
1882 3061 2014 3116 dicit
2054 3077 2159 3116 non

2266 3069 2516 3138 Σωτῆρος
2546 3065 2805 3137 Χριστοῦ,
2856 3064 3322 3136 παραπέμποντός
3368 3080 3430 3117 τε
3475 3061 3537 3115 τὸ
3589 3059 3840 3116 ἐντεῦθεν

585 3156 716 3208 mite
747 3155 798 3207 in
826 3153 1139 3207 alimentum
1161 3151 1294 3208 feris
1320 3152 1600 3220 usitatum,
1618 3155 1714 3208 sed
1740 3153 1794 3208 in
1823 3155 1969 3210 mitis
1995 3156 2164 3210 nutri-

585 3247 784 3299 tionem
831 3245 1005 3298 ferum
1051 3242 1379 3313 demigrare.
1423 3243 1727 3300 Carnivora
1767 3247 1963 3316 quippe
2007 3247 2167 3316 plane

587 3345 716 3389 sunt
749 3348 910 3387 ursus
943 3342 999 3390 et
1028 3333 1112 3390 leo
1147 3351 1162 3388 :
1196 3333 1294 3390 bos
1328 3343 1506 3390 autem
1543 3345 1600 3391 et
1629 3336 1868 3403 vitulus,
1899 3346 1954 3391 et
1985 3338 2168 3394 haedus

591 3440 694 3478 non
738 3425 844 3490 ita,
878 3426 972 3479 sed
1020 3424 1220 3480 herbas
1267 3436 1497 3496 carpunt
1536 3426 1803 3494 ejusmodi
1849 3428 2164 3483 animantia.

589 3514 751 3582 Atqui
793 3529 822 3568 a
855 3515 1128 3570 consuetis
1159 3529 1223 3568 ac
1251 3514 1459 3580 solitis,
1487 3515 1689 3586 inquit,
1716 3516 1984 3572 silvestria
2015 3533 2167 3574 rece-

591 3605 739 3670 dent,
764 3614 819 3659 et
850 3605 1030 3675 potius
1061 3604 1129 3660 ad
1157 3605 1364 3660 cibaria
1398 3615 1800 3660 mansuetorum
1838 3609 2165 3676 transibunt,

591 3706 646 3751 et
677 3696 763 3750 illa
795 3707 1087 3752 vescentur
1118 3697 1296 3766 palea.
1329 3695 1510 3767 Typus
1541 3707 1722 3751 autem
1757 3697 2014 3754 doctrinae
2047 3715 2169 3770 pos-

594 3789 668 3842 sit
718 3801 838 3844 esse
873 3789 993 3843 haec
1035 3788 1230 3859 pastio.
1259 3785 1356 3843 Est
1388 3787 1551 3858 igitur
1584 3788 1984 3860 intelligendum
2004 3831 2018 3858 ,
2047 3801 2174 3848 ante

595 3882 751 3935 iidem
783 3880 837 3934 in
872 3879 1146 3935 Christum
1191 3888 1376 3952 gentes
1441 3879 1716 3949 improbos
1749 3882 2004 3938 habuisse
2037 3899 2172 3952 prae-

2265 3158 2471 3227 ἀγαθὸν
2504 3157 2598 3211 καὶ
2623 3158 2701 3221 εἰς
2756 3156 2964 3210 παίδων
2993 3154 3211 3218 παῖδας,
3251 3155 3370 3225 ῆτοι
3398 3153 3524 3216 τοὺς
3553 3151 3611 3217 ἐξ
3641 3151 3836 3205 αὐτῶν.

2279 3249 2609 3303 Ἐκτείνεται
2649 3247 2760 3316 γὰρ
2789 3249 2867 3310 είς
2899 3246 3058 3318 δεῦρο
3104 3246 3198 3300 καὶ
3251 3247 3381 3318 παρ’
3412 3249 3540 3317 ἡμῖν
3583 3246 3618 3316 ἡ
3653 3246 3840 3316 εἰρήνη

2269 3339 2528 3410 Χριστοῦ,
2560 3340 2655 3391 καὶ
2683 3338 2745 3391 τὸ
2773 3339 2836 3390 ὲκ
2854 3338 2953 3407 τῆς
2971 3336 3273 3406 ὀμοψυχίας
3303 3353 3362 3388 τε
3386 3335 3522 3406 ὁμοῦ
3567 3335 3660 3387 καὶ
3711 3335 3843 3403 ὁμο-

2269 3431 2486 3494 πιστίας
2511 3431 2736 3499 ἀγαθόν.
2760 3429 2929 3484 Τοῦτο
2953 3428 3061 3500 γὰρ
3080 3469 3096 3493 ,
3131 3424 3307 3498 οἶμαι,
3334 3427 3484 3499 δηλοῖ
3513 3425 3842 3498 προστιθεὶς,

2268 3525 2350 3577 ὅτι
2404 3521 2520 3592 ἅμα
2572 3521 2641 3576 τά
2682 3520 2869 3575 παιδία
2918 3519 3100 3574 αὐτῶν
3144 3519 3380 3584 ἔσονται,
3429 3519 3524 3573 καὶ
3570 3517 3708 3571 λέων
3752 3515 3844 3569 καὶ

2272 3613 2401 3684 βοῦς
2430 3611 2548 3682 ἅμα
2580 3611 2845 3680 φάγονται
2879 3611 3074 3682 ἄχυρα,
3106 3609 3293 3680 φησίν.
3357 3609 3719 3680 Ἐπιτήρησον
3763 3607 3846 3659 ὅτι

2271 3704 2332 3757 οὺ
2357 3703 2419 3756 τὸ
2444 3703 2651 3774 ἥμερον
2688 3703 2768 3764 είς
2788 3701 2886 3772 τὴν
2911 3703 3024 3764 τοῖς
3063 3701 3276 3771 ἀγρίοις
3307 3699 3725 3768 κατειθισμένην
3753 3713 3846 3767 με-

2271 3795 2589 3865 ταφοίτησιν
2621 3792 2724 3863 ἔφη
2751 3791 2960 3863 τροφὴν
2984 3832 3000 3856 ,
3046 3791 3160 3847 ἀλλ’
3190 3793 3268 3854 εἰς
3292 3791 3390 3861 τὴν
3431 3790 3526 3844 τοῦ
3556 3788 3764 3860 ἡμέρου
3789 3787 3849 3841 τὸ

2273 3882 2464 3952 ἄγριον
2495 3899 2508 3913 ·
2545 3880 2852 3953 σαρκοϐόρα
2900 3880 3000 3950 μὲν
3035 3881 3144 3951 γάρ
3175 3879 3618 3950 ὁμολογουμένως
3649 3879 3850 3948 ἄρκτος

593 3981 877 4041 ceptores,
921 3971 1206 4042 pecuinam
1261 3971 1368 4026 illis
1420 3971 1699 4027 tradentes
1746 3973 2076 4040 doctrinam,
2121 3984 2161 4029 et

2276 3974 2370 4028 κα)⁸
2395 3974 2550 4037 λέων,
2586 3971 2712 4043 βοῦς
2732 3972 2788 4025 δὲ
2809 3973 2904 4026 καὶ
2936 3972 3157 4042 μόσχος,
3191 3971 3358 4040 ἤγουν
3404 3971 3592 4042 ἔριφος
3620 3968 3810 4024 οὐκέτι
3832 3981 3847 3998 ·

549 4064 757 4133 ’μοι’το
819 4063 1148 4128 suadentes,
1216 4062 1624 4133 corruptissima
1690 4072 1744 4119 et
1812 4067 2161 4135 perditissima

2281 4065 2543 4136 ποηφαγῆ
2565 4063 2622 4117 δὲ
2656 4063 2856 4134 μᾶλλον
2885 4062 2952 4116 τὰ
2975 4061 3151 4116 τοιάδε
3177 4061 3285 4115 τῶν
3311 4061 3483 4128 ζώων.
3529 4058 3693 4115 Ἀλλά
3743 4057 3853 4110 τῶν

596 4154 920 4209 consectari.
951 4153 1024 4208 At
1051 4151 1143 4207 ubi
1173 4150 1238 4206 ad
1266 4149 1592 4224 agnitionem
1624 4151 1737 4220 Dei,
1766 4153 1858 4222 qui
1887 4169 2014 4209 vere
2039 4155 2161 4210 Deus

2278 4157 2336 4209 ὲν
2365 4155 2501 4220 έθει,
2532 4154 2716 4225 φησιν,
2745 4153 2808 4206 τὸ
2828 4153 3018 4225 ἄγριον
3037 4154 3424 4222 ἀποστήσεται.
3457 4150 3854 4221 Μεταχωρήσει

598 4253 700 4309 εει,
750 4245 924 4298 vocati
976 4253 1131 4310 sunt,
1179 4252 1289 4297 tum
1342 4241 1501 4296 simul
1547 4256 1577 4295 a
1627 4243 1855 4312 pristino
1897 4259 2083 4299 errore
2124 4261 2161 4300 e‘

2279 4250 2336 4302 δὲ
2363 4247 2560 4318 μᾶλλον
2585 4246 2678 4300 ἐπὶ
2715 4245 2812 4317 τὴν
2838 4245 2946 4298 τῶν
2983 4245 3206 4316 ἡμέρων
3242 4241 3465 4314 τροφὴν,
3506 4239 3857 4312 ἀχυροφαγή-

599 4334 860 4388 doctrinis
888 4334 941 4387 in
966 4336 1163 4403 quibus
1191 4334 1413 4388 enutriti
1445 4342 1500 4388 et
1542 4333 1752 4388 educati
1774 4343 1920 4400 sunt,
1942 4336 2161 4392 descive-

2285 4357 2368 4393 σει
2397 4338 2505 4410 γὰρ
2538 4338 2633 4392 καὶ
2665 4335 2822 4390 αὑτά.
2876 4336 2985 4388 Καὶ
3023 4333 3192 4396 τύπος
3224 4333 3289 4387 ἂν
3319 4333 3404 4403 εἴη
3444 4331 3790 4401 διδαγμάτων
3822 4329 3856 4399 ἡ

601 4436 754 4490 runt,
777 4424 1021 4480 ﬂoridum
1053 4434 1108 4481 et
1134 4425 1341 4480 deliciis
1369 4423 1671 4479 allluentem
1701 4437 1912 4494 pastum
1946 4442 2161 4496 evange‘

2284 4437 2476 4502 τροφή.
2505 4432 2660 4484 Ἐστι
2691 4429 2869 4483 τοίνυν
2896 4429 3114 4491 ἐννοεῖν,
3132 4426 3213 4479 ὅτι
3242 4425 3347 4495 πρὸ
3375 4423 3473 4495 μὲν
3499 4422 3597 4492 τῆς
3622 4421 3860 4482 πίστεως

603 4513 829 4567 licarum
857 4513 1264 4567 institutionum
1289 4513 1448 4567 simul
1472 4527 1594 4566 cum
1615 4512 1868 4570 lsraelitis
1888 4527 2161 4573 sectantes.

2283 4525 2381 4593 τῆς
2413 4523 2493 4586 είς
2519 4520 2751 4592 Χριστὸν
2805 4518 2873 4571 τὰ
2903 4517 3032 4586 ἔθνη
3063 4516 3332 4587 πονηροὺς
3359 4515 3457 4586 μὲν
3483 4515 3750 4587 ἐσχήκασι
3777 4511 3860 4564 δι-

601 4603 888 4667 Ca-terum,
918 4602 1113 4670 inquit,
1147 4601 1310 4655 etiam
1343 4616 1478 4671 puer
1505 4602 1762 4668 parvulus
1788 4605 1950 4659 ducet
1978 4620 2095 4674 eos,
2124 4606 2161 4662 it

2282 4612 2583 4676 δασκάλους
2607 4652 2621 4676 ,
2675 4608 3042 4684 θηριοπρεπὲς
3114 4608 3298 4670 αὐτοῖς
3349 4604 3748 4676 παρατιθέντας
3803 4601 3864 4655 τὸ

602 4701 718 4759 est,
748 4695 1022 4762 magistris
1068 4692 1424 4762 subjicientur
1465 4706 1752 4763 puerorum
1795 4694 2161 4753 formatoribnt

2287 4704 2536 4774 μάθημα,
2569 4703 2662 4756 καὶ
2691 4703 2760 4755 τά
2792 4701 2999 4771 φθορᾶς
3022 4715 3082 4751 τε
3112 4697 3208 4752 καὶ
3239 4695 3513 4759 ἀπωλείας
3535 4694 3670 4766 ἔργα
3692 4695 3864 4764 τιμᾷν

605 4801 711 4841 non
760 4787 956 4840 acerba
1012 4793 1194 4839 mente
1243 4783 1499 4852 vitiisque
1547 4783 1724 4839 dedita
1768 4787 2037 4856 pra’ditis,
2082 4789 2178 4843 sed

605 4875 784 4947 potius
813 4874 1181 4945 simplicibus,
1211 4882 1265 4927 et
1294 4873 1346 4928 in
1383 4874 1587 4930 malitia
1619 4874 1944 4942 infantibus,
1970 4879 2181 4932 animo-

610 4981 716 5038 que
764 4966 1127 5038 sapientibus,
1162 4965 1350 5035 quales
1403 4966 1627 5022 omnino
1677 4975 1801 5022 sunt
1847 4966 2176 5035 Christiani,

609 5061 848 5116 divinum
908 5058 1167 5115 habentes
1231 5059 1544 5115 thesaurum
1599 5048 1758 5133 201
1817 5061 1870 5114 in
1936 5063 2185 5117 testaceis

609 5150 870 5216 vasculis,
896 5157 950 5204 et
974 5151 1136 5205 corde
1165 5150 1520 5219 perversitate
1547 5163 1611 5205 ac
1644 5152 1988 5222 improbitate
2014 5154 2183 5208 libero

612 5241 852 5312 praediti,
880 5255 944 5295 ac
975 5254 1145 5310 nuper
1172 5241 1312 5295 natis
1339 5240 1581 5309 puerulis
1615 5243 1755 5296 nulla
1787 5244 1840 5298 in
1872 5261 1928 5299 re
1962 5245 2186 5300 inferio-

611 5348 718 5386 res.
747 5331 906 5386 Tales
940 5330 1083 5385 enim
1113 5331 1230 5400 ipse
1259 5330 1516 5385 Servatur
1542 5331 1733 5402 dignos
1762 5349 1883 5390 esse
1914 5337 1989 5391 ait
2019 5351 2186 5408 regno

610 5423 870 5476 cmlorum
907 5439 921 5475 :
962 5439 982 5473 ι
1014 5420 1188 5476 Sinite
1217 5419 1385 5486 enim,
1415 5421 1606 5490 inquit,
1636 5438 1854 5492 pueros,
1885 5437 1940 5480 et
1969 5442 2034 5481 ne
2061 5443 2188 5497 pro-

611 5511 796 5566 hihete
831 5511 951 5565 illos
979 5511 1167 5566 venire
1205 5510 1273 5565 ad
1309 5525 1427 5576 me,
1461 5512 1642 5566 talium
1674 5525 1757 5569 est
1779 5515 1922 5569 enim
1959 5533 2180 5588 regnum

613 5603 887 5669 culorum,
917 5602 986 5657 ".
1036 5617 1055 5652 ι
1107 5602 1259 5668 Quod
1311 5612 1522 5669 autem,
1573 5605 1702 5660 licet
1753 5607 2180 5664 innocentissimi

587 5701 592 5706 ”
684 5719 731 5752 ⁸⁹
764 5717 951 5771 Matth.
992 5730 1105 5784 nx,
1138 5721 1219 5775 14.

2283 4792 2692 4854 ἀναπείθοντας.
2735 4790 2950 4862 Ἐπειδὴ
2983 4789 3040 4843 δὲ
3066 4787 3359 4858 κέκληνται
3392 4786 3528 4859 πρὸς
3562 4785 3866 4852 ἐπίγνωσιν

2283 4883 2378 4937 τοῦ
2411 4884 2532 4936 κατ’
2558 4881 2815 4953 ἀλήθειαν
2843 4881 2994 4944 ὄντος
3017 4879 3174 4944 Θεοῦ,
3203 4877 3339 4949 ὁμοῦ
3360 4880 3427 4949 τῇ
3456 4876 3659 4949 άρχαίςι
3685 4874 3866 4946 πλάνῃ

2287 4974 2509 5030 καὶτῶν
2534 4973 2846 5044 συντρόφων
2869 4973 3050 5037 αὐτοῖς
3071 4969 3475 5041 ἀπηλλάττοντο
3502 4966 3866 5038 μαθημάτων,

2287 5066 2385 5138 τὴν
2405 5063 2605 5135 εὐανθῆ
2661 5081 2723 5117 τε
2780 5063 2873 5119 καὶ
2931 5058 3322 5132 εὐδιάθρυπτον
3353 5059 3464 5112 τῶν
3492 5055 3871 5126 εὐαγγελικῶν

2286 5157 2671 5228 παιδευμάτων
2695 5154 2831 5225 ὁμοῦ
2854 5157 2965 5218 τοῖς
2995 5154 3057 5218 ἐξ
3099 5152 3316 5226 Ἰσραὴλ
3345 5152 3613 5223 τιμῶντες
3635 5149 3868 5220 τροφήν.

2301 5248 2461 5303 Ἀλλά
2496 5247 2590 5302 καὶ
2617 5245 2849 5309 παιδίον,
2886 5244 3044 5316 φησὶ,
3078 5243 3274 5314 μικρὸν
3297 5243 3416 5308 ἄξει
3449 5241 3666 5306 αὐτοὺς,
3714 5237 3869 5292 τοῦτ’

2285 5339 2452 5401 ἔστιν,
2479 5338 2584 5392 ὑπὸ
2628 5334 2968 5398 διδασκάλοις
3012 5334 3227 5388 εσονται
3265 5333 3636 5401 παιδαγωγοῖς
3682 5330 3744 5382 οὐ
3778 5346 3872 5382 πι-

2285 5431 2417 5502 κρόν
2445 5447 2506 5483 τε
2535 5429 2630 5484 καὶ
2652 5426 3077 5499 φιλοκάλουργον
3133 5424 3315 5495 έχουσι
3363 5421 3513 5488 νοῦν,
3572 5421 3765 5484 ἁπλοῖς
3815 5418 3874 5472 δὶ

2289 5521 2489 5593 μᾶλλον
2513 5520 2609 5573 καὶ
2628 5518 2952 5589 νηπιάζουσι
2981 5519 3077 5588 μὲν
3115 5519 3174 5570 ὲν
3227 5515 3420 5585 κακίᾳ,
3452 5516 3636 5582 σοφοῖς
3684 5512 3741 5564 δὲ
3773 5511 3875 5572 τὰς

2291 5611 2516 5683 φρένας.
2555 5611 2800 5663 Τοιοῦτοι
2835 5609 2893 5663 δὲ
2926 5609 3125 5670 πάντες
3161 5607 3210 5659 οἱ
3246 5607 3304 5658 ὲν
3331 5604 3552 5676 Χριστῷ
3601 5602 3692 5657 τὸν
3725 5602 3874 5654 θεῖον
