  <div class='ocr_page' id='page_1' title='image "/cluster/home/n/w/nwhite01/storage/ocr_20150623/70/mdp.39015078384453/171.png"; bbox 0 0 4122 6292; ppageno 0'>
   <div class='ocr_carea' id='block_1_1' title="bbox 545 311 655 369">
    <p class='ocr_par' dir='ltr' id='par_1_1' title="bbox 545 311 655 369">
     <span class='ocr_line' id='line_1_1' title="bbox 545 311 655 369; baseline -0.018 0"><span class='ocrx_word' id='word_1_1' title='bbox 545 311 655 369; x_wconf 68' lang='grc'><strong>327</strong></span> 
     </span>
    </p>
   </div>
   <div class='ocr_carea' id='block_1_2' title="bbox 1548 308 2801 368">
    <p class='ocr_par' dir='ltr' id='par_1_2' title="bbox 1548 308 2801 368">
     <span class='ocr_line' id='line_1_2' title="bbox 1548 308 2801 368; baseline 0.002 -3"><span class='ocrx_word' id='word_1_2' title='bbox 1548 311 1606 365; x_wconf 91' lang='lat' dir='ltr'><strong>S.</strong></span> <span class='ocrx_word' id='word_1_3' title='bbox 1648 309 1925 367; x_wconf 78' lang='lat' dir='ltr'><strong>CYlliLLl</strong></span> <span class='ocrx_word' id='word_1_4' title='bbox 1964 308 2439 365; x_wconf 70' lang='lat' dir='ltr'><strong>ALEXANDRINI</strong></span> <span class='ocrx_word' id='word_1_5' title='bbox 2481 309 2801 368; x_wconf 79' lang='lat' dir='ltr'><strong>AliClllEP.</strong></span> 
     </span>
    </p>
   </div>
   <div class='ocr_carea' id='block_1_3' title="bbox 3702 309 3809 367">
    <p class='ocr_par' dir='ltr' id='par_1_3' title="bbox 3702 309 3809 367">
     <span class='ocr_line' id='line_1_3' title="bbox 3702 309 3809 367; baseline 0.019 -3"><span class='ocrx_word' id='word_1_6' title='bbox 3702 309 3809 367; x_wconf 71' lang='lat'><strong>3&#39;28</strong></span> 
     </span>
    </p>
   </div>
   <div class='ocr_carea' id='block_1_4' title="bbox 550 427 2118 505">
    <p class='ocr_par' dir='ltr' id='par_1_4' title="bbox 550 432 2118 505">
     <span class='ocr_line' id='line_1_4' title="bbox 550 432 2118 505; baseline -0.001 -16"><span class='ocrx_word' id='word_1_7' title='bbox 550 452 700 505; x_wconf 82' lang='lat' dir='ltr'><strong>spem</strong></span> <span class='ocrx_word' id='word_1_8' title='bbox 755 449 861 489; x_wconf 92' lang='lat' dir='ltr'><strong>non</strong></span> <span class='ocrx_word' id='word_1_9' title='bbox 929 434 1213 501; x_wconf 82' lang='lat' dir='ltr'><strong>habentes,</strong></span> <span class='ocrx_word' id='word_1_10' title='bbox 1240 442 1295 488; x_wconf 91' lang='lat' dir='ltr'><strong>et</strong></span> <span class='ocrx_word' id='word_1_11' title='bbox 1328 432 1450 489; x_wconf 86' lang='lat' dir='ltr'><strong>sine</strong></span> <span class='ocrx_word' id='word_1_12' title='bbox 1507 432 1617 489; x_wconf 88' lang='lat' dir='ltr'><strong>Deo</strong></span> <span class='ocrx_word' id='word_1_13' title='bbox 1644 434 1698 488; x_wconf 92' lang='lat' dir='ltr'><strong>in</strong></span> <span class='ocrx_word' id='word_1_14' title='bbox 1748 432 1853 487; x_wconf 91' lang='lat' dir='ltr'><strong>hoe</strong></span> <span class='ocrx_word' id='word_1_15' title='bbox 1897 432 2118 488; x_wconf 90' lang='lat' dir='ltr'><strong>mundo.</strong></span> 
     </span>
    </p>
   </div>
   <div class='ocr_carea' id='block_1_5' title="bbox 2220 427 3812 505">
    <p class='ocr_par' dir='ltr' id='par_1_5' title="bbox 2227 427 3812 504">
     <span class='ocr_line' id='line_1_5' title="bbox 2227 427 3812 504; baseline -0.003 -18"><span class='ocrx_word' id='word_1_16' title='bbox 2227 433 2465 504; x_wconf 77' lang='grc' dir='ltr'>Ἰσραὴλ,</span> <span class='ocrx_word' id='word_1_17' title='bbox 2506 434 2601 486; x_wconf 76' lang='grc' dir='ltr'><strong>καὶ</strong></span> <span class='ocrx_word' id='word_1_18' title='bbox 2647 432 2784 497; x_wconf 80' lang='grc' dir='ltr'>ξένοι</span> <span class='ocrx_word' id='word_1_19' title='bbox 2818 431 2926 485; x_wconf 84' lang='grc' dir='ltr'><strong>τῶν</strong></span> <span class='ocrx_word' id='word_1_20' title='bbox 2973 429 3268 501; x_wconf 85' lang='grc' dir='ltr'>διαθηκῶν,</span> <span class='ocrx_word' id='word_1_21' title='bbox 3329 429 3429 500; x_wconf 79' lang='grc' dir='ltr'>τῆς</span> <span class='ocrx_word' id='word_1_22' title='bbox 3474 427 3812 496; x_wconf 74' lang='grc' dir='ltr'><strong>ἐπαγγελίας</strong></span> 
     </span>
    </p>
   </div>
   <div class='ocr_carea' id='block_1_6' title="bbox 550 524 2127 596">
    <p class='ocr_par' dir='ltr' id='par_1_6' title="bbox 550 524 2127 596">
     <span class='ocr_line' id='line_1_6' title="bbox 550 524 2127 596; baseline 0.001 -15"><span class='ocrx_word' id='word_1_23' title='bbox 550 524 701 581; x_wconf 85' lang='lat' dir='ltr'><strong>Nunc</strong></span> <span class='ocrx_word' id='word_1_24' title='bbox 728 536 907 581; x_wconf 89' lang='lat' dir='ltr'><strong>autem</strong></span> <span class='ocrx_word' id='word_1_25' title='bbox 942 526 995 580; x_wconf 91' lang='lat' dir='ltr'><strong>in</strong></span> <span class='ocrx_word' id='word_1_26' title='bbox 1024 524 1244 581; x_wconf 89' lang='lat' dir='ltr'><strong>Christo</strong></span> <span class='ocrx_word' id='word_1_27' title='bbox 1270 524 1397 580; x_wconf 71' lang='lat' dir='ltr'><strong>Iesu</strong></span> <span class='ocrx_word' id='word_1_28' title='bbox 1414 541 1508 581; x_wconf 89' lang='lat' dir='ltr'><strong>vos</strong></span> <span class='ocrx_word' id='word_1_29' title='bbox 1532 527 1621 596; x_wconf 86' lang='lat' dir='ltr'><strong>qui</strong></span> <span class='ocrx_word' id='word_1_30' title='bbox 1648 525 1936 596; x_wconf 79' lang='lat' dir='ltr'><strong>aliquando</strong></span> <span class='ocrx_word' id='word_1_31' title='bbox 1961 530 2127 583; x_wconf 89' lang='lat' dir='ltr'><strong>eratis</strong></span> 
     </span>
    </p>
   </div>
   <div class='ocr_carea' id='block_1_7' title="bbox 526 606 2119 688">
    <p class='ocr_par' dir='ltr' id='par_1_7' title="bbox 526 606 2119 688">
     <span class='ocr_line' id='line_1_7' title="bbox 526 606 2119 688; baseline 0.001 -17"><span class='ocrx_word' id='word_1_32' title='bbox 526 606 729 688; x_wconf 79' lang='lat' dir='ltr'><strong>longe,</strong></span> <span class='ocrx_word' id='word_1_33' title='bbox 771 617 898 672; x_wconf 81' lang='lat' dir='ltr'><strong>facti</strong></span> <span class='ocrx_word' id='word_1_34' title='bbox 932 616 1066 672; x_wconf 93' lang='lat' dir='ltr'><strong>estis</strong></span> <span class='ocrx_word' id='word_1_35' title='bbox 1118 632 1286 688; x_wconf 85' lang='lat' dir='ltr'><strong>prope</strong></span> <span class='ocrx_word' id='word_1_36' title='bbox 1325 619 1377 672; x_wconf 91' lang='lat' dir='ltr'><strong>in</strong></span> <span class='ocrx_word' id='word_1_37' title='bbox 1421 621 1685 688; x_wconf 81' lang='lat' dir='ltr'><strong>sanguine</strong></span> <span class='ocrx_word' id='word_1_38' title='bbox 1729 619 1932 675; x_wconf 85' lang='lat' dir='ltr'><strong>Christi</strong></span> <span class='ocrx_word' id='word_1_39' title='bbox 1976 621 2044 676; x_wconf 83' lang='lat'><strong>“.</strong></span> <span class='ocrx_word' id='word_1_40' title='bbox 2100 638 2119 672; x_wconf 78' lang='grc' dir='ltr'><strong>ι</strong></span> 
     </span>
    </p>
   </div>
   <div class='ocr_carea' id='block_1_8' title="bbox 554 709 2125 781">
    <p class='ocr_par' dir='ltr' id='par_1_8' title="bbox 554 709 2125 781">
     <span class='ocr_line' id='line_1_8' title="bbox 554 709 2125 781; baseline 0.002 -17"><span class='ocrx_word' id='word_1_41' title='bbox 554 709 752 764; x_wconf 77' lang='lat' dir='ltr'><strong>Verum</strong></span> <span class='ocrx_word' id='word_1_42' title='bbox 783 709 885 765; x_wconf 88' lang='lat' dir='ltr'><strong>etsi</strong></span> <span class='ocrx_word' id='word_1_43' title='bbox 911 716 1070 765; x_wconf 86' lang='lat' dir='ltr'><strong>erant</strong></span> <span class='ocrx_word' id='word_1_44' title='bbox 1116 710 1233 778; x_wconf 86' lang='lat' dir='ltr'><strong>spei</strong></span> <span class='ocrx_word' id='word_1_45' title='bbox 1270 720 1543 781; x_wconf 79' lang='lat' dir='ltr'><strong>expertes,</strong></span> <span class='ocrx_word' id='word_1_46' title='bbox 1574 721 1628 765; x_wconf 92' lang='lat' dir='ltr'><strong>et</strong></span> <span class='ocrx_word' id='word_1_47' title='bbox 1683 710 1849 765; x_wconf 92' lang='lat' dir='ltr'><strong>Deum</strong></span> <span class='ocrx_word' id='word_1_48' title='bbox 1884 727 1992 768; x_wconf 92' lang='lat' dir='ltr'><strong>non</strong></span> <span class='ocrx_word' id='word_1_49' title='bbox 2022 711 2125 767; x_wconf 84' lang='lat' dir='ltr'><strong>ba-</strong></span> 
     </span>
    </p>
   </div>
   <div class='ocr_carea' id='block_1_9' title="bbox 549 799 2127 873">
    <p class='ocr_par' dir='ltr' id='par_1_9' title="bbox 549 799 2127 873">
     <span class='ocr_line' id='line_1_9' title="bbox 549 799 2127 873; baseline 0.003 -19"><span class='ocrx_word' id='word_1_50' title='bbox 549 799 741 854; x_wconf 87' lang='lat' dir='ltr'><strong>bentes</strong></span> <span class='ocrx_word' id='word_1_51' title='bbox 803 800 854 853; x_wconf 93' lang='lat' dir='ltr'><strong>in</strong></span> <span class='ocrx_word' id='word_1_52' title='bbox 920 801 1122 856; x_wconf 84' lang='lat' dir='ltr'><strong>numdo</strong></span> <span class='ocrx_word' id='word_1_53' title='bbox 1181 801 1611 870; x_wconf 74' lang='lat' dir='ltr'><strong>(peocubuerunt</strong></span> <span class='ocrx_word' id='word_1_54' title='bbox 1664 803 1806 856; x_wconf 91' lang='lat' dir='ltr'><strong>enim</strong></span> <span class='ocrx_word' id='word_1_55' title='bbox 1867 803 2127 873; x_wconf 79' lang='lat' dir='ltr'><strong>operibus</strong></span> 
     </span>
    </p>
   </div>
   <div class='ocr_carea' id='block_1_10' title="bbox 507 892 2125 964">
    <p class='ocr_par' dir='ltr' id='par_1_10' title="bbox 507 892 2125 964">
     <span class='ocr_line' id='line_1_10' title="bbox 507 892 2125 964; baseline 0.002 -18"><span class='ocrx_word' id='word_1_56' title='bbox 507 894 517 902; x_wconf 78' lang='grc'><em>’</em></span> <span class='ocrx_word' id='word_1_57' title='bbox 549 904 770 946; x_wconf 89' lang='lat' dir='ltr'><strong>suarum</strong></span> <span class='ocrx_word' id='word_1_58' title='bbox 804 892 1110 960; x_wconf 90' lang='lat' dir='ltr'><strong>manuum),</strong></span> <span class='ocrx_word' id='word_1_59' title='bbox 1140 900 1318 947; x_wconf 89' lang='lat' dir='ltr'><strong>tamen</strong></span> <span class='ocrx_word' id='word_1_60' title='bbox 1365 893 1542 947; x_wconf 86' lang='lat' dir='ltr'><strong>vocati</strong></span> <span class='ocrx_word' id='word_1_61' title='bbox 1573 902 1700 948; x_wconf 89' lang='lat' dir='ltr'><strong>sunt</strong></span> <span class='ocrx_word' id='word_1_62' title='bbox 1732 908 1830 964; x_wconf 86' lang='lat' dir='ltr'><strong>per</strong></span> <span class='ocrx_word' id='word_1_63' title='bbox 1866 894 2024 949; x_wconf 77' lang='lat' dir='ltr'><strong>[idem</strong></span> <span class='ocrx_word' id='word_1_64' title='bbox 2055 894 2125 950; x_wconf 87' lang='lat' dir='ltr'><strong>ad</strong></span> 
     </span>
    </p>
   </div>
   <div class='ocr_carea' id='block_1_11' title="bbox 504 980 2121 1055">
    <p class='ocr_par' dir='ltr' id='par_1_11' title="bbox 504 980 2121 1055">
     <span class='ocr_line' id='line_1_11' title="bbox 504 980 2121 1055; baseline 0.004 -20"><span class='ocrx_word' id='word_1_65' title='bbox 504 985 511 1007; x_wconf 73' lang='lat'>’</span> <span class='ocrx_word' id='word_1_66' title='bbox 548 983 877 1051; x_wconf 81' lang='lat' dir='ltr'><strong>agnitionem</strong></span> <span class='ocrx_word' id='word_1_67' title='bbox 906 980 1131 1048; x_wconf 83' lang='lat' dir='ltr'><strong>Christi,</strong></span> <span class='ocrx_word' id='word_1_68' title='bbox 1185 991 1239 1039; x_wconf 90' lang='lat' dir='ltr'><strong>et</strong></span> <span class='ocrx_word' id='word_1_69' title='bbox 1271 984 1320 1039; x_wconf 91' lang='lat' dir='ltr'><strong>ei</strong></span> <span class='ocrx_word' id='word_1_70' title='bbox 1377 983 1607 1055; x_wconf 78' lang='lat' dir='ltr'><strong>subjecti</strong></span> <span class='ocrx_word' id='word_1_71' title='bbox 1644 995 1790 1053; x_wconf 89' lang='lat' dir='ltr'><strong>sunt,</strong></span> <span class='ocrx_word' id='word_1_72' title='bbox 1846 996 1901 1041; x_wconf 89' lang='lat' dir='ltr'><strong>et</strong></span> <span class='ocrx_word' id='word_1_73' title='bbox 1951 985 2121 1041; x_wconf 89' lang='lat' dir='ltr'><strong>Deum</strong></span> 
     </span>
    </p>
   </div>
   <div class='ocr_carea' id='block_1_12' title="bbox 499 1073 2119 1146">
    <p class='ocr_par' dir='ltr' id='par_1_12' title="bbox 499 1073 2119 1146">
     <span class='ocr_line' id='line_1_12' title="bbox 499 1073 2119 1146; baseline 0.004 -20"><span class='ocrx_word' id='word_1_74' title='bbox 499 1073 509 1083; x_wconf 89' lang='grc'><em>’</em></span> <span class='ocrx_word' id='word_1_75' title='bbox 547 1073 850 1127; x_wconf 86' lang='lat' dir='ltr'><strong>habuerunt</strong></span> <span class='ocrx_word' id='word_1_76' title='bbox 895 1073 1197 1128; x_wconf 79' lang='lat' dir='ltr'><strong>naturalem</strong></span> <span class='ocrx_word' id='word_1_77' title='bbox 1221 1082 1277 1130; x_wconf 88' lang='lat' dir='ltr'><strong>et</strong></span> <span class='ocrx_word' id='word_1_78' title='bbox 1307 1089 1517 1142; x_wconf 87' lang='lat' dir='ltr'><strong>verum,</strong></span> <span class='ocrx_word' id='word_1_79' title='bbox 1566 1084 1621 1130; x_wconf 86' lang='lat' dir='ltr'><strong>et</strong></span> <span class='ocrx_word' id='word_1_80' title='bbox 1655 1077 1768 1146; x_wconf 89' lang='lat' dir='ltr'><strong>spei</strong></span> <span class='ocrx_word' id='word_1_81' title='bbox 1799 1088 2119 1133; x_wconf 87' lang='lat' dir='ltr'><strong>sanctorum</strong></span> 
     </span>
    </p>
   </div>
   <div class='ocr_carea' id='block_1_13' title="bbox 545 1164 2126 1238">
    <p class='ocr_par' dir='ltr' id='par_1_13' title="bbox 545 1164 2126 1238">
     <span class='ocr_line' id='line_1_13' title="bbox 545 1164 2126 1238; baseline 0.004 -21"><span class='ocrx_word' id='word_1_82' title='bbox 545 1174 705 1217; x_wconf 87' lang='lat' dir='ltr'><strong>erant</strong></span> <span class='ocrx_word' id='word_1_83' title='bbox 732 1174 1034 1219; x_wconf 88' lang='lat' dir='ltr'><strong>consortes.</strong></span> <span class='ocrx_word' id='word_1_84' title='bbox 1066 1164 1182 1219; x_wconf 85' lang='lat' dir='ltr'><strong>Erit</strong></span> <span class='ocrx_word' id='word_1_85' title='bbox 1225 1175 1439 1232; x_wconf 91' lang='lat' dir='ltr'><strong>autem,</strong></span> <span class='ocrx_word' id='word_1_86' title='bbox 1499 1165 1700 1235; x_wconf 88' lang='lat' dir='ltr'><strong>inquit,</strong></span> <span class='ocrx_word' id='word_1_87' title='bbox 1746 1167 1963 1238; x_wconf 85' lang='lat' dir='ltr'><strong>requies</strong></span> <span class='ocrx_word' id='word_1_88' title='bbox 2008 1166 2126 1237; x_wconf 83' lang='lat' dir='ltr'><strong>ejus</strong></span> 
     </span>
    </p>
   </div>
   <div class='ocr_carea' id='block_1_14' title="bbox 545 1253 2125 1333">
    <p class='ocr_par' dir='ltr' id='par_1_14' title="bbox 545 1253 2125 1333">
     <span class='ocr_line' id='line_1_14' title="bbox 545 1253 2125 1333; baseline 0.004 -26"><span class='ocrx_word' id='word_1_89' title='bbox 545 1253 739 1309; x_wconf 84' lang='lat' dir='ltr'><strong>honor.</strong></span> <span class='ocrx_word' id='word_1_90' title='bbox 779 1254 1076 1324; x_wconf 78' lang='lat' dir='ltr'><strong>Dupliciter</strong></span> <span class='ocrx_word' id='word_1_91' title='bbox 1122 1256 1394 1333; x_wconf 80' lang='lat' dir='ltr'><strong>intelliges</strong></span> <span class='ocrx_word' id='word_1_92' title='bbox 1448 1257 1590 1328; x_wconf 87' lang='lat' dir='ltr'><strong>quod</strong></span> <span class='ocrx_word' id='word_1_93' title='bbox 1640 1258 1855 1313; x_wconf 90' lang='lat' dir='ltr'><strong>dicitur.</strong></span> <span class='ocrx_word' id='word_1_94' title='bbox 1909 1256 1966 1313; x_wconf 90' lang='lat' dir='ltr'><strong>Si</strong></span> <span class='ocrx_word' id='word_1_95' title='bbox 2001 1259 2125 1329; x_wconf 86' lang='lat' dir='ltr'><strong>quis</strong></span> 
     </span>
    </p>
   </div>
   <div class='ocr_carea' id='block_1_15' title="bbox 543 1346 2124 1417">
    <p class='ocr_par' dir='ltr' id='par_1_15' title="bbox 543 1346 2124 1417">
     <span class='ocr_line' id='line_1_15' title="bbox 543 1346 2124 1417; baseline 0.003 -17"><span class='ocrx_word' id='word_1_96' title='bbox 543 1350 687 1401; x_wconf 90' lang='lat' dir='ltr'><strong>enim</strong></span> <span class='ocrx_word' id='word_1_97' title='bbox 720 1347 906 1402; x_wconf 83' lang='lat' dir='ltr'><strong>mallet</strong></span> <span class='ocrx_word' id='word_1_98' title='bbox 937 1347 1232 1417; x_wconf 85' lang='lat' dir='ltr'><strong>requietem</strong></span> <span class='ocrx_word' id='word_1_99' title='bbox 1265 1348 1354 1402; x_wconf 89' lang='lat' dir='ltr'><strong>hic</strong></span> <span class='ocrx_word' id='word_1_100' title='bbox 1373 1346 1577 1403; x_wconf 88' lang='lat' dir='ltr'><strong>Christi</strong></span> <span class='ocrx_word' id='word_1_101' title='bbox 1606 1357 1835 1404; x_wconf 89' lang='lat' dir='ltr'><strong>mortem</strong></span> <span class='ocrx_word' id='word_1_102' title='bbox 1871 1349 1925 1404; x_wconf 91' lang='lat' dir='ltr'><strong>in</strong></span> <span class='ocrx_word' id='word_1_103' title='bbox 1955 1363 2124 1404; x_wconf 87' lang='lat' dir='ltr'><strong>carne</strong></span> 
     </span>
    </p>
   </div>
   <div class='ocr_carea' id='block_1_16' title="bbox 544 1438 2121 1508">
    <p class='ocr_par' dir='ltr' id='par_1_16' title="bbox 544 1438 2121 1508">
     <span class='ocr_line' id='line_1_16' title="bbox 544 1438 2121 1508; baseline 0.003 -16"><span class='ocrx_word' id='word_1_104' title='bbox 544 1438 877 1507; x_wconf 88' lang='lat' dir='ltr'><strong>signitlcare,</strong></span> <span class='ocrx_word' id='word_1_105' title='bbox 938 1453 1100 1506; x_wconf 82' lang='lat' dir='ltr'><strong>quam</strong></span> <span class='ocrx_word' id='word_1_106' title='bbox 1147 1448 1369 1508; x_wconf 85' lang='lat' dir='ltr'><strong>propter</strong></span> <span class='ocrx_word' id='word_1_107' title='bbox 1420 1454 1520 1493; x_wconf 89' lang='lat' dir='ltr'><strong>nos</strong></span> <span class='ocrx_word' id='word_1_108' title='bbox 1576 1440 1838 1494; x_wconf 89' lang='lat' dir='ltr'><strong>sustinuit</strong></span> <span class='ocrx_word' id='word_1_109' title='bbox 1891 1439 2121 1506; x_wconf 88' lang='lat' dir='ltr'><strong>volens,</strong></span> 
     </span>
    </p>
   </div>
   <div class='ocr_carea' id='block_1_17' title="bbox 544 1527 2124 1599">
    <p class='ocr_par' dir='ltr' id='par_1_17' title="bbox 544 1527 2124 1599">
     <span class='ocr_line' id='line_1_17' title="bbox 544 1527 2124 1599; baseline 0 -17"><span class='ocrx_word' id='word_1_110' title='bbox 544 1543 652 1582; x_wconf 88' lang='lat' dir='ltr'><strong>non</strong></span> <span class='ocrx_word' id='word_1_111' title='bbox 695 1536 952 1597; x_wconf 89' lang='lat' dir='ltr'><strong>tanquam</strong></span> <span class='ocrx_word' id='word_1_112' title='bbox 1009 1536 1239 1581; x_wconf 89' lang='lat' dir='ltr'><strong>mortem</strong></span> <span class='ocrx_word' id='word_1_113' title='bbox 1294 1528 1573 1583; x_wconf 89' lang='lat' dir='ltr'><strong>sustinens</strong></span> <span class='ocrx_word' id='word_1_114' title='bbox 1634 1527 1766 1599; x_wconf 85' lang='lat' dir='ltr'><strong>(vita</strong></span> <span class='ocrx_word' id='word_1_115' title='bbox 1809 1531 1953 1583; x_wconf 86' lang='lat' dir='ltr'><strong>enim</strong></span> <span class='ocrx_word' id='word_1_116' title='bbox 2005 1536 2124 1584; x_wconf 89' lang='lat' dir='ltr'><strong>erat</strong></span> 
     </span>
    </p>
   </div>
   <div class='ocr_carea' id='block_1_18' title="bbox 545 1616 2121 1687">
    <p class='ocr_par' dir='ltr' id='par_1_18' title="bbox 545 1616 2121 1687">
     <span class='ocr_line' id='line_1_18' title="bbox 545 1616 2121 1687; baseline 0.001 -15"><span class='ocrx_word' id='word_1_117' title='bbox 545 1619 799 1685; x_wconf 88' lang='lat' dir='ltr'><strong>natura),</strong></span> <span class='ocrx_word' id='word_1_118' title='bbox 843 1616 938 1672; x_wconf 88' lang='lat' dir='ltr'><strong>sed</strong></span> <span class='ocrx_word' id='word_1_119' title='bbox 987 1617 1134 1672; x_wconf 87' lang='lat' dir='ltr'><strong>velut</strong></span> <span class='ocrx_word' id='word_1_120' title='bbox 1184 1617 1474 1687; x_wconf 88' lang='lat' dir='ltr'><strong>quiescere</strong></span> <span class='ocrx_word' id='word_1_121' title='bbox 1528 1633 1749 1673; x_wconf 88' lang='lat' dir='ltr'><strong>carnem</strong></span> <span class='ocrx_word' id='word_1_122' title='bbox 1799 1617 2005 1676; x_wconf 82' lang='lat' dir='ltr'><strong>faciens</strong></span> <span class='ocrx_word' id='word_1_123' title='bbox 2051 1619 2121 1674; x_wconf 88' lang='lat' dir='ltr'><strong>ad</strong></span> 
     </span>
    </p>
   </div>
   <div class='ocr_carea' id='block_1_19' title="bbox 545 1705 2116 1778">
    <p class='ocr_par' dir='ltr' id='par_1_19' title="bbox 545 1705 2116 1778">
     <span class='ocr_line' id='line_1_19' title="bbox 545 1705 2116 1778; baseline 0.001 -17"><span class='ocrx_word' id='word_1_124' title='bbox 545 1718 795 1778; x_wconf 85' lang='lat' dir='ltr'><strong>tempus:</strong></span> <span class='ocrx_word' id='word_1_125' title='bbox 840 1707 944 1763; x_wconf 87' lang='lat' dir='ltr'><strong>hoe</strong></span> <span class='ocrx_word' id='word_1_126' title='bbox 998 1706 1075 1761; x_wconf 88' lang='lat' dir='ltr'><strong>illi</strong></span> <span class='ocrx_word' id='word_1_127' title='bbox 1112 1705 1261 1760; x_wconf 88' lang='lat' dir='ltr'><strong>aliud</strong></span> <span class='ocrx_word' id='word_1_128' title='bbox 1319 1706 1453 1760; x_wconf 90' lang='lat' dir='ltr'><strong>nihil</strong></span> <span class='ocrx_word' id='word_1_129' title='bbox 1506 1717 1626 1761; x_wconf 88' lang='lat' dir='ltr'><strong>erat</strong></span> <span class='ocrx_word' id='word_1_130' title='bbox 1692 1721 1855 1777; x_wconf 90' lang='lat' dir='ltr'><strong>quam</strong></span> <span class='ocrx_word' id='word_1_131' title='bbox 1914 1707 2116 1763; x_wconf 84' lang='lat' dir='ltr'><strong>honor.</strong></span> 
     </span>
    </p>
   </div>
   <div class='ocr_carea' id='block_1_20' title="bbox 2226 520 3812 595">
    <p class='ocr_par' dir='ltr' id='par_1_20' title="bbox 2226 520 3812 595">
     <span class='ocr_line' id='line_1_20' title="bbox 2226 520 3812 595; baseline -0.003 -18"><span class='ocrx_word' id='word_1_132' title='bbox 2226 524 2416 577; x_wconf 85' lang='grc' dir='ltr'>ἐλπίδα</span> <span class='ocrx_word' id='word_1_133' title='bbox 2469 524 2544 595; x_wconf 78' lang='grc' dir='ltr'><strong>μὴ</strong></span> <span class='ocrx_word' id='word_1_134' title='bbox 2583 524 2804 595; x_wconf 70' lang='grc' dir='ltr'>ἔχοντες</span> <span class='ocrx_word' id='word_1_135' title='bbox 2847 523 2938 576; x_wconf 73' lang='grc' dir='ltr'><strong>καὶ</strong></span> <span class='ocrx_word' id='word_1_136' title='bbox 2968 521 3116 575; x_wconf 81' lang='grc' dir='ltr'>ἄθεοι</span> <span class='ocrx_word' id='word_1_137' title='bbox 3147 523 3204 574; x_wconf 91' lang='grc' dir='ltr'><strong>ἐν</strong></span> <span class='ocrx_word' id='word_1_138' title='bbox 3233 520 3312 591; x_wconf 84' lang='grc' dir='ltr'>τῷ</span> <span class='ocrx_word' id='word_1_139' title='bbox 3341 521 3553 591; x_wconf 79' lang='grc' dir='ltr'>κόσμῳ.</span> <span class='ocrx_word' id='word_1_140' title='bbox 3582 521 3718 573; x_wconf 74' lang='grc' dir='ltr'>Νυνὶ</span> <span class='ocrx_word' id='word_1_141' title='bbox 3750 520 3812 573; x_wconf 84' lang='grc' dir='ltr'><strong>δέ</strong></span> 
     </span>
    </p>
   </div>
   <div class='ocr_carea' id='block_1_21' title="bbox 2225 610 3809 686">
    <p class='ocr_par' dir='ltr' id='par_1_21' title="bbox 2225 610 3809 686">
     <span class='ocr_line' id='line_1_21' title="bbox 2225 610 3809 686; baseline -0.004 -18"><span class='ocrx_word' id='word_1_142' title='bbox 2225 617 2274 668; x_wconf 77' lang='grc' dir='ltr'>οἱ</span> <span class='ocrx_word' id='word_1_143' title='bbox 2299 616 2427 670; x_wconf 84' lang='grc' dir='ltr'><strong>ποτέ</strong></span> <span class='ocrx_word' id='word_1_144' title='bbox 2456 615 2608 678; x_wconf 74' lang='grc' dir='ltr'>ὄντες</span> <span class='ocrx_word' id='word_1_145' title='bbox 2632 615 2871 686; x_wconf 84' lang='grc' dir='ltr'>μακράν,</span> <span class='ocrx_word' id='word_1_146' title='bbox 2902 611 3198 683; x_wconf 76' lang='grc' dir='ltr'><strong>ἐγενήθητε</strong></span> <span class='ocrx_word' id='word_1_147' title='bbox 3229 611 3395 680; x_wconf 76' lang='grc' dir='ltr'>ἐγγὺς</span> <span class='ocrx_word' id='word_1_148' title='bbox 3427 612 3486 663; x_wconf 88' lang='grc' dir='ltr'><strong>ἐν</strong></span> <span class='ocrx_word' id='word_1_149' title='bbox 3510 610 3588 681; x_wconf 87' lang='grc' dir='ltr'>τῷ</span> <span class='ocrx_word' id='word_1_150' title='bbox 3615 611 3809 681; x_wconf 77' lang='grc' dir='ltr'>αἵματι</span> 
     </span>
    </p>
   </div>
   <div class='ocr_carea' id='block_1_22' title="bbox 2226 700 3810 776">
    <p class='ocr_par' dir='ltr' id='par_1_22' title="bbox 2226 700 3810 776">
     <span class='ocr_line' id='line_1_22' title="bbox 2226 700 3810 776; baseline -0.002 -18"><span class='ocrx_word' id='word_1_151' title='bbox 2226 705 2318 758; x_wconf 90' lang='grc' dir='ltr'><strong>τοῦ</strong></span> <span class='ocrx_word' id='word_1_152' title='bbox 2351 705 2610 776; x_wconf 83' lang='grc' dir='ltr'>Χριστοῦ.</span> <span class='ocrx_word' id='word_1_153' title='bbox 2638 724 2658 757; x_wconf 76' lang='grc' dir='ltr'><strong>ι</strong></span> <span class='ocrx_word' id='word_1_154' title='bbox 2695 704 2838 757; x_wconf 80' lang='grc' dir='ltr'>Ἀλλ’</span> <span class='ocrx_word' id='word_1_155' title='bbox 2884 706 2933 758; x_wconf 85' lang='grc' dir='ltr'><strong>εί</strong></span> <span class='ocrx_word' id='word_1_156' title='bbox 2970 706 3064 759; x_wconf 79' lang='grc' dir='ltr'><strong>καὶ</strong></span> <span class='ocrx_word' id='word_1_157' title='bbox 3105 700 3244 775; x_wconf 81' lang='grc' dir='ltr'>ἦσαν</span> <span class='ocrx_word' id='word_1_158' title='bbox 3294 702 3505 766; x_wconf 80' lang='grc' dir='ltr'>ἐλπίδος</span> <span class='ocrx_word' id='word_1_159' title='bbox 3537 700 3681 771; x_wconf 86' lang='grc' dir='ltr'>δίχα,</span> <span class='ocrx_word' id='word_1_160' title='bbox 3714 701 3810 755; x_wconf 72' lang='grc' dir='ltr'><strong>καὶ</strong></span> 
     </span>
    </p>
   </div>
   <div class='ocr_carea' id='block_1_23' title="bbox 2225 794 3806 867">
    <p class='ocr_par' dir='ltr' id='par_1_23' title="bbox 2225 794 3806 867">
     <span class='ocr_line' id='line_1_23' title="bbox 2225 794 3806 867; baseline -0.001 -20"><span class='ocrx_word' id='word_1_161' title='bbox 2225 795 2360 848; x_wconf 81' lang='grc' dir='ltr'>Θεὸν</span> <span class='ocrx_word' id='word_1_162' title='bbox 2392 797 2492 849; x_wconf 84' lang='grc' dir='ltr'><strong>οὑκ</strong></span> <span class='ocrx_word' id='word_1_163' title='bbox 2513 796 2703 867; x_wconf 76' lang='grc' dir='ltr'>ἔχοντα</span> <span class='ocrx_word' id='word_1_164' title='bbox 2734 798 2874 850; x_wconf 87' lang='grc' dir='ltr'><strong>κατά</strong></span> <span class='ocrx_word' id='word_1_165' title='bbox 2923 796 3015 849; x_wconf 91' lang='grc' dir='ltr'><strong>τὸν</strong></span> <span class='ocrx_word' id='word_1_166' title='bbox 3066 796 3291 866; x_wconf 86' lang='grc' dir='ltr'>κόσμον·</span> <span class='ocrx_word' id='word_1_167' title='bbox 3329 794 3806 865; x_wconf 88' lang='grc' dir='ltr'>προσκεκυνήκασι</span> 
     </span>
    </p>
   </div>
   <div class='ocr_carea' id='block_1_24' title="bbox 2226 879 3806 960">
    <p class='ocr_par' dir='ltr' id='par_1_24' title="bbox 2226 879 3806 960">
     <span class='ocr_line' id='line_1_24' title="bbox 2226 879 3806 960; baseline -0.003 -21"><span class='ocrx_word' id='word_1_168' title='bbox 2226 886 2335 957; x_wconf 86' lang='grc' dir='ltr'><strong>γάρ</strong></span> <span class='ocrx_word' id='word_1_169' title='bbox 2366 890 2476 951; x_wconf 80' lang='grc' dir='ltr'>τοῖς</span> <span class='ocrx_word' id='word_1_170' title='bbox 2506 887 2689 960; x_wconf 80' lang='grc' dir='ltr'>ἔργοις</span> <span class='ocrx_word' id='word_1_171' title='bbox 2717 887 2826 942; x_wconf 84' lang='grc' dir='ltr'><strong>τῶν</strong></span> <span class='ocrx_word' id='word_1_172' title='bbox 2872 886 3017 940; x_wconf 87' lang='grc' dir='ltr'>ἰδίων</span> <span class='ocrx_word' id='word_1_173' title='bbox 3061 887 3281 958; x_wconf 60' lang='grc' dir='ltr'>χειρῶν</span> <span class='ocrx_word' id='word_1_174' title='bbox 3324 884 3438 938; x_wconf 80' lang='grc' dir='ltr'>ἀλλ’</span> <span class='ocrx_word' id='word_1_175' title='bbox 3468 879 3561 937; x_wconf 79' lang='grc' dir='ltr'>οὗν</span> <span class='ocrx_word' id='word_1_176' title='bbox 3603 881 3806 953; x_wconf 81' lang='grc' dir='ltr'>κεκλη-</span> 
     </span>
    </p>
   </div>
   <div class='ocr_carea' id='block_1_25' title="bbox 2229 961 3804 1050">
    <p class='ocr_par' dir='ltr' id='par_1_25' title="bbox 2229 961 3804 1050">
     <span class='ocr_line' id='line_1_25' title="bbox 2229 961 3804 1050; baseline -0.003 -21"><span class='ocrx_word' id='word_1_177' title='bbox 2229 961 2365 1049; x_wconf 78' lang='grc' dir='ltr'>μένα</span> <span class='ocrx_word' id='word_1_178' title='bbox 2405 977 2492 1031; x_wconf 88' lang='grc' dir='ltr'><strong>διά</strong></span> <span class='ocrx_word' id='word_1_179' title='bbox 2546 978 2646 1050; x_wconf 78' lang='grc' dir='ltr'>τῆς</span> <span class='ocrx_word' id='word_1_180' title='bbox 2676 979 2911 1042; x_wconf 89' lang='grc' dir='ltr'>πίστεως</span> <span class='ocrx_word' id='word_1_181' title='bbox 2945 980 3023 1041; x_wconf 87' lang='grc' dir='ltr'><strong>εἰς</strong></span> <span class='ocrx_word' id='word_1_182' title='bbox 3066 978 3361 1045; x_wconf 73' lang='grc' dir='ltr'>ἐπίγνωσιν</span> <span class='ocrx_word' id='word_1_183' title='bbox 3407 974 3499 1028; x_wconf 90' lang='grc' dir='ltr'><strong>τοῦ</strong></span> <span class='ocrx_word' id='word_1_184' title='bbox 3543 971 3804 1044; x_wconf 78' lang='grc' dir='ltr'>Χριστοῦ,</span> 
     </span>
    </p>
   </div>
   <div class='ocr_carea' id='block_1_26' title="bbox 2226 1058 3805 1138">
    <p class='ocr_par' dir='ltr' id='par_1_26' title="bbox 2226 1058 3805 1138">
     <span class='ocr_line' id='line_1_26' title="bbox 2226 1058 3805 1138; baseline -0.007 -17"><span class='ocrx_word' id='word_1_185' title='bbox 2226 1069 2319 1121; x_wconf 71' lang='grc' dir='ltr'><strong>καὶ</strong></span> <span class='ocrx_word' id='word_1_186' title='bbox 2338 1067 2429 1121; x_wconf 89' lang='grc' dir='ltr'>ὑπ’</span> <span class='ocrx_word' id='word_1_187' title='bbox 2457 1067 2605 1138; x_wconf 87' lang='grc' dir='ltr'>αὑτῷ</span> <span class='ocrx_word' id='word_1_188' title='bbox 2630 1068 2917 1133; x_wconf 74' lang='grc' dir='ltr'>τέθεινται,</span> <span class='ocrx_word' id='word_1_189' title='bbox 2949 1067 3043 1121; x_wconf 73' lang='grc' dir='ltr'><strong>καὶ</strong></span> <span class='ocrx_word' id='word_1_190' title='bbox 3084 1065 3217 1119; x_wconf 84' lang='grc' dir='ltr'>Θεὸν</span> <span class='ocrx_word' id='word_1_191' title='bbox 3248 1064 3511 1135; x_wconf 75' lang='grc' dir='ltr'>ἐσχήκασι</span> <span class='ocrx_word' id='word_1_192' title='bbox 3534 1062 3622 1114; x_wconf 79' lang='grc' dir='ltr'><strong>τὸν</strong></span> <span class='ocrx_word' id='word_1_193' title='bbox 3644 1058 3805 1128; x_wconf 72' lang='grc' dir='ltr'>φύσει</span> 
     </span>
    </p>
   </div>
   <div class='ocr_carea' id='block_1_27' title="bbox 2223 1149 3805 1228">
    <p class='ocr_par' dir='ltr' id='par_1_27' title="bbox 2223 1149 3805 1228">
     <span class='ocr_line' id='line_1_27' title="bbox 2223 1149 3805 1228; baseline -0.006 -17"><span class='ocrx_word' id='word_1_194' title='bbox 2223 1159 2321 1212; x_wconf 74' lang='grc' dir='ltr'>καὶ</span> <span class='ocrx_word' id='word_1_195' title='bbox 2366 1157 2610 1228; x_wconf 79' lang='grc' dir='ltr'>ἀληθῶς,</span> <span class='ocrx_word' id='word_1_196' title='bbox 2666 1159 2762 1211; x_wconf 71' lang='grc' dir='ltr'>καὶ</span> <span class='ocrx_word' id='word_1_197' title='bbox 2799 1158 2901 1228; x_wconf 80' lang='grc' dir='ltr'><strong>τῆς</strong></span> <span class='ocrx_word' id='word_1_198' title='bbox 2926 1156 3033 1210; x_wconf 83' lang='grc' dir='ltr'><strong>τῶν</strong></span> <span class='ocrx_word' id='word_1_199' title='bbox 3082 1155 3253 1226; x_wconf 76' lang='grc' dir='ltr'>ἁγίων</span> <span class='ocrx_word' id='word_1_200' title='bbox 3291 1154 3505 1216; x_wconf 79' lang='grc' dir='ltr'>ἐλπίδος</span> <span class='ocrx_word' id='word_1_201' title='bbox 3546 1149 3805 1220; x_wconf 88' lang='grc' dir='ltr'>γεγόνασι</span> 
     </span>
    </p>
   </div>
   <div class='ocr_carea' id='block_1_28' title="bbox 2224 1241 3801 1320">
    <p class='ocr_par' dir='ltr' id='par_1_28' title="bbox 2224 1241 3801 1320">
     <span class='ocr_line' id='line_1_28' title="bbox 2224 1241 3801 1320; baseline -0.007 -17"><span class='ocrx_word' id='word_1_202' title='bbox 2224 1247 2492 1304; x_wconf 87' lang='grc' dir='ltr'>κοινωνοί.</span> <span class='ocrx_word' id='word_1_203' title='bbox 2519 1250 2715 1303; x_wconf 85' lang='grc' dir='ltr'>Ἔσται</span> <span class='ocrx_word' id='word_1_204' title='bbox 2746 1248 2824 1313; x_wconf 86' lang='grc' dir='ltr'><strong>δέ,</strong></span> <span class='ocrx_word' id='word_1_205' title='bbox 2850 1249 3037 1320; x_wconf 68' lang='grc' dir='ltr'>φησιν,</span> <span class='ocrx_word' id='word_1_206' title='bbox 3066 1250 3099 1319; x_wconf 85' lang='grc' dir='ltr'><strong>ή</strong></span> <span class='ocrx_word' id='word_1_207' title='bbox 3126 1248 3432 1307; x_wconf 81' lang='grc' dir='ltr'>ἀνάπαυσις</span> <span class='ocrx_word' id='word_1_208' title='bbox 3459 1241 3623 1297; x_wconf 87' lang='grc' dir='ltr'>αὑτοῦ</span> <span class='ocrx_word' id='word_1_209' title='bbox 3647 1243 3801 1311; x_wconf 83' lang='grc' dir='ltr'>τιμή.</span> 
     </span>
    </p>
   </div>
   <div class='ocr_carea' id='block_1_29' title="bbox 2224 1332 3804 1412">
    <p class='ocr_par' dir='ltr' id='par_1_29' title="bbox 2224 1332 3804 1412">
     <span class='ocr_line' id='line_1_29' title="bbox 2224 1332 3804 1412; baseline -0.005 -19"><span class='ocrx_word' id='word_1_210' title='bbox 2224 1341 2358 1412; x_wconf 83' lang='grc' dir='ltr'><strong>Διχῆ</strong></span> <span class='ocrx_word' id='word_1_211' title='bbox 2395 1341 2609 1411; x_wconf 77' lang='grc' dir='ltr'>νοήσεις</span> <span class='ocrx_word' id='word_1_212' title='bbox 2661 1338 2724 1393; x_wconf 85' lang='grc' dir='ltr'><strong>τὸ</strong></span> <span class='ocrx_word' id='word_1_213' title='bbox 2776 1340 3084 1410; x_wconf 81' lang='grc' dir='ltr'>εἰρημένον.</span> <span class='ocrx_word' id='word_1_214' title='bbox 3119 1338 3182 1392; x_wconf 84' lang='grc' dir='ltr'>Εἰ</span> <span class='ocrx_word' id='word_1_215' title='bbox 3208 1336 3317 1408; x_wconf 78' lang='grc' dir='ltr'>’μὲν</span> <span class='ocrx_word' id='word_1_216' title='bbox 3361 1335 3471 1406; x_wconf 89' lang='grc' dir='ltr'><strong>γάρ</strong></span> <span class='ocrx_word' id='word_1_217' title='bbox 3495 1351 3580 1397; x_wconf 90' lang='grc' dir='ltr'><strong>τις</strong></span> <span class='ocrx_word' id='word_1_218' title='bbox 3628 1332 3804 1386; x_wconf 84' lang='grc' dir='ltr'>ἐλοιτο</span> 
     </span>
    </p>
   </div>
   <div class='ocr_carea' id='block_1_30' title="bbox 2222 1425 3805 1504">
    <p class='ocr_par' dir='ltr' id='par_1_30' title="bbox 2222 1425 3805 1504">
     <span class='ocr_line' id='line_1_30' title="bbox 2222 1425 3805 1504; baseline -0.005 -19"><span class='ocrx_word' id='word_1_219' title='bbox 2222 1433 2323 1504; x_wconf 83' lang='grc' dir='ltr'><strong>τὴν</strong></span> <span class='ocrx_word' id='word_1_220' title='bbox 2354 1432 2662 1487; x_wconf 79' lang='grc' dir='ltr'>ἀνάπαυσιν</span> <span class='ocrx_word' id='word_1_221' title='bbox 2693 1433 2749 1484; x_wconf 90' lang='grc' dir='ltr'><strong>ἐν</strong></span> <span class='ocrx_word' id='word_1_222' title='bbox 2775 1428 2985 1495; x_wconf 82' lang='grc' dir='ltr'>τούτοις</span> <span class='ocrx_word' id='word_1_223' title='bbox 3028 1429 3330 1501; x_wconf 87' lang='grc' dir='ltr'>ὑποδηλοῦν</span> <span class='ocrx_word' id='word_1_224' title='bbox 3386 1428 3479 1481; x_wconf 85' lang='grc' dir='ltr'><strong>τὸν</strong></span> <span class='ocrx_word' id='word_1_225' title='bbox 3526 1428 3584 1480; x_wconf 92' lang='grc' dir='ltr'><strong>ἐν</strong></span> <span class='ocrx_word' id='word_1_226' title='bbox 3639 1425 3805 1495; x_wconf 76' lang='grc' dir='ltr'>σαρκὶ</span> 
     </span>
    </p>
   </div>
   <div class='ocr_carea' id='block_1_31' title="bbox 2224 1513 3802 1592">
    <p class='ocr_par' dir='ltr' id='par_1_31' title="bbox 2224 1513 3802 1592">
     <span class='ocr_line' id='line_1_31' title="bbox 2224 1513 3802 1592; baseline -0.006 -17"><span class='ocrx_word' id='word_1_227' title='bbox 2224 1521 2453 1576; x_wconf 88' lang='grc' dir='ltr'>θάνατον</span> <span class='ocrx_word' id='word_1_228' title='bbox 2481 1520 2575 1574; x_wconf 89' lang='grc' dir='ltr'><strong>τοῦ</strong></span> <span class='ocrx_word' id='word_1_229' title='bbox 2622 1520 2882 1592; x_wconf 81' lang='grc' dir='ltr'>Χριστοῦ,</span> <span class='ocrx_word' id='word_1_230' title='bbox 2916 1519 2975 1574; x_wconf 81' lang='grc' dir='ltr'>ὃν</span> <span class='ocrx_word' id='word_1_231' title='bbox 3022 1518 3090 1572; x_wconf 84' lang='grc' dir='ltr'>δι’</span> <span class='ocrx_word' id='word_1_232' title='bbox 3120 1520 3267 1590; x_wconf 79' lang='grc' dir='ltr'>ἡμᾶς</span> <span class='ocrx_word' id='word_1_233' title='bbox 3317 1516 3609 1587; x_wconf 80' lang='grc' dir='ltr'>ὑπέμεινεν</span> <span class='ocrx_word' id='word_1_234' title='bbox 3638 1513 3802 1579; x_wconf 86' lang='grc' dir='ltr'>ἐκὼν,</span> 
     </span>
    </p>
   </div>
   <div class='ocr_carea' id='block_1_32' title="bbox 2223 1604 3798 1683">
    <p class='ocr_par' dir='ltr' id='par_1_32' title="bbox 2223 1604 3798 1683">
     <span class='ocr_line' id='line_1_32' title="bbox 2223 1604 3798 1683; baseline -0.006 -16"><span class='ocrx_word' id='word_1_235' title='bbox 2223 1613 2320 1683; x_wconf 85' lang='grc' dir='ltr'>οὐχ</span> <span class='ocrx_word' id='word_1_236' title='bbox 2340 1612 2415 1677; x_wconf 87' lang='grc' dir='ltr'>ὡς</span> <span class='ocrx_word' id='word_1_237' title='bbox 2450 1613 2675 1666; x_wconf 84' lang='grc' dir='ltr'>θάνατον</span> <span class='ocrx_word' id='word_1_238' title='bbox 2711 1611 3017 1682; x_wconf 80' lang='grc' dir='ltr'>ὑπομένων,</span> <span class='ocrx_word' id='word_1_239' title='bbox 3066 1607 3321 1681; x_wconf 59' lang='grc' dir='ltr'>ζωὴιγάρ</span> <span class='ocrx_word' id='word_1_240' title='bbox 3349 1604 3419 1680; x_wconf 79' lang='grc' dir='ltr'>ἦν</span> <span class='ocrx_word' id='word_1_241' title='bbox 3441 1605 3583 1662; x_wconf 88' lang='grc' dir='ltr'><strong>κατά</strong></span> <span class='ocrx_word' id='word_1_242' title='bbox 3615 1605 3798 1675; x_wconf 82' lang='grc' dir='ltr'>φύσιν,</span> 
     </span>
    </p>
   </div>
   <div class='ocr_carea' id='block_1_33' title="bbox 2222 1696 3794 1775">
    <p class='ocr_par' dir='ltr' id='par_1_33' title="bbox 2222 1696 3794 1775">
     <span class='ocr_line' id='line_1_33' title="bbox 2222 1696 3794 1775; baseline -0.006 -17"><span class='ocrx_word' id='word_1_243' title='bbox 2222 1704 2336 1758; x_wconf 82' lang='grc' dir='ltr'>ἀλλ’</span> <span class='ocrx_word' id='word_1_244' title='bbox 2356 1699 2467 1757; x_wconf 73' lang='grc' dir='ltr'>οἷον</span> <span class='ocrx_word' id='word_1_245' title='bbox 2495 1704 2769 1775; x_wconf 82' lang='grc' dir='ltr'>ήρεμῆσαι</span> <span class='ocrx_word' id='word_1_246' title='bbox 2800 1703 2971 1775; x_wconf 80' lang='grc' dir='ltr'>βραχὺ</span> <span class='ocrx_word' id='word_1_247' title='bbox 2994 1702 3096 1774; x_wconf 81' lang='grc' dir='ltr'>τὴν</span> <span class='ocrx_word' id='word_1_248' title='bbox 3123 1701 3301 1773; x_wconf 83' lang='grc' dir='ltr'>σάρκα</span> <span class='ocrx_word' id='word_1_249' title='bbox 3323 1698 3514 1754; x_wconf 86' lang='grc' dir='ltr'>ποιῶν·</span> <span class='ocrx_word' id='word_1_250' title='bbox 3558 1697 3695 1768; x_wconf 76' lang='grc' dir='ltr'>τιμὴ</span> <span class='ocrx_word' id='word_1_251' title='bbox 3732 1696 3794 1748; x_wconf 86' lang='grc' dir='ltr'><strong>τὸ</strong></span> 
     </span>
    </p>
   </div>
   <div class='ocr_carea' id='block_1_34' title="bbox 542 1773 2118 1866">
    <p class='ocr_par' dir='ltr' id='par_1_34' title="bbox 542 1773 2118 1854">
     <span class='ocr_line' id='line_1_34' title="bbox 542 1773 2118 1854; baseline -0.001 0"><span class='ocrx_word' id='word_1_252' title='bbox 542 1773 888 1854; x_wconf 71' lang='lat' dir='ltr'><strong>Gloritlcatus</strong></span> <span class='ocrx_word' id='word_1_253' title='bbox 943 1805 1028 1851; x_wconf 89' lang='lat' dir='ltr'><strong>est</strong></span> <span class='ocrx_word' id='word_1_254' title='bbox 1063 1795 1208 1851; x_wconf 91' lang='lat' dir='ltr'><strong>enim</strong></span> <span class='ocrx_word' id='word_1_255' title='bbox 1239 1795 1482 1849; x_wconf 91' lang='lat' dir='ltr'><strong>omnium</strong></span> <span class='ocrx_word' id='word_1_256' title='bbox 1520 1773 1770 1852; x_wconf 80' lang='lat' dir='ltr'><strong>Salvator</strong></span> <span class='ocrx_word' id='word_1_257' title='bbox 1823 1804 1881 1851; x_wconf 90' lang='lat' dir='ltr'><strong>et</strong></span> <span class='ocrx_word' id='word_1_258' title='bbox 1934 1796 2118 1852; x_wconf 83' lang='lat' dir='ltr'><strong>Domi-</strong></span> 
     </span>
    </p>
   </div>
   <div class='ocr_carea' id='block_1_35' title="bbox 2220 1773 3794 1866">
    <p class='ocr_par' dir='ltr' id='par_1_35' title="bbox 2221 1773 3794 1866">
     <span class='ocr_line' id='line_1_35' title="bbox 2221 1773 3794 1866; baseline -0.007 -16"><span class='ocrx_word' id='word_1_259' title='bbox 2221 1794 2429 1866; x_wconf 83' lang='grc' dir='ltr'>χρῆμα,</span> <span class='ocrx_word' id='word_1_260' title='bbox 2460 1773 2555 1849; x_wconf 55' lang='grc' dir='ltr'><strong>καλ</strong></span> <span class='ocrx_word' id='word_1_261' title='bbox 2601 1773 2787 1865; x_wconf 64' lang='grc' dir='ltr'>ἕτερον</span> <span class='ocrx_word' id='word_1_262' title='bbox 2804 1773 2981 1848; x_wconf 69' lang='grc' dir='ltr'>οὑδέν.</span> <span class='ocrx_word' id='word_1_263' title='bbox 3002 1791 3324 1859; x_wconf 79' lang='grc' dir='ltr'>Δεδόξασται</span> <span class='ocrx_word' id='word_1_264' title='bbox 3347 1790 3455 1861; x_wconf 85' lang='grc' dir='ltr'><strong>γάρ</strong></span> <span class='ocrx_word' id='word_1_265' title='bbox 3480 1790 3508 1842; x_wconf 86' lang='lat'><strong>6</strong></span> <span class='ocrx_word' id='word_1_266' title='bbox 3525 1788 3633 1842; x_wconf 84' lang='grc' dir='ltr'><strong>τῶν</strong></span> <span class='ocrx_word' id='word_1_267' title='bbox 3658 1789 3794 1842; x_wconf 79' lang='grc' dir='ltr'>ὅλων</span> 
     </span>
    </p>
   </div>
   <div class='ocr_carea' id='block_1_36' title="bbox 543 1886 2118 1959">
    <p class='ocr_par' dir='ltr' id='par_1_36' title="bbox 543 1886 2118 1959">
     <span class='ocr_line' id='line_1_36' title="bbox 543 1886 2118 1959; baseline 0.003 -17"><span class='ocrx_word' id='word_1_268' title='bbox 543 1902 648 1942; x_wconf 86' lang='lat' dir='ltr'><strong>nus</strong></span> <span class='ocrx_word' id='word_1_269' title='bbox 678 1898 864 1943; x_wconf 87' lang='lat' dir='ltr'><strong>uoster</strong></span> <span class='ocrx_word' id='word_1_270' title='bbox 884 1886 1043 1943; x_wconf 82' lang='lat' dir='ltr'><strong>Jesus</strong></span> <span class='ocrx_word' id='word_1_271' title='bbox 1076 1887 1347 1955; x_wconf 84' lang='lat' dir='ltr'><strong>Christus,</strong></span> <span class='ocrx_word' id='word_1_272' title='bbox 1383 1903 1507 1944; x_wconf 89' lang='lat' dir='ltr'><strong>cum</strong></span> <span class='ocrx_word' id='word_1_273' title='bbox 1548 1902 1736 1944; x_wconf 87' lang='lat' dir='ltr'><strong>necem</strong></span> <span class='ocrx_word' id='word_1_274' title='bbox 1786 1902 1885 1959; x_wconf 90' lang='lat' dir='ltr'><strong>pro</strong></span> <span class='ocrx_word' id='word_1_275' title='bbox 1917 1890 2118 1946; x_wconf 91' lang='lat' dir='ltr'><strong>mundo</strong></span> 
     </span>
    </p>
   </div>
   <div class='ocr_carea' id='block_1_37' title="bbox 543 1979 2117 2048">
    <p class='ocr_par' dir='ltr' id='par_1_37' title="bbox 543 1979 2117 2048">
     <span class='ocr_line' id='line_1_37' title="bbox 543 1979 2117 2048; baseline 0.003 -16"><span class='ocrx_word' id='word_1_276' title='bbox 543 1979 819 2046; x_wconf 87' lang='lat' dir='ltr'><strong>sublisset,</strong></span> <span class='ocrx_word' id='word_1_277' title='bbox 844 1988 901 2033; x_wconf 91' lang='lat' dir='ltr'><strong>et</strong></span> <span class='ocrx_word' id='word_1_278' title='bbox 932 1993 1032 2048; x_wconf 91' lang='lat' dir='ltr'><strong>pro</strong></span> <span class='ocrx_word' id='word_1_279' title='bbox 1063 1979 1301 2034; x_wconf 90' lang='lat' dir='ltr'><strong>omnium</strong></span> <span class='ocrx_word' id='word_1_280' title='bbox 1335 1980 1445 2035; x_wconf 86' lang='lat' dir='ltr'><strong>vita</strong></span> <span class='ocrx_word' id='word_1_281' title='bbox 1477 1979 1851 2035; x_wconf 81' lang='lat' dir='ltr'><strong>voluntariam</strong></span> <span class='ocrx_word' id='word_1_282' title='bbox 1884 1990 2117 2036; x_wconf 86' lang='lat' dir='ltr'><strong>mortem</strong></span> 
     </span>
    </p>
   </div>
   <div class='ocr_carea' id='block_1_38' title="bbox 542 2066 2119 2137">
    <p class='ocr_par' dir='ltr' id='par_1_38' title="bbox 542 2066 2119 2137">
     <span class='ocr_line' id='line_1_38' title="bbox 542 2066 2119 2137; baseline 0.003 -16"><span class='ocrx_word' id='word_1_283' title='bbox 542 2077 689 2121; x_wconf 86' lang='lat' dir='ltr'><strong>esset</strong></span> <span class='ocrx_word' id='word_1_284' title='bbox 728 2081 1039 2137; x_wconf 86' lang='lat' dir='ltr'><strong>perpessus.</strong></span> <span class='ocrx_word' id='word_1_285' title='bbox 1070 2066 1281 2123; x_wconf 72' lang='lat' dir='ltr'><strong>Aﬂatus</strong></span> <span class='ocrx_word' id='word_1_286' title='bbox 1319 2067 1576 2124; x_wconf 88' lang='lat' dir='ltr'><strong>nimirum</strong></span> <span class='ocrx_word' id='word_1_287' title='bbox 1625 2075 1709 2125; x_wconf 90' lang='lat' dir='ltr'><strong>est</strong></span> <span class='ocrx_word' id='word_1_288' title='bbox 1760 2069 1973 2125; x_wconf 89' lang='lat' dir='ltr'><strong>Patrem</strong></span> <span class='ocrx_word' id='word_1_289' title='bbox 2002 2084 2119 2126; x_wconf 79' lang='lat' dir='ltr'><strong>cte-</strong></span> 
     </span>
    </p>
   </div>
   <div class='ocr_carea' id='block_1_39' title="bbox 543 2160 2114 2231">
    <p class='ocr_par' dir='ltr' id='par_1_39' title="bbox 543 2160 2114 2231">
     <span class='ocr_line' id='line_1_39' title="bbox 543 2160 2114 2231; baseline 0.002 -16"><span class='ocrx_word' id='word_1_290' title='bbox 543 2161 739 2215; x_wconf 88' lang='lat' dir='ltr'><strong>lestem</strong></span> <span class='ocrx_word' id='word_1_291' title='bbox 808 2160 874 2214; x_wconf 88' lang='lat' dir='ltr'><strong>ad</strong></span> <span class='ocrx_word' id='word_1_292' title='bbox 936 2161 1381 2230; x_wconf 86' lang='lat' dir='ltr'><strong>pretiosissimam</strong></span> <span class='ocrx_word' id='word_1_293' title='bbox 1437 2175 1654 2218; x_wconf 87' lang='lat' dir='ltr'><strong>crucem</strong></span> <span class='ocrx_word' id='word_1_294' title='bbox 1718 2161 2114 2231; x_wconf 85' lang='lat' dir='ltr'><strong>profecturus:</strong></span> 
     </span>
    </p>
   </div>
   <div class='ocr_carea' id='block_1_40' title="bbox 549 2252 2119 2321">
    <p class='ocr_par' dir='ltr' id='par_1_40' title="bbox 549 2252 2119 2321">
     <span class='ocr_line' id='line_1_40' title="bbox 549 2252 2119 2321; baseline 0.005 -18"><span class='ocrx_word' id='word_1_295' title='bbox 549 2270 568 2303; x_wconf 79' lang='grc' dir='ltr'><strong>ι</strong></span> <span class='ocrx_word' id='word_1_296' title='bbox 608 2252 791 2320; x_wconf 80' lang='lat' dir='ltr'><strong>Pater,</strong></span> <span class='ocrx_word' id='word_1_297' title='bbox 822 2253 1067 2321; x_wconf 81' lang='lat' dir='ltr'><strong>gloriﬁca</strong></span> <span class='ocrx_word' id='word_1_298' title='bbox 1118 2261 1267 2308; x_wconf 88' lang='lat' dir='ltr'><strong>tuum</strong></span> <span class='ocrx_word' id='word_1_299' title='bbox 1324 2252 1548 2319; x_wconf 83' lang='lat' dir='ltr'><strong>Filium,</strong></span> <span class='ocrx_word' id='word_1_300' title='bbox 1601 2263 1661 2308; x_wconf 92' lang='lat' dir='ltr'><strong>ut</strong></span> <span class='ocrx_word' id='word_1_301' title='bbox 1702 2265 1759 2310; x_wconf 88' lang='lat' dir='ltr'><strong>et</strong></span> <span class='ocrx_word' id='word_1_302' title='bbox 1794 2254 1965 2310; x_wconf 90' lang='lat' dir='ltr'><strong>Filius</strong></span> <span class='ocrx_word' id='word_1_303' title='bbox 1994 2263 2119 2311; x_wconf 89' lang='lat' dir='ltr'><strong>tuus</strong></span> 
     </span>
    </p>
   </div>
   <div class='ocr_carea' id='block_1_41' title="bbox 544 2344 2119 2418">
    <p class='ocr_par' dir='ltr' id='par_1_41' title="bbox 544 2344 2119 2418">
     <span class='ocr_line' id='line_1_41' title="bbox 544 2344 2119 2418; baseline 0.005 -22"><span class='ocrx_word' id='word_1_304' title='bbox 544 2344 810 2412; x_wconf 79' lang='lat' dir='ltr'><strong>gloriﬁcet</strong></span> <span class='ocrx_word' id='word_1_305' title='bbox 839 2353 888 2399; x_wconf 92' lang='lat' dir='ltr'><strong>te</strong></span> <span class='ocrx_word' id='word_1_306' title='bbox 921 2345 967 2376; x_wconf 82' lang='lat'>“</span> <span class='ocrx_word' id='word_1_307' title='bbox 1001 2362 1017 2411; x_wconf 90' lang='lat'>;</span> <span class='ocrx_word' id='word_1_308' title='bbox 1051 2362 1071 2397; x_wconf 77' lang='grc' dir='ltr'><strong>ι</strong></span> <span class='ocrx_word' id='word_1_309' title='bbox 1102 2354 1156 2400; x_wconf 93' lang='lat' dir='ltr'><strong>et</strong></span> <span class='ocrx_word' id='word_1_310' title='bbox 1183 2360 1374 2401; x_wconf 85' lang='lat' dir='ltr'><strong>rursus</strong></span> <span class='ocrx_word' id='word_1_311' title='bbox 1408 2363 1466 2400; x_wconf 73' lang='grc' dir='ltr'>τι</span> <span class='ocrx_word' id='word_1_312' title='bbox 1493 2344 1647 2402; x_wconf 83' lang='lat' dir='ltr'><strong>Nune</strong></span> <span class='ocrx_word' id='word_1_313' title='bbox 1677 2347 2008 2418; x_wconf 83' lang='lat' dir='ltr'><strong>gloriﬁcatus</strong></span> <span class='ocrx_word' id='word_1_314' title='bbox 2034 2357 2119 2404; x_wconf 87' lang='lat' dir='ltr'><strong>est</strong></span> 
     </span>
    </p>
   </div>
   <div class='ocr_carea' id='block_1_42' title="bbox 548 2435 2110 2507">
    <p class='ocr_par' dir='ltr' id='par_1_42' title="bbox 548 2435 2110 2507">
     <span class='ocr_line' id='line_1_42' title="bbox 548 2435 2110 2507; baseline 0.001 -15"><span class='ocrx_word' id='word_1_315' title='bbox 548 2435 716 2492; x_wconf 79' lang='lat' dir='ltr'><strong>Filius</strong></span> <span class='ocrx_word' id='word_1_316' title='bbox 745 2435 1000 2501; x_wconf 88' lang='lat' dir='ltr'><strong>hominis,</strong></span> <span class='ocrx_word' id='word_1_317' title='bbox 1031 2444 1086 2491; x_wconf 92' lang='lat' dir='ltr'><strong>et</strong></span> <span class='ocrx_word' id='word_1_318' title='bbox 1109 2436 1251 2492; x_wconf 88' lang='lat' dir='ltr'><strong>Deus</strong></span> <span class='ocrx_word' id='word_1_319' title='bbox 1300 2436 1634 2507; x_wconf 78' lang='lat' dir='ltr'><strong>gloriﬁcatus</strong></span> <span class='ocrx_word' id='word_1_320' title='bbox 1666 2447 1750 2493; x_wconf 90' lang='lat' dir='ltr'><strong>est</strong></span> <span class='ocrx_word' id='word_1_321' title='bbox 1796 2439 1851 2493; x_wconf 92' lang='lat' dir='ltr'><strong>in</strong></span> <span class='ocrx_word' id='word_1_322' title='bbox 1893 2453 1959 2494; x_wconf 90' lang='lat' dir='ltr'><strong>eo</strong></span> <span class='ocrx_word' id='word_1_323' title='bbox 1984 2438 2049 2493; x_wconf 81' lang='lat'><strong>“.</strong></span> <span class='ocrx_word' id='word_1_324' title='bbox 2090 2458 2110 2493; x_wconf 77' lang='grc' dir='ltr'><strong>ι</strong></span> 
     </span>
    </p>
   </div>
   <div class='ocr_carea' id='block_1_43' title="bbox 545 2524 2120 2596">
    <p class='ocr_par' dir='ltr' id='par_1_43' title="bbox 545 2524 2120 2596">
     <span class='ocr_line' id='line_1_43' title="bbox 545 2524 2120 2596; baseline 0.004 -18"><span class='ocrx_word' id='word_1_325' title='bbox 545 2524 824 2589; x_wconf 78' lang='lat' dir='ltr'><strong>Quatenus</strong></span> <span class='ocrx_word' id='word_1_326' title='bbox 873 2524 1018 2579; x_wconf 92' lang='lat' dir='ltr'><strong>enim</strong></span> <span class='ocrx_word' id='word_1_327' title='bbox 1084 2526 1152 2580; x_wconf 91' lang='lat' dir='ltr'><strong>ad</strong></span> <span class='ocrx_word' id='word_1_328' title='bbox 1198 2525 1633 2596; x_wconf 83' lang='lat' dir='ltr'><strong>erucitlgentium</strong></span> <span class='ocrx_word' id='word_1_329' title='bbox 1678 2526 2008 2585; x_wconf 87' lang='lat' dir='ltr'><strong>dementiam</strong></span> <span class='ocrx_word' id='word_1_330' title='bbox 2064 2538 2120 2585; x_wconf 88' lang='lat' dir='ltr'><strong>et</strong></span> 
     </span>
    </p>
   </div>
   <div class='ocr_carea' id='block_1_44' title="bbox 545 2617 2119 2686">
    <p class='ocr_par' dir='ltr' id='par_1_44' title="bbox 545 2617 2119 2686">
     <span class='ocr_line' id='line_1_44' title="bbox 545 2617 2119 2686; baseline 0.004 -15"><span class='ocrx_word' id='word_1_331' title='bbox 545 2617 739 2686; x_wconf 83' lang='lat' dir='ltr'><strong>impios</strong></span> <span class='ocrx_word' id='word_1_332' title='bbox 767 2625 822 2671; x_wconf 92' lang='lat' dir='ltr'><strong>et</strong></span> <span class='ocrx_word' id='word_1_333' title='bbox 844 2617 1093 2672; x_wconf 73' lang='lat' dir='ltr'><strong>crudeles</strong></span> <span class='ocrx_word' id='word_1_334' title='bbox 1121 2626 1348 2673; x_wconf 87' lang='lat' dir='ltr'><strong>conatus</strong></span> <span class='ocrx_word' id='word_1_335' title='bbox 1382 2618 1648 2675; x_wconf 87' lang='lat' dir='ltr'><strong>attinebat</strong></span> <span class='ocrx_word' id='word_1_336' title='bbox 1683 2658 1699 2685; x_wconf 93' lang='lat'><strong>,</strong></span> <span class='ocrx_word' id='word_1_337' title='bbox 1734 2620 1913 2675; x_wconf 84' lang='lat' dir='ltr'><strong>labem</strong></span> <span class='ocrx_word' id='word_1_338' title='bbox 1949 2621 2026 2676; x_wconf 93' lang='lat' dir='ltr'><strong>illi</strong></span> <span class='ocrx_word' id='word_1_339' title='bbox 2062 2621 2119 2677; x_wconf 71' lang='lat' dir='ltr'><strong>et</strong></span> 
     </span>
    </p>
   </div>
   <div class='ocr_carea' id='block_1_45' title="bbox 548 2704 2118 2776">
    <p class='ocr_par' dir='ltr' id='par_1_45' title="bbox 548 2704 2118 2776">
     <span class='ocr_line' id='line_1_45' title="bbox 548 2704 2118 2776; baseline 0.005 -19"><span class='ocrx_word' id='word_1_340' title='bbox 548 2704 908 2774; x_wconf 81' lang='lat' dir='ltr'><strong>ignominiam</strong></span> <span class='ocrx_word' id='word_1_341' title='bbox 944 2704 1181 2771; x_wconf 88' lang='lat' dir='ltr'><strong>aspersit</strong></span> <span class='ocrx_word' id='word_1_342' title='bbox 1208 2705 1431 2773; x_wconf 86' lang='lat' dir='ltr'><strong>passio;</strong></span> <span class='ocrx_word' id='word_1_343' title='bbox 1484 2705 1749 2776; x_wconf 89' lang='lat' dir='ltr'><strong>putabant</strong></span> <span class='ocrx_word' id='word_1_344' title='bbox 1800 2707 1945 2762; x_wconf 89' lang='lat' dir='ltr'><strong>enim</strong></span> <span class='ocrx_word' id='word_1_345' title='bbox 1980 2708 2118 2766; x_wconf 79' lang='lat' dir='ltr'><strong>forte</strong></span> 
     </span>
    </p>
   </div>
   <div class='ocr_carea' id='block_1_46' title="bbox 544 2795 2116 2870">
    <p class='ocr_par' dir='ltr' id='par_1_46' title="bbox 544 2795 2116 2870">
     <span class='ocr_line' id='line_1_46' title="bbox 544 2795 2116 2870; baseline 0.005 -21"><span class='ocrx_word' id='word_1_346' title='bbox 544 2795 777 2851; x_wconf 88' lang='lat' dir='ltr'><strong>invitum</strong></span> <span class='ocrx_word' id='word_1_347' title='bbox 801 2810 925 2851; x_wconf 91' lang='lat' dir='ltr'><strong>eum</strong></span> <span class='ocrx_word' id='word_1_348' title='bbox 952 2808 1074 2851; x_wconf 88' lang='lat' dir='ltr'><strong>esse</strong></span> <span class='ocrx_word' id='word_1_349' title='bbox 1106 2811 1353 2867; x_wconf 92' lang='lat' dir='ltr'><strong>passum.</strong></span> <span class='ocrx_word' id='word_1_350' title='bbox 1388 2799 1458 2852; x_wconf 86' lang='lat' dir='ltr'><strong>At</strong></span> <span class='ocrx_word' id='word_1_351' title='bbox 1489 2799 1579 2853; x_wconf 90' lang='lat' dir='ltr'><strong>ubi</strong></span> <span class='ocrx_word' id='word_1_352' title='bbox 1614 2799 1833 2864; x_wconf 82' lang='lat' dir='ltr'><strong>revixit,</strong></span> <span class='ocrx_word' id='word_1_353' title='bbox 1880 2801 2116 2870; x_wconf 86' lang='lat' dir='ltr'><strong>spoliato</strong></span> 
     </span>
    </p>
   </div>
   <div class='ocr_carea' id='block_1_47' title="bbox 545 2883 2119 2960">
    <p class='ocr_par' dir='ltr' id='par_1_47' title="bbox 545 2883 2119 2960">
     <span class='ocr_line' id='line_1_47' title="bbox 545 2883 2119 2960; baseline 0.004 -21"><span class='ocrx_word' id='word_1_354' title='bbox 545 2883 784 2950; x_wconf 80' lang='lat' dir='ltr'><strong>inferno,</strong></span> <span class='ocrx_word' id='word_1_355' title='bbox 818 2891 875 2939; x_wconf 91' lang='lat' dir='ltr'><strong>et</strong></span> <span class='ocrx_word' id='word_1_356' title='bbox 906 2892 1080 2939; x_wconf 90' lang='lat' dir='ltr'><strong>morte</strong></span> <span class='ocrx_word' id='word_1_357' title='bbox 1108 2898 1167 2939; x_wconf 89' lang='lat' dir='ltr'><strong>se</strong></span> <span class='ocrx_word' id='word_1_358' title='bbox 1203 2885 1541 2954; x_wconf 85' lang='lat' dir='ltr'><strong>superiorem</strong></span> <span class='ocrx_word' id='word_1_359' title='bbox 1571 2887 1672 2943; x_wconf 91' lang='lat' dir='ltr'><strong>hac</strong></span> <span class='ocrx_word' id='word_1_360' title='bbox 1701 2903 1761 2943; x_wconf 91' lang='lat' dir='ltr'><strong>re</strong></span> <span class='ocrx_word' id='word_1_361' title='bbox 1793 2890 2119 2960; x_wconf 82' lang='lat' dir='ltr'><strong>ostendens,</strong></span> 
     </span>
    </p>
   </div>
   <div class='ocr_carea' id='block_1_48' title="bbox 547 2974 2112 3045">
    <p class='ocr_par' dir='ltr' id='par_1_48' title="bbox 547 2974 2112 3045">
     <span class='ocr_line' id='line_1_48' title="bbox 547 2974 2112 3045; baseline 0.006 -16"><span class='ocrx_word' id='word_1_362' title='bbox 547 2974 739 3030; x_wconf 90' lang='lat' dir='ltr'><strong>honori</strong></span> <span class='ocrx_word' id='word_1_363' title='bbox 766 2974 816 3029; x_wconf 90' lang='lat' dir='ltr'><strong>ei</strong></span> <span class='ocrx_word' id='word_1_364' title='bbox 857 2981 911 3029; x_wconf 90' lang='lat' dir='ltr'><strong>et</strong></span> <span class='ocrx_word' id='word_1_365' title='bbox 945 2974 1130 3045; x_wconf 72' lang='lat' dir='ltr'><strong>gloria:</strong></span> <span class='ocrx_word' id='word_1_366' title='bbox 1156 2974 1315 3045; x_wconf 87' lang='lat' dir='ltr'><strong>hujus</strong></span> <span class='ocrx_word' id='word_1_367' title='bbox 1349 2977 1428 3032; x_wconf 86' lang='lat' dir='ltr'><strong>rei</strong></span> <span class='ocrx_word' id='word_1_368' title='bbox 1452 2988 1705 3035; x_wconf 86' lang='lat' dir='ltr'><strong>eventum</strong></span> <span class='ocrx_word' id='word_1_369' title='bbox 1741 2979 1912 3037; x_wconf 85' lang='lat' dir='ltr'><strong>fuisse</strong></span> <span class='ocrx_word' id='word_1_370' title='bbox 1955 2997 2112 3038; x_wconf 89' lang='lat' dir='ltr'><strong>com-</strong></span> 
     </span>
    </p>
   </div>
   <div class='ocr_carea' id='block_1_49' title="bbox 2219 1877 3795 1958">
    <p class='ocr_par' dir='ltr' id='par_1_49' title="bbox 2219 1877 3795 1958">
     <span class='ocr_line' id='line_1_49' title="bbox 2219 1877 3795 1958; baseline -0.006 -18"><span class='ocrx_word' id='word_1_371' title='bbox 2219 1887 2410 1958; x_wconf 73' lang='grc' dir='ltr'>Σωτὴρ</span> <span class='ocrx_word' id='word_1_372' title='bbox 2458 1887 2552 1941; x_wconf 75' lang='grc' dir='ltr'>καὶ</span> <span class='ocrx_word' id='word_1_373' title='bbox 2612 1886 2817 1957; x_wconf 90' lang='grc' dir='ltr'>Κύριος</span> <span class='ocrx_word' id='word_1_374' title='bbox 2862 1886 3018 1958; x_wconf 83' lang='grc' dir='ltr'>ήμῶν</span> <span class='ocrx_word' id='word_1_375' title='bbox 3054 1881 3266 1956; x_wconf 84' lang='grc' dir='ltr'>Ἰησοῦς</span> <span class='ocrx_word' id='word_1_376' title='bbox 3321 1882 3351 1934; x_wconf 99' lang='lat'><strong>6</strong></span> <span class='ocrx_word' id='word_1_377' title='bbox 3393 1879 3647 1951; x_wconf 85' lang='grc' dir='ltr'>Χριστὸς,</span> <span class='ocrx_word' id='word_1_378' title='bbox 3694 1877 3795 1946; x_wconf 71' lang='grc' dir='ltr'><strong>τὴν</strong></span> 
     </span>
    </p>
   </div>
   <div class='ocr_carea' id='block_1_50' title="bbox 2219 1970 3795 2051">
    <p class='ocr_par' dir='ltr' id='par_1_50' title="bbox 2219 1970 3795 2051">
     <span class='ocr_line' id='line_1_50' title="bbox 2219 1970 3795 2051; baseline -0.006 -18"><span class='ocrx_word' id='word_1_379' title='bbox 2219 1980 2359 2051; x_wconf 89' lang='grc' dir='ltr'>ὑπέρ</span> <span class='ocrx_word' id='word_1_380' title='bbox 2382 1996 2446 2048; x_wconf 89' lang='grc' dir='ltr'><strong>γε</strong></span> <span class='ocrx_word' id='word_1_381' title='bbox 2480 1977 2570 2032; x_wconf 86' lang='grc' dir='ltr'><strong>τοῦ</strong></span> <span class='ocrx_word' id='word_1_382' title='bbox 2603 1978 2811 2050; x_wconf 88' lang='grc' dir='ltr'>κόσμου</span> <span class='ocrx_word' id='word_1_383' title='bbox 2839 1978 3049 2049; x_wconf 76' lang='grc' dir='ltr'>σφαγὴν</span> <span class='ocrx_word' id='word_1_384' title='bbox 3071 1976 3387 2047; x_wconf 78' lang='grc' dir='ltr'>ὑπομείνας,</span> <span class='ocrx_word' id='word_1_385' title='bbox 3416 1973 3509 2027; x_wconf 71' lang='grc' dir='ltr'><strong>καὶ</strong></span> <span class='ocrx_word' id='word_1_386' title='bbox 3539 1971 3676 2040; x_wconf 79' lang='grc' dir='ltr'>ὑπὲρ</span> <span class='ocrx_word' id='word_1_387' title='bbox 3696 1970 3795 2039; x_wconf 67' lang='grc' dir='ltr'>τῆς</span> 
     </span>
    </p>
   </div>
   <div class='ocr_carea' id='block_1_51' title="bbox 2218 2059 3801 2139">
    <p class='ocr_par' dir='ltr' id='par_1_51' title="bbox 2218 2059 3801 2139">
     <span class='ocr_line' id='line_1_51' title="bbox 2218 2059 3801 2139; baseline -0.008 -16"><span class='ocrx_word' id='word_1_388' title='bbox 2218 2069 2472 2123; x_wconf 84' lang='grc' dir='ltr'>ἀπάντων</span> <span class='ocrx_word' id='word_1_389' title='bbox 2504 2067 2650 2139; x_wconf 79' lang='grc' dir='ltr'>ζωῆς</span> <span class='ocrx_word' id='word_1_390' title='bbox 2681 2067 2966 2138; x_wconf 76' lang='grc' dir='ltr'>ἐθελοντής</span> <span class='ocrx_word' id='word_1_391' title='bbox 3014 2066 3250 2129; x_wconf 81' lang='grc' dir='ltr'>ἀνατλὰς</span> <span class='ocrx_word' id='word_1_392' title='bbox 3280 2064 3374 2117; x_wconf 90' lang='grc' dir='ltr'><strong>τὸν</strong></span> <span class='ocrx_word' id='word_1_393' title='bbox 3405 2063 3657 2116; x_wconf 85' lang='grc' dir='ltr'>θάνατον.</span> <span class='ocrx_word' id='word_1_394' title='bbox 3693 2059 3801 2113; x_wconf 73' lang='grc' dir='ltr'><strong>Καὶ</strong></span> 
     </span>
    </p>
   </div>
   <div class='ocr_carea' id='block_1_52' title="bbox 2218 2150 3804 2231">
    <p class='ocr_par' dir='ltr' id='par_1_52' title="bbox 2218 2150 3804 2231">
     <span class='ocr_line' id='line_1_52' title="bbox 2218 2150 3804 2231; baseline -0.008 -17"><span class='ocrx_word' id='word_1_395' title='bbox 2218 2160 2348 2230; x_wconf 88' lang='grc' dir='ltr'>γοῦν</span> <span class='ocrx_word' id='word_1_396' title='bbox 2367 2160 2569 2230; x_wconf 76' lang='grc' dir='ltr'>ἔφασκε</span> <span class='ocrx_word' id='word_1_397' title='bbox 2602 2159 2740 2231; x_wconf 86' lang='grc' dir='ltr'>πρὸς</span> <span class='ocrx_word' id='word_1_398' title='bbox 2781 2160 2873 2214; x_wconf 90' lang='grc' dir='ltr'><strong>τὸν</strong></span> <span class='ocrx_word' id='word_1_399' title='bbox 2918 2160 2976 2212; x_wconf 88' lang='grc' dir='ltr'><strong>ἐν</strong></span> <span class='ocrx_word' id='word_1_400' title='bbox 3019 2157 3266 2229; x_wconf 73' lang='grc' dir='ltr'>οὐρανοῖς</span> <span class='ocrx_word' id='word_1_401' title='bbox 3318 2154 3557 2225; x_wconf 86' lang='grc' dir='ltr'>Πατέρα,</span> <span class='ocrx_word' id='word_1_402' title='bbox 3597 2150 3804 2223; x_wconf 79' lang='grc' dir='ltr'>μέλλων</span> 
     </span>
    </p>
   </div>
   <div class='ocr_carea' id='block_1_53' title="bbox 2218 2244 3803 2322">
    <p class='ocr_par' dir='ltr' id='par_1_53' title="bbox 2218 2244 3803 2322">
     <span class='ocr_line' id='line_1_53' title="bbox 2218 2244 3803 2322; baseline -0.005 -19"><span class='ocrx_word' id='word_1_403' title='bbox 2218 2251 2310 2304; x_wconf 78' lang='grc' dir='ltr'>ἐπὶ</span> <span class='ocrx_word' id='word_1_404' title='bbox 2338 2251 2429 2304; x_wconf 76' lang='grc' dir='ltr'><strong>τὸν</strong></span> <span class='ocrx_word' id='word_1_405' title='bbox 2461 2250 2644 2321; x_wconf 89' lang='grc' dir='ltr'>τίμιον</span> <span class='ocrx_word' id='word_1_406' title='bbox 2677 2249 2813 2304; x_wconf 88' lang='grc' dir='ltr'>ἰέναι</span> <span class='ocrx_word' id='word_1_407' title='bbox 2881 2250 3133 2322; x_wconf 88' lang='grc' dir='ltr'>σταυρόν·</span> <span class='ocrx_word' id='word_1_408' title='bbox 3172 2267 3190 2300; x_wconf 84' lang='grc' dir='ltr'><strong>ι</strong></span> <span class='ocrx_word' id='word_1_409' title='bbox 3224 2249 3426 2319; x_wconf 84' lang='grc' dir='ltr'>Πάτερ,</span> <span class='ocrx_word' id='word_1_410' title='bbox 3452 2244 3677 2311; x_wconf 80' lang='grc' dir='ltr'>δόξασόν</span> <span class='ocrx_word' id='word_1_411' title='bbox 3708 2259 3803 2295; x_wconf 89' lang='grc' dir='ltr'><strong>σου</strong></span> 
     </span>
    </p>
   </div>
   <div class='ocr_carea' id='block_1_54' title="bbox 2216 2335 3798 2414">
    <p class='ocr_par' dir='ltr' id='par_1_54' title="bbox 2216 2335 3798 2414">
     <span class='ocr_line' id='line_1_54' title="bbox 2216 2335 3798 2414; baseline -0.006 -18"><span class='ocrx_word' id='word_1_412' title='bbox 2216 2342 2310 2396; x_wconf 86' lang='grc' dir='ltr'><strong>τὸν</strong></span> <span class='ocrx_word' id='word_1_413' title='bbox 2341 2342 2493 2410; x_wconf 85' lang='grc' dir='ltr'>Υίδν,</span> <span class='ocrx_word' id='word_1_414' title='bbox 2521 2342 2611 2397; x_wconf 77' lang='grc' dir='ltr'>ἵνα</span> <span class='ocrx_word' id='word_1_415' title='bbox 2631 2342 2726 2397; x_wconf 81' lang='grc' dir='ltr'>καὶ</span> <span class='ocrx_word' id='word_1_416' title='bbox 2754 2345 2783 2396; x_wconf 92' lang='lat'><strong>6</strong></span> <span class='ocrx_word' id='word_1_417' title='bbox 2804 2342 2933 2407; x_wconf 84' lang='grc' dir='ltr'>Υίός</span> <span class='ocrx_word' id='word_1_418' title='bbox 2968 2360 3061 2396; x_wconf 91' lang='grc' dir='ltr'><strong>σου</strong></span> <span class='ocrx_word' id='word_1_419' title='bbox 3094 2339 3292 2414; x_wconf 80' lang='grc' dir='ltr'>δοξάσῃ</span> <span class='ocrx_word' id='word_1_420' title='bbox 3323 2356 3438 2393; x_wconf 73' lang='grc' dir='ltr'>σε.»</span> <span class='ocrx_word' id='word_1_421' title='bbox 3477 2337 3588 2391; x_wconf 71' lang='grc' dir='ltr'>Καὶ</span> <span class='ocrx_word' id='word_1_422' title='bbox 3616 2335 3798 2389; x_wconf 83' lang='grc' dir='ltr'>πάλιν·</span> 
     </span>
    </p>
   </div>
   <div class='ocr_carea' id='block_1_55' title="bbox 2224 2426 3805 2505">
    <p class='ocr_par' dir='ltr' id='par_1_55' title="bbox 2224 2426 3805 2505">
     <span class='ocr_line' id='line_1_55' title="bbox 2224 2426 3805 2505; baseline -0.005 -19"><span class='ocrx_word' id='word_1_423' title='bbox 2224 2452 2243 2485; x_wconf 81' lang='grc' dir='ltr'><strong>ι</strong></span> <span class='ocrx_word' id='word_1_424' title='bbox 2269 2434 2386 2487; x_wconf 87' lang='grc' dir='ltr'>Νῦν</span> <span class='ocrx_word' id='word_1_425' title='bbox 2419 2433 2682 2505; x_wconf 79' lang='grc' dir='ltr'>ἐδοξάσθη</span> <span class='ocrx_word' id='word_1_426' title='bbox 2703 2434 2732 2486; x_wconf 92' lang='lat'><strong>6</strong></span> <span class='ocrx_word' id='word_1_427' title='bbox 2750 2434 2879 2499; x_wconf 84' lang='grc' dir='ltr'>Υἱὸς</span> <span class='ocrx_word' id='word_1_428' title='bbox 2908 2434 3001 2488; x_wconf 90' lang='grc' dir='ltr'><strong>τοῦ</strong></span> <span class='ocrx_word' id='word_1_429' title='bbox 3026 2432 3337 2505; x_wconf 81' lang='grc' dir='ltr'>ἀνθρώπου,</span> <span class='ocrx_word' id='word_1_430' title='bbox 3362 2429 3454 2484; x_wconf 75' lang='grc' dir='ltr'><strong>καὶ</strong></span> <span class='ocrx_word' id='word_1_431' title='bbox 3473 2431 3504 2483; x_wconf 93' lang='lat'><strong>6</strong></span> <span class='ocrx_word' id='word_1_432' title='bbox 3527 2428 3661 2491; x_wconf 83' lang='grc' dir='ltr'>Θεὸς</span> <span class='ocrx_word' id='word_1_433' title='bbox 3688 2426 3805 2479; x_wconf 78' lang='grc' dir='ltr'>ἐδο-</span> 
     </span>
    </p>
   </div>
   <div class='ocr_carea' id='block_1_56' title="bbox 2218 2517 3907 2597">
    <p class='ocr_par' dir='ltr' id='par_1_56' title="bbox 2218 2517 3907 2597">
     <span class='ocr_line' id='line_1_56' title="bbox 2218 2517 3907 2597; baseline -0.005 -18"><span class='ocrx_word' id='word_1_434' title='bbox 2218 2525 2388 2596; x_wconf 82' lang='grc' dir='ltr'>ξάσθη</span> <span class='ocrx_word' id='word_1_435' title='bbox 2414 2526 2472 2578; x_wconf 85' lang='grc' dir='ltr'><strong>ἐν</strong></span> <span class='ocrx_word' id='word_1_436' title='bbox 2500 2524 2669 2596; x_wconf 81' lang='grc' dir='ltr'>αὑτῷ.</span> <span class='ocrx_word' id='word_1_437' title='bbox 2700 2544 2720 2577; x_wconf 71' lang='grc' dir='ltr'><strong>ι</strong></span> <span class='ocrx_word' id='word_1_438' title='bbox 2752 2525 2919 2580; x_wconf 85' lang='grc' dir='ltr'>Ὅσον</span> <span class='ocrx_word' id='word_1_439' title='bbox 2965 2525 3064 2597; x_wconf 81' lang='grc' dir='ltr'>μὲν</span> <span class='ocrx_word' id='word_1_440' title='bbox 3095 2524 3204 2594; x_wconf 87' lang='grc' dir='ltr'><strong>γάρ</strong></span> <span class='ocrx_word' id='word_1_441' title='bbox 3252 2518 3388 2594; x_wconf 82' lang='grc' dir='ltr'>ἧκεν</span> <span class='ocrx_word' id='word_1_442' title='bbox 3434 2522 3517 2585; x_wconf 87' lang='grc' dir='ltr'><strong>εἰς</strong></span> <span class='ocrx_word' id='word_1_443' title='bbox 3549 2519 3648 2590; x_wconf 83' lang='grc' dir='ltr'>τὴν</span> <span class='ocrx_word' id='word_1_444' title='bbox 3692 2517 3803 2571; x_wconf 85' lang='grc' dir='ltr'>τῶν</span> <span class='ocrx_word' id='word_1_445' title='bbox 3894 2577 3907 2587; x_wconf 28' lang='grc' dir='ltr'><em>Α</em></span> 
     </span>
    </p>
   </div>
   <div class='ocr_carea' id='block_1_57' title="bbox 2219 2610 3803 2687">
    <p class='ocr_par' dir='ltr' id='par_1_57' title="bbox 2219 2610 3803 2687">
     <span class='ocr_line' id='line_1_57' title="bbox 2219 2610 3803 2687; baseline -0.005 -18"><span class='ocrx_word' id='word_1_446' title='bbox 2219 2615 2652 2687; x_wconf 85' lang='grc' dir='ltr'>σταυρωσάντων</span> <span class='ocrx_word' id='word_1_447' title='bbox 2688 2615 2969 2681; x_wconf 84' lang='grc' dir='ltr'>ἀπόνοιαν,</span> <span class='ocrx_word' id='word_1_448' title='bbox 3017 2615 3199 2668; x_wconf 78' lang='grc' dir='ltr'>καὶτὸ</span> <span class='ocrx_word' id='word_1_449' title='bbox 3231 2612 3445 2668; x_wconf 87' lang='grc' dir='ltr'>ἀνόσιόν</span> <span class='ocrx_word' id='word_1_450' title='bbox 3472 2627 3532 2665; x_wconf 88' lang='grc' dir='ltr'><strong>τε</strong></span> <span class='ocrx_word' id='word_1_451' title='bbox 3565 2610 3661 2664; x_wconf 73' lang='grc' dir='ltr'><strong>καὶ</strong></span> <span class='ocrx_word' id='word_1_452' title='bbox 3694 2610 3803 2663; x_wconf 82' lang='grc' dir='ltr'>ἀπ-</span> 
     </span>
    </p>
   </div>
   <div class='ocr_carea' id='block_1_58' title="bbox 2219 2700 3805 2780">
    <p class='ocr_par' dir='ltr' id='par_1_58' title="bbox 2219 2700 3805 2780">
     <span class='ocr_line' id='line_1_58' title="bbox 2219 2700 3805 2780; baseline -0.005 -19"><span class='ocrx_word' id='word_1_453' title='bbox 2219 2707 2383 2779; x_wconf 85' lang='grc' dir='ltr'>αχθὲς</span> <span class='ocrx_word' id='word_1_454' title='bbox 2410 2707 2739 2780; x_wconf 85' lang='grc' dir='ltr'>ἐγχείρημα,</span> <span class='ocrx_word' id='word_1_455' title='bbox 2778 2707 2967 2779; x_wconf 85' lang='grc' dir='ltr'>μῶμος</span> <span class='ocrx_word' id='word_1_456' title='bbox 2996 2703 3063 2778; x_wconf 76' lang='grc' dir='ltr'>ἦν</span> <span class='ocrx_word' id='word_1_457' title='bbox 3096 2706 3242 2778; x_wconf 83' lang='grc' dir='ltr'>αὑτῷ</span> <span class='ocrx_word' id='word_1_458' title='bbox 3274 2706 3369 2759; x_wconf 76' lang='grc' dir='ltr'>καὶ</span> <span class='ocrx_word' id='word_1_459' title='bbox 3393 2702 3578 2767; x_wconf 81' lang='grc' dir='ltr'>ἀδοξία</span> <span class='ocrx_word' id='word_1_460' title='bbox 3609 2701 3673 2755; x_wconf 88' lang='grc' dir='ltr'><strong>τὸ</strong></span> <span class='ocrx_word' id='word_1_461' title='bbox 3697 2700 3805 2754; x_wconf 87' lang='grc' dir='ltr'>πά-</span> 
     </span>
    </p>
   </div>
   <div class='ocr_carea' id='block_1_59' title="bbox 2220 2791 3804 2870">
    <p class='ocr_par' dir='ltr' id='par_1_59' title="bbox 2220 2791 3804 2870">
     <span class='ocr_line' id='line_1_59' title="bbox 2220 2791 3804 2870; baseline -0.004 -20"><span class='ocrx_word' id='word_1_462' title='bbox 2220 2797 2334 2861; x_wconf 87' lang='grc' dir='ltr'>θος.</span> <span class='ocrx_word' id='word_1_463' title='bbox 2370 2799 2560 2869; x_wconf 86' lang='grc' dir='ltr'>ᾬοντο</span> <span class='ocrx_word' id='word_1_464' title='bbox 2584 2798 2692 2869; x_wconf 86' lang='grc' dir='ltr'><strong>γάρ</strong></span> <span class='ocrx_word' id='word_1_465' title='bbox 2720 2796 2853 2861; x_wconf 82' lang='grc' dir='ltr'>ἴσως</span> <span class='ocrx_word' id='word_1_466' title='bbox 2882 2798 2976 2852; x_wconf 77' lang='grc' dir='ltr'>καὶ</span> <span class='ocrx_word' id='word_1_467' title='bbox 3004 2798 3103 2870; x_wconf 87' lang='grc' dir='ltr'><strong>οὑχ</strong></span> <span class='ocrx_word' id='word_1_468' title='bbox 3125 2797 3319 2852; x_wconf 88' lang='grc' dir='ltr'>ἐκόντα</span> <span class='ocrx_word' id='word_1_469' title='bbox 3341 2795 3555 2850; x_wconf 85' lang='grc' dir='ltr'>παθεῖν.</span> <span class='ocrx_word' id='word_1_470' title='bbox 3581 2791 3804 2863; x_wconf 80' lang='grc' dir='ltr'>Ἐπειδὴ</span> 
     </span>
    </p>
   </div>
   <div class='ocr_carea' id='block_1_60' title="bbox 2218 2887 3804 2963">
    <p class='ocr_par' dir='ltr' id='par_1_60' title="bbox 2218 2887 3804 2963">
     <span class='ocr_line' id='line_1_60' title="bbox 2218 2887 3804 2963; baseline -0.003 -19"><span class='ocrx_word' id='word_1_471' title='bbox 2218 2889 2275 2944; x_wconf 83' lang='grc' dir='ltr'><strong>δέ</strong></span> <span class='ocrx_word' id='word_1_472' title='bbox 2305 2890 2506 2946; x_wconf 85' lang='grc' dir='ltr'>ἀνεϐίω</span> <span class='ocrx_word' id='word_1_473' title='bbox 2532 2890 2829 2954; x_wconf 84' lang='grc' dir='ltr'>σκυλεύσας</span> <span class='ocrx_word' id='word_1_474' title='bbox 2848 2891 2939 2944; x_wconf 84' lang='grc' dir='ltr'><strong>τὸν</strong></span> <span class='ocrx_word' id='word_1_475' title='bbox 2962 2890 3116 2963; x_wconf 72' lang='grc' dir='ltr'>ᾅδην,</span> <span class='ocrx_word' id='word_1_476' title='bbox 3139 2892 3232 2945; x_wconf 74' lang='grc' dir='ltr'>καὶ</span> <span class='ocrx_word' id='word_1_477' title='bbox 3251 2891 3335 2944; x_wconf 86' lang='grc' dir='ltr'>ὅτι</span> <span class='ocrx_word' id='word_1_478' title='bbox 3359 2890 3590 2943; x_wconf 83' lang='grc' dir='ltr'>θανάτου</span> <span class='ocrx_word' id='word_1_479' title='bbox 3618 2887 3804 2959; x_wconf 89' lang='grc' dir='ltr'>κρείτ-</span> 
     </span>
    </p>
   </div>
   <div class='ocr_carea' id='block_1_61' title="bbox 2217 2980 3804 3055">
    <p class='ocr_par' dir='ltr' id='par_1_61' title="bbox 2217 2980 3804 3055">
     <span class='ocr_line' id='line_1_61' title="bbox 2217 2980 3804 3055; baseline -0.002 -21"><span class='ocrx_word' id='word_1_480' title='bbox 2217 2999 2327 3035; x_wconf 90' lang='grc' dir='ltr'><strong>των</strong></span> <span class='ocrx_word' id='word_1_481' title='bbox 2359 2981 2507 3036; x_wconf 75' lang='grc' dir='ltr'>ἐστὶν</span> <span class='ocrx_word' id='word_1_482' title='bbox 2545 2980 2614 3034; x_wconf 81' lang='grc' dir='ltr'>δι’</span> <span class='ocrx_word' id='word_1_483' title='bbox 2659 2980 2827 3035; x_wconf 88' lang='grc' dir='ltr'>αὑτοῦ</span> <span class='ocrx_word' id='word_1_484' title='bbox 2857 2981 2951 3036; x_wconf 88' lang='grc' dir='ltr'><strong>τοῦ</strong></span> <span class='ocrx_word' id='word_1_485' title='bbox 2984 2984 3311 3055; x_wconf 86' lang='grc' dir='ltr'>πράγματος</span> <span class='ocrx_word' id='word_1_486' title='bbox 3362 2982 3672 3051; x_wconf 74' lang='grc' dir='ltr'>ἀποφήνας,</span> <span class='ocrx_word' id='word_1_487' title='bbox 3722 2980 3804 3043; x_wconf 83' lang='grc' dir='ltr'><strong>είς</strong></span> 
     </span>
    </p>
   </div>
   <div class='ocr_carea' id='block_1_62' title="bbox 547 3065 2118 3161">
    <p class='ocr_par' dir='ltr' id='par_1_62' title="bbox 547 3065 2118 3144">
     <span class='ocr_line' id='line_1_62' title="bbox 547 3065 2118 3144; baseline 0.006 -24"><span class='ocrx_word' id='word_1_488' title='bbox 547 3066 840 3136; x_wconf 85' lang='lat' dir='ltr'><strong>periemus.</strong></span> <span class='ocrx_word' id='word_1_489' title='bbox 884 3065 1002 3120; x_wconf 86' lang='lat' dir='ltr'><strong>Erit</strong></span> <span class='ocrx_word' id='word_1_490' title='bbox 1031 3067 1238 3136; x_wconf 85' lang='lat' dir='ltr'><strong>itaque,</strong></span> <span class='ocrx_word' id='word_1_491' title='bbox 1283 3067 1490 3138; x_wconf 89' lang='lat' dir='ltr'><strong>inquit,</strong></span> <span class='ocrx_word' id='word_1_492' title='bbox 1538 3071 1643 3126; x_wconf 86' lang='lat' dir='ltr'><strong>hoc</strong></span> <span class='ocrx_word' id='word_1_493' title='bbox 1697 3073 1859 3129; x_wconf 91' lang='lat' dir='ltr'><strong>modo</strong></span> <span class='ocrx_word' id='word_1_494' title='bbox 1903 3075 2118 3144; x_wconf 83' lang='lat' dir='ltr'><strong>requies</strong></span> 
     </span>
    </p>
   </div>
   <div class='ocr_carea' id='block_1_63' title="bbox 2220 3065 3807 3161">
    <p class='ocr_par' dir='ltr' id='par_1_63' title="bbox 2220 3071 3807 3144">
     <span class='ocr_line' id='line_1_63' title="bbox 2220 3071 3807 3144; baseline -0.001 -18"><span class='ocrx_word' id='word_1_495' title='bbox 2220 3073 2385 3144; x_wconf 85' lang='grc' dir='ltr'>τιμὴν</span> <span class='ocrx_word' id='word_1_496' title='bbox 2414 3071 2564 3144; x_wconf 85' lang='grc' dir='ltr'>αὑτῷ</span> <span class='ocrx_word' id='word_1_497' title='bbox 2590 3072 2685 3125; x_wconf 74' lang='grc' dir='ltr'>καὶ</span> <span class='ocrx_word' id='word_1_498' title='bbox 2717 3071 2875 3137; x_wconf 83' lang='grc' dir='ltr'>δόξαν</span> <span class='ocrx_word' id='word_1_499' title='bbox 2906 3073 3311 3135; x_wconf 85' lang='grc' dir='ltr'>ἐκτελευτῶσαν</span> <span class='ocrx_word' id='word_1_500' title='bbox 3366 3073 3672 3144; x_wconf 81' lang='grc' dir='ltr'>εὑρήσομεν</span> <span class='ocrx_word' id='word_1_501' title='bbox 3704 3072 3807 3142; x_wconf 77' lang='grc' dir='ltr'><strong>τὴν</strong></span> 
     </span>
    </p>
   </div>
   <div class='ocr_carea' id='block_1_64' title="bbox 546 3151 2120 3227">
    <p class='ocr_par' dir='ltr' id='par_1_64' title="bbox 546 3151 2120 3227">
     <span class='ocr_line' id='line_1_64' title="bbox 546 3151 2120 3227; baseline 0.011 -24"><span class='ocrx_word' id='word_1_502' title='bbox 546 3151 617 3216; x_wconf 86' lang='lat' dir='ltr'><strong>ei,</strong></span> <span class='ocrx_word' id='word_1_503' title='bbox 661 3151 854 3207; x_wconf 88' lang='lat' dir='ltr'><strong>honor.</strong></span> <span class='ocrx_word' id='word_1_504' title='bbox 894 3152 952 3208; x_wconf 86' lang='lat' dir='ltr'><strong>Si</strong></span> <span class='ocrx_word' id='word_1_505' title='bbox 987 3168 1117 3208; x_wconf 87' lang='lat' dir='ltr'><strong>vero</strong></span> <span class='ocrx_word' id='word_1_506' title='bbox 1150 3155 1457 3227; x_wconf 68' lang='lat' dir='ltr'><strong>quism</strong></span> <span class='ocrx_word' id='word_1_507' title='bbox 1500 3158 1661 3214; x_wconf 85' lang='lat' dir='ltr'><strong>aliter</strong></span> <span class='ocrx_word' id='word_1_508' title='bbox 1706 3160 1790 3217; x_wconf 89' lang='lat' dir='ltr'><strong>his</strong></span> <span class='ocrx_word' id='word_1_509' title='bbox 1835 3177 2120 3219; x_wconf 82' lang='lat' dir='ltr'><strong>commen-</strong></span> 
     </span>
    </p>
   </div>
   <div class='ocr_carea' id='block_1_65' title="bbox 547 3244 2114 3313">
    <p class='ocr_par' dir='ltr' id='par_1_65' title="bbox 547 3244 2114 3313">
     <span class='ocr_line' id='line_1_65' title="bbox 547 3244 2114 3313; baseline 0.009 -18"><span class='ocrx_word' id='word_1_510' title='bbox 547 3244 843 3298; x_wconf 76' lang='lat' dir='ltr'><strong>latronibus</strong></span> <span class='ocrx_word' id='word_1_511' title='bbox 871 3244 1109 3313; x_wconf 78' lang='lat' dir='ltr'><strong>adjicere</strong></span> <span class='ocrx_word' id='word_1_512' title='bbox 1137 3245 1300 3309; x_wconf 75' lang='lat' dir='ltr'><strong>velit,</strong></span> <span class='ocrx_word' id='word_1_513' title='bbox 1350 3249 1430 3303; x_wconf 90' lang='lat' dir='ltr'><strong>sic</strong></span> <span class='ocrx_word' id='word_1_514' title='bbox 1456 3247 1723 3305; x_wconf 86' lang='lat' dir='ltr'><strong>dictorqu</strong></span> <span class='ocrx_word' id='word_1_515' title='bbox 1768 3266 1990 3307; x_wconf 87' lang='lat' dir='ltr'><strong>sensum</strong></span> <span class='ocrx_word' id='word_1_516' title='bbox 2022 3268 2114 3309; x_wconf 86' lang='lat' dir='ltr'><strong>ac-</strong></span> 
     </span>
    </p>
   </div>
   <div class='ocr_carea' id='block_1_66' title="bbox 552 3333 2106 3415">
    <p class='ocr_par' dir='ltr' id='par_1_66' title="bbox 552 3333 2106 3415">
     <span class='ocr_line' id='line_1_66' title="bbox 552 3333 2106 3415; baseline 0.01 -28"><span class='ocrx_word' id='word_1_517' title='bbox 552 3335 715 3402; x_wconf 79' lang='lat' dir='ltr'><strong>cipiet</strong></span> <span class='ocrx_word' id='word_1_518' title='bbox 746 3352 760 3389; x_wconf 88' lang='lat'><strong>:</strong></span> <span class='ocrx_word' id='word_1_519' title='bbox 791 3333 903 3389; x_wconf 76' lang='lat' dir='ltr'><strong>Non</strong></span> <span class='ocrx_word' id='word_1_520' title='bbox 935 3339 1078 3391; x_wconf 90' lang='lat' dir='ltr'><strong>enim</strong></span> <span class='ocrx_word' id='word_1_521' title='bbox 1103 3338 1157 3392; x_wconf 86' lang='lat' dir='ltr'><strong>in</strong></span> <span class='ocrx_word' id='word_1_522' title='bbox 1184 3339 1354 3394; x_wconf 88' lang='lat' dir='ltr'><strong>solam</strong></span> <span class='ocrx_word' id='word_1_523' title='bbox 1392 3355 1541 3412; x_wconf 85' lang='lat' dir='ltr'><strong>spem</strong></span> <span class='ocrx_word' id='word_1_524' title='bbox 1565 3344 1672 3399; x_wconf 85' lang='lat' dir='ltr'><strong>erit</strong></span> <span class='ocrx_word' id='word_1_525' title='bbox 1698 3347 1948 3415; x_wconf 85' lang='lat' dir='ltr'><strong>gentibus</strong></span> <span class='ocrx_word' id='word_1_526' title='bbox 1973 3346 2106 3401; x_wconf 88' lang='lat' dir='ltr'><strong>Ser-</strong></span> 
     </span>
    </p>
   </div>
   <div class='ocr_carea' id='block_1_67' title="bbox 550 3424 2118 3507">
    <p class='ocr_par' dir='ltr' id='par_1_67' title="bbox 550 3424 2118 3507">
     <span class='ocr_line' id='line_1_67' title="bbox 550 3424 2118 3507; baseline 0.012 -34"><span class='ocrx_word' id='word_1_527' title='bbox 550 3430 733 3487; x_wconf 83' lang='lat' dir='ltr'><strong>vatur,</strong></span> <span class='ocrx_word' id='word_1_528' title='bbox 786 3424 882 3478; x_wconf 85' lang='lat' dir='ltr'><strong>sed</strong></span> <span class='ocrx_word' id='word_1_529' title='bbox 932 3426 1368 3485; x_wconf 80' lang='lat' dir='ltr'><strong>manifestabitur</strong></span> <span class='ocrx_word' id='word_1_530' title='bbox 1414 3433 1581 3488; x_wconf 89' lang='lat' dir='ltr'><strong>etiam</strong></span> <span class='ocrx_word' id='word_1_531' title='bbox 1628 3443 1772 3490; x_wconf 90' lang='lat' dir='ltr'><strong>stato</strong></span> <span class='ocrx_word' id='word_1_532' title='bbox 1818 3444 2118 3507; x_wconf 88' lang='lat' dir='ltr'><strong>temporum</strong></span> 
     </span>
    </p>
   </div>
   <div class='ocr_carea' id='block_1_68' title="bbox 553 3510 2119 3600">
    <p class='ocr_par' dir='ltr' id='par_1_68' title="bbox 553 3510 2119 3600">
     <span class='ocr_line' id='line_1_68' title="bbox 553 3510 2119 3600; baseline 0.013 -36"><span class='ocrx_word' id='word_1_533' title='bbox 553 3510 848 3600; x_wconf 74' lang='lat' dir='ltr'><strong>curriculo,</strong></span> <span class='ocrx_word' id='word_1_534' title='bbox 903 3513 1022 3569; x_wconf 87' lang='lat' dir='ltr'><strong>sive</strong></span> <span class='ocrx_word' id='word_1_535' title='bbox 1067 3527 1335 3589; x_wconf 82' lang='lat' dir='ltr'><strong>resurget,</strong></span> <span class='ocrx_word' id='word_1_536' title='bbox 1398 3536 1508 3578; x_wconf 77' lang='lat' dir='ltr'><strong>non</strong></span> <span class='ocrx_word' id='word_1_537' title='bbox 1564 3534 1625 3579; x_wconf 91' lang='lat' dir='ltr'><strong>ut</strong></span> <span class='ocrx_word' id='word_1_538' title='bbox 1663 3523 1893 3593; x_wconf 87' lang='lat' dir='ltr'><strong>imperet</strong></span> <span class='ocrx_word' id='word_1_539' title='bbox 1943 3529 2119 3584; x_wconf 88' lang='lat' dir='ltr'><strong>solum</strong></span> 
     </span>
    </p>
   </div>
   <div class='ocr_carea' id='block_1_69' title="bbox 554 3602 2121 3688">
    <p class='ocr_par' dir='ltr' id='par_1_69' title="bbox 554 3602 2121 3688">
     <span class='ocr_line' id='line_1_69' title="bbox 554 3602 2121 3688; baseline 0.011 -31"><span class='ocrx_word' id='word_1_540' title='bbox 554 3603 685 3667; x_wconf 88' lang='lat' dir='ltr'><strong>illis,</strong></span> <span class='ocrx_word' id='word_1_541' title='bbox 739 3602 836 3660; x_wconf 83' lang='lat' dir='ltr'><strong>sed</strong></span> <span class='ocrx_word' id='word_1_542' title='bbox 901 3606 1064 3661; x_wconf 87' lang='lat' dir='ltr'><strong>etiam</strong></span> <span class='ocrx_word' id='word_1_543' title='bbox 1121 3610 1417 3678; x_wconf 85' lang='lat' dir='ltr'><strong>requietem</strong></span> <span class='ocrx_word' id='word_1_544' title='bbox 1477 3629 1598 3684; x_wconf 75' lang='lat' dir='ltr'><strong>qua:</strong></span> <span class='ocrx_word' id='word_1_545' title='bbox 1651 3615 1840 3685; x_wconf 63' lang='lat' dir='ltr'><strong>gloriae</strong></span> <span class='ocrx_word' id='word_1_546' title='bbox 1885 3618 2016 3688; x_wconf 84' lang='lat' dir='ltr'><strong>ipsis</strong></span> <span class='ocrx_word' id='word_1_547' title='bbox 2066 3628 2121 3675; x_wconf 91' lang='lat' dir='ltr'><strong>et</strong></span> 
     </span>
    </p>
   </div>
   <div class='ocr_carea' id='block_1_70' title="bbox 554 3694 2118 3778">
    <p class='ocr_par' dir='ltr' id='par_1_70' title="bbox 554 3694 2118 3778">
     <span class='ocr_line' id='line_1_70' title="bbox 554 3694 2118 3778; baseline 0.01 -29"><span class='ocrx_word' id='word_1_548' title='bbox 554 3694 749 3749; x_wconf 83' lang='lat' dir='ltr'><strong>honori</strong></span> <span class='ocrx_word' id='word_1_549' title='bbox 793 3696 887 3763; x_wconf 77' lang='lat' dir='ltr'><strong>sit,</strong></span> <span class='ocrx_word' id='word_1_550' title='bbox 934 3696 1178 3753; x_wconf 83' lang='lat' dir='ltr'><strong>donabit.</strong></span> <span class='ocrx_word' id='word_1_551' title='bbox 1231 3699 1538 3772; x_wconf 85' lang='lat' dir='ltr'><strong>Hospitium</strong></span> <span class='ocrx_word' id='word_1_552' title='bbox 1582 3706 1728 3760; x_wconf 90' lang='lat' dir='ltr'><strong>enim</strong></span> <span class='ocrx_word' id='word_1_553' title='bbox 1778 3718 1993 3778; x_wconf 87' lang='lat' dir='ltr'><strong>gratum</strong></span> <span class='ocrx_word' id='word_1_554' title='bbox 2043 3711 2118 3765; x_wconf 91' lang='lat' dir='ltr'><strong>illi</strong></span> 
     </span>
    </p>
   </div>
   <div class='ocr_carea' id='block_1_71' title="bbox 551 3794 2115 3866">
    <p class='ocr_par' dir='ltr' id='par_1_71' title="bbox 551 3794 2115 3866">
     <span class='ocr_line' id='line_1_71' title="bbox 551 3794 2115 3866; baseline 0.009 -28"><span class='ocrx_word' id='word_1_555' title='bbox 551 3794 638 3839; x_wconf 83' lang='lat' dir='ltr'><strong>est</strong></span> <span class='ocrx_word' id='word_1_556' title='bbox 674 3795 986 3842; x_wconf 82' lang='lat' dir='ltr'><strong>sanctorum</strong></span> <span class='ocrx_word' id='word_1_557' title='bbox 1010 3801 1186 3855; x_wconf 87' lang='lat' dir='ltr'><strong>mens,</strong></span> <span class='ocrx_word' id='word_1_558' title='bbox 1246 3798 1303 3844; x_wconf 83' lang='lat' dir='ltr'><strong>et</strong></span> <span class='ocrx_word' id='word_1_559' title='bbox 1349 3803 1724 3848; x_wconf 88' lang='lat' dir='ltr'><strong>commoratur</strong></span> <span class='ocrx_word' id='word_1_560' title='bbox 1755 3810 1879 3850; x_wconf 90' lang='lat' dir='ltr'><strong>cum</strong></span> <span class='ocrx_word' id='word_1_561' title='bbox 1914 3796 2115 3866; x_wconf 85' lang='lat' dir='ltr'><strong>dignis,</strong></span> 
     </span>
    </p>
   </div>
   <div class='ocr_carea' id='block_1_72' title="bbox 549 3878 2114 3955">
    <p class='ocr_par' dir='ltr' id='par_1_72' title="bbox 549 3878 2114 3955">
     <span class='ocr_line' id='line_1_72' title="bbox 549 3878 2114 3955; baseline 0.008 -26"><span class='ocrx_word' id='word_1_562' title='bbox 549 3885 604 3929; x_wconf 84' lang='lat' dir='ltr'><strong>et</strong></span> <span class='ocrx_word' id='word_1_563' title='bbox 633 3878 967 3945; x_wconf 90' lang='lat' dir='ltr'><strong>conquiescit</strong></span> <span class='ocrx_word' id='word_1_564' title='bbox 991 3893 1113 3933; x_wconf 88' lang='lat' dir='ltr'><strong>cum</strong></span> <span class='ocrx_word' id='word_1_565' title='bbox 1155 3879 1444 3939; x_wconf 76' lang='lat' dir='ltr'><strong>animabus</strong></span> <span class='ocrx_word' id='word_1_566' title='bbox 1490 3884 1666 3940; x_wconf 87' lang='lat' dir='ltr'><strong>sacris</strong></span> <span class='ocrx_word' id='word_1_567' title='bbox 1712 3885 1892 3955; x_wconf 91' lang='lat' dir='ltr'><strong>ipsum</strong></span> <span class='ocrx_word' id='word_1_568' title='bbox 1927 3889 2114 3944; x_wconf 65' lang='lat' dir='ltr'><strong>coleno</strong></span> 
     </span>
    </p>
   </div>
   <div class='ocr_carea' id='block_1_73' title="bbox 553 3967 2121 4043">
    <p class='ocr_par' dir='ltr' id='par_1_73' title="bbox 553 3967 2121 4043">
     <span class='ocr_line' id='line_1_73' title="bbox 553 3967 2121 4043; baseline 0.01 -23"><span class='ocrx_word' id='word_1_569' title='bbox 553 3967 709 4022; x_wconf 91' lang='lat' dir='ltr'><strong>tium.</strong></span> <span class='ocrx_word' id='word_1_570' title='bbox 767 3967 920 4036; x_wconf 85' lang='lat' dir='ltr'><strong>Quod</strong></span> <span class='ocrx_word' id='word_1_571' title='bbox 948 3970 1040 4041; x_wconf 92' lang='lat' dir='ltr'><strong>qui</strong></span> <span class='ocrx_word' id='word_1_572' title='bbox 1088 3974 1373 4030; x_wconf 87' lang='lat' dir='ltr'><strong>consecuti</strong></span> <span class='ocrx_word' id='word_1_573' title='bbox 1403 3985 1551 4043; x_wconf 90' lang='lat' dir='ltr'><strong>sunt,</strong></span> <span class='ocrx_word' id='word_1_574' title='bbox 1588 3976 1674 4032; x_wconf 91' lang='lat' dir='ltr'><strong>his</strong></span> <span class='ocrx_word' id='word_1_575' title='bbox 1700 3977 1895 4034; x_wconf 87' lang='lat' dir='ltr'><strong>honori</strong></span> <span class='ocrx_word' id='word_1_576' title='bbox 1940 3989 2026 4035; x_wconf 92' lang='lat' dir='ltr'><strong>est</strong></span> <span class='ocrx_word' id='word_1_577' title='bbox 2065 3989 2121 4035; x_wconf 84' lang='lat' dir='ltr'><strong>et</strong></span> 
     </span>
    </p>
   </div>
   <div class='ocr_carea' id='block_1_74' title="bbox 549 4059 2119 4145">
    <p class='ocr_par' dir='ltr' id='par_1_74' title="bbox 549 4059 2119 4145">
     <span class='ocr_line' id='line_1_74' title="bbox 549 4059 2119 4145; baseline 0.011 -32"><span class='ocrx_word' id='word_1_578' title='bbox 549 4059 754 4130; x_wconf 63' lang='lat' dir='ltr'><strong>gloria.</strong></span> <span class='ocrx_word' id='word_1_579' title='bbox 805 4062 947 4130; x_wconf 86' lang='lat' dir='ltr'><strong>Quid</strong></span> <span class='ocrx_word' id='word_1_580' title='bbox 995 4066 1140 4121; x_wconf 91' lang='lat' dir='ltr'><strong>enim</strong></span> <span class='ocrx_word' id='word_1_581' title='bbox 1181 4082 1303 4123; x_wconf 77' lang='lat' dir='ltr'><strong>cum</strong></span> <span class='ocrx_word' id='word_1_582' title='bbox 1360 4070 1463 4126; x_wconf 89' lang='lat' dir='ltr'><strong>hac</strong></span> <span class='ocrx_word' id='word_1_583' title='bbox 1514 4070 1797 4130; x_wconf 85' lang='lat' dir='ltr'><strong>nobilitate</strong></span> <span class='ocrx_word' id='word_1_584' title='bbox 1840 4083 1897 4129; x_wconf 89' lang='lat' dir='ltr'><strong>et</strong></span> <span class='ocrx_word' id='word_1_585' title='bbox 1948 4074 2119 4145; x_wconf 87' lang='lat' dir='ltr'><strong>gloria</strong></span> 
     </span>
    </p>
   </div>
   <div class='ocr_carea' id='block_1_75' title="bbox 548 4154 2121 4224">
    <p class='ocr_par' dir='ltr' id='par_1_75' title="bbox 548 4154 2121 4224">
     <span class='ocr_line' id='line_1_75' title="bbox 548 4154 2121 4224; baseline 0.012 -20"><span class='ocrx_word' id='word_1_586' title='bbox 548 4154 936 4211; x_wconf 77' lang='lat' dir='ltr'><strong>conferendum</strong></span> <span class='ocrx_word' id='word_1_587' title='bbox 987 4167 1093 4224; x_wconf 83' lang='lat' dir='ltr'><strong>est,</strong></span> <span class='ocrx_word' id='word_1_588' title='bbox 1157 4158 1326 4216; x_wconf 87' lang='lat' dir='ltr'><strong>Deum</strong></span> <span class='ocrx_word' id='word_1_589' title='bbox 1383 4163 1591 4221; x_wconf 84' lang='lat' dir='ltr'><strong>habere</strong></span> <span class='ocrx_word' id='word_1_590' title='bbox 1632 4166 2002 4222; x_wconf 86' lang='lat' dir='ltr'><strong>diversantem</strong></span> <span class='ocrx_word' id='word_1_591' title='bbox 2065 4175 2121 4223; x_wconf 92' lang='lat' dir='ltr'><strong>et</strong></span> 
     </span>
    </p>
   </div>
   <div class='ocr_carea' id='block_1_76' title="bbox 550 4243 2118 4325">
    <p class='ocr_par' dir='ltr' id='par_1_76' title="bbox 550 4243 2118 4325">
     <span class='ocr_line' id='line_1_76' title="bbox 550 4243 2118 4325; baseline 0.011 -29"><span class='ocrx_word' id='word_1_592' title='bbox 550 4243 603 4296; x_wconf 91' lang='lat' dir='ltr'><strong>in</strong></span> <span class='ocrx_word' id='word_1_593' title='bbox 641 4245 805 4300; x_wconf 85' lang='lat' dir='ltr'><strong>corde</strong></span> <span class='ocrx_word' id='word_1_594' title='bbox 846 4246 1230 4306; x_wconf 74' lang='lat' dir='ltr'><strong>habitantem?</strong></span> <span class='ocrx_word' id='word_1_595' title='bbox 1263 4253 1380 4308; x_wconf 86' lang='lat' dir='ltr'><strong>Erit</strong></span> <span class='ocrx_word' id='word_1_596' title='bbox 1409 4255 1616 4325; x_wconf 90' lang='lat' dir='ltr'><strong>itaque,</strong></span> <span class='ocrx_word' id='word_1_597' title='bbox 1665 4258 1825 4312; x_wconf 91' lang='lat' dir='ltr'><strong>modo</strong></span> <span class='ocrx_word' id='word_1_598' title='bbox 1865 4258 2118 4323; x_wconf 88' lang='lat' dir='ltr'><strong>velimus,</strong></span> 
     </span>
    </p>
   </div>
   <div class='ocr_carea' id='block_1_77' title="bbox 548 4337 2116 4417">
    <p class='ocr_par' dir='ltr' id='par_1_77' title="bbox 548 4337 2116 4417">
     <span class='ocr_line' id='line_1_77' title="bbox 548 4337 2116 4417; baseline 0.013 -30"><span class='ocrx_word' id='word_1_599' title='bbox 548 4337 715 4389; x_wconf 79' lang='lat' dir='ltr'><strong>etiam</strong></span> <span class='ocrx_word' id='word_1_600' title='bbox 771 4337 875 4392; x_wconf 86' lang='lat' dir='ltr'><strong>hac</strong></span> <span class='ocrx_word' id='word_1_601' title='bbox 924 4342 1136 4398; x_wconf 88' lang='lat' dir='ltr'><strong>ratione</strong></span> <span class='ocrx_word' id='word_1_602' title='bbox 1184 4344 1238 4398; x_wconf 90' lang='lat' dir='ltr'><strong>in</strong></span> <span class='ocrx_word' id='word_1_603' title='bbox 1290 4347 1448 4401; x_wconf 84' lang='lat' dir='ltr'><strong>nobis</strong></span> <span class='ocrx_word' id='word_1_604' title='bbox 1493 4349 1713 4417; x_wconf 87' lang='lat' dir='ltr'><strong>requies</strong></span> <span class='ocrx_word' id='word_1_605' title='bbox 1750 4350 1868 4417; x_wconf 86' lang='lat' dir='ltr'><strong>ejus</strong></span> <span class='ocrx_word' id='word_1_606' title='bbox 1897 4351 2116 4408; x_wconf 87' lang='lat' dir='ltr'><strong>honor:</strong></span> 
     </span>
    </p>
   </div>
   <div class='ocr_carea' id='block_1_78' title="bbox 2220 3162 3805 3234">
    <p class='ocr_par' dir='ltr' id='par_1_78' title="bbox 2220 3162 3805 3234">
     <span class='ocr_line' id='line_1_78' title="bbox 2220 3162 3805 3234; baseline 0 -19"><span class='ocrx_word' id='word_1_607' title='bbox 2220 3162 2315 3216; x_wconf 91' lang='grc' dir='ltr'><strong>τοῦ</strong></span> <span class='ocrx_word' id='word_1_608' title='bbox 2345 3162 2671 3234; x_wconf 88' lang='grc' dir='ltr'>πράγματος</span> <span class='ocrx_word' id='word_1_609' title='bbox 2704 3162 2949 3219; x_wconf 81' lang='grc' dir='ltr'>ἔκϐασιν.</span> <span class='ocrx_word' id='word_1_610' title='bbox 2981 3165 3177 3218; x_wconf 85' lang='grc' dir='ltr'>Ἔσται</span> <span class='ocrx_word' id='word_1_611' title='bbox 3210 3163 3413 3229; x_wconf 86' lang='grc' dir='ltr'>τοίνυν,</span> <span class='ocrx_word' id='word_1_612' title='bbox 3449 3164 3604 3234; x_wconf 78' lang='grc' dir='ltr'>φησὶ,</span> <span class='ocrx_word' id='word_1_613' title='bbox 3661 3162 3805 3216; x_wconf 88' lang='grc' dir='ltr'><strong>κατά</strong></span> 
     </span>
    </p>
   </div>
   <div class='ocr_carea' id='block_1_79' title="bbox 2220 3238 3806 3324">
    <p class='ocr_par' dir='ltr' id='par_1_79' title="bbox 2220 3238 3806 3324">
     <span class='ocr_line' id='line_1_79' title="bbox 2220 3238 3806 3324; baseline -0.001 -19"><span class='ocrx_word' id='word_1_614' title='bbox 2220 3250 2411 3305; x_wconf 88' lang='grc' dir='ltr'>τοῦτον</span> <span class='ocrx_word' id='word_1_615' title='bbox 2451 3238 2544 3306; x_wconf 59' lang='grc' dir='ltr'><strong>ὲτὸν</strong></span> <span class='ocrx_word' id='word_1_616' title='bbox 2571 3251 2832 3324; x_wconf 86' lang='grc' dir='ltr'>τρόπονή</span> <span class='ocrx_word' id='word_1_617' title='bbox 2869 3254 3177 3317; x_wconf 82' lang='grc' dir='ltr'>ἀνάπαυσις</span> <span class='ocrx_word' id='word_1_618' title='bbox 3222 3254 3388 3308; x_wconf 85' lang='grc' dir='ltr'>αὑτοῦ</span> <span class='ocrx_word' id='word_1_619' title='bbox 3453 3253 3613 3323; x_wconf 86' lang='grc' dir='ltr'>τιμή.</span> <span class='ocrx_word' id='word_1_620' title='bbox 3646 3253 3708 3305; x_wconf 85' lang='grc' dir='ltr'>Εἰ</span> <span class='ocrx_word' id='word_1_621' title='bbox 3747 3251 3806 3305; x_wconf 86' lang='grc' dir='ltr'><strong>δέ</strong></span> 
     </span>
    </p>
   </div>
   <div class='ocr_carea' id='block_1_80' title="bbox 2220 3340 3804 3417">
    <p class='ocr_par' dir='ltr' id='par_1_80' title="bbox 2220 3340 3804 3417">
     <span class='ocr_line' id='line_1_80' title="bbox 2220 3340 3804 3417; baseline -0.004 -19"><span class='ocrx_word' id='word_1_622' title='bbox 2220 3344 2285 3416; x_wconf 81' lang='grc' dir='ltr'>δὴ</span> <span class='ocrx_word' id='word_1_623' title='bbox 2323 3344 2419 3397; x_wconf 72' lang='grc' dir='ltr'><strong>καὶ</strong></span> <span class='ocrx_word' id='word_1_624' title='bbox 2444 3342 2646 3416; x_wconf 79' lang='grc' dir='ltr'>ἑτέρως</span> <span class='ocrx_word' id='word_1_625' title='bbox 2675 3344 2786 3408; x_wconf 85' lang='grc' dir='ltr'>τοῖς</span> <span class='ocrx_word' id='word_1_626' title='bbox 2817 3343 3138 3415; x_wconf 78' lang='grc' dir='ltr'>θεωρήμασι</span> <span class='ocrx_word' id='word_1_627' title='bbox 3182 3343 3511 3417; x_wconf 76' lang='grc' dir='ltr'>προσϐαλεῖν</span> <span class='ocrx_word' id='word_1_628' title='bbox 3562 3340 3804 3412; x_wconf 87' lang='grc' dir='ltr'>βούλοιτό</span> 
     </span>
    </p>
   </div>
   <div class='ocr_carea' id='block_1_81' title="bbox 2221 3434 3804 3507">
    <p class='ocr_par' dir='ltr' id='par_1_81' title="bbox 2221 3434 3804 3507">
     <span class='ocr_line' id='line_1_81' title="bbox 2221 3434 3804 3507; baseline -0.001 -18"><span class='ocrx_word' id='word_1_629' title='bbox 2221 3453 2327 3500; x_wconf 83' lang='grc' dir='ltr'>τις,</span> <span class='ocrx_word' id='word_1_630' title='bbox 2370 3434 2646 3501; x_wconf 79' lang='grc' dir='ltr'>ἐκδέξεται</span> <span class='ocrx_word' id='word_1_631' title='bbox 2674 3436 2896 3490; x_wconf 82' lang='grc' dir='ltr'>τοιῶσδε</span> <span class='ocrx_word' id='word_1_632' title='bbox 2925 3435 3033 3491; x_wconf 84' lang='grc' dir='ltr'>τῶν</span> <span class='ocrx_word' id='word_1_633' title='bbox 3087 3436 3394 3507; x_wconf 77' lang='grc' dir='ltr'>εἰρημένων</span> <span class='ocrx_word' id='word_1_634' title='bbox 3426 3436 3525 3506; x_wconf 82' lang='grc' dir='ltr'>τὴν</span> <span class='ocrx_word' id='word_1_635' title='bbox 3550 3434 3804 3501; x_wconf 87' lang='grc' dir='ltr'>δύναμιν.</span> 
     </span>
    </p>
   </div>
   <div class='ocr_carea' id='block_1_82' title="bbox 2221 3526 3803 3599">
    <p class='ocr_par' dir='ltr' id='par_1_82' title="bbox 2221 3526 3803 3599">
     <span class='ocr_line' id='line_1_82' title="bbox 2221 3526 3803 3599; baseline -0.003 -19"><span class='ocrx_word' id='word_1_636' title='bbox 2221 3528 2295 3581; x_wconf 88' lang='grc' dir='ltr'>Οὑ</span> <span class='ocrx_word' id='word_1_637' title='bbox 2318 3527 2427 3599; x_wconf 87' lang='grc' dir='ltr'><strong>γάρ</strong></span> <span class='ocrx_word' id='word_1_638' title='bbox 2458 3529 2540 3591; x_wconf 88' lang='grc' dir='ltr'><strong>εἰς</strong></span> <span class='ocrx_word' id='word_1_639' title='bbox 2575 3527 2762 3581; x_wconf 85' lang='grc' dir='ltr'>ἐλπίδα</span> <span class='ocrx_word' id='word_1_640' title='bbox 2819 3527 2987 3599; x_wconf 90' lang='grc' dir='ltr'>μόνην</span> <span class='ocrx_word' id='word_1_641' title='bbox 3041 3527 3191 3581; x_wconf 83' lang='grc' dir='ltr'>ἐσται</span> <span class='ocrx_word' id='word_1_642' title='bbox 3218 3530 3335 3590; x_wconf 83' lang='grc' dir='ltr'>τοῖς</span> <span class='ocrx_word' id='word_1_643' title='bbox 3375 3526 3588 3580; x_wconf 74' lang='grc' dir='ltr'>ἔθνεσιν</span> <span class='ocrx_word' id='word_1_644' title='bbox 3608 3527 3637 3578; x_wconf 95' lang='lat'><strong>6</strong></span> <span class='ocrx_word' id='word_1_645' title='bbox 3665 3526 3803 3596; x_wconf 85' lang='grc' dir='ltr'>Χρι-</span> 
     </span>
    </p>
   </div>
   <div class='ocr_carea' id='block_1_83' title="bbox 2222 3616 3804 3689">
    <p class='ocr_par' dir='ltr' id='par_1_83' title="bbox 2222 3616 3804 3689">
     <span class='ocr_line' id='line_1_83' title="bbox 2222 3616 3804 3689; baseline -0.003 -18"><span class='ocrx_word' id='word_1_646' title='bbox 2222 3618 2837 3689; x_wconf 87' lang='grc' dir='ltr'>στὸς,ἀναδειχθήσεται</span> <span class='ocrx_word' id='word_1_647' title='bbox 2887 3618 2945 3672; x_wconf 85' lang='grc' dir='ltr'><strong>δέ</strong></span> <span class='ocrx_word' id='word_1_648' title='bbox 2996 3618 3141 3672; x_wconf 80' lang='grc' dir='ltr'>κατὰ</span> <span class='ocrx_word' id='word_1_649' title='bbox 3193 3618 3440 3689; x_wconf 81' lang='grc' dir='ltr'>καιροὺς,</span> <span class='ocrx_word' id='word_1_650' title='bbox 3474 3618 3642 3686; x_wconf 80' lang='grc' dir='ltr'>ήγουν</span> <span class='ocrx_word' id='word_1_651' title='bbox 3671 3616 3804 3668; x_wconf 91' lang='grc' dir='ltr'>ἀνα-</span> 
     </span>
    </p>
   </div>
   <div class='ocr_carea' id='block_1_84' title="bbox 2223 3705 3804 3781">
    <p class='ocr_par' dir='ltr' id='par_1_84' title="bbox 2223 3705 3804 3781">
     <span class='ocr_line' id='line_1_84' title="bbox 2223 3705 3804 3781; baseline -0.002 -20"><span class='ocrx_word' id='word_1_652' title='bbox 2223 3709 2482 3779; x_wconf 87' lang='grc' dir='ltr'>στήσεται</span> <span class='ocrx_word' id='word_1_653' title='bbox 2518 3709 2578 3761; x_wconf 91' lang='grc' dir='ltr'><strong>οὑ</strong></span> <span class='ocrx_word' id='word_1_654' title='bbox 2614 3708 2751 3779; x_wconf 89' lang='grc' dir='ltr'>πρὸς</span> <span class='ocrx_word' id='word_1_655' title='bbox 2778 3708 2840 3761; x_wconf 78' lang='grc' dir='ltr'><strong>τὸ</strong></span> <span class='ocrx_word' id='word_1_656' title='bbox 2898 3708 3168 3781; x_wconf 82' lang='grc' dir='ltr'>κατάρξαι</span> <span class='ocrx_word' id='word_1_657' title='bbox 3201 3708 3364 3779; x_wconf 87' lang='grc' dir='ltr'>μόνον</span> <span class='ocrx_word' id='word_1_658' title='bbox 3409 3707 3612 3777; x_wconf 82' lang='grc' dir='ltr'>αὐτῶν,</span> <span class='ocrx_word' id='word_1_659' title='bbox 3664 3705 3804 3761; x_wconf 85' lang='grc' dir='ltr'><strong>ἀλλά</strong></span> 
     </span>
    </p>
   </div>
   <div class='ocr_carea' id='block_1_85' title="bbox 2219 3797 3808 3871">
    <p class='ocr_par' dir='ltr' id='par_1_85' title="bbox 2219 3797 3808 3871">
     <span class='ocr_line' id='line_1_85' title="bbox 2219 3797 3808 3871; baseline -0.001 -20"><span class='ocrx_word' id='word_1_660' title='bbox 2219 3799 2328 3868; x_wconf 86' lang='grc' dir='ltr'><strong>γάρ</strong></span> <span class='ocrx_word' id='word_1_661' title='bbox 2359 3800 2438 3862; x_wconf 88' lang='grc' dir='ltr'><strong>εἰς</strong></span> <span class='ocrx_word' id='word_1_662' title='bbox 2466 3798 2634 3871; x_wconf 82' lang='grc' dir='ltr'>τιμὴν</span> <span class='ocrx_word' id='word_1_663' title='bbox 2658 3799 2753 3853; x_wconf 73' lang='grc' dir='ltr'>καὶ</span> <span class='ocrx_word' id='word_1_664' title='bbox 2780 3798 2939 3863; x_wconf 79' lang='grc' dir='ltr'>δόξαν</span> <span class='ocrx_word' id='word_1_665' title='bbox 2976 3800 3159 3863; x_wconf 78' lang='grc' dir='ltr'>αὐτοῖς</span> <span class='ocrx_word' id='word_1_666' title='bbox 3194 3798 3469 3870; x_wconf 70' lang='grc' dir='ltr'>χαριεῖται</span> <span class='ocrx_word' id='word_1_667' title='bbox 3495 3798 3596 3868; x_wconf 84' lang='grc' dir='ltr'><strong>τὴν</strong></span> <span class='ocrx_word' id='word_1_668' title='bbox 3614 3799 3674 3851; x_wconf 85' lang='grc' dir='ltr'><strong>ἐν</strong></span> <span class='ocrx_word' id='word_1_669' title='bbox 3702 3797 3808 3852; x_wconf 82' lang='grc' dir='ltr'>αὑ-</span> 
     </span>
    </p>
   </div>
   <div class='ocr_carea' id='block_1_86' title="bbox 2219 3891 3802 3965">
    <p class='ocr_par' dir='ltr' id='par_1_86' title="bbox 2219 3891 3802 3965">
     <span class='ocr_line' id='line_1_86' title="bbox 2219 3891 3802 3965; baseline -0.001 -21"><span class='ocrx_word' id='word_1_670' title='bbox 2219 3895 2332 3955; x_wconf 83' lang='grc' dir='ltr'>τοῖς</span> <span class='ocrx_word' id='word_1_671' title='bbox 2369 3892 2698 3947; x_wconf 87' lang='grc' dir='ltr'>ἀνάπαυσιν.</span> <span class='ocrx_word' id='word_1_672' title='bbox 2752 3893 3110 3963; x_wconf 84' lang='grc' dir='ltr'>Ἐνδιαίτημα</span> <span class='ocrx_word' id='word_1_673' title='bbox 3166 3894 3264 3964; x_wconf 79' lang='grc' dir='ltr'>μὲν</span> <span class='ocrx_word' id='word_1_674' title='bbox 3296 3893 3408 3965; x_wconf 81' lang='grc' dir='ltr'><strong>γάρ</strong></span> <span class='ocrx_word' id='word_1_675' title='bbox 3455 3891 3609 3963; x_wconf 86' lang='grc' dir='ltr'>αὑτῷ</span> <span class='ocrx_word' id='word_1_676' title='bbox 3645 3892 3802 3959; x_wconf 73' lang='grc' dir='ltr'>φίλον</span> 
     </span>
    </p>
   </div>
   <div class='ocr_carea' id='block_1_87' title="bbox 2218 3979 3809 4050">
    <p class='ocr_par' dir='ltr' id='par_1_87' title="bbox 2218 3979 3809 4050">
     <span class='ocr_line' id='line_1_87' title="bbox 2218 3979 3809 4050; baseline 0.001 -17"><span class='ocrx_word' id='word_1_677' title='bbox 2218 3980 2327 4034; x_wconf 83' lang='grc' dir='ltr'><strong>τῶν</strong></span> <span class='ocrx_word' id='word_1_678' title='bbox 2359 3981 2529 4050; x_wconf 87' lang='grc' dir='ltr'>ἁγίων</span> <span class='ocrx_word' id='word_1_679' title='bbox 2571 3982 2600 4034; x_wconf 96' lang='lat'><strong>6</strong></span> <span class='ocrx_word' id='word_1_680' title='bbox 2645 3981 2792 4046; x_wconf 89' lang='grc' dir='ltr'>νοῦς,</span> <span class='ocrx_word' id='word_1_681' title='bbox 2827 3982 3169 4047; x_wconf 75' lang='grc' dir='ltr'>ἐναυλίζεται</span> <span class='ocrx_word' id='word_1_682' title='bbox 3214 3983 3269 4037; x_wconf 85' lang='grc' dir='ltr'>δὲ</span> <span class='ocrx_word' id='word_1_683' title='bbox 3324 3986 3439 4046; x_wconf 90' lang='grc' dir='ltr'>τοῖς</span> <span class='ocrx_word' id='word_1_684' title='bbox 3483 3981 3676 4047; x_wconf 83' lang='grc' dir='ltr'>ἀξίοις,</span> <span class='ocrx_word' id='word_1_685' title='bbox 3708 3979 3809 4035; x_wconf 75' lang='grc' dir='ltr'>καὶ</span> 
     </span>
    </p>
   </div>
   <div class='ocr_carea' id='block_1_88' title="bbox 2218 4067 3807 4143">
    <p class='ocr_par' dir='ltr' id='par_1_88' title="bbox 2218 4067 3807 4143">
     <span class='ocr_line' id='line_1_88' title="bbox 2218 4067 3807 4143; baseline 0.001 -21"><span class='ocrx_word' id='word_1_686' title='bbox 2218 4067 2559 4122; x_wconf 82' lang='grc' dir='ltr'>ἀναπαύεται</span> <span class='ocrx_word' id='word_1_687' title='bbox 2590 4068 2790 4139; x_wconf 71' lang='grc' dir='ltr'>ψυχαῖς</span> <span class='ocrx_word' id='word_1_688' title='bbox 2822 4072 2998 4143; x_wconf 77' lang='grc' dir='ltr'>ἱεραῖς</span> <span class='ocrx_word' id='word_1_689' title='bbox 3024 4071 3136 4125; x_wconf 85' lang='grc' dir='ltr'><strong>τῶν</strong></span> <span class='ocrx_word' id='word_1_690' title='bbox 3170 4071 3482 4142; x_wconf 80' lang='grc' dir='ltr'>σεϐομένων</span> <span class='ocrx_word' id='word_1_691' title='bbox 3506 4071 3688 4133; x_wconf 86' lang='grc' dir='ltr'>αὑτὸν,</span> <span class='ocrx_word' id='word_1_692' title='bbox 3708 4077 3807 4124; x_wconf 77' lang='grc' dir='ltr'>καὶ</span> 
     </span>
    </p>
   </div>
   <div class='ocr_carea' id='block_1_89' title="bbox 2218 4158 3807 4235">
    <p class='ocr_par' dir='ltr' id='par_1_89' title="bbox 2218 4158 3807 4235">
     <span class='ocr_line' id='line_1_89' title="bbox 2218 4158 3807 4235; baseline 0.003 -23"><span class='ocrx_word' id='word_1_693' title='bbox 2218 4161 2332 4223; x_wconf 86' lang='grc' dir='ltr'>τοῖς</span> <span class='ocrx_word' id='word_1_694' title='bbox 2360 4158 2585 4212; x_wconf 90' lang='grc' dir='ltr'>λαϐοῦσι</span> <span class='ocrx_word' id='word_1_695' title='bbox 2643 4160 2707 4213; x_wconf 87' lang='grc' dir='ltr'><strong>τὸ</strong></span> <span class='ocrx_word' id='word_1_696' title='bbox 2744 4162 2934 4234; x_wconf 86' lang='grc' dir='ltr'>χρῆμα</span> <span class='ocrx_word' id='word_1_697' title='bbox 2965 4165 3099 4235; x_wconf 88' lang='grc' dir='ltr'>τιμή</span> <span class='ocrx_word' id='word_1_698' title='bbox 3141 4163 3202 4217; x_wconf 83' lang='grc' dir='ltr'><strong>τέ</strong></span> <span class='ocrx_word' id='word_1_699' title='bbox 3243 4163 3359 4216; x_wconf 86' lang='grc' dir='ltr'>ἐστι</span> <span class='ocrx_word' id='word_1_700' title='bbox 3408 4164 3505 4216; x_wconf 71' lang='grc' dir='ltr'>καὶ</span> <span class='ocrx_word' id='word_1_701' title='bbox 3557 4162 3710 4229; x_wconf 80' lang='grc' dir='ltr'>δόξα.</span> <span class='ocrx_word' id='word_1_702' title='bbox 3736 4161 3807 4216; x_wconf 77' lang='grc' dir='ltr'>Τί</span> 
     </span>
    </p>
   </div>
   <div class='ocr_carea' id='block_1_90' title="bbox 2218 4250 3805 4322">
    <p class='ocr_par' dir='ltr' id='par_1_90' title="bbox 2218 4250 3805 4322">
     <span class='ocr_line' id='line_1_90' title="bbox 2218 4250 3805 4322; baseline 0.001 -18"><span class='ocrx_word' id='word_1_703' title='bbox 2218 4250 2326 4322; x_wconf 84' lang='grc' dir='ltr'><strong>γάρ</strong></span> <span class='ocrx_word' id='word_1_704' title='bbox 2351 4250 2418 4305; x_wconf 81' lang='grc' dir='ltr'>ἂν</span> <span class='ocrx_word' id='word_1_705' title='bbox 2474 4251 2688 4320; x_wconf 85' lang='grc' dir='ltr'>γένοιτο</span> <span class='ocrx_word' id='word_1_706' title='bbox 2734 4254 3048 4308; x_wconf 87' lang='grc' dir='ltr'>ἰσοστατοῦν</span> <span class='ocrx_word' id='word_1_707' title='bbox 3096 4256 3178 4320; x_wconf 85' lang='grc' dir='ltr'><strong>είς</strong></span> <span class='ocrx_word' id='word_1_708' title='bbox 3223 4254 3472 4319; x_wconf 82' lang='grc' dir='ltr'>εὐκλείας</span> <span class='ocrx_word' id='word_1_709' title='bbox 3515 4254 3673 4322; x_wconf 86' lang='grc' dir='ltr'>λόγον</span> <span class='ocrx_word' id='word_1_710' title='bbox 3703 4253 3805 4307; x_wconf 84' lang='grc' dir='ltr'><strong>τοῦ</strong></span> 
     </span>
    </p>
   </div>
   <div class='ocr_carea' id='block_1_91' title="bbox 2218 4341 3804 4416">
    <p class='ocr_par' dir='ltr' id='par_1_91' title="bbox 2218 4341 3804 4416">
     <span class='ocr_line' id='line_1_91' title="bbox 2218 4341 3804 4416; baseline 0.004 -22"><span class='ocrx_word' id='word_1_711' title='bbox 2218 4342 2352 4395; x_wconf 86' lang='grc' dir='ltr'>Θεὸν</span> <span class='ocrx_word' id='word_1_712' title='bbox 2406 4341 2551 4412; x_wconf 72' lang='grc' dir='ltr'>ἔχειν</span> <span class='ocrx_word' id='word_1_713' title='bbox 2597 4343 2982 4415; x_wconf 78' lang='grc' dir='ltr'>ἐνηυλισμένον</span> <span class='ocrx_word' id='word_1_714' title='bbox 3031 4346 3127 4399; x_wconf 78' lang='grc' dir='ltr'><strong>καὶ</strong></span> <span class='ocrx_word' id='word_1_715' title='bbox 3178 4346 3488 4400; x_wconf 85' lang='grc' dir='ltr'>ἐνοικοῦντα</span> <span class='ocrx_word' id='word_1_716' title='bbox 3514 4346 3804 4416; x_wconf 85' lang='grc' dir='ltr'>καρδίαις;</span> 
     </span>
    </p>
   </div>
   <div class='ocr_carea' id='block_1_92' title="bbox 556 4425 2118 4509">
    <p class='ocr_par' dir='ltr' id='par_1_92' title="bbox 556 4425 2109 4505">
     <span class='ocr_line' id='line_1_92' title="bbox 556 4425 2109 4505; baseline 0.012 -28"><span class='ocrx_word' id='word_1_717' title='bbox 556 4441 577 4474; x_wconf 75' lang='grc' dir='ltr'><strong>ι</strong></span> <span class='ocrx_word' id='word_1_718' title='bbox 618 4425 673 4479; x_wconf 84' lang='lat' dir='ltr'><strong>Si</strong></span> <span class='ocrx_word' id='word_1_719' title='bbox 702 4428 846 4482; x_wconf 85' lang='lat' dir='ltr'><strong>enim</strong></span> <span class='ocrx_word' id='word_1_720' title='bbox 872 4432 1018 4498; x_wconf 87' lang='lat' dir='ltr'><strong>quis,</strong></span> <span class='ocrx_word' id='word_1_721' title='bbox 1061 4433 1262 4503; x_wconf 89' lang='lat' dir='ltr'><strong>inquit,</strong></span> <span class='ocrx_word' id='word_1_722' title='bbox 1321 4437 1502 4491; x_wconf 88' lang='lat' dir='ltr'><strong>audiet</strong></span> <span class='ocrx_word' id='word_1_723' title='bbox 1550 4454 1859 4495; x_wconf 84' lang='lat' dir='ltr'><strong>sermonem</strong></span> <span class='ocrx_word' id='word_1_724' title='bbox 1908 4456 2109 4505; x_wconf 88' lang='lat' dir='ltr'><strong>meum,</strong></span> 
     </span>
    </p>
   </div>
   <div class='ocr_carea' id='block_1_93' title="bbox 2220 4425 3809 4509">
    <p class='ocr_par' dir='ltr' id='par_1_93' title="bbox 2220 4432 3809 4509">
     <span class='ocr_line' id='line_1_93' title="bbox 2220 4432 3809 4509; baseline 0.004 -23"><span class='ocrx_word' id='word_1_725' title='bbox 2220 4433 2413 4488; x_wconf 86' lang='grc' dir='ltr'>Ἔσται</span> <span class='ocrx_word' id='word_1_726' title='bbox 2444 4432 2625 4488; x_wconf 82' lang='grc' dir='ltr'>τοίνυν</span> <span class='ocrx_word' id='word_1_727' title='bbox 2658 4436 2753 4489; x_wconf 80' lang='grc' dir='ltr'><strong>καὶ</strong></span> <span class='ocrx_word' id='word_1_728' title='bbox 2801 4435 2945 4490; x_wconf 87' lang='grc' dir='ltr'><strong>κατά</strong></span> <span class='ocrx_word' id='word_1_729' title='bbox 2980 4436 3169 4490; x_wconf 90' lang='grc' dir='ltr'>τοῦτον</span> <span class='ocrx_word' id='word_1_730' title='bbox 3186 4437 3281 4491; x_wconf 87' lang='grc' dir='ltr'><strong>τὸν</strong></span> <span class='ocrx_word' id='word_1_731' title='bbox 3307 4437 3563 4509; x_wconf 81' lang='grc' dir='ltr'>τρόπονή</span> <span class='ocrx_word' id='word_1_732' title='bbox 3589 4440 3648 4491; x_wconf 85' lang='grc' dir='ltr'><strong>ἐν</strong></span> <span class='ocrx_word' id='word_1_733' title='bbox 3668 4439 3809 4507; x_wconf 83' lang='grc' dir='ltr'>ἡμῖν</span> 
     </span>
    </p>
   </div>
   <div class='ocr_carea' id='block_1_94' title="bbox 550 4515 2119 4597">
    <p class='ocr_par' dir='ltr' id='par_1_94' title="bbox 550 4515 2119 4597">
     <span class='ocr_line' id='line_1_94' title="bbox 550 4515 2119 4597; baseline 0.012 -31"><span class='ocrx_word' id='word_1_734' title='bbox 550 4515 737 4586; x_wconf 77' lang='lat' dir='ltr'><strong>diliget</strong></span> <span class='ocrx_word' id='word_1_735' title='bbox 760 4532 885 4573; x_wconf 90' lang='lat' dir='ltr'><strong>eum</strong></span> <span class='ocrx_word' id='word_1_736' title='bbox 914 4518 1078 4576; x_wconf 85' lang='lat' dir='ltr'><strong>Pater</strong></span> <span class='ocrx_word' id='word_1_737' title='bbox 1109 4536 1286 4590; x_wconf 88' lang='lat' dir='ltr'><strong>meus,</strong></span> <span class='ocrx_word' id='word_1_738' title='bbox 1316 4535 1375 4580; x_wconf 92' lang='lat' dir='ltr'><strong>et</strong></span> <span class='ocrx_word' id='word_1_739' title='bbox 1433 4526 1501 4582; x_wconf 88' lang='lat' dir='ltr'><strong>ad</strong></span> <span class='ocrx_word' id='word_1_740' title='bbox 1531 4540 1654 4582; x_wconf 91' lang='lat' dir='ltr'><strong>eum</strong></span> <span class='ocrx_word' id='word_1_741' title='bbox 1703 4531 2014 4597; x_wconf 82' lang='lat' dir='ltr'><strong>veniemus,</strong></span> <span class='ocrx_word' id='word_1_742' title='bbox 2062 4539 2119 4586; x_wconf 92' lang='lat' dir='ltr'><strong>et</strong></span> 
     </span>
    </p>
   </div>
   <div class='ocr_carea' id='block_1_95' title="bbox 551 4603 1234 4664">
    <p class='ocr_par' dir='ltr' id='par_1_95' title="bbox 551 4603 1234 4664">
     <span class='ocr_line' id='line_1_95' title="bbox 551 4603 1234 4664; baseline 0.007 -7"><span class='ocrx_word' id='word_1_743' title='bbox 551 4603 604 4657; x_wconf 89' lang='lat' dir='ltr'><strong>in</strong></span> <span class='ocrx_word' id='word_1_744' title='bbox 633 4618 698 4659; x_wconf 91' lang='lat' dir='ltr'><strong>eo</strong></span> <span class='ocrx_word' id='word_1_745' title='bbox 730 4607 1075 4664; x_wconf 78' lang='lat' dir='ltr'><strong>manebimus</strong></span> <span class='ocrx_word' id='word_1_746' title='bbox 1111 4610 1182 4664; x_wconf 79' lang='lat'><strong>“.</strong></span> <span class='ocrx_word' id='word_1_747' title='bbox 1214 4628 1234 4662; x_wconf 74' lang='grc' dir='ltr'><strong>ι</strong></span> 
     </span>
    </p>
   </div>
   <div class='ocr_carea' id='block_1_96' title="bbox 624 4863 2114 4944">
    <p class='ocr_par' dir='ltr' id='par_1_96' title="bbox 624 4863 2114 4944">
     <span class='ocr_line' id='line_1_96' title="bbox 624 4863 2114 4944; baseline 0.013 -30"><span class='ocrx_word' id='word_1_748' title='bbox 624 4863 788 4919; x_wconf 64' lang='lat' dir='ltr'><strong>Vsus.</strong></span> <span class='ocrx_word' id='word_1_749' title='bbox 832 4866 918 4920; x_wconf 78' lang='lat' dir='ltr'><strong>il.</strong></span> <span class='ocrx_word' id='word_1_750' title='bbox 952 4866 1021 4922; x_wconf 84' lang='lat' dir='ltr'><strong>Et</strong></span> <span class='ocrx_word' id='word_1_751' title='bbox 1044 4870 1147 4924; x_wconf 72' lang='lat' dir='ltr'><strong>erit</strong></span> <span class='ocrx_word' id='word_1_752' title='bbox 1178 4870 1264 4927; x_wconf 83' lang='lat' dir='ltr'><strong>die</strong></span> <span class='ocrx_word' id='word_1_753' title='bbox 1282 4871 1401 4940; x_wconf 74' lang='lat' dir='ltr'><strong>illa,</strong></span> <span class='ocrx_word' id='word_1_754' title='bbox 1439 4883 1614 4944; x_wconf 70' lang='lat' dir='ltr'><strong>perget</strong></span> <span class='ocrx_word' id='word_1_755' title='bbox 1650 4874 1902 4932; x_wconf 73' lang='lat' dir='ltr'><strong>Dominus</strong></span> <span class='ocrx_word' id='word_1_756' title='bbox 1938 4889 2114 4933; x_wconf 74' lang='lat' dir='ltr'><strong>oeten-</strong></span> 
     </span>
    </p>
   </div>
   <div class='ocr_carea' id='block_1_97' title="bbox 547 4952 2109 5040">
    <p class='ocr_par' dir='ltr' id='par_1_97' title="bbox 547 4952 2109 5040">
     <span class='ocr_line' id='line_1_97' title="bbox 547 4952 2109 5040; baseline 0.013 -35"><span class='ocrx_word' id='word_1_757' title='bbox 547 4952 672 5006; x_wconf 73' lang='lat' dir='ltr'><strong>dere</strong></span> <span class='ocrx_word' id='word_1_758' title='bbox 701 4971 912 5010; x_wconf 65' lang='lat' dir='ltr'><strong>incanum</strong></span> <span class='ocrx_word' id='word_1_759' title='bbox 932 4974 1106 5028; x_wconf 72' lang='lat' dir='ltr'><strong>suam,</strong></span> <span class='ocrx_word' id='word_1_760' title='bbox 1131 4963 1201 5017; x_wconf 81' lang='lat' dir='ltr'><strong>ad</strong></span> <span class='ocrx_word' id='word_1_761' title='bbox 1223 4966 1582 5021; x_wconf 64' lang='lat' dir='ltr'><strong>emittendum</strong></span> <span class='ocrx_word' id='word_1_762' title='bbox 1608 4969 1877 5022; x_wconf 72' lang='lat' dir='ltr'><strong>residuum</strong></span> <span class='ocrx_word' id='word_1_763' title='bbox 1906 4975 2109 5040; x_wconf 79' lang='lat' dir='ltr'><strong>populi,</strong></span> 
     </span>
    </p>
   </div>
   <div class='ocr_carea' id='block_1_98' title="bbox 548 5046 2117 5136">
    <p class='ocr_par' dir='ltr' id='par_1_98' title="bbox 548 5046 2117 5136">
     <span class='ocr_line' id='line_1_98' title="bbox 548 5046 2117 5136; baseline 0.015 -41"><span class='ocrx_word' id='word_1_764' title='bbox 548 5046 688 5113; x_wconf 82' lang='lat' dir='ltr'><strong>quod</strong></span> <span class='ocrx_word' id='word_1_765' title='bbox 716 5046 953 5102; x_wconf 66' lang='lat' dir='ltr'><strong>relictum</strong></span> <span class='ocrx_word' id='word_1_766' title='bbox 985 5051 1146 5119; x_wconf 75' lang='lat' dir='ltr'><strong>fuerit</strong></span> <span class='ocrx_word' id='word_1_767' title='bbox 1174 5060 1241 5108; x_wconf 76' lang='lat' dir='ltr'><strong>ab</strong></span> <span class='ocrx_word' id='word_1_768' title='bbox 1295 5055 1552 5127; x_wconf 73' lang='lat' dir='ltr'><strong>Assyriia,</strong></span> <span class='ocrx_word' id='word_1_769' title='bbox 1585 5069 1636 5113; x_wconf 81' lang='lat' dir='ltr'><strong>et</strong></span> <span class='ocrx_word' id='word_1_770' title='bbox 1670 5059 1735 5112; x_wconf 86' lang='lat' dir='ltr'><strong>ab</strong></span> <span class='ocrx_word' id='word_1_771' title='bbox 1776 5060 2031 5136; x_wconf 64' lang='lat' dir='ltr'><strong>Egypto,</strong></span> <span class='ocrx_word' id='word_1_772' title='bbox 2066 5071 2117 5117; x_wconf 76' lang='lat' dir='ltr'><strong>et</strong></span> 
     </span>
    </p>
   </div>
   <div class='ocr_carea' id='block_1_99' title="bbox 549 5135 2117 5220">
    <p class='ocr_par' dir='ltr' id='par_1_99' title="bbox 549 5135 2117 5220">
     <span class='ocr_line' id='line_1_99' title="bbox 549 5135 2117 5220; baseline 0.013 -31"><span class='ocrx_word' id='word_1_773' title='bbox 549 5135 869 5207; x_wconf 75' lang='lat' dir='ltr'><strong>Babylonia,</strong></span> <span class='ocrx_word' id='word_1_774' title='bbox 926 5142 1321 5213; x_wconf 63' lang='lat' dir='ltr'><strong>etrEthiopia,</strong></span> <span class='ocrx_word' id='word_1_775' title='bbox 1367 5157 1416 5202; x_wconf 79' lang='lat' dir='ltr'><strong>et</strong></span> <span class='ocrx_word' id='word_1_776' title='bbox 1466 5150 1531 5202; x_wconf 74' lang='lat' dir='ltr'><strong>ab</strong></span> <span class='ocrx_word' id='word_1_777' title='bbox 1591 5161 1714 5206; x_wconf 78' lang='lat' dir='ltr'><strong>ortu</strong></span> <span class='ocrx_word' id='word_1_778' title='bbox 1750 5135 1899 5220; x_wconf 73' lang='lat' dir='ltr'><strong>solis,</strong></span> <span class='ocrx_word' id='word_1_779' title='bbox 1957 5166 2003 5209; x_wconf 85' lang='lat' dir='ltr'><strong>et</strong></span> <span class='ocrx_word' id='word_1_780' title='bbox 2052 5158 2117 5209; x_wconf 83' lang='lat' dir='ltr'><strong>ab</strong></span> 
     </span>
    </p>
   </div>
   <div class='ocr_carea' id='block_1_100' title="bbox 547 5230 765 5283">
    <p class='ocr_par' dir='ltr' id='par_1_100' title="bbox 547 5230 765 5283">
     <span class='ocr_line' id='line_1_100' title="bbox 547 5230 765 5283; baseline 0.014 -3"><span class='ocrx_word' id='word_1_781' title='bbox 547 5230 765 5283; x_wconf 76' lang='lat' dir='ltr'><strong>Arabia.</strong></span> 
     </span>
    </p>
   </div>
   <div class='ocr_carea' id='block_1_101' title="bbox 621 5402 2116 5492">
    <p class='ocr_par' dir='ltr' id='par_1_101' title="bbox 621 5402 2116 5492">
     <span class='ocr_line' id='line_1_101' title="bbox 621 5402 2116 5492; baseline 0.013 -34"><span class='ocrx_word' id='word_1_782' title='bbox 621 5402 774 5460; x_wconf 83' lang='lat' dir='ltr'><strong>Diem</strong></span> <span class='ocrx_word' id='word_1_783' title='bbox 804 5406 989 5477; x_wconf 81' lang='lat' dir='ltr'><strong>itaque</strong></span> <span class='ocrx_word' id='word_1_784' title='bbox 1018 5412 1262 5467; x_wconf 84' lang='lat' dir='ltr'><strong>nominat</strong></span> <span class='ocrx_word' id='word_1_785' title='bbox 1304 5415 1567 5484; x_wconf 79' lang='lat' dir='ltr'><strong>propheta</strong></span> <span class='ocrx_word' id='word_1_786' title='bbox 1618 5420 1707 5474; x_wconf 86' lang='lat' dir='ltr'><strong>hic</strong></span> <span class='ocrx_word' id='word_1_787' title='bbox 1750 5429 1965 5492; x_wconf 85' lang='lat' dir='ltr'><strong>tempus</strong></span> <span class='ocrx_word' id='word_1_788' title='bbox 2009 5439 2116 5491; x_wconf 85' lang='lat' dir='ltr'><strong>quo</strong></span> 
     </span>
    </p>
   </div>
   <div class='ocr_carea' id='block_1_102' title="bbox 550 5491 2115 5576">
    <p class='ocr_par' dir='ltr' id='par_1_102' title="bbox 550 5491 2115 5576">
     <span class='ocr_line' id='line_1_102' title="bbox 550 5491 2115 5576; baseline 0.013 -29"><span class='ocrx_word' id='word_1_789' title='bbox 550 5491 751 5550; x_wconf 77' lang='lat' dir='ltr'><strong>Christi</strong></span> <span class='ocrx_word' id='word_1_790' title='bbox 782 5498 1045 5555; x_wconf 84' lang='lat' dir='ltr'><strong>adventus</strong></span> <span class='ocrx_word' id='word_1_791' title='bbox 1082 5501 1205 5568; x_wconf 78' lang='lat' dir='ltr'><strong>fuit,</strong></span> <span class='ocrx_word' id='word_1_792' title='bbox 1236 5513 1293 5558; x_wconf 88' lang='lat' dir='ltr'><strong>et</strong></span> <span class='ocrx_word' id='word_1_793' title='bbox 1321 5505 1732 5576; x_wconf 87' lang='lat' dir='ltr'><strong>dispensatione</strong></span> <span class='ocrx_word' id='word_1_794' title='bbox 1781 5491 1905 5567; x_wconf 83' lang='lat' dir='ltr'><strong>cum</strong></span> <span class='ocrx_word' id='word_1_795' title='bbox 1950 5529 2115 5569; x_wconf 86' lang='lat' dir='ltr'><strong>carne</strong></span> 
     </span>
    </p>
   </div>
   <div class='ocr_carea' id='block_1_103' title="bbox 2218 4524 3805 4601">
    <p class='ocr_par' dir='ltr' id='par_1_103' title="bbox 2218 4524 3805 4601">
     <span class='ocr_line' id='line_1_103' title="bbox 2218 4524 3805 4601; baseline 0.004 -24"><span class='ocrx_word' id='word_1_796' title='bbox 2218 4524 2522 4590; x_wconf 86' lang='grc' dir='ltr'>ἀνάπαυσις</span> <span class='ocrx_word' id='word_1_797' title='bbox 2541 4526 2707 4580; x_wconf 85' lang='grc' dir='ltr'>αὑτοῦ</span> <span class='ocrx_word' id='word_1_798' title='bbox 2729 4530 2840 4591; x_wconf 84' lang='grc' dir='ltr'>τοῖς</span> <span class='ocrx_word' id='word_1_799' title='bbox 2861 4527 3007 4592; x_wconf 80' lang='grc' dir='ltr'>ἀπαξ</span> <span class='ocrx_word' id='word_1_800' title='bbox 3029 4527 3270 4582; x_wconf 77' lang='grc' dir='ltr'>ἐθέλουσι</span> <span class='ocrx_word' id='word_1_801' title='bbox 3298 4530 3457 4601; x_wconf 86' lang='grc' dir='ltr'>τιμή·</span> <span class='ocrx_word' id='word_1_802' title='bbox 3493 4547 3513 4580; x_wconf 76' lang='grc' dir='ltr'><strong>ι</strong></span> <span class='ocrx_word' id='word_1_803' title='bbox 3535 4528 3663 4583; x_wconf 77' lang='grc' dir='ltr'>Ἐάν</span> <span class='ocrx_word' id='word_1_804' title='bbox 3689 4530 3805 4601; x_wconf 85' lang='grc' dir='ltr'><strong>γάρ</strong></span> 
     </span>
    </p>
   </div>
   <div class='ocr_carea' id='block_1_104' title="bbox 2216 4615 3805 4692">
    <p class='ocr_par' dir='ltr' id='par_1_104' title="bbox 2216 4615 3805 4692">
     <span class='ocr_line' id='line_1_104' title="bbox 2216 4615 3805 4692; baseline 0.006 -26"><span class='ocrx_word' id='word_1_805' title='bbox 2216 4630 2299 4677; x_wconf 75' lang='grc' dir='ltr'><strong>τις</strong></span> <span class='ocrx_word' id='word_1_806' title='bbox 2328 4615 2591 4689; x_wconf 80' lang='grc' dir='ltr'>ἀκούσῃ,›</span> <span class='ocrx_word' id='word_1_807' title='bbox 2639 4620 2795 4689; x_wconf 69' lang='grc' dir='ltr'>φησι,</span> <span class='ocrx_word' id='word_1_808' title='bbox 2853 4636 2871 4669; x_wconf 82' lang='grc' dir='ltr'><strong>ι</strong></span> <span class='ocrx_word' id='word_1_809' title='bbox 2899 4617 3007 4671; x_wconf 82' lang='grc' dir='ltr'>τῶν</span> <span class='ocrx_word' id='word_1_810' title='bbox 3047 4618 3221 4689; x_wconf 84' lang='grc' dir='ltr'>λόγων</span> <span class='ocrx_word' id='word_1_811' title='bbox 3248 4636 3374 4691; x_wconf 86' lang='grc' dir='ltr'>μου,</span> <span class='ocrx_word' id='word_1_812' title='bbox 3398 4621 3674 4692; x_wconf 75' lang='grc' dir='ltr'>ἀγαπήσει</span> <span class='ocrx_word' id='word_1_813' title='bbox 3702 4622 3805 4675; x_wconf 76' lang='grc' dir='ltr'>αὑο</span> 
     </span>
    </p>
   </div>
   <div class='ocr_carea' id='block_1_105' title="bbox 2219 4704 3807 4784">
    <p class='ocr_par' dir='ltr' id='par_1_105' title="bbox 2219 4704 3807 4784">
     <span class='ocr_line' id='line_1_105' title="bbox 2219 4704 3807 4784; baseline 0.006 -26"><span class='ocrx_word' id='word_1_814' title='bbox 2219 4704 2310 4758; x_wconf 87' lang='grc' dir='ltr'><strong>τὸν</strong></span> <span class='ocrx_word' id='word_1_815' title='bbox 2346 4708 2375 4758; x_wconf 90' lang='lat'><strong>6</strong></span> <span class='ocrx_word' id='word_1_816' title='bbox 2402 4709 2595 4780; x_wconf 87' lang='grc' dir='ltr'>Πατήρ</span> <span class='ocrx_word' id='word_1_817' title='bbox 2630 4726 2752 4780; x_wconf 91' lang='grc' dir='ltr'>μου,</span> <span class='ocrx_word' id='word_1_818' title='bbox 2790 4710 2885 4763; x_wconf 77' lang='grc' dir='ltr'><strong>καὶ</strong></span> <span class='ocrx_word' id='word_1_819' title='bbox 2916 4711 3053 4782; x_wconf 81' lang='grc' dir='ltr'>πρὸς</span> <span class='ocrx_word' id='word_1_820' title='bbox 3100 4711 3265 4766; x_wconf 86' lang='grc' dir='ltr'>αὑτὸν</span> <span class='ocrx_word' id='word_1_821' title='bbox 3297 4711 3649 4784; x_wconf 77' lang='grc' dir='ltr'>ἐλευσόμεθα,</span> <span class='ocrx_word' id='word_1_822' title='bbox 3706 4715 3807 4768; x_wconf 77' lang='grc' dir='ltr'>καὶ</span> 
     </span>
    </p>
   </div>
   <div class='ocr_carea' id='block_1_106' title="bbox 2218 4794 2923 4869">
    <p class='ocr_par' dir='ltr' id='par_1_106' title="bbox 2218 4794 2923 4869">
     <span class='ocr_line' id='line_1_106' title="bbox 2218 4794 2923 4869; baseline 0.01 -24"><span class='ocrx_word' id='word_1_823' title='bbox 2218 4795 2278 4845; x_wconf 86' lang='grc' dir='ltr'><strong>ἐν</strong></span> <span class='ocrx_word' id='word_1_824' title='bbox 2305 4794 2454 4864; x_wconf 87' lang='grc' dir='ltr'>αὑτῷ</span> <span class='ocrx_word' id='word_1_825' title='bbox 2478 4797 2872 4869; x_wconf 89' lang='grc' dir='ltr'>καταλύσομεν.</span> <span class='ocrx_word' id='word_1_826' title='bbox 2903 4817 2923 4851; x_wconf 72' lang='grc' dir='ltr'><strong>ι</strong></span> 
     </span>
    </p>
   </div>
   <div class='ocr_carea' id='block_1_107' title="bbox 2288 4884 3813 4963">
    <p class='ocr_par' dir='ltr' id='par_1_107' title="bbox 2288 4884 3813 4963">
     <span class='ocr_line' id='line_1_107' title="bbox 2288 4884 3813 4963; baseline 0.007 -24"><span class='ocrx_word' id='word_1_827' title='bbox 2288 4884 2401 4940; x_wconf 79' lang='grc' dir='ltr'><strong>Καὶ</strong></span> <span class='ocrx_word' id='word_1_828' title='bbox 2429 4886 2598 4940; x_wconf 74' lang='grc' dir='ltr'>ἔσται</span> <span class='ocrx_word' id='word_1_829' title='bbox 2623 4888 2693 4941; x_wconf 83' lang='grc' dir='ltr'>ἐν</span> <span class='ocrx_word' id='word_1_830' title='bbox 2724 4891 2914 4959; x_wconf 76' lang='grc' dir='ltr'>ἡμέρᾳ</span> <span class='ocrx_word' id='word_1_831' title='bbox 2955 4891 3182 4961; x_wconf 80' lang='grc' dir='ltr'>ἐκείνῃ,</span> <span class='ocrx_word' id='word_1_832' title='bbox 3221 4895 3558 4963; x_wconf 79' lang='grc' dir='ltr'>προσθήσει</span> <span class='ocrx_word' id='word_1_833' title='bbox 3588 4895 3813 4963; x_wconf 79' lang='grc' dir='ltr'>Κύριος</span> 
     </span>
    </p>
   </div>
   <div class='ocr_carea' id='block_1_108' title="bbox 2221 4975 3811 5052">
    <p class='ocr_par' dir='ltr' id='par_1_108' title="bbox 2221 4975 3811 5052">
     <span class='ocr_line' id='line_1_108' title="bbox 2221 4975 3811 5052; baseline 0.008 -22"><span class='ocrx_word' id='word_1_834' title='bbox 2221 4976 2329 5031; x_wconf 85' lang='grc' dir='ltr'><strong>τοῦ</strong></span> <span class='ocrx_word' id='word_1_835' title='bbox 2374 4975 2563 5043; x_wconf 81' lang='grc' dir='ltr'>δεῖξαι</span> <span class='ocrx_word' id='word_1_836' title='bbox 2616 4978 2729 5048; x_wconf 78' lang='grc' dir='ltr'><strong>τὴν</strong></span> <span class='ocrx_word' id='word_1_837' title='bbox 2782 4982 2949 5051; x_wconf 85' lang='grc' dir='ltr'>χεῖρα</span> <span class='ocrx_word' id='word_1_838' title='bbox 2998 4984 3221 5051; x_wconf 79' lang='grc' dir='ltr'>αὑτοῦ,</span> <span class='ocrx_word' id='word_1_839' title='bbox 3273 4986 3380 5040; x_wconf 82' lang='grc' dir='ltr'><strong>τοῦ</strong></span> <span class='ocrx_word' id='word_1_840' title='bbox 3428 4985 3693 5052; x_wconf 73' lang='grc' dir='ltr'>ζηλῶσαι</span> <span class='ocrx_word' id='word_1_841' title='bbox 3736 4989 3811 5043; x_wconf 81' lang='grc' dir='ltr'>τὸ</span> 
     </span>
    </p>
   </div>
   <div class='ocr_carea' id='block_1_109' title="bbox 2223 5070 3815 5143">
    <p class='ocr_par' dir='ltr' id='par_1_109' title="bbox 2223 5070 3815 5143">
     <span class='ocr_line' id='line_1_109' title="bbox 2223 5070 3815 5143; baseline 0.007 -21"><span class='ocrx_word' id='word_1_842' title='bbox 2223 5070 2620 5138; x_wconf 66' lang='grc' dir='ltr'>καταλειφθὲν</span> <span class='ocrx_word' id='word_1_843' title='bbox 2649 5074 2990 5128; x_wconf 73' lang='grc' dir='ltr'>ὑπόλοιπον</span> <span class='ocrx_word' id='word_1_844' title='bbox 3015 5076 3123 5130; x_wconf 84' lang='grc' dir='ltr'><strong>τοῦ</strong></span> <span class='ocrx_word' id='word_1_845' title='bbox 3143 5077 3319 5143; x_wconf 68' lang='grc' dir='ltr'><strong>⁸λαοῦ,</strong></span> <span class='ocrx_word' id='word_1_846' title='bbox 3351 5078 3383 5131; x_wconf 79' lang='grc' dir='ltr'>ὃ</span> <span class='ocrx_word' id='word_1_847' title='bbox 3407 5080 3516 5133; x_wconf 81' lang='grc' dir='ltr'><strong>ἐὰν</strong></span> <span class='ocrx_word' id='word_1_848' title='bbox 3533 5084 3815 5135; x_wconf 66' lang='grc' dir='ltr'>καταλει-</span> 
     </span>
    </p>
   </div>
   <div class='ocr_carea' id='block_1_110' title="bbox 2221 5156 3813 5239">
    <p class='ocr_par' dir='ltr' id='par_1_110' title="bbox 2221 5156 3813 5239">
     <span class='ocr_line' id='line_1_110' title="bbox 2221 5156 3813 5239; baseline 0.011 -29"><span class='ocrx_word' id='word_1_849' title='bbox 2221 5156 2348 5228; x_wconf 81' lang='grc' dir='ltr'><strong>φθῇ</strong></span> <span class='ocrx_word' id='word_1_850' title='bbox 2380 5159 2498 5214; x_wconf 80' lang='grc' dir='ltr'><strong>ἀπὸ</strong></span> <span class='ocrx_word' id='word_1_851' title='bbox 2539 5161 2656 5213; x_wconf 77' lang='grc' dir='ltr'><strong>τῶν</strong></span> <span class='ocrx_word' id='word_1_852' title='bbox 2683 5162 3028 5233; x_wconf 73' lang='grc' dir='ltr'>Ἀσσυρίων,</span> <span class='ocrx_word' id='word_1_853' title='bbox 3060 5165 3159 5220; x_wconf 79' lang='grc' dir='ltr'><strong>καί</strong></span> <span class='ocrx_word' id='word_1_854' title='bbox 3199 5167 3318 5222; x_wconf 84' lang='grc' dir='ltr'><strong>ἀπὸ</strong></span> <span class='ocrx_word' id='word_1_855' title='bbox 3359 5170 3682 5239; x_wconf 74' lang='grc' dir='ltr'>Αἰγύπτου,</span> <span class='ocrx_word' id='word_1_856' title='bbox 3707 5174 3813 5227; x_wconf 77' lang='grc' dir='ltr'>καὶ</span> 
     </span>
    </p>
   </div>
   <div class='ocr_carea' id='block_1_111' title="bbox 2226 5248 3807 5330">
    <p class='ocr_par' dir='ltr' id='par_1_111' title="bbox 2226 5248 3807 5330">
     <span class='ocr_line' id='line_1_111' title="bbox 2226 5248 3807 5330; baseline 0.011 -30"><span class='ocrx_word' id='word_1_857' title='bbox 2226 5248 2610 5315; x_wconf 76' lang='grc' dir='ltr'>Βαϐυλωνίας</span> <span class='ocrx_word' id='word_1_858' title='bbox 2651 5253 2750 5305; x_wconf 79' lang='grc' dir='ltr'>καὶ</span> <span class='ocrx_word' id='word_1_859' title='bbox 2795 5255 3128 5323; x_wconf 75' lang='grc' dir='ltr'>Αἰθιοπίας.</span> <span class='ocrx_word' id='word_1_860' title='bbox 3170 5258 3270 5312; x_wconf 81' lang='grc' dir='ltr'>καὶ</span> <span class='ocrx_word' id='word_1_861' title='bbox 3305 5259 3423 5314; x_wconf 81' lang='grc' dir='ltr'><strong>ἀπὸ</strong></span> <span class='ocrx_word' id='word_1_862' title='bbox 3456 5262 3807 5330; x_wconf 71' lang='grc' dir='ltr'><strong>Ἔλαμιτὼν.</strong></span> 
     </span>
    </p>
   </div>
   <div class='ocr_carea' id='block_1_112' title="bbox 2222 5337 3580 5416">
    <p class='ocr_par' dir='ltr' id='par_1_112' title="bbox 2222 5337 3580 5416">
     <span class='ocr_line' id='line_1_112' title="bbox 2222 5337 3580 5416; baseline 0.013 -29"><span class='ocrx_word' id='word_1_863' title='bbox 2222 5338 2317 5388; x_wconf 74' lang='grc' dir='ltr'>καὶ</span> <span class='ocrx_word' id='word_1_864' title='bbox 2348 5337 2469 5391; x_wconf 77' lang='grc' dir='ltr'><strong>ἀπὸ</strong></span> <span class='ocrx_word' id='word_1_865' title='bbox 2497 5338 2677 5405; x_wconf 69' lang='grc' dir='ltr'>ἡλίου</span> <span class='ocrx_word' id='word_1_866' title='bbox 2706 5342 3039 5408; x_wconf 72' lang='grc' dir='ltr'>ἀνατολῶν,</span> <span class='ocrx_word' id='word_1_867' title='bbox 3069 5347 3165 5399; x_wconf 77' lang='grc' dir='ltr'>καὶ</span> <span class='ocrx_word' id='word_1_868' title='bbox 3194 5347 3263 5411; x_wconf 81' lang='grc' dir='ltr'>ἐξ</span> <span class='ocrx_word' id='word_1_869' title='bbox 3299 5348 3580 5416; x_wconf 76' lang='grc' dir='ltr'>Ἀραϐίας.</span> 
     </span>
    </p>
   </div>
   <div class='ocr_carea' id='block_1_113' title="bbox 2305 5426 3819 5513">
    <p class='ocr_par' dir='ltr' id='par_1_113' title="bbox 2305 5426 3819 5513">
     <span class='ocr_line' id='line_1_113' title="bbox 2305 5426 3819 5513; baseline 0.011 -35"><span class='ocrx_word' id='word_1_870' title='bbox 2305 5426 2547 5499; x_wconf 85' lang='grc' dir='ltr'>Ἦμέραν</span> <span class='ocrx_word' id='word_1_871' title='bbox 2577 5430 2673 5499; x_wconf 81' lang='grc' dir='ltr'><strong>μὲν</strong></span> <span class='ocrx_word' id='word_1_872' title='bbox 2693 5426 2788 5485; x_wconf 77' lang='grc' dir='ltr'><strong>οῦν</strong></span> <span class='ocrx_word' id='word_1_873' title='bbox 2816 5435 2846 5484; x_wconf 89' lang='grc' dir='ltr'>ὀ</span> <span class='ocrx_word' id='word_1_874' title='bbox 2873 5438 3158 5506; x_wconf 65' lang='grc' dir='ltr'>προφήτης</span> <span class='ocrx_word' id='word_1_875' title='bbox 3182 5437 3241 5489; x_wconf 88' lang='grc' dir='ltr'><strong>ἐν</strong></span> <span class='ocrx_word' id='word_1_876' title='bbox 3260 5436 3471 5502; x_wconf 82' lang='grc' dir='ltr'>τούτοις</span> <span class='ocrx_word' id='word_1_877' title='bbox 3498 5440 3593 5492; x_wconf 83' lang='grc' dir='ltr'><strong>τὸν</strong></span> <span class='ocrx_word' id='word_1_878' title='bbox 3615 5443 3819 5513; x_wconf 85' lang='grc' dir='ltr'>καιρὸν</span> 
     </span>
    </p>
   </div>
   <div class='ocr_carea' id='block_1_114' title="bbox 2219 5515 3816 5605">
    <p class='ocr_par' dir='ltr' id='par_1_114' title="bbox 2219 5515 3816 5605">
     <span class='ocr_line' id='line_1_114' title="bbox 2219 5515 3816 5605; baseline 0.014 -38"><span class='ocrx_word' id='word_1_879' title='bbox 2219 5515 2496 5587; x_wconf 73' lang='grc' dir='ltr'>ὀνομάζει,</span> <span class='ocrx_word' id='word_1_880' title='bbox 2530 5521 2650 5574; x_wconf 82' lang='grc' dir='ltr'>καθ’</span> <span class='ocrx_word' id='word_1_881' title='bbox 2687 5522 2748 5577; x_wconf 79' lang='grc' dir='ltr'>ὃν</span> <span class='ocrx_word' id='word_1_882' title='bbox 2799 5526 2831 5595; x_wconf 87' lang='grc' dir='ltr'><strong>ή</strong></span> <span class='ocrx_word' id='word_1_883' title='bbox 2883 5527 3120 5597; x_wconf 85' lang='grc' dir='ltr'>Χριστοῦ</span> <span class='ocrx_word' id='word_1_884' title='bbox 3148 5526 3338 5596; x_wconf 82' lang='grc' dir='ltr'>γέγονε</span> <span class='ocrx_word' id='word_1_885' title='bbox 3381 5532 3687 5605; x_wconf 80' lang='grc' dir='ltr'>παρουσία,</span> <span class='ocrx_word' id='word_1_886' title='bbox 3716 5541 3816 5593; x_wconf 71' lang='grc' dir='ltr'><strong>καὶ</strong></span> 
     </span>
    </p>
   </div>
   <div class='ocr_carea' id='block_1_115' title="bbox 629 5640 2118 5745">
    <p class='ocr_par' dir='ltr' id='par_1_115' title="bbox 629 5640 2104 5731">
     <span class='ocr_line' id='line_1_115' title="bbox 629 5640 2104 5731; baseline 0.016 -31"><span class='ocrx_word' id='word_1_887' title='bbox 629 5640 669 5673; x_wconf 83' lang='grc'><strong><em>⁸⁸</em></strong></span> <span class='ocrx_word' id='word_1_888' title='bbox 707 5644 898 5717; x_wconf 83' lang='lat' dir='ltr'><strong>Ephcs.</strong></span> <span class='ocrx_word' id='word_1_889' title='bbox 932 5668 990 5717; x_wconf 89' lang='lat' dir='ltr'><strong>ll,</strong></span> <span class='ocrx_word' id='word_1_890' title='bbox 1028 5655 1111 5721; x_wconf 82' lang='lat' dir='ltr'><strong>ll,</strong></span> <span class='ocrx_word' id='word_1_891' title='bbox 1158 5658 1241 5711; x_wconf 73' lang='grc'><strong>12.</strong></span> <span class='ocrx_word' id='word_1_892' title='bbox 1321 5657 1364 5689; x_wconf 81' lang='grc'><strong>⁸⁸</strong></span> <span class='ocrx_word' id='word_1_893' title='bbox 1394 5657 1547 5717; x_wconf 81' lang='lat' dir='ltr'><strong>Joan.</strong></span> <span class='ocrx_word' id='word_1_894' title='bbox 1581 5682 1709 5731; x_wconf 74' lang='grc' dir='ltr'>ινιι,</span> <span class='ocrx_word' id='word_1_895' title='bbox 1754 5669 1801 5720; x_wconf 85' lang='grc' dir='ltr'>ι.</span> <span class='ocrx_word' id='word_1_896' title='bbox 1879 5667 1921 5700; x_wconf 69' lang='grc'><strong>⁸³</strong></span> <span class='ocrx_word' id='word_1_897' title='bbox 1950 5667 2104 5723; x_wconf 80' lang='lat' dir='ltr'><strong>Jnau.</strong></span> 
     </span>
    </p>
   </div>
   <div class='ocr_carea' id='block_1_116' title="bbox 2220 5640 2959 5745">
    <p class='ocr_par' dir='ltr' id='par_1_116' title="bbox 2222 5673 2959 5745">
     <span class='ocr_line' id='line_1_116' title="bbox 2222 5673 2959 5745; baseline 0.015 -20"><span class='ocrx_word' id='word_1_898' title='bbox 2222 5690 2256 5735; x_wconf 83' lang='grc' dir='ltr'><strong>ι,</strong></span> <span class='ocrx_word' id='word_1_899' title='bbox 2294 5673 2383 5728; x_wconf 68' lang='lat' dir='ltr'><strong>fl.</strong></span> <span class='ocrx_word' id='word_1_900' title='bbox 2452 5676 2496 5705; x_wconf 75' lang='grc'><strong>⁶⁶</strong></span> <span class='ocrx_word' id='word_1_901' title='bbox 2529 5674 2681 5730; x_wconf 82' lang='lat' dir='ltr'><strong>Juau.</strong></span> <span class='ocrx_word' id='word_1_902' title='bbox 2723 5695 2831 5745; x_wconf 69' lang='grc' dir='ltr'>τιν,</span> <span class='ocrx_word' id='word_1_903' title='bbox 2871 5681 2959 5736; x_wconf 68' lang='lat'><strong>23.</strong></span> 
     </span>
    </p>
   </div>
  </div>
