4122 6292
506 350 604 406 551

1497 345 1554 400 S.
1598 341 1872 398 CYiiILLl
1913 339 2378 397 ALEXANDRINI
2420 339 2738 409 ARCHIEP.

3660 345 3763 400 55:2

501 467 617 536 ejus
667 466 996 530 Rohoamus,
1045 479 1076 518 a
1119 478 1225 534 quo
1271 462 1502 518 dissecta
1551 471 1636 517 est
1688 462 1743 516 in
1793 460 2064 516 dissidiun‘

2181 457 2326 528 ὁοάμ
2345 474 2358 490 ’
2387 458 2715 529 κατεσχίσθη
2738 458 2796 512 δὲ
2824 457 2960 529 πρὸς
2979 458 3244 528 διχόνοιαν
3265 458 3359 512 ἀπ’
3381 458 3549 512 αὑτοῦ
3578 460 3638 512 τὸ
3657 461 3764 514 τῶν

501 570 632 624 gens
653 555 900 619 .lndaica,
939 562 994 608 et
1041 553 1228 606 decem
1275 551 1450 604 tribus
1481 565 1605 604 cum
1660 547 1879 602 dimidia
1930 546 2074 600 tribu

501 647 756 716 Epitraim
788 645 1211 713 commigrarunt
1267 641 1570 695 Samariam
1622 657 1636 694 :
1687 637 2075 710 Hierosolymis

502 752 629 792 vero
677 734 935 790 remansit
985 735 1162 788 tribus
1195 729 1353 792 Juda,
1384 740 1440 785 et
1479 728 1698 784 dimidia
1740 727 1914 782 tribus
1958 725 2070 779 Ma-

500 829 694 882 nassis.
739 825 1162 896 Regnaruntque
1191 823 1428 878 vicissim
1457 820 1614 875 statis
1645 819 1996 889 temporibus,
2019 825 2075 872 et

500 923 686 973 horum
719 925 775 973 et
823 917 1037 972 illorum
1089 915 1296 984 aliquot
1347 930 1362 968 :
1421 911 1828 981 Hierosolymis,
1864 910 1956 980 qui
2004 924 2070 964 ex

499 1011 636 1064 tribu
679 1008 838 1072 Juda,
890 1009 942 1062 in
988 1007 1228 1067 Samaria
1285 1021 1412 1062 vero
1469 1005 1558 1074 qui
1609 1021 1674 1060 ex
1725 1005 1868 1058 tribu
1915 1011 2074 1060 erant

501 1103 777 1168 Epltt'nim.
808 1101 872 1156 Et
898 1116 1090 1169 magna
1119 1099 1325 1154 interea
1367 1099 1466 1153 loci
1509 1097 1670 1167 205
1708 1098 1850 1152 inter
1890 1106 2071 1166 partes

499 1193 748 1247 cii‘etlnnt
801 1192 1110 1257 mmulatio,
1159 1191 1297 1246 bella
1345 1191 1560 1254 crebra,
1627 1198 1682 1243 et
1730 1187 1958 1244 aliorum
2015 1187 2068 1242 in

496 1287 634 1338 alios
681 1284 940 1338 tumultus
992 1292 1046 1337 et
1097 1282 1534 1344 incursationes.
1604 1281 1764 1335 siculi
1820 1280 1872 1333 in
1917 1279 2070 1334 libris

502 1377 813 1445 Regnorum
846 1376 1048 1429 diserte
1088 1375 1396 1443 exponitur.
1444 1371 1542 1427 Ubi
1584 1382 1764 1428 autem
1808 1371 2069 1437 Chaldaei,

484 1477 550 1523 et
579 1469 871 1538 Babylonis
911 1466 1143 1521 Persicas
1188 1480 1364 1534 reges,
1419 1465 1724 1520 universam
1770 1478 1953 1534 prope.
2012 1471 2072 1518 ut

495 1564 570 1616 ita
600 1555 827 1615 dixerim
853 1599 868 1624 ,
914 1558 1154 1616 Iudaeam
1190 1560 1583 1623 devastassent,
1623 1558 1674 1612 in
1721 1572 1874 1612 suam
1926 1556 2068 1625 ipso-

493 1670 612 1710 rum
673 1663 897 1719 terram,
946 1664 1054 1708 tum
1099 1652 1374 1715 lsraelem,
1433 1662 1545 1706 tum
1593 1649 1784 1706 ludam
1827 1648 2068 1720 captivos

494 1748 858 1811 abduxerunt,
901 1747 952 1801 id
982 1753 1086 1813 est,
1122 1755 1230 1800 tam
1255 1760 1350 1802 eos
1392 1745 1482 1816 qui
1507 1745 1561 1798 in
1599 1742 1866 1808 Samaria,
1903 1756 2066 1812 quam

2195 551 2465 604 Ἰουδαίων
2494 551 2647 614 ἔθνος
2667 565 2680 579 ⁸
2709 550 2806 603 καί
2833 551 2889 604 αί
2921 548 3020 619 μὲν
3041 549 3173 604 δέκα
3196 550 3360 619 φυλαὶ
3383 553 3479 605 καὶ
3513 552 3572 604 τὸ
3593 552 3762 623 ἥμισυ

2183 641 2354 711 φυλῆς
2391 640 2632 714 Ἐφραῖμ
2664 641 3083 712 μετῳκίσθησαν
3116 641 3174 694 ἐν
3207 643 3273 712 τῇ
3298 641 3607 713 Σαμαρείᾳ,
3631 643 3688 694 ἐν
3708 643 3762 695 δέ

2180 749 2244 800 γε
2271 735 2382 796 τοῖς
2416 733 2807 803 Ἰεροσολύμοις
2835 733 3260 803 ἀπομεμένηκεν
3306 735 3338 804 ἡ
3383 733 3554 787 Ἰούδα
3597 733 3760 803 φυλὴ,

2179 822 2275 875 καὶ
2313 823 2376 875 τὸ
2403 823 2573 893 ἣμισυ
2617 823 2789 894 φυλῆς
2817 823 3472 895 Μανασσῆ.Ἐ6ασίλευόν
3514 841 3574 877 τε
3621 824 3760 878 κατά

2180 914 2405 984 καιροὺς
2450 913 2655 968 τούτων
2684 931 2744 968 τε
2779 914 3049 969 κάκείνων
3088 917 3256 978 τινές·
3293 916 3350 968 ἐν
3379 916 3478 984 μὲν
3505 918 3620 980 τοῖς
3661 916 3758 969 Ἱε-

2179 1004 2518 1077 ροσολύμοις,
2536 1007 2585 1059 οἱ
2611 1007 2674 1058 ἐκ
2696 1007 2868 1078 φυλῆς
2903 1005 3095 1066 Ἰούδα·
3117 1008 3174 1060 ἐν
3193 1005 3249 1061 δέ
3265 1022 3327 1074 γε
3353 1008 3420 1079 τῇ
3452 1006 3757 1086 Σαμαρείᾳ,

2175 1100 2227 1152 οἱ
2278 1101 2342 1152 ἐκ
2391 1098 2565 1169 φυλῆς
2597 1098 2857 1170 Ἑφραῖμ·
2887 1099 2982 1156 καὶ
3014 1098 3180 1162 πολὺς
3210 1099 3241 1156 ὁ⁴
3269 1098 3472 1170 μεταξὺ
3516 1101 3630 1162 τοῖς
3663 1099 3760 1170 μὲ-

2180 1205 2327 1259 ρεσιν
2361 1187 2644 1246 ἀνεκαίετο
2691 1186 2877 1257 ζῆλος,
2909 1186 3140 1257 πόλεμοί
3179 1203 3238 1239 τε
3273 1185 3479 1254 συχνοὶ,
3511 1184 3607 1236 καὶ
3635 1186 3759 1237 κατ’

2175 1278 2418 1350 ἀλλήλων
2473 1279 2899 1345 ἐπαναστάσεις,
2933 1278 3079 1333 καθά
3131 1278 3227 1331 καὶ
3275 1280 3333 1332 ἐν
3392 1276 3595 1348 βίϐλοις
3651 1275 3758 1329 τῶν

2177 1372 2472 1430 Βασιλειῶν
2524 1372 2871 1445 διηγόρευται
2919 1373 3126 1440 σαφῶς.
3145 1369 3363 1441 Ἐπειδὴ
3407 1370 3464 1423 δὲ
3500 1369 3758 1424 Χαλδαῖοι

2175 1464 2268 1516 καὶ
2317 1465 2368 1516 el
2417 1463 2733 1528 Βαϐυλῶνος
2787 1463 2889 1534 τῆς
2940 1463 3214 1535 Περσικῆς
3273 1461 3754 1533 βεϐασιλευκότες,

2176 1555 2411 1622 ἃπασαν,
2440 1556 2514 1620 ὠς
2546 1556 2674 1620 ἔπος
2712 1559 2907 1621 εἰπεῖν,
2938 1557 3037 1628 τὴν
3075 1557 3337 1618 Ἰουδαίαν.
3370 1555 3755 1626 καταδῃώσαν‹

2174 1662 2285 1709 τες,
2320 1646 2664 1717 ἀπεκόμισαν
2701 1649 3044 1720 αἰχμάλωτον
3073 1649 3153 1713 είς
3180 1648 3278 1720 τὴν
3321 1647 3531 1708 ἑαυτῶν
3565 1650 3656 1704 τόν
3693 1665 3752 1701 τε

2187 1737 2403 1814 Ἰσραὴλ
2453 1740 2545 1794 καὶ
2585 1740 2679 1794 τὸν
2721 1740 2951 1806 Ἰούδαν,
2998 1739 3144 1794 τοῦτ’
3173 1740 3312 1804 ἔστι,
3337 1741 3463 1804 τούς
3495 1758 3556 1794 τε
3595 1741 3654 1795 ἐν
3681 1743 3750 1812 τῇ

492 1840 582 1909 qui
625 1838 1015 1909 Hierosolymis
1056 1837 1339 1908 degebant.
1377 1837 1506 1891 Dein
1552 1835 1765 1890 liberati
1795 1848 1863 1888 ex
1894 1833 2064 1904 capti-

2168 1833 2486 1904 Σαμαρείᾳ,
2517 1833 2610 1893 καὶ
2647 1834 2774 1901 τοὺς
2808 1835 2866 1886 ἐν
2907 1835 3022 1897 τοῖς
3057 1833 3470 1904 Ἱεροσολύμοιςι
3502 1829 3620 1886 εἶτα
3648 1831 3750 1900 τῆς

494 1933 679 1995 vitate,
713 1932 892 1988 denuo
940 1930 1144 1986 reversi
1179 1939 1309 1985 sunt
1358 1929 1413 1984 in
1461 1943 1614 1984 suam
1666 1927 1963 1996 regionem,
2013 1936 2070 1981 et

492 2021 804 2077 habitarunt
851 2035 960 2076 non
1009 2020 1240 2090 sparsim
1291 2027 1346 2073 et
1398 2018 1612 2088 divisim
1665 2016 1917 2087 amplius,
1970 2018 2065 2071 sed

493 2110 883 2182 Hierosolymis
915 2125 1127 2176 omnes,
1152 2118 1544 2178 cessaruntque
1578 2107 1871 2178 separatim
1911 2119 2068 2176 reges

492 2203 597 2258 sibi
619 2217 687 2258 ac
715 2202 985 2272 principes
1013 2214 1231 2271 ungere,
1274 2209 1330 2256 et
1355 2199 1494 2254 alter
1513 2199 1741 2254 alterum
1784 2197 2065 2263 aiilictare,

492 2295 841 2361 acinvidere,
873 2295 1016 2349 sicut
1057 2294 1226 2364 prius.
1291 2291 1506 2349 Subditi
1555 2290 1699 2347 enim
1748 2299 1906 2346 erant
1955 2297 2067 2344 tum

493 2389 582 2442 uni
623 2384 942 2442 Zorohabeli
991 2385 1105 2441 ﬁlio
1157 2383 1488 2450 Salatbielis,
1545 2382 1637 2454 qui
1694 2390 1814 2438 erat
1856 2395 1887 2436 e
1927 2380 2067 2435 tribu

488 2479 644 2543 Joda,
679 2491 790 2533 tum
816 2488 872 2534 et
903 2477 1030 2534 .lesu
1063 2477 1173 2532 lilio
1200 2476 1482 2537 .losedech,
1509 2476 1600 2544 qui
1625 2473 1928 2528 sacerdotio
1957 2471 2068 2526 cla-

496 2574 619 2627 ruit.
655 2572 721 2626 Et
775 2572 888 2629 haec
941 2570 1158 2639 quidem
1210 2577 1295 2624 est
1338 2570 1395 2624 in
1434 2568 1522 2622 his
1571 2565 1828 2621 historica
1873 2561 2066 2618 oratio.

489 2664 776 2734 Prophetas
803 2672 984 2718 autem
1016 2660 1301 2717 consilium
1331 2669 1387 2716 et
1411 2673 1610 2729 seopus
1641 2658 1764 2724 fuit,
1791 2665 1850 2710 ut
1875 2670 1942 2711 ex
1978 2670 2064 2710 re-

493 2756 596 2808 bus
622 2752 1068 2818 evidentiorihus,
1103 2762 1156 2807 et
1194 2767 1260 2807 ex
1295 2751 1403 2807 illis
1445 2764 1564 2820 qua
1590 2747 1718 2803 olim
1749 2755 2066 2814 evenerunt,

493 2842 802 2898 Servatoris
867 2843 1040 2898 nostri
1102 2843 1368 2898 adventus
1423 2840 1710 2913 praeclaras
1763 2854 1851 2894 res
1884 2848 2066 2908 gestas

491 2936 820 2992 ostenderet.
857 2935 1053 2992 Erecto
1097 2936 1300 2991 etenim
1347 2936 1522 3006 signo,
1568 2935 1621 2990 id
1678 2942 1780 3000 est,
1833 2931 2065 3003 pretiosa

491 3041 677 3094 cruce,
716 3036 771 3082 et
803 3041 898 3098 per
929 3027 1243 3082 universum
1278 3026 1464 3082 orbem
1509 3035 1776 3082 terrarum
1823 3023 2069 3095 gentibus

488 3135 552 3176 ac
580 3119 792 3190 populis
811 3120 1074 3187 exhibito,
1102 3120 1245 3176 facta
1281 3129 1366 3175 est
1391 3133 1581 3175 eorum
1609 3119 1701 3189 qui
1728 3117 2064 3190 captivitate,

489 3212 739 3267 videlicet
787 3212 1127 3281 intelligibill,
1161 3212 1562 3278 detinebantur,
1605 3210 1876 3278 remissio,
1917 3223 2064 3264 con-

490 3317 684 3357 cursus
715 3301 778 3356 ad
808 3305 1174 3370 concordiam,
1207 3303 1448 3358 Studium
1479 3303 1546 3356 ad
1575 3303 1878 3356 animorum
1906 3299 2060 3356 fidei-

489 3380 596 3459 q'ue
617 3391 1053 3456 consensionem,
1083 3392 1225 3446 inter
1255 3406 1373 3457 eos,
1407 3391 1499 3460 qui
1526 3391 1654 3446 olim
1681 3389 1836 3445 divisi
1884 3397 2060 3455 erant,

488 3481 579 3551 qui
602 3479 894 3534 multorum
924 3495 986 3536 ac
1015 3481 1300 3552 impiorum
1327 3491 1674 3553 tyrannorum
1691 3481 1822 3551 iugo
1839 3495 2062 3550 oppres-

489 3572 534 3627 si
581 3569 904 3642 (servierunt
939 3573 1083 3628 enim
1152 3573 1379 3642 impuris
1421 3570 1722 3642 spiritibus)
1755 3585 1943 3627 eorum
1972 3569 2063 3640 ju-

487 3678 612 3734 gum
641 3662 987 3733 depulerunt,
1013 3673 1069 3719 et
1101 3664 1166 3718 ad
1210 3663 1339 3718 Sion
1393 3663 1787 3736 intelligihilem
1833 3677 1928 3719 seu
1982 3661 2066 3720 Je-

490 3755 740 3820 rusalem,
777 3755 829 3810 id
859 3765 966 3822 est,
998 3754 1317 3822 Ecclesiam,
1365 3768 1577 3811 summa
1611 3769 1734 3811 cum
1783 3754 2063 3812 alacritate

494 3847 913 3914 conﬂuxerunt,
966 3849 1167 3920 unique
1222 3847 1332 3919 regi
1398 3847 1597 3903 subditi
1649 3854 1804 3913 sunt,
1862 3846 1915 3902 id
1955 3857 2059 3910 est.

497 3939 740 4003 Christo,
771 3940 926 4012 cujus
966 3949 1148 4011 typum
1184 3955 1293 4011 pra:
1318 3954 1379 3996 se
1418 3939 1586 4011 gessit
1620 3939 1936 4004 Zorobabel,
1979 3955 2062 3995 re-

494 4035 699 4088 ducens
726 4049 790 4089 ex
820 4034 1133 4105 captivitate
1169 4033 1444 4101 lsraelem,
1492 4043 1742 4088 versante
1797 4048 1918 4088 cum
1969 4033 2062 4087 illo

487 4125 648 4180 etiam
679 4126 808 4182 Jesu
853 4126 1133 4184 sacerdote
1183 4141 1399 4198 magno,
1434 4135 1490 4180 ut
1531 4126 1586 4182 in
1625 4141 1693 4181 eo
1734 4124 2062 4197 intelligatur

487 4219 760 4283 Christus,
783 4232 876 4274 rex
900 4219 1108 4288 pariter
1132 4225 1188 4274 et
1207 4219 1484 4282 sacerdos,
1515 4227 1757 4281 sanctus,
1781 4217 2056 4283 innocens,

490 4308 822 4377 impollutus,
863 4317 1177 4380 segregatus
1221 4323 1251 4364 a
1291 4309 1684 4378 peccatoribus,
1715 4317 1770 4364 et
1799 4307 2061 4364 excelsior

488 4399 644 4455 caelis
678 4399 874 4465 factus,
905 4399 1063 4454 sicuti
1095 4398 1269 4468 inquit
1297 4399 1508 4454 divinus
1551 4399 1750 4453 Paulus
1786 4400 1851 4453 ⁸⁷.
1904 4399 2056 4466 Quod

2088 3168 2136 3232 C

2170 1920 2544 1992 αἰχμαλωσίας
2587 1921 3022 1994 ἀπηλλαγμένοι,
3059 1921 3221 1981 πάλιν
3266 1922 3640 1994 ὑπενόστησαν
3673 1922 3756 1986 είς

2168 2013 2268 2085 τὴν
2317 2013 2548 2078 ἑαυτῶν,
2572 2014 2666 2068 καὶ
2718 2014 3107 2086 κατῳκήκασιν
3142 2014 3342 2072 -ούκέτι
3385 2013 3752 2087 διῃρημένοις,

2169 2103 2284 2157 ἀλλ’
2315 2106 2373 2158 ἐν
2427 2106 2538 2168 τοῖς
2578 2103 2965 2176 Ἰεροσολύμοις
3022 2106 3294 2170 ἅπαντες·
3340 2105 3647 2160 ἐπαύσαντο
3695 2105 3753 2159 δὲ

2167 2195 2261 2250 τοῦ
2287 2198 2383 2250 καὶ
2407 2197 2510 2252 ἀνά
2539 2197 2707 2268 μέρος
2739 2197 2914 2269 χρίειν
2948 2199 3031 2267 ἐφ’
3055 2200 3266 2264 ἑαυτοῖς
3297 2198 3555 2270 βασιλέας
3578 2217 3636 2254 τε
3659 2202 3757 2252 καὶ

2169 2290 2455 2360 ἄρχοντας,
2493 2289 2697 2344 θλίϐειν
2728 2308 2786 2344 τε
2810 2291 3096 2362 ἀλλήλους,
3129 2294 3222 2347 καὶ
3255 2292 3452 2363 ζηλοῦν
3481 2293 3583 2358 ἐτι,
3608 2293 3756 2353 καθὰ

2169 2381 2264 2434 καὶ
2311 2381 2598 2452 πρότερον.
2635 2382 2755 2450 Ὑφ’
2787 2382 2868 2436 ἐνὶ
2925 2384 3032 2455 γὰρ
3082 2385 3340 2453 γεγόνασι
3381 2383 3443 2437 τὸ
3496 2385 3753 2456 τηνικάδε

2169 2470 2490 2542 Ζωροόάϐελ
2517 2471 2595 2541 τῷ
2622 2472 2714 2524 τοῦ
2755 2473 3048 2546 Σαλαθιήλ,
3077 2475 3134 2537 ὃς
3157 2471 3225 2546 ἦν
3252 2478 3317 2529 ἐκ
3349 2476 3519 2547 φυλῆς
3556 2477 3754 2545 Ἰούδαι

2169 2561 2261 2614 καὶ
2291 2562 2472 2631 μέντοι
2504 2563 2599 2616 καὶ
2644 2563 2818 2634 Ἰησοῦ
2847 2565 2922 2635 τῷ
2947 2565 3042 2619 τοῦ
3077 2567 3321 2621 Ἰωσεδὲκ
3351 2565 3427 2639 τῷ
3457 2567 3753 2639 προῦχοντι

2168 2651 2290 2706 καθ’
2318 2653 2636 2723 ἱερωσύνην.
2664 2655 2774 2708 Καὶ
2816 2656 2845 2708 6
2891 2656 2990 2728 μὲν
3024 2657 3123 2726 τῆς
3157 2657 3398 2729 ἱστορίας
3437 2659 3496 2711 ἐν
3538 2659 3750 2724 τούτοις

2167 2742 2342 2811 λόγος.
2372 2745 2566 2813 Γέγονε
2591 2746 2648 2800 δὲ
2677 2745 2756 2818 τῷ
2779 2750 3032 2821 προφήτῃ
3055 2751 3274 2816 σκοπὸς,
3303 2751 3379 2814 ὼς
3402 2751 3468 2804 ἐκ
3493 2752 3753 2824 πραγμά-

2171 2852 2279 2889 των
2311 2838 2732 2910 ἐμφανεστέρων
2763 2841 2857 2894 καὶ
2889 2842 2952 2894 ἐκ
2985 2841 3091 2896 τῶν
3119 2845 3230 2906 τοῖς
3273 2843 3436 2898 πάλαι
3469 2843 3746 2914 συμϐεϐη-

2169 2926 2343 2980 κότων
2371 2930 2470 2999 τῆς
2500 2928 2594 2982 τοῦ
2629 2929 2878 3008 Σωτῆρος
2910 2931 3066 3007 ήμῶν
3099 2932 3392 3004 ἐπιδημίας
3436 2934 3751 3000 καταδεῖξαι

2166 3019 2235 3073 τὰ
2283 3019 2700 3092 κατορθώματα.
2742 3021 3143 3096 Ἐγηγερμένου
3192 3027 3302 3097 γὰρ
3346 3027 3439 3079 τοῦ
3494 3027 3746 3098 σημείου,

2166 3111 2310 3165 τοῦτ’
2344 3112 2481 3177 ἐστι,
2515 3112 2610 3170 τοῦ
2639 3113 2824 3184 τιμίου
2861 3115 3121 3187 σταυροῦ,
3155 3119 3248 3170 καὶ
3277 3117 3556 3188 ἐμφανοῦς
3595 3135 3748 3187 γεγοο

2165 3203 2316 3268 νότος
2338 3207 2450 3268 τοῖς
2478 3206 2583 3266 άνά
2625 3207 2807 3265 πᾶσαν
2847 3208 2946 3282 τὴν
2973 3209 3299 3281 οἰκουμένην
3344 3211 3524 3265 ἔθνεσί
3553 3229 3614 3266 τε
3655 3217 3748 3266 καί

2162 3293 2328 3358 λαοῖς,
2362 3294 2585 3362 γέγονεν
2632 3297 2827 3366 ἄφεσις
2860 3297 2970 3354 τῶν
3009 3301 3067 3355 ἐν
3099 3300 3450 3374 αιχμαλωσίᾳ
3481 3303 3660 3374 (δῆλον
3688 3305 3744 3358 δὲ

2161 3385 2242 3444 ὅτι
2270 3387 2336 3457 τῇ
2361 3386 2568 3458 νοητῇ),
2599 3387 2870 3460 συνδρομὴ
2887 3388 3020 3461 πρὸς
3039 3389 3361 3462 ὁμοψυχίαν,
3384 3394 3588 3465 σπουδὴ
3609 3395 3744 3466 πρὸς

2162 3476 2413 3548 ὁμόνοιαν
2450 3479 2544 3531 καὶ
2575 3481 2898 3550 ὁμοπιστίαν
2927 3481 3034 3536 τῶν
3079 3483 3249 3538 πάλαι
3286 3483 3653 3556 διῃρημένων·
3693 3488 3743 3540 οἳ

2163 3569 2378 3633 πολλοῖς
2421 3587 2481 3623 τε
2537 3573 2633 3624 καὶ
2674 3573 2910 3637 ἀνοσίοις
2971 3576 3259 3646 τυράννοις
3314 3579 3744 3650 κατεζευγμένοι

2164 3660 2560 3732 (δεδουλεύκασι
2577 3663 2684 3734 γάρ
2699 3667 2811 3728 τοῖς
2839 3664 3172 3738 ἀκαθάρτοις
3186 3667 3502 3740 πνεύμασι),
3521 3671 3744 3726 ἀπεσεί-

2163 3769 2326 3805 σαντο
2359 3751 2458 3823 μὲν
2480 3753 2572 3808 τὸν
2598 3753 2822 3814 ἐκείνων
2851 3754 3038 3825 ζυγὸν,
3068 3758 3541 3830 συνδεδραμήκασι
3564 3759 3623 3815 δέ
3649 3761 3746 3818 καὶ

2166 3843 2312 3914 μάλα
2355 3843 2648 3914 προθύμως
2686 3847 2766 3906 είς
2797 3847 2896 3918 τὴν
2928 3847 3124 3924 νοητήν
3155 3848 3314 3915 Σιὼν,
3342 3851 3511 3920 ἤγουν
3545 3853 3744 3923 Ἱερουσ

2165 3935 2364 4006 σαλὴμ,
2394 3934 2542 3989 τοῦτ’
2571 3936 2707 3996 ἔστι.
2735 3937 2834 4009 τὴν
2872 3940 3216 4012 Ἐκκλησίαν,
3243 3944 3338 3996 καὶ.
3363 3943 3453 4014 ὑφ’
3484 3943 3565 3997 ἐνὶ
3586 3944 3744 4013 γεγό-

2161 4043 2284 4080 νασι
2321 4026 2546 4096 βασιλεῖ,
2579 4027 2722 4082 τοῦτ’
2751 4027 2867 4082 ἐστι
2894 4029 3136 4102 Χριστῷ,
3172 4025 3233 4086 οὗ
3267 4032 3362 4085 καὶ
3394 4033 3475 4096 εἰς
3507 4033 3681 4087 τύπον
3715 4036 3744 4087 6

2162 4119 2482 4190 Ζωροϐάὸελ
2512 4118 2600 4194 ἦν,
2629 4109 2977 4194 ἀνακομίζων
3006 4127 3072 4179 ἐκ
3103 4127 3201 4198 τῆς
3225 4128 3606 4198 αἰχμαλωσίας
3653 4129 3746 4186 τὸν

2173 4211 2386 4284 Ἰσραὴλ
2435 4214 2685 4278 συνόντος
2732 4216 2883 4287 αὐτῷ
2923 4217 3021 4276 καὶ
3059 4217 3235 4289 Ἰησοῦ
3276 4219 3372 4272 τοῦ
3422 4221 3614 4292 ἱερέως
3647 4223 3742 4280 καὶ

2162 4304 2420 4375 μεγάλου,
2451 4306 2518 4359 ἵν’
2545 4308 2606 4363 ἐν
2634 4307 2781 4377 αὐτῷ
2809 4309 3000 4378 νοῆται
3030 4310 3266 4381 Χριστὸς
3291 4311 3544 4382 βασιλεύς
3565 4330 3624 4366 τε
3651 4314 3745 4368 καὶ

2160 4397 2449 4467 ἀρχιερεὺς
2473 4435 2488 4461 ,
2521 4399 2698 4462 ὅσιος,
2733 4398 2960 4465 ἄκακος,
2997 4402 3260 4471 ἀμίαντος
3283 4444 3299 4471 ,
3336 4405 3744 4476 κεχωρισμένος

486 4499 666 4543 autent
705 4487 907 4545 Christi
939 4489 1168 4560 lignum,
1200 4487 1251 4542 id
1285 4499 1389 4555 est,
1427 4490 1662 4558 pretiosa
1695 4506 1847 4555 crux,
1901 4493 2054 4560 quasi

2168 4488 2268 4541 ἀπὸ
2316 4489 2423 4542 τῶν
2468 4491 2826 4562 ἁμαρτωλῶν,
2852 4495 2948 4548 καὶ
2988 4495 3322 4568 ὑψηλότερος
3353 4499 3464 4551 τῶν
3495 4499 3747 4571 οὐρανῶν

485 4581 818 4636 conciliatrix
866 4589 921 4634 et
963 4581 1249 4634 mediatrix
1283 4578 1464 4644 fuerit,
1501 4589 1558 4633 ut
1590 4581 1853 4638 universa)
1900 4591 2060 4638 terra:

488 4673 674 4728 incola:
721 4673 774 4727 in
831 4671 957 4726 ﬁdei
984 4669 1442 4740 conspirationem
1463 4669 1852 4736 coalescerent,
1882 4682 1938 4727 et
1966 4688 2062 4744 per

487 4765 633 4817 illum
659 4763 807 4818 Patri
849 4763 1190 4819 sanctissimo
1230 4761 1419 4817 intime
1452 4775 1518 4817 ac
1549 4762 1845 4818 domestice
1875 4766 2060 4820 conci-

488 4853 768 4916 liarentur,
827 4867 891 4907 ex
939 4851 1026 4906 his
1085 4864 1205 4920 qum
1264 4849 1487 4919 scripsit
1546 4848 1766 4904 divinus
1824 4848 2060 4907 Joannes

484 4943 830 5015 evangelista,
874 4943 1078 4999 ciarum
1133 4955 1255 4998 esse
1283 4941 1484 5013 poterit
1505 4950 1561 4996 et
1583 4941 1944 5011 perspicuum.
1976 4941 2061 4997 ln-

486 5033 724 5089 traduxit
749 5034 892 5088 enim
930 5033 1274 5089 maledictum
1307 5033 1453 5088 illum
1483 5032 1742 5103 Caipham
1781 5034 1836 5087 in
1874 5034 2058 5089 concio

485 5125 576 5188 lio,
602 5123 868 5179 dicentem
916 5141 930 5178 :
971 5141 990 5174 ι
1035 5122 1138 5178 Vos
1166 5124 1388 5179 nescitis
1412 5125 1727 5192 quidquam,
1761 5139 1934 5194 neque
1966 5140 2061 5180 co-

481 5218 665 5286 gitatis
697 5217 954 5286 capedire
993 5215 1159 5286 206
1189 5209 1363 5282 nobis,
1396 5225 1456 5270 ut
1499 5231 1639 5272 unus
1679 5218 1837 5273 homo
1865 5219 2059 5272 moria.

487 5317 574 5360 tur
598 5321 696 5379 pro
724 5307 941 5377 populo,
967 5315 1024 5362 et
1060 5319 1168 5360 non
1225 5315 1366 5359 totus
1413 5305 1641 5375 p0pulus
1677 5315 1861 5376 pereat
1908 5305 1972 5362 ⁸⁸.
2033 5326 2053 5360 ι

483 5397 687 5462 Quibus
709 5398 984 5466 subiunxit
1016 5414 1030 5451 :
1067 5414 1086 5448 ι
1125 5393 1239 5450 Hoc
1269 5404 1448 5450 autem
1481 5397 1616 5451 dixit
1644 5411 1748 5451 non
1792 5412 1821 5450 a
1859 5397 2056 5465 seipso,

484 5488 577 5541 sed
626 5486 884 5542 sacerdos
940 5502 1061 5541 cum
1118 5496 1263 5543 esset
1313 5490 1440 5544 anni
1497 5490 1660 5556 illius,
1719 5493 2057 5561 prophetavit

487 5577 804 5632 moriturum
830 5590 949 5631 esse
970 5575 1150 5632 Jesum
1180 5593 1278 5646 pro
1307 5589 1486 5649 gente,
1519 5591 1573 5637 et
1609 5598 1714 5638 non
1761 5599 1857 5652 pro
1895 5596 2053 5655 gente

565 5734 600 5766 σῖ
630 5733 792 5792 ίιειηκ
823 5746 915 5792 \‘ll,
945 5735 1029 5785 ‘26.
1111 5735 1154 5764 ⁸⁵
1181 5733 1330 5786 Jonn.
1365 5753 1438 5795 XI,
1472 5738 1557 5792 49.

2157 4579 2418 4648 γεγονὼς,
2453 4581 2597 4637 καθά
2625 4600 2788 4655 φησιν
2818 4585 2847 4638 6
2875 4585 3160 4652 θεσπέσιος
3186 4589 3556 4654 Παῦλος-,Ὅτι
3584 4591 3644 4644 δὲ
3681 4591 3745 4645 τὸ

2159 4671 2395 4742 Χριστοῦ
2436 4676 2682 4745 σημεῖον,
2712 4675 2856 4731 τοῦτ’
2886 4675 3055 4744 ἐστιν,
3082 4681 3110 4733 6
3145 4680 3329 4751 τίμιος
3381 4682 3617 4753 σταυρὸς
3647 4682 3744 4752 γι·

2159 4781 2282 4833 γονε
2327 4765 2584 4835 πρόξενος
2633 4767 2730 4822 τοῦ
2783 4770 3171 4842 συνενεχθῆναι
3223 4772 3364 4845 πρὸς
3413 4774 3744 4844 όμοπιστίαν

2159 4857 2286 4920 τοὺς
2319 4858 2422 4912 ἀνὰ
2457 4861 2638 4919 πᾶσαν
2688 4861 2788 4932 τὴν
2834 4865 2959 4934 γῆν,
2990 4865 3338 4936 οίκειωθῆναί
3382 4883 3445 4920 τε
3491 4865 3637 4920 οὕτω
3674 4867 3745 4920 δι’

2158 4947 2323 5000 αὐτοῦ
2367 4947 2445 5018 τῷ
2493 4951 2744 5024 παναγίῳ
2789 4954 2983 5025 Harp},
3021 4953 3191 5028 σαφὲς
3229 4955 3297 5010 ἂν
3330 4957 3541 5025 γένοιτο
3566 4956 3637 5011 δι’
3667 4949 3747 5011 ὧν

2159 5039 2434 5111 γέγραφεν
2467 5039 2495 5091 6
2523 5041 2806 5108 θεσπέσιος
2839 5046 3095 5118 Ἰωάννης
3115 5048 3144 5105 ὁ
3167 5047 3580 5119 εὐαγγελιστής.
3615 5048 3746 5102 Εἰσ-

2161 5131 2423 5202 κεκόμικε
2447 5133 2555 5204 γὰρ
2583 5132 2675 5187 τὸν
2707 5134 2980 5207 ἐπάρατον
3008 5137 3267 5208 Καϊάφαν
3286 5140 3402 5202 τοῖς
3430 5138 3488 5190 ἐν
3517 5137 3596 5208 τῷ
3624 5155 3749 5192 συν-

2157 5219 2324 5291 εδρίῳ
2357 5221 2582 5289 λέγοντα
2603 5240 2615 5254 ·
2659 5241 2678 5275 ι
2703 5223 2891 5295 Ὑμεῖς
2923 5226 3026 5279 οὐκ
3050 5226 3227 5281 οἴδατε
3252 5227 3429 5292 οὐδὲν,
3455 5228 3576 5281 οὐδέ
3598 5227 3751 5296 λογὶ-

2161 5309 2318 5373 ζεσθε
2345 5311 2426 5364 ὅτι
2460 5313 2728 5386 συμφέρει
2761 5317 2912 5386 ἡμῖν,
2953 5317 3040 5371 ἵνα
3069 5314 3151 5382 εἷς
3175 5319 3466 5390 ἄνθρωπος
3497 5319 3751 5393 ἀποθάνῃ

2166 5407 2308 5479 ὑπὲρ
2345 5408 2442 5464 τοῦ
2485 5410 2636 5477 λαοῦ,
2671 5413 2765 5465 καὶ
2809 5414 2884 5484 μὴ
2927 5415 3048 5468 ὅλον
3098 5415 3162 5468 τὸ
3203 5414 3356 5478 ἔθνος
3395 5415 3694 5488 ἀπόληται.
3729 5437 3748 5470 ι

2165 5501 2583 5571 Προσεπήνεγκε
2599 5502 2656 5556 δὲ
2669 5503 2878 5568 τούτοις
2898 5506 3101 5571 αὐτοῖς’
3123 5526 3142 5558 ι
3166 5505 3340 5560 Τοῦτο
3361 5507 3419 5562 δέ
3436 5508 3531 5578 ἀφ’
3552 5507 3753 5562 ἑαυτοῦ

2160 5588 2258 5642 οὐκ
2289 5585 2459 5655 εἶπεν,
2483 5591 2596 5644 ἀλλ’
2623 5593 2909 5664 ἀρχιερεὺς
2951 5593 3027 5650 ῶν
3074 5594 3168 5655 τοῦ
3217 5597 3468 5659 ἐνιαυτοῦ
3516 5598 3756 5667 ἐκείνου.
