4122 6292
3558 346 3662 400 536

414 365 519 421 335
1407 360 1462 413 S.
1507 357 1778 414 CYRILLI
1815 353 2283 411 ALEXANDRINI
2321 352 2637 410 ARCIHEP.

416 479 818 548 intelligendum
851 479 1078 534 videtur.
1116 481 1277 548 Igitur
1321 480 1374 533 in
1410 479 1638 548 navigiis
1667 477 1982 545 alienigena-

2093 475 2220 538 τοὺς
2247 473 2621 546 Διοσκούρους,
2647 469 2817 540 ταύτῃ
2850 469 3028 520 τοίνυν
3049 462 3342 519 ἀκόλουθον
3368 463 3664 532 ἀλλόφυλον

418 586 532 624 rum
559 573 936 633 extendentur,
984 568 1176 637 inquit,
1221 569 1270 621 id
1322 579 1426 632 est,
1477 567 1684 622 celeres
1734 574 1790 619 et
1830 563 1982 634 quasi

2091 562 2248 632 εἶναι,
2276 565 2419 619 τοῦτ’
2449 564 2618 628 ἔστιν,
2645 557 3164 628 εἰδωλολάτρηνιτῆς
3195 555 3331 619 νεὼς
3357 555 3447 608 τὸν
3475 555 3667 608 δεσπόο

417 663 662 716 volucres
688 661 1016 723 transibunt,
1045 669 1102 712 et
1145 659 1530 728 prmdabuntur
1569 672 1739 712 mare.
1770 655 1862 710 Est
1885 670 1985 708 au-

416 764 518 807 tem
559 751 826 806 familiare
876 749 1168 817 Scriptura:
1205 749 1463 803 divinitus
1501 749 1790 818 inspirans,
1837 759 1988 800 mare

415 847 686 918 appellare
724 855 907 914 partes
950 843 1334 909 occidentales,
1374 858 1439 898 eo
1481 843 1626 911 quod
1664 842 1734 895 ibi
1779 839 1984 908 spatio-

415 957 532 996 sum
591 939 876 994 admodum
929 939 1001 992 sit
1053 951 1222 990 mare.
1284 935 1496 990 Etenim
1552 933 1740 989 beatus
1793 929 1986 994 David,

415 1033 581 1088 totius
633 1029 813 1085 mundi
861 1027 1215 1082 architectum
1269 1025 1548 1080 declarans
1617 1019 1987 1078 universitatis

416 1125 580 1178 Deum
625 1141 638 1178 :
679 1140 699 1174 ι
727 1119 1066 1191 Αῑιιιῑιοηεω.
1106 1135 1126 1169 ι
1163 1115 1355 1186 inquit,
1391 1134 1409 1168 ι
1444 1125 1499 1170 et
1529 1129 1678 1169 mare
1711 1123 1766 1167 tu
1797 1110 1984 1168 condi-

415 1215 538 1269 disti
565 1214 635 1268 ’⁴.
678 1232 698 1267 ι
733 1211 883 1279 Quod
911 1221 1091 1264 autem
1114 1219 1170 1264 et
1197 1208 1410 1263 divinus
1439 1208 1652 1272 Petrus,
1678 1214 1732 1260 et
1758 1204 1987 1274 ipsemet

417 1301 618 1361 Paulus
661 1299 1119 1368 sapientissimus,
1160 1294 1580 1350 occidentalibus
1619 1295 1861 1364 partibus
1894 1306 1988 1346 oc-

415 1392 644 1464 cupatis,
707 1388 981 1444 Christum
1045 1387 1504 1452 annuntiaverint,
1561 1399 1719 1440 nemo
1764 1393 1850 1438 est
1895 1381 1986 1452 qui

417 1484 678 1553 ambigat.
733 1480 1197 1550 Depradabuntur
1246 1493 1392 1544 vero,
1445 1478 1638 1548 inquit,
1678 1486 1733 1531 et
1779 1476 1870 1546 qui
1919 1477 1988 1530 ab

415 1583 537 1630 ortu
560 1575 691 1630 solis
721 1581 869 1639 sunt,
895 1580 950 1627 et
986 1572 1292 1637 ldumaeam,
1325 1580 1380 1625 et
1409 1570 1462 1628 in
1496 1569 1758 1625 Moabitas
1796 1582 1988 1622 manus

415 1669 679 1739 injicienl.
712 1664 834 1721 Filii
874 1673 1054 1720 autem
1086 1666 1314 1718 Ammon
1345 1662 1502 1732 primi
1533 1659 1806 1715 obedient.
1851 1655 1984 1711 Nam

416 1768 530 1829 post
571 1752 880 1814 Iudaeorum
927 1755 1236 1826 regionem,
1294 1767 1482 1807 omnes
1529 1752 1781 1819 deinceps
1825 1749 1984 1804 ﬁniti-

2087 676 2204 729 την.
2241 655 2452 710 Οὐκοῦν
2499 657 2557 709 ὲν
2603 653 2806 714 πλοίοις
2854 649 3164 719 ἀλλοφῦλων
3209 647 3664 720 πετασθήσθνται,

2087 748 2242 820 φησὶ,
2275 747 2420 801 τοῦτ’
2450 745 2586 810 ἔστι,
2619 745 2870 816 δρομαῖοι
2917 743 3010 795 καὶ
3056 743 3328 812 πρόθυμοι
3371 740 3465 792 καὶ
3506 739 3667 792 οἱονεὶ

2090 839 2284 908 πτηνοὶ
2327 837 2694 906 διαϐήσονται,
2725 833 2820 888 καὶ
2863 831 3294 904 προνομεύσουσι
3337 831 3437 901 τὴν
3471 830 3668 883 θάλασ-

2089 928 2382 992 σαν.Ἒθος
2420 929 2476 982 δὲ
2506 929 2572 998 τῇ
2614 927 2735 998 θείᾳ.
2766 927 2955 996 Γραφῇ
2981 923 3254 978 Θάλασσαν
3269 923 3572 984 ἀποκαλεῖν
3599 922 3668 974 τὰ

2088 1020 2227 1093 πρὸς
2267 1023 2332 1092 τῇ
2373 1020 2586 1090 ἑσπέρᾳ
2617 1019 2778 1090 μέρη,
2809 1017 2979 1071 διάτοι
3006 1017 3067 1070 τὸ
3097 1015 3303 1085 σφόδρα
3330 1014 3529 1086 πολλὴν
3575 1015 3668 1069 καὶ

2087 1115 2304 1186 εὐρεῖαν
2341 1108 2481 1166 εἶναι
2513 1111 2609 1181 τὴν
2643 1110 2857 1179 ἐκείνης
2886 1109 3180 1162 θάλασσαν.
3211 1108 3320 1162 Κάι
3348 1107 3479 1177 γοῦν
3510 1109 3540 1160 ὁ
3566 1123 3668 1175 μα-

2087 1209 2278 1279 κάριος
2315 1204 2498 1270 Δαὸὶδ,
2528 1203 2730 1267 παντὸς
2761 1201 2856 1255 τοῦ
2905 1202 3112 1270 κόσμου
3160 1199 3493 1271 δημιουργὸν
3534 1201 3667 1252 ἀπο-

2087 1299 2292 1368 φαίνων
2335 1298 2425 1350 τὺν
2473 1295 2583 1350 τῶν
2626 1295 2763 1348 ὅλων
2797 1294 2958 1360 Θεὸν,
2998 1311 3018 1344 ι
3049 1293 3153 1345 Τὸν
3193 1291 3416 1363 βορρᾶν,
3445 1310 3466 1342 s
3511 1292 3668 1362 φησὶ,

2093 1410 2112 1444 ι
2141 1391 2234 1444 καὶ
2286 1389 2562 1443 Θάλασσαν
2601 1388 2666 1442 σὺ
2699 1386 2939 1450 ἔκτισας.
2972 1403 2992 1437 ι
3024 1385 3145 1439 ’Ότι
3189 1383 3245 1437 δὲ
3290 1384 3386 1439 καὶ
3412 1373 3444 1438 ὁ
3470 1383 3668 1437 θεσπέ-

2089 1499 2202 1545 σιος
2239 1481 2465 1552 Πέτρος,
2498 1479 2593 1534 καὶ
2628 1479 2734 1551 μὴν
2765 1479 2861 1534 καὶ
2891 1477 3055 1542 αὐτὸς
3075 1481 3104 1532 ὁ
3128 1478 3401 1546 πάνσοφος
3431 1477 3664 1541 Παῦλος,

2086 1573 2154 1626 τὰ
2197 1573 2301 1642 τῆς
2348 1571 2588 1643 ἑσπέρας
2613 1569 3011 1634 καταλαϐόντες
3060 1569 3224 1640 μέρη,
3261 1569 3668 1640 κατηγγέλκασι

2085 1665 2177 1717 τὸν
2210 1663 2441 1735 Ἰησοῦν,
2460 1663 2783 1718 ἐνδοιάσειεν
2807 1662 2872 1716 ἂν
2905 1663 3101 1726 οὐδείς.
3122 1663 3163 1713 Π
3172 1663 3559 1732 ρονομεύσουσι
3585 1661 3667 1733 δὲ,

2089 1758 2242 1829 φησὶ,
2268 1758 2364 1810 καὶ
2403 1756 2532 1819 τοὺς
2577 1757 2672 1824 ἀφ’
2705 1755 2860 1825 ἡλίου
2889 1753 3184 1815 ἀνατολῶν,
3210 1753 3302 1807 καὶ
3341 1753 3664 1822 Ἰδουμαίαν,

419 1866 518 1906 mm
574 1859 630 1905 et
677 1847 889 1912 vicine,
931 1861 1006 1927 _ae
1059 1846 1222 1901 etiam
1279 1845 1488 1914 longius
1543 1843 1766 1907 dissitas,
1819 1841 1982 1910 plenae

2090 1849 2185 1902 καὶ
2230 1850 2322 1901 ἐπὶ
2370 1847 2546 1902 Μωάϐ
2591 1847 2690 1910 τὰς
2731 1848 2918 1917 χεῖρας
2964 1845 3336 1900 ἐπιϐαλοῦσιν.
3371 1847 3435 1900 Ol
3475 1845 3533 1898 δὲ
3563 1846 3670 1899 υίοὶ

415 1947 572 1995 erant
603 1936 924 2001 idololatria,
973 1951 1136 1991 sensu
1180 1945 1235 1991 et
1275 1935 1622 2005 opinionibus
1661 1933 1984 1990 dissidentes

415 2033 483 2086 ab
513 2030 618 2096 his,
650 2029 742 2099 qui
773 2043 940 2083 unum
979 2037 1035 2083 et
1076 2039 1269 2083 natura
1305 2039 1361 2083 et
1404 2042 1530 2082 vere
1583 2027 1747 2082 Deum
1786 2040 1984 2096 cogno-

413 2129 590 2178 scunt.
618 2118 836 2175 Idumaei
867 2119 990 2174 dein
1021 2128 1075 2173 et
1106 2118 1369 2187 Moabitae,
1400 2126 1455 2174 et
1482 2118 1578 2172 lilii
1623 2119 1873 2184 Ammon,
1916 2117 1981 2170 li-

418 2215 590 2270 nitimi
621 2213 838 2284 quidem
873 2221 1029 2267 erant
1055 2211 1334 2276 lsraelitis,
1380 2219 1436 2267 et
1464 2211 1856 2266 conterminam
1898 2223 1983 2264 re-

415 2307 627 2376 gionem
657 2305 982 2370 incolebant,
1018 2304 1388 2360 dissenserunt
1437 2313 1636 2369 tamen,
1685 2309 1741 2356 et
1787 2314 1983 2372 graves

415 2409 469 2455 et
489 2397 868 2470 pugnacissimi
898 2397 1081 2452 hostes
1108 2397 1455 2460 exstiterunt,
1486 2405 1630 2450 astra
1663 2396 1980 2458 adorarunt,

415 2491 670 2560 omnique
709 2490 966 2559 religione
998 2487 1304 2544 Luciferum
1347 2487 1615 2557 prosecuti
1664 2495 1810 2553 sunt,
1851 2485 1982 2539 alio-

418 2597 648 2653 rumque
679 2581 897 2636 deorum
941 2580 1237 2650 principem
1287 2589 1344 2633 et
1393 2578 1690 2633 antistitem
1739 2580 1982 2632 nomina-

418 2684 562 2730 runt.
592 2675 832 2742 Quorum
863 2673 1042 2727 animo
1071 2686 1134 2726 ac
1173 2671 1323 2725 cordi
1353 2670 1618 2741 imprimis
1649 2669 1825 2724 illuxit
1858 2684 1984 2724 vere

417 2767 652 2831 Lucifer,
681 2775 737 2820 et
771 2766 859 2819 lux
899 2763 1004 2818 diei
1049 2763 1150 2818 sub
1177 2763 1590 2833 intelligentiam
1632 2763 1872 2817 cadentis
1901 2777 1985 2816 reo

415 2859 706 2932 splenduit.
741 2856 874 2911 Nam
922 2855 1148 2925 pristina
1199 2856 1391 2910 nebula
1446 2855 1673 2924 abiecta,
1731 2864 1784 2909 et
1836 2855 1982 2908 cultu

417 2948 809 3019 creatumjam
844 2946 1146 3016 repudiato,
1189 2945 1462 3001 Christum
1511 2946 1894 3013 adoraverunt,
1933 2955 1985 3000 et

415 3043 682 3117 quondam
745 3040 1158 3105 infcnsissimos,
1203 3039 1367 3110 203
1408 3039 1697 3101 lsraelilas.
1745 3041 1981 3110 inquam,

416 3142 876 3205 mystagugos,-et
926 3145 1200 3186 sacrorum
1257 3130 1560 3198 antistites,
1607 3140 1663 3185 et
1715 3143 1985 3200 praemon-

2097 1942 2152 1994 Ἀ
2164 1939 2324 2011 μμὼν
2357 1939 2564 2011 πρῶτοι
2593 1937 3014 1992 ὑπακούσονται.
3044 1937 3198 1991 Μετὰ
3213 1937 3322 2009 γάρ
3340 1955 3423 1991 τοι
3444 1938 3542 2009 τὴν
3559 1939 3670 1992 τῶν

2097 2031 2362 2087 Ἰουδαίων
2409 2029 2612 2102 χώραν,
2649 2029 2860 2083 ἅπασαι
2907 2028 3092 2082 λοιπὸν
3135 2031 3192 2082 al
3229 2029 3420 2100 ὅμοροι
3469 2047 3528 2082 τε
3573 2031 3668 2082 δαὶ

2084 2123 2342 2191 γείτονες,
2373 2123 2422 2176 εἰ
2452 2122 2546 2176 καὶ
2575 2120 2654 2174 ἔτι
2681 2121 3035 2192 πορρωτέρω,
3072 2121 3265 2192 μεσταὶ
3296 2122 3394 2192 μὲν
3415 2116 3558 2192 ἦσαν
3590 2123 3668 2175 εἰς

2083 2213 2458 2286 δωλολατρῶν,
2489 2213 2795 2284 ἀσύμϐατοι
2826 2213 2883 2266 δὲ
2915 2216 3027 2278 τοῖς
3066 2216 3376 2285 φρονήμασι
3422 2217 3537 2277 τοῖς
3576 2214 3670 2268 τὸν

2083 2307 2181 2360 ἕνα
2229 2307 2324 2360 καὶ
2367 2306 2535 2376 φύσει·
2557 2305 2650 2360 καὶ
2683 2305 2897 2377 ἀληθῶς
2924 2305 3088 2359 εἰδόσι
3115 2305 3268 2360 Θεόν.
3288 2304 3569 2376 Ἰδουμαῖοί
3605 2323 3666 2364 τε

2083 2402 2180 2453 καὶ
2205 2400 2515 2462 Μωαϐῖται,
2550 2400 2645 2452 καὶ
2677 2397 2868 2470 μέντοι
2897 2395 3372 2470 καὶυίοὶἌμμὼν,
3393 2398 3585 2470 ὅμοροι
3605 2416 3666 2452 τε

2082 2486 2222 2560 ἦσαν
2257 2492 2376 2554 τοῖς
2416 2488 2476 2554 ἐξ
2513 2487 2748 2560 Ἰσραὴλ,
2782 2488 2876 2542 καὶ
2917 2489 3135 2557 γείτονα
3174 2488 3274 2560 μὲν
3308 2489 3670 2560 κατενέμοντο

2085 2582 2289 2652 χώραν,
2316 2581 2563 2651 διάφοροι
2599 2579 2658 2634 δὲ
2680 2579 2888 2642 δεινῶς,
2929 2579 3024 2633 καὶ
3051 2579 3160 2632 τῶν
3193 2580 3278 2633 ὅτι
3303 2579 3541 2650 μάλιστα
3564 2595 3663 2631 πο-

2083 2673 2452 2743 λεμιωτάτων.
2483 2673 2859 2743 Προσεκύνουν
2885 2671 2944 2724 δὲ
2972 2673 3085 2734 τοῖς
3105 2670 3345 2742 ἄστροις,
3377 2670 3473 2725 καί
3499 2672 3567 2724 δι’
3589 2672 3668 2724 ai.

2083 2764 2208 2828 δοῦς
2238 2765 2455 2835 ἀπάσης
2487 2762 2769 2817 ἐποιοῦντο
2795 2764 2887 2817 τὸν
2919 2764 3248 2836 Ἑωσφόρον,
3275 2763 3666 2838 προῦ[σ]χοντα

2084 2855 2140 2908 δὲ
2177 2855 2287 2908 τῶν
2321 2855 2496 2910 ἄλλων
2525 2855 2834 2922 ἀπεκάλουν
2859 2856 3011 2912 Θεόν.
3032 2858 3172 2912 Ἀλλ’
3191 2859 3377 2923 αὐτοῖς
3400 2858 3495 2912 καὶ
3519 2856 3667 2929 πρώ-

2083 2961 2196 3008 τοις
2226 2945 2306 3009 εἰς
2330 2943 2454 2998 νοῦν
2488 2946 2582 3002 καὶΙ
2608 2946 2834 3018 καρδίαν
2861 2947 3169 3017 ἀνέλαμψεν
3192 2951 3220 3002 ὁ
3246 2949 3462 3022 ἀληθῶς
3496 2949 3665 3002 Ἑωσ-

2087 3035 2285 3106 φόρος,
2341 3037 2436 3090 καὶ
2470 3037 2730 3108 διηύγασε
2779 3039 2877 3109 τῆς
2923 3040 3118 3110 νοητῆς
3161 3040 3376 3112 ἡμέρας
3423 3041 3484 3094 τὸ
3529 3041 3664 3111 φῶς.

2101 3126 2560 3199 ’Δποδεϐληκότες
2603 3129 2660 3182 δὲ
2703 3129 2803 3200 τὴν
2844 3130 3079 3202 ἀρχαίαν
3105 3131 3321 3202 ἐκείνην
3350 3131 3540 3202 ἀχλὺν,
3575 3134 3670 3185 καὶ

411 3203 681 3279 stratores
709 3223 808 3277 viae
841 3221 916 3277 ad-
941 3222 1166 3277 salutem
1205 3221 1545 3292 perducentis
1565 3221 1978 3276 constituerunt.

2087 3219 2142 3272 τὸ
2165 3219 2340 3273 κτίσει
2355 3219 2731 3292 λατρεύεινέτι
2752 3222 3158 3294 παρωσάμενοι,
3187 3226 3667 3296 προσκεκυνήκασι

411 3315 490 3386 τῷ
519 3313 753 3387 Χριστῷ,
775 3313 881 3365 ικαὶ
905 3311 1232 3375 τοὺς-πάλαι
1257 3311 1714 3381 πολεμιωτάτους,
1749 3328 1821 3381 φη
1831 3310 1892 3380 μὶ
1914 3310 1978 3380 δὴ
2003 3311 2128 3373 τοὺς
2152 3309 2212 3375 ἐξ
2238 3309 2473 3383 Ἰσραὴλ,
2492 3311 2776 3366 ’ἑποιοῦντο
2803 3315 3194 3384 μυσταγωγοὺς
3225 3315 3320 3370 καὶ
3352 3314 3668 3386 καθηγητὰς

413 3405 532 3460 ὁδοῦ
557 3405 664 3475 τῆς
692 3401 1073 3473 ἀποφερούσης
1103 3403 1184 3464 εἰς
1209 3403 1503 3474 σωτηρίαν.

488 3497 647 3552 Vsus.
679 3495 768 3560 15,
797 3495 883 3550 l6.
929 3493 990 3548 Et
1022 3495 1240 3550 vastabit
1270 3495 1528 3552 Dominus
1566 3511 1710 3552 mare
1739 3496 1980 3567 Egypti,

413 3601 460 3645 et
503 3587 795 3642 admovebit
833 3602 1048 3641 manum
1083 3587 1242 3656 ﬂuvio
1273 3588 1464 3656 spiritu
1497 3587 1742 3653 violento,
1773 3597 1822 3642 et
1863 3603 1982 3657 por-

416 3681 793 3748 cutiet-septem
823 3677 1006 3744 valles,
1037 3689 1091 3731 ut
1112 3689 1344 3734 transeat
1377 3681 1484 3748 ipse
1511 3679 1566 3733 in
1591 3679 1976 3734 calceamentis.

419 3769 487 3824 Et
520 3771 620 3824 erit
666 3769 920 3823 transitus
963 3771 1141 3824 relicto
1180 3785 1292 3825 meo
1329 3770 1521 3841 populo
1555 3773 1607 3825 in
1635 3770 1889 3841 Egypto,
1932 3779 1980 3825 et

415 3864 513 3917 erit
555 3860 768 3929 Israeli,
801 3861 956 3931 quasi
991 3861 1104 3916 dies
1138 3863 1351 3932 quando
1385 3879 1620 3933 egressus
1663 3874 1739 3918 est
1778 3881 1807 3919 s
1841 3872 1981 3918 terra

417 3953 657 4024 ﬁgypti.

484 4126 737 4184 Inventor
770 4137 825 4182 et
866 4133 1019 4198 pater
1062 4128 1296 4197 peccati,
1334 4141 1456 4184 cum
1502 4143 1556 4184 in
1601 4141 1792 4188 omnes
1831 4129 1981 4186 orbis

417 4230 684 4275 terrarum
713 4218 920 4275 incolas
961 4217 1246 4290 imperium
1286 4219 1336 4276 vi
1382 4235 1448 4277 ae
1493 4223 1780 4292 tyrannide
1822 4237 1980 4278 usur-

417 4309 584 4379 pavit,
618 4309 1002 4379 hominemque
1025 4317 1178 4364 extra
1209 4319 1362 4379 septa
1394 4311 1638 4368 veritatis
1675 4312 1980 4376 seductum,

409 4400 594 4470 gregis
619 4399 1007 4455 daemoniorum
1035 4400 1296 4456 cultorem
1331 4403 1594 4465 reddidit,
1631 4417 1698 4458 ac
1732 4419 1831 4459 suo
1857 4419 1979 4459 eum

410 4490 540 4559 iugo
614 4489 844 4560 subjecit
905 4507 920 4544 :
991 4502 1102 4546 tum
1179 4506 1309 4545 vero
1375 4490 1618 4562 Egyptii
1677 4509 1787 4563 pra:
1859 4495 1982 4550 aliis

403 4579 955 4650 superstitiosissimi,
1011 4589 1067 4633 et
1112 4580 1164 4633 in
1221 4579 1323 4633 hoc
1380 4582 1630 4636 acerrimi
1677 4583 1982 4654 impigerri-

402 4671 598 4740 suique
623 4670 972 4724 exstiterunt.
1007 4666 1233 4722 Delubra
1257 4667 1400 4722 enim
1429 4669 1631 4736 passim
1659 4677 1714 4723 et
1739 4684 1864 4724 aras
1886 4685 1982 4739 per

2157 3492 2268 3547 Kal
2305 3491 2666 3562 ἐξερημώσει
2714 3493 2928 3562 Κύριος
2965 3495 3081 3564 τὴν
3123 3496 3444 3554 θάλασσαν
3488 3501 3665 3570 Αἰγύ-

2089 3597 2262 3648 πτου,
2319 3583 2416 3637 καί
2463 3583 2738 3638 ἐπιϐαλεῖ
2780 3585 2896 3653 τὴν
2941 3587 3107 3656 χεῖρα
3164 3589 3350 3644 αὑτοῦ
3407 3590 3506 3646 ἐπί
3562 3591 3668 3645 τὸν

2088 3675 2357 3745 ποταμὸν
2407 3677 2697 3745 πνεύματι
2768 3676 2948 3742 βιαίῳ
2972 3717 2987 3742 ,
3045 3678 3146 3732 καί
3207 3679 3458 3746 πατάξαι
3517 3681 3666 3736 ἑπτὰ

2087 3764 2416 3837 φάραγγας,
2441 3765 2598 3820 ὥστε
2623 3767 3081 3836 διαπορεύεσθαι
3116 3771 3304 3824 αὐτὸν
3339 3771 3411 3825 ἐν
3441 3771 3665 3839 ὑποδή-

2081 3872 2292 3927 μασιν.
2345 3857 2454 3912 Καὶ
2500 3859 2674 3912 ἔσται
2716 3857 2916 3927 δίοδος
2947 3860 3040 3927 τῷ
3072 3864 3522 3932 καταληφθέντι
3546 3882 3663 3934 μου

2086 3951 2214 4018 λαῷ
2237 3952 2308 4006 ἐν
2333 3954 2620 4022 Αἰγύπτῳ·
2663 3953 2761 4007 καί
2811 3954 2983 4008 ἕσται
3027 3953 3108 4020 τῷ
3145 3957 3391 4026 Ἰσραὴλ
3431 3958 3575 4012 ὡσεί
3623 3961 3661 4027 ἡ

2087 4041 2278 4111 ἡμέρα
2307 4041 2405 4096 ὅτε
2434 4043 2694 4112 ἐξῆλθεν
2712 4045 2781 4098 ἐκ
2803 4043 2916 4115 γῆς
2934 4047 3254 4115 Αἰγύπτου.

2159 4131 2484 4204 Κεκράτηκε
2516 4132 2612 4203 μὲν
2648 4133 2713 4186 ὲκ
2749 4131 3062 4198 πλεονεξίας
3086 4135 3195 4189 τῶν
3221 4135 3325 4190 ἀνά
3351 4139 3532 4193 πᾶσαν
3567 4137 3663 4208 τὴν

2089 4221 2180 4274 ὑπ’
2200 4221 2427 4293 οὐρανὸν
2445 4224 2474 4276 ὁ
2495 4223 2595 4294 τῆς
2619 4223 2888 4295 ἁμαρτίας
2910 4225 3136 4298 εὑρέτης
3161 4229 3253 4280 καὶ
3275 4230 3476 4300 πατήρ.
3515 4231 3663 4284 Ἀπο-

2087 4311 2420 4386 6ουκολήσας
2447 4317 2545 4386 τῆς
2569 4314 2825 4385 ἀληθείας
2845 4315 2936 4369 τὸν
2955 4316 3261 4388 ἄνθρωπον,
3295 4319 3394 4390 τῆς
3416 4318 3525 4373 τῶν
3542 4320 3652 4374 δαι-

2091 4407 2289 4476 μονίων
2317 4407 2520 4479 ἀγέλης
2545 4406 2798 4462 ἀπετέλει
2827 4410 3226 4480 προσκυνητὴν,
3249 4411 3345 4464 καὶ
3369 4414 3481 4474 τοῖς
3514 4411 3659 4474 ἰδίοις

2089 4497 2334 4551 ὑπετίθει
2362 4498 2565 4567 ζυγοῖς·
2601 4501 2889 4570 Αἰγύπτιοι
2912 4500 2970 4555 δὲ
3002 4501 3234 4572 μάλιστα
3271 4503 3658 4572 δεισιδαιμονέ-

2089 4605 2270 4643 στατοι
2295 4591 2449 4660 παρά
2467 4592 2594 4656 τοὺς
2627 4593 2818 4655 ἀλλους
2847 4594 2943 4647 καὶ
2963 4595 3125 4648 δεινοί
3163 4594 3299 4666 πρὸς
3323 4593 3482 4648 τοῦτο
3505 4595 3660 4663 γεγόο

2087 4697 2228 4738 νασι.
2265 4683 2478 4753 Τεμένη
2526 4681 2634 4756 γάρ
2665 4680 2805 4756 ἦσαν
2849 4685 3124 4757 πανταχοῦ
3168 4686 3264 4740 καὶ
3301 4685 3477 4757 βωμοὶ
3522 4686 3660 4740 κατὰ

416 4761 722 4831 regionem,
752 4768 808 4815 et
839 4757 1130 4814 simulacra
1178 4757 1388 4816 inﬁnita
1431 4756 1736 4822 habebant,
1767 4769 1822 4815 et
1847 4772 1978 4814 esa-

2087 4771 2187 4842 τὴν
2227 4771 2410 4843 χώραν
2452 4773 2652 4839 αὐτοῖς,
2699 4776 2792 4847 ἒδη
2837 4792 2897 4829 τε
2943 4775 3130 4848 μυρία,
3182 4776 3279 4830 καὶ
3330 4775 3661 4847 ἀγαλμάτων

415 4856 558 4910 mina
590 4855 891 4926 signorum,
925 4868 1102 4923 eaque
1135 4853 1188 4907 in
1234 4851 1415 4924 adytis
1448 4849 1822 4906 multiformia.
1867 4852 1980 4906 Ad-

412 4954 643 5002 orarunt
668 4945 812 5000 enim
841 4945 1076 5001 volatilia
1103 4953 1158 4999 et
1200 4943 1394 5013 pisces,
1439 4954 1657 5013 capram
1699 4949 1754 4998 et
1785 4956 1979 5000 ovem:

415 5047 473 5092 et
501 5035 702 5092 vitulus
728 5037 797 5092 ab
824 5035 930 5092 illis
963 5039 1015 5092 in
1055 5038 1260 5092 honore
1294 5035 1510 5091 habitus
1542 5044 1647 5091 est.
1680 5033 1773 5090 Sic
1803 5046 1980 5089 tamen

416 5129 639 5203 allectos
679 5130 863 5186 invisit
897 5129 1060 5197 Deus,
1088 5137 1142 5183 et
1173 5126 1334 5182 simul
1367 5142 1491 5182 cum
1528 5127 1647 5184 aliis
1671 5127 1884 5182 vocavit
1916 5127 1984 5182 ad

413 5221 587 5276 lucem
610 5233 664 5276 et
685 5221 754 5276 ad
786 5221 1115 5292 agnitionem
1138 5220 1406 5275 veritatis.
1431 5217 1806 5274 Praedicarunt
1833 5218 1977 5274 snitu

412 5315 556 5369 inter
583 5313 704 5369 illos
733 5312 1082 5384 Evangelium
1114 5313 1340 5377 Christi,
1373 5328 1496 5368 cum
1535 5311 1752 5368 Marcus
1793 5315 1984 5368 beatus

411 5403 763 5473 evangelista,
803 5414 914 5458 tum
938 5405 1118 5459 επιειὶ
1147 5411 1266 5472 post
1301 5401 1449 5456 illum
1476 5401 1592 5457 suis
1624 5404 1979 5472 temporibus,

401 5495 606 5564 partim
633 5497 722 5564 qui
750 5511 816 5551 ex
849 5495 1194 5552 Hebraeorum
1225 5495 1448 5564 regione
1473 5506 1759 5561 venerunt,
1783 5497 1978 5565 partim

409 5601 477 5644 εκ
521 5585 650 5654 ipsis
690 5587 778 5655 qui
828 5587 1208 5656 crediderunt,
1247 5587 1414 5644 duces
1463 5587 1876 5662 mysteriorum,
1925 5603 1979 5648 et

477 5743 526 5776 υ
557 5739 697 5800 Psal.
729 5753 990 5806 Lxxxvnt,
1021 5742 1105 5796 i3.

2087 4863 2276 4935 ἑσμὸς,
2317 4865 2642 4939 πολύμορφά
2670 4885 2728 4923 τε
2754 4868 2827 4922 τά
2855 4870 2914 4925 ὲν
2940 4872 3145 4940 σηκοῖς.
3177 4870 3659 4942 Προσκεκυνήκασι

2089 4957 2199 5027 γάρ
2243 4960 2467 5030 πτηνοῖς
2513 4961 2606 5014 καὶ
2655 4961 2882 5031 ἰχθύσιν,
2930 4963 3046 5032 αἰγὶ
3095 4963 3191 5018 καὶ
3232 4963 3509 5036 προϐάτῳ,
3568 4963 3660 5016 καὶ

2075 5050 2292 5121 ’μόσχος
2316 5047 2384 5124 ἦν
2407 5051 2469 5107 τὸ
2495 5051 2656 5118 σέϐας
2687 5055 2888 5119 αὐτοῖς.
2926 5055 3087 5110 Ἀλλά
3119 5055 3215 5110 καὶ
3242 5056 3417 5120 οὕτως
3441 5055 3661 5126 ἔχοντας

2089 5142 2456 5198 δπεσκέπτετο
2491 5143 2644 5212 Θεὸς,
2683 5146 2779 5200 καὶ
2797 5146 2933 5219 ὁμοῦ
2962 5151 3074 5212 τοῖς
3103 5147 3292 5212 ἄλλοις»
3317 5148 3501 5202 ἐκάλει
3527 5147 3661 5218 πρὸς

2089 5233 2152 5286 τὸ
2190 5233 2326 5302 φῶς,
2367 5235 2639 5308 καὶπρὸς
2675 5236 2970 5306 ἐπίγνωσιν
3004 5239 3285 5310 ἀληθείας.
3326 5235 3661 5309 Διεκήρυξαν

2083 5323 2200 5396 ,γὰρ
2238 5326 2296 5378 ὲν
2328 5327 2466 5399 αὐτῇ
2499 5327 2561 5382 τὸ
2593 5328 2921 5398 Εὐαγγέλιω
2949 5329 3044 5383 τοῦ
3081 5329 3316 5403 Χριστοῦ
3348 5328 3576 5400 Μάρκος
3604 5344 3660 5380 τε

2089 5415 2120 5468 ὁ
2167 5415 2434 5488 μακάριος
2478 5419 2888 5492 εὐαγγελιστὴς,
2932 5420 3024 5475 καὶ
3064 5420 3239 5492 ἕτεροι
3270 5419 3326 5474 δὲ
3356 5418 3474 5490 μετ’
3501 5416 3663 5472 αὐτὸν

2089 5505 2232 5568 κατά
2258 5509 2500 5579 καιρούς·
2540 5511 2696 5566 τοῦτο
2723 5514 2822 5583 μὲν
2847 5516 2910 5566 ὲκ
2930 5513 3028 5583 τῆς
3059 5511 3323 5583 Ἐϐραίων
3352 5507 3663 5582 ὁρμώμενοι

2086 5594 2288 5668 χώρας,
2340 5596 2496 5662 τοῦτο
2534 5600 2590 5654 δὲ
2635 5603 2729 5657 καὶ
2769 5603 2830 5680 ἐξ
2863 5605 3044 5660 αὐτῶν
3081 5603 3190 5658 τῶν
3219 5602 3662 5668 πεπιστευκότων
