4122 6292
433 448 534 532 ssi

1571 456 1642 517 IN
1679 459 1913 519 ISAIAII
1949 461 2081 521 LIB.
2117 459 2183 521 il.
2223 461 2458 522 τυνυε
2496 463 2543 520 1.-

3577 461 3681 520 338

439 574 783 645 μυσταγωγοὶ
828 575 921 627 καὶ
951 574 1262 630 διδάσκαλοι
1296 577 1438 632 κατὰ
1467 582 1691 651 καιροὺς
1736 583 2007 637 ἁναδεδει-

2116 587 2365 640 doctores
2407 599 2470 640 ac
2514 585 2794 656 magistri,
2830 583 3162 654 temporibus
3189 583 3668 654 subsequentibus,

439 667 640 737 γμένοι.
667 667 802 719 Τίνα
841 667 906 738 δὴ
942 667 1144 738 τρόπον
1185 669 1464 723 καὶτοῦτο
1500 671 1884 742 κατώρθωται,
1931 673 2010 726 δι-

433 759 599 812 ειπεῐν
628 759 945 825 ἀναγκαῖον,
965 757 1057 810 τὸν
1079 759 1179 828 τῆς
1202 761 1446 831 ἱστορίας
1468 763 1898 835 κατευρύνοντας
1927 765 2013 818 λό-

431 868 540 920 γον.
573 852 710 923 Πρὶν
732 853 832 923 μὲν
851 852 958 922 γὰρ
979 853 1047 905 τά
1079 853 1363 922 Ῥωμαίων
1385 857 1526 908 κατὰ
1548 856 1768 911 πάντων
1795 856 2011 928 ἰσχῦσαι

428 945 624 1014 κράτησ,
656 943 842 1014 χώρας
869 961 931 997 τε
960 945 1194 1016 ἑκάστης
1221 947 1356 1000 ἰδιον
1389 948 1620 1018 ἐχούσης
1649 949 1742 1003 τὸν
1770 949 2010 1020 ἡγούμε-

427 1051 534 1098 νονδ
583 1035 707 1104 ἢτοι
739 1034 1113 1104 βασιλεύοντα,
1147 1036 1318 1107 πολλή
1363 1054 1448 1100 τις
1485 1034 1556 1109 ἦν
1587 1040 1698 1102 τοῖς
1736 1038 1944 1093 ιθνεσιν
1973 1042 2008 1111 ἡ

425 1127 678 1197 διαφορά*
719 1126 878 1180 τοῦτο
905 1127 1003 1197 μιν
1020 1129 1102 1180 ὅτι
1121 1129 1218 1180 καὶ
1250 1129 1311 1181 τὸ
1331 1129 1430 1198 τῆς
1463 1127 1761 1200 θρησκείας
1780 1131 2012 1200 ἑτερόίον

427 1214 785 1269 ἀνακαέεσθαι
818 1215 1021 1286 μεταξὺ
1047 1215 1146 1286 τὴν
1167 1216 1372 1287 ἔχθραν
1390 1219 1644 1283 ἐποιεῖτο,
1671 1219 1828 1273 τοῦτο
1847 1221 1908 1274 δὲ
1931 1221 2011 1275 ὅτι

428 1306 855 1377 καταληϊζεσθαι
883 1311 996 1371 τοῖς
1023 1307 1298 1360 ἐθέλουσιν
1327 1307 1454 1380 ἐξῆν
1478 1310 1566 1364 τὸν
1586 1312 1648 1364 ἐκ
1666 1312 1763 1380 τῆς
1789 1313 2008 1384 ἑτέρας,

426 1400 789 1470 ἐπιτιμῶντος
844 1399 1079 1462 οὐδενός.
1116 1395 1226 1452 Ἦν
1274 1396 1365 1454 οὖν
1408 1401 1600 1470 ἀμιξία
1643 1402 1780 1474 πρὸς
1809 1403 2012 1472 ἄλληλα

431 1491 660 1561 πλείστη
686 1490 828 1554 τέως
850 1492 964 1553 τοῖς
987 1490 1186 1553 ἔθνεσι,
1211 1493 1303 1545 καὶ
1324 1492 1386 1544 τὸ
1407 1491 1606 1545 ἁλῶναί
1634 1511 1742 1546 τισι
1771 1495 1869 1564 τῆς
1891 1495 2005 1548 ἑτέ-

433 1597 552 1648 ρων
584 1579 767 1650 χώρας
807 1579 942 1633 εἴσω
979 1579 1257 1649 γεγονόσιν
1283 1581 1382 1634 οὐκ
1413 1583 1666 1652 ἀζήμιον.
1703 1583 1920 1656 Ἐπειδὴ
1953 1585 2009 1637 δὲ

437 1671 626 1740 ίσχυσε
673 1671 813 1724 κατὰ
856 1671 1070 1724 πάντων
1097 1673 1128 1741 ἡ
1159 1671 1446 1742 Ῥωμαίων
1477 1673 1640 1746 ἀρχὴ,
1669 1675 1762 1728 καὶ
1795 1674 1884 1745 ὑφ’
1912 1676 2009 1729 ἕνα

432 1763 691 1830 γεγόνασι
717 1763 808 1816 τὸν
838 1763 1162 1834 ἡγούμενον,
1187 1763 1374 1834 νόμοις
1391 1767 1506 1828 τοῖς
1530 1766 1661 1836 παρ’
1683 1767 1861 1821 αὐτῶν
1888 1768 1977 1820 δια
1993 1798 2005 1809 -

429 1853 582 1906 ϐιοῦν
611 1854 985 1924 ἐδιδάχθησαν,
1011 1853 1282 1924 ἐπιμιξίαι
1324 1871 1385 1908 τε
1431 1854 1615 1910 λοιπὸν
1652 1858 1711 1911 αἰ
1753 1859 1890 1928 πρὸς
1917 1859 2010 1911 ἄλ-

2114 675 2506 731 eﬂiciebantur.
2529 677 2648 744 Quo
2668 687 2845 733 autem
2869 679 3028 734 modo
3053 677 3157 732 hoc
3179 675 3475 747 perfectura
3499 673 3679 738 fuerit.

2113 765 2396 822 historiam
2431 769 2722 838 aperiendo
2737 768 3024 826 dicendum
3048 777 3152 825 est.
3171 767 3327 825 Prius
3348 771 3491 823 enim
3519 783 3682 838 quam

2114 857 2343 914 Romani
2399 860 2687 931 imperium
2735 862 2794 917 in
2843 875 3032 916 omnes
3068 862 3406 925 obtinerent,
3455 859 3682 931 singulis

2114 949 2424 1019 regionibus
2461 965 2616 1006 suum
2652 952 2844 1006 ducem
2873 967 2936 1007 ac
2966 967 3146 1022 regem
3179 950 3524 1012 habentibus,
3565 963 3682 1004 ma-

2112 1056 2216 1111 gna
2252 1049 2371 1096 erat
2417 1042 2558 1098 inter
2580 1055 2770 1113 gentes
2800 1044 3069 1100 dissensio
3101 1063 3114 1099 :
3155 1055 3266 1099 tum
3301 1043 3444 1114 quod
3475 1043 3684 1112 praedas

2113 1144 2275 1202 agere
2313 1131 2502 1187 liceret
2534 1133 2732 1202 quibus
2770 1133 3011 1198 Iubebat,
3037 1142 3092 1189 et
3123 1133 3259 1190 alios
3287 1133 3506 1188 aliunde
3537 1131 3683 1186 nullo

2115 1221 2544 1290 reprehendente
2580 1222 2838 1292 diripere.
2889 1221 3020 1278 Erat
3063 1223 3247 1292 itaque
3285 1225 3518 1278 maxima
3553 1235 3683 1292 gen-

2113 1309 2242 1392 tium
2279 1310 2423 1366 inter
2455 1326 2515 1368 se
2551 1311 2840 1380 disiunctio
2875 1323 2930 1368 et
2966 1315 3296 1377 dissociatio,
3326 1330 3428 1370 nec
3464 1315 3683 1384 impune

2111 1403 2466 1471 capiebantur
2530 1404 2672 1462 intra
2739 1405 2970 1459 aliorum
3031 1407 3306 1475 regionem
3376 1406 3677 1460 constituti.

2111 1493 2310 1549 Verum
2338 1509 2460 1548 cum
2503 1493 2557 1549 in
2581 1509 2772 1551 omnes
2806 1495 3171 1552 Romanorum
3205 1498 3490 1567 imperium
3524 1498 3680 1552 inva-

2112 1586 2319 1652 luisset,
2355 1597 2410 1641 et
2436 1587 2593 1641 unius
2625 1587 2855 1658 imperio
2893 1590 3093 1645 subditi
3126 1591 3192 1645 ad
3237 1589 3413 1662 legum
3437 1606 3574 1660 quas
3601 1591 3679 1646 ilti

2111 1678 2351 1734 tulerunt
2383 1693 2628 1735 norma
2659 1681 2841 1735 vivere
2875 1681 3018 1736 docti
3060 1692 3244 1738 essent
3264 1724 3278 1748 ,
3319 1686 3679 1740 commercia-

2109 1786 2215 1840 que
2259 1786 2322 1826 ac
2371 1771 2661 1826 societates
2703 1772 2943 1841 gentium
2981 1774 3234 1844 deinceps
3281 1775 3422 1831 citra
3473 1786 3675 1832 metum

2112 1861 2252 1918 ultro
2288 1863 2534 1933 citroque
2581 1863 2932 1931 haberentur,
2964 1873 3019 1920 et
3059 1881 3270 1921 summa
3319 1869 3678 1924 mansuetudo

427 1946 560 2016 ληλα
586 1947 692 2001 τῶν
927 1921 1213 2016 γεγόνασιν
1241 1948 1438 2016 ἀδεεῖς,
1473 1949 1569 2003 καὶ
1603 1950 1769 2022 πολλὴ
1799 1921 2004 2025 κεκρά-

2111 1963 2165 2009 et
2202 1953 2486 2009 clementia
2519 1954 2725 2024 vigeret
2753 1971 2768 2008 :
2799 1965 2926 2010 tuc
2955 1957 3194 2025 quidem,
3229 1965 3358 2012 tunc
3401 1959 3678 2030 evangeli-

428 2056 590 2109 τηκεν
615 2040 914 2111 ἡμερότης·
947 2040 1065 2093 τότε
1095 2041 1180 2112 δὴ,
1208 2041 1326 2095 τότε
1353 2043 1468 2106 τοῖς
1501 2043 2010 2115 εὐαγγελιζομένοις

425 2135 516 2187 τὸν
547 2132 753 2204 Ἰησοῦν
775 2134 972 2202 γέγονε
997 2134 1184 2202 δίοδος,
1211 2137 1326 2206 ἦτοι
1345 2137 1483 2200 ὁδὸς,
1507 2135 1602 2190 τοῦ
1631 2139 1725 2192 καὶ
1761 2139 1820 2191 ὲν
1845 2138 2010 2207 Αἰγύ-

427 2236 544 2298 ηττῳ
577 2225 838 2280 δύνασθαι
881 2226 1186 2297 παρελθεῖν.
1233 2223 1390 2281 Εἷλεν
1427 2227 1486 2281 δὲ
1521 2229 1641 2281 τίνα
1679 2229 1880 2300 τρόπον
1911 2230 2011 2301 τὴν

431 2319 737 2388 Αἰγυπτίων
773 2321 803 2373 ὁ
845 2317 1155 2388 Αὔγουστος
1183 2321 1418 2391 Καῖσαρ,
1454 2320 1484 2372 ό
1521 2322 1859 2392 προφητικδς
1881 2323 2010 2393 ἡμῖν

423 2410 765 2483 διερμηνεύει
787 2411 965 2480 λόγος.
1004 2413 1062 2466 '0
1095 2411 1192 2483 μὲν
1212 2411 1320 2482 γὰρ
1349 2413 1445 2483 τῆς
1470 2413 1747 2480 Αἰγύπτου
1770 2415 2010 2486 ποταμὸς

428 2500 592 2570 εὐρύς
617 2518 676 2554 τε
719 2503 814 2555 καὶ
843 2501 1034 2566 πολὺς,
1077 2503 1171 2556 καὶ
1208 2504 1557 2576 πλημμυρῶν
1595 2507 1737 2561 κατὰ
1762 2508 2008 2580 καιροὺς,

431 2590 503 2642 δι’
531 2592 663 2646 ἑπτά
695 2595 980 2662 στομάτων
1006 2593 1245 2665 ἔρχεται,
1289 2596 1379 2649 ἁλὶ
1417 2599 1484 2668 τῇ
1524 2598 1726 2666 γείτονι
1765 2598 1829 2653 τὸ
1863 2601 2010 2670 νᾶμα

436 2681 784 2754 δωρούμενος·
844 2687 1084 2754 γεγονώς
1143 2705 1205 2755 γε
1243 2687 1350 2758 μὴν
1385 2691 1444 2742 ὲν
1493 2693 1608 2753 τοῖς
1661 2693 1850 2762 μέρεσι
1900 2691 2008 2747 τῶν

445 2772 625 2826 ἱλείων
655 2775 880 2847 ἀνδρῶν,
904 2778 1098 2848 λίμνας
1119 2779 1373 2832 ἀποτελεί
1401 2782 1618 2852 μακρὰς
1650 2784 1745 2836 καὶ
1767 2785 2005 2854 εὐρείας,

457 2863 545 2916 καὶ
571 2862 780 2917 ἃπασαν
804 2866 973 2920 αὐτῶν
993 2868 1272 2932 ἐπικλύζει
1295 2869 1390 2940 τὴν
1410 2870 1533 2940 γῆν.
1573 2870 1714 2926 ὥστε
1752 2874 1846 2927 καὶ
1881 2889 2008 2929 ναυ-

460 2953 666 3025 σίπορον
707 2951 840 3009 εἰναι
878 2957 972 3028 τὴν
1004 2959 1329 3030 πυροφόρον.
1371 2961 1459 3024 Ὧς
1503 2956 1594 3014 οὖν
1637 2963 1668 3013 ὁ
1700 2961 2008 3031 Αὔγουστος

460 3047 661 3117 Καίσαρ
686 3047 783 3116 τῆς
822 3048 1074 3110 Ἰουδαίας
1116 3048 1474 3120 κεκρατηκὼς
1501 3047 1636 3122 ἦκεν
1667 3053 1747 3113 εἰς
1780 3053 1878 3122 τὴν
1911 3054 2006 3106 Αἰ-

454 3137 698 3200 γυπτίων,
728 3136 888 3207 ᾤοντο
918 3139 1014 3208 μὲν
1041 3141 1091 3191 οἰ
1120 3138 1322 3208 ταύτης
1361 3142 1663 3212 οἰκήτορες,
1703 3142 1785 3195 ὅτι
1827 3143 1929 3197 κᾶν
1959 3146 2006 3197 εἰ

2111 2047 2359 2102 zantibus
2385 2043 2571 2102 Jesum
2605 2046 2885 2114 transitus,
2915 2062 3010 2104 seu
3044 2047 3130 2102 via
3169 2046 3440 2117 patefacta
3470 2058 3579 2113 est,
3621 2059 3677 2105 ut

2108 2138 2267 2193 etiam
2291 2137 2581 2209 Egyptum
2608 2140 2939 2208 pertransire
2969 2139 3263 2209 potuerint.
3281 2139 3562 2206 Quemodo
3585 2155 3679 2194 au-

2112 2238 2216 2284 tem
2232 2229 2436 2300 ceperit
2454 2229 2826 2301 Egyptiaeam
2848 2231 3016 2302 που
3041 2239 3237 2286 terram
3258 2233 3529 2302 Augustus
3559 2231 3676 2287 (Ia-.-

2109 2335 2218 2385 sar,
2253 2320 2566 2389 prophetica
2607 2321 2763 2374 nobis
2801 2321 3188 2390 interpretatur
3225 2322 3418 2376 oratio.
3461 2321 3681 2377 Fluvios

2109 2411 2252 2465 enim
2274 2409 2512 2480 Egypti,
2535 2420 2589 2465 et
2607 2410 2745 2464 latus
2766 2420 2820 2465 et
2847 2425 3096 2479 magnus,
3119 2411 3391 2481 certisque
3410 2413 3670 2481 tempori-

2112 2502 2210 2554 bus
2232 2500 2518 2566 inundans,
2548 2515 2642 2570 per
2669 2509 2872 2568 septem
2895 2501 3034 2557 ostia
3059 2515 3267 2564 means,
3292 2501 3342 2556 in
3370 2517 3520 2558 mare
3547 2503 3678 2556 vici-

2110 2611 2235 2649 mtm
2258 2592 2462 2660 inﬂuit;
2487 2603 2858 2650 verumtamen
2883 2609 3004 2650 cum
3023 2595 3075 2649 in
3090 2595 3335 2664 partibus
3357 2595 3674 2667 palustrium

2112 2687 2385 2742 hominum
2416 2687 2651 2754 exsistit,
2684 2685 2909 2755 paludes
2939 2687 3132 2758 iongas
3157 2695 3215 2742 et
3244 2689 3384 2745 tam
3409 2686 3591 2754 elicit,
3624 2698 3675 2742 et

2106 2788 2357 2834 cunctam
2401 2793 2587 2834 eorum
2633 2790 2834 2835 terram
2883 2782 3138 2847 inundat,
3188 2781 3262 2836 ita
3309 2791 3368 2836 ut
3399 2796 3518 2851 quae
3559 2780 3672 2834 fru-

2111 2875 2274 2926 menti
2307 2870 2500 2927 fertilis
2522 2881 2664 2938 erat,
2691 2871 2789 2926 ﬁat
2819 2872 3158 2941 navigabilis.
3192 2871 3482 2943 Postquam
3516 2874 3672 2942 igitur

2108 2962 2380 3030 Augustus
2408 2961 2937 3028 CaesarJudazorum
2975 2964 3186 3018 devicta
3218 2973 3383 3031 terra,
3412 2965 3465 3018 in
3507 2965 3669 3030 regio-

2110 3065 2229 3106 nem
2265 3051 2646 3122 Aigyptiorum
2687 3053 2962 3118 venisset,
3001 3054 3389 3108 existimabant
3427 3057 3543 3125 ejus
3591 3056 3671 3108 in-

2107 3143 2264 3209 colae,
2289 3144 2454 3198 etiam
2488 3145 2618 3213 ipsis
2643 3144 3068 3213 quiescentibus,
3093 3154 3149 3198 et
3179 3160 3208 3198 a
3237 3145 3376 3200 bello
3403 3147 3672 3215 armisque

447 3224 634 3278 ἕλοιντο
692 3231 1049 3298 κατηρεμείν,
1102 3229 1438 3300 ἀποσχέσθαι
1494 3248 1553 3286 τε
1616 3234 1852 3304 πολέμου
1915 3237 2007 3289 καὶ

2113 3236 2213 3289 sibi
2247 3235 2696 3305 temperantibus,
2730 3249 2837 3289 non
2865 3249 3023 3304 posse
3054 3236 3326 3306 regionem
3354 3237 3424 3292 ab
3445 3251 3510 3291 eo
3529 3238 3670 3306 capi,

439 3317 626 3383 ὅπλων,
657 3318 897 3388 ἄληπτον
943 3321 1135 3390 ὲ-κείνῳ
1161 3322 1261 3391 τὴν
1301 3322 1482 3394 χώραν
1520 3326 1810 3394 ἐργάσεται
1839 3327 1897 3380 τὺ
1925 3327 2006 3380 δι-

439 3406 662 3471 εζῶσθαι
685 3410 903 3480 λίμναις
930 3428 989 3463 τε
1024 3414 1118 3464 καὶ
1141 3417 1422 3483 ποταμοῖς.
1461 3415 1676 3486 Ἐπειδὴ
1699 3417 1757 3469 δὲ
1792 3417 1870 3486 τῷ
1899 3417 2007 3470 τῶν

432 3501 563 3555 ὅλων
597 3501 888 3572 κρατοῦντι
923 3501 1043 3572 Θεῷ
1081 3506 1194 3566 τοῖς
1233 3503 1517 3574 Ῥωμαίων
1557 3507 1853 3577 σκήπτροις
1880 3510 2008 3561 ὑπο-

435 3592 611 3661 φέρειν
646 3593 819 3646 ἐδόκει
855 3594 949 3647 καὶ
982 3594 1152 3665 αὐτὴν
1194 3595 1330 3664 μετὰ
1367 3598 1474 3649 τῶν
1500 3598 1673 3652 ἄλλων
1707 3602 1805 3668 τὴν
1841 3600 2005 3668 Αἰγυ-

434 3684 622 3752 πτίων,
662 3685 850 3756 ἀνίμῳ
882 3685 1019 3756 νότῳ
1050 3685 1338 3758 βιαιοτάτῳ
1372 3689 1433 3741 τὸ
1460 3688 1554 3740 τοῦ
1585 3690 1828 3758 ποταμοῦ
1877 3709 2005 3746 κατ-

433 3779 647 3848 ωθήσας
690 3778 837 3850 ὕδωρ
892 3780 988 3832 ἐπὶ
1029 3779 1134 3849 τὴν
1166 3780 1439 3834 θάλασσαν
1464 3821 1477 3845 ,
1517 3782 1748 3852 βάσιμον
1788 3784 2004 3836 ἃπασαν

432 3871 610 3924 ἐτίθει
685 3873 786 3942 τὴν
863 3871 1086 3941 χώραν,
1159 3872 1305 3924 ὥστε
1372 3874 1496 3935 τοὺς
1557 3874 2005 3945 διαπεραιοῦσοαι

428 3961 682 4026 θέλοντας
733 3963 927 4033 λίμνας
993 3979 1049 4014 τε
1096 3963 1194 4014 καὶ
1231 3961 1399 4025 αὑτὰς
1447 3963 1508 4015 δὲ.
1547 3963 1644 4026 τὰς
1692 3965 2003 4034 φάραγγας,

426 4055 542 4122 ἦτοι
563 4054 787 4108 eam:
817 4054 1059 4123 στόματα
1081 4053 1171 4106 τοῦ
1205 4054 1466 4124 ποταμοῦ,
1492 4056 1788 4124 μηδ’..ὃςον
1809 4057 2005 4119 εἰπεῖν,

425 4144 700 4198 ἀπολῦσαι
725 4144 818 4197 τοῦ
843 4144 1000 4207 ποδὸς
1026 4144 1086 4197 τὸ
1110 4145 1382 4214 ὑπόδημα.
1405 4144 1882 4208 Καταλειαίνοντος
1902 4145 2006 4198 τοί-

425 4257 516 4290 νυν
549 4237 648 4291 τοῦ
685 4237 821 4290 θεοῦ
852 4238 952 4304 τὴν
986 4237 1214 4308 πάροδον
1233 4240 1300 4307 τῇ
1332 4237 1617 4306 Ῥωμαίων
1655 4238 1902 4307 στρατιᾷ,
1921 4255 2006 4290 νε-

423 4329 680 4398 νίκηνται
704 4327 771 4379 τά
791 4327 1122 4395 Αἰγυπτίων.
1143 4326 1312 4380 Τοῦτο
1331 4327 1486 4379 πάλιν
1505 4328 1648 4396 ἡμᾶς
1671 4327 1698 4378 ὁ
1727 4328 2004 4397 προφήτης

412 4419 670 4474 διδάσκει
716 4419 923 4486 λέγων’
971 4439 994 4469 ι
1019 4419 1158 4472 Τάδε
1192 4419 1349 4485 λέγει
1383 4417 1586 4486 Κύριος
1625 4416 1870 4482 Σαϐαὼθ,
1899 4420 2006 4475 Καὶ

427 4513 638 4566 ximat
663 4513 713 4564 oi
736 4511 1022 4579 Αἰγύπτιοι
1042 4511 1184 4581 ὕδωρ
1203 4511 1263 4562 τὸ
1285 4509 1435 4579 παρὰ
1461 4509 1753 4563 θάλασσαν’
1782 4512 1809 4564 ὁ
1835 4510 1891 4562 δὲ
1916 4527 2006 4564 πο-

2109 3326 2252 3396 quod
2311 3325 2536 3382 lacubus
2591 3337 2646 3382 et
2691 3325 2853 3382 ﬂuvio
2897 3327 3226 3398 cingeretur.
3278 3329 3347 3382 At
3391 3337 3672 3399 postquam

2109 3419 2476 3473 universitatis
2523 3419 2850 3474 dominatori
2894 3418 3005 3474 Deo
3035 3419 3238 3488 placuit
3268 3434 3370 3475 una
3404 3435 3526 3475 cum
3547 3419 3671 3473 aliis

2105 3512 2267 3563 etiam
2320 3508 2504 3573 hanc,
2557 3508 2933 3579 Egyptiorum
2993 3509 3251 3578 inquam,
3307 3510 3672 3564 Romanorum

2105 3602 2340 3669 sceptris
2361 3600 2708 3664 submittere,
2731 3611 2891 3656 vento
2921 3599 3060 3656 Noto
3087 3602 3500 3665 violentissimo,
3527 3601 3672 3655 ﬂuvii

2107 3693 2242 3748 unda
2283 3694 2332 3747 in
2369 3707 2518 3748 mare
2555 3693 2795 3763 depulsa,
2836 3693 3048 3764 planam
3101 3701 3266 3748 totam
3321 3693 3592 3758 regionem
3623 3699 3672 3744 et

2107 3783 2388 3837 meabilem
2428 3783 2581 3848 fecit,
2611 3791 2670 3836 ut
2693 3783 2788 3852 qui
2823 3783 2974 3839 lacus
3005 3791 3060 3838 et
3089 3783 3276 3845 valles,
3308 3782 3422 3836 sive
3466 3789 3672 3848 septem

2103 3870 2249 3925 ﬂuvii
2293 3886 2390 3926 ora
2431 3872 2678 3938 trajicere
2729 3871 2957 3935 vellent,
3002 3886 3070 3926 ne
3120 3870 3273 3940 pedis
3327 3867 3444 3930 sui,
3495 3873 3555 3919 ut
3600 3865 3675 3919 sic

2104 3961 2380 4027 dixerim,
2427 3961 2668 4016 calceum
2733 3962 3022 4016 solverent.
3069 3960 3460 4028 Complanante
3514 3956 3674 4026 igitur

2109 4053 2236 4115 Deo,
2272 4060 2326 4104 et
2358 4051 2637 4119 aperiente
2670 4051 2956 4104 transitum
2989 4050 3354 4104 Romanorum
3385 4048 3674 4112 exercitui,

2108 4142 2293 4195 fracta:
2321 4151 2449 4195 sunt
2473 4141 2618 4195 vires
2639 4138 3040 4209 Egyptiorum.
3067 4139 3181 4193 lloc
3207 4154 3393 4192 rursus
3408 4138 3673 4207 .pwplieta

2107 4235 2222 4302 ipse
2275 4246 2373 4286 nos
2424 4231 2612 4292 docet,
2662 4229 2959 4297 inquiens:
2995 4247 3014 4281 t
3066 4227 3190 4282 llazc
3237 4227 3369 4284 dicit
3419 4225 3674 4280 Dominus

2107 4326 2344 4380 Sabaoth
2373 4343 2388 4379 :
2418 4322 2484 4376 Et
2504 4323 2686 4378 bibent
2709 4320 2945 4392 Egyptii
2970 4336 3162 4390 aquam
3185 4337 3303 4391 qua:
3323 4321 3476 4391 juxta
3503 4335 3674 4381 mare,

2106 4421 2304 4476 ﬂuvius
2351 4427 2538 4473 autem
2587 4416 2804 4474 deﬁciet
2853 4425 2908 4470 et
2959 4425 3276 4481 exarescet,
3326 4425 3380 4470 et
3422 4413 3676 4469 deﬁcient

2109 4511 2276 4574 ﬂuvii,
2327 4517 2380 4563 ct
2429 4509 2527 4563 rivi
2582 4507 2749 4574 ﬂuvii,
2780 4515 2834 4561 et
2870 4515 3158 4562 exarescet
3205 4505 3381 4560 onmis
3425 4500 3675 4558 collectio

420 4604 600 4674 ταμδς
626 4602 868 4671 ἐκλείψει
897 4604 990 4655 καὶ
1021 4601 1437 4670 ξηρανθήσεται·
1473 4601 1567 4654 καί
1595 4601 1934 4670 ἐκλείψουσιν
1955 4603 2002 4655 οἰ

2109 4617 2282 4671 aqua),
2317 4601 2480 4655 etiam
2528 4601 2577 4653 in
2625 4599 2770 4652 Omni
2811 4598 3000 4669 palude
3043 4595 3236 4650 calami
3283 4605 3335 4648 et
3375 4591 3583 4660 papyri,
3622 4601 3676 4644 ct

426 4691 692 4760 ποταμοὶ,
724 4691 818 4743 καί
859 4689 913 4742 αἰ
946 4689 1210 4759 διώρυγες
1255 4687 1348 4742 τοῦ
1383 4689 1648 4760 ποταμοῦ·
1682 4690 1772 4743 καὶ
1811 4689 1998 4761 ξηρανο

421 4783 655 4853 θήσεται
704 4783 853 4834 πᾶσα
897 4779 1186 4850 συναγωγὴ
1218 4778 1428 4844 ὓδατος,
1469 4783 1562 4834 καὶ
1604 4783 1662 4834 ὲν
1701 4782 1864 4834 παντὶ
1892 4781 2004 4835 ἓλει

419 4875 676 4944 καλάμου
696 4874 789 4927 καὶ
806 4873 1081 4945 παπύρου,
1104 4873 1197 4927 καὶ
1215 4873 1274 4926 τὸ
1294 4873 1383 4942 ἅχι
1404 4874 1464 4926 τὸ
1485 4874 1692 4945 χλωρὸν
1715 4876 1820 4928 πᾶν
1841 4873 1900 4926 τὸ
1920 4875 2005 4928 κύ-

410 4965 535 5036 -κλῳ
556 4964 654 5017 τοῦ
687 4965 953 5033 ποταμοῦ,
979 4966 1072 5018 καὶ
1093 4966 1198 5018 πᾶν
1225 4964 1284 5018 τὸ
1315 4965 1669 5036 σπειρόμενον
1691 4964 1778 5018 διὰ
1798 4963 1890 5018 τοῦ
1919 4983 2009 5018 πο-

416 5053 604 5124 ταμοῦ
633 5053 696 5124 ξη
705 5054 1032 5124 ρανθήσεται
1054 5056 1110 5107 ἐν
1129 5056 1218 5107 av:
1227 5055 1512 5126 μοφθορίᾳ.
1527 5072 1544 5104 ι
1555 5084 1625 5096 ——
1640 5054 2007 5126 Ἐξερημώσει

417 5150 624 5210 τοίνυν,
653 5149 810 5217 φησί,
844 5146 1045 5218 Κύριος
1081 5147 1178 5218 τὴν
1210 5147 1484 5202 θάλασσαν
1516 5147 1810 5216 Αἰγύπτου.
1847 5149 2007 5212 Ἐθος

416 5237 476 5290 δὲ
505 5241 576 5308 τῇ
619 5237 740 5309 θείᾳ
780 5239 993 5309 Γραφῇ,
1032 5239 1126 5291 καὶ
1153 5238 1323 5302 αὐτὰς
1349 5237 1448 5314 τὰς
1493 5237 1687 5309 λίμνας
1733 5239 2006 5303 θαλάσσας

417 5329 742 5382 ἀποκαλεῖν.
769 5330 876 5382 Kal
903 5330 1091 5393 ἐπάξει
1117 5330 1216 5400 τὴν
1239 5332 1396 5399 χεῖρα
1425 5329 1588 5383 αὑτοῦ
1618 5331 1710 5384 ἐπὶ
1729 5331 1817 5385 τὸν
1839 5349 2004 5385 ποτα⁹

421 5416 523 5484 μὸν
552 5416 826 5486 πνεύματι
845 5416 1020 5486 βιαίῳ.
1047 5417 1240 5488 Χειρὸς
1255 5419 1362 5487 γάρ
1383 5417 1562 5488 ἔργον,
1585 5419 1700 5488 ἦτοι
1723 5419 2004 5490 δυνάμεως

418 5508 520 5576 τῆς
553 5507 723 5572 θείας,
748 5509 998 5575 γενέσθαι
1032 5509 1212 5579 φαμὲν
1242 5509 1335 5562 τοῦ
1369 5508 1668 5577 βιαιοτάτου
1696 5511 2003 5582 πνεύματος

416 5597 520 5669 τὴν
553 5598 695 5650 κατὰ
732 5599 842 5652 τῶν
882 5599 1088 5653 ὑδάτων
1128 5599 1438 5668 ἐπαγωγὴν.
1479 5599 1743 5666 Ἐπάταξε
1770 5602 1876 5672 γὰρ
1907 5604 2005 5669 τὰς

418 5688 564 5742 ἑπτὰ
596 5689 908 5762 φάραγγας,
944 5689 1084 5744 τοῦτ’
1117 5691 1254 5755 ἔστι,
1289 5689 1355 5742 τά
1387 5689 1646 5761 στόματα,
1683 5695 1776 5748 καὶ
1802 5695 2002 5748 ἀποτε-

496 5847 538 5879 ⁷⁷
563 5847 666 5903 lsa.
702 5851 872 5914 x1x,5
897 5868 1046 5920 δυψι.

2119 4695 2238 4749 aelii
2273 4693 2441 4748 viride
2482 4709 2643 4748 omne
2677 4694 2892 4748 circum
2934 4689 3179 4752 ﬂuvium,
3227 4697 3284 4741 et
3324 4700 3483 4738 omne
3534 4686 3676 4752 quod

2104 4789 2402 4840 seminatur
2444 4787 2588 4840 circa
2634 4784 2856 4838 ﬂuvium
2890 4792 3099 4837 arescet
3125 4796 3154 4834 a
3193 4777 3336 4832 venti
3369 4776 3674 4843 corruptiu«

2101 4890 2172 4930 ne
2193 4873 2258 4927 ’7.
2293 4893 2311 4928 ι
2341 4874 2597 4930 VaStabit.
2617 4875 2798 4940 igitur,
2829 4872 3024 4941 inquit,
3054 4868 3310 4924 Dominus
3335 4882 3484 4921 mare
3506 4863 3675 4936 Egy-

2105 4969 2205 5033 pti.
2230 4964 2388 5019 Solet
2411 4976 2588 5018 autem
2626 4962 2905 5031 Scriptura
2935 4961 3114 5014 divina
3147 4959 3291 5029 ipsas
3321 4958 3468 5012 lacus
3504 4958 3671 5011 maria

2107 5057 2394 5126 appellare.
2428 5056 2494 5110 Et
2519 5054 2826 5110 admovebit
2856 5068 3070 5108 manum
3098 5051 3282 5114 ﬂuvio,
3318 5050 3514 5119 spiritu
3555 5049 3673 5101 vio-

2105 5149 2270 5202 lento.
2321 5147 2510 5202 Manus
2559 5148 2701 5202 enim
2747 5154 2802 5200 et
2845 5143 3099 5214 potentiae
3145 5142 3342 5197 divina:
3379 5155 3516 5209 opus
3553 5154 3675 5193 esse

2105 5241 2359 5304 dicimus,
2420 5237 2879 5294 vehementissimi
2919 5235 3144 5306 spiritus
3185 5233 3240 5288 in
3296 5247 3466 5301 aquas
3514 5229 3672 5283 indu-

2105 5333 2362 5388 ctionctn.
2386 5330 2658 5387 Percussit
2683 5340 2860 5384 autem
2885 5339 3089 5397 septem
3119 5323 3414 5387 convalles,
3443 5323 3543 5376 hoc
3574 5334 3675 5379 est.

2105 5421 2292 5476 fauces
2317 5429 2363 5476 et
2402 5423 2558 5480 ostia,
2603 5420 2844 5488 adeoque
2873 5415 3189 5478 exsiccavit,
3231 5421 3289 5466 ut
3325 5412 3442 5466 illas
3479 5411 3678 5462 calceis

2107 5513 2522 5584 pertransirent.
2569 5509 2738 5575 Tunc,
2773 5509 2966 5578 inquit,
3004 5517 3131 5561 tunc
3172 5507 3280 5561 erit
3326 5503 3586 5558 transitus
3625 5503 3676 5554 in

2107 5602 2342 5671 Egypto
2371 5601 2628 5656 derelicto
2662 5598 2857 5668 populo
2892 5613 3034 5654 meo.
3067 5597 3134 5653 Et
3160 5595 3337 5667 qualis
3370 5594 3584 5649 tandem
3626 5601 3680 5643 et

2109 5695 2236 5766 quis
2266 5695 2389 5748 est?
2421 5693 2583 5763 210
2609 5693 2708 5758 Qui
2743 5692 2795 5746 in
2840 5690 2999 5746 Israel
3025 5689 3339 5756 credebant,
3379 5687 3446 5743 de
3482 5684 3678 5755 quibus
