4122 6292
550 380 666 458 σιτ

1542 402 1598 457 S.
1641 401 1914 460 CYRILLI
1953 401 2424 460 ALEXANDRINI
2463 401 2787 460 ARCHIEP.

3716 401 3826 460 διε

553 514 802 582 immisit,
867 515 1187 589 Babylonios
1247 515 1488 588 inquam,
1519 519 1614 590 qui
1677 522 1840 577 etiam
1894 521 2136 579 universa

2251 538 2393 584 ταις,
2424 520 2740 590 Αἰγυπτίοις
2764 521 2856 576 καὶ
2885 521 2998 584 τοῖς
3026 519 3090 572 ὲκ
3113 517 3451 589 Φυλιστιεὶμ,
3477 520 3608 573 ποτὲ
3644 520 3702 575 δὲ
3726 521 3819 578 καὶ

550 603 859 662 Judaeorum
917 607 1138 677 regione
1191 609 1326 664 citra
1377 610 1617 666 laborem
1682 612 1982 676 devastata,
2039 630 2133 670 ca-

553 695 756 763 ptivam
801 696 1137 754 abduxerunt
1167 699 1216 754 in
1245 714 1396 754 suam
1431 701 1704 771 regionem
1731 705 2131 762 multitudinem

528 789 1020 870 innumerabilem.
1051 790 1318 848 Caeterum
1357 794 1471 849 lucc
1530 806 1788 853 eventura
1825 814 1947 856 esse
2003 800 2131 866 illis,

549 878 641 947 qni
709 878 875 934 Deum
951 882 1317 938 universitatis
1396 885 1464 939 ad
1532 886 1667 942 iram
1749 901 2131 959 provocarent,

549 969 921 1034 praedixerunt
952 971 1080 1027 olim
1113 973 1256 1028 beati
1288 975 1588 1045 prophetae.
1618 979 1688 1032 At
1722 978 1778 1034 lii
1801 1021 1816 1046 ,
1854 980 1977 1036 licet
2014 994 2135 1052 qua

549 1064 907 1126 praenuntiata
956 1063 1067 1136 jam
1141 1075 1306 1132 sunt,
1378 1069 1542 1124 etiam
1603 1073 1670 1124 ad
1720 1071 1880 1126 finem
1938 1088 2134 1142 perve-

555 1151 786 1217 nissent,
812 1153 978 1208 nihilo
1021 1158 1201 1211 secius
1237 1158 1506 1230 praefracti
1547 1171 1774 1217 erantet
1799 1165 2131 1232 pervicaccs,

553 1246 940 1300 exsecrandam
994 1255 1048 1301 et
1084 1263 1112 1301 a
1140 1247 1270 1319 legis
1299 1251 1482 1320 regula
1527 1253 1916 1310 alienissimam
1967 1257 2132 1312 vitam

2234 609 2666 683 δυσαχθεστὲραν
2702 611 2885 674 αὐτοῖς
2932 609 3214 678 ἐπιφέρων
3261 607 3512 680 πληγὴν,
3560 610 3688 672 τοὺς
3738 610 3824 663 ὅτι

2238 697 2474 767 μάλιστα
2529 698 2637 752 τῶν
2677 698 2772 752 ἐπὶ
2822 698 2926 768 γῆς
2971 696 3288 769 ὠμοτάτους
3331 698 3519 760 αὐτοῖς
3561 695 3823 769 ὲπηφίει,

2236 789 2381 860 φημὶ
2425 789 2490 861 δὴ
2537 789 2666 853 τοὺς
2709 788 3120 855 Βαϐυλωνίους,
3151 789 3201 842 οἶ
3240 788 3336 842 καὶ
3375 790 3556 842 πᾶσαν
3586 789 3826 859 ἀμογητὶ

2236 881 2335 952 τὴν
2361 880 2470 934 τῶν
2510 879 2780 934 Ἰουδαίων
2811 880 3264 954 καταδῃώσαντες
3299 879 3482 951 χώραν
3503 920 3517 938 .
3546 881 3823 950 αἰχμάλω-

2237 987 2330 1024 τον
2364 971 2713 1042 ἀπεκόμισαν
2757 973 2837 1036 είς
2877 973 2977 1043 τὴν
3021 972 3234 1028 ἑαυτῶν
3261 971 3494 1042 ἀριθμοῦ
3543 972 3828 1042 κρείττονα

2237 1061 2467 1131 πληθύν.
2507 1061 2668 1115 Ἀλλά
2693 1063 2850 1115 ταυτὶ
2894 1063 2993 1133 μὲν
3039 1063 3123 1116 ὅτι
3166 1061 3505 1132 συμϐήσεται
3555 1060 3826 1132 παροτρύ-

2237 1167 2416 1203 νουσιν
2448 1149 2632 1212 αὐτοῖς
2654 1149 2744 1203 τὸν
2775 1149 2884 1202 τῶν
2921 1149 3055 1202 ὅλων
3084 1149 3235 1214 θεὸν,
3269 1147 3649 1218 προηγόρευον
3683 1145 3823 1198 κατά

2237 1241 2468 1313 καιροὺς
2510 1242 2558 1295 οί
2605 1241 2865 1311 μακάριοι
2898 1239 3196 1312 προφῆται.
3239 1241 3303 1293 Οἱ
3348 1239 3405 1292 δὲ
3460 1239 3638 1292 καίτοι
3688 1236 3826 1309 πρὸς

557 1334 919 1392 institncntes.
959 1336 1373 1406 Apposltlssime
1399 1355 1528 1414 ergo
1579 1345 1954 1403 universitatis
1988 1346 2135 1404 Deus

2242 1333 2418 1403 πέρας
2443 1332 2625 1396 αὐτοῖς
2655 1331 3038 1402 έκϐεϐηκότων
3067 1331 3175 1385 τῶν
3201 1330 3302 1402 ἤδη
3331 1328 3820 1401 προηγγελμένων,

555 1432 678 1492 post
724 1424 930 1496 plagam
960 1436 1013 1482 et
1051 1429 1281 1497 flagella,
1313 1439 1366 1486 et
1391 1447 1510 1502 qum
1552 1435 1638 1491 his
1677 1436 1918 1494 deﬁnitis
1987 1449 2130 1495 tem-

2241 1424 2385 1478 οὐδὲν
2414 1417 2576 1496 ἦττον
2607 1419 2746 1496 ἦσαν
2785 1423 3011 1495 σκληροί
3035 1441 3096 1476 τε
3136 1425 3230 1477 καὶ
3264 1422 3529 1484 ἀπειθεῖς,
3565 1419 3826 1491 βδελυρὰν

557 1514 777 1580 poribus
842 1517 911 1571 ab
953 1517 1200 1576 hostibus
1281 1529 1436 1576 erant
1514 1525 1831 1591 obventura,
1868 1529 2132 1584 suavissi-

2241 1515 2330 1568 καὶ
2379 1515 2766 1586 ὲκνομωτάτην
2803 1514 3215 1586 ἐπιτηδεύοντες
3248 1512 3414 1584 ζωήν.
3451 1509 3823 1582 Οἰκονομινκώε

555 1619 764 1660 marum
813 1619 1018 1674 rerum,
1061 1625 1181 1680 qua
1209 1612 1480 1671 delectare
1525 1624 1794 1686 poterant,
1832 1616 1961 1674 facit
1993 1633 2132 1691 pm-

2241 1623 2378 1661 τατα
2405 1607 2584 1660 τοίνυν
2627 1609 2654 1660 ὁ
2687 1605 2795 1660 τῶν
2825 1606 2961 1659 ὅλων
2987 1604 3120 1668 Θεὸς
3161 1602 3300 1674 μετά
3330 1601 3546 1674 πληγὴν
3584 1601 3679 1655 καὶ
3715 1599 3821 1671 μά-

553 1696 1040 1763 signiﬂcationem:
1136 1708 1506 1778 promittitque
1594 1709 1707 1778 jam
1788 1715 2134 1781 quantumvis

2241 1715 2432 1767 στιγας
2463 1699 2556 1752 καὶ
2585 1698 2654 1752 τά
2686 1699 2749 1752 ὲκ
2794 1697 2901 1752 τῶν
2931 1697 3208 1768 πολεμίων
3257 1694 3646 1767 συμϐεϐηκότα
3683 1693 3823 1748 κατὰ

556 1786 716 1842 factis
754 1791 982 1859 captivis
1017 1793 1244 1848 reditum
1273 1810 1332 1852 se
1366 1797 1776 1866 adornatnrnm,
1815 1810 1870 1856 et
1902 1802 2133 1859 miseriae

2241 1793 2456 1862 καιροὺς
2483 1792 2687 1856 αὐτοῖς,
2729 1791 2819 1844 καί
2868 1788 2975 1842 τῶν
3021 1788 3255 1858 ἡδίστων
3287 1789 3381 1842 καὶ
3407 1785 3824 1858 κατευφραίνειν

556 1891 730 1933 nexus
777 1879 1168 1948 relaxaturum,
1206 1885 1434 1958 illosque
1490 1889 1583 1959 qui
1619 1891 1744 1946 olim
1782 1893 2048 1959 vicerunt,
2081 1895 2136 1948 in

2241 1883 2454 1937 εἰδότων
2495 1885 2728 1936 ποιεῖται
2765 1880 2859 1952 τὴν
2905 1879 3306 1953 προαγόρευσιν
3329 1895 3342 1909 °
3384 1879 3730 1949 ὑπισχνεῖται
3766 1876 3825 1932 δὲ

559 1981 748 2022 manus
797 1969 1030 2026 hostium
1085 1975 1434 2034 traditurum.
1468 1979 1702 2037 Maxime
1747 1985 1890 2038 enim
1943 2001 2136 2042 conve-

2241 1976 2322 2030 ὅτι
2344 1976 2438 2029 καὶ
2458 1975 2584 2039 τοὺς
2609 1974 2710 2046 ἤδη
2737 1971 3034 2043 γεγονότας
3055 1969 3440 2042 αἰχμαλώτους
3460 1968 3826 2039 ὑπονοστῆσαι

560 2060 744 2115 aiebat
797 2063 1008 2120 etiamsi
1081 2066 1406 2127 inemendati
1467 2085 1685 2145 propter
1748 2077 1837 2132 illa
1901 2078 2136 2149 fuerint,

2242 2071 2678 2144 παρασκευάσει,
2734 2071 2824 2125 καὶ
2882 2069 2990 2123 τῶν
3048 2070 3148 2141 τῆς
3206 2067 3581 2140 ταλαιπωρίας
3631 2068 3824 2138 ἀνήσει

560 2151 952 2218 posterioribus
993 2162 1172 2210 tamen
1234 2157 1383 2213 hisce
1411 2159 1651 2228 impense
1674 2161 1925 2234 deinceps
1948 2165 2136 2235 gaude-

2242 2163 2480 2234 δεσμῶν,
2507 2163 2817 2236 παραδώσει
2859 2163 2917 2218 δὲ
2967 2162 3063 2216 καὶ
3093 2163 3290 2227 αὐτοὺς
3313 2165 3438 2226 τοὺς
3475 2162 3642 2217 πάλαι
3670 2163 3826 2233 νική-

561 2253 640 2305 re,
671 2250 725 2295 et
767 2241 821 2295 in
879 2257 1026 2310 spem
1092 2246 1519 2306 desideraturum
1581 2269 1761 2309 rerum
1824 2255 1964 2311 velut
2035 2257 2136 2314 alis

2245 2272 2444 2319 σαντας
2474 2257 2554 2320 εἰς
2583 2259 2771 2327 χεῖρας
2803 2256 3032 2327 ἐχθρῶν.
3054 2251 3161 2310 Ἦν
3193 2255 3300 2326 γὰρ
3327 2255 3389 2325 δή
3421 2271 3521 2307 που
3557 2253 3652 2307 καὶ
3681 2253 3826 2324 μάλα

557 2339 794 2397 evectos,
817 2335 1182 2402 gratissimum
1216 2337 1325 2394 Deo
1362 2341 1564 2395 cultum
1608 2344 1659 2398 in
1703 2348 1879 2414 pretio
1915 2347 2141 2415 habere,

555 2427 614 2474 et
671 2431 907 2477 mentem
977 2424 1051 2479 illi
1116 2426 1334 2483 afﬁxam
1385 2446 1451 2486 ac
1509 2431 1787 2488 immotam
1847 2438 2140 2494 ettstodire.

555 2511 820 2578 Quoniam
878 2516 1060 2586 igitur,
1095 2517 1220 2573 licet
1264 2525 1577 2592 complures
1623 2524 1749 2579 olim
1824 2525 2133 2583 Iudaeorum

557 2605 805 2675 regiones
867 2609 1104 2678 populati
1155 2610 1378 2676 fuerint,
1402 2615 1735 2672 crudeliores
1783 2626 1964 2675 tamen
2015 2621 2141 2677 aliis

552 2705 612 2750 et
655 2698 909 2754 saeviores
945 2699 1179 2765 fuerunt,
1202 2700 1437 2759 Chaldaei
1489 2709 1816 2773 maxime,et
1855 2711 1944 2780 qui
2011 2721 2127 2766 tum

559 2790 820 2859 temporis
876 2790 1135 2864 Babyloni
1182 2794 1534 2867 prrfnerunt,
1577 2799 1680 2856 illis
1742 2801 2137 2870 quodammodo

557 2881 790 2948 primum
842 2885 1016 2939 oratio
1061 2889 1370 2957 prophetica
1437 2889 1684 2957 insultat,
1707 2905 1771 2946 ac
1816 2893 2027 2962 inquit:

2247 2347 2414 2410 εἰκὸς,
2451 2349 2499 2400 εί
2522 2348 2616 2400 καὶ
2647 2346 2994 2419 ἀνουθέτητοι
3037 2349 3414 2418 μεμενήκασιν
3444 2346 3530 2398 ἐπ’
3562 2343 3822 2408 ἐκείνοις,

2247 2436 2364 2490 ἀλλ’
2394 2432 2488 2489 οὖν
2516 2435 2734 2492 ἑλέσθαι
2761 2435 2948 2510 λοιπὸν
2995 2437 3056 2490 τὸ
3100 2435 3205 2490 κᾶν
3249 2434 3382 2504 γοῦν
3409 2437 3520 2498 τοῖς
3554 2435 3826 2505 δευτέροις

2246 2527 2549 2600 ἐφησθῆναί
2578 2546 2637 2581 τε
2677 2527 2826 2599 ἀμα,
2875 2527 2971 2583 καὶ
3004 2529 3085 2592 είς
3113 2527 3303 2581 ἐλπίδα
3334 2526 3442 2580 τῶν
3475 2527 3827 2598 ποθουμένων

2244 2620 2780 2692 ἀναπτερουμένους,
2817 2620 2918 2692 τὴν
2953 2620 3032 2692 τῷ
3073 2620 3192 2691 Θεῷ
3235 2619 3561 2690 φιλαιτάτην
3596 2619 3826 2688 τιμῆσαι

2244 2713 2529 2783 λατρείαν,
2559 2712 2658 2766 καὶ
2677 2712 2976 2782 ἀκλόνητον
3011 2712 3160 2783 αὑτῷ
3182 2711 3422 2783 τηρῆσαι
3451 2710 3512 2763 τὸ
3541 2709 3819 2779 φρόνημα.

2258 2802 2482 2874 Ἐπειδὴ
2529 2803 2728 2866 τοίνυν,
2786 2805 2834 2857 εί
2877 2804 2972 2857 καὶ
3013 2803 3198 2857 πολλοί
3234 2819 3380 2865 τινες
3410 2797 3553 2873 ἦσαν
3590 2801 3641 2854 oi
3681 2797 3827 2853 κατά

2243 2895 2466 2962 καιροὺς
2518 2892 2616 2964 τὴν
2661 2892 2772 2946 τῶν
2831 2893 3100 2947 Ἰουδαίων
3162 2893 3346 2964 χώραν
3397 2889 3825 2962 πεπορθηκότες,

555 2974 672 3028 ἀλλ’
693 2976 748 3029 οἴ
771 2993 836 3044 γε
856 2977 962 3030 τῶν
996 2979 1170 3034 ἄλλων
1199 2982 1557 3054 ἀπηνέστεροί
1589 3001 1648 3038 τε
1683 2984 1775 3038 καὶ
1823 2984 2148 3058 ἀγριώτεροι
2182 2986 2438 3042 Χαλδαῖοι
2473 2985 2726 3056 μάλιστα,
2788 2986 2884 3040 καὶ
2917 2988 2966 3040 ei.
2995 2986 3094 3057 τῆς
3159 2985 3482 3049 Βαϐυλῶνος
3512 2981 3828 3054 βεϐασιλευ·

557 3067 714 3132 ardre;
738 3072 879 3124 κατά
905 3073 1131 3143 καιροὺς
1167 3073 1350 3139 αὐτοῖς
1379 3075 1544 3129 οἱονεὶ
1582 3077 1674 3129 καὶ
1703 3076 1940 3149 πρώτοις
1963 3079 1992 3131 ὁ
2018 3078 2118 3148 τῆς
2150 3078 2484 3150 προφητείας
2514 3077 2668 3146 λόγος
2701 3077 2942 3148 ὲπιπηδᾷ
2975 3077 3067 3131 καί
3099 3092 3286 3148 φησιν·

628 3163 790 3221 Vsus.
822 3165 877 3220 2.
912 3166 979 3221 In
1017 3178 1187 3224 monte
1215 3172 1492 3240 campestri
1523 3172 1695 3226 tollite
1719 3175 1950 3243 signum.

628 3251 892 3323 Oportcre
945 3266 1127 3312 autem
1180 3259 1434 3314 existimo
1493 3261 1582 3328 qui
1633 3262 1924 3332 diligenter
1973 3264 2139 3335 ἰθ

560 3344 726 3397 verba
787 3347 1062 3415 proposita
1113 3362 1375 3404 enarrare
1409 3350 1703 3418 voluerint,
1752 3354 1954 3424 aliquid
1995 3356 2139 3425 quod

562 3435 632 3486 ad
671 3449 786 3488 rem
820 3432 972 3502 facit,
1005 3442 1318 3496 necessario
1348 3442 1590 3511 prmfari.
1617 3443 1797 3515 Cyrus
1833 3459 1965 3516 ergo
1991 3457 2142 3516 patre

568 3526 786 3596 quidem
815 3529 1102 3602 Cambyse,
1133 3542 1305 3588 matre
1329 3550 1457 3590 vero
1489 3536 1755 3593 Mandana
1791 3544 1972 3604 natus,
2002 3540 2133 3596 Per-

557 3621 658 3674 sia:
689 3635 752 3676 ac
778 3620 964 3678 Media:
993 3638 1108 3689 rex,
1139 3628 1467 3696 oppugnavit
1491 3627 1826 3702 Babylonem
1853 3641 1909 3686 et
1924 3647 2138 3688 omnem

556 3709 843 3780 regionem
881 3713 1278 3783 Chaldteorum,
1311 3718 1441 3774 licet
1464 3720 1638 3790 ampla
1683 3721 1753 3776 sit
1788 3731 1844 3776 et
1871 3723 2137 3791 maxima;

560 3810 623 3856 et
669 3818 804 3860 sane
838 3808 1170 3876 expugnavit
1201 3810 1452 3880 cepitque
1480 3825 1600 3866 eam
1632 3827 1736 3868 non
1766 3815 1974 3869 viribus
2001 3816 2138 3880 suis,

563 3907 742 3964 neque
779 3895 1073 3952 robustiori
1106 3915 1265 3955 manu
1289 3900 1511 3971 (invicta
1536 3902 1800 3974 siquidem
1828 3915 1884 3960 et
1909 3906 2137 3976 insupeo

561 3985 751 4042 rabilis
779 3998 897 4042 erat
931 4003 1064 4060 gens
1094 3990 1497 4060 Chaldaeorum,
1538 4002 1592 4049 et
1632 4003 1852 4065 propter
1898 3997 2139 4052 multitu-

554 4079 767 4146 dinem,
811 4091 864 4137 et
889 4095 1110 4154 propter
1151 4101 1400 4158 magnam
1441 4087 1518 4143 rei
1553 4087 1806 4144 militaris
1843 4091 2137 4159 peritiam),

557 4173 656 4224 sed
689 4174 867 4241 potius
904 4176 1049 4244 quod
1082 4177 1221 4232 Dens
1246 4179 1294 4234 ei
1323 4179 1665 4235 adversarios
1691 4181 2009 4250 subiiceret,
2041 4184 2141 4236 im-

557 4262 820 4335 piumque
883 4267 1300 4341 Babyloniorum
1356 4273 1642 4339 imperium
1710 4273 2067 4328 labefactaret
2121 4292 2137 4330 :

564 4354 761 4423 quippe
792 4359 935 4424 quod
966 4360 1102 4427 apud
1145 4361 1266 4416 illos
1293 4363 1577 4432 praestigia-
1611 4365 1845 4419 maxime
1878 4365 2138 4434 vigerent,

557 4455 620 4498 οι
665 4445 1076 4503 innumerabiiia
1107 4449 1376 4506 idolorum
1418 4453 1667 4506 examina
1696 4461 1880 4509 essent
1917 4471 1931 4508 :
1977 4456 2137 4510 nimi-

2159 3177 2208 3243 ϐ

2321 3176 2448 3230 Ἐπ’
2482 3172 2661 3242 ὅρους
2691 3174 2938 3229 πεδινοῦ
2958 3173 3138 3242 ἄρατε
3169 3172 3450 3244 σημεῖον.

2313 3267 2434 3318 Δεῖν
2482 3265 2538 3318 δὲ
2582 3260 2734 3334 οἶμαι
2784 3265 2884 3334 τῆς
2944 3264 3241 3334 ἑρμηνείας
3287 3265 3395 3320 τῶν
3443 3263 3826 3334 προκειμένων

2239 3353 2440 3425 ἀκριϐῆ
2473 3353 2743 3407 ποιεῖσθαι
2781 3355 2880 3423 τὴν
2912 3354 3168 3407 ἀπόδοσιν
3223 3353 3556 3424 ᾑρημένους,
3615 3371 3820 3424 προαφι

2241 3445 2556 3518 ηγήσασθαί
2590 3463 2641 3500 τι
2673 3447 2782 3498 τῶν
2808 3445 3272 3514 ἀναγκαιοτάτων.
3300 3445 3482 3517 Κύρος
3515 3445 3822 3515 τοιγαροῦν,

2238 3539 2270 3591 ό
2318 3538 2526 3609 πατρὸς
2569 3538 2668 3607 μὲν
2695 3531 2995 3608 Καμϐὗσου
3031 3538 3305 3605 γεγονὼς,
3347 3537 3553 3608 μητρὸς
3579 3538 3638 3591 δὲ
3680 3539 3825 3592 Μανι-

2240 3629 2428 3700 δάνης,
2477 3629 2703 3700 Περσῶν
2751 3647 2807 3684 τε
2853 3629 2949 3683 καὶ
2992 3630 3192 3702 Μήδων
3227 3629 3649 3700 βεϐασιλευκὼς,
3697 3647 3817 3684 κατ·

2240 3721 2573 3792 εστράτευσε
2619 3721 2716 3790 τῆς
2744 3720 3085 3784 Βαϐυλῶνος,
3128 3722 3222 3775 καὶ⁵
3257 3721 3434 3793 πάσης
3486 3721 3544 3774 δὲ
3581 3722 3686 3791 τῆς
3716 3721 3825 3775 ⁴τῶν

2240 3812 2521 3866 Χαλδαίων
2544 3811 2725 3882 χώρας
2756 3812 2976 3883 εὐρείας
3003 3829 3060 3866 τε
3093 3812 3261 3884 οὔσης
3299 3813 3392 3866 καὶ
3426 3813 3632 3884 πολλῆς
3653 3815 3820 3883 ἄγαν

2240 3905 2334 3957 καὶ
2370 3903 2434 3974 δὴ
2471 3904 2563 3956 καὶ
2602 3905 2964 3974 κεκράτηκεν.
3005 3898 3164 3957 Εἷλεν
3213 3905 3385 3975 αὐτὴν
3429 3905 3492 3958 οὺ
3532 3903 3824 3976 δυνάμεσιν

2243 3995 2424 4058 ἰδίαις,
2465 3994 2590 4048 οὔτε
2624 3995 2731 4066 μὴν
2763 3995 3117 4068 ἀλκιμωτέρᾳ
3155 3997 3298 4068 χειρὶ
3329 3997 3642 4068 χρήσασθαι
3663 3998 3820 4067 δυνη-

2241 4086 2354 4150 θεὶς
2387 4086 2618 4158 (ἄμαχον
2665 4089 2776 4160 γάρ
2827 4107 2880 4142 τι
2930 4089 3024 4142 καὶ
3070 4090 3545 4158 ἀνανταγώνιστον
3589 4089 3653 4142 τὸ
3680 4089 3824 4143 Χαλι

2239 4176 2408 4232 δαίων
2437 4176 2590 4240 ἔθνος
2617 4172 2706 4249 ἦν,
2742 4178 2833 4232 διά
2871 4195 2930 4232 τε
2966 4179 3196 4250 πληθὺν,
3237 4181 3331 4234 καὶ
3368 4180 3428 4233 τὸ
3460 4176 3520 4234 εὖ
3558 4181 3706 4250 μάλα
3739 4197 3826 4250 γε-

2239 4268 2550 4340 γυμνάσθαι
2588 4269 2659 4324 τὰ
2692 4271 2977 4342 τακτικὰ),
3019 4271 3156 4325 Θεοῦ
3212 4273 3414 4343 μᾶλλον
3458 4274 3823 4344 ὑποφέροντος

2238 4357 2391 4429 dict};
2423 4359 2551 4421 τοὺς
2577 4357 3001 4429 ἀνθεστηκότας,
3026 4361 3118 4414 καὶ
3151 4361 3220 4414 τὰ
3244 4362 3478 4433 δυσσεϐῆ
3517 4362 3624 4416 τῶν
3649 4363 3816 4415 Βαϐυ-

2239 4450 2448 4507 λωνίων
2469 4451 2855 4513 κατασείοντος
2877 4452 3055 4524 κράτη
3076 4467 3090 4482 ο
3135 4453 3309 4506 διάτσι
3338 4449 3398 4506 τὸ
3433 4453 3697 4523 πλείστην
3727 4455 3826 4525 μὲν

565 4552 684 4590 rum
738 4549 881 4593 terra
931 4541 1262 4611 sculptilium
1305 4543 1586 4597 nominata
1639 4553 1740 4606 est,
1791 4546 1874 4598 vel
1916 4557 2136 4617 propter

2241 4545 2369 4614 ὅσην
2415 4545 2543 4616 παρ’
2593 4543 2776 4608 αὐτοῖς
2825 4539 2962 4596 εἶναι
3009 4543 3107 4614 τὴν
3145 4543 3432 4614 γοητείαν
3483 4543 3721 4614 ἀριθμοῦ
3769 4545 3826 4598 δὲ

561 4629 778 4682 turbam
809 4629 1095 4694 idolorum,
1133 4630 1214 4685 vel
1244 4631 1411 4685 etiam
1455 4633 1596 4702 quod
1628 4636 2002 4704 unusquisque
2053 4639 2139 4692 in-

2240 4636 2525 4706 κρείττονα
2555 4636 2650 4690 τὸν
2687 4634 2798 4688 τῶν
2832 4633 3066 4687 εἰδώλων
3092 4635 3259 4705 ὲσμόν
3279 4651 3294 4667 ο
3331 4634 3425 4688 καὶ
3450 4636 3582 4704 γοῦν
3613 4635 3686 4704 γῆ
3715 4635 3826 4688 τῶν

557 4722 804 4774 colerem
844 4719 990 4774 nullo
1024 4721 1181 4777 modo
1206 4722 1272 4776 ab
1316 4721 1460 4776 idolo
1504 4723 1813 4793 discrepare
1841 4726 2136 4793 deprehen-

2241 4725 2496 4794 γλυπτῶν
2555 4727 2995 4796 κατωνόμασται,
3041 4727 3072 4797 ἢ
3135 4726 3224 4779 διὰ
3277 4726 3375 4796 τὴν
3429 4726 3540 4778 τῶν
3593 4725 3830 4779 εἰδώλων

560 4812 805 4878 uteretur,
831 4812 888 4866 in
927 4822 1187 4882 quantum
1222 4830 1416 4886 nempe
1452 4815 1778 4885 impotenter
1801 4826 1856 4872 et
1884 4817 2136 4875 eﬂ‘renate

2244 4817 2476 4886 πληθὺν,
2508 4818 2674 4887 ἦγουν
2702 4817 2785 4870 ὄτι
2818 4815 2914 4869 καὶ
2946 4815 3179 4878 ἕκαστος
3206 4815 3316 4868 τῶν
3343 4818 3524 4869 ἐκεῖσε
3566 4833 3825 4886 κατῳκη-

557 4903 618 4956 in
669 4917 912 4957 errorem
973 4907 1420 4975 prolabebantur.
1474 4911 1554 4964 Ad
1584 4910 1719 4974 haec,
1771 4911 1899 4981 quia
1953 4923 2142 4968 sancta

557 5001 708 5050 terra
739 5005 793 5051 et
824 4997 934 5052 Deo
963 4999 1241 5069 deputata,
1292 5001 1342 5056 id
1381 5012 1484 5070 est,
1519 5001 1702 5059 Judma
1743 5006 2042 5070 devastata,
2075 5015 2132 5061 et

559 5085 956 5164 Hierosolymis
1013 5095 1238 5165 ipsoque
1264 5097 1447 5152 divino
1496 5099 1697 5170 templo
1747 5099 2003 5164 incensis,
2039 5099 2138 5155 ab-

564 5193 837 5240 duxerunt
870 5187 923 5240 in
953 5187 1107 5242 suam
1145 5190 1416 5258 regionem
1447 5205 1576 5245 vasa
1622 5207 1802 5259 sacra,
1840 5202 2002 5261 atque
2038 5193 2141 5246 im-

556 5275 772 5340 potenti
807 5275 887 5330 ira
915 5276 1174 5331 concitati
1209 5275 1459 5332 lsraelem
1480 5280 1818 5342 occiderunt,
1851 5292 2141 5350 quantum-

561 5369 644 5422 vis
681 5380 908 5424 sanctus
935 5369 1184 5439 populus,
1225 5378 1279 5425 et
1309 5369 1486 5441 portio
1515 5378 1571 5426 et
1605 5385 1725 5426 sors
1764 5370 1858 5427 Dei
1891 5373 2140 5426 nomina-

561 5471 736 5514 rctnr.
773 5461 906 5515 Nam
937 5462 1076 5529 quod
1097 5459 1353 5516 lsracleui
1393 5462 1534 5516 idola
1559 5461 1827 5518 colentem
1847 5465 2138 5517 tradiderit

561 5551 704 5607 Dens
739 5554 790 5606 in
827 5569 1018 5608 manus
1043 5554 1296 5620 hostium,
1317 5568 1424 5608 non
1452 5555 1740 5610 obscurum
1757 5565 1837 5607 est
1861 5568 2140 5609 saerarnm

561 5639 892 5695 Litterarum
929 5645 1249 5710 scientibus,
1275 5646 1368 5700 sed
1403 5645 1495 5715 qui
1539 5645 1602 5698 ad
1639 5646 1743 5702 hoc
1779 5647 1956 5700 vocati
1989 5654 2136 5708 sunt,

557 5749 658 5787 eos
692 5747 796 5786 non
838 5735 936 5788 levi
981 5735 1241 5803 supplicio
1283 5736 1604 5791 aﬂ'ccerunt.
1645 5736 1959 5791 Invenietur
1989 5738 2135 5792 enim

560 5825 761 5881 alicubi
799 5825 1000 5880 dixisse
1031 5825 1400 5885 univcrsitatis
1439 5828 1579 5883 Deus
1628 5843 1757 5883 voce
1801 5827 2076 5885 Zacliarim
2116 5849 2129 5886 :

2239 4905 2416 4959 κότων
2463 4908 2584 4960 κατ’
2616 4905 2807 4960 οὐδένα
2838 4907 3042 4974 τρόπον
3091 4905 3314 4959 είδώλου
3367 4905 3664 4974 διενεγκὼν
3713 4905 3832 4976 ήλῐο

2237 5013 2416 5062 σκετο,
2459 4998 2601 5052 κατά
2645 4998 2709 5066 γέ
2756 5017 2900 5069 φημι
2957 4999 3017 5052 τὸ
3059 4998 3306 5068 ἀσχέτως
3328 5015 3388 5050 τε
3435 4997 3530 5050 καὶ
3569 4998 3831 5068 ἀκρατῶς

2243 5089 2542 5144 ἀπονεῦσαι
2587 5091 2725 5163 πρὸς
2779 5091 3066 5161 πλάνησιν.
3103 5087 3239 5144 Εῐτα
3286 5091 3424 5161 πρὸς
3469 5089 3704 5153 τούτοις,
3744 5090 3832 5142 ὅτι

2241 5183 2342 5254 τὴν
2371 5183 2533 5252 ἀγίαν
2565 5183 2660 5238 καὶ
2683 5184 3080 5254 ἑκνεμηθεῖσαν
3109 5182 3188 5254 τῷ
3219 5182 3342 5254 Θεῷ
3365 5182 3833 5255 καταδῃώσαντες

2243 5274 2369 5344 γῆν,
2397 5274 2540 5327 τοῦτ’
2568 5275 2703 5342 ἔστι,
2731 5275 2829 5347 τὴν
2845 5275 3123 5337 Ἰουδαίαν,
3146 5275 3645 5345 κατεμπρήσαντές
3674 5291 3737 5327 τε
3760 5273 3833 5326 τὰ

2254 5365 2624 5437 Ἱεροσόλυμα,
2663 5367 2759 5420 καὶ
2788 5367 2951 5420 αὐτόν
2980 5385 3040 5420 τε
3087 5364 3180 5420 τὸν
3210 5366 3353 5420 θεῖον
3391 5366 3537 5430 ναὸν,
3567 5365 3838 5435 ἀπεκόμι-

2246 5475 2347 5511 σαν
2380 5459 2477 5528 μὲν
2506 5461 2576 5511 τα
2606 5459 2774 5528 σκεύη
2805 5459 2874 5512 τα
2915 5459 3037 5530 ίερά
3075 5461 3154 5522 είς
3178 5459 3278 5528 τὴν
3313 5457 3545 5523 ἑαυτῶν,
3575 5456 3737 5528 θυμῷ
3771 5458 3836 5509 es

2248 5551 2472 5620 ἀκράτῳ
2517 5549 2788 5621 χρώμενοι
2832 5549 2924 5605 τὴν
2966 5551 3184 5622 Ἰσραὴλ
3224 5551 3613 5608 ἀπεκτόνασιν.
3652 5552 3833 5603 καίτοι

2247 5643 2374 5696 λαὸν
2403 5643 2558 5712 ἅγιον
2579 5644 2996 5714 ὠνομασμένον,
3030 5647 3223 5717 μερίδα
3243 5662 3302 5699 τε
3325 5645 3418 5698 καὶ
3446 5645 3650 5715 κλῆρον
3665 5647 3832 5698 Θεοῦ.

2247 5738 2370 5790 Ὅτι
2409 5742 2506 5807 μὲν
2539 5736 2646 5808 γὰρ
2674 5735 3204 5809 είδωλολατρήσαντα
3235 5736 3323 5792 τὸν
3355 5737 3573 5808 Ἰσραὴλ
3607 5736 3837 5808 παρεδί-

2242 5830 2332 5883 δου
2366 5829 2496 5891 Θεὸς
2529 5831 2606 5892 εἰς
2636 5833 2820 5900 χεῖρας
2847 5829 3059 5901 ἐχθρῶν
3095 5831 3194 5885 οὐκ
3225 5829 3546 5902 ἀσυμφανὲς
3574 5833 3689 5894 τοῖς
3717 5829 3839 5885 τῶν
