4122 6292
571 395 670 451 551

1616 391 1674 449 S.
1716 391 1997 450 CYRILLI
2035 387 2502 447 ALEXANDBINI
2539 382 2837 443 ARCHIEP

3721 366 3833 430 559.

578 510 715 566 Tota
735 510 882 566 enim
902 505 1094 567 civitas
1114 520 1171 565 et
1190 509 1339 581 regio
1362 508 1592 564 contrita
1615 517 1700 563 est
1716 517 1770 565 et
1790 518 2152 580 conquassata

2264 510 2376 564 τινὰ
2398 510 2649 580 καθάπερ
2681 505 2788 561 τινὶ
2822 501 3025 575 σφύρᾳ,
3058 497 3178 566 ταῖς
3209 496 3435 555 ἐκείνων
3462 497 3825 566 πλεονεξίαις.

579 603 997 672 quodammodo,
1020 601 1166 657 velut
1190 602 1443 671 quopiam
1467 599 1679 667 malleo,
1701 615 1892 656 eorum
1918 601 2144 673 rapinis.

579 693 814 750 Montem
858 703 1061 760 autem,
1093 707 1243 764 puto,
1276 701 1634 764 campestrem
1677 693 1944 762 nominat,
1982 693 2147 749 veluti

580 785 838 841 humilem
897 793 953 840 et
1005 783 1179 839 instar
1232 783 1446 839 tumuli.
1498 781 1619 839 Non
1669 783 1810 839 enim
1867 785 1920 839 in
1981 799 2151 841 mon-

579 876 725 933 tibus
786 875 1020 932 excelsis
1078 874 1273 931 vexilla
1337 883 1588 930 statuunt
1647 873 1734 930 vel
1800 886 1999 945 tropaea
2056 884 2151 930 aut

578 968 818 1035 signum,
847 966 943 1024 sed
979 966 1032 1022 in
1063 966 1292 1024 collibus
1326 981 1434 1022 non
1473 967 1549 1022 ita
1582 966 1766 1035 editis,
1790 966 1957 1038 218
1988 975 2047 1023 ut
2072 966 2150 1023 si-

581 1059 692 1115 mul
741 1069 799 1115 et
845 1061 902 1116 in
950 1059 1068 1115 loco
1116 1054 1282 1115 nimis
1313 1059 1460 1115 edito
1514 1074 1620 1116 non
1659 1070 1911 1131 ponatur,
1949 1069 2004 1115 et
2053 1059 2150 1114 toti

582 1152 850 1207 exercitui
870 1152 1109 1207 maxime
1131 1151 1582 1223 sitconspicuum
1612 1161 1667 1208 et
1692 1155 1987 1223 cognitum.
2023 1150 2153 1207 Tol-

582 1243 678 1300 lite
717 1243 904 1314 igitur,
933 1243 1129 1313 inquit,
1158 1242 1373 1314 signum
1413 1242 1568 1314 quasi
1603 1241 1716 1313 jam
1751 1243 2009 1310 victores,
2041 1242 2153 1298 Deo

586 1345 840 1404 tanquam
876 1342 1030 1388 scuto
1063 1338 1396 1405 protegente.
1446 1334 1669 1391 Elevate
1702 1340 1910 1403 vocem,
1960 1336 2012 1390 id
2047 1341 2151 1401 est,

584 1428 856 1481 clamores
874 1434 1071 1481 ‘contra
1107 1425 1428 1498 phalangem
1458 1427 1804 1484 inimicorum
1853 1427 2047 1484 tollite.
2076 1426 2157 1483 Ne

584 1519 796 1574 timete.
835 1517 1034 1573 Potens
1062 1519 1207 1573 enim
1237 1518 1425 1588 procul
1449 1519 1615 1575 dubio
1638 1524 1693 1574 et
1718 1517 2157 1589 ineXpugnabilis

583 1610 837 1665 omnibus
867 1609 1068 1681 ubique
1089 1609 1337 1680 gentibus
1368 1606 1788 1681 Babylttniorum
1817 1622 2029 1673 manus,
2057 1622 2158 1664 nec

586 1703 632 1756 Si
664 1703 756 1772 qui
782 1703 1205 1759 extimescerent
1227 1712 1365 1765 eam,
1396 1700 1518 1757 illos
1542 1700 1830 1772 quisquam
1864 1699 2158 1771 reprehen-

586 1795 748 1850 derit.
784 1794 889 1851 Sed
918 1809 1079 1861 nunc,
1105 1795 1202 1862 ait,
1235 1792 1401 1850 nolite
1425 1795 1634 1858 timere,
1656 1802 1776 1848 cum
1808 1793 1950 1848 Deus
1969 1805 2156 1848 eorum

590 1884 856 1956 Superbiae
902 1887 1036 1941 iram
1069 1896 1223 1947 suam
1269 1894 1527 1957 ‘opponat.
1568 1884 1805 1941 Evocate
1863 1901 2047 1942 manu.
2094 1885 2159 1941 Et

586 1976 718 2043 quid
768 1976 985 2031 tandem
1029 1985 1113 2032 est
1157 1958 1341 2032 istud?
1388 1975 1573 2031 Solent
1617 1973 1875 2032 fortassis
1928 1976 2162 2032 militum

582 2067 759 2122 tluccs
792 2076 953 2121 mauu
983 2067 1243 2134 excitare,
1275 2076 1327 2122 et
1357 2075 1491 2122 num
1532 2067 1891 2123 ettstimulare
1921 2067 2159 2123 fortissi-

595 2168 729 2223 mos,
777 2168 832 2214 et
888 2154 954 2215 ad
1009 2161 1347 2217 incursiones
1386 2169 1578 2218 contra
1631 2162 1843 2234 aliquos
1883 2161 2165 2219 faciendas

589 2248 857 2315 animare,
883 2265 1006 2306 cum
1040 2251 1202 2306 veluti
1240 2253 1296 2306 in
1332 2261 1526 2325 magno
1560 2253 1794 2310 tumultu
1822 2269 1923 2309 vox
1951 2253 2019 2309 ad
2060 2255 2163 2310 hoc

591 2339 774 2394 minus
804 2341 1003 2395 valeat.
1038 2339 1271 2397 Proinde
1310 2342 1464 2410 jubet
1489 2351 1548 2398 ut
1585 2345 1677 2414 qui
1717 2344 1877 2401 rebus
1909 2345 2163 2417 gerendis

586 2428 981 2497 praeliciuntur,
1027 2429 1210 2500 cupias
1263 2446 1384 2500 qua:
1415 2431 1515 2486 sub
1557 2441 1828 2502 potestate
1865 2442 2012 2500 sunt,
2049 2448 2163 2488 ma-

592 2517 754 2575 nibus
779 2527 833 2574 et
868 2521 1091 2575 nutibus
1124 2520 1492 2577 cohortentur
1531 2538 1768 2593 suosque
1799 2524 1865 2579 ad
1903 2523 2160 2580 invictam

594 2611 882 2678 quamdam
921 2611 1257 2668 alacritatem
1314 2625 1600 2671 exacuant.
1659 2616 1938 2673 Acclamat
1997 2619 2163 2674 etiam

592 2710 788 2757 rursus
809 2719 825 2757 :
850 2703 1095 2773 Aperite,
1122 2705 1412 2775 principes.
1454 2705 1547 2763 Vel
1574 2710 1717 2763 enim
1748 2709 1815 2765 iis
1843 2710 2074 2780 imperat
2105 2722 2166 2770 ut

590 2789 908 2863 Babyloniis
942 2794 1056 2866 jam
1098 2798 1252 2866 quasi
1293 2798 1520 2854 devictis
1571 2802 1816 2869 aperiant
1860 2812 2065 2873 portas,
2112 2812 2168 2860 et

596 2884 889 2954 superbam
923 2887 1050 2950 olim
1091 2899 1144 2944 et
1179 2888 1501 2946 insolentem
1548 2893 1735 2947 urbem
1780 2895 1995 2950 tradant
2027 2912 2043 2950 :
2083 2894 2168 2952 vel

596 2975 759 3029 etiam
803 2974 947 3033 forte
982 2979 1244 3035 exercitui
1283 2991 1493 3049 sancto,
1533 2983 1686 3053 jussu
1730 2980 2043 3056 etimperio
2074 2987 2166 3042 Dei

594 3068 940 3122 succurrenti
971 3068 1161 3136 Medis,
1194 3079 1248 3125 et
1284 3071 1390 3128 illis
1427 3073 1599 3129 ardua
1632 3075 1758 3131 licet
1801 3087 1866 3131 ac
1892 3087 2165 3148 praerupta

600 3158 821 3227 agendis
873 3160 1028 3231 equis
1068 3165 1414 3220 accommoda
1459 3165 1762 3224 reddituro.
1816 3166 1932 3235 Quo
1984 3176 2164 3225 autem

599 3250 957 3318 pugnantium
988 3252 1410 3324 insuperabilem
1445 3268 1661 3313 manum
1690 3258 2048 3325 demonstret,
2072 3260 2169 3316 add
2191 3237 2237 3295 (ἶ

600 3340 790 3405 nectit,
818 3350 878 3397 et
918 3343 1095 3414 inquit
1126 3363 1139 3399 :
1170 3345 1283 3416 Ego
1320 3348 1546 3416 iustitio,
1579 3361 1634 3405 et
1660 3365 1762 3421 ego
1793 3351 2000 3404 adduco
2037 3362 2168 3419 eos;

601 3428 920 3485 snnctillcati
975 3442 1117 3499 sunt,
1172 3445 1228 3490 et
1270 3450 1370 3505 ego
1401 3438 1617 3494 adduco
1639 3453 1754 3496 eos.
1793 3438 1980 3493 Simile
2026 3440 2170 3495 enim

602 3518 719 3577 lere
744 3530 829 3576 est
849 3537 913 3579 ac
936 3525 980 3580 si
1008 3525 1250 3581 diceret:
1281 3524 1563 3583 Medoi'tnn‘
1581 3529 1855 3585 exercitus
1887 3528 2173 3585 multitudo

604 3627 710 3668 non
757 3613 902 3671 ultro
934 3616 1084 3672 venit
1122 3618 1189 3673 ad
1219 3634 1334 3683 vos,
1372 3630 1549 3688 neque
1591 3621 1706 3677 sola
1747 3634 1842 3676 sua
1877 3632 2069 3693 sponte
2108 3633 2172 3680 a'c

604 3705 883 3762 voluntate
917 3706 1206 3764 Persarum
1262 3712 1493 3781 populus
1533 3714 1784 3779 accessit,
1818 3713 1912 3770 sed
1943 3725 2045 3784 ego
2070 3728 2170 3785 po-

605 3798 713 3854 tius
738 3812 832 3855 eos
859 3799 926 3855 ad
950 3801 1052 3857 hoc
1081 3796 1436 3858 sanctiﬁc'avi.
1468 3802 1566 3858 Hic
1595 3813 1795 3871 autem,
1814 3802 2169 3874 sanctiﬁcavi,

604 3889 737 3944 dicit
788 3902 887 3961 pro
935 3893 1244 3962 segregavi,
1269 3901 1324 3948 et
1352 3893 1500 3949 velut
1524 3892 1713 3965 selegi,
1740 3895 1808 3950 ad
1834 3907 1906 3951 ‘ea
1937 3897 2173 3964 gerenda

602 3996 725 4054 quae
748 3981 802 4036 in
836 3997 931 4038 vos
965 3983 1152 4038 statui.
1182 3983 1347 4055 Igitur
1383 3985 1627 4052 veniunt,
1664 3986 1859 4056 inquit,
1894 4001 2035 4059 quos
2075 4003 2174 4058 ego

604 4070 831 4137 adduco,
858 4072 1002 4129 velut
1039 4074 1288 4144 gigantes
1334 4077 1579 4147 quidam,
1628 4087 1689 4132 ut
1720 4076 1958 4134 furorem
1993 4086 2172 4133 meum

595 4163 882 4232 expleant,
913 4166 1214 4235 gaudentes
1239 4166 1401 4223 simul
1431 4179 1485 4222 et
1525 4168 1853 4225 insultantes
1882 4188 1898 4227 :
1929 4171 2171 4241 gauden-

603 4259 689 4308 tes
718 4254 916 4324 quippe
944 4256 1036 4324 qui
1067 4256 1350 4312 confidunt
1382 4271 1443 4313 se
1479 4257 1704 4313 victoria
1739 4260 2009 4329 potituros
2040 4279 2056 4317 :
2092 4261 2175 4316 ius

598 4341 872 4399 sultantes
900 4349 1102 4412 autem,
1146 4362 1245 4417 pro
1305 4348 1633 4417 despuentes
1663 4362 1780 4415 eos,
1813 4365 1913 4406 ceu
1946 4352 2172 4408 multum

609 4434 870 4503 imbelles,-
911 4446 965 4494 et
1000 4438 1200 4493 nullius
1234 4439 1397 4508 pretii
1443 4439 1823 4497 homunculos.
1864 4441 2174 4499 Istiusmodi

2250 603 2415 673 Ὄρος
2433 602 2512 667 δὲ,
2534 598 2708 673 οἶμαι,
2724 596 2939 652 πεδινὸν
2970 594 3225 667 ὀνομάζει
3249 593 3313 649 τὺ
3335 592 3498 649 οίονεὶ
3523 591 3828 664 χθαμαλὸν.

2248 693 2342 747 καὶ
2363 692 2439 757 ὡς
2467 694 2525 746 ὲν
2545 691 2695 759 τάξει
2717 688 2975 761 γηλόφου.
2993 687 3067 740 Ού
3096 685 3203 757 γάρ
3226 692 3309 738 τοι
3336 683 3474 755 πρὸς
3498 683 3569 738 τὰ
3599 685 3833 755 ἀνεστη-

2249 784 2384 838 κότα
2412 784 2521 837 τῶν
2547 781 2690 855 δρῶν
2721 779 3105 842 ἀναϐαίνοντες
3137 776 3239 841 τὰς
3282 775 3559 848 σημασίας
3590 776 3829 839 ἱστᾶσιν,

2250 876 2370 948 ἢτοι
2395 875 2463 930 τὰ
2491 877 2751 949 τρόπαια,
2788 875 2958 947 ἧγουν
2986 874 3047 927 τὸ
3077 876 3324 945 σημεῖον,
3351 871 3469 926 ἀλλ’
3498 873 3591 926 ἐπὶ
3623 869 3831 942 βουνῶν

2250 968 2312 1020 ού
2341 966 2463 1020 λίαν
2486 966 2762 1038 ἡρμένων,
2785 966 2852 1019 ἵν’
2875 967 2936 1019 ὲν
2962 962 3148 1034 ταύτῷ
3172 963 3269 1017 καὶ
3292 962 3353 1017 τὸ
3377 960 3513 1031 ὑψοῦ
3543 961 3827 1015 τεθεῖσθαι

2251 1058 2371 1112 λίαν
2401 1057 2657 1130 διαφύγῃ,
2700 1057 2785 1130 είη
2825 1057 2881 1111 δὲ
2911 1058 3005 1110 καὶ
3050 1055 3237 1129 ἁπάσῃ
3272 1057 3339 1127 τῇ
3373 1054 3601 1125 στρατιᾷ
3629 1070 3833 1124 γνωρι-

2256 1150 2525 1222 μώτατον.
2582 1150 2783 1223 Ἄρατε
2830 1149 3034 1214 τοίνυν,
3089 1147 3247 1219 φησι,
3302 1149 3551 1219 σημεῖον,
3594 1148 3672 1213 ὡς
3728 1146 3835 1218 ἤδη

2253 1243 2600 1313 νενικηκότες
2668 1240 2803 1296 θεοῦ
2872 1238 3323 1313 προασπίζοντος.
3389 1239 3677 1310 ’Υψὼσατε
3734 1240 3834 1311 τὴν

2254 1333 2458 1408 φωνὴν,
2499 1334 2647 1388 τοῦτ’
2689 1333 2825 1398 ἐστι,
2870 1330 3281 1399 καταλαλάξατε
3329 1332 3431 1402 τῆς
3461 1331 3572 1385 τῶν
3621 1329 3835 1402 ἐχθρῶν

2255 1423 2558 1499 φάλαγγος,
2596 1427 2674 1499 μὴ
2702 1425 2975 1498 φοϐεῖσθε.
3006 1427 3164 1498 Δεινὴ
3202 1425 3307 1498 μὲν
3336 1424 3447 1497 γὰρ
3471 1422 3835 1496 ὁμολογουμέ-

2257 1532 2363 1584 νως
2393 1521 2489 1575 καὶ
2516 1519 2986 1589 ἀνανταγώνιστος
3015 1522 3126 1584 τοῖς
3178 1512 3490 1588 ἅπανταχοῦ
3526 1515 3637 1570 τῶν
3662 1510 3838 1569 Βαϐυο

2255 1607 2463 1666 λωνίων
2497 1611 2531 1682 ἤ
2569 1612 2712 1683 χεὶρ,
2744 1611 2839 1665 καὶ
2867 1611 2967 1665 ούκ
2991 1611 3056 1666 άν
3084 1621 3170 1675 τις
3200 1608 3674 1680 καταμωμήσαιτο
3704 1602 3836 1672 τοὺς

2256 1698 2494 1767 δεδιότας
2522 1698 2716 1775 αὐτὴν.
2755 1694 2918 1757 ’Ᾱλλὰ
2949 1701 3046 1757 νῦν
3085 1701 3164 1775 μὴ
3200 1700 3476 1772 φοϐεῖσθε,
3503 1702 3660 1773 φησὶ,
3694 1692 3835 1754 Θεοῧ

2257 1798 2376 1860 ταῖς
2399 1795 2625 1850 ἐκείνων
2652 1788 2981 1868 ὑπεροψίαις
3004 1794 3105 1867 τὴν
3141 1794 3277 1849 ίδίαν
3313 1792 3485 1866 ὀργὴν
3516 1792 3839 1861 άντεξάγον-

2191 1876 2233 1931 Β
2256 1905 2367 1952 τος.
2418 1880 2793 1961 Παρακαλείτε
2824 1889 2890 1958 τῇ
2920 1886 3086 1959 χειρί.
3114 1886 3223 1941 Kal.
3246 1885 3299 1940 τί
3338 1886 3404 1957 δὴ
3447 1884 3607 1940 τοῦτό
3653 1887 3836 1951 ὲστιν;

2271 1972 2433 2044 Ἔθος
2458 1979 2600 2052 τάχα
2629 1987 2731 2035 που
2760 1982 2872 2044 τοῖς
2899 1979 3008 2033 τῶν
3034 1976 3311 2033 τακτικῶν
3337 1976 3667 2049 ἡγουμένοις
3694 1974 3840 2046 χειρὶ

2264 2066 2630 2145 παραθήγειν,
2660 2072 2754 2127 καὶ
2780 2071 3012 2144 νεύμασι
3042 2067 3402 2143 παροτρύνειν
3429 2067 3556 2132 τοὺς
3585 2084 3839 2140 μαχιμω-

2262 2163 2480 2228 τάτους,
2506 2159 2741 2235 ἐγείρειν
2779 2180 2841 2216 τε
2885 2161 3024 2235 πρὸς
3058 2156 3281 2231 ἐφόδους
3312 2159 3509 2224 αὐτοὺς
3549 2157 3652 2222 τὰς
3698 2157 3844 2212 κατά

2263 2271 2445 2320 τινων,
2478 2253 2664 2325 φωνῆς
2707 2251 3002 2324 άτονούσης
3043 2242 3201 2306 τούτο
3227 2246 3383 2324 δρᾷν,
3427 2249 3505 2315 ὡς
3537 2246 3599 2304 ὲν
3626 2248 3847 2323 θορύϐῳ

2265 2343 2465 2416 πολλῷ.
2502 2329 2838 2417 Προστάττει
2878 2335 3164 2416 τοιγαροῦν
3195 2346 3310 2407 τοῖς
3339 2341 3450 2397 τῶν
3496 2334 3845 2413 πραγμάτων

2264 2428 2629 2507 προεστηκόσι
2656 2433 2754 2498 τὰς
2781 2434 2869 2489 διὰ
2893 2433 3089 2506 χειρῶν
3113 2434 3206 2488 καὶ
3229 2433 3517 2504 νευμάτων
3548 2423 3844 2504 παρακλῆ-

2266 2543 2378 2590 σεις
2425 2524 2695 2581 ποιεῖσθαι
2737 2528 2856 2590 ταῖς
2898 2524 3004 2580 ὑπὸ
3050 2528 3208 2597 χεῖρα
3258 2517 3574 2595 στρατιαῖς,
3625 2514 3724 2577 καὶ
3765 2523 3848 2586 είς

2263 2618 2475 2691 ἄμαχόν
2511 2635 2633 2673 τινα
2670 2618 2981 2690 προθυμίαν
3037 2616 3380 2689 παραθήγειν
3403 2613 3625 2678 αὐτούς.
3682 2603 3841 2667 ’Ἑπι-

2266 2712 2436 2779 φωνεῖ
2475 2709 2533 2763 δὲ
2581 2708 2746 2763 πάλιν
2770 2711 2866 2774 τὸ,
2912 2709 3186 2774 Ἀνοίξατε
3227 2709 3276 2761 οἱ
3317 2706 3600 2779 ἄρχοντες.
3639 2704 3708 2759 Ἦ
3737 2704 3853 2777 γὰρ

2266 2800 2450 2865 αὐτοῖς
2491 2802 2770 2857 ἐπιτάττει
2807 2804 2920 2866 τοῖς
2963 2800 3358 2866 Βαϐυλωνίοις,
3397 2800 3474 2864 ὡς
3505 2799 3609 2870 ἥδη
3652 2813 3854 2867 κεκρα-

2265 2895 2520 2968 τημένοις
2557 2893 2869 2965 άνοιγνῦναί
2911 2911 2970 2948 τε
3011 2893 3110 2957 τὰς
3136 2892 3329 2958 πύλας,
3364 2892 3459 2946 καὶ
3488 2887 3854 2960 παραδιδόναι

2265 2987 2364 3060 τὴν
2414 2985 2648 3052 ἀλαζόνα
2695 2986 2828 3039 ποτὲ
2873 2985 2969 3039 καὶ
3011 2983 3330 3056 ὐϐρίστριαν
3381 2982 3572 3037 πόλινν
3622 2980 3657 3052 ἢ
3708 2980 3854 3051 τάχα

2268 3089 2370 3134 που
2402 3078 2503 3134 καὶ
2521 3078 2813 3150 δυνάμεσιν
2837 3074 3019 3147 ἁγίαις
3040 3076 3181 3131 κατὰ
3204 3070 3500 3147 πρόσταξιν
3526 3065 3665 3127 Θεοῦ
3690 3089 3854 3125 συνα-

2271 3169 2587 3235 σπιζούσαις
2619 3172 2732 3234 τοῖς
2759 3163 2990 3240 Μήδοις,
3038 3162 3518 3238 άποφαὶιινούσαις
3561 3171 3624 3217 τε
3665 3156 3852 3225 αὐτοῖς

2269 3256 2551 3335 ἱππήλατα
2582 3258 2762 3316 καίτοι
2797 3254 2916 3315 λίαν
2945 3252 3205 3330 δυσχερῆ.
3230 3248 3355 3311 ’Ἵνα
3388 3249 3445 3309 δὲ
3472 3248 3572 3327 τὴν
3600 3253 3712 3309 τῶν
3749 3264 3852 3323 μα·

2271 3347 2515 3427 χομένων
2543 3345 2809 3426 ἀήττητον
2851 3344 3106 3421 ἀποδείξῃ
3152 3340 3333 3420 χεῖρα,
3378 3345 3703 3421 προστίθησι
3756 3336 3851 3398 καί

2272 3454 2465 3516 φησιν’
2508 3442 2651 3514 Ἐγὼ
2681 3442 2965 3498 συντάσσω
2995 3442 3089 3495 καὶ
3122 3439 3232 3508 ἐγὼ
3275 3439 3392 3508 ἄγω
3415 3437 3635 3500 αὐτούς.
3673 3434 3852 3493 Μόνον

2270 3535 2380 3606 γὰρ
2406 3529 2526 3606 οὖχὶ
2569 3533 2807 3589 τοιοῦτόν
2832 3532 2885 3586 τί
2917 3538 3086 3602 φησιν
3110 3547 3121 3558 ·
3158 3531 3232 3583 Οὐ
3263 3529 3522 3601 στρατιᾶς
3566 3527 3699 3596 ὑμῖν
3731 3526 3849 3594 Μη-

2271 3618 2426 3696 δικῆς
2450 3618 2787 3696 ηὐτομόλησε
2822 3620 3050 3694 πληθὺς,
3093 3618 3213 3673 οὐδὲ
3255 3617 3320 3671 ὲκ
3364 3616 3531 3686 μόνης
3567 3614 3671 3685 τῆς
3715 3613 3848 3677 ἰδίας

2271 3714 2498 3787 γνώμης
2559 3716 2588 3768 ὁ
2649 3712 2875 3785 Περσῶν
2947 3711 3272 3781 ὲπεφοίτησε
3337 3707 3541 3779 δῆμος’
3617 3705 3653 3778 ἢ
3711 3705 3850 3775 τάχα

2276 3800 2478 3880 μᾶλλον
2514 3806 2711 3870 αὐτοὺς
2744 3804 2856 3873 ἐγὼ
2900 3802 2994 3858 καὶ
3020 3801 3229 3873 ήγίακα
3282 3799 3420 3871 πρὸς
3463 3795 3642 3852 τοῦτο.
3679 3796 3755 3849 Τὸ
3797 3795 3852 3848 δὲ

2272 3898 2480 3971 ἡγίακα
2556 3896 2722 3970 φησὶν
2781 3896 2841 3949 ὲν
2880 3893 3112 3957 τούτοις,
3160 3890 3283 3947 ἀντὶ
3323 3889 3419 3944 τοῦ
3458 3887 3715 3960 ἀφώρισα
3759 3882 3853 3940 καὶ

2271 3990 2436 4043 οἱονεὶ
2479 3986 2809 4059 ἐξελεξάμην
2838 3985 2973 4057 πρὸς
3001 3983 3339 4053 κατόρθωσιν
3374 3974 3452 4034 ὧν
3493 3978 3854 4050 βεϐούλευμαι

2274 4079 2396 4133 καθ’
2424 4072 2601 4151 ύμῶν.
2631 4078 2924 4151 Ἔρχονται
2948 4075 3149 4140 τοίνυν,
3182 4073 3370 4144 φησιν,
3417 4070 3514 4134 οὓς
3556 4069 3671 4139 ἐγὼ
3714 4068 3850 4136 ἄγω,

2274 4170 2525 4240 καθάπερ
2561 4168 2704 4232 τινὲς
2746 4167 3001 4236 γίγαντες
3053 4163 3339 4236 πληρῶσαι
3384 4161 3480 4215 τὸν
3520 4159 3694 4231 θυμόν
3730 4170 3847 4230 μου,

2274 4264 2555 4335 χαίροντες
2600 4261 2718 4331 ἅμα
2761 4260 2857 4313 καὶ
2902 4256 3251 4329 ὑϐρίζοντες·
3300 4253 3587 4325 χαίροντες
3620 4252 3722 4322 μὲν
3760 4250 3854 4304 ἅτε

2269 4350 2339 4425 δὴ
2386 4352 2482 4406 καὶ
2519 4347 2920 4420 τεθαρρηκότες
2969 4346 3052 4400 ὅτι
3098 4343 3501 4416 κρατήσουσιψ
3541 4337 3853 4408 ὑϐρίζοντες

2274 4443 2354 4510 δὲ,
2404 4442 2527 4497 ἀντὶ
2579 4439 2674 4494 τοῦ
2718 4436 3109 4510 περιπτύοντες
3148 4434 3225 4498 ὼς
3270 4431 3413 4486 πολὺ·
3455 4428 3753 4492 νοσοῦντας
3796 4426 3857 4480 τδ

604 4526 751 4583 enim
780 4525 893 4582 lere
913 4536 1000 4584 est
1035 4542 1251 4596 semper
1281 4528 1634 4585 barbarorum
1659 4532 1897 4599 animus,
1937 4549 2165 4604 propen-

2276 4534 2505 4596 ἄναλκες
2528 4570 2546 4598 ,
2598 4531 2694 4585 καὶ
2739 4529 2951 4592 οὐδενὸς
3002 4526 3164 4589 ϐντας
3209 4524 3411 4590 ἀξίους.
3460 4518 3720 4626 Τοιοῦτον
3747 4517 3857 4623 γάρ

601 4618 739 4674 deus
779 4620 836 4675 ln
875 4632 1025 4691 spem
1054 4620 1315 4685 victoriae,
1342 4628 1396 4678 et
1426 4622 1645 4679 elevans
1669 4638 1885 4694 semper
1909 4625 2169 4681 adversa-

600 4709 718 4765 rios
742 4720 799 4766 et
821 4711 1104 4781 abjicicns.
1134 4711 1218 4766 lra
1241 4713 1383 4768 enim
1406 4727 1499 4769 eos
1529 4714 1764 4770 maxime
1790 4715 1859 4770 ad
1887 4717 1989 4771 hoc
2018 4716 2172 4787 regit,

602 4813 841 4871 eumque
888 4802 1222 4860 fortitudinis
1268 4806 1518 4861 ardorem
1566 4806 1865 4878 ingenerat,
1911 4817 1968 4863 ut
2013 4820 2174 4864 omne

605 4891 908 4967 periculum
947 4910 1011 4952 ac
1037 4895 1387 4955 formidinem
1420 4907 1792 4955 contemnant.

859 5172 1019 5236 Vens.
1034 5173 1088 5248 ι,
1120 5171 1173 5236 5.
1216 5168 1332 5234 Vox
1343 5179 1882 5250 gen‘tiuntntultarttm
1908 5182 1963 5236 in
1985 5179 2175 5235 inanti-

607 5271 700 5328 bus
731 5271 922 5327 similis
938 5272 1168 5342 gentium
1197 5272 1484 5327 multarum
1508 5285 1528 5324 :
1584 5286 1684 5326 vos:
1711 5287 1888 5341 regum
1941 5281 1991 5326 et
2048 5287 2174 5341 gen-

607 5364 738 5417 tium
792 5372 1244 5433 congregatarum.
1314 5358 1572 5415 Dominus
1633 5356 1863 5414 Sabaoth
1931 5360 2175 5428 praecepit

607 5449 747 5517 genti
807 5448 1065 5503 bellicosa:
1130 5459 1184 5503 ut
1217 5448 1384 5504 veniat
1414 5464 1442 5502 e
1468 5457 1609 5501 terra
1644 5447 1944 5518 longinqua.
1973 5448 2048 5502 Ab
2086 5464 2177 5503 ex-

614 5545 770 5591 tremo
818 5538 1160 5605 fundamento
1187 5538 1301 5592 caeli
1326 5528 1599 5601 Dominus,
1642 5546 1692 5590 et
1743 5535 2017 5591 bellatores
2060 5537 2175 5605 eius

610 5625 678 5677 at!
702 5625 974 5679 delendum
1002 5637 1202 5680 onlnem
1229 5627 1401 5681 orbem
1431 5635 1607 5682 terrae.

682 5714 839 5769 Velut
870 5716 981 5785 jam
1016 5717 1442 5773 vociferantibus
1477 5718 1668 5781 Medis,
1702 5726 1756 5772 et
1787 5732 1969 5787 vocem
2019 5715 2175 5772 belli-

610 5822 794 5864 cosam
826 5799 1229 5877 cxtollcntibus,
1266 5808 1410 5865 velut
1436 5823 1575 5877 equo
1607 5808 1902 5876 hinniente,
1967 5817 2019 5865 ct
2054 5817 2172 5881 per-

2276 4642 2394 4688 πως
2441 4624 2527 4677 ἀεὶ
2577 4622 2638 4676 τὸ
2685 4620 2959 4692 βάρϐαρον
3010 4615 3287 4688 φρόνημα,
3352 4613 3448 4667 καὶ
3492 4610 3731 4683 προαλὲς
3779 4610 3857 4671 εἰς

2275 4710 2468 4764 ἐλπίδα
2502 4709 2601 4779 τὴν
2632 4709 2724 4761 ὲπί
2756 4725 2820 4776 γε
2857 4707 2919 4761 τὸ
2956 4705 3220 4760 δύνασθαι
3261 4704 3507 4775 κρατεῖν,
3561 4700 3661 4771 καὶ
3688 4712 3860 4753 κατα-

2279 4799 2575 4872 σμικρύνον
2616 4798 2704 4852 ἀεὶ
2745 4798 2873 4861 τοὺς
2923 4795 3346 4865 ἀνθεστηκότας.
3395 4792 3705 4863 Στρατηγεῖ
3748 4787 3861 4859 γάρ

2278 4891 2514 4964 μάλιστα
2547 4889 2717 4961 θυμὸς
2751 4891 2887 4961 πρὸς
2916 4889 3076 4941 τοῦτο
3110 4887 3308 4948 αὐτοὺς
3327 4926 3343 4950 ,
3391 4885 3487 4937 καὶ
3517 4882 3610 4937 τὸν
3641 4884 3745 4953 τῆς
3774 4881 3860 4935 ei»

2276 4981 2526 5055 ανδρείας
2555 4982 2786 5036 ἐντίκτει
2817 4981 2999 5048 πόθον,
3029 4979 3089 5033 τὸ
3112 4977 3209 5033 καὶ
3241 4976 3443 5042 παντὸς
3468 4975 3724 5030 κινδύνου
3753 4977 3853 5030 καὶ

2277 5073 2457 5144 φόϐων
2483 5073 2779 5146 ὑπερορᾷν.

2347 5165 2520 5234 Φωνὴ
2566 5160 2760 5219 ἐθνῶν
2817 5160 3069 5218 πολλῶν
3121 5161 3224 5217 ἐπὶ
3286 5159 3406 5216 τῶν
3452 5159 3645 5229 ὀρέων
3686 5159 3861 5229 ὁμοία

2268 5254 2467 5310 ἐθνῶν
2496 5254 2761 5322 πολλῶν,
2789 5252 2958 5323 φωνὴ
2994 5247 3311 5318 βασιλέων
3334 5251 3434 5306 καὶ
3481 5247 3678 5306 ἐθνῶν
3713 5265 3862 5304 συν-

2272 5346 2562 5418 ηγμένων.
2586 5349 2801 5417 Κύριος
2827 5346 3071 5400 Σαϐαὼθ
3096 5342 3449 5399 ἐντέταλται
3479 5343 3643 5399 ἔθνει
3674 5344 3853 5396 ὁπλο-

2271 5434 2445 5510 μάχῳ
2474 5440 2754 5508 ἔρχεσθαι
2786 5434 2855 5491 ἐκ
2899 5436 3012 5506 γῆς
3062 5436 3367 5506 πόρῤωθεν
3396 5434 3501 5489 ἀπ’
3534 5433 3730 5503 ἄκρου
3766 5433 3861 5486 θε-

2273 5531 2487 5601 μελίου
2529 5528 2639 5583 τοῦ
2692 5528 2955 5597 οὐρανοῦ
2992 5528 3241 5596 Κύριος,
3278 5524 3381 5579 καί
3422 5526 3478 5578 οἱ
3521 5522 3865 5593 ὀπλομάχοι

2270 5622 2464 5677 ἀὑτοῦ
2490 5621 2596 5676 τοῦ
2627 5619 3014 5690 καταφθεῖραι
3041 5618 3157 5685 τὴν
3185 5615 3549 5686 οίκουμένην
3573 5614 3754 5682 ὅλην.

2361 5716 2447 5776 Ὠς
2480 5712 2855 5776 ἀλαλαζόντων
2899 5710 2999 5780 ἤδη
3045 5708 3155 5763 τῶν
3199 5708 3421 5780 Μήδων,
3462 5706 3557 5760 καὶ
3601 5705 3704 5777 τὴν
3748 5707 3865 5769 τοῖς

2284 5802 2534 5878 πολέμοις
2581 5805 2895 5877 πρέπουσαν
2939 5802 3263 5872 ἓξαιρόντων
3311 5796 3514 5871 φωνην,
3561 5795 3639 5862 ὡς
3686 5791 3866 5851 ἵππου
