2061 3146
98 168 148 196 553

659 163 692 191 IN
712 163 828 192 ISAIAH
848 163 913 190 LIB.
934 162 967 191 ΙΙ.
991 163 1110 193 Τοιιυδ
1131 164 1163 198 ll.

1679 168 1733 199 ω

100 226 146 260 μὲν
157 225 368 261 χρεμετίζοντος
378 223 425 253 καὶ
435 222 589 250 διωκόντων
603 222 696 255 τινῶν,
706 221 888 258 τραπομένων

954 222 1118 255 equentibus
1135 222 1284 256 nonnullis,
1314 223 1476 259 cmlerisque
1505 224 1532 251 in
1561 223 1649 259 fugam
1674 225 1730 259 jam

98 270 125 296 δὲ
148 270 200 304 ἠδη
214 269 285 304 πρὸς
301 268 389 303 φυγὴν
405 268 521 303 ἐτέρων,
531 267 652 302 μεγάλης
667 275 696 294 τε
714 267 760 295 καὶ
783 275 890 302 παμμι-

99 315 164 349 γοῦς
179 314 408 349 διασκιδναμένης
423 314 506 349 ἠχῆς,
517 323 526 339 ι
538 313 628 349 Φωνὴ,
643 323 652 339 ι
670 313 748 348 φησί,
764 322 773 338 ι
783 312 889 340 πολλῶν

100 359 184 387 ὲονῶν
208 360 255 386 ἐπὶ
274 359 327 386 τῶν
350 359 446 394 ὀρέων,
469 358 552 393 ὁμοία
577 358 662 386 ἐθνῶν
684 358 801 386 πολλῶν.
819 368 829 384 ι
851 358 890 385 Οὐ

101 404 226 439 τοιαύτη,
249 404 342 440 φησὶν,
364 405 382 438 ἡ
408 403 496 440 φωνὴ,
521 403 592 431 ὥστε
615 404 661 431 καὶ
683 404 793 431 εἰκάσαι
814 403 892 435 τινὰς

103 449 301 485 εὐαριθμήτους
324 447 394 476 εἶναι
420 449 486 482 τοὺς
510 449 703 485 κεκραγότας,
732 449 837 477 οῐεσθαι
863 448 892 475 δὲ

106 495 202 531 μᾶλλον
225 495 273 522 καὶ
296 495 414 532 ἀριθμοῦ
439 495 582 531 κρείττονα
607 495 658 531 τὴν
682 495 736 522 τῶν
769 493 894 530 βοώντων

105 539 171 568 εἷναι
188 542 302 578 πληθύν.
323 542 483 577 Ἀποφαίνει
505 542 534 568 δὲ
555 543 569 568 ό
587 541 666 576 λόγος
688 541 757 577 ὁμοῦ
772 542 827 573 τοῖς
841 541 893 568 ὑπ-

106 586 277 621 εξενγμένοις
294 588 357 619 τοὺς
370 587 553 623 καθηγεῖσθαι
570 587 704 622 λαχόντας
720 585 896 620 καταπεπλῆ-

104 632 165 667 χθαι
179 634 237 665 τοῖς
249 633 385 669 δείμασιν.
427 632 530 660 Ἐθνῶν
544 632 598 667 γὰρ
615 630 685 659 εἶναι
702 632 749 661 καὶ
762 631 895 666 βασιλέων

103 678 275 714 ἰσχυρίζεται
292 679 341 715 τὴν
356 679 459 714 φωνήν.
479 677 584 705 Οὐκοῦν
601 676 656 704 εἶεν
670 676 704 703 ἂν
722 677 746 703 οἰ
761 677 895 712 κεκραγό-

101 733 157 757 τες,
169 727 185 752 ὁ
200 725 381 754 Βαευλωνίων
400 725 517 756 ἄπλετος
530 725 625 760 δῆμος,
639 725 687 751 καί
703 725 752 755 σὺν
766 724 857 755 αὐτοῖς
870 724 895 750 οἰ

101 772 346 807 περιφανέστεροι,
361 771 528 807 δορύληπτον
542 771 592 806 ήδη
613 769 797 805 γεγενημένην
811 769 896 806 ὁρῶν-

100 825 146 848 τες
177 817 230 852 τὴν
260 817 349 849 πόλιν,
371 817 455 851 ἧγουν
478 817 581 853 Πέρσαι
603 825 633 843 τε
657 815 704 843 καὶ
729 816 817 851 Μῆδοι
842 815 897 842 τῶν

102 862 226 889 ἁλόντων
241 862 484 894 κατώαλᾲζοντες.
495 861 598 892 Αὐτοὺς
609 862 647 894 δὲ,
659 860 745 896 οἶμαι,
761 862 808 888 καὶ
818 860 898 887 61:10-

105 908 207 943 μάχους
232 890 446 939 ἀποκαλεξ-καὶ
464 890 498 933 sx
515 908 566 941 γῆς
589 890 895 942 πύργρωδενΠέρχόμενον
914 890 934 918 Β

106 954 179 986 ἔθνος
189 961 198 970 ”
214 954 262 982 ἀπ’
276 954 363 989 ἄκρου
380 952 502 988 θεμελίου
519 951 565 978 τοῦ
582 951 708 986 ούρανοῦ,
722 952 793 979 τοῦτ’
809 951 892 984 ἔστιν,

107 1001 136 1033 ἐξ,
147 1000 236 1027 αὐτῶν
248 999 303 1027 τῶν
319 999 464 1035 τερμάτων
476 998 525 1033 τῆς
539 997 664 1033 Μηδικῆς
672 1018 679 1029 ,
695 998 742 1024 καὶ
753 997 807 1024 τῶν
827 998 894 1024 ὲσωο

107 1046 195 1076 τάτων
211 1045 261 1081 γῆς
272 1045 324 1080 τῆς
338 1044 531 1080 βορειωτάτης.
545 1043 653 1079 Ἐπειδὴ
667 1043 696 1069 δὲ
710 1043 781 1070 κατὰ
798 1043 895 1078 βούλη-

108 1100 149 1118 σιν
160 1090 227 1119 Θεοῦ
237 1090 287 1126 τὴν
298 1090 394 1125 ἐφοδον
406 1089 542 1125 ἐμελέτων
553 1089 725 1125 ὁπλομάχονς
736 1089 833 1120 αὐτοὺς
847 1089 894 1117 τοῦ

106 1138 209 1175 Κυρίου
226 1138 320 1169 καλεῖ,
335 1134 419 1172 ἦχθαι
442 1136 472 1163 τέ
500 1145 567 1172 φησι
584 1136 652 1172 πρὸς
666 1136 696 1162 τὸ
715 1135 896 1171 καταφθεῖραι

106 1183 156 1218 τὴν
178 1182 341 1218 οἰκουμένην
356 1182 435 1218 ὅλην,
463 1182 510 1208 καὶ
526 1182 587 1216 οὐχὶ
607 1181 639 1216 δὴ
658 1182 747 1212 πᾶσαν
767 1181 816 1217 τὴν
835 1182 895 1207 καθ’

105 1229 192 1264 ἡμᾶς.
206 1228 275 1256 Οὔτε
295 1228 349 1263 γὰρ
366 1227 446 1255 τοῦτο
464 1228 577 1262 γεγονὸς
597 1228 749 1263 εὑρήσομεν
771 1228 848 1263 παρά
866 1236 896 1254 τε

106 1274 201 1310 Κύρου
226 1274 274 1301 καὶ
289 1273 343 1302 τῶν
359 1274 407 1300 σὺν
422 1273 505 1309 αὐτῷ.
529 1274 697 1309 Οἰκουμένην
718 1273 745 1300 δὲ
764 1273 897 1303 ἀποκαλεῖ

105 1321 158 1356 τὴν
176 1319 332 1351 Χαλδαίων,
345 1320 427 1347 διάτοι
443 1320 472 1347 τὸ
488 1320 619 1355 πλείστην
639 1318 708 1350 εἶναι
725 1320 772 1350 καὶ
788 1319 897 1355 εὐρεῖαν

108 1366 259 1401 ἀμέτρως,
277 1366 324 1391 καὶ
345 1362 400 1391 οἷον
418 1366 564 1402 οἰκουμένῃ
585 1365 756 1400 φιλονεικεῖν,
779 1365 824 1393 διὰ
848 1365 897 1400 τὴν

109 1411 167 1437 τῶν
183 1409 360 1437 ἐνοικούντων
378 1410 488 1445 πληθύν.

158 1454 350 1487 ὀλολύξατεη
372 1455 459 1490 ὲττὺς
478 1456 529 1491 γὰρ
547 1457 567 1490 ἠ
586 1456 682 1490 ’ἡμέρα
703 1457 823 1490 Κυρίου,
848 1455 899 1483 καὶ

114 1500 264 1535 συντριϐὴ
284 1501 363 1535 παρὰ
377 1501 449 1529 Θεοῦ
466 1501 540 1535 ἥξει.
564 1503 616 1529 Διὰ
628 1502 716 1529 τοῦτο
731 1501 815 1529 πᾶσα
835 1501 899 1536 χεὶρ

110 1547 379 1580 ἐκ.ὶυθήσεται,καί
390 1547 471 1576 πᾶσα
478 1548 562 1583 ψυχὴ
573 1548 729 1582 ἀνθρώπου
743 1547 898 1574 δειλιάσει.
915 1567 937 1598 c

108 1592 165 1625 Kal
200 1592 437 1626 'rapazﬂljo'ormt
471 1594 498 1620 οι
524 1592 663 1627 πρέσϐεις
678 1613 685 1625 ,
722 1592 771 1619 καὶ
797 1591 900 1625 ὠδῖνες

107 1638 222 1673 αὐτοὺς
244 1637 380 1670 ἕξουσιν,
403 1637 444 1670 ὡς
475 1637 618 1672 γυναικὸς
644 1636 823 1669 τικτούσης*
852 1634 902 1662 καί

107 1683 363 1718 συμφοράσουο-ιν
397 1683 498 1718 ἔτερος
525 1683 600 1717 πρὸς
627 1682 681 1709 τὸν
714 1682 825 1716 ἕτερον,
853 1681 901 1708 καὶ

108 1729 323 1763 ἐκστήσονται,
340 1729 391 1760 καὶ
411 1729 446 1759 τὸ
467 1729 629 1765 πρόσωπον
649 1727 748 1755 αὐτῶν
767 1727 807 1760 ὡς
822 1726 902 1761 φλὸξ

107 1775 344 1811 μεταϐαλοῦσιν.

152 1823 196 1854 Ὡς
210 1822 318 1855 ἐλπίδος
337 1822 448 1857 ἀπάσης
467 1821 660 1858 ἀνῃρημένης,
682 1820 720 1852 ὡς
737 1819 842 1852 οὐδενὸς
862 1819 902 1848 ἔτι

112 1867 356 1903 περιλελειμμένου
376 1869 433 1899 τοῖς
455 1867 646 1901 Βαϐυλωνίοις,
663 1867 732 1902 πλὴν
749 1866 790 1893 ὅτι
805 1866 836 1902 δὴ
855 1866 903 1902 μό-

113 1923 159 1941 νον
173 1914 204 1941 τὸ
218 1914 315 1950 χρῆναι
333 1913 582 1949 κατολοφύρεσοαι,
599 1913 639 1946 τὸ,
652 1913 805 1946 ὀλολύξατε,
825 1913 902 1948 φησί.

114 1960 288 1995 Πρω-τέτᾳχε
303 1960 332 1986 δὲ
348 1960 395 1991 καὶ
405 1957 461 1986 οἷον
471 1958 671 1993 ἀπογινώσκειν
684 1959 732 1995 τὴν
753 1959 902 1995 σωτηρίαν,

113 2005 160 2032 καὶ
187 2005 225 2040 μὴ
243 2005 383 2039 ἀνονήτοις
408 2004 568 2040 πράγμασιν
586 2005 744 2039 ἐπιχειρεῖν,
773 2003 810 2038 μὴ
827 2003 905 2038 μελε-

114 2050 220 2082 τῶντας
238 2050 287 2086 τὴν
302 2050 473 2081 ἀντίστασιν,
486 2050 521 2081 ὡς
535 2050 610 2081 Θείας
627 2050 718 2082 αὐτοῖς
736 2049 905 2084 ἐξωπλισμέ-

113 2104 163 2131 νης
181 2096 278 2132 ὀργῆς,
292 2095 339 2123 καὶ
357 2095 503 2131 συντριῦῆς
516 2095 736 2131 ἐπενηνεγμένης
754 2095 798 2122 διὰ
814 2095 905 2130 ψήφου

112 2142 163 2176 τῆς
178 2140 294 2168 ἄνωθεν.
310 2141 433 2176 ’Δμαχον
447 2140 475 2167 δὲ
491 2140 521 2167 τὸ
536 2141 631 2177 χρῆμα
652 2132 807 2171 παντελῶς·
824 2149 833 2165 ‹
851 2139 907 2173 Τὴν

114 2188 169 2222 γὰρ
190 2188 271 2222 χεῖρα
292 2186 340 2223 τὴν
366 2186 470 2222 ὑψηλὴν
491 2186 531 2218 τίς
557 2185 743 2221 ᾁποστρέψει;
763 2194 772 2210 ι
795 2184 908 2211 κατὰτὸ

942 266 1183 301 versis,etingenti
1196 274 1226 293 ac
1240 267 1352 294 confuso
1359 275 1426 295 sono
1440 267 1569 302 dissipato
1583 276 1591 294 :
1608 276 1617 293 ι
1638 267 1707 301 Vox,
1719 276 1729 293 ι

942 312 1065 347 inquit,t
1083 312 1204 347 gentium
1240 312 1382 340 multarum
1415 314 1441 340 in
1474 313 1610 341 montibus
1636 313 1733 341 similis

940 358 1061 392 gentium
1076 358 1232 385 multarum.
1253 368 1262 384 ι
1281 358 1339 386 Non
1355 367 1397 392 ea,
1416 359 1515 394 inquit,
1544 367 1595 387 vox
1624 364 1676 393 est,
1704 364 1734 386 ut

943 410 1044 437 paucos
1057 410 1118 430 esse
1134 410 1182 431 eos
1190 404 1235 438 qui
1244 404 1398 432 clamarent
1409 406 1544 439 conjicere
1555 405 1616 440 quis
1632 405 1731 440 possit,

942 449 989 476 sed
1006 449 1095 483 potius
1115 448 1341 478 innumerabilem
1360 457 1421 478 esse
1435 450 1609 478 clamantium
1642 449 1733 477 multi-

943 495 1064 523 tudinem
1077 499 1164 529 putet.
1182 494 1306 523 Ostendit
1320 501 1408 523 autem
1425 496 1483 525 liam
1493 497 1590 531 oratio,
1607 505 1659 524 una
1672 504 1733 524 cum

945 540 1060 568 subditis
1078 546 1151 568 metu
1168 541 1306 575 perculsos
1319 542 1403 569 fuisse
1425 543 1506 570 etiam
1521 550 1569 571 eoa
1603 543 1648 577 qui
1661 543 1735 578 prin-

944 587 1030 621 cipem
1044 586 1131 614 locum
1146 586 1331 615 obtinuerunt.
1352 587 1479 616 Gentium
1489 588 1560 618 enim
1590 592 1618 616 et
1641 596 1734 624 regum

946 639 1037 660 vocem
1053 639 1111 660 esse
1125 632 1250 661 atlirmat.
1266 632 1359 667 Itaque
1378 633 1426 665 illi,
1440 633 1485 667 qui
1515 633 1650 666 clamores
1672 641 1734 662 sus-

947 678 1076 711 tulerunt,
1094 678 1214 705 inﬁnitus
1230 678 1345 713 populus
1359 679 1415 706 sint
1428 678 1650 714 Babyloniorum,
1663 684 1693 707 et
1706 680 1733 708 in

949 722 991 749 liis
1006 722 1182 756 insigniores,
1200 727 1305 757 captant
1315 722 1370 756 jam
1387 723 1480 750 urbem
1509 724 1672 758 conspicati:
1693 723 1734 753 vel

946 769 1025 796 etiam
1056 768 1143 796 Persae
1168 773 1196 796 et
1220 768 1288 796 lledi
1303 788 1312 802 ,
1342 769 1428 802 captis
1457 769 1649 801 acclamantes,
1673 769 1736 799 Illos

947 818 1047 847 autem,
1061 815 1153 847 credo,
1169 818 1288 842 armatos
1302 822 1410 849 quoque
1425 814 1568 842 bellatores
1586 822 1734 850 nuncupat,

947 862 973 886 et
983 867 998 887 e
1013 860 1159 894 longinquo
1174 860 1325 887 venientem
1345 865 1453 894 gentem
1467 860 1501 886 ab
1523 865 1645 887 extremo
1672 859 1734 887 fun-

949 906 1077 933 damento
1099 906 1171 937 cce",
1189 906 1277 938 idest,
1294 906 1327 933 ab
1339 906 1404 940 ipsis
1420 906 1519 933 ﬁnibus
1542 906 1662 945 'Medica;
1692 914 1735 934 re-.

948 953 1047 987 gionis,
1076 957 1104 980 et
1134 952 1306 979 interioribus
1341 957 1430 984 terrae,
1461 952 1579 979 maxime
1606 952 1734 981 borealis.

949 998 1082 1032 Quoniam
1100 1003 1189 1025 autem
1209 999 1323 1029 consilio
1338 1003 1366 1026 et
1377 1001 1521 1026 voluntate
1540 999 1587 1025 Dei
1603 999 1673 1026 hanc
1683 999 1718 1025 im
1729 1013 1735 1017 -

948 1045 1115 1080 pressionem
1127 1050 1317 1079 susceperunt,
1330 1045 1472 1074 bellatores
1481 1045 1553 1079 ipsos
1563 1044 1609 1072 Dei
1623 1044 1736 1079 appellat

949 1096 976 1118 et
993 1091 1123 1118 adductos
1136 1091 1175 1118 ait
1189 1091 1223 1120 ad
1243 1091 1385 1118 delendum
1405 1096 1489 1118 totum
1522 1091 1616 1119 orbem
1636 1095 1734 1117 teme:

950 1144 1001 1163 non
1019 1136 1126 1171 quidem
1139 1141 1220 1165 totam
1235 1136 1303 1165 hanc
1319 1144 1378 1171 quzc
1393 1137 1462 1171 apud
1476 1144 1524 1166 nos
1532 1140 1590 1164 est:
1605 1143 1654 1163 nec
1663 1136 1735 1163 enim

950 1183 1002 1210 hoc
1018 1190 1032 1209 a
1047 1182 1119 1218 Cyro
1132 1187 1160 1210 et
1184 1183 1313 1211 comitatu
1339 1183 1396 1217 ejus
1425 1183 1524 1210 factum
1559 1182 1736 1209 inveniemus.

950 1228 1049 1256 Orbem
1071 1236 1136 1256 vero
1158 1234 1236 1257 terra:
1258 1234 1337 1257 vocat
1358 1229 1544 1261 Chaldaeorum
1562 1234 1674 1260 terram,
1692 1232 1736 1255 ut—

950 1278 1013 1309 pote
1030 1275 1175 1304 maximam
1196 1279 1223 1304 et
1243 1283 1324 1310 supra
1344 1275 1451 1303 modum
1464 1275 1620 1309 spatiosam,
1641 1277 1668 1301 et
1677 1279 1737 1309 qua?

951 1328 1013 1349 cum
1028 1322 1094 1349 orbe
1110 1327 1243 1349 terrarum
1262 1321 1460 1356 quodammodo
1479 1325 1605 1354 certaret,
1627 1326 1738 1355 propter

951 1367 1129 1396 habitantium
1142 1367 1351 1397 multitudinem.

988 1457 1070 1484 Vzns.
1088 1457 1149 1486 6-8.
1166 1457 1251 1492 Prope
1280 1459 1347 1485 enim
1361 1463 1397 1485 est
1409 1459 1463 1486 dies
1491 1458 1605 1490 Domini,
1628 1462 1651 1484 et
1677 1466 1738 1485 ron-

953 1502 1025 1528 lritio
1043 1510 1058 1528 a
1076 1502 1130 1528 Deo
1141 1503 1234 1530 veniet.
1249 1502 1391 1536 Propterea
1417 1504 1501 1530 omnis
1516 1511 1609 1531 manu:
1624 1503 1737 1531 resolve-

954 1552 1009 1579 tur,
1025 1553 1047 1574 et
1063 1548 1148 1575 omnis
1162 1549 1249 1576 anima
1260 1549 1371 1580 hominis
1388 1549 1497 1581 timebit,
1513 1548 1737 1583 etperturbabun-

954 1598 998 1620 tur
1017 1593 1105 1628 legati,
1118 1599 1142 1620 et
1160 1594 1262 1621 dolores
1295 1594 1360 1621 tale:
1392 1594 1531 1627 habebunt,
1559 1594 1649 1629 quales
1679 1600 1738 1625 sunt

955 1639 1078 1667 mulieris
1092 1640 1239 1672 parientis:
1255 1639 1435 1671 condolesccnt
1448 1639 1516 1666 alter
1530 1641 1564 1666 ad
1578 1639 1700 1672 alterum,
1716 1644 1740 1666 et

954 1685 1102 1719 stupebant,
1126 1690 1149 1712 et
1169 1685 1264 1719 [aciem
1291 1692 1367 1712 suam
1392 1690 1517 1722 tanquam
1540 1684 1649 1721 ﬂamma
1682 1691 1741 1716 m1;-

955 1730 1058 1758 tabum.

990 1819 1127 1854 Tanquam
1138 1827 1184 1854 spe
1195 1820 1267 1847 omni
1294 1819 1409 1851 sublata,
1425 1823 1452 1847 et
1467 1818 1538 1846 nulla
1555 1825 1584 1846 re
1596 1818 1678 1854 220
1691 1819 1740 1846 alia

954 1865 1119 1901 Babyloniis,
1139 1866 1189 1893 nisi
1205 1866 1291 1893 solum
1314 1870 1343 1892 ut
1361 1866 1471 1900 lugeant
1489 1865 1582 1892 relicta
1599 1875 1605 1893 ε
1624 1865 1741 1899 Plorate,

955 1911 1051 1946 inquit.
1071 1911 1156 1939 Jussit
1175 1917 1263 1939 autem
1281 1917 1308 1939 et
1323 1912 1399 1947 quasi
1428 1911 1576 1947 desperare
1611 1911 1741 1941 salutem.

956 1962 1048 1985 etnon
1069 1965 1111 1984 res
1127 1957 1237 1985 inutiles
1257 1958 1373 1993 ingredi,
1396 1966 1428 1985 ac
1452 1958 1554 1986 frustra
1581 1964 1742 1992 repugnare,

956 2011 1018 2031 cum
1034 2004 1122 2030 divina
1140 2004 1178 2035 ira
1193 2004 1229 2031 sit
1248 2004 1275 2030 in
1287 2011 1334 2031 eos
1353 2003 1426 2032 velut
1441 2008 1555 2036 armata,
1570 2008 1599 2029 et
1623 2010 1741 2036 superno

957 2050 1065 2077 decreto
1079 2049 1185 2076 inducta
1207 2049 1242 2075 sit
1258 2049 1392 2075 vastatio:
1410 2049 1435 2075 id
1452 2049 1521 2083 quod
1535 2048 1646 2074 omnino
1660 2047 1744 2074 inelu-

957 2095 1054 2126 ctabile
1063 2098 1119 2122 est:
1132 2093 1257 2125 thlanum
1269 2093 1340 2120 cnim
1352 2093 1486 2120 excelsam
1500 2093 1561 2126 quis
1573 2093 1704 2120 avertet"
1716 2092 1741 2118 ἳι

957 2140 1184 2177 quemadmodum
1198 2139 1327 2173 scriptum
1340 2143 1391 2166 est.
1410 2138 1442 2165 Et
1455 2145 1567 2165 rursus:
1588 2147 1597 2164 ι
1615 2138 1644 2165 Si
1670 2138 1745 2166 clau—

959 2187 1165 2219 seritadversus
1187 2185 1343 2219 hominem,
1381 2184 1442 2220 quis
1471 2184 1574 2218 aperiet
1587 2184 1650 2211 οη»
1681 2183 1746 2216 Qum

115 2233 321 2268 γεγραμμένον,
340 2233 396 2259 Καὶ
413 2232 509 2263 πάλιν·
539 2240 549 2257 ‹
570 2232 632 2258 Ἐὰν
654 2231 750 2267 κλείσῃ
768 2230 839 2257 κατὰ
860 2230 902 2257 ἀν-

961 2234 1031 2260 enitn
1049 2232 1188 2264 fortitudo,
1208 2235 1255 2257 aut
1269 2229 1344 2264 cujus
1359 2230 1437 2264 plane
1454 2228 1565 2257 bellabit
1595 2237 1655 2256 cum
1672 2229 1745 2256 Deo?

115 2279 240 2315 θρώπου,
255 2280 298 2309 τίς
315 2279 416 2311 ἀνοίξει
433 2288 440 2312 ;
461 2288 470 2305 ι
487 2278 555 2305 Ποία
569 2278 624 2313 γὰρ
640 2278 726 2313 ἰσχὺς,
747 2277 762 2312 ἢ
780 2276 826 2303 καὶ
839 2276 910 2308 τίνος

115 2326 186 2358 ὅλως
210 2325 362 2360 πολεμήσει
384 2325 459 2360 Θεῷ;
481 2324 524 2351 διὰ
550 2324 630 2350 τοῦτό
655 2332 748 2359 φησιν,
770 2323 810 2350 ὅτι
835 2323 911 2350 πᾶσα

116 2372 178 2407 χεὶρ
198 2371 389 2407 ὲκλυθὴσεται,
403 2371 451 2398 καὶ
466 2372 542 2397 πᾶσα
557 2370 631 2405 ψυχὴ
650 2370 794 2406 ἀνθρώπου
812 2369 911 2397 δειλιά-

119 2426 177 2444 σει·
201 2417 394 2448 κατασείοντος
414 2416 469 2452 γὰρ
493 2417 533 2448 εἰς
556 2416 656 2448 δειλίας
673 2416 723 2448 τὰς
735 2416 788 2442 τῶν
803 2415 910 2451 ἀνθρώ-

115 2471 178 2489 πων
190 2463 281 2498 ψυχὰς
297 2462 345 2493 τοῦ
362 2463 451 2491 πάντα
468 2462 604 2497 ἰσχύοντος
618 2462 695 2494 Θεοῦ,
712 2462 753 2494 τίς
768 2462 859 2497 ἐνήσει
879 2461 910 2488 τὸ

116 2509 238 2544 θάρσος,
264 2509 349 2544 ἤγουν
385 2508 504 2543 εβψυχον
541 2508 695 2542 ἀποφανεῖ,
731 2508 777 2533 καὶ
813 2507 912 2538 ἱκανῶς

115 2555 217 2590 ἔχοντα
244 2554 314 2590 πρὸς
340 2554 497 2586 ἀντίστασιν
503 2562 514 2587 ς
547 2553 773 2588 Τᾳραχθήσεσοαι
798 2553 826 2579 δὲ
851 2553 912 2583 τοὺς

116 2600 254 2636 πρέσϐεις
289 2601 370 2636 φησί,
404 2600 452 2627 καὶ
479 2600 571 2626 ὠδῖσιν
597 2600 695 2632 αὐτοὺς
720 2599 757 2629 ὠς
787 2599 913 2632 γυναικὸς

114 2647 268 2681 τικτούσης
294 2647 464 2682 περιπεσεῖν,
482 2646 669 2681 συμφοράσειν
689 2646 717 2671 δὲ
738 2645 830 2679 ἕτερος
846 2645 913 2680 πρὸς

114 2694 166 2721 τὸν
181 2694 286 2729 ἕτερον,
309 2693 358 2720 καὶ
381 2693 435 2728 μὴν
456 2692 503 2718 καὶ
517 2691 706 2725 ἐκστήσεσθαι,
720 2690 768 2721 καὶ
784 2690 813 2716 τὸ
829 2691 915 2725 πρόσ-

114 2750 195 2768 ωπον
220 2740 312 2769 αὐτῶν
338 2741 376 2771 ὡς
401 2739 487 2774 φλόγα
512 2738 684 2773 μεταϐαλεῖν.
713 2736 847 2771 Πρέσὸεις
872 2737 911 2767 δὲ,

112 2786 208 2822 οἶμαι,
235 2787 315 2821 φησί,
327 2787 391 2817 τοὺς
404 2786 458 2812 τῶν
479 2784 596 2811 εἰδώλων
613 2782 781 2818 ἱερουργοὺς,
799 2784 861 2815 τοὺς
877 2784 909 2818 τῇ

156 2866 179 2885 ³¹
192 2865 245 2901 iga.
260 2872 318 2901 xlv,
333 2863 380 2892 27.
418 2862 503 2907 "Job
525 2870 575 2896 xu,
589 2861 633 2896 14.

960 2278 1103 2313 Propterea
1124 2278 1211 2311 inquit
1230 2286 1236 2304 :
1255 2275 1348 2303 Omnis
1361 2284 1456 2308 manus
1469 2274 1628 2306 resolvetur,
1646 2279 1673 2301 et
1686 2282 1746 2301 Olli-

960 2324 1003 2352 nis
1015 2324 1102 2351 anima
1120 2323 1237 2357 hominis
1255 2322 1376 2350 timebit:
1392 2322 1446 2349 Deo
1462 2321 1533 2353 enim
1561 2320 1747 2354 omnipotente

961 2368 1131 2397 concutiente
1146 2367 1252 2401 animos
1264 2367 1401 2394 hominum
1430 2367 1536 2399 timore,
1556 2365 1616 2400 quis
1641 2370 1748 2391 exseret

960 2413 1164 2442 fortitudinem?
1179 2414 1273 2449 quisve
1285 2412 1435 2445 animosum
1451 2419 1479 2439 se
1487 2416 1514 2439 et
1527 2411 1558 2439 ad
1572 2410 1747 2438 resistendqu

963 2460 1078 2487 habilem
1096 2467 1128 2487 ac
1145 2459 1262 2486 validum
1279 2459 1345 2485 satis
1360 2457 1503 2484 ostendet?
1526 2456 1686 2483 Turbandos
1700 2464 1747 2482 ve-

963 2515 992 2534 ro
1008 2506 1095 2541 inquit
1117 2506 1230 2540 legatos,
1253 2510 1280 2531 et
1296 2505 1323 2531 in
1355 2503 1461 2533 dolores
1488 2508 1615 2538 tanquam
1642 2503 1749 2529 femina!

963 2540 1097 2586 parientis
1115 2552 1287 2582 devcnturos,
1300 2556 1326 2577 et
1340 2550 1453 2576 alterum
1474 2540 1547 2582 apud
1560 2548 1673 2575 alterum
1686 2555 1751 2574 con—

963 2599 1120 2629 doliturum,
1136 2602 1162 2624 et
1174 2596 1302 2623 attonitos
1320 2595 1387 2628 fore,
1403 2594 1537 2622 etfaciem
1552 2594 1671 2627 ipsorum
1704 2593 1750 2619 in-

963 2650 1021 2672 slar
1038 2644 1151 2670 flamma)
1168 2642 1336 2671 mutandam.
1349 2642 1463 2676 Legatos
1480 2648 1552 2671 vero,
1569 2645 1598 2666 ut
1622 2639 1752 2670 arbitror,
1766 2673 1769 2677 ν

964 2692 1029 2719 dicit
1041 2691 1172 2717 idolorum
1190 2688 1339 2720 sacriﬁcos,
1359 2688 1460 2723 magica
1477 2691 1535 2714 arte
1548 2685 1667 2722 insignes
1683 2683 1752 2716 apud

962 2734 1328 2772 Babylonios,daamoniorum
1353 2734 1480 2766 cultores,
1509 2731 1565 2767 qui,
1589 2722 1769 2772 utapparetﬂ

963 2770 1026 2815 Cum.
1036 2783 1170 2817 expeditio
1182 2783 1368 2812 adornaretnr,
1380 2784 1406 2807 et
1416 2778 1589 2808 adventantes
1609 2775 1677 2808 Medi
1693 2770 1767 2802 cnm'
