4158 6302
544 355 650 412 359

1553 353 1616 406 S.
1655 348 1927 406 CYRILLI
1969 347 2430 405 ALEXANDRINI
2468 342 2784 402 ARCIIIEP.

3701 343 3804 404 560

545 472 708 540 ρίτης,
730 480 776 524 et
794 472 943 540 quasi
962 471 1068 524 ovis
1097 485 1299 534 errans,
1324 479 1369 521 et
1383 484 1484 523 non
1507 470 1603 523 erit
1630 471 1719 538 qui
1746 479 2040 539 eongreget,
2058 471 2108 522 ἱιι

2231 485 2360 537 γον,
2384 467 2482 521 καὶ
2511 467 2592 532 ὡς
2629 465 2926 533 πρόϐατον
2950 460 3363 531 πλανώμενον,
3383 461 3478 515 καὶ
3499 462 3611 515 οὐκ
3631 465 3803 520 ἔσται

546 577 600 618 ιιι
626 563 780 618 homo
801 563 870 616 at!
892 563 1136 632 populum
1160 578 1307 614 suum
1327 571 1633 628 revertatur,
1652 562 1864 616 etltomo
1887 562 1938 615 in
1962 564 2130 631 regio-

545 670 660 707 nem
685 670 832 707 suam
858 654 1166 721 expellatur.
1203 652 1307 718 Qui
1329 655 1464 706 enim
1495 662 1678 724 captus
1719 653 1916 723 fuerit,
1951 653 2126 723 oppri-

549 756 742 810 metur,
768 753 814 797 et
836 743 1235 813 quicongregati
1262 743 1483 812 fuerint,
1507 743 1808 800 occumbent
1833 745 2032 815 gladio.
2059 745 2126 798 Et

549 833 689 900 ﬁlios
720 849 900 887 eorum
933 849 1111 888 coram
1153 836 1226 890 eis
1268 835 1516 900 allident,
1563 836 1744 904 domos
1769 836 2041 907 diripient,
2077 843 2126 890 et

543 939 728 989 uxores
754 923 1040 992 habebunt.

608 1184 815 1240 Paucos
840 1184 1056 1242 relictos
1077 1185 1194 1242 fore
1216 1186 1367 1251 dicit,
1399 1195 1775 1257 verumtamen
1812 1202 1907 1259 eos
1927 1203 2117 1258 parum

540 1276 747 1342 viriles,
787 1285 841 1332 et
886 1278 1122 1333 maxime
1171 1277 1445 1344 imbelles,
1480 1292 1654 1348 eoque
1704 1271 2012 1334 timiditatis
2053 1293 2118 1334 ac

540 1369 804 1428 vecordiae
832 1369 1092 1440 deiectos,
1119 1377 1178 1423 ut
1209 1369 1339 1424 nihil
1369 1369 1513 1425 aliud
1560 1371 1613 1424 in
1658 1371 1800 1426 vctis
1849 1371 2116 1439 habeant,

541 1474 700 1529 quam
727 1470 782 1514 ut
813 1458 1021 1528 fugiam
1050 1461 1246 1524 solum,
1277 1460 1449 1515 instar
1474 1459 1646 1515 damte
1673 1478 1688 1514 :
1724 1469 1778 1514 et
1805 1469 1864 1514 ut
1892 1474 2118 1516 serven-

543 1560 662 1614 tur,
725 1551 927 1621 inquit,
986 1567 1108 1607 cum
1157 1552 1451 1618 dedecore,
1507 1565 1839 1621 prorsusque
1885 1560 2117 1607 renuant

543 1643 794 1699 hostilem
830 1643 1194 1698 incursionem
1231 1644 1568 1714 propulsare.
1601 1642 1754 1710 Quod
1788 1652 1972 1698 autem
1999 1643 2117 1698 sine

540 1733 796 1803 prmfecto
831 1743 884 1789 et
911 1735 1026 1788 sine
1045 1734 1286 1812 principe
1311 1743 1584 1801 maneant,
1609 1733 1774 1789 etiam
1804 1734 1860 1788 hi
1888 1748 2116 1789 numero

2235 561 2268 610 ό
2303 557 2608 628 συνάγων,
2638 555 2794 609 ὥστε
2840 554 3155 622 ἄνθρωπον
3184 555 3271 617 εις
3308 552 3415 606 τόν
3441 552 3596 606 λαὸν
3619 551 3806 606 αὐτοῦ

2235 646 2694 717 ἀποστραφῆναι
2725 686 2740 713 ,
2801 645 2896 699 καὶ
2947 644 3261 711 ἄνθρωπον
3323 645 3411 709 είς
3463 641 3578 711 τὴν
3613 646 3807 711 χώραν

2235 739 2422 793 αὑτοῦ
2447 737 2672 803 διῶξαι.
2704 739 2810 803 Ὃς
2837 735 2949 806 γὰρ
2978 734 3087 790 ἐὰν
3115 732 3242 800 ἁλῷ
3264 733 3685 802 ήττηθήσεται,
3711 733 3808 786 καὶ

2231 830 2449 898 οἵτινες
2495 829 2863 899 συνηγμένοι
2891 827 3010 882 εισι
3035 825 3300 897 μαχαίρᾳ
3329 824 3680 887 πεσοῦνται,
3709 827 3806 878 καὶ

2230 923 2302 976 τὰ
2333 921 2511 980 τέκνα
2530 922 2729 976 αὐτῶν
2747 921 3002 976 ἐνώπιον
3029 917 3228 973 αὐτῶν
3259 917 3544 986 ρἀουσι,
3575 918 3674 971 καὶ
3704 919 3811 984 τὰς

2155 1074 2160 1078 ν
2229 1012 2422 1077 οἰκίας
2472 1010 2671 1065 αὐτῶν
2712 1009 3195 1094 προνομεύσουσι
3260 1007 3495 1074 καὶτὰς
3517 1007 3811 1078 γυναῖκας

2240 1099 2438 1172 αὐτῶν
2462 1099 2730 1165 ἕξουσιν.

2299 1189 2718 1261 Εὐαριθμήτους
2742 1188 2938 1260 κομιδῇ
2967 1189 3094 1263 τοὺς
3118 1185 3563 1259 περιλειφθέντας
3588 1185 3809 1240 ἔσεσθαί

2225 1297 2382 1350 φησι,
2418 1279 2558 1350 πλὴν
2593 1280 2686 1334 καὶ
2718 1276 2923 1342 αὐτοὺς
2959 1279 3251 1350 ἀνάνδρους
3309 1295 3370 1331 τε
3409 1278 3507 1332 καὶ
3543 1277 3809 1349 ἀφιλομα-

2225 1372 2520 1445 χωτάτους,
2547 1372 2638 1424 καὶ
2672 1371 2874 1446 δειλίας
2905 1371 2985 1434 είς
3013 1368 3172 1424 τοῦτο
3197 1362 3703 1441 κατερραγμένους,
3732 1369 3810 1433 ὡς

2229 1461 2382 1515 οὐδὲν
2401 1461 2587 1532 ἕτερον
2613 1459 2830 1515 ἑλέσθαι
2855 1460 3010 1532 δρᾷν,
3028 1459 3164 1532 πλὴν
3193 1460 3275 1514 ὅτι
3303 1459 3461 1530 μόνον
3479 1460 3541 1512 τὸ
3564 1459 3805 1535 φεύγειν,

2225 1554 2283 1606 ἑν
2309 1552 2409 1624 ῑσῳ
2443 1552 2684 1623 δορκάδι,
2708 1552 2803 1605 καὶ
2841 1552 2905 1605 τὸ
2945 1541 3153 1623 ἀτίμως
3195 1549 3462 1616 σώζεσθαί
3499 1568 3683 1621 φησιν,
3711 1552 3808 1604 καὶ

2222 1644 2478 1713 ἀπειπεῖν
2510 1645 2590 1707 είς
2622 1643 2768 1699 ἅπαν
2811 1643 2873 1696 τὸ
2902 1642 3006 1696 κᾶν
3041 1641 3172 1710 γοῦν
3197 1643 3603 1714 ’ἀνταναστῆναι
3636 1641 3801 1712 μόνον

2220 1739 2340 1798 ταῖς
2381 1735 2490 1802 τῶν
2521 1736 2794 1807 πολεμίων
2833 1736 3161 1806 συμφοραῖς.
3208 1735 3330 1788 Ὅτι
3362 1735 3418 1788 δὲ
3447 1734 3806 1803 ἀνεπιστάτη-

542 1824 720 1892 pauci,
765 1823 1088 1888 sub-indicat,
1117 1839 1237 1878 cum
1285 1822 1436 1890 dicit,
1490 1823 1636 1880 velut
1662 1838 1818 1879 ovem
1851 1833 2108 1880 erranten

2222 1828 2308 1882 τοί
2336 1845 2395 1881 τε
2438 1830 2532 1882 καὶ
2588 1829 2813 1899 ἄναρχοι
2857 1825 3097 1898 μενοῦσι,
3150 1826 3352 1898 καίπερ
3381 1827 3534 1890 ὄντες
3576 1826 3800 1898 ἀριθμῷ

542 1911 686 1982 fore,
713 1916 828 1968 sine
860 1915 1097 1984 pastoris
1133 1930 1299 1979 cura,
1342 1924 1398 1970 et
1449 1929 1481 1970 a
1519 1915 1735 1984 pascuis
1771 1914 1960 1985 procul
2024 1929 2120 1983 pa-

537 2003 758 2070 lantem,
806 2013 866 2059 ut
904 2013 959 2060 et
996 2003 1105 2074 jam
1139 2021 1167 2059 a
1206 2005 1374 2076 septis
1425 2007 1706 2077 consuetis
1737 2007 1921 2077 procul
1957 2007 2118 2063 absit.

537 2093 655 2149 Non
684 2096 828 2150 enim
863 2097 986 2163 erit,
1021 2097 1236 2166 inquit,
1284 2097 1373 2166 qui
1407 2108 1717 2169 congreget,
1750 2108 1813 2153 ut
1857 2098 2020 2153 homo
2051 2099 2118 2154 ad

538 2183 790 2252 populum
844 2199 1000 2240 suum
1037 2195 1408 2252 convertatur,
1457 2196 1512 2242 et
1543 2187 1704 2242 homo
1731 2187 1794 2241 ad
1842 2190 2116 2260 regionem

536 2291 688 2331 suam
719 2276 1048 2345 impellatur.
1085 2276 1218 2331 Illud
1253 2287 1434 2332 autem
1463 2318 1479 2344 ,
1523 2277 1764 2349 impelli,
1825 2279 1962 2334 dixit
2019 2294 2119 2351 pro

536 2365 750 2429 abduci,
785 2365 998 2420 etiamsi
1039 2375 1188 2434 grata
1241 2367 1311 2439 sit
1347 2381 1442 2422 sua
1491 2367 1688 2438 cuique
1716 2369 1888 2440 regio,
1925 2378 1976 2426 et
2023 2385 2119 2440 pa-

537 2459 643 2518 trio
675 2457 815 2511 victu
855 2456 988 2511 nihil
1017 2458 1365 2526 prtestantius
1394 2477 1408 2526 ;
1440 2474 1626 2515 verum
1647 2501 1662 2527 ,
1699 2460 1897 2531 inquit,
1935 2475 2115 2516 rerum

537 2547 987 2603 charissimarum
1055 2547 1292 2616 privatio
1339 2547 1574 2622 jucunda
1645 2550 1784 2615 erit,
1827 2559 2116 2620 propterea

537 2640 679 2706 quod
721 2637 966 2707 quisquis
1016 2637 1386 2706 deprehensus
1433 2638 1627 2704 fuerit,
1664 2641 1846 2694 statim
1888 2651 2114 2711 pereat,

539 2727 738 2796 ﬁatque
759 2717 986 2782 materia
1016 2728 1178 2798 gladii
1222 2728 1524 2784 Medorum.
1551 2731 1881 2787 Eventurum
1903 2747 2118 2804 quoque

538 2827 593 2872 et
645 2817 792 2871 aliud
844 2817 1000 2889 longe
1049 2818 1452 2884 tristissimum,
1489 2821 1802 2890 prophetica
1833 2823 2118 2878 conﬁrmat

537 2905 733 2962 oratio.
775 2905 971 2972 Filios,
1020 2907 1231 2976 inquit,
1281 2922 1466 2964 eorum
1501 2925 1682 2965 coram
1715 2912 1846 2981 ipsis
1871 2914 2114 2982 allident‘,
2218 2963 2236 2980 ,
2311 2965 2327 2980 ,

537 2997 727 3051 domos
769 2996 1050 3065 diripient,
1092 3007 1146 3053 et
1173 3014 1372 3055 uxores
1424 2999 1717 3056 habebunt.
1760 3001 1898 3070 Quid
1931 3013 2111 3060 autem

537 3088 850 3166 parentibus
887 3087 1186 3144 liberorum
1230 3091 1378 3146 caede
1419 3093 1593 3162 possit
1629 3107 1750 3150 esse
1783 3083 2114 3152 molestius?

2229 1919 2474 1990 βραχεῖς,
2531 1911 2866 1989 ὑπεμφαίνει
2915 1917 3109 1986 λέγων,
3151 1918 3224 1982 ὡς
3263 1918 3533 1990 πρόϐατον
3583 1917 3803 1972 ἔσεσθαι

2222 1999 2601 2081 πλανώμενον,
2651 2010 2748 2063 καὶ
2795 2009 2895 2077 τῆς
2935 2007 3031 2061 τοῦ
3071 2009 3449 2080 ποιμαίνοντος
3498 2009 3804 2072 ἐπιεικείας

2221 2091 2604 2174 ἐστερημένον,
2637 2101 2731 2154 καὶ
2760 2099 2865 2166 ἔξω
2894 2117 2998 2155 που
3041 2100 3211 2171 νομῆς
3243 2100 3339 2164 ίὺν,
3373 2101 3448 2165 ὡς
3472 2101 3571 2154 καὶ
3615 2100 3802 2172 σηκῶν

2224 2187 2797 2266 τῶνκατειθισμένων
2841 2191 3055 2246 ἑλέσθαι
3085 2192 3319 2264 μακράν.
3368 2193 3444 2246 Οὐ
3477 2193 3583 2264 γὰρ
3620 2192 3796 2257 ἔσται,

2221 2288 2407 2359 φησιν,
2439 2289 2468 2339 ό
2503 2286 2773 2355 συνάγων,
2812 2285 2953 2338 ὥστε
2985 2284 3269 2356 ἄνθρωπον
3317 2287 3397 2348 είς
3422 2285 3515 2338 τὸν
3553 2284 3680 2338 λαὸν
3704 2285 3803 2346 αὐτ

2218 2379 2316 2434 τοῦ
2347 2371 2786 2448 ἀποστραφῆναι,
2819 2377 2912 2430 καὶ
2941 2376 3226 2448 ἄνθρωπον
3259 2379 3340 2438 είς
3371 2377 3472 2448 τὴν
3493 2376 3674 2449 χώραν
3702 2377 3798 2430 αὖ·

2217 2469 2310 2522 τοῦ
2330 2468 2538 2535 διῶξαι.
2561 2467 2634 2520 Τὸ
2660 2467 2739 2532 δὲ,
2761 2466 2965 2534 διῶξαι,
2994 2466 3159 2538 φησιν
3182 2466 3302 2522 ἀντὶ
3328 2465 3422 2520 τοῦ
3455 2467 3796 2537 ἐπειχθῆναι,

2218 2563 2397 2618 καίτοι
2427 2561 2580 2630 φίλον
2609 2560 2816 2615 ἅπασιν
2842 2563 2875 2633 ἡ
2899 2559 3072 2632 χώρα,
3113 2561 3208 2614 καὶ
3238 2559 3508 2632 πατρῴων
3537 2561 3802 2632 ἐνδιαιτη-

2220 2655 2405 2726 μάτων
2437 2653 2662 2724 άμεινον
2693 2652 2864 2707 οὐδέν.
2905 2651 3065 2706 Ἀλλὰ
3115 2652 3212 2705 καὶ
3253 2651 3362 2705 τῶν
3399 2652 3570 2716 οὕτως
3614 2652 3799 2718 αὐτοῖς

2218 2743 2550 2812 φιλαιτάτων
2581 2745 2613 2814 ἡ
2643 2741 2897 2816 στέρησις
2926 2741 3099 2814 ἡδεῖα,
3143 2743 3295 2812 φησι,
3324 2741 3493 2796 διάτοι
3529 2742 3591 2795 τὸ
3617 2743 3800 2797 πάντα

2216 2833 2308 2888 τὸν
2341 2833 2695 2904 ἁλισκόμενον
2732 2832 3075 2904 παραχρῆμά
3111 2849 3173 2884 τε
3212 2831 3513 2887 διόλλυσθαι
3587 2873 3602 2888 .

2407 2965 2423 2997 _.
2500 2923 2874 3000 συμϐήσεσθαι
2912 2924 2967 2976 δέ
2993 2940 3045 2976 τι
3073 2923 3169 2978 καὶ
3220 2924 3404 2995 ἕτερον
3439 2924 3548 2978 τῶν
3585 2926 3668 2978 ὅτι
3699 2926 3799 2996 μά-

2213 3015 2372 3070 λιστα
2395 3010 2714 3086 πεφυκότων
2767 3016 2922 3087 ἀνιᾷν
2947 3016 2976 3068 ό
3019 3015 3354 3086 προφητικδς
3403 3017 3798 3095 διισχυρίζεται

2214 3108 2390 3183 λόγος.
2419 3109 2500 3181 Td;
2555 3108 2665 3183 γάρ
2693 3108 2858 3180 τέκνα
2916 3103 3115 3182 αιᾷτῖὺν,
3143 3110 3330 3180 φησιν,
3353 3108 3585 3163 ἐνώπιον
3613 3111 3797 3166 αὐτῶν

536 3179 647 3248 lmo
674 3193 851 3235 nonne
878 3181 1022 3253 omni
1065 3180 1331 3266 supplicio
1355 3184 1575 3254 gravius
1603 3194 1657 3239 et
1688 3186 2108 3256 intolerabilius,

2215 3173 2458 3273 ράξουσι,
2771 3197 2946 3278 οίκίας
2968 3175 2972 3182 ’
2998 3173 3177 3252 αὐτῶν
3205 3173 3656 3268 προνομεύσουσι,
3694 3202 3793 3278 καὶ

535 3272 723 3327 domos
749 3271 934 3326 videre
963 3267 1224 3344 direptas,
1250 3281 1303 3327 et
1324 3289 1551 3329 uxorum
1581 3276 1893 3344 pudicitiam
1939 3280 2112 3336 victo-

538 3371 660 3410 rum
695 3357 1127 3426 intemperautite
1174 3361 1508 3415 obnoxiam?
1537 3361 1734 3436 Beatus
1767 3362 2112 3436 Psalmogra-

536 3444 678 3514 phus
704 3442 969 3524 ejusmodi
996 3446 1252 3515 quiddam
1285 3447 1480 3503 alicubi
1521 3435 1932 3510 commemorat.
1973 3435 2108 3512 Nam

537 3532 603 3587 de
630 3530 939 3603 Babyloniis
963 3535 1123 3590 verba
1157 3535 1359 3598 faciens
1383 3557 1396 3593 :
1431 3557 1450 3592 ι
1474 3538 1726 3609 Beatus,»
1752 3544 1944 3614 inquit,
1976 3565 1994 3598 ι
2017 3548 2107 3618 qui

537 3623 742 3679 tenebit
792 3634 849 3680 et
895 3625 1088 3705 allidet
1116 3629 1381 3696 parvulos
1435 3638 1558 3687 tuos
1588 3633 1653 3688 ad
1709 3635 1940 3705 lapidem
1976 3639 2043 3694 ⁸⁸.
2083 3657 2102 3692 ι

533 3714 798 3771 Caeterum
843 3717 961 3774 haec
1018 3702 1238 3789 quidem
1295 3721 1552 3779 historice
1597 3702 1834 3796 Assyriae
1886 3729 2108 3800 ejusque

535 3807 761 3862 urbibus
785 3815 841 3863 et
863 3807 1172 3878 regionibus
1191 3811 1550 3881 contigerunt,
1573 3814 1698 3883 quia
1729 3829 1920 3871 omnes
1943 3817 2105 3872 etiam

533 3898 836 3954 idololatrae
886 3888 941 3954 et
988 3899 1287 3958 insolentes
1338 3918 1444 3958 non
1502 3905 1878 3973 tolerabiliter,
1909 3917 1967 3963 et
2010 3909 2105 3964 Dei

534 3991 717 4047 hostes
747 3994 943 4050 acerbe
975 4001 1030 4049 et
1058 3994 1250 4064 magiae
1286 3996 1447 4066 periti
1483 4000 1722 4056 artiﬁces
1747 4002 2102 4059 exstiterunt.

538 4077 642 4158 Ipsi
679 4093 805 4146 vero
854 4090 1124 4138 sanctam
1162 4083 1436 4142 civitatem
1479 4088 1787 4160 depopulati
1844 4102 2011 4161 sunt,
2050 4102 2105 4149 et

533 4169 627 4225 Del
659 4183 884 4237 sortem,
921 4173 976 4229 id
1007 4175 1169 4248 224
1199 4188 1304 4244 est,
1335 4178 1586 4237 lsraelem
1637 4194 1946 4252 vastarunt,
2004 4201 2101 4242 ca-

533 4261 804 4328 ptivorum
837 4264 954 4320 loco
975 4279 1036 4320 ac
1061 4260 1287 4324 numero
1301 4269 1582 4338 habentes,
1603 4288 1798 4330 novum
1829 4291 1893 4332 ac
1914 4277 2103 4334 incon-

531 4361 745 4407 suetom
785 4353 890 4410 illis
925 4355 1112 4432 jugum
1160 4361 1442 4417 servitutis
1495 4363 1896 4432 imposuerunt.
1950 4368 2096 4424 (.on-

2213 3287 2312 3354 τὰς
2357 3292 2624 3359 γυναῖκας
2675 3291 2855 3344 αὐτῶν
2905 3274 3109 3356 ἕξουσι.
3140 3291 3205 3344 Τί
3249 3289 3295 3343 δ’
3339 3291 3406 3346 ἂν
3437 3292 3648 3361 γένοιτο
3678 3274 3793 3358 τοίς

2211 3382 2563 3454 γεγεννηκόσι
2587 3381 3012 3453 δυσαχθέστερον
3032 3383 3130 3453 τῆς
3158 3381 3264 3438 τῶν
3289 3383 3496 3437 τέκνων
3530 3385 3748 3457 σφαγῆς
3772 3406 3789 3454 ;

2211 3475 2244 3545 ἢ
2280 3475 2396 3538 πῶς
2431 3475 2530 3546 οὐχ
2562 3474 2778 3546 ἁπάσης
2811 3475 2990 3539 αἰκίας
3034 3475 3521 3549 δυσφορητότερον,
3557 3477 3619 3532 τὸ
3660 3478 3793 3532 ίδεῖν

2213 3567 2311 3638 μὲν
2357 3555 2540 3630 οἴκους
2578 3566 3036 3640 διηρπασμένους,
3099 3564 3420 3640 σεμνότητα
3448 3569 3506 3624 δὲ
3551 3570 3792 3638 γυναίων

2208 3646 2588 3728 ἀδικουμένην,
2626 3648 2719 3712 καὶ
2742 3661 2863 3722 ταῖς
2881 3659 2989 3715 τῶν
3032 3660 3454 3735 κεκρατηκότων
3479 3661 3792 3731 ἀσελγείαις

2208 3748 2650 3821 ὑπενηνεγμένην
2672 3766 2686 3815 ;
2706 3750 2996 3820 Μέμνηταί
3017 3766 3118 3804 που
3143 3751 3236 3805 καὶ
3257 3753 3286 3804 ό
3310 3736 3581 3830 μακάριος
3603 3739 3789 3823 ψαλμὲ

2208 3839 2342 3910 ῳδὸς
2391 3840 2636 3896 τοιούτου
2688 3843 2854 3907 τινός.
2907 3842 3236 3915 Ποιούμενος
3267 3843 3375 3913 γὰρ
3413 3845 3542 3909 τοὺς
3596 3846 3790 3914 λόγους

2205 3932 2335 4002 περὶ
2383 3932 2484 4003 τῆς
2532 3933 2906 3989 Βαϐυλωνίωνο
2961 3953 2981 3986 ι
3017 3936 3321 4006 Μακάριος,
3357 3954 3376 3987 ι
3429 3937 3614 4007 φησὶν,
3666 3957 3687 3990 ι
3726 3940 3788 4004 ὃς

2204 4025 2484 4094 κρατήσει,
2531 4025 2625 4077 καὶ
2674 4024 2884 4095 ὲδαφιεῖ
2911 4024 2982 4079 τὰ
3022 4027 3190 4098 νήπιά
3227 4044 3320 4080 σου
3362 4028 3499 4098 πρὸς
3544 4029 3641 4098 τὴν
3681 4011 3785 4082 ore;

2203 4129 2353 4184 τραν.
2392 4132 2409 4164 ι
2443 4113 2604 4168 Ἀλλὰ
2628 4118 2784 4170 ταυτὶ
2810 4118 2909 4188 μὲν
2940 4120 3225 4192 ίστορικῶς
3254 4124 3320 4192 τῇ
3349 4122 3456 4176 τῶν
3484 4124 3787 4195 Ἀσσυρίων

2205 4203 2518 4276 συμϐέϐηκε
2565 4205 2741 4278 χώρᾳ,
2793 4210 2888 4263 καὶ
2941 4213 3056 4274 ταῖς
3091 4213 3150 4264 ὲν
3197 4212 3332 4284 αὐτῇ
3381 4213 3565 4267 πόλεσι
3593 4232 3651 4267 τε
3692 4217 3787 4270 καὶ

2198 4294 2426 4367 χώραις,
2451 4297 2532 4350 ὅτι
2560 4297 2655 4351 καὶ
2681 4297 2883 4363 πάντες
2903 4301 3280 4375 εἰδωλολάτραι
3310 4307 3405 4382 καὶ
3437 4306 3692 4372 ἀλαζόνες
3718 4308 3782 4383 οὐ

2201 4386 2470 4459 φορητῶς,
2495 4388 2590 4459 καὶ
2609 4389 2865 4464 θεομάχοι
2887 4390 3094 4458 δεινῶς,
3125 4384 3218 4468 καὶ
3243 4395 3419 4470 μάγου
3438 4397 3630 4468 τόχνης
3656 4401 3782 4453 ὲπι-

532 4443 688 4498 sistet
729 4453 907 4500 autem
954 4449 1068 4504 haec
1098 4449 1166 4505 de
1197 4450 1302 4506 illis
1330 4453 1504 4508 oratio
1525 4494 1539 4520 ,
1572 4471 1679 4512 non
1710 4458 1882 4514 solum
1917 4461 1970 4515 in
2011 4461 2098 4519 his

532 4547 648 4564 num
677 4533 934 4564 Ιιῖειη-ἶιιιι
950 4544 998 4564 Δ.
1029 4539 1319 4564 Ann-nt“...
1350 4549 1493 4564 --.ιη
1525 4553 1646 4564 ----.
1701 4547 1788 4564 --;
1826 4549 1886 4564 -.ο
2085 4551 2098 4564 .

2311 4443 2488 4548 ᾀονέξ.
2511 4454 2674 4532 Aurel.
2781 4443 2874 4534 Eat
2889 4481 2988 4554 τὴν

530 4547 648 4602 qua:
675 4533 934 4591 historice
949 4544 1003 4592 et
1028 4539 1320 4606 conspicue
1348 4549 1497 4609 gesta
1522 4553 1669 4608 sunt,
1697 4547 1788 4601 sed
1815 4549 1977 4603 etiam
2003 4551 2098 4621 qui

530 4623 710 4646 μμ-.
801 4635 1054 4646 _-.-____.
1318 4645 1327 4646 ,
1380 4645 1388 4646 ,
1864 4641 1876 4646 -

2291 4533 2323 4548 η
2449 4533 2464 4541 -
2730 4551 2732 4553 ,
2866 4533 2869 4534 ν
2901 4533 2977 4554 ."r
3010 4533 3151 4560 T't'"'
3196 4533 3326 4539 """
3375 4533 3565 4560 "t"""
3603 4533 3776 4554 """"

2209 4568 2298 4640 καὶ
2327 4567 2419 4637 τὸν
2446 4566 2541 4642 tot}
2572 4569 2707 4624 Θεοῦ
2741 4571 2940 4643 κλῆρον
2975 4533 3442 4646 καταδῃώσανέζες,
3465 4579 3609 4633 τοῦτ’
3636 4579 3778 4646 ἔστι,

529 4623 714 4684 volunt
736 4663 752 4692 ,
801 4635 1058 4706 poterunt
1094 4628 1400 4702 intelligere
1427 4633 1799 4703 spiritualiter,
1831 4641 1876 4693 si
1913 4655 2093 4698 rerum

528 4724 798 4785 gestarum
841 4717 950 4772 vim
987 4718 1054 4785 ad
1090 4719 1264 4789 ipsum
1295 4723 1474 4778 omnis
1505 4724 1813 4784 vitiositatis
1847 4729 2094 4789 invento-

529 4819 666 4872 rem,
698 4805 787 4862 Dei
823 4807 1033 4881 hostem
1059 4809 1538 4882 immanissimum,
1556 4815 1819 4873 Satanam
1851 4820 2092 4892 inquam,

528 4897 824 4976 prudenter
862 4903 1181 4974 traducem,
1213 4905 1448 4962 maxime
1493 4910 1746 4986 quoniam
1780 4914 2092 4983 prophetica

525 4988 725 5053 oratio,
753 4989 952 5056 Christi
975 4996 1232 5066 mysterio
1250 5001 1498 5067 βιωεοίιο
1517 5040 1533 5067 ,
1569 5011 1625 5057 ει
1653 5005 2000 5072 praedictione
2028 5007 2094 5062 de

523 5093 589 5134 eo
616 5081 818 5151 optime
839 5081 949 5167 jam
974 5077 1240 5164 adhibita,
1275 5091 1509 5159 vicinam
1537 5105 1726 5150 contra
1763 5094 2090 5168 Babylonem

523 5168 786 5226 visionem
821 5173 1144 5244 introduxit,
1177 5187 1382 5235 tantum
1409 5197 1512 5237 non
1545 5184 1851 5240 auditorum
1886 5199 2093 5243 mentes

523 5261 786 5333 excitans,
817 5273 878 5319 ut
901 5280 1021 5335 quae
1057 5267 1317 5338 historice
1344 5281 1399 5342 et
1443 5284 1630 5344 contra
1657 5276 2004 5348 Babylonem,
2037 5287 2092 5334 et

524 5359 708 5406 contra
758 5355 1064 5413 universam
1105 5368 1302 5415 terram
1339 5364 1686 5435 Assyriorum
1734 5367 1874 5423 facta
1926 5361 2087 5436 sunt,

525 5442 875 5508 spiritualiter
909 5448 1300 5523 intelligantur.
1331 5454 1518 5526 Itaque
1533 5459 1698 5515 draco
1722 5461 1822 5516 iste
1840 5470 2085 5530 apostata

527 5532 707 5592 multis
737 5538 906 5596 modis
948 5541 1037 5598 Dei
1089 5543 1384 5610 cultoribus
1425 5549 1649 5610 insidias
1695 5564 1907 5616 struere
1941 5569 2082 5610 nun-

606 5701 648 5741 ⁸⁸
671 5703 813 5763 Ρεςιι.
840 5728 1061 5778 cum,
1095 5719 1150 5785 9,

2192 4657 2286 4711 τὸν
2314 4659 2552 4733 Ἰσραὴλ,
2593 4663 2651 4714 ὲν
2671 4665 2734 4733 τῇ
2764 4663 2874 4734 τῶν
2901 4664 3245 4743 δορυκτήτων
3275 4669 3440 4740 μοίρᾳ
3473 4673 3781 4743 πεποιημέ-

2193 4766 2296 4822 νοι,
2331 4743 2422 4803 τὸν
2461 4751 2704 4824 ἀσυνήθη
2738 4753 2839 4824 τῆς
2877 4739 3129 4830 δουλείας
3163 4758 3345 4821 αὐτοῖς
3376 4739 3782 4832 ἐπέθηκανήξζυ-

2193 4840 2309 4910 γόν.
2335 4842 2447 4895 Καὶ
2478 4835 2738 4917 στήσεται
2787 4846 2886 4917 μὲν
2915 4849 2943 4900 ό
2986 4851 3115 4920 περὶ
3151 4849 3356 4903 τούτων
3375 4851 3548 4920 λόγος,
3591 4855 3690 4908 οὐκ
3717 4856 3774 4910 ἐν

2192 4952 2256 5004 γε
2291 4937 2402 5008 τοῖς
2426 4937 2568 5005 κατὰ
2594 4937 2762 5008 μόνην
2789 4937 2886 5010 τὴν
2943 4940 3204 5011 ἱστορίαν,
3248 4947 3342 4996 καὶ
3367 4947 3480 5008 τοῖς
3511 4947 3776 5015 ἐμφανῶς

2190 5025 2491 5095 γεγονόσιν·
2538 5015 2714 5090 ἔξεστι
2758 5027 2815 5080 δὲ
2841 5018 3069 5098 ’μᾶλλον
3095 5031 3208 5094 τοῖς
3240 5029 3481 5085 ἐθέλουσι
3505 5028 3644 5086 νοεῖν
3680 5038 3780 5090 καὶ

2188 5104 2591 5187 πνευματικῶς,
2623 5119 2671 5170 εί
2697 5117 2760 5188 δὴ
2820 5120 3198 5190 μετατάττοιεν
3237 5122 3453 5195 εὐφυῶς
3480 5124 3587 5177 τῶν
3609 5142 3777 5194 γεγο-

2185 5206 2355 5260 νότων
2402 5207 2498 5278 τὴν
2553 5199 2801 5279 δύναμιν,
2847 5209 2937 5262 ἐπί
2991 5227 3049 5264 τε
3097 5212 3260 5266 αὑτὸν
3301 5214 3392 5268 τὸν
3419 5215 3642 5286 ἁπάσης
3674 5217 3778 5287 τῆς

2169 5299 2524 5379 ,φαυλότητος
2547 5301 2798 5372 εὑρέτην,
2825 5301 2919 5355 τὸν
2950 5301 3212 5375 θεοστυγῆ
3245 5323 3306 5359 τε
3340 5309 3433 5360 καὶ
3461 5308 3775 5379 ἀπηνέστα-

2192 5375 2304 5457 τον,
2339 5393 2482 5462 φημὶ
2526 5391 2590 5462 δὴ
2633 5391 2722 5444 τὸν
2761 5393 3023 5457 Σατανᾶν,
3068 5396 3281 5466 μάλισθ’
3309 5398 3390 5450 ὅτι
3421 5375 3774 5471 τῆςῗπροφηο

2192 5483 2341 5547 τείας
2365 5485 2394 5536 ὁ
2444 5483 2603 5552 λόγος
2632 5483 2696 5536 τὸ
2751 5483 2985 5554 Χριστοῦ
3017 5487 3312 5559 μυστήριον
3354 5493 3774 5559 προσενεγκὼν,

2192 5577 2286 5629 καὶ
2311 5577 2409 5630 τὴν
2430 5577 2516 5630 ἐπ’
2539 5576 2686 5646 αὐτῷ
2713 5579 3139 5651 προσαγόρευσιν
3187 5576 3246 5634 εὗ
3279 5582 3422 5653 μάλα
3474 5589 3779 5662 materque},

3806 4913 3822 4968 ί
