4166 6296
303 357 406 414 573

1433 355 1506 413 1N
1547 356 1802 416 ISMAM.
1824 355 1913 414 ιιι

2013 356 2062 416 Il.
2104 355 2346 417 TOMUS
2383 359 2444 418 ll.
3460 361 3529 414 3'7

303 471 438 545 πρὸς
597 472 722 528 Ποῦ.
750 471 954 544 Κύριος
979 474 1010 528 6
1035 473 1170 538 Θιός
1208 491 1337 544 sou;
1369 477 1432 531 Ol
1477 479 1748 550 ὀφθαλμοί
1783 499 1884 552 μοι)

2013 480 2147 536 lculi
2171 483 2275 536 mei
2300 483 2552 536 videbunt
2597 479 2795 550 ipsam,
2821 491 2966 534 nunc
2995 479 3099 536 erit
3151 480 3566 548 conculcationi,

304 562 598 632 ἑπόψονται
617 564 802 634 αὐτὴν
827 578 840 593 ’
870 563 966 616 νῦν
995 562 1148 618 ἔσται
1173 567 1264 630 είς
1279 569 1568 638 καταπάτη
1578 586 1654 638 μα
1683 569 1760 632 ὡς
1786 587 1889 638 πη-

307 655 476 718 λὸςεὲν
499 659 622 720 ταῖς
648 656 786 718 ὁδοῖς
815 656 1028 727 ἡμέρας
1065 657 1294 729 ἀλοιφῆς
1332 659 1554 713 πλίνθου
1577 678 1589 693 ο
1617 659 1890 731 ἑξάλειψίς

311 763 400 799 σου
421 749 456 816 ἡ
495 749 678 819 ἡμέρα
720 749 926 817 ἐκείνη.
963 769 983 802 ι
1015 750 1154 802 Καθ’
1179 753 1246 822 ἢν
1274 752 1516 823 δηλονότι
1557 754 1586 806 6
1617 753 1799 824 Κύρος
1831 771 1890 807 τε

301 839 402 913 imi.
420 840 593 910 Μῆδοι
619 839 861 913 Πέρσαις
906 843 1111 911 ἀναμὶξ
1133 843 1371 913 ᾐρήκασι
1395 843 1494 913 τὴν
1515 844 1889 897 Βαϐυλωνίων.

301 929 727 1020 ξηροσωποποιεῖ
755 933 1044 1003 τοιγαροῦν
1073 935 1167 987 καὶ
1207 935 1303 988 νῦν
1335 935 1487 988 οὐδὲν
1513 930 1676 1006 ἧττον
1716 935 1746 985 6
1788 951 1893 1004 μα·

302 1021 497 1097 [κάριος
523 1025 830 1094 προφήτης·
861 1024 1215 1094 παρωξύνθαι
1242 1036 1302 1078 -ιε
1325 1044 1512 1096 φησιν,
1537 1027 1707 1097 ἤγουν
1731 1043 1896 1079 πεπι-

300 1091 311 1227 l

318 1221 406 1272 μοι
451 1205 548 1259 τοῦ
587 1207 748 1274 λόγου
789 1206 1078 1278 πριάθρει
1119 1209 1222 1278 τὴν
1266 1208 1602 1277 οἰκονομίαν.
1646 1207 1900 1262 Καταδεί-

316 1309 472 1348 κνυσι
501 1297 628 1366 ,γὰρ
668 1298 758 1352 διὰ
793 1299 986 1352 τούτου
1038 1299 1322 1368 μιαιφόνον
1363 1298 1492 1354 ὄντα
1526 1301 1620 1353 καὶ
1651 1300 1898 1370 αἱμάτων

317 1385 527 1458 πλήρη,
556 1388 698 1442 ὥστε
727 1390 824 1442 καὶ
850 1389 1008 1459 ἔργον
1036 1390 1140 1458 τῆς
1182 1390 1408 1460 ὲνούσης
1441 1391 1720 1461 ὠμότητος
1753 1391 1910 1462 αὐτῷ.

317 1481 503 1533 πάντα
538 1480 724 1550 σχεδὸν
753 1481 1010 1548 γενέσθαι
1040 1481 1130 1533 τὸν
1167 1481 1322 1552 ᾅδην,
1353 1483 1468 1552 ἢτοι
1499 1483 1624 1546 τοὺς
1651 1482 1810 1546 ὄντας
1843 1485 1920 1538 ἑνο

317 1569 471 1639 ᾅδου.
505 1571 583 1623 Οὸ
607 1572 716 1642 γὰρ
737 1571 1068 1624 διαλέλοιπεν
1104 1574 1134 1624 6
1163 1572 1377 1636 ἀλαζὼν
1394 1571 1519 1642 ἔθνη
1535 1590 1593 1626 τε
1621 1575 1714 1628 καὶ
1743 1574 1900 1643 βασι-

325 1661 448 1725 λεῖς
478 1662 651 1731 ἄρδην
681 1663 1008 1734 ἀποκείρων,
1027 1664 1128 1720 ,καὶ
1175 1662 1362 1734 ψυχῶν
1408 1665 1622 1719 ἀθλίων-
1647 1666 1736 1718 τὸν
1772 1666 1905 1737 ᾅδην

317 1753 704 1821 ἁναπιμπλάς.
758 1755 964 1818 Πάντες
1006 1751 1099 1808 οὖν
1142 1756 1192 1808 οἱ
1237 1757 1516 1824 γίγαντες,
1561 1757 1714 1827 φησι,
1759 1757 1902 1810 τοῦτ’

318 1112 542 1182 κράνθαι
586 1115 676 1168 τὸν
719 1115 852 1188 ᾅδην
891 1116 1273 1170 καταϐαίνοντι
1313 1120 1746 1186 συναντήσαντα.
1787 1116 1898 1168 Καί
1920 1128 1939 1142 ‘

1995 584 2052 628 ιιι
2081 573 2253 627 lutum
2279 574 2330 626 in
2357 573 2478 634 viis,
2510 573 2702 626 diebus
2736 571 2914 626 liturae
2937 571 3420 627 lateriszdelebitte
3453 572 3570 628 dies

1992 665 2082 719 ille
2102 665 2166 716 ’⁸.
2203 683 2224 716 ι
2261 664 2377 730 Quo
2411 662 2619 717 scilicet
2644 663 2819 731 Cyrus
2850 671 2904 716 et
2938 663 3070 716 Medi
3091 677 3213 716 cum
3232 661 3410 716 Persis
3437 675 3570 715 con-

1988 757 2223 826 junctim
2253 765 2452 808 terram
2503 755 2926 827 Babyloniorum
2977 757 3330 811 sustulerunt.
3386 757 3575 825 Itaque

1996 848 2344 900 nihilominus
2358 857 2413 900 et
2433 846 2518 900 hic
2540 862 2633 916 per
2648 849 3076 917 prosapoputiam
3103 848 3293 902 beatus
3312 850 3573 918 propheta

1993 937 2306 992 exaecrbari
2337 939 2469 992 dicit
2515 949 2567 990 et
2597 938 2910 1006 exasperari
2959 938 3180 1003 inferos,
3227 949 3574 994 accursantes

1999 1031 2109 1097 regi
2169 1028 2587 1100 Babyloniorum
2624 1029 2998 1084 descendenti.
3061 1031 3124 1085 Et
3174 1031 3305 1084 mihi
3366 1033 3576 1086 intuere

1997 1121 2259 1176 orationis
2301 1121 2664 1174 (econoiniam
2725 1136 2792 1176 ac
2845 1121 3278 1190 dispositionem.
3329 1121 3576 1176 Ostendit

1998 1211 2142 1265 enim
2166 1211 2492 1264 homicidam
2525 1223 2651 1262 eum
2704 1225 2825 1263 esse
2849 1219 2902 1262 et
2931 1209 3212 1280 sanguinis
3239 1209 3481 1276 plenum,
3513 1215 3571 1260 ut
3615 1193 3628 1246 ί

1997 1309 2147 1357 totus
2189 1301 2302 1356 fere
2355 1301 2618 1364 infernus,
2650 1301 2905 1354 nimirum
2963 1301 3016 1353 hi
3061 1300 3153 1368 qui
3201 1300 3341 1368 apud
3378 1298 3582 1352 inferos

2001 1402 2148 1455 sunt,
2176 1407 2311 1461 Opus
2340 1401 2396 1446 et
2428 1392 2652 1446 materia
2685 1390 2885 1445 fuerint
2912 1389 3056 1458 ejus,
3085 1389 3273 1458 qmein
3305 1391 3422 1456 ipso
3439 1398 3579 1450 erat,

2003 1482 2357 1539 crudelitatis.
2413 1480 2527 1536 Non
2579 1483 2721 1536 enim
2754 1481 2961 1536 destitit
3003 1481 3268 1549 superbus
3299 1490 3355 1532 et
3394 1489 3583 1548 gentes

2003 1583 2058 1629 et
2085 1589 2238 1646 reges
2269 1573 2518 1640 stirpitus
2537 1572 2788 1638 evellere,
2815 1580 2869 1626 et
2893 1571 3107 1625 miseris
3137 1567 3585 1624 animabusinfe-

2005 1680 2095 1721 ros
2127 1665 2359 1734 replere.
2389 1663 2594 1719 Omnes
2624 1663 2789 1734 igitur
2822 1664 3090 1732 gigantes,
3148 1661 3347 1731 inquit,
3381 1661 3433 1712 id
3475 1669 3582 1720 est,

2007 1755 2211 1810 viribus
2245 1756 2503 1823 insignes,
2535 1765 2590 1809 et
2621 1755 2804 1808 multis
2842 1754 3216 1822 imperitantes
3239 1751 3510 1821 gentibus,
3531 1759 3588 1804 (ιι

321 1837 490 1900 ἔστιν,
521 1841 573 1891 ot
619 1843 740 1893 κατ’
772 1841 926 1910 ἰσχὺν
955 1841 1214 1912 ἐπίσημοι
1240 1821 1544 1911 γεγονότες,
1570 1821 1665 1899 καὶ
1694 1845 1912 1900 πολλῶν.

2013 1863 2103 1918 per
2127 1858 2179 1901 te
2203 1821 2399 1901 sublati
2444 1847 2864 1914 respondebunt,
2897 1821 2951 1898 et
2978 1845 3180 1907 dicent,
3204 1843 3271 1897 Et
3310 1854 3362 1897 tu
3399 1853 3587 1910 captus

322 1927 582 1998 ἄρξαντες
633 1931 826 1994 ἐθνῶν,
860 1933 1193 2006 ἀνῃρημένοι
1233 1935 1289 1988 δὲ
1331 1935 1417 1988 διὰ
1451 1935 1569 1997 σοῦ,
1606 1937 1906 2008 ἀποκριθή-

328 2034 525 2081 σονται,
561 2021 654 2074 καὶ
695 2021 905 2094 ἐροῦσι,
940 2026 1046 2077 Καὶ
1073 2027 1138 2080 σὺ
1176 2025 1351 2089 ἑάλως
1380 2025 1565 2098 ὥσπερ
1594 2033 1687 2080 καὶ
1719 2029 1900 2098 ἡμεῖς.

328 2103 502 2164 ἾΙσθα
545 2112 644 2180 μὲν
689 2113 800 2184 γὰρ
849 2114 1156 2185 ἄνθρωπος,
1191 2117 1377 2184 φασιν,
1425 2117 1539 2170 ἀλλ’
1568 2117 1668 2171 οὐκ
1722 2117 1908 2188 ἠξίους

331 2199 480 2255 τοῦτο
510 2203 706 2258 εἰδέναι
751 2205 846 2258 καὶ
891 2208 1111 2276 φρονεῖν
1131 2223 1145 2237 ⁸
1177 2207 1292 2261 ἀλλ’
1325 2207 1434 2262 οὐδ’
1461 2209 1527 2262 ἀν
1577 2209 1789 2281 ᾠήθης,
1820 2211 1907 2265 ὅτι

335 2293 422 2346 καὶ
445 2296 712 2360 κρείσσων
745 2297 900 2352 ἔσται
923 2310 1020 2360 τις
1033 2302 1134 2368 τῆς
1161 2300 1259 2369 σῆς
1284 2299 1506 2370 ὀφρύος,
1534 2303 1748 2372 καὶτῆς
1778 2303 1910 2356 δυσ-

335 2387 556 2454 αντήτου
590 2389 792 2460 χειρὸς,
825 2390 933 2442 εἰσὶ
975 2391 1033 2444 δὲ
1076 2393 1159 2444 ὅτι
1206 2392 1302 2445 καί¹
1359 2392 1590 2446 θανάτου
1623 2395 1908 2466 κρείττων,

281 2473 290 2482 ’
335 2475 431 2528 οὐκ
455 2477 558 2541 ἔξω
583 2496 685 2532 που
715 2480 856 2551 τάχα
881 2481 1135 2546 τέθεικας
1166 2484 1263 2553 τῆς
1292 2483 1529 2549 ἐλπίδος,
1557 2487 1710 2556 μόλις
1735 2488 1790 2541 δὲ
1815 2489 1909 2541 καὶ

339 2567 434 2636 σνόχ
475 2569 662 2624 ἑκόντα
712 2589 769 2625 σε
813 2573 1060 2644 μάχαιρα
1089 2577 1315 2630 πέπεικε
1341 2578 1554 2647 Μηδικὴ
1581 2579 1668 2632 διὰ
1716 2579 1910 2650 πείρας

343 2659 509 2728 αὐτῆς
534 2662 808 2732 ἐκμαθεῖν,
839 2666 920 2719 ὅτι
946 2667 1068 2720 καθ’
1095 2669 1240 2738 ἡμᾶς
1272 2665 1416 2739 ἦσθα
1449 2673 1541 2725 καὶ
1569 2673 1751 2734 αὑτός.
1800 2673 1916 2725 Καὶ·

345 2748 475 2813 γοῦν
505 2751 689 2816 ἑάλως,
723 2753 910 2828 ὥσπερ
933 2759 1027 2810 καὶ
1055 2761 1239 2828 ἡμεῖς.
1272 2761 1492 2832 Κατέϐη
1523 2763 1582 2814 δὲ
1606 2764 1684 2824 είς
1717 2762 1842 2833 ᾅδου
1875 2765 1908 2833 ἡ
1933 2791 1937 2794 -

349 2839 474 2904 δόξα
504 2859 616 2906 σου,
653 2845 776 2898 ἀντὶ
807 2849 920 2912 τοῦ,
949 2850 1176 2920 ἐσϐέσθη
1209 2851 1456 2922 θανάτῳ·
1479 2853 1574 2906 καὶ
1605 2855 1666 2906 τὸ
1694 2854 1912 2924 ἀμειδὲς

353 2933 450 3001 τῆς
476 2932 680 3006 φθορᾶς
700 2938 1046 3010 ἑπενήνεκται
1071 2944 1294 3010 κράτος.
1312 2945 1423 3015 Τὴν
1450 2944 1547 3014 σὴν
1571 2945 1912 3015 εὐφροσύνην

355 3023 538 3091 ὁψεται
573 3027 668 3082 καὶ
704 3030 852 3099 μόλις
873 3033 1106 3098 τεθεικὸς
1137 3036 1201 3088 ὲκ
1235 3037 1423 3106 μέσου.
1457 3017 1833 3108 Στρωθήσεται
1855 3039 1912 3091 δὲ

2007 1954 2088 2003 es,
2134 1939 2582 2006 quemadmodum
2629 1947 2686 1992 et
2741 1951 2861 1992 nos.
2913 1937 3045 1991 Eras
3093 1935 3262 1998 enim,
3313 1935 3587 2003 inquiunt.

2009 2029 2191 2094 homo,
2221 2028 2314 2084 sed
2350 2044 2455 2082 non
2483 2030 2734 2098 dignatus
2751 2044 2811 2083 es
2847 2029 2949 2083 hoc
2966 2041 3126 2083 nosse
3155 2040 3328 2096 neque
3348 2027 3586 2079 sentire:

2009 2121 2104 2177 sed
2135 2137 2234 2176 nec
2253 2121 2572 2192 existimasti
2600 2136 2922 2190 quemquam
2953 2119 3067 2174 fore
3091 2118 3182 2188 qui
3243 2115 3588 2186 supercilium

2011 2223 2184 2278 tuum,
2217 2220 2273 2267 et
2300 2227 2518 2266 manum
2577 2213 2872 2266 immanem
2920 2225 2986 2266 ac
3036 2209 3365 2265 horrendam
3409 2215 3592 2276 posset

2010 2319 2288 2374 Superare,
2321 2306 2431 2358 imo
2471 2304 2611 2360 forte
2664 2313 2716 2358 te
2759 2313 2987 2358 mortem
3031 2317 3190 2373 posse
3217 2304 3435 2354 vincere
3483 2315 3592 2354 nou

2012 2395 2374 2465 desperabas;
2410 2395 2498 2448 vix
2530 2405 2706 2449 autem
2737 2396 2900 2449 etiam
2932 2393 3138 2448 nolenti
3180 2393 3392 2462 gladius
3423 2391 3596 2447 Medi:-

2014 2503 2108 2542 cus
2137 2487 2427 2557 persuasit,
2458 2496 2514 2541 ut
2545 2487 2648 2542 hoc
2673 2486 3044 2556 experimento
3085 2485 3348 2546 disceres.
3380 2493 3431 2538 te
3491 2497 3596 2536 no-

2014 2587 2146 2633 strte
2167 2592 2380 2648 quoque
2397 2579 2727 2633 conditionis
2760 2593 2823 2632 ac
2841 2578 3009 2632 sortis
3030 2576 3289 2631 fuisse.Et
3323 2585 3377 2629 tu
3405 2585 3595 2643 captus

2012 2685 2070 2724 es
2101 2671 2240 2724 sicut
2265 2679 2319 2722 et
2347 2683 2447 2723 nos
2483 2687 2496 2723 :
2535 2671 2921 2738 descenditque
2951 2669 3016 2723 ad
3055 2669 3255 2722 inferos
3283 2666 3450 2737 gloria
3477 2675 3590 2731 tua,

2013 2780 2132 2835 pro,
2164 2765 2430 2818 exstincta
2452 2774 2537 2818 est
2557 2773 2763 2827 morte;
2789 2773 2844 2818 et
2874 2765 3026 2816 triste.
3051 2755 3394 2818 mortalitatis
3423 2761 3596 2828 impe-

2015 2855 2568 2920 rluu‘iinvectmuest,
2606 2863 2860 2924 tuamque
2901 2855 3144 2908 laetitiam
3193 2869 3354 2922 quam
3410 2863 3586 2906 sustu-

2015 2943 2094 3007 lit,
2142 2945 2229 2997 vix
2271 2946 2512 3014 aspiciet.
2549 2944 2944 2998 Substeruetur
2989 2946 3153 2998 etiam
3199 2945 3292 2997 tibi
3339 2952 3596 3012 putredo,

2017 3035 2214 3105 lietque
2245 3036 2338 3089 tibi
2368 3037 2566 3088 vermis
2593 3036 3037 3103 proindmnento.
3056 3036 3229 3102 Atque
3255 3036 3355 3088 hoc
3378 3034 3596 3102 quidem

353 3117 514 3186 σῆψις
533 3120 629 3189 μὲν
655 3121 906 3177 ὑποκάτω
937 3141 1052 3190 σου,
1071 3131 1359 3195 γενήσεται
1389 3129 1446 3181 δέ
1471 3145 1552 3180 σοι
1583 3130 1678 3182 καί
1709 3129 1912 3198 ἄμφιον

2016 3135 2099 3180 est
2143 3140 2467 3180 commune:
2507 3142 2630 3178 nam
2671 3142 2790 3179 cum
2827 3125 2992 3179 semel
3029 3139 3182 3192 passa
3211 3131 3338 3176 sunt
3369 3134 3596 3176 IINMII‘JII

347 3206 422 3271 ὡς
459 3211 684 3282 σκώληξ.
721 3213 830 3267 Καὶ
879 3217 1054 3270 κοινὸν
1111 3219 1208 3289 μὲν
1258 3219 1436 3275 τοῦτο.
1467 3220 1764 3274 Πεπονθόσι
1807 3222 1916 3294 γὰρ

345 3299 492 3366 ἅπαξ
520 3305 630 3367 τοῖς
661 3305 1021 3376 ἀνθρωπίνοις
1053 3311 1262 3381 σώμασι
1282 3311 1343 3364 τὸ
1369 3312 1679 3376 ἀποθανεῖν,
1710 3312 1916 3382 συμϐή-

346 3410 492 3450 σεται
524 3399 739 3462 πάντως
777 3400 944 3470 σῆψις
979 3403 1074 3454 καὶ
1119 3402 1352 3474 σκώληξ.
1408 3404 1554 3474 Πλὴν
1595 3404 1680 3456 ἐπ’
1707 3403 1916 3456 ἐκείνου

341 3483 550 3554 λέγεται
596 3490 800 3556 καλῶς,
824 3493 900 3554 ὡς
931 3494 988 3544 ἐν
1021 3493 1171 3559 τάξει
1222 3495 1436 3566 πικρῶν
1484 3495 1822 3564 ὀνειδισμῶν.
1855 3497 1916 3549 Οί

341 3575 447 3647 γὰρ
492 3581 568 3642 είς
611 3581 780 3654 λήθην
833 3583 1088 3646 πεσόντες
1117 3589 1212 3655 τῆς
1244 3587 1451 3639 ἑαυτῶν
1481 3587 1786 3652 ἀσθενείας,
1821 3589 1917 3640 καὶ

341 3670 402 3720 ἐκ
453 3671 656 3739 πολλῆς
711 3675 851 3741 ἄγαν
907 3675 1226 3746 ὑπεροψίας,
1257 3677 1375 3730 οὐδὲ
1410 3678 1491 3731 ὅτι
1527 3679 1804 3733 πείσονται
1850 3679 1920 3733 τὰ

300 3826 308 3833 ,
340 3757 654 3830 ἀνθρώπινα
685 3763 1173 3837 προσδοκήσαντες,
1201 3769 1643 3832 κατονειδίζοιντο
1678 3770 1748 3824 ἂν.
1777 3772 1919 3825 εἰκό-

337 3865 444 3912 τως
469 3867 484 3881 ·
531 3851 609 3914 ὡς
652 3851 710 3904 εν
747 3869 811 3920 γε
856 3855 934 3924 τῷ
983 3857 1175 3910 παθεῖν
1204 3859 1340 3911 αὑτά
1374 3860 1635 3928 μαθόντες
1682 3861 1854 3930 μόλις,
1883 3860 1918 3914 ἃ

339 3941 472 4012 χρῆν
504 3943 718 4006 εἰδότας
749 3945 964 3999 ἑλέσθαι
996 3951 1214 4018 φρονεῖν
1245 3950 1606 4022 μετριώτερα.
1627 3951 1683 4004 Ὀ
1712 3953 1914 4016 τοίνυν,

338 4033 522 4100 φησιν,
554 4033 821 4104 ἑξιτήλοις
855 4036 948 4088 καὶ
995 4037 1299 4104 βασιλικαῖς
1342 4040 1759 4114 ἐνσπαταλήσας
1797 4059 1922 4116 τρυ-

338 4125 484 4188 φαῖς,
517 4123 660 4193 ὁμοῦ
689 4128 802 4188 τοῖς
829 4127 1008 4190 ἄλλοις
1037 4129 1276 4182 κείσεται
1307 4133 1633 4202 περιστολῆς
1659 4135 1802 4204 δίχα,
1827 4136 1920 4188 καὶ

337 4211 640 4284 ἠξιωμένος
683 4215 895 4280 οὐδενὸς
923 4217 1030 4269 τῶν
1065 4221 1177 4282 τοῖς
1204 4221 1460 4276 τεθνεῶσι
1495 4225 1924 4293 νενομισμένων..

401 4302 544 4368 Πῶς
575 4304 870 4368 ἐξέπεσεν
913 4307 980 4360 ἐκ
1025 4309 1128 4362 τοῦ
1165 4311 1426 4377 adparat”)
1457 4315 1488 4364 ὀ
1525 4312 1861 4380 ωσφόρος
1890 4318 1921 4368 ό

335 4396 494 4462 πρωϊ
539 4397 924 4461 (trarentur;
955 4403 1276 4470 συνετρίϐη
1305 4405 1394 4468 εὶς
1427 4401 1542 4470 τὴν
1565 4403 1683 4472 γῆν
1717 4409 1748 4458 d
1773 4407 1922 4461 ἀπο-

330 4487 623 4540 στέλλων
655 4489 805 4556 πρὸς
837 4491 1035 4546 πάντα
1067 4495 1140 4546 τὰ
1171 4495 1314 4562 ἔθνη
1337 4510 1374 4558 ;_

413 4580 628 4651 Ἀστὴρ
657 4583 766 4635 τῶν
791 4583 875 4637 ὃτι
915 4584 1148 4654 μάλιστα
1174 4587 1657 4656 περιφανεστάτων
1695 4591 1724 4644 6
1759 4591 1924 4646 Ἑωσ-

329 4672 512 4745 φόρος
559 4671 703 4724 ἐστίν
721 4689 736 4702 ·
779 4673 988 4744 ἀνίσχει
1011 4676 1068 4727 δὲ
1095 4675 1268 4748 ﬁgatij
1295 4677 1401 4746 πρὸ
1430 4679 1622 4750 αὐγῆς,
1646 4682 1740 4734 καὶ
1759 4683 1921 4736 οἱονεί

326 4781 413 4828 τις
448 4763 800 4834 προάγγελος
825 4767 925 4834 τῆς
953 4765 1104 4836 ἡλίου
1138 4785 1208 4836 μα
1220 4769 1660 4839 ρμαρυγῆς.”οτι
1679 4772 1736 4827 δὲ
1757 4774 1921 4826 πλου-

329 4854 432 4924 σίῳ
456 4855 608 4921 φωτὶ
637 4855 1077 4925 καταλάμπεται,
1111 4857 1425 4924 διαδείξειεν
1447 4861 1511 4915 ἂν
1537 4863 1670 4916 αὐτὸ
1693 4869 1844 4918 τουτὶ
1864 4866 1922 4918 τὸ

327 4945 516 5018 βραχὺ
570 4947 854 5014 φαίνεσθαι
904 4950 1011 5020 πρὸ
1062 4951 1256 5020 αὐγῆς.
1297 4952 1440 5015 Ἕως
1489 4953 1586 5024 μὲν
1625 4954 1732 5025 γὰρ
1759 4955 1928 5010 ἔτιτὸ

325 5039 582 5107 αἰθέριον
615 5041 1072 5108 καταμελαένεται
1109 5043 1288 5113 σῶμα,
1322 5049 1606 5115 μονονουχὶ
1643 5047 1926 5118 φριγὼσης

325 5126 556 5189 νυκτὶς,
593 5129 687 5180 καὶ
738 5130 796 5182 ἑν
839 5131 1046 5200 ἀκμαῖς
1103 5131 1256 5194 ὄντος
1299 5134 1392 5186 τοῦ
1430 5135 1674 5198 σκότους,
1707 5129 1940 5204 ἐκφανε.’

327 5221 540 5292 στὲραν
573 5219 756 5289 ἔχουσι
801 5223 900 5292 τὴν
949 5223 1218 5294 ἔκλαμψιν
1266 5227 1315 5278 oi
1369 5227 1487 5278 κατ’
1512 5227 1741 5298 οὐρανὸν
1777 5229 1928 5292 ὄντες

325 5314 566 5381 ἀστέρες
585 5329 599 5342 ⁸
625 5315 840 5383 ἡμέρας
859 5315 917 5367 δὲ
938 5314 1104 5384 οὓσης
1133 5319 1320 5384 ἐγγὺς,
1343 5319 1436 5370 καὶ
1465 5313 1574 5370 οἷον
1602 5321 1658 5370 ὲν
1681 5321 1925 5390 πρώταις

325 5405 616 5474 ἐσχατιαῖς
646 5405 739 5458 τοῦ
771 5407 998 5478 ἡλιακοῦ
1024 5410 1308 5474 γεγονότος
1329 5409 1551 5472 κύκλου,
1578 5412 1922 5466 συστέλλεταί

323 5513 452 5560 πως
486 5495 549 5549 τὸ
585 5498 816 5552 ἑκάστου
847 5497 963 5567 φῶς
989 5501 1351 5570 παραχωρῶν
1381 5500 1460 5572 τῷ
1491 5501 1795 5572 προῦχοντι,
1829 5505 1922 5557 καὶ

323 5588 654 5660 ἡττώμενον
701 5589 782 5661 τῷ
829 5591 1037 5662 μείζονι
1091 5591 1598 5662 σέλᾳπΑμριλαφὲς
1645 5594 1700 5646 δὲ
1751 5596 1924 5659 οὕτως

399 5745 452 5782 ³⁸
497 5745 662 5805 uicit.
719 5763 820 5813 vn,
860 5747 1003 5804 8-“.

2019 3217 2252 3270 humana
2281 3231 2528 3286 corpora,
2562 3231 2777 3286 semper
2816 3226 2871 3270 et
2927 3215 3249 3286 putrefactio
3295 3222 3352 3268 et
3399 3215 3600 3267 vermis

2019 3310 2286 3364 accident.
2320 3309 2427 3363 Sed
2457 3309 2521 3362 de
2553 3309 2644 3362 illo
2675 3307 2896 3378 pulchre
2943 3308 3140 3360 dicitur
3170 3307 3381 3360 acerbae
3408 3314 3597 3358 coalu-

2020 3398 2192 3451 inelite
2226 3398 2344 3454 loco
2379 3415 2394 3450 :
2430 3399 2518 3466 qui
2549 3400 2695 3452 enim
2737 3399 2787 3451 in
2837 3397 3165 3451 oblivionem
3197 3401 3463 3448 venerunt
3487 3410 3598 3448 sua:

2019 3488 2256 3558 ip~ormn
2289 3490 2638 3553 inﬁrmitatis,
2671 3498 2724 3543 et
2767 3499 2989 3559 propter
3016 3489 3280 3558 insignem
3310 3488 3596 3557 quamdam

2021 3581 2382 3649 insolentiam,
2417 3597 2476 3637 se
2525 3583 2660 3636 nihil
2707 3597 2981 3650 passuros.
3031 3583 3339 3635 humanitus
3399 3594 3598 3646 exspe-

2019 3683 2185 3742 ctant,
2221 3675 2415 3728 merito
2449 3676 2660 3744 probris
2684 3677 3026 3745 exagitantur
3045 3684 3094 3728 et
3124 3673 3384 3736 dictet-iis,
3416 3679 3472 3724 ut
3497 3673 3597 3724 ista

2020 3767 2273 3834 patiendo
2304 3783 2446 3836 tegre
2483 3768 2606 3822 licet
2634 3768 2847 3822 discant
2867 3766 3324 3834 quemadmodum
3355 3771 3599 3831 oporteat

2021 3859 2225 3911 sentire
2253 3858 2320 3912 de
2343 3875 2401 3914 se
2430 3861 2744 3913 modestius.
2775 3861 2874 3927 Qui
2905 3861 3090 3930 igitur,
3125 3859 3323 3926 inquit,
3352 3853 3601 3908 mollibus

2025 3963 2086 4002 ac
2123 3949 2390 4016 regalibus
2427 3951 2653 4004 dillluxit
2682 3963 2736 4006 et
2774 3953 3066 4005 luxuriavit
3093 3951 3322 4010 deliciis,
3357 3949 3403 4001 is
3439 3943 3601 4000 simul

2023 4052 2145 4091 cum
2179 4039 2302 4091 aliis
2335 4039 2526 4105 jacebit
2553 4042 2674 4094 sine
2695 4042 2919 4104 atnictu,
2953 4055 3050 4093 nec
3081 4041 3166 4092 his
3192 4053 3312 4106 qua:
3355 4045 3481 4091 sunt
3505 4037 3600 4092 de-

2022 4141 2168 4183 creta
2186 4139 2240 4184 et
2265 4129 2470 4184 saucita
2501 4131 2730 4184 mortuis
2781 4132 2975 4200 dignus
3007 4127 3312 4182 habebitur.

2095 4311 2262 4366 Vens.
2294 4310 2383 4364 12.
2419 4307 2693 4374 Quomodo
2739 4308 2922 4362 cecidit
2981 4307 3044 4360 de
3097 4306 3222 4360 calo
3271 4304 3484 4374 Lucifer
3510 4308 3602 4376 qui

2023 4423 2176 4460 mane
2206 4405 2472 4459 oriebatur
2497 4405 2523 4458 .9
2544 4404 2762 4480 attritus
2797 4412 2873 4458 est
2919 4405 2974 4458 t'n
3005 4414 3199 4458 terram
3225 4405 3314 4474 qui
3361 4404 3600 4458 mittebat

1955 4506 1995 4559 ι)
2023 4499 2090 4550 ad
2121 4513 2295 4550 omnes
2319 4507 2490 4564 gentes
2520 4499 2544 4552 ?

2088 4589 2249 4660 233
2307 4588 2471 4644 Stella
2535 4589 2866 4644 lucidissima
2937 4599 3024 4642 est
3085 4587 3322 4650 Lucifer,
3373 4597 3430 4640 et
3474 4597 3602 4640 ante

2018 4681 2355 4750 eplemlorem
2390 4697 2598 4736 aurora:
2621 4682 2894 4750 paululum
2926 4683 3118 4747 oritur,
3181 4689 3236 4734 et
3264 4679 3602 4733 comscatio-

2022 4774 2104 4826 nis
2132 4773 2291 4826 Veluti
2315 4773 2450 4827 'solis
2479 4773 2698 4842 quidam
2743 4783 2823 4826 est
2853 4773 3207 4839 praenuntius.
3239 4769 3393 4836 Quod
3419 4778 3602 4821 autent

2019 4865 2334 4931 abundanti,
2359 4874 2416 4919 et
2446 4866 2600 4934 quasi
2632 4866 2796 4918 divite
2831 4865 2948 4918 luce
2969 4863 3300 4932 eﬂ‘ulgescat,
3348 4860 3477 4915 illud
3520 4861 3602 4914 in-
3670 4920 3671 4923 η

2023 4957 2165 5012 dicio
2185 4973 2304 5010 esse
2326 4957 2697 5026 poterit,quod
2720 4955 2877 5025 paulo
2901 4965 3024 5010 ante
3044 4955 3336 5010 diluculum
3367 4953 3602 5006 eluceat.

2024 5046 2271 5112 Qnandiu
2315 5049 2458 5102 enim
2503 5051 2786 5103 aetherium
2839 5065 3036 5118 corpus
3079 5059 3254 5101 atrum
3307 5057 3394 5101 est
3445 5053 3600 5098 nocte

2024 5139 2176 5206 quasi
2212 5140 2561 5205 condensata,
2587 5149 2641 5193 et
2689 5141 3145 5196 iuvalcseentibus
3176 5139 3435 5203 tenebris,
3470 5137 3592 5190 luci-

2025 5231 2229 5284 diorcm
2265 5229 2464 5284 habent
2491 5231 2788 5286 claritatem
2817 5235 3064 5288 caelestes
3090 5233 3261 5287 stella:
3295 5247 3308 5284 :
3340 5246 3464 5284 cum
3501 5245 3594 5282 au.

2035 5326 2139 5375 tem
2177 5321 2434 5375 adventat
2479 5323 2616 5386 dies,
2666 5334 2720 5378 et
2755 5325 2916 5378 veluti
2955 5325 3084 5378 solis
3120 5333 3362 5376 extremo
3393 5321 3604 5375 cii-culo

2037 5413 2304 5474 imminet,
2325 5413 2664 5467 contrahitur
2690 5416 3088 5482 quodammodo
3127 5427 3311 5466 earum
3359 5413 3602 5464 omnium

2033 5505 2143 5570 lux,
2173 5507 2370 5558 cedens
2400 5506 2782 5570 prtestantiuri,
2825 5517 2878 5561 et
2909 5522 2937 5559 a
2974 5503 3161 5572 majori
3209 5503 3409 5554 lumine
3453 5517 3608 5568 ιιιψιιο

2032 5607 2170 5652 rata.
2197 5597 2262 5650 At
2291 5595 2526 5650 Luciferi
2567 5597 2746 5650 lumen
2775 5601 2909 5654 adeo
2943 5598 3218 5667 copiosum
3243 5603 3348 5657 est,
3384 5601 3442 5644 ιιι
3478 5593 3614 5646 dilu-
