2083 3148
145 173 191 200 393

707 167 741 195 IN
762 168 877 196 ISAIAII
897 168 962 196 LIB.
979 168 1013 196 ll.
1034 167 1154 196 TOMUS
1173 167 1205 196 ll.

1722 174 1773 201 39S

177 227 284 259 Φθάσας
298 226 375 262 ἔφην,
392 226 433 253 ὅτι
446 226 594 257 τεθνεῶτος
613 224 660 252 τοῦ
677 224 776 260 Ἄχας,
794 224 928 252 κατεπλα-

1020 224 1107 258 Supra
1133 225 1199 257 dixi,
1221 228 1327 252 mortuo
1346 224 1463 256 Acltazo.
1484 225 1584 254 cll'usos
1602 227 1627 254 in
1651 227 1770 256 lmtitiant

144 274 251 301 τύνοντο
272 273 322 308 μὲν
338 273 378 305 εἰς
388 272 520 307 εὐθυμίαν
533 273 558 298 οἱ
574 271 732 305 ἀλλόφυλοι·
750 270 931 305 κατεμειδίων

145 328 174 353 γε
193 319 246 354 μὴν
269 319 320 345 οὐκ
344 319 448 345 ἐκείνου
468 318 579 353 μᾶλλον,
603 318 673 345 ἀλλὰ
690 318 740 353 τῆς
766 317 932 348 πανσθενοῦς

144 366 230 398 δεξιᾶς
244 366 293 399 τῆς
305 365 350 391 τοῦ
367 364 498 396 σώζοντος
515 365 560 391 τὸν
581 365 699 400 Ἰσραὴλ,
720 364 792 399 φημὶ
807 364 839 399 δὴ
851 364 928 390 Θεοῦ.

150 411 216 437 Ἀλλ’
238 411 279 437 ὅτι
303 411 350 445 μὲν
377 411 427 437 οὐκ
451 410 635 444 ἐπιλείψουσιν
665 411 687 436 οἱ
712 411 859 445 μαχόμενοι
884 411 930 436 καὶ

145 456 210 489 μετὰ
222 455 267 481 τὸν
287 455 386 487 Ὀζίαν,
404 453 434 481 εὖ
449 455 522 489 μάλα
532 455 747 489 διαμεμήνυκεν,
763 455 797 481 ἐκ
809 454 930 489 σπέρμα-

142 508 185 531 τος
212 500 302 534 ὄφεως
326 500 517 533 ἐξελεύσεσθαι
547 500 634 534 λέγων
667 500 767 533 ἔκγονα
798 500 928 526 ἀσπίδων.

148 546 254 581 Ἐπειδὴ
267 546 294 572 δὲ
303 547 352 581 τῆς
359 546 436 578 θείας
449 546 664 581 κατωρχήσαντο
672 546 762 580 δόξης,
773 546 930 579 ἀναγκαίως

141 592 276 619 δείκνυσιν
293 594 359 628 ἡμῖν
375 594 389 619 ὁ
404 593 551 628 προφήτης
569 594 597 619 ἐν
611 592 729 624 τούτοις,
746 592 787 618 ὅτι
808 593 854 618 καὶ
873 592 930 618 δια-

142 638 220 664 σώσει
243 638 288 664 τὸν
318 638 428 673 Ἰσραὴλ
458 639 472 664 ὁ
497 638 676 672 προασπίζων
702 637 796 670 αὑτοῦ,
819 638 866 663 καὶ
889 638 929 664 ὅτι

139 686 194 715 τοῖς
210 684 244 710 δι’
269 684 392 716 ἐναντίας
410 685 498 719 πάντη
519 684 609 717 τεκαὶ
632 684 741 715 πάντως
762 684 866 710 ἐποίσει
884 684 929 709 τὸν

138 730 259 766 ὄλεθρον.
279 730 486 766 Πεπολιόρκηκε
507 731 555 764 μὲν
570 730 625 764 γὰρ
642 730 690 765 τὴν
718 729 896 765 Ἰερουσαλὴμ
915 731 929 755 ὁ

137 776 342 811 Σαλαμανασὰρ
363 776 432 811 μετὰ
444 777 474 802 τὸ
488 777 578 802 πᾶσαν
590 776 660 802 ἑλεῖν
676 775 723 811 τὴν
737 777 926 810 Σαμαρειτῶν.

137 821 350 856 Ιίεπολιόρκηκε
373 821 400 847 δὲ
421 821 559 856 Ῥαψάκην
579 821 740 852 ἀποστείλας
766 822 796 847 ὲκ
819 822 926 856 Λαχεῖς,

135 866 211 892 καθὰ
236 867 402 901 γέγραπται,
428 866 496 893 ἀλλὰ
514 867 632 892 σέσωκεν
655 866 794 900 ἀδοκήτως
815 867 878 897 τοὺς
900 866 928 898 ἐξ

986 270 1069 298 fuisse
1083 271 1259 306 alienigenas,
1271 275 1299 298 et
1311 271 1440 299 derisisse
1455 279 1507 299 non
1528 273 1602 305 illum
1618 275 1709 306 modo.
1724 277 1772 303 sed

984 315 1159 342 fortissimam
1174 316 1310 349 dextram,
1319 318 1549 345 conservatricem
1567 318 1676 354 inquam
1691 320 1774 348 Israc-

984 361 1025 388 lis.
1044 361 1175 388 Caeterum
1198 369 1250 388 non
1279 362 1426 389 tiestituros
1453 371 1571 398 pugnare
1603 366 1683 392 etiam
1713 372 1772 401 pest

981 404 1087 436 Oziam,
1111 405 1259 432 declaravit
1282 407 1399 439 optime,
1425 415 1486 434 eum
1510 409 1585 440 dicit,
1614 417 1646 436 ex
1669 412 1772 437 sentina

982 456 1136 483 serpentum
1155 451 1275 477 orituros
1289 451 1361 478 fetus
1377 453 1510 486 aspidum.
1528 455 1659 486 Quoniam
1681 462 1770 484 autent

983 496 1079 522 divinae
1107 497 1238 529 tnajestati
1271 497 1450 530 insultabant,
1477 501 1631 528 necessario
1653 503 1772 529 ostendit

982 542 1060 568 nobis
1076 541 1118 568 bis
1139 542 1229 568 verbis
1252 543 1382 576 propheta
1395 563 1402 575 ,
1421 550 1592 572 servaturum
1607 554 1668 573 esse
1690 547 1772 575 Israc-

982 588 1044 620 lem,
1060 589 1103 622 qui
1129 593 1266 622 protector
1279 589 1337 622 ejus
1359 595 1410 622 est,
1427 596 1454 617 et
1471 593 1634 620 adversariis
1650 594 1770 622 interne-

982 634 1085 661 cionem
1100 642 1209 668 prorsus
1228 636 1389 669 penitusque
1404 637 1550 664 illaturum.
1565 639 1674 666 Obsedit
1691 648 1769 666 nant-

982 688 1033 713 qne
1047 679 1196 706 Jerusalem
1215 680 1434 712 Saltnanasarns,
1454 687 1509 708 tota
1527 683 1648 710 Samaria
1668 690 1766 719 capta:

981 726 1090 752 obsedit
1108 726 1171 752 item
1189 725 1353 759 libapsaces,
1379 728 1551 762 expeditione
1568 730 1648 756 missa
1672 738 1703 757 ex
1719 731 1770 757 La-

981 772 1056 803 cbcs,
1084 771 1122 797 uti
1149 772 1279 805 scriptum
1298 772 1378 807 245
1399 778 1438 799 est
1458 782 1463 800 :
1481 778 1508 800 at
1533 776 1650 801 servavit
1672 781 1769 810 prmter

981 818 1132 851 opinionem
1143 818 1279 845 lsraelitas
1291 819 1474 846 universitatis
1492 819 1573 848 Deus.
1585 821 1768 850 Concidet-unt

984 862 1055 889 enim
1085 862 1200 897 Assyrii,
1218 871 1395 890 consumente
1420 872 1467 891 eos
1485 867 1580 899 angelo
1598 867 1702 895 Domini
1717 877 1725 896 :
1741 875 1769 896 et

141 911 252 947 Ἰσραὴλ
268 913 281 938 ὁ
296 912 349 938 τῶν
364 912 432 938 ὅλων
453 913 527 943 Θεός.
552 911 730 938 Πεπτώκασιν
753 912 807 947 γὰρ
824 913 849 938 οι
869 912 928 938 Ἀσ-

981 915 1072 934 semen
1085 905 1306 943 alienigenarum,
1319 915 1345 936 et
1356 910 1488 938 universa:
1504 913 1622 946 reliquiae
1637 922 1667 941 ex
1680 916 1766 949 prima

137 957 226 992 σύριοι
237 977 244 989 ,
261 957 438 989 δαπανῶντος
458 958 555 989 αὐτοὺς
576 957 692 991 ἀγγέλου
709 957 812 992 Κυρίου
823 965 830 971 ⁶
855 958 884 983 τὸ
900 957 927 983 δὲ

136 1003 188 1029 τῶν
204 1003 364 1038 ἀλλοφύλων
378 1004 499 1039 σπέρμα,
519 1005 564 1030 καὶ
580 1005 634 1030 πᾶν
652 1004 682 1030 τὸ
703 1004 880 1039 κατάλειμμα
899 1005 928 1030 τὸ

140 1048 170 1074 ἐκ
185 1049 234 1083 τῆς
254 1048 366 1082 πρώτης
381 1048 540 1084 πολιορκίας
553 1049 602 1083 τῆς
616 1049 645 1075 ὲν
661 1050 765 1084 καιροῖς
776 1050 927 1083 γενομένης

137 1094 181 1119 τοῦ
205 1094 446 1129 Θεγλαφαλαασὰρ
470 1095 604 1130 ἀνῄρηται
631 1095 771 1125 παντελῶς
798 1095 843 1120 καὶ
875 1096 927 1121 ἁπ-

138 1139 234 1165 ὀλωλεν
243 1140 281 1171 εἰς
295 1140 369 1166 ἂπαν
384 1139 454 1175 λιμῴ
465 1140 533 1174 τάχα
545 1149 596 1166 που
609 1140 800 1174 πεπιεσμένον.
810 1141 924 1166 ’Έπεται

139 1183 189 1217 γὰρ
203 1184 245 1210 ἀεί
267 1192 326 1215 πως
343 1184 382 1218 τῷ
404 1184 606 1219 πολιορκεῖσθαι
625 1185 715 1215 πόλεις
730 1185 777 1210 καὶ
792 1185 824 1211 τὰ
843 1185 925 1220 ἔτερα

141 1231 234 1266 βλάϐη.
252 1231 357 1257 Οὐκοῦν
373 1231 591 1266 βοσκηθήσονται
606 1231 655 1266 μὲν
670 1231 714 1257 διὰ
729 1231 797 1257 Θεοῦ
811 1232 924 1266 πτωχοὶ,

140 1277 185 1303 καὶ
209 1277 404 1313 μετριόφρονες
423 1278 528 1313 ἄνδρες,
548 1277 620 1303 τοῦτ’
636 1277 704 1309 ἔστι,
726 1277 926 1313 νεμηθήσονται

140 1322 186 1357 τὴν
209 1323 323 1354 ἕαυτῶν,
346 1324 393 1350 καὶ
416 1324 459 1350 ἐπ’
480 1324 591 1358 εἰρήνης
607 1324 822 1350 ἀναπαύσονται.
845 1323 880 1349 Τὸ
899 1324 927 1349 δὲ

143 1367 186 1392 σὺν
200 1368 318 1403 ἀπέρμα,
343 1368 390 1394 καὶ
406 1368 436 1393 τὸ
462 1369 637 1403 καταλειμμα
656 1368 823 1402 καταφθερεῖ
844 1368 925 1402 λιμῷ.

141 1413 252 1448 Φοϐερὸν
266 1412 313 1441 οὖν
324 1414 354 1440 τὸ
370 1414 550 1445 ὲπιτωθάζειν
564 1416 620 1445 τοῖς
636 1415 687 1440 ὑπὸ
699 1416 776 1450 χεῖρα
789 1414 835 1440 τοῦ
848 1414 925 1446 Θεοῦ,

145 1458 191 1483 καὶ
213 1459 424 1494 κατεπαίρεσθαι
447 1460 500 1485 τῶν
537 1460 588 1485 ὑπὸ
618 1460 746 1494 φροντίδα
775 1459 925 1493 γεγονότων

148 1502 193 1536 τὴν
223 1505 286 1539 παρ’
313 1504 404 1530 αὑτοῦ.
432 1504 597 1539 Περιόψεται
627 1505 680 1539 γὰρ
709 1504 848 1539 οὐδαμῶς,
879 1505 926 1530 ἐπ-

147 1553 241 1583 αμυνεῐ
261 1551 288 1577 δὲ
312 1551 415 1583 πάντως
441 1554 496 1583 τοῖς
519 1552 614 1578 ἑαυτοῦ
635 1552 799 1587 γνωρίμοις,

838 1552 881 1577 ἵνα
910 1552 945 1586 μὴ

979 953 1119 980 obsidione
1139 955 1305 989 temporibus
1328 955 1578 991 Tlieglapbalassari
1599 959 1680 992 iacta,
1706 969 1767 987 om-

979 999 1043 1026 nino
1061 999 1171 1027 sublata:
1185 1007 1257 1033 sunt,
1274 1007 1301 1028 et
1322 1002 1348 1028 in
1364 1008 1448 1029 totum
1464 1005 1613 1038 perierunt,
1627 1006 1696 1033 fame
1710 1007 1766 1033 for-

979 1045 1058 1072 tassis
1073 1047 1205 1080 oppressi.
1222 1046 1288 1073 Nam
1311 1048 1480 1076 obsidionem
1499 1051 1604 1078 urbittm
1622 1061 1728 1087 settlpet‘
1741 1059 1768 1081 et

978 1091 1029 1116 alia
1043 1092 1111 1118 mala
1128 1098 1339 1127 consequuntur.
1362 1093 1444 1129 Igitur
1461 1101 1606 1129 pascentur
1623 1105 1669 1131 per
1684 1099 1767 1126 Deum

982 1137 1109 1169 mendici,
1125 1143 1151 1164 et
1174 1140 1306 1165 mansueti
1327 1139 1461 1171 homines,
1480 1141 1504 1167 id
1529 1146 1580 1173 est,
1601 1150 1676 1169 suam
1697 1144 1767 1178 ipso-

981 1189 1039 1208 rum
1056 1186 1156 1209 tcrram
1174 1183 1300 1216 incolcnt,
1315 1189 1341 1211 ct
1355 1185 1380 1211 in
1395 1192 1460 1219 pace
1479 1186 1658 1220 requiescent.
1680 1188 1765 1215 Tuum

981 1236 1045 1255 vero
1065 1236 1157 1256 semen
1179 1235 1205 1255 et
1220 1230 1349 1265 reliquias
1371 1232 1466 1265 perdet
1487 1232 1564 1259 fame.
1598 1233 1766 1262 llorrendum

982 1275 1063 1309 igitur
1080 1281 1121 1301 est
1137 1277 1229 1302 sannis
1242 1277 1367 1310 excipere
1382 1278 1426 1304 Dei
1441 1279 1573 1311 subditos,
1583 1287 1666 1314 seque
1676 1286 1768 1308 contra

977 1327 1022 1346 eos
1039 1321 1083 1354 qui
1097 1329 1168 1348 cura:
1185 1322 1243 1357 ejus
1260 1324 1397 1351 commissi
1421 1331 1484 1352 sunt
1509 1327 1641 1353 attollere.
1660 1327 1770 1354 Minime

977 1367 1048 1394 enim
1066 1368 1208 1402 despiciet,
1225 1370 1272 1396 sed
1290 1371 1399 1398 omnitto
1418 1373 1474 1399 suis
1491 1373 1561 1399 nolis
1579 1378 1605 1400 ct
1632 1373 1770 1400 familiari

978 1412 1026 1439 bus
1042 1419 1192 1447 succurret,
1211 1423 1243 1441 ne
1257 1415 1341 1442 clTuse
1358 1425 1389 1443 ac
1403 1425 1449 1444 ore
1468 1418 1575 1445 diducto
1600 1419 1705 1446 rideant
1722 1420 1769 1447 ad-

982 1458 1107 1489 versarii,
1127 1458 1263 1492 Deumque
1278 1460 1414 1487 incessant
1428 1462 1568 1494 conviciis,
1582 1463 1625 1496 qui
1641 1472 1693 1490 non
1709 1471 1770 1499 pos-

981 1509 1022 1530 set
1039 1503 1161 1530 subditos
1177 1512 1239 1530 suos
1257 1505 1325 1531 tueri
1342 1507 1407 1532 satis
1423 1512 1448 1533 et
1464 1515 1634 1534 conservare.

984 1551 1072 1578 πλατὺ
1096 1551 1196 1585 γελῴεν
1226 1553 1249 1577 οἱ
1274 1552 1307 1577 δι’
1332 1553 1468 1584 ἐναντίας,
1494 1556 1539 1581 καὶ
1567 1556 1768 1587 κατονειδίζωσι

145 1595 223 1628 Θεὸν,
249 1596 286 1628 ὡς
311 1597 359 1623 οὐκ
383 1597 478 1632 ἔχοντα
508 1598 627 1634 eum;
655 1598 694 1629 εἰς
723 1598 752 1623 τὸ
783 1597 925 1628 διασώζειν
944 1597 1075 1623 δύνασθαι
1109 1597 1171 1628 τοὺς
1203 1598 1281 1633 οἵπερ
1296 1596 1406 1624 εἷενὲπ⁵
1422 1599 1495 1634 αὑτῷ
1511 1601 1680 1632 πεποιθότες.

186 1641 371 1674 Ὂλολύξατε,
388 1642 481 1669 πύλαι
497 1643 623 1675 πόλεων,
635 1642 862 1676 κεκραγέτωσαν
877 1644 931 1668 πό-
947 1646 969 1676 C

141 1688 204 1718 λεις
229 1688 452 1722 τεταραγμέναι,
478 1690 504 1715 οἱ
534 1688 704 1723 ἀλλόφυλοι
734 1688 854 1721 πάντες,
884 1688 927 1714 ὅτι

140 1732 252 1765 καπνὸς
278 1733 338 1759 ἀπὸ
361 1733 458 1767 βοίρᾱ
475 1733 604 1767 ἔρχεται,
630 1735 678 1760 καὶ
709 1735 763 1759 οὐκ
791 1735 855 1759 ἐστι
875 1734 927 1760 τοῦ

139 1776 222 1804 εἶναι.

170 1825 216 1856 Τὸ,
232 1825 281 1851 Ἐκ
292 1825 449 1861 σπέρματος
457 1826 544 1860 ὅψεως
557 1825 726 1858 ἐξελεύσεται
736 1825 834 1859 ἔκγονα
847 1825 928 1851 ἀσπί-

138 1870 201 1903 δων,
223 1871 310 1903 οὓτως
325 1872 358 1898 ἂν
374 1872 492 1898 νοεῖσθαι
518 1873 627 1907 πρέποι,
650 1872 687 1903 ὡς
704 1872 928 1907 διερμηνεύοντες

136 1916 278 1953 ἐλέγομεν.
306 1918 348 1945 ὃτι
377 1918 534 1954 πεπόρθηκε
563 1919 612 1953 μὲν
630 1918 680 1950 τὰς
698 1918 752 1945 τῶν
769 1918 928 1953 ἀλλοφύλων

136 1963 240 1996 πόλεις,
266 1961 323 1990 εἷλε
337 1963 367 1991 δὲ
378 1964 425 1991 καὶ
435 1965 483 2000 τὴν
492 1965 637 2000 Δαμασκὸν
651 1966 664 1991 ὁ
683 1963 927 1999 Θεγλαφαλαασὰρ,

134 2006 194 2036 εἶτα
209 2009 272 2046 μετ’
286 2011 401 2043 ἐκεῖνον,
418 2012 477 2042 ταῖς
493 2011 532 2037 ἔτι
546 2010 759 2046 φορτικωτέραις
768 2010 865 2045 ἐνῆκεν
877 2010 928 2036 αὺ-

132 2055 197 2087 τοὺς
234 2057 389 2092 συμφοραῖς
415 2057 429 2082 ὁ
462 2055 665 2091 Σαλαμανασὰρ
695 2056 724 2082 ὲν
747 2056 852 2091 καιροῖς
880 2056 929 2090 τῆς

140 2100 266 2136 Ἐζεκίου
281 2101 430 2137 βασιλείας,
445 2102 494 2134 τὰς
518 2101 695 2138 Σαμαρειτῶν
710 2101 929 2136 ἐκπολιορκήσας

131 2147 242 2179 πόλεις.
261 2147 306 2180 Ὠς
318 2146 365 2175 οὗν
390 2148 439 2184 ήδη
460 2149 509 2184 τῆς
539 2148 634 2183 ἐφόδου
657 2147 928 2185 συγκεκροτημένης,

131 2194 180 2220 καὶ
197 2194 343 2230 παρούσης
355 2194 406 2229 τῆς
425 2194 572 2229 Ἀσσυρίων
588 2195 728 2231 στρατιᾶς,
745 2193 782 2224 ὡς
796 2193 847 2228 ἤδη
870 2194 930 2224 ταῖς

129 2238 239 2270 πύλαις
255 2240 314 2270 ταῖς
325 2240 353 2265 ὲν
367 2239 470 2276 ἑκάστῃ
483 2239 558 2266 πόλει
570 2240 625 2266 τῶν
644 2239 792 2266 ἑλεπόλεων
811 2247 929 2274 προσκε-

128 2285 323 2320 κομισμένων,
347 2285 497 2320 μελλόντων
516 2285 545 2312 δὲ
567 2286 619 2321 ἤδη
640 2285 850 2312 κατασείσεσθαι
874 2284 928 2311 τῶν

1021 1643 1102 1669 Vens.
1117 1643 1160 1669 5i.
1187 1642 1303 1676 L'lulam,
1319 1649 1400 1678 ροιιω
1426 1646 1538 1679 urbium,
1559 1648 1669 1674 clamem
1694 1650 1769 1676 urbes

981 1688 1101 1719 (urbane,
1118 1688 1270 1722 alienigena:
1292 1697 1390 1723 omnes,
1407 1692 1467 1724 quia
1484 1692 1571 1725 [unius
1589 1694 1620 1719 ab
1641 1695 1769 1728 Aquilone

981 1735 1057 1766 venit,
1071 1740 1094 1760 et
1113 1742 1163 1761 non
1178 1741 1215 1761 est
1234 1741 1258 1761 ut
1272 1737 1314 1762 ait.

1019 1825 1095 1859 illud,
1105 1826 1144 1852 Ex
1156 1827 1260 1854 semine
1269 1829 1433 1863 serpentium
1447 1830 1767 1866 egredienturprogenics

981 1872 1114 1906 aspitlum,
1131 1874 1265 1906 quomodo
1280 1874 1482 1908 intelligendum
1500 1882 1573 1903 05set
1589 1882 1766 1911 exponentes,

979 1919 1096 1946 diximus
1127 1919 1417 1955 Tlteglapbalassarum
1445 1922 1656 1958 alienigenarum
1687 1924 1767 1951 urbes

981 1966 1112 1996 vastasse,
1128 1968 1156 1990 et
1172 1964 1333 1993 Damascum
1350 1967 1456 2001 cepisse
1473 1976 1479 1993 :
1495 1968 1555 1994 dein
1571 1973 1631 2002 post
1649 1968 1723 1995 illum
1742 1969 1768 1994 in

980 2009 1120 2044 graviores
1131 2017 1178 2037 eos
1195 2011 1364 2039 calamitates
1383 2011 1603 2040 Salmanasarum
1620 2014 1769 2047 conjecisse

982 2055 1147 2089 temporibus
1159 2055 1233 2089 regni
1250 2055 1384 2089 Ezechiae,
1401 2064 1461 2082 cum
1474 2057 1708 2085 Samaritanorum
1722 2066 1769 2085 ur-

980 2100 1028 2127 bes
1040 2100 1184 2128 obsideret.
1195 2101 1278 2133 Quasi
1294 2101 1365 2128 enim
1379 2101 1434 2135 jam
1450 2101 1523 2129 acies
1538 2102 1672 2130 instructa
1684 2110 1768 2137 esset,

980 2150 1008 2173 et
1021 2146 1192 2182 Assyriorum
1217 2147 1325 2174 adesset
1341 2147 1486 2180 exercitus,
1500 2148 1577 2182 quasi
1595 2148 1651 2183 jam
1665 2149 1768 2183 hostes.

981 2192 1014 2219 ad
1030 2197 1122 2226 portas
1147 2193 1280 2228 cujusque
1301 2192 1375 2220 urbis
1400 2192 1521 2226 adducti,
1535 2193 1649 2229 jamjam
1670 2195 1769 2223 intole-

981 2237 1075 2264 randis
1101 2237 1158 2265 suis
1175 2238 1317 2265 tormentis
1340 2245 1432 2266 muros
1455 2244 1596 2273 percutere
1615 2245 1766 2275 pararent:

981 2283 1089 2319 plorare
1107 2283 1184 2318 jubet
1202 2288 1305 2319 portas,
1320 2289 1347 2311 et
1367 2284 1488 2312 clamare
1520 2285 1611 2318 urbes,
1632 2293 1684 2313 non
1714 2294 1769 2313 am-

125 2331 246 2366 τειχῶν,
261 2351 270 2364 ,
284 2332 345 2363 ταῖς
359 2331 507 2367 ἀφορήτοις
523 2332 612 2358 αὐτῶν
629 2330 793 2366 προσσολαῖς
805 2339 811 2346 ·
834 2330 928 2357 ὀλολύ-

982 2329 1063 2364 plius,
1078 2335 1173 2357 contra
1191 2331 1322 2365 sanguine
1332 2331 1479 2360 Israelitico
1492 2337 1592 2365 cretos,
1609 2332 1768 2367 gloriantes.

126 2376 187 2409 ζειν
218 2376 272 2414 μὲν
299 2376 406 2404 κελεύει
434 2377 485 2408 τὰς
509 2377 607 2409 πύλας,
623 2376 820 2413 ἁνακεκρὰγειν
835 2376 863 2403 δὲ
880 2375 929 2407 τὰς

125 2424 241 2456 πόλεις,
271 2424 320 2450 οὐκ
353 2423 558 2459 ὲπιγαυριώσας
589 2424 629 2450 ἐτι
660 2425 716 2456 τοῖς
755 2423 785 2456 ἐξ
815 2424 930 2458 αἵματος

132 2468 262 2505 Ἰσραὴλ,
282 2467 343 2503 οὐχὶ
362 2469 412 2504 τὴν
433 2468 480 2496 τοῦ
498 2469 586 2496 πάντα
609 2468 745 2504 ἰσχύοντος
759 2467 827 2495 Θεοῦ
844 2475 928 2494 κατα-

124 2513 324 2550 κερτομούσας
337 2513 427 2546 δόξαν,
443 2514 473 2541 οὐ
492 2514 619 2541 τεθνεῶτι
632 2513 671 2548 τῷ
687 2513 775 2549 ’Ἄχας
798 2513 930 2548 ἐπορχου-

124 2562 232 2597 μένας,
248 2561 405 2596 μελετώσας
415 2561 443 2587 δὲ
458 2561 558 2596 μᾶλλον
574 2560 679 2596 κομμόν
691 2569 720 2586 τε
737 2560 785 2586 καὶ
800 2559 927 2594 θρήνους,

122 2607 174 2633 καὶ
200 2607 266 2637 ταῖς
289 2606 351 2633 ὅσον
377 2606 483 2633 οὐδέπω
509 2606 711 2641 παρεσομέναις
734 2605 885 2640 συμφοραῖς
898 2603 927 2629 οὐ

122 2652 257 2687 μετρίως
268 2652 529 2686 ὲπιστυγναζούσας.
551 2651 620 2678 ’Λνθ’
638 2652 698 2677 ὅτου
716 2650 770 2685 γὰρ
791 2649 824 2685 δὴ
844 2657 929 2684 προσ-

118 2697 252 2731 τέταχα,
268 2697 360 2732 φησὶν,
377 2697 542 2732 ἀνοιμώζειν
568 2697 617 2728 τὰς
644 2696 746 2727 πόλεις,
769 2695 810 2721 ὅτι
827 2694 930 2724 καπνὸς

119 2742 184 2769 ἀπὸ
201 2741 293 2777 βορρᾶ
309 2742 428 2778 ἔρχεται,
441 2744 488 2770 καὶ
501 2744 552 2770 οὐκ
584 2743 641 2770 ἔστι
658 2742 704 2769 τοῦ
724 2740 803 2768 εἶναι.
818 2740 927 2768 Καπνον

118 2788 152 2815 ἐν
173 2786 289 2818 τούτοις
304 2787 347 2813 τὸν
359 2788 412 2814 ἀπὸ
427 2788 524 2824 βορρᾶ,
540 2788 584 2815 τὸν
595 2789 626 2814 ἐκ
636 2789 685 2823 τῆς
711 2786 859 2821 ’Λσσυρίων
875 2786 926 2821 γῆς

120 2832 296 2868 ἃρμώμενον
306 2833 445 2869 ὀνομάζει,
468 2834 485 2869 ἢ
513 2834 594 2860 αὐτὸν
609 2834 653 2860 τὸν
671 2831 881 2867 Σαλαμανασὰρ,
910 2831 926 2865 ἢ

119 2880 177 2916 τὴν
208 2879 345 2907 συνοῦσαν
372 2880 449 2915 αὐτῷ
471 2881 610 2915 στρατιάν.
634 2879 790 2912 Νοτιωτάτη
808 2878 856 2912 μὲν
874 2878 927 2912 γὰρ

297 2928 432 2957 ΡΑτιιοι..
459 2927 518 2957 GR.
538 2927 634 2957 LXX.

979 2383 1032 2402 non
1046 2376 1239 2411 omnipotentis
1253 2377 1299 2404 Dei
1317 2377 1483 2411 majestatem
1498 2378 1629 2405 conviciis
1642 2382 1669 2404 et
1684 2377 1769 2405 dicte-

981 2422 1028 2449 riis
1046 2421 1263 2456 proscindentes,
1281 2430 1335 2449 non
1361 2424 1393 2450 de
1411 2428 1518 2450 mortuo
1540 2424 1651 2451 Achazo
1681 2424 1768 2451 insul-

981 2470 1079 2498 tantes,
1094 2466 1140 2493 sed
1156 2466 1286 2501 tragicum
1310 2467 1399 2501 potius
1419 2467 1519 2494 luctum
1536 2473 1563 2495 et
1575 2468 1691 2496 lamenta
1712 2477 1768 2496 nte-

980 2512 1109 2544 ditantes,
1123 2515 1151 2538 et
1174 2518 1206 2538 ex
1228 2511 1344 2538 miseriis
1362 2512 1473 2546 jamjam
1496 2514 1673 2547 praesentibus
1696 2514 1768 2541 haud

978 2557 1029 2584 levi
1050 2556 1142 2583 dolore
1164 2556 1311 2584 coniectas.
1331 2557 1475 2592 Propterea
1496 2558 1580 2592 enim,
1602 2559 1698 2593 inquit,
1713 2559 1769 2594 plo-

979 2611 1040 2630 rare
1055 2603 1136 2630 urbes
1151 2601 1230 2636 jussi,
1242 2603 1306 2637 quia
1318 2603 1418 2631 ‘l'umtts
1431 2604 1465 2632 ab
1490 2605 1623 2639 Aquilone
1643 2605 1725 2638 venit,
1742 2610 1770 2632 et

980 2657 1032 2676 non
1047 2653 1089 2676 est
1112 2653 1141 2675 ut
1158 2648 1204 2675 sit.
1220 2648 1334 2676 Fumum
1351 2650 1378 2676 in
1398 2650 1439 2677 his
1454 2651 1488 2678 ab
1503 2650 1638 2685 Aquilone
1656 2651 1769 2677 venien-

981 2699 1034 2721 tem
1061 2695 1136 2728 dicit,
1149 2694 1190 2721 vel
1204 2694 1292 2728 ipsum
1315 2695 1535 2724 Salmanasarum
1551 2705 1584 2724 ex
1598 2701 1668 2724 terra
1684 2698 1768 2732 Assy-

982 2741 1083 2767 riorum
1106 2746 1337 2775 prorumpentem,
1356 2742 1398 2768 vel
1417 2742 1498 2777 246
1514 2743 1635 2777 quicum
1660 2750 1693 2770 eo
1711 2747 1769 2771 erat

980 2785 1140 2812 exercitum.
1158 2785 1290 2811 Australis
1311 2786 1383 2813 enin:
1409 2788 1525 2813 maxime
1554 2792 1596 2814 est
1616 2786 1768 2814 Judaeormn

983 2832 1066 2865 regio,
1084 2831 1169 2865 magis
1183 2835 1271 2857 autem
1288 2831 1461 2865 Aquilonaris
1481 2833 1661 2868 Assyriorum.
1685 2833 1770 2860 Fumo

983 2884 1072 2905 autem
1096 2878 1222 2905 bellaecm
1243 2878 1389 2905 exercitum
1409 2885 1556 2914 comparat,
1577 2881 1666 2914 utqui
1698 2880 1768 2906 velut

1574 2926 1607 2955 13
