4166 6296
606 306 713 363 595
1595 301 1655 357 S.
1697 300 1970 358 CYBlLLI
2012 301 2482 362 ALEXANMINI
2522 303 2844 362 ARClllEP.
3770 305 3876 362 596

591 424 875 491 :lacrymas
894 419 1071 489 captis
1114 416 1335 473 excitat.
1367 415 1682 471 Elicitenim
1723 431 1937 486 semper
1965 432 2030 474 ex
2060 433 2183 474 ocu-

2295 423 2441 476 ἐστιν
2478 424 2511 493 ἡ
2544 423 2653 475 τῶν
2704 419 2971 474 Ἰουδαίων
3011 419 3189 492 χώρα,
3225 417 3558 492 βορειωτέρα
3605 419 3662 475 δέ
3704 427 3874 493 πωςὴ

596 514 676 569 Jis
719 513 896 567 fumus
927 511 1242 582 lacrymam.
1284 507 1397 562 Non
1443 516 1529 563 est
1561 518 1740 564 autem
1776 509 2184 565 dissentaneum

2295 512 2392 566 τῶν
2446 510 2768 584 Ἀσσυρίων.
2815 510 3025 581 Καπνῷ
3084 528 3149 579 γε
3198 510 3308 581 μὴν
3354 509 3457 581 τὴν
3513 510 3881 584 φιλοπόλεμον

605 606 757 673 ‘lidei,
793 606 846 659 in
886 605 969 661 his
1006 602 1186 658 verbis
1231 601 1334 656 alia
1369 601 1439 658 de
1456 616 1626 657 causa
1682 600 1822 657 bella
1882 603 2185 673 comparari

2295 605 2607 677 παρεικάζει
2637 602 2918 676 στρατιὰν,
2954 603 3031 668 ὡς
3075 603 3337 674 δακρύων
3378 606 3494 666 τοῖς
3532 603 3757 659 ἁλοῦσιν
3785 609 3880 678 ἐμ-

610 698 775 752 litmo.
817 695 1281 761 Quemadmodum
1306 695 1449 749 enim
1480 693 1664 748 fumus
1704 692 1948 749 incidens
1980 693 2033 747 in
2065 708 2186 748 cor—

2295 698 2593 768 τιοιητικήν.
2652 696 2895 763 Ἑξέλκει
2923 694 3033 767 γὰρ
3079 695 3176 750 ἀεί
3219 711 3338 759 πως
3366 695 3478 749 τῶν
3521 695 3787 768 ὀμμάτων
3818 699 3883 753 τὸ

609 790 755 859 poris
779 788 984 851 oculos,
1004 787 1152 842 visus
1183 787 1354 841 aciem
1384 786 1492 840 illis
1515 785 1737 841 adimit:
1770 785 1850 840 sic
1869 795 1926 840 et
1954 784 2187 840 formido

2295 790 2517 859 δάκρυον
2539 791 2571 842 ὁ
2600 789 2828 853 καπνός.
2872 788 2988 841 Οὐκ
3039 786 3303 841 ἀπίθανον
3334 786 3394 841 δὲ
3428 787 3524 843 καὶ
3550 789 3758 860 ἑτέρως
3776 807 3877 844 καρ-

609 882 802 936 mortis
825 887 1030 934 tantum
1064 895 1167 934 non
1206 877 1442 934 inebriat
1482 887 1746 941 mentem,
1787 892 1885 932 eor
1907 877 2183 933 turbidum

2295 881 2412 951 πνῷ
2460 880 2889 952 παρεικάζεσθαι
2932 880 3060 945 τοὺς
3109 878 3397 950 πολέμους.
3439 880 3654 952 Ὥσπερ
3698 880 3809 952 γὰρ
3850 884 3882 936 ὁ

604 974 803 1039 reddit,
827 983 887 1028 et
912 971 1171 1042 gravibus
1203 986 1269 1027 ac
1298 971 1653 1026 intolerandis
1688 970 1987 1025 terroribus
2015 981 2186 1038 prope

2295 970 2500 1033 καπνὸς
2523 973 2637 1034 τοῖς
2668 968 2761 1024 τοῦ
2806 968 3059 1041 σώματος
3081 969 3375 1041 ἐμπίπτων
3403 970 3706 1043 ὀφθαλμοῖς
3733 990 3882 1044 παρ-

604 1065 854 1136 denigrat
883 1074 939 1120 et
968 1062 1213 1120 oﬂuscat.
1254 1062 1448 1119 Veniet
1490 1063 1658 1133 igitur
1697 1061 1877 1117 fumus
1904 1062 1973 1117 ab
2011 1060 2186 1130 Aqui.

601 1159 750 1214 lone.
789 1158 858 1210 At
880 1156 1001 1227 quis
1021 1157 1125 1212 erit
1155 1154 1315 1225 hujus
1357 1155 1683 1212 incursionis
1710 1154 1889 1211 exitus
1906 1153 1934 1207 ?
1956 1151 2073 1210 Non
2096 1161 2192 1207 est

608 1258 667 1303 ut
722 1250 815 1314 sit,
861 1248 1057 1318 inquit,
1087 1249 1139 1301 id
1192 1255 1298 1313 est,
1331 1256 1578 1301 extrema
1613 1243 1917 1302 internecio
1947 1244 2111 1300 urbes
2136 1253 2193 1298 et

609 1341 816 1407 domos,
840 1348 897 1394 et
930 1341 1021 1409 qui
1064 1340 1118 1393 in
1146 1337 1253 1393 illis
1280 1347 1407 1392 sunt
1433 1336 1818 1407 pessumdabit.

2287 1060 2524 1129 αιρείται
2550 1057 2769 1121 πάντως
2797 1058 2992 1123 αὐτοὺς
3018 1058 3080 1115 τὺ
3111 1061 3212 1132 τῆς
3236 1058 3414 1130 ὅψεως
3442 1062 3691 1134 ἀκριϐὲς,
3735 1062 3882 1119 οὕτω

2291 1151 2385 1206 καὶ
2438 1150 2672 1205 θανάτου
2731 1152 2896 1221 φόὸος
2958 1154 3243 1225 μονονουχὶ
3323 1155 3737 1226 καταμεθύσκει
3786 1157 3882 1212 τὸν

2294 1243 2442 1307 νοῦν,
2511 1243 2609 1296 καὶ
2654 1242 2948 1298 καταθολοῖ
3000 1244 3103 1313 τὴν
3153 1244 3398 1317 καρδίαν,
3441 1245 3634 1310 δεινοῖς
3669 1264 3732 1301 τε
3786 1250 3883 1302 καὶ

2296 1334 2593 1406 ἀφορήτοις
2625 1334 2875 1405 δείμασιν
2912 1335 3195 1405 μονονουχὶ
3226 1335 3646 1406 καταμελαίνων
3676 1337 3877 1405 αὐτὴν.

608 1432 771 1498 Ἥξει
792 1432 1211 1509 τοίνυνκαπνὸς
1232 1431 1341 1486 ἀπὸ
1376 1431 1566 1503 βορρᾶ.
1606 1427 1741 1485 Εἶτα
1770 1431 1924 1484 πσῖόν
1947 1434 2062 1484 ἐστι
2120 1430 2222 1501 τῆς
2251 1430 2444 1497 ἐφόδου
2506 1431 2568 1485 τὸ
2603 1431 2794 1499 τέλος;
2832 1433 3019 1488 οὐκέτι
3063 1428 3157 1485 τοῦ
3202 1428 3341 1488 εἷναί
3372 1451 3529 1506 φησι,
3556 1434 3703 1488 τοῦτ’
3738 1435 3882 1502 ἔστι,

610 1531 988 1604 πανωλεθρεία
1032 1528 1368 1601 καταφθερεῖ
1410 1529 1593 1594 πόλεις
1625 1545 1683 1584 τε
1718 1529 1813 1583 καὶ
1859 1528 2063 1593 οἴκους,
2115 1529 2210 1581 καὶ
2246 1529 2373 1592 τοὺς
2399 1530 2457 1583 ὲν
2485 1529 2698 1593 αὑταῖς.

684 1628 847 1683 Vnus.
880 1628 967 1682 52.
1036 1626 1101 1681 Ει
1135 1628 1263 1698 quid
1295 1624 1677 1694 respondebunt
1730 1639 1874 1701 reges
1908 1625 2136 1693 gent-ium
2160 1624 2187 1679 ?

605 1718 753 1786 Quia
783 1719 1035 1773 Dominus
1065 1717 1306 1785 fundarit
1330 1715 1481 1784 Sion,
1513 1726 1560 1771 et
1583 1731 1676 1786 per
1712 1715 1864 1770 illum
1895 1714 2185 1770 servabun-

606 1821 700 1865 tur
726 1809 947 1864 humiles
972 1809 1177 1880 populi.

682 1902 1041 1973 Impressione
1080 1900 1426 1973 Assyriorum
1462 1901 1621 1968 facta,
1650 1912 1823 1974 captae
1850 1914 1977 1960 sunt
2002 1902 2191 1959 alieni-

602 2009 868 2066 genarum
920 1994 1100 2058 urbes,
1136 1993 1428 2050 devastata:
1469 1995 1820 2054 nihilominus
1875 1998 2036 2053 etiam
2091 1996 2190 2053 Sa-

608 2088 1007 2143 maritanorum
1049 2085 1294 2141 civitates
1333 2105 1347 2143 :
1391 2096 1605 2143 servata
1643 2098 1726 2145 est
1759 2094 1941 2146 autem
1976 2090 2191 2162 egregie

610 2194 722 2249 prae
747 2179 956 2235 caeteris
985 2193 1048 2233 ac
1075 2177 1401 2234 mirabiliter
1429 2179 1539 2235 sola
1581 2179 1903 2248 Jerusalem,
1936 2181 2188 2254 Assyrio-

604 2288 729 2328 rum
759 2271 932 2342 copiis
959 2290 974 2335 ;
1008 2284 1224 2325 manum
1258 2271 1588 2327 admoliente
1610 2286 1696 2341 eo,
1713 2272 2003 2343 quiomnia
2035 2271 2193 2331 facile

620 2379 684 2419 ac
716 2373 865 2420 recte
892 2370 1071 2432 potest
1098 2360 1331 2419 eﬂlcere.
1363 2361 1556 2419 Mortui
1586 2374 1709 2419 sunt
1741 2365 1887 2420 enim
1904 2379 2008 2420 una
2034 2375 2194 2422 nocte

602 2454 1039 2525 alienigenarum
1079 2462 1295 2510 centum
1358 2455 1639 2525 octoginta
1689 2457 1927 2527 quinque
1998 2457 2189 2514 millia.

601 2548 839 2616 Quando
863 2547 1028 2617 igitur
1047 2546 1408 2616 Aquilonares
1441 2546 1531 2602 isti
1570 2547 1912 2604 incenderint
1935 2549 2194 2621 alienige-

611 2654 804 2693 narum
836 2640 1022 2703 urbes,
1049 2636 1291 2708 populati
1322 2638 1519 2693 fuerint
1553 2640 1715 2694 etiam
1741 2638 1938 2697 ιυάωω
1961 2642 2191 2698 vicinam

605 2731 945 2797 Samariam,
971 2728 1167 2786 deinde
1188 2732 1466 2801 cingentes
1500 2732 1737 2803 undique
1780 2733 1949 2804 ipsam
1975 2733 2192 2790 Jerusa-

621 2825 749 2889 lem,
778 2823 925 2879 nullo
965 2822 1271 2888 resistente,
1315 2837 1421 2877 una
1464 2830 1620 2879 nocte
1653 2826 1958 2881 corruerint
1995 2844 2009 2882 :
2043 2834 2190 2894 tunc,

606 2926 761 2982 tunc,
814 2906 1006 2985 inquit,
1052 2915 1223 2970 velint
1257 2914 1451 2981 nolint,
1486 2914 1894 2971 confitebuntur
1950 2917 2191 2988 gentium

612 3022 787 3077 reges,
806 3008 949 3077 quod
974 3005 1233 3062 Dominus
1256 3004 1501 3061 fundavit
1530 3005 1683 3073 Sion,
1708 3017 1759 3062 et
1781 3009 1925 3078 quod
1950 3025 2046 3081 per
2067 3025 2190 3067 eum

608 3101 971 3155 servabuntur
1023 3097 1256 3153 humiles
1291 3097 1493 3169 populi.
1545 3098 1790 3156 Humiles
1813 3101 1995 3172 populi
2033 3113 2192 3159 vocat

607 3208 723 3256 eus,
761 3192 852 3260 qui
884 3191 936 3244 in
976 3188 1067 3244 illo
1097 3188 1212 3245 solo
1267 3202 1418 3258 spem
1467 3188 1657 3246 salutis
1713 3204 1827 3246 suae
1884 3192 2188 3263 collocant;

611 3286 787 3355 qualis
817 3293 936 3338 erat
996 3280 1123 3352 ipse
1161 3296 1255 3337 rex
1316 3279 1604 3347 Ezechias,
1636 3292 1692 3337 et
1719 3284 1810 3354 qui
1851 3286 1996 3341 circa
2045 3282 2193 3342 illum

610 3386 770 3430 erant
819 3373 1166 3443 procidentes
1193 3380 1250 3427 et
1294 3371 1575 3428 dicentes:
1615 3372 1891 3442 «Exaudi,
1945 3378 2192 3448 Domine,

607 3465 844 3534 respice,
874 3461 1121 3525 Domine,
1161 3468 1216 3515 et
1246 3460 1369 3514 vide
1397 3473 1677 3516 sermones
1697 3460 2015 3532 Rhapsacm,
2056 3478 2196 3535 quos

607 3557 792 3613 emisit
821 3570 916 3609 rex
941 3554 1312 3630 Assyriorum,
1356 3550 1553 3620 probra
1585 3552 1798 3623 iaciens
1827 3554 1879 3608 in
1914 3555 2080 3610 Deum
2109 3558 2193 3614 vi-

612 3664 739 3704 rum
773 3648 837 3702 ³³.
872 3665 893 3700 ι
934 3644 1137 3700 Verum
1181 3658 1212 3698 e
1243 3643 1459 3699 diverso
1499 3644 1617 3715 ipse
1662 3645 1867 3701 audivit
1910 3643 2078 3703 Deum
2113 3649 2195 3706 lo-

605 3751 869 3813 qnentem
906 3747 1091 3809 aperte
1127 3755 1140 3792 :
1179 3735 1354 3793 r‘lltec
1389 3736 1465 3792 ait
1494 3737 1753 3793 Dominus
1787 3755 1804 3794 :
1836 3738 2192 3810 Propuguabo

605 3832 889 3887 civitatem
932 3828 1075 3884 hanc
1107 3835 1327 3898 propter
1367 3840 1472 3893 me,
1505 3834 1559 3882 et
1591 3837 1827 3898 propter
1859 3830 2026 3886 David
2055 3846 2192 3900 pue-

608 3939 735 3978 rum
773 3919 1035 3977 meum“.
1067 3938 1087 3972 ι
1122 3938 1141 3972 ι
1172 3918 1472 3976 Bouumest
1489 3919 1650 3991 igitur
1666 3921 1937 3979 conﬁdere
1955 3922 2144 3980 Deo".
2167 3941 2189 3976 ι

606 4015 768 4082 Quod
808 4014 972 4084 etiam
1021 4011 1164 4067 beati
1199 4013 1473 4083 prephetae
1519 4028 1626 4069 non
1681 4012 2018 4083 ignorarunt.
2043 4015 2194 4072 lere-

610 4106 752 4159 mias
780 4104 978 4174 quippe
1012 4103 1142 4159 dicit
1186 4120 1200 4158 :
1243 4101 1490 4159 «Beatus
1533 4104 1697 4160 homo
1724 4104 1815 4176 qui
1873 4104 2095 4163 conlidit
2138 4106 2190 4163 in

608 4195 860 4261 Domino,
899 4204 949 4250 et
981 4195 1085 4249 erit
1110 4194 1373 4250 Dominus
1412 4210 1538 4267 spes
1586 4196 1703 4268 ejus
1733 4198 1800 4252 ⁸⁸.
1831 4216 1851 4250 ι
1892 4197 2192 4268 Sapientis-

613 4289 785 4341 simns
805 4286 966 4358 247
985 4287 1148 4341 etiam
1180 4286 1351 4342 David
1376 4303 1393 4340 :
1432 4305 1452 4339 ι
1486 4287 1714 4343 Domine
1745 4288 1884 4343 Deus
1909 4289 2187 4354 virtutum,

611 4378 807 4430 beatus
835 4380 994 4430 homo
1013 4376 1103 4446 qui
1136 4384 1322 4445 sperat
1358 4377 1412 4431 in
1436 4383 1489 4430 te
1511 4377 1611 4431 ηδ
1634 4375 1800 4432 Nemo
1828 4376 1971 4432 enim
2002 4375 2193 4447 perdet

2300 1688 2307 1693 ἔ
2366 1625 2474 1679 Kal
2501 1626 2561 1679 τί
2588 1625 3106 1695 ἀποκριθήσονται
3143 1625 3430 1695 βασιλεῖς
3469 1626 3699 1690 ἐθνῶνς
3749 1625 3883 1682 Ὀτι

2294 1716 2512 1784 Κύριος
2542 1716 2901 1785 stimulans
2938 1717 3111 1781 Σιὼν,
3134 1718 3233 1771 καὶ
3256 1715 3330 1771 δι’
3352 1717 3542 1770 αὐτοῦ
3571 1714 3885 1782 σωθήσον-

2223 1788 2267 1844 Β
2292 1820 2389 1859 ται
2413 1807 2469 1860 οἱ
2492 1804 2764 1859 ταπεινοί
2787 1805 2893 1860 τοῦ
2924 1805 3101 1861 λαοῦ.
3138 1848 3141 1849 ν

2363 1898 2475 1969 Τῆς
2507 1898 2695 1967 ἐφόδου
2725 1899 2835 1952 τῶν
2899 1898 3196 1972 Ἀσσυρίων
3242 1898 3621 1971 γεγενημένης
3663 1899 3883 1970 ἥλωσαν

2299 1991 2397 2063 μὲν
2429 1992 2488 2046 αί
2514 1991 2622 2045 τῶν
2670 1990 2987 2060 ἀλλοφύλων
3039 1991 3244 2056 πόλεις.
3308 1991 3779 2064 Ἐκπεπόρθηνται
3822 1990 3882 2045 δὲ

2291 2083 2452 2137 οὐδὲν
2485 2078 2650 2155 ἦττον
2674 2083 2771 2137 καὶ
2825 2086 2881 2138 ai
2918 2084 3026 2139 τῶν
3063 2084 3421 2157 Σαμαρειτῶν
3448 2100 3465 2116 ο
3524 2082 3792 2138 σέσωσται
3823 2083 3882 2137 δὶ

2302 2174 2662 2247 Ἰερουσαλὴμ
2721 2174 3041 2247 παραδόξως
3104 2176 3241 2248 μόνη
3304 2174 3457 2248 παρά
3517 2176 3721 2240 πάσας,
3762 2176 3883 2239 ταῖς

2290 2265 2399 2319 τῶν
2464 2264 2764 2338 Ἀσσυρίων
2828 2269 3108 2340 στρατιαῖς
3147 2268 3520 2337 ὲνενεγκόντος
3556 2267 3665 2339 τὴν
3724 2270 3883 2340 χεῖρα

2291 2357 2387 2411 τοῦ
2421 2357 2600 2411 πάντα
2637 2358 2873 2421 εὐκόλως
2896 2356 3199 2429 κατορθοῦν
3228 2356 3525 2429 ίσχύοντος.
3586 2358 3885 2413 Ἀπέθανον

2293 2451 2403 2521 γὰρ
2446 2452 2505 2503 ὲν
2531 2449 2687 2505 νυκτὶ
2727 2444 2828 2524 μιᾷ
2870 2451 2980 2505 τῶν
3018 2450 3334 2522 ἀλλοφύλων
3384 2450 3580 2507 ἑκατὸν
3636 2451 3733 2507 καὶ
3787 2450 3885 2520 ὀτ-

2292 2541 2556 2613 δοήκοντα
2592 2541 2751 2596 πέντε
2780 2543 3039 2614 χιλιάδες.
3074 2543 3244 2598 Ὅταν
3274 2543 3454 2596 τοίνυν
3483 2544 3885 2614 καταπρήσωσι

2297 2634 2396 2706 μὲν
2421 2634 2522 2699 τὰς
2545 2633 2654 2689 τῶν
2690 2634 3005 2705 ἀλλοφύλων
3027 2634 3211 2700 πόλεις
3260 2637 3310 2689 oi
3344 2636 3452 2688 ἀπὸ
3492 2633 3686 2705 βορρᾶ,
3717 2649 3884 2686 καταο

2293 2724 2545 2798 δῃώσωσι
2596 2725 2690 2780 καὶ
2722 2726 2822 2797 τὴν
2861 2725 2961 2797 τῆς
3021 2725 3279 2790 Ἰουδαίας
3324 2724 3543 2795 γείτονα
3570 2723 3669 2794 τὴν
3699 2724 3885 2793 Σαμα-

2298 2817 2513 2889 ρειτῶν,
2578 2815 2697 2872 εἶτα
2757 2818 3111 2891 περισχόντες
3174 2817 3362 2889 κύκλῳ
3412 2818 3506 2872 καὶ
3559 2817 3731 2888 αὐτὴν
3785 2817 3889 2888 τὴν

2307 2907 2684 2981 Ίερόυσαλὴμ,
2712 2907 2927 2971 οὐδενὸς
2973 2908 3363 2979 ὰντεξάγοντος
3420 2911 3479 2963 ὲν
3526 2910 3624 2981 μιᾷ
3671 2908 3888 2962 πέσωσι

2295 3003 2450 3056 νυκτί
2475 3017 2490 3032 ⁸
2522 3002 2643 3055 τότε
2678 3000 2764 3073 δὴ,
2793 3000 2918 3056 τότε
2952 3001 3049 3056 καὶ
3078 3002 3177 3073 ούχ
3205 3001 3442 3066 ἑκόντες,
3467 3001 3651 3072 φησὶν,
3684 3001 3888 3073 651.010-

2293 3095 2625 3171 γήσωσινρι
2654 3094 2763 3148 τῶν
2797 3094 2968 3149 ἐθνῶν
2999 3093 3261 3165 βασιλεῖς,
3315 3095 3397 3149 ὅτι
3442 3094 3647 3167 Κύριος
3684 3093 3890 3166 ἐθεμε-

2297 3188 2460 3242 λίωσε
2497 3172 2636 3240 Σιών
2660 3204 2675 3218 υ
2711 3186 2807 3242 καὶ
2838 3186 2922 3239 ὅτι
2951 3186 3021 3240 δι’
3040 3185 3206 3240 αὐτοῦ
3238 3186 3573 3259 σωθήσονται
3614 3186 3665 3239 oi
3694 3201 3889 3239 ταπειο

2294 3278 2376 3333 νοὶ
2405 3277 2500 3333 τοῦ
2538 3278 2691 3335 λαοῦ.
2737 3278 3043 3343 Ταπεινοὺς
3071 3279 3128 3332 δέ
3167 3295 3299 3350 φησι
3333 3278 3431 3333 τοῦ
3457 3278 3608 3344 λαοῦ,
3638 3280 3769 3343 τοὺς
3794 3278 3886 3331 ἐπ’

2293 3371 2441 3444 αὐτῷ
2469 3371 2533 3444 δὴ
2592 3371 2690 3427 καὶ
2725 3372 2872 3444 μόνῳ
2901 3372 3001 3444 τὴν
3036 3373 3145 3427 τῶν
3171 3371 3445 3439 σώζεσθαι
3493 3371 3759 3443 θεμένους
3789 3369 3887 3425 ἑλ-

2293 3463 2442 3529 πίδα,
2499 3466 2680 3530 ὁποῖός
2703 3466 2765 3518 τέ
2797 3483 2883 3530 τις
2910 3461 2980 3538 ἦν
3011 3464 3173 3530 αὐτὸς
3194 3468 3222 3520 ό
3254 3465 3552 3537 βασιλεύων
3611 3463 3888 3535 Ἐζεκίας,

2293 3558 2386 3611 καὶ
2413 3559 2460 3611 oi
2517 3558 2653 3629 ἀμφ’
2686 3559 2848 3613 αὑτὸν
2897 3558 3019 3631 Θεῷ
3060 3559 3519 3631 προσπίπτοντες,
3576 3556 3670 3612 καὶ
3695 3557 3892 3627 λέγον-

2291 3666 2419 3714 τες·
2459 3670 2478 3703 ι
2514 3651 2867 3717 Είσάκουσον,
2923 3652 3120 3727 Κύριε,
3183 3651 3487 3723 είσόλεψον,
3538 3649 3735 3723 Κύριε,
3784 3651 3893 3704 καὶ⁵

2293 3742 2370 3796 ίδε
2392 3743 2519 3806 τοὺς
2553 3741 2742 3812 λόγους
2781 3743 2877 3797 τοῦ
2938 3744 3230 3817 Ῥαψάκου,
3290 3743 3386 3808 οὓς
3427 3741 3816 3809 ἐξαπέστειλεν
3861 3743 3896 3796 ὁ

2294 3833 2546 3903 βασιλεὺς
2583 3835 2905 3908 Ἀσσυρίων,
2936 3838 3217 3903 ὀνειδίζειν
3239 3838 3373 3893 Θεὸν
3401 3837 3600 3918 ζῷντα.
3645 3855 3664 3889 ι
3718 3834 3897 3889 Ἀλλά

2291 3923 2385 3977 καὶ
2418 3923 2581 3988 αὐτὸς
2623 3924 2920 3997 ἀντήκουεν
2949 3926 3085 3982 Θεοῦ
3112 3928 3361 3997 λέγοντος
3403 3925 3679 3999 ἐναργῶς⁸
3718 3943 3740 3978 ι
3774 3926 3902 3979 Τά-

2291 4016 2348 4069 δε
2370 4015 2524 4082 λέγει
2551 4015 2755 4087 Κύριος
2773 4032 2788 4048 ·
2830 4015 3186 4091 ’Υπερασπιῷ
3207 4020 3348 4090 ὑπὲρ
3379 4020 3478 4091 τῆς
3509 4019 3719 4084 πόλεως
3744 4017 3889 4074 ταύ-

2291 4124 2391 4178 της
2418 4108 2484 4162 δι’
2514 4108 2636 4180 ἐμὲ,
2676 4112 2770 4164 καὶ⁷
2797 4110 2885 4166 διὰ
2914 4110 3081 4167 Δασὶδ
3107 4112 3198 4167 τὸν
3244 4113 3410 4168 παῖδᾶ
3438 4131 3562 4186 μου.
3596 4130 3616 4165 ι
3653 4130 3674 4165 ι
3721 4113 3907 4182 Ἀγα-

2294 4198 2386 4255 θὸν
2410 4195 2503 4255 οὖν
2532 4200 2639 4274 ἄρα
2671 4202 2732 4257 τὸ
2766 4204 2858 4258 ἐπὶ
2887 4204 3006 4277 Θεῷ
3059 4204 3402 4261 πεποιθέναι.
3469 4224 3490 4260 ι
3553 4205 3665 4260 Καὶ
3720 4205 3907 4260 τοῦτο

2292 4294 2489 4359 εἰδότες
2516 4297 2566 4349 oi
2614 4297 2876 4369 μακάριοι
2918 4299 3197 4371 προφῆταί
3218 4315 3402 4369 φασιν,
3453 4298 3724 4372 Ἱερεμίας
3760 4299 3911 4370 μὲν,

2293 4386 2400 4452 ὅτι,
2428 4406 2447 4440 ι
2472 4389 2763 4462 Μακάριος
2783 4389 2880 4446 ἄνθ
2888 4406 3071 4463 ρωπος
3092 4394 3122 4446 ό
3145 4394 3422 4458 πεποιθὼς
3442 4393 3536 4447 ἐπὶ
3557 4393 3636 4464 τῷ
3666 4394 3911 4467 Κυρίῳ,

609 4482 734 4522 eum
764 4468 855 4538 qui
889 4468 1069 4522 divino
1102 4466 1218 4535 cjus
1238 4476 1369 4521 nutu
1402 4466 1618 4537 adjutus
1636 4479 1740 4535 est,
1767 4478 1823 4524 et
1849 4483 2083 4540 superno
2113 4469 2184 4525 fa-

2298 4478 2391 4531 mi.
2422 4476 2572 4532 ἔσται
2611 4479 2817 4550 Κύριος
2857 4480 3012 4546 ἐλπὶς
3056 4480 3244 4536 αὐτοῦ.
3294 4501 3313 4535 ι
3360 4485 3421 4537 '0
3468 4482 3524 4537 δέ
3568 4466 3916 4553 σοφώτατος

614 4568 742 4615 'vore
770 4573 838 4615 ac
868 4554 1245 4615 benevolentia
1293 4561 1447 4629 quasi
1486 4575 1646 4615 muro
1673 4562 1839 4631 probe
1868 4561 2186 4619 obvallatus.

612 4652 875 4721 Dignatur
900 4651 1044 4705 enim
1078 4663 1205 4703 cura
1240 4664 1336 4704 sua
1384 4660 1629 4705 amantes
1660 4665 1742 4716 se,
1760 4659 1818 4706 et
1841 4652 1933 4720 qui
1957 4651 2193 4723 diligeno

2294 4567 2488 4623 Δαϐίδο
2523 4589 2542 4622 ι
2574 4570 2748 4644 Κύριε
2768 4574 2797 4626 ό
2819 4571 2953 4636 Θεὸς
2984 4572 3095 4627 τῶν
3125 4573 3432 4647 δυνάμεων,
3478 4576 3759 4646 μακάριος
3804 4577 3919 4632 5v-

2293 4659 2510 4731 θρωπος
2529 4662 2558 4714 ό
2580 4662 2816 4727 ἐλπίζων
2836 4664 2930 4718 ἐπὶ
2953 4664 3034 4721 σέ.
3072 4683 3091 4719 ι
3141 4665 3421 4721 Ἀπολέσει
3450 4667 3558 4740 γὰρ
3591 4668 3783 4732 οὐδεὶς
3809 4671 3917 4724 τὸν

611 4752 691 4796 ter
716 4758 836 4812 qua:
862 4743 963 4813 ipsi
997 4742 1215 4814 placent
1248 4743 1490 4809 cogitare
1516 4751 1569 4799 et
1594 4757 1755 4812 agere
1773 4745 2016 4814 student,
2050 4747 2104 4801 hi
2135 4756 2191 4802 ut

2295 4754 2400 4816 τοῖς
2429 4752 2595 4818 θείοις
2625 4755 2791 4809 αὐτοῦ
2829 4757 3097 4828 νεύμασιν
3124 4758 3607 4832 ὲπικουρούμενον,
3644 4760 3750 4813 καὶ
3773 4765 3921 4827 ταῖς

613 4832 785 4886 ﬁrmis
820 4842 875 4888 et
906 4826 1178 4889 diuturnis
1206 4832 1361 4889 bonis
1389 4834 1670 4902 potiantur
1698 4830 1858 4889 facile
1888 4848 2115 4893 annuet.

2286 4842 2492 4898 ἀνωθεν
2539 4846 2850 4916 εὐμενείαις
2905 4844 2964 4904 εὖ
3018 4848 3167 4921 μάλα
3226 4850 3651 4925 τετειχισμένον.
3720 4852 3926 4919 Ἀξιοί

611 4923 719 5019 γὰρ
745 4925 1023 4996 φροντίδος
1049 4927 1177 4991 τοῖος
1235 4926 1567 4997 ἀγαπῶντας
1617 4927 1801 4994 αὑτὸν,
1853 4929 2094 4995 καὶτοῖς
2147 4930 2216 4987 τὰ
2292 4935 2442 5007 αύτῷ
2493 4936 2755 4995 δοκοῦντα
2818 4945 3037 5015 φρονεῖν
3090 4960 3152 4998 τε
3184 4945 3277 5000 καὶ
3331 4923 3584 5018 δρᾷννότι
3644 4946 3925 5018 μάλιστα

612 5019 1046 5087 διεσπουδακόσι,
1094 5021 1156 5074 τὸ
1208 5022 1267 5075 ἐν
1326 5018 1530 5094 βεϐαίῳ
1580 5023 1792 5078 κεῖσθαι
1828 5019 1939 5076 τῶν
1966 5022 2187 5094 ἀγαθῶν
2225 5029 2512 5086 κατανεύει
2542 5035 2868 5108 προχείρως.
3692 5066 3699 5073 -

1224 5152 1365 5209 ΤΟΜ
1375 5155 1462 5212 US
1498 5155 1582 5213 ιιι.

674 5264 817 5319 (In.
840 5261 954 5318 XV.
983 5258 1278 5318 VERBUM
1304 5264 1599 5322 CONTRA
1622 5269 2124 5331 ΠΟΑΒΗἹΒΕΜ.

672 5375 942 5432 Confecto
980 5389 1234 5431 sermone
1271 5376 1339 5432 de
1377 5376 1687 5449 Babyloniis
1725 5381 1954 5455 aliisque
1997 5387 2194 5443 rectis—

604 5469 767 5532 sime,
799 5482 985 5523 rursus
1017 5468 1085 5523 ad
1118 5466 1483 5537 Moabitidem,
1543 5471 1594 5526 id
1628 5482 1729 5539 est,
1763 5487 1950 5532 contra
1987 5474 2196 5534 Moabi-

600 5568 792 5623 sarum
830 5560 1167 5631 metropolim
1207 5562 1589 5633 regionemque
1629 5566 1939 5624 universam
1988 5569 2193 5640 ipsum-

2897 5174 3130 5230 ΤΟΜΟΣ
3174 5177 3229 5232 1"
3234 5216 3249 5233 .

2406 5280 2495 5335 ΤΟ
2517 5284 2719 5338 PIIMA
2762 5287 2848 5339 ΤΟ
2895 5290 3085 5343 ΚΑΤΑ
3124 5290 3262 5343 ΤΗΣ
3304 5290 3801 5351 ΜΩΑΒΙΤΙΔΟΣ.

2363 5395 2708 5467 Διαπεράνας
2741 5392 2800 5451 εὖ
2834 5398 2979 5469 μάλα
3006 5399 3098 5454 τὸν
3131 5401 3224 5454 ἐπί
3261 5417 3324 5469 τε
3362 5403 3477 5465 τοῖς
3515 5399 3930 5471 Βαϐυλωνίοις

2295 5485 2389 5538 καὶ
2449 5490 2562 5550 τοῖς
2605 5488 2926 5560 ἀλλοφύλοις
2969 5492 3148 5562 λόγον,
3212 5492 3499 5564 μεθίστησι
3561 5493 3746 5549 πάλιν
3815 5500 3935 5571 τὴν

2295 5576 2693 5647 προαγόρευσιν
2745 5579 2838 5633 ἐπὶ
2887 5585 2954 5655 τῇ
3003 5582 3338 5636 Μωαϐίτιδι·
3377 5582 3526 5639 τοῦτ’
3560 5586 3683 5641 ἔστι
3764 5596 3938 5653 κατὰ

681 5712 736 5746 ⁸³
760 5712 830 5768 Π
852 5712 990 5785 Rex.
1029 5730 1141 5783 xix,
1165 5716 1253 5771 16.
1332 5716 1377 5748 ’⁸
1402 5716 1530 5771 ihid.
1562 5718 1652 5775 ει.
1729 5722 1774 5755 ¹⁸
1812 5721 1951 5778 Psal.
1982 5727 2191 5792 cnsui

2310 5729 2352 5761 “
2377 5727 2579 5785 Jerem.
2610 5749 2743 5802 XVII,
2773 5736 2825 5791 7.
2908 5736 2947 5769 ³⁷
2978 5737 3117 5793 Psal.
3149 5754 3384 5807 uuln,
3432 5741 3525 5798 l5»
