2079 3151
185 166 239 194 597

754 163 789 191 IN
807 162 923 191 ISAIAM
943 163 1007 191 LIB,
1021 163 1054 192 Il.
1076 164 1194 194 TOMUS
1213 165 1257 195 III.

1764 171 1815 200 698

186 224 235 258 τῆς
248 221 302 249 τῶν
315 220 471 249 Μωαϐιτῶν
488 220 681 256 μητροπόλεως
700 221 790 257 χώρας
817 231 847 249 τε
868 222 977 257 ἁπάσης

1034 229 1082 257 que
1105 224 1173 251 adeo
1194 232 1304 259 regnum
1327 225 1456 253 transfert
1474 225 1641 254 vaticinium.
1658 227 1730 256 Gens
1753 237 1816 257 vero

186 269 233 295 καὶ
255 267 342 302 αὐτῆς
363 267 414 302 τῆς
430 266 578 301 βασιλείας.
602 266 698 298 Ἐθνος
714 267 761 293 καὶ
781 268 858 294 αὐτοὶ
877 267 979 302 βάρϐα-

188 322 244 349 ρον,
271 311 464 347 ὰπηχθημένον
484 312 560 347 παρὰ
590 311 661 348 Θεῷ⁷
686 312 772 339 διάτοι
791 313 822 339 τὸ
840 313 979 347 ἐγκεῖσθαι

189 357 236 393 μὲν
249 357 404 392 ὁλοτρόπως
417 358 476 389 ταῖς
487 357 542 384 τῶν
554 356 674 384 εἰδώλων
695 357 844 393 λατρείαις,
866 358 980 393 ἐπιθαρ-

188 404 244 431 σεῖν
257 403 287 436 δὲ
302 403 420 438 μάλιστα
440 404 474 438 τῇ
491 403 572 438 μάγῳ
595 402 691 439 τέχνῃ.
713 404 824 440 καὶτῆς
847 404 894 431 τοῦ
911 404 979 431 Θεοῦ

188 446 402 481 κατεπαίρεσθαι
434 446 524 482 δόξης,
560 445 630 475 εἷναί
660 456 690 475 τε
714 448 769 475 τῶν
799 449 840 475 δτι
865 449 981 483 μάλιστα

189 492 400 527 πολεμιωτάτων
413 494 470 525 τοῖς
494 492 526 525 ἐξ
556 493 675 530 Ἰσραήλ.
694 494 750 521 Καὶ
767 494 832 528 γοῦν
856 494 900 520 ὅτε
926 493 980 520 τῶν

189 538 346 571 Αἰγυπτίων
366 538 573 574 ἀπηλλαγμένοι
600 539 767 571 πλεονεξίας,
796 539 843 565 ἐπὶ
865 539 916 574 τὴν
932 539 981 573 τῆς

190 583 354 618 ἐπαγγελίας
371 583 495 619 ἀπῄεσαν
517 584 581 620 γῆν,
607 584 707 620 μικροῦ
725 584 781 611 δεῖν
801 585 921 616 ἅπαντες
944 584 982 610 δι-

190 627 315 661 ολώλασι,
328 629 360 655 τό
378 637 411 664 γε
422 626 490 666 ἧκον
506 630 547 661 είς
563 630 593 656 τὺ
607 630 761 665 ἐγχείρημα
782 630 886 662 Βαλὰκ,
904 630 932 662 ὂς
947 628 981 664 ἦν

191 672 315 707 βασιλεὺς
328 674 360 701 τὸ
370 674 497 710 τηνικάδε
511 674 565 701 τῶν
589 674 752 703 Μωαϐιτῶν.
777 675 937 711 Γέγραπται
950 675 979 701 δὲ

189 716 275 748 οὕτως
290 718 319 744 ὲν
333 719 390 750 τοῖς
408 717 560 753 Ἀριθμοῖς·
575 727 585 743 ι
600 719 655 746 Καὶ
665 718 784 750 ἅπαντες
801 719 853 745 υἱοὶ
873 718 981 755 Ἰσραὴλ

190 763 377 798 παρενέϐαλον
391 764 438 790 ἐπὶ
452 763 563 800 δυσμῶν
577 764 675 797 Μωὰό,
686 765 762 801 παρὰ
775 765 820 792 τὸν
842 766 980 801 Ἰορδάνην

191 809 262 835 κατά
280 809 396 844 Ἰεριχώ.
415 810 470 837 Καὶ
488 809 550 837 ίδὼν
567 810 658 837 Βαλὰκ
675 811 733 843 υίὸς
750 810 878 848 Σεπφὼρ,
891 811 982 839 πάντα

189 855 240 881 ὅσα
259 855 388 890 ἐποίησεν
406 855 515 891 Ἰσραὴλ
527 856 565 891 τῷ
591 857 766 892 ’Δμοῤῥαίῳι
796 857 843 884 καὶ
862 857 980 893 ἐφοϐήθη

190 899 277 926 Μωὰϐ
293 901 339 926 τὸν
347 900 410 927 λαὸν
425 901 538 937 σφόδρα,
554 902 594 928 ὃτι
606 902 697 928 πολλοὶ
713 899 793 937 ἦσαν.
822 902 877 930 Καὶ
899 911 981 938 προσ-
999 896 1019 923 Β

190 945 289 981 ὠχθισε
316 946 403 974 Μωὰϐ
427 948 459 974 ὲκ
480 947 626 984 προσώπου
657 948 723 976 υἱῶν
749 948 867 985 Ἰσραήλ.
886 958 895 974 ι
915 943 981 976 Εἶτα

191 994 266 1019 ποῖον
288 993 361 1028 αὐτῴ
385 993 481 1028 γέγονε
496 993 527 1020 τὸ
551 994 751 1030 κακούργημα;
773 995 981 1030 Κατεμισθοῡτο

190 1038 235 1064 τδν
263 1037 378 1073 Βαλαὰμ
393 1039 425 1064 ὲκ
440 1039 489 1074 τῆς
505 1039 737 1074 Μεσοποταμίας·
755 1039 935 1075 ψευδόμαντις
953 1039 981 1065 δὲ

190 1082 266 1116 οὗτος
290 1085 338 1111 καὶ
365 1084 561 1118 οἱωνοσκᾴπος·
584 1079 644 1115 εἶτα
676 1085 841 1122 παρακαλεῖ,
868 1085 955 1120 λέγων
973 1094 979 1101 ·

196 1130 348 1166 Ἐπὰρασαί
369 1139 414 1165 μοι
428 1129 474 1156 τὸν
494 1129 612 1166 Ἰσραήλ.
642 1127 707 1156 Οἶδα
724 1130 789 1166 γὰρ,
818 1131 912 1166 φησὶν,
941 1132 981 1157 ὅτι

189 1176 236 1208 οὓς
260 1176 293 1202 ἂν
313 1177 345 1203 σὺ
372 1175 531 1211 εὐλογήσῃςΔ
561 1175 736 1211 ηὺλόγηνται,
757 1177 805 1203 καὶ
822 1176 868 1208 οὓς
896 1176 929 1203 ἂν
949 1177 980 1203 σὺ

190 1222 345 1258 καταράςῃ,
366 1222 579 1258 κεκατήρανται.
603 1223 659 1252 Καὶ
673 1223 698 1251 οἱ
715 1222 765 1258 μὲν
784 1223 835 1258 τῆς
856 1223 981 1259 γοητείας

189 1267 358 1303 ὲπρὰττοντο
377 1267 441 1302 παρ’
465 1267 568 1294 ἐκείνου
587 1268 695 1303 τρόποι,
712 1268 811 1304 βωμῶν
824 1277 854 1295 τε
872 1269 983 1305 ἐγηγερ-

192 1314 293 1347 μένων,
308 1313 356 1338 καὶ
377 1312 477 1339 θυσιῶν
504 1314 794 1349 προσκεκομισμένων.
821 1315 982 1350 Ἐσφάλλετο

191 1360 221 1386 δὲ
233 1361 283 1394 τῆς
293 1358 403 1388 ἐλπίδος
417 1358 431 1384 ὁ
441 1358 543 1390 Βαλὰκ,
556 1358 603 1385 καὶ
619 1359 674 1386 τῶν
689 1360 758 1388 κατὰ
768 1360 878 1396 γνώμην
893 1361 982 1397 ἡμάρ-

193 1413 289 1440 τηκεν,
306 1403 629 1446 εὐλογοῦντοςλὰδοκήτως
648 1406 693 1431 τὸν
708 1405 812 1441 Ἰσραὴλ
825 1407 870 1433 τοῦ
894 1415 981 1442 παρα-

196 1449 354 1483 λειφθέντος
369 1450 409 1480 εἰς
421 1449 450 1476 τὺ
468 1443 678 1485 παραράσασθαι
692 1450 756 1478 δεῖν.
780 1452 888 1488 Ἐπειδὴ
902 1452 929 1479 δὲ
941 1454 981 1484 είς

195 1495 226 1521 τὸ
243 1496 310 1530 παρ’
336 1495 446 1526 ἐλπίδας
473 1495 621 1530 ἐκϐέϐηκεν
657 1496 731 1531 αὐτῷ
758 1497 787 1523 τὸ
816 1498 979 1538 ἐγχείρημα,

191 1540 275 1566 πάλιν
293 1539 379 1575 ἑτέρῳ
398 1539 499 1574 μέτεισι
516 1539 609 1575 τρόπῳ
627 1539 675 1575 τῆς
689 1541 748 1566 κατ’
760 1541 849 1568 αὐτῶν
868 1542 981 1578 δυστρο-

190 1585 257 1616 πίας
272 1585 302 1611 τὸ
455 1570 710 1621 ΣεσαγήνευκεΙγὰρ
730 1586 793 1618 τοὺς
815 1586 845 1620 ἐξ
862 1570 981 1624 Ίσραῖὴλ,
996 1570 1017 1598 C

189 1632 248 1663 ταῖς
263 1630 318 1656 τῶν
338 1629 474 1664 γυναικῶν
489 1630 575 1666 ὥραις
588 1632 832 1668 συνηρπασμένους
847 1633 893 1659 ἐπί
908 1642 939 1668 γε
954 1635 984 1660 τὸ

190 1677 287 1713 χρῆναι
295 1675 345 1711 τῆς
355 1676 424 1712 πρὸς
437 1671 501 1720 es?”
511 1676 620 1712 ἀγάπης
636 1678 797 1721 ἀποφοιτᾷν,
813 1679 860 1707 καὶ
868 1688 985 1715 προσκυ-

189 1726 243 1752 νεῖν
254 1725 362 1759 ἑλέσθαι
371 1724 410 1760 τῷ
418 1724 586 1760 Βίελφεγώρ·
593 1725 702 1752 εἴδωλον
718 1725 746 1752 δὲ
755 1725 834 1752 τοῦτο
844 1726 898 1753 τῶν
904 1727 984 1753 Μωα-

190 1770 283 1797 ϐιτῶν.
293 1770 449 1805 Γέγραπται
457 1770 484 1796 δὲ
490 1769 561 1796 οὕτω
568 1770 648 1797 πάλιν
657 1771 685 1797 ὲν
693 1772 748 1801 τοῖς
758 1770 903 1807 Ἀριθμοῖ;’
914 1781 923 1796 ι
931 1773 984 1799 Καὶ

190 1814 337 1841 κατέλυσεν
348 1815 361 1841 ὁ
375 1815 482 1851 Ἰσραὴλ
489 1816 518 1841 ὲν
526 1816 655 1851 Σαττεὶμ,
665 1816 712 1843 καὶ
720 1815 875 1852 ἐϐεϐηλώοη
885 1819 898 1843 ο
909 1817 981 1850 λαος,

191 1860 374 1896 ὲκπορνεῦσαι
390 1861 438 1886 ἐπὶ
447 1861 495 1892 τὰς
511 1861 664 1896 θυγατέρας
675 1859 774 1892 Μωὰϐ,
788 1861 835 1887 καὶ
852 1861 983 1889 ἐκάλεσαν

192 1906 290 1938 αὐτοὺς
300 1906 345 1932 ἐπὶ
356 1907 416 1937 ταῖς
432 1906 539 1937 θυσίαις
549 1906 602 1932 τῶν
614 1905 730 1932 εἰδώλων
745 1906 845 1939 αὐτῶν,
861 1907 908 1934 καὶ
919 1908 983 1943 ἔψα-

191 1961 238 1988 γεν
254 1952 339 1983 ὀλαδς
352 1952 405 1978 τῶν
413 1951 514 1979 θυσιῶν
524 1951 615 1979 αὐτῶν
625 1960 631 1967 ·
646 1952 692 1979 καὶ
702 1952 912 1988 προσεκύνησαν
928 1955 983 1985 τοῖς

192 1998 311 2030 εἰδωλοις
319 1998 420 2024 αὑτῶψ
434 1998 480 2026 καὶ
493 1998 621 2034 ἐτελέσθη
639 1999 747 2035 Ἰσραὴλ
761 2000 800 2035 τῷ
812 2000 982 2036 Βεελφεγὼρ,

193 2045 239 2071 καὶ
247 2044 370 2079 ὠργίσθη
383 2044 413 2070 Θυ
419 2043 461 2078 μῷ
474 2043 575 2079 Κύριος
585 2042 740 2080 τῷἸο-ραήλ.
748 2045 866 2080 »Ἐπειδὴ
875 2046 992 2080 γὰρΘεοῠ

194 2090 381 2126 ἐπαμύνοντος
402 2090 487 2121 δεινὸς
510 2089 558 2116 καὶ
584 2089 747 2126 δυσάντητος
775 2089 809 2127 ἦν
829 2092 844 2118 6
863 2092 981 2129 Ἰσραὴλ,

193 2135 278 2172 ταύτῃ
288 2145 330 2162 τοι
342 2136 390 2162 καὶ
404 2135 478 2170 μάλα
490 2136 595 2172 πικρῶς
608 2137 654 2163 καὶ
669 2137 902 2173 φιλοκακούργως,
919 2139 983 2173 ἀφι-

194 2183 306 2214 στάντες
320 2181 402 2209 αὑτοῦ
415 2181 463 2217 τὴν
476 2182 646 2218 ἐπικουρίαν,
662 2183 843 2218 προσκρούειν
858 2183 998 2213 ἀνέπειθον

1031 269 1171 297 barbarica
1187 262 1297 298 fuerunt
1310 271 1391 298 etiam
1410 271 1448 306 hi,
1465 272 1519 300 Deo
1535 279 1628 306 exosa,
1642 275 1714 308 quod
1729 275 1817 303 idolo-

1031 323 1090 342 rum
1119 315 1202 343 cultui
1235 317 1281 344 toti
1308 317 1542 351 adhaerescerent,
1573 319 1737 355 magicaeque
1765 323 1818 350 arti

1031 360 1148 387 maxime
1163 361 1342 395 conﬁderent,
1358 370 1389 390 ac
1401 363 1499 391 divina;
1514 363 1648 399 majestati
1662 372 1722 394 sese
1735 373 1819 401 oppo-

1032 409 1137 437 nerent,
1151 412 1178 433 ct
1192 406 1322 435 Israelitis
1337 414 1430 435 essent
1444 416 1524 444 quam
1542 410 1722 438 infestissimi.
1736 411 1819 440 Cum-

1031 456 1083 484 que
1097 450 1256 486 Egyptiaca
1271 454 1413 487 tyrannide
1429 453 1551 487 liberati,
1566 455 1600 482 ad
1616 459 1717 484 terram
1731 458 1820 484 venis-

1032 500 1092 523 sent
1105 497 1303 531 promissionis,
1324 507 1418 533 parum
1433 500 1528 528 aberat
1544 501 1609 535 quin
1625 509 1719 530 omnes
1731 503 1820 538 perie—

1033 541 1100 574 rint,
1116 544 1246 575 quantuin
1269 543 1376 578 quidem
1401 551 1512 574 conatus
1532 547 1641 575 Balaclii
1664 555 1728 577 tunc
1749 551 1820 585 regis

1033 585 1213 615 Moabitarum
1228 590 1315 623 potuit
1330 590 1447 619 cﬂicere.
1463 591 1602 627 Scriptum
1619 599 1662 621 est
1676 599 1764 622 autem
1781 596 1820 623 sic

1033 631 1059 658 in
1075 631 1199 659 Numeris
1218 640 1225 659 :
1248 643 1257 659 (
1279 635 1311 661 Et
1328 634 1523 664 descendentes
1545 637 1590 665 filii
1614 638 1695 666 Israel
1716 644 1821 668 castra-

1034 676 1124 702 metati
1146 681 1209 703 sunt
1230 678 1263 704 ad
1286 678 1452 706 occidentem
1475 680 1567 714 Moab,
1584 683 1655 716 apud
1674 683 1819 713 Iordanem

1029 721 1106 755 juxta
1130 720 1250 755 Iericho.
1269 727 1295 750 et.
1321 724 1415 752 videns
1438 725 1571 753 Balachus
1594 728 1664 756 lilius
1688 728 1818 764 Sepliori,

1032 774 1200 803 quaecunque
1229 768 1292 796 fecit
1319 769 1401 798 Israel
1427 771 1604 803 AmorrItaeo.
1630 779 1657 801 et
1682 775 1821 810 pertimuit

1034 812 1110 840 Moab
1131 813 1259 848 populum
1278 814 1368 849 valde,
1384 817 1447 851 quia
1465 817 1540 845 multi
1562 823 1640 846 erant
1659 828 1666 846 :
1687 824 1713 847 et
1731 820 1821 848 timuit

1035 857 1112 886 Moab
1129 866 1144 886 a
1161 858 1230 886 facie
1247 859 1364 887 filiorum
1383 861 1464 889 Israel
1479 863 1511 889 ".
1531 873 1541 889 ι
1561 862 1665 892 Deinde
1681 873 1740 900 qua:
1759 870 1819 892 tan-

1035 903 1095 930 dem
1109 904 1168 937 ejus
1181 904 1230 932 fuit
1244 906 1424 934 machinatio?
1437 907 1605 936 Conductum
1618 910 1772 938 Balaamum
1786 920 1820 938 ex

1035 948 1228 984 Mesopotamia
1246 951 1321 987 (erat
1342 958 1431 982 autem
1449 954 1471 981 is
1486 954 1570 982 falsus
1585 960 1658 984 vates
1674 961 1701 984 et
1717 959 1820 993 augur)

1035 996 1139 1029 rogavit
1150 997 1240 1024 dicens
1256 1007 1263 1024 :
1279 997 1427 1027 Exsecrare
1442 1000 1506 1027 mihi
1521 1000 1656 1029 Israelem.
1668 1001 1735 1030 Novi
1747 1004 1820 1031 enim

1035 1041 1107 1075 quod
1128 1042 1227 1077 quibus
1246 1048 1273 1070 ttt
1291 1045 1473 1077 benedixeris,
1489 1047 1696 1081 benedicuntur,
1711 1054 1738 1076 et
1753 1056 1821 1083 quos

1037 1091 1064 1113 tu
1098 1093 1256 1116 exsecratus
1287 1088 1389 1122 fueris,
1418 1092 1599 1119 exsecrationi
1629 1093 1820 1128 subjiciuntur.

1035 1130 1231 1161 Iucant‘atiouis
1246 1140 1335 1162 autem
1350 1136 1446 1164 modus
1461 1137 1506 1164 hic
1518 1137 1551 1165 ab
1564 1145 1596 1165 eo
1611 1138 1748 1166 adhibitus
1760 1138 1820 1172 fuit,

1036 1178 1090 1205 aris
1108 1180 1246 1214 excitatis,
1263 1181 1411 1216 hostiisque
1427 1181 1536 1211 oblatis.
1553 1183 1687 1212 Caeterum
1705 1192 1753 1220 spe
1769 1184 1822 1212 fal-

1035 1232 1081 1252 sus
1099 1230 1140 1252 est
1156 1225 1247 1260 Balac,
1260 1231 1288 1254 et
1304 1227 1388 1254 animi
1406 1229 1538 1256 sententia
1557 1229 1667 1264 excidit,
1686 1230 1820 1266 benepre-

1035 1274 1113 1297 caute
1134 1275 1231 1305 pra-ter
1246 1271 1399 1306 opinionem
1423 1272 1514 1301 Israeli
1537 1282 1569 1302 eo
1590 1274 1635 1310 qui
1658 1275 1759 1303 ascitus
1780 1281 1822 1304 est

1036 1314 1118 1351 2‘8
1139 1316 1171 1343 ad
1193 1317 1406 1352 imprecandum.
1424 1318 1489 1346 Cum
1513 1324 1601 1347 autem
1623 1321 1673 1348 hoc
1695 1321 1820 1349 molimen

1038 1362 1061 1387 ei
1091 1367 1189 1396 praeter
1206 1370 1280 1397 spem
1299 1364 1450 1398 evertisset,
1475 1374 1568 1394 rursus
1585 1367 1637 1394 alio
1656 1369 1733 1396 modo
1754 1369 1823 1396 lianc

1038 1413 1093 1433 rem
1109 1407 1238 1435 nefariam
1253 1414 1346 1436 contra
1364 1418 1410 1437 eos
1423 1411 1585 1447 aggreditur.
1600 1413 1735 1442 lsraelitas
1749 1416 1822 1442 enim

1036 1452 1191 1487 illaqueavit
1220 1453 1248 1481 ut
1265 1455 1389 1483 muliebri
1407 1455 1493 1484 forma
1511 1457 1638 1493 correpti,
1655 1467 1670 1486 α
1690 1459 1734 1488 Dei
1754 1461 1823 1488 dile-

1036 1498 1123 1525 ctione
1141 1500 1338 1533 exorbitarent,
1355 1504 1381 1528 et
1398 1501 1547 1538 Beclphego
1555 1511 1576 1535 r,
1601 1504 1700 1532 idolum
1718 1505 1822 1534 scilicet

1037 1543 1226 1576 Moabitarum,
1241 1546 1394 1574 adorarent.
1411 1546 1547 1582 Scriptum
1565 1554 1606 1576 est
1623 1549 1720 1577 iterum
1738 1552 1778 1579 sic
1796 1552 1822 1579 in

1035 1586 1180 1614 Numcris:
1205 1596 1214 1613 ι
1240 1587 1427 1616 Commoratus
1441 1595 1482 1618 est
1509 1591 1590 1620 Israel
1621 1593 1646 1620 in
1673 1588 1777 1627 Sattin,
1797 1601 1824 1623 et

1035 1633 1234 1661 contaminatus
1251 1639 1291 1661 est
1307 1635 1420 1669 populus
1437 1641 1465 1663 ut
1481 1637 1660 1666 fornicaretur
1675 1647 1736 1667 eum
1751 1641 1822 1668 tilia-

1034 1678 1085 1706 bus
1106 1678 1193 1711 Moab,
1211 1685 1393 1717 vocaruntque
1414 1690 1461 1711 eos
1482 1683 1515 1711 ad
1534 1685 1667 1713 sacriﬁcia
1690 1686 1820 1716 idolorum

1035 1731 1160 1759 suorum,
1174 1733 1206 1753 ac
1222 1726 1342 1757 comedit
1365 1730 1477 1764 populus
1498 1731 1530 1757 (le
1552 1732 1692 1761 sacrificiis
1712 1742 1819 1768 eorum,

1035 1776 1061 1798 ct
1080 1772 1261 1800 adoraverunt
1279 1774 1348 1802 idola
1371 1783 1481 1809 corum,
1499 1781 1525 1804 et
1543 1778 1662 1813 initiatus
1684 1786 1725 1807 est
1741 1781 1823 1808 Israel

1035 1817 1210 1855 Beclpbegor,
1223 1825 1249 1847 et
1264 1821 1347 1849 iratus
1362 1826 1402 1849 est
1417 1823 1507 1850 animo
1521 1823 1650 1853 Dominus
1665 1826 1750 1854 Israel
1762 1827 1794 1855 ¹⁹.
1811 1838 1820 1853 ›

1036 1863 1101 1890 Nam
1125 1872 1185 1891 cum
1213 1866 1265 1892 Dco
1287 1864 1415 1901 juvatite,
1431 1873 1526 1903 potens
1552 1874 1578 1896 et
1600 1871 1728 1898 terribilis
1751 1877 1823 1899 ess't

1035 1909 1126 1943 lsrncl,
1143 1911 1205 1938 hinc
1224 1911 1407 1940 fraudulenter
1423 1918 1450 1941 et
1468 1915 1602 1943 malitiose
1619 1915 1677 1950 ejus
1697 1917 1823 1945 submoto

1035 1955 1168 1988 ριίεεὶιιίο,
1182 1956 1264 1983 Deum
1277 1958 1461 1985 universitatis
1472 1959 1608 1988 oll‘enderc
1620 1968 1821 1995 persuaserunt,

1035 2004 1061 2027 et
1075 2008 1180 2035 semper
1195 2002 1220 2028 in
1237 2007 1361 2037 suscepto
1381 2004 1494 2031 consilio
1510 2006 1695 2039 perstiterunt.
1709 2007 1784 2041 Quod
1799 2009 1822 2036 si

1036 2046 1061 2072 in
1087 2045 1270 2073 calamitatum
1289 2048 1446 2075 societatem
1465 2051 1555 2077 venire
1573 2051 1697 2079 Israelem
1715 2054 1823 2082 continu

1034 2096 1118 2126 geret,
1128 2093 1197 2127 quod
1213 2094 1294 2120 Deum
1311 2094 1487 2122 otTeudisseut
1503 2105 1509 2123 :
1527 2104 1556 2124 se
1569 2102 1662 2125 contra
1676 2098 1823 2128 efferebant

1036 2137 1082 2170 illi,
1097 2145 1129 2164 ac
1146 2138 1365 2166 convitiabantur
1376 2146 1520 2170 causantes
1539 2142 1634 2175 Deum,
1652 2144 1696 2179 qui
1714 2152 1823 2174 servare

1035 2184 1154 2211 cultores
1179 2192 1241 2212 suos
1265 2186 1441 2220 promiserat,
1470 2187 1535 2214 nihil
1558 2189 1668 2218 omnino
1691 2191 1820 2226 potuisse.

193 2229 230 2264 τῷ
247 2230 294 2256 ἐπὶ
322 2229 426 2260 πάντας
541 2229 750 2256 Διατετελέκασι
781 2228 809 2255 δὲ
830 2229 877 2256 καὶ
904 2229 983 2266 μέχρι

1038 2228 1174 2264 llujusquc
1195 2230 1269 2257 testis
1288 2236 1329 2258 est
1348 2231 1442 2259 beatus
1457 2231 1589 2261 Jcrcmias
1609 2235 1636 2262 in
1657 2225 1705 2263 sua
1726 2237 1759 2264 de
1779 2237 1823 2264 illo

195 2275 294 2307 παντὸς
314 2274 443 2310 τοιαύτην
475 2275 583 2310 ἔχοντες
613 2274 738 2309 γνώμην,
767 2274 818 2302 κᾶν
839 2276 863 2301 εί
889 2275 986 2311 συνέϐη

193 2321 238 2348 τὸν
260 2321 370 2357 Ἰσραὴλ
385 2321 548 2356 κοινωνῆσαι
565 2321 722 2356 συμφοραῖς
747 2322 987 2356 προσκεκρουκότα

193 2367 262 2402 Θεῷ,
291 2366 539 2403 κατηλαζονεὺοντο
561 2367 608 2393 καὶ
631 2368 850 2403 κατεκερτόμουν
876 2369 985 2402 ἐκεῖνοι,

193 2415 223 2442 τὸ
243 2415 326 2451 μηδὲν
345 2414 413 2446 ὅλως
438 2412 568 2441 δύνασθαι
599 2413 816 2449 κατηγοροῦντες
840 2414 919 2448 Θεοῦ,
940 2415 986 2441 τοῦ

195 2461 289 2494 σώζειν
317 2460 531 2495 ὑπισχνουμένου
561 2460 624 2491 τοὺς
651 2460 872 2496 προσκυνοῦντας
899 2461 984 2496 αὐτῷ.

195 2508 249 2534 Καὶ
257 2507 353 2534 τούτου
370 2507 474 2542 μάρτυς
489 2508 503 2534 ὁ
518 2507 654 2543 μακάριος
682 2507 816 2543 Ἱερεμίας
826 2508 855 2534 ὲν
869 2509 902 2543 τῇ
922 2509 984 2534 κατ’

194 2553 283 2581 αὐτῶν
298 2554 392 2589 ὁράσει
409 2553 496 2587 λέγων
512 2562 516 2567 ·
533 2563 541 2578 ι
560 2553 707 2588 Κατεάχθη
729 2554 814 2589 κέρας
828 2553 927 2586 Μωὰϐ,
939 2554 984 2581 καὶ

194 2599 224 2626 τὸ
245 2600 394 2636 ὲπιχείριον
413 2600 495 2627 αὑτοῦ
512 2600 667 2635 συνετρίϐη.
684 2599 827 2626 Μεθύσατε
842 2600 924 2626 αὐτὸν
944 2601 983 2627 ὅτι

195 2646 240 2673 ἐπὶ
252 2646 354 2682 Κύριον
371 2646 554 2682 ἐμεγαλύνιιθη.
574 2656 582 2672 ι
604 2646 657 2673 Καὶ
673 2646 754 2672 πάλιν
768 2654 774 2660 ·
794 2655 803 2672 t
826 2642 884 2672 Ὀτι
896 2645 982 2678 οὕτως

197 2689 278 2719 εἷπεὸ
300 2692 414 2728 Κύριος,
450 2692 569 2727 Ἑλήφθη
604 2691 718 2727 Ἀριώθσ
738 2691 785 2718 καὶ
815 2691 980 2727 ὀχυρώματα

197 2738 359 2774 συνελήφθη.
376 2739 431 2765 Καὶ
446 2738 588 2764 ἀπολεῖται
608 2737 694 2763 Μωὰϐ
708 2737 762 2772 ἀπὸ
775 2737 851 2770 λαοῦ,
876 2739 917 2765 ὅτι
936 2739 981 2765 ἐπὶ

194 2783 294 2819 Κύριον
309 2783 492 2819 ὲμεγαλύνθη.
516 2794 525 2809 ι
539 2779 609 2810 Ἷικε
625 2781 674 2817 μὲν
691 2782 744 2818 γὰρ
759 2782 830 2809 κατὰ
844 2784 953 2819 καιροὺς
968 2785 982 2809 ὁ

230 2861 252 2877 ¹⁸
266 2861 346 2892 Num.
364 2869 429 2892 xxu,
452 2862 507 2889 I3.
546 2861 567 2876 ¹⁹
587 2860 663 2888 Num.
688 2868 750 2894 xxv,
777 2861 827 2888 1-5.

1037 2274 1151 2307 visione,
1170 2275 1262 2303 (licens
1283 2285 1289 2302 ε
1310 2285 1319 2301 ‹
1341 2276 1517 2305 Coufractum
1535 2283 1576 2306 est
1593 2287 1675 2307 cornu
1693 2280 1781 2314 Moab,
1797 2286 1824 2308 ct

1037 2313 1175 2352 prmtnium
1197 2322 1254 2356 ejus
1277 2322 1435 2350 contritum.
1452 2323 1585 2352 Inebriate
1609 2325 1694 2359 illum,
1712 2323 1774 2360 Quia
1797 2326 1822 2353 ili

1037 2365 1179 2394 Dominum
1199 2376 1313 2403 magnus
1328 2368 1415 2397 factus
1429 2371 1514 2398 est".
1535 2381 1544 2396 ›
1564 2371 1596 2399 Ει
1610 2379 1728 2399 rursus:
1748 2381 1757 2397 ι
1778 2370 1824 2400 Sic

1038 2413 1101 2439 dicit
1130 2412 1282 2441 Dominus:
1306 2414 1388 2449 Capta
1421 2419 1460 2442 est
1485 2417 1594 2449 Arioth,
1609 2421 1636 2444 et
1661 2418 1823 2447 munitiones

1037 2460 1116 2486 simul
1133 2466 1216 2495 capue
1231 2466 1303 2488 sunt.
1319 2461 1349 2487 Et
1365 2462 1461 2495 peribit
1476 2462 1552 2490 Moab
1566 2471 1580 2490 a
1597 2464 1704 2499 populo,
1716 2465 1778 2500 quia
1795 2466 1821 2492 iu

1036 2505 1177 2533 Dominum
1203 2508 1393 2542 magnificatus
1417 2510 1502 2536 est“.
1526 2519 1534 2534 ι
1560 2509 1640 2538 Venit
1662 2512 1734 2538 enim
1757 2511 1820 2539 olim

1035 2552 1209 2587 Assyriorum
1226 2558 1253 2580 et
1271 2553 1476 2588 Babyloniorum
1497 2561 1637 2590 tyrannus,
1653 2557 1686 2584 ad
1702 2556 1822 2585 Judmam

1035 2599 1196 2634 perdendam
1226 2609 1232 2626 :
1260 2600 1384 2635 cepitque
1407 2602 1487 2628 urbes
1513 2602 1644 2630 Samaria:
1668 2611 1675 2630 ε
1700 2602 1823 2630 Μοεώίῑω

1035 2650 1124 2672 autem
1140 2645 1173 2672 de
1188 2645 1292 2679 integro
1309 2646 1422 2673 irrident
1437 2654 1482 2674 eos
1499 2647 1544 2682 qui
1559 2648 1704 2683 perierant,
1718 2649 1822 2678 sannis-

1036 2698 1087 2725 quc
1104 2698 1136 2717 ac
1153 2690 1275 2718 ludibriis
1292 2696 1432 2724 vexarunt,
1447 2698 1474 2719 et
1491 2701 1543 2720 nou
1564 2694 1736 2721 mediocriter
1753 2695 1821 2722 divi-

1036 2746 1097 2764 nam
1115 2737 1281 2772 majcstatem
1300 2737 1406 2772 probris
1423 2738 1531 2765 assidue
1548 2743 1731 2774 asperserunt.
1749 2739 1823 2768 Hanc

1035 2784 1070 2811 ob
1085 2791 1193 2810 causam
1211 2784 1301 2810 traditi
1319 2788 1382 2810 stult
1405 2788 1430 2810 et
1446 2784 1494 2818 ipsi
1514 2785 1702 2820 internecioni,
1717 2791 1745 2814 et
1759 2794 1821 2813 cum

868 2860 889 2876 ¹⁰
904 2859 1003 2888 Jeront.
1022 2869 1115 2896 xtvut,
1132 2862 1176 2896 25,
1190 2862 1234 2890 26.
1273 2863 1292 2878 "
1310 2861 1373 2890 ibid.
1387 2863 1431 2894 lil,
1452 2862 1496 2891 ιιι.
