4166 6296
525 363 628 419 πο

1511 344 1567 398 S.
1607 339 1881 397 CYRILLI
1925 333 2392 391 ALEXANDHINI
2433 329 2754 386 ARCHIEP.

3675 317 3782 372 400

528 477 749 533 urbibus
777 482 832 529 et
857 474 1104 528 domibus
1122 478 1384 537 ,‘lotuque
1421 464 1616 536 [vapulo
1641 460 1890 515 funditus
1927 459 2103 528 perie-

2223 456 2520 527 Ἀσσυρίων
2563 453 2656 506 καὶ
2710 448 3066 503 Βαϐυλωνίων
3115 446 3374 519 τύραννος
3414 441 3783 515 καταδῃώσων

528 580 684 635 runt,
712 577 770 624 ut
794 567 904 632 jam
941 561 1332 634 quodaminodo
1367 575 1434 612 ne
1469 572 1589 611 esse
1623 557 1838 625 quidem
1875 553 2094 607 videan-

528 673 634 714 tur.
667 657 909 713 Meminit
939 656 1121 723 itaque
1151 652 1288 706 visio
1321 649 1596 720 preposita
1633 661 1842 710 eorum,
1874 660 1995 715 qua:
2029 645 2097 698 ab

526 748 678 802 initio
695 745 948 801 nimirum
965 741 1256 812 superiore
1277 737 1536 794 memoria
1556 737 1660 792 illis
1682 735 2018 799 acciderunt,
2049 743 2104 788 et

528 840 700 909 inquit
726 854 742 891 :

2200 549 2299 619 τὴν
2343 547 2624 601 Ἰουδαίαν.
2661 543 2789 598 Εῖλε
2837 543 2894 597 δὲ
2939 541 3038 604 τὰς
3077 539 3175 609 τῆς
3226 536 3538 608 Σαμαρείας
3575 534 3783 600 πόλεις.

2206 638 2493 694 Μωαϐῖται
2513 637 2572 691 δὲ
2607 637 2769 691 πάλιν
2799 632 3260 704 καταμειδιῶντες
3287 629 3397 683 τῶν
3429 625 3786 682 ἀπολωλότων

2209 729 2552 795 ἐπετώθαζον
2576 729 2637 782 οὐ
2676 727 2932 798 μετρίως.
2970 724 3067 779 καὶ
3118 719 3578 785 κατονειδίζοντες
3617 715 3792 771 διετέ-

2212 823 2339 874 λουν
2362 819 2462 891 τὴν
2476 820 2571 873 τοῦ
2584 819 2720 873 Θεοῦ
2747 819 2923 886 δόξαν.
2942 815 3129 888 Ταύτῃ
3143 831 3228 866 τοι
3251 813 3488 866 δέδονται
3513 811 3609 864 καὶ
3633 809 3789 862 αὐτοὶ

525 901 659 1002 «pb;
690 927 990 1000 ἐρήμωσιν,
1020 925 1188 997 ἄρδην
1219 941 1278 978 τε
1306 921 1648 977 ἀπολώλασιν
1668 918 1804 991 ὁμοῦ
1839 915 2028 972 πόλεσί
2048 932 2113 969 ’τε
2145 915 2238 968 καὶ
2275 911 2430 983 δήμῳ
2459 911 2552 964 καὶ
2572 910 2706 980 οῐκῳ
2725 909 2912 974 παντὶ,
2937 906 3076 961 ὥστε
3107 905 3205 977 ἠδη
3240 921 3357 966 πως
3386 901 3519 973 μηδὲ
3547 901 3788 972 ὒπάρξαι

523 997 1132 1099 δοκεῖνίλιαμέμνηται
1187 1022 1369 1076 τοίνυν
1395 1023 1430 1092 ἦ
1480 1019 1671 1093 ὅρασις
1697 1021 1732 1091 ἡ
1798 1013 2134 1089 προκειμένη
2208 1011 2318 1067 τῶν
2353 1008 2780 1082 συμϐεϐηκότων
2819 1007 3039 1070 αὐτοῖς·
3086 999 3147 1068 ἐξ
3190 1001 3361 1073 ὀργῆς
3407 999 3648 1072 δηλονότι
3690 997 3790 1069 τῆς

526 1125 752 1191 ἀνωθεν,
786 1124 880 1178 καί
915 1139 1076 1194 φησιν
1103 1138 1115 1152 ·

598 1222 765 1275 Vens.
797 1221 846 1273 1.
882 1217 1048 1272 Nocte
1076 1213 1262 1284 peribit
1291 1211 1568 1276 Moabites,
1591 1217 1737 1262 nocte
1762 1209 1898 1260 enim
1924 1203 2108 1275 peribit

527 1331 708 1368 murus
737 1310 1066 1366 Moabitidis.

598 1404 826 1470 Quidam
863 1414 1049 1455 eorum
1083 1396 1176 1466 qui
1209 1397 1323 1452 lucc
1358 1400 1762 1465 pertractarunt
1791 1390 2101 1460 diligenter,

531 1492 900 1555 tradiderunt,
932 1488 1130 1542 bellum
1173 1486 1226 1539 in
1269 1485 1388 1540 illos
1432 1482 1840 1553 capessentibus
1879 1479 2108 1550 Babylo-

531 1587 664 1652 niis,
704 1595 852 1640 motu
892 1581 1034 1636 facto
1071 1580 1205 1634 adeo
1243 1592 1558 1632 concussam
1594 1589 1714 1630 esse
1744 1572 2102 1628 Moabitarum

532 1675 894 1745 metropolim,
923 1680 980 1727 ut
1016 1679 1158 1726 totus
1194 1668 1310 1736 ejus
1347 1681 1534 1721 murus
1568 1664 1734 1736 249
1769 1672 1926 1718 noctu
1960 1671 2016 1717 et
2049 1662 2103 1715 in

532 1768 788 1835 tenebris,
817 1780 913 1821 sua
948 1775 1138 1834 sponte
1171 1758 1517 1816 tremefactus
1550 1758 1713 1812 fuerit
1751 1775 1764 1811 :
1801 1771 1907 1825 quo
1942 1754 2105 1818 facto,

530 1870 657 1915 ante
707 1855 1118 1928 impressionem
1179 1851 1414 1907 hostium
1474 1849 1862 1920 propemodum
1924 1860 2111 1900 eorum

531 1950 710 2006 omnis
733 1964 858 2020 spes
879 1947 1070 2004 salutis
1097 1945 1353 2016 perierat.
1378 1941 1504 1996 ideo
1527 1941 1679 2009 dicit,
1703 1947 1862 1996 noctu
1889 1939 2116 2009 periisse

531 2045 707 2100 ποθι).

608 2137 770 2190 Vsus.
803 2134 857 2188 2.
889 2131 1015 2198 Sed,
1045 2135 1237 2201 inquit,
1260 2126 1646 2188 contristamini
1687 2125 1746 2179 in
1787 2123 1930 2179 vobis
1966 2121 2112 2190 ipsis.

604 2227 796 2284 Simile
837 2235 922 2282 est.
958 2242 1021 2281 ac
1064 2229 1110 2282 si
1153 2227 1298 2282 dicat
1342 2245 1357 2280 :
1408 2225 1562 2292 Saepe
1605 2228 1788 2274 erecto
1829 2213 2118 2286 supercilio

535 2321 662 2385 alto,
694 2319 888 2374 alienis
915 2316 1211 2373 insnltastis
1238 2312 1658 2375 calamitatibus,
1687 2320 1744 2362 at
1769 2316 1896 2361 tunc
1924 2307 1991 2360 ad
2021 2318 2118 2360 vos

536 2413 685 2483 ipsos
715 2409 916 2465 bellum
946 2408 1205 2478 erumpit,
1234 2407 1301 2462 ad
1329 2420 1425 2460 vos
1459 2408 1728 2473 properat,
1761 2408 1815 2454 et
1843 2412 1965 2467 qua:
1993 2395 2119 2449 hinc

535 2514 661 2559 sunt
699 2501 1067 2566 incommoda,
1106 2499 1304 2555 vestris
1346 2496 1526 2567 impiis
1567 2491 1878 2562 impendent
1920 2485 2118 2556 capiti-

538 2597 655 2650 bus.
685 2591 1096 2651 Contristamini
1137 2592 1322 2663 igitur,
1359 2602 1465 2644 non
1507 2585 1767 2648 aliorum,
1801 2580 1896 2636 sed
1935 2589 2116 2635 vestra

534 2702 722 2744 causa.

608 2777 813 2832 Peribit
831 2777 970 2831 enim
989 2773 1230 2829 Lebedon
1252 2766 1580 2845 [al.Debon],
1596 2766 1686 2820 ubi
1706 2776 1779 2820 est
1805 2774 1900 2819 ara
1925 2775 2118 2821 vestra.

611 2867 735 2922 Dixi
773 2879 948 2921 saevos
977 2873 1031 2920 et
1060 2863 1323 2933 superbos
1349 2859 1515 2915 fuisse
1547 2856 1831 2925 Moabitas,
1860 2863 1916 2910 et
1943 2855 2119 2926 impo-

530 2960 708 3016 stur'ts
748 2955 1052 3012 daemonum
1096 2955 1264 3010 fretos
1308 2966 1374 3007 ac
1420 2952 1624 3021 magica
1667 2958 1815 3014 arte,
1851 2955 2027 3014 ratos,
2063 2960 2122 3001 se

541 3053 784 3108 omnium
847 3047 1141 3120 potentiam
1207 3055 1585 3116 superaturos,
1644 3041 1930 3111 ipsumque
1987 3040 2122 3094 adeo

2276 1190 2511 1258 Νυκτὸς
2546 1188 2864 1246 ἀπολεῖται
2917 1187 2948 1241 ὁ
2995 1187 3342 1254 Μωαϐίτης*
3403 1184 3628 1251 νυκτός
3675 1203 3790 1258 γαρ

2207 1285 2520 1342 ἀπολεῖται
2547 1283 2613 1337 τὸ
2643 1281 2838 1351 τεῖχος
2874 1278 2984 1348 τῆς
3036 1277 3421 1340 Μωαϐίτιδος.

2279 1378 2436 1442 Τινὲς
2484 1376 2592 1430 τῶν
2657 1373 2831 1428 ταῦτα
2889 1371 3279 1445 ἠκριϐωκότων
3341 1369 3647 1441 παρέδοσαν
3704 1371 3792 1424 ὅτι

2211 1469 2513 1542 μελλόντων
2540 1466 2648 1520 τῶν
2672 1465 2757 1519 ἐπ’
2789 1466 2972 1528 αὒτοῖς
2992 1464 3167 1535 αἴρειν
3195 1461 3433 1532 πόλεμον
3466 1462 3576 1515 τῶν
3609 1462 3790 1515 Βαϐυ-

2207 1560 2434 1624 λωνίων,
2506 1557 2730 1630 σεισμοῦ
2797 1556 3084 1626 γεγονότος
3147 1553 3480 1625 κατεδονήθη
3537 1552 3793 1607 τοσοῦτον

2211 1649 2520 1708 Μωαϐιτῶν
2574 1647 2926 1720 μητρόπολις,
2979 1647 3054 1710 ὡς
3097 1647 3219 1700 ὅλον
3271 1646 3439 1716 αὐτῆς
3470 1645 3794 1715 αὐτομάτως

2215 1741 2642 1813 κατασεισθῆναι
2685 1741 2747 1795 τὸ
2785 1743 2964 1810 τεῖχος
2986 1742 3044 1794 ἐν
3074 1739 3228 1793 νυκτὶ
3259 1739 3352 1792 καὶ
3382 1737 3560 1808 σκότῳ
3584 1755 3597 1770 ·
3626 1733 3687 1791 οἶ)
3729 1737 3795 1809 δὴ

2215 1832 2519 1902 γεγονότος,
2551 1831 2658 1902 πρὸ
2685 1833 2786 1903 τῆς
2821 1831 2931 1884 τῶν
2961 1831 3236 1901 πολεμίων
3270 1830 3482 1900 ἐφόδου,
3512 1829 3798 1902 μονονουχὶ

2217 1927 2311 1979 καὶ
2348 1923 2625 1978 ἀπόλωλεν
2653 1925 2834 1988 αὐτοῖς
2873 1923 2906 1994 ἡ
2939 1922 3038 1992 τῆς
3087 1923 3360 1994 σωτηρίας
3399 1921 3570 1985 ἐλπίς.
3607 1921 3797 1994 Ταῦτῃ

2215 2035 2298 2071 τοι
2328 2017 2463 2088 φησὶ
2489 2015 2684 2080 νυκτὸς
2722 2013 3041 2069 ἀπολεῖσθαι
3062 2015 3162 2085 τὴν
3195 2013 3532 2068 Μωαϐίτιδα.

2302 2108 2481 2165 Ἀλλὰ
2510 2106 2822 2170 λυπεῖσθε,
2852 2103 3062 2174 φησιν,
3089 2103 3180 2173 ἐφ’
3208 2103 3461 2170 ἑαυτοῖς.

2290 2201 2516 2271 Ὅμοιον
2541 2199 2618 2262 ὼς
2640 2200 2690 2251 εί
2723 2197 2893 2266 λέγοι,
2925 2194 3246 2260 Πλειστὼιις
3271 2195 3442 2266 ὀφρὺν
3479 2194 3797 2266 ἐπαίροντες

2218 2291 2427 2364 ὑψηλὴν
2459 2293 2580 2354 ταῖς
2602 2290 2804 2360 ἐτέρων
2833 2289 3238 2359 ἐνετρυφήσατε
3284 2289 3624 2358 συμφοραῖςο
3662 2287 3797 2341 ἀλλά

2217 2383 2313 2438 νῦν
2341 2382 2426 2452 ἐφ’
2455 2383 2600 2453 ὑμᾶς
2623 2381 2821 2444 αὐτοὺς
2847 2382 2875 2434 ό
2905 2381 3141 2451 πόλεμος
3167 2379 3370 2450 τρέχει,
3405 2379 3498 2432 καὶ
3519 2379 3588 2431 τά
3615 2379 3801 2433 ἐντεῦ-

2219 2472 2311 2527 θεν
2351 2473 2524 2543 βλάϐη
2551 2475 2673 2536 ταῖς
2713 2471 2955 2532 ἀνοσίαις
2996 2469 3151 2540 ὑμῶν
3205 2469 3577 2542 ἐπικρέμαται
3631 2489 3804 2542 κεφα-

2219 2563 2358 2628 λαῖς.
2399 2562 2670 2617 Λυπεῖσθε
2709 2562 2883 2615 τοίνυν
2903 2561 3004 2615 οὐκ
3029 2561 3116 2631 ἐφ’
3142 2560 3350 2633 ἑτέροις
3372 2561 3538 2627 τισὶν,
3570 2561 3684 2622 ἀλλ’
3715 2563 3804 2632 ἐφ’

2220 2658 2454 2719 ἑαυτοῖς.

2306 2746 2630 2802 Ἆπολεῖται
2668 2747 2777 2817 γὰρ
2803 2742 3103 2812 Λεσηδὼν,
3142 2737 3216 2800 οὗ
3247 2743 3506 2815 όβωμὸς
3537 2744 3725 2815 ὑμῶν.

2295 2841 2474 2911 Ἐφην
2504 2839 2585 2893 ὅτι
2611 2839 2774 2892 δεινοὶ¹
2801 2838 2892 2892 καὶ
2911 2837 3182 2910 ἀγέρωχοι
3209 2837 3497 2892 Μωαϐῖται
3515 2837 3798 2904 γεγόνασι,

2223 2933 2318 2988 καὶ
2338 2934 2458 2996 ταῖς
2481 2931 2590 2985 τῶν
2617 2929 2911 3000 δαιμονίων
2931 2931 3167 2994 ἀπάταις
3191 2930 3459 3002 ἐπιθαρσή
3468 2947 3676 2996 σαντες,
3703 2931 3802 2984 καὶ

2223 3025 2311 3079 διά
2329 3023 2504 3096 μάγου
2525 3023 2720 3094 τέχνης
2740 3021 3236 3093 κατευμεγεθήσειν
3256 3023 3492 3093 οἰόμενοι
3509 3023 3611 3094 τῆς
3635 3022 3810 3077 ἀπάν-

541 3143 825 3209 lsraelem,
858 3139 1069 3195 etiamsi
1114 3139 1255 3194 Deus
1298 3142 1639 3192 succurreret
1686 3150 1701 3189 :
1753 3132 1918 3203 igitur
1958 3131 2011 3186 in
2057 3145 2118 3185 ea

2225 3133 2333 3170 των
2377 3114 2581 3188 χειρὸς,
2641 3113 2737 3166 καὶ
2784 3112 2948 3166 αὐτοῦ
2972 3111 3029 3164 δέ
3065 3111 3160 3165 τοῦ
3206 3112 3422 3183 Ἰσραὴλ
3465 3111 3568 3167 κᾶν
3619 3117 3667 3166 εί
3712 3115 3811 3167 ἐπ-

542 3252 662 3306 qua:
688 3202 912 3288 vocatur
943 3230 1224 3296 Lebedon,
1257 3244 1407 3283 aram
1449 3226 1720 3282 habebant
1749 3202 1804 3280 et
1841 3225 2118 3280 delubrum

2225 3208 2422 3306 αμύνοι
2443 3206 2575 3270 Θεός
2599 3222 2614 3238 ·
2643 3204 2840 3258 οὐκοῦν
2868 3207 2930 3258 ἐν
2951 3205 3016 3274 τῇ
3047 3203 3358 3276 καλουμένῃ
3392 3202 3673 3274 Λεϐηδὼν,
3703 3203 3811 3274 βω-

544 3323 897 3389 admirabile,
944 3332 1207 3393 quantum
1254 3321 1322 3374 ad
1370 3329 1703 3374 structuram
1752 3316 2011 3386 pertinet,
2052 3313 2126 3368 ibi

544 3416 897 3472 celebrabant
927 3413 1207 3478 vaticinia,
1236 3425 1299 3465 ac
1326 3425 1384 3465 se
1414 3408 1709 3479 plurimum
1733 3405 2047 3470 ellerebant,
2073 3412 2128 3459 et

544 3522 659 3578 pra:
693 3502 910 3560 caeteris
943 3503 1088 3556 hunc
1122 3500 1298 3554 locum
1330 3497 1698 3554 venerabilem
1733 3506 2129 3564 angustumque

541 3596 867 3672 reddebant.
897 3591 1002 3646 Sed
1034 3590 1252 3662 peribit,
1279 3588 1476 3658 inquit,
1499 3588 1662 3642 etiam
1693 3585 1935 3642 vaticinii
1967 3587 2128 3655 limus

531 3688 777 3744 ollicina.

607 3780 758 3834 illiue
793 3777 1080 3833 ascendetis
1114 3778 1182 3829 ad
1218 3773 1534 3844 plorandum
1566 3786 1723 3840 super
1755 3767 1946 3841 Nabay
1981 3769 2132 3824 Moa-

540 3873 749 3928 bitidis.

619 3961 826 4017 Civitas
852 3965 1032 4012 autem
1057 3955 1183 4010 illaec
1205 3953 1572 4008 munitissima
1602 3960 1704 4007 est.

622 4051 858 4118 Ptorate,
879 4048 1054 4119 inquit
1088 4063 1107 4101 :
1128 4063 1283 4116 super
1315 4061 1467 4100 omne
1501 4045 1639 4098 enim
1665 4049 1818 4112 caput
1839 4039 2128 4096 calvitium.

621 4230 679 4287 Id
705 4239 807 4296 est,
835 4243 940 4284 una
962 4227 1222 4298 pervadet
1251 4239 1444 4281 omnes
1481 4220 1776 4293 ignominia
1807 4235 1822 4272 :
1853 4217 2133 4274 calvitium

538 4325 751 4395 tquippe
779 4320 1090 4391 ignominiaa
1117 4315 1444 4388 symbolum.

618 4414 796 4470 Erunt
824 4422 873 4466 et
894 4413 1073 4464 omnia
1102 4406 1572 4463 brachiaconcisa.

623 4591 936 4663 Plangendo
949 4583 1385 4644 etiamentando
1415 4600 1429 4636 :
1459 4581 1545 4636 vel
1577 4581 1719 4650 quod
1741 4578 2006 4634 idolorum
2027 4577 2141 4632 cul-

555 4687 765 4741 toribus
807 4682 1051 4737 solemne
1079 4677 1256 4730 fuerit
1297 4672 1590 4729 incisiones
1636 4680 1748 4724 tum
1794 4669 1986 4738 genis,
2028 4677 2138 4723 tum

555 4773 795 4828 brachiis
827 4769 1050 4825 inferre.
1069 4765 1294 4820 Frustra
1310 4763 1488 4834 igitur
1513 4762 1693 4817 ethoc
1719 4759 1915 4830 agetis,
1934 4759 2130 4830 inquit,

550 4863 822 4934 siquidem
848 4875 936 4916 res
962 4867 1045 4915 est
1066 4856 1288 4914 omnino
1314 4853 1540 4909 inutilis.

623 5043 797 5099 ’Vens.
819 5040 882 5108 ὅ,
912 5039 968 5097 ι.
1000 5037 1176 5109 Igitur
1211 5036 1266 5090 in
1303 5033 1488 5103 plateis
1522 5033 1635 5102 ejus
1669 5027 2137 5099 circumcingimini

560 5150 774 5199 saccos,
808 5140 858 5186 et
892 5129 1124 5201 plangite
1168 5127 1222 5180 in
1261 5125 1531 5186 domibus,
1566 5133 1612 5176 et
1653 5122 1708 5174 in
1751 5119 1967 5190 plateis,
1994 5127 2048 5170 et
2085 5117 2139 5169 iu

553 5228 680 5283 vicis
713 5225 846 5295 ejus.
877 5221 1070 5278 Omnes
1098 5217 1298 5271 ululate
1325 5231 1441 5270 cum
1476 5214 1711 5283 planctu,
1740 5211 1863 5282 quia
1896 5207 2140 5262 clamavit

559 5316 789 5383 Esebon,
835 5326 885 5372 et
917 5313 1095 5367 locuta
1126 5317 1202 5364 est
1250 5308 1350 5379 (l),
1393 5307 1556 5361 donec
1613 5305 1860 5360 exaudita
1916 5310 1990 5356 est
2041 5313 2141 5354 vos

556 5413 696 5478 ejus.

634 5587 870 5659 Etllgiem
913 5583 1130 5640 urbium
1172 5600 1279 5640 non
1324 5581 1582 5638 mediocri
1628 5588 1834 5633 terrore
1874 5575 2142 5630 ﬂuctuan-

621 5745 710 5818 (l)
745 5742 896 5814 Sept.
919 5742 1107 5810 legunt
1135 5757 1232 5810 pro
1255 5741 1542 5810 Ἐλάλησε,
1569 5741 1744 5793 locuta
1770 5745 1866 5805 est,
1917 5734 2167 5806 Ἐλεαλή,

2230 3297 2329 3368 μδς
2347 3292 2416 3370 ἦν
2439 3296 2620 3360 αὐτοῖς
2653 3295 2746 3349 καὶ
2770 3294 2993 3365 τέμενος
3020 3295 3120 3348 οὐκ
3137 3293 3507 3364 ἀθαύμαστον,
3531 3295 3658 3363 τόγε
3676 3290 3811 3367 ἧκον

2226 3388 2308 3451 είς
2337 3389 2702 3456 κατασκευήν.
2734 3387 2880 3440 Ἐκεῖ
2894 3385 2994 3450 τάς
3023 3385 3280 3456 μαντείας
3306 3387 3615 3454 ἐπετέλουν,
3646 3388 3809 3458 ἐφρό-

2227 3495 2355 3535 νουν
2402 3496 2463 3533 τε
2499 3479 2662 3552 μέγα,
2712 3479 2806 3531 καὶ
2855 3477 3050 3531 σεπτὸν
3096 3478 3180 3532 ὅτι
3227 3478 3459 3548 μάλιστα
3505 3480 3658 3552 παρά
3686 3482 3813 3543 τοὺς

2229 3569 2423 3634 ἄλλους
2455 3568 2736 3624 ἐποιοῦντο
2764 3569 2857 3622 τὸν
2895 3568 3092 3640 χῶρον.
3152 3568 3290 3622 Ἀλλ’
3320 3568 3622 3637 ἀπολεῖται,
3655 3571 3812 3642 φησὶ,

2229 3661 2326 3717 καὶ
2349 3658 2411 3713 τὸ
2431 3661 2532 3729 τῆς
2554 3657 2812 3730 μαντείας
2839 3656 2991 3727 ὑμῶν
3023 3658 3406 3728 ἐργαστήριον.

2309 3751 2472 3806 Ἐκεῖ
2489 3749 2870 3817 ἀναϐήσεσθε
2890 3749 3122 3802 κλαίειν
3156 3748 3255 3802 ἐπὶ
3282 3749 3487 3804 Ναόαῦ
3516 3748 3624 3819 τῆς
3647 3754 3813 3805 Μωα-

2233 3841 2473 3906 ϐίτιδος.

2303 3933 2466 3995 Πόλις
2498 3930 2554 3984 δὲ
2582 3927 2724 4000 αὕτη
2754 3928 2865 3982 τῶν
2897 3928 3314 3999 ἀλκιμωτάτων.

2245 4021 2644 4085 Ὀλολύεατε,
2694 4020 2918 4090 φησίν·
2959 4020 3058 4073 ἐπὶ
3124 4019 3235 4092 γὰρ
3285 4019 3488 4088 πάσης
3540 4022 3819 4092 κεφαλῆς

2235 4111 2624 4182 φαλάκρωμα.

2307 4203 2465 4257 Τοῦτ’
2501 4201 2672 4266 ἐστιν,
2713 4199 2904 4270 ἀτιμία
2942 4199 3084 4254 κατά
3119 4200 3336 4255 πάντων
3383 4200 3674 4274 δραμεῖται
3699 4202 3818 4273 μία.

2235 4294 2586 4366 Φαλάκρωμα
2621 4291 2731 4364 γάρ
2755 4291 2979 4362 ἀτιμίας
3011 4291 3303 4362 σύμϐολον.

2309 4389 2592 4440 Ἔσονται
2647 4383 2716 4438 δὲ
2761 4383 2860 4438 καὶ
2923 4383 3146 4450 πάντες
3191 4383 3520 4454 βραχίονες
3577 4400 3824 4438 κατατε-

2160 4480 2207 4536 D
2235 4479 2540 4550 τμημένοι.

2319 4569 2453 4621 Ἀπδ
2477 4567 2570 4620 τοῦ
2599 4565 2895 4620 κόπτεσθαι
2924 4567 3020 4619 καὶ
3041 4565 3281 4638 θρηνεῖν.
3318 4566 3389 4618 Ἢ
3415 4565 3497 4618 ὅτι
3523 4567 3634 4629 τοῖς
3667 4565 3824 4618 εἰδω-

2226 4659 2585 4733 ’λολατροῦσιν
2611 4659 2732 4724 εθος
2767 4659 2867 4722 τάς
2905 4659 3246 4730 καλουμένας
3274 4657 3562 4728 ἐντομίδας
3593 4661 3716 4722 ταῖς
3766 4675 3829 4710 τε

2239 4755 2488 4826 παρειαῖς
2521 4753 2614 4805 καὶ
2654 4753 2768 4815 τοῖς
2801 4750 3080 4824 βραχίοσιν
3126 4750 3429 4821 ἐπιφέρειν.
3484 4751 3680 4820 Μάτην
3731 4745 3828 4803 οὗν

2239 4845 2459 4917 ἆρα-καὶ
2474 4843 2631 4896 τοῦτο
2655 4842 2903 4914 δράσετε,
2926 4843 3116 4914 φησὶν,
3140 4841 3400 4914 ἀνόνητον
3416 4841 3525 4914 γὰρ
3545 4843 3607 4896 τὸ
3633 4844 3826 4915 χρῆμα

2245 4934 2548 4998 παντελῶς.

2310 5027 2548 5082 Οὐκοῦν
2577 5026 2646 5079 ἐν
2682 5025 2813 5091 ταῖς
2845 5025 3156 5091 πλατείαις
3192 5024 3382 5092 αὐτῆς
3423 5024 3832 5095 περιζώσασθε

2246 5120 2520 5186 σάκκοις,
2563 5117 2661 5172 καὶ
2693 5119 2985 5172 κόπτεσθε
3015 5116 3117 5170 ἐπὶ
3150 5115 3268 5170 τῶν
3297 5117 3582 5187 δωμάτων
3612 5119 3830 5187 αὐτῆς,

2246 5211 2348 5265 καὶ
2375 5211 2446 5265 ἐν
2472 5210 2602 5276 ταῖς
2625 5210 2934 5274 πλατείαις
2955 5207 3163 5276 αὐτῆς,
3207 5209 3304 5262 καὶ
3343 5209 3414 5263 ἐν
3445 5209 3576 5276 ταῖς
3608 5211 3836 5279 ῥύμαις

2245 5301 2457 5371 αὐτῆς,
2510 5300 2733 5365 πάντες
2785 5299 3098 5360 ὀλολύζετε
3147 5301 3300 5368 μετὰ
3355 5303 3686 5372 κλαυθμοῦ,
3744 5303 3837 5355 ὅτι

2245 5395 2536 5465 κέκραγεν
2588 5391 2862 5458 Ἐσεόὼν,
2905 5394 3002 5447 καὶ
3038 5393 3347 5462 ἐλάλησεν
3385 5393 3498 5460 ἕως
3553 5395 3836 5463 ἠκούσθη

2244 5486 2282 5553 ἠ
2313 5484 2481 5554 φωνὴ
2507 5484 2717 5552 αὐτῆς.

2316 5575 2531 5630 Πόλεων
2581 5577 2714 5647 ⁴ἡμῖν
2747 5577 2808 5632 οὐ
2857 5578 3098 5650 μετρίοις
3147 5578 3396 5650 δείμασιν
3442 5575 3840 5654 ἐνησχημένων

2211 5743 2266 5790 ut
2294 5745 2372 5792 est
2407 5733 2460 5790 in
2493 5734 2657 5790 Hebr.
