2079 3151
177 215 231 244 .60!

749 215 783 244 IN
803 215 922 244 ISAIAM
942 215 1005 243 LIB.
1026 215 1058 244 ll.
1080 215 1197 244 TOMUS
1216 216 1258 244 lll.

1753 214 1816 242 ἰω

183 272 354 308 καταγράφει
368 273 461 310 σχῆμα
471 274 520 310 τῆς
535 275 704 311 προφητείας
718 276 736 310 ἡ
750 275 876 311 δύναμις.
890 275 974 302 Πολι-

1028 275 1108 309 tium,
1133 276 1210 303 nobis
1233 275 1389 310 prophetica
1417 274 1552 303 latitantia
1576 273 1715 302 describit.
1742 274 1823 302 Bello-

184 326 235 353 μου
256 318 312 354 γὰρ
337 320 525 354 περισχόντος,
555 321 603 348 καὶ
621 322 764 356 συμφορᾶς
785 321 836 356 τῆς
857 322 975 356 ἐσχάτης

182 364 402 401 ιπενηνεγμένης
416 365 509 393 πόλισι
522 374 552 393 τε
561 367 610 394 καὶ
623 367 719 399 οἴκοις,
731 368 757 393 οΙ.
772 368 821 402 μὲν
835 367 974 398 πλατείαις

184 409 230 436 καὶ
245 412 394 442 στενωποῖς
405 411 571 446 οἰμώζοντες
583 413 730 441 διαθέουσι.
744 413 782 440 Τὸ
799 421 831 446 γε
846 414 900 448 μὴν
914 414 974 440 ὅσον

184 455 258 482 territt
277 455 390 489 ἀσθενές
403 466 433 484 τι
451 458 498 484 καὶ
512 458 627 494 ἄμαχον,
650 456 707 486 οἷον
721 459 751 485 τὸ
764 459 870 494 θηλύων
886 459 973 493 γένος,

184 501 272 528 καὶτὸ
283 502 387 537 νηπίων
406 504 450 530 ἐπ’
464 503 554 530 αὐτῶν
573 504 728 540 ἀνεπήδησε
745 505 888 539 δωμάτων,
906 513 974 539 κομ-

186 547 236 580 μὸν
253 549 371 575 ποιεῖται
395 549 444 576 καὶ
470 549 612 585 ὀλολυγὴν,
628 551 689 582 ταῖς
710 550 765 577 τῶν
778 551 914 586 πολεμίων
929 551 973 576 ἐν-

184 592 255 627 ορῶν
276 593 405 628 φάλαγξι,
432 595 479 622 καὶ
495 595 546 630 τὴν
566 596 629 622 ὅσον
652 595 760 622 οὐδέπω
786 596 974 631 παρεσομένην

184 638 360 673 ὲννοήσαντες
377 640 494 675 σφαγήν.
510 640 664 673 ὐλολύξετε
677 641 776 668 τοίνυν·
789 641 909 676 κέκραγε
921 642 974 677 γὰρ

191 684 320 716 Ἐσεσὼν,
335 685 383 712 καὶ
396 685 530 721 ἐλάλησεν
544 686 596 717 tu;
613 687 735 723 ἠκούσθη
748 688 766 722 ἡ
782 687 857 722 φωνὴ
878 688 972 722 αὐτῆς.

185 729 280 762 Πόλεις
304 730 334 756 δὲ
358 730 462 762 ταύτας
477 729 546 758 εἷναί
570 740 638 767 φησι
669 732 717 764 τὰς
739 733 909 765 Μωαϐίτιδος
925 734 975 765 τὰς

187 775 394 810 μαχιμωτάτας.
427 775 497 803 Ἀλλ’
525 777 550 802 εί
574 777 622 803 καὶ
648 776 734 810 οὕτως
757 778 854 813 ἔχοιεν,
891 778 974 813 φησὶ,

188 819 324 856 τοσαύτην
340 821 500 856 ποιήσονται
507 822 557 857 τὴν
565 822 706 858 ὀλολυγὴν,
716 823 754 855 ὡς
767 824 804 859 μὴ
813 824 973 859 λεληθότως,

186 865 255 900 μηδὲ
285 866 316 891 εν
346 866 512 903 παραϐύστῳ
535 867 649 902 κλαίειν,
671 870 807 904 ἀκουστὴν
826 869 854 896 δὲ
877 870 976 904 μᾶλλον

185 912 312 946 γενέσθαι
339 914 390 949 τὴν
411 914 512 950 φωνὴν,
537 915 585 942 καὶ
605 915 757 950 ἀναφανδὸν
783 915 974 951 ὀλοφύρεσθαι,

186 958 416 993 κατημεληκότων
437 959 492 986 τῶν
517 960 546 986 ὲν
571 961 667 993 αὑταῖς
681 961 730 996 τῆς
742 961 828 996 αὐτῆς
844 961 975 995 συνήθους

185 1003 318 1038 ἀνδρείας,
339 1004 599 1041 συντεθραυσμένων
616 1007 644 1033 δὲ
659 1006 757 1038 οὕτως,
773 1007 810 1038 ὼς
824 1007 976 1042 ἀμοιρῆσαι

186 1050 325 1083 παντελῶς
351 1052 508 1085 εὐσθενείας
525 1062 555 1080 τε
572 1054 620 1080 καὶ
645 1053 774 1089 θράσους,
791 1054 839 1080 καὶ
855 1053 910 1079 τῶν
935 1054 975 1085 εἰς

186 1096 271 1132 ἀλκὴν
284 1098 395 1126 ὲννοιῶν
409 1100 456 1126 καὶ
473 1100 693 1136 ἐγχειρημάτων.

226 1164 262 1191 Ἡ
272 1164 370 1199 ὀσφὺς
387 1165 442 1200 τῆς
454 1166 637 1199 Μωαϐίτιδος
645 1166 706 1200 ,βοᾷ
719 1174 726 1181 ·
742 1167 761 1200 ἡ
781 1166 867 1201 ψυχὴ
882 1166 978 1200 αὐτῆς

185 1210 340 1244 γνώσεται,
362 1212 413 1238 καὶ
438 1213 545 1246 καρδία
577 1212 633 1246 τῆς
657 1213 842 1245 Μωαϐίτιδος
862 1212 924 1246 ,βοᾷ
945 1213 978 1239 ὲν

186 1255 274 1290 αὐτῇ,
306 1256 362 1289 ἕως
388 1257 506 1292 Σητώρσ
531 1258 659 1294 δάμαλις
680 1259 736 1293 γάρ
767 1259 833 1286 ἐστι
853 1261 976 1294 τριέτης.

193 1301 258 1328 Ἐπὶ
273 1301 308 1328 δὲ
322 1301 377 1336 τῆς
387 1302 563 1337 ἀναϐάσεως
579 1304 634 1338 τῆς
653 1304 727 1339 πρὸς
747 1305 794 1337 σὲ,
822 1307 978 1340 κλαίοντες

187 1346 393 1380 ἀναϐήσονται
411 1348 450 1384 τῇ
464 1349 524 1382 ὁδῷ
546 1350 712 1386 Ἄριον-ιαμ·
728 1351 789 1385 ,Βοᾷ
809 1354 978 1389 σύντριμμα

190 1392 239 1418 καὶ
256 1394 394 1427 σεισμός.

226 1449 445 1483 Προσὸἀλλουσιν
458 1451 502 1478 ἀεὶ
517 1451 571 1479 τῶν
584 1452 742 1488 ἀνηκέστων
754 1456 902 1491 συμφορῶν
921 1457 978 1492 δρι-

193 1494 268 1529 μεῖαί
280 1503 309 1521 τε
323 1495 414 1527 λύπαι,
436 1497 481 1523 καὶ
489 1497 601 1532 ἀθυμίαι
619 1499 800 1534 παγχάλεποι,
820 1502 868 1528 καὶ
882 1502 977 1537 δειμά-

189 1549 243 1566 των
269 1540 378 1575 ἔφοδος,
405 1542 455 1568 οὐκ
480 1542 614 1575 ἁνικάνως
638 1543 738 1579 ἔχουσα
764 1546 810 1572 καὶ
835 1547 883 1582 τὴν
907 1548 977 1582 ἄγαν

187 1587 386 1622 εὑτολμοτάτην
402 1588 588 1624 καταθραῦσαι
604 1590 727 1625 καρδίαν.
750 1592 889 1619 Ἐντεῦθεν
901 1591 977 1628 οἶμαι

185 1640 240 1658 τισι
254 1632 387 1666 πρόσωπα
402 1632 452 1667 μὲν
479 1634 605 1668 γενέσθαι
627 1635 786 1671 σκυθρωπὰ,
805 1638 853 1664 καὶ
877 1635 932 1665 οἷον
947 1640 978 1665 ἐκ

187 1676 285 1711 βάθους
301 1678 496 1714 ἀναπηδῶντας
510 1681 689 1715 στεναγμοὺς,
699 1683 746 1708 καὶ
756 1683 805 1718 τῆς
816 1683 870 1710 ἔσω
880 1684 978 1719 φλογὸς

186 1723 235 1757 τὴν
260 1722 334 1755 ζέσιν
349 1723 569 1760 διερμηνεὺοντα.
600 1726 632 1753 'H
655 1727 741 1762 ὀσφὺς
761 1729 906 1765 τοιγαροῦν
928 1730 978 1766 τῆς

186 1768 356 1802 Μωασιτιδος
376 1770 425 1806 βοᾷ
438 1779 444 1786 ·
466 1771 538 1798 τοῦτ’
555 1772 640 1804 ἐστιν,
663 1774 693 1799 ὲν
712 1774 804 1801 ὠδῖσιν
822 1776 905 1808 ἐστιν,
931 1778 978 1803 καὶ

187 1815 393 1850 κεκρυμμένους
415 1815 470 1852 ἔχει
491 1818 554 1849 τοὺς
575 1818 682 1851 πόνους,
700 1822 976 1857 προκαταπτοουμένη

186 1858 305 1894 δηλονότι
320 1862 379 1893 ταῖς
392 1863 510 1897 φήμαις,
535 1864 582 1889 καὶ
604 1864 649 1891 τὸν
662 1865 769 1892 οὐδέπω
791 1867 977 1902 παρεσόμενον

187 1905 316 1933 ἐννοοῦσα
327 1907 453 1943 πόλεμον.
473 1909 564 1943 Ἔγνω
583 1909 637 1945 γὰρ
659 1909 737 1936 τοῦτο
754 1912 769 1946 ἡ
792 1911 865 1947 ψυχὴ
881 1913 975 1947 αὐτῆς.

188 1951 297 1986 Ταύτης
328 1961 358 1978 τε
383 1952 464 1979 ἕνεκα
495 1954 545 1988 τῆς
566 1954 666 1986 αἰτίας,
689 1955 851 1990 ὀλοφύρεται
878 1966 906 1983 τε
931 1958 978 1983 καὶ

188 1997 325 2033 κέκραγεν
344 1998 373 2024 ἑν
392 1999 460 2035 αὐτῇ
476 1999 528 2031 ἕως
546 1999 653 2035 Σηγὼρ,
669 2000 740 2027 τοῦτ’
755 2001 823 2034 ἐστι,
839 2002 978 2034 Μωαϐῖτις

188 2042 280 2069 ἅπασα
293 2043 381 2078 χώρα,
399 2044 479 2079 μέχρι
495 2045 541 2071 καὶ
555 2046 644 2072 αὐτῶν
655 2046 809 2081 τερμάτων.
832 2047 899 2073 Φασὶ
924 2049 977 2082 γὰρ

188 2089 232 2115 ἔπ’
251 2089 342 2122 αὐτοῖς
361 2091 417 2121 τοῖς
429 2091 503 2125 ὅροις
525 2091 580 2118 τῶν
603 2092 758 2120 Μωαὸιτῶν
773 2092 910 2120 τεθεῖσθαι
929 2093 978 2128 τὴν

189 2134 295 2169 Σηγὼρ.
323 2133 402 2166 Τίνος
428 2133 473 2161 οὖν
489 2136 570 2162 ἓνεκα
593 2135 680 2163 ταῦτα
696 2136 868 2172 συμϐήσεται
882 2136 978 2162 παθεῖν

187 2180 272 2215 αὐτήν
284 2188 291 2212 ;
308 2179 428 2214 Δάμαλίς
440 2180 497 2206 ἐστι
508 2180 627 2216 τριέτης.
645 2181 674 2207 '0
687 2180 777 2216 τρίτος
789 2179 910 2211 ἐνιαυτὸς
924 2182 977 2212 τοῖς

188 2225 296 2259 ἀλόγοις
320 2224 374 2252 τῶν
399 2224 475 2257 ζώων
495 2226 576 2261 ἀρκεῖ
596 2226 664 2261 πρὸς
688 2225 789 2260 ἀκμὴν,
821 2225 867 2251 καὶ
888 2225 927 2257 είς
948 2226 978 2252 τὸ

1025 320 1098 347 enim
1121 319 1352 352 circumsistente,
1369 323 1397 346 et
1419 319 1512 346 ultima
1536 317 1619 352 250
1640 316 1822 350 calamitate,

1027 370 1082 393 tam
1097 365 1208 393 urbibus
1222 372 1302 399 quam
1315 365 1439 392 domibus
1454 365 1570 396 invecta,
1584 364 1621 390 illi
1637 363 1664 390 in
1679 363 1774 398 plateis
1788 367 1817 390 et

1025 412 1174 447 angiportis
1193 411 1328 446 eiulantes
1344 411 1515 442 discurrunt,
1531 410 1712 444 quodcunque
1728 409 1810 436 nimi-

1026 465 1085 484 rum
1096 456 1259 485 imbecillum
1271 461 1312 484 est
1324 464 1356 483 ac
1370 456 1488 488 imbelle,
1505 455 1586 482 veluti
1603 455 1774 487 l'enﬁnarum,
1789 458 1817 481 et

1027 502 1167 530 infantium
1181 510 1277 537 genus,
1290 502 1360 529 domi
1377 501 1515 533 exsiliens,
1531 501 1632 528 luctum
1647 500 1702 527 edit
1715 504 1742 526 et
1759 499 1817 534 eju-

1027 549 1122 581 latum,
1135 555 1196 575 cuin
1214 548 1324 575 hostiles
1341 547 1489 582 phalanges
1506 547 1611 580 aspicit,
1625 554 1688 574 cum
1704 546 1816 581 iamiam

1026 594 1109 621 σίτοιο
1135 593 1236 621 eadem
1265 593 1394 627 cogitant.
1421 593 1528 619 Plorate
1569 592 1666 627 igitur,
1689 592 1818 619 clamavit

1026 640 1096 667 enim
1114 640 1230 672 Esebon,
1243 643 1271 666 et
1285 638 1372 665 locuta
1390 643 1441 669 est,
1455 639 1540 665 donec
1558 637 1686 664 exaudita
1705 641 1747 664 est
1766 643 1815 662 vox

1026 686 1094 719 ejus.
1108 685 1193 713 Urbes
1209 685 1257 712 has
1271 690 1382 711 narrant
1395 691 1455 711 esse
1470 684 1646 710 Moabilartnn
1662 682 1813 710 bellicosis-

1026 732 1120 759 simas.
1135 731 1171 757 At
1187 730 1306 762 tametsi.
1324 730 1421 764 inquit,
1438 730 1474 756 ita
1492 730 1556 761 sint,
1572 733 1677 756 tantum
1696 733 1817 755 attamen

1027 777 1127 803 luctum
1145 775 1314 807 excitabunt,
1331 780 1360 802 ut
1373 782 1425 802 non
1439 774 1566 805 obscure,
1586 780 1638 800 non
1657 773 1682 799 in
1701 771 1816 799 abscon-

1026 821 1083 848 dito
1097 821 1213 855 plorent.
1228 821 1282 848 itno
1300 821 1336 847 ita
1354 826 1383 847 ut
1399 819 1500 854 percipi
1518 819 1630 846 auribus
1647 826 1698 845 vox
1717 817 1815 852 possit,

1026 869 1055 892 ct
1071 865 1144 893 clare
1160 865 1276 899 ejulent,
1293 865 1389 892 incolis
1406 872 1484 891 suam
1502 864 1688 892 fortitudinem
1709 863 1816 890 solitam

1028 912 1240 947 negligentibus,
1257 916 1284 939 et
1301 912 1335 938 ita
1353 911 1474 938 contusis
1491 914 1518 938 et
1533 911 1645 941 accisis.
1663 914 1689 936 ut
1707 916 1818 943 prorsus

1030 956 1097 984 nihil
1112 957 1219 989 virium,
1231 956 1295 983 nihil
1310 963 1451 983 nervorum
1468 955 1593 988 habeant,
1607 954 1727 988 nihilque
1742 954 1818 981 forti-

1029 1007 1070 1030 ter
1083 1008 1130 1030 aut
1146 1003 1266 1032 cogitent
1280 1007 1326 1030 aut
1339 1002 1500 1036 suscipiant.

1066 1165 1146 1193 Vt-zlts.
1164 1165 1190 1193 5.
1207 1165 1322 1193 Lumbus
1345 1166 1498 1193 Moabitidis
1516 1166 1610 1193 clamat
1627 1175 1636 1192 :
1654 1166 1742 1193 anima
1761 1166 1818 1200 ejus

1029 1216 1176 1246 cognoscet,
1189 1216 1211 1238 et
1227 1218 1272 1238 cor
1286 1211 1438 1238 Moabitidis
1456 1212 1551 1238 clamat
1569 1213 1595 1238 in
1611 1212 1666 1246 ipsa
1687 1220 1766 1246 usque
1783 1212 1817 1238 ad

1030 1257 1111 1292 Segor
1121 1266 1130 1284 :
1140 1257 1221 1284 vitula
1235 1257 1302 1284 enim
1312 1262 1348 1284 est
1358 1258 1476 1285 triennia.
1488 1257 1572 1292 Super
1583 1263 1669 1284 autem
1682 1265 1819 1285 ascensum

1028 1303 1063 1329 ad
1078 1308 1102 1329 te
1114 1304 1205 1337 ﬂentes
1218 1303 1355 1330 ascende"!
1370 1304 1411 1331 via
1422 1303 1540 1331 Aroniim
1553 1312 1561 1331 :
1575 1303 1672 1330 clamat
1684 1303 1817 1335 contritio,

1028 1355 1051 1377 et
1067 1350 1210 1377 concussio.

1065 1452 1215 1479 lmmittunt
1230 1459 1259 1479 se
1273 1457 1300 1479 et
1313 1452 1438 1487 ingerunt
1454 1459 1560 1486 semper
1576 1455 1639 1478 ante
1655 1450 1818 1478 incurabiles

1029 1498 1212 1529 calamitates,
1225 1498 1276 1524 diri
1299 1498 1435 1525 cruciatus
1456 1501 1483 1524 et
1503 1495 1718 1523 exanimationes
1740 1503 1817 1522 accr-

1030 1545 1121 1576 rintm,
1135 1550 1317 1578 pavornmque
1334 1542 1470 1573 incursio,
1484 1549 1542 1576 qua:
1562 1541 1629 1568 satis
1648 1546 1690 1567 est
1706 1540 1739 1567 ad
1758 1541 1816 1567 ani-

1031 1598 1103 1616 mum
1125 1589 1329 1617 lidentissimum
1351 1587 1580 1615 labelactandum.
1599 1586 1666 1612 lliuc
1683 1586 1725 1618 iit,
1744 1586 1817 1612 arbi—

1031 1642 1101 1667 tror,
1119 1640 1147 1662 ut
1164 1635 1324 1669 quibusdam
1343 1634 1427 1662 facies
1448 1634 1551 1660 tetrica
1567 1633 1638 1664 siut,
1654 1636 1682 1659 et
1700 1632 1816 1666 suspiria

1029 1681 1110 1708 veluti
1127 1688 1160 1708 cx
1179 1679 1313 1715 profundo
1331 1679 1483 1710 trahantur,
1501 1677 1613 1704 internte
1630 1676 1745 1703 “ammte
1762 1676 1816 1703 ier-

1028 1735 1119 1754 rorem
1132 1725 1319 1760 exprimentia.
1330 1724 1435 1751 Clamat
1446 1723 1526 1758 igitur
1537 1722 1642 1749 lumbus
1653 1720 1817 1752 Moabitidis,

1028 1774 1054 1801 id
1071 1779 1121 1804 est,
1140 1774 1165 1800 in
1183 1772 1322 1800 doloribus
1337 1774 1388 1802 est,
1403 1769 1509 1797 labores
1527 1774 1696 1802 angoresque
1713 1767 1815 1793 habens

1029 1817 1170 1845 intestinos
1200 1816 1353 1844 rumoribus
1382 1819 1446 1842 ante
1477 1813 1633 1849 perculsus,
1663 1811 1817 1845 bellumque
1854 1831 1857 1834 .

1029 1864 1147 1890 nondum
1172 1863 1332 1890 intentatum
1358 1860 1568 1895 persentiscens.
1585 1858 1717 1893 Cognovit
1744 1856 1816 1883 enim

1029 1909 1080 1936 hoc
1096 1909 1187 1935 anima
1205 1907 1273 1941 ejus.
1293 1906 1367 1933 lianc
1392 1906 1426 1933 ob
1445 1912 1555 1934 causam
1574 1904 1774 1931 lamentabalur
1789 1907 1817 1928 et

1029 1953 1163 1980 clamabat
1178 1953 1203 1979 in
1219 1960 1248 1979 se
1263 1959 1346 1985 usque
1362 1951 1394 1978 ad
1412 1950 1507 1984 Segor.
1523 1949 1649 1976 nimirum
1668 1951 1721 1974 tota
1741 1946 1816 1980 regio

1030 1997 1183 2029 Moabitica,
1194 2002 1222 2023 et
1234 2003 1319 2030 usque
1331 1997 1364 2023 ad
1379 1996 1449 2029 ipsos
1463 1995 1601 2022 terminos.
1615 1993 1731 2019 Narrant
1743 1991 1816 2018 vidc-

1030 2044 1092 2071 licet
1109 2043 1135 2070 in
1152 2043 1218 2077 ipsis
1234 2041 1334 2069 finibus
1348 2040 1526 2067 Moabitarum
1543 2039 1622 2065 sitam
1642 2043 1703 2064 esse
1721 2036 1816 2072 δεεστ.

1029 2088 1111 2122 Cujus
1128 2088 1209 2122 igitur
1229 2087 1267 2114 rei
1287 2085 1372 2120 gratia
1390 2085 1447 2112 haec
1464 2085 1487 2111 ei
1506 2083 1647 2111 accident?
1667 2082 1754 2109 Vitula
1774 2087 1816 2109 est

1030 2132 1152 2160 triennis.
1165 2130 1273 2158 Tertius
1288 2137 1373 2156 annus
1386 2128 1569 2156 animantibus
1582 2128 1687 2155 ratione
1701 2128 1816 2154 carenti-

1029 2179 1090 2210 bus,
1100 2178 1134 2205 ad
1147 2176 1234 2204 anatis
1246 2176 1350 2207 ﬂorem,
1361 2179 1388 2202 et
1399 2175 1432 2201 ad
1447 2179 1566 2201 maturas
1580 2174 1650 2201 vires
1663 2173 1815 2201 eﬂiciendas

1030 2224 1137 2251 suiﬁcit.
1154 2222 1246 2257 Itaque
1265 2226 1291 2248 et
1305 2228 1337 2248 eo
1354 2226 1474 2254 tempore
1490 2219 1592 2246 domari
1605 2219 1712 2247 debent.
1724 2218 1814 2252 Quan-

189 2269 347 2306 σφριγῶσαν
358 2271 449 2302 αὐτοῖς
460 2271 658 2306 ὲνεργήσασθαι
682 2269 807 2304 δύναμιν.
834 2269 976 2304 Τοιγάρτοι

1030 2269 1076 2296 diu
1101 2275 1166 2303 ergo
1190 2266 1274 2294 vitula
1301 2270 1342 2292 cst
1365 2265 1421 2300 jugi
1444 2265 1600 2298 inexperta,
1623 2263 1767 2290 lasciviens
1790 2267 1815 2289 et

187 2317 234 2344 καὶ
258 2316 306 2343 τοῦ
323 2317 421 2353 χρῆναι
434 2316 603 2353 δαμάζεσθαι
629 2316 724 2351 καιρὸς
749 2316 842 2348 αὐτοῖς
873 2317 976 2348 ἐκεῖνός

1028 2312 1188 2348 juvencula,
1203 2317 1231 2339 et
1248 2316 1371 2338 tenerum
1390 2317 1422 2337 ac
1440 2317 1538 2337 novum
1556 2316 1641 2336 cornu
1660 2307 1815 2341 proferens,

187 2364 272 2390 ἐστιν.
298 2362 372 2394 Ἕως
398 2362 488 2389 τοίνυν
514 2362 587 2389 ἐστὶν
615 2361 767 2397 ήδάμαλις
786 2361 976 2398 ἀπειρόζυγος,

189 2408 335 2444 σφριγῶσά
366 2416 396 2434 τε
421 2408 468 2435 καὶ
496 2408 554 2440 νέα,
581 2408 628 2434 καὶ
657 2408 788 2444 ἁρτιφυὲς
812 2407 965 2443 ἐκφέρουσα

187 2456 284 2491 κέρας,
304 2453 514 2489 κατασκιρτῶσα
525 2454 578 2480 τῶν
595 2453 684 2480 αὐλῶν
699 2454 744 2480 καὶ
758 2454 812 2481 τῶν
836 2453 978 2480 ἐπαύλεων

186 2501 362 2535 κατορχεὴαι
377 2499 536 2531 πλειστάκις
545 2508 552 2515 ·
566 2499 676 2535 τοιαύτη
691 2508 732 2531 τις
746 2500 854 2534 γέγονεν
865 2500 882 2534 ἡ
897 2499 979 2526 Μωα-

185 2545 282 2576 ϐιτῶν,
307 2544 469 2580 ἑπιπηδῶσα
487 2546 544 2577 τοῖς
571 2545 665 2577 πέλας,
695 2545 740 2571 καὶ
767 2543 977 2579 κατασκιρτῶσα

185 2592 240 2618 τῶν
257 2591 469 2626 ἀσθενεστέρων.
492 2590 611 2627 Ὑψηλὴν
634 2591 662 2617 δὲ
686 2588 755 2618 εἷναί
779 2600 861 2626 φασιν
881 2591 976 2625 αὐτὴν,

186 2638 234 2664 καὶ
245 2637 383 2674 λεωφόρον
396 2637 456 2664 τινὰ
468 2637 517 2672 τὴν
538 2637 681 2672 ’Δρωνιεὶμ
698 2636 769 2663 οὕτω
795 2636 976 2672 κεκλῃμένην,

187 2683 364 2719 ἀνακομίζειν
377 2691 407 2709 τε
425 2684 464 2715 εἰς
479 2682 564 2717 αὐτὴν
581 2683 643 2713 τοὺς
655 2681 685 2714 ἐξ
700 2681 801 2717 ἐτέρων
826 2682 941 2716 ἥκοντας
960 2682 976 2715 ἢ

188 2729 292 2756 πόλεων
307 2729 438 2765 ῆχωρῶν.
455 2728 513 2754 Ἐπ’
526 2727 610 2762 αὐτῆς
622 2728 721 2759 τοίνυν,
737 2727 814 2761 φησὶ,
824 2728 872 2762 τῆς
882 2727 979 2754 ἀναϐά-

188 2783 257 2807 σεως
277 2774 326 2810 τῆς
349 2775 509 2809 ’Δρωνιεὶμ,
530 2773 670 2804 κλαίοντες
694 2773 882 2809 ἀναϐήσονται.
900 2773 978 2806 Φωνὴ

1027 2358 1166 2385 exsultans
1181 2365 1213 2385 ex
1227 2356 1310 2391 septis
1324 2360 1350 2383 et
1367 2355 1506 2383 vestibulis
1521 2362 1553 2383 ac
1572 2353 1699 2385 stabulis,
1715 2352 1817 2379 saltitat

1028 2403 1108 2439 251
1132 2403 1287 2430 identidem.
1307 2401 1380 2428 Talis
1402 2401 1506 2428 exstitit
1528 2399 1668 2431 Moabitis,
1685 2398 1815 2426 insultant:

1030 2448 1137 2481 vicinis,
1149 2452 1176 2475 et
1193 2448 1219 2473 in
1238 2446 1402 2473 inﬁrmiores
1419 2445 1550 2474 insiliens.
1569 2444 1708 2472 Excelsam
1726 2448 1814 2470 autent

1029 2494 1122 2520 dicunt
1136 2500 1206 2525 esse,
1219 2496 1246 2518 et
1261 2491 1419 2526 popularem
1432 2490 1553 2517 Arouiim
1569 2496 1599 2517 ut
1613 2495 1735 2522 vocatur,
1749 2489 1814 2515 rcci-

1027 2546 1144 2574 pereque
1160 2541 1290 2572 quotquot
1307 2537 1339 2563 ad
1358 2544 1417 2563 cam
1435 2544 1468 2563 ex
1487 2536 1548 2563 aliis
1566 2544 1612 2562 seu
1631 2535 1755 2566 urbibus,
1768 2541 1814 2560 seu

1027 2584 1182 2620 regionibus
1195 2584 1336 2610 ventitant.
1351 2583 1443 2618 Igitur,
1456 2582 1505 2614 ait,
1518 2590 1551 2609 ex
1565 2588 1678 2608 ascensu
1692 2579 1814 2606 Aroniitn

1026 2631 1121 2658 netues
1134 2630 1289 2658 ascenderit.
1310 2630 1366 2656 Vox
1380 2635 1467 2656 autem
1479 2627 1600 2654 flentium
1614 2632 1666 2657 esl,
1688 2624 1814 2652 conlt'iliu

1026 2683 1053 2705 ct
1077 2677 1228 2705 concussio.
1254 2675 1392 2710 Siquidem
1415 2676 1567 2702 clalnaruut
1593 2673 1627 2699 ob
1653 2671 1813 2698 acerbitates

1028 2729 1172 2751 ereuturas
1187 2730 1220 2748 ex
1237 2721 1315 2753 bello.
1331 2722 1400 2755 quod
1418 2720 1520 2747 scilicet
1536 2726 1630 2745 omnes
1649 2723 1701 2744 tam
1721 2716 1813 2748 urbes,

1029 2779 1108 2805 quam
1125 2770 1219 2796 domos
1234 2768 1365 2798 concutit,
1380 2772 1406 2793 et
1420 2766 1465 2800 qui
1482 2767 1506 2791 in
1524 2765 1556 2791 iis
1570 2770 1631 2791 stitit
1647 2763 1772 2791 conterit.

186 2823 281 2855 δὲτοῖς
297 2822 432 2854 κλαίουσι,
459 2821 616 2857 σύντριμμα
644 2821 691 2847 καὶ
725 2821 898 2856 συσσεισμὸς.
915 2819 1177 2855 Προανακεκρὲιγασι
1206 2815 1259 2852 γὰρ
1283 2816 1317 2842 τὰ
1348 2816 1379 2841 ἐκ
1403 2813 1449 2840 τοῦ
1477 2813 1594 2849 πολέμου
1621 2812 1816 2848 συμϐησόμενα

187 2868 272 2904 πάθη,
289 2868 431 2904 μονονουχὶ¹
446 2867 615 2897 συσσείοντος
630 2865 748 2899 ἅπαντα,
770 2866 861 2897 πόλεις
879 2875 908 2892 τε
931 2866 975 2892 καὶ
995 2865 1096 2896 οἴκους,
1117 2864 1163 2890 καὶ
1183 2863 1243 2894 τοὺς
1258 2864 1285 2888 ἐν
1302 2862 1391 2892 αὐτοῖς
1408 2861 1604 2896 συντρίϐοντος.

226 2926 260 2952 Τὸ
281 2925 359 2960 ὕδωρ
377 2924 431 2959 τῆς
446 2923 567 2958 Νεϐρεὶμ
581 2924 691 2959 ἔρημον
708 2924 803 2957 ἔσται,
816 2925 863 2953 καὶ
878 2926 893 2951 c'
913 2925 967 2958 χψ

1073 2923 1152 2951 γωδ.
1173 2924 1198 2949 (ι.
1217 2922 1289 2956 Aqua
1308 2920 1424 2947 Νίιηιιιιι
1444 2920 1545 2946 demta
1561 2919 1620 2952 erit,
1633 2924 1654 2945 ct
1668 2918 1745 2944 lmba
1759 2915 1811 2948 ejus
