4166 6296
544 428 650 485 833

1537 426 1594 479 S.
1633 419 1910 480 CYRILLI
1950 419 2419 477 ALEXANDRINI
2460 419 2780 476 ARCHIEP.

3697 414 3802 470 404

547 543 752 614 deﬁciet
773 555 791 594 :
809 541 970 595 herbe
997 541 1133 594 enim
1162 537 1347 594 uiridis
1381 553 1487 592 non
1519 539 1619 591 erit
1641 555 1661 602 ;
1691 536 1923 606 nunquid
1951 544 1999 588 et
2040 535 2116 586 sic

2245 551 2318 599 ὀς
2373 532 2562 601 αὐτῆς
2613 533 2912 599 ὲκλείψει³
2972 531 3186 600 χόρτος
3231 532 3340 600 γὰρ
3400 528 3635 596 χλωρὸς
3692 531 3803 584 οὐκ

549 636 694 691 debet
721 635 922 689 servari
935 633 962 688 .’

625 727 822 782 Urbem
851 723 1069 778 Nebrim
1098 723 1194 796 [ιιι.
1228 720 1494 793 Nemrim]
1513 721 1740 788 positam
1759 733 1880 774 esse
1897 718 2048 774 aiunt
2072 720 2123 773 iu

547 826 788 873 extrema
821 831 917 871 ora
945 816 1202 887 regionis,
1235 817 1370 869 mari
1391 814 1576 868 Rubro
1597 814 1851 876 vicinam,
1885 812 2128 880 adeoque

549 923 806 978 aquosam
825 916 881 963 et
899 906 1152 974 feracem,
1171 915 1229 960 ut
1257 905 1411 975 equis
1435 904 1616 960 multis
1634 902 1911 957 abundare
1935 899 2124 970 possit,

550 1000 780 1068 ideoque
807 1013 930 1054 esse
955 1001 1119 1054 etiam
1149 996 1580 1068 pugnacissimos
1607 995 1877 1057 homines,
1899 992 2129 1046 habere-

549 1103 656 1157 que
686 1090 988 1159 equitatum
1039 1085 1272 1144 bellandi
1319 1087 1571 1156 peritum.
1636 1085 1715 1138 Ex
1763 1084 1944 1138 divina
1975 1096 2124 1151 ergo,

552 1181 746 1249 inquit,
797 1180 901 1246 ira,
927 1194 992 1234 ex
1033 1180 1270 1234 hostium
1309 1179 1687 1248 impressione,
1721 1177 1974 1231 destituta
2023 1175 2130 1228 erit

553 1273 728 1340 aquis,
751 1272 1017 1341 viridique
1037 1271 1221 1327 herba.
1242 1271 1497 1338 Quosane
1514 1267 2129 1340 lacto,jacebiLomnino

557 1365 632 1418 rei
661 1363 917 1418 militaris
943 1363 1196 1427 scientia,
1231 1362 1460 1417 sublatis
1488 1371 1614 1416 ante
1645 1360 1823 1429 equis,
1853 1374 1916 1413 ac
1947 1357 2129 1412 inedia

556 1455 974 1512 intereuntibus.
1029 1454 1096 1508 At
1138 1455 1183 1509 si
1236 1456 1371 1518 hoc,
1407 1454 1604 1524 inquit,
1652 1452 1764 1518 liat,
1794 1467 1921 1505 num
1965 1451 2131 1519 igitur

557 1544 664 1599 alte
689 1544 755 1599 de
789 1558 850 1600 se
887 1560 950 1600 ac
998 1555 1107 1600 tam
1147 1543 1435 1614 magniﬁce
1479 1544 1716 1598 sentiet?
1747 1540 1885 1596 Num
1931 1542 1976 1596 si
2031 1541 2131 1594 hoc

556 1637 870 1706 contigerit,
901 1638 1228 1702 servabitur,
1277 1647 1332 1692 et
1369 1637 1709 1691 inimicorum
1759 1649 1950 1688 manus
1994 1631 2131 1688 ellu-

559 1729 704 1797 giet?
733 1727 924 1783 Fracta
949 1729 1092 1783 enim
1123 1738 1176 1785 et
1197 1730 1468 1784 exstincta
1502 1742 1692 1783 eorum
1719 1726 1983 1797 potentia,
2012 1739 2132 1794 qua:

560 1821 774 1874 demum
804 1821 910 1874 erit
934 1834 1060 1890 spes
1087 1820 1279 1875 salutis
1297 1820 1322 1872 i

637 2081 800 2137 Vnus.
837 2080 953 2136 7-9.
996 2081 1256 2136 laducam
1301 2082 1438 2135 enim
1476 2082 1529 2134 in
1578 2081 1762 2134 vallem
1808 2080 2038 2148 Arabes,
2087 2089 2135 2134 et

561 2175 772 2244 capient
823 2192 959 2228 eam.
1015 2173 1239 2245 Pertigit
1293 2175 1430 2228 enim
1487 2174 1688 2227 clamor
1735 2174 1804 2226 ad
1857 2175 2136 2227 terminum

564 2265 869 2320 Moabitidis
898 2266 1151 2335 Agallim;
1182 2275 1230 2320 et
1257 2265 1481 2334 ejulatio
1509 2266 1621 2334 ejus
1653 2282 1810 2334 usque
1830 2266 1898 2318 ad
1921 2273 2136 2330 puteum

565 2353 724 2411 Elim.
744 2358 892 2425 Aqua
910 2355 1178 2411 Rhembon
1207 2355 1302 2428 [ιιι.
1327 2355 1536 2428 Dimon]
1559 2355 1837 2424 replebitur
1859 2356 2134 2425 sanguine.

562 2445 822 2502 Iudaeam
871 2449 1007 2502 enim
1060 2465 1214 2514 super
1272 2447 1537 2502 Illtembou
1588 2448 1806 2502 Arabes.
1853 2445 1918 2500 Et
1954 2448 2137 2501 tollam

560 2551 732 2590 semen
779 2534 936 2590 Moab
977 2546 1024 2591 et
1059 2537 1222 2591 Ariel.
1263 2535 1328 2589 Et
1383 2539 1649 2590 residuum
1689 2536 1891 2590 Adama
1932 2538 2137 2590 mittam

567 2639 819 2697 tauquam
860 2627 1067 2695 repttlia
1099 2644 1256 2696 super
1291 2637 1506 2682 terram.

635 2807 824 2862 Partes
855 2805 1316 2861 Damascenorum
1350 2809 1416 2862 ad
1447 2809 1708 2862 Austrum
1749 2808 1984 2865 maxime
2015 2825 2139 2864 ver-

565 2907 774 2968 gentes,
808 2898 1229 2953 innumerabilia
1274 2913 1474 2968 genera
1517 2915 1704 2953 eorum
1738 2901 1829 2969 qui
1877 2901 2141 2957 Saraceni

566 2997 847 3052 vocantur,
904 2986 1144 3042 incolere
1188 2987 1407 3051 dicunt,
1457 2998 1510 3043 et
1559 2990 1624 3042 ad
1672 2989 1914 3044 Persium
1971 3007 2141 3060 usque

566 3074 810 3144 porrigi.-
835 3074 900 3129 lli
929 3090 1080 3129 arma
1116 3076 1481 3140 contulerunt,
1521 3079 1816 3148 coniasque
1841 3078 2139 3147 junxerunt

566 3179 688 3218 cum
725 3164 1052 3236 Babyloniis,
1087 3176 1142 3221 et
1186 3165 1424 3236 populati
1459 3179 1584 3222 sunt
1622 3167 1969 3225 Moabitidem
2001 3189 2016 3226 :
2049 3187 2138 3227 se-

563 3257 874 3324 quebantur
913 3260 1114 3329 quippe
1142 3270 1197 3315 et
1225 3259 1350 3331 ipsi,
1387 3260 1514 3316 licet
1542 3276 1609 3317 ex
1641 3278 1702 3316 ea
1737 3274 1898 3331 gente
1930 3274 2138 3332 essent,

571 3347 1041 3420 Moabitarumque
1073 3351 1264 3406 vicini.
1299 3351 1490 3407 Vocati
1522 3365 1648 3408 sunt
1676 3357 1820 3410 enim
1850 3357 1902 3410 bi
1927 3373 2144 3426 quoque

551 3435 794 3490 Arabes.
822 3435 1153 3508 Capiendum
1199 3441 1380 3510 itaque
1411 3442 1542 3496 dicit
1568 3440 1790 3498 Neurim
1829 3463 1842 3499 :
1891 3447 2141 3500 luducant

567 3525 712 3578 enim
742 3539 912 3594 super
958 3527 1146 3582 vallem
1191 3529 1420 3596 Arabes,
1453 3541 1507 3584 et
1536 3533 1750 3600 capient
1785 3534 1948 3605 252
1993 3551 2138 3591 eam.

577 3613 806 3680 Vallem,
845 3616 1162 3680 utvidetur.
1187 3619 1408 3675 Neurim
1436 3621 1698 3690 nominat,
1717 3627 1913 3694 quippe
1940 3642 2062 3695 qua.-
2091 3629 2142 3682 in

570 3721 814 3784 concavo
847 3706 968 3762 loco
1000 3709 1104 3763 sita
1145 3711 1236 3775 sit,
1275 3710 1529 3768 nimirum
1572 3729 1694 3768 cum
1739 3716 1859 3771 alia?
1899 3719 2060 3774 urbes
2093 3720 2144 3774 in

573 3798 740 3853 altum
769 3807 992 3865 evectae,
1021 3810 1078 3854 et
1107 3801 1161 3856 in
1195 3802 1469 3858 montibus
1503 3807 1694 3874 posita:
1721 3809 1850 3862 sint.
1879 3808 2144 3875 Quoniam

553 3903 702 3945 avaro
725 3903 830 3945 non
859 3905 986 3960 pars
1014 3890 1371 3948 Ioabitarum
1405 3895 1548 3951 bello
1576 3901 1758 3953 attrita
1779 3910 1886 3964 est,
1915 3903 2008 3954 sed
2035 3912 2144 3956 tota

570 3983 798 4038 omnino
823 3997 888 4037 ac
917 3983 971 4037 in
1006 3994 1175 4038 totum
1208 4001 1572 4056 conquassata
1603 4003 1705 4058 est,
1742 4000 1797 4047 et
1839 3995 1891 4046 in
1940 4009 2144 4048 morem

571 4072 708 4128 ebrii
747 4075 986 4144 jactata;
1038 4075 1161 4130 ideo
1209 4077 1382 4148 inquit
1426 4095 1456 4134 a
1493 4081 1688 4136 linibus
1728 4085 1794 4137 ad
1848 4084 1984 4138 lines
2023 4101 2145 4154 per-

576 4174 859 4220 venturum
885 4168 1201 4234 clamorem,
1229 4169 1550 4226 ululantium
1581 4174 1828 4230 videlicet
1857 4185 1910 4230 et
1935 4191 2145 4243 eorum,

574 4257 663 4324 qui
690 4272 875 4311 casum
897 4260 1240 4327 pereuntium
1273 4262 1416 4317 soliti
1442 4275 1567 4318 sunt
1593 4265 1896 4335 deplorare.
1925 4267 2150 4338 Pertigit

573 4349 718 4402 enim
742 4350 966 4416 clamor,
995 4353 1188 4422 inquit,
1216 4356 1504 4409 terminum
1535 4355 1862 4422 Moabitidis,
1897 4359 2146 4426 Agallim,

575 4448 630 4494 et
677 4438 896 4507 eiulatio
943 4441 1062 4510 ejus
1107 4457 1277 4512 usque
1323 4446 1390 4499 ad
1437 4456 1653 4515 puteum
1701 4447 1859 4502 Elim.
1907 4449 2150 4504 Extimas

2225 625 2416 688 ἔσται,
2449 625 2536 694 μὴ
2570 624 2672 678 καὶ
2697 625 2885 688 οὕτως
2931 623 3144 690 μέλλει
3179 620 3486 688 σωθῆναι;

2296 717 2457 768 Πόλιν
2495 711 2634 768 εἶναί
2674 730 2805 784 φασι
2860 713 2960 784 τὴν
3009 713 3252 783 Νεϐρεὶμ
3287 711 3546 782 κειμένην
3595 710 3692 781 μὲν
3747 712 3806 764 ὲν

2227 808 2505 876 ἐσχατιαῖς
2519 807 2615 875 τῆς
2635 805 2838 877 χώρας.
2855 804 3178 873 γειτνιῶσαν
3200 803 3442 873 Θαλάσσῃ
3469 803 3533 872 τῇ
3570 801 3832 872 Ἐρυθρᾷ,

2227 896 2448 968 εὔυδρον
2475 897 2533 950 δὲ
2561 895 2734 959 οὕτως
2757 897 2850 949 καὶ
2876 895 3115 958 εὔϐοτον,
3139 895 3210 958 ὼς
3243 893 3336 946 καὶ
3359 894 3522 946 ἵππον
3547 891 3806 944 δύνασθαι

2237 987 2539 1058 κεκτῆσθαι
2574 987 2775 1058 πολλὴν
2807 988 2934 1050 τοὺς
2964 987 3020 1039 ὲν
3051 987 3210 1055 αὐτῇ·
3245 984 3414 1055 ταύτῃ
3435 1001 3516 1036 τοι
3545 984 3638 1036 καὶ
3667 977 3805 1035 εἶναι

2233 1077 2672 1146 μαχιμωτάτους,
2709 1076 2852 1145 ἔχειν
2878 1092 2938 1128 τε
2968 1073 3064 1144 τὴν
3117 1074 3280 1127 ῖππον
3316 1073 3806 1144 ὲμπειροπόλεμον.

2243 1169 2336 1220 Ἐκ
2381 1167 2531 1230 θείας
2557 1166 2756 1229 τοίνυν,
2795 1167 2980 1235 φησὶν,
3008 1166 3196 1238 ὀργῆς,
3241 1167 3306 1218 ὲκ
3344 1165 3444 1235 τῆς
3495 1165 3604 1218 τῶν
3651 1165 3811 1217 πολε-

2233 1259 2371 1327 μίων
2395 1259 2607 1328 ἐφόδου,
2661 1258 2866 1328 ἕρημος
2909 1257 3061 1311 ἔσται
3091 1259 3183 1310 καὶ
3210 1258 3418 1310 ὑδάτων
3465 1258 3560 1310 καὶ
3611 1258 3808 1328 χόρτου

2231 1351 2464 1422 χλωροῦ.
2497 1345 2574 1406 Ob
2597 1350 2661 1422 δὴ
2688 1350 2993 1418 γεγονότος,
3035 1350 3290 1418 ἀτονήσει
3341 1350 3561 1412 πάντως
3614 1351 3647 1420 ἠ
3701 1349 3811 1401 τῶν

2229 1443 2502 1497 τακτικῶν
2540 1442 2800 1512 ἐμπειρία
2833 1442 3301 1512 προανῃρημένων
3333 1441 3442 1494 τῶν
3476 1442 3680 1506 ἵππων,
3721 1444 3812 1493 καὶ

2231 1534 2555 1587 διολωλότων
2582 1534 2686 1586 ὑπὸ
2716 1533 2893 1603 λιμοῦ.
2941 1533 3081 1585 Ἀλλ’
3115 1535 3160 1585 εξ
3206 1531 3363 1585 τοῦτο
3390 1534 3618 1601 γένοιτο,
3655 1533 3811 1602 φησι.

2236 1624 2308 1696 μὴ
2337 1626 2445 1696 ἄρα
2481 1626 2736 1695 φρονήσει
2759 1624 2916 1694 μέγα
2965 1626 3059 1678 καὶ
3095 1624 3268 1685 οὕτως
3321 1627 3404 1693 ἐφ’
3453 1625 3694 1695 ἑαυτῆςς
3738 1626 3813 1696 μὴ

2232 1718 2422 1771 τούτου
2460 1717 2868 1787 συμϐεϐηκότος
2918 1716 3098 1788 μέλλει
3144 1717 3404 1786 σωθῆναι,
3442 1717 3535 1770 καὶ
3578 1717 3677 1779 τὰς
3706 1716 3816 1769 τῶν

2235 1810 2509 1880 πολεμίων
2567 1809 2847 1879 διαδράναι
2900 1811 3122 1878 χεῖρας;
3186 1808 3648 1879 προανῃρημένης
3708 1806 3820 1879 γὰρ

2166 1891 2209 1948 Β
2237 1901 2415 1954 αὐτῶν
2447 1900 2546 1968 τῆς
2581 1899 2781 1969 ἰσχύος,
2805 1897 2932 1952 ποία
2953 1915 3032 1961 τις
3056 1897 3206 1950 ἐσται
3231 1897 3416 1951 λοιπὸν
3442 1898 3476 1967 ἡ
3504 1897 3604 1966 τῆς
3643 1913 3821 1968 σωτη-

2239 1993 2361 2062 ρίας
2399 1991 2584 2058 ὲλπίς;

2321 2081 2554 2147 Ἐπάεω
2601 2085 2712 2152 γὰρ
2767 2082 2868 2136 ἐπὶ
2915 2083 3031 2150 τὴν
3068 2083 3341 2152 φάραγγα
3392 2085 3661 2152 Ἄραϐας,
3719 2084 3822 2136 καὶ

2237 2174 2540 2244 λήψονται
2586 2174 2800 2242 αὑτήν.
2852 2175 3100 2244 Συνῆψε
3139 2176 3176 2243 ἠ
3213 2177 3338 2243 ,βοὴ
3379 2175 3446 2229 τὸ
3506 2176 3672 2244 ὅριον
3711 2175 3822 2241 τῆς

2239 2265 2599 2331 Μωαϐίτιδος
2623 2265 2732 2333 τῆς
2761 2268 3093 2337 Ἀγαλλεὶμ,
3127 2268 3226 2322 καὶ
3253 2267 3597 2338 ὀλολυγμὸς
3628 2267 3824 2335 αὐτῆς

2237 2359 2346 2425 ἕως
2373 2359 2478 2413 τοῦ
2498 2359 2752 2428 φρέατος
2768 2359 2874 2413 τοῦ
2914 2361 3131 2428 Ἐλείμ.
3175 2361 3240 2414 Τὸ
3264 2360 3332 2413 δὲ
3361 2360 3518 2428 ὕδωρ
3545 2360 3612 2412 τὸ
3653 2361 3822 2428 Ῥεμε

2233 2452 2360 2520 μὼρ
2376 2453 2794 2518 πλησθήσεται
2817 2453 3085 2521 α7ματοςο
3105 2451 3304 2516 ἐπάξω
3326 2452 3436 2522 γὰρ
3447 2453 3545 2505 ἐπὶ
3567 2451 3824 2522 Ῥεμμὼρ

2244 2545 2513 2612 Ἄραϐας.
2547 2545 2653 2598 Kal
2678 2542 2800 2611 ἀρῶ
2836 2544 2900 2597 τὸ
2924 2542 3165 2612 σπέρμα
3208 2543 3401 2608 Μωὰϐ,
3453 2543 3553 2596 καὶ
3599 2542 3820 2610 Ἀριὴλ,

2241 2634 2337 2687 καὶ
2369 2633 2435 2686 τὸ
2466 2633 2836 2688 κατάλοιπον
2877 2633 3109 2703 Ἀδαμα
3138 2633 3456 2688 ἀποστελῶ
3488 2636 3567 2701 ὡς
3595 2634 3823 2704 ἑρπετά

2240 2726 2338 2778 ἐπὶ
2366 2725 2476 2794 τῆς
2508 2725 2642 2795 γῆς·

2311 2816 2393 2870 Τὰ
2449 2815 2748 2870 νοτιώτατα
2795 2817 2936 2888 μέρη
3007 2818 3114 2871 τῶν
3171 2818 3546 2888 Δαμασκηνῶν
3593 2817 3826 2872 κατανέ-

2246 2909 2439 2980 μεσθαι
2465 2925 2597 2977 φασι
2635 2907 2705 2961 τὰ
2751 2906 2860 2960 τῶν
2890 2908 3237 2978 καλουμένων
3277 2908 3606 2980 Σαρακηνῶν
3637 2909 3828 2980 ἀναρί-

2245 3001 2427 3072 θμητα
2446 3002 2601 3069 γένη,
2633 3000 2727 3054 καὶ
2756 2998 2915 3068 μέχρι
2952 3000 3118 3068 αὐτῆς
3140 3001 3535 3071 παρατείνοντα
3560 3001 3656 3072 τῆς
3683 3001 3827 3071 Περ-

2247 3095 2374 3148 σῶν.
2431 3093 2593 3146 Αὐτοὶ
2656 3091 3054 3154 συνωπλίζοντο
3106 3094 3216 3155 τοῖς
3274 3091 3656 3155 Βαϐυλωνίοις,
3733 3093 3828 3144 καὶ

2246 3186 2539 3256 κατεδῂουν
2578 3185 2675 3254 τὴν
2716 3183 3022 3237 Μωαϐιτῶν
3049 3201 3062 3213 '
3124 3184 3339 3236 εἵποντο
3385 3183 3492 3255 γὰρ
3544 3184 3639 3236 καὶ
3674 3183 3826 3256 αὐτοὶ

2245 3278 2422 3331 καίτοι
2455 3275 2594 3346 τάχα
2642 3293 2743 3327 που
2787 3274 2882 3327 καὶ
2911 3275 3067 3342 γένος
3108 3275 3278 3339 ὄντες,
3331 3276 3425 3328 καὶ
3472 3275 3714 3344 γείτονες
3760 3277 3824 3345 τῇ

2243 3368 2570 3423 Μωαϐιτῶν.
2622 3367 2901 3437 Κέκληντο
2945 3366 3054 3438 γὰρ
3093 3368 3188 3420 καὶ
3239 3367 3478 3438 ’Ἄραϐες
3515 3369 3606 3420 καὶ
3653 3366 3823 3421 αὐτοί.

2245 3459 2629 3532 Ληφθήσεσθαι
2658 3459 2835 3512 τοίνυν
2867 3461 2998 3530 φησὶ
3028 3458 3125 3530 τὴν
3152 3459 3398 3530 Νεϐρείμ
3421 3479 3434 3490 ο
3475 3458 3692 3524 Ἐπάξω
3723 3460 3828 3528 γὰρ

2246 3553 2338 3606 ἐπὶ
2367 3551 2464 3623 τὴν
2509 3553 2788 3621 φάραγγα.
2849 3549 3116 3620 Ἀραϐας,
3179 3551 3272 3603 καὶ
3323 3551 3584 3620 λήψονται
3636 3549 3824 3619 αὐτὴν.

2243 3646 2528 3716 Φάραγγα,
2573 3644 2630 3696 δὲ
2675 3644 2814 3696 κατὰ
2847 3643 2906 3696 τὸ
2952 3644 3119 3706 είκὸς,
3156 3643 3411 3714 ὀνομάζει
3435 3643 3530 3715 τὴν
3561 3643 3824 3714 Νεϐρεὶμ,

2245 3736 2336 3790 διὰ
2369 3737 2429 3788 τὸ
2468 3738 2526 3789 ὲν
2573 3735 2738 3805 κοίλῳ
2779 3735 2990 3788 κεῖσθαι
3022 3735 3190 3805 τόπῳ.
3237 3735 3430 3788 Καίτοι
3481 3735 3587 3788 τῶν
3627 3735 3829 3807 ἐτέρων

2248 3827 2456 3882 πόλεων
2479 3827 2730 3898 ᾐρμένων
2763 3825 2920 3895 ὑψοῦ,
2960 3828 3052 3879 καὶ
3083 3828 3139 3879 ὲν
3173 3826 3354 3899 ὄρεσιν
3386 3825 3580 3881 οὐσῶν.
3615 3825 3830 3894 Ἐπειδὴ

2248 3920 2302 3973 δὲ
2335 3921 2396 3973 οὐ
2423 3920 2588 3990 μέρος
2625 3913 2693 3988 ἦν
2721 3918 2819 3988 τῆς
2847 3917 3154 3972 Μωαϐιτῶν
3193 3918 3254 3971 τὸ
3276 3918 3354 3988 τῷ
3388 3917 3610 3988 πολέμῳ
3644 3935 3825 3969 συντε-

2247 4011 2568 4082 τριμμένον,
2592 4009 2706 4063 ἀλλ’
2731 4009 2824 4082 ὅλη
2862 4010 2928 4063 δι’
2955 4010 3076 4063 ὅλου
3103 4009 3432 4081 κατεδονὴοη
3456 4027 3515 4061 τε
3542 4011 3636 4061 καὶ
3675 4008 3832 4061 σεσά-

2249 4103 2435 4156 λευται
2471 4101 2760 4172 μεθύοντος
2788 4101 2970 4167 δίκην·
3023 4101 3196 4172 ταύτῃ
3246 4117 3326 4153 τοι
3367 4101 3533 4171 φησιν
3567 4103 3630 4153 ἐκ
3665 4100 3834 4170 περά-

2249 4211 2358 4246 των
2398 4195 2477 4254 ei;
2507 4192 2719 4262 πέρατα
2753 4190 3190 4263 συναφθήσεσθαι
3250 4196 3348 4261 τὴν
3384 4191 3533 4260 βοὴν,
3583 4189 3690 4242 τῶν
3718 4189 3834 4242 ὀλο-

2251 4286 2518 4350 λυζὸντων
2547 4283 2808 4356 δηλονότι,
2847 4285 2940 4337 καὶ
2961 4284 3052 4336 τὸν
3086 4285 3196 4345 τοῖς
3223 4282 3543 4335 ἀπολεῖσθαι
3576 4281 3832 4350 μέλλουσι

2252 4378 2447 4450 θρῆνον
2509 4377 2806 4447 ὲκμελετᾷν
2867 4375 3153 4430 εἰωθότων.
3195 4373 3404 4445 Συνῆψε
3433 4373 3603 4444 γὰρὴ
3640 4371 3736 4441 βοὴ
3776 4371 3838 4422 τὺ

2251 4471 2397 4540 ὃριον
2427 4470 2524 4537 τῆς
2557 4467 2917 4530 Μωαϐίτιδος,
2951 4468 3104 4538 φησι,
3129 4467 3226 4538 τῆς
3265 4467 3576 4535 Ἀγαλλεὶμ,
3605 4468 3696 4518 καὶ
3719 4466 3838 4516 62w-

561 4541 758 4586 'autem
799 4534 982 4598 urbes,
1011 4545 1065 4589 et
1115 4535 1168 4588 in
1199 4535 1329 4605 ipsis
1361 4535 1563 4592 locatas
1594 4539 1838 4595 terminis
1870 4543 2142 4596 nominat:

2256 4557 2462 4627 λυγμὸς
2493 4558 2662 4626 αὐτῆς
2693 4557 2797 4620 ἓως
2827 4555 2919 4610 τοῦ
2953 4557 3188 4627 φρέατος
3220 4557 3310 4610 τοῦ
3356 4556 3562 4626 Ἑλείμ.
3619 4555 3732 4618 Τὰς
3779 4553 3839 4607 δὲ

575 4623 828 4692 Agallim,
881 4625 1124 4694 inquam,
1165 4635 1219 4680 et
1269 4637 1489 4694 puteum
1542 4626 1701 4684 Elim.
1765 4630 2014 4700 Cumque
2065 4634 2148 4686 la-

577 4727 819 4771 mentum
856 4731 954 4786 per
997 4731 1190 4771 omnes
1235 4719 1544 4786 provincias
1595 4720 1885 4776 tollendum
1931 4739 2149 4780 asseve-

579 4817 789 4875 rasset,
845 4809 922 4864 uti
973 4807 1253 4874 dicebam,
1310 4809 1434 4866 inde
1483 4811 1556 4864 ait
1603 4829 1617 4866 :
1657 4812 1808 4882 Aqua
1866 4813 2151 4871 Rbeutbon

582 4899 889 4969 implebitur
913 4903 1196 4973 sanguine.
1215 4901 1446 4958 Maxime
1470 4913 1648 4958 autem
1670 4907 1932 4976 irriguam
1949 4905 2153 4964 Rhem-

578 4995 682 5048 bon
727 5007 852 5049 esse
901 4995 1206 5063 perhibent.
1253 4996 1361 5051 Sed
1409 4997 1704 5067 replebitur
1742 5001 2027 5070 sanguine,
2071 5003 2152 5056 in-

581 5087 720 5155 quit,
743 5085 849 5141 hoc
875 5085 1084 5142 scilicet
1107 5089 1314 5153 dicens,
1339 5093 1480 5158 quod
1508 5091 1727 5160 sanguis
1759 5092 1880 5146 belli
1911 5104 2154 5164 tempore

577 5182 1051 5250 occumbentium,
1106 5198 1228 5238 cum
1278 5184 1530 5254 largitate
1578 5194 1633 5239 et
1686 5187 1839 5254 capia
1890 5202 2152 5257 aquarum

577 5275 890 5342 contendet,
927 5284 980 5330 et
1029 5274 1298 5330 rubefacti
1348 5275 1685 5344 apparebunt
1737 5275 1907 5344 ﬂuvii,
1957 5278 2156 5334 dili‘un-

579 5368 844 5439 deturque
894 5385 1033 5440 aqua
1087 5377 1276 5436 terrm,
1324 5383 1427 5422 ιιοη
1465 5367 1578 5434 jam
1625 5385 1795 5437 pura,
1851 5387 1954 5424 nou
2005 5386 2158 5436 aqua:

581 5462 819 5527 speciem
853 5462 1082 5528 habens,
1117 5461 1214 5516 sed
1251 5459 1451 5516 diversi
1494 5461 1710 5526 coloris,
1741 5473 1795 5518 et
1841 5465 2152 5532 sanguinea.

579 5551 1017 5622 Capieudatnque
1059 5569 1178 5608 eam
1225 5553 1300 5608 ait
1335 5553 1402 5607 ab
1448 5554 1740 5618 Arabibus,
1773 5565 1830 5607 ut
1868 5565 2036 5609 totum
2072 5568 2156 5609 se-

581 5657 705 5697 men
739 5642 924 5710 Moab,
973 5654 1028 5699 et
1071 5645 1237 5711 Ariel,
1276 5645 1514 5710 tollatur,
1565 5646 1616 5700 id
1657 5655 1759 5707 est,
1805 5647 2062 5715 perdatur
2105 5655 2159 5701 et

581 5733 922 5791 conﬁciatur.
960 5733 1030 5788 Et
1066 5735 1336 5789 residuum
1374 5738 1579 5790 mittam
1602 5777 1615 5801 ,
1659 5737 1852 5806 inquit,
1883 5737 2029 5792 velut
2071 5753 2152 5792 rc-

580 5826 736 5900 ptilia
764 5840 928 5898 super
963 5835 1185 5883 terram.
1226 5825 1327 5894 Qui
1355 5827 1499 5885 enim
1534 5836 1660 5885 sunt
1688 5843 1840 5888 acres
1869 5838 1922 5886 et
1954 5829 2156 5897 acerbi,

2255 4648 2357 4712 ἕξω
2389 4648 2590 4710 πόλεις,
2645 4649 2739 4701 καὶ
2775 4647 2858 4700 ἐπ’
2898 4649 3078 4711 αὐτοῖς
3130 4651 3242 4712 τοῖς
3289 4649 3526 4719 τέρμασι
3577 4648 3842 4716 κειμένας

2255 4737 2528 4808 ὀνομάζει,
2565 4739 2663 4808 τήν
2688 4755 2747 4790 τε
2786 4738 3078 4808 Ἀγαλλείμ
3113 4758 3276 4809 φημι,
3318 4740 3412 4792 καὶ
3443 4739 3503 4791 τὸ
3536 4739 3717 4809 φρέαρ
3745 4737 3838 4791 τοῦ

2268 4826 2473 4895 Ἐλείμ..
2515 4825 2799 4878 Τεθείσθαι
2831 4827 2886 4879 δὲ
2927 4826 3016 4879 τὸν
3065 4826 3260 4897 θρῆνον
3300 4828 3380 4889 εἰς
3430 4830 3608 4880 πᾶσαν
3661 4823 3843 4879 αὐτῶν

2256 4919 2354 4989 τὴν
2380 4917 2561 4989 χώραν
2596 4917 3093 4989 διαϐεϐαιούμενος,
3134 4920 3208 4982 ὼς
3261 4919 3416 4990 ἔφην,
3461 4916 3580 4973 εἶτά
3634 4937 3838 4988 φησιν,

2258 5011 2338 5062 ὅτι
2387 5008 2460 5060 Τὸ
2511 5007 2654 5079 ὕδωρ
2703 5009 2765 5061 τὸ
2825 5009 3081 5079 Ῥεμμὼν
3141 5010 3516 5080 πλησθήσεται
3581 5011 3840 5081 αἵματος.

2271 5099 2656 5170 Ἐνυδροτὰτην
2706 5099 2763 5152 δὲ
2821 5096 2958 5153 εἶναι
3001 5100 3157 5168 λόγος
3205 5102 3302 5172 τὴν
3338 5101 3613 5173 Ῥεμμών.
3683 5100 3845 5154 Ἀλλὰ

2259 5193 2649 5263 πλησθήσεται,
2684 5192 2870 5263 φησὶν,
2901 5194 3150 5264 αἵματος,
3193 5195 3370 5248 ἐκεῖνό
3401 5213 3502 5248 που
3531 5195 3729 5264 λέγων,
3759 5196 3843 5247 ὅτι

2258 5287 2376 5347 ταῖς
2426 5283 2533 5336 τῶν
2577 5283 2784 5336 ὑδάτων
2828 5284 3124 5354 δαψιλείαις
3157 5287 3524 5357 φιλονεικήσει
3573 5285 3718 5340 κατὰ
3751 5284 3846 5337 τὸν

2261 5373 2356 5427 τοῦ
2400 5373 2636 5444 πολέμου
2683 5374 2872 5445 καιρὸν
2915 5376 3022 5428 τῶν
3057 5377 3364 5430 πιπτόντων
3412 5376 3475 5428 τὸ
3526 5370 3705 5446 αἷμα·
3746 5372 3844 5426 καὶ

2263 5465 2670 5534 πεφοινιγμένοι
2726 5463 2824 5532 μὲν
2876 5465 3202 5535 ὀφθήσονται
3249 5466 3504 5536 ποταμοὶ,
3571 5481 3845 5518 κατασκε-

2261 5557 2591 5630 δασθήσεται
2633 5561 2690 5612 δὲ
2741 5560 2840 5628 τῆς
2870 5561 2974 5628 γῆς
3011 5559 3071 5612 τδ
3109 5557 3274 5626 ὕδωρ,
3326 5555 3512 5608 οὐκέτι
3577 5553 3844 5623 καθαρὸν,

2263 5646 2383 5699 οὔτε
2414 5649 2519 5720 μὴν
2551 5647 2741 5710 ὓδατος
2768 5648 2888 5717 ὄψιν
2912 5648 3049 5717 ἕχον,
3074 5646 3188 5699 ἀλλ’
3211 5646 3532 5715 ἑτερόχρουν
3557 5645 3652 5696 καὶ
3679 5644 3848 5710 αίμα-

2265 5739 2480 5803 τοειδές.
2503 5739 2889 5810 Ληφθήσεσθαι
2910 5739 2966 5791 δὲ
2989 5739 3083 5792 καὶ
3105 5737 3274 5806 αὐτὴν
3295 5737 3352 5802 ἐξ
3385 5738 3439 5787 ’Λ
3452 5734 3634 5805 ράϐων
3657 5732 3849 5803 φησιν,

2266 5831 2401 5886 ὥστε
2433 5833 2576 5887 ἅπαν
2600 5834 2698 5904 μὲν
2731 5833 2949 5904 σπέρμα
2979 5831 3166 5896 Μωὰϐ,
3187 5833 3278 5885 καὶ
3321 5828 3504 5899 Ἀριὴλ
3526 5826 3850 5896 ἐξαρθῆναι,
