  <div class='ocr_page' id='page_1' title='image "/cluster/home/n/w/nwhite01/storage/ocr_20150623/70/mdp.39015078384453/211.png"; bbox 0 0 4166 6296; ppageno 0'>
   <div class='ocr_carea' id='block_1_1' title="bbox 620 386 725 440">
    <p class='ocr_par' dir='ltr' id='par_1_1' title="bbox 620 386 725 440">
     <span class='ocr_line' id='line_1_1' title="bbox 620 386 725 440; baseline 0.019 -2"><span class='ocrx_word' id='word_1_1' title='bbox 620 386 725 440; x_wconf 75' lang='grc' dir='ltr'>όθἹ</span> 
     </span>
    </p>
   </div>
   <div class='ocr_carea' id='block_1_2' title="bbox 1609 395 2853 461">
    <p class='ocr_par' dir='ltr' id='par_1_2' title="bbox 1609 395 2853 461">
     <span class='ocr_line' id='line_1_2' title="bbox 1609 395 2853 461; baseline 0.007 -10"><span class='ocrx_word' id='word_1_2' title='bbox 1609 396 1668 453; x_wconf 89' lang='lat' dir='ltr'><strong>S.</strong></span> <span class='ocrx_word' id='word_1_3' title='bbox 1708 396 1988 454; x_wconf 76' lang='lat' dir='ltr'><strong>CYIHLLI</strong></span> <span class='ocrx_word' id='word_1_4' title='bbox 2024 395 2495 456; x_wconf 74' lang='lat' dir='ltr'><strong>ALEXANDRINI</strong></span> <span class='ocrx_word' id='word_1_5' title='bbox 2534 399 2853 461; x_wconf 76' lang='lat' dir='ltr'><strong>ARCHIEP.</strong></span> 
     </span>
    </p>
   </div>
   <div class='ocr_carea' id='block_1_3' title="bbox 3785 401 3882 462">
    <p class='ocr_par' dir='ltr' id='par_1_3' title="bbox 3785 401 3882 462">
     <span class='ocr_line' id='line_1_3' title="bbox 3785 401 3882 462; baseline 0.021 -3"><span class='ocrx_word' id='word_1_6' title='bbox 3785 401 3882 462; x_wconf 67' lang='lat'><strong>508</strong></span> 
     </span>
    </p>
   </div>
   <div class='ocr_carea' id='block_1_4' title="bbox 618 500 2185 586">
    <p class='ocr_par' dir='ltr' id='par_1_4' title="bbox 618 500 2185 577">
     <span class='ocr_line' id='line_1_4' title="bbox 618 500 2185 577; baseline 0.005 -23"><span class='ocrx_word' id='word_1_7' title='bbox 618 500 846 566; x_wconf 87' lang='lat' dir='ltr'><strong>servies;</strong></span> <span class='ocrx_word' id='word_1_8' title='bbox 882 500 1100 570; x_wconf 87' lang='lat' dir='ltr'><strong>erisque</strong></span> <span class='ocrx_word' id='word_1_9' title='bbox 1149 504 1285 573; x_wconf 89' lang='lat' dir='ltr'><strong>apud</strong></span> <span class='ocrx_word' id='word_1_10' title='bbox 1338 505 1458 561; x_wconf 84' lang='lat' dir='ltr'><strong>illos</strong></span> <span class='ocrx_word' id='word_1_11' title='bbox 1491 509 1727 577; x_wconf 77' lang='lat' dir='ltr'><strong>captiva,</strong></span> <span class='ocrx_word' id='word_1_12' title='bbox 1774 509 2102 566; x_wconf 78' lang='lat' dir='ltr'><strong>miserabilis</strong></span> <span class='ocrx_word' id='word_1_13' title='bbox 2137 522 2185 564; x_wconf 83' lang='lat' dir='ltr'><strong>et</strong></span> 
     </span>
    </p>
   </div>
   <div class='ocr_carea' id='block_1_5' title="bbox 2287 500 3882 586">
    <p class='ocr_par' dir='ltr' id='par_1_5' title="bbox 2298 511 3882 586">
     <span class='ocr_line' id='line_1_5' title="bbox 2298 511 3882 586; baseline 0.004 -21"><span class='ocrx_word' id='word_1_14' title='bbox 2298 512 2477 583; x_wconf 75' lang='grc' dir='ltr'>μένος,</span> <span class='ocrx_word' id='word_1_15' title='bbox 2550 514 2632 576; x_wconf 68' lang='grc' dir='ltr'>εἰς</span> <span class='ocrx_word' id='word_1_16' title='bbox 2693 513 2890 584; x_wconf 79' lang='grc' dir='ltr'><strong>ἑτέραν</strong></span> <span class='ocrx_word' id='word_1_17' title='bbox 2937 515 3130 585; x_wconf 83' lang='grc' dir='ltr'>οίχήσῃ</span> <span class='ocrx_word' id='word_1_18' title='bbox 3185 511 3390 586; x_wconf 84' lang='grc' dir='ltr'>χώραν,</span> <span class='ocrx_word' id='word_1_19' title='bbox 3434 514 3527 567; x_wconf 80' lang='grc' dir='ltr'>καὶ</span> <span class='ocrx_word' id='word_1_20' title='bbox 3578 514 3882 583; x_wconf 73' lang='grc' dir='ltr'><strong>δουλεύσεις</strong></span> 
     </span>
    </p>
   </div>
   <div class='ocr_carea' id='block_1_6' title="bbox 620 587 2191 671">
    <p class='ocr_par' dir='ltr' id='par_1_6' title="bbox 620 587 2191 671">
     <span class='ocr_line' id='line_1_6' title="bbox 620 587 2191 671; baseline 0.009 -28"><span class='ocrx_word' id='word_1_21' title='bbox 620 587 926 659; x_wconf 83' lang='lat' dir='ltr'><strong>proﬂigata,</strong></span> <span class='ocrx_word' id='word_1_22' title='bbox 951 602 1007 647; x_wconf 92' lang='lat' dir='ltr'><strong>et</strong></span> <span class='ocrx_word' id='word_1_23' title='bbox 1045 594 1292 652; x_wconf 89' lang='lat' dir='ltr'><strong>servituti</strong></span> <span class='ocrx_word' id='word_1_24' title='bbox 1328 598 1596 669; x_wconf 81' lang='lat' dir='ltr'><strong>subjecta.</strong></span> <span class='ocrx_word' id='word_1_25' title='bbox 1628 598 1769 656; x_wconf 83' lang='lat' dir='ltr'><strong>Utile</strong></span> <span class='ocrx_word' id='word_1_26' title='bbox 1816 601 1982 671; x_wconf 78' lang='lat' dir='ltr'><strong>igitur</strong></span> <span class='ocrx_word' id='word_1_27' title='bbox 2007 613 2063 657; x_wconf 92' lang='lat' dir='ltr'><strong>et</strong></span> <span class='ocrx_word' id='word_1_28' title='bbox 2094 617 2191 657; x_wconf 80' lang='grc' dir='ltr'>ηοσ-</span> 
     </span>
    </p>
   </div>
   <div class='ocr_carea' id='block_1_7' title="bbox 596 685 2191 756">
    <p class='ocr_par' dir='ltr' id='par_1_7' title="bbox 596 685 2191 756">
     <span class='ocr_line' id='line_1_7' title="bbox 596 685 2191 756; baseline 0.01 -19"><span class='ocrx_word' id='word_1_29' title='bbox 596 685 918 751; x_wconf 44' lang='grc' dir='ltr'>,οεεεει-ἱυιη</span> <span class='ocrx_word' id='word_1_30' title='bbox 947 695 1274 756; x_wconf 70' lang='lat' dir='ltr'><strong>praeceptum</strong></span> <span class='ocrx_word' id='word_1_31' title='bbox 1309 689 1434 745; x_wconf 89' lang='lat' dir='ltr'><strong>illud</strong></span> <span class='ocrx_word' id='word_1_32' title='bbox 1469 711 1482 748; x_wconf 92' lang='lat'><strong>:</strong></span> <span class='ocrx_word' id='word_1_33' title='bbox 1513 710 1534 746; x_wconf 82' lang='grc' dir='ltr'><strong>ι</strong></span> <span class='ocrx_word' id='word_1_34' title='bbox 1565 691 1620 747; x_wconf 89' lang='lat' dir='ltr'><strong>Si</strong></span> <span class='ocrx_word' id='word_1_35' title='bbox 1647 693 1907 749; x_wconf 80' lang='lat' dir='ltr'><strong>ceciderit</strong></span> <span class='ocrx_word' id='word_1_36' title='bbox 1937 695 2191 753; x_wconf 83' lang='lat' dir='ltr'><strong>inimicus</strong></span> 
     </span>
    </p>
   </div>
   <div class='ocr_carea' id='block_1_8' title="bbox 621 778 2190 853">
    <p class='ocr_par' dir='ltr' id='par_1_8' title="bbox 621 778 2190 853">
     <span class='ocr_line' id='line_1_8' title="bbox 621 778 2190 853; baseline 0.011 -27"><span class='ocrx_word' id='word_1_37' title='bbox 621 788 766 840; x_wconf 86' lang='lat' dir='ltr'><strong>tuus,</strong></span> <span class='ocrx_word' id='word_1_38' title='bbox 795 791 863 831; x_wconf 90' lang='lat' dir='ltr'><strong>ne</strong></span> <span class='ocrx_word' id='word_1_39' title='bbox 889 778 1126 847; x_wconf 77' lang='lat' dir='ltr'><strong>gaudeas</strong></span> <span class='ocrx_word' id='word_1_40' title='bbox 1153 794 1318 850; x_wconf 86' lang='lat' dir='ltr'><strong>super</strong></span> <span class='ocrx_word' id='word_1_41' title='bbox 1346 798 1490 849; x_wconf 83' lang='lat' dir='ltr'><strong>cum,</strong></span> <span class='ocrx_word' id='word_1_42' title='bbox 1518 786 1642 852; x_wconf 83' lang='lat' dir='ltr'><strong>quia</strong></span> <span class='ocrx_word' id='word_1_43' title='bbox 1671 784 1874 841; x_wconf 75' lang='lat' dir='ltr'><strong>videbit</strong></span> <span class='ocrx_word' id='word_1_44' title='bbox 1911 787 2190 853; x_wconf 84' lang='lat' dir='ltr'><strong>Dominus,</strong></span> 
     </span>
    </p>
   </div>
   <div class='ocr_carea' id='block_1_9' title="bbox 598 868 2194 938">
    <p class='ocr_par' dir='ltr' id='par_1_9' title="bbox 598 868 2194 938">
     <span class='ocr_line' id='line_1_9' title="bbox 598 868 2194 938; baseline 0.008 -16"><span class='ocrx_word' id='word_1_45' title='bbox 598 877 674 931; x_wconf 89' lang='lat' dir='ltr'><strong>et</strong></span> <span class='ocrx_word' id='word_1_46' title='bbox 718 881 825 923; x_wconf 88' lang='lat' dir='ltr'><strong>non</strong></span> <span class='ocrx_word' id='word_1_47' title='bbox 868 868 1100 938; x_wconf 82' lang='lat' dir='ltr'><strong>placebit</strong></span> <span class='ocrx_word' id='word_1_48' title='bbox 1128 872 1204 938; x_wconf 88' lang='lat' dir='ltr'><strong>ei,</strong></span> <span class='ocrx_word' id='word_1_49' title='bbox 1252 881 1310 929; x_wconf 89' lang='lat' dir='ltr'><strong>et</strong></span> <span class='ocrx_word' id='word_1_50' title='bbox 1360 883 1568 930; x_wconf 79' lang='lat' dir='ltr'><strong>avertet</strong></span> <span class='ocrx_word' id='word_1_51' title='bbox 1619 875 1860 933; x_wconf 81' lang='lat' dir='ltr'><strong>furorem</strong></span> <span class='ocrx_word' id='word_1_52' title='bbox 1913 893 2072 935; x_wconf 86' lang='lat' dir='ltr'><strong>suum</strong></span> <span class='ocrx_word' id='word_1_53' title='bbox 2127 882 2194 935; x_wconf 89' lang='lat' dir='ltr'><strong>ab</strong></span> 
     </span>
    </p>
   </div>
   <div class='ocr_carea' id='block_1_10' title="bbox 621 958 2194 1029">
    <p class='ocr_par' dir='ltr' id='par_1_10' title="bbox 621 958 2194 1029">
     <span class='ocr_line' id='line_1_10' title="bbox 621 958 2194 1029; baseline 0.011 -18"><span class='ocrx_word' id='word_1_54' title='bbox 621 960 739 1029; x_wconf 84' lang='lat' dir='ltr'><strong>ipso</strong></span> <span class='ocrx_word' id='word_1_55' title='bbox 761 958 827 1012; x_wconf 78' lang='grc'><strong>⁸⁷.</strong></span> <span class='ocrx_word' id='word_1_56' title='bbox 867 978 889 1013; x_wconf 83' lang='lat' dir='ltr'><strong>s</strong></span> <span class='ocrx_word' id='word_1_57' title='bbox 928 959 1045 1018; x_wconf 87' lang='lat' dir='ltr'><strong>Non</strong></span> <span class='ocrx_word' id='word_1_58' title='bbox 1080 963 1224 1019; x_wconf 86' lang='lat' dir='ltr'><strong>enim</strong></span> <span class='ocrx_word' id='word_1_59' title='bbox 1260 968 1513 1021; x_wconf 84' lang='lat' dir='ltr'><strong>convenit</strong></span> <span class='ocrx_word' id='word_1_60' title='bbox 1545 968 1740 1025; x_wconf 88' lang='lat' dir='ltr'><strong>alienis</strong></span> <span class='ocrx_word' id='word_1_61' title='bbox 1767 969 1936 1025; x_wconf 66' lang='lat' dir='ltr'><strong>laetari</strong></span> <span class='ocrx_word' id='word_1_62' title='bbox 1968 973 2194 1028; x_wconf 79' lang='lat' dir='ltr'><strong>calami-</strong></span> 
     </span>
    </p>
   </div>
   <div class='ocr_carea' id='block_1_11' title="bbox 620 1048 2195 1123">
    <p class='ocr_par' dir='ltr' id='par_1_11' title="bbox 620 1048 2195 1123">
     <span class='ocr_line' id='line_1_11' title="bbox 620 1048 2195 1123; baseline 0.013 -23"><span class='ocrx_word' id='word_1_63' title='bbox 620 1048 840 1116; x_wconf 82' lang='lat' dir='ltr'><strong>tatibus,</strong></span> <span class='ocrx_word' id='word_1_64' title='bbox 881 1065 982 1105; x_wconf 88' lang='lat' dir='ltr'><strong>nec</strong></span> <span class='ocrx_word' id='word_1_65' title='bbox 1016 1051 1075 1107; x_wconf 86' lang='lat' dir='ltr'><strong>id</strong></span> <span class='ocrx_word' id='word_1_66' title='bbox 1120 1054 1265 1123; x_wconf 85' lang='lat' dir='ltr'><strong>quod</strong></span> <span class='ocrx_word' id='word_1_67' title='bbox 1308 1057 1482 1115; x_wconf 85' lang='lat' dir='ltr'><strong>vicino</strong></span> <span class='ocrx_word' id='word_1_68' title='bbox 1527 1059 1748 1123; x_wconf 87' lang='lat' dir='ltr'><strong>accidit,</strong></span> <span class='ocrx_word' id='word_1_69' title='bbox 1799 1070 1998 1117; x_wconf 71' lang='lat' dir='ltr'><strong>nostra:</strong></span> <span class='ocrx_word' id='word_1_70' title='bbox 2046 1065 2195 1120; x_wconf 86' lang='lat' dir='ltr'><strong>voln-</strong></span> 
     </span>
    </p>
   </div>
   <div class='ocr_carea' id='block_1_12' title="bbox 620 1142 2194 1227">
    <p class='ocr_par' dir='ltr' id='par_1_12' title="bbox 620 1142 2194 1227">
     <span class='ocr_line' id='line_1_12' title="bbox 620 1142 2194 1227; baseline 0.011 -32"><span class='ocrx_word' id='word_1_71' title='bbox 620 1142 783 1211; x_wconf 86' lang='lat' dir='ltr'><strong>ptatis</strong></span> <span class='ocrx_word' id='word_1_72' title='bbox 834 1145 1176 1201; x_wconf 84' lang='lat' dir='ltr'><strong>occasionem</strong></span> <span class='ocrx_word' id='word_1_73' title='bbox 1234 1162 1532 1219; x_wconf 88' lang='lat' dir='ltr'><strong>ansamque</strong></span> <span class='ocrx_word' id='word_1_74' title='bbox 1595 1152 1776 1208; x_wconf 79' lang='lat' dir='ltr'><strong>facere</strong></span> <span class='ocrx_word' id='word_1_75' title='bbox 1822 1173 1836 1209; x_wconf 92' lang='lat'><strong>:</strong></span> <span class='ocrx_word' id='word_1_76' title='bbox 1882 1163 1939 1210; x_wconf 83' lang='lat' dir='ltr'><strong>at</strong></span> <span class='ocrx_word' id='word_1_77' title='bbox 1984 1157 2029 1212; x_wconf 93' lang='lat' dir='ltr'><strong>si</strong></span> <span class='ocrx_word' id='word_1_78' title='bbox 2071 1158 2194 1227; x_wconf 84' lang='lat' dir='ltr'><strong>quis</strong></span> 
     </span>
    </p>
   </div>
   <div class='ocr_carea' id='block_1_13' title="bbox 619 1233 2193 1317">
    <p class='ocr_par' dir='ltr' id='par_1_13' title="bbox 619 1233 2193 1317">
     <span class='ocr_line' id='line_1_13' title="bbox 619 1233 2193 1317; baseline 0.011 -30"><span class='ocrx_word' id='word_1_79' title='bbox 619 1233 759 1291; x_wconf 76' lang='lat' dir='ltr'><strong>forte</strong></span> <span class='ocrx_word' id='word_1_80' title='bbox 806 1237 878 1292; x_wconf 90' lang='lat' dir='ltr'><strong>sit</strong></span> <span class='ocrx_word' id='word_1_81' title='bbox 926 1253 1165 1296; x_wconf 71' lang='lat' dir='ltr'><strong>maerore</strong></span> <span class='ocrx_word' id='word_1_82' title='bbox 1207 1241 1527 1310; x_wconf 78' lang='lat' dir='ltr'><strong>coniectus,</strong></span> <span class='ocrx_word' id='word_1_83' title='bbox 1573 1244 1739 1317; x_wconf 60' lang='lat'><strong>255</strong></span> <span class='ocrx_word' id='word_1_84' title='bbox 1782 1247 2071 1306; x_wconf 83' lang='lat' dir='ltr'><strong>eondolere</strong></span> <span class='ocrx_word' id='word_1_85' title='bbox 2119 1251 2193 1307; x_wconf 86' lang='lat' dir='ltr'><strong>illi</strong></span> 
     </span>
    </p>
   </div>
   <div class='ocr_carea' id='block_1_14' title="bbox 619 1328 2196 1407">
    <p class='ocr_par' dir='ltr' id='par_1_14' title="bbox 619 1328 2196 1407">
     <span class='ocr_line' id='line_1_14' title="bbox 619 1328 2196 1407; baseline 0.011 -26"><span class='ocrx_word' id='word_1_86' title='bbox 619 1328 828 1395; x_wconf 83' lang='lat' dir='ltr'><strong>potius,</strong></span> <span class='ocrx_word' id='word_1_87' title='bbox 869 1341 926 1384; x_wconf 87' lang='lat' dir='ltr'><strong>et</strong></span> <span class='ocrx_word' id='word_1_88' title='bbox 968 1331 1035 1385; x_wconf 90' lang='lat' dir='ltr'><strong>ad</strong></span> <span class='ocrx_word' id='word_1_89' title='bbox 1084 1341 1269 1397; x_wconf 83' lang='lat' dir='ltr'><strong>nostra</strong></span> <span class='ocrx_word' id='word_1_90' title='bbox 1313 1346 1535 1403; x_wconf 82' lang='lat' dir='ltr'><strong>peccata</strong></span> <span class='ocrx_word' id='word_1_91' title='bbox 1579 1339 1737 1393; x_wconf 72' lang='lat' dir='ltr'><strong>omnia</strong></span> <span class='ocrx_word' id='word_1_92' title='bbox 1776 1340 2012 1407; x_wconf 85' lang='lat' dir='ltr'><strong>intento,</strong></span> <span class='ocrx_word' id='word_1_93' title='bbox 2057 1345 2196 1398; x_wconf 92' lang='lat' dir='ltr'><strong>mul-</strong></span> 
     </span>
    </p>
   </div>
   <div class='ocr_carea' id='block_1_15' title="bbox 627 1420 2191 1492">
    <p class='ocr_par' dir='ltr' id='par_1_15' title="bbox 627 1420 2191 1492">
     <span class='ocr_line' id='line_1_15' title="bbox 627 1420 2191 1492; baseline 0.013 -21"><span class='ocrx_word' id='word_1_94' title='bbox 627 1433 737 1475; x_wconf 77' lang='lat' dir='ltr'><strong>tum</strong></span> <span class='ocrx_word' id='word_1_95' title='bbox 780 1420 1166 1480; x_wconf 81' lang='lat' dir='ltr'><strong>reformidare.</strong></span> <span class='ocrx_word' id='word_1_96' title='bbox 1212 1440 1279 1480; x_wconf 88' lang='lat' dir='ltr'><strong>ne</strong></span> <span class='ocrx_word' id='word_1_97' title='bbox 1334 1437 1390 1481; x_wconf 91' lang='lat' dir='ltr'><strong>et</strong></span> <span class='ocrx_word' id='word_1_98' title='bbox 1437 1427 1491 1482; x_wconf 88' lang='lat' dir='ltr'><strong>in</strong></span> <span class='ocrx_word' id='word_1_99' title='bbox 1538 1443 1639 1485; x_wconf 89' lang='lat' dir='ltr'><strong>nos</strong></span> <span class='ocrx_word' id='word_1_100' title='bbox 1678 1432 1934 1488; x_wconf 67' lang='lat' dir='ltr'><strong>caedentis</strong></span> <span class='ocrx_word' id='word_1_101' title='bbox 1973 1434 2053 1490; x_wconf 86' lang='lat' dir='ltr'><strong>ira</strong></span> <span class='ocrx_word' id='word_1_102' title='bbox 2095 1435 2191 1492; x_wconf 91' lang='lat' dir='ltr'><strong>de-</strong></span> 
     </span>
    </p>
   </div>
   <div class='ocr_carea' id='block_1_16' title="bbox 629 1508 823 1562">
    <p class='ocr_par' dir='ltr' id='par_1_16' title="bbox 629 1508 823 1562">
     <span class='ocr_line' id='line_1_16' title="bbox 629 1508 823 1562; baseline 0.01 -2"><span class='ocrx_word' id='word_1_103' title='bbox 629 1508 823 1562; x_wconf 83' lang='lat' dir='ltr'><strong>veniat.</strong></span> 
     </span>
    </p>
   </div>
   <div class='ocr_carea' id='block_1_17' title="bbox 696 1692 2194 1773">
    <p class='ocr_par' dir='ltr' id='par_1_17' title="bbox 696 1692 2194 1773">
     <span class='ocr_line' id='line_1_17' title="bbox 696 1692 2194 1773; baseline 0.01 -26"><span class='ocrx_word' id='word_1_104' title='bbox 696 1692 859 1750; x_wconf 74' lang='lat' dir='ltr'><strong>Vens.</strong></span> <span class='ocrx_word' id='word_1_105' title='bbox 894 1697 950 1762; x_wconf 81' lang='lat'><strong>5,</strong></span> <span class='ocrx_word' id='word_1_106' title='bbox 981 1698 1033 1752; x_wconf 71' lang='grc'>4.</span> <span class='ocrx_word' id='word_1_107' title='bbox 1072 1697 1269 1753; x_wconf 78' lang='lat' dir='ltr'><strong>Deinde</strong></span> <span class='ocrx_word' id='word_1_108' title='bbox 1308 1717 1447 1766; x_wconf 78' lang='lat' dir='ltr'><strong>vero,</strong></span> <span class='ocrx_word' id='word_1_109' title='bbox 1474 1702 1675 1771; x_wconf 79' lang='lat' dir='ltr'><strong>Arnen,</strong></span> <span class='ocrx_word' id='word_1_110' title='bbox 1707 1706 1860 1773; x_wconf 81' lang='lat' dir='ltr'><strong>plura</strong></span> <span class='ocrx_word' id='word_1_111' title='bbox 1883 1708 2114 1771; x_wconf 77' lang='lat' dir='ltr'><strong>consule,</strong></span> <span class='ocrx_word' id='word_1_112' title='bbox 2145 1719 2194 1762; x_wconf 88' lang='lat' dir='ltr'><strong>et</strong></span> 
     </span>
    </p>
   </div>
   <div class='ocr_carea' id='block_1_18' title="bbox 632 1785 2194 1864">
    <p class='ocr_par' dir='ltr' id='par_1_18' title="bbox 632 1785 2194 1864">
     <span class='ocr_line' id='line_1_18' title="bbox 632 1785 2194 1864; baseline 0.01 -26"><span class='ocrx_word' id='word_1_113' title='bbox 632 1785 719 1853; x_wconf 85' lang='lat' dir='ltr'><strong>fac</strong></span> <span class='ocrx_word' id='word_1_114' title='bbox 745 1795 946 1856; x_wconf 80' lang='lat' dir='ltr'><strong>tegmen</strong></span> <span class='ocrx_word' id='word_1_115' title='bbox 973 1790 1216 1855; x_wconf 84' lang='lat' dir='ltr'><strong>planctus</strong></span> <span class='ocrx_word' id='word_1_116' title='bbox 1242 1792 1347 1859; x_wconf 82' lang='lat' dir='ltr'><strong>ipsi</strong></span> <span class='ocrx_word' id='word_1_117' title='bbox 1372 1809 1580 1864; x_wconf 82' lang='lat' dir='ltr'><strong>semper</strong></span> <span class='ocrx_word' id='word_1_118' title='bbox 1609 1810 1630 1849; x_wconf 89' lang='lat'><strong><em>:</em></strong></span> <span class='ocrx_word' id='word_1_119' title='bbox 1655 1797 1708 1849; x_wconf 85' lang='lat' dir='ltr'><strong>in</strong></span> <span class='ocrx_word' id='word_1_120' title='bbox 1725 1798 2033 1853; x_wconf 80' lang='lat' dir='ltr'><strong>meridianis</strong></span> <span class='ocrx_word' id='word_1_121' title='bbox 2056 1811 2194 1854; x_wconf 83' lang='lat' dir='ltr'><strong>tene—</strong></span> 
     </span>
    </p>
   </div>
   <div class='ocr_carea' id='block_1_19' title="bbox 2300 604 3886 679">
    <p class='ocr_par' dir='ltr' id='par_1_19' title="bbox 2300 604 3886 679">
     <span class='ocr_line' id='line_1_19' title="bbox 2300 604 3886 679; baseline 0.003 -21"><span class='ocrx_word' id='word_1_122' title='bbox 2300 606 2534 675; x_wconf 79' lang='grc' dir='ltr'>ἐχθροῖς,</span> <span class='ocrx_word' id='word_1_123' title='bbox 2567 604 2667 677; x_wconf 73' lang='grc' dir='ltr'><strong>ἔσῃ</strong></span> <span class='ocrx_word' id='word_1_124' title='bbox 2700 621 2759 657; x_wconf 85' lang='grc' dir='ltr'><strong>τε</strong></span> <span class='ocrx_word' id='word_1_125' title='bbox 2792 606 2923 676; x_wconf 77' lang='grc' dir='ltr'>παρ’</span> <span class='ocrx_word' id='word_1_126' title='bbox 2952 606 3135 668; x_wconf 81' lang='grc' dir='ltr'>αὐτοῖς</span> <span class='ocrx_word' id='word_1_127' title='bbox 3167 605 3510 677; x_wconf 83' lang='grc' dir='ltr'>αἰχμάλωτος</span> <span class='ocrx_word' id='word_1_128' title='bbox 3542 607 3757 679; x_wconf 80' lang='grc' dir='ltr'>οἰκτρὰ,</span> <span class='ocrx_word' id='word_1_129' title='bbox 3790 610 3886 664; x_wconf 79' lang='grc' dir='ltr'>καὶ</span> 
     </span>
    </p>
   </div>
   <div class='ocr_carea' id='block_1_20' title="bbox 2299 696 3884 770">
    <p class='ocr_par' dir='ltr' id='par_1_20' title="bbox 2299 696 3884 770">
     <span class='ocr_line' id='line_1_20' title="bbox 2299 696 3884 770; baseline 0.004 -21"><span class='ocrx_word' id='word_1_130' title='bbox 2299 697 2739 767; x_wconf 77' lang='grc' dir='ltr'>κατερριμμένη,</span> <span class='ocrx_word' id='word_1_131' title='bbox 2771 697 2870 748; x_wconf 75' lang='grc' dir='ltr'><strong>καίΔ</strong></span> <span class='ocrx_word' id='word_1_132' title='bbox 2896 696 3000 749; x_wconf 80' lang='grc' dir='ltr'><strong>ὑπὸ</strong></span> <span class='ocrx_word' id='word_1_133' title='bbox 3023 696 3161 765; x_wconf 79' lang='grc' dir='ltr'>ζυγὰ</span> <span class='ocrx_word' id='word_1_134' title='bbox 3182 696 3446 762; x_wconf 86' lang='grc' dir='ltr'>δουλείας.</span> <span class='ocrx_word' id='word_1_135' title='bbox 3480 699 3767 770; x_wconf 84' lang='grc' dir='ltr'>Χρήσιμον</span> <span class='ocrx_word' id='word_1_136' title='bbox 3790 697 3884 755; x_wconf 78' lang='grc' dir='ltr'>οὖν</span> 
     </span>
    </p>
   </div>
   <div class='ocr_carea' id='block_1_21' title="bbox 2299 786 3885 865">
    <p class='ocr_par' dir='ltr' id='par_1_21' title="bbox 2299 786 3885 865">
     <span class='ocr_line' id='line_1_21' title="bbox 2299 786 3885 865; baseline 0.004 -25"><span class='ocrx_word' id='word_1_137' title='bbox 2299 786 2408 858; x_wconf 78' lang='grc' dir='ltr'>ἄρα</span> <span class='ocrx_word' id='word_1_138' title='bbox 2455 789 2549 841; x_wconf 82' lang='grc' dir='ltr'>καὶ</span> <span class='ocrx_word' id='word_1_139' title='bbox 2591 788 2887 856; x_wconf 82' lang='grc' dir='ltr'>ἀναγκαῖον</span> <span class='ocrx_word' id='word_1_140' title='bbox 2935 788 3304 859; x_wconf 77' lang='grc' dir='ltr'><strong>παράγγελμα</strong></span> <span class='ocrx_word' id='word_1_141' title='bbox 3352 789 3413 841; x_wconf 85' lang='grc' dir='ltr'><strong>τό</strong></span> <span class='ocrx_word' id='word_1_142' title='bbox 3433 804 3447 818; x_wconf 85' lang='grc'><strong>·</strong></span> <span class='ocrx_word' id='word_1_143' title='bbox 3483 808 3503 841; x_wconf 79' lang='grc' dir='ltr'><strong>ι</strong></span> <span class='ocrx_word' id='word_1_144' title='bbox 3548 791 3646 844; x_wconf 71' lang='lat' dir='ltr'><strong>“Av</strong></span> <span class='ocrx_word' id='word_1_145' title='bbox 3678 792 3817 865; x_wconf 75' lang='grc' dir='ltr'>πέσῃ</span> <span class='ocrx_word' id='word_1_146' title='bbox 3853 795 3885 847; x_wconf 78' lang='grc' dir='ltr'>ὁ</span> 
     </span>
    </p>
   </div>
   <div class='ocr_carea' id='block_1_22' title="bbox 2300 878 3882 954">
    <p class='ocr_par' dir='ltr' id='par_1_22' title="bbox 2300 878 3882 954">
     <span class='ocr_line' id='line_1_22' title="bbox 2300 878 3882 954; baseline 0.003 -24"><span class='ocrx_word' id='word_1_147' title='bbox 2300 878 2495 949; x_wconf 80' lang='grc' dir='ltr'>ἐχθρός</span> <span class='ocrx_word' id='word_1_148' title='bbox 2537 894 2651 945; x_wconf 86' lang='grc' dir='ltr'>σου,</span> <span class='ocrx_word' id='word_1_149' title='bbox 2691 879 2765 950; x_wconf 78' lang='grc' dir='ltr'>μὴ</span> <span class='ocrx_word' id='word_1_150' title='bbox 2794 879 3063 952; x_wconf 83' lang='grc' dir='ltr'>ἐπιχάρῃς</span> <span class='ocrx_word' id='word_1_151' title='bbox 3103 879 3273 951; x_wconf 78' lang='grc' dir='ltr'>αὐτῷ,</span> <span class='ocrx_word' id='word_1_152' title='bbox 3306 880 3388 935; x_wconf 84' lang='grc' dir='ltr'>ὅτι</span> <span class='ocrx_word' id='word_1_153' title='bbox 3421 880 3613 952; x_wconf 62' lang='grc' dir='ltr'>ὄψεται</span> <span class='ocrx_word' id='word_1_154' title='bbox 3654 882 3882 954; x_wconf 77' lang='grc' dir='ltr'>Κύριος,</span> 
     </span>
    </p>
   </div>
   <div class='ocr_carea' id='block_1_23' title="bbox 2301 969 3886 1048">
    <p class='ocr_par' dir='ltr' id='par_1_23' title="bbox 2301 969 3886 1048">
     <span class='ocr_line' id='line_1_23' title="bbox 2301 969 3886 1048; baseline 0.004 -25"><span class='ocrx_word' id='word_1_155' title='bbox 2301 970 2398 1024; x_wconf 73' lang='grc' dir='ltr'>καὶ</span> <span class='ocrx_word' id='word_1_156' title='bbox 2424 969 2528 1023; x_wconf 75' lang='grc' dir='ltr'>οὐκ</span> <span class='ocrx_word' id='word_1_157' title='bbox 2554 970 2740 1040; x_wconf 87' lang='grc' dir='ltr'>άρέσει</span> <span class='ocrx_word' id='word_1_158' title='bbox 2769 972 2942 1043; x_wconf 80' lang='grc' dir='ltr'>αὐτῷ·</span> <span class='ocrx_word' id='word_1_159' title='bbox 2971 974 3067 1027; x_wconf 72' lang='grc' dir='ltr'>καὶ</span> <span class='ocrx_word' id='word_1_160' title='bbox 3091 974 3423 1046; x_wconf 74' lang='grc' dir='ltr'><strong>ἀποστρέψει</strong></span> <span class='ocrx_word' id='word_1_161' title='bbox 3450 973 3540 1029; x_wconf 82' lang='grc' dir='ltr'>τὸν</span> <span class='ocrx_word' id='word_1_162' title='bbox 3562 976 3734 1048; x_wconf 83' lang='grc' dir='ltr'>θυμὸν</span> <span class='ocrx_word' id='word_1_163' title='bbox 3769 976 3886 1029; x_wconf 83' lang='grc' dir='ltr'>αύ-</span> 
     </span>
    </p>
   </div>
   <div class='ocr_carea' id='block_1_24' title="bbox 2298 1060 3885 1137">
    <p class='ocr_par' dir='ltr' id='par_1_24' title="bbox 2298 1060 3885 1137">
     <span class='ocr_line' id='line_1_24' title="bbox 2298 1060 3885 1137; baseline 0.005 -23"><span class='ocrx_word' id='word_1_164' title='bbox 2298 1060 2394 1114; x_wconf 79' lang='grc' dir='ltr'><strong>τού</strong></span> <span class='ocrx_word' id='word_1_165' title='bbox 2416 1061 2711 1117; x_wconf 81' lang='grc' dir='ltr'>άπάύτοῦ.</span> <span class='ocrx_word' id='word_1_166' title='bbox 2727 1082 2746 1115; x_wconf 74' lang='grc' dir='ltr'><strong>ι</strong></span> <span class='ocrx_word' id='word_1_167' title='bbox 2774 1064 2849 1117; x_wconf 77' lang='grc' dir='ltr'><strong>Οὐ</strong></span> <span class='ocrx_word' id='word_1_168' title='bbox 2874 1064 2985 1132; x_wconf 85' lang='grc' dir='ltr'><strong>γάρ</strong></span> <span class='ocrx_word' id='word_1_169' title='bbox 3000 1080 3083 1117; x_wconf 87' lang='grc' dir='ltr'><strong>τοι</strong></span> <span class='ocrx_word' id='word_1_170' title='bbox 3106 1066 3378 1136; x_wconf 83' lang='grc' dir='ltr'>προσήκει</span> <span class='ocrx_word' id='word_1_171' title='bbox 3403 1069 3524 1131; x_wconf 84' lang='grc' dir='ltr'>ταῖς</span> <span class='ocrx_word' id='word_1_172' title='bbox 3539 1067 3741 1137; x_wconf 82' lang='grc' dir='ltr'>ἐτέρων</span> <span class='ocrx_word' id='word_1_173' title='bbox 3763 1070 3885 1122; x_wconf 88' lang='grc' dir='ltr'>ἐπι-</span> 
     </span>
    </p>
   </div>
   <div class='ocr_carea' id='block_1_25' title="bbox 2300 1153 3885 1232">
    <p class='ocr_par' dir='ltr' id='par_1_25' title="bbox 2300 1153 3885 1232">
     <span class='ocr_line' id='line_1_25' title="bbox 2300 1153 3885 1232; baseline 0.003 -24"><span class='ocrx_word' id='word_1_174' title='bbox 2300 1153 2596 1221; x_wconf 87' lang='grc' dir='ltr'>γάννυσθαι</span> <span class='ocrx_word' id='word_1_175' title='bbox 2615 1157 2942 1226; x_wconf 77' lang='grc' dir='ltr'><strong>συμφοραῖς,</strong></span> <span class='ocrx_word' id='word_1_176' title='bbox 2971 1154 3092 1209; x_wconf 77' lang='grc' dir='ltr'>οὐδὲ</span> <span class='ocrx_word' id='word_1_177' title='bbox 3117 1154 3415 1228; x_wconf 79' lang='grc' dir='ltr'>θυμηδείας</span> <span class='ocrx_word' id='word_1_178' title='bbox 3444 1156 3716 1213; x_wconf 84' lang='grc' dir='ltr'>ποιεῖσθαι</span> <span class='ocrx_word' id='word_1_179' title='bbox 3748 1159 3885 1232; x_wconf 86' lang='grc' dir='ltr'>πρό-</span> 
     </span>
    </p>
   </div>
   <div class='ocr_carea' id='block_1_26' title="bbox 2302 1245 3884 1322">
    <p class='ocr_par' dir='ltr' id='par_1_26' title="bbox 2302 1245 3884 1322">
     <span class='ocr_line' id='line_1_26' title="bbox 2302 1245 3884 1322; baseline 0.004 -23"><span class='ocrx_word' id='word_1_180' title='bbox 2302 1262 2465 1316; x_wconf 81' lang='grc' dir='ltr'>φασιν</span> <span class='ocrx_word' id='word_1_181' title='bbox 2488 1245 2553 1299; x_wconf 78' lang='grc' dir='ltr'>τὸ</span> <span class='ocrx_word' id='word_1_182' title='bbox 2578 1246 2656 1317; x_wconf 79' lang='grc' dir='ltr'>τῷ</span> <span class='ocrx_word' id='word_1_183' title='bbox 2683 1246 2855 1311; x_wconf 80' lang='grc' dir='ltr'>πέλας</span> <span class='ocrx_word' id='word_1_184' title='bbox 2884 1247 3251 1321; x_wconf 75' lang='grc' dir='ltr'>συμσεϐηκδς,</span> <span class='ocrx_word' id='word_1_185' title='bbox 3285 1249 3389 1304; x_wconf 78' lang='grc' dir='ltr'>κᾶν</span> <span class='ocrx_word' id='word_1_186' title='bbox 3416 1250 3471 1304; x_wconf 79' lang='grc' dir='ltr'>ετ</span> <span class='ocrx_word' id='word_1_187' title='bbox 3491 1268 3577 1314; x_wconf 90' lang='grc' dir='ltr'><strong>τις</strong></span> <span class='ocrx_word' id='word_1_188' title='bbox 3598 1250 3683 1322; x_wconf 86' lang='grc' dir='ltr'><strong>εῖη</strong></span> <span class='ocrx_word' id='word_1_189' title='bbox 3716 1251 3884 1322; x_wconf 73' lang='grc' dir='ltr'>τυχὸν</span> 
     </span>
    </p>
   </div>
   <div class='ocr_carea' id='block_1_27' title="bbox 2300 1335 3884 1410">
    <p class='ocr_par' dir='ltr' id='par_1_27' title="bbox 2300 1335 3884 1410">
     <span class='ocr_line' id='line_1_27' title="bbox 2300 1335 3884 1410; baseline 0.003 -21"><span class='ocrx_word' id='word_1_190' title='bbox 2300 1335 2408 1390; x_wconf 81' lang='grc' dir='ltr'><strong>τῶν</strong></span> <span class='ocrx_word' id='word_1_191' title='bbox 2440 1336 2772 1391; x_wconf 83' lang='grc' dir='ltr'>καταλυπεῖν</span> <span class='ocrx_word' id='word_1_192' title='bbox 2801 1337 3088 1401; x_wconf 74' lang='grc' dir='ltr'><strong>εἰωθότων,</strong></span> <span class='ocrx_word' id='word_1_193' title='bbox 3127 1338 3542 1408; x_wconf 81' lang='grc' dir='ltr'>ἐπιστυγνάζειν</span> <span class='ocrx_word' id='word_1_194' title='bbox 3584 1339 3643 1392; x_wconf 82' lang='grc' dir='ltr'><strong>δέ</strong></span> <span class='ocrx_word' id='word_1_195' title='bbox 3680 1340 3884 1410; x_wconf 76' lang='grc' dir='ltr'>μᾶλλον</span> 
     </span>
    </p>
   </div>
   <div class='ocr_carea' id='block_1_28' title="bbox 2299 1427 3885 1501">
    <p class='ocr_par' dir='ltr' id='par_1_28' title="bbox 2299 1427 3885 1501">
     <span class='ocr_line' id='line_1_28' title="bbox 2299 1427 3885 1501; baseline 0.001 -18"><span class='ocrx_word' id='word_1_196' title='bbox 2299 1428 2470 1498; x_wconf 82' lang='grc' dir='ltr'>αὐτῷ,</span> <span class='ocrx_word' id='word_1_197' title='bbox 2506 1427 2732 1491; x_wconf 77' lang='grc' dir='ltr'>καὶτοῖς</span> <span class='ocrx_word' id='word_1_198' title='bbox 2759 1428 2909 1492; x_wconf 87' lang='grc' dir='ltr'>ίδίοις</span> <span class='ocrx_word' id='word_1_199' title='bbox 2929 1430 3260 1501; x_wconf 77' lang='grc' dir='ltr'><strong>πταίσμασιν</strong></span> <span class='ocrx_word' id='word_1_200' title='bbox 3289 1430 3530 1494; x_wconf 77' lang='grc' dir='ltr'><strong>ἐνιέντας</strong></span> <span class='ocrx_word' id='word_1_201' title='bbox 3561 1430 3653 1485; x_wconf 83' lang='grc' dir='ltr'>τὸν</span> <span class='ocrx_word' id='word_1_202' title='bbox 3681 1430 3885 1500; x_wconf 77' lang='grc' dir='ltr'>ὀφθαλ-</span> 
     </span>
    </p>
   </div>
   <div class='ocr_carea' id='block_1_29' title="bbox 2304 1518 3885 1593">
    <p class='ocr_par' dir='ltr' id='par_1_29' title="bbox 2304 1518 3885 1593">
     <span class='ocr_line' id='line_1_29' title="bbox 2304 1518 3885 1593; baseline 0.003 -21"><span class='ocrx_word' id='word_1_203' title='bbox 2304 1518 2425 1589; x_wconf 86' lang='grc' dir='ltr'>μὸν,</span> <span class='ocrx_word' id='word_1_204' title='bbox 2470 1518 2698 1572; x_wconf 83' lang='grc' dir='ltr'>δεδιέναι</span> <span class='ocrx_word' id='word_1_205' title='bbox 2745 1518 2968 1589; x_wconf 80' lang='grc' dir='ltr'>σφόδρα,</span> <span class='ocrx_word' id='word_1_206' title='bbox 3008 1521 3081 1591; x_wconf 83' lang='grc' dir='ltr'>μὴ</span> <span class='ocrx_word' id='word_1_207' title='bbox 3127 1519 3234 1592; x_wconf 83' lang='grc' dir='ltr'>ἄρα</span> <span class='ocrx_word' id='word_1_208' title='bbox 3274 1537 3393 1585; x_wconf 87' lang='grc' dir='ltr'><strong>πως</strong></span> <span class='ocrx_word' id='word_1_209' title='bbox 3425 1521 3521 1576; x_wconf 75' lang='grc' dir='ltr'>καὶ</span> <span class='ocrx_word' id='word_1_210' title='bbox 3563 1521 3650 1591; x_wconf 82' lang='grc' dir='ltr'>ἐφ’</span> <span class='ocrx_word' id='word_1_211' title='bbox 3674 1523 3829 1593; x_wconf 77' lang='grc' dir='ltr'>ἡμᾶς</span> <span class='ocrx_word' id='word_1_212' title='bbox 3855 1524 3885 1576; x_wconf 90' lang='grc' dir='ltr'><strong>ό</strong></span> 
     </span>
    </p>
   </div>
   <div class='ocr_carea' id='block_1_30' title="bbox 2301 1609 3268 1681">
    <p class='ocr_par' dir='ltr' id='par_1_30' title="bbox 2301 1609 3268 1681">
     <span class='ocr_line' id='line_1_30' title="bbox 2301 1609 3268 1681; baseline 0.003 -18"><span class='ocrx_word' id='word_1_213' title='bbox 2301 1609 2395 1663; x_wconf 81' lang='grc' dir='ltr'>τοῦ</span> <span class='ocrx_word' id='word_1_214' title='bbox 2417 1609 2811 1674; x_wconf 83' lang='grc' dir='ltr'>καταπαίοντος</span> <span class='ocrx_word' id='word_1_215' title='bbox 2837 1610 3052 1665; x_wconf 78' lang='grc' dir='ltr'><strong>ἐπέλθοι</strong></span> <span class='ocrx_word' id='word_1_216' title='bbox 3076 1611 3268 1681; x_wconf 87' lang='grc' dir='ltr'>θυμός.</span> 
     </span>
    </p>
   </div>
   <div class='ocr_carea' id='block_1_31' title="bbox 2376 1704 3885 1775">
    <p class='ocr_par' dir='ltr' id='par_1_31' title="bbox 2376 1704 3885 1775">
     <span class='ocr_line' id='line_1_31' title="bbox 2376 1704 3885 1775; baseline 0.001 -16"><span class='ocrx_word' id='word_1_217' title='bbox 2376 1707 2621 1759; x_wconf 80' lang='grc' dir='ltr'>Ἔπειτα</span> <span class='ocrx_word' id='word_1_218' title='bbox 2649 1705 2739 1772; x_wconf 74' lang='grc' dir='ltr'>δὲ,</span> <span class='ocrx_word' id='word_1_219' title='bbox 2763 1704 2995 1775; x_wconf 72' lang='grc' dir='ltr'>Ἀρνῶν’,</span> <span class='ocrx_word' id='word_1_220' title='bbox 3014 1706 3267 1759; x_wconf 71' lang='grc' dir='ltr'>πλείονα</span> <span class='ocrx_word' id='word_1_221' title='bbox 3283 1704 3616 1770; x_wconf 71' lang='grc' dir='ltr'>βουλεύου,</span> <span class='ocrx_word' id='word_1_222' title='bbox 3639 1706 3795 1759; x_wconf 63' lang='lat' dir='ltr'><strong>stolas</strong></span> <span class='ocrx_word' id='word_1_223' title='bbox 3820 1722 3885 1760; x_wconf 77' lang='grc' dir='ltr'><strong>τε</strong></span> 
     </span>
    </p>
   </div>
   <div class='ocr_carea' id='block_1_32' title="bbox 2301 1790 3884 1867">
    <p class='ocr_par' dir='ltr' id='par_1_32' title="bbox 2301 1790 3884 1867">
     <span class='ocr_line' id='line_1_32' title="bbox 2301 1790 3884 1867; baseline 0 -16"><span class='ocrx_word' id='word_1_224' title='bbox 2301 1797 2543 1864; x_wconf 78' lang='grc' dir='ltr'><strong>σκέπην</strong></span> <span class='ocrx_word' id='word_1_225' title='bbox 2562 1795 2820 1864; x_wconf 75' lang='grc' dir='ltr'>πένθους</span> <span class='ocrx_word' id='word_1_226' title='bbox 2840 1795 2996 1864; x_wconf 78' lang='grc' dir='ltr'>αὐτῇ</span> <span class='ocrx_word' id='word_1_227' title='bbox 3015 1796 3112 1851; x_wconf 82' lang='grc' dir='ltr'>διὰ</span> <span class='ocrx_word' id='word_1_228' title='bbox 3139 1798 3386 1864; x_wconf 81' lang='grc' dir='ltr'>παντός·</span> <span class='ocrx_word' id='word_1_229' title='bbox 3410 1790 3487 1851; x_wconf 70' lang='grc' dir='ltr'><strong>’ἐν</strong></span> <span class='ocrx_word' id='word_1_230' title='bbox 3498 1797 3884 1867; x_wconf 77' lang='grc' dir='ltr'>μεσημϐρινῇ</span> 
     </span>
    </p>
   </div>
   <div class='ocr_carea' id='block_1_33' title="bbox 621 1875 2185 1961">
    <p class='ocr_par' dir='ltr' id='par_1_33' title="bbox 621 1875 2185 1949">
     <span class='ocr_line' id='line_1_33' title="bbox 621 1875 2185 1949; baseline 0.012 -23"><span class='ocrx_word' id='word_1_231' title='bbox 621 1875 726 1928; x_wconf 86' lang='lat' dir='ltr'><strong>bris</strong></span> <span class='ocrx_word' id='word_1_232' title='bbox 775 1876 1044 1946; x_wconf 70' lang='lat' dir='ltr'><strong>fugitant,</strong></span> <span class='ocrx_word' id='word_1_233' title='bbox 1082 1880 1482 1949; x_wconf 76' lang='lat' dir='ltr'><strong>obstupuerunt.</strong></span> <span class='ocrx_word' id='word_1_234' title='bbox 1525 1882 1650 1940; x_wconf 83' lang='lat' dir='ltr'><strong>Non</strong></span> <span class='ocrx_word' id='word_1_235' title='bbox 1687 1885 1752 1939; x_wconf 89' lang='lat' dir='ltr'><strong>ab</strong></span> <span class='ocrx_word' id='word_1_236' title='bbox 1783 1887 1935 1941; x_wconf 80' lang='lat' dir='ltr'><strong>initio</strong></span> <span class='ocrx_word' id='word_1_237' title='bbox 1979 1889 2185 1945; x_wconf 77' lang='lat' dir='ltr'><strong>habita-</strong></span> 
     </span>
    </p>
   </div>
   <div class='ocr_carea' id='block_1_34' title="bbox 2287 1875 3884 1961">
    <p class='ocr_par' dir='ltr' id='par_1_34' title="bbox 2294 1887 3884 1961">
     <span class='ocr_line' id='line_1_34' title="bbox 2294 1887 3884 1961; baseline -0.001 -17"><span class='ocrx_word' id='word_1_238' title='bbox 2294 1887 2508 1958; x_wconf 77' lang='grc' dir='ltr'>σκοτιᾷ</span> <span class='ocrx_word' id='word_1_239' title='bbox 2533 1890 2884 1961; x_wconf 74' lang='grc' dir='ltr'><strong>φεύγουσιν,</strong></span> <span class='ocrx_word' id='word_1_240' title='bbox 2907 1889 3275 1958; x_wconf 77' lang='grc' dir='ltr'>ἐξέστησαν.</span> <span class='ocrx_word' id='word_1_241' title='bbox 3309 1889 3407 1958; x_wconf 79' lang='grc' dir='ltr'><strong>Μὴ</strong></span> <span class='ocrx_word' id='word_1_242' title='bbox 3432 1888 3716 1960; x_wconf 83' lang='grc' dir='ltr'>ἀπαρχῆς</span> <span class='ocrx_word' id='word_1_243' title='bbox 3740 1903 3884 1959; x_wconf 77' lang='grc' dir='ltr'>παρ-</span> 
     </span>
    </p>
   </div>
   <div class='ocr_carea' id='block_1_35' title="bbox 618 1964 2191 2047">
    <p class='ocr_par' dir='ltr' id='par_1_35' title="bbox 618 1964 2191 2047">
     <span class='ocr_line' id='line_1_35' title="bbox 618 1964 2191 2047; baseline 0.012 -30"><span class='ocrx_word' id='word_1_244' title='bbox 618 1964 988 2038; x_wconf 83' lang='lat' dir='ltr'><strong>bunt(l)apud</strong></span> <span class='ocrx_word' id='word_1_245' title='bbox 1009 1981 1057 2024; x_wconf 82' lang='lat' dir='ltr'><strong>te</strong></span> <span class='ocrx_word' id='word_1_246' title='bbox 1082 1964 1294 2041; x_wconf 74' lang='lat' dir='ltr'><strong>fugitivi</strong></span> <span class='ocrx_word' id='word_1_247' title='bbox 1322 1970 1502 2029; x_wconf 76' lang='lat' dir='ltr'><strong>Moab.</strong></span> <span class='ocrx_word' id='word_1_248' title='bbox 1536 1974 1705 2029; x_wconf 82' lang='lat' dir='ltr'><strong>Erunt</strong></span> <span class='ocrx_word' id='word_1_249' title='bbox 1726 1986 2024 2047; x_wconf 75' lang='lat' dir='ltr'><strong>tegumenta</strong></span> <span class='ocrx_word' id='word_1_250' title='bbox 2051 1983 2191 2036; x_wconf 82' lang='lat' dir='ltr'><strong>vobis</strong></span> 
     </span>
    </p>
   </div>
   <div class='ocr_carea' id='block_1_36' title="bbox 619 2057 2191 2135">
    <p class='ocr_par' dir='ltr' id='par_1_36' title="bbox 619 2057 2191 2135">
     <span class='ocr_line' id='line_1_36' title="bbox 619 2057 2191 2135; baseline 0.013 -26"><span class='ocrx_word' id='word_1_251' title='bbox 619 2075 651 2109; x_wconf 84' lang='grc' dir='ltr'><strong>α</strong></span> <span class='ocrx_word' id='word_1_252' title='bbox 697 2057 837 2127; x_wconf 79' lang='lat' dir='ltr'><strong>facie</strong></span> <span class='ocrx_word' id='word_1_253' title='bbox 884 2065 1272 2132; x_wconf 69' lang='lat' dir='ltr'><strong>peraequatis,</strong></span> <span class='ocrx_word' id='word_1_254' title='bbox 1322 2067 1449 2135; x_wconf 82' lang='lat' dir='ltr'><strong>quia</strong></span> <span class='ocrx_word' id='word_1_255' title='bbox 1497 2068 1761 2122; x_wconf 80' lang='lat' dir='ltr'><strong>sublatum</strong></span> <span class='ocrx_word' id='word_1_256' title='bbox 1806 2080 1885 2126; x_wconf 82' lang='lat' dir='ltr'><strong>est</strong></span> <span class='ocrx_word' id='word_1_257' title='bbox 1931 2074 2191 2129; x_wconf 64' lang='lat' dir='ltr'><strong>auxilium</strong></span> 
     </span>
    </p>
   </div>
   <div class='ocr_carea' id='block_1_37' title="bbox 620 2154 2045 2231">
    <p class='ocr_par' dir='ltr' id='par_1_37' title="bbox 620 2154 2045 2231">
     <span class='ocr_line' id='line_1_37' title="bbox 620 2154 2045 2231; baseline 0.012 -30"><span class='ocrx_word' id='word_1_258' title='bbox 620 2160 793 2218; x_wconf 80' lang='lat' dir='ltr'><strong>tuum,</strong></span> <span class='ocrx_word' id='word_1_259' title='bbox 820 2162 870 2206; x_wconf 87' lang='lat' dir='ltr'><strong>et</strong></span> <span class='ocrx_word' id='word_1_260' title='bbox 896 2154 1135 2224; x_wconf 75' lang='lat' dir='ltr'><strong>princeps</strong></span> <span class='ocrx_word' id='word_1_261' title='bbox 1169 2157 1323 2225; x_wconf 80' lang='lat' dir='ltr'><strong>periit</strong></span> <span class='ocrx_word' id='word_1_262' title='bbox 1352 2158 1664 2215; x_wconf 80' lang='lat' dir='ltr'><strong>conculcans</strong></span> <span class='ocrx_word' id='word_1_263' title='bbox 1693 2178 1852 2231; x_wconf 82' lang='lat' dir='ltr'><strong>super</strong></span> <span class='ocrx_word' id='word_1_264' title='bbox 1885 2172 2045 2218; x_wconf 82' lang='lat' dir='ltr'><strong>terra.</strong></span> 
     </span>
    </p>
   </div>
   <div class='ocr_carea' id='block_1_38' title="bbox 686 2331 2188 2401">
    <p class='ocr_par' dir='ltr' id='par_1_38' title="bbox 686 2331 2188 2401">
     <span class='ocr_line' id='line_1_38' title="bbox 686 2331 2188 2401; baseline 0.01 -16"><span class='ocrx_word' id='word_1_265' title='bbox 686 2331 769 2385; x_wconf 79' lang='lat' dir='ltr'><strong>Ad</strong></span> <span class='ocrx_word' id='word_1_266' title='bbox 825 2331 1291 2401; x_wconf 87' lang='lat' dir='ltr'><strong>interpretandum</strong></span> <span class='ocrx_word' id='word_1_267' title='bbox 1343 2337 1576 2394; x_wconf 74' lang='lat' dir='ltr'><strong>diliicilis</strong></span> <span class='ocrx_word' id='word_1_268' title='bbox 1630 2350 1721 2395; x_wconf 85' lang='lat' dir='ltr'><strong>est</strong></span> <span class='ocrx_word' id='word_1_269' title='bbox 1782 2357 1940 2399; x_wconf 86' lang='lat' dir='ltr'><strong>mens</strong></span> <span class='ocrx_word' id='word_1_270' title='bbox 1994 2345 2188 2400; x_wconf 87' lang='lat' dir='ltr'><strong>horum</strong></span> 
     </span>
    </p>
   </div>
   <div class='ocr_carea' id='block_1_39' title="bbox 618 2423 2188 2503">
    <p class='ocr_par' dir='ltr' id='par_1_39' title="bbox 618 2423 2188 2503">
     <span class='ocr_line' id='line_1_39' title="bbox 618 2423 2188 2503; baseline 0.011 -26"><span class='ocrx_word' id='word_1_271' title='bbox 618 2423 927 2493; x_wconf 84' lang='lat' dir='ltr'><strong>verborum,</strong></span> <span class='ocrx_word' id='word_1_272' title='bbox 959 2437 1179 2497; x_wconf 81' lang='lat' dir='ltr'><strong>prOpter</strong></span> <span class='ocrx_word' id='word_1_273' title='bbox 1209 2442 1565 2496; x_wconf 82' lang='lat' dir='ltr'><strong>personarum</strong></span> <span class='ocrx_word' id='word_1_274' title='bbox 1607 2433 1659 2486; x_wconf 89' lang='lat' dir='ltr'><strong>in</strong></span> <span class='ocrx_word' id='word_1_275' title='bbox 1691 2448 1954 2503; x_wconf 81' lang='lat' dir='ltr'><strong>personas</strong></span> <span class='ocrx_word' id='word_1_276' title='bbox 1989 2439 2188 2493; x_wconf 80' lang='lat' dir='ltr'><strong>transi-</strong></span> 
     </span>
    </p>
   </div>
   <div class='ocr_carea' id='block_1_40' title="bbox 620 2516 2187 2593">
    <p class='ocr_par' dir='ltr' id='par_1_40' title="bbox 620 2516 2187 2593">
     <span class='ocr_line' id='line_1_40' title="bbox 620 2516 2187 2593; baseline 0.01 -24"><span class='ocrx_word' id='word_1_277' title='bbox 620 2516 818 2581; x_wconf 84' lang='lat' dir='ltr'><strong>tiones,</strong></span> <span class='ocrx_word' id='word_1_278' title='bbox 857 2524 916 2572; x_wconf 83' lang='lat' dir='ltr'><strong>et</strong></span> <span class='ocrx_word' id='word_1_279' title='bbox 948 2520 1353 2589; x_wconf 78' lang='lat' dir='ltr'><strong>compositionis</strong></span> <span class='ocrx_word' id='word_1_280' title='bbox 1386 2525 1757 2593; x_wconf 78' lang='lat' dir='ltr'><strong>asperitatem,</strong></span> <span class='ocrx_word' id='word_1_281' title='bbox 1805 2527 1905 2584; x_wconf 85' lang='lat' dir='ltr'><strong>nec</strong></span> <span class='ocrx_word' id='word_1_282' title='bbox 1945 2531 2187 2586; x_wconf 84' lang='lat' dir='ltr'><strong>omnium</strong></span> 
     </span>
    </p>
   </div>
   <div class='ocr_carea' id='block_1_41' title="bbox 614 2606 2185 2690">
    <p class='ocr_par' dir='ltr' id='par_1_41' title="bbox 614 2606 2185 2690">
     <span class='ocr_line' id='line_1_41' title="bbox 614 2606 2185 2690; baseline 0.011 -30"><span class='ocrx_word' id='word_1_283' title='bbox 614 2606 984 2678; x_wconf 74' lang='lat' dir='ltr'><strong>intelligentiae</strong></span> <span class='ocrx_word' id='word_1_284' title='bbox 1028 2610 1261 2666; x_wconf 82' lang='lat' dir='ltr'><strong>obviam.</strong></span> <span class='ocrx_word' id='word_1_285' title='bbox 1314 2611 1691 2672; x_wconf 82' lang='lat' dir='ltr'><strong>Verumtamen</strong></span> <span class='ocrx_word' id='word_1_286' title='bbox 1742 2623 1922 2688; x_wconf 85' lang='lat' dir='ltr'><strong>quoad</strong></span> <span class='ocrx_word' id='word_1_287' title='bbox 1973 2630 2185 2690; x_wconf 83' lang='lat' dir='ltr'><strong>potero,</strong></span> 
     </span>
    </p>
   </div>
   <div class='ocr_carea' id='block_1_42' title="bbox 615 2698 2188 2779">
    <p class='ocr_par' dir='ltr' id='par_1_42' title="bbox 615 2698 2188 2779">
     <span class='ocr_line' id='line_1_42' title="bbox 615 2698 2188 2779; baseline 0.01 -25"><span class='ocrx_word' id='word_1_288' title='bbox 615 2698 797 2754; x_wconf 89' lang='lat' dir='ltr'><strong>enitar</strong></span> <span class='ocrx_word' id='word_1_289' title='bbox 819 2700 1111 2768; x_wconf 82' lang='lat' dir='ltr'><strong>explicare.</strong></span> <span class='ocrx_word' id='word_1_290' title='bbox 1148 2702 1331 2759; x_wconf 79' lang='lat' dir='ltr'><strong>Deleta</strong></span> <span class='ocrx_word' id='word_1_291' title='bbox 1360 2705 1540 2775; x_wconf 85' lang='lat' dir='ltr'><strong>itaque</strong></span> <span class='ocrx_word' id='word_1_292' title='bbox 1568 2716 1676 2762; x_wconf 87' lang='lat' dir='ltr'><strong>tota</strong></span> <span class='ocrx_word' id='word_1_293' title='bbox 1702 2709 2010 2779; x_wconf 72' lang='lat' dir='ltr'><strong>Moabitide,</strong></span> <span class='ocrx_word' id='word_1_294' title='bbox 2033 2727 2188 2769; x_wconf 86' lang='lat' dir='ltr'><strong>ever-</strong></span> 
     </span>
    </p>
   </div>
   <div class='ocr_carea' id='block_1_43' title="bbox 619 2791 2189 2872">
    <p class='ocr_par' dir='ltr' id='par_1_43' title="bbox 619 2791 2189 2872">
     <span class='ocr_line' id='line_1_43' title="bbox 619 2791 2189 2872; baseline 0.013 -29"><span class='ocrx_word' id='word_1_295' title='bbox 619 2791 697 2846; x_wconf 89' lang='lat' dir='ltr'><strong>sis</strong></span> <span class='ocrx_word' id='word_1_296' title='bbox 729 2791 977 2858; x_wconf 80' lang='lat' dir='ltr'><strong>urbibus,</strong></span> <span class='ocrx_word' id='word_1_297' title='bbox 1007 2793 1244 2851; x_wconf 85' lang='lat' dir='ltr'><strong>incensis</strong></span> <span class='ocrx_word' id='word_1_298' title='bbox 1289 2797 1557 2864; x_wconf 84' lang='lat' dir='ltr'><strong>domibus,</strong></span> <span class='ocrx_word' id='word_1_299' title='bbox 1599 2811 1656 2857; x_wconf 93' lang='lat' dir='ltr'><strong>et</strong></span> <span class='ocrx_word' id='word_1_300' title='bbox 1701 2817 1925 2872; x_wconf 85' lang='lat' dir='ltr'><strong>prorsus</strong></span> <span class='ocrx_word' id='word_1_301' title='bbox 1975 2807 2189 2864; x_wconf 82' lang='lat' dir='ltr'><strong>rabiose</strong></span> 
     </span>
    </p>
   </div>
   <div class='ocr_carea' id='block_1_44' title="bbox 613 2881 2184 2964">
    <p class='ocr_par' dir='ltr' id='par_1_44' title="bbox 613 2881 2184 2964">
     <span class='ocr_line' id='line_1_44' title="bbox 613 2881 2184 2964; baseline 0.011 -27"><span class='ocrx_word' id='word_1_302' title='bbox 613 2881 970 2945; x_wconf 58' lang='lat' dir='ltr'><strong>saevientibus</strong></span> <span class='ocrx_word' id='word_1_303' title='bbox 1009 2882 1350 2954; x_wconf 82' lang='lat' dir='ltr'><strong>Babyloniis,</strong></span> <span class='ocrx_word' id='word_1_304' title='bbox 1382 2891 1474 2959; x_wconf 85' lang='lat' dir='ltr'><strong>qui</strong></span> <span class='ocrx_word' id='word_1_305' title='bbox 1508 2893 1649 2948; x_wconf 86' lang='lat' dir='ltr'><strong>elabi</strong></span> <span class='ocrx_word' id='word_1_306' title='bbox 1693 2902 1965 2964; x_wconf 84' lang='lat' dir='ltr'><strong>poterant,</strong></span> <span class='ocrx_word' id='word_1_307' title='bbox 1999 2896 2184 2954; x_wconf 81' lang='lat' dir='ltr'><strong>Arnon</strong></span> 
     </span>
    </p>
   </div>
   <div class='ocr_carea' id='block_1_45' title="bbox 610 2976 2188 3056">
    <p class='ocr_par' dir='ltr' id='par_1_45' title="bbox 610 2976 2188 3056">
     <span class='ocr_line' id='line_1_45' title="bbox 610 2976 2188 3056; baseline 0.013 -31"><span class='ocrx_word' id='word_1_308' title='bbox 610 2985 675 3025; x_wconf 85' lang='lat' dir='ltr'><strong>se</strong></span> <span class='ocrx_word' id='word_1_309' title='bbox 706 2983 1043 3041; x_wconf 80' lang='lat' dir='ltr'><strong>receperunt.</strong></span> <span class='ocrx_word' id='word_1_310' title='bbox 1094 2976 1233 3034; x_wconf 73' lang='lat' dir='ltr'><strong>Urbs</strong></span> <span class='ocrx_word' id='word_1_311' title='bbox 1262 2990 1441 3036; x_wconf 83' lang='lat' dir='ltr'><strong>autem</strong></span> <span class='ocrx_word' id='word_1_312' title='bbox 1475 2983 1594 3039; x_wconf 76' lang='lat' dir='ltr'><strong>lucc</strong></span> <span class='ocrx_word' id='word_1_313' title='bbox 1620 2986 1978 3042; x_wconf 82' lang='lat' dir='ltr'><strong>munitissima</strong></span> <span class='ocrx_word' id='word_1_314' title='bbox 2005 3000 2107 3056; x_wconf 87' lang='lat' dir='ltr'><strong>est,</strong></span> <span class='ocrx_word' id='word_1_315' title='bbox 2134 3002 2188 3047; x_wconf 86' lang='lat' dir='ltr'><strong>et</strong></span> 
     </span>
    </p>
   </div>
   <div class='ocr_carea' id='block_1_46' title="bbox 618 3062 2181 3146">
    <p class='ocr_par' dir='ltr' id='par_1_46' title="bbox 618 3062 2181 3146">
     <span class='ocr_line' id='line_1_46' title="bbox 618 3062 2181 3146; baseline 0.014 -29"><span class='ocrx_word' id='word_1_316' title='bbox 618 3062 893 3123; x_wconf 77' lang='lat' dir='ltr'><strong>Moabitidi</strong></span> <span class='ocrx_word' id='word_1_317' title='bbox 915 3068 1273 3125; x_wconf 80' lang='lat' dir='ltr'><strong>contermina.</strong></span> <span class='ocrx_word' id='word_1_318' title='bbox 1291 3070 1533 3128; x_wconf 79' lang='lat' dir='ltr'><strong>Habetur</strong></span> <span class='ocrx_word' id='word_1_319' title='bbox 1560 3075 1723 3146; x_wconf 89' lang='lat' dir='ltr'><strong>igitur</strong></span> <span class='ocrx_word' id='word_1_320' title='bbox 1745 3078 1812 3133; x_wconf 90' lang='lat' dir='ltr'><strong>ad</strong></span> <span class='ocrx_word' id='word_1_321' title='bbox 1835 3093 1955 3135; x_wconf 87' lang='lat' dir='ltr'><strong>eam</strong></span> <span class='ocrx_word' id='word_1_322' title='bbox 1983 3095 2181 3139; x_wconf 84' lang='lat' dir='ltr'><strong>sermo.</strong></span> 
     </span>
    </p>
   </div>
   <div class='ocr_carea' id='block_1_47' title="bbox 616 3153 2254 3263">
    <p class='ocr_par' dir='ltr' id='par_1_47' title="bbox 616 3153 2254 3263">
     <span class='ocr_line' id='line_1_47' title="bbox 616 3153 2254 3263; baseline 0.014 -54"><span class='ocrx_word' id='word_1_323' title='bbox 720 3166 929 3261; x_wconf 61' lang='lat' dir='ltr'><strong>autem,</strong></span> <span class='ocrx_word' id='word_1_324' title='bbox 949 3156 1141 3263; x_wconf 77' lang='lat' dir='ltr'><strong>inquit,</strong></span> <span class='ocrx_word' id='word_1_325' title='bbox 1171 3162 1416 3231; x_wconf 82' lang='lat' dir='ltr'><strong>posthac,</strong></span> <span class='ocrx_word' id='word_1_326' title='bbox 1454 3180 1487 3220; x_wconf 90' lang='grc' dir='ltr'><strong>ο</strong></span> <span class='ocrx_word' id='word_1_327' title='bbox 1508 3166 1714 3231; x_wconf 84' lang='lat' dir='ltr'><strong>Arnon,</strong></span> <span class='ocrx_word' id='word_1_328' title='bbox 1741 3169 1894 3238; x_wconf 85' lang='lat' dir='ltr'><strong>plura</strong></span> <span class='ocrx_word' id='word_1_329' title='bbox 1934 3173 2175 3233; x_wconf 83' lang='lat' dir='ltr'><strong>consule.</strong></span> <span class='ocrx_word' id='word_1_330' title='bbox 2214 3208 2254 3263; x_wconf 67' lang='grc' dir='ltr'>ε</span> 
     </span>
    </p>
   </div>
   <div class='ocr_carea' id='block_1_48' title="bbox 615 3244 2184 3336">
    <p class='ocr_par' dir='ltr' id='par_1_48' title="bbox 615 3244 2184 3336">
     <span class='ocr_line' id='line_1_48' title="bbox 615 3244 2184 3336; baseline 0.016 -39"><span class='ocrx_word' id='word_1_331' title='bbox 615 3244 877 3336; x_wconf 82' lang='lat' dir='ltr'><strong>Observa,</strong></span> <span class='ocrx_word' id='word_1_332' title='bbox 911 3248 1106 3319; x_wconf 87' lang='lat' dir='ltr'><strong>inquit,</strong></span> <span class='ocrx_word' id='word_1_333' title='bbox 1132 3266 1251 3321; x_wconf 86' lang='lat' dir='ltr'><strong>quo</strong></span> <span class='ocrx_word' id='word_1_334' title='bbox 1282 3263 1442 3322; x_wconf 80' lang='lat' dir='ltr'><strong>pacto</strong></span> <span class='ocrx_word' id='word_1_335' title='bbox 1477 3272 1600 3312; x_wconf 86' lang='lat' dir='ltr'><strong>serv</strong></span> <span class='ocrx_word' id='word_1_336' title='bbox 1615 3273 1711 3315; x_wconf 76' lang='lat' dir='ltr'><strong>ars</strong></span> <span class='ocrx_word' id='word_1_337' title='bbox 1750 3263 1955 3329; x_wconf 82' lang='lat' dir='ltr'><strong>poteris</strong></span> <span class='ocrx_word' id='word_1_338' title='bbox 1996 3279 2184 3336; x_wconf 89' lang='lat' dir='ltr'><strong>snper-</strong></span> 
     </span>
    </p>
   </div>
   <div class='ocr_carea' id='block_1_49' title="bbox 614 3332 2185 3419">
    <p class='ocr_par' dir='ltr' id='par_1_49' title="bbox 614 3332 2185 3419">
     <span class='ocr_line' id='line_1_49' title="bbox 614 3332 2185 3419; baseline 0.013 -34"><span class='ocrx_word' id='word_1_339' title='bbox 614 3332 796 3400; x_wconf 83' lang='lat' dir='ltr'><strong>stites,</strong></span> <span class='ocrx_word' id='word_1_340' title='bbox 830 3347 1031 3404; x_wconf 83' lang='lat' dir='ltr'><strong>eosque</strong></span> <span class='ocrx_word' id='word_1_341' title='bbox 1059 3340 1168 3407; x_wconf 20' lang='lat' dir='ltr'><strong>qui.</strong></span> <span class='ocrx_word' id='word_1_342' title='bbox 1191 3340 1586 3398; x_wconf 75' lang='lat' dir='ltr'><strong>immanitatem</strong></span> <span class='ocrx_word' id='word_1_343' title='bbox 1629 3356 1960 3402; x_wconf 82' lang='lat' dir='ltr'><strong>vastatorum</strong></span> <span class='ocrx_word' id='word_1_344' title='bbox 1994 3332 2185 3419; x_wconf 74' lang='lat' dir='ltr'><strong>potue-</strong></span> 
     </span>
    </p>
   </div>
   <div class='ocr_carea' id='block_1_50' title="bbox 616 3425 2182 3511">
    <p class='ocr_par' dir='ltr' id='par_1_50' title="bbox 616 3425 2182 3511">
     <span class='ocr_line' id='line_1_50' title="bbox 616 3425 2182 3511; baseline 0.013 -35"><span class='ocrx_word' id='word_1_345' title='bbox 616 3429 745 3478; x_wconf 85' lang='lat' dir='ltr'><strong>runt</strong></span> <span class='ocrx_word' id='word_1_346' title='bbox 789 3425 1040 3483; x_wconf 85' lang='lat' dir='ltr'><strong>evadere.</strong></span> <span class='ocrx_word' id='word_1_347' title='bbox 1090 3427 1204 3485; x_wconf 87' lang='lat' dir='ltr'><strong>Fac</strong></span> <span class='ocrx_word' id='word_1_348' title='bbox 1255 3431 1419 3486; x_wconf 87' lang='lat' dir='ltr'><strong>etiam</strong></span> <span class='ocrx_word' id='word_1_349' title='bbox 1488 3443 1701 3504; x_wconf 85' lang='lat' dir='ltr'><strong>tegmen</strong></span> <span class='ocrx_word' id='word_1_350' title='bbox 1770 3439 2021 3506; x_wconf 86' lang='lat' dir='ltr'><strong>planctus</strong></span> <span class='ocrx_word' id='word_1_351' title='bbox 2083 3442 2182 3511; x_wconf 85' lang='lat' dir='ltr'><strong>ipsi</strong></span> 
     </span>
    </p>
   </div>
   <div class='ocr_carea' id='block_1_51' title="bbox 616 3512 2183 3599">
    <p class='ocr_par' dir='ltr' id='par_1_51' title="bbox 616 3512 2183 3599">
     <span class='ocr_line' id='line_1_51' title="bbox 616 3512 2183 3599; baseline 0.013 -32"><span class='ocrx_word' id='word_1_352' title='bbox 616 3512 965 3595; x_wconf 32' lang='lat' dir='ltr'><strong>semper.‘Et</strong></span> <span class='ocrx_word' id='word_1_353' title='bbox 1002 3515 1113 3582; x_wconf 80' lang='lat' dir='ltr'><strong>fac,</strong></span> <span class='ocrx_word' id='word_1_354' title='bbox 1146 3519 1337 3588; x_wconf 87' lang='lat' dir='ltr'><strong>inquit,</strong></span> <span class='ocrx_word' id='word_1_355' title='bbox 1371 3524 1790 3583; x_wconf 84' lang='lat' dir='ltr'><strong>comminiscere</strong></span> <span class='ocrx_word' id='word_1_356' title='bbox 1830 3528 2034 3599; x_wconf 79' lang='lat' dir='ltr'><strong>aliquid</strong></span> <span class='ocrx_word' id='word_1_357' title='bbox 2081 3533 2183 3587; x_wconf 82' lang='lat' dir='ltr'><strong>bn-</strong></span> 
     </span>
    </p>
   </div>
   <div class='ocr_carea' id='block_1_52' title="bbox 617 3607 2180 3680">
    <p class='ocr_par' dir='ltr' id='par_1_52' title="bbox 617 3607 2180 3680">
     <span class='ocr_line' id='line_1_52' title="bbox 617 3607 2180 3680; baseline 0.015 -24"><span class='ocrx_word' id='word_1_358' title='bbox 617 3618 866 3671; x_wconf 86' lang='lat' dir='ltr'><strong>manum,</strong></span> <span class='ocrx_word' id='word_1_359' title='bbox 916 3607 1123 3663; x_wconf 88' lang='lat' dir='ltr'><strong>latebra</strong></span> <span class='ocrx_word' id='word_1_360' title='bbox 1168 3619 1286 3667; x_wconf 85' lang='lat' dir='ltr'><strong>esto</strong></span> <span class='ocrx_word' id='word_1_361' title='bbox 1329 3612 1656 3672; x_wconf 74' lang='lat' dir='ltr'><strong>intolerabili</strong></span> <span class='ocrx_word' id='word_1_362' title='bbox 1703 3618 1849 3675; x_wconf 87' lang='lat' dir='ltr'><strong>luctu</strong></span> <span class='ocrx_word' id='word_1_363' title='bbox 1894 3622 2180 3680; x_wconf 80' lang='lat' dir='ltr'><strong>confectis.</strong></span> 
     </span>
    </p>
   </div>
   <div class='ocr_carea' id='block_1_53' title="bbox 614 3693 2181 3780">
    <p class='ocr_par' dir='ltr' id='par_1_53' title="bbox 614 3693 2181 3780">
     <span class='ocr_line' id='line_1_53' title="bbox 614 3693 2181 3780; baseline 0.016 -33"><span class='ocrx_word' id='word_1_364' title='bbox 614 3693 871 3766; x_wconf 82' lang='lat' dir='ltr'><strong>Fugitant</strong></span> <span class='ocrx_word' id='word_1_365' title='bbox 912 3698 1055 3752; x_wconf 90' lang='lat' dir='ltr'><strong>enim</strong></span> <span class='ocrx_word' id='word_1_366' title='bbox 1094 3697 1148 3754; x_wconf 90' lang='lat' dir='ltr'><strong>in</strong></span> <span class='ocrx_word' id='word_1_367' title='bbox 1194 3702 1511 3760; x_wconf 84' lang='lat' dir='ltr'><strong>meridianis</strong></span> <span class='ocrx_word' id='word_1_368' title='bbox 1542 3705 1800 3775; x_wconf 86' lang='lat' dir='ltr'><strong>tenebris,</strong></span> <span class='ocrx_word' id='word_1_369' title='bbox 1834 3710 1887 3765; x_wconf 91' lang='lat' dir='ltr'><strong>id</strong></span> <span class='ocrx_word' id='word_1_370' title='bbox 1915 3722 2019 3780; x_wconf 85' lang='lat' dir='ltr'><strong>est,</strong></span> <span class='ocrx_word' id='word_1_371' title='bbox 2059 3730 2181 3771; x_wconf 90' lang='lat' dir='ltr'><strong>cum</strong></span> 
     </span>
    </p>
   </div>
   <div class='ocr_carea' id='block_1_54' title="bbox 613 3786 2181 3869">
    <p class='ocr_par' dir='ltr' id='par_1_54' title="bbox 613 3786 2181 3869">
     <span class='ocr_line' id='line_1_54' title="bbox 613 3786 2181 3869; baseline 0.016 -32"><span class='ocrx_word' id='word_1_372' title='bbox 613 3786 728 3842; x_wconf 86' lang='lat' dir='ltr'><strong>dies</strong></span> <span class='ocrx_word' id='word_1_373' title='bbox 765 3795 871 3857; x_wconf 89' lang='lat' dir='ltr'><strong>est,</strong></span> <span class='ocrx_word' id='word_1_374' title='bbox 896 3798 952 3843; x_wconf 90' lang='lat' dir='ltr'><strong>et</strong></span> <span class='ocrx_word' id='word_1_375' title='bbox 992 3790 1075 3845; x_wconf 90' lang='lat' dir='ltr'><strong>sol</strong></span> <span class='ocrx_word' id='word_1_376' title='bbox 1116 3790 1170 3844; x_wconf 90' lang='lat' dir='ltr'><strong>in</strong></span> <span class='ocrx_word' id='word_1_377' title='bbox 1211 3792 1436 3848; x_wconf 85' lang='lat' dir='ltr'><strong>meridie</strong></span> <span class='ocrx_word' id='word_1_378' title='bbox 1476 3794 1642 3864; x_wconf 88' lang='lat' dir='ltr'><strong>lucet,</strong></span> <span class='ocrx_word' id='word_1_379' title='bbox 1678 3798 1779 3869; x_wconf 91' lang='lat' dir='ltr'><strong>ipsi</strong></span> <span class='ocrx_word' id='word_1_380' title='bbox 1814 3805 2012 3861; x_wconf 89' lang='lat' dir='ltr'><strong>mentis</strong></span> <span class='ocrx_word' id='word_1_381' title='bbox 2046 3805 2181 3861; x_wconf 91' lang='lat' dir='ltr'><strong>cali-</strong></span> 
     </span>
    </p>
   </div>
   <div class='ocr_carea' id='block_1_55' title="bbox 610 3879 2178 3954">
    <p class='ocr_par' dir='ltr' id='par_1_55' title="bbox 610 3879 2178 3954">
     <span class='ocr_line' id='line_1_55' title="bbox 610 3879 2178 3954; baseline 0.012 -21"><span class='ocrx_word' id='word_1_382' title='bbox 610 3879 796 3947; x_wconf 85' lang='lat' dir='ltr'><strong>ginem</strong></span> <span class='ocrx_word' id='word_1_383' title='bbox 824 3880 1240 3953; x_wconf 76' lang='lat' dir='ltr'><strong>circumferunt.</strong></span> <span class='ocrx_word' id='word_1_384' title='bbox 1289 3884 1436 3941; x_wconf 85' lang='lat' dir='ltr'><strong>Satis</strong></span> <span class='ocrx_word' id='word_1_385' title='bbox 1471 3898 1554 3953; x_wconf 86' lang='lat' dir='ltr'><strong>est</strong></span> <span class='ocrx_word' id='word_1_386' title='bbox 1580 3890 1723 3947; x_wconf 86' lang='lat' dir='ltr'><strong>enim</strong></span> <span class='ocrx_word' id='word_1_387' title='bbox 1760 3894 1827 3948; x_wconf 89' lang='lat' dir='ltr'><strong>ad</strong></span> <span class='ocrx_word' id='word_1_388' title='bbox 1856 3894 2178 3954; x_wconf 81' lang='lat' dir='ltr'><strong>turbandam</strong></span> 
     </span>
    </p>
   </div>
   <div class='ocr_carea' id='block_1_56' title="bbox 610 3972 2182 4058">
    <p class='ocr_par' dir='ltr' id='par_1_56' title="bbox 610 3972 2182 4058">
     <span class='ocr_line' id='line_1_56' title="bbox 610 3972 2182 4058; baseline 0.013 -32"><span class='ocrx_word' id='word_1_389' title='bbox 610 3972 850 4026; x_wconf 86' lang='lat' dir='ltr'><strong>animum</strong></span> <span class='ocrx_word' id='word_1_390' title='bbox 904 3974 1103 4031; x_wconf 86' lang='lat' dir='ltr'><strong>mortis</strong></span> <span class='ocrx_word' id='word_1_391' title='bbox 1150 3987 1326 4033; x_wconf 89' lang='lat' dir='ltr'><strong>metus</strong></span> <span class='ocrx_word' id='word_1_392' title='bbox 1365 3996 1381 4034; x_wconf 88' lang='lat'><strong>:</strong></span> <span class='ocrx_word' id='word_1_393' title='bbox 1424 3986 1480 4035; x_wconf 85' lang='lat' dir='ltr'><strong>et</strong></span> <span class='ocrx_word' id='word_1_394' title='bbox 1524 3997 1748 4042; x_wconf 64' lang='lat' dir='ltr'><strong>summa</strong></span> <span class='ocrx_word' id='word_1_395' title='bbox 1792 3986 2182 4058; x_wconf 86' lang='lat' dir='ltr'><strong>desperationis</strong></span> 
     </span>
    </p>
   </div>
   <div class='ocr_carea' id='block_1_57' title="bbox 609 4061 2182 4141">
    <p class='ocr_par' dir='ltr' id='par_1_57' title="bbox 609 4061 2182 4141">
     <span class='ocr_line' id='line_1_57' title="bbox 609 4061 2182 4141; baseline 0.017 -27"><span class='ocrx_word' id='word_1_396' title='bbox 609 4061 872 4117; x_wconf 82' lang='lat' dir='ltr'><strong>assultum</strong></span> <span class='ocrx_word' id='word_1_397' title='bbox 905 4073 1165 4134; x_wconf 87' lang='lat' dir='ltr'><strong>tanquam</strong></span> <span class='ocrx_word' id='word_1_398' title='bbox 1206 4079 1418 4124; x_wconf 86' lang='lat' dir='ltr'><strong>noctem</strong></span> <span class='ocrx_word' id='word_1_399' title='bbox 1449 4079 1741 4141; x_wconf 80' lang='lat' dir='ltr'><strong>quamdam</strong></span> <span class='ocrx_word' id='word_1_400' title='bbox 1774 4081 1977 4137; x_wconf 85' lang='lat' dir='ltr'><strong>mentis</strong></span> <span class='ocrx_word' id='word_1_401' title='bbox 2001 4081 2182 4139; x_wconf 76' lang='lat' dir='ltr'><strong>offun-</strong></span> 
     </span>
    </p>
   </div>
   <div class='ocr_carea' id='block_1_58' title="bbox 605 4153 2177 4234">
    <p class='ocr_par' dir='ltr' id='par_1_58' title="bbox 605 4153 2177 4234">
     <span class='ocr_line' id='line_1_58' title="bbox 605 4153 2177 4234; baseline 0.014 -28"><span class='ocrx_word' id='word_1_402' title='bbox 605 4153 708 4216; x_wconf 84' lang='lat' dir='ltr'><strong>dit.</strong></span> <span class='ocrx_word' id='word_1_403' title='bbox 738 4153 880 4210; x_wconf 78' lang='lat' dir='ltr'><strong>Hinc</strong></span> <span class='ocrx_word' id='word_1_404' title='bbox 911 4155 1076 4211; x_wconf 86' lang='lat' dir='ltr'><strong>etiam</strong></span> <span class='ocrx_word' id='word_1_405' title='bbox 1113 4155 1191 4212; x_wconf 85' lang='lat' dir='ltr'><strong>ait</strong></span> <span class='ocrx_word' id='word_1_406' title='bbox 1225 4175 1241 4212; x_wconf 87' lang='lat'><strong>:</strong></span> <span class='ocrx_word' id='word_1_407' title='bbox 1277 4158 1344 4213; x_wconf 86' lang='lat' dir='ltr'><strong>Et</strong></span> <span class='ocrx_word' id='word_1_408' title='bbox 1384 4163 1799 4234; x_wconf 87' lang='lat' dir='ltr'><strong>obstupuerunt.</strong></span> <span class='ocrx_word' id='word_1_409' title='bbox 1862 4171 1997 4229; x_wconf 72' lang='lat' dir='ltr'><strong>Nam</strong></span> <span class='ocrx_word' id='word_1_410' title='bbox 2052 4173 2177 4229; x_wconf 87' lang='lat' dir='ltr'><strong>belli</strong></span> 
     </span>
    </p>
   </div>
   <div class='ocr_carea' id='block_1_59' title="bbox 605 4244 2179 4332">
    <p class='ocr_par' dir='ltr' id='par_1_59' title="bbox 605 4244 2179 4332">
     <span class='ocr_line' id='line_1_59' title="bbox 605 4244 2179 4332; baseline 0.012 -32"><span class='ocrx_word' id='word_1_411' title='bbox 605 4244 912 4301; x_wconf 87' lang='lat' dir='ltr'><strong>terroribus</strong></span> <span class='ocrx_word' id='word_1_412' title='bbox 957 4247 1225 4315; x_wconf 89' lang='lat' dir='ltr'><strong>perculsi,</strong></span> <span class='ocrx_word' id='word_1_413' title='bbox 1277 4256 1481 4306; x_wconf 89' lang='lat' dir='ltr'><strong>tantum</strong></span> <span class='ocrx_word' id='word_1_414' title='bbox 1531 4270 1635 4313; x_wconf 87' lang='lat' dir='ltr'><strong>non</strong></span> <span class='ocrx_word' id='word_1_415' title='bbox 1685 4267 1865 4315; x_wconf 80' lang='lat' dir='ltr'><strong>mente</strong></span> <span class='ocrx_word' id='word_1_416' title='bbox 1890 4274 2179 4332; x_wconf 63' lang='lat' dir='ltr'><strong>sensuque</strong></span> 
     </span>
    </p>
   </div>
   <div class='ocr_carea' id='block_1_60' title="bbox 605 4343 2179 4419">
    <p class='ocr_par' dir='ltr' id='par_1_60' title="bbox 605 4343 2179 4419">
     <span class='ocr_line' id='line_1_60' title="bbox 605 4343 2179 4419; baseline 0.01 -23"><span class='ocrx_word' id='word_1_417' title='bbox 605 4343 802 4410; x_wconf 82' lang='lat' dir='ltr'><strong>privati</strong></span> <span class='ocrx_word' id='word_1_418' title='bbox 833 4356 977 4400; x_wconf 88' lang='lat' dir='ltr'><strong>sunt.</strong></span> <span class='ocrx_word' id='word_1_419' title='bbox 1007 4347 1076 4401; x_wconf 86' lang='lat' dir='ltr'><strong>At</strong></span> <span class='ocrx_word' id='word_1_420' title='bbox 1095 4348 1140 4402; x_wconf 91' lang='lat' dir='ltr'><strong>si</strong></span> <span class='ocrx_word' id='word_1_421' title='bbox 1169 4350 1467 4417; x_wconf 83' lang='lat' dir='ltr'><strong>acceperis,</strong></span> <span class='ocrx_word' id='word_1_422' title='bbox 1498 4348 1692 4419; x_wconf 84' lang='lat' dir='ltr'><strong>inquit,</strong></span> <span class='ocrx_word' id='word_1_423' title='bbox 1716 4350 2007 4416; x_wconf 85' lang='lat' dir='ltr'><strong>Moabitas,</strong></span> <span class='ocrx_word' id='word_1_424' title='bbox 2039 4355 2179 4410; x_wconf 76' lang='lat' dir='ltr'><strong>scite</strong></span> 
     </span>
    </p>
   </div>
   <div class='ocr_carea' id='block_1_61' title="bbox 608 4435 2177 4510">
    <p class='ocr_par' dir='ltr' id='par_1_61' title="bbox 608 4435 2177 4510">
     <span class='ocr_line' id='line_1_61' title="bbox 608 4435 2177 4510; baseline 0.01 -24"><span class='ocrx_word' id='word_1_425' title='bbox 608 4444 788 4489; x_wconf 86' lang='lat' dir='ltr'><strong>tamen</strong></span> <span class='ocrx_word' id='word_1_426' title='bbox 828 4435 1175 4504; x_wconf 82' lang='lat' dir='ltr'><strong>planissime.</strong></span> <span class='ocrx_word' id='word_1_427' title='bbox 1213 4443 1356 4509; x_wconf 85' lang='lat' dir='ltr'><strong>quod</strong></span> <span class='ocrx_word' id='word_1_428' title='bbox 1396 4441 1625 4499; x_wconf 77' lang='lat' dir='ltr'><strong>servasti</strong></span> <span class='ocrx_word' id='word_1_429' title='bbox 1677 4456 1781 4497; x_wconf 80' lang='lat' dir='ltr'><strong>non</strong></span> <span class='ocrx_word' id='word_1_430' title='bbox 1824 4456 2045 4510; x_wconf 72' lang='lat' dir='ltr'><strong>omnes.</strong></span> <span class='ocrx_word' id='word_1_431' title='bbox 2080 4446 2177 4501; x_wconf 86' lang='lat' dir='ltr'><strong>sed</strong></span> 
     </span>
    </p>
   </div>
   <div class='ocr_carea' id='block_1_62' title="bbox 2292 1979 3883 2050">
    <p class='ocr_par' dir='ltr' id='par_1_62' title="bbox 2292 1979 3883 2050">
     <span class='ocr_line' id='line_1_62' title="bbox 2292 1979 3883 2050; baseline 0 -15"><span class='ocrx_word' id='word_1_432' title='bbox 2292 1981 2656 2050; x_wconf 77' lang='grc' dir='ltr'>οικήσουσιν</span> <span class='ocrx_word' id='word_1_433' title='bbox 2669 1984 2724 2035; x_wconf 76' lang='grc' dir='ltr'>οἱ</span> <span class='ocrx_word' id='word_1_434' title='bbox 2738 1979 3001 2050; x_wconf 69' lang='grc' dir='ltr'>φυγάδες</span> <span class='ocrx_word' id='word_1_435' title='bbox 3016 1979 3197 2035; x_wconf 74' lang='lat' dir='ltr'><strong>il!de</strong></span> <span class='ocrx_word' id='word_1_436' title='bbox 3209 1995 3224 2010; x_wconf 87' lang='grc'><strong>·</strong></span> <span class='ocrx_word' id='word_1_437' title='bbox 3250 1980 3494 2034; x_wconf 75' lang='grc' dir='ltr'>ἔσονται</span> <span class='ocrx_word' id='word_1_438' title='bbox 3516 1979 3719 2049; x_wconf 75' lang='grc' dir='ltr'>σκέπη</span> <span class='ocrx_word' id='word_1_439' title='bbox 3738 1982 3883 2050; x_wconf 83' lang='grc' dir='ltr'>ὑμῖν</span> 
     </span>
    </p>
   </div>
   <div class='ocr_carea' id='block_1_63' title="bbox 2292 2068 3880 2142">
    <p class='ocr_par' dir='ltr' id='par_1_63' title="bbox 2292 2068 3880 2142">
     <span class='ocr_line' id='line_1_63' title="bbox 2292 2068 3880 2142; baseline 0.001 -17"><span class='ocrx_word' id='word_1_440' title='bbox 2292 2070 2414 2126; x_wconf 75' lang='grc' dir='ltr'><strong>ἀπὸ</strong></span> <span class='ocrx_word' id='word_1_441' title='bbox 2448 2071 2773 2140; x_wconf 80' lang='grc' dir='ltr'>προσώπου</span> <span class='ocrx_word' id='word_1_442' title='bbox 2799 2068 3138 2137; x_wconf 74' lang='grc' dir='ltr'>διώκοντος,</span> <span class='ocrx_word' id='word_1_443' title='bbox 3177 2071 3266 2126; x_wconf 87' lang='grc' dir='ltr'>ὅτι</span> <span class='ocrx_word' id='word_1_444' title='bbox 3310 2070 3464 2141; x_wconf 77' lang='grc' dir='ltr'>ᾕρθη</span> <span class='ocrx_word' id='word_1_445' title='bbox 3494 2072 3535 2140; x_wconf 78' lang='grc' dir='ltr'>ἡ</span> <span class='ocrx_word' id='word_1_446' title='bbox 3565 2074 3880 2142; x_wconf 76' lang='grc' dir='ltr'>συμμαχία</span> 
     </span>
    </p>
   </div>
   <div class='ocr_carea' id='block_1_64' title="bbox 2292 2162 3880 2234">
    <p class='ocr_par' dir='ltr' id='par_1_64' title="bbox 2292 2162 3880 2234">
     <span class='ocr_line' id='line_1_64' title="bbox 2292 2162 3880 2234; baseline 0 -15"><span class='ocrx_word' id='word_1_447' title='bbox 2292 2178 2430 2228; x_wconf 85' lang='grc' dir='ltr'>σου,</span> <span class='ocrx_word' id='word_1_448' title='bbox 2470 2164 2571 2218; x_wconf 77' lang='grc' dir='ltr'>καὶ</span> <span class='ocrx_word' id='word_1_449' title='bbox 2609 2165 2644 2217; x_wconf 84' lang='grc' dir='ltr'><strong>ό</strong></span> <span class='ocrx_word' id='word_1_450' title='bbox 2682 2163 2883 2234; x_wconf 70' lang='grc' dir='ltr'>ἄρχων</span> <span class='ocrx_word' id='word_1_451' title='bbox 2905 2162 3177 2218; x_wconf 70' lang='grc' dir='ltr'>ἀπώλετο</span> <span class='ocrx_word' id='word_1_452' title='bbox 3202 2167 3236 2219; x_wconf 82' lang='grc' dir='ltr'><strong>ό</strong></span> <span class='ocrx_word' id='word_1_453' title='bbox 3258 2162 3617 2219; x_wconf 74' lang='grc' dir='ltr'>καταπατῶν</span> <span class='ocrx_word' id='word_1_454' title='bbox 3637 2164 3736 2218; x_wconf 79' lang='grc' dir='ltr'><strong>ἐπὶ</strong></span> <span class='ocrx_word' id='word_1_455' title='bbox 3767 2163 3880 2234; x_wconf 82' lang='grc' dir='ltr'>τῆς</span> 
     </span>
    </p>
   </div>
   <div class='ocr_carea' id='block_1_65' title="bbox 2293 2273 2430 2326">
    <p class='ocr_par' dir='ltr' id='par_1_65' title="bbox 2293 2273 2430 2326">
     <span class='ocr_line' id='line_1_65' title="bbox 2293 2273 2430 2326; baseline -0.044 0"><span class='ocrx_word' id='word_1_456' title='bbox 2293 2273 2430 2326; x_wconf 77' lang='grc' dir='ltr'>γης.</span> 
     </span>
    </p>
   </div>
   <div class='ocr_carea' id='block_1_66' title="bbox 2362 2341 3875 2420">
    <p class='ocr_par' dir='ltr' id='par_1_66' title="bbox 2362 2341 3875 2420">
     <span class='ocr_line' id='line_1_66' title="bbox 2362 2341 3875 2420; baseline -0.003 -20"><span class='ocrx_word' id='word_1_457' title='bbox 2362 2347 2803 2420; x_wconf 79' lang='grc' dir='ltr'>Δυσερμήνευτος</span> <span class='ocrx_word' id='word_1_458' title='bbox 2848 2347 3047 2419; x_wconf 87' lang='grc' dir='ltr'>κομιδῆ</span> <span class='ocrx_word' id='word_1_459' title='bbox 3089 2346 3199 2400; x_wconf 83' lang='grc' dir='ltr'><strong>τῶν</strong></span> <span class='ocrx_word' id='word_1_460' title='bbox 3233 2345 3610 2417; x_wconf 82' lang='grc' dir='ltr'>προκειμένων</span> <span class='ocrx_word' id='word_1_461' title='bbox 3652 2346 3683 2398; x_wconf 82' lang='grc' dir='ltr'><strong>ό</strong></span> <span class='ocrx_word' id='word_1_462' title='bbox 3727 2341 3875 2406; x_wconf 81' lang='grc' dir='ltr'>νοῦς,</span> 
     </span>
    </p>
   </div>
   <div class='ocr_carea' id='block_1_67' title="bbox 2289 2436 3879 2511">
    <p class='ocr_par' dir='ltr' id='par_1_67' title="bbox 2289 2436 3879 2511">
     <span class='ocr_line' id='line_1_67' title="bbox 2289 2436 3879 2511; baseline -0.002 -18"><span class='ocrx_word' id='word_1_463' title='bbox 2289 2439 2380 2493; x_wconf 82' lang='grc' dir='ltr'><strong>διά</strong></span> <span class='ocrx_word' id='word_1_464' title='bbox 2412 2455 2493 2493; x_wconf 93' lang='grc' dir='ltr'><strong>τοι</strong></span> <span class='ocrx_word' id='word_1_465' title='bbox 2528 2439 2627 2502; x_wconf 82' lang='grc' dir='ltr'><strong>τάς</strong></span> <span class='ocrx_word' id='word_1_466' title='bbox 2662 2455 2724 2493; x_wconf 85' lang='grc' dir='ltr'><strong>τε</strong></span> <span class='ocrx_word' id='word_1_467' title='bbox 2752 2439 2861 2493; x_wconf 85' lang='grc' dir='ltr'><strong>τῶν</strong></span> <span class='ocrx_word' id='word_1_468' title='bbox 2895 2437 3201 2511; x_wconf 74' lang='grc' dir='ltr'>προσώπων</span> <span class='ocrx_word' id='word_1_469' title='bbox 3226 2440 3307 2504; x_wconf 78' lang='grc' dir='ltr'>εἰς</span> <span class='ocrx_word' id='word_1_470' title='bbox 3337 2441 3606 2511; x_wconf 84' lang='grc' dir='ltr'>πρόσωπα</span> <span class='ocrx_word' id='word_1_471' title='bbox 3639 2436 3879 2508; x_wconf 74' lang='grc' dir='ltr'>μεταϐά-</span> 
     </span>
    </p>
   </div>
   <div class='ocr_carea' id='block_1_68' title="bbox 2290 2526 3874 2604">
    <p class='ocr_par' dir='ltr' id='par_1_68' title="bbox 2290 2526 3874 2604">
     <span class='ocr_line' id='line_1_68' title="bbox 2290 2526 3874 2604; baseline -0.002 -22"><span class='ocrx_word' id='word_1_472' title='bbox 2290 2546 2426 2594; x_wconf 89' lang='grc' dir='ltr'>σεις,</span> <span class='ocrx_word' id='word_1_473' title='bbox 2451 2531 2546 2583; x_wconf 76' lang='grc' dir='ltr'>καὶ</span> <span class='ocrx_word' id='word_1_474' title='bbox 2574 2530 2636 2584; x_wconf 87' lang='grc' dir='ltr'>τὸ</span> <span class='ocrx_word' id='word_1_475' title='bbox 2670 2530 2772 2598; x_wconf 84' lang='grc' dir='ltr'>τῆς</span> <span class='ocrx_word' id='word_1_476' title='bbox 2800 2531 3075 2604; x_wconf 81' lang='grc' dir='ltr'><strong>συνθήκης</strong></span> <span class='ocrx_word' id='word_1_477' title='bbox 3099 2532 3272 2602; x_wconf 81' lang='grc' dir='ltr'>τραχὺ</span> <span class='ocrx_word' id='word_1_478' title='bbox 3304 2532 3398 2585; x_wconf 78' lang='grc' dir='ltr'>καὶ</span> <span class='ocrx_word' id='word_1_479' title='bbox 3436 2531 3497 2584; x_wconf 84' lang='grc' dir='ltr'>οὐ</span> <span class='ocrx_word' id='word_1_480' title='bbox 3532 2529 3765 2600; x_wconf 83' lang='grc' dir='ltr'>βάσιμον</span> <span class='ocrx_word' id='word_1_481' title='bbox 3799 2526 3874 2598; x_wconf 81' lang='grc' dir='ltr'>νῷ</span> 
     </span>
    </p>
   </div>
   <div class='ocr_carea' id='block_1_69' title="bbox 2290 2618 3872 2695">
    <p class='ocr_par' dir='ltr' id='par_1_69' title="bbox 2290 2618 3872 2695">
     <span class='ocr_line' id='line_1_69' title="bbox 2290 2618 3872 2695; baseline -0.001 -21"><span class='ocrx_word' id='word_1_482' title='bbox 2290 2623 2476 2676; x_wconf 80' lang='grc' dir='ltr'>παντί.</span> <span class='ocrx_word' id='word_1_483' title='bbox 2508 2622 2656 2695; x_wconf 80' lang='grc' dir='ltr'>Πλὴν</span> <span class='ocrx_word' id='word_1_484' title='bbox 2687 2623 2763 2685; x_wconf 88' lang='grc' dir='ltr'>ὡς</span> <span class='ocrx_word' id='word_1_485' title='bbox 2796 2622 2862 2677; x_wconf 83' lang='grc' dir='ltr'>ἂν</span> <span class='ocrx_word' id='word_1_486' title='bbox 2894 2618 3005 2686; x_wconf 77' lang='grc' dir='ltr'>οἶός</span> <span class='ocrx_word' id='word_1_487' title='bbox 3045 2639 3105 2676; x_wconf 87' lang='grc' dir='ltr'><strong>τε</strong></span> <span class='ocrx_word' id='word_1_488' title='bbox 3152 2618 3219 2687; x_wconf 82' lang='grc' dir='ltr'><strong>ὦ,</strong></span> <span class='ocrx_word' id='word_1_489' title='bbox 3253 2622 3587 2695; x_wconf 83' lang='grc' dir='ltr'>πειράσομαι</span> <span class='ocrx_word' id='word_1_490' title='bbox 3620 2621 3872 2675; x_wconf 55' lang='grc' dir='ltr'>ηδιεῑπεῖν.</span> 
     </span>
    </p>
   </div>
   <div class='ocr_carea' id='block_1_70' title="bbox 2291 2713 3875 2789">
    <p class='ocr_par' dir='ltr' id='par_1_70' title="bbox 2291 2713 3875 2789">
     <span class='ocr_line' id='line_1_70' title="bbox 2291 2713 3875 2789; baseline 0.002 -24"><span class='ocrx_word' id='word_1_491' title='bbox 2291 2713 2720 2786; x_wconf 84' lang='grc' dir='ltr'>Πεπορθημένης</span> <span class='ocrx_word' id='word_1_492' title='bbox 2735 2717 2912 2771; x_wconf 82' lang='grc' dir='ltr'>τοίνυν</span> <span class='ocrx_word' id='word_1_493' title='bbox 2935 2719 3153 2785; x_wconf 84' lang='grc' dir='ltr'>ἀπάσης</span> <span class='ocrx_word' id='word_1_494' title='bbox 3179 2719 3277 2789; x_wconf 81' lang='grc' dir='ltr'>τῆς</span> <span class='ocrx_word' id='word_1_495' title='bbox 3304 2715 3632 2784; x_wconf 77' lang='grc' dir='ltr'>Μωαϐιτῶν,</span> <span class='ocrx_word' id='word_1_496' title='bbox 3666 2715 3875 2770; x_wconf 82' lang='grc' dir='ltr'>πόλεών</span> 
     </span>
    </p>
   </div>
   <div class='ocr_carea' id='block_1_71' title="bbox 2288 2805 3874 2881">
    <p class='ocr_par' dir='ltr' id='par_1_71' title="bbox 2288 2805 3874 2881">
     <span class='ocr_line' id='line_1_71' title="bbox 2288 2805 3874 2881; baseline 0.001 -23"><span class='ocrx_word' id='word_1_497' title='bbox 2288 2822 2348 2858; x_wconf 86' lang='grc' dir='ltr'><strong>τε</strong></span> <span class='ocrx_word' id='word_1_498' title='bbox 2377 2809 2877 2881; x_wconf 87' lang='grc' dir='ltr'>κατηρειπομένων,</span> <span class='ocrx_word' id='word_1_499' title='bbox 2909 2812 3004 2865; x_wconf 75' lang='grc' dir='ltr'>καὶ</span> <span class='ocrx_word' id='word_1_500' title='bbox 3040 2812 3203 2865; x_wconf 82' lang='grc' dir='ltr'>οῐκων</span> <span class='ocrx_word' id='word_1_501' title='bbox 3249 2806 3748 2881; x_wconf 87' lang='grc' dir='ltr'>ἐμπεπρησμένων,</span> <span class='ocrx_word' id='word_1_502' title='bbox 3777 2805 3874 2860; x_wconf 81' lang='grc' dir='ltr'>καὶ</span> 
     </span>
    </p>
   </div>
   <div class='ocr_carea' id='block_1_72' title="bbox 2288 2897 3872 2972">
    <p class='ocr_par' dir='ltr' id='par_1_72' title="bbox 2288 2897 3872 2972">
     <span class='ocr_line' id='line_1_72' title="bbox 2288 2897 3872 2972; baseline 0.001 -22"><span class='ocrx_word' id='word_1_503' title='bbox 2288 2897 2622 2965; x_wconf 78' lang='grc' dir='ltr'>ἁπαξαπλῶς</span> <span class='ocrx_word' id='word_1_504' title='bbox 2675 2900 3145 2972; x_wconf 85' lang='grc' dir='ltr'>ἐκλελυττηκότων</span> <span class='ocrx_word' id='word_1_505' title='bbox 3191 2900 3400 2972; x_wconf 82' lang='grc' dir='ltr'>ἀγρίως</span> <span class='ocrx_word' id='word_1_506' title='bbox 3454 2898 3562 2952; x_wconf 86' lang='grc' dir='ltr'><strong>τῶν</strong></span> <span class='ocrx_word' id='word_1_507' title='bbox 3610 2897 3872 2952; x_wconf 76' lang='grc' dir='ltr'>Βαϐυλω-</span> 
     </span>
    </p>
   </div>
   <div class='ocr_carea' id='block_1_73' title="bbox 2286 2986 3874 3065">
    <p class='ocr_par' dir='ltr' id='par_1_73' title="bbox 2286 2986 3874 3065">
     <span class='ocr_line' id='line_1_73' title="bbox 2286 2986 3874 3065; baseline 0.01 -23"><span class='ocrx_word' id='word_1_508' title='bbox 2286 2990 2437 3055; x_wconf 89' lang='grc' dir='ltr'>νίων,</span> <span class='ocrx_word' id='word_1_509' title='bbox 2455 2992 2504 3044; x_wconf 81' lang='lat' dir='ltr'><strong>oi</strong></span> <span class='ocrx_word' id='word_1_510' title='bbox 2526 2992 2808 3060; x_wconf 80' lang='grc' dir='ltr'>διαφυγεῖν</span> <span class='ocrx_word' id='word_1_511' title='bbox 2831 2993 3144 3064; x_wconf 77' lang='grc' dir='ltr'>ἰσχύσαντες</span> <span class='ocrx_word' id='word_1_512' title='bbox 3173 2986 3494 3065; x_wconf 78' lang='grc' dir='ltr'>μετῴκησαν</span> <span class='ocrx_word' id='word_1_513' title='bbox 3515 2993 3595 3054; x_wconf 77' lang='grc' dir='ltr'><strong>εἰς</strong></span> <span class='ocrx_word' id='word_1_514' title='bbox 3619 2988 3716 3060; x_wconf 73' lang='grc' dir='ltr'><strong>τὴν</strong></span> <span class='ocrx_word' id='word_1_515' title='bbox 3750 2991 3874 3060; x_wconf 71' lang='grc' dir='ltr'><strong>Ἆρ’</strong></span> 
     </span>
    </p>
   </div>
   <div class='ocr_carea' id='block_1_74' title="bbox 2287 3080 3871 3154">
    <p class='ocr_par' dir='ltr' id='par_1_74' title="bbox 2287 3080 3871 3154">
     <span class='ocr_line' id='line_1_74' title="bbox 2287 3080 3871 3154; baseline 0 -20"><span class='ocrx_word' id='word_1_516' title='bbox 2287 3080 2413 3135; x_wconf 77' lang='grc' dir='ltr'>νῶν.</span> <span class='ocrx_word' id='word_1_517' title='bbox 2467 3082 2630 3147; x_wconf 84' lang='grc' dir='ltr'>Πόλις</span> <span class='ocrx_word' id='word_1_518' title='bbox 2665 3083 2723 3137; x_wconf 77' lang='grc' dir='ltr'>δὲ</span> <span class='ocrx_word' id='word_1_519' title='bbox 2768 3083 2906 3154; x_wconf 79' lang='grc' dir='ltr'>αὕτη</span> <span class='ocrx_word' id='word_1_520' title='bbox 2959 3084 3068 3138; x_wconf 82' lang='grc' dir='ltr'>τῶν</span> <span class='ocrx_word' id='word_1_521' title='bbox 3114 3084 3480 3154; x_wconf 86' lang='grc' dir='ltr'>όχυροτάτων,</span> <span class='ocrx_word' id='word_1_522' title='bbox 3526 3082 3727 3153; x_wconf 82' lang='grc' dir='ltr'>ὅμορός</span> <span class='ocrx_word' id='word_1_523' title='bbox 3767 3096 3871 3134; x_wconf 88' lang='grc' dir='ltr'><strong>που</strong></span> 
     </span>
    </p>
   </div>
   <div class='ocr_carea' id='block_1_75' title="bbox 2287 3171 3870 3246">
    <p class='ocr_par' dir='ltr' id='par_1_75' title="bbox 2287 3171 3870 3246">
     <span class='ocr_line' id='line_1_75' title="bbox 2287 3171 3870 3246; baseline 0 -20"><span class='ocrx_word' id='word_1_524' title='bbox 2287 3174 2427 3244; x_wconf 79' lang='grc' dir='ltr'>τάχα</span> <span class='ocrx_word' id='word_1_525' title='bbox 2456 3176 2524 3246; x_wconf 80' lang='grc' dir='ltr'>τῇ</span> <span class='ocrx_word' id='word_1_526' title='bbox 2565 3176 2894 3231; x_wconf 72' lang='grc' dir='ltr'>Μωαϐιτῶν.</span> <span class='ocrx_word' id='word_1_527' title='bbox 2920 3176 3077 3230; x_wconf 84' lang='grc' dir='ltr'>Ἐστι</span> <span class='ocrx_word' id='word_1_528' title='bbox 3113 3175 3293 3230; x_wconf 81' lang='grc' dir='ltr'>τοίνυν</span> <span class='ocrx_word' id='word_1_529' title='bbox 3325 3173 3464 3246; x_wconf 80' lang='grc' dir='ltr'>πρὸς</span> <span class='ocrx_word' id='word_1_530' title='bbox 3503 3171 3674 3244; x_wconf 72' lang='grc' dir='ltr'>αὐτὴν</span> <span class='ocrx_word' id='word_1_531' title='bbox 3711 3174 3741 3227; x_wconf 86' lang='grc' dir='ltr'><strong>ό</strong></span> <span class='ocrx_word' id='word_1_532' title='bbox 3782 3172 3870 3226; x_wconf 89' lang='grc' dir='ltr'>λό-</span> 
     </span>
    </p>
   </div>
   <div class='ocr_carea' id='block_1_76' title="bbox 2287 3265 3870 3340">
    <p class='ocr_par' dir='ltr' id='par_1_76' title="bbox 2287 3265 3870 3340">
     <span class='ocr_line' id='line_1_76' title="bbox 2287 3265 3870 3340; baseline -0.001 -20"><span class='ocrx_word' id='word_1_533' title='bbox 2287 3282 2402 3334; x_wconf 83' lang='grc' dir='ltr'>γος.</span> <span class='ocrx_word' id='word_1_534' title='bbox 2434 3268 2509 3320; x_wconf 75' lang='grc' dir='ltr'><strong>Σὺ</strong></span> <span class='ocrx_word' id='word_1_535' title='bbox 2529 3267 2610 3334; x_wconf 84' lang='grc' dir='ltr'>δὲ,</span> <span class='ocrx_word' id='word_1_536' title='bbox 2634 3269 2788 3339; x_wconf 76' lang='grc' dir='ltr'>φησὶ,</span> <span class='ocrx_word' id='word_1_537' title='bbox 2817 3269 2954 3340; x_wconf 80' lang='grc' dir='ltr'>μετὰ</span> <span class='ocrx_word' id='word_1_538' title='bbox 2979 3269 3154 3333; x_wconf 81' lang='grc' dir='ltr'>τοῦτο,</span> <span class='ocrx_word' id='word_1_539' title='bbox 3187 3266 3233 3321; x_wconf 83' lang='grc' dir='ltr'>ὧ</span> <span class='ocrx_word' id='word_1_540' title='bbox 3262 3266 3483 3339; x_wconf 86' lang='grc' dir='ltr'>Ἀρνῶν,</span> <span class='ocrx_word' id='word_1_541' title='bbox 3512 3265 3732 3319; x_wconf 76' lang='grc' dir='ltr'>πλείονα</span> <span class='ocrx_word' id='word_1_542' title='bbox 3757 3265 3870 3336; x_wconf 76' lang='grc' dir='ltr'><strong>βου⁴</strong></span> 
     </span>
    </p>
   </div>
   <div class='ocr_carea' id='block_1_77' title="bbox 2286 3353 3865 3430">
    <p class='ocr_par' dir='ltr' id='par_1_77' title="bbox 2286 3353 3865 3430">
     <span class='ocr_line' id='line_1_77' title="bbox 2286 3353 3865 3430; baseline 0.001 -22"><span class='ocrx_word' id='word_1_543' title='bbox 2286 3353 2463 3410; x_wconf 87' lang='grc' dir='ltr'>λεύου.</span> <span class='ocrx_word' id='word_1_544' title='bbox 2492 3359 2909 3425; x_wconf 84' lang='grc' dir='ltr'>Κατασκέπτου,</span> <span class='ocrx_word' id='word_1_545' title='bbox 2938 3358 3092 3429; x_wconf 68' lang='grc' dir='ltr'>φησὶ,</span> <span class='ocrx_word' id='word_1_546' title='bbox 3122 3359 3239 3413; x_wconf 81' lang='grc' dir='ltr'>τινα</span> <span class='ocrx_word' id='word_1_547' title='bbox 3271 3358 3469 3430; x_wconf 82' lang='grc' dir='ltr'>τρόπον</span> <span class='ocrx_word' id='word_1_548' title='bbox 3490 3357 3754 3412; x_wconf 82' lang='grc' dir='ltr'>διασῶσαι</span> <span class='ocrx_word' id='word_1_549' title='bbox 3789 3357 3865 3410; x_wconf 87' lang='grc' dir='ltr'>δυ-</span> 
     </span>
    </p>
   </div>
   <div class='ocr_carea' id='block_1_78' title="bbox 2286 3449 3865 3522">
    <p class='ocr_par' dir='ltr' id='par_1_78' title="bbox 2286 3449 3865 3522">
     <span class='ocr_line' id='line_1_78' title="bbox 2286 3449 3865 3522; baseline -0.001 -18"><span class='ocrx_word' id='word_1_550' title='bbox 2286 3451 2420 3522; x_wconf 79' lang='grc' dir='ltr'>νήσῃ</span> <span class='ocrx_word' id='word_1_551' title='bbox 2449 3452 2578 3514; x_wconf 81' lang='grc' dir='ltr'>τοὺς</span> <span class='ocrx_word' id='word_1_552' title='bbox 2608 3450 3126 3522; x_wconf 83' lang='grc' dir='ltr'>περιλελειμμένους</span> <span class='ocrx_word' id='word_1_553' title='bbox 3164 3452 3259 3505; x_wconf 76' lang='grc' dir='ltr'><strong>καὶ</strong></span> <span class='ocrx_word' id='word_1_554' title='bbox 3295 3450 3575 3521; x_wconf 77' lang='grc' dir='ltr'>διαφυγεῖν</span> <span class='ocrx_word' id='word_1_555' title='bbox 3614 3449 3865 3521; x_wconf 77' lang='grc' dir='ltr'>ἰσχύσαν-</span> 
     </span>
    </p>
   </div>
   <div class='ocr_carea' id='block_1_79' title="bbox 2282 3540 3860 3616">
    <p class='ocr_par' dir='ltr' id='par_1_79' title="bbox 2282 3540 3860 3616">
     <span class='ocr_line' id='line_1_79' title="bbox 2282 3540 3860 3616; baseline -0.003 -19"><span class='ocrx_word' id='word_1_556' title='bbox 2282 3561 2383 3606; x_wconf 86' lang='grc' dir='ltr'><strong>τας</strong></span> <span class='ocrx_word' id='word_1_557' title='bbox 2408 3543 2520 3596; x_wconf 84' lang='grc' dir='ltr'><strong>τῶν</strong></span> <span class='ocrx_word' id='word_1_558' title='bbox 2544 3542 2966 3613; x_wconf 85' lang='grc' dir='ltr'>πεπορθηκότων</span> <span class='ocrx_word' id='word_1_559' title='bbox 2994 3544 3094 3616; x_wconf 83' lang='grc' dir='ltr'>τὴν</span> <span class='ocrx_word' id='word_1_560' title='bbox 3121 3542 3442 3614; x_wconf 83' lang='grc' dir='ltr'>ἀγριότητα.</span> <span class='ocrx_word' id='word_1_561' title='bbox 3468 3540 3621 3595; x_wconf 85' lang='grc' dir='ltr'>Ποίει</span> <span class='ocrx_word' id='word_1_562' title='bbox 3646 3557 3709 3594; x_wconf 91' lang='grc' dir='ltr'><strong>τε</strong></span> <span class='ocrx_word' id='word_1_563' title='bbox 3737 3542 3860 3594; x_wconf 75' lang='grc' dir='ltr'>σκέο</span> 
     </span>
    </p>
   </div>
   <div class='ocr_carea' id='block_1_80' title="bbox 2286 3632 3868 3706">
    <p class='ocr_par' dir='ltr' id='par_1_80' title="bbox 2286 3632 3868 3706">
     <span class='ocr_line' id='line_1_80' title="bbox 2286 3632 3868 3706; baseline -0.001 -19"><span class='ocrx_word' id='word_1_564' title='bbox 2286 3652 2397 3706; x_wconf 83' lang='grc' dir='ltr'><strong>πην</strong></span> <span class='ocrx_word' id='word_1_565' title='bbox 2438 3633 2670 3697; x_wconf 80' lang='grc' dir='ltr'>πένθους</span> <span class='ocrx_word' id='word_1_566' title='bbox 2711 3635 2849 3706; x_wconf 76' lang='grc' dir='ltr'>αὐτῇ</span> <span class='ocrx_word' id='word_1_567' title='bbox 2898 3634 2986 3688; x_wconf 74' lang='grc' dir='ltr'><strong>διὰ</strong></span> <span class='ocrx_word' id='word_1_568' title='bbox 3018 3635 3238 3700; x_wconf 87' lang='grc' dir='ltr'>παντός.</span> <span class='ocrx_word' id='word_1_569' title='bbox 3272 3634 3402 3697; x_wconf 68' lang='grc' dir='ltr'>Ναὶ,</span> <span class='ocrx_word' id='word_1_570' title='bbox 3430 3632 3616 3705; x_wconf 72' lang='grc' dir='ltr'>φησὶν,</span> <span class='ocrx_word' id='word_1_571' title='bbox 3650 3632 3868 3702; x_wconf 74' lang='grc' dir='ltr'>ἐσκέψω</span> 
     </span>
    </p>
   </div>
   <div class='ocr_carea' id='block_1_81' title="bbox 2284 3722 3864 3797">
    <p class='ocr_par' dir='ltr' id='par_1_81' title="bbox 2284 3722 3864 3797">
     <span class='ocr_line' id='line_1_81' title="bbox 2284 3722 3864 3797; baseline 0.001 -20"><span class='ocrx_word' id='word_1_572' title='bbox 2284 3740 2337 3777; x_wconf 90' lang='grc' dir='ltr'><strong>τι</strong></span> <span class='ocrx_word' id='word_1_573' title='bbox 2376 3722 2774 3793; x_wconf 85' lang='grc' dir='ltr'>φιλάνθρωπον,</span> <span class='ocrx_word' id='word_1_574' title='bbox 2821 3724 2995 3796; x_wconf 82' lang='grc' dir='ltr'>σκέπη</span> <span class='ocrx_word' id='word_1_575' title='bbox 3036 3725 3196 3795; x_wconf 86' lang='grc' dir='ltr'>γένου</span> <span class='ocrx_word' id='word_1_576' title='bbox 3231 3726 3344 3788; x_wconf 88' lang='grc' dir='ltr'>τοῖς</span> <span class='ocrx_word' id='word_1_577' title='bbox 3380 3725 3645 3797; x_wconf 73' lang='grc' dir='ltr'>άφορήτῳ</span> <span class='ocrx_word' id='word_1_578' title='bbox 3682 3725 3864 3779; x_wconf 84' lang='grc' dir='ltr'>πένθει</span> 
     </span>
    </p>
   </div>
   <div class='ocr_carea' id='block_1_82' title="bbox 2284 3814 3866 3897">
    <p class='ocr_par' dir='ltr' id='par_1_82' title="bbox 2284 3814 3866 3897">
     <span class='ocr_line' id='line_1_82' title="bbox 2284 3814 3866 3897; baseline 0.001 -29"><span class='ocrx_word' id='word_1_579' title='bbox 2284 3814 2756 3886; x_wconf 82' lang='grc' dir='ltr'>κατειλημμένοις.</span> <span class='ocrx_word' id='word_1_580' title='bbox 2797 3816 3063 3886; x_wconf 82' lang='grc' dir='ltr'>Φεύγουσι</span> <span class='ocrx_word' id='word_1_581' title='bbox 3100 3818 3209 3897; x_wconf 77' lang='grc' dir='ltr'><strong>γὰρ</strong></span> <span class='ocrx_word' id='word_1_582' title='bbox 3243 3816 3301 3870; x_wconf 93' lang='grc' dir='ltr'><strong>ἐν</strong></span> <span class='ocrx_word' id='word_1_583' title='bbox 3348 3816 3696 3889; x_wconf 57' lang='grc' dir='ltr'>μεημῦρινῇ</span> <span class='ocrx_word' id='word_1_584' title='bbox 3742 3833 3866 3870; x_wconf 86' lang='grc' dir='ltr'>σκο-</span> 
     </span>
    </p>
   </div>
   <div class='ocr_carea' id='block_1_83' title="bbox 2283 3904 3867 3982">
    <p class='ocr_par' dir='ltr' id='par_1_83' title="bbox 2283 3904 3867 3982">
     <span class='ocr_line' id='line_1_83' title="bbox 2283 3904 3867 3982; baseline 0.001 -24"><span class='ocrx_word' id='word_1_585' title='bbox 2283 3908 2393 3976; x_wconf 79' lang='grc' dir='ltr'>τιᾷ,</span> <span class='ocrx_word' id='word_1_586' title='bbox 2413 3904 2558 3961; x_wconf 80' lang='grc' dir='ltr'>τοῦτ’</span> <span class='ocrx_word' id='word_1_587' title='bbox 2585 3906 2755 3974; x_wconf 74' lang='grc' dir='ltr'>ἐστιν,</span> <span class='ocrx_word' id='word_1_588' title='bbox 2788 3909 3002 3981; x_wconf 81' lang='grc' dir='ltr'>ἡμέρας</span> <span class='ocrx_word' id='word_1_589' title='bbox 3033 3908 3220 3982; x_wconf 74' lang='grc' dir='ltr'>οὔσης,</span> <span class='ocrx_word' id='word_1_590' title='bbox 3247 3909 3343 3963; x_wconf 82' lang='grc' dir='ltr'>καὶ</span> <span class='ocrx_word' id='word_1_591' title='bbox 3376 3907 3527 3980; x_wconf 79' lang='grc' dir='ltr'>ἡλίου</span> <span class='ocrx_word' id='word_1_592' title='bbox 3554 3907 3867 3981; x_wconf 64' lang='grc' dir='ltr'>μεημὸρί-</span> 
     </span>
    </p>
   </div>
   <div class='ocr_carea' id='block_1_84' title="bbox 2283 3998 3867 4072">
    <p class='ocr_par' dir='ltr' id='par_1_84' title="bbox 2283 3998 3867 4072">
     <span class='ocr_line' id='line_1_84' title="bbox 2283 3998 3867 4072; baseline 0.001 -21"><span class='ocrx_word' id='word_1_593' title='bbox 2283 3998 2466 4063; x_wconf 81' lang='grc' dir='ltr'>ζοντος</span> <span class='ocrx_word' id='word_1_594' title='bbox 2495 3999 2680 4062; x_wconf 81' lang='grc' dir='ltr'>αὐτοῖς</span> <span class='ocrx_word' id='word_1_595' title='bbox 2704 3999 2925 4053; x_wconf 86' lang='grc' dir='ltr'>σκοτιὰν</span> <span class='ocrx_word' id='word_1_596' title='bbox 2954 4000 3134 4072; x_wconf 85' lang='grc' dir='ltr'>ἔχουσι</span> <span class='ocrx_word' id='word_1_597' title='bbox 3171 4001 3313 4056; x_wconf 83' lang='grc' dir='ltr'>κατὰ</span> <span class='ocrx_word' id='word_1_598' title='bbox 3338 4000 3487 4056; x_wconf 71' lang='grc' dir='ltr'>νοῦν.</span> <span class='ocrx_word' id='word_1_599' title='bbox 3522 3998 3733 4065; x_wconf 79' lang='grc' dir='ltr'>Ἱκανὸς</span> <span class='ocrx_word' id='word_1_600' title='bbox 3757 4001 3867 4070; x_wconf 78' lang='grc' dir='ltr'><strong>γὰρ</strong></span> 
     </span>
    </p>
   </div>
   <div class='ocr_carea' id='block_1_85' title="bbox 2281 4087 3869 4164">
    <p class='ocr_par' dir='ltr' id='par_1_85' title="bbox 2281 4087 3869 4164">
     <span class='ocr_line' id='line_1_85' title="bbox 2281 4087 3869 4164; baseline 0.003 -24"><span class='ocrx_word' id='word_1_601' title='bbox 2281 4087 2399 4141; x_wconf 78' lang='grc' dir='ltr'>λίαν</span> <span class='ocrx_word' id='word_1_602' title='bbox 2442 4090 2472 4141; x_wconf 90' lang='grc' dir='ltr'><strong>ό</strong></span> <span class='ocrx_word' id='word_1_603' title='bbox 2509 4088 2605 4141; x_wconf 82' lang='grc' dir='ltr'>τοῦ</span> <span class='ocrx_word' id='word_1_604' title='bbox 2653 4088 2881 4144; x_wconf 81' lang='grc' dir='ltr'>Θανάτου</span> <span class='ocrx_word' id='word_1_605' title='bbox 2914 4092 3073 4160; x_wconf 77' lang='grc' dir='ltr'>φόϐος</span> <span class='ocrx_word' id='word_1_606' title='bbox 3108 4091 3486 4146; x_wconf 83' lang='grc' dir='ltr'>καταθολῶσαι</span> <span class='ocrx_word' id='word_1_607' title='bbox 3524 4088 3724 4164; x_wconf 79' lang='grc' dir='ltr'>ψυχὴν,</span> <span class='ocrx_word' id='word_1_608' title='bbox 3772 4092 3869 4146; x_wconf 84' lang='grc' dir='ltr'>καὶ</span> 
     </span>
    </p>
   </div>
   <div class='ocr_carea' id='block_1_86' title="bbox 2279 4172 3859 4256">
    <p class='ocr_par' dir='ltr' id='par_1_86' title="bbox 2279 4172 3859 4256">
     <span class='ocr_line' id='line_1_86' title="bbox 2279 4172 3859 4256; baseline 0.004 -25"><span class='ocrx_word' id='word_1_609' title='bbox 2279 4172 2389 4233; x_wconf 76' lang='grc' dir='ltr'>οἷόν</span> <span class='ocrx_word' id='word_1_610' title='bbox 2421 4195 2542 4232; x_wconf 89' lang='grc' dir='ltr'>τινα</span> <span class='ocrx_word' id='word_1_611' title='bbox 2576 4179 2746 4234; x_wconf 80' lang='grc' dir='ltr'>νύκτα</span> <span class='ocrx_word' id='word_1_612' title='bbox 2772 4185 3037 4253; x_wconf 77' lang='grc' dir='ltr'>καταχέαι</span> <span class='ocrx_word' id='word_1_613' title='bbox 3061 4183 3155 4238; x_wconf 84' lang='grc' dir='ltr'>τοῦ</span> <span class='ocrx_word' id='word_1_614' title='bbox 3190 4183 3282 4237; x_wconf 82' lang='grc' dir='ltr'>νοῦ</span> <span class='ocrx_word' id='word_1_615' title='bbox 3306 4184 3406 4254; x_wconf 80' lang='grc' dir='ltr'>τῆς</span> <span class='ocrx_word' id='word_1_616' title='bbox 3432 4184 3513 4248; x_wconf 83' lang='grc' dir='ltr'><strong>είς</strong></span> <span class='ocrx_word' id='word_1_617' title='bbox 3536 4184 3708 4256; x_wconf 73' lang='grc' dir='ltr'>ἄκρου</span> <span class='ocrx_word' id='word_1_618' title='bbox 3736 4185 3859 4239; x_wconf 81' lang='grc' dir='ltr'>δυσ-</span> 
     </span>
    </p>
   </div>
   <div class='ocr_carea' id='block_1_87' title="bbox 2281 4267 3871 4346">
    <p class='ocr_par' dir='ltr' id='par_1_87' title="bbox 2281 4267 3871 4346">
     <span class='ocr_line' id='line_1_87' title="bbox 2281 4267 3871 4346; baseline 0.004 -25"><span class='ocrx_word' id='word_1_619' title='bbox 2281 4267 2480 4340; x_wconf 83' lang='grc' dir='ltr'>θυμίας</span> <span class='ocrx_word' id='word_1_620' title='bbox 2511 4270 2608 4341; x_wconf 76' lang='grc' dir='ltr'>τὴν</span> <span class='ocrx_word' id='word_1_621' title='bbox 2624 4270 2829 4340; x_wconf 68' lang='grc' dir='ltr'>ἔφοδον.</span> <span class='ocrx_word' id='word_1_622' title='bbox 2855 4272 3040 4345; x_wconf 78' lang='grc' dir='ltr'>Ταύτῃ</span> <span class='ocrx_word' id='word_1_623' title='bbox 3071 4275 3154 4328; x_wconf 84' lang='grc' dir='ltr'><strong>τοί</strong></span> <span class='ocrx_word' id='word_1_624' title='bbox 3185 4291 3371 4346; x_wconf 86' lang='grc' dir='ltr'>φησιν,</span> <span class='ocrx_word' id='word_1_625' title='bbox 3404 4273 3486 4329; x_wconf 80' lang='grc' dir='ltr'>ὅτι</span> <span class='ocrx_word' id='word_1_626' title='bbox 3510 4276 3618 4328; x_wconf 74' lang='grc' dir='ltr'><strong>Καὶ</strong></span> <span class='ocrx_word' id='word_1_627' title='bbox 3644 4273 3871 4344; x_wconf 69' lang='grc' dir='ltr'>ἐξέστη.</span> 
     </span>
    </p>
   </div>
   <div class='ocr_carea' id='block_1_88' title="bbox 2280 4360 3864 4435">
    <p class='ocr_par' dir='ltr' id='par_1_88' title="bbox 2280 4360 3864 4435">
     <span class='ocr_line' id='line_1_88' title="bbox 2280 4360 3864 4435; baseline 0.003 -20"><span class='ocrx_word' id='word_1_628' title='bbox 2280 4360 2403 4416; x_wconf 73' lang='grc' dir='ltr'>σαν.</span> <span class='ocrx_word' id='word_1_629' title='bbox 2431 4361 2611 4415; x_wconf 85' lang='grc' dir='ltr'>Μόνον</span> <span class='ocrx_word' id='word_1_630' title='bbox 2646 4364 2756 4434; x_wconf 86' lang='grc' dir='ltr'><strong>γὰρ</strong></span> <span class='ocrx_word' id='word_1_631' title='bbox 2785 4364 2906 4435; x_wconf 82' lang='grc' dir='ltr'>οὐχὶ</span> <span class='ocrx_word' id='word_1_632' title='bbox 2939 4366 3033 4418; x_wconf 79' lang='grc' dir='ltr'>καὶ</span> <span class='ocrx_word' id='word_1_633' title='bbox 3065 4366 3159 4419; x_wconf 80' lang='grc' dir='ltr'><strong>τοῦ</strong></span> <span class='ocrx_word' id='word_1_634' title='bbox 3191 4366 3379 4435; x_wconf 75' lang='grc' dir='ltr'>φοϐεῖν</span> <span class='ocrx_word' id='word_1_635' title='bbox 3412 4364 3517 4430; x_wconf 81' lang='grc' dir='ltr'><strong>ἔξω</strong></span> <span class='ocrx_word' id='word_1_636' title='bbox 3550 4366 3864 4435; x_wconf 86' lang='grc' dir='ltr'>γεγόνασιν,</span> 
     </span>
    </p>
   </div>
   <div class='ocr_carea' id='block_1_89' title="bbox 2277 4452 3867 4531">
    <p class='ocr_par' dir='ltr' id='par_1_89' title="bbox 2277 4452 3867 4531">
     <span class='ocr_line' id='line_1_89' title="bbox 2277 4452 3867 4531; baseline 0.003 -26"><span class='ocrx_word' id='word_1_637' title='bbox 2277 4457 2391 4516; x_wconf 86' lang='grc' dir='ltr'>τοῖς</span> <span class='ocrx_word' id='word_1_638' title='bbox 2427 4452 2494 4507; x_wconf 78' lang='grc' dir='ltr'><strong>ἐκ</strong></span> <span class='ocrx_word' id='word_1_639' title='bbox 2521 4452 2615 4508; x_wconf 82' lang='grc' dir='ltr'>τοῦ</span> <span class='ocrx_word' id='word_1_640' title='bbox 2647 4455 2882 4527; x_wconf 86' lang='grc' dir='ltr'>πολέμου</span> <span class='ocrx_word' id='word_1_641' title='bbox 2914 4458 3377 4529; x_wconf 80' lang='grc' dir='ltr'>καταπτοούμενοι</span> <span class='ocrx_word' id='word_1_642' title='bbox 3414 4458 3684 4531; x_wconf 80' lang='grc' dir='ltr'>δείμασιν.</span> <span class='ocrx_word' id='word_1_643' title='bbox 3722 4457 3867 4511; x_wconf 83' lang='grc' dir='ltr'>Ἀλλ’</span> 
     </span>
    </p>
   </div>
   <div class='ocr_carea' id='block_1_90' title="bbox 603 4524 2185 4620">
    <p class='ocr_par' dir='ltr' id='par_1_90' title="bbox 603 4524 2178 4599">
     <span class='ocr_line' id='line_1_90' title="bbox 603 4524 2178 4599; baseline 0.009 -22"><span class='ocrx_word' id='word_1_644' title='bbox 603 4524 831 4595; x_wconf 82' lang='lat' dir='ltr'><strong>exiguas</strong></span> <span class='ocrx_word' id='word_1_645' title='bbox 861 4534 1068 4583; x_wconf 84' lang='lat' dir='ltr'><strong>tantum</strong></span> <span class='ocrx_word' id='word_1_646' title='bbox 1095 4539 1150 4583; x_wconf 92' lang='lat' dir='ltr'><strong>et</strong></span> <span class='ocrx_word' id='word_1_647' title='bbox 1181 4544 1382 4597; x_wconf 86' lang='lat' dir='ltr'><strong>paucas</strong></span> <span class='ocrx_word' id='word_1_648' title='bbox 1419 4543 1604 4585; x_wconf 89' lang='lat' dir='ltr'><strong>eorum</strong></span> <span class='ocrx_word' id='word_1_649' title='bbox 1647 4532 1738 4599; x_wconf 86' lang='lat' dir='ltr'><strong>qui</strong></span> <span class='ocrx_word' id='word_1_650' title='bbox 1771 4532 2024 4589; x_wconf 77' lang='lat' dir='ltr'><strong>exstincti</strong></span> <span class='ocrx_word' id='word_1_651' title='bbox 2049 4544 2178 4593; x_wconf 88' lang='lat' dir='ltr'><strong>sunt</strong></span> 
     </span>
    </p>
   </div>
   <div class='ocr_carea' id='block_1_91' title="bbox 2287 4524 3863 4620">
    <p class='ocr_par' dir='ltr' id='par_1_91' title="bbox 2287 4524 3863 4620">
     <span class='ocr_line' id='line_1_91' title="bbox 2287 4524 3863 4620; baseline 0.004 -25"><span class='ocrx_word' id='word_1_652' title='bbox 2287 4543 2328 4595; x_wconf 80' lang='grc' dir='ltr'>εἰ</span> <span class='ocrx_word' id='word_1_653' title='bbox 2375 4544 2469 4596; x_wconf 78' lang='grc' dir='ltr'>καὶ</span> <span class='ocrx_word' id='word_1_654' title='bbox 2513 4544 2711 4610; x_wconf 78' lang='grc' dir='ltr'>δέξαιο,</span> <span class='ocrx_word' id='word_1_655' title='bbox 2759 4524 2912 4617; x_wconf 61' lang='grc' dir='ltr'>φησι,</span> <span class='ocrx_word' id='word_1_656' title='bbox 2956 4549 3088 4612; x_wconf 80' lang='grc' dir='ltr'>τοὺς</span> <span class='ocrx_word' id='word_1_657' title='bbox 3127 4524 3240 4602; x_wconf 78' lang='grc' dir='ltr'>ἀπό</span> <span class='ocrx_word' id='word_1_658' title='bbox 3277 4566 3341 4617; x_wconf 90' lang='grc' dir='ltr'><strong>γε</strong></span> <span class='ocrx_word' id='word_1_659' title='bbox 3385 4524 3863 4620; x_wconf 30' lang='grc' dir='ltr'>τῆςνΜωασιτῶν,</span> 
     </span>
    </p>
   </div>
   <div class='ocr_carea' id='block_1_92' title="bbox 606 4615 2177 4687">
    <p class='ocr_par' dir='ltr' id='par_1_92' title="bbox 606 4615 2177 4687">
     <span class='ocr_line' id='line_1_92' title="bbox 606 4615 2177 4687; baseline 0.006 -14"><span class='ocrx_word' id='word_1_660' title='bbox 606 4615 882 4686; x_wconf 82' lang='lat' dir='ltr'><strong>reliquias.</strong></span> <span class='ocrx_word' id='word_1_661' title='bbox 920 4616 1032 4673; x_wconf 87' lang='lat' dir='ltr'><strong>Hoc</strong></span> <span class='ocrx_word' id='word_1_662' title='bbox 1061 4628 1193 4687; x_wconf 88' lang='lat' dir='ltr'><strong>puto</strong></span> <span class='ocrx_word' id='word_1_663' title='bbox 1224 4622 1513 4678; x_wconf 85' lang='lat' dir='ltr'><strong>ostendere</strong></span> <span class='ocrx_word' id='word_1_664' title='bbox 1536 4621 1692 4687; x_wconf 85' lang='lat' dir='ltr'><strong>velle,</strong></span> <span class='ocrx_word' id='word_1_665' title='bbox 1716 4638 1842 4679; x_wconf 88' lang='lat' dir='ltr'><strong>cum</strong></span> <span class='ocrx_word' id='word_1_666' title='bbox 1865 4624 1998 4683; x_wconf 84' lang='lat' dir='ltr'><strong>dicit</strong></span> <span class='ocrx_word' id='word_1_667' title='bbox 2022 4645 2035 4682; x_wconf 90' lang='lat'><strong>:</strong></span> <span class='ocrx_word' id='word_1_668' title='bbox 2059 4625 2177 4684; x_wconf 86' lang='lat' dir='ltr'><strong>Non</strong></span> 
     </span>
    </p>
   </div>
   <div class='ocr_carea' id='block_1_93' title="bbox 603 4705 2177 4783">
    <p class='ocr_par' dir='ltr' id='par_1_93' title="bbox 603 4705 2177 4783">
     <span class='ocr_line' id='line_1_93' title="bbox 603 4705 2177 4783; baseline 0.01 -24"><span class='ocrx_word' id='word_1_669' title='bbox 603 4724 631 4759; x_wconf 84' lang='lat' dir='ltr'><strong>a</strong></span> <span class='ocrx_word' id='word_1_670' title='bbox 660 4705 922 4778; x_wconf 83' lang='lat' dir='ltr'><strong>principio</strong></span> <span class='ocrx_word' id='word_1_671' title='bbox 962 4708 1280 4765; x_wconf 84' lang='lat' dir='ltr'><strong>babitabunt</strong></span> <span class='ocrx_word' id='word_1_672' title='bbox 1307 4709 1465 4780; x_wconf 79' lang='lat' dir='ltr'><strong>juxta</strong></span> <span class='ocrx_word' id='word_1_673' title='bbox 1501 4720 1551 4768; x_wconf 93' lang='lat' dir='ltr'><strong>te</strong></span> <span class='ocrx_word' id='word_1_674' title='bbox 1577 4711 1788 4782; x_wconf 82' lang='lat' dir='ltr'><strong>fugitivi</strong></span> <span class='ocrx_word' id='word_1_675' title='bbox 1818 4713 1996 4777; x_wconf 69' lang='lat' dir='ltr'><strong>Moab.</strong></span> <span class='ocrx_word' id='word_1_676' title='bbox 2031 4717 2177 4783; x_wconf 84' lang='lat' dir='ltr'><strong>Non,</strong></span> 
     </span>
    </p>
   </div>
   <div class='ocr_carea' id='block_1_94' title="bbox 605 4799 2177 4879">
    <p class='ocr_par' dir='ltr' id='par_1_94' title="bbox 605 4799 2177 4879">
     <span class='ocr_line' id='line_1_94' title="bbox 605 4799 2177 4879; baseline 0.008 -30"><span class='ocrx_word' id='word_1_677' title='bbox 605 4812 727 4850; x_wconf 88' lang='lat' dir='ltr'><strong>cum</strong></span> <span class='ocrx_word' id='word_1_678' title='bbox 762 4799 999 4867; x_wconf 90' lang='lat' dir='ltr'><strong>primum</strong></span> <span class='ocrx_word' id='word_1_679' title='bbox 1031 4801 1348 4856; x_wconf 82' lang='lat' dir='ltr'><strong>movebatur</strong></span> <span class='ocrx_word' id='word_1_680' title='bbox 1396 4801 1618 4869; x_wconf 84' lang='lat' dir='ltr'><strong>bellum,</strong></span> <span class='ocrx_word' id='word_1_681' title='bbox 1660 4803 1855 4875; x_wconf 89' lang='lat' dir='ltr'><strong>inquit,</strong></span> <span class='ocrx_word' id='word_1_682' title='bbox 1885 4809 2177 4879; x_wconf 79' lang='lat' dir='ltr'><strong>suscepisti</strong></span> 
     </span>
    </p>
   </div>
   <div class='ocr_carea' id='block_1_95' title="bbox 609 4886 2179 4968">
    <p class='ocr_par' dir='ltr' id='par_1_95' title="bbox 609 4886 2179 4968">
     <span class='ocr_line' id='line_1_95' title="bbox 609 4886 2179 4968; baseline 0.01 -29"><span class='ocrx_word' id='word_1_683' title='bbox 609 4886 907 4958; x_wconf 80' lang='lat' dir='ltr'><strong>profugos:</strong></span> <span class='ocrx_word' id='word_1_684' title='bbox 936 4905 1117 4946; x_wconf 88' lang='lat' dir='ltr'><strong>nonne</strong></span> <span class='ocrx_word' id='word_1_685' title='bbox 1153 4891 1442 4948; x_wconf 77' lang='lat' dir='ltr'><strong>admudum</strong></span> <span class='ocrx_word' id='word_1_686' title='bbox 1468 4894 1625 4964; x_wconf 87' lang='lat' dir='ltr'><strong>pauci</strong></span> <span class='ocrx_word' id='word_1_687' title='bbox 1665 4907 1719 4951; x_wconf 88' lang='lat' dir='ltr'><strong>et</strong></span> <span class='ocrx_word' id='word_1_688' title='bbox 1754 4897 1863 4953; x_wconf 88' lang='lat' dir='ltr'><strong>rari</strong></span> <span class='ocrx_word' id='word_1_689' title='bbox 1908 4899 2001 4968; x_wconf 91' lang='lat' dir='ltr'><strong>qui</strong></span> <span class='ocrx_word' id='word_1_690' title='bbox 2042 4898 2179 4955; x_wconf 85' lang='lat' dir='ltr'><strong>ell&#39;u-</strong></span> 
     </span>
    </p>
   </div>
   <div class='ocr_carea' id='block_1_96' title="bbox 604 4983 2175 5055">
    <p class='ocr_par' dir='ltr' id='par_1_96' title="bbox 604 4983 2175 5055">
     <span class='ocr_line' id='line_1_96' title="bbox 604 4983 2175 5055; baseline 0.01 -23"><span class='ocrx_word' id='word_1_691' title='bbox 604 4992 732 5049; x_wconf 84' lang='lat' dir='ltr'><strong>gere</strong></span> <span class='ocrx_word' id='word_1_692' title='bbox 759 4983 1088 5049; x_wconf 81' lang='lat' dir='ltr'><strong>potuerunt?</strong></span> <span class='ocrx_word' id='word_1_693' title='bbox 1120 4983 1303 5054; x_wconf 85' lang='lat' dir='ltr'><strong>Itaque</strong></span> <span class='ocrx_word' id='word_1_694' title='bbox 1339 4987 1601 5055; x_wconf 82' lang='lat' dir='ltr'><strong>producta</strong></span> <span class='ocrx_word' id='word_1_695' title='bbox 1644 4997 1771 5049; x_wconf 83' lang='lat' dir='ltr'><strong>sunt</strong></span> <span class='ocrx_word' id='word_1_696' title='bbox 1807 4990 1874 5044; x_wconf 91' lang='lat' dir='ltr'><strong>ad</strong></span> <span class='ocrx_word' id='word_1_697' title='bbox 1896 4990 2072 5051; x_wconf 83' lang='lat' dir='ltr'><strong>.ﬁuem</strong></span> <span class='ocrx_word' id='word_1_698' title='bbox 2109 5006 2175 5049; x_wconf 86' lang='lat' dir='ltr'><strong>ea</strong></span> 
     </span>
    </p>
   </div>
   <div class='ocr_carea' id='block_1_97' title="bbox 567 5054 2175 5149">
    <p class='ocr_par' dir='ltr' id='par_1_97' title="bbox 567 5054 2175 5149">
     <span class='ocr_line' id='line_1_97' title="bbox 567 5054 2175 5149; baseline 0.01 -25"><span class='ocrx_word' id='word_1_699' title='bbox 567 5068 570 5071; x_wconf 65' lang='grc'>“</span> <span class='ocrx_word' id='word_1_700' title='bbox 599 5054 722 5139; x_wconf 52' lang='lat' dir='ltr'><strong>quae</strong></span> <span class='ocrx_word' id='word_1_701' title='bbox 745 5086 776 5125; x_wconf 90' lang='lat' dir='ltr'><strong>a</strong></span> <span class='ocrx_word' id='word_1_702' title='bbox 806 5071 915 5128; x_wconf 86' lang='lat' dir='ltr'><strong>Deo</strong></span> <span class='ocrx_word' id='word_1_703' title='bbox 937 5084 1126 5128; x_wconf 86' lang='lat' dir='ltr'><strong>contra</strong></span> <span class='ocrx_word' id='word_1_704' title='bbox 1157 5054 1425 5143; x_wconf 82' lang='lat' dir='ltr'><strong>Moabitas</strong></span> <span class='ocrx_word' id='word_1_705' title='bbox 1454 5080 1596 5145; x_wconf 84' lang='lat' dir='ltr'><strong>dicta</strong></span> <span class='ocrx_word' id='word_1_706' title='bbox 1622 5090 1768 5141; x_wconf 84' lang='lat' dir='ltr'><strong>sunt.</strong></span> <span class='ocrx_word' id='word_1_707' title='bbox 1802 5080 1970 5137; x_wconf 91' lang='lat' dir='ltr'><strong>Periit</strong></span> <span class='ocrx_word' id='word_1_708' title='bbox 2006 5085 2175 5149; x_wconf 64' lang='lat' dir='ltr'><strong>enim,</strong></span> 
     </span>
    </p>
   </div>
   <div class='ocr_carea' id='block_1_98' title="bbox 601 5162 2175 5243">
    <p class='ocr_par' dir='ltr' id='par_1_98' title="bbox 601 5162 2175 5243">
     <span class='ocr_line' id='line_1_98' title="bbox 601 5162 2175 5243; baseline 0.011 -30"><span class='ocrx_word' id='word_1_709' title='bbox 601 5162 727 5217; x_wconf 76' lang='lat' dir='ltr'><strong>licet</strong></span> <span class='ocrx_word' id='word_1_710' title='bbox 751 5162 1021 5236; x_wconf 83' lang='lat' dir='ltr'><strong>exigua,et</strong></span> <span class='ocrx_word' id='word_1_711' title='bbox 1049 5163 1133 5219; x_wconf 78' lang='lat' dir='ltr'><strong>vix</strong></span> <span class='ocrx_word' id='word_1_712' title='bbox 1158 5167 1375 5235; x_wconf 81' lang='lat' dir='ltr'><strong>quidem</strong></span> <span class='ocrx_word' id='word_1_713' title='bbox 1401 5182 1733 5228; x_wconf 71' lang='lat' dir='ltr'><strong>conservatae</strong></span> <span class='ocrx_word' id='word_1_714' title='bbox 1756 5184 1887 5228; x_wconf 88' lang='lat' dir='ltr'><strong>sunt</strong></span> <span class='ocrx_word' id='word_1_715' title='bbox 1912 5174 2175 5243; x_wconf 71' lang='lat' dir='ltr'><strong>reliquiae.</strong></span> 
     </span>
    </p>
   </div>
   <div class='ocr_carea' id='block_1_99' title="bbox 600 5251 2179 5335">
    <p class='ocr_par' dir='ltr' id='par_1_99' title="bbox 600 5251 2179 5335">
     <span class='ocr_line' id='line_1_99' title="bbox 600 5251 2179 5335; baseline 0.01 -29"><span class='ocrx_word' id='word_1_716' title='bbox 600 5251 726 5316; x_wconf 81' lang='lat' dir='ltr'><strong>Sed,</strong></span> <span class='ocrx_word' id='word_1_717' title='bbox 754 5267 808 5318; x_wconf 91' lang='grc' dir='ltr'><strong>ο,</strong></span> <span class='ocrx_word' id='word_1_718' title='bbox 829 5254 1025 5325; x_wconf 84' lang='lat' dir='ltr'><strong>inquit,</strong></span> <span class='ocrx_word' id='word_1_719' title='bbox 1042 5254 1250 5321; x_wconf 82' lang='lat' dir='ltr'><strong>Aruon,</strong></span> <span class='ocrx_word' id='word_1_720' title='bbox 1268 5259 1555 5327; x_wconf 82' lang='lat' dir='ltr'><strong>suscepisti</strong></span> <span class='ocrx_word' id='word_1_721' title='bbox 1571 5259 1854 5329; x_wconf 84' lang='lat' dir='ltr'><strong>Moabitas,</strong></span> <span class='ocrx_word' id='word_1_722' title='bbox 1881 5265 2042 5335; x_wconf 78' lang='lat'><strong>255</strong></span> <span class='ocrx_word' id='word_1_723' title='bbox 2055 5280 2179 5335; x_wconf 63' lang='lat'><strong>$961</strong></span> 
     </span>
    </p>
   </div>
   <div class='ocr_carea' id='block_1_100' title="bbox 602 5341 2172 5414">
    <p class='ocr_par' dir='ltr' id='par_1_100' title="bbox 602 5341 2172 5414">
     <span class='ocr_line' id='line_1_100' title="bbox 602 5341 2172 5414; baseline 0.01 -23"><span class='ocrx_word' id='word_1_724' title='bbox 602 5356 727 5395; x_wconf 79' lang='lat' dir='ltr'><strong>rans</strong></span> <span class='ocrx_word' id='word_1_725' title='bbox 742 5341 990 5407; x_wconf 76' lang='lat' dir='ltr'><strong>fortassis</strong></span> <span class='ocrx_word' id='word_1_726' title='bbox 1013 5358 1110 5399; x_wconf 90' lang='lat' dir='ltr'><strong>eos</strong></span> <span class='ocrx_word' id='word_1_727' title='bbox 1136 5358 1354 5414; x_wconf 85' lang='lat' dir='ltr'><strong>quoque</strong></span> <span class='ocrx_word' id='word_1_728' title='bbox 1376 5345 1503 5401; x_wconf 85' lang='lat' dir='ltr'><strong>olim</strong></span> <span class='ocrx_word' id='word_1_729' title='bbox 1528 5348 1642 5404; x_wconf 81' lang='lat' dir='ltr'><strong>lore</strong></span> <span class='ocrx_word' id='word_1_730' title='bbox 1661 5350 1942 5406; x_wconf 82' lang='lat' dir='ltr'><strong>latibulum</strong></span> <span class='ocrx_word' id='word_1_731' title='bbox 1970 5354 2124 5409; x_wconf 88' lang='lat' dir='ltr'><strong>vobis</strong></span> <span class='ocrx_word' id='word_1_732' title='bbox 2141 5369 2172 5407; x_wconf 86' lang='lat' dir='ltr'><strong>a</strong></span> 
     </span>
    </p>
   </div>
   <div class='ocr_carea' id='block_1_101' title="bbox 598 5428 2167 5503">
    <p class='ocr_par' dir='ltr' id='par_1_101' title="bbox 598 5428 2167 5503">
     <span class='ocr_line' id='line_1_101' title="bbox 598 5428 2167 5503; baseline 0.011 -21"><span class='ocrx_word' id='word_1_733' title='bbox 598 5428 736 5485; x_wconf 77' lang='lat' dir='ltr'><strong>facie</strong></span> <span class='ocrx_word' id='word_1_734' title='bbox 760 5437 1156 5503; x_wconf 87' lang='lat' dir='ltr'><strong>persequentis.</strong></span> <span class='ocrx_word' id='word_1_735' title='bbox 1186 5436 1305 5493; x_wconf 86' lang='lat' dir='ltr'><strong>Erit</strong></span> <span class='ocrx_word' id='word_1_736' title='bbox 1335 5445 1513 5493; x_wconf 86' lang='lat' dir='ltr'><strong>autem</strong></span> <span class='ocrx_word' id='word_1_737' title='bbox 1550 5439 1651 5496; x_wconf 86' lang='lat' dir='ltr'><strong>hoc</strong></span> <span class='ocrx_word' id='word_1_738' title='bbox 1678 5441 1918 5500; x_wconf 90' lang='lat' dir='ltr'><strong>minime.</strong></span> <span class='ocrx_word' id='word_1_739' title='bbox 1962 5443 2119 5499; x_wconf 87' lang='lat' dir='ltr'><strong>Unde</strong></span> <span class='ocrx_word' id='word_1_740' title='bbox 2141 5446 2167 5500; x_wconf 74' lang='grc' dir='ltr'><strong><em>Ἰ</em></strong></span> 
     </span>
    </p>
   </div>
   <div class='ocr_carea' id='block_1_102' title="bbox 668 5584 1320 5658">
    <p class='ocr_par' dir='ltr' id='par_1_102' title="bbox 668 5584 1320 5658">
     <span class='ocr_line' id='line_1_102' title="bbox 668 5584 1320 5658; baseline 0.015 -23"><span class='ocrx_word' id='word_1_741' title='bbox 668 5584 712 5614; x_wconf 81' lang='grc'><strong>⁸⁷</strong></span> <span class='ocrx_word' id='word_1_742' title='bbox 739 5584 900 5646; x_wconf 80' lang='lat' dir='ltr'><strong>Prov.</strong></span> <span class='ocrx_word' id='word_1_743' title='bbox 935 5604 1084 5656; x_wconf 74' lang='lat' dir='ltr'><strong>xxiv,</strong></span> <span class='ocrx_word' id='word_1_744' title='bbox 1117 5588 1204 5658; x_wconf 84' lang='lat' dir='ltr'><strong>l7,</strong></span> <span class='ocrx_word' id='word_1_745' title='bbox 1236 5591 1320 5647; x_wconf 82' lang='grc'><strong>18.</strong></span> 
     </span>
    </p>
   </div>
   <div class='ocr_carea' id='block_1_103' title="bbox 666 5733 2164 5847">
    <p class='ocr_par' dir='ltr' id='par_1_103' title="bbox 666 5733 2164 5847">
     <span class='ocr_line' id='line_1_103' title="bbox 666 5733 2164 5847; baseline 0.017 -37"><span class='ocrx_word' id='word_1_746' title='bbox 666 5757 741 5832; x_wconf 85' lang='grc' dir='ltr'><strong>(Ι)</strong></span> <span class='ocrx_word' id='word_1_747' title='bbox 779 5733 898 5818; x_wconf 63' lang='lat' dir='ltr'><strong>Sec.</strong></span> <span class='ocrx_word' id='word_1_748' title='bbox 935 5759 1084 5833; x_wconf 84' lang='lat' dir='ltr'><strong>Sept.</strong></span> <span class='ocrx_word' id='word_1_749' title='bbox 1124 5766 1316 5840; x_wconf 77' lang='grc' dir='ltr'>ἀχθῇς,</span> <span class='ocrx_word' id='word_1_750' title='bbox 1355 5785 1414 5824; x_wconf 83' lang='lat' dir='ltr'><strong>ne</strong></span> <span class='ocrx_word' id='word_1_751' title='bbox 1442 5769 1673 5841; x_wconf 78' lang='lat' dir='ltr'><strong>ducaris,</strong></span> <span class='ocrx_word' id='word_1_752' title='bbox 1704 5775 2032 5847; x_wconf 78' lang='lat' dir='ltr'><strong>habitabant,</strong></span> <span class='ocrx_word' id='word_1_753' title='bbox 2064 5788 2164 5837; x_wconf 84' lang='lat' dir='ltr'><strong>etc.</strong></span> 
     </span>
    </p>
   </div>
   <div class='ocr_carea' id='block_1_104' title="bbox 2274 4626 3868 4707">
    <p class='ocr_par' dir='ltr' id='par_1_104' title="bbox 2274 4626 3868 4707">
     <span class='ocr_line' id='line_1_104' title="bbox 2274 4626 3868 4707; baseline 0.004 -25"><span class='ocrx_word' id='word_1_754' title='bbox 2274 4629 2391 4683; x_wconf 77' lang='grc' dir='ltr'>ἀλλ’</span> <span class='ocrx_word' id='word_1_755' title='bbox 2428 4626 2522 4685; x_wconf 75' lang='grc' dir='ltr'>οὖν</span> <span class='ocrx_word' id='word_1_756' title='bbox 2582 4633 2691 4687; x_wconf 72' lang='grc' dir='ltr'>εσθι</span> <span class='ocrx_word' id='word_1_757' title='bbox 2746 4650 2829 4687; x_wconf 87' lang='grc' dir='ltr'><strong>τοι</strong></span> <span class='ocrx_word' id='word_1_758' title='bbox 2888 4635 2982 4690; x_wconf 73' lang='grc' dir='ltr'>καὶ</span> <span class='ocrx_word' id='word_1_759' title='bbox 3024 4634 3169 4707; x_wconf 85' lang='grc' dir='ltr'>μάλα</span> <span class='ocrx_word' id='word_1_760' title='bbox 3227 4638 3436 4707; x_wconf 80' lang='grc' dir='ltr'>σαφῶς,</span> <span class='ocrx_word' id='word_1_761' title='bbox 3494 4638 3579 4691; x_wconf 66' lang='lat' dir='ltr'><strong>ea</strong></span> <span class='ocrx_word' id='word_1_762' title='bbox 3615 4638 3868 4699; x_wconf 80' lang='grc' dir='ltr'>σέσωκας</span> 
     </span>
    </p>
   </div>
   <div class='ocr_carea' id='block_1_105' title="bbox 2273 4720 3866 4800">
    <p class='ocr_par' dir='ltr' id='par_1_105' title="bbox 2273 4720 3866 4800">
     <span class='ocr_line' id='line_1_105' title="bbox 2273 4720 3866 4800; baseline 0.005 -27"><span class='ocrx_word' id='word_1_763' title='bbox 2273 4722 2335 4773; x_wconf 80' lang='grc' dir='ltr'>οὐ</span> <span class='ocrx_word' id='word_1_764' title='bbox 2387 4721 2618 4789; x_wconf 85' lang='grc' dir='ltr'>πάντας,</span> <span class='ocrx_word' id='word_1_765' title='bbox 2659 4725 2795 4779; x_wconf 80' lang='grc' dir='ltr'>ἀλλὰ</span> <span class='ocrx_word' id='word_1_766' title='bbox 2834 4726 3007 4798; x_wconf 77' lang='grc' dir='ltr'>βραχὺ</span> <span class='ocrx_word' id='word_1_767' title='bbox 3055 4720 3149 4781; x_wconf 66' lang='grc' dir='ltr'>καὶ</span> <span class='ocrx_word' id='word_1_768' title='bbox 3191 4729 3557 4800; x_wconf 80' lang='grc' dir='ltr'>εὐαρίθμητον</span> <span class='ocrx_word' id='word_1_769' title='bbox 3604 4729 3716 4783; x_wconf 84' lang='grc' dir='ltr'><strong>τῶν</strong></span> <span class='ocrx_word' id='word_1_770' title='bbox 3754 4730 3866 4783; x_wconf 71' lang='lat' dir='ltr'><strong>d1:-</strong></span> 
     </span>
    </p>
   </div>
   <div class='ocr_carea' id='block_1_106' title="bbox 2274 4812 3867 4892">
    <p class='ocr_par' dir='ltr' id='par_1_106' title="bbox 2274 4812 3867 4892">
     <span class='ocr_line' id='line_1_106' title="bbox 2274 4812 3867 4892; baseline 0.004 -26"><span class='ocrx_word' id='word_1_771' title='bbox 2274 4812 2551 4866; x_wconf 76' lang='grc' dir='ltr'>ολιολότων</span> <span class='ocrx_word' id='word_1_772' title='bbox 2590 4815 2859 4885; x_wconf 82' lang='grc' dir='ltr'>λείψανον.</span> <span class='ocrx_word' id='word_1_773' title='bbox 2893 4817 3065 4872; x_wconf 75' lang='grc' dir='ltr'>Τοῦτο</span> <span class='ocrx_word' id='word_1_774' title='bbox 3106 4815 3260 4890; x_wconf 72' lang='grc' dir='ltr'>οἴμαι</span> <span class='ocrx_word' id='word_1_775' title='bbox 3295 4819 3490 4892; x_wconf 78' lang='grc' dir='ltr'>δηλοῦν</span> <span class='ocrx_word' id='word_1_776' title='bbox 3526 4819 3732 4874; x_wconf 76' lang='grc' dir='ltr'>ἐθέλειν</span> <span class='ocrx_word' id='word_1_777' title='bbox 3775 4820 3867 4873; x_wconf 83' lang='grc' dir='ltr'>λέ-</span> 
     </span>
    </p>
   </div>
   <div class='ocr_carea' id='block_1_107' title="bbox 2274 4906 3866 4983">
    <p class='ocr_par' dir='ltr' id='par_1_107' title="bbox 2274 4906 3866 4983">
     <span class='ocr_line' id='line_1_107' title="bbox 2274 4906 3866 4983; baseline 0.004 -27"><span class='ocrx_word' id='word_1_778' title='bbox 2274 4920 2459 4971; x_wconf 88' lang='grc' dir='ltr'>γοντα·</span> <span class='ocrx_word' id='word_1_779' title='bbox 2486 4906 2578 4977; x_wconf 80' lang='grc' dir='ltr'><strong>Μὴ</strong></span> <span class='ocrx_word' id='word_1_780' title='bbox 2599 4907 2857 4979; x_wconf 61' lang='grc' dir='ltr'>ἀπρχῆς</span> <span class='ocrx_word' id='word_1_781' title='bbox 2880 4913 3306 4983; x_wconf 82' lang='grc' dir='ltr'>παροικήσουσιν</span> <span class='ocrx_word' id='word_1_782' title='bbox 3329 4913 3378 4965; x_wconf 90' lang='grc' dir='ltr'>οἱ</span> <span class='ocrx_word' id='word_1_783' title='bbox 3404 4911 3642 4982; x_wconf 80' lang='grc' dir='ltr'>φυγάδες</span> <span class='ocrx_word' id='word_1_784' title='bbox 3664 4910 3866 4965; x_wconf 71' lang='grc' dir='ltr'>Μωάδ.</span> 
     </span>
    </p>
   </div>
   <div class='ocr_carea' id='block_1_108' title="bbox 2276 4993 3871 5074">
    <p class='ocr_par' dir='ltr' id='par_1_108' title="bbox 2276 4993 3871 5074">
     <span class='ocr_line' id='line_1_108' title="bbox 2276 4993 3871 5074; baseline 0.011 -28"><span class='ocrx_word' id='word_1_785' title='bbox 2276 4993 2367 5065; x_wconf 75' lang='grc' dir='ltr'><strong>Μὴ</strong></span> <span class='ocrx_word' id='word_1_786' title='bbox 2393 4997 2449 5048; x_wconf 87' lang='grc' dir='ltr'><strong>ἐν</strong></span> <span class='ocrx_word' id='word_1_787' title='bbox 2469 4996 2664 5067; x_wconf 84' lang='grc' dir='ltr'>ἀρχαῖς</span> <span class='ocrx_word' id='word_1_788' title='bbox 2681 4997 2835 5063; x_wconf 65' lang='grc' dir='ltr'>ὄντος</span> <span class='ocrx_word' id='word_1_789' title='bbox 2858 5001 2950 5054; x_wconf 78' lang='grc' dir='ltr'><strong>τοῦ</strong></span> <span class='ocrx_word' id='word_1_790' title='bbox 2980 5003 3244 5074; x_wconf 79' lang='grc' dir='ltr'>πολέμου,</span> <span class='ocrx_word' id='word_1_791' title='bbox 3266 5005 3451 5074; x_wconf 76' lang='grc' dir='ltr'>φησὶν,</span> <span class='ocrx_word' id='word_1_792' title='bbox 3472 5002 3717 5069; x_wconf 80' lang='grc' dir='ltr'>ύπεδέξω</span> <span class='ocrx_word' id='word_1_793' title='bbox 3733 5000 3871 5064; x_wconf 66' lang='grc' dir='ltr'>τοὺς</span> 
     </span>
    </p>
   </div>
   <div class='ocr_carea' id='block_1_109' title="bbox 2276 5085 3867 5165">
    <p class='ocr_par' dir='ltr' id='par_1_109' title="bbox 2276 5085 3867 5165">
     <span class='ocr_line' id='line_1_109' title="bbox 2276 5085 3867 5165; baseline -0.001 -20"><span class='ocrx_word' id='word_1_794' title='bbox 2276 5085 2540 5154; x_wconf 75' lang='grc' dir='ltr'>φυγάδας·</span> <span class='ocrx_word' id='word_1_795' title='bbox 2588 5089 2690 5143; x_wconf 86' lang='grc' dir='ltr'>οὐκ</span> <span class='ocrx_word' id='word_1_796' title='bbox 2738 5092 3093 5165; x_wconf 81' lang='grc' dir='ltr'>εὐαρίθμητοι</span> <span class='ocrx_word' id='word_1_797' title='bbox 3146 5093 3341 5165; x_wconf 79' lang='grc' dir='ltr'>κομιδῆ</span> <span class='ocrx_word' id='word_1_798' title='bbox 3376 5095 3469 5148; x_wconf 75' lang='grc' dir='ltr'>καὶ</span> <span class='ocrx_word' id='word_1_799' title='bbox 3505 5093 3675 5162; x_wconf 78' lang='grc' dir='ltr'>ὀλίγοι</span> <span class='ocrx_word' id='word_1_800' title='bbox 3724 5108 3867 5145; x_wconf 80' lang='grc' dir='ltr'>παν-</span> 
     </span>
    </p>
   </div>
   <div class='ocr_carea' id='block_1_110' title="bbox 2271 5176 3869 5256">
    <p class='ocr_par' dir='ltr' id='par_1_110' title="bbox 2271 5176 3869 5256">
     <span class='ocr_line' id='line_1_110' title="bbox 2271 5176 3869 5256; baseline 0.006 -28"><span class='ocrx_word' id='word_1_801' title='bbox 2271 5177 2442 5241; x_wconf 77' lang='grc' dir='ltr'>τέλῷς</span> <span class='ocrx_word' id='word_1_802' title='bbox 2489 5182 2539 5233; x_wconf 78' lang='lat' dir='ltr'><strong>oi</strong></span> <span class='ocrx_word' id='word_1_803' title='bbox 2585 5176 2868 5250; x_wconf 75' lang='grc' dir='ltr'>διαφυγεῖν</span> <span class='ocrx_word' id='word_1_804' title='bbox 2918 5184 3269 5256; x_wconf 77' lang='grc' dir='ltr'>ἰσχύσαντες;</span> <span class='ocrx_word' id='word_1_805' title='bbox 3320 5184 3530 5238; x_wconf 77' lang='grc' dir='ltr'>Οὐκοῦν</span> <span class='ocrx_word' id='word_1_806' title='bbox 3574 5187 3654 5248; x_wconf 71' lang='grc' dir='ltr'>εἰς</span> <span class='ocrx_word' id='word_1_807' title='bbox 3686 5182 3869 5254; x_wconf 85' lang='grc' dir='ltr'>πέρας</span> 
     </span>
    </p>
   </div>
   <div class='ocr_carea' id='block_1_111' title="bbox 2272 5266 3861 5345">
    <p class='ocr_par' dir='ltr' id='par_1_111' title="bbox 2272 5266 3861 5345">
     <span class='ocr_line' id='line_1_111' title="bbox 2272 5266 3861 5345; baseline 0.004 -28"><span class='ocrx_word' id='word_1_808' title='bbox 2272 5266 2554 5337; x_wconf 77' lang='grc' dir='ltr'>ἐνήνεκται</span> <span class='ocrx_word' id='word_1_809' title='bbox 2582 5271 2652 5324; x_wconf 74' lang='grc' dir='ltr'><strong>τὰ</strong></span> <span class='ocrx_word' id='word_1_810' title='bbox 2682 5273 2947 5342; x_wconf 77' lang='grc' dir='ltr'>εἰρημένα</span> <span class='ocrx_word' id='word_1_811' title='bbox 2976 5275 3128 5345; x_wconf 80' lang='grc' dir='ltr'>παρὰ</span> <span class='ocrx_word' id='word_1_812' title='bbox 3159 5274 3295 5329; x_wconf 73' lang='grc' dir='ltr'>Θεοῦ</span> <span class='ocrx_word' id='word_1_813' title='bbox 3337 5275 3478 5329; x_wconf 81' lang='grc' dir='ltr'>κατὰ</span> <span class='ocrx_word' id='word_1_814' title='bbox 3522 5272 3861 5329; x_wconf 71' lang='grc' dir='ltr'>Μωαϐιτῶν.</span> 
     </span>
    </p>
   </div>
   <div class='ocr_carea' id='block_1_112' title="bbox 2286 5358 3865 5439">
    <p class='ocr_par' dir='ltr' id='par_1_112' title="bbox 2286 5358 3865 5439">
     <span class='ocr_line' id='line_1_112' title="bbox 2286 5358 3865 5439; baseline 0.004 -31"><span class='ocrx_word' id='word_1_815' title='bbox 2286 5358 2553 5413; x_wconf 83' lang='grc' dir='ltr'>Ἀπόλωλε</span> <span class='ocrx_word' id='word_1_816' title='bbox 2586 5361 2694 5434; x_wconf 84' lang='grc' dir='ltr'>γὰρ</span> <span class='ocrx_word' id='word_1_817' title='bbox 2726 5365 2903 5417; x_wconf 63' lang='lat' dir='ltr'><strong>elata).</strong></span> <span class='ocrx_word' id='word_1_818' title='bbox 2933 5364 3128 5439; x_wconf 82' lang='grc' dir='ltr'>βραχὺ,</span> <span class='ocrx_word' id='word_1_819' title='bbox 3169 5367 3264 5419; x_wconf 75' lang='grc' dir='ltr'>καὶ</span> <span class='ocrx_word' id='word_1_820' title='bbox 3296 5366 3451 5437; x_wconf 86' lang='grc' dir='ltr'>μόλις</span> <span class='ocrx_word' id='word_1_821' title='bbox 3493 5364 3865 5419; x_wconf 75' lang='grc' dir='ltr'>διασέσωσται</span> 
     </span>
    </p>
   </div>
   <div class='ocr_carea' id='block_1_113' title="bbox 2271 5448 3865 5532">
    <p class='ocr_par' dir='ltr' id='par_1_113' title="bbox 2271 5448 3865 5532">
     <span class='ocr_line' id='line_1_113' title="bbox 2271 5448 3865 5532; baseline 0.006 -33"><span class='ocrx_word' id='word_1_822' title='bbox 2271 5448 2540 5519; x_wconf 76' lang='grc' dir='ltr'>λείψανον.</span> <span class='ocrx_word' id='word_1_823' title='bbox 2586 5455 2748 5522; x_wconf 84' lang='grc' dir='ltr'>Ἀλλ’,</span> <span class='ocrx_word' id='word_1_824' title='bbox 2777 5451 2842 5524; x_wconf 79' lang='grc' dir='ltr'><strong>ὦ,</strong></span> <span class='ocrx_word' id='word_1_825' title='bbox 2875 5460 3059 5531; x_wconf 65' lang='grc' dir='ltr'>φησὶν,</span> <span class='ocrx_word' id='word_1_826' title='bbox 3094 5460 3316 5532; x_wconf 85' lang='grc' dir='ltr'>Ἀρνῶν,</span> <span class='ocrx_word' id='word_1_827' title='bbox 3348 5458 3596 5525; x_wconf 80' lang='grc' dir='ltr'>ύπεδέξω</span> <span class='ocrx_word' id='word_1_828' title='bbox 3627 5456 3756 5521; x_wconf 78' lang='grc' dir='ltr'>τοὺς</span> <span class='ocrx_word' id='word_1_829' title='bbox 3794 5457 3865 5509; x_wconf 86' lang='grc' dir='ltr'><strong>ἐκ</strong></span> 
     </span>
    </p>
   </div>
   <div class='ocr_carea' id='block_1_114' title="bbox 2238 5896 2283 5909">
    <p class='ocr_par' dir='ltr' id='par_1_114' title="bbox 2238 5896 2283 5909">
     <span class='ocr_line' id='line_1_114' title="bbox 2238 5896 2283 5909; baseline 0 0"><span class='ocrx_word' id='word_1_830' title='bbox 2238 5896 2283 5909; x_wconf 52' lang='grc' dir='ltr'>Α.</span> 
     </span>
    </p>
   </div>
  </div>
