4166 6296
392 353 498 408 409

1527 349 1593 405 ΙΝ
1633 350 1866 406 ιδΑιΑΜ
1905 353 2035 409 LIB.
2078 354 2142 410 ll.
2185 355 2421 412 TOSIUS
2447 354 2532 409 Ill.

3555 368 3660 422 HO

394 476 494 546 τῆς
525 474 852 537 Μωαϐιτῶν,
888 475 1306 544 προσδοκήσασα
1332 476 1471 544 τάχα
1499 493 1622 539 που,
1657 477 1740 529 ὅτι
1765 478 1860 530 καὶ
1884 479 1984 531 αὐ-

2102 481 2370 535 Sublatnm
2390 480 2637 535 estenim
2665 480 2926 534 auxilium
2952 489 3122 548 tuum,
3153 491 3204 537 et
3227 499 3478 554 princeps
3505 485 3663 554 periit

396 569 479 621 το¹ι
505 568 647 621 κατὰ
679 568 904 638 καιροὺς
932 567 1146 620 ἔσονται
1184 566 1358 638 σκέπη
1389 568 1514 636 ὑμῖν
1547 568 1656 630 ἀπρ
1685 568 1984 638 προσώπου

392 659 702 722 διώκοντος.
742 661 932 712 Ἔσται
966 659 1023 712 δὲ
1053 660 1174 729 οὐχὶ
1199 659 1378 714 τοῦτο.
1411 660 1614 726 Πόθεν;
1654 659 1832 732 ”ῌρθη
1877 662 1988 733 γὰρ

393 755 425 822 ἡ
466 750 752 820 συμμαχία
786 767 900 802 σου·
935 752 1027 804 καὶ
1053 753 1082 802 ό
1105 753 1288 823 ἄρχων
1322 752 1571 807 ἀπώλετο
1602 755 1630 806 ό
1653 755 1988 809 καταπατῶν

396 844 490 897 ἐπὶ
521 843 620 914 τῆς
651 843 776 913 γῆς.
807 842 865 895 '0
902 845 1010 915 γὰρ
1053 843 1138 896 ἀεί
1184 860 1265 896 σοι
1306 845 1665 909 συνασπίσας,
1699 847 1856 914 φησὶ,
1886 849 1986 916 τῆς

400 934 708 988 Μωαϐιτῶν
754 933 1074 1006 ἡγούμενος,
1107 937 1136 988 ὁ
1176 935 1348 998 δεινὸς
1393 937 1488 989 καὶ
1517 937 1840 1007 ὑπέρογκος,
1885 940 1979 992 καὶ

401 1027 589 1097 ῶσπερ
633 1025 756 1080 τινὰ
796 1025 924 1096 χοῦν
959 1029 1293 1080 καταπατεῖν
1325 1026 1530 1089 εἰωθὼς
1558 1029 1686 1090 τοὺς
1718 1027 1978 1099 ἀνθεστη-

403 1121 585 1184 κότας,
617 1119 790 1191 ᾤχετο
831 1121 926 1173 καὶ
952 1119 1252 1173 ἀπόλωλεν.
1282 1118 1462 1191 ’ῌρθη
1497 1119 1628 1189 γὰρ,
1659 1122 1751 1174 καὶ
1789 1125 1854 1176 ἐκ
1885 1122 1974 1192 μέ-

405 1232 498 1267 σου
530 1216 771 1282 γέγονεν.
799 1213 1050 1266 Διδάσκει
1079 1214 1134 1266 δέ
1162 1213 1252 1266 διὰ
1272 1211 1496 1276 τούτων,
1522 1215 1604 1266 ὅτι
1635 1215 1979 1285 προσανῄρη-

401 1324 494 1360 ται
555 1310 670 1370 τοῖς
733 1307 1090 1370 Μωαϐίταις,
1143 1308 1240 1359 καὶ
1299 1308 1332 1377 ἡ
1389 1306 1484 1360 τοῦ
1539 1306 1799 1362 δύνασθαί
1853 1325 1982 1363 ποτε

405 1402 682 1470 κρατῆσαι
711 1399 873 1452 πάλιν
903 1399 1100 1462 αὐτοὺς
1125 1399 1298 1462 ἐλπίς.
1327 1400 1388 1453 Οί
1412 1399 1519 1471 γὰρ
1547 1401 1765 1465 ἀσεϐεῖς
1791 1403 1854 1455 ἐκ
1881 1403 1983 1474 γῆς

407 1489 713 1560 όλόρριζοι,
766 1490 961 1560 φησὶν,
1017 1491 1294 1544 όλοῦνται⁸
1355 1491 1496 1544 θείου
1554 1492 1611 1545 δέ
1665 1494 1803 1557 δλως
1856 1496 1979 1548 ἐπι-

2082 573 2411 628 conculcans
2437 587 2602 640 super
2639 584 2864 626 terram.
2896 574 2995 640 Qui
3026 576 3191 642 enim,
3224 577 3421 646 inquit,
3456 592 3658 645 suppe-

2086 665 2188 719 tias
2233 665 2326 718 tibi
2361 677 2578 731 semper
2617 664 2760 728 tulit,
2793 663 3093 721 Moabiticaa
3138 677 3293 721 terrm
3342 671 3652 738 prtefectus,

2088 772 2215 810 acer
2235 765 2291 811 et
2311 756 2506 820 elatus,
2528 758 2617 826 qui
2646 767 2898 824 tanquam
2925 759 3199 827 pulverem
3231 761 3442 816 calcare
3469 761 3661 814 solitus

2083 861 2165 903 est
2187 862 2282 904 eos
2314 848 2405 918 qui
2453 849 2806 912 rebellarunt.
2841 851 3001 919 periit
3028 861 3080 905 et
3113 853 3343 906 interiit.
3383 851 3658 907 Extermi-

2085 951 2246 996 natus
2277 950 2362 995 est
2389 940 2534 994 enim
2586 951 2641 996 et
2690 941 2932 996 sublatius
2971 957 3002 996 c
3052 944 3248 998 medio.
3305 945 3468 998 Docet
3513 945 3658 998 enim

2087 1033 2266 1100 hisce,
2311 1032 2452 1102 quod
2492 1033 2657 1087 etiam
2707 1035 2777 1088 sit
2823 1033 3002 1087 ablata
3047 1043 3101 1088 et
3143 1035 3366 1103 praecisa
3411 1031 3663 1090 Moabitis

2085 1139 2210 1194 spes
2247 1138 2408 1194 posse
2450 1124 2738 1194 aliquando
2795 1142 2981 1180 rursus
3027 1127 3332 1194 superiores
3380 1128 3647 1182 obtinere.

2084 1215 2240 1286 lmpii
2281 1217 2452 1284 enim,
2496 1217 2692 1286 inquit,
2731 1220 2992 1272 radicitus
3033 1219 3099 1271 de
3139 1228 3282 1271 terra
3328 1220 3660 1288 perdentur;

2090 1309 2270 1365 divina
2295 1318 2474 1364 autem
2497 1309 2575 1363 ira
2598 1309 2820 1363 omnino
2845 1311 3136 1373 insiliente,
3157 1311 3454 1378 cuiusmodi
3478 1321 3664 1376 erunt,

2089 1411 2280 1457 eorum
2301 1401 2392 1472 qui
2417 1399 2598 1456 aﬂlicti
2628 1409 2757 1456 sunt
2783 1400 3060 1472 reliquiae?
3089 1401 3182 1457 Vel
3209 1403 3332 1472 quis
3358 1411 3665 1457 restaurare

2089 1505 2290 1564 potest,
2320 1494 2667 1550 subvertente
2694 1495 2839 1550 Deo?

412 1582 689 1654 πηδῶντος
718 1581 912 1654 θυμοῦ,
965 1585 1114 1638 ποῖον
1145 1583 1296 1638 ἔσται
1354 1585 1462 1639 τῶν
1522 1585 1864 1641 πεπονθότων
1924 1588 2211 1660 λείψανονς
2251 1587 2322 1641 Ἦ
2375 1587 2458 1650 τίς
2508 1588 2538 1640 ό
2581 1587 2885 1658 ἀναστῆσαι
2939 1587 3254 1658 δυνάμενος,
3305 1583 3440 1640 Θεοῦ
3498 1603 3670 1639 κατα-

412 1681 734 1750 στρέφοντος
748 1696 762 1744 ;

476 1772 588 1825 Καὶ
658 1771 1112 1839 διορθωθήσεται
1160 1773 1290 1840 μετ’
1331 1773 1542 1841 ἐλέους
1587 1777 1818 1844 θρόνος,
1885 1776 1982 1832 καί

2158 1773 2322 1828 Vsus.
2347 1773 2402 1828 5.
2434 1772 2503 1827 Et
2559 1772 2819 1840 dirigetur
2875 1788 2992 1825 cum
3059 1771 3422 1824 misericordia
3453 1772 3664 1835 solium,

404 1862 690 1916 καθιεῗται
739 1862 834 1914 ἐπ’
871 1862 1060 1916 αὐτοῦ
1119 1865 1267 1933 μετὰ
1317 1867 1602 1934 ἀληθείας
1660 1869 1730 1921 ἐν
1779 1869 1983 1938 σκηνῇ

403 1955 602 2018 Δαϐίδ,
641 1955 863 2023 κρίνων
903 1956 999 2009 καὶ
1037 1955 1292 2024 ἐκζητῶν
1334 1959 1529 2027 κρῖμα,
1563 1960 1662 2013 καί
1703 1960 1986 2015 σπεύδων

405 2047 820 2115 δικαιοσύνην.

487 2137 580 2191 Ἐν
615 2138 827 2202 τούτοις
869 2137 1056 2209 σαφῶς
1097 2139 1491 2209 ἐπαγγέλλεται
1547 2142 1610 2195 τὸ
1638 2142 1988 2214 ἀπαλλαχθή-

408 2228 598 2282 σεσθαι
648 2229 791 2281 κατὰ
841 2232 1063 2300 καιροὺς
1117 2230 1208 2284 τὸν
1259 2231 1474 2303 Ἰσραὴλ
1557 2235 1656 2304 τῆς
1713 2235 1986 2306 ἀφορήτου

406 2321 800 2393 ταλαιπωρίας,
848 2321 945 2374 καὶ
985 2322 1094 2376 τῶν
1137 2325 1200 2376 ἐκ
1224 2322 1326 2391 τῆς
1367 2325 1745 2394 αἰχμαλωσίας
1779 2325 1986 2380 κακῶν.

411 2415 594 2486 Κύρου
648 2413 758 2484 γὰρ
803 2414 1013 2478 ἑλόντος
1063 2413 1162 2485 τὴν
1210 2415 1566 2470 Βαϐυλωνίων
1606 2417 1773 2487 ἀνέθη
1817 2417 1916 2488 μὲν
1962 2420 1990 2471 ό

423 2507 655 2578 Ἰσραὴλ,
683 2507 1016 2577 ἀνεκομίσθη
1041 2507 1098 2560 δὲ
1119 2505 1588 2577 κατοικτείροντος
1621 2507 1756 2559 Θεοῦ
1785 2510 1865 2570 είς
1891 2510 1991 2579 τὴν

413 2598 570 2664 ἁγίαν
599 2597 773 2660 πόλιν,
803 2597 1122 2666 ἡγουμένων
1155 2597 1475 2667 Ζωροϐάϐελ
1500 2599 1594 2651 τοῦ
1616 2598 1907 2669 Σαλαθιὴλ,
1933 2598 1991 2663 δς

413 2687 478 2761 ἦν
501 2693 567 2743 ἐκ
595 2689 768 2759 φυλῆς
799 2688 968 2742 Ἰούδα
995 2689 1090 2742 καὶ⁸
1115 2688 1296 2754 Δαϐὶδ,
1329 2690 1424 2742 καὶ
1449 2691 1547 2759 μέν
1574 2707 1654 2743 τοι
1681 2691 1776 2744 καὶ
1817 2691 1990 2762 Ἰησοῦ

411 2783 502 2834 τοῦ
530 2781 776 2835 Ἰωσεδὲκ
808 2782 902 2833 τοῦ
939 2781 1128 2852 ἱερέως
1159 2781 1253 2834 τοῦ
1288 2782 1545 2851 μεγάλου.
1577 2783 1634 2835 '0
1663 2783 1842 2836 τοίνυν
1866 2783 1992 2854 θρό-

415 2891 522 2935 νος,
559 2874 711 2943 φησὶ,
741 2871 885 2925 τοῦτ’
915 2873 1082 2938 ἔστιν,
1113 2874 1145 2943 ἡ
1179 2873 1328 2944 παρὰ
1365 2876 1479 2936 τοῖς
1521 2875 1795 2938 Ἰουδαίοις
1842 2876 1995 2945 βασι-

415 2965 557 3028 λεία,
582 2964 1001 3035 διορθωοήσεται
1036 2965 1172 3034 μετὰ
1194 2965 1395 3028 ἐλέους,
1419 2967 1564 3018 τοῦτ’
1594 2966 1761 3030 ἔστιν,
1793 2970 1871 3030 είς
1897 2967 1995 3038 τὴν

421 3057 628 3109 οἰκείαν
659 3058 909 3128 ἐπανήξει
949 3057 1121 3123 τάξιν,
1164 3058 1630 3128 κατοικτείροντος
1659 3057 1818 3111 Θεοῦ.
1848 3058 1996 3112 Καθο

2086 1876 2132 1921 et
2191 1865 2387 1920 sedebit
2434 1866 2488 1919 in
2512 1881 2570 1920 eo
2606 1881 2722 1917 cum
2761 1866 2974 1918 veritate
3013 1863 3066 1916 in
3111 1863 3456 1915 tabernaculo
3501 1861 3665 1914 Davi-

2086 1959 2167 2012 dis
2213 1959 2462 2028 judicans
2521 1968 2569 2012 et
2628 1957 2903 2027 exquirens
2949 1955 3239 2026 judicium,
3276 1963 3320 2007 et
3370 1953 3666 2007 act-ciemus

2079 2051 2347 2121 justitiam

2157 2141 2213 2195 lu
2247 2141 2366 2196 istis
2406 2140 2588 2195 verbis
2633 2147 2818 2208 aperte
2859 2137 3219 2208 promittitur,
3247 2137 3498 2191 israelem
3552 2137 3668 2190 suis

2091 2230 2424 2297 temporibus
2471 2245 2502 2282 a
2568 2243 2673 2281 non
2727 2226 2946 2282 ferenda
3016 2226 3330 2280 infelicitate
3406 2224 3670 2292 malisque

2091 2323 2288 2392 quibus
2345 2323 2399 2376 in
2452 2320 2768 2390 captivitate
2829 2333 3118 2386 oppressus
3167 2329 3307 2381 erat,
3368 2331 3487 2371 esse
3535 2317 3670 2372 libe-

2094 2415 2341 2470 randum.
2371 2413 2507 2469 Cum
2579 2413 2723 2468 enim
2776 2411 2949 2481 Cyrus
3005 2409 3352 2483 Babyloniam
3413 2409 3670 2480 cepisset,

2093 2508 2352 2564 liberatus
2406 2515 2490 2563 est
2544 2504 2708 2560 Israel
2750 2503 3112 2572 reductusque
3160 2512 3242 2558 est
3286 2503 3394 2556 Deo
3446 2505 3673 2558 commi-

2093 2607 2310 2656 serante
2361 2601 2412 2654 in
2459 2608 2700 2654 sanctam
2733 2597 3032 2660 civitatem,
3073 2596 3299 2651 ducibus
3338 2595 3675 2651 Zorobabelo

2095 2693 2206 2748 lilio
2255 2691 2538 2755 Salathiel,
2576 2691 2665 2759 qui
2706 2698 2821 2745 erat
2861 2704 2925 2743 ex
3001 2686 3140 2742 tribu
3177 2684 3316 2741 Juda
3368 2697 3420 2743 et
3479 2689 3669 2753 David,

2095 2794 2149 2841 et
2201 2783 2328 2841 Iesu
2383 2783 2492 2838 ﬁlio
2549 2781 2816 2838 Josedech
2874 2797 3065 2850 magno
3111 2781 3417 2836 sacerdote.
3463 2780 3671 2834 Solium

2097 2877 2283 2947 igitur,
2307 2875 2579 2944 inquit,id
2626 2883 2729 2939 est,
2762 2872 3046 2927 Judaicum
3115 2888 3340 2942 regnum
3411 2874 3678 2927 instaura-

2097 2966 2246 3020 bitur
2269 2980 2390 3020 cum
2431 2963 2823 3026 misericordia,
2855 2963 2906 3017 id
2937 2972 3040 3026 est,
3079 2962 3132 3015 in
3164 2978 3318 3016 suum
3356 2964 3507 3030 quasi
3550 2977 3674 3030 prn-

2099 3058 2274 3125 prium
2327 3063 2523 3109 statum
2566 3069 2630 3106 ac
2662 3053 2976 3122 dignitatem
3019 3050 3332 3106 restituetur
3387 3052 3680 3107 miserante

428 3151 585 3200 ιείται
603 3149 658 3201 δέ
682 3123 839 3202 πάλιν
867 3150 952 3203 ἐπ’
981 3148 1147 3202 αὐτοῦ
1180 3151 1296 3218 μετ’
1321 3123 1579 3220 ἀληθείας
1611 3152 1668 3204 ἐν
1697 3153 1867 3222 σκηνῇ
1899 3153 2000 3204 Δα-

2102 3123 2212 3203 Deo
2240 3165 2253 3201 :
2285 3156 2339 3202 et
2365 3145 2621 3200 residebit
2658 3145 2836 3199 denuo
2871 3143 2922 3196 iu
2971 3157 3036 3198 eo
3078 3156 3202 3196 cum
3254 3143 3502 3205 veritate,
3544 3155 3599 3196 et
3627 3145 3682 3197 in

426 3243 535 3310 ϐὶδ,
578 3243 774 3316 κρίνων
823 3244 915 3297 καὶ
957 3241 1232 3311 ἐπιζητῶν
1265 3244 1459 3313 κρῖμα.
1503 3242 1613 3294 Καὶ⁵
1659 3241 1884 3314 σκηνὴν,
1923 3243 1999 3306 ὡς

423 3335 612 3399 ἔοικεν,
645 3335 898 3406 ὀνομάζει
931 3335 1001 3388 τὰ
1036 3334 1301 3403 βασίλεια,
1338 3335 1394 3386 ἐν
1427 3328 1510 3396 οἷς
1549 3332 1863 3403 ποιούμενοι
1900 3332 2000 3395 τὰς

419 3427 699 3500 διατριϐὰς
715 3427 978 3490 ἐδίκαζον,
999 3425 1234 3495 ἐννόμως
1255 3425 1449 3486 αὐτοὺς
1468 3423 1593 3486 τοὺς
1611 3423 1709 3490 τῆς
1727 3421 2002 3490 βασιλείας

418 3521 701 3583 διέποντας
730 3519 948 3581 θάκους.
977 3517 1086 3571 Καὶ
1114 3516 1174 3569 τό
1207 3533 1268 3584 γε
1297 3510 1432 3588 ἦκον
1455 3516 1534 3577 είς
1555 3513 1616 3567 τὸ
1641 3512 1760 3583 Θεῷ
1787 3513 1998 3576 δοκοῦν,

419 3611 749 3682 ἐπιμεληταὶ
779 3607 1124 3679 δικαιοσύνης
1152 3607 1457 3675 γεγόνασιν,
1487 3607 1534 3658 εἰ
1561 3606 1656 3658 καὶ
1677 3604 1778 3674 τῆς
1801 3601 2003 3676 ἀρετῆς

419 3701 827 3774 διημαρτήκασι
865 3716 1029 3764 τινες,
1086 3699 1505 3760 ἀπονενευκότες
1561 3696 1652 3750 ἐπὶ
1690 3697 1759 3750 τὰ
1817 3697 2000 3766 χείρω.

431 3795 628 3848 ’ἰστέον
669 3793 724 3846 δὲ
763 3794 844 3846 ὅτι
877 3792 1011 3863 μετὰ
1042 3791 1141 3862 τὴν
1171 3791 1236 3842 ὲκ
1261 3790 1358 3860 τῆς
1378 3789 1696 3848 Βαϐυλῶνος
1723 3786 2001 3850 ἐπάνοδον,

421 3886 608 3940 οὐκέτι
638 3885 983 3956 διῃρημένως
1030 3882 1414 3952 κατῳκήκασιν
1465 3881 1514 3934 οἱ
1553 3877 1612 3944 ἐξ
1655 3877 1894 3949 Ἰσραὴλ,
1930 3877 2006 3939 ὼς

423 3975 562 4033 εἶναι
606 3979 706 4049 μὲν
749 3979 811 4030 ἐν
852 3979 918 4047 τῇ
958 3973 1242 4046 Σαμαρείᾳ
1284 3973 1384 4036 τὰς
1419 3971 1552 4025 δέκα
1584 3970 1773 4040 φυλὰς,
1816 3968 1911 4021 καὶ
1948 3967 2007 4019 τὸ

420 4073 596 4141 ἥμισυ
627 4069 799 4138 φυλῆς
833 4067 1092 4138 Ἐςρραῒμ,
1122 4064 1494 4137 βασιλεύοντος
1523 4065 1609 4116 ἐπ’
1631 4062 1817 4126 αὐτοῖς
1839 4076 2004 4123 τινος,

427 4165 485 4217 ἐν
535 4163 592 4217 δὲ
644 4163 756 4225 τοῖς
801 4160 1191 4232 Ἰεροσολύμοις
1226 4158 1324 4230 τὴν
1370 4157 1538 4211 Ἰούδα
1583 4155 1773 4226 φυλὴν,
1821 4152 2009 4206 καὶτὸ

425 4256 602 4326 ἣμισυ
627 4255 798 4324 φυλῆς
834 4253 1122 4322 Μανασσῆ,
1151 4253 1310 4305 πάλιν
1345 4250 1533 4320 ἐτέρου
1565 4248 1659 4301 καὶ
1689 4245 1871 4306 ἱδικῶς
1912 4244 2009 4315 βα·-

431 4347 735 4409 σιλεύοντός
763 4361 904 4406 τινος
932 4345 1018 4397 ἐπ’
1039 4345 1239 4407 αὐτῶν,
1271 4342 1385 4395 ἀλλ’
1408 4343 1487 4404 είς
1513 4341 1642 4410 μίαν
1674 4336 2011 4406 συνενεχθένο

427 4455 519 4500 τες
548 4437 806 4500 διάνοιαν,
833 4435 1218 4505 κατῳκήκασιν
1250 4429 1385 4501 ὁμοῦ
1412 4429 1481 4482 τὰ
1510 4428 1875 4499 Ἰεροσόλυμα,
1912 4426 2010 4479 ἕνα

1234 4484 1342 4575 καὶ
1378 4519 1535 4573 τοῦτο
1573 4484 1639 4591 ἦν
1681 4484 1791 4589 ἄρα
1833 4484 1893 4572 τδ
1925 4517 2014 4571 διὰ
2043 4484 2085 4540 D

431 4618 620 4687 φωνῆς
661 4616 940 4686 προφήτου
966 4614 1095 4683 περὶ
1122 4612 1301 4666 αὐτῶν
1329 4609 1633 4682 εἰρημένον·
1675 4608 1785 4661 Καὶ
1816 4607 2018 4678 ἀναϐήτ

434 4727 616 4764 σονται
649 4711 713 4760 ἐκ
753 4709 851 4777 τῆς
877 4707 1000 4776 γῆς,
1033 4706 1124 4758 καὶ
1155 4703 1452 4757 κοπάσουσι
1489 4700 1683 4772 μικρὸν
1725 4699 1817 4752 τοῦ
1846 4700 2020 4770 χρίειν

435 4801 660 4873 βασιλέα
716 4800 812 4853 καὶ
864 4797 1118 4868 ἄρχοντα.
1168 4795 1313 4865 Πλὴν
1368 4794 1706 4863 ὑπισχνεῖται
1744 4791 1877 4855 Θεὸς
1926 4788 2020 4842 τοῦ

435 4896 592 4967 παρὰ
623 4897 736 4956 τοῖς
767 4893 1039 4953 Ἰουδαίοις
1064 4890 1254 4960 θρόνου
1281 4889 1376 4958 τὴν
1405 4887 1798 4957 ἐπανόρθωσιν,
1839 4900 2022 4954 μονον·

433 4988 556 5056 ουχὶ
580 4982 958 5048 κατονειδίζων
979 4984 1077 5051 τὴν
1104 4979 1297 5034 Μωὰὃ.
1329 4979 1687 5047 Πεφλυάρηκε
1715 4977 1811 5046 μὲν
1835 4975 2023 5042 λέγου-

438 5096 534 5141 σα,
563 5077 645 5129 ὅτι
687 5076 868 5146 Πέτρα
896 5074 1099 5145 ἔρημός
1129 5075 1244 5124 ἐστι
1283 5071 1341 5123 τὸ
1385 5070 1508 5137 ὅρος
1543 5067 1699 5120 Σιών.
1740 5066 1900 5118 Ἀλλά
1944 5082 2024 5117 σοι

441 5169 566 5238 μὲν,
600 5168 754 5237 φησὶ,
791 5165 950 5218 τοῦτο
979 5152 1202 5217 κάκεῖνο
1236 5162 1574 5232 συμϐήσεται
1609 5158 1783 5211 πλατὺ
1811 5155 2024 5226 γελὼσῃ

439 5259 588 5314 κατὰ
625 5259 734 5311 τῶν
775 5257 834 5324 ἐξ
876 5257 1112 5328 Ἰσραήλ.
1146 5256 1282 5318 Τοὺς
1309 5255 1365 5306 δὲ
1392 5254 1566 5323 πάντη
1597 5269 1656 5303 τε
1686 5251 1780 5302 καὶ
1813 5250 2027 5309 πάντως

447 5351 662 5419 ελεήσει
710 5343 860 5415 Θεὸς,
905 5351 999 5402 καὶ
1044 5349 1232 5419 ἀνήσει
1281 5345 1379 5416 μὲν
1421 5343 1528 5396 τῶν
1582 5339 2025 5410 συμϐεϐηκότων·

446 5443 888 5510 ἀποκαταστήσει
918 5441 973 5494 δὲ
997 5440 1130 5511 πρὸς
1162 5439 1221 5491 τὸ
1256 5439 1312 5490 ἐν
1336 5437 1533 5508 ἀρχαῖς
1564 5433 1661 5504 τὴν
1689 5432 1816 5503 παρ’
1850 5432 2031 5494 αὐτοῖς

445 5532 727 5605 βασιλείαν
772 5533 1170 5605 ἐπανορθῶσαι.

531 5627 902 5698 Ἠκούσαμεν
944 5627 1058 5695 τὴν
1100 5625 1270 5693 ὕϐριν
1316 5621 1508 5689 Μωὰϐ,
1562 5616 1850 5688 ὑϐριστὴς
1883 5618 2033 5684 σφό-

447 5724 582 5789 δρα.

521 5815 1003 5890 ιιροαναςωνήσας
1034 5807 1090 5865 εὖ
1124 5809 1264 5881 μάλα
1305 5806 1399 5876 τὴν
1433 5807 1494 5857 ἐκ
1529 5804 1624 5874 τῆς
1664 5799 2034 5872 αἰχμαλωσίας

2100 3237 2447 3296 tabernaculo
2494 3234 2952 3305 David,judicans
2979 3243 3035 3290 et
3081 3234 3358 3302 vestigans
3389 3233 3676 3303 judicium.

2101 3333 2166 3388 Et
2215 3329 2623 3387 tabernaculum
2651 3337 2710 3382 ut
2743 3327 2954 3382 videtur
3005 3327 3252 3382 nominat
3296 3325 3555 3380 basilicas
3585 3341 3684 3379 seu

2103 3425 2299 3496 regias,
2342 3423 2394 3478 in
2434 3421 2630 3491 quibus
2669 3420 3147 3474 commorabantur
3193 3416 3494 3489 iudicantes
3548 3415 3683 3487 legi-

2079 3507 2228 3571 time
2273 3529 2366 3569 eos
2391 3513 2480 3584 qui
2520 3512 2701 3569 sedem
2735 3511 2883 3581 regni
2916 3510 3387 3565 administrabant.
3423 3508 3488 3562 Et
3540 3508 3687 3578 quod

2102 3609 2167 3663 ad
2206 3608 2296 3664 Dei
2338 3607 2668 3662 voluntatem
2719 3605 2932 3670 attinet,
2968 3599 3196 3669 iustitiae
3235 3601 3473 3656 cultores
3518 3599 3688 3652 exsti-

2104 3710 2284 3755 terunt
2337 3697 2549 3754 etiamsi
2591 3712 2622 3752 a
2663 3696 2862 3750 virtute
2905 3693 3281 3749 aberraverint
3340 3691 3588 3762 quidam,
3618 3689 3685 3741 ad

2107 3791 2377 3844 deteriora
2452 3788 2806 3843 declinantes.
2853 3783 3145 3840 Sciendum
3196 3794 3374 3837 autem
3417 3789 3502 3836 est
3569 3783 3690 3846 post

2109 3879 2340 3933 reditum
2382 3892 2412 3932 e
2462 3876 2754 3946 Babylone,
2807 3890 2912 3928 non
2970 3874 3080 3942 jam
3141 3871 3356 3925 divisim
3419 3869 3690 3924 habitasse

2109 3966 2401 4030 lsraelitas,
2446 3975 2503 4018 ut
2551 3965 2812 4019 Samaria:
2879 3963 3067 4016 decem
3127 3963 3304 4014 tribus
3365 3968 3421 4014 et
3468 3958 3690 4012 dimidia

2110 4061 2280 4116 tribus
2365 4055 2618 4126 Ephraim
2701 4061 2905 4116 essent,
2970 4051 3316 4121 imperitante
3389 4047 3495 4103 illis
3559 4064 3688 4110 uno,

2111 4148 2498 4219 Hierosolymis
2531 4152 2711 4199 autem
2743 4143 2918 4196 tribus
2943 4141 3101 4209 Juda,
3121 4151 3172 4196 et
3200 4140 3483 4194 dimidium
3518 4139 3692 4193 tribus

2110 4242 2586 4308 Manassis,rursus
2597 4236 2846 4307 privatim
2866 4243 3122 4304 regnante
3136 4233 3305 4288 altero
3325 4251 3338 4286 :
3358 4233 3448 4288 sed
3464 4233 3516 4288 in
3531 4245 3690 4286 unam

2111 4345 2340 4392 mentem
2385 4329 2597 4388 conﬂati
2641 4345 2704 4386 ac
2750 4330 3144 4398 consmrantes,
3179 4325 3482 4381 incolebant
3535 4325 3695 4380 simul

2114 4426 2504 4497 Hierosolyma,
2524 4439 2688 4478 unum
2706 4437 2864 4494 porro
2890 4434 3069 4491 regem
3090 4419 3430 4488 inungentes.
3450 4418 3558 4472 lloc
3578 4427 3696 4471 erat

2127 4519 2377 4573 videlicet
2430 4516 2596 4587 256
2645 4529 2775 4570 voce
2835 4513 3107 4584 prapltetaa
3162 4510 3229 4564 de
3295 4508 3401 4562 illis
3456 4509 3693 4561 dictum:

2123 4607 2190 4662 Et
2249 4609 2545 4661 aseendent
2607 4604 2673 4658 de
2725 4615 2889 4667 terra,
2920 4609 2975 4656 et
3016 4600 3338 4654 laborabunt
3398 4594 3695 4665 paululum,

2125 4703 2371 4768 ungendo
2415 4711 2595 4767 regem
2629 4703 2683 4749 et
2711 4693 3032 4764 principem.
3060 4690 3257 4745 Verum
3304 4688 3573 4757 pollicitus
3615 4697 3700 4740 est.

2127 4791 2269 4845 Dens
2328 4788 2536 4844 Judaici
2589 4785 2771 4840 throni
2821 4783 3286 4846 instaurationem,
3327 4789 3534 4833 tantum
3593 4792 3699 4830 non

2126 4884 2319 4952 probra
2349 4883 2401 4936 in
2437 4879 2593 4934 Moab
2617 4877 2844 4947 iaciens.
2893 4875 3201 4929 Scomtnata
3231 4872 3374 4926 enim
3408 4872 3495 4925 illa
3520 4870 3700 4933 torsit,

2127 4978 2343 5030 dicens:
2394 4972 2550 5027 Petra
2610 4971 2821 5023 deserta
2865 4977 2950 5022 est
3012 4980 3164 5019 mons
3230 4965 3382 5019 Sion.
3439 4965 3551 5016 lmo
3583 4963 3702 5026 tibi,

2127 5068 2304 5137 inquit
2332 5066 2441 5126 ille,
2505 5063 2646 5118 istud
2701 5060 2993 5130 continget,
3040 5073 3158 5126 quae
3195 5057 3366 5111 hianti
3417 5070 3481 5109 ac
3554 5053 3705 5121 largo

2127 5176 2221 5214 ore
2281 5158 2426 5214 rides
2460 5156 2732 5211 lsraelitas
2765 5171 2778 5208 :
2814 5153 3005 5208 borum
3049 5167 3176 5205 vero
3211 5164 3432 5219 prorsus
3469 5145 3708 5216 penitus-

2130 5267 2235 5323 que
2270 5249 2612 5303 miserebitur
2667 5247 2828 5311 Deus,
2851 5253 2904 5298 et
2950 5259 3017 5297 ex
3067 5243 3152 5297 his
3205 5255 3325 5312 quae
3391 5237 3707 5292 acciderunt

2132 5343 2398 5398 recreabit
2440 5356 2502 5395 ac
2530 5338 2815 5404 relaxabit,
2857 5344 2912 5390 et.
2951 5337 3002 5388 in
3037 5335 3313 5401 antiquam
3343 5329 3706 5386 conditionem

2134 5434 2357 5504 rediget,
2402 5446 2624 5502 regnum
2673 5444 2861 5484 eorum
2912 5424 3278 5482 reformando.

2218 5610 2382 5664 Vens.
2444 5608 2497 5664 6.
2558 5604 2870 5659 Audiuimus
2945 5601 3239 5670 superbiam
3333 5597 3517 5661 Moab,
3562 5593 3712 5648 valde

2136 5699 2539 5757 contumeliosus
2579 5708 2674 5751 est.

2209 5796 2340 5850 Cum
2384 5789 2737 5847 declaraverit
2776 5787 3025 5857 superius
3071 5786 3298 5842 reditum
3353 5778 3715 5836 lsraclitarum
