4166 6296
536 397 625 452 ΙΙΙ
1534 397 1590 451 S.
1639 393 1914 450 CYRILLI
1954 393 2126 449 ALEX

2235 390 2420 446 DRINI
2465 381 2782 446 AliClllEP.

3695 377 3798 432 ΗΞ

535 527 565 566 e
614 513 948 583 captivitate,
962 513 1114 582 juxta
1175 511 1322 581 prius
1380 513 1680 580 expositam
1737 512 2022 575 rationem,
2056 521 2111 565 et

2230 509 2470 562 ιπάνοδον
2505 507 2613 559 τῶν
2652 507 2710 572 ἐξ
2742 504 2979 576 Ἰσραὴλ,
3017 503 3112 556 καὶ
3144 503 3227 556 ὅτι
3254 502 3415 562 πάλιν
3442 499 3796 569 ἀναφοίτησις

536 607 677 675 quod
757 606 950 659 itermn
1021 605 1088 657 ad
1146 612 1381 656 veterem
1457 603 1685 656 formam
1757 603 2108 672 principatus,

539 697 790 750 nimirum
841 695 988 760 regni
1042 695 1305 762 ipsorum,
1357 692 1540 750 futura
1599 694 1673 748 sit
1722 693 1937 759 reditio,
1972 695 2109 748 reci-

537 788 612 853 pit
675 799 735 840 se
777 785 843 840 de
888 787 1094 855 integro
1149 787 1214 840 ad
1258 785 1434 851 Moab,
1463 786 1529 840 ad
1574 800 1778 855 eosque
1806 800 2111 840 sermonem

539 875 818 930 transfert.
864 877 1074 930 Dictum
1149 885 1234 930 est
1285 887 1466 931 autem
1529 876 1674 930 velut
1755 891 1821 932 ex
1881 891 2112 946 persona

541 976 850 1020 sanctorum
919 966 1302 1035 prophetarum
1359 967 1530 1021 illud:
1569 967 1904 1023 ,Attdivimus
1969 969 2115 1024 inso-

541 1058 757 1114 lentiam
813 1058 991 1119 Moab,
1032 1059 1185 1113 valde
1225 1058 1463 1115 insolens
1489 1068 1590 1115 est.
1621 1059 1943 1114 Collaudant
1969 1062 2114 1114 enim

541 1164 638 1219 per
671 1149 785 1205 haec
817 1149 978 1203 veluti
1025 1149 1077 1204 iu
1127 1150 1333 1218 judicio
1387 1150 1696 1220 punientem
1752 1149 1940 1214 Deum,
1965 1153 2117 1206 debi-

545 1255 765 1312 tumque
833 1258 896 1296 ac
931 1243 1150 1312 dignum
1227 1242 1337 1296 illis
1393 1241 1713 1298 inferentem
1773 1244 2114 1312 supplicium.

543 1331 774 1386 Audisse
799 1347 859 1387 se
893 1334 1077 1386 dicunt
1114 1334 1452 1389 insolentiam
1490 1333 1667 1400 Moab,
1698 1336 1930 1404 primum
1974 1336 2118 1390 illam

549 1423 967 1480 vetustissimam
1052 1424 1332 1480 historiam
1398 1441 1530 1484 non
1565 1426 1901 1496 ignorantes,
1951 1442 2114 1496 quam

548 1515 763 1569 divinus
831 1513 1005 1568 Moses
1062 1519 1302 1586 exponit.
1353 1517 1426 1573 Ut
1465 1519 1608 1572 enim
1653 1534 1812 1586 supra
1863 1521 2118 1584 diximus,

546 1606 805 1660 Conduxit
843 1607 1148 1661 Balaamum
1197 1607 1484 1672 Balaclius,
1525 1611 1690 1674 Ades,
1720 1611 1990 1680 inquiens,
2021 1627 2120 1664 ex-

549 1713 764 1753 Secrare
817 1700 947 1754 mihi
1001 1698 1276 1765 lsraelem,
1307 1711 1362 1756 et
1407 1713 1665 1771 prmierea
1727 1705 2120 1773 quamplurima

549 1789 691 1846 facta
746 1801 868 1846 sunt
923 1792 1153 1855 olim,ex
1181 1792 1321 1847 fastu
1359 1809 1422 1848 ae
1452 1795 1702 1862 superbia
1736 1794 2118 1856 Moabitarum,

550 1899 670 1940 cum
723 1882 901 1938 divina
938 1885 1213 1951 majestate
1259 1889 1570 1957 pugnantia.

621 1970 930 2037 Superbiam
985 1973 1197 2027 sustuli.

651 2059 863 2118 Sanctis
959 2065 1235 2134 prophetis
1317 2064 1672 2120 disertissime
1747 2065 2128 2124 confitentibus

550 2151 820 2206 audivisse
871 2167 930 2206 se
980 2153 1320 2207 insolentiam
1378 2153 1702 2218 Moabitidis,
1749 2163 1805 2208 et
1875 2156 2018 2211 seire
2066 2172 2125 2210 se

551 2242 708 2296 valde
765 2243 1078 2297 insolentem
1130 2245 1301 2312 ipsam
1355 2260 1496 2308 esse,
1532 2261 1595 2300 ex
1628 2247 1857 2302 adverso
1895 2262 2124 2317 respon-

552 2332 642 2386 det
693 2331 853 2397 Deus,
885 2342 940 2387 et
979 2334 1091 2387 ait:
1134 2333 1451 2403 Superbiam
1491 2337 1704 2402 sustuli,
1741 2338 1842 2392 hoc
1874 2348 1976 2404 est,
2019 2354 2124 2392 non

555 2424 770 2492 quidem
831 2424 1145 2494 simpliciter
1210 2426 1496 2482 fastuosam
1561 2427 1748 2493 Moab,
1801 2429 1896 2484 sed
1962 2429 2126 2484 veluti

557 2515 728 2584 rcipsa
787 2516 982 2570 fastum
1040 2526 1094 2570 et
1129 2518 1298 2586 ipsam
1351 2517 1692 2572 insolentiam
1733 2519 1968 2573 emedio
2020 2520 2128 2574 tol-

555 2607 765 2661 lendam
807 2611 1011 2663 curavi.
1055 2607 1256 2662 Bellum
1295 2609 1438 2663 enim
1491 2624 1620 2679 gero
1675 2625 1796 2664 cum
1857 2611 2126 2680 superbis,

555 2709 607 2752 et
648 2715 825 2768 pugno
880 2715 1003 2754 cum
1046 2700 1129 2754 his
1164 2700 1252 2770 qui
1309 2701 1374 2754 de
1404 2714 1462 2755 se
1515 2701 1757 2757 modeste
1791 2702 1994 2757 sentire
2040 2717 2131 2758 no-

557 2789 694 2852 lunt,
723 2791 830 2844 imo
863 2790 1061 2844 frustra
1097 2792 1479 2857 intumescunt,
1509 2805 1562 2848 et
1587 2793 1696 2848 alte
1727 2793 1918 2848 tollunt
1940 2808 2129 2862 super-

558 2879 766 2944 cilium,
821 2896 1036 2950 sumque
1111 2891 1316 2936 naturae
1384 2883 1628 2954 ignorant
1685 2884 2127 2939 imbecillitatem.

560 2971 832 3039 Scriptum
880 2984 963 3026 est
999 2983 1175 3028 autem
1209 2975 1348 3043 ”°”,
1392 2977 1532 3046 quod
1582 2976 1837 3032 Dominus
1880 2977 2130 3046 superbis

558 3061 783 3114 resistit.
834 3062 1033 3118 Deinde
1079 3064 1279 3120 docens
1309 3068 1451 3135 quod
1489 3066 1633 3134 juste
1665 3067 1870 3136 puniat,
1910 3079 1965 3122 et
2001 3067 2131 3122 sim-

2211 605 2361 658 ἐσται
2395 605 2534 674 πρὸς
2566 603 2626 656 τὺ
2650 603 2874 672 ἀρχαῖον
2902 599 3002 667 τῆς
3037 600 3168 668 παρ’
3195 599 3380 659 αὑτοῖς
3409 595 3604 665 ἀρχῆς,
3633 595 3799 664 ἠγουν

2216 696 2515 767 βασιλείας,
2555 696 2808 748 ἐπάνεισι·
2835 691 2995 744 πάλιν
3041 691 3132 743 ἐπὶ
3170 691 3270 760 τὴν
3303 687 3498 748 Μωάϐ,
3543 686 3639 738 καὶ
3675 684 3801 755 μεθ-

2217 789 2429 857 ίστησιν
2466 787 2550 838 ἐπ’
2585 786 2782 847 αὐτοὺς
2805 783 2896 836 τὸν
2927 783 3102 850 λόγον.
3132 780 3360 850 Είρηται
3408 778 3465 831 δὲ
3511 777 3704 845 ῶσπερ
3738 777 3801 828 ἐκ

2216 878 2506 949 προσώπου
2532 878 2640 930 τῶν
2675 875 2842 944 ἁγίων
2871 871 3184 947 προφητῶν,
3224 870 3306 930 τὸ,
3343 869 3685 937 Ἦκούσαμεν
3703 867 3802 938 τὴν

2217 973 2375 1042 ὓϐριν
2419 969 2614 1033 Μωάϐ,
2658 966 2915 1037 ὑϐριστὴς
2958 966 3176 1035 σφόδρα.
3212 961 3528 1015 Συναινοῦσι
3573 960 3681 1030 γάρ
3715 960 3803 1013 διὰ

2217 1065 2442 1123 τούτων,
2473 1063 2548 1124 ὼς
2586 1061 2646 1112 ἐν
2689 1060 2813 1129 δίκῃ
2858 1058 3141 1120 κολάζοντι
3175 1055 3253 1126 τῷ
3283 1053 3424 1124 Θεῷ,
3448 1052 3804 1122 ὀφειλομένην

2218 1173 2278 1208 τε
2309 1155 2400 1207 καὶ
2441 1152 2758 1221 πρέπουσαν
2793 1149 2973 1211 αὑτοῖς
3006 1145 3352 1215 ἐπενεγκόντι
3379 1143 3477 1212 τὴν
3512 1143 3803 1211 τιμωρίαν.

2237 1243 2561 1314 Ἀκηκοέναι
2606 1241 2664 1294 δέ
2700 1257 2832 1309 φασι
2875 1238 2972 1309 τὴν
3017 1237 3173 1306 ὓϐριν
3207 1233 3404 1297 Μωάϐ,
3451 1233 3665 1303 πρῶτον
3709 1233 3806 1302 μὲν

2221 1336 2320 1406 τὴν
2355 1331 2724 1404 ἀρχαιοτάτην
2771 1331 2988 1396 ἐκείνην
3031 1329 3270 1397 ἱστορίαν
3317 1325 3418 1378 οὺκ
3454 1326 3802 1393 ἠγνοηκότες,

2223 1429 2290 1497 ἢν
2336 1429 2365 1480 ὁ
2397 1423 2686 1486 Θεσπέσιος
2717 1423 3010 1491 ἀφηγείται
3033 1419 3260 1488 Μωσῆς.
3301 1417 3389 1479 Ὠς
3422 1415 3532 1484 γὰρ
3567 1413 3802 1481 φθάσαν·

2222 1535 2314 1581 τες
2357 1516 2605 1586 εἴπομεν,
2648 1511 3044 1584 ητεμισθοῦτο
3088 1510 3178 1562 τὸν
3229 1506 3460 1576 Βαλαὰμ
3511 1508 3540 1558 ὀ
3581 1505 3806 1557 Βαλάκο

2225 1611 2418 1682 Δεῦρο,
2463 1609 2659 1675 λέγων,
2700 1605 2976 1678 ἐπάρασαί
3024 1620 3115 1673 μοι
3153 1602 3243 1654 τὸν
3297 1598 3532 1670 Ἰσραήλ.
3578 1596 3810 1648 Πελείστα

2225 1703 2281 1754 δὲ
2325 1702 2425 1754 ὅσα
2464 1699 2599 1769 πρὸς
2649 1697 2806 1750 τοῦτο
2846 1694 3160 1763 πέπρακται
3207 1688 3349 1742 κατά
3395 1687 3616 1758 καιροὺς
3660 1683 3812 1754 παρά

2226 1793 2326 1862 τῆς
2376 1789 2685 1846 Μωαϐιτῶν
2743 1784 3048 1857 ὑπεροψίας
3092 1785 3158 1852 τῇ
3211 1779 3306 1834 τοῦ
3350 1779 3485 1832 Θεοῦ
3528 1776 3813 1848 μαχόμενα

2225 1883 2371 1952 δόξῃ.

2304 1974 2423 2036 Τὴν
2453 1970 2869 2040 ὑπερηφανίαν
2895 1967 3104 2037 ἐξῆρα.

2297 2066 2417 2118 Τῶν
2462 2065 2631 2132 ἁγίων
2667 2061 2960 2133 προφητῶν
2997 2057 3374 2129 ἐναργέστατα
3411 2051 3818 2123 διωμολογηκό-

2227 2175 2355 2220 των,
2397 2155 2692 2226 ἀκηκοέναι
2732 2171 2790 2204 τε
2836 2151 2936 2222 τὴν
2973 2151 3131 2220 ὓϐριν
3173 2147 3379 2210 Μωάϐ,
3412 2145 3613 2199 εἰδέναι
3645 2160 3702 2196 τε
3731 2145 3816 2196 ὅτι

2229 2250 2323 2302 καὶ
2355 2248 2559 2317 σφόδρα
2585 2247 2732 2298 ἐστὶν
2757 2243 3042 2315 ὑϐριστὴς,
3072 2240 3528 2310 ἀνταποκρίνεται
3559 2236 3692 2299 Θεὸς
3723 2234 3817 2288 καί

2230 2356 2381 2410 φησι·
2413 2339 2454 2389 Τ
2459 2338 2522 2408 ην
2545 2336 2924 2406 ὑπερηφανίαν
2951 2334 3140 2405 ἐξῆραο
3167 2331 3309 2386 τοῦτ’
3340 2330 3507 2395 ἐστιν,
3535 2329 3634 2398 οὑχ
3658 2329 3822 2397 ὑπέρ-

2229 2447 2389 2484 οπτον
2446 2427 2633 2492 ἀπλῶς
2689 2423 2855 2480 οὖσαν
2914 2425 3012 2497 τὴν
3081 2423 3277 2487 Μωέιϐ,
3341 2421 3455 2474 ἀλλ’
3519 2415 3630 2474 οἷον
3683 2421 3820 2473 αὐτὸ

2231 2525 2421 2594 χρῆμα
2456 2519 2754 2590 γενομένην
2781 2517 3077 2589 ὑπεροψίαν
3103 2518 3167 2570 ἐκ
3193 2515 3359 2586 μέσου
3391 2510 3645 2581 γενέσθαι
3675 2527 3820 2582 παρ-

2229 2614 2522 2667 εσκεύασα.
2570 2611 2798 2682 Πολεμῶ
2829 2610 2937 2682 γάρ
2982 2609 3368 2680 ὑπερηφάνοις,
3419 2607 3513 2660 καὶ
3575 2603 3821 2673 μάχομαι

2232 2709 2343 2770 τοῖς
2367 2707 2426 2758 οὐ
2461 2705 2658 2775 μέτρια
2683 2705 2898 2776 φρονεῖν
2925 2703 3241 2774 ᾑρημένοις,
3268 2699 3388 2767 είκῆ
3419 2697 3476 2751 δέ
3507 2695 3709 2766 μᾶλλον
3733 2693 3823 2760 ἐξ-

2233 2798 2606 2865 ογκουμένοις,
2640 2795 2735 2848 καὶ
2781 2792 2916 2864 ὑψοῦ
2971 2792 3068 2863 τὴν
3108 2791 3280 2862 ὀφρὺν
3319 2789 3675 2851 ἀνατείνουσι,
3726 2786 3824 2838 καὶ

2230 2886 2332 2956 τῆς
2369 2886 2573 2940 ἑαυτῶν
2625 2886 2838 2955 φύσεως
2897 2883 3189 2955 ἡγνοηκόσι
3229 2882 3328 2952 τὴν
3369 2880 3672 2935 ἀσθένειαν.
3721 2878 3760 2929 Γ
3764 2878 3817 2930 έ-

2241 2996 2482 3050 γραπται
2531 2979 2619 3042 δέ,
2659 2980 2740 3033 ὃτι
2805 2978 3008 3048 Κύριος
3064 2974 3440 3048 ὑπερηφάνοις
3499 2970 3821 3024 ἀντιτάσσεο

2233 3088 2344 3127 ται.
2404 3071 2680 3124 Διδάσκων
2743 3070 2800 3122 δὲ
2853 3069 2936 3123 ὅτι
2999 3065 3215 3129 κολάζει
3279 3062 3522 3126 δικαίως,
3595 3060 3692 3114 καὶ
3757 3060 3820 3111 οὑ

559 3152 770 3220 pliciter
807 3169 993 3223 poenas
1041 3171 1145 3209 non
1190 3157 1289 3212 abs
1338 3173 1395 3213 re
1447 3158 1685 3223 inducat,
1734 3159 2126 3230 accusationem

2238 3162 2414 3232 μάτην
2466 3161 2653 3225 ἁπλῶς
2711 3161 2902 3228 ἐπάγει
2951 3157 3048 3221 τὰς
3094 3157 3269 3218 δίκας,
3321 3152 3687 3224 καταγορεύει
3723 3153 3825 3220 τῆς

559 3244 785 3296 lntemlit
846 3257 1031 3298 contra
1089 3245 1262 3312 Moab,
1299 3249 1550 3318 superbia
1596 3247 1760 3302 veluti
1809 3251 1998 3320 morbo
2043 3249 2131 3304 in-

561 3331 908 3386 tolerabiliter
939 3334 1295 3393 laborantem.

630 3421 792 3491 257
836 3421 956 3476 Non
991 3426 1067 3478 sic
1102 3425 1354 3480 divinatio
1387 3437 1497 3492 tua,
1526 3445 1627 3482 non
1667 3445 1764 3483 sic.

633 3510 858 3576 Susmli,
891 3513 1084 3583 inquit,
1121 3515 1285 3584 igitur
1330 3531 1429 3586 ego
1495 3519 1822 3585 superbiam,
1853 3515 1954 3570 hoe
2011 3523 2132 3578 est,

560 3601 735 3656 excidi
791 3602 968 3670 Moab,
1008 3605 1102 3659 sed
1181 3607 1293 3662 haec
1367 3609 1460 3662 tibi
1533 3624 1640 3662 non
1711 3609 2136 3678 prmuuntiarunt

559 3693 806 3746 vaticinia
842 3701 950 3747 tua.
988 3697 1392 3752 Annuntiarunt
1443 3700 1586 3755 enim
1661 3701 1891 3754 falsidici
1961 3709 2130 3767 vates,

561 3787 700 3852 quod
729 3786 952 3842 bellicas
981 3789 1316 3844 incursiones
1341 3793 1643 3858 superabis,
1665 3807 1727 3846 ac
1760 3790 1916 3846 facile
1951 3794 2136 3848 vinces

561 3875 922 3942 adversarios,
959 3894 1131 3947 neque
1156 3883 1270 3947 capi
1313 3881 1513 3950 poteris
1545 3883 1610 3936 ab
1642 3881 1911 3948 hostibus,
1949 3883 2134 3938 vietis-

561 3984 666 4038 que
737 3969 944 4025 illudes.
985 3971 1180 4027 Verum
1257 3975 1370 4028 hate
1421 3975 1494 4028 ita
1555 3989 1760 4037 senon
1822 3974 2038 4039 habent,
2083 3983 2138 4028 at

563 4059 848 4128 plurimum
893 4062 1066 4127 abest,
1101 4063 1207 4117 imo
1258 4065 1308 4118 in
1371 4065 1642 4120 diversum
1697 4066 1892 4126 evenit,
1925 4075 1979 4120 et
2029 4081 2132 4120 non

562 4165 658 4220 pro
701 4161 823 4207 voto
864 4168 926 4208 ac
971 4169 1086 4222 spe,
1123 4171 1300 4210 rerum
1347 4157 1452 4211 erit
1499 4158 1695 4212 exitus.
1727 4153 2137 4222 Diﬂicileigitur

561 4251 615 4296 et
665 4257 792 4298 vere
849 4245 1065 4300 noxium
1103 4247 1439 4302 irridentimn
1487 4264 1764 4304 sermones
1828 4247 2133 4310 attendere,

561 4343 614 4386 et
656 4335 1102 4402 prtestigiatorum
1133 4339 1354 4393 vocibus
1404 4339 1595 4408 abripi,
1624 4354 1744 4409 (μω
1785 4338 1940 4407 juxta
1987 4353 2133 4406 spem

565 4438 832 4492 ouuquam
883 4426 1148 4481 evenient.

535 4703 542 4710 ‘
635 4691 796 4746 Vens.
843 4689 897 4740 ’7.
971 4687 1203 4742 L'lulubit
1271 4689 1558 4743 Moab:in
1635 4690 1920 4746 Moabitide
1998 4695 2135 4747 enim

567 4797 743 4835 omnes
829 4782 1132 4849 plorabant,
1193 4781 1603 4836 inhabitantibus
1668 4782 1853 4836 Descth
1912 4786 2133 4839 medita-

565 4873 751 4926 tiones.

634 4964 785 5030 Quod
843 4977 947 5015 non
989 4962 1059 5016 ita
1113 4972 1169 5017 ut
1197 4972 1574 5032 exsticctarant
1611 4964 1806 5019 cecidit
1850 4965 2135 5034 divinatio,

564 5058 654 5110 sed
710 5055 867 5110 aliter
916 5057 1241 5125 omninoque
1267 5057 1500 5124 diverse,
1538 5057 1873 5112 demonstrat
1911 5057 2133 5128 liquido,

2238 3249 2412 3306 Μωάϐ
2445 3251 2520 3314 ὡς
2548 3252 2834 3322 ἀφορήτως
2868 3247 3129 3318 νοσούσης
3155 3245 3252 3316 τὴν
3278 3243 3600 3315 ὑπεροψίαν.
3825 3283 3832 3317 ι

2314 3432 2434 3498 Οὐκ
2463 3430 2650 3496 οὕτως
2687 3430 2719 3498 ἡ
2743 3428 2991 3498 μαντεία
3015 3443 3152 3488 σου,
3179 3428 3290 3494 οὐχ
3315 3425 3518 3488 οὕτως.

2323 3520 2522 3590 Ἐξῆρα
2553 3520 2652 3591 μὲν
2691 3521 2790 3572 οὐκ
2825 3517 2933 3587 ἐγὼ
2964 3518 3061 3587 τὴν
3091 3515 3470 3587 ὑπερηφανίαν
3512 3529 3629 3576 σου,
3669 3510 3823 3581 φησὶ,

2242 3611 2387 3666 τοῦτ’
2420 3611 2587 3676 ἐστιν,
2639 3610 2872 3679 ἐξέκοψα
2908 3610 3005 3679 τὴν
3045 3607 3220 3662 Μωάϐ
3245 3649 3260 3672 ,
3287 3605 3401 3660 ἀλλ’
3439 3605 3500 3658 οὐ
3546 3602 3722 3657 ταῦτά
3744 3619 3825 3654 σοι

2243 3701 2611 3776 προήγγελ).ον
2638 3704 2692 3756 αἱ
2720 3700 2868 3772 παρὰ
2890 3701 2981 3753 σοῦ
3006 3705 3021 3721 ¹
3059 3699 3350 3770 ἁμαρτίαι.
3399 3693 3827 3765 Ἐπηγγέλλοντο

2241 3794 2350 3864 γὰρ
2380 3791 2804 3864 ψευδοεποῦντες
2828 3792 2878 3843 οί
2905 3791 3146 3861 μάντεις,
3173 3792 3256 3842 ὅτι
3291 3789 3384 3842 καὶ
3421 3787 3690 3856 κρείττων
3723 3785 3825 3855 ἔσῃ

2241 3887 2338 3955 τῆς
2373 3884 2465 3939 τοῦ
2499 3883 2736 3954 πολέμου
2781 3882 3108 3954 προσϐολῆς,
3151 3882 3246 3934 καὶ
3277 3881 3520 3950 νικήσεις
3580 3877 3828 3939 εὑπετῶς

2241 3978 2366 4039 τοὺς
2419 3975 2838 4045 ἀνθεστηκότας,
2873 3975 2968 4027 καὶ
3005 3974 3274 4034 ἀνάλωτος
3309 3972 3406 4042 ἔσῃ
3444 3973 3558 4032 τοῖς
3590 3971 3827 4040 ἐχθροῖς,

2243 4070 2336 4122 καὶ
2375 4068 2710 4139 ἡττωμένοις
2749 4067 3128 4129 ἐπιτωθάσεις.
3188 4064 3324 4117 Ἀλλ’
3365 4065 3463 4134 οὑχ
3498 4063 3674 4126 οὕτως
3710 4061 3830 4116 αὖτ’

2243 4161 2375 4231 ἔχει,
2411 4158 2606 4213 πολλοῦ
2645 4176 2709 4226 γε
2737 4159 2833 4212 καὶ
2861 4159 2960 4212 δεῖ.
3010 4158 3227 4212 Μᾶλλον
3261 4156 3368 4228 γὰρ
3402 4155 3562 4226 ἐξέϐη
3595 4155 3730 4223 πρὸς
3769 4153 3830 4206 τὺ

2244 4252 2502 4314 ἐναντίον,
2538 4251 2630 4304 καὶ
2647 4253 2705 4304 οὑ
2730 4251 2849 4304 κατ’
2873 4251 3062 4304 ἐλπίδα
3082 4250 3201 4320 σὴν,
3232 4249 3340 4301 τῶν
3389 4248 3736 4319 πραγμάτιον
3771 4245 3834 4300 τὸ

2245 4343 2439 4416 πέρας.
2483 4343 2840 4413 Παγχάλεπον
2879 4337 2971 4396 οὖν
3025 4342 3118 4395 καλ⁸
3143 4339 3434 4410 ἐπιζήμιον
3487 4338 3722 4406 ἀληθῶς,
3770 4337 3833 4389 τὸ

2243 4438 2353 4498 τοῖς
2378 4435 2483 4488 τῶν
2507 4433 2901 4497 διαπαιζόντων
2920 4433 3205 4503 προσέχειν
3242 4431 3444 4500 λόγοις,
3470 4430 3563 4483 καὶ
3583 4432 3701 4491 ταῖς
3721 4428 3834 4480 τῶν

2171 4525 2216 4580 D
2244 4524 2456 4596 γοητῶν
2485 4523 2914 4594 ἀποκομίζεσθαι
2935 4526 3157 4594 φωναῖς,
3182 4525 3262 4586 εἰς
3292 4521 3511 4585 ἐλπίδας
3537 4522 3639 4574 οὑκ
3670 4520 3854 4596 ἐκϐη-ε

2237 4615 2490 4683 σομένας.

2317 4705 2622 4772 ὐλολὺξει
2648 4704 2844 4759 Μωάϐ.
2885 4704 2980 4757 Ἐν
3016 4704 3125 4774 γὰρ
3146 4702 3218 4772 τῇ
3253 4701 3566 4758 Μωαϐίτιδι
3604 4701 3835 4764 πάντες

2236 4796 2610 4860 ὀλολύξουσι
2630 4812 2642 4826 ’
2678 4796 2797 4861 τοῖς
2829 4795 3176 4849 κατοικοῦσι
3206 4792 3391 4847 Δεσὲο
3411 4793 3798 4863 μελετήσας.

2325 4973 2444 5026 Ὅτι
2477 4971 2553 5041 μὴ
2583 4969 2756 5034 οὕτως
2784 4970 3082 5041 ἐκϐέϐηκεν
3113 4971 3145 5041 ἡ
3180 4970 3409 5040 μαντεία
3430 5009 3444 5030 ,
3482 4967 3628 5021 καθά
3655 4982 3833 5037 προσ-

2235 5061 2523 5133 εδόκησαν,
2553 5060 2666 5114 ἀλλ’
2698 5062 3091 5132 ἐτεροτρόπως,
3141 5061 3235 5114 καὶ
3270 5062 3350 5123 είς
3376 5061 3480 5112 πᾶν
3510 5056 3860 5116 τούναντίον,

563 5163 681 5202 cum
719 5147 831 5202 ait:
873 5146 1113 5202 Plorabit
1168 5147 1349 5209 Moab,
1381 5149 1480 5202 etsi
1515 5149 1606 5217 qui
1660 5151 2046 5214 divinationem
2086 5162 2126 5204 et

2234 5152 2560 5206 διαδείκνυσι
2593 5152 2802 5223 σαφῶς,
2854 5152 3025 5221 λέγων
3045 5171 3058 5185 ο
3115 5150 3383 5215 Ὀλολύξει
3414 5149 3613 5212 Μωὰϐ,
3644 5147 3835 5200 καίτοι

566 5239 826 5308 magicam
881 5249 1051 5294 artem
1105 5241 1450 5302 exercebant,
1479 5240 1808 5308 ploraturam
1863 5258 1983 5296 eam
2041 5243 2140 5297 mi-

567 5330 710 5384 nime
753 5331 1151 5401 pmdicebant,
1179 5331 1311 5404 _imo
1374 5330 1563 5385 deletis
1618 5331 1881 5397 hostibus,
1915 5332 2138 5402 applau-

567 5436 723 5477 suros
776 5433 830 5477 et
885 5423 1244 5485 insultaturos
1313 5423 1640 5490 jacentibus.
1685 5422 1849 5494 Igitur
1917 5439 2130 5488 omnes,

570 5511 764 5579 inquit.
794 5513 847 5565 in
908 5512 1193 5568 Moabitide
1244 5514 1698 5572 lamentabuutur.
1759 5515 1826 5569 Et
1859 5515 2137 5571 meditatio

569 5600 670 5652 erit
712 5599 1075 5656 habit-antibus
1108 5602 1324 5657 Deseth.
1357 5603 1561 5660 Civitas
1594 5613 1773 5660 autem
1804 5606 1920 5661 haec
1959 5603 2134 5671 Moab,

645 5754 764 5787 ’Μ’
797 5753 908 5808 Jac.
954 5769 1025 5819 tv,
1055 5755 1107 5808 6.

2233 5242 2331 5312 τῆς
2365 5241 2641 5312 μαντείας,
2673 5243 2841 5312 ἧγουν
2870 5242 2936 5312 τῇ
2975 5241 3081 5294 τῶν
3119 5240 3308 5310 μάγων
3333 5239 3498 5310 τέχνῃ
3520 5235 3835 5307 κεχρῆσθαι

2237 5333 2690 5404 μεμελετηκότων
2707 5334 2806 5386 οὑκ
2828 5332 3096 5396 ὀλολύζειν
3121 5332 3291 5401 αὑτὴν
3314 5331 3834 5401 προηγορευκότων,

2240 5425 2374 5478 ἀλλὰ
2395 5426 2500 5495 γάρ
2536 5425 2892 5490 ἐπαλαλάξειν
2921 5425 3254 5478 ἀπολωλόσιν
3284 5423 3498 5493 ἐχθροῖς
3540 5422 3635 5474 καὶ
3663 5421 3838 5489 ἐπορ-

2241 5515 2511 5584 χήσασθαι
2537 5517 2830 5585 κειμένοις.
2859 5513 3066 5568 Οὐκοῦν
3094 5512 3348 5573 ἅπαντες,
3383 5509 3570 5578 φησὶν,
3603 5508 3651 5560 el
3683 5507 3743 5558 ἐν
3769 5507 3835 5572 τῆ

2245 5606 2545 5660 Μωαϐίτιδι
2574 5606 3017 5671 κατολολὺξουσι·
3061 5604 3150 5659 καὶ
3193 5602 3482 5673 μελέτησις
3531 5600 3683 5653 ἔσται
3719 5603 3838 5660 ταῖς
