4166 6296
620 426 725 483 M5

1612 417 1669 472 S.
1711 414 1985 470 CYRILLI
2028 408 2500 471 ALEXANDRINI
2545 404 2866 463 ARCHIEP.

3777 391 3880 448 616

617 541 780 597 vineis
802 539 926 603 tuis,
943 545 991 592 et
1020 537 1077 589 in
1097 534 1256 589 vineis
1275 531 1384 585 tuis
1407 546 1510 583 non
1537 528 1876 591 (relabuntur,
1902 544 1993 582 nec
2012 526 2190 581 calca-

2303 521 2400 576 καί
2439 517 2767 588 ἀρθήσεται
2822 512 3169 581 εὐφροσύνη
3230 508 3326 563 καί
3371 508 3718 578 ily-alliance
3761 507 3881 563 ἀπὸ

619 631 746 684 bunt
776 630 953 684 vinum
986 627 1042 680 in
1075 621 1444 684 torcularibus,
1457 634 1594 688 quam
1619 618 1856 672 cessavit.

690 887 902 957 Efﬁngit
925 885 1268 958 propheticus
1299 895 1476 937 sermo
1503 894 1787 951 personam
1835 877 2192 932 Moabitarum

617 979 1019 1035 calamitatibus
1072 976 1518 1046 illacrymantem,
1537 979 1589 1026 et
1631 969 1795 1025 etiam
1825 965 2003 1032 laser,
2028 981 2193 1035 supra

623 1071 862 1140 reliquas
925 1069 1239 1124 devastata.
1271 1063 1360 1120 Sic
1392 1074 1449 1119 et
1481 1064 1616 1117 alias
1682 1060 1864 1130 lugere
1909 1059 2004 1123 ait,
2027 1059 2099 1112 ita
2139 1065 2198 1111 ut

617 1174 718 1227 par
789 1158 912 1220 fuit,
943 1155 1115 1225 ipsam
1192 1151 1366 1209 laser.
1428 1151 1576 1206 Vites
1629 1159 1808 1204 autem
1871 1159 1925 1204 et
1974 1148 2197 1202 arbores

616 1248 854 1320 appellat
909 1263 1003 1304 eos
1034 1246 1125 1317 qui
1177 1245 1550 1299 inhabitarunt
1583 1242 1855 1306 civitates,
1880 1249 2196 1296 enumerat-

618 1353 724 1406 que
761 1336 926 1407 259
968 1337 1259 1390 subversas
1311 1333 1473 1386 urbes
1528 1330 1759 1385 Sabama
1829 1339 1885 1383 et
1954 1328 2192 1384 Esebon.

621 1428 844 1482 llostilis
877 1436 1055 1480 autem
1110 1425 1333 1494 populus
1389 1421 1644 1493 loquitur.
1694 1420 1750 1475 ln
1809 1435 1988 1476 messe
2037 1431 2092 1475 et
2142 1423 2196 1475 in

625 1519 891 1572 vindemia
964 1526 1078 1581 tua,
1113 1517 1307 1586 inquit;
1361 1525 1417 1569 at
1459 1514 1591 1582 quid
1639 1512 1912 1582 loquitur?
1964 1509 2198 1569 Calcabo

623 1609 888 1674 videlicet,
914 1619 969 1663 et
1009 1609 1190 1663 omnia
1239 1607 1453 1663 cadent.
1493 1604 1559 1660 Et
1609 1603 1678 1658 ad
1724 1603 1872 1659 haec:
1905 1601 2198 1658 Auferetur

619 1715 785 1770 porro
823 1699 1005 1753 laetitia
1043 1708 1095 1752 et
1121 1695 1405 1751 exsultatio
1432 1710 1499 1749 ex
1528 1693 1700 1748 vineis
1749 1693 1876 1748 tuis.
1906 1691 2001 1746 Est
2047 1693 2192 1747 enim

621 1791 930 1846 festivitatis
999 1803 1188 1843 amans
1252 1786 1509 1849 Moabita,
1561 1783 1810 1854 plurimis
1861 1782 2199 1838 cteremoniis

2293 609 2414 663 κῶν
2437 606 2724 678 ἀμπέλων
2751 619 2868 659 σου
2891 619 2904 632 ·
2939 603 3036 654 καὶ
3073 601 3143 654 ἐν
3163 599 3288 665 τοῖς
3310 597 3628 667 ἀμπελῶσι
3662 613 3780 652 σου
3807 600 3881 653 οὐ

2288 703 2376 771 μὴ
2407 696 2929 768 εὐφρανθήσονται
2948 710 2960 722 ·
2996 693 3093 748 καὶ
3114 694 3186 746 οὐ
3203 689 3290 761 μὴ
3312 689 3702 756 πατήσουσιν
3715 684 3882 745 οἶνον

2297 795 2383 857 εἰς
2403 790 2476 844 τὰ
2497 789 2819 855 ὑπολήνια,
2847 785 3146 839 πέπαυται
3181 782 3292 852 γάρ

2381 879 2742 935 Ἀναπλάττει
2779 877 3069 947 πρόσωπον
3107 876 3136 928 ὁ
3170 871 3504 944 προφητικδς
3536 873 3668 942 ἡμῖν
3701 871 3882 940 λόγος,

2296 973 2390 1028 ἐπὶ
2416 975 2537 1036 ταῖς
2565 972 2675 1025 τῶν
2704 967 3015 1024 Μωαϐιτῶν
3037 964 3410 1036 δακρυρῤοοῦν
3433 966 3763 1034 συμφοραῖς,
3787 963 3886 1016 καὶ

2294 1065 2435 1134 τάχα
2461 1080 2564 1116 που
2591 1064 2687 1132 τῆς
2719 1060 2902 1131 Ἰαζὴρ
2925 1060 3062 1128 ὑπὲρ
3089 1058 3188 1121 τὰς
3215 1055 3406 1127 ἑτέρας
3436 1053 3884 1126 πεπορθημένηςο

2295 1153 2437 1208 οὓτω
2459 1153 2669 1216 καὶτὰς
2691 1152 2856 1214 άλλας
2879 1147 3342 1220 κατολοφύρεσθαί
3372 1164 3558 1216 φησιν,
3587 1146 3779 1218 ὥσπερ
3817 1146 3887 1199 ἂν

2297 1247 2498 1318 πρέποι
2522 1245 2617 1298 καὶ
2644 1245 2742 1314 τὴν
2779 1242 2982 1314 ἰαζήρ.
3022 1239 3324 1311 Ἀμπέλους
3343 1239 3399 1292 δὲ
3426 1237 3519 1292 καὶ
3547 1237 3740 1308 δένδρα
3759 1235 3889 1299 τοὺς

2296 1335 2642 1399 ἐνοικοῦντας
2675 1337 2793 1397 ταῖς
2822 1333 3044 1386 πόλεσιν
3073 1329 3350 1401 ὀνομάζει.
3387 1327 3807 1400 Ἀπαριθμείται
3829 1327 3889 1380 δὲ

2299 1429 2393 1482 καὶ
2423 1427 2522 1491 τὰς
2555 1425 2978 1497 πεπορθημένας
3000 1424 3098 1495 τῆς
3128 1422 3336 1484 πόλεως
3363 1419 3596 1491 Σαϐαμὰ
3619 1419 3713 1474 καὶ
3732 1418 3890 1472 Ἐσε-

2299 1521 2430 1574 ϐῶν.
2472 1521 2531 1573 Ὀ
2565 1519 2622 1573 δέ
2652 1536 2716 1588 γε
2736 1518 2844 1571 τῶν
2873 1516 3147 1586 πολεμίων
3183 1515 3354 1586 δῆμος
3385 1509 3806 1584 ὲλάλησεν.⁹Επὶ
3823 1502 3904 1576 τῷ

2303 1611 2546 1684 θερισμῷ
2571 1629 2664 1664 σου
2685 1612 2779 1665 καὶ
2794 1611 2886 1663 ἐπὶ
2903 1607 2981 1679 τῷ
2999 1607 3254 1680 τρυγητῷ
3282 1623 3400 1671 σου,
3428 1604 3592 1676 φησίν
3616 1621 3629 1634 '
3654 1603 3886 1672 ὲλάλησε

2299 1703 2356 1757 δὲ
2379 1703 2464 1768 τί;
2491 1702 2584 1768 Τδ,
2608 1701 2995 1771 Καταπατήσω
3015 1699 3278 1769 δηλονότι,
3302 1697 3396 1751 καὶ
3419 1696 3636 1750 ἅπαντα
3657 1693 3890 1748 πεσοῦν-

2297 1813 2409 1850 ται.
2438 1796 2550 1850 Kal
2588 1794 2726 1866 πρὸς
2775 1794 2986 1858 τούτοις
3041 1792 3152 1846 έτιο
3211 1792 3535 1864 ’Δρθήσεται
3574 1788 3888 1861 εὐφροσύνη

616 1897 952 1952 prosequens
1002 1881 1310 1943 daemonas,
1347 1883 1670 1946 pernoctans
1721 1875 1774 1929 in
1831 1875 1964 1937 aris,
2008 1883 2062 1928 et
2097 1889 2197 1927 an-

2304 1887 2398 1942 xal
2427 1885 2742 1957 ἁγαλλίαμα
2763 1887 2828 1939 ὲκ
2853 1884 2962 1938 τῶν
2978 1882 3240 1954 ἀμπέλων
3264 1899 3378 1936 σου·
3407 1884 3436 1935 ὁ
3465 1881 3574 1952 γὰρ
3606 1879 3891 1951 φιλέορτος

615 1951 729 2028 sam
795 1973 992 2028 laetitia:
1051 1971 1276 2034 habens,
1320 1982 1533 2035 semper
1593 1951 2199 2020 sacriﬁcarc.‘Plorabit

619 2075 672 2119 et
709 2064 876 2126 ﬂebit,
924 2062 1180 2130 omnique
1224 2058 1495 2129 voluptate
1590 2058 1778 2128 procul
1829 2059 2026 2112 aberit.
2081 2057 2197 2113 Non

619 2159 768 2212 enim
836 2155 1020 2210 lzetitia
1074 2152 1396 2217 adicientur,
1433 2166 1541 2206 non
1595 2150 1879 2205 calcabunt
1926 2151 2105 2204 vinum
2145 2153 2197 2206 in

621 2246 984 2304 torcularibus
1017 2260 1031 2297 :
1088 2259 1212 2299 nam
1241 2243 1494 2299 cessavit.
1530 2241 1647 2299 Non
1698 2242 1822 2307 erit,
1851 2241 2046 2312 inquit,
2089 2243 2201 2297 fru-

619 2352 742 2394 ctus
788 2338 1026 2403 vitibus;
1058 2336 1311 2407 peribunt
1354 2335 1499 2390 enim
1529 2350 1651 2389 cum
1697 2334 1829 2404 ipsis
1861 2350 1980 2406 quae
2033 2335 2100 2388 ab
2129 2335 2197 2390 iis

621 2441 748 2485 nata
796 2438 945 2484 sunt.
976 2427 1047 2482 Et
1085 2427 1152 2482 de
1208 2426 1424 2490 vitibus,
1446 2425 1492 2480 si
1522 2425 1907 2481 exscindantur
1960 2426 2196 2496 penitus,

621 2535 747 2576 vera
777 2519 892 2574 haec
926 2519 1120 2574 oratio.
1151 2517 1248 2571 Sin
1279 2517 1544 2586 pertineat
1571 2517 1638 2570 ad
1666 2531 1762 2572 nos
1789 2558 1806 2584 ,
1841 2517 1985 2571 velut
2014 2532 2198 2571 exem-

623 2612 692 2680 pli
723 2612 897 2680 gratia
926 2609 993 2664 de
1021 2609 1179 2662 rebus
1210 2607 1490 2670 humanis,
1520 2607 1674 2660 docet
1720 2622 1908 2660 rursus
1946 2609 2032 2662 hic
2082 2621 2197 2660 ser-

624 2717 732 2764 mo,
779 2702 922 2769 quod
973 2714 1094 2754 cum
1161 2696 1506 2768 gignentibus
1563 2711 1626 2750 ea
1680 2712 1800 2766 qua:
1854 2698 2031 2768 genita
2073 2708 2200 2754 sunt.

621 2792 1031 2854 exolescent,ut
1085 2801 1258 2858 neque
1320 2787 1450 2857 ipsis
1497 2789 1898 2857 praegnantibus
1961 2789 2065 2843 ulla
2129 2790 2198 2845 ab

623 2882 866 2936 hostibus
897 2880 1164 2934 tribuatur
1210 2878 1603 2939 misericordia.
1640 2878 1865 2933 Passam
1895 2879 1999 2934 hoc
2030 2880 2198 2937 fuisse

621 2971 915 3028 Jerusalem
975 2973 1204 3026 dicimus
1255 2971 1307 3025 in
1367 2970 1504 3024 bello
1574 2971 1833 3026 adversus
1903 2971 2194 3028 Romanos.

623 3062 882 3117 Servator
951 3062 1205 3116 nimirum
1287 3062 1455 3128 dixit,
1518 3063 1883 3131 praenuntiatus
1948 3080 2013 3119 ea
2078 3081 2198 3133 qua:

623 3153 695 3208 illi
727 3163 990 3208 eventura
1027 3161 1208 3216 erant,
1262 3153 1404 3220 quod
1455 3151 1797 3206 obsideretur
1827 3155 1895 3208 ab
1924 3159 2192 3222 exercitu,

2297 1978 2614 2047 Μωαϐίτης,
2640 1980 2668 2031 ὁ
2697 1976 2956 2040 πλείστας
2986 1979 3098 2038 τοῖς
3124 1973 3376 2043 δαίμοσιν
3411 1971 3688 2033 ἀνατιθεὶς
3731 1970 3889 2023 τελε-

2297 2067 2418 2132 τὰς,
2447 2069 2477 2122 ὁ
2505 2064 2936 2138 διανυκτερεύων
2969 2065 3062 2118 ἐπὶ
3107 2065 3334 2134 βωμοῖς,
3367 2063 3460 2116 καὶ
3490 2060 3767 2132 πρόφασιν
3797 2059 3892 2112 εύ-

2300 2159 2573 2231 φροσύνης
2596 2159 2658 2213 τὸ
2684 2158 2833 2212 θύειν
2863 2159 3004 2229 έχων
3024 2157 3133 2212 άεί.
3170 2153 3515 2226 Κατοιμώξει
3537 2153 3631 2207 καὶ
3663 2151 3894 2208 κλαύσς·

2298 2268 2408 2315 ται,
2447 2250 2543 2304 καὶ
2589 2249 2807 2320 ἁπάσης
2850 2247 3148 2319 θυμηδείας
3192 2245 3348 2298 ἔσται
3399 2244 3640 2315 μακράν.
3671 2243 3746 2296 Ού
3777 2241 3894 2312 γὰρ

2302 2343 2377 2411 μὴ
2407 2340 2902 2413 εὐφρανθήσονται·
2935 2338 3041 2391 οὐδ’
3081 2337 3142 2390 οὐ
3173 2336 3248 2408 μὴ
3281 2336 3630 2406 πατήσουσιν,
3650 2329 3793 2387 οἶνον
3811 2335 3893 2395 είς

2297 2433 2367 2487 τὰ
2387 2433 2671 2505 ὑπολήνια,
2695 2433 2968 2486 πέπαυται
2995 2431 3124 2502 γάρ.
3154 2431 3266 2483 Οὐκ
3288 2427 3461 2490 ἔσται,
3487 2426 3670 2498 φησὶν,
3701 2427 3760 2479 ὲν
3781 2426 3894 2494 άμ-

2300 2524 2482 2588 πέλοις
2508 2524 2721 2596 καρπός
2738 2541 2751 2554 ο
2780 2522 3164 2594 συνοιχήσεται
3188 2520 3298 2591 γὰρ
3318 2519 3508 2583 αὑταῖς
3534 2516 3605 2571 τὰ
3620 2517 3681 2582 ἐξ
3707 2516 3894 2570 αὐτῶν

2297 2620 2614 2690 τικτόμενα.
2651 2618 2760 2672 Kal
2779 2617 2872 2671 ἐπὶ
2897 2618 2994 2686 μὲν
3036 2617 3156 2680 ταῖς
3197 2613 3464 2684 ἀμπέλοις
3512 2613 3562 2665 εί
3603 2611 3895 2665 ὲκκόποιεν

2299 2709 2469 2774 ὅλως,
2518 2707 2724 2780 ἀληθὴς
2769 2709 2952 2761 οὑτοσὶ
3000 2706 3175 2775 λόγος.
3214 2706 3277 2757 El
3323 2704 3381 2756 δὲ
3428 2703 3493 2775 δὴ
3520 2703 3728 2771 γένοιτο
3752 2701 3896 2773 πρὸς

2297 2801 2331 2867 ὴ
2341 2798 2479 2868 μῶν,
2497 2799 2572 2861 ὡς
2591 2799 2650 2851 ὲν
2663 2797 2890 2869 δυνάμει
2907 2795 3370 2868 παραδειγμάτων
3390 2794 3561 2848 ἐπὶτὰ
3575 2791 3898 2864 ἀνθρώπινα

2297 2889 2540 2943 διδάσκει
2571 2889 2732 2943 πάλιν
2765 2892 2794 2944 ὁ
2827 2888 3007 2958 λόγος,
3034 2888 3110 2951 ὡς
3133 2884 3270 2957 ὁμοῦ
3299 2884 3514 2954 γονεῦσι
3543 2883 3612 2938 τὰ
3635 2881 3897 2948 ἐξαύτῶν

2297 2982 2598 3052 οἰχήσεται,
2629 2980 2705 3043 ὡς
2732 2980 2868 3052 μηδὲ
2901 2981 3092 3042 αὐταῖς
3114 2981 3235 3042 ταῖς
3257 2976 3649 3048 κυοφορούσαις
3668 2973 3897 3044 δοθῆναί

2299 3087 2420 3124 τινα
2448 3070 2597 3142 παρὰ
2651 3070 2760 3124 τῶν
2794 3070 3066 3139 πολεμίων
3115 3070 3206 3122 τδν
3253 3068 3422 3124 ἔλεον.
3463 3065 3802 3122 Πεπονθέναι
3838 3065 3900 3120 δὲ

2295 3160 2454 3214 τοῦτο
2482 3161 2622 3214 κατὰ
2644 3161 2740 3232 τὴν
2781 3159 3133 3232 Ἰερουσαλήμ
3172 3176 3352 3230 φαμεν
3392 3159 3448 3212 ὲν
3471 3156 3549 3227 τῷ
3591 3156 3725 3227 πρὸς
3765 3155 3901 3207 Ῥω-

621 3246 994 3313 accideretque
1045 3259 1121 3298 vae
1148 3244 1482 3312 parientibus
1529 3254 1587 3300 et
1617 3253 1829 3300 uterum
1857 3250 2191 3317 gerentibus,

2301 3253 2494 3324 μαίους
2515 3252 2757 3324 πολέμῳ.
2778 3253 2888 3306 Kal
2904 3252 3034 3322 γοῦν
3051 3250 3288 3319 ἔφασκεν
3303 3255 3330 3304 ὁ
3347 3251 3540 3321 Σωτὴρ
3564 3263 3897 3319 προσαπαγ-

623 3335 729 3388 illis
785 3337 974 3390 diebus
1022 3338 1274 3406 magime.

2309 3345 2512 3413 γέλλων
2545 3345 2615 3398 τὰ
2646 3343 3038 3414 συμϐησόμενα
3064 3343 3220 3414 αὐτῇ,
3244 3343 3325 3396 ὃτι
3355 3341 3769 3410 κυκλωθήσεται
3798 3335 3897 3406 μὲν

621 3425 728 3479 ὑπὸ
771 3427 1178 3497 στρατοπέδων·
1231 3431 1568 3503 συμϐήσεται
1608 3434 1666 3486 δὲ
1706 3433 1765 3486 τὸ
1798 3435 1920 3488 ούαὶ
1965 3435 2198 3505 μάλιστα
2237 3442 2353 3505 ταῖς
2415 3437 2729 3503 τικτούσαις
2763 3439 2860 3491 καὶ
2925 3440 3044 3502 ταῖς
3067 3439 3124 3491 ὲν
3158 3437 3353 3508 γαστρὶ
3375 3435 3630 3508 ἐχούσαις
3661 3435 3719 3486 ὲν
3749 3428 3897 3484 ἐκεί-

623 3537 744 3583 ναις
764 3521 884 3585 ταῖς
919 3521 1179 3592 ἡμέραις.

697 3616 830 3671 Vill.
899 3615 985 3668 ll.
1047 3613 1334 3682 Propterea
1397 3628 1571 3671 renter
1634 3634 1779 3672 meus
1830 3636 1986 3688 super
2045 3620 2200 3675 Moab

622 3709 758 3764 velut
780 3708 984 3761 cithara
1033 3708 1261 3774 sonabit,
1300 3717 1348 3760 et
1377 3709 1629 3764 interiora
1679 3726 1794 3764 mea
1832 3711 1972 3765 velut
2019 3729 2202 3768 murus

621 3811 774 3866 quem
807 3798 1090 3850 renavasti.

693 3888 996 3952 Submotis,
1065 3885 1264 3956 inquit,
1334 3889 1532 3957 gaudio
1561 3899 1616 3945 et
1671 3890 1859 3948 laetitia
1911 3895 1979 3949 de
2031 3896 2204 3957 vineis

625 3980 754 4045 tuis,
777 3990 832 4034 et
861 3979 1005 4033 nullo
1037 3980 1090 4033 in
1111 3979 1214 4033 illis
1255 3979 1492 4046 tutante,
1515 3995 1638 4036 cum
1682 3985 1784 4038 hoc
1813 4000 1909 4040 usu
1962 3989 2199 4051 venerit,

624 4073 756 4128 ﬁent
783 4071 1045 4126 interiora
1075 4086 1193 4126 mea
1224 4073 1432 4126 cithara
1462 4082 1515 4132 et
1545 4075 1812 4130 cantilena
1842 4079 2203 4132 etmottnlatio

623 4177 786 4233 super
816 4173 890 4221 te.
930 4162 1042 4218 Tua
1090 4164 1234 4218 enim
1277 4163 1500 4218 enuntio
1559 4165 1720 4233 mala,
1778 4178 1833 4222 et
1885 4171 2203 4237 percelebro

624 4253 882 4308 inﬂiclam
945 4253 1041 4307 tibi
1084 4253 1469 4309 calamitatem.
1514 4254 1582 4309 Et
1608 4257 1752 4310 velut
1798 4259 2009 4313 cithara
2055 4276 2204 4328 quac-

622 4347 746 4401 dam
773 4347 1033 4400 concinna
1091 4350 1374 4414 resonabo,
1410 4357 1465 4402 et
1515 4348 1595 4403 sic
1622 4351 1942 4419 percutiam,
2003 4363 2057 4407 et
2109 4369 2205 4407 ex-

624 4435 858 4490 audibile
888 4436 1081 4491 iaciam
1123 4454 1366 4504 carmen,
1400 4438 1544 4492 velut
1579 4456 1791 4494 murum
1841 4457 2000 4511 quem
2047 4459 2206 4500 reno-

622 4528 782 4582 vasli.
817 4526 960 4582 Dixit
992 4529 1136 4582 enim
1165 4530 1216 4582 in
1256 4531 1521 4600 principio
1567 4533 1790 4587 visionis
1837 4533 2025 4602 beatus
2077 4551 2204 4606 pro-

624 4619 834 4690 pheta:
883 4619 1053 4674 Noctu
1112 4622 1312 4690 peribit
1373 4624 1655 4690 Moabitis;
1707 4633 1864 4678 noctu
1911 4628 2054 4680 enim
2107 4629 2197 4682 de-

622 4720 867 4766 struetur
889 4728 1075 4766 nmrus
1103 4711 1426 4770 Moabitidis.
1462 4715 1593 4770 Cum
1624 4726 1804 4771 autem
1835 4733 1932 4772 nos
1984 4735 2201 4775 sensum

623 4803 814 4857 horum
855 4805 1121 4860 dictorum
1171 4804 1674 4875 interpretarentur,
1713 4808 1970 4876 diximus,
2021 4821 2205 4866 terrae-

2375 3621 2479 3676 Διά
2512 3619 2690 3674 τοῦτο
2717 3621 2755 3688 ἡ
2793 3618 2992 3673 κοιλία
3029 3635 3150 3687 μου
3187 3616 3287 3669 ἐπὶ
3339 3615 3519 3670 Μωὰϐ
3547 3616 3628 3682 ὡς
3680 3617 3902 3688 κιθάρα

2305 3712 2545 3783 ἠχήσει,
2578 3712 2674 3766 καὶ
2707 3711 2779 3765 τὰ
2810 3711 2983 3776 ἐντός
3007 3727 3126 3778 μου
3153 3709 3236 3774 ὡς
3277 3705 3492 3775 τεῖχος,
3523 3706 3554 3760 ὃ
3597 3707 3901 3762 ἐνεκαίνι-

2303 3823 2440 3872 σας.

2387 3897 2596 3968 Ἀφῃρη
2605 3895 2804 3965 μένων,
2829 3893 3012 3963 φησὶν,
3041 3892 3448 3963 ἁγαλλιάματός
3471 3909 3527 3946 τε
3559 3894 3652 3945 καὶ
3691 3893 3902 3964 εὖφροο

2305 3988 2470 4059 σύνης
2497 3989 2562 4040 ὲκ
2589 3986 2696 4039 τῶν
2720 3986 2984 4057 ἀμπέλων
3011 4002 3127 4051 σου,
3158 3987 3251 4038 καὶ
3271 3985 3482 4048 οὐδενὸς
3510 3987 3568 4038 ὲν
3590 3986 3778 4049 αὐτοῖς
3811 3985 3904 4038 εύ-

2305 4078 2749 4151 φρανθησομένου
2775 4118 2790 4142 ,
2836 4076 3246 4148 συμϐεϐηκότος
3275 4077 3332 4130 δὲ
3381 4076 3573 4130 τούτου
3609 4079 3905 4143 κάκείνου,

2303 4173 2590 4240 γενήσεται
2617 4169 2686 4223 τὰ
2719 4168 2869 4232 ὲντὸς
2905 4187 3005 4240 μου
3031 4169 3124 4222 καὶ
3144 4168 3344 4240 κιθάρα
3366 4169 3458 4223 καὶ
3478 4169 3589 4239 ᾠδὴ
3616 4160 3711 4223 καὶ
3734 4169 3908 4240 μέλος

2305 4264 2396 4316 ὲπί
2420 4280 2524 4316 σοι.
2551 4261 2632 4315 Τὰ
2659 4261 2728 4316 σά
2754 4261 2862 4332 γὰρ
2896 4259 3208 4329 ἐξαγγέλλω
3251 4259 3424 4330 πάθη,
3474 4263 3567 4312 καὶ
3605 4259 3911 4331 διαϐόητον

2303 4354 2589 4425 ἀποφαίνω
2607 4353 2704 4425 τὴν
2721 4351 3102 4422 ὲπενεχθεῖσάν
3133 4367 3214 4402 σοι
3239 4350 3548 4421 συμφορὰν.
3570 4350 3679 4403 Kal
3698 4349 3910 4421 ὥσπερ

2304 4464 2387 4507 τις
2410 4445 2680 4518 εὔρυθμος
2701 4443 2989 4514 άναϐοήσω
3013 4442 3169 4514 λύρα,
3195 4443 3603 4512 κατακτυπήσω
3617 4441 3674 4494 δὲ
3695 4441 3912 4506 οὕτως,

2306 4539 2398 4592 καὶ
2426 4539 2748 4604 ἐξάκουστον
2776 4538 3084 4608 ἐργάσομαι
3108 4535 3208 4606 τὴν
3229 4535 3394 4607 ᾠδὴν,
3430 4534 3506 4599 ὡς
3527 4536 3705 4604 τεῖχος
3736 4535 3770 4588 ὃ
3790 4538 3916 4588 ἐνε-

2306 4630 2576 4694 καίνισας.
2603 4632 2744 4700 Ἔφη
2770 4630 2870 4700 μὲν
2905 4629 3011 4700 γὰρ
3041 4631 3097 4682 ὲν
3118 4629 3314 4700 ἀρχαῖς
3338 4628 3437 4694 τῆς
3459 4627 3703 4697 ὁράσεως
3734 4629 3768 4680 ὁ
3799 4645 3917 4698 μα-

2311 4724 2500 4792 κάριος
2552 4723 2869 4793 προφήτης’
2911 4721 3121 4784 Νυκτὸς
3172 4720 3451 4776 ἀπολεῖται
3503 4721 3535 4790 ἠ
3577 4719 3916 4784 Μωαϐῖτις·

2307 4812 2501 4875 νυκτὸς
2517 4811 2626 4882 γὰρ
2653 4811 2931 4866 ἀπολεῖται
2951 4811 3011 4864 τὸ
3033 4813 3210 4880 τεῖχος
3234 4813 3333 4881 τῆς
3355 4809 3723 4874 Μωαϐίτιδος.
3745 4815 3921 4883 Ausp-

624 4907 771 4950 mntu
797 4896 961 4962 l‘acto,
990 4915 1202 4953 murum
1268 4900 1573 4972 disruptum
1631 4901 1800 4957 fuisse
1867 4902 2197 4970 Moabitidis,

2309 4902 2634 4974 μηνεύοντες
2647 4902 2703 4955 δὲ
2729 4904 2889 4974 ἡμεῖς
2912 4902 3020 4955 τῶν
3053 4902 3359 4972 εἰρημένων
3385 4902 3482 4974 τὴν
3509 4901 3773 4970 δύναμιν,
3793 4903 3920 4954 ἐλέ-

623 4997 680 5042 et
711 4997 838 5044 ante
866 4989 1098 5046 hostium
1131 4990 1459 5062 conﬂictum,
1509 5004 1716 5050 tantum
1748 5011 1854 5050 non
1908 4997 1974 5052 de
2007 4996 2202 5050 fumla-

625 5080 825 5134 mentis
860 5090 1214 5149 commotum,
1239 5099 1302 5138 ac
1326 5082 1666 5138 Moabiticatn
1728 5085 2003 5155 regionem
2048 5086 2203 5155 quasi

626 5173 827 5227 tonitru
879 5173 1346 5242 perterrefecisse.
1415 5175 1584 5242 Quem
1651 5179 1813 5230 etiam
1880 5177 2203 5243 refecerunt,

623 5265 716 5318 sed
749 5265 963 5319 irritum
990 5266 1145 5336 plane
1160 5266 1396 5320 laborem
1425 5268 1478 5320 in
1518 5269 1616 5322 hoc
1637 5269 1802 5339 260
1847 5271 2201 5322 insmnentes.

2302 5011 2504 5066 γομεν,
2547 4995 2628 5048 ὅτι
2673 4993 2898 5064 σεισμοῦ
2941 4994 3246 5062 γεγονότος,
3293 4992 3356 5046 τὸ
3389 4995 3488 5064 τῆς
3548 4993 3921 5059 Μωαϐίτιδος

2303 5087 2628 5158 κατηῤῥάγη
2663 5088 2861 5157 τεῖχος,
2905 5086 3000 5138 καὶ
3030 5085 3135 5156 προ
3165 5085 3264 5155 τῆς
3292 5084 3398 5138 τῶν
3429 5085 3709 5154 πολεμίων
3744 5085 3922 5138 ἐκϐοο

2302 5179 2399 5250 λῆς
2424 5179 2704 5250 μονονουχὶ
2733 5178 2826 5230 xal
2853 5178 2917 5230 ὲκ
2935 5178 3150 5248 βάθρων
3172 5176 3572 5247 ἀναμοχλευθὲν
3595 5177 3923 5246 κατεϐρόν-

2302 5289 2434 5342 τησε
2463 5273 2564 5340 τῆς
2589 5269 2915 5332 Μωαϐιτῶν,
2942 5270 2970 5322 ὃ
3101 5271 3194 5323 καὶ
3225 5269 3594 5330 άνεκαίνισαν,
3631 5269 3922 5338 ἀνόνητον

623 5355 894 5427 Ceperunt
919 5374 1150 5428 namque
1172 5359 1329 5414 facile
1353 5361 1485 5414 citra
1507 5361 1763 5416 laborem
1781 5376 1994 5417 onmem
2013 5372 2198 5417 terratr

2300 5363 2578 5427 παντελῶς
2601 5362 2692 5416 τὸν
2715 5362 2805 5414 ἐπί
2822 5377 2886 5430 γε
2907 5361 3081 5431 τούτῳ
3100 5361 3508 5430 δαπανήσαντες
3528 5359 3718 5412 πόνον.
3747 5355 3925 5414 Εἷλον

622 5452 834 5523 Assyrii
913 5461 970 5507 et.
1025 5453 1324 5526 Babylonii.
1392 5454 1678 5509 Sonabunt
1723 5456 1887 5524 igitur
1944 5455 2198 5509 interiora

2302 5457 2410 5526 γὰρ
2439 5455 2676 5526 ἀμογητὶ
2707 5453 2806 5524 τὴν
2833 5452 3123 5523 σύμπασαν
3145 5453 3249 5521 γῆν
3279 5449 3554 5521 Ἀσσύριοι
3578 5453 3773 5504 τεκαὶ
3805 5453 3925 5504 Ba-

624 5562 764 5608 mea,
800 5547 992 5617 inquit,
1049 5549 1101 5602 in
1155 5549 1262 5604 tuis
1317 5550 1722 5604 calamitatibus
1763 5549 1918 5618 quasi
1973 5550 2198 5613 cithara,

2305 5546 2575 5600 ϐυλώνιοι.
2617 5546 2842 5615 Ὴχήσει
2889 5545 3068 5598 τοίνυν
3105 5543 3176 5595 τὰ
3213 5541 3364 5604 ἐντός
3394 5558 3519 5610 μου,
3559 5541 3762 5609 φησὶν,
3827 5541 3928 5594 ἐπὶ

623 5645 678 5688 et
714 5635 917 5690 luctum
976 5641 1108 5693 adeo
1164 5640 1430 5695 celebrem
1485 5643 1688 5696 edam:
1745 5643 2198 5710 quemadmodum

2304 5639 2427 5700 ταῖς
2453 5639 2570 5699 σαῖς
2593 5654 2654 5689 συ
2664 5639 2904 5708 μφοραῖς»
2919 5635 2996 5698 ὡς
3026 5633 3245 5703 κιθάρα,
3270 5632 3362 5685 καὶ
3395 5631 3682 5701 διαϐόητον
3726 5632 3928 5695 οὕτως

623 5725 832 5779 scilicet
865 5741 1080 5790 murus,
1111 5730 1202 5797 qui
1257 5728 1497 5796 dejeclus
1572 5743 1676 5796 est,
1738 5747 1897 5800 quem
1968 5730 2198 5784 refecisti

2306 5731 2366 5783 τὸ
2397 5731 2487 5783 σὺν
2515 5729 2816 5800 ἐργάσομαι
2835 5726 3003 5789 πάθος
3027 5743 3041 5756 ’
3068 5723 3320 5793 καθάπερ
3342 5722 3534 5792 ἀμέλει
3556 5721 3613 5773 τὸ
3636 5720 3747 5773 σὺν
3775 5738 3928 5775 κατ-

623 5815 862 5887 quidem,
906 5831 1089 5872 verum
1144 5819 1429 5877 inutiliter.
1497 5821 1705 5878 Etenim
1775 5834 2062 5880 corruente
2112 5839 2198 5879 sua

2310 5820 2508 5894 ηνὲχθη
2543 5822 2739 5890 τεῖχος,
2779 5819 2807 5872 δ
2847 5817 3188 5880 ὲνεκαὶνισας
3241 5814 3358 5885 μὲν,
3402 5812 3541 5883 πλὴν
3592 5811 3685 5864 ἐπ’
3727 5814 3934 5868 οὐδενὶ
