4158 6302
269 338 369 395 H7

1404 325 1467 380 IN
1507 325 1742 380 ISAIAM
1783 325 1912 381 LIB.
1953 325 2019 382 II.
2061 321 2298 382 TOMUS
2335 322 2424 378 III.

3427 327 3536 384 418

269 453 374 505 τῶν
397 447 707 522 χρησίμων.
745 441 1102 503 Πεπτωκότος
1129 440 1238 511 γὰρ
1260 440 1586 511 αὐτομάτως
1609 441 1704 494 τοῦ
1737 443 1850 496 τεί-

1958 449 2150 506 sponte
2201 453 2376 505 muro,
2439 450 2600 493 nemo
2657 445 2777 492 erat
2811 437 2897 494 vel
2952 437 3005 492 in
3055 445 3164 492 tota
3215 435 3532 504 Moabitide,

267 558 414 612 κους,
447 538 642 593 οὐδένα
664 537 774 589 τῶν
803 535 945 588 κατὰ
961 534 1159 586 -πᾶσαν
1203 532 1304 603 τήν
1332 530 1659 593 Μωαϐιτῶν,
1687 533 1856 603 ήγουν

269 634 360 686 καὶ
386 631 608 700 ἑτέραις
650 629 818 681 όντων
858 623 1048 678 πόλεσί
1074 639 1133 675 τε
1182 622 1278 676 καὶ
1316 621 1522 692 χώραις
1558 621 1744 676 ἔλαθεν
1793 624 1856 677 τὸ

272 740 334 776 συ
341 721 642 793 μϐεϐηκός.

337 813 449 868 Kal
486 816 660 868 ἔσται
684 811 754 865 ἐν
781 809 862 877 τῷ
892 804 1264 876 ἐνί-τραπῆναί
1298 821 1394 868 σε,
1435 805 1524 858 ὅτι
1565 805 1856 859 ἐκοπίασε

269 903 448 958 Μωὰϐ
489 901 590 955 ἐπὶ
641 900 765 965 τοῖς
785 896 1036 968 βωμοῖς,
1075 895 1173 950 καί
1219 895 1635 949 εἰσελεύσεται
1665 897 1753 962 είς
1781 893 1856 950 τὰ

273 992 653 1064 χειροποίητα
698 987 905 1055 αὐτῆς,
939 986 1095 1040 ὥστε
1145 984 1620 1054 προσεύξασθαι,
1643 984 1744 1038 καὶ
1780 987 1854 1040 οὐ

265 1085 349 1154 μὴ
373 1084 633 1150 δύνηται
661 1079 980 1146 ἐξελέσθαι
1012 1079 1218 1131 αὐτόν.

340 1175 452 1231 Καὶ
481 1176 536 1229 τὶ
565 1173 700 1244 πρὸς
721 1173 916 1242 τούτῳ,
947 1170 1102 1242 φησὶ,
1133 1168 1470 1240 συμϐήσεται
1501 1167 1683 1232 πάλιν,
1716 1167 1853 1239 ὅπερ

275 1287 353 1322 σοι
376 1268 666 1337 γενήσεται
697 1263 832 1335 πρὸς
854 1262 1118 1333 αἰσχύνης
1144 1263 1241 1314 καὶ
1259 1262 1523 1332 ἐντροπῆς
1543 1275 1556 1290 ·
1589 1258 1852 1331 ματαίους

274 1360 377 1432 γὰρ
392 1357 716 1426 άνατλήσεις
733 1354 950 1418 πόνους,
969 1353 1323 1424 ἁναπιμπλάς
1343 1352 1442 1424 μὲν
1456 1351 1706 1422 αἱμάτων
1723 1351 1853 1415 τοὺς

275 1453 420 1524 παρὰ
445 1452 529 1504 σοὶ
555 1448 795 1520 βωμοὺς,
817 1446 914 1501 καὶ
947 1445 1358 1516 άκαταλήκτους
1396 1444 1715 1516 ποιούμενος
1751 1447 1851 1508 τὰς

275 1545 482 1609 θυσίας,
504 1542 599 1597 καὶ
611 1541 766 1604 λιτὰς
788 1539 1083 1610 προσάγων
1101 1541 1215 1601 τοῖς
1234 1538 1648 1608 χειροποιήτοις.
1673 1533 1850 1606 Τεύξῃ

271 1651 328 1688 τε
366 1633 579 1696 οὐδενὸς
617 1630 726 1684 τῶν
757 1630 836 1693 είς
877 1628 1061 1698 δνησίν
1089 1645 1149 1682 τε
1183 1629 1278 1680 καὶ
1301 1627 1595 1697 σωτηρίαν.
1643 1626 1718 1679 Οὐ
1741 1625 1852 1696 γάρ

276 1742 332 1778 σε
364 1725 682 1794 δυνήσονται
716 1721 822 1774 τῶν
861 1721 1257 1791 ἐπηρτημένων
1300 1717 1610 1782 ἀπαλλάξαι
1641 1716 1848 1770 κακῶν.

1957 532 2040 587 vel
2087 531 2250 586 etiam
2303 529 2356 585 in
2403 528 2526 584 aliis
2579 530 2804 584 urbibus
2879 545 2944 584 ac
2993 529 3310 600 provinciis,
3373 545 3534 600 quem

1958 623 2164 680 latebat
2193 622 2334 692 quod
2351 621 2672 676 ‘acciderat.

2025 799 2192 856 Vens.
2218 799 2306 854 12.
2365 798 2433 852 Et
2466 801 2563 852 erit
2615 800 2709 854 tibi
2753 800 2999 856 dedecori
3037 818 3100 856 ac
3139 803 3354 872 pudori,
3398 805 3537 873 quod

1954 893 2268 947 iaboraeerit
2302 889 2460 944 Moab
2505 906 2662 958 super
2707 893 2835 957 aris,
2870 903 2919 946 et
2972 895 3294 963 ingredietur
3333 897 3390 949 in
3426 912 3541 950 ma-

1965 984 2183 1052 nufacta
2210 1001 2308 1038 sua
2338 984 2407 1036 ad
2423 983 2844 1054 supplicandum,
2879 996 2925 1038 et
2949 1003 3052 1040 non
3078 997 3322 1056 poterunt
3337 989 3541 1059 eripere

1953 1092 2090 1130 eam.

2025 1169 2234 1225 Rursus
2285 1167 2562 1238 continget
2626 1178 2680 1222 et
2736 1169 2878 1224 aliud
2937 1171 3190 1239 quiddam
3255 1181 3535 1242 praeterea.

1953 1260 2097 1330 quod
2154 1259 2248 1314 tibi
2295 1261 2486 1328 pudori
2535 1261 2636 1314 erit
2665 1269 2721 1315 et
2791 1261 3123 1331 ignominiae.
3177 1263 3538 1321 Frustraneos

1951 1353 2098 1407 enim
2131 1350 2349 1406 labores
2398 1351 2728 1417 exantlabis,
2794 1353 3153 1422 sanguinibus
3209 1355 3399 1410 altaria
3445 1365 3536 1412 tua

1954 1442 2228 1513 replendo.
2279 1451 2336 1498 et
2381 1440 2541 1513 iuges
2620 1444 3050 1500 sacrillcationes
3135 1443 3408 1511 faciendo,
3481 1456 3540 1502 et

1953 1534 2276 1591 manufactis
2297 1535 2713 1605 supplicationes
2737 1533 3010 1592 offerendo
3032 1554 3046 1592 :
3070 1537 3418 1606 consequeris
3442 1551 3540 1592 au-

1954 1635 2062 1682 tem
2094 1627 2227 1680 nihil
2259 1628 2400 1696 quod
2425 1627 2490 1682 ad
2517 1628 2858 1683 commodum
2895 1627 3192 1683 salutemve
3227 1628 3536 1697 pertineat:

1954 1730 2061 1771 non
2077 1716 2221 1771 enim
2238 1717 2310 1770 ab
2324 1724 2376 1770 te
2388 1715 2821 1784 impendentibus
2839 1716 2992 1771 malis
3007 1725 3261 1786 poterunt
3278 1717 3532 1774 liberare.

272 1816 405 1869 Ποία
421 1814 530 1886 γὰρ
551 1815 700 1884 ἰσχὺς
725 1814 782 1865 ἐν
798 1811 1033 1873 εἰδώλοις
1049 1809 1297 1880 ἀψύχοις,
1317 1808 1354 1862 ἃ
1374 1810 1472 1862 καὶ
1492 1808 1690 1879 τέχνης
1704 1808 1852 1860 ἐστὶν

1958 1808 2114 1864 ldolis
2134 1807 2276 1861 enim
2319 1807 2570 1862 inanimis
2600 1808 2728 1876 quid
2769 1807 2986 1862 tandem
3014 1807 3155 1863 inest
3176 1805 3540 1872 fortitudinis?

273 1904 620 1977 ἀνθρωπίνης
646 1903 956 1974 εὑρήματα,
988 1900 1081 1953 καὶ
1116 1899 1478 1971 δημιουργοὺς
1513 1898 1698 1968 ἔχουσι
1725 1897 1853 1960 τοὺς

273 1993 706 2068 προσκυνοῦντας
734 1990 894 2051 abaci;
923 1988 1130 2044 Οὐκοῦν
1151 1987 1294 2042 καθά
1322 2003 1487 2058 φησιν
1526 1987 1555 2038 ό
1584 1985 1854 2056 μακάριος

271 2088 454 2143 Δαϐίδο
482 2083 700 2157 Ὅμοιοι
720 2083 902 2146 αὐτοῖς
924 2082 1188 2150 γένωνται
1209 2081 1258 2133 oi
1280 2080 1557 2142 ποιοῦντες
1572 2079 1734 2146 αὐτὰ,
1758 2076 1856 2131 καὶ

273 2180 471 2241 πάντες
491 2179 541 2230 oi
569 2173 884 2236 πεποιθότες
909 2173 997 2224 ἐπ’
1026 2172 1226 2236 αὐτοῖς.
1247 2171 1442 2224 ’ἰστέον
1469 2169 1546 2237 δὲ,
1575 2171 1656 2223 ὅτι
1687 2169 1856 2222 δεισιο

270 2267 676 2340 δαιμονέστεροι
698 2265 819 2318 λίαν
843 2263 892 2316 oi.
914 2263 1203 2317 Μωαϐῖται
1222 2261 1532 2330 γεγόνασιν,
1567 2262 1856 2314 οἰωνοσκο-

273 2361 360 2414 ποί
400 2376 462 2413 τε
490 2358 585 2412 καὶ
620 2354 1034 2425 ψευδομάντεις,
1060 2353 1154 2406 καὶ
1178 2353 1546 2422 τερατολόγοι,
1585 2351 1682 2404 καὶ
1717 2348 1853 2403 πολὺ

270 2451 387 2504 λίαν
419 2449 894 2520 ἐπιθαρσήσαντες
921 2448 1031 2507 τοῖς
1055 2446 1120 2496 ἐκ
1154 2443 1407 2514 γοητείας
1435 2445 1646 2504 κακοῖς.
1668 2442 1858 2512 ᾯοντο

268 2542 376 2611 γὰρ
394 2542 526 2602 ἴσως
547 2555 712 2591 κατευ
721 2535 1042 2608 μεγεθήσειν
1063 2533 1322 2587 δύνασθαι
1343 2534 1439 2604 τῆς
1461 2533 1569 2586 τῶν
1585 2533 1859 2603 πολεμίων

269 2630 476 2702 χειρὸς,
506 2630 568 2680 οὐ
597 2627 874 2691 τοσοῦτον,
908 2624 984 2688 ὥς
1009 2642 1074 2694 γε
1103 2620 1278 2696 οἶμαι,
1308 2627 1426 2688 ταῖς
1455 2624 1564 2677 τῶν
1589 2624 1859 2678 τακτικῶν

272 2720 632 2794 ἐμπειρίαις,
683 2719 808 2772 ὅσον
836 2720 958 2780 ταῖς
1001 2714 1343 2786 ἐπικουρίαις
1384 2715 1491 2769 τῶν
1532 2716 1680 2784 παρά
1705 2716 1855 2784 σφίσι

275 2811 439 2864 θεῶν.
468 2809 606 2863 Ἀλλ’
642 2811 1000 2881 ἡμαρτήκασι
1049 2808 1152 2880 τῆς
1201 2809 1434 2874 ἐλπίδος,
1481 2809 1684 2880 ἄψυχον
1721 2808 1856 2880 ὓλην

277 2903 368 2957 διὰ
401 2902 603 2956 θυσιῶν
630 2920 690 2955 τε
717 2903 811 2956 καὶ
838 2902 989 2972 λιτῆς
1017 2901 1344 2964 καλέσαντες
1373 2904 1453 2965 είς
1474 2901 1815 2972 ἐπικουρίαν.

355 2991 536 3048 Τοῦτο
578 2993 645 3046 τὸ
685 2993 854 3063 ῥῆμα
897 2994 928 3046 ὃ
981 2993 1249 3061 ἐλάλησα
1290 2993 1504 3060 Κύριος
1542 2992 1642 3046 ἐπὶ
1677 2992 1860 3047 Μωὰό

272 3085 460 3137 ὁπότε
487 3084 584 3136 καί
630 3083 957 3150 ἐλάλησεν.

1957 1916 2077 1970 qua:
2113 1911 2168 1955 et
2207 1900 2454 1955 humana:
2515 1899 2652 1952 artis
2708 1899 2924 1954 inventa
2996 1908 3142 1966 sunt,
3183 1907 3238 1953 et
3294 1899 3538 1954 artifices

1957 1991 2156 2046 habent
2185 1992 2274 2060 qui
2306 2006 2367 2046 ea
2391 1992 2637 2046 adorant.
2673 1990 2858 2060 Itaque
2913 1991 3052 2046 sicut
3115 1990 3308 2046 beatus
3366 1989 3538 2045 David

1957 2085 2036 2138 ait
2077 2099 2093 2137 :
2136 2082 2354 2137 Similes
2408 2081 2511 2137 illis
2537 2081 2666 2136 ﬁant
2729 2082 2819 2152 qui
2853 2082 3058 2138 faciunt
3086 2097 3173 2147 ea,
3224 2090 3282 2136 et
3337 2096 3536 2138 omnes

1956 2175 2048 2245 qui
2111 2173 2281 2228 ﬁdunt
2331 2174 2382 2228 in
2435 2173 2624 2229 illis”.
2665 2173 2954 2230 Sciendum
3011 2183 3213 2240 autem,
3259 2173 3538 2229 exstitisse

1957 2266 2224 2322 Moabitas
2258 2265 2844 2334 superstitiosissimos,
2875 2274 2928 2319 et
2991 2279 3224 2335 augures
3264 2275 3320 2321 et
3365 2280 3537 2321 vanos

1954 2367 2130 2426 vates,
2189 2366 2245 2412 et
2307 2357 2694 2412 miraculorum
2765 2356 3086 2425 jactatores,
3143 2364 3200 2411 et
3241 2356 3536 2426 praestigiis

1957 2452 2246 2523 plurimum
2273 2449 2528 2506 conlisos.
2563 2447 2957 2503 Existimabam
2999 2448 3143 2502 enim
3187 2461 3249 2502 se
3297 2447 3535 2502 hostium

1957 2558 2178 2599 manum
2213 2545 2541 2604 devicturos,
2569 2555 2674 2594 non
2706 2550 2841 2603 tam,
2867 2548 2926 2594 ut
2949 2553 3050 2609 ego
3073 2537 3292 2608 quidem
3317 2553 3534 2604 censeo,

1958 2652 2056 2692 usu
2104 2636 2405 2708 peritiaque
2455 2647 2755 2699 armorum,
2799 2647 2959 2702 quam
3022 2632 3263 2701 ipsorum
3309 2632 3534 2687 deorum

1957 2728 2320 2784 adminiculis.
2346 2726 2541 2782 Verum
2595 2740 2690 2796 spe
2741 2723 2985 2779 frustrati
3021 2731 3168 2790 sunt,
3225 2725 3317 2795 qui
3351 2723 3536 2779 inani-

1959 2835 2102 2875 mam
2133 2819 2414 2875 materiam
2456 2817 2742 2874 sacriﬁciis
2776 2817 3132 2888 precibusque
3163 2816 3217 2871 in
3273 2816 3535 2871 auxilium

1957 2926 2088 2966 tmen
2098 2919 2240 2965 runt.

2031 3003 2146 3058 Hoc
2190 3011 2267 3056 est
2301 3002 2512 3055 verbum
2568 3000 2709 3071 quod
2745 2999 2950 3055 locutus
2991 3009 3066 3054 est
3092 2999 3348 3054 Dominus
3378 3013 3537 3070 super

1966 3091 2138 3156 Moab,
2171 3091 2375 3160 quando
2399 3099 2447 3142 et
2474 3089 2678 3142 locutus
2705 3098 2802 3144 est.

340 3174 516 3244 Αὕτη,
541 3175 727 3244 φησὶν,
757 3146 1027 3245 ήίὄρασις,
1059 3176 1092 3244 ή
1114 3174 1259 3228 κατὰ
1284 3175 1385 3243 τῆς
1426 3175 1730 3230 Μωαϐιτῶν
1755 3173 1852 3227 λα-

2031 3183 2174 3247 Haec,
2201 3183 2396 3250 inquit,
2437 3181 2574 3236 visio
2643 3187 2727 3234 est
2755 3187 2942 3232 contra
2996 3177 3337 3233 Moabiticam
3389 3175 3536 3231 dicta

268 3266 496 3336 ληθεῖσα
520 3265 674 3335 παρὰ
705 3265 840 3319 Θεοῦ
869 3283 880 3294 ·
905 3266 1066 3319 ὁπότε
1101 3268 1193 3320 καὶ
1227 3265 1474 3336 ἐλάλησε,
1515 3265 1660 3320 τοῦτ’
1683 3265 1852 3329 ἔστιν,

269 3364 320 3416 ει
347 3363 442 3415 καὶ
471 3363 598 3432 πρὶν
637 3360 764 3423 τοὺς
808 3361 876 3413 δι’
908 3359 1041 3431 ἐμοῦ
1083 3359 1340 3429 γενέσθαι
1372 3360 1582 3428 λόγους,
1627 3359 1856 3413 πλεῖστά

269 3472 330 3508 τε
355 3457 455 3508 ὅσα
482 3453 745 3522 λελάληκε
788 3453 917 3524 περὶ
941 3452 1135 3523 αὐτῆς,
1178 3453 1274 3506 καὶ
1304 3452 1398 3504 ἐπὶ
1437 3451 1652 3522 μυρίοις
1683 3450 1856 3521 αὐτὴν

271 3546 570 3617 κατῃτιᾶτο
611 3545 820 3606 κακοῖς.
883 3544 970 3605 Ὦς
1003 3543 1114 3615 γὰρ
1143 3543 1280 3612 ἔφην
1324 3543 1557 3612 φθάσας,
1586 3543 1680 3596 καὶ
1709 3543 1739 3594 δ
1767 3542 1855 3598 θε-

271 3637 498 3699 σπέσιος
526 3633 734 3702 Μωσῆς
763 3635 860 3704 τῆς
897 3633 991 3687 τοῦ
1021 3634 1208 3696 ἐθνους
1229 3633 1592 3705 διαμέμνηται
1632 3633 1856 3705 δυστρό-

270 3729 426 3789 πίας,
456 3727 550 3780 καὶ
577 3727 635 3778 ἐν
666 3728 777 3788 τοῖς
791 3726 871 3778 ὃτι
905 3725 1139 3794 μάλιστα
1157 3725 1654 3795 κατεστυγημένοις
1683 3725 1856 3778 ποιεί-

271 3814 400 3870 σθαι
430 3816 816 3884 προστέταχεν.
847 3814 992 3882 Ἔφη
1019 3813 1150 3882 γοῦν
1169 3829 1183 3843 ⁶
1212 3815 1326 3866 Οὐκ
1343 3814 1704 3868 εἰσελεύσεται
1721 3814 1855 3884 Ἀμ-

273 3906 510 3978 μανίτης
546 3905 640 3958 καὶ
684 3904 977 3975 Μωαϐίτης
1030 3905 1110 3968 είς
1142 3904 1438 3974 ἐκκλησίαν
1477 3905 1720 3976 Κυρίου,
1763 3905 1858 3958 καὶ

268 4001 376 4063 ἓως
414 3999 647 4068 δεκάτης
695 3998 906 4064 γενεᾶς.
958 3995 1289 4065 Ἀπεκόμισέ
1325 4012 1455 4049 ποτε
1490 3996 1584 4049 καὶ
1624 3995 1714 4049 τὸν
1753 3996 1855 4048 Ἰσ-

272 4091 416 4163 ραὴλ
447 4091 548 4160 τῆς
575 4091 653 4152 εἰς
679 4087 812 4141 Θεὸν
842 4088 1085 4158 ἀγάπης,
1118 4089 1212 4141 καὶ
1249 4091 1574 4160 προσκυνεῖν
1603 4087 1859 4141 ἀνέπεισε

270 4184 352 4254 τῷ
373 4181 719 4253 Βεελφεγὼρ,
748 4182 869 4244 ταῖς
912 4181 994 4243 είς
1016 4181 1347 4252 αἰσχρότητα
1373 4179 1706 4252 τεθηγμένον
1737 4181 1860 4251 ήδο-

270 4277 414 4337 ναῖς,
450 4272 545 4326 καὶ
583 4271 822 4340 γυναίων
868 4269 1038 4342 ὥραις
1076 4271 1543 4342 σεσαγηνευμένον
1585 4271 1664 4333 είς
1704 4269 1860 4323 ἀπώ-

273 4363 445 4418 λειαν.
487 4361 696 4416 Οὐκοῦν
725 4361 989 4432 λελάληκε
1029 4361 1128 4432 μιν
1168 4363 1295 4432 περὶ
1327 4360 1500 4430 αὐτῆς
1527 4360 1555 4412 ό
1584 4359 1693 4413 τῶν
1724 4359 1860 4414 ὅλων

278 4455 432 4520 Θεός.
479 4454 590 4507 Καὶ
634 4453 729 4507 νῦν
754 4453 810 4508 δὲ
839 4454 906 4507 δι’
930 4453 1064 4524 ἐμοῦ
1111 4452 1270 4507 τοῦτο
1309 4451 1534 4522 γέγονεν
1575 4451 1663 4504 ἐπ’
1691 4452 1860 4522 αὐτῆς

278 4546 340 4600 τὸ
370 4547 548 4618 ῥῆμα,
584 4546 772 4616 φησίν.

348 4639 459 4691 Kal
503 4637 621 4689 νῦν
663 4634 852 4704 λέγω,
881 4634 955 4688 ἐν
989 4633 1190 4702 τρισίν
1219 4632 1425 4686 ἐτεσιν
1453 4631 1604 4685 ἑτῶν
1636 4635 1863 4700 μισθω-

279 4726 386 4780 τοῦ
441 4724 914 4794 ἀτιμασθήσεται
952 4726 991 4793 ή
1038 4722 1190 4788 δόξα
1245 4723 1460 4788 Μωὰϐ,
1509 4722 1632 4777 σὺν
1682 4723 1862 4777 παντί

280 4815 359 4882 τῷ
392 4817 645 4879 πλούτῳ
671 4815 753 4881 τῷ
775 4814 1002 4880 πολλῷ,
1032 4815 1133 4869 καὶ
1174 4815 1715 4885 καταλειφθήσεται
1741 4817 1864 4870 ὀλι-

281 4906 500 4975 γοστὸς
543 4907 640 4961 καί
678 4909 790 4960 οὐκ
822 4905 1082 4975 ἔντιμος.

350 5000 444 5063 Εἰς
490 4999 800 5076 ἀνάμνησιν
848 4998 1086 5070 ἱστορίας
1132 4999 1283 5070 ἡμᾶς
1315 4999 1410 5053 καὶ⁴
1459 4998 1553 5054 νῦν
1579 5001 1609 5054 ὁ
1649 5017 1863 5072 προφη-

280 5089 426 5153 τικὸς
476 5088 804 5159 ἀποκομίζει
858 5089 1031 5158 λόγος.
1085 5091 1546 5162 Ἀποφοιτήσασαι
1589 5091 1702 5162 γὰρ
1751 5091 1861 5144 τῶν

293 5181 678 5253 Ἰεροσολύμων
709 5182 840 5235 δέκα
867 5181 961 5234 τοῦ
997 5181 1210 5253 Ἰσραὴλ
1244 5182 1426 5250 φυλαὶ,
1470 5183 1563 5236 καὶ
1599 5183 1661 5235 τὸ
1689 5184 1860 5253 ἥμισυ

283 5274 450 5345 φυλῆς
483 5273 743 5347 Ἐφραῒμ,
769 5274 1154 5344 κατῳκήκασιν
1180 5275 1238 5326 ἐν
1261 5277 1327 5344 τῇ
1361 5274 1676 5346 Σαμαρείᾳο
1709 5292 1872 5347 προσ-

282 5366 614 5434 κεκυνήκασι
662 5363 721 5417 δὲ
771 5366 892 5428 ταῖς
935 5367 1198 5435 χρυσαῖς⁸
1253 5363 1485 5426 ἐνιέντος
1535 5364 1735 5428 αὐτοὺς
1791 5367 1888 5428 είς,

281 5456 465 5523 τοῦτο,
513 5458 610 5512 καὶ
656 5456 936 5519 δυσσεὸῶς
985 5456 1400 5527 κατωθήσαντος
1444 5456 1726 5528 Ἱεροϐοὰμ
1771 5457 1866 5511 τοῦ

282 5545 486 5607 Νάῦατ.
519 5545 661 5604 Εἶτα
690 5549 788 5603 καὶ
830 5549 1023 5620 ἐτέρας
1056 5547 1356 5619 ἐπενόησαν
1393 5548 1508 5601 ἐκεῖ
1544 5547 1640 5613 τὰς
1679 5550 1869 5621 ψευδο-

353 5703 396 5738 ³⁸
418 5706 566 5765 Psal.
594 5725 752 5775 cam,
788 5708 842 5765 8.

1957 3291 1986 3329 a
2021 3275 2162 3328 Deo:
2206 3273 2422 3343 quando
2474 3272 2634 3326 etiam
2665 3271 2875 3324 locutus
2923 3277 3026 3335 est,
3060 3267 3112 3322 id
3159 3276 3262 3333 est,
3321 3268 3536 3321 etiamsi

1957 3375 2244 3434 antequam
2285 3380 2380 3435 per
2405 3376 2490 3417 me
2537 3366 2700 3417 verba
2736 3360 2950 3428 ﬁerent,
3001 3359 3402 3430 quamplurima
3469 3360 3536 3414 de

1957 3471 2020 3511 ea
2049 3457 2261 3511 locutus
2291 3464 2391 3517 est,
2425 3462 2481 3509 et
2506 3452 2576 3508 ob
2599 3453 2808 3507 inﬁnita
2852 3451 2990 3506 mala
3030 3467 3148 3507 eam
3180 3451 3530 3505 insimulavit.

1957 3545 2416 3614 Quemadmodum
2455 3545 2598 3601 enim
2646 3544 2893 3615 superius
2942 3543 3075 3610 dixi,
3102 3544 3316 3598 divinus
3361 3542 3539 3598 Moses

1957 3638 2131 3708 gentis
2159 3637 2317 3706 hujus
2341 3647 2729 3694 commemorat
2756 3637 3188 3708 perversitatem,
3213 3644 3267 3691 et
3292 3635 3344 3691 in
3376 3636 3530 3690 odio-

1957 3729 2186 3784 sissimis
2243 3744 2306 3784 ac
2331 3730 2696 3786 infestissimis
2733 3729 2913 3785 haberi
2931 3730 3110 3799 jussit.
3160 3728 3303 3783 Dixit
3335 3730 3534 3799 itaque:

1956 3819 2075 3874 Non
2100 3820 2430 3889 ingredietur
2452 3822 2785 3885 Ammanita,
2809 3829 2864 3875 et
2887 3819 3114 3874 Moabita
3154 3819 3208 3872 in
3251 3812 3534 3873 ecclesiam

1957 3910 2114 3981 261
2168 3909 2402 3975 Domini,
2435 3911 2595 3966 etiam
2652 3923 2820 3979 usque
2872 3911 2937 3964 ad
2979 3910 3243 3965 decimam
3298 3918 3534 3963 aetatem.

1957 4004 2196 4058 Abduxit
2248 4003 2374 4056 item
2425 4001 2712 4071 aliquando
2764 4000 3014 4053 Israelem
3065 4015 3094 4052 a
3159 3997 3427 4052 charitate
3481 3999 3536 4052 in

1960 4094 2126 4148 Deum
2146 4133 2161 4160 ,
2205 4091 2582 4162 persuasitque
2607 4092 2833 4144 adorare
2865 4089 3213 4158 Beelphegor,
3251 4089 3540 4157 voluptati-

1959 4188 2060 4243 bus
2089 4188 2154 4240 ad
2187 4185 2488 4240 foeditatem
2541 4183 2896 4244 stimulatum,
2923 4191 2977 4235 et
3007 4189 3288 4236 venustate
3312 4180 3530 4235 mulier-

1960 4279 2202 4334 cularqu
2237 4277 2584 4346 illaqueatum
2638 4274 2705 4327 ad
2752 4272 3050 4327 interitum.
3114 4271 3298 4341 Itaque
3353 4271 3420 4326 de
3474 4287 3536 4327 ea

1960 4369 2169 4424 locutus
2191 4377 2274 4423 est
2295 4365 2662 4444 universitatis
2704 4365 2862 4418 Deus.
2911 4364 2971 4419 Et
3010 4379 3174 4424 nunc.
3209 4364 3400 4435 inquit,
3441 4381 3540 4436 per

1967 4475 2053 4516 me
2086 4459 2287 4515 factum
2317 4466 2399 4513 est
2421 4459 2641 4512 verbum
2666 4471 2826 4528 super
2856 4471 2945 4513 ca.

2033 4636 2310 4694 Vens“.
2353 4636 2419 4691 Et
2437 4653 2573 4690 nunc
2594 4637 2733 4699 dico,
2758 4637 2811 4689 in
2862 4635 3032 4689 tribus
3061 4634 3216 4689 annis
3274 4649 3535 4688 annorum

1961 4731 2290 4799 mercenarii,
2338 4730 2626 4800 ignominia
2667 4729 2936 4798 afﬁcietur
2965 4729 3134 4796 gloria
3187 4725 3345 4780 Moab
3420 4742 3539 4779 cum

1963 4823 2198 4876 omnibus
2244 4824 2462 4884 divitiis,
2503 4823 2673 4892 iisque
2714 4821 2915 4884 multis,
2942 4829 2990 4873 et
3031 4819 3357 4889 relinquetur
3408 4833 3542 4889 pau-

1964 4917 2228 4981 cissimas,
2250 4925 2297 4969 et
2325 4931 2430 4970 non
2465 4915 2777 4968 honoratus.

2039 5008 2118 5060 Ad
2195 5006 2760 5061 commemorationem
2837 5001 3078 5058 historia:
3120 5017 3265 5056 nunc
3318 5016 3537 5070 quoque

1969 5109 2184 5154 revocat
2208 5113 2305 5152 nos
2333 5113 2512 5153 sermo
2543 5097 2905 5168 propheticus.
2966 5096 3318 5150 Secesserunt
3386 5093 3540 5145 vide-

1969 5190 2093 5245 licet
2118 5189 2186 5243 ab
2209 5187 2592 5259 Hierosolymis
2617 5191 2800 5245 decem
2830 5191 2998 5246 tribus
3029 5185 3214 5249 Israel,
3235 5191 3290 5238 et
3318 5182 3540 5239 dimidia

1969 5283 2138 5336 tribus
2199 5280 2472 5350 Ephraim,
2520 5282 2942 5352 habitaruntque
3021 5280 3074 5335 in
3137 5275 3408 5338 Samaria,
3479 5290 3544 5329 ac

1959 5372 2224 5442 iuvencas
2277 5387 2470 5428 aureas
2519 5375 2831 5440 adorarunt,
2895 5372 3156 5427 invitante
3181 5383 3274 5424 eos
3323 5368 3392 5421 ad
3443 5366 3546 5421 hoc

1964 5464 2250 5521 Jeroboam
2283 5465 2390 5521 lilio
2419 5465 2614 5528 Nabal,
2644 5467 2914 5534 impieque
2940 5462 3266 5529 impellente.
3333 5458 3461 5513 Dein
3492 5466 3547 5512 et

1967 5554 2102 5612 alios
2120 5556 2299 5613 cultus
2327 5557 2728 5613 commentitios
2760 5556 2870 5612 ill'tc
2900 5553 3292 5623 excogitarunt,
3318 5551 3548 5622 quisque
