4166 6296
563 334 667 388 419

1565 326 1624 382 S.
1665 323 1939 382 CYRILLI
1981 321 2449 380 ALEXANDRINI
2496 323 2811 378 ARCHIEP.

3733 319 3842 375 £20

562 465 660 518 pro
685 463 781 504 suo
814 447 1076 503 arbitratu
1106 453 1487 501 consecrantes
1536 447 1692 514 quasi
1760 447 1948 501 Deum.
2006 445 2150 499 Indi-

2258 445 2509 514 λατρείας
2563 444 2783 497 ἔκαστοι
2823 443 2880 496 τὸ
2932 440 3124 496 δοκοῦν
3176 441 3521 506 ἀνατιθέντες
3577 440 3653 504 ὡς
3683 441 3838 496 Θεόν.

563 552 756 611 gnatus
797 540 958 610 igitur
1003 539 1086 593 bis
1131 537 1498 592 universitatis
1546 537 1706 604 Deus,
1747 545 1935 606 utpote
1987 536 2148 604 maje-

563 644 702 689 state
737 633 908 702 ipsius
942 631 1332 684 contumeliose
1382 629 1806 696 connnaculata,
1849 630 2148 698 patriisque

563 723 717 778 Scitis
759 721 1104 792 proculcatis,
1171 730 1378 774 tantmn
1441 734 1544 773 non
1607 720 1934 774 conductum
1984 722 2146 790 Assy-

565 813 702 867 rium
734 813 1170 866 Salmanasarum
1197 812 1248 864 in
1283 824 1376 864 eos
1437 810 1686 875 immisit,
1752 810 1841 880 qui
1869 819 1923 863 et
1980 818 2147 862 totam

565 901 1033 956 Samaritanorum
1068 910 1268 954 terram
1306 900 1361 954 in
1435 915 1652 952 manum
1716 907 2149 967 potestatemque

565 993 787 1062 redegit,
825 991 995 1045 tribus
1034 991 1308 1045 continuis
1343 992 1501 1044 annis
1525 991 1601 1044 illi
1635 990 1877 1044 insidens
1896 1004 1960 1043 ac
2006 989 2151 1042 incu-

565 1086 730 1138 bans:
761 1086 1058 1152 eodemque
1093 1092 1204 1136 toto
1271 1090 1512 1150 tempore
1550 1083 1602 1136 vi
1655 1091 1812 1150 capta
1872 1089 1954 1136 est
2005 1089 2148 1134 terra

565 1177 868 1231 Moabitica.
930 1174 1184 1234 Proinde.
1270 1174 1494 1243 inquit,
1558 1189 1870 1243 quanquam
1938 1171 2151 1226 locutus

564 1269 635 1322 sit
662 1269 789 1322 olim
847 1267 1008 1329 Deus,
1067 1267 1159 1319 sed
1195 1274 1250 1318 et
1303 1281 1444 1319 nunc
1477 1265 1617 1329 dico,
1677 1266 1817 1334 quod
1869 1264 1923 1318 in
1979 1263 2152 1316 tribus

564 1360 1011 1412 annis-annorum
1061 1355 1404 1418 mercenarii,
1465 1353 1516 1407 id
1547 1364 1651 1418 est,
1712 1353 1855 1422 regis
1904 1352 2152 1422 Assyrio-

567 1467 706 1514 rum,
733 1448 1028 1522 ignominia
1061 1447 1328 1500 adiicietur
1367 1447 1536 1514 gloria
1580 1445 1753 1500 Moab.
1807 1444 1925 1512 Quo
1964 1445 2149 1508 verbo,

564 1543 649 1596 vel
675 1544 914 1612 ipsorum
948 1541 1076 1594 dicit
1125 1553 1372 1607 regnum,
1431 1539 1517 1592 vel
1579 1539 2004 1608 magnitudinem
2056 1551 2151 1589 ur-

567 1635 738 1699 blnm,
763 1634 845 1688 vel
878 1633 1291 1688 inhabitantium
1331 1631 1749 1693 multitudinem,
1785 1629 1868 1683 vel
1904 1629 2152 1683 fortassis

566 1736 776 1781 aetatem
803 1728 876 1780 rei
931 1725 1136 1780 bellicae
1189 1724 1441 1793 peritam.
1496 1722 1910 1791 Derelinquetur
1971 1729 2148 1774 autem

569 1819 759 1887 inquit,

567 1909 709 1963 bello
734 1909 1054 1961 conlieietur
1075 1905 1335 1976 quidquid
1359 1915 1443 1960 est
1464 1905 1605 1975 apud
1623 1919 1717 1960 eos
1746 1902 2108 1958 bonorilicum
2134 1915 2147 1952 :

567 1999 887 2069 superSIites
917 2006 972 2051 et
997 1998 1109 2068 jam
1137 1998 1361 2052 omnino
1387 1997 1540 2066 pauci
1575 1992 2150 2064 erunt,abjectissimi,

566 2101 619 2148 et
651 2108 840 2162 parum
875 2090 1120 2156 masculi,
1157 2089 1410 2158 nulloque
1453 2089 1620 2142 habiti
1684 2089 1736 2141 in
1786 2087 1977 2157 pretio.
2020 2084 2154 2138 Ter-

572 2186 730 2240 rlbile
763 2185 926 2254 igitur
951 2183 1191 2238 incidere
1222 2182 1275 2236 in
1305 2195 1498 2235 manus
1525 2181 1618 2235 Dei
1648 2181 1877 2234 viventis
1907 2178 2026 2210 “°"
2051 2195 2066 2241 ;
2101 2186 2158 2232 et

559 2275 992 2344 Omnipotentem
1041 2273 1240 2327 audere
1293 2271 1590 2337 oﬂeudere,
1652 2271 1780 2340 quid
1845 2269 1992 2323 aliud
2047 2275 2152 2328 est.

567 2382 726 2436 quam
774 2381 964 2420 omnes
1034 2365 1376 2418 calamitates
1427 2362 1809 2417 consciscere?
1861 2363 1930 2414 At
2010 2361 2155 2415 salus

567 2469 651 2512 est
675 2459 904 2512 libenter
940 2457 1014 2511 illi
1045 2471 1262 2525 parere,
1290 2456 1464 2524 ipsum
1489 2455 1664 2509 solum
1703 2453 1867 2517 scire,
1893 2459 1946 2507 et
1993 2465 2152 2505 erro-

570 2551 645 2603 ris
668 2551 886 2618 laqueos
918 2550 1148 2609 evitare,
1179 2549 1339 2615 eique
1375 2561 1498 2600 cum
1529 2543 1726 2599 alIectu
1765 2544 1910 2598 bono
1933 2545 2151 2598 dicere:

572 2642 814 2701 Domine.
842 2651 994 2694 extra
1044 2650 1096 2692 te
1137 2639 1301 2693 alium
1349 2653 1456 2692 non
1517 2637 1897 2708 cOgnovimus,
1951 2649 2153 2689 nomen

574 2742 720 2786 tuum
747 2733 1113 2784 nominamus.

643 2972 806 3042 262
848 2969 978 3024 Car.
1019 2967 1183 3024 XVII.
1580 2965 1869 3024 CONTRA
1923 2967 2156 3022 DAMA-

2262 538 2672 607 Ἀγανακτήσας
2730 535 3018 606 τοιγαροῦν
3067 533 3160 587 ἒπί
3217 533 3427 597 τούτοις
3475 534 3504 585 ὀ
3548 531 3658 586 τῶν
3705 532 3844 586 ὅλων

2250 628 2472 700 Κύριος,
2506 628 2600 681 ἆτε
2631 627 2695 698 δὴ
2725 627 2819 680 καὶ
2851 627 3186 697 ὑϐρισμένης
3215 623 3378 678 αὑτοῦ
3411 625 3510 694 τῆς
3535 623 3715 694 δόξης,
3749 625 3841 678 καὶ

2251 719 2658 788 πεπατημένων
2685 719 2791 772 τῶν
2822 717 3093 789 πατρῴων
3125 716 3364 788 Θεσμῶν,
3399 716 3685 787 μονονουχὶ
3719 733 3846 770 κατ-

2250 810 2592 880 εμισθὼσατο
2636 810 2726 863 τὸν
2761 809 3045 881 Ἀσσύριον
3081 808 3448 880 Σαλμανασὰρ
3489 810 3584 862 καὶ
3622 809 3844 878 ὲπαφῆο

2250 918 2344 954 κεν
2376 901 2577 966 αὐτοῖς,
2628 900 2687 964 ὀς
2719 901 2813 954 καὶ
2846 902 3025 954 πᾶσαν
3058 899 3158 971 τὴν
3191 901 3551 971 Σαμαρειτῶν
3591 918 3842 972 κατεχειο

2257 993 2420 1064 ροῦτο
2445 993 2568 1063 γῆν,
2601 994 2778 1064 τρισὶν
2809 993 2952 1056 ὅλοις
2995 993 3170 1046 ἔτεσιν
3221 993 3476 1064 ὲνιζήσας
3506 995 3673 1065 αὐτῇ*
3706 994 3850 1049 κατὰ

2250 1085 2342 1137 τὸν
2377 1083 2541 1137 αὑτὸν
2567 1085 2779 1138 τουτονὶ⁵
2809 1085 2998 1156 χρόνον
3039 1084 3155 1155 ἥλω
3185 1084 3326 1138 κατὰ
3366 1085 3570 1156 κράτος
3601 1086 3634 1156 ἡ
3667 1086 3850 1138 Μωα-

2253 1176 2437 1229 ϐιτῶν.
2472 1175 2684 1229 Οὐκοῦν
2733 1177 2779 1228 εί
2833 1177 2927 1228 καὶ
2973 1176 3269 1247 λελάληκε,
3321 1177 3488 1248 φησὶ,
3539 1176 3635 1229 καὶ
3679 1176 3848 1230 παλαι

2252 1268 2409 1331 Θεὸς,
2451 1267 2585 1322 ἀλλὰ
2613 1268 2709 1320 καὶ
2741 1266 2836 1321 νῦν
2876 1268 3023 1336 λέγω
3050 1309 3064 1333 ,
3094 1269 3174 1321 δτι
3217 1271 3274 1321 ὲν
3312 1271 3426 1329 τοῖς
3457 1269 3635 1338 τρισὶν
3670 1267 3849 1321 ἐτεσιν

2252 1360 2360 1412 τῶν
2407 1359 2545 1412 ἐτῶν
2594 1358 2688 1412 τοῦ
2726 1358 3033 1430 μισθωτοῦ,
3078 1359 3220 1413 τοῦτ’
3259 1359 3409 1425 ἐστι,
3440 1358 3537 1412 τοῦ
3584 1360 3850 1431 βασιλέως

2265 1451 2584 1522 Ἀσσυρίων,
2610 1451 3094 1522 ἀτιμασθήσεταιὴ
3125 1450 3249 1516 δόξα
3285 1451 3478 1504 Μωάϐ.
3515 1452 3625 1504 Καὶ
3666 1451 3755 1504 διά
3781 1468 3848 1520 γε

2253 1539 2480 1606 τούτων,
2507 1541 2625 1612 ἦτοι
2651 1541 2750 1612 τὴν
2775 1541 2924 1614 παρὰ
2947 1541 3129 1605 αὐτοῖς
3164 1541 3440 1612 βασιλείαν
3469 1543 3653 1611 φησιν,
3685 1542 3718 1612 ἢ
3747 1545 3848 1595 καὶ

2255 1631 2397 1682 κατὰ
2431 1629 2498 1682 τὰ
2527 1631 2735 1701 μεγέθη
2766 1631 2873 1684 τῶν
2913 1631 3140 1691 πόλεων,
3175 1633 3270 1684 καὶ
3303 1632 3404 1703 τὴν
3438 1629 3546 1684 τῶν
3583 1631 3849 1686 ἐνοικούν-

2253 1738 2361 1773 των
2411 1721 2642 1792 πληθὺν,
2675 1723 2706 1793 ἢ
2741 1723 2882 1794 τᾶχα
2917 1741 3046 1788 που,
3091 1723 3191 1793 τὴν
3230 1721 3698 1794 ὲμπειροπόλεμον
3731 1724 3850 1795 ἡλι-

841 1815 1226 1885 paucissimus,
1275 1823 1330 1867 et
1395 1829 1499 1867 non
1545 1813 1881 1876 honoratus;
1930 1811 1980 1864 id
2045 1821 2151 1875 est,

2258 1812 2398 1864 κίαν.
2441 1811 2946 1884 Καταλειφθήσεται
2971 1813 3048 1877 δὲ,
3085 1813 3268 1882 φησὶν,
3301 1813 3580 1880 ὀλιγοστὸς
3617 1815 3710 1867 καὶ
3742 1814 3847 1867 ούκ

2257 1899 2494 1969 ἔντιμος,
2534 1901 2678 1954 τοῦτ’
2711 1901 2848 1968 ἔστι,
2880 1903 3316 1974 δαπανηθήσεται
3363 1903 3460 1973 μὲν
3509 1902 3588 1974 τῷ
3621 1903 3846 1974 πολέμῳ

2257 1995 2365 2046 πᾶν
2405 1993 2541 2065 ὅπερ
2572 1994 2687 2046 ἐστὶ
2717 1993 2895 2064 τίμιον
2936 1993 3064 2066 παρ’
3090 1995 3300 2058 αὐτοῖς’
3332 1996 3380 2048 οἱ
3410 1995 3468 2049 δέ
3493 2013 3556 2064 γε
3603 1995 3847 2067 περιλει-

2257 2085 2482 2154 φθέντες
2522 2085 2691 2155 ὀλίγοι
2718 2103 2776 2138 τε
2817 2084 3028 2140 ἔσονται
3083 2088 3384 2154 παντελῶς,
3413 2086 3748 2159 ἀτιμὼτατοί
3786 2105 3846 2142 τε

2263 2177 2358 2229 καὶ
2392 2177 2664 2248 ἄνανδροι,
2693 2178 2787 2232 καὶ
2816 2177 2910 2230 τοῦ
2945 2177 3170 2249 μηδενὸς
3199 2180 3340 2246 ἄξιοι
3385 2180 3566 2250 λόγου.
3609 2181 3848 2253 Φοεερδν

2256 2263 2350 2322 οῦν
2381 2268 2508 2339 ἄρα,
2537 2270 2596 2322 τὸ
2631 2270 2888 2339 ἐμπεσεῖν
2917 2272 2996 2333 είς
3043 2272 3228 2342 χεῖρας
3279 2271 3414 2324 Θεοῦ
3459 2269 3662 2336 ζῶντος
3683 2290 3696 2304 ο
3752 2275 3850 2328 καὶ

2257 2361 2318 2414 τδ
2379 2362 2737 2434 προσκρούειν
2801 2363 3110 2434 ἀποτολμᾷν
3177 2364 3254 2434 τῷ
3322 2366 3498 2419 πάντα
3576 2365 3846 2436 ἰσχύοντι,

2258 2453 2378 2517 πῶς
2405 2454 2503 2523 οὐχ
2551 2454 2767 2524 ἁπάσης
2798 2454 2950 2508 ἕσται
2995 2455 3259 2526 πρόξενον
3293 2458 3614 2530 συμφορᾶς;
3661 2458 3849 2528 Σωτή-

2259 2562 2372 2618 ριον
2401 2546 2458 2599 δὲ
2487 2547 2579 2599 καὶ
2609 2546 2670 2599 τὸ
2693 2548 3010 2601 ὑποκεῖσθαι
3052 2548 3224 2618 φιλεῖν
3253 2550 3421 2621 αὐτῷ,
3457 2553 3547 2604 καὶ
3575 2551 3737 2605 αὑτὸν
3773 2554 3853 2605 εί-

2255 2639 2401 2692 δέναι
2428 2639 2606 2709 μόνον,
2639 2640 2732 2693 καὶ
2767 2639 2874 2692 τῶν
2905 2642 3001 2712 τῆς
3033 2641 3242 2714 πλάνης
3275 2643 3494 2714 ἀρκύων
3523 2645 3849 2715 ἀποφοιτᾷν,

2257 2729 2431 2798 λέγειν
2455 2748 2511 2783 τε
2536 2730 2682 2802 αὐτῷ
2707 2731 2844 2802 μετὰ
2869 2731 3161 2797 διαθέσεως
3188 2734 3398 2806 ἀγαθῆς
3420 2752 3434 2766 ·
3462 2735 3658 2805 Κύριε,
3689 2736 3853 2800 ἐκτός

2260 2839 2352 2875 σου
2396 2823 2552 2876 ἄλλον
2593 2824 2692 2876 οὐκ
2735 2823 2979 2894 οἴδαμεν,
3019 2825 3080 2877 τὺ
3133 2825 3305 2896 ὄνομα
3344 2842 3437 2879 σου
3483 2826 3850 2898 ὀνομάζομεν.

2391 2975 2474 3026 T0
2511 2975 2710 3029 ΡΗΜΑ
2757 2976 2800 3028 Τ
2799 2977 2841 3028 Ο
2879 2977 2974 3028 ΚΑ
2989 2977 3070 3029 TA
3115 2976 3255 3030 ΤΗΣ
3289 2980 3708 3034 ΔΑΜΑΣΚΟΥ.

643 3132 959 3187 Fortissime
990 3140 1044 3186 et
1081 3129 1385 3185 clarissima
1424 3131 1618 3184 civitas
1667 3128 2151 3190 Damascenorum,

2331 3153 2527 3221 Γέγονε
2560 3154 2657 3224 μὲν
2684 3154 3038 3228 ἀλκιμωτάτη
3066 3157 3162 3211 καὶ
3203 3159 3581 3233 ὲπισημοτάτη
3617 3161 3778 3225 πόλις
3813 3165 3852 3235 ἡ

572 3242 636 3281 ac
664 3227 822 3294 impia
864 3234 918 3278 et
943 3223 1050 3278 Deo
1074 3223 1309 3286 rebellis,
1339 3232 1392 3277 et
1438 3223 1782 3277 sanctissimo
1831 3221 1938 3276 Deo
1977 3221 2154 3276 maxi—

576 3334 660 3371 me
687 3320 878 3380 invisa,
909 3331 970 3370 ac
1000 3315 1194 3369 cultrix
1229 3315 1517 3379 idolorum,
1564 3325 1673 3368 tum
1704 3315 1976 3380 impietate
1999 3326 2160 3383 atque

573 3412 807 3463 elatione
836 3409 964 3477 ipsis
1023 3407 1261 3478 Assyriis
1290 3407 1438 3460 nullo
1466 3408 1623 3460 modo
1648 3405 1889 3460 inferior.
1926 3404 2159 3460 Oll‘endit

576 3503 702 3555 item
755 3502 857 3556 alia
914 3501 1122 3554 ratione
1172 3501 1595 3569 omnipotentem
1673 3499 1857 3552 Deum.
1929 3499 2157 3554 Oriundi

575 3595 718 3648 enim
764 3593 1029 3661 sanguine
1077 3592 1317 3656 lsraelis,
1361 3592 1410 3645 id
1471 3597 1574 3655 est,
1637 3591 1820 3645 decem
1882 3591 2055 3645 tribus
2105 3599 2161 3644 et

574 3690 796 3744 dimidia
829 3689 1000 3742 tribus
1031 3688 1309 3756 Epltraim,
1335 3701 1453 3755 quae
1481 3687 1781 3755 migrarunt
1815 3685 1884 3739 ab
1913 3684 2162 3739 Hieroso-

574 3781 754 3850 iymis,
779 3789 830 3833 ct
852 3793 972 3847 qua:
999 3763 1339 3832 incoluerunt
1367 3777 1695 3842 Samariam,
1726 3777 1909 3831 vitulis
1971 3777 2151 3832 aureis

574 3886 696 3928 Sese
733 3879 1182 3942 prostraverunt,
1210 3869 1498 3924 inducente
1527 3871 1592 3923 ad
1624 3872 1724 3924 hoc
1759 3885 1824 3923 ac
1853 3868 2162 3939 impellente

577 3947 741 4035 impio
766 3965 1047 4019 Jeruboam
1075 3963 1182 4018 lilio
1210 3963 1383 4018 Nubat
1406 3981 1418 4016 :
1471 3963 1795 4032 onminoque
1823 3961 2158 4034 refugerunt,

576 4057 856 4125 modisque
883 4056 1134 4109 ontnibus
1156 4069 1186 4108 a
1221 4055 1493 4108 cbaritate
1525 4053 1576 4107 in
1604 4052 1773 4108 Deum
1830 4054 2161 4107 resiluerunt

579 4147 630 4199 in
656 4147 980 4200 oblivionem
1011 4145 1145 4215 legis
1175 4145 1313 4200 data:
1351 4146 1452 4200 sibi
1495 4160 1524 4198 a
1551 4144 1950 4214 sapientissimo
1986 4142 2156 4210 Mose,

577 4242 814 4296 adducti.
851 4240 983 4294 Cum
1009 4247 1187 4294 autem
1219 4239 1508 4308 aliquando
1541 4248 1750 4310 tempus
1791 4248 2032 4303 vocaret,
2103 4246 2158 4292 et

578 4327 774 4384 bellum
800 4328 1140 4392 adventaret,
1176 4342 1278 4382 non
1310 4327 1363 4382 in
1411 4327 1521 4382 Deo
1579 4328 1792 4383 vivente
1820 4343 1968 4396 spem
2012 4327 2160 4382 loca-

581 4427 725 4482 runt,
751 4421 842 4472 sed
871 4422 1174 4474 asciverunt
1206 4419 1386 4490 potius
1421 4435 1514 4475 eos
1539 4421 1630 4490 qui
1674 4420 1778 4489 illis
1826 4421 2154 4492 temporibus

581 4507 827 4562 Damasci
861 4511 1142 4578 omnisque
1175 4511 1521 4580 Assyriorum
1571 4520 1726 4565 terra:
1759 4527 1979 4579 regnum
2013 4514 2154 4566 obti-

581 4601 798 4666 nebant,
825 4610 881 4655 ut
906 4601 1038 4670 ipsis
1058 4602 1262 4654 ferrent
1284 4601 1565 4667 auxilium,
1588 4610 1644 4656 et
1676 4616 1705 4657 e
1736 4618 1896 4656 manu
1927 4604 2156 4657 hostium

579 4694 872 4761 eriperent.
921 4691 1246 4746 Succensuit
1298 4693 1461 4763 igitur
1514 4693 1655 4746 hanc
1707 4693 1775 4746 ob
1808 4708 2050 4759 causam,
2104 4703 2162 4750 et

581 4795 766 4836 CtHlll‘a
798 4800 890 4837 eos
914 4783 1272 4837 exacerbatus
1299 4793 1382 4838 est
1414 4783 1782 4840 universitatis
1816 4784 1979 4838 Deus.
2005 4785 2156 4842 Obli-

585 4875 621 4926 ti
650 4876 792 4927 enim
818 4890 1036 4941 prorsus
1081 4889 1140 4929 se
1177 4890 1244 4929 ex
1289 4875 1530 4948 Aﬂgypto
1601 4875 1769 4931 luisse
1826 4880 2156 4947 redemptos,

584 4966 923 5021 intolerabile
967 4965 1154 5037 jugum
1201 4967 1478 5022 servitutis
1544 4969 1874 5036 excussisse,
1943 4978 1998 5025 et
2065 4986 2161 5042 per

584 5060 820 5124 medium
887 5073 1035 5113 mare
1098 5061 1433 5128 transivisse,
1500 5061 1622 5115 dein
1695 5078 1893 5118 manna
1952 5064 2156 5132 edisse,

582 5168 778 5220 aquam
805 5167 868 5205 ex
900 5160 1048 5219 petra
1088 5160 1322 5219 potasse,
1355 5153 1711 5224 omnibusque
1747 5156 1982 5212 inimicis
2016 5173 2156 5226 prte-

584 5242 838 5308 valuisse,
861 5242 1102 5296 lueredes
1125 5244 1388 5297 bonorum
1417 5247 1660 5314 patribus
1701 5249 2159 5318 repromissorum

583 5334 882 5395 exstitisse,
913 5336 980 5386 ab
1005 5333 1310 5390 hominibus
1339 5351 1493 5406 Opem
1536 5339 1897 5408 implorabant
1953 5341 2161 5406 miseri,

585 5425 742 5479 modo
773 5441 877 5478 non
918 5424 1087 5478 Deum
1122 5435 1242 5481 atro
1273 5437 1522 5484 notantes
1552 5431 1782 5496 calculo,
1849 5434 2005 5500 quasi
2066 5448 2161 5488 eos

585 5529 804 5569 servare
836 5529 942 5569 non
969 5517 1224 5584 potuerit.
1264 5516 1412 5572 llanc
1448 5519 1608 5589 igitur
1629 5519 1697 5575 ob
1730 5537 1949 5575 causam
1977 5523 2159 5578 traditi

586 5615 712 5657 Sttnl
743 5606 854 5675 regi
894 5606 1262 5675 Assyriorum,
1295 5609 1384 5676 qui
1435 5611 1685 5666 universa
1713 5622 1870 5680 capta
1916 5611 2158 5669 Samaria

665 5739 710 5770 "
747 5737 909 5796 Hebr.
940 5753 996 5803 ι,
1027 5737 1114 5789 3|.

2259 3246 2669 3316 Δαμασκηνῶνο
2713 3246 2978 3317 δυσσεϐὴς
3023 3248 3080 3300 δὲ
3112 3249 3205 3302 καὶ
3249 3250 3551 3321 θεομάχος,
3599 3255 3695 3308 καὶ
3737 3255 3854 3307 τῶν

2264 3334 2347 3388 ὅτι
2379 3336 2616 3405 μάλιστα
2660 3338 3159 3410 κατεστυγημένων
3207 3341 3360 3412 παρά
3397 3359 3460 3411 γε
3490 3344 3567 3415 τῷ
3596 3346 3851 3416 παναγίῳ

2260 3426 2380 3496 Θεῷ
2399 3445 2411 3456 ·
2445 3429 2540 3482 καὶ
2566 3424 2634 3500 ἦν
2665 3429 3078 3502 εἰδωλολάτρης,
3110 3433 3206 3486 καὶ
3234 3436 3356 3498 ταῖς
3390 3435 3692 3507 ’Δσσυρίων
3730 3437 3853 3508 βδε-

2259 3516 2473 3588 λυρίαις
2500 3537 2561 3576 τε
2599 3520 2735 3590 ὁμοῦ
2782 3521 2876 3574 καὶ
2913 3523 3239 3594 ὑπεροψίαις
3280 3528 3399 3579 κατ’
3427 3527 3617 3581 οὐδένα
3663 3545 3853 3599 παρα·-

2260 3610 2514 3680 χωροῦσα
2563 3613 2786 3684 τρόπον.
2837 3615 3257 3688 Προσκέκρουκε
3289 3617 3346 3671 δὲ
3388 3619 3482 3672 καὶ
3531 3620 3735 3692 ἑτέρως
3768 3623 3854 3692 τῷ

2260 3702 2438 3756 πάντα
2489 3703 2725 3773 ἰσχύοντι
2768 3705 2906 3776 Θεῷ.
2958 3708 3021 3760 Ui
3067 3709 3175 3779 γὰρ
3233 3710 3290 3776 ἐξ
3337 3711 3574 3780 αἵματος
3609 3713 3850 3785 Ἰσραὴλ,

2258 3792 2404 3848 τοῦτ’
2453 3795 2619 3860 ἐστιν,
2671 3799 2725 3849 αί
2769 3796 2902 3851 δέκα
2951 3799 3142 3868 φυλαὶ,
3198 3801 3290 3854 καὶ
3335 3801 3396 3854 τὸ
3445 3803 3618 3873 ἥμισυ
3673 3806 3853 3877 φυλῆς

2272 3885 2513 3958 Ἐφραῒμ
2536 3889 2973 3960 ἀποφοιτήσασαι
2993 3892 3100 3945 τῶν
3139 3893 3544 3965 Ἰεροσολύμων,
3573 3897 3668 3950 καὶ
3692 3899 3753 3951 ὲν
3779 3903 3853 3971 τῇ

2267 3981 2552 4052 Σαμαρείᾳ
2591 3985 3018 4052 κατοικήσασαι,
3067 3989 3545 4058 προσκεκυνήκασι
3587 3992 3688 4061 μὲν
3726 3995 3857 4058 ταῖς

2265 4068 2534 4139 δαμάλεσι
2583 4073 2702 4135 ταῖς
2758 4077 3020 4145 χρυσαῖς,
3073 4078 3496 4147 κατενεγκόντος
3549 4083 3716 4147 αὑτὰς
3768 4087 3858 4149 είς

2260 4163 2449 4227 τοῦτο,
2505 4164 2598 4217 καὶ
2655 4165 3072 4238 κατωθήσαντος
3131 4169 3363 4235 ἀνοσίως
3413 4173 3694 4246 Ἱεροδοὰμ
3749 4177 3856 4230 τοῦ

2259 4253 2472 4308 Ναὸάτο
2501 4256 2975 4328 ἀποσκιρτήσασαι
3000 4259 3056 4312 δὲ
3079 4261 3331 4328 εἰσ-ἅπαν,
3358 4265 3450 4317 καὶ
3478 4265 3576 4336 τῆς
3597 4268 3677 4329 είς
3714 4268 3858 4320 Θεδν

2260 4345 2482 4415 ἀγάπης
2510 4345 2822 4416 ὀλοτρόπως
2857 4347 3277 4419 ἀποπηδήσασαι
3297 4368 3313 4383 ·
3343 4354 3506 4424 νόμον
3538 4356 3594 4409 δὲ
3627 4357 3721 4410 τοῦ
3763 4358 3858 4412 δο-

2261 4435 2443 4499 θέντος
2490 4437 2674 4500 αύτοῖς
2703 4437 2792 4490 διὰ
2828 4438 2923 4491 τοῦ
2958 4441 3234 4510 πανσόφου
3283 4445 3525 4511 Μωσέως
3565 4450 3644 4512 είς
3677 4448 3859 4521 λήθην

2261 4527 2630 4596 ὲνηνεγμένοι.
2679 4527 2888 4599 Καιροῦ
2937 4531 3229 4598 καλοῦντος
3262 4534 3373 4588 ἐσθ’
3409 4537 3518 4598 ὅτε,
3550 4540 3645 4592 καὶ
3686 4540 3858 4596 πολέ-

2263 4635 2363 4688 μου
2397 4618 2682 4688 μέλλοντος
2709 4619 2858 4690 ἥξειν
2889 4622 2975 4673 ἐπ’
3016 4625 3232 4691 αὐτοὺς,
3261 4627 3360 4680 οὐκ
3391 4627 3486 4682 ὲπί
3526 4647 3591 4698 γε
3623 4631 3700 4703 τῷ
3745 4635 3861 4687 σώ-

2262 4706 2410 4772 ζοντι
2439 4709 2560 4781 Θεῷ
2595 4711 2794 4781 μᾶλλον
2823 4713 3103 4768 ἐποιοῦντο
3130 4715 3228 4788 τὴν
3261 4719 3472 4785 ἑλπίδα,
3502 4725 3862 4793 παρεκάλουν

2260 4801 2316 4854 δὲ
2373 4801 2570 4870 μᾶλλον
2622 4805 2751 4866 τοὺς
2802 4805 2945 4857 κατὰ
3000 4809 3190 4878 καιρὸν
3241 4811 3341 4882 τῆς
3385 4814 3702 4884 Δαμασκοῦ,
3753 4823 3862 4873 καὶ

2263 4894 2482 4963 ἀπάσης
2506 4894 2563 4946 δὲ
2595 4895 2691 4964 τῆς
2725 4895 2914 4966 Σύρων
2944 4898 3328 4967 βασιλεύοντας
3351 4905 3454 4975 γῆς
3488 4908 3766 4979 ἐπαμῦναί
3795 4930 3860 4966 τε

2263 4985 2434 5052 σφίσι,
2461 4986 2556 5038 καὶ
2581 4987 2678 5055 τῆς
2703 4987 2812 5042 τῶν
2841 4989 3115 5062 πολεμίων
3135 4995 3410 5062 ἐξελέσθαι
3434 5003 3637 5070 χειρός.
3658 5003 3857 5072 Ἥγαν·
3906 5054 3946 5072 ,φ

2261 5076 2413 5130 άκτει
2472 5080 2760 5150 τοιγαροῦν
2818 5083 2911 5135 καὶ
2978 5083 3180 5155 ταύτης
3229 5087 3464 5157 μάλιστα
3522 5091 3624 5162 τῆς
3674 5065 3918 5168 αἱτέαςίι

2261 5167 2442 5232 ἕνεκα,
2477 5169 2572 5222 καὶ
2606 5173 3061 5242 κατεπικραίνετο
3095 5177 3232 5248 πρὸς
3276 5180 3474 5244 αὐτοὺς
3514 5183 3542 5234 ὀ
3573 5184 3682 5236 τῶν
3715 5185 3861 5244 ὅλων

2262 5257 2414 5320 Θεός.
2450 5259 2863 5330 Ἐπιλαθόμενοι
2907 5265 3019 5337 γὰρ
3066 5268 3320 5333 είσάπαν,
3363 5271 3446 5325 ὅτι
3486 5272 3859 5346 λελύτρωνται

2266 5348 2365 5418 μὲν
2392 5349 2450 5415 ἐξ
2495 5351 2796 5419 Αἰγύπτου,
2831 5356 2925 5407 καὶ
2966 5357 3058 5408 τὸν
3094 5357 3432 5430 δυσφόρητον
3469 5365 3568 5432 τῆς
3611 5365 3857 5435 δουλείας

2262 5439 2622 5492 ἀπεσείσαντο
2671 5441 2857 5509 ζυγὸν,
2913 5441 3333 5516 διεϐισάσθησαν
3377 5448 3436 5500 δὲ
3485 5452 3579 5504 καὶ
3617 5452 3707 5507 διὰ
3756 5453 3857 5507 θαι

2264 5527 2466 5599 λάσσης
2509 5533 2701 5602 μέσης,
2753 5531 2869 5586 εἶτα
2925 5537 2984 5588 τὸ
3022 5537 3195 5606 μάννα
3236 5541 3535 5608 φαγόντες,
3575 5547 3670 5598 καὶ
3711 5546 3860 5619 ὕδωρ

2263 5622 2365 5691 τῆς
2419 5624 2630 5694 πέτρας
2692 5631 3112 5699 πεποτισμεένοι,
3163 5635 3746 5706 κατευμεγεθήσαντὲς
3799 5658 3865 5696 τε
