4166 6296
508 335 615 392 ‘23

1495 329 1554 384 S.
1597 325 1876 384 CYRILLI
1918 324 2391 382 ALEXANDRINI
2432 327 2753 386 ARCIIIEP.

3673 329 3782 386 424

507 451 720 505 Acbaso
774 461 935 516 super
980 446 1172 500 Judam
1221 445 1634 517 Hierosolymis,
1678 446 1889 502 Phacee
1942 444 2084 499 Illius

2200 445 2279 498 τὸν
2319 446 2519 500 Ἰούδαν
2551 448 2608 500 ἐν
2639 449 2751 511 τοίς
2787 445 3199 517 Ἰεροσολύμοις,
3231 444 3405 499 Φακεὲ
3439 443 3552 508 υίὸς
3591 442 3782 517 Ῥομε-

507 540 766 597 llomelia:
819 539 982 611 264
1039 554 1271 608 regnans
1331 539 1383 592 in
1425 537 1673 594 Samaria
1707 554 1874 609 super
1903 539 2091 592 decem

510 632 702 696 tribus,
728 629 1047 700 oppugnavit
1075 628 1470 700 Hierosolyma.
1495 631 1564 683 At
1590 646 1711 684 cum
1731 639 2009 684 vereretur
2027 641 2096 682 ne
2128 704 2138 713 .

508 735 616 774 non
648 721 780 774 satis
815 729 1005 787 potens
1033 727 1181 772 esset
1222 719 1284 771 ad
1320 720 1663 786 capiendum,
1701 733 1975 773 armorum
2009 734 2096 772 so-

507 813 649 865 cimu
675 820 729 863 et
753 809 1175 863 commilitonem
1198 807 1323 862 fecit
1356 807 1597 864 Raasson
1618 823 1797 880 regem
1832 807 2092 880 Syrorum

509 914 561 955 et
587 900 853 955 Damasci.
886 899 976 954 Sic
994 911 1170 954 autem
1203 902 1279 954 ait
1305 902 1493 955 beatus
1527 902 1785 970 propheta
1811 901 1976 956 Isaias
1993 901 2040 933 “
2076 918 2091 955 :

510 995 574 1050 Et
603 994 800 1049 factum
823 1001 926 1056 est,
945 992 1140 1046 diebus
1171 993 1374 1058 Achaz,
1405 992 1496 1045 ﬁlii
1523 991 1793 1056 Joatham,
1832 993 1925 1046 lilii
1948 993 2095 1048 Ozias

513 1088 656 1158 regis
684 1085 845 1149 .Iuda,
883 1085 1128 1139 ascendit
1172 1083 1418 1138 Raasson
1467 1099 1558 1139 rex
1591 1087 1754 1139 Aram
1785 1087 2096 1156 (exponitur

511 1195 657 1242 vero,
673 1179 932 1249 Syrorum
961 1193 1055 1232 seu
1097 1176 1267 1246 Syria!
1289 1176 1411 1246 :)et
1435 1177 1644 1231 Pbacee
1673 1178 1814 1234 illius
1837 1177 2095 1232 Romeiize

508 1284 600 1323 rex
636 1269 798 1323 Israel
830 1269 883 1322 in
917 1265 1243 1330 Jerusalem,
1273 1275 1331 1318 ut
1361 1277 1815 1335 pugnaretcontra
1848 1281 1995 1321 eam.
2033 1266 2097 1320 Et

505 1364 810 1414 nuntiatum
839 1369 924 1414 est
948 1359 1130 1413 domui
1160 1356 1327 1410 David
1356 1375 1384 1409 a
1413 1359 1720 1415 dicentibus
1750 1378 1762 1412 :
1788 1359 2086 1414 Consensit

505 1456 670 1506 Aram
707 1455 970 1507 adversus
1027 1450 1315 1518 Ephraim,
1367 1451 1420 1504 id
1473 1460 1575 1516 est,
1607 1451 1778 1521 Syrus
1831 1451 2091 1504 adversus

507 1559 629 1596 eum
669 1543 758 1613 qui
786 1559 849 1597 ex
882 1545 1022 1598 tribu
1057 1544 1308 1614 Ephraim
1343 1560 1567 1614 regnum
1601 1543 1769 1596 tenuit
1800 1539 2089 1598 Samaria).

509 1634 575 1688 Et
631 1636 910 1704 obstupuit
956 1635 1135 1689 anima
1185 1636 1320 1707 ejus,
1375 1646 1430 1690 et
1487 1634 1666 1688 anima
1722 1633 1900 1703 populi
1955 1634 2094 1704 ejus,

2197 538 2310 591 λίου
2359 537 2656 608 βασιλεύων
2697 540 2757 591 ὲν
2812 541 2877 608 τῇ
2927 538 3209 609 Σαμαρείᾳ
3248 537 3379 590 δέκα
3419 536 3602 606 φυλῶν
3655 555 3786 592 κατ-

2197 630 2554 703 εστρατεύετο
2584 630 2691 683 τῶν
2727 629 3130 700 Ἰεροσολύμων.
3169 628 3384 700 Ἐπειδὴ
3409 627 3467 682 δὲ
3492 627 3679 682 ἐδεδίει
3710 631 3784 700 μὴ

2196 725 2306 794 ἄρα
2355 740 2470 786 πως
2520 723 2754 793 ἀτονήσῃ
2811 721 2948 791 πρὸς
2997 721 3059 773 τὸ
3113 721 3252 773 ὲλείν
3299 719 3488 792 αὐτὴν,
3523 719 3784 774 σύνοπλον

2195 817 2431 868 ἐποιεῖτο
2464 815 2553 867 τὸν
2588 812 2870 867 Ῥαασσὼν
2921 813 3014 866 τὸν
3059 811 3281 882 βασιλέα
3316 813 3504 884 Σύρων
3555 814 3649 867 καὶ
3685 816 3784 886 τῆς

2195 903 2510 976 Δαμασκοῦ.
2544 906 2686 974 Ἔφη
2729 905 2786 957 δὲ
2828 903 3004 968 οὕτως
3058 905 3218 968 αὐτὸς
3265 905 3292 957 6
3343 905 3612 974 μακάριος
3649 922 3782 977 προ-

2197 1000 2370 1070 φήτης
2405 997 2632 1059 Ἡσαΐας
2653 1015 2664 1026 ·
2707 999 2818 1050 Καὶ
2860 998 3076 1064 ἐγένετο
3110 999 3166 1050 ὲν
3193 999 3312 1060 ταῖς
3346 996 3582 1068 ἡμέραις
3609 998 3788 1068 Ἀχαξ

2194 1088 2290 1141 τοῦ
2331 1088 2569 1159 Ἰωάθαμ
2597 1087 2692 1141 τοῦ
2722 1087 2838 1140 υἱοῦ
2876 1086 3052 1151 Ὀξίου
3085 1086 3352 1156 βασιλέως
3385 1085 3580 1148 Ἰούδα,
3614 1087 3783 1156 ἀνέϐη

2209 1179 2489 1233 Ῥαασσὼν
2540 1179 2791 1249 βασιλεὺς
2830 1179 3032 1250 Ἀράμ,
3099 1175 3544 1247 (διερμηνεύεται
3578 1177 3634 1230 δὲ
3686 1179 3781 1231 Σύο

2199 1289 2327 1342 ρων,
2372 1271 2490 1340 ἤτοι
2523 1269 2722 1341 Συρίας
2745 1270 2783 1339 ·)
2820 1271 2914 1323 καὶ
2963 1268 3138 1322 Φακεὲ
3169 1267 3284 1331 υίὸς
3324 1268 3606 1337 Ῥομελίου
3631 1269 3784 1339 βασι-

2197 1361 2322 1425 λεὺς
2365 1361 2581 1432 Ἰσραὴλ
2615 1363 2696 1424 είς
2732 1357 3080 1432 Ἰερουσαλὴμ
3111 1347 3415 1430 πολεμῆσαι
3453 1359 3644 1429 αὑτήν.
3677 1359 3786 1413 Καὶ

2197 1455 2471 1525 ἀνηγγέλη
2495 1457 2574 1518 είς
2599 1454 2689 1508 τὸν
2712 1449 2857 1506 οἷκον
2883 1453 3067 1518 Δα6ὶδ,
3099 1452 3374 1520 λέγοντες·
3398 1452 3785 1524 Συνεφώνησεν

2210 1545 2390 1616 ’Λράμ
2422 1545 2557 1615 πρὸς
2584 1543 2674 1597 τὸν
2707 1543 2967 1614 Ἐφραῒμ,
2999 1543 3147 1596 τοῦτ’
3177 1543 3344 1609 ἔστιν,
3379 1545 3407 1596 6
3442 1543 3613 1612 Σύρος
3647 1544 3784 1615 πρὸς

2193 1638 2288 1694 τὸν
2325 1639 2389 1690 ὲκ
2435 1636 2608 1708 φυλῆς
2649 1635 2890 1707 Ἐφραῒμ
2942 1634 3293 1705 βασιλεύοντα
3344 1635 3455 1690 τῶν
3503 1637 3560 1689 ὲν
3595 1637 3782 1707 Σαμα·

508 1727 957 1794 quemadmodum
1017 1728 1071 1781 in
1126 1728 1260 1781 silva
1308 1728 1510 1796 lignum
1553 1742 1582 1778 a
1632 1734 1792 1779 vento
1831 1724 2095 1793 jactatum

2205 1728 2348 1800 ρείᾳ.
2400 1729 2510 1782 Καὶ
2550 1727 2738 1799 ἐξέστη
2771 1731 2804 1798 ἡ
2849 1726 2995 1798 ψυχὴ
3046 1727 3232 1792 αὐτοῦ,
3281 1728 3374 1782 καὶ
3409 1730 3443 1800 ἠ
3488 1729 3637 1800 ψυχὴ
3685 1728 3780 1783 τοῦ

508 1817 696 1886 Itaque
724 1815 995 1884 Ephraim,
1033 1816 1219 1871 relicto
1243 1818 1618 1870 universorum
1641 1813 1935 1870 Servatore
1963 1813 2098 1882 Deo,

2203 1820 2332 1874 λαοῦ
2385 1819 2573 1885 αὐτοῦ,
2611 1820 2669 1872 ὃν
2724 1822 2925 1891 τρόπον
2966 1821 3094 1873 ὅταν
3145 1823 3204 1874 ὲν
3257 1821 3448 1892 δρυμῷ
3497 1821 3649 1886 ξύλον
3681 1821 3789 1875 ὑπὸ

508 1907 732 1976 ejusque
778 1921 936 1960 manu
988 1917 1151 1976 atque
1203 1908 1406 1962 auxilio
1448 1908 1807 1979 parvipeaso,
1856 1908 2100 1962 Damasci

509 2000 878 2067 Syrorumque
905 2001 1194 2068 praesidem
1239 2001 1538 2068 adiutorem
1573 1994 1772 2056 ascivit
1808 2019 1821 2054 :
1875 2014 2104 2069 eamque

507 2090 577 2145 ob
605 2087 849 2155 causam,
901 2105 1014 2145 nec~
1052 2091 1326 2147 immerito
1378 2091 1605 2147 oﬂendit
1664 2094 1852 2148 Deum.
1902 2093 2102 2147 Dama-

511 2195 638 2235 scus
707 2182 911 2250 itaque,
967 2183 1164 2251 inquit,
1221 2192 1456 2248 vastata,
1511 2183 1662 2240 etin
1711 2183 2100 2238 desolationem

510 2271 748 2338 redacta,
778 2272 1106 2342 bellicasque
1153 2273 1496 2328 calamitates
1545 2274 1790 2338 subiens,
1859 2288 1964 2328 non
1994 2272 2101 2328 erit

508 2361 740 2430 amplius
795 2361 1020 2416 munitio
1057 2373 1114 2415 ut
1135 2363 1412 2433 confugiat
1452 2363 1728 2433 Ephraim,
1751 2364 1844 2419 sed
1879 2379 1975 2418 nec
1999 2363 2103 2419 erit

511 2452 566 2506 in
591 2468 653 2506 ea
702 2467 947 2522 regnum.
1001 2452 1320 2522 Quanquam
1363 2453 1562 2508 dixerit
1591 2455 1856 2525 quispiam
1879 2494 1894 2519 ,
1925 2453 2100 2508 Etiam

509 2552 632 2610 post
661 2542 935 2597 excidium
975 2543 1177 2598 inventi
1224 2551 1352 2598 sunt
1375 2546 1592 2614 quidam
1639 2560 1797 2614 reges
1829 2545 2098 2600 Damasct.

510 2632 751 2689 lleiniuit
797 2635 1020 2704 proinde
1049 2644 1104 2690 et
1131 2634 1332 2692 Paulus
1363 2637 1648 2706 inquiens:
1694 2656 1713 2689 ι
1742 2637 1797 2690 1η
1840 2637 2102 2694 Damasco

514 2725 800 2794 praefectus
827 2726 1026 2797 gentis,
1059 2727 1228 2783 Areta
1278 2743 1428 2797 rege,
1465 2727 1711 2796 quaesivit
1748 2739 1806 2782 ut
1847 2733 1932 2783 me
1955 2744 2104 2784 com-

511 2818 988 2885 prehenderet”.t
1029 2817 1217 2887 Itaque
1258 2832 1440 2872 sermo
1470 2819 1820 2888 propheticus
1849 2835 2098 2890 magnam

511 2909 806 2974 emphasim
884 2911 1067 2965 habet.
1131 2908 1246 2964 Non
1281 2912 1426 2965 enim
1488 2911 1719 2980 amplius
1760 2912 1873 2966 fore
1908 2915 1985 2966 ait
2013 2928 2102 2967 re-

511 3017 678 3072 guutn
711 3011 903 3070 potens
934 3003 986 3056 in
1046 3002 1312 3057 Damasco
1366 3012 1421 3058 et
1458 3004 1688 3068 illustre,
1723 3005 1938 3060 etiamsi
1979 3019 2101 3074 pos-

2205 1911 2515 1983 πνεύματος
2548 1911 2799 1982 σαλευθῇ.
2825 1913 3033 1966 Οὐκοῦν
3065 1915 3093 1965 ὁ
3127 1911 3366 1984 Ἐφραῖμ
3397 1912 3487 1966 τὸν
3518 1914 3624 1967 τῶν
3649 1914 3788 1967 ὅλων

2211 2005 2441 2074 Σωτῆρα
2469 2003 2600 2056 Θεὸν
2641 2002 3065 2067 καταλελοιπὼς,
3118 2007 3275 2074 χεῖρα
3324 2005 3417 2057 καὶ
3466 2005 3787 2076 ἐπικουρίαν

2201 2094 2383 2162 ὀλίγον
2425 2093 2709 2156 παντελῶς
2743 2091 2983 2158 ἀξιώσας
3027 2093 3208 2160 λόγου,
3241 2091 3333 2144 τὸν
3367 2090 3663 2162 Δαμασκοῦ
3693 2091 3790 2145 καὶ

2203 2187 2391 2258 Σύρων
2431 2184 2736 2257 ἡγούμενον
2782 2184 3134 2254 ὑπασπιστὴν
3178 2185 3436 2237 ἐποιεῖτο.
3467 2182 3688 2252 Ταύτης
3725 2200 3787 2235 τε

2202 2281 2366 2334 ἕνεκα
2393 2282 2494 2352 τῆς
2549 2277 2728 2341 αἰτίας
2758 2277 2852 2331 καὶ
2905 2277 3048 2349 μάλα
3095 2275 3324 2339 είκότως
3372 2275 3789 2346 προσκέκρουκε

2201 2371 2281 2443 τῷ
2321 2371 2458 2442 Θεῷ.
2497 2371 2562 2423 Ἦ
2597 2369 2777 2424 τοίνυν
2815 2367 3132 2439 Δαμασκδς,
3173 2367 3328 2436 φησὶ,
3377 2365 3791 2438 καταδῃωθεῖσὰ

2203 2484 2262 2521 τε
2295 2465 2390 2519 καλ⁵
2423 2464 2787 2536 ὴρημωμένη,
2838 2462 2932 2516 καὶ
2976 2461 3075 2525 τὰς
3107 2463 3174 2516 ὲκ
3215 2460 3308 2514 τοῦ
3360 2461 3603 2531 πολέμου
3649 2477 3789 2530 συμ-

2203 2559 2375 2630 φορὰς
2413 2556 2786 2625 ὑπομείνασα,
2828 2555 3012 2610 οὐκέτι
3049 2555 3204 2608 ἔσται
3249 2555 3421 2625 ὀχυρά
3467 2553 3562 2606 τοῦ
3615 2569 3788 2606 κατα-

2204 2652 2395 2720 φυγεῖν
2427 2649 2683 2720 Ἐφραῖμ.
2736 2647 2873 2701 Ἀλλ’
2898 2647 3020 2701 οὐδὲ
3052 2646 3204 2700 ἔσται
3244 2647 3302 2699 ὲν
3331 2646 3467 2716 αὐτῇ
3506 2644 3754 2715 βασιλεία
3773 2661 3785 2676 ·

2203 2743 2379 2796 καίτοι
2427 2743 2652 2812 φήσειεν
2685 2741 2751 2796 ἀν
2782 2757 2886 2804 τις,
2915 2740 3025 2793 Καὶ
3061 2739 3200 2810 μετὰ
3230 2737 3329 2810 τὴν
3374 2737 3643 2808 πόρθησιν
3687 2734 3791 2807 ηὖ-

2205 2833 2398 2906 ρηνταί
2423 2849 2567 2896 τινες
2609 2832 2984 2903 βασιλεύοντες
3008 2832 3106 2902 τῆς
3134 2831 3452 2901 Δαμασκοῦ.
3475 2829 3791 2900 Διαμέμνη-

2201 2940 2289 2977 ται
2325 2922 2455 2992 γοῦν
2487 2923 2580 2976 καὶ
2605 2923 2634 2975 6
2666 2922 2876 2986 Παῦλος
2907 2921 3082 2991 λέγων
3104 2962 3119 2986 ,
3149 2924 3231 2976 ὅτι
3267 2939 3284 2973 ‹
3327 2921 3415 2975 Ἐν
3452 2919 3731 2990 Δαμασκῷ
3758 2923 3791 2972 6

2203 3015 2472 3088 ἐθνάρχης
2515 3015 2710 3086 ’Δρέτα
2736 3013 2830 3067 τοῦ
2860 3013 3124 3086 βασιλέως
3152 3014 3415 3084 ἐζήτησεν
3455 3011 3618 3064 αὐτὸν
3657 3011 3790 3064 πιά-

515 3103 595 3145 tea
627 3094 892 3162 topareha:
919 3093 1137 3157 fuerint,
1203 3110 1295 3149 seu
1337 3095 1514 3164 potius
1548 3097 1784 3165 praefecti
1828 3097 2090 3160 tribuum,

2205 3123 2314 3160 σαι.
2347 3127 2364 3158 ι
2415 3106 2624 3160 Οὐκοῦν
2653 3109 2681 3160 6
2730 3106 2885 3176 λόγος
2927 3107 2956 3158 6
2994 3105 3334 3177 προφητικὺς
3388 3104 3628 3175 ἔμφασιν
3670 3103 3788 3173 ἔχει

511 3181 602 3246 qui
633 3189 810 3235 tamen
852 3183 964 3236 veri
1004 3199 1150 3252 regm
1183 3184 1523 3253 splendorem
1571 3201 1676 3240 non
1715 3195 1844 3241 sunt
1897 3188 2097 3256 adepti.

512 3269 627 3325 Non
657 3273 837 3342 itaque
867 3274 991 3337 erit,
1035 3274 1229 3343 inquit,
1267 3275 1318 3329 in
1347 3275 1609 3331 Dantasco
1645 3293 1894 3347 regnum,
1937 3281 2100 3332 etiam

513 3364 786 3417 residuum
842 3364 1100 3434 Syrorum
1136 3367 1188 3418 in
1221 3381 1282 3420 ea
1329 3367 1722 3430 debilitabitnr,
1767 3368 1818 3422 id
1843 3377 1948 3431 est,
1986 3368 2106 3423 tuti-

515 3470 668 3508 versa
711 3470 842 3524 gens
879 3455 932 3508 in
970 3471 1052 3510 ea.
1105 3455 1416 3525 Metropolis
1459 3458 1656 3512 etenim
1691 3459 1860 3529 Syria:
1905 3459 2102 3514 Dama-

514 3561 659 3600 scus.
705 3546 904 3602 Deinde
936 3547 1069 3601 dicit
1113 3548 1200 3601 ei:
1238 3547 1353 3601 Non
1382 3550 1525 3602 enim
1582 3561 1636 3603 tu
1685 3551 1873 3606 melior
1894 3566 1952 3606 es
1978 3551 2104 3606 (iliis

516 3637 699 3701 Israel,
725 3647 779 3691 et
810 3637 978 3708 gloria
1005 3654 1222 3694 eorum.
1258 3638 1416 3703 Nam,
1459 3641 1652 3709 inquit,
1684 3641 1729 3697 si
1759 3658 1862 3697 non
1890 3644 2102 3714 peperci

515 3728 648 3782 sorti
698 3728 1020 3797 distributae,
1046 3745 1110 3785 ac
1131 3733 1402 3799 deputata:
1437 3734 1591 3798 mihi,
1626 3735 1876 3789 nimirum
1898 3735 2108 3791 Israelio

515 3819 588 3872 tis
647 3819 700 3872 in
763 3835 849 3873 tne
892 3819 1348 3890 delinquentibus,
1389 3824 1574 3893 quidni
1599 3836 1652 3881 ttt
1679 3825 2000 3882 detrimenta
2037 3843 2104 3883 ex

513 3910 656 3966 bello
701 3913 987 3983 importata
1022 3916 1272 3971 omnibus
1303 3919 1476 3972 modis
1498 3920 1823 3990 sustineres,
1860 3921 2000 3980 nulla
2041 3923 2100 3977 in

517 4018 570 4060 re
592 4003 783 4059 lsraele
813 4005 1038 4060 melior?

2200 3201 2422 3271 πολλήν.
2487 3199 2685 3253 Οὐκέτι
2743 3199 2852 3270 γὰρ
2912 3197 3130 3251 ἔσεσθαι
3196 3215 3359 3268 φησιν
3409 3195 3636 3267 εὐσθενῆ
3691 3200 3790 3248 καὶ

2201 3293 2471 3364 ἐπίσημον
2496 3293 2553 3345 ὲν
2581 3293 2644 3364 τῇ
2673 3291 2952 3362 Δαμασκῷ
2983 3291 3284 3362 βασιλείαν,
3323 3291 3372 3343 εί
3409 3289 3501 3343 καὶ
3527 3290 3788 3358 γεγόνασι

2203 3384 2340 3455 μετά
2365 3385 2524 3438 τοῦτο
2550 3385 2822 3457 τοπάρχαι
2849 3383 2992 3446 τινὲς
3026 3383 3118 3436 καὶ
3141 3381 3401 3453 φύλαρχοι
3435 3379 3656 3452 μᾶλλον,
3689 3380 3789 3433 καὶ

2199 3477 2320 3546 οὐχὶ
2357 3476 2456 3548 τῆς
2492 3476 2724 3546 ἀληθοῦς
2773 3474 3049 3547 βασιλείας
3096 3475 3194 3546 τὴν
3237 3471 3598 3544 λαμπρότητα
3627 3489 3790 3543 περι-

2203 3569 2461 3638 κείμενοι.
2512 3568 2627 3621 Οὑκ
2665 3567 2816 3621 ἔσται
2867 3567 3046 3620 τοίνυν
3077 3568 3135 3619 ὲν
3183 3565 3460 3636 Δαμασκῷ
3495 3564 3743 3636 βασιλεία
3769 3605 3784 3628 ,

2201 3658 2365 3728 φησίν
2383 3675 2398 3689 ⁸
2433 3658 2686 3729 ἀτονήσει
2712 3659 2768 3711 δὲ
2795 3660 2892 3711 σὺν
2917 3659 3054 3730 αὐτῇ
3091 3658 3187 3710 καὶ
3214 3657 3275 3711 τὺ
3317 3656 3504 3709 λοιπον
3541 3655 3650 3710 τῶν
3677 3656 3784 3708 Σύ-

2203 3766 2332 3820 ρων,
2359 3749 2503 3802 τοῦτ’
2528 3749 2697 3812 ἔστιν,
2727 3749 2872 3803 ἅπαν
2899 3748 2960 3801 τὸ
2991 3748 3142 3811 ἔθνος
3164 3748 3228 3801 τὸ
3250 3747 3342 3800 ὑπ’
3371 3748 3529 3818 αὐτῇ.
3572 3745 3801 3818 Μητρό-

2201 3841 2356 3904 πολις
2397 3841 2506 3912 γὰρ
2561 3841 2758 3912 Συρίας
2806 3843 2838 3911 ἡ
2892 3840 3202 3912 Δαμασκός.
3255 3835 3388 3892 Εἷτα
3435 3839 3574 3910 πρὸς
3609 3841 3789 3908 αὐτήν

2202 3948 2373 4001 φησιν
2397 3949 2409 3962 ·
2445 3932 2519 3984 Οὐ
2555 3931 2664 4000 γάρ
2691 3932 2754 3984 σὺ
2796 3931 3020 4001 βελτίων
3047 3925 3098 3983 εἷ
3122 3931 3229 3985 τῶν
3254 3928 3386 3982 υἱῶν
3419 3928 3656 4000 Ἰσραὴλ,
3688 3938 3784 3987 καὶ

2200 4025 2298 4094 τῆς
2326 4024 2484 4095 δόξης
2512 4023 2715 4076 αὐτῶν.
2745 4023 2809 4076 El
2836 4024 2946 4094 γὰρ
2983 4023 3076 4076 καὶ
3114 4022 3339 4093 κλήρου,
3372 4022 3527 4092 φησὶ,
3562 4019 3659 4074 τοῦ
3695 4021 3795 4073 ἑκ-

512 4099 834 4168 νεμηθέντας
864 4101 987 4171 ὲμε)ὶ
1007 4139 1023 4165 ο
1050 4100 1193 4155 τοῦτ’
1213 4102 1385 4168 ἔστιν,
1415 4104 1523 4158 τῶν
1565 4107 1623 4174 ἐξ
1660 4107 1873 4183 Ἰσραὴλ
1904 4116 1984 4180 είς
2009 4118 2108 4190 ἐμὲ
2148 4120 2695 4191 πεπλημμεληκότων
2728 4119 2830 4172 οὐκ
2885 4119 3222 4190 ἐφεισάμην,
3259 4115 3378 4182 πῶς
3422 4117 3485 4170 οὐ
3514 4116 3692 4187 πάντη
3723 4131 3792 4169 τε

513 4196 606 4248 καὶ
662 4196 877 4258 πάντως
921 4195 1210 4267 ὑπομενεῖς
1243 4198 1338 4252 καὶ
1373 4199 1512 4272 αὑτὴ
1551 4202 1618 4256 τά
1651 4205 1716 4256 ἐκ
1748 4206 1840 4259 τοῦ
1877 4210 2116 4283 πολέμου
2147 4215 2318 4287 βλάϐη
2349 4215 2469 4268 κατ’
2500 4214 2652 4269 οὐδὲν
2679 4208 2814 4267 οὖσα
2845 4213 3066 4284 βελτίων
3091 4211 3185 4266 τοῦ
3227 4212 3486 4283 Ἰσραήλ;

587 4355 750 4410 Vsus.
787 4355 840 4410 ι.
880 4355 1006 4411 Haec
1063 4359 1188 4412 dicit
1239 4357 1496 4414 Dominus
1555 4361 1810 4432 Sabaoth,
1851 4366 1969 4423 Erit
2009 4373 2095 4428 die

2276 4376 2422 4431 Τάδε
2472 4376 2634 4446 λέγει
2679 4377 2896 4444 Κύριος
2933 4375 3200 4431 Σαϐαὼθ·
3236 4378 3444 4431 Ἔσται
3489 4375 3565 4447 τῇ
3595 4379 3794 4449 ἡμέρᾳ

509 4448 629 4512 ἀξία,
654 4447 872 4517 defectio
892 4449 1072 4517 ρίου-ἕω
1097 4449 1289 4516 Iacob,
1318 4464 1364 4506 et
1387 4454 1606 4523 pinguia
1627 4456 1808 4526 gloria:
1827 4460 1944 4530 ejus
1975 4480 2102 4518 con-

515 4541 928 4611 quassabuntur.

484 4661 490 4697 ξ
581 4654 742 4726 265
780 4651 1040 4710 Iacobum
1090 4655 1244 4710 hisce
1277 4655 1460 4712 verbis
1502 4659 1766 4724 nominat,
1799 4675 1863 4714 ex
1899 4660 2101 4719 Jacobo

513 4758 694 4809 natos,
747 4747 828 4800 rel
884 4748 1071 4802 decem
1127 4747 1300 4802 tribus
1351 4748 1402 4801 in
1435 4747 1682 4804 Samaria
1723 4761 1778 4806 et
1818 4753 2098 4810 dimidium

516 4837 687 4892 tribus
709 4837 987 4906 Ephraim,
1022 4853 1142 4908 qua:
1166 4847 1370 4893 tantum
1407 4856 1435 4893 a
1461 4841 1729 4896 charitate
1760 4858 1887 4912 erga
1921 4845 2090 4900 Deum

510 4927 860 4991 resiluerunt,
913 4939 966 4982 et
999 4945 1028 4981 a
1080 4945 1176 4998 spe
1203 4929 1392 4984 salutis
1446 4931 1497 4984 in
1533 4931 1646 4999 ipso
1675 4932 2009 5000 collocanda,
2034 4943 2094 4990 ut

510 5021 611 5076 sibi
638 5020 770 5089 ipsis
801 5020 1157 5085 confiderent,
1197 5031 1252 5076 et
1279 5023 1345 5076 de
1375 5023 1490 5078 sola
1514 5023 1855 5079 multitudine
1885 5037 1940 5080 et
1973 5027 2092 5097 glo-

511 5113 589 5166 ria
629 5114 796 5166 altum
853 5112 1197 5181 supercilium
1243 5114 1534 5184 erigerent.
1596 5114 1656 5168 Hi
1685 5127 1842 5171 erant
1902 5133 2088 5174 eorum

509 5217 712 5257 mores.
769 5203 945 5272 Atque
977 5205 1079 5259 hoc
1119 5205 1272 5258 nobis
1298 5207 1560 5273 propheta
1592 5205 1879 5262 manifesto
1912 5209 2092 5264 decla-

511 5304 613 5347 rat.
645 5293 785 5347 Dixit
817 5295 961 5348 enim
986 5295 1051 5347 de
1086 5293 1191 5348 Illis
1222 5293 1460 5350 :Glorize
1492 5311 1681 5350 eorum
1707 5313 1772 5351 ex
1807 5302 2091 5368 partubus,

507 5401 574 5439 ex
615 5388 937 5455 puerperiis,
976 5402 1041 5440 ex
1087 5387 1547 5456 conceptionibus.
1600 5387 1808 5455 Quibus
1867 5395 2088 5449 subdit:

513 5476 589 5530 Da
619 5477 744 5538 illis,
781 5479 1025 5533 Domine.
1073 5477 1213 5546 Quid
1266 5479 1419 5535 dabis
1451 5481 1602 5535 illis?
1651 5480 1726 5534 Da
1763 5481 1866 5537 illis
1899 5485 2092 5538 matri-

510 5580 628 5621 cem
654 5566 892 5634 elIetam,
937 5580 992 5625 et
1034 5586 1299 5627 mammas
1327 5572 1526 5628 aridas.
1562 5571 1678 5627 Erit
1703 5573 1885 5644 itaque
1911 5575 2012 5632 sub
2040 5575 2091 5630 id

588 5714 634 5747 “
660 5716 784 5773 Luc.
819 5736 982 5792 supra
1007 5725 1104 5780 cit.
1183 5724 1227 5755 "
1271 5721 1313 5777 ll
1355 5723 1477 5780 Cor.
1511 5739 1586 5790 ιι,
1618 5723 1706 5778 52.

1021 5881 1073 5920 Ο

2196 4466 2400 4536 ἐκείνῃ
2428 4467 2702 4536 ἔκλειψις
2736 4466 2848 4536 τῆς
2872 4467 3057 4535 δόξης
3096 4468 3323 4535 Ἰακὼϐ,
3368 4470 3466 4524 καὶ
3498 4470 3573 4523 τὰ
3602 4471 3796 4526 πίονα

2199 4555 2310 4626 τῆς
2342 4557 2528 4624 δόξης
2561 4558 2746 4637 amo
2780 4559 3188 4629 σεισθήσεται.

2283 4668 2478 4722 Ἰακὼϐ
2511 4672 2568 4723 ὲν
2621 4670 2838 4735 τούτοις
2881 4671 3136 4742 ὀνομάζει
3165 4674 3290 4737 τοὺς
3322 4675 3380 4741 ἐξ
3414 4675 3610 4728 Ἰακὼό
3633 4692 3812 4745 γεγο-

2198 4761 2376 4823 νότας,
2415 4762 2533 4831 ἢτοι
2560 4762 2660 4826 τὰς
2690 4765 2750 4816 ὲν
2777 4767 2844 4836 τῇ
2878 4765 3159 4836 Σαμαρείᾳ
3200 4765 3331 4820 δέκα
3367 4767 3560 4837 φυλὰς,
3597 4768 3695 4821 καὶ
3727 4771 3799 4824 τὸ

2197 4852 2367 4922 ἣμισυ
2405 4851 2581 4921 φυλῆς
2614 4853 2874 4926 Ἐφραῒμ,
2918 4856 2973 4908 αἵ
3013 4855 3264 4910 τοσοῦτον
3293 4857 3655 4930 ἀπεπήδησαν
3688 4863 3803 4928 τῆς

2200 4946 2278 5007 εις
2309 4943 2440 4997 Θεὸν
2470 4945 2712 5016 ἀγάπης,
2740 4947 2835 5000 καὶ
2869 4947 2962 5000 τοῦ
2999 4949 3097 5018 τὴν
3143 4948 3335 5002 ἐλπίδα
3377 4949 3472 5002 τοῦ
3513 4947 3801 5013 σώζεσθαι

2202 5035 2470 5087 ποιεῖσθαι
2520 5035 2720 5105 μᾶλλον
2763 5035 2849 5089 ἐπ’
2893 5036 3042 5106 αὐτῷ
3066 5080 3080 5104 ,
3114 5038 3255 5092 ὥστε
3308 5040 3401 5092 καὶ
3436 5041 3523 5109 ἐφ’
3568 5041 3802 5103 ἑαυτοῖς

2199 5124 2534 5192 πεποιθέναι,
2568 5127 2660 5179 καὶ
2691 5127 2900 5199 ὑψηλὴν
2930 5129 3230 5183 ἁνατείνειν
3262 5131 3432 5202 ὀφρὺν
3465 5132 3557 5184 ἐπὶ
3588 5131 3804 5204 πλήθει

2201 5215 2347 5284 μόνῳ
2387 5218 2483 5270 καὶ
2511 5217 2657 5290 δόξῃ.
2679 5214 2786 5272 Ἦν
2815 5221 3015 5291 τρόπος
3045 5216 3200 5286 οὗτος
3242 5224 3445 5286 αὐτοῖς.
3475 5225 3583 5277 Καὶ
3619 5227 3805 5282 τοῦτο

2193 5308 2325 5376 ἡμῖν
2359 5309 2732 5378 ἐναργέστατα
2768 5312 2929 5365 πάλιν
2960 5317 3243 5386 προφήτης
3281 5315 3470 5386 φησίν.
3493 5317 3638 5385 Ἔφη
3680 5317 3803 5386 γὰρ

2192 5397 2320 5464 περὶ
2343 5397 2542 5450 αὐτῶνθ
2567 5401 2632 5451 Ai
2662 5400 2810 5464 δόξαι
2837 5402 3015 5455 αὐτῶν
3039 5405 3103 5456 ὲκ
3125 5405 3296 5457 τόκων
3330 5405 3423 5457 καὶ
3453 5404 3668 5458 ὠδίνων
3701 5407 3806 5460 καὶ

2193 5486 2526 5558 σνλλήψεων.
2552 5489 2686 5544 Εἶτα
2717 5491 2928 5556 τούτοις
2971 5495 3254 5566 ἐπιφέρει·
3289 5496 3387 5559 Δὸς
3415 5498 3623 5561 αὐτοῖς,
3670 5498 3800 5550 Κύ-

2195 5594 2298 5648 ριε.
2343 5580 2407 5632 Τί
2436 5580 2627 5646 δώσεις
2666 5583 2880 5652 αὐτοῖς;
2918 5586 3012 5650 Δὸς
3049 5587 3228 5652 αὐτοῖς
3267 5589 3480 5659 μήτραν
3519 5589 3805 5644 ἀτεχνοῦ-
