4158 6302
556 318 677 376 427

1564 314 1622 369 S.
1661 310 1937 369 CYRILLI
1975 306 2447 365 ALEXANDRINI
2486 308 2804 365 ARCHIEP.

3727 312 3834 368 428

576 437 630 492 ni
689 435 780 506 qui
815 434 882 489 ab
907 433 1025 503 ipso
1056 430 1120 486 ad
1166 432 1486 500 agnitionem
1533 429 1777 483 veritatis
1802 429 1975 483 vocati
2008 439 2152 488 sunt.

2257 428 2350 481 τὸν
2380 426 2738 498 κεκλημένοις
2769 428 2849 490 είς
2882 427 3179 495 ἐπίγνωσιν
3214 426 3495 498 ἀληθείας.
3526 422 3833 482 ἐπιστέλλει

575 525 766 581 scribit
815 524 899 579 his
950 521 1164 575 verbis:
1204 538 1221 570 ι
1250 519 1305 575 Si
1348 520 1703 575 eruditionem
1737 520 2036 583 sustinetis,
2097 527 2155 571 ut

574 616 708 670 ﬁliis
734 614 900 669 vobis
950 625 1009 666 se
1054 609 1207 665 olicrt
1249 610 1386 664 Deus
1432 626 1444 661 :
1493 608 1614 678 quis
1668 607 1810 660 enim
1864 618 1947 662 est
1994 607 2151 671 lilius,

571 720 734 774 quem
785 718 888 757 non
944 702 1119 755 erudit
1169 701 1423 770 pater"?
1455 720 1472 752 ›
1539 701 1769 769 Apponit
1809 709 1869 754 et
1930 699 2019 752 illa
2085 713 2152 752 ex

578 796 861 863 Seriptura
917 793 1177 848 divinitus
1208 793 1506 862 inspirata;
1557 792 1719 846 infert
1748 790 1893 844 enim
1928 789 2151 843 statim:

554 905 601 963 ,ι
636 887 757 949 Fili,
802 901 869 940 ne
916 896 1233 939 contemnas
1283 883 1637 938 eruditionem
1685 881 1930 947 Domini;
1983 894 2156 950 neque

570 979 795 1036 delicias
833 978 900 1033 ab
949 977 1039 1032 illo
1069 986 1369 1046 correptus.
1398 975 1569 1041 Quem
1611 974 1753 1029 enim
1777 982 1926 1027 amat
1962 973 2148 1028 Domi-

544 1086 698 1134 -nns,
743 1070 1011 1139 castigat:
1043 1066 1277 1138 ﬂagellat
1323 1077 1503 1121 autem
1550 1080 1768 1120 onmem
1798 1064 1965 1118 lilium
1994 1078 2152 1132 quem

572 1159 913 1230 suscipit”.i
950 1158 1080 1214 Cum
1100 1159 1240 1211 enim
1266 1158 1435 1211 bonus
1457 1156 1527 1211 sit
1548 1156 1917 1209 universorum
1951 1154 2149 1221 npiiex,

579 1272 598 1305 ι
633 1267 821 1307 omnes
860 1248 975 1303 vult
1000 1247 1179 1301 salvos
1212 1261 1353 1311 esse,
1380 1255 1435 1300 et
1466 1247 1518 1299 in
1547 1245 1874 1314 agnitionem
1907 1245 2154 1299 veritatis

553 1342 848 1410 ,venire“.
886 1360 907 1392 ι
953 1339 1090 1393 Hinc
1117 1339 1282 1408 igitur
1314 1337 1522 1392 monuit
1554 1350 1696 1406 saepe
1734 1351 1831 1405 per
1867 1336 2157 1405 prophetas

556 1446 820 1501 sanctos,
855 1432 1148 1496 Israelitas,
1178 1433 1411 1485 maxime
1459 1445 1586 1486 vero
1617 1429 2154 1500 llierosolymitanos,

555 1526 664 1596 -qui
685 1525 750 1577 ad
784 1523 1083 1579 Samariam
1103 1523 1616 1592 commigraverunt.
1653 1519 1717 1574 Hi
1752 1531 1932 1574 autem
1962 1519 2157 1573 intem-

540 1626 829 1685 ..perantcr
851 1614 918 1668 ad
947 1614 998 1667 id
1023 1613 1163 1683 quod
1198 1615 1328 1683 ipsis
1362 1614 1613 1682 placitum
1649 1623 1736 1665 est
1791 1606 2179 1674 declinarunt,"

575 1720 632 1762 et
659 1707 767 1763 Deo
810 1716 1002 1760 natura
1040 1719 1104 1758 ac
1131 1722 1257 1761 vere
1286 1705 1561 1769 derelicto,
1598 1702 1832 1758 cultores
1861 1702 2154 1757 dastiiouio-

2257 519 2349 571 καί
2375 534 2562 588 φησιν’
2599 536 2618 568 ‹
2649 519 2709 570 Εἰ
2741 517 2990 571 παιδείαν
3030 517 3349 588 ὑπομένετε.
3395 517 3472 579 ὡς
3520 518 3657 581 υἱοῖς
3705 517 3836 588 ὑμῖν

2255 612 2623 683 προσφέρεται
2671 612 2702 665 6
2742 610 2895 674 Θεός’
2929 611 3013 673 τίς
3045 611 3154 681 γάρ
3192 613 3339 663 ἐστιν
3363 609 3476 672 υἱὸς
3505 608 3565 662 δν
3604 611 3667 664 οὐ
3710 628 3838 664 παι-

2254 703 2397 755 δεύει
2429 704 2648 773 πατήρ;
2682 721 2699 752 ι
2747 701 3089 773 ῐιαρατίθησι
3139 702 3196 754 δὲ
3227 700 3416 754 καὶτὰ
3464 702 3528 754 ὲκ
3579 701 3679 772 τῆς
3722 701 3838 756 θεο-

2257 792 2523 845 πνεύστου
2550 792 2793 862 Γραφῆς·
2820 791 3075 861 ἓπιςιέρει
3098 791 3206 863 γὰρ
3227 790 3407 855 εὐθύς·
3436 790 3589 855 «Tit,
3616 789 3699 861 ’μὴ
3729 790 3840 844 ὀλι-

2256 881 2427 952 γώρει
2481 882 2731 945 παιδείας
2787 882 3034 952 Κυρίου,
3098 882 3234 953 μηδὲ
3278 881 3471 935 ἐκλύου
3523 881 3616 935 ὑπ’
3670 880 3836 935 αὐτοῦ

2255 973 2631 1043 ἐλεγχόμενος.
2662 973 2759 1028 "Ov
2783 973 2892 1044 γὰρ
2913 975 3106 1044 ἀγαπᾷ
3126 973 3327 1044 Κύριος
3354 972 3618 1038 παιδεύει,
3645 986 3839 1043 μαστι-

2256 1068 2344 1133 γοῖ
2387 1066 2443 1119 δὲ
2491 1065 2668 1120 πάντα
2720 1066 2834 1119 υίδν
2885 1065 2944 1118 δν
2984 1065 3402 1136 παραδέχεται.»
3462 1064 3679 1138 Ἐπειδὴ
3728 1067 3838 1138 γάρ

2259 1158 2404 1208 ἐστιν
2424 1157 2629 1224 ἀγαθὸς
2657 1159 2685 1209 6
2714 1155 2824 1208 τῶν
2851 1157 2988 1209 ὅλων
3013 1155 3369 1229 δημιουργὸς,
3397 1157 3631 1221 «πάντας
3666 1157 3836 1211 ἐθέλει

2261 1250 2611 1319 σωθῆναιικαὶ
2632 1250 2711 1311 είς
2723 1248 3018 1317 ἐπίγνωσιν
3038 1247 3298 1319 ἀληθείας
3317 1248 3510 1303 ἐλθεῖν.
3523 1268 3542 1300 ι
3569 1248 3837 1323 Ταύτῃτοι

2258 1338 2612 1406 νενουθέτηκε
2670 1338 2990 1401 πλειστάκις
3020 1338 3109 1392 διὰ
3159 1336 3456 1409 προφητῶν
3505 1339 3674 1408 ἁγίων
3712 1341 3837 1403 τοὺς

2257 1430 2318 1497 ἐξ
2348 1431 2580 1500 αἵματος
2620 1429 2858 1502 Ἰσραὴλ,
2880 1430 3115 1501 μάλιστα
3139 1430 3195 1483 δὲ
3213 1430 3338 1493 τοὺς
3355 1429 3414 1494 ἐξ
3447 1430 3711 1502 Ἱεροσολύ
3720 1449 3837 1500 μων

2260 1524 2771 1594 μεταφοιτήσαντας
2800 1525 2879 1585 είς
2919 1524 3253 1593 Σαμάρειαν.
3290 1524 3353 1575 Oi
3402 1523 3461 1575 δὲ
3511 1518 3652 1593 ἦσαν
3682 1523 3841 1594 ἀσχέο

2252 1632 2365 1678 -τως
2397 1614 2490 1667 ἐπὶ
2521 1615 2582 1667 τὸ
2632 1615 2815 1677 αὐτοῖς
2860 1613 3052 1669 δοκοῦν
3091 1615 3534 1681 ἀπονενευκότες,
3587 1615 3681 1669 καὶ
3706 1616 3839 1667 Θεὸν

2259 1706 2495 1776 ἀφέντες
2533 1706 2624 1759 τὸν
2662 1707 2935 1774 φύσει-καὶ
2964 1705 3197 1778 ἀληθῶς,
3224 1705 3557 1776 θεραπευταὶ
3583 1705 3841 1775 γεγόνασι

550 1814 698 1853 rum
753 1798 1099 1860 exstiterunt,
1139 1807 1195 1851 et
1226 1797 1381 1850 idolis
1438 1795 1692 1849 inanimis
1730 1792 1930 1847 cultum
1960 1792 2155 1848 tribue-

2261 1798 2571 1866 δαιμονίων,
2600 1799 2694 1851 καὶ
2740 1796 2981 1860 εἰδώλοις
3029 1797 3258 1867 ἀψύχοις
3316 1796 3711 1868 προσεκόμιζον
3741 1796 3843 1859 τὰς

580 1899 727 1947 runt.
786 1889 920 1945 Cum
975 1904 1107 1943 vero
1132 1897 1279 1940 tanta
1342 1886 1648 1939 laborarent
1692 1882 2047 1953 ignoratione,
2103 1891 2155 1938 ul

2261 1888 2535 1961 λατρείας.
2570 1889 2793 1959 Ἐπειδὴ
2826 1889 2883 1941 δὲ
2933 1887 3069 1943 πολὺ
3096 1890 3217 1944 λίαν
3261 1891 3680 1960 ἁμαθαίνοντες,
3719 1890 3841 1943 οὐδὲ

554 1982 903 2050 resipiscere
954 1976 1251 2039 renuerint,
1305 1975 1518 2028 tandem
1556 1973 1695 2026 Deus
1744 1973 1968 2041 punivit.
2017 1970 2160 2037 Quos

558 2073 717 2128 “enim
778 2086 883 2125 non
920 2070 1112 2139 juvant
1137 2068 1320 2134 verba,
1365 2074 1537 2119 mutat
1568 2062 1805 2126 aﬂlictio,
1841 2075 2161 2118 convertens

562 2181 670 2220 eos
689 2164 832 2218 velut
854 2179 919 2217 ex
953 2162 1270 2217 necessitate
1290 2175 1355 2212 ac
1381 2157 1456 2221 vi,
1482 2156 1548 2210 ad
1571 2156 1625 2209 id
1647 2156 1788 2223 quod
1814 2155 1924 2208 Deo
1963 2155 2158 2222 placet.

550 2254 766 2309 ~Siinile
792 2253 920 2322 quid
949 2252 1224 2306 invenitur
1250 2249 1443 2302 beatus
1475 2258 1689 2315 quoque
1722 2243 1890 2299 David
1919 2244 2154 2299 dixisse:

572 2345 669 2401 aln
693 2346 843 2405 freno
859 2354 912 2398 et
933 2356 1085 2397 carno
1105 2338 1351 2394 maxillas
1371 2352 1558 2393 eorum
1580 2336 1916 2405 constringas
1930 2334 2018 2402 qui
2036 2349 2160 2404 pro—

573 2455 641 2509 pe
664 2438 729 2492 ad
767 2448 819 2490 te
843 2451 945 2488 non
992 2429 1370 2488 accedunt".t
1407 2426 1544 2482 Nam
1569 2426 2025 2496 quemadmodum
2065 2426 2156 2496 qui

567 2530 751 2599 pullos
774 2525 934 2599 267
957 2526 1184 2579 domare
1201 2521 1398 2585 solent,
1427 2531 1722 2584 earumque
1751 2532 1930 2571 rerum
1964 2516 2157 2585 periti,

558 2633 744 2690 equos
778 2618 1007 2671 ieriores
1057 2612 1124 2666 ad
1171 2624 1392 2665 cursum
1433 2610 1770 2663 moderatum
1822 2604 1993 2659 frenis
2051 2606 2160 2658 cir—

570 2715 869 2778 cumagunt
912 2723 927 2759 :
971 2705 1051 2758 sic
1096 2700 1473 2756 universitatis
1523 2700 1685 2763 Deus,
1735 2699 2055 2751 necessitate
2082 2697 2158 2752 lar

558 2800 725 2855 boris
772 2811 835 2850 ac
873 2793 1109 2858 doloris,
1153 2806 1296 2861 saepe
1329 2790 1497 2859 agitat
1541 2803 1607 2843 ac
1652 2786 2056 2848 circumﬂectit,
2104 2796 2160 2840 ut

561 2888 807 2957 ;rebe|lis
854 2895 911 2941 et
965 2883 1184 2939 elircnis
1236 2890 1386 2937 recte
1445 2880 1628 2934 vivere
1692 2880 1979 2935 desideret.
2030 2879 2159 2933 Tale

573 2981 705 3052 quid
735 2994 833 3034 usu
859 2976 1007 3032 venit
1050 2976 1100 3029 in
1134 2973 1379 3028 Samaria
1423 2971 1808 3035 habitantibus,
1859 2972 1949 3039 qui
2007 2980 2155 3040 post-

583 3086 746 3142 quam
776 3068 900 3124 belli
924 3065 1265 3122 calamitates
1295 3063 1699 3127 sustinuissent,
1728 3062 1815 3114 vix
1845 3061 2153 3130 punientem

553 3168 911 3233 agnoverunt.
929 3168 985 3214 et
1004 3155 1291 3221 offensum,
1329 3165 1383 3209 et
1409 3152 1685 3224 proﬂigato
1706 3152 1849 3206 cultu
1870 3152 2155 3216 idolorum,

571 3255 639 3309 ad
673 3261 917 3309 sanctum
970 3248 1185 3304 lsraelis
1240 3246 1456 3301 oculum
1497 3245 1693 3299 mentis
1743 3245 2155 3307 transtulerunt,

572 3345 645 3398 ab
690 3342 779 3395 illo
825 3340 1076 3394 nimirum
1132 3347 1511 3400 exspectantes
1551 3334 1668 3389 fore
1715 3335 2005 3396 auxilium,
2045 3342 2097 3387 et
2125 3348 2157 3387 a

556 3434 733 3488 .nialis
759 3433 860 3487 sibi
889 3431 1120 3485 invectis
1162 3429 1559 3483 liberationem.
1603 3425 1721 3482 Non
1752 3426 1931 3493 enim,
1963 3425 2155 3493 inquit,

570 3521 1170 3585 coiilidentaltaribus,
1211 3534 1309 3573 nec
1357 3516 1613 3587 operibus
1637 3532 1858 3571 suarum
1900 3532 2154 3570 manuum

574 3629 696 3682 qua:
725 3613 967 3667 fecerunt
990 3611 1142 3681 digiti
1171 3624 1382 3674 eorum,
1412 3619 1464 3663 et
1500 3624 1603 3663 non
1629 3608 1978 3663 intuebuntur
2004 3609 2157 3661 arbo-

561 3721 666 3763 res
700 3720 849 3769 suas,
880 3718 1053 3773 neque
1088 3703 1519 3757 abominationes
1546 3717 1692 3756 suas.
1726 3701 1983 3759 Solebant
2012 3702 2153 3755 enim

569 3798 838 3851 montium
888 3795 1122 3849 vertit-es
1164 3794 1558 3858 conscendere,
1603 3802 1658 3846 et
1702 3791 1803 3845 sub
1842 3807 2051 3861 quercu
2092 3807 2157 3846 ac

572 3887 806 3958 populo,
846 3885 1003 3941 sicuti
1051 3884 1311 3954 scripturn
1347 3894 1463 3948 est,
1501 3885 1867 3953 procumbere.
1903 3884 2155 3951 operibus

573 3994 797 4034 suarum
850 3992 1126 4033 manuum.
1181 3975 1288 4031 Sed
1320 3990 1448 4039 non,
1486 3975 1680 4044 inquit,
1732 3974 2156 4043 respicientam-

570 4072 714 4145 plius
760 4071 909 4134 inec,
967 4084 1087 4123 cum
1140 4068 1320 4136 reipsa
1367 4074 1424 4121 et
1469 4069 1835 4135 experimento
1868 4065 2155 4119 didicerint

576 4178 690 4216 rem
718 4176 839 4217 esse
872 4161 1082 4215 irritam
1118 4173 1185 4213 ac
1213 4174 1437 4227 prorsus
1465 4157 1854 4226 intrugiferam,
1883 4156 2154 4211 omnium-

568 4269 672 4324 que
692 4254 870 4322 potius
885 4266 1099 4306 causam
1119 4250 1484 4305 miseriarum.
1505 4248 1657 4303 lianc
1671 4249 1818 4304 enim
1840 4246 1911 4302 ob
1929 4261 2149 4302 causam

568 4350 869 4419 perierunt,
893 4356 950 4404 et
1001 4347 1189 4403 traditi
1222 4357 1349 4400 sunt
1379 4345 1632 4399 inimicis.
1669 4342 2148 4398 Consultissimum

2261 1981 2342 2033 ὅτι
2385 1984 2647 2052 προσήκοι
2710 1980 3142 2050 μεταγινώσκειν
3200 1983 3402 2046 αὐτοὺς
3458 1980 3838 2046 ὲῦουλεύοντο,

2250 2071 2445 2127 κλοιπὸν
2475 2072 2766 2135 ἐκολάζετο
2794 2072 3085 2138 Θεόςμοῆς
3114 2072 3221 2145 γὰρ
3255 2075 3370 2128 θούκ
3406 2074 3620 2145 ὀνίνησι
3648 2074 3804 2142 λόγος
3822 2115 3838 2136 ,

2264 2162 2555 2234 μεθίστησι
2595 2164 2777 2226 πόνος,
2804 2165 3154 2235 περιτρέπων
3173 2167 3370 2229 αὐτοὺς
3399 2165 3477 2230 ὡς
3508 2165 3568 2231 ἐξ
3593 2165 3841 2235 ἀνάγκης

2261 2255 2354 2306 καὶ
2389 2253 2510 2323 βίας
2540 2255 2634 2306 ἐπὶ
2665 2253 2725 2306 τὸ
2747 2255 2984 2327 ἀρέσκον
3013 2254 3153 2326 Θεῷ.
3194 2256 3447 2310 Τοιοῦτόν
3476 2256 3650 2310 τιηκαὶ
3677 2259 3706 2311 6
3736 2273 3844 2327 μα-

2260 2346 2453 2416 κάριος
2499 2344 2664 2399 Δαϐὶδ
2716 2346 3029 2417 εὑρίσκεται
3069 2346 3262 2415 λέγων·
3303 2365 3321 2397 ι
3379 2348 3467 2402 Ἐν
3497 2347 3705 2418 χαλινῷ
3746 2349 3843 2401 καὶ

2262 2436 2425 2507 κημῷ
2455 2438 2559 2500 τὰς.
2579 2440 2837 2506 σιαγόνας
2875 2439 3053 2493 αὐτῶν
3087 2439 3303 2508 ἄγξαις,
3337 2442 3443 2494 τῶν
3476 2442 3552 2512 μὴ
3595 2441 3844 2510 ἐγγιζόν-

2259 2546 2365 2580 των
2394 2528 2530 2600 πρὸς
2562 2529 2641 2583 σέ.
2683 2548 2702 2581 ι
2734 2530 2943 2601 Ὅνπερ
2985 2530 3096 2603 γὰρ
3128 2532 3326 2603 τρόπον
3372 2534 3421 2584 οἱ
3470 2531 3844 2603 πωλοδαμνέν

2259 2619 2530 2685 εἰωθότες,
2571 2621 2666 2674 καὶ
2709 2621 2882 2675 ταῦτα
2938 2624 3117 2692 σοφοὶ,
3169 2625 3557 2695 περιτρέπουσι
3605 2624 3843 2694 χαλινοῖς

2258 2713 2384 2773 τοὺς
2408 2712 2512 2764 τῶν
2546 2713 2728 2765 ἵππων
2762 2716 3132 2787 ἀγριωτέρους
3155 2718 3234 2779 είς
3264 2719 3603 2788 ἐπιστήμονα
3617 2717 3839 2788 δρόμον

2258 2801 2429 2865 οὕτως
2453 2804 2546 2855 καὶ
2572 2806 2600 2858 ὁ
2627 2804 2734 2857 τῶν
2763 2806 2900 2859 ὅλων
2934 2806 3088 2873 Θεὸς,
3109 2811 3228 2870 ταῖς
3251 2809 3314 2861 ὲκ
3343 2808 3520 2862 πόνων
3546 2809 3840 2878 ἀνάγκαις,

2250 2893 2572 2964 ιπεριίστησι
2621 2895 2939 2960 πλειστάκις
2980 2898 3062 2961 είς
3107 2899 3168 2950 τὸ
3211 2898 3429 2952 ἑλέσθαι
3479 2898 3629 2968 βιοῦν
3665 2900 3845 2970 ὀρθῶς

2256 2984 2348 3037 τὸν
2380 2984 2581 3054 ἀπειθῆ
2612 2988 2709 3038 καὶ
2765 2987 2997 3057 ὲξήνιον.
3030 2988 3284 3043 Τοιοῦτόν
3316 3007 3369 3043 τι
3406 2990 3757 3055 πεπονθότες,
3784 2993 3845 3044 οι

2259 3077 2316 3129 ἐν
2340 3078 2630 3149 Σαμαρείᾳ
2671 3080 3082 3151 κατῳκηκότες,
3139 3082 3280 3152 μετά
3313 3099 3377 3151 γε
3419 3083 3480 3135 τὸ
3514 3084 3705 3137 παθεῖν
3741 3083 3844 3148 τὰς

2263 3169 2328 3219 εκ
2356 3169 2451 3222 τοῦ
2481 3169 2721 3240 πολέμου
2738 3173 3051 3242 συμφορὰς,
3103 3173 3255 3242 μόλις
3283 3174 3600 3242 ἐπέγνωσαν
3625 3174 3717 3229 τὸν
3748 3192 3843 3228 κο-

2264 3254 2496 3320 λάζοντα
2524 3259 2622 3311 καὶ
2659 3259 3053 3332 λελυπημένον·
3081 3263 3177 3315 καὶ
3207 3263 3567 3317 ἀπεσείσαντο
3606 3266 3705 3334 μὲν
3740 3263 3842 3327 τὰς

2253 3345 2372 3398 τῶν
2397 3347 2630 3402 εἰδώλων
2653 3350 2927 3422 λατρείας,
2951 3352 3247 3421 μετέϐαλον
3277 3353 3334 3406 δὲ
3358 3356 3457 3423 τῆς
3484 3354 3724 3418 διανοίας
3746 3354 3841 3408 τὸν

2262 3438 2538 3510 ὀφθαλμὸν
2568 3443 2660 3495 ἐπὶ
2704 3443 2795 3496 τὸν
2825 3443 2980 3512 ἆγιον
3018 3444 3113 3497 τοῦ
3142 3445 3380 3517 Ἰσραὴλ,
3412 3449 3540 3517 παρ’
3569 3445 3736 3499 αὐτοῦ
3778 3446 3841 3501 δὲ

2246 3530 2503 3600 ’δηλονότι
2526 3534 2937 3604 προσδοκῶντες
2978 3535 3196 3591 ἔσεσθαι
3230 3538 3329 3609 τὴν
3369 3538 3708 3610 ἐπικουρίαν,
3743 3540 3841 3591 καὶ

2263 3621 2373 3676 τῶν
2397 3624 2844 3696 ἐπενηνεγμένων
2868 3628 3051 3692 αὐτοῖς
3068 3629 3253 3683 κακῶν
3276 3630 3375 3701 τὴν
3395 3632 3736 3702 ἀπαλλαγήν.
3759 3632 3836 3684 Οὐ

2261 3713 2370 3783 γὰρ
2392 3716 2466 3785 μὴ
2499 3716 2817 3774 πεποιθότες
2849 3714 2971 3786 ὦσι,
3001 3722 3187 3791 φησὶν,
3217 3723 3313 3775 ἐπὶ
3335 3726 3447 3786 τοῖς
3472 3722 3695 3793 βωμοῖς,
3716 3723 3838 3777 οὐδὲ

2260 3804 2353 3855 ἐπὶ
2407 3808 2517 3867 τοῖς
2559 3806 2740 3878 ἔργοις
2787 3807 2896 3861 τῶν
2938 3811 3140 3882 χειρῶν
3167 3812 3369 3875 αὐτῶν,
3402 3811 3438 3866 ὃ.
3489 3814 3749 3883 ἐποίησαν
3778 3816 3839 3867 «οἱ

2257 3896 2509 3950 δάκτυλοι
2533 3900 2732 3952 αὐτῶν
2778 3902 2872 3954 καὶ
2906 3903 3006 3955 οὐκ
3035 3904 3255 3974 ὄψονται
3292 3905 3361 3959 τὰ
3395 3905 3592 3978 δένδρα
3634 3905 3837 3972 αὐτῶν,

2252 3988 2378 4040 οὐδὲ
2404 3989 2472 4042 τὰ
2504 3989 2847 4062 βδελύγματα
2873 3993 3073 4051 αὐτῶν.
3119 3996 3277 4059 Ἐθος
3307 3997 3407 4066 μὲν
3427 3997 3533 4069 γὰρ
3552 3993 3623 4068 ἦν
3655 3998 3841 4062 αὐτοῖς

2256 4078 2354 4142 τὰς
2379 4080 2485 4133 τῶν
2513 4081 2655 4153 ὀρῶν
2687 4084 3125 4156 καταλαμϐάνειν
3146 4086 3412 4158 κορυφὰς,
3434 4092 3528 4142 καὶ
3580 4090 3840 4143 ὑποκάτω

2254 4168 2415 4242 δρυὸς
2452 4173 2546 4224 καὶ
2574 4171 2793 4245 λεύκης,
2835 4175 2976 4230 καθὰ
3005 4177 3337 4248 γέγραπται,
3381 4180 3704 4249 προσκυνεῖν
3726 4181 3839 4241 τοῖς

2256 4260 2440 4330 ἔργοις
2466 4262 2574 4315 τῶν
2604 4264 2752 4319 ἰδίων
2793 4267 3014 4337 χειρῶν.
3064 4268 3204 4322 Ἀλλ’
3243 4270 3427 4322 οὐκέτι
3472 4271 3685 4333 τούτοις
3733 4273 3837 4341 έμ-

2256 4350 2563 4421 6λέψονται,
2617 4356 2753 4426 φησὶ
2774 4397 2789 4421 ,
2820 4358 2987 4429 πείρᾳ
3027 4358 3288 4428 μαθόντες
3314 4359 3391 4422 ὡς
3418 4361 3623 4413 εἰκαῖον
3651 4361 3840 4423 αὐτοῖς

570 4444 753 4512 itaque
776 4450 860 4496 est
890 4455 1116 4506 cavere,
1147 4450 1201 4494 et
1234 4438 1484 4493 omnibus
1519 4436 1723 4490 viribus
1752 4436 1888 4490 iram
1915 4436 2148 4490 divinam

2257 4445 2348 4497 καὶ
2378 4445 2634 4516 ἀνόνητον
2678 4448 2950 4512 παντελῶς
2997 4448 3058 4501 τὸ
3104 4450 3295 4521 χρῆμά
3334 4453 3513 4517 ἐστιν,
3551 4450 3755 4521 μᾶλλον
3780 4451 3861 4506 δὲ’

567 4532 860 4596 declinare,
896 4542 951 4585 et
998 4545 1107 4586 non
1156 4528 1489 4598 experiendo
1514 4526 1726 4579 discere
1765 4525 1922 4579 malis
1962 4540 2154 4579 occur-

2257 4536 2346 4589 καὶ
2372 4538 2592 4608 ἀπάσης
2622 4541 2794 4594 αἴτιον
2832 4547 3134 4615 συμφορᾶς.
3171 4546 3388 4618 Ταύτης
3411 4547 3519 4617 γὰρ
3542 4548 3706 4602 ἕνεκα
3736 4548 3842 4618 τῆς

567 4638 727 4686 rere,
760 4622 854 4677 sed
893 4628 1018 4674 ante
1050 4618 1233 4689 potius
1267 4616 1462 4671 causas
1521 4622 1733 4667 mature
1760 4628 2058 4681 removere,
2083 4614 2152 4668 de

2257 4626 2449 4691 αἰτίας,
2509 4631 2603 4682 καὶ
2640 4630 2956 4697 διολώλασι,
3007 4614 3102 4689 καὶ
3151 4614 3388 4691 δέδονται
3423 4614 3549 4701 τοῖς
3598 4614 3842 4709 ἐχθροῖς.

564 4713 763 4784 quibus
790 4712 934 4767 Deus
968 4711 1129 4765 irasci
1168 4716 1402 4778 poterat,
1445 4706 1665 4773 Dcoqne
1703 4713 1993 4771 commoto,
2025 4715 2152 4759 ante

2257 4715 2509 4785 Ἀριστον
2531 4716 2623 4773 οὖν
2650 4721 2758 4791 ἄρα
2787 4723 2847 4776 τὸ
2873 4724 3236 4793 φυλάττεσθαι
3254 4730 3346 4782 καὶ
3366 4731 3529 4785 παντὶ
3553 4706 3844 4802 παραιτεῖ-

567 4808 777 4874 plagam
805 4811 860 4856 et
881 4801 1103 4856 verbera
1127 4799 1365 4869 turpiora
1394 4796 1667 4860 evitanda,
1687 4796 1885 4865 optima
1907 4796 2153 4851 excolen-

2257 4805 2378 4860 σθαι
2412 4808 2587 4864 σθένει
2635 4813 2733 4884 τὴν
2779 4814 2930 4870 θείαν
2961 4818 3150 4890 ὀργὴν,
3188 4821 3282 4874 καὶ
3332 4824 3407 4894 μὴ
3438 4822 3605 4894 πείρᾳ.
3637 4796 3845 4894 μαθεῖν

566 4896 657 4957 do,
687 4907 955 4963 omneque
980 4891 1194 4947 virtutis
1212 4904 1383 4961 genus
1402 4888 1728 4949 exercendo,
1750 4900 1870 4940 sese
1894 4902 2146 4956 purgare.

2257 4896 2567 4967 ἐκδέχεσθαι
2595 4905 2663 4955 τὰ
2688 4878 2859 4959 κακά.
2906 4878 3477 4978 Προσαποδύεσθαιιδὲ
3513 4878 3715 4985 μάλλον
3741 4915 3846 4968 καὶ

567 4988 715 5059 μάλα
743 4986 955 5060 γοργῶς
984 4987 1083 5051 τὰς
1115 4985 1315 5048 αῑτίαςο
1353 4985 1437 5053 ἐφ’
1478 4976 1566 5079 αἶς
1591 4982 1658 5035 ἂν
1700 4981 1972 5079 ὀργίζοιτο
2005 4983 2156 5048 Θεὸς.
2190 4992 2282 5042 καὶ
2311 4995 2420 5063 πρὸ
2476 4994 2691 5067 πληγῆς
2729 5001 2842 5063 ,καὶ
2888 4976 3155 5072 μάστιγος
3193 4976 3580 5076 ἀπολογεῖσθαι
3601 5008 3845 5079 λελυπη-

567 5084 716 5154 μένῳ
735 5082 823 5139 διά
855 5098 919 5151 γε
947 5081 1041 5135 τοῦ
1068 5079 1451 5150 παραιτεῖσθαι
1498 5076 1600 5149 μὲν
1635 5078 1704 5130 τὰ
1768 5077 1986 5146 αἰσχίω,
2012 5083 2179 5152 τιμᾷν
2249 5085 2307 5138 δὲ
2365 5089 2433 5142 τὰ
2488 5091 2786 5163 κάλλιστα,
2844 5098 2939 5150 καὶ
2997 5100 3174 5153 πάντα
3236 5102 3437 5173 τρόπον
3493 5076 3847 5174 ἐπιτηδεύειν

565 5191 786 5248 αρετης.

636 5288 804 5347 Vens.
834 5288 891 5354 9,
924 5287 1012 5343 ιο.
1054 5287 1150 5341 Die
1194 5288 1290 5340 illa
1327 5298 1477 5341 erunt
1523 5289 1786 5342 derelictm
1827 5290 1977 5344 nrbes
2004 5302 2140 5356 tum,

564 5381 1000 5451 quemadmodum
1053 5380 1373 5448 reliquerunt
1424 5380 1747 5443 Aman/uri.
1794 5393 1841 5435 et
1894 5381 2071 5447 Emi,
2112 5401 2145 5437 η

567 5474 704 5539 facie
736 5471 973 5541 μίσημα
1009 5470 1263 5538 lucetis,
1303 5484 1350 5526 et
1399 5480 1553 5525 enim
1589 5473 1860 5538 desolate,
1894 5475 2142 5543 quoniam

2328 5293 2409 5364 Τῇ
2436 5296 2627 5365 ἡμέρᾳ
2684 5300 2888 5371 ἐκείνῃ
2941 5304 3188 5360 ἔσονται
3231 5310 3291 5361 αὶ
3336 5311 3545 5373 πόλεις
3592 5327 3713 5367 σου
3743 5313 3846 5384 ἑτι

2252 5389 2819 5458 καταλελειμμέναι,
2893 5393 2968 5447 ὃν
3032 5397 3256 5462 τρόπον
3323 5398 3724 5468 ἐγκατέλιπον
3783 5411 3847 5462 οῖ

2264 5474 2593 5544 Ἀμορῤαῒοι
2644 5480 2746 5534 καὶ
2799 5485 2855 5536 οι
2918 5481 3124 5538 Εὐαῖοι
3179 5486 3300 5541 ἀπὸ
3355 5490 3684 5558 προσώπου
3716 5493 3846 5548 τῶν

641 5670 682 5702 ³¹
713 5672 877 5729 Hebr.
910 5675 1081 5741 xn,7.
1159 5677 1202 5707 ⁸⁸
1225 5676 1356 5730 ibid.
1401 5676 1454 5743 5,
1487 5675 1551 5740 6;
1592 5673 1751 5729 Prov.
1784 5688 1864 5739 Ill,
1896 5673 1982 5739 lt,
2009 5672 2095 5729 12.

2257 5672 2536 5733 lTimoth.
2569 5692 2629 5748 tt,
2657 5678 2710 5733 ι.
2788 5678 2997 5754 δοδΡειιΙ.
3031 5698 3183 5751 xm,
3212 5686 3265 5742 9.
