4158 6302
314 254 424 311 429

1433 262 1504 320 ΙΝ
1548 265 1780 323 iSAIAM
1822 269 1947 326 LIB.
1989 271 2057 326 ΙΙ.
2100 271 2340 333 TOMUS
2377 275 2461 331 lli.

3424 320 3433 333 ο
3480 291 3588 353 διο

313 371 461 425 υἱῶν
489 373 746 445 Ἰσραήλ·
779 378 875 430 καί
905 377 1148 431 ἔσονται
1176 377 1405 449 ἔρημοι,
1427 379 1576 434 διότι
1606 382 1877 451 ἐγκατέλι

1977 439 1978 443 η
2010 388 2332 459 dereliquisli
2367 388 2529 443 Deum
2560 388 2881 449 Structorem
2900 406 3075 457 tuum.
3108 410 3155 452 et
3185 399 3398 457 Domini
3424 410 3587 477 adju-

311 476 423 527 πες
456 463 566 517 τὸν
593 465 744 519 Θεὸν
764 467 872 520 τεν
907 468 1153 538 Σωτῆρά
1193 482 1330 537 σου,
1381 471 1479 524 καὶ
1523 474 1744 540 Κυρίου
1793 472 1900 528 τοῦ

303 553 542 621 ,βοηθοῦ
568 570 693 608 ’σου
714 558 825 609 οὐκ
855 557 1183 627 ἐμνήσθης.

392 643 482 708 Ἐξ
522 643 705 698 αὐτῶν
735 646 1019 700 ἀναπείθει
1056 648 1168 701 τῶν
1231 651 1657 723 συμϐεϐηκότων
1697 655 1896 708 ἐννοεῖν

306 732 389 786 ὅτι
418 731 643 801 γέγονεν
700 734 882 799 αὐτοῖς
938 734 999 800 ἐξ
1050 737 1410 811 ἀντιστρόφου
1454 741 1523 794 τὰ
1569 745 1892 814 πράγματα.

307 822 477 877 Πάλιν
507 824 608 893 μὲν
638 825 746 898 γὰρ
766 826 979 881 ἐνίκουν
1012 830 1430 902 ἐπικουροῦντος
1477 833 1611 887 Θεοῦ
1630 875 1644 899 ,
1676 837 1769 889 καὶ
1797 855 1894 905 φο-

300 914 458 988 ϐεροί
480 933 626 979 τινες
652 912 794 988 ἦσαν
822 922 946 983 ταῖς
972 919 1081 974 τῶν
1124 921 1291 975 ἐθνῶν
1319 924 1507 977 πόλεσί
1556 944 1615 979 τε
1651 929 1744 981 καὶ
1789 929 1894 999 χώ-

306 1024 450 1078 ραις.
487 1002 650 1063 Εἷλον
687 1010 797 1082 γὰρ
843 1012 1014 1076 αὐτὰς
1070 1013 1343 1086 ἀνιδρωτὶ,
1402 1020 1893 1090 κατευμαρίζοντος

304 1102 491 1165 αὑτοῖς
508 1103 606 1157 τοῦ
640 1102 776 1158 Θεοῦ
806 1107 916 1159 πᾶν
960 1106 1083 1160 ὅσον
1112 1103 1180 1179 ἧν
1203 1107 1428 1174 ἄναντες
1453 1129 1515 1164 τε
1547 1114 1641 1166 καὶ
1663 1114 1892 1187 δυσήνυ-

301 1204 418 1247 τον.
461 1194 683 1268 Ἐπειδὴ
725 1197 785 1251 δε
838 1197 939 1268 τῆς
989 1199 1214 1253 ἐκείνων
1258 1202 1604 1275 ἀνοσιότητος
1634 1206 1891 1275 γεγόνασι

304 1285 562 1355 μιμηταὶ,
590 1285 752 1339 δειλοὶ
770 1286 869 1340 καὶ
892 1287 1153 1343 εὐάλωτοι
1176 1289 1294 1342 κατ’
1316 1292 1556 1356 ἐκείνους
1582 1296 1886 1364 γεγόνασιν.

313 1377 668 1450 Ἦρήμωνται
693 1379 802 1451 γὰρ
842 1381 901 1435 αἱ
942 1377 1127 1446 πόλεις
1174 1383 1373 1447 αὐτῶν,
1410 1388 1503 1440 καὶ
1535 1389 1889 1460 κατελείφθη-

302 1485 404 1523 σαν
432 1470 541 1525 ὑπὸ
564 1471 670 1525 τῶν
699 1473 1098 1528 κατοικούντων
1122 1476 1179 1530 ἐν
1209 1475 1419 1545 αὐταῖς,
1469 1481 1610 1535 κατά
1647 1483 1738 1536 τὸν
1775 1484 1887 1537 ἴσον

299 1560 524 1631 τρόπον,
565 1561 688 1615 καθ’
709 1561 769 1615 ὃν
800 1565 850 1617 oi
882 1564 1070 1618 Εὐαῖοι
1102 1565 1195 1618 καὶ
1237 1567 1552 1640 Ἀμορῤαῖοί
1599 1588 1726 1625 ποτε
1773 1577 1886 1635 τοῖς
1933 1619 1945 1631 .

300 1649 481 1704 αὐτῶν
527 1650 734 1721 ξίφεσιν
767 1653 994 1709 ἔπιπτον
1017 1654 1417 1731 δαπανώμενον
1435 1662 1639 1734 ἐναργῆ
1662 1662 1718 1715 δὲ
1751 1665 1885 1718 καθα
1919 1695 1960 1749 Β

301 1743 483 1815 ίστησι
532 1744 631 1817 τὴν
673 1748 856 1802 αἰτίαν
884 1748 1046 1814 εὐθὺς
1080 1751 1174 1805 τοῦ
1198 1752 1338 1824 πρὸς
1364 1753 1524 1808 τοῦτο
1551 1756 1887 1809 κατολισθεῖν

298 1834 585 1900 ἀσθενείας
615 1838 834 1905 αὐτοὺς,
876 1841 970 1894 καὶ
1000 1841 1098 1912 τὴν
1130 1841 1303 1907 οὕτως
1354 1844 1535 1918 ἀπηνῆ
1572 1848 1664 1900 καὶ
1705 1840 1885 1901 δύσοιο

300 1943 426 1981 στον
449 1928 739 2000 ὑπομεῖναι
766 1934 1070 2007 συμφοράν·
1101 1935 1488 2004 Ἐγκατέλιπες
1515 1938 1625 2011 γὰρ
1644 1939 1736 1994 τὸν
1753 1940 1885 1994 Θεὸν

296 2020 388 2072 τὸν
419 2020 651 2092 Σωτῆρά
676 2039 793 2089 σου,
820 2025 976 2095 φησὶ,
1006 2026 1102 2079 καὶ
1129 2027 1333 2099 Κυρίου
1377 2028 1472 2081 τοῦ
1494 2028 1631 2082 Θεοῦ
1658 2047 1752 2085 σου
1786 2032 1884 2085 οὐκ

294 2107 595 2181 ἐμνήσθης.
620 2110 746 2164 Δέον
770 2111 881 2182 γὰρ
901 2113 1242 2187 εὐχαριστεῖν
1262 2115 1350 2183 ἐφ’
1365 2111 1446 2181 οἷς
1466 2119 1881 2191 εὐηργέτηνται,

294 2196 453 2252 τοῦτο
476 2199 576 2269 μὲν
609 2199 849 2268 δουλείας
909 2207 1011 2273 τῆς
1061 2205 1120 2258 ἐν
1160 2205 1419 2280 Αἰγύπτῳ
1444 2208 1880 2282 λελυτρωμὲνοι,

292 2287 451 2342 τοῦτο
476 2289 534 2345 δὲ
564 2294 1036 2364 κατακρατοῦντες
1068 2297 1298 2367 ἐχθρῶν,
1339 2301 1436 2354 καὶ
1482 2303 1881 2375 καταδῃοῦντες

290 2379 390 2441 τὰς
429 2380 614 2444 πόλεις
634 2381 743 2434 τῶν
772 2382 1205 2454 ἀνθεστηκότων,
1239 2388 1400 2442 τοῦτο
1447 2389 1504 2442 δέ
1547 2392 1629 2444 ὃτι
1676 2392 1772 2446 καὶ
1801 2394 1880 2456 εἰς

289 2470 463 2541 αὐτὴν
489 2473 952 2544 είσεκομίσθησαν
981 2476 1083 2546 τῆς
1130 2480 1460 2548 ἐπαγγελίας
1487 2482 1588 2552 τὴν
1626 2483 1749 2553 γῆν⁶
1786 2500 1882 2536 πο-

287 2564 462 2634 νηρὰς
491 2565 729 2634 ἀμοιδάς
757 2567 1115 2638 ἀντεκόμιζον
1134 2569 1213 2642 τῷ
1242 2573 1487 2645 Δεσπότῃ
1519 2575 1882 2647 προσκρούον-

287 2669 379 2718 τες
408 2655 602 2719 ἀδεῶς,
638 2654 735 2709 καὶ
760 2659 822 2711 οὐ
856 2658 979 2711 καθ’
1019 2660 1116 2713 ἕνα
1143 2661 1440 2727 λυποῦντες
1472 2666 1694 2736 τρόπον,
1747 2668 1881 2723 ἀλλὰ

284 2745 459 2813 νόμου
490 2747 588 2815 μὲν
622 2746 716 2799 τοῦ
754 2746 1116 2820 διωρισμένου
1152 2751 1241 2805 διὰ
1292 2752 1386 2807 τοῦ
1428 2757 1704 2826 πανσόφου
1749 2758 1879 2812 Μω-

293 2835 435 2897 σέως
467 2835 638 2906 μικρά
668 2838 863 2909 κομιδῇ
895 2840 1298 2911 φροντίσαντες,
1338 2845 1798 2912 ἀπολακτίσαντες
1821 2849 1877 2902 δὲ

294 2923 581 2987 παντελῶς
609 2925 707 2995 τὴν
743 2928 824 2991 είς
846 2927 979 2980 Θεὸν
1008 2930 1307 2997 εὐσέὄειαν,
1334 2935 1427 2986 καὶ
1467 2934 1696 3007 ἀψύχοις
1721 2934 1875 3002 ὕλαις

2003 482 2131 532 toris
2163 482 2239 532 lui
2270 498 2374 535 non
2410 488 2682 537 recordata
2709 503 2782 539 es.

2071 655 2149 709 Ex
2183 657 2269 712 his
2303 674 2421 724 qua:
2447 660 2759 716 acciderunt
2782 666 3047 722 certiores
3081 684 3175 723 eos
3202 669 3349 739 facit,
3376 674 3427 727 in
3453 691 3581 732 con-

2003 747 2231 800 trarium
2282 747 2391 804 illis
2439 766 2527 806 res
2568 752 2841 809 evenisse.
2894 748 3090 811 iterum
3138 761 3283 815 enim
3335 764 3586 822 vicerunt

1996 835 2296 892 auxiliante
2330 834 2472 906 Deo,
2515 849 2572 895 et
2614 843 2852 911 gentium
2912 842 3135 903 urbibus
3178 858 3237 904 et
3285 855 3580 920 provinciis

1996 923 2369 986 formidabiles
2391 932 2629 988 inerunt.
2649 933 2922 1003 Ceperunt
2937 939 3080 993 enim
3104 956 3197 996 eas
3215 943 3332 997 sine
3354 946 3573 1013 sudore,

1997 1017 2107 1073 Deo
2130 1021 2234 1075 illis
2264 1021 2620 1081 distribuente
2656 1028 2919 1098 quidquid
2952 1034 3178 1088 ardqun
3207 1046 3326 1091 erat
3358 1046 3413 1091 et
3439 1038 3579 1094 dim-

1995 1109 2117 1164 cile.
2149 1108 2441 1183 Postquam
2473 1128 2654 1170 autem
2695 1119 2991 1189 impietatis
3031 1138 3222 1180 eorum
3273 1109 3590 1187 imitatores

1993 1200 2119 1255 facti
2144 1211 2298 1266 sunt,
2325 1206 2623 1263 mcticulosi
2655 1223 2964 1278 evaserunt,
2989 1226 3044 1268 et
3075 1214 3234 1272 facile
3271 1222 3389 1290 capi
3425 1236 3575 1289 pote-

1992 1302 2138 1350 rant.
2209 1296 2266 1348 ιιι
2324 1296 2668 1353 solitudinem
2731 1302 2874 1356 enim
2938 1306 3170 1361 redacta:
3226 1321 3353 1364 sunt
3411 1315 3574 1369 nrbes

1990 1392 2199 1446 eorum,
2243 1392 2297 1438 et
2337 1385 2607 1440 derelictae
2634 1399 2763 1442 sunt
2807 1392 2875 1445 ab
2911 1388 3076 1463 368
3119 1395 3570 1465 inhabitantibus,

1989 1483 2096 1542 quo
2130 1475 2290 1529 modo
2328 1476 2467 1531 Evati
2516 1478 2669 1545 olim,
2703 1491 2758 1535 et
2786 1483 3087 1538 Amorrltzei
3109 1523 3125 1550 ,
3156 1501 3342 1541 eorum
3377 1489 3571 1560 gladiis

1989 1565 2340 1620 conciderunt
2367 1572 2707 1640 consumpti;
2749 1574 3163 1645 evidentemque
3194 1593 3418 1635 causam
3449 1585 3572 1639 red-

1990 1654 2090 1717 dit,
2125 1670 2224 1710 cur
2259 1660 2394 1712 adeo
2437 1660 2703 1718 debilitati
2736 1674 2790 1718 et
2821 1665 3090 1723 imtninuti
3129 1669 3349 1740 fuerint,
3380 1681 3437 1727 et
3468 1687 3570 1729 cur

1995 1755 2103 1800 tam
2153 1750 2424 1805 crudelem
2471 1769 2534 1807 ac
2583 1754 2970 1811 intolerandam
3000 1760 3364 1817 calamitatem
3397 1766 3566 1819 susti-

1993 1840 2241 1893 nuerint:
2274 1840 2617 1913 Dercliquisti
2645 1848 2787 1901 enim
2817 1846 2981 1902 Deum
3009 1843 3354 1907 Serratorem
3391 1864 3562 1918 tuum.

1992 1928 2189 1997 inquit,
2219 1940 2273 1983 et
2308 1929 2518 1987 Domini
2556 1933 2647 1990 Dei
2678 1939 2941 2009 adjutoris
2973 1940 3045 1995 tui
3093 1957 3201 1996 non
3246 1945 3564 2002 recordatus

1987 2034 2066 2071 es.
2110 2016 2245 2073 Cum
2280 2023 2424 2077 enim
2458 2039 2552 2080 eos
2584 2029 2786 2098 gratias
2832 2046 2992 2101 agere
3036 2045 3310 2103 oporteret
3362 2038 3430 2093 de
3478 2039 3563 2094 his

1986 2112 2183 2180 quibus
2213 2112 2389 2169 aﬂ’ecti
2423 2128 2550 2171 sunt
2589 2114 2885 2187 beneﬁciis,
2920 2126 3116 2193 partim
3138 2127 3261 2197 quia
3292 2143 3357 2182 ex
3385 2130 3560 2185 servi-

1988 2210 2099 2255 tute
2117 2201 2438 2274 Egyptiaca
2470 2209 2732 2281 redempti
2760 2224 2904 2280 sunt,
2934 2216 3127 2294 partim
3154 2218 3280 2287 quia
3312 2220 3562 2279 hostibus

1983 2297 2291 2363 superiores
2324 2298 2451 2354 facti
2476 2309 2623 2366 sunt,
2655 2313 2709 2357 et
2739 2307 3175 2364 adversariorum
3210 2310 3373 2367 urbes
3393 2314 3559 2383 depoo

1983 2387 2340 2457 pulabant‘ur;
2383 2394 2580 2461 partim
2608 2396 2773 2450 etiam
2797 2399 2921 2467 quia
2957 2400 3009 2453 in
3042 2400 3211 2471 ipsam
3245 2404 3560 2473 promissio.

1982 2479 2068 2532 nis
2100 2489 2298 2534 terram
2346 2481 2548 2539 iuerint
2580 2487 2871 2543 introducti
2901 2505 2916 2542 :
2967 2491 3043 2544 illi
3098 2492 3327 2549 Domino
3355 2496 3556 2550 malum

1982 2570 2354 2641 rependebant
2381 2590 2572 2632 secure
2597 2573 2952 2648 oii‘endentes,
2989 2597 3086 2638 nec
3112 2599 3218 2639 uno
3246 2586 3406 2641 modo
3434 2603 3558 2643 cru-

1980 2662 2205 2732 ciantes,
2236 2665 2328 2720 sed
2359 2666 2530 2738 legem
2561 2669 2725 2724 etiam
2756 2686 2855 2741 per
2887 2673 3345 2741 sapientissimum
3369 2676 3556 2734 Mosen

1978 2753 2299 2823 descriptam
2347 2769 2446 2825 pro
2501 2759 2725 2813 minimo
2767 2763 3048 2832 ducentes,
3093 2764 3290 2821 divina:
3342 2782 3558 2838 quoque

1977 2842 2219 2912 religioni
2252 2861 2478 2916 prorsus
2506 2848 2934 2920 recalcitrantes,
2977 2864 3033 2910 ct
3077 2856 3332 2914 inanimis
3380 2871 3556 2917 male.

1980 2936 2074 2991 riis
2104 2941 2505 2997 venerationem
2528 2944 2902 3012 attribuentes,
2933 2946 3114 3002 vitulis
3147 2950 3329 3005 aureis
3366 2952 3553 3008 dicen-

284 3013 584 3079 dvaOévre;
608 3017 668 3069 τὸ
695 3017 876 3081 σέϐας,
909 3021 1188 3092 είρηκότες
1224 3023 1281 3076 δὲ
1310 3026 1429 3089 ταῖς
1459 3025 1724 3095 δαμάλεσι
1754 3032 1876 3091 ταῖς

1982 3041 2061 3086 tes
2095 3050 2110 3087 :
2151 3051 2170 3085 ι
2207 3032 2272 3088 Hi
2294 3035 2364 3089 dii
2405 3038 2504 3101 tui,
2539 3034 2727 3100 Israel,
2754 3039 2846 3107 qui
2881 3040 3209 3096 reduxerunt
3236 3051 3287 3098 te
3315 3044 3381 3097 de
3409 3054 3551 3101 terra

284 3110 545 3178 χρυσαῖς·
572 3126 588 3159 ι
614 3103 772 3163 Οὗτοι
802 3113 849 3163 oi
882 3111 993 3166 θεοί
1020 3129 1134 3180 σου,
1175 3116 1409 3189 Ἰσραὴλ,
1447 3119 1644 3183 οἵτινες
1669 3122 1871 3192 ἀνήγα-

284 3200 380 3265 γόν
416 3216 475 3252 σε
504 3203 567 3252 ἐκ
601 3202 703 3272 γῆς
732 3203 1033 3272 Αἰγύπτου.
1064 3225 1082 3256 ι
1124 3205 1259 3261 Ὅτε
1317 3210 1495 3264 τοίνυν
1524 3211 1690 3282 ἐσμὲν
1733 3214 1873 3283 μετά

279 3290 441 3354 Θεοῦ,
477 3292 546 3346 τά
576 3294 743 3347 αὑτοῦ
773 3295 1015 3366 δηλονότι
1055 3304 1270 3371 φρονεῖν
1330 3302 1740 3369 σπουδάζοντες,
1778 3309 1871 3361 καὶ

284 3382 354 3435 τά
376 3383 526 3455 αὐτῷ
556 3385 688 3454 φίλα
714 3387 1013 3459 κατορθοῦν
1063 3393 1347 3464 ᾑρημένοι·
1378 3395 1499 3448 τότε
1553 3397 1617 3468 δὴ
1653 3399 1869 3463 πάντως

282 3475 565 3546 κρείττους
598 3478 839 3548 ἐσόμεθα
873 3481 981 3534 τῶν
1007 3482 1239 3554 ἐχθρῶν,
1270 3487 1365 3539 καὶ
1413 3489 1733 3559 πατήσομεν
1766 3493 1865 3561 ἀρ-

282 3566 405 3634 χὰς,
440 3567 533 3619 καὶ
559 3566 827 3633 ἐξουσίας,
855 3570 948 3622 καὶ
970 3574 1095 3634 τοὺς
1127 3576 1579 3649 κοσμοκράτορας
1606 3580 1699 3632 τοῦ
1743 3583 1868 3634 σκό-

281 3670 406 3722 τους
435 3659 629 3713 τούτου
657 3661 725 3714 τά
764 3664 1111 3735 πνευματικά
1161 3666 1260 3737 τῆς
1289 3668 1576 3738 πονηρίας,
1612 3671 1733 3724 τότε
1764 3690 1866 3725 πε-

285 3751 601 3820 ριεσόμεθα,
637 3753 733 3807 καὶ
772 3755 919 3825 μάλα
954 3755 1191 3825 γοργῶς,
1239 3757 1350 3810 τῶν
1395 3760 1637 3812 ἐκτόπων
1666 3762 1866 3832 ήδονῶν

281 3842 518 3896 καὶτῶν
574 3843 677 3914 τῆς
739 3850 939 3918 σαρκὸς
995 3848 1335 3918 κινημάτωνο
1390 3851 1512 3903 τότε
1572 3852 1867 3924 λογισμοὺς

280 3935 575 4005 νικήσομεν
602 3939 893 4008 πονηροὺς,
928 3940 1022 3992 καὶ
1050 3939 1118 3992 τὰ
1152 3939 1438 4010 πνεύματα
1490 3944 1583 3997 τοῦ
1618 3943 1865 4008 ἐξουσιά-

280 4025 464 4090 (om;
483 4027 582 4098 οὐχ
605 4029 829 4100 εὑρήσει
873 4031 1039 4084 τόπον
1081 4033 1138 4086 ἐν
1188 4035 1338 4104 ἡμῖν.
1409 4036 1771 4109 Ἦμεληκότες
1806 4037 1864 4093 δὲ

276 4116 374 4171 τοῦ
402 4120 760 4192 προσκεῖσθαι
788 4121 928 4191 Θεῷ,
952 4124 1195 4188 ἀσθενεῖς
1219 4127 1312 4180 καὶ
1342 4127 1611 4200 ἄνανδροι,
1643 4133 1737 4185 καὶ
1760 4132 1864 4187 ὑπὸ

277 4210 449 4275 πόδας
479 4212 716 4284 ἐσόμεθα
743 4214 850 4269 τῶν
875 4215 1106 4286 ἐχθρῶν,
1158 4220 1252 4272 καὶ
1295 4218 1720 4277 πλεονεκτοῦντα
1771 4220 1864 4279 τὸν

274 4301 525 4356 Σατανᾶν
555 4303 730 4368 οὐδεὶς
758 4305 1019 4375 ἀνακύψει
1052 4306 1272 4377 τρόπος.

1975 3120 2195 3194 Egypti
2217 3120 2284 3178 δι.
2321 3143 2340 3177 ι
2374 3122 2602 3192 Quando
2638 3127 2801 3197 igitur
2828 3144 2950 3184 cum
2980 3130 3089 3186 Deo
3117 3146 3327 3198 sumus,
3350 3145 3405 3190 et
3433 3152 3554 3206 qua

1975 3216 2092 3281 ejus
2139 3225 2267 3269 sunt
2317 3215 2559 3272 studiose
2604 3232 2888 3284 curamus,
2932 3231 2987 3276 et
3043 3222 3117 3276 illi
3164 3232 3315 3294 grata
3369 3224 3553 3284 facere

1974 3306 2242 3375 cupimus,
2266 3315 2394 3361 tunc
2414 3305 2626 3377 quidem
2650 3319 2774 3363 tunc
2797 3309 3015 3364 omnino
3033 3313 3551 3379 snperioreserimus

1973 3396 2251 3465 hostibus,
2297 3404 2351 3453 et
2399 3401 2762 3470 principatus,
2804 3409 2858 3456 et
2896 3412 3212 3473 potestates,
3256 3416 3311 3461 et
3361 3408 3545 3467 mundi

1972 3488 2219 3544 dominos
2270 3499 2510 3547 rectores
2563 3493 2903 3547 tenebrarum
2962 3495 3185 3561 harum,
3229 3498 3546 3570 .spiritualis

1971 3582 2228 3650 nequitiae
2257 3583 2610 3653 calcabimus,
2649 3593 2777 3643 tunc
2809 3587 3208 3657 quamprimmn
3236 3596 3547 3665 subigemus

1971 3682 2305 3731 monstrosas
2331 3676 2637 3746 voluptates
2670 3687 2955 3750 motusque
2982 3684 3181 3750 carnis,
3217 3694 3344 3741 tunc
3378 3688 3548 3742 ratio-

1970 3761 2112 3816 cinia
2141 3778 2394 3834 perversa
2436 3768 2813 3835 superabimus
2832 3809 2848 3835 ,
2882 3780 2937 3825 et
2967 3773 3192 3837 spiritus
3221 3775 3547 3835 dominantis

1969 3866 2078 3906 non
2111 3853 2350 3910 inveniet
2400 3855 2573 3911 locum
2608 3854 2662 3911 in
2702 3860 2875 3916 nobis.
2925 3861 2997 3915 At
3037 3866 3126 3918 ubi
3176 3867 3547 3924 adhaerescere

1969 3939 2081 3995 Deo
2108 3942 2450 4013 negligimus,
2482 3946 2780 4004 imbecilles
2801 3966 3013 4016 sumus,
3037 3964 3093 4008 et
3113 3970 3303 4023 parum
3335 3957 3545 4025 viriles,

1968 4042 2024 4087 et
2053 4033 2279 4102 pedibus
2320 4034 2661 4091 inimicorum
2714 4041 3104 4108 subjiciemur,
3152 4054 3206 4098 et
3246 4047 3546 4114 prmvalen-

1968 4131 2077 4178 tem
2130 4121 2388 4179 Satanam
2450 4120 2597 4179 nulla
2650 4127 2790 4181 ratio
2842 4129 3134 4201 infringere
3191 4136 3391 4203 poterit
3453 4145 3547 4192 aut

1968 4213 2251 4285 impedire.

349 4394 455 4449 Διὰ
499 4395 677 4450 τοῦτο
729 4399 1052 4466 φυτεύσεις
1109 4402 1382 4471 φύτευμα
1433 4402 1713 4468 ἄπιστον,
1759 4407 1855 4461 καὶ

2038 4388 2203 4443 Vens.
2248 4389 2334 4444 il.
2376 4387 2665 4459 Propterea
2707 4389 2966 4461 planlabis
3003 4392 3382 4463 plantationem
3419 4402 3542 4473 inﬁ-

268 4486 519 4556 σπέρμα
539 4487 819 4543 ἄπιστον.
858 4489 937 4559 Τῇ
962 4490 1031 4544 δὲ
1062 4493 1271 4561 ἡμέρᾳ,
1304 4490 1342 4565 ᾗ
1378 4494 1458 4548 ἂν·
1487 4497 1854 4563 φυτεύσεις,

266 4573 667 4647 πλάνηθήσῃ.
703 4580 774 4635 Τὸ
812 4581 880 4633 δὲ
939 4583 1092 4651 πρωῒ
1121 4584 1230 4637 ἐὰν
1275 4585 1548 4654 σπείρης,
1609 4586 1858 4654 ἀνθήσει

263 4672 361 4736 είς
388 4670 641 4740 ἀμητόν,
661 4664 703 4743 ᾖ
734 4670 809 4725 ἂν
838 4672 1027 4740 ἡμέρᾳ
1073 4673 1382 4741 πληρώσῃ,
1428 4675 1524 4728 καὶ
1555 4673 1633 4742 ὡς
1662 4677 1858 4747 πατὴρ

263 4759 592 4828 ἀνθρώπου
610 4760 896 4828 πληρώσῃ
919 4761 1064 4827 τοὺς
1091 4763 1260 4827 υἱούς
1310 4778 1445 4816 σου.

354 4850 622 4922 Ἀσαφείᾳ
643 4850 812 4922 πολλῇ
840 4854 1338 4926 κατημφιασμένην
1365 4854 1458 4909 τοῦ
1490 4859 1851 4930 προκειμένου

262 4941 370 5012 τὴν
406 4941 621 4994 ἔννοιαν
671 4940 994 5011 διατρανοῦν
1048 4941 1124 5005 ὡς
1167 4943 1246 4996 ἔνι
1304 4944 1656 5017 πειράσομαι.
1697 4947 1853 5001 Ἐστι

259 5032 453 5087 τοίνυν
485 5033 515 5086 ὅ
546 5047 679 5102 φησι
700 5030 960 5084 τοιοῦτον
989 5030 1204 5094 Ψθάσας
1235 5033 1392 5104 ἔφην,
1424 5036 1506 5088 ὅτι
1545 5035 1853 5101 πλανῶντές

257 5139 330 5176 τε
355 5123 451 5177 καὶ
478 5120 844 5192 πλανώμενοι,
876 5122 970 5175 καὶ
1000 5123 1327 5195 φρονοῦντες
1371 5124 1406 5178 ἂ
1439 5126 1513 5195 μὴ
1541 5125 1697 5197 θέμις
1717 5129 1767 5181 oi
1794 5128 1853 5195 ἐξ

270 5212 499 5285 Ἰσραήλ
526 5210 717 5281 (ήγουν
747 5212 777 5265 ό
811 5210 1070 5282 Ἐφραῒμ,
1101 5212 1186 5265 ἵνα
1239 5211 1337 5276 τὰς
1363 5211 1494 5265 δέκα
1523 5213 1721 5284 νοήσῃς
1748 5230 1851 5283 φυο

253 5308 384 5371 Meg,
440 5305 543 5369 τὰς
590 5308 650 5359 ἐν
700 5307 768 5376 τῇ
802 5305 1085 5375 Σαμαρείᾳ
1139 5303 1599 5375 μετῳκισμένας),
1645 5304 1853 5378 ὑψηλὴν

253 5394 412 5467 «εἶχον
466 5397 567 5469 τὴν
604 5395 798 5467 ὀφρὺν,
852 5393 1022 5466 ᾤοντο
1059 5394 1119 5447 δέ
1164 5394 1370 5466 μηδένα
1418 5394 1698 5483 παντελῶς
1743 5396 1850 5451 τῶν

255 5486 476 5556 ιχθνρῶν
523 5485 626 5556 τῆς
650 5484 831 5540 αὐτῶν
862 5485 1124 5539 δύνασθαι
1144 5485 1620 5556 κατευμεγεθῆσαι
1643 5489 1849 5562 χειρὸς.

254 5576 437 5633 Stator.
473 5577 536 5632 τὸ
565 5575 971 5649 ἀναριθμήτους
1030 5571 1169 5631 εἶναι
1218 5577 1312 5631 καὶ
1364 5578 1570 5652 σφόδρα
1600 5579 1849 5646 πολλούς.
1878 5670 1894 5677 ο

333 5695 379 5731 ⁸⁸
410 5693 586 5749 Exod.
632 5709 800 5756 ιιιιι,
840 5693 892 5748 ιί.

1956 4480 2144 4543 delem,
2178 4489 2225 4532 et
2255 4496 2428 4534 semen
2462 4481 2672 4551 inﬁdele
2698 4498 2716 4537 :
2747 4482 2830 4536 die
2863 4500 2966 4554 qua
2994 4487 3283 4555 plnnlabis,
3313 4494 3540 4548 errabis.

1958 4569 2118 4624 Mune
2159 4572 2206 4624 si
2245 4573 2486 4637 semina,
2532 4573 2736 4643 ﬂorcbit
2780 4575 2833 4628 in
2858 4591 3096 4644 messem,
3128 4586 3232 4647 quo
3261 4579 3347 4631 dir.
3376 4582 3546 4635 luere-

1956 4664 2227 4729 ditareris,
2258 4673 2309 4717 et
2351 4674 2405 4718 ut
2439 4677 2591 4733 pater
2626 4665 2852 4721 hominis
2877 4665 3005 4736 ﬁliis
3041 4669 3144 4723 tuis
3171 4666 3536 4724 haereditate»:

1958 4754 2257 4808 distribues.

2034 4845 2382 4904 Obscuritate
2409 4848 2572 4903 multa
2595 4849 2859 4905 obtectam
2883 4848 3205 4905 sententiam
3230 4851 3391 4922 hujus
3413 4868 3541 4908 ora-
3579 4886 3595 4902 .
3611 4897 3629 4915 ,

1952 4936 2082 5002 culi,
2112 4950 2369 5006 quantum
2409 4940 2556 5004 licet,
2590 4944 2831 4996 conabor
2876 4941 3172 5011 explicare.
3213 4941 3308 4998 Est
3355 4944 3539 5017 itaque

1953 5029 2097 5100 quod
2121 5030 2256 5086 dicit
2281 5030 2590 5098 huiusmodi
2618 5046 2635 5086 :
2667 5031 2785 5085 Dixi
2815 5028 3065 5101 superius
3091 5033 3234 5101 quod
3258 5035 3536 5101 decipien-

1954 5131 2034 5179 tes
2055 5132 2108 5178 et
2127 5123 2358 5193 decepti,
2375 5132 2427 5177 et
2448 5136 2567 5192 qum
2591 5122 2671 5177 l'as
2697 5137 2801 5176 non
2828 5128 2948 5176 erat
2970 5122 3258 5177 machinati
3281 5122 3536 5180 Israelita.

1952 5215 2066 5270 sive
2088 5213 2341 5281 Ephraim
2389 5212 2470 5283 (ut
2500 5215 2687 5268 decem
2724 5213 2895 5267 tribus
2923 5211 3205 5281 intelligas
3244 5212 3296 5266 in
3338 5211 3533 5267 Sama-

1948 5308 2098 5361 ‘riam
2133 5302 2454 5376 translatas)
2483 5305 2592 5360 alto
2620 5303 2840 5362 fuerunt
2864 5305 3178 5376 supercilio,
3202 5303 3534 5384 omninoque

1959 5397 2064 5452 rati
2098 5403 2244 5461 sunt,
2286 5395 2468 5450 hostes
2512 5395 2687 5449 nullos
2725 5397 2965 5466 ipsorum
3009 5409 3228 5450 manum
3275 5407 3534 5465 superam

1958 5488 2222 5561 potuisse,
2267 5502 2333 5542 eo
2376 5486 2519 5555 quod
2567 5487 2994 5541 innumerabiles
3036 5494 3241 5551 essent,
3291 5493 3349 5541 et
3376 5482 3533 5540 valde

1958 5580 2225 5652 populosi.
2273 5579 2434 5650 Atqui
2473 5592 2570 5650 spe
2616 5576 2785 5650 269
2825 5575 3069 5635 frustrati
3118 5586 3267 5634 sunt.
3313 5572 3533 5634 Cecide-
