4166 6296
634 276 736 346 ist

1621 291 1678 344 s.
1716 276 1996 345 ‘crm‘ua
2030 274 2512 347 'ALEXANDRINI
2555 293 2871 352 ARCHIEP.

3801 308 3912 365 4⁸52

639 418 764 465 runt
786 407 929 464 enim
954 384 1147 479 partim
1179 406 1320 463 bello
1350 407 1605 469 confecti,
1641 408 1835 475 partim
1863 409 1915 462 in
1950 408 2183 463 victorur

2330 409 2468 463 Ἀλλ’
2501 411 2826 480 ἐσφάλλοντο
2865 412 2964 484 τῆς
2997 413 3229 481 ἐλπίδος.
3273 416 3611 474 Πεπτώκασι
3646 423 3777 496 γὰρ,
3810 430 3911 482 καὶ

635 492 888 571 regiones
927 500 1209 570 asportati,
1245 498 1441 567 captivi
1491 506 1545 552 et
1600 498 1804 563 timidi,
1859 509 1912 553 et
1962 501 2213 555 omnibus

610 595 794 648 ~malis
829 594 1073 647 exerciti.
1120 593 1191 646 At
1233 591 1321 643 ubi
1354 590 1495 660 Cyro
1539 592 1838 661 imperante
1880 606 1944 645 ex
1995 593 2212 660 regione

616 682 919 741 'Persarum
955 685 1004 737 in
1045 682 1315 736 civitatem
1362 693 1605 738 sanctam
1647 683 1849 737 reducti
1895 692 2040 744 Sllltl,
2092 693 2211 749 post

631 777 923 845 Sepat'alim
957 762 1012 827 et
1065 773 1292 828 seorsim
1337 789 1491 841 reges
1523 774 1724 828 habere
1769 775 2207 841 supersederunt,

629 882 921 931 umucsqne
958 851 1333 935 llierosolyttta
1379 866 1745 929 incoluerunt,
1795 878 1849 919 et
1900 865 2069 935 legem
2114 865 2207 920 Dei

596 960 932 1020 'Culttcrtlnl,
974 958 1134 1025 inque
1173 958 1343 1027 pretio
1372 973 1433 1012 ac
1477 958 1678 1012 li0nore
1717 958 2051 1023 habuerunt;
2083 966 2210 1012 tunc

628 1054 896 1104 iuuuunes
932 1050 1344 1119 incolumesque
1391 1048 1810 1104 fuerunteorum
1852 1051 2023 1113 liberi,
2056 1059 2110 1104 et
2139 1049 2205 1104 ad

629 1145 764 1196 [ilius
796 1143 1028 1195 tiliorum
1077 1143 1452 1199 successiOnes
1488 1152 1867 1198 cxcurrerunt.
1894 1141 2024 1196 Tale
2055 1145 2208 1211 quid-

624 1237 746 1287 dam
790 1236 946 1288 ducet
988 1236 1102 1288 haec
1132 1235 1306 1287 oratio
1356 1249 1529 1297 nunc,
1563 1233 1815 1287 frumenti
1855 1242 1906 1289 et
1936 1234 2203 1302 spicarum

624 1320 778 1394 quasi
808 1327 1035 1396 :ruigma
1064 1341 1386 1395 proponens.
1413 1324 1544 1379 Cum
1569 1328 1731 1389 enim,
1767 1325 1960 1396 inquit,
1994 1322 2203 1381 Domini

627 1414 717 1471 Dei
763 1420 836 1472 tui
884 1435 986 1473 nou
1036 1419 1380 1479 mentiueris,
1427 1432 1546 1471 eam
1596 1419 1665 1472 ob
1705 1432 1922 1472 causam
1975 1418 2204 1473 inﬁdelis

622 1511 747 1571 erit,
783 1520 836 1562 et
877 1526 979 1562 non
1020 1510 1085 1562 ad
1121 1509 1533 1579 perpetuitatem
1587 1510 1799 1564 stabilis
1823 1510 2111 1579 plantatio,
2149 1509 2201 1563 id

595 1611 725 1662 'est,
749 1615 810 1653 ex
845 1600 896 1654 te
939 1617 1120 1654 semen
1153 1613 1206 1655 et
1229 1617 1416 1671 genus.
1444 1598 1680 1668 ‘Qu'ando
1709 1611 1889 1657 autem
1921 1602 2209 1672 plantave-'

620 1692 730 1754 ris,
783 1701 837 1745 et
896 1708 1240 1745 uiiiuerosum
1296 1708 1465 1758 genus
1512 1693 1733 1757 videris,
1791 1703 1915 1748 tunc
1967 1694 2196 1748 errabis.

2319 507 2367 557 οἱ
2404 504 2506 574 μὲν
2539 505 2931 576 δεδαπάνηνται
2962 507 3039 575 τῷ
3066 509 3311 579 πολέμῳ,
3354 512 3402 562 οἱ
3454 511 3510 564 δέ
3567 513 3647 577 είς
3672 516 3770 580 τὰς
3797 519 3910 572 τῶν

2320 597 2683 665 νενικηκότων
2734 596 3163 668 ἀποκομίζονται
3212 597 3415 670 χώρας,
3450 603 3785 673 αἰχμάλωτοι
3811 610 3909 662 καὶ

2321 689 2589 752 περιδεεῖς
2621 690 2714 742 καὶ
2747 691 2805 743 ἐν
2839 691 2997 744 παντὶ
3037 693 3321 760 γεγονότες
3373 695 3550 765 κακῷ.
3599 697 3815 772 Ἐπειδὴ
3844 701 3906 755 δὲ

2321 777 2516 848 καιροῦ
2546 778 2984 846 διιππεύσαντος,
3004 782 3444 854 ἀνεκομίσθησαν
3465 787 3529 839 ἐκ
3554 787 3655 857 τῆς
3678 789 3905 860 Περσῶν

2319 866 2500 938 χώρας
2522 872 2601 934 εἰς
2632 872 2732 943 τὴν
2764 873 2926 941 ἁγίαν
2954 874 3129 937 πόλιν,
3167 868 3286 927 εἶτα
3325 876 3625 948 κατέληξαν
3674 882 3768 935 τοῦ
3797 884 3903 937 ἀνὰ

2322 959 2488 1030 μέρος
2541 959 2685 1030 ἔχειν
2724 964 2851 1026 τοὺς
2897 962 3302 1033 βασιλεύοντας,
3338 970 3689 1041 κατῳκήκασι
3741 970 3800 1024 δὲ
3853 976 3901 1027 ot

2318 1049 2518 1114 πάντες
2542 1052 2608 1105 τὰ
2647 1054 3013 1125 Ἰεροσόλυμα,
3034 1056 3129 1109 καὶ
3160 1055 3252 1109 τὸν
3276 1056 3370 1111 τοῦ
3403 1058 3539 1112 Θεοῦ
3576 1065 3897 1134 τετιμήκασι

2317 1145 2500 1213 νόμον·
2539 1143 2657 1197 τότε
2698 1147 2792 1198 καὶ
2822 1149 2879 1198 ἐν
2913 1148 3184 1218 ἀσφαλείᾳ
3229 1149 3520 1217 γεγόνασιν
3541 1154 3590 1204 oi.
3625 1153 3681 1218 ἐξ
3720 1155 3899 1209 αὐτῶν

2316 1234 2525 1301 παῖδες,
2554 1235 2650 1288 καὶ
2684 1238 2763 1300 είς
2791 1236 2956 1290 τέκνα
2982 1237 3185 1292 τέκνων
3208 1238 3610 1311 δεδραμήκασιν
3638 1245 3694 1297 αἱ
3719 1245 3893 1301 διαδο-

2313 1325 2426 1395 χαί.
2459 1325 2709 1379 Τοιοῦτόν
2733 1344 2785 1380 τι
2806 1327 3044 1382 διδάσκει
3087 1330 3182 1382 καὶ
3232 1329 3328 1383 νῦν
3359 1333 3388 1384 ὀ
3443 1330 3620 1401 λόγος,
3650 1334 3727 1397 ὡς
3768 1338 3895 1408 περὶ

2316 1417 2463 1470 σίτου
2506 1418 2599 1469 καὶ
2650 1418 2937 1488 ἀσταχύων
2992 1421 3220 1491 αἴνιγμα
3270 1421 3461 1484 διδούς.
3504 1424 3720 1496 Ἐπειδὴ
3758 1428 3890 1498 γὰρ,

2314 1509 2467 1580 φησὶ,
2497 1508 2700 1579 Κυρίου
2728 1510 2822 1564 τοῦ
2871 1510 3005 1565 Θεοῦ
3063 1529 3154 1566 σου
3214 1515 3312 1567 οὐκ
3344 1514 3639 1588 ἐμνήσθης,
3689 1520 3892 1591 ταύτης

2309 1601 2475 1655 ἕνεκα
2503 1596 2601 1672 τῆς
2631 1604 2809 1667 αἰτίας
2838 1603 3066 1658 ἄπιστον
3100 1604 3275 1670 ἔσται,
3303 1607 3398 1660 καὶ
3423 1608 3524 1661 ούκ
3549 1610 3785 1679 ἀσφαλὲς
3813 1615 3891 1677 είς

2308 1693 2648 1765 διατήρησιν,
2681 1695 2818 1764 ὅπερ
2846 1688 2916 1749 ἂν
2947 1697 3219 1769 φυτεύσῃς
3250 1699 3525 1768 φύτευμα,
3580 1701 3723 1755 τοῦτ’
3753 1701 3889 1773 ἐστι,

620 1774 845 1827 Putabis
890 1779 1032 1829 enim
1090 1789 1138 1831 te
1187 1779 1552 1846 multitudine,
1595 1783 1789 1850 inquit,
1830 1783 2049 1848 uiti;at
2094 1800 2183 1839 nor

2300 1783 2363 1838 τὸ
2391 1787 2455 1839 ἐκ
2485 1785 2651 1855 μέσου
2691 1782 2913 1857 σπέρμα
2942 1805 2999 1841 τε
3060 1788 3154 1842 καὶ
3184 1789 3358 1858 γένος.
3411 1793 3578 1846 Ὅταν
3599 1792 3656 1846 δέ
3691 1796 3892 1863 φυτεύ-

592 1874 744 1917 'vere
772 1865 1063 1933 reputabis.
1099 1862 1378 1933 Spicarmn
1413 1869 1554 1923 enim
1580 1870 1630 1923 in
1664 1886 1868 1925 morem
1901 1873 2115 1937 cadent,
2143 1883 2199 1927 et

588 1976 589 1979 η
616 1948 766 2023 spem
798 1955 849 2007 iu
884 1955 987 2009 illis
1015 1957 1234 2010 o'muino
1263 1960 1499 2028 reperies
1520 1976 1642 2016 esse
1673 1962 1936 2018 inutilem.
1959 1963 2014 2018 Si
2041 1980 2198 2021 mane

582 2064 588 2069 ε
615 2044 875 2108 seminus,
905 2045 955 2099 iul
988 2057 1091 2112 est,
1132 2049 1176 2100 si
1210 2048 1261 2100 iu
1289 2048 1407 2104 luce
1430 2053 1682 2117 versaris,
1708 2064 1761 2108 et
1791 2056 2004 2108 demum
2036 2071 2197 2126 agno-

588 2129 760 2186 'Véris
796 2146 985 2187 natura
1017 2134 1069 2189 et
1099 2152 1224 2191 vere
1254 2140 1603 2195 exsisteutem
1637 2143 1940 2208 Dominum,
1976 2160 2196 2200 servan-

606 2231 719 2278 tem
750 2224 913 2279 facile
945 2236 998 2280 et
1033 2228 1098 2282 ad
1129 2230 1495 2299 Opitulandum
1541 2243 1845 2302 potentem,
1898 2246 2023 2291 tunc
2052 2239 2195 2307 quod

584 2322 692 2370 Fest
718 2320 1010 2386 plautatum
1032 2319 1252 2379 'ﬂorebit
1293 2327 1344 2379 in
1388 2328 1649 2394 messem,
1683 2330 1734 2384 id
1764 2340 1864 2398 est,
1898 2331 2193 2387 fructiﬁca-

608 2404 707 2459 bit.
734 2404 951 2462 Etenim
1003 2413 1342 2468 immaturam
1388 2419 1590 2486 spicam
1626 2423 1893 2487 consumi,
1942 2424 2193 2494 agricolis

598 2495 770 2551 "all'ert
805 2511 910 2551 tum
948 2500 1210 2568 laborum,
1235 2510 1355 2557 ‘tum
1387 2509 1498 2576 spei
1526 2508 1829 2578 jacturam:
1864 2515 1929 2566 ad
1963 2529 2190 2569 messem

606 2594 740 2639 ‘vero
793 2593 1108 2655 pervenire,
1163 2609 1313 2662 spem
1370 2598 1459 2650 dat
1491 2600 1753 2653 bonorunt
1801 2600 2187 2670 plenissimam.

594 2672 848 2732 ‘Florebit
889 2682 1050 2748 igitur
1078 2684 1129 2736 iu
1164 2701 1416 2753 messem,
1455 2690 1504 2741 id
1549 2699 1652 2754 est,
1696 2692 1909 2760 plenqu
1956 2694 2187 2750 fructum

596 2766 743 2824 ‘l‘eret
777 2781 863 2825 tua
901 2775 1183 2843 plautatio,
1211 2775 1427 2848 quando
1453 2780 1510 2834 ﬁt
1538 2783 1630 2836 tibi
1655 2798 1828 2851 mane,
1854 2786 1903 2839 id
1931 2781 2033 2853 est,
2067 2803 2187 2841 cum

598 2864 754 2917 Velut
792 2867 841 2918 in
874 2867 993 2920 luce
1018 2876 1081 2921 ac
1111 2871 1218 2934 die,
1250 2881 1305 2924 et
1341 2873 1391 2925 iu
1431 2876 1707 2943 agnitione
1740 2874 1831 2931 Dei
1862 2880 2061 2932 Versari
2094 2880 2188 2934 dc-

602 2956 975 3021 prcltcnderis.
1023 2957 1171 3016 Tunc
1212 2970 1268 3018 et
1294 2966 1446 3032 quasi
1496 2974 1650 3033 pater
1704 2969 1937 3025 hominis
1982 2982 2184 3027 sortem

598 3046 973 3115 ‘suppeditaliis
1041 3050 1163 3106 [illis
1226 3054 1337 3107 't'uis
1405 3072 1421 3109 :
1487 3058 1817 3114 transtuit’tc’s
1893 3058 2037 3115 enim
2115 3064 2181 3117 ad

592 3134 742 3190 ﬁlios
807 3140 950 3195 velut
1018 3154 1221 3199 sortem
1295 3144 1584 3215 quamdam
1659 3164 1725 3205 ac
1795 3153 2177 3220 patrimonium

600 3228 765 3281 animi
798 3233 1258 3302 tranquillitatem,
1290 3247 1345 3293 et
1382 3232 1621 3310 supremi
1662 3243 1851 3299 auxilii
1877 3248 2179 3301 communi-

599 3320 890 3379 catloticm.

668 3586 833 3643 'thts.
868 3589 958 3655 12,
987 3591 1071 3645 l3.
1108 3591 1195 3648 Va:
1218 3594 1547 3649 multitudini
1570 3588 1801 3668 gentium
1829 3594 2119 3657 'iuul'ldrum
2141 3604 2175 3659 ί

596 3679 731 3732 sicut
754 3680 918 3735 'mare
949 3684 1234 3748 ﬂuctuans,
1266 3686 1342 3739 sic
1374 3688 1836 3755 canturbabimiui,
1860 3698 1914 3746 ει
1957 3692 2169 3749 dorsum

594 3771 825 3838 gentium
857 3772 1168 3840 multarum,
1202 3785 1450 3846 tanquam
1485 3796 1620 3850 aqua
1654 3785 1893 3847 sonabit;
1921 3784 2168 3855 tanq'ua'm

594 3866 733 3931 aqua
760 3866 947 3926 multa,
974 3878 1145 3935 gentes
1181 3872 1380 3934 mutue,
1412 3873 1561 3939 quasi
1600 3888 1750 3942 aqua:
1786 3876 2036 3944 multari
2070 3870 2169 3930 iut-

588 3957 779 4024 pulsis.
829 3955 897 4010 Et
953 3960 1317 4015 exterminabit
1359 3978 1497 4030 eum,
1532 3972 1580 4017 ει
1628 3962 1788 4035 Ἰολιςε
1827 3978 1943 4020 eum
1988 3985 2166 4037 perse-

588 4059 795 4112 quetur,
830 4059 885 4101 ut
920 4049 1178 4118 pulverem
1205 4054 1371 4120 palea:
1396 4056 1758 4111 ventilantium
1787 4076 1962 4113 ceram
1994 4070 2163 4129 vetuo,

587 4146 638 4189 et
660 4142 823 4207 ‘quasi
842 4132 1111 4209 'p‘ulrerem
1145 4154 1272 4197 rotae
1305 4140 1581 4213 tempesta}
1613 4146 1901 4219 impellens.

658 4229 773 4284 Non
830 4232 1086 4302 relinquit
1129 4233 1402 4291 lsraelitas
1452 4242 1821 4297 consolatione
1876 4240 2162 4303 destitutos

590 4322 955 4378 univcrsitatis
988 4326 1128 4380 Deus
1153 4329 1427 4383 hominum
1459 4346 1666 4401 amans,
1700 4350 1957 4405 spemque
1992 4340 2159 4393 bono-

2302 1892 2420 1949 σῃς,
2465 1878 2559 1931 καὶ
2589 1877 2724 1932 πολὺ
2748 1881 2973 1947 γεγονὸς
2993 1879 3143 1951 .ῐδῃς,
3183 1882 3303 1934 τότε
3333 1882 3681 1958 πλανηθήσῃ.
3714 1888 3889 1960 om”

2302 1968 2400 2039 μὲν
2420 1969 2546 2039 γὰρ,
2570 1969 2723 2041 φησὶ,
2752 1970 2828 2039 τῷ
2850 1970 3043 2039 πλήθει
3067 1971 3442 2044 τεθαρσηκὼς,
3463 1975 3577 2028 ἀλλ’
3593 1978 3693 2031 οὐκ
3712 1979 3888 2050 ἀληθῆ

2297 2057 2475 2131 λογιῇ.
2509 2061 2827 2131 Ἀσταχύων
2854 2061 2963 2132 γὰρ
2989 2061 3145 2132 δίκην
3170 2056 3480 2130 πεσοῦνται,
3506 2067 3601 2119 καὶ
3630 2068 3888 2138 ἀνόνητον

2296 2151 2551 2221 εὑρήσεις
2586 2152 2867 2216 παντελῶς
2892 2153 2991 2224 τὴν
3028 2154 3119 2206 ἐπί
3159 2172 3221 2223 γε
3246 2155 3455 2220 τούτοις
3476 2154 3687 2213 ἐλπίδα.
3724 2160 3797 2214 Τὸ
3828 2161 3910 2214 δὲ.

2299 2241 2445 2313 πρωῒ
2471 2241 2566 2295 ἐὰν
2600 2244 2849 2314 σπείρης,
2872 2244 3015 2297 τοῦτ’
3046 2244 3214 2310 ἔστιν,
3243 2248 3303 2299 ἐν
3338 2248 3477 2316 φωτὶ
3509 2250 3769 2318 γεγονὼς,
3787 2251 3887 2305 καὶ

2294 2332 2477 2386 λοιπὸν
2498 2335 2751 2402 ἐπιγνοὺς
2779 2335 2871 2387 τὸν
2899 2335 3055 2404 φύσει
3086 2353 3145 2389 τε
3168 2337 3263 2391 καὶ
3287 2338 3500 2409 ἀληθῶς
3526 2340 3657 2395 ὄντα
3677 2342 3886 2396 Δεσπό·

2293 2444 2412 2497 την,
2464 2426 2705 2492 σώζοντα
2751 2445 2809 2480 τε
2846 2428 3044 2499 ῥᾳδίως
3097 2430 3193 2481 καὶ
3239 2431 3550 2502 ἐπικουρεῖν
3603 2435 3881 2503 ίσχύοντω

2291 2514 2415 2568 τότε
2444 2518 2504 2569 τὸ
2528 2518 2954 2588 πεφυτευμένον,
2983 2520 3102 2590 ἦτοι
3133 2522 3487 2593 κατασπαρέν
3520 2524 3746 2595 ἀνθήσει
3793 2528 3880 2589 είς

2292 2608 2521 2679 ἀμητὸν,
2555 2607 2708 2661 τοῦτ’
2730 2609 2864 2674 ἔστι,
2915 2610 3465 2683 τελεσφορηθήσεται·
3491 2614 3552 2667 τὸ
3583 2615 3695 2687 γὰρ
3743 2616 3879 2688 πρό-

2291 2716 2432 2769 ωρον
2467 2698 2809 2752 δαπανᾶσθαι
2862 2700 2953 2752 τὸν
3011 2700 3274 2772 ἄσταχυν,
3325 2703 3527 2775 ζημίαν
3572 2707 3667 2760 καὶ
3702 2708 3883 2762 πόνων

2290 2790 2385 2841 καὶ
2409 2788 2620 2852 ἐλπίδος
2646 2782 2865 2860 ἐμποιεῖ
2893 2792 3002 2853 τοῖς
3023 2796 3279 2861 γηπονεῑν
3310 2795 3580 2850 εἰωθόσιν
3602 2798 3665 2852 τό
3682 2817 3745 2867 γε
3769 2802 3879 2871 μὴν

2288 2881 2370 2942 εἰς
2397 2880 2606 2950 ἀμητὸν
2645 2880 2840 2945 ἐλθεῖν,
2878 2882 3258 2954 πληρεστάτην
3288 2885 3470 2940 δίδωσι
3495 2889 3595 2958 τὴν
3624 2891 3712 2942 ἐπ’
3737 2893 3878 2959 ἀγα-

2290 2971 2399 3035 θοῖς
2424 2972 2635 3026 ἐλπίδα.
2677 2973 2927 3043 Ἀνθήσει
2959 2974 3143 3028 τοίνυν
3172 2977 3249 3040 είς
3277 2977 3508 3049 ἀμητδν,
3558 2980 3708 3034 τοῦτ’
3734 2982 3873 3048 ἐστι,

2287 3061 2815 3133 τελεσφορηθήσεται
2871 3063 2933 3117 τὸ
2981 3064 3074 3118 σὺν
3126 3066 3399 3138 φύτευμα,
3456 3071 3625 3125 ὂτ“ἂν
3649 3073 3876 3144 γένηταί

2283 3169 2369 3205 σοι
2402 3152 2566 3223 πρωῒ,
2599 3152 2745 3207 τοῦτ’
2773 3154 2939 3222 ἐστιν,
2965 3157 3092 3210 ὅταν
3116 3157 3348 3230 εὑρεθῇς
3395 3160 3472 3225 ὼς
3515 3164 3576 3216 ἐν
3597 3166 3738 3233 φωτὶ
3776 3168 3872 3219 καὶ

2284 3244 2471 3315 ἡμέρᾳ
2505 3244 2599 3296 καὶ
2632 3245 2690 3298 ἐν
2716 3243 3008 3313 ἐπιγνώσει
3048 3246 3183 3299 Θεοῦ
3218 3250 3474 3317 γεγονώς.
3507 3250 3641 3304 Τότε
3681 3254 3773 3307 καὶ
3793 3255 3870 3318 ὡς

2281 3336 2464 3407 πατὴρ
2499 3333 2785 3408 ἀνθρώπου
2819 3337 3075 3411 κληρώσῃ
3110 3343 3220 3404 τοῖς
3248 3342 3383 3404 υἱοῖς
3414 3360 3529 3397 σου.
3562 3345 3865 3418 Παραπέμο

2278 3427 2401 3496 ψεις
2422 3430 2529 3499 γὰρ
2559 3431 2637 3493 εἰς
2664 3432 2818 3493 υἱοὺς
2867 3431 3119 3503 καθάπερ
3153 3433 3270 3487 τινὰ
3329 3434 3530 3506 κλῆρον
3579 3438 3679 3509 τὴν
3709 3439 3864 3492 εὐθυ-

2277 3521 2406 3591 μίαν
2456 3523 2548 3575 καὶ
2575 3522 2675 3591 τῆς
2703 3524 2906 3577 ἄνωθεν
2941 3526 3261 3598 ἐπικουρίας
3307 3527 3404 3598 τὴν
3437 3529 3676 3599 μέθεξιν.

2348 3612 2494 3666 Οὐαὶ
2517 3615 2750 3683 πλῆθος
2781 3616 2972 3669 ἐθνῶν
3000 3617 3248 3672 πολλῶν
3266 3619 3288 3671 .'
3319 3619 3401 3685 ὡς
3442 3621 3726 3677 θάλασσα
3754 3642 3856 3678 κυ-

2268 3704 2594 3771 μαίνουσα,
2613 3706 2767 3759 οὕτω
2797 3708 3253 3776 ταραχθήσεσθε
3278 3725 3290 3737 °
3321 3711 3419 3763 καὶ
3450 3711 3640 3778 νῶτος
3670 3715 3858 3769 ἐθνῶν

2272 3784 2553 3861 πολλῶν,
2587 3797 2667 3861 ὡς
2696 3796 2852 3865 ὕδωρ
2898 3799 3116 3868 ήχήονει
3152 3815 3167 3828 ’
3202 3801 3282 3866 ὡς
3327 3800 3486 3870 ὕδωρ
3514 3804 3675 3858 πολὺ
3712 3807 3856 3875 ἕθιη

2270 3886 2494 3953 πολλὰ,
2511 3885 2589 3953 ὡς
2606 3887 2821 3954 ὕδατος
2846 3891 3078 3944 πολλοῦ
3090 3892 3197 3958 βίᾳ
3220 3897 3725 3964 καταφερομένου.
3745 3899 3853 3952 Καὶ

2268 3979 2695 4046 ἀποσκορακιεῖ
2722 3980 2926 4046 αὐτὸν,
2961 3983 3058 4036 καὶ
3092 3985 3287 4052 πόρῤω
3326 3982 3515 4038 αὐτὸν
3550 3986 3852 4055 διώξεται,

2267 4066 2348 4136 ὣς
2391 4069 2582 4139 χνοῦν
2611 4070 2838 4139 ἀκύρου
2880 4073 3226 4143 λικμώντων
3257 4074 3550 4130 ἀπέναντι
3586 4078 3851 4148 ἀνέμου,

2268 4161 2365 4215 καὶ
2394 4160 2473 4228 ὡς
2508 4165 2815 4231 κονιορτὸν
2852 4167 3067 4235 τροχοῦ
3105 4167 3372 4237 atat-atrii;
3395 4169 3688 4238 φέρουσα.

2338 4251 2453 4307 Οὐκ
2488 4255 2907 4327 ἀπαρακλήτους
2942 4259 3008 4329 ἐᾷ
3048 4260 3172 4322 τοὺς
3202 4260 3259 4325 ἐξ
3298 4243 3516 4332 ὶΙσ-ραὴλ
3547 4263 3856 4336 φιλάνθρω-

2268 4362 2368 4409 πος
2417 4345 2492 4398 ὣν
2537 4347 2566 4398 ὁ
2597 4346 2707 4399 τῶν
2755 4348 2889 4401 ὅλων
2934 4348 3086 4414 Θεὸς,
3122 4351 3613 4408 συνεισϐἀλλουσαν
3660 4355 3717 4408 δὲ
3773 4356 3855 4427 τῷ

585 4426 705 4464 rum
746 4428 866 4467 cum
913 4430 1059 4470 metu
1102 4426 1468 4487 saepenumero
1491 4418 1657 4493 270
1682 4424 1811 4480 facit
1849 4428 2158 4500 conﬂigere,

2288 4437 2419 4507 ρόὸῳ
2446 4437 2545 4508 τὴν
2589 4440 2674 4491 ἐπ’
2708 4440 2932 4508 ἀγαθοῖς
2979 4441 3168 4495 ἐλπίδα
3220 4442 3459 4497 ποιεῖται
3507 4444 3850 4511 πλειστάκις,

583 4501 745 4571 idque
775 4514 917 4573 apte,
943 4516 997 4560 ut
1027 4508 1445 4578 utrinquejuvet
1463 4515 1762 4569 audientes.
1798 4516 1948 4581 Quod
1981 4521 2163 4591 itaque

579 4593 1055 4649 civitates'eorum
1098 4596 1152 4649 in
1184 4597 1572 4655 desolationem
1612 4606 1914 4675 redigendae
1957 4621 2158 4676 essent,

581 4684 778 4737 dictum
819 4696 904 4739 est
947 4685 1232 4741 manifesto
1260 4708 1273 4741 :
1308 4699 1361 4742 et
1392 4706 1515 4759 qua
1550 4690 1893 4750 atilictionum
1925 4705 2158 4768 occasio,

574 4776 779 4843 docuit,
811 4791 931 4831 cum
960 4777 1035 4831 ait
1062 4795 1076 4832 :
1108 4776 1451 4849 Dereliquisti
1474 4782 1759 4839 Dominum
1796 4787 1961 4841 Deum
1986 4799 2156 4857 tuum,

575 4869 871 4922 et'Domini
893 4868 986 4925 Dei
1014 4871 1091 4925 tui
1125 4871 1390 4940 adjutoris
1417 4890 1523 4931 non
1546 4878 1855 4935 recordatus
1875 4894 1954 4933 es.
1978 4880 2080 4936 Sed
2114 4884 2159 4939 is

574 4944 1272 5030 qui‘perctissit,‘confestim
1285 4980 1343 5021 se
1359 4978 1669 5023 curaturum
1685 4972 1969 5039 promittit.
1983 4964 2159 5044 Expo-

574 5044 655 5105 nit
679 5060 857 5107 autem
881 5053 1134 5123 quiddam
1155 5059 1297 5126 quod
1318 5052 1537 5126 accidit,
1555 5064 1697 5132 quod
1715 5074 1933 5134 propter
1950 5068 2154 5121 utilita-

574 5152 680 5197 tem
700 5140 886 5212 paucis
916 5144 1097 5201 dicere
1124 5161 1351 5204 necesse
1379 5160 1480 5205 est.
1515 5150 1746 5209 Ezecbia
1774 5156 1879 5211 illis
1904 5159 2155 5229 tempori-

568 5235 672 5290 bus
689 5239 839 5308 regni
864 5237 1045 5317 sedem
1063 5234 1363 5312 occ‘upante
1402 5241 1814 5317 Hierosolymis,
1838 5238 2152 5308 Sennaehe-

571 5326 674 5379 rim
704 5342 796 5381 rex
823 5312 1166 5401 Assyriorum
1189 5341 1376 5387 contra
1397 5333 1558 5390 urbes
1580 5334 1775 5393 Judma:
1801 5341 2033 5396 munitas
2059 5356 2152 5397 ex-

570 5414 839 5494 peditione
858 5416 1133 5483 facta,'eas
1158 5422 1318 5491 cepit.
1362 5420 1630 5494 Scriptum
1663 5437 1746 5483 est
1770 5430 1913 5484 enim
1946 5430 2145 5488 sic‘":

2267 4529 2360 4580 καὶ
2408 4528 2563 4582 τοῦτο
2615 4531 2997 4601 οἰκονομικῶς,
3027 4533 3115 4586 ἵνα
3140 4533 3206 4586 δι’
3245 4533 3445 4604 ἀμψοίν
3494 4536 3676 4608 ὠφελῇ
3724 4542 3853 4601 τοὶ-ς

2266 4617 2669 4689 ἀκροωμένους.
2724 4622 2846 4674 ’Ὁτι
2894 4624 3073 4677 τοίνυν
3127 4625 3581 4697 ἐρημωθήσονται
3640 4629 3738 4697 μὲν
3796 4635 3852 4685 αἱ

2263 4709 2448 4772 πόλεις
2496 4711 2695 4776 αὐτῶν,
2730 4713 2947 4785 εἴρηται
2977 4716 3161 4785 σοφῶς
3184 4733 3195 4745 ·
3245 4716 3340 4769 καὶ
3367 4714 3495 4771 ποία
3526 4717 3719 4786 γέγονε
3753 4717 3850 4769 τοῦ

2265 4798 2458 4853 παθεῖν
2483 4803 2515 4870 ἡ
2546 4803 2838 4871 πρόφασις,
2869 4804 3073 4870 ἐδίδαξε
3099 4806 3302 4876 λέγων,
3329 4809 3413 4862 ὅτι
3452 4807 3851 4877 Ἐγκατέλιπες

2261 4888 2465 4961 Κύριον
2512 4888 2602 4944 τὸν
2635 4892 2764 4946 Θεόν
2799 4912 2933 4960 σου,
2978 4897 3072 4949 καὶ
3103 4897 3304 4969 Κυρίου
3355 4896 3448 4951 τοῦ
3498 4896 3698 4969 βοηθοῦ
3749 4914 3847 4951 σου

2261 4981 2359 5034 οὐκ
2415 4983 2710 5056 ἐμνήσθης.
2758 4988 2941 5041 ’Λλλ’ὀ
2983 4989 3195 5067 πλήξας
3240 4991 3421 5067 εὐθὺς(
3446 4992 3844 5060 ἐπαγγέλλεται

2259 5072 2353 5125 καὶ
2405 5073 2619 5142 μοτοῦν.
2682 5076 2986 5147 Ἐξηγεῖται
3034 5062 3098 5134 (δέ
3142 5098 3197 5133 τι
3245 5062 3612 5154 συμϐεϐηκὸς,
3667 5082 3697 5135 ὃ
3746 5084 3841 5136 καὶ

2258 5161 2431 5215 εἰπεῖν
2457 5164 2749 5234 ἀναγκαῖον
2768 5168 2843 5233 ὡς
2875 5169 2953 5223 ἔνι
2982 5171 3161 5240 λόγοις
3186 5172 3394 5243 διάιτὴν
3427 5173 3641 5244 χρείαν.
3693 5174 3840 5238 Ἐζεο

2259 5250 2377 5321 χίου
2440 5255 2580 5309 κατὰ
2632 5258 2860 5328 καιροὺς
2907 5261 3032 5324 τοὺς
3083 5258 3181 5332 τῆς
3229 5261 3505 5331 βασιλείας
3559 5262 3833 5327 διέποντος

2258 5343 2478 5418 θρόνους
2520 5350 2578 5403 ἐν
2623 5352 2735 5413 τοῖς
2794 5352 3207 5423 Ἰεροσολύμοις,
3242 5351 3407 5423 dim-€6.11
3460 5353 3831 5425 Σενναχηρεὶμ

2259 5436 2509 5506 βασιλεὺς
2553 5439 2851 5512 Ἀσσυρίων
2894 5442 2988 5495 ἐπὶ
3032 5443 3128 5511 τὰς
3178 5442 3360 5505 πόλεις
3410 5442 3675 5508 Ἰουδαίας
3734 5442 3829 5505 τὰς

572 5504 705 5559 Dein
742 5492 968 5577 ablegat
1018 5506 1315 5580 Rapsacem
1360 5530 1427 5571 ex
1484 5515 1690 5575 Laches
1740 5517 2038 5578 Jerusalem
2088 5535 2147 5580 ut

2288 5492 2594 5599 χυράς,’κα“ι
2624 5492 2814 5587 ἔλαθεν
2834 5492 3367 5604 αύτάνςῖξγραπται
3398 5534 3510 5608 γὰρ
3543 5492 3675 5590 ὡδίῖ
3700 5529 3828 5591 Εἶτα

643 5681 707 5711 ⁴⁵¹⁸
740 5682 805 5735 ιν
839 5682 970 5751 Reg.
1015 5701 1168 5753 xvm,
1202 5705 1315 5742 ιιι.
