  <div class='ocr_page' id='page_1' title='image "/cluster/home/n/w/nwhite01/storage/ocr_20150623/70/mdp.39015078384453/224.png"; bbox 0 0 4166 6296; ppageno 0'>
   <div class='ocr_carea' id='block_1_1' title="bbox 266 368 1825 433">
    <p class='ocr_par' dir='ltr' id='par_1_1' title="bbox 266 368 1825 428">
     <span class='ocr_line' id='line_1_1' title="bbox 266 368 1825 428; baseline -0.001 -1"><span class='ocrx_word' id='word_1_1' title='bbox 266 369 361 427; x_wconf 72' lang='lat'><strong>6&#39;55</strong></span> <span class='ocrx_word' id='word_1_2' title='bbox 1369 369 1441 426; x_wconf 69' lang='lat' dir='ltr'><strong>IN</strong></span> <span class='ocrx_word' id='word_1_3' title='bbox 1474 368 1712 427; x_wconf 71' lang='lat' dir='ltr'><strong>ISMAM</strong></span> <span class='ocrx_word' id='word_1_4' title='bbox 1751 372 1825 428; x_wconf 75' lang='grc' dir='ltr'><strong>ιιι</strong></span> 
     </span>
    </p>
   </div>
   <div class='ocr_carea' id='block_1_2' title="bbox 1927 368 2389 433">
    <p class='ocr_par' dir='ltr' id='par_1_2' title="bbox 1927 372 2389 433">
     <span class='ocr_line' id='line_1_2' title="bbox 1927 372 2389 433; baseline 0.011 -7"><span class='ocrx_word' id='word_1_5' title='bbox 1927 372 1980 428; x_wconf 88' lang='grc' dir='ltr'>ιι.</span> <span class='ocrx_word' id='word_1_6' title='bbox 2021 373 2211 433; x_wconf 71' lang='grc' dir='ltr'>Τοιιυ</span> <span class='ocrx_word' id='word_1_7' title='bbox 2224 376 2262 431; x_wconf 87' lang='lat' dir='ltr'>S</span> <span class='ocrx_word' id='word_1_8' title='bbox 2301 374 2389 431; x_wconf 77' lang='lat' dir='ltr'><strong>lll.‘</strong></span> 
     </span>
    </p>
   </div>
   <div class='ocr_carea' id='block_1_3' title="bbox 3419 374 3543 447">
    <p class='ocr_par' dir='ltr' id='par_1_3' title="bbox 3419 374 3543 447">
     <span class='ocr_line' id='line_1_3' title="bbox 3419 374 3543 447; baseline 0.032 -4"><span class='ocrx_word' id='word_1_9' title='bbox 3419 374 3543 447; x_wconf 64' lang='lat' dir='ltr'><strong>tat}</strong></span> 
     </span>
    </p>
   </div>
   <div class='ocr_carea' id='block_1_4' title="bbox 269 486 1825 570">
    <p class='ocr_par' dir='ltr' id='par_1_4' title="bbox 269 486 1825 561">
     <span class='ocr_line' id='line_1_4' title="bbox 269 486 1825 561; baseline -0.001 -17"><span class='ocrx_word' id='word_1_10' title='bbox 269 489 459 560; x_wconf 79' lang='grc' dir='ltr'><strong>πέμπει</strong></span> <span class='ocrx_word' id='word_1_11' title='bbox 497 486 781 558; x_wconf 67' lang='grc' dir='ltr'>Ῥαψάκην</span> <span class='ocrx_word' id='word_1_12' title='bbox 806 491 870 542; x_wconf 77' lang='grc' dir='ltr'>ἐκ</span> <span class='ocrx_word' id='word_1_13' title='bbox 900 489 1101 559; x_wconf 82' lang='grc' dir='ltr'>Δαχεϊς</span> <span class='ocrx_word' id='word_1_14' title='bbox 1148 490 1229 553; x_wconf 78' lang='grc' dir='ltr'><strong>εἰς</strong></span> <span class='ocrx_word' id='word_1_15' title='bbox 1286 489 1640 561; x_wconf 77' lang='grc' dir='ltr'>Ἰερουσαλὴμ</span> <span class='ocrx_word' id='word_1_16' title='bbox 1680 488 1825 542; x_wconf 86' lang='grc' dir='ltr'>πολι-</span> 
     </span>
    </p>
   </div>
   <div class='ocr_carea' id='block_1_5' title="bbox 1927 486 3535 570">
    <p class='ocr_par' dir='ltr' id='par_1_5' title="bbox 1933 492 3535 570">
     <span class='ocr_line' id='line_1_5' title="bbox 1933 492 3535 570; baseline 0.006 -26"><span class='ocrx_word' id='word_1_17' title='bbox 1933 506 2051 546; x_wconf 89' lang='lat' dir='ltr'><strong>eam</strong></span> <span class='ocrx_word' id='word_1_18' title='bbox 2074 492 2373 559; x_wconf 84' lang='lat' dir='ltr'><strong>obsideret;</strong></span> <span class='ocrx_word' id='word_1_19' title='bbox 2405 494 2494 563; x_wconf 90' lang='lat' dir='ltr'><strong>qui</strong></span> <span class='ocrx_word' id='word_1_20' title='bbox 2523 495 2611 549; x_wconf 86' lang='lat' dir='ltr'><strong>ubi</strong></span> <span class='ocrx_word' id='word_1_21' title='bbox 2641 496 2895 564; x_wconf 84' lang='lat' dir='ltr'><strong>venisset,</strong></span> <span class='ocrx_word' id='word_1_22' title='bbox 2917 499 3253 570; x_wconf 84' lang='lat' dir='ltr'><strong>majestatem</strong></span> <span class='ocrx_word' id='word_1_23' title='bbox 3278 504 3535 560; x_wconf 57' lang='lat' dir='ltr'><strong>omnium.</strong></span> 
     </span>
    </p>
   </div>
   <div class='ocr_carea' id='block_1_6' title="bbox 262 577 1824 652">
    <p class='ocr_par' dir='ltr' id='par_1_6' title="bbox 262 577 1824 652">
     <span class='ocr_line' id='line_1_6' title="bbox 262 577 1824 652; baseline 0 -20"><span class='ocrx_word' id='word_1_24' title='bbox 262 578 481 651; x_wconf 83' lang='grc' dir='ltr'>ορκῆσαι</span> <span class='ocrx_word' id='word_1_25' title='bbox 515 578 712 649; x_wconf 76' lang='grc' dir='ltr'>αὐτὴν,</span> <span class='ocrx_word' id='word_1_26' title='bbox 741 577 800 642; x_wconf 80' lang='grc' dir='ltr'>ὃς</span> <span class='ocrx_word' id='word_1_27' title='bbox 840 578 905 651; x_wconf 76' lang='grc' dir='ltr'>δὴ</span> <span class='ocrx_word' id='word_1_28' title='bbox 935 579 1031 634; x_wconf 66' lang='grc' dir='ltr'><strong>καλ⁵</strong></span> <span class='ocrx_word' id='word_1_29' title='bbox 1061 579 1379 650; x_wconf 72' lang='grc' dir='ltr'>ἀφιγμένος,</span> <span class='ocrx_word' id='word_1_30' title='bbox 1409 579 1824 652; x_wconf 71' lang='grc' dir='ltr'>κατεφλυάριςσε</span> 
     </span>
    </p>
   </div>
   <div class='ocr_carea' id='block_1_7' title="bbox 265 667 1825 749">
    <p class='ocr_par' dir='ltr' id='par_1_7' title="bbox 265 667 1825 749">
     <span class='ocr_line' id='line_1_7' title="bbox 265 667 1825 749; baseline 0.003 -28"><span class='ocrx_word' id='word_1_31' title='bbox 265 669 356 741; x_wconf 73' lang='grc' dir='ltr'>μὶν</span> <span class='ocrx_word' id='word_1_32' title='bbox 382 670 478 742; x_wconf 77' lang='grc' dir='ltr'>τῆς</span> <span class='ocrx_word' id='word_1_33' title='bbox 508 668 670 740; x_wconf 78' lang='grc' dir='ltr'>δόξης</span> <span class='ocrx_word' id='word_1_34' title='bbox 697 667 789 724; x_wconf 85' lang='grc' dir='ltr'><strong>τοῦ</strong></span> <span class='ocrx_word' id='word_1_35' title='bbox 826 669 1042 735; x_wconf 84' lang='grc' dir='ltr'>πάντων</span> <span class='ocrx_word' id='word_1_36' title='bbox 1074 669 1233 749; x_wconf 81' lang='grc' dir='ltr'>ήμῶν</span> <span class='ocrx_word' id='word_1_37' title='bbox 1257 669 1511 747; x_wconf 82' lang='grc' dir='ltr'>Σωτῆρος</span> <span class='ocrx_word' id='word_1_38' title='bbox 1539 670 1674 724; x_wconf 85' lang='grc' dir='ltr'>Θεοῦ</span> <span class='ocrx_word' id='word_1_39' title='bbox 1695 686 1709 699; x_wconf 86' lang='grc'><strong>·</strong></span> <span class='ocrx_word' id='word_1_40' title='bbox 1748 672 1825 743; x_wconf 84' lang='grc' dir='ltr'>μὴ</span> 
     </span>
    </p>
   </div>
   <div class='ocr_carea' id='block_1_8' title="bbox 260 758 1827 831">
    <p class='ocr_par' dir='ltr' id='par_1_8' title="bbox 260 758 1827 831">
     <span class='ocr_line' id='line_1_8' title="bbox 260 758 1827 831; baseline -0.001 -18"><span class='ocrx_word' id='word_1_41' title='bbox 260 760 360 829; x_wconf 73' lang='grc' dir='ltr'><strong>γὰρ</strong></span> <span class='ocrx_word' id='word_1_42' title='bbox 392 758 653 827; x_wconf 79' lang='grc' dir='ltr'>δύνασθαι</span> <span class='ocrx_word' id='word_1_43' title='bbox 704 758 992 825; x_wconf 76' lang='grc' dir='ltr'><strong>διασώζειν</strong></span> <span class='ocrx_word' id='word_1_44' title='bbox 1045 760 1264 824; x_wconf 79' lang='grc' dir='ltr'>αὐτοὺς,</span> <span class='ocrx_word' id='word_1_45' title='bbox 1327 758 1431 819; x_wconf 73' lang='grc' dir='ltr'>κᾶν</span> <span class='ocrx_word' id='word_1_46' title='bbox 1480 763 1529 813; x_wconf 81' lang='grc' dir='ltr'>εἰ</span> <span class='ocrx_word' id='word_1_47' title='bbox 1585 760 1827 831; x_wconf 83' lang='grc' dir='ltr'>βούλοιτο</span> 
     </span>
    </p>
   </div>
   <div class='ocr_carea' id='block_1_9' title="bbox 260 836 1829 931">
    <p class='ocr_par' dir='ltr' id='par_1_9' title="bbox 260 836 1829 931">
     <span class='ocr_line' id='line_1_9' title="bbox 260 836 1829 931; baseline 0.002 -29"><span class='ocrx_word' id='word_1_48' title='bbox 260 848 405 903; x_wconf 84' lang='grc' dir='ltr'>τοῦτο</span> <span class='ocrx_word' id='word_1_49' title='bbox 446 850 623 922; x_wconf 80' lang='grc' dir='ltr'>δρᾷν,</span> <span class='ocrx_word' id='word_1_50' title='bbox 675 852 704 904; x_wconf 99' lang='lat'><strong>6</strong></span> <span class='ocrx_word' id='word_1_51' title='bbox 759 853 1067 924; x_wconf 81' lang='grc' dir='ltr'>παράφρων.</span> <span class='ocrx_word' id='word_1_52' title='bbox 1104 836 1409 905; x_wconf 70' lang='grc' dir='ltr'><strong>διετείνετο.</strong></span> <span class='ocrx_word' id='word_1_53' title='bbox 1456 851 1728 924; x_wconf 74' lang='grc' dir='ltr'>Βαρϐάρῳ</span> <span class='ocrx_word' id='word_1_54' title='bbox 1773 852 1829 931; x_wconf 59' lang='grc' dir='ltr'><strong>δξ</strong></span> 
     </span>
    </p>
   </div>
   <div class='ocr_carea' id='block_1_10' title="bbox 257 937 1829 1012">
    <p class='ocr_par' dir='ltr' id='par_1_10' title="bbox 257 937 1829 1012">
     <span class='ocr_line' id='line_1_10' title="bbox 257 937 1829 1012; baseline 0.001 -20"><span class='ocrx_word' id='word_1_55' title='bbox 257 937 460 1011; x_wconf 77' lang='grc' dir='ltr'><strong>γλώττῃ</strong></span> <span class='ocrx_word' id='word_1_56' title='bbox 508 940 603 993; x_wconf 75' lang='grc' dir='ltr'>καὶ</span> <span class='ocrx_word' id='word_1_57' title='bbox 638 939 716 1010; x_wconf 82' lang='grc' dir='ltr'>νῷ</span> <span class='ocrx_word' id='word_1_58' title='bbox 746 940 1105 1012; x_wconf 72' lang='grc' dir='ltr'><strong>κεχρημένος,</strong></span> <span class='ocrx_word' id='word_1_59' title='bbox 1130 939 1269 1008; x_wconf 79' lang='grc' dir='ltr'>ἔγνω</span> <span class='ocrx_word' id='word_1_60' title='bbox 1316 942 1381 1012; x_wconf 80' lang='grc' dir='ltr'><strong>τῇ</strong></span> <span class='ocrx_word' id='word_1_61' title='bbox 1421 941 1588 1011; x_wconf 67' lang='grc' dir='ltr'>πείρα</span> <span class='ocrx_word' id='word_1_62' title='bbox 1620 939 1829 1011; x_wconf 88' lang='grc' dir='ltr'>μαθὼν,</span> 
     </span>
    </p>
   </div>
   <div class='ocr_carea' id='block_1_11' title="bbox 258 1029 1833 1103">
    <p class='ocr_par' dir='ltr' id='par_1_11' title="bbox 258 1029 1833 1103">
     <span class='ocr_line' id='line_1_11' title="bbox 258 1029 1833 1103; baseline -0.001 -20"><span class='ocrx_word' id='word_1_63' title='bbox 258 1029 333 1083; x_wconf 79' lang='grc' dir='ltr'>ὅτι</span> <span class='ocrx_word' id='word_1_64' title='bbox 363 1031 594 1102; x_wconf 71' lang='grc' dir='ltr'>σκληρδν</span> <span class='ocrx_word' id='word_1_65' title='bbox 623 1030 895 1103; x_wconf 73' lang='grc' dir='ltr'>ἀνθρώπῳ</span> <span class='ocrx_word' id='word_1_66' title='bbox 940 1032 1103 1085; x_wconf 80' lang='grc' dir='ltr'>παντὶ</span> <span class='ocrx_word' id='word_1_67' title='bbox 1136 1032 1232 1099; x_wconf 83' lang='grc' dir='ltr'><strong>τῆς</strong></span> <span class='ocrx_word' id='word_1_68' title='bbox 1277 1031 1539 1085; x_wconf 77' lang='grc' dir='ltr'><strong>ἀνωτάτω</strong></span> <span class='ocrx_word' id='word_1_69' title='bbox 1566 1031 1833 1084; x_wconf 83' lang='grc' dir='ltr'>κατεπαί-</span> 
     </span>
    </p>
   </div>
   <div class='ocr_carea' id='block_1_12' title="bbox 257 1114 1830 1195">
    <p class='ocr_par' dir='ltr' id='par_1_12' title="bbox 257 1114 1830 1195">
     <span class='ocr_line' id='line_1_12' title="bbox 257 1114 1830 1195; baseline 0.001 -22"><span class='ocrx_word' id='word_1_70' title='bbox 257 1120 441 1190; x_wconf 83' lang='grc' dir='ltr'>ρεσθαι</span> <span class='ocrx_word' id='word_1_71' title='bbox 496 1123 676 1194; x_wconf 82' lang='grc' dir='ltr'><strong>δόξης.</strong></span> <span class='ocrx_word' id='word_1_72' title='bbox 739 1122 959 1193; x_wconf 78' lang='grc' dir='ltr'>Ἔξῆλθε</span> <span class='ocrx_word' id='word_1_73' title='bbox 1016 1123 1124 1195; x_wconf 85' lang='grc' dir='ltr'><strong>γὰρ</strong></span> <span class='ocrx_word' id='word_1_74' title='bbox 1182 1114 1413 1190; x_wconf 81' lang='grc' dir='ltr'>ἄγγελος</span> <span class='ocrx_word' id='word_1_75' title='bbox 1472 1121 1703 1192; x_wconf 72' lang='grc' dir='ltr'>Κυρίου,</span> <span class='ocrx_word' id='word_1_76' title='bbox 1735 1121 1830 1174; x_wconf 75' lang='grc' dir='ltr'>καὶ</span> 
     </span>
    </p>
   </div>
   <div class='ocr_carea' id='block_1_13' title="bbox 254 1212 1827 1289">
    <p class='ocr_par' dir='ltr' id='par_1_13' title="bbox 254 1212 1827 1289">
     <span class='ocr_line' id='line_1_13' title="bbox 254 1212 1827 1289; baseline -0.001 -21"><span class='ocrx_word' id='word_1_77' title='bbox 254 1212 455 1268; x_wconf 73' lang='grc' dir='ltr'>ἀνεῖλεν</span> <span class='ocrx_word' id='word_1_78' title='bbox 489 1216 546 1281; x_wconf 82' lang='grc' dir='ltr'>ὲν</span> <span class='ocrx_word' id='word_1_79' title='bbox 577 1216 678 1286; x_wconf 82' lang='grc' dir='ltr'><strong>μιᾷ</strong></span> <span class='ocrx_word' id='word_1_80' title='bbox 710 1215 865 1268; x_wconf 77' lang='grc' dir='ltr'>νυκτὶ</span> <span class='ocrx_word' id='word_1_81' title='bbox 896 1216 962 1269; x_wconf 86' lang='grc' dir='ltr'>ὲκ</span> <span class='ocrx_word' id='word_1_82' title='bbox 992 1216 1093 1283; x_wconf 83' lang='grc' dir='ltr'>τῆς</span> <span class='ocrx_word' id='word_1_83' title='bbox 1133 1213 1491 1289; x_wconf 74' lang='grc' dir='ltr'>παρεμϐολῆς</span> <span class='ocrx_word' id='word_1_84' title='bbox 1531 1212 1639 1265; x_wconf 88' lang='grc' dir='ltr'><strong>τῶν</strong></span> <span class='ocrx_word' id='word_1_85' title='bbox 1669 1212 1827 1267; x_wconf 84' lang='grc' dir='ltr'>ἀλλο-</span> 
     </span>
    </p>
   </div>
   <div class='ocr_carea' id='block_1_14' title="bbox 251 1305 1825 1379">
    <p class='ocr_par' dir='ltr' id='par_1_14' title="bbox 251 1305 1825 1379">
     <span class='ocr_line' id='line_1_14' title="bbox 251 1305 1825 1379; baseline -0.001 -20"><span class='ocrx_word' id='word_1_86' title='bbox 251 1305 430 1373; x_wconf 81' lang='grc' dir='ltr'>φύλων</span> <span class='ocrx_word' id='word_1_87' title='bbox 465 1308 659 1361; x_wconf 80' lang='grc' dir='ltr'>ὲκατδν</span> <span class='ocrx_word' id='word_1_88' title='bbox 691 1308 1021 1379; x_wconf 77' lang='grc' dir='ltr'>ὀγδοήκοντα</span> <span class='ocrx_word' id='word_1_89' title='bbox 1058 1306 1218 1360; x_wconf 84' lang='grc' dir='ltr'>πέντε</span> <span class='ocrx_word' id='word_1_90' title='bbox 1252 1306 1537 1376; x_wconf 65' lang='grc' dir='ltr'>χιλιάδαςι</span> <span class='ocrx_word' id='word_1_91' title='bbox 1561 1308 1654 1359; x_wconf 80' lang='grc' dir='ltr'>καὶ</span> <span class='ocrx_word' id='word_1_92' title='bbox 1691 1306 1825 1371; x_wconf 71' lang='grc' dir='ltr'>ἀνα-τ</span> 
     </span>
    </p>
   </div>
   <div class='ocr_carea' id='block_1_15' title="bbox 251 1395 1821 1473">
    <p class='ocr_par' dir='ltr' id='par_1_15' title="bbox 251 1395 1821 1473">
     <span class='ocr_line' id='line_1_15' title="bbox 251 1395 1821 1473; baseline -0.001 -22"><span class='ocrx_word' id='word_1_93' title='bbox 251 1398 472 1465; x_wconf 81' lang='grc' dir='ltr'>στάντες</span> <span class='ocrx_word' id='word_1_94' title='bbox 510 1400 573 1453; x_wconf 84' lang='grc' dir='ltr'><strong>τδ</strong></span> <span class='ocrx_word' id='word_1_95' title='bbox 612 1400 778 1473; x_wconf 78' lang='grc' dir='ltr'>πρωῒ,</span> <span class='ocrx_word' id='word_1_96' title='bbox 822 1395 982 1471; x_wconf 70' lang='grc' dir='ltr'>εὗρον</span> <span class='ocrx_word' id='word_1_97' title='bbox 1029 1398 1206 1452; x_wconf 85' lang='grc' dir='ltr'>πάντα</span> <span class='ocrx_word' id='word_1_98' title='bbox 1249 1397 1319 1451; x_wconf 83' lang='grc' dir='ltr'><strong>τά</strong></span> <span class='ocrx_word' id='word_1_99' title='bbox 1358 1396 1586 1469; x_wconf 85' lang='grc' dir='ltr'>σώματα</span> <span class='ocrx_word' id='word_1_100' title='bbox 1634 1397 1821 1469; x_wconf 83' lang='grc' dir='ltr'>νεκρά.</span> 
     </span>
    </p>
   </div>
   <div class='ocr_carea' id='block_1_16' title="bbox 258 1487 1826 1563">
    <p class='ocr_par' dir='ltr' id='par_1_16' title="bbox 258 1487 1826 1563">
     <span class='ocr_line' id='line_1_16' title="bbox 258 1487 1826 1563; baseline -0.002 -20"><span class='ocrx_word' id='word_1_101' title='bbox 258 1488 480 1563; x_wconf 82' lang='grc' dir='ltr'>Ἐπειδὴ</span> <span class='ocrx_word' id='word_1_102' title='bbox 511 1493 569 1544; x_wconf 77' lang='grc' dir='ltr'>δὲ</span> <span class='ocrx_word' id='word_1_103' title='bbox 600 1491 709 1544; x_wconf 88' lang='grc' dir='ltr'><strong>τῶν</strong></span> <span class='ocrx_word' id='word_1_104' title='bbox 740 1489 1218 1561; x_wconf 80' lang='grc' dir='ltr'><strong>προσδοκηθέντων</strong></span> <span class='ocrx_word' id='word_1_105' title='bbox 1244 1491 1273 1543; x_wconf 90' lang='lat'><strong>6</strong></span> <span class='ocrx_word' id='word_1_106' title='bbox 1298 1487 1600 1559; x_wconf 81' lang='grc' dir='ltr'>πεπομφὼς</span> <span class='ocrx_word' id='word_1_107' title='bbox 1624 1488 1826 1558; x_wconf 73' lang='grc' dir='ltr'>ἐσφάλ-</span> 
     </span>
    </p>
   </div>
   <div class='ocr_carea' id='block_1_17' title="bbox 243 1578 1826 1653">
    <p class='ocr_par' dir='ltr' id='par_1_17' title="bbox 243 1578 1826 1653">
     <span class='ocr_line' id='line_1_17' title="bbox 243 1578 1826 1653; baseline 0 -20"><span class='ocrx_word' id='word_1_108' title='bbox 243 1578 384 1647; x_wconf 87' lang='grc' dir='ltr'>λετο,</span> <span class='ocrx_word' id='word_1_109' title='bbox 418 1584 563 1653; x_wconf 71' lang='grc' dir='ltr'>φημὶ</span> <span class='ocrx_word' id='word_1_110' title='bbox 592 1583 657 1652; x_wconf 82' lang='grc' dir='ltr'>δὴ</span> <span class='ocrx_word' id='word_1_111' title='bbox 684 1581 1077 1653; x_wconf 70' lang='grc' dir='ltr'><strong>Σενναχηρεὶμ,</strong></span> <span class='ocrx_word' id='word_1_112' title='bbox 1129 1581 1457 1651; x_wconf 80' lang='grc' dir='ltr'>ὑπενόστησε</span> <span class='ocrx_word' id='word_1_113' title='bbox 1489 1579 1688 1650; x_wconf 81' lang='grc' dir='ltr'>φυγὰς,</span> <span class='ocrx_word' id='word_1_114' title='bbox 1730 1579 1826 1634; x_wconf 77' lang='grc' dir='ltr'>καὶ</span> 
     </span>
    </p>
   </div>
   <div class='ocr_carea' id='block_1_18' title="bbox 243 1658 1825 1742">
    <p class='ocr_par' dir='ltr' id='par_1_18' title="bbox 243 1658 1825 1742">
     <span class='ocr_line' id='line_1_18' title="bbox 243 1658 1825 1742; baseline -0.001 -17"><span class='ocrx_word' id='word_1_115' title='bbox 243 1672 403 1742; x_wconf 80' lang='grc' dir='ltr'>μόλις</span> <span class='ocrx_word' id='word_1_116' title='bbox 439 1658 676 1736; x_wconf 77' lang='grc' dir='ltr'><strong>ἐσώζετο</strong></span> <span class='ocrx_word' id='word_1_117' title='bbox 721 1672 789 1726; x_wconf 78' lang='grc' dir='ltr'><strong>τὰ</strong></span> <span class='ocrx_word' id='word_1_118' title='bbox 821 1673 958 1741; x_wconf 69' lang='grc' dir='ltr'>οἶκοι</span> <span class='ocrx_word' id='word_1_119' title='bbox 1006 1670 1344 1734; x_wconf 78' lang='grc' dir='ltr'>καταλαόὼν,</span> <span class='ocrx_word' id='word_1_120' title='bbox 1375 1673 1424 1724; x_wconf 80' lang='grc' dir='ltr'>εί</span> <span class='ocrx_word' id='word_1_121' title='bbox 1468 1673 1560 1725; x_wconf 76' lang='grc' dir='ltr'>καὶ</span> <span class='ocrx_word' id='word_1_122' title='bbox 1608 1670 1825 1737; x_wconf 80' lang='grc' dir='ltr'>διόλωλε</span> 
     </span>
    </p>
   </div>
   <div class='ocr_carea' id='block_1_19' title="bbox 240 1763 1824 1835">
    <p class='ocr_par' dir='ltr' id='par_1_19' title="bbox 240 1763 1824 1835">
     <span class='ocr_line' id='line_1_19' title="bbox 240 1763 1824 1835; baseline -0.001 -17"><span class='ocrx_word' id='word_1_123' title='bbox 240 1765 338 1818; x_wconf 80' lang='grc' dir='ltr'>καὶ</span> <span class='ocrx_word' id='word_1_124' title='bbox 370 1766 477 1818; x_wconf 80' lang='grc' dir='ltr'>οὐκ</span> <span class='ocrx_word' id='word_1_125' title='bbox 511 1766 591 1827; x_wconf 79' lang='grc' dir='ltr'><strong>εἰς</strong></span> <span class='ocrx_word' id='word_1_126' title='bbox 625 1765 838 1835; x_wconf 77' lang='grc' dir='ltr'>μακρὰν</span> <span class='ocrx_word' id='word_1_127' title='bbox 868 1764 972 1817; x_wconf 79' lang='grc' dir='ltr'><strong>ὑπὸ</strong></span> <span class='ocrx_word' id='word_1_128' title='bbox 999 1763 1107 1818; x_wconf 85' lang='grc' dir='ltr'><strong>τῶν</strong></span> <span class='ocrx_word' id='word_1_129' title='bbox 1136 1764 1328 1817; x_wconf 79' lang='grc' dir='ltr'>ἑαυτοῦ</span> <span class='ocrx_word' id='word_1_130' title='bbox 1378 1764 1603 1819; x_wconf 88' lang='grc' dir='ltr'>παίδων.</span> <span class='ocrx_word' id='word_1_131' title='bbox 1667 1764 1824 1832; x_wconf 85' lang='grc' dir='ltr'>Ἐγέ-</span> 
     </span>
    </p>
   </div>
   <div class='ocr_carea' id='block_1_20' title="bbox 235 1840 1897 1926">
    <p class='ocr_par' dir='ltr' id='par_1_20' title="bbox 235 1840 1897 1926">
     <span class='ocr_line' id='line_1_20' title="bbox 235 1840 1897 1926; baseline 0.002 -18"><span class='ocrx_word' id='word_1_132' title='bbox 235 1873 364 1908; x_wconf 87' lang='grc' dir='ltr'>νετο</span> <span class='ocrx_word' id='word_1_133' title='bbox 396 1856 525 1924; x_wconf 78' lang='grc' dir='ltr'>γὰρ,</span> <span class='ocrx_word' id='word_1_134' title='bbox 556 1857 737 1925; x_wconf 78' lang='grc' dir='ltr'>φησὶν,</span> <span class='ocrx_word' id='word_1_135' title='bbox 766 1857 823 1907; x_wconf 83' lang='grc' dir='ltr'>ἐν</span> <span class='ocrx_word' id='word_1_136' title='bbox 850 1854 925 1925; x_wconf 85' lang='grc' dir='ltr'>τῷ</span> <span class='ocrx_word' id='word_1_137' title='bbox 953 1857 1273 1926; x_wconf 76' lang='grc' dir='ltr'>προσκυνεῖν</span> <span class='ocrx_word' id='word_1_138' title='bbox 1297 1855 1459 1917; x_wconf 82' lang='grc' dir='ltr'>αὐτὸν</span> <span class='ocrx_word' id='word_1_139' title='bbox 1488 1856 1546 1909; x_wconf 85' lang='grc' dir='ltr'>ὲν</span> <span class='ocrx_word' id='word_1_140' title='bbox 1578 1854 1655 1925; x_wconf 82' lang='grc' dir='ltr'><strong>τῷ</strong></span> <span class='ocrx_word' id='word_1_141' title='bbox 1686 1840 1821 1925; x_wconf 73' lang='grc' dir='ltr'>οἴκῳ</span> <span class='ocrx_word' id='word_1_142' title='bbox 1854 1841 1897 1911; x_wconf 69' lang='grc' dir='ltr'>β</span> 
     </span>
    </p>
   </div>
   <div class='ocr_carea' id='block_1_21' title="bbox 232 1932 1821 2024">
    <p class='ocr_par' dir='ltr' id='par_1_21' title="bbox 232 1932 1821 2024">
     <span class='ocr_line' id='line_1_21' title="bbox 232 1932 1821 2024; baseline 0.001 -25"><span class='ocrx_word' id='word_1_143' title='bbox 232 1944 415 1999; x_wconf 77' lang='grc' dir='ltr'>αὐτοῦ</span> <span class='ocrx_word' id='word_1_144' title='bbox 468 1932 701 2024; x_wconf 77' lang='grc' dir='ltr'>Ἀσαρὰχ</span> <span class='ocrx_word' id='word_1_145' title='bbox 755 1945 847 1998; x_wconf 78' lang='grc' dir='ltr'><strong>τὸν</strong></span> <span class='ocrx_word' id='word_1_146' title='bbox 901 1946 1211 2017; x_wconf 80' lang='grc' dir='ltr'>πάτραρχον</span> <span class='ocrx_word' id='word_1_147' title='bbox 1254 1946 1439 2011; x_wconf 80' lang='grc' dir='ltr'>αὑτοῦ,</span> <span class='ocrx_word' id='word_1_148' title='bbox 1486 1947 1821 2018; x_wconf 82' lang='grc' dir='ltr'>Ἀδραμελὲχ</span> 
     </span>
    </p>
   </div>
   <div class='ocr_carea' id='block_1_22' title="bbox 236 2037 1821 2115">
    <p class='ocr_par' dir='ltr' id='par_1_22' title="bbox 236 2037 1821 2115">
     <span class='ocr_line' id='line_1_22' title="bbox 236 2037 1821 2115; baseline 0.003 -25"><span class='ocrx_word' id='word_1_149' title='bbox 236 2037 331 2091; x_wconf 71' lang='grc' dir='ltr'>καὶ</span> <span class='ocrx_word' id='word_1_150' title='bbox 362 2038 647 2109; x_wconf 81' lang='grc' dir='ltr'>Σαρασάρ,</span> <span class='ocrx_word' id='word_1_151' title='bbox 676 2040 722 2091; x_wconf 77' lang='lat' dir='ltr'><strong>oi</strong></span> <span class='ocrx_word' id='word_1_152' title='bbox 747 2040 850 2093; x_wconf 74' lang='grc' dir='ltr'>υἱοὶ</span> <span class='ocrx_word' id='word_1_153' title='bbox 881 2039 1068 2105; x_wconf 79' lang='grc' dir='ltr'>αὑτοῦ,</span> <span class='ocrx_word' id='word_1_154' title='bbox 1124 2040 1398 2106; x_wconf 77' lang='grc' dir='ltr'>ἐπάταξαν</span> <span class='ocrx_word' id='word_1_155' title='bbox 1428 2042 1590 2094; x_wconf 75' lang='grc' dir='ltr'>αὐτὸν</span> <span class='ocrx_word' id='word_1_156' title='bbox 1621 2043 1821 2115; x_wconf 83' lang='grc' dir='ltr'>μαχαί-</span> 
     </span>
    </p>
   </div>
   <div class='ocr_carea' id='block_1_23' title="bbox 237 2129 1822 2204">
    <p class='ocr_par' dir='ltr' id='par_1_23' title="bbox 237 2129 1822 2204">
     <span class='ocr_line' id='line_1_23' title="bbox 237 2129 1822 2204; baseline 0.003 -24"><span class='ocrx_word' id='word_1_157' title='bbox 237 2144 381 2198; x_wconf 87' lang='grc' dir='ltr'>ραις.</span> <span class='ocrx_word' id='word_1_158' title='bbox 419 2129 635 2197; x_wconf 77' lang='grc' dir='ltr'>Ταύτης</span> <span class='ocrx_word' id='word_1_159' title='bbox 660 2130 1024 2203; x_wconf 81' lang='grc' dir='ltr'>διαμέμνηται</span> <span class='ocrx_word' id='word_1_160' title='bbox 1050 2134 1146 2204; x_wconf 76' lang='grc' dir='ltr'>τῆς</span> <span class='ocrx_word' id='word_1_161' title='bbox 1175 2133 1414 2203; x_wconf 80' lang='grc' dir='ltr'>ἱστορίας</span> <span class='ocrx_word' id='word_1_162' title='bbox 1439 2134 1467 2185; x_wconf 87' lang='lat'><strong>6</strong></span> <span class='ocrx_word' id='word_1_163' title='bbox 1490 2132 1822 2203; x_wconf 79' lang='grc' dir='ltr'>προφητικδς</span> 
     </span>
    </p>
   </div>
   <div class='ocr_carea' id='block_1_24' title="bbox 236 2208 1822 2295">
    <p class='ocr_par' dir='ltr' id='par_1_24' title="bbox 236 2208 1822 2295">
     <span class='ocr_line' id='line_1_24' title="bbox 236 2208 1822 2295; baseline 0.003 -23"><span class='ocrx_word' id='word_1_164' title='bbox 236 2221 369 2287; x_wconf 75' lang='grc' dir='ltr'>ἡμῖν</span> <span class='ocrx_word' id='word_1_165' title='bbox 416 2220 477 2272; x_wconf 83' lang='grc' dir='ltr'>ὲν</span> <span class='ocrx_word' id='word_1_166' title='bbox 518 2220 727 2283; x_wconf 80' lang='grc' dir='ltr'>τούτοις</span> <span class='ocrx_word' id='word_1_167' title='bbox 776 2221 951 2290; x_wconf 81' lang='grc' dir='ltr'>λόγος,</span> <span class='ocrx_word' id='word_1_168' title='bbox 991 2224 1088 2294; x_wconf 76' lang='grc' dir='ltr'>τὴν</span> <span class='ocrx_word' id='word_1_169' title='bbox 1130 2223 1187 2276; x_wconf 84' lang='grc' dir='ltr'><strong>δέ</strong></span> <span class='ocrx_word' id='word_1_170' title='bbox 1235 2242 1299 2293; x_wconf 85' lang='grc' dir='ltr'><strong>γε</strong></span> <span class='ocrx_word' id='word_1_171' title='bbox 1349 2226 1456 2276; x_wconf 86' lang='grc' dir='ltr'><strong>τῶν</strong></span> <span class='ocrx_word' id='word_1_172' title='bbox 1521 2208 1822 2295; x_wconf 73' lang='grc' dir='ltr'>Ἀσσυρίων</span> 
     </span>
    </p>
   </div>
   <div class='ocr_carea' id='block_1_25' title="bbox 235 2298 1819 2386">
    <p class='ocr_par' dir='ltr' id='par_1_25' title="bbox 235 2298 1819 2386">
     <span class='ocr_line' id='line_1_25' title="bbox 235 2298 1819 2386; baseline 0.002 -23"><span class='ocrx_word' id='word_1_173' title='bbox 235 2310 426 2385; x_wconf 76' lang='grc' dir='ltr'>ἔφοδον</span> <span class='ocrx_word' id='word_1_174' title='bbox 452 2316 871 2385; x_wconf 82' lang='grc' dir='ltr'>προαφηγεῖται,</span> <span class='ocrx_word' id='word_1_175' title='bbox 899 2314 993 2368; x_wconf 83' lang='grc' dir='ltr'><strong>καί</strong></span> <span class='ocrx_word' id='word_1_176' title='bbox 1013 2332 1194 2384; x_wconf 88' lang='grc' dir='ltr'>φησιν·</span> <span class='ocrx_word' id='word_1_177' title='bbox 1228 2317 1365 2375; x_wconf 70' lang='grc' dir='ltr'><strong>Οὐαὶ</strong></span> <span class='ocrx_word' id='word_1_178' title='bbox 1390 2315 1590 2386; x_wconf 80' lang='grc' dir='ltr'>πλῆθος</span> <span class='ocrx_word' id='word_1_179' title='bbox 1618 2298 1819 2370; x_wconf 69' lang='grc' dir='ltr'>ἐθνῶνῐ</span> 
     </span>
    </p>
   </div>
   <div class='ocr_carea' id='block_1_26' title="bbox 235 2401 1819 2483">
    <p class='ocr_par' dir='ltr' id='par_1_26' title="bbox 235 2401 1819 2483">
     <span class='ocr_line' id='line_1_26' title="bbox 235 2401 1819 2483; baseline 0.003 -28"><span class='ocrx_word' id='word_1_180' title='bbox 235 2401 330 2455; x_wconf 80' lang='grc' dir='ltr'><strong>καὶ</strong></span> <span class='ocrx_word' id='word_1_181' title='bbox 358 2402 429 2457; x_wconf 72' lang='grc' dir='ltr'>τὰ</span> <span class='ocrx_word' id='word_1_182' title='bbox 475 2402 685 2467; x_wconf 86' lang='grc' dir='ltr'>τούτοις</span> <span class='ocrx_word' id='word_1_183' title='bbox 712 2405 798 2474; x_wconf 76' lang='grc' dir='ltr'><strong>ἐφ’</strong></span> <span class='ocrx_word' id='word_1_184' title='bbox 827 2404 972 2476; x_wconf 79' lang='grc' dir='ltr'><strong>ἑξῆς.</strong></span> <span class='ocrx_word' id='word_1_185' title='bbox 1004 2405 1291 2471; x_wconf 75' lang='grc' dir='ltr'>Ταλανίζει</span> <span class='ocrx_word' id='word_1_186' title='bbox 1331 2408 1428 2475; x_wconf 81' lang='grc' dir='ltr'>μὲν</span> <span class='ocrx_word' id='word_1_187' title='bbox 1466 2408 1573 2477; x_wconf 78' lang='grc' dir='ltr'>γὰρ</span> <span class='ocrx_word' id='word_1_188' title='bbox 1604 2407 1819 2483; x_wconf 76' lang='grc' dir='ltr'>αὐτοὺς,</span> 
     </span>
    </p>
   </div>
   <div class='ocr_carea' id='block_1_27' title="bbox 232 2490 1825 2567">
    <p class='ocr_par' dir='ltr' id='par_1_27' title="bbox 232 2490 1825 2567">
     <span class='ocr_line' id='line_1_27' title="bbox 232 2490 1825 2567; baseline 0.004 -26"><span class='ocrx_word' id='word_1_189' title='bbox 232 2490 308 2554; x_wconf 80' lang='grc' dir='ltr'>ὡς</span> <span class='ocrx_word' id='word_1_190' title='bbox 337 2492 469 2545; x_wconf 85' lang='grc' dir='ltr'>ὅσον</span> <span class='ocrx_word' id='word_1_191' title='bbox 518 2492 639 2546; x_wconf 79' lang='grc' dir='ltr'>οὐδέ</span> <span class='ocrx_word' id='word_1_192' title='bbox 678 2512 763 2547; x_wconf 89' lang='grc' dir='ltr'><strong>πω</strong></span> <span class='ocrx_word' id='word_1_193' title='bbox 794 2494 1220 2567; x_wconf 75' lang='grc' dir='ltr'>τεθνηξομένους</span> <span class='ocrx_word' id='word_1_194' title='bbox 1267 2495 1324 2547; x_wconf 83' lang='grc' dir='ltr'>ὲν</span> <span class='ocrx_word' id='word_1_195' title='bbox 1362 2498 1473 2558; x_wconf 75' lang='grc' dir='ltr'>τοῖς</span> <span class='ocrx_word' id='word_1_196' title='bbox 1530 2494 1825 2566; x_wconf 83' lang='grc' dir='ltr'>Ἰεροσολὺ-</span> 
     </span>
    </p>
   </div>
   <div class='ocr_carea' id='block_1_28' title="bbox 235 2584 1822 2657">
    <p class='ocr_par' dir='ltr' id='par_1_28' title="bbox 235 2584 1822 2657">
     <span class='ocr_line' id='line_1_28' title="bbox 235 2584 1822 2657; baseline 0.003 -23"><span class='ocrx_word' id='word_1_197' title='bbox 235 2599 378 2651; x_wconf 88' lang='grc' dir='ltr'>μοις,</span> <span class='ocrx_word' id='word_1_198' title='bbox 406 2584 714 2649; x_wconf 83' lang='grc' dir='ltr'>διόλλυντος</span> <span class='ocrx_word' id='word_1_199' title='bbox 763 2586 1020 2655; x_wconf 76' lang='grc' dir='ltr'><strong>ἀγγέλου.</strong></span> <span class='ocrx_word' id='word_1_200' title='bbox 1066 2586 1188 2637; x_wconf 81' lang='grc' dir='ltr'><strong>Ὅτι</strong></span> <span class='ocrx_word' id='word_1_201' title='bbox 1218 2585 1272 2638; x_wconf 81' lang='grc' dir='ltr'>δὲ</span> <span class='ocrx_word' id='word_1_202' title='bbox 1301 2586 1398 2655; x_wconf 77' lang='grc' dir='ltr'>οὐχ</span> <span class='ocrx_word' id='word_1_203' title='bbox 1439 2586 1495 2639; x_wconf 85' lang='grc' dir='ltr'>ἓν</span> <span class='ocrx_word' id='word_1_204' title='bbox 1540 2584 1607 2657; x_wconf 80' lang='grc' dir='ltr'>ἦν</span> <span class='ocrx_word' id='word_1_205' title='bbox 1652 2586 1822 2653; x_wconf 75' lang='grc' dir='ltr'>ἔθνος,</span> 
     </span>
    </p>
   </div>
   <div class='ocr_carea' id='block_1_29' title="bbox 231 2673 1826 2753">
    <p class='ocr_par' dir='ltr' id='par_1_29' title="bbox 231 2673 1826 2753">
     <span class='ocr_line' id='line_1_29' title="bbox 231 2673 1826 2753; baseline 0.004 -27"><span class='ocrx_word' id='word_1_206' title='bbox 231 2673 470 2728; x_wconf 82' lang='grc' dir='ltr'>πλεῖστα</span> <span class='ocrx_word' id='word_1_207' title='bbox 520 2676 577 2728; x_wconf 86' lang='grc' dir='ltr'>δὲ</span> <span class='ocrx_word' id='word_1_208' title='bbox 640 2677 856 2745; x_wconf 79' lang='grc' dir='ltr'>μᾶλλον,</span> <span class='ocrx_word' id='word_1_209' title='bbox 906 2678 1266 2733; x_wconf 77' lang='grc' dir='ltr'>διαδείκνυσιν</span> <span class='ocrx_word' id='word_1_210' title='bbox 1312 2679 1574 2749; x_wconf 77' lang='grc' dir='ltr'>ἐναργῶς,</span> <span class='ocrx_word' id='word_1_211' title='bbox 1626 2680 1826 2753; x_wconf 79' lang='grc' dir='ltr'>πλῆθος</span> 
     </span>
    </p>
   </div>
   <div class='ocr_carea' id='block_1_30' title="bbox 228 2765 1821 2841">
    <p class='ocr_par' dir='ltr' id='par_1_30' title="bbox 228 2765 1821 2841">
     <span class='ocr_line' id='line_1_30' title="bbox 228 2765 1821 2841; baseline 0.005 -24"><span class='ocrx_word' id='word_1_212' title='bbox 228 2765 405 2823; x_wconf 68' lang='grc' dir='ltr'>ἐθνῶν</span> <span class='ocrx_word' id='word_1_213' title='bbox 453 2767 738 2837; x_wconf 76' lang='grc' dir='ltr'>ὀνομάζων</span> <span class='ocrx_word' id='word_1_214' title='bbox 785 2770 942 2823; x_wconf 79' lang='grc' dir='ltr'>αὑτά.</span> <span class='ocrx_word' id='word_1_215' title='bbox 1008 2771 1276 2840; x_wconf 81' lang='grc' dir='ltr'>Ἐπῄεσαν</span> <span class='ocrx_word' id='word_1_216' title='bbox 1326 2771 1383 2824; x_wconf 82' lang='grc' dir='ltr'>δὲ</span> <span class='ocrx_word' id='word_1_217' title='bbox 1424 2774 1545 2834; x_wconf 84' lang='grc' dir='ltr'>ταῖς</span> <span class='ocrx_word' id='word_1_218' title='bbox 1596 2771 1821 2841; x_wconf 84' lang='grc' dir='ltr'>χώραις,</span> 
     </span>
    </p>
   </div>
   <div class='ocr_carea' id='block_1_31' title="bbox 225 2842 1823 2934">
    <p class='ocr_par' dir='ltr' id='par_1_31' title="bbox 225 2856 1823 2934">
     <span class='ocr_line' id='line_1_31' title="bbox 225 2856 1823 2934; baseline 0.004 -25"><span class='ocrx_word' id='word_1_219' title='bbox 225 2856 349 2927; x_wconf 70' lang='grc' dir='ltr'>ἦτοι</span> <span class='ocrx_word' id='word_1_220' title='bbox 384 2863 515 2923; x_wconf 81' lang='grc' dir='ltr'>ταῖς</span> <span class='ocrx_word' id='word_1_221' title='bbox 547 2860 733 2912; x_wconf 88' lang='grc' dir='ltr'>πόλεσι</span> <span class='ocrx_word' id='word_1_222' title='bbox 781 2861 878 2931; x_wconf 81' lang='grc' dir='ltr'>τῆς</span> <span class='ocrx_word' id='word_1_223' title='bbox 923 2862 1200 2926; x_wconf 77' lang='grc' dir='ltr'>Ἰουδαίας,</span> <span class='ocrx_word' id='word_1_224' title='bbox 1234 2862 1308 2925; x_wconf 84' lang='grc' dir='ltr'><strong>ὡς</strong></span> <span class='ocrx_word' id='word_1_225' title='bbox 1356 2863 1497 2934; x_wconf 76' lang='grc' dir='ltr'>ὕδωρ</span> <span class='ocrx_word' id='word_1_226' title='bbox 1543 2864 1675 2916; x_wconf 77' lang='grc' dir='ltr'>πολὺ</span> <span class='ocrx_word' id='word_1_227' title='bbox 1729 2866 1823 2916; x_wconf 72' lang='grc' dir='ltr'>καὶ</span> 
     </span>
    </p>
   </div>
   <div class='ocr_carea' id='block_1_32' title="bbox 226 2947 1825 3035">
    <p class='ocr_par' dir='ltr' id='par_1_32' title="bbox 226 2947 1825 3035">
     <span class='ocr_line' id='line_1_32' title="bbox 226 2947 1825 3035; baseline 0.005 -34"><span class='ocrx_word' id='word_1_228' title='bbox 226 2947 302 3011; x_wconf 83' lang='grc' dir='ltr'>ὡς</span> <span class='ocrx_word' id='word_1_229' title='bbox 347 2950 448 3021; x_wconf 66' lang='grc' dir='ltr'>βίᾳ.</span> <span class='ocrx_word' id='word_1_230' title='bbox 486 2952 953 3022; x_wconf 75' lang='grc' dir='ltr'>καταφερόμενον,</span> <span class='ocrx_word' id='word_1_231' title='bbox 986 2954 1079 3006; x_wconf 74' lang='grc' dir='ltr'>καὶ</span> <span class='ocrx_word' id='word_1_232' title='bbox 1113 2953 1376 3025; x_wconf 74' lang='grc' dir='ltr'>θορύϐους</span> <span class='ocrx_word' id='word_1_233' title='bbox 1406 2956 1687 3025; x_wconf 73' lang='grc' dir='ltr'>ἐμποιοῦν,</span> <span class='ocrx_word' id='word_1_234' title='bbox 1729 2956 1825 3035; x_wconf 85' lang='grc' dir='ltr'>μό-</span> 
     </span>
    </p>
   </div>
   <div class='ocr_carea' id='block_1_33' title="bbox 1931 583 3537 653">
    <p class='ocr_par' dir='ltr' id='par_1_33' title="bbox 1931 583 3537 653">
     <span class='ocr_line' id='line_1_33' title="bbox 1931 583 3537 653; baseline 0.007 -18"><span class='ocrx_word' id='word_1_235' title='bbox 1931 590 2175 637; x_wconf 90' lang='lat' dir='ltr'><strong>nostrum</strong></span> <span class='ocrx_word' id='word_1_236' title='bbox 2221 583 2531 640; x_wconf 85' lang='lat' dir='ltr'><strong>Servatoris</strong></span> <span class='ocrx_word' id='word_1_237' title='bbox 2577 585 2669 640; x_wconf 86' lang='lat' dir='ltr'><strong>Dei</strong></span> <span class='ocrx_word' id='word_1_238' title='bbox 2715 587 2903 641; x_wconf 86' lang='lat' dir='ltr'><strong>habuit</strong></span> <span class='ocrx_word' id='word_1_239' title='bbox 2949 591 3193 647; x_wconf 88' lang='lat' dir='ltr'><strong>derisui:</strong></span> <span class='ocrx_word' id='word_1_240' title='bbox 3236 608 3338 647; x_wconf 86' lang='lat' dir='ltr'><strong>non</strong></span> <span class='ocrx_word' id='word_1_241' title='bbox 3377 596 3537 653; x_wconf 79' lang='lat' dir='ltr'><strong>enim</strong></span> 
     </span>
    </p>
   </div>
   <div class='ocr_carea' id='block_1_34' title="bbox 1930 678 3522 755">
    <p class='ocr_par' dir='ltr' id='par_1_34' title="bbox 1930 678 3522 755">
     <span class='ocr_line' id='line_1_34' title="bbox 1930 678 3522 755; baseline 0.008 -27"><span class='ocrx_word' id='word_1_242' title='bbox 1930 688 2089 744; x_wconf 83' lang='lat' dir='ltr'><strong>posse</strong></span> <span class='ocrx_word' id='word_1_243' title='bbox 2136 690 2231 729; x_wconf 89' lang='lat' dir='ltr'><strong>eos</strong></span> <span class='ocrx_word' id='word_1_244' title='bbox 2271 690 2510 737; x_wconf 86' lang='lat' dir='ltr'><strong>servare,</strong></span> <span class='ocrx_word' id='word_1_245' title='bbox 2555 678 2658 731; x_wconf 89' lang='lat' dir='ltr'><strong>etsi</strong></span> <span class='ocrx_word' id='word_1_246' title='bbox 2702 678 2819 734; x_wconf 84' lang='lat' dir='ltr'><strong>boc-</strong></span> <span class='ocrx_word' id='word_1_247' title='bbox 2851 680 2975 735; x_wconf 88' lang='lat' dir='ltr'><strong>velit</strong></span> <span class='ocrx_word' id='word_1_248' title='bbox 3007 683 3258 745; x_wconf 79' lang='lat' dir='ltr'><strong>maxime.</strong></span> <span class='ocrx_word' id='word_1_249' title='bbox 3289 684 3522 755; x_wconf 42' lang='lat' dir='ltr'><strong>allirmar</strong></span> 
     </span>
    </p>
   </div>
   <div class='ocr_carea' id='block_1_35' title="bbox 1931 766 3520 847">
    <p class='ocr_par' dir='ltr' id='par_1_35' title="bbox 1931 766 3520 847">
     <span class='ocr_line' id='line_1_35' title="bbox 1931 766 3520 847; baseline 0.01 -28"><span class='ocrx_word' id='word_1_250' title='bbox 1931 766 2040 821; x_wconf 90' lang='lat' dir='ltr'><strong>bat.</strong></span> <span class='ocrx_word' id='word_1_251' title='bbox 2075 766 2362 820; x_wconf 85' lang='lat' dir='ltr'><strong>Barbarica</strong></span> <span class='ocrx_word' id='word_1_252' title='bbox 2384 776 2563 823; x_wconf 85' lang='lat' dir='ltr'><strong>autem</strong></span> <span class='ocrx_word' id='word_1_253' title='bbox 2592 769 2766 838; x_wconf 79' lang='lat' dir='ltr'><strong>lingua</strong></span> <span class='ocrx_word' id='word_1_254' title='bbox 2792 787 2856 826; x_wconf 85' lang='lat' dir='ltr'><strong>ac</strong></span> <span class='ocrx_word' id='word_1_255' title='bbox 2878 785 3056 828; x_wconf 88' lang='lat' dir='ltr'><strong>men&#39;e</strong></span> <span class='ocrx_word' id='word_1_256' title='bbox 3092 791 3242 840; x_wconf 80' lang='lat' dir='ltr'><strong>usus,</strong></span> <span class='ocrx_word' id='word_1_257' title='bbox 3270 780 3520 847; x_wconf 73' lang='lat' dir='ltr'><strong>cognmit</strong></span> 
     </span>
    </p>
   </div>
   <div class='ocr_carea' id='block_1_36' title="bbox 1931 858 3520 925">
    <p class='ocr_par' dir='ltr' id='par_1_36' title="bbox 1931 858 3520 925">
     <span class='ocr_line' id='line_1_36' title="bbox 1931 858 3520 925; baseline 0.009 -15"><span class='ocrx_word' id='word_1_258' title='bbox 1931 859 2260 925; x_wconf 73' lang='lat' dir='ltr'><strong>experientia</strong></span> <span class='ocrx_word' id='word_1_259' title='bbox 2318 858 2575 922; x_wconf 87' lang='lat' dir='ltr'><strong>edoctus,</strong></span> <span class='ocrx_word' id='word_1_260' title='bbox 2635 861 2828 919; x_wconf 89' lang='lat' dir='ltr'><strong>durum</strong></span> <span class='ocrx_word' id='word_1_261' title='bbox 2892 879 3012 919; x_wconf 88' lang='lat' dir='ltr'><strong>esse</strong></span> <span class='ocrx_word' id='word_1_262' title='bbox 3084 866 3286 919; x_wconf 87' lang='lat' dir='ltr'><strong>homini</strong></span> <span class='ocrx_word' id='word_1_263' title='bbox 3347 870 3520 925; x_wconf 77' lang='lat' dir='ltr'><strong>cuivis</strong></span> 
     </span>
    </p>
   </div>
   <div class='ocr_carea' id='block_1_37' title="bbox 1932 950 3517 1027">
    <p class='ocr_par' dir='ltr' id='par_1_37' title="bbox 1932 950 3517 1027">
     <span class='ocr_line' id='line_1_37' title="bbox 1932 950 3517 1027; baseline 0.006 -24"><span class='ocrx_word' id='word_1_264' title='bbox 1932 959 2118 1003; x_wconf 81' lang='lat' dir='ltr'><strong>eontra</strong></span> <span class='ocrx_word' id='word_1_265' title='bbox 2150 965 2457 1018; x_wconf 81' lang='lat' dir='ltr'><strong>supremam</strong></span> <span class='ocrx_word' id='word_1_266' title='bbox 2492 950 2827 1019; x_wconf 71' lang='lat' dir='ltr'><strong>maiestatem</strong></span> <span class='ocrx_word' id='word_1_267' title='bbox 2860 968 2981 1008; x_wconf 83' lang='lat' dir='ltr'><strong>sese</strong></span> <span class='ocrx_word' id='word_1_268' title='bbox 3026 956 3292 1017; x_wconf 81' lang='lat' dir='ltr'><strong>attollere.</strong></span> <span class='ocrx_word' id='word_1_269' title='bbox 3325 958 3517 1027; x_wconf 71' lang='lat' dir='ltr'><strong>Egres-</strong></span> 
     </span>
    </p>
   </div>
   <div class='ocr_carea' id='block_1_38' title="bbox 1933 1042 3515 1111">
    <p class='ocr_par' dir='ltr' id='par_1_38' title="bbox 1933 1042 3515 1111">
     <span class='ocr_line' id='line_1_38' title="bbox 1933 1042 3515 1111; baseline 0.008 -18"><span class='ocrx_word' id='word_1_270' title='bbox 1933 1056 2021 1093; x_wconf 86' lang='lat' dir='ltr'><strong>sus</strong></span> <span class='ocrx_word' id='word_1_271' title='bbox 2050 1052 2131 1095; x_wconf 85' lang='lat' dir='ltr'><strong>est</strong></span> <span class='ocrx_word' id='word_1_272' title='bbox 2159 1042 2301 1094; x_wconf 79' lang='lat' dir='ltr'><strong>enim</strong></span> <span class='ocrx_word' id='word_1_273' title='bbox 2340 1042 2563 1111; x_wconf 77' lang='lat' dir='ltr'><strong>angelus</strong></span> <span class='ocrx_word' id='word_1_274' title='bbox 2608 1043 2840 1109; x_wconf 85' lang='lat' dir='ltr'><strong>Domini,</strong></span> <span class='ocrx_word' id='word_1_275' title='bbox 2876 1056 2926 1099; x_wconf 90' lang='lat' dir='ltr'><strong>et</strong></span> <span class='ocrx_word' id='word_1_276' title='bbox 2962 1049 3178 1101; x_wconf 81' lang='lat' dir='ltr'><strong>sustulit</strong></span> <span class='ocrx_word' id='word_1_277' title='bbox 3215 1066 3316 1103; x_wconf 90' lang='lat' dir='ltr'><strong>una</strong></span> <span class='ocrx_word' id='word_1_278' title='bbox 3358 1063 3515 1106; x_wconf 88' lang='lat' dir='ltr'><strong>nocte</strong></span> 
     </span>
    </p>
   </div>
   <div class='ocr_carea' id='block_1_39' title="bbox 1931 1132 3518 1209">
    <p class='ocr_par' dir='ltr' id='par_1_39' title="bbox 1931 1132 3518 1209">
     <span class='ocr_line' id='line_1_39' title="bbox 1931 1132 3518 1209; baseline 0.009 -25"><span class='ocrx_word' id='word_1_279' title='bbox 1931 1148 1993 1185; x_wconf 79' lang='lat' dir='ltr'><strong>ex</strong></span> <span class='ocrx_word' id='word_1_280' title='bbox 2028 1132 2217 1185; x_wconf 84' lang='lat' dir='ltr'><strong>castris</strong></span> <span class='ocrx_word' id='word_1_281' title='bbox 2248 1133 2673 1204; x_wconf 79' lang='lat' dir='ltr'><strong>alienigenarum</strong></span> <span class='ocrx_word' id='word_1_282' title='bbox 2715 1146 2930 1192; x_wconf 83' lang='lat' dir='ltr'><strong>centum</strong></span> <span class='ocrx_word' id='word_1_283' title='bbox 2962 1141 3235 1208; x_wconf 79' lang='lat' dir='ltr'><strong>octoginta</strong></span> <span class='ocrx_word' id='word_1_284' title='bbox 3278 1145 3518 1209; x_wconf 82' lang='lat' dir='ltr'><strong>quinque</strong></span> 
     </span>
    </p>
   </div>
   <div class='ocr_carea' id='block_1_40' title="bbox 1933 1223 3513 1301">
    <p class='ocr_par' dir='ltr' id='par_1_40' title="bbox 1933 1223 3513 1301">
     <span class='ocr_line' id='line_1_40' title="bbox 1933 1223 3513 1301; baseline 0.007 -26"><span class='ocrx_word' id='word_1_285' title='bbox 1933 1223 2117 1288; x_wconf 88' lang='lat' dir='ltr'><strong>millia,</strong></span> <span class='ocrx_word' id='word_1_286' title='bbox 2145 1238 2208 1278; x_wconf 91' lang='lat' dir='ltr'><strong>ac</strong></span> <span class='ocrx_word' id='word_1_287' title='bbox 2239 1234 2526 1299; x_wconf 72' lang='lat' dir='ltr'><strong>surgentes</strong></span> <span class='ocrx_word' id='word_1_288' title='bbox 2551 1240 2707 1279; x_wconf 73' lang='lat' dir='ltr'><strong>mane</strong></span> <span class='ocrx_word' id='word_1_289' title='bbox 2735 1227 3055 1282; x_wconf 85' lang='lat' dir='ltr'><strong>invenerunt</strong></span> <span class='ocrx_word' id='word_1_290' title='bbox 3084 1232 3261 1289; x_wconf 84' lang='lat' dir='ltr'><strong>omnia</strong></span> <span class='ocrx_word' id='word_1_291' title='bbox 3290 1248 3513 1301; x_wconf 82' lang='lat' dir='ltr'><strong>corpora</strong></span> 
     </span>
    </p>
   </div>
   <div class='ocr_carea' id='block_1_41' title="bbox 1930 1313 3512 1392">
    <p class='ocr_par' dir='ltr' id='par_1_41' title="bbox 1930 1313 3512 1392">
     <span class='ocr_line' id='line_1_41' title="bbox 1930 1313 3512 1392; baseline 0.006 -25"><span class='ocrx_word' id='word_1_292' title='bbox 1930 1322 2162 1367; x_wconf 88' lang='lat' dir='ltr'><strong>mortua.</strong></span> <span class='ocrx_word' id='word_1_293' title='bbox 2190 1313 2255 1368; x_wconf 87' lang='lat' dir='ltr'><strong>Et</strong></span> <span class='ocrx_word' id='word_1_294' title='bbox 2286 1329 2406 1369; x_wconf 91' lang='lat' dir='ltr'><strong>cum</strong></span> <span class='ocrx_word' id='word_1_295' title='bbox 2437 1318 2841 1385; x_wconf 75' lang='lat' dir='ltr'><strong>exspectatione</strong></span> <span class='ocrx_word' id='word_1_296' title='bbox 2863 1316 3157 1373; x_wconf 90' lang='lat' dir='ltr'><strong>frustratus</strong></span> <span class='ocrx_word' id='word_1_297' title='bbox 3185 1333 3327 1374; x_wconf 71' lang='lat' dir='ltr'><strong>esset</strong></span> <span class='ocrx_word' id='word_1_298' title='bbox 3359 1323 3402 1376; x_wconf 92' lang='lat' dir='ltr'><strong>is</strong></span> <span class='ocrx_word' id='word_1_299' title='bbox 3421 1325 3512 1392; x_wconf 89' lang='lat' dir='ltr'><strong>qui</strong></span> 
     </span>
    </p>
   </div>
   <div class='ocr_carea' id='block_1_42' title="bbox 1930 1404 3507 1479">
    <p class='ocr_par' dir='ltr' id='par_1_42' title="bbox 1930 1404 3507 1479">
     <span class='ocr_line' id='line_1_42' title="bbox 1930 1404 3507 1479; baseline 0.004 -21"><span class='ocrx_word' id='word_1_300' title='bbox 1930 1404 2098 1469; x_wconf 87' lang='lat' dir='ltr'><strong>misit,</strong></span> <span class='ocrx_word' id='word_1_301' title='bbox 2144 1404 2534 1465; x_wconf 81' lang='lat' dir='ltr'><strong>Sennacherim</strong></span> <span class='ocrx_word' id='word_1_302' title='bbox 2582 1408 2833 1478; x_wconf 88' lang='lat' dir='ltr'><strong>inquam,</strong></span> <span class='ocrx_word' id='word_1_303' title='bbox 2871 1425 3120 1465; x_wconf 82' lang='lat' dir='ltr'><strong>reversus</strong></span> <span class='ocrx_word' id='word_1_304' title='bbox 3148 1423 3230 1465; x_wconf 81' lang='lat' dir='ltr'><strong>est</strong></span> <span class='ocrx_word' id='word_1_305' title='bbox 3264 1414 3507 1479; x_wconf 73' lang='lat' dir='ltr'><strong>perfuga,</strong></span> 
     </span>
    </p>
   </div>
   <div class='ocr_carea' id='block_1_43' title="bbox 1927 1497 3516 1566">
    <p class='ocr_par' dir='ltr' id='par_1_43' title="bbox 1927 1497 3516 1566">
     <span class='ocr_line' id='line_1_43' title="bbox 1927 1497 3516 1566; baseline 0.003 -17"><span class='ocrx_word' id='word_1_306' title='bbox 1927 1506 1981 1549; x_wconf 90' lang='lat' dir='ltr'><strong>et</strong></span> <span class='ocrx_word' id='word_1_307' title='bbox 2002 1504 2250 1551; x_wconf 78' lang='lat' dir='ltr'><strong>servatus</strong></span> <span class='ocrx_word' id='word_1_308' title='bbox 2272 1506 2357 1551; x_wconf 89' lang='lat' dir='ltr'><strong>est</strong></span> <span class='ocrx_word' id='word_1_309' title='bbox 2382 1497 2468 1553; x_wconf 85' lang='lat' dir='ltr'><strong>vix</strong></span> <span class='ocrx_word' id='word_1_310' title='bbox 2493 1512 2588 1551; x_wconf 80' lang='lat' dir='ltr'><strong>sua</strong></span> <span class='ocrx_word' id='word_1_311' title='bbox 2612 1498 2754 1550; x_wconf 86' lang='lat' dir='ltr'><strong>domi</strong></span> <span class='ocrx_word' id='word_1_312' title='bbox 2782 1514 3106 1566; x_wconf 78' lang='lat' dir='ltr'><strong>recuperatis</strong></span> <span class='ocrx_word' id='word_1_313' title='bbox 3136 1518 3151 1553; x_wconf 86' lang='lat'><strong>:</strong></span> <span class='ocrx_word' id='word_1_314' title='bbox 3178 1501 3303 1565; x_wconf 88' lang='lat' dir='ltr'><strong>quin</strong></span> <span class='ocrx_word' id='word_1_315' title='bbox 3330 1511 3381 1551; x_wconf 79' lang='lat' dir='ltr'><strong>et</strong></span> <span class='ocrx_word' id='word_1_316' title='bbox 3403 1502 3516 1565; x_wconf 89' lang='lat' dir='ltr'><strong>ipsc</strong></span> 
     </span>
    </p>
   </div>
   <div class='ocr_carea' id='block_1_44' title="bbox 1930 1587 3513 1659">
    <p class='ocr_par' dir='ltr' id='par_1_44' title="bbox 1930 1587 3513 1659">
     <span class='ocr_line' id='line_1_44' title="bbox 1930 1587 3513 1659; baseline 0.004 -18"><span class='ocrx_word' id='word_1_317' title='bbox 1930 1587 2228 1643; x_wconf 82' lang='lat' dir='ltr'><strong>trucidatus</strong></span> <span class='ocrx_word' id='word_1_318' title='bbox 2261 1598 2349 1657; x_wconf 84' lang='lat' dir='ltr'><strong>est</strong></span> <span class='ocrx_word' id='word_1_319' title='bbox 2397 1604 2501 1644; x_wconf 91' lang='lat' dir='ltr'><strong>non</strong></span> <span class='ocrx_word' id='word_1_320' title='bbox 2554 1589 2711 1659; x_wconf 77' lang='lat' dir='ltr'><strong>longe</strong></span> <span class='ocrx_word' id='word_1_321' title='bbox 2747 1601 2919 1659; x_wconf 87' lang='lat' dir='ltr'><strong>posta</strong></span> <span class='ocrx_word' id='word_1_322' title='bbox 2954 1592 3067 1646; x_wconf 88' lang='lat' dir='ltr'><strong>suis</strong></span> <span class='ocrx_word' id='word_1_323' title='bbox 3099 1591 3243 1645; x_wconf 81' lang='lat' dir='ltr'><strong>ﬁliis.</strong></span> <span class='ocrx_word' id='word_1_324' title='bbox 3290 1590 3513 1647; x_wconf 84' lang='lat' dir='ltr'><strong>Factum</strong></span> 
     </span>
    </p>
   </div>
   <div class='ocr_carea' id='block_1_45' title="bbox 1926 1680 3511 1753">
    <p class='ocr_par' dir='ltr' id='par_1_45' title="bbox 1926 1680 3511 1753">
     <span class='ocr_line' id='line_1_45' title="bbox 1926 1680 3511 1753; baseline -0.002 -19"><span class='ocrx_word' id='word_1_325' title='bbox 1926 1689 2028 1743; x_wconf 90' lang='lat' dir='ltr'><strong>est,</strong></span> <span class='ocrx_word' id='word_1_326' title='bbox 2083 1680 2293 1753; x_wconf 82' lang='lat' dir='ltr'><strong>inquit,</strong></span> <span class='ocrx_word' id='word_1_327' title='bbox 2325 1681 2452 1734; x_wconf 89' lang='lat' dir='ltr'><strong>dum</strong></span> <span class='ocrx_word' id='word_1_328' title='bbox 2500 1682 2752 1737; x_wconf 87' lang='lat' dir='ltr'><strong>adoraret</strong></span> <span class='ocrx_word' id='word_1_329' title='bbox 2802 1684 2947 1747; x_wconf 88' lang='lat' dir='ltr'><strong>domi</strong></span> <span class='ocrx_word' id='word_1_330' title='bbox 3003 1700 3113 1741; x_wconf 67' lang='lat' dir='ltr'><strong>suae</strong></span> <span class='ocrx_word' id='word_1_331' title='bbox 3171 1688 3374 1745; x_wconf 72' lang='lat' dir='ltr'><strong>Sarni-li</strong></span> <span class='ocrx_word' id='word_1_332' title='bbox 3426 1705 3511 1751; x_wconf 73' lang='grc' dir='ltr'><strong>ρει.</strong></span> 
     </span>
    </p>
   </div>
   <div class='ocr_carea' id='block_1_46' title="bbox 1929 1772 3519 1843">
    <p class='ocr_par' dir='ltr' id='par_1_46' title="bbox 1929 1772 3519 1843">
     <span class='ocr_line' id='line_1_46' title="bbox 1929 1772 3519 1843; baseline 0.003 -17"><span class='ocrx_word' id='word_1_333' title='bbox 1929 1772 2201 1827; x_wconf 87' lang='lat' dir='ltr'><strong>trarcbum</strong></span> <span class='ocrx_word' id='word_1_334' title='bbox 2246 1786 2434 1836; x_wconf 86' lang='lat' dir='ltr'><strong>suum,</strong></span> <span class='ocrx_word' id='word_1_335' title='bbox 2470 1772 2823 1831; x_wconf 80' lang='lat' dir='ltr'><strong>AdrameIech</strong></span> <span class='ocrx_word' id='word_1_336' title='bbox 2866 1785 2922 1827; x_wconf 89' lang='lat' dir='ltr'><strong>et</strong></span> <span class='ocrx_word' id='word_1_337' title='bbox 2967 1774 3215 1840; x_wconf 86' lang='lat' dir='ltr'><strong>Sarasar,</strong></span> <span class='ocrx_word' id='word_1_338' title='bbox 3250 1776 3341 1830; x_wconf 81' lang='lat' dir='ltr'><strong>ﬁlii</strong></span> <span class='ocrx_word' id='word_1_339' title='bbox 3378 1779 3519 1843; x_wconf 76' lang='lat' dir='ltr'><strong>ejus.</strong></span> 
     </span>
    </p>
   </div>
   <div class='ocr_carea' id='block_1_47' title="bbox 1925 1861 3514 1930">
    <p class='ocr_par' dir='ltr' id='par_1_47' title="bbox 1925 1861 3514 1930">
     <span class='ocr_line' id='line_1_47' title="bbox 1925 1861 3514 1930; baseline -0.001 -12"><span class='ocrx_word' id='word_1_340' title='bbox 1925 1878 2049 1918; x_wconf 86' lang='lat' dir='ltr'><strong>eum</strong></span> <span class='ocrx_word' id='word_1_341' title='bbox 2088 1862 2269 1930; x_wconf 78' lang='lat' dir='ltr'><strong>gladio</strong></span> <span class='ocrx_word' id='word_1_342' title='bbox 2318 1861 2702 1917; x_wconf 76' lang='lat' dir='ltr'><strong>cenfoderuut.</strong></span> <span class='ocrx_word' id='word_1_343' title='bbox 2737 1864 2904 1929; x_wconf 85' lang='lat' dir='ltr'><strong>ilujus</strong></span> <span class='ocrx_word' id='word_1_344' title='bbox 2956 1865 3198 1919; x_wconf 73' lang='lat' dir='ltr'><strong>historiae</strong></span> <span class='ocrx_word' id='word_1_345' title='bbox 3248 1868 3348 1923; x_wconf 85' lang='lat' dir='ltr'><strong>huc</strong></span> <span class='ocrx_word' id='word_1_346' title='bbox 3400 1868 3514 1920; x_wconf 73' lang='lat' dir='ltr'><strong>loro</strong></span> 
     </span>
    </p>
   </div>
   <div class='ocr_carea' id='block_1_48' title="bbox 1926 1952 3516 2027">
    <p class='ocr_par' dir='ltr' id='par_1_48' title="bbox 1926 1952 3516 2027">
     <span class='ocr_line' id='line_1_48' title="bbox 1926 1952 3516 2027; baseline 0 -21"><span class='ocrx_word' id='word_1_347' title='bbox 1926 1952 2178 2019; x_wconf 81' lang='lat' dir='ltr'><strong>meminit</strong></span> <span class='ocrx_word' id='word_1_348' title='bbox 2240 1954 2396 2011; x_wconf 86' lang='lat' dir='ltr'><strong>nobis</strong></span> <span class='ocrx_word' id='word_1_349' title='bbox 2458 1969 2640 2008; x_wconf 82' lang='lat' dir='ltr'><strong>sermo</strong></span> <span class='ocrx_word' id='word_1_350' title='bbox 2696 1956 3078 2025; x_wconf 84' lang='lat' dir='ltr'><strong>propheticus;</strong></span> <span class='ocrx_word' id='word_1_351' title='bbox 3136 1958 3516 2027; x_wconf 81' lang='lat' dir='ltr'><strong>im-nrsnmque</strong></span> 
     </span>
    </p>
   </div>
   <div class='ocr_carea' id='block_1_49' title="bbox 1924 2045 3512 2118">
    <p class='ocr_par' dir='ltr' id='par_1_49' title="bbox 1924 2045 3512 2118">
     <span class='ocr_line' id='line_1_49' title="bbox 1924 2045 3512 2118; baseline 0.003 -18"><span class='ocrx_word' id='word_1_352' title='bbox 1924 2045 2278 2117; x_wconf 86' lang='lat' dir='ltr'><strong>Assyriorum</strong></span> <span class='ocrx_word' id='word_1_353' title='bbox 2325 2055 2737 2117; x_wconf 64' lang='lat' dir='ltr'><strong>praemonstrat,</strong></span> <span class='ocrx_word' id='word_1_354' title='bbox 2782 2063 2844 2105; x_wconf 87' lang='lat' dir='ltr'><strong>ac</strong></span> <span class='ocrx_word' id='word_1_355' title='bbox 2898 2048 3117 2115; x_wconf 84' lang='lat' dir='ltr'><strong>inquit:</strong></span> <span class='ocrx_word' id='word_1_356' title='bbox 3157 2049 3241 2109; x_wconf 66' lang='lat' dir='ltr'><strong>Vae</strong></span> <span class='ocrx_word' id='word_1_357' title='bbox 3275 2054 3512 2118; x_wconf 74' lang='lat' dir='ltr'><strong>gentium</strong></span> 
     </span>
    </p>
   </div>
   <div class='ocr_carea' id='block_1_50' title="bbox 1926 2122 3513 2212">
    <p class='ocr_par' dir='ltr' id='par_1_50' title="bbox 1926 2122 3513 2212">
     <span class='ocr_line' id='line_1_50' title="bbox 1926 2122 3513 2212; baseline 0.003 -24"><span class='ocrx_word' id='word_1_358' title='bbox 1926 2122 2221 2207; x_wconf 81' lang='lat' dir='ltr'><strong>multarum</strong></span> <span class='ocrx_word' id='word_1_359' title='bbox 2248 2137 2615 2191; x_wconf 76' lang='lat' dir='ltr'><strong>multitudini!</strong></span> <span class='ocrx_word' id='word_1_360' title='bbox 2640 2147 2693 2194; x_wconf 74' lang='lat' dir='ltr'><strong>et</strong></span> <span class='ocrx_word' id='word_1_361' title='bbox 2730 2154 2850 2208; x_wconf 60' lang='lat' dir='ltr'><strong>quae</strong></span> <span class='ocrx_word' id='word_1_362' title='bbox 2885 2152 3310 2209; x_wconf 79' lang='lat' dir='ltr'><strong>consequuntur.</strong></span> <span class='ocrx_word' id='word_1_363' title='bbox 3347 2141 3513 2212; x_wconf 67' lang='lat' dir='ltr'><strong>[uiget</strong></span> 
     </span>
    </p>
   </div>
   <div class='ocr_carea' id='block_1_51' title="bbox 1925 2227 3512 2305">
    <p class='ocr_par' dir='ltr' id='par_1_51' title="bbox 1925 2227 3512 2305">
     <span class='ocr_line' id='line_1_51' title="bbox 1925 2227 3512 2305; baseline 0.002 -20"><span class='ocrx_word' id='word_1_364' title='bbox 1925 2227 2068 2285; x_wconf 90' lang='lat' dir='ltr'><strong>enim</strong></span> <span class='ocrx_word' id='word_1_365' title='bbox 2127 2244 2222 2287; x_wconf 87' lang='lat' dir='ltr'><strong>eos</strong></span> <span class='ocrx_word' id='word_1_366' title='bbox 2264 2230 2491 2284; x_wconf 90' lang='lat' dir='ltr'><strong>miseros</strong></span> <span class='ocrx_word' id='word_1_367' title='bbox 2531 2230 2686 2298; x_wconf 85' lang='lat' dir='ltr'><strong>quasi</strong></span> <span class='ocrx_word' id='word_1_368' title='bbox 2737 2230 2961 2300; x_wconf 84' lang='lat' dir='ltr'><strong>jamjam</strong></span> <span class='ocrx_word' id='word_1_369' title='bbox 3017 2234 3332 2299; x_wconf 85' lang='lat' dir='ltr'><strong>morituros,</strong></span> <span class='ocrx_word' id='word_1_370' title='bbox 3388 2251 3512 2305; x_wconf 83' lang='lat' dir='ltr'><strong>per-</strong></span> 
     </span>
    </p>
   </div>
   <div class='ocr_carea' id='block_1_52' title="bbox 1925 2318 3508 2392">
    <p class='ocr_par' dir='ltr' id='par_1_52' title="bbox 1925 2318 3508 2392">
     <span class='ocr_line' id='line_1_52' title="bbox 1925 2318 3508 2392; baseline 0.004 -19"><span class='ocrx_word' id='word_1_371' title='bbox 1925 2318 2087 2373; x_wconf 88' lang='lat' dir='ltr'><strong>dente</strong></span> <span class='ocrx_word' id='word_1_372' title='bbox 2127 2319 2339 2388; x_wconf 79' lang='lat' dir='ltr'><strong>angelo.</strong></span> <span class='ocrx_word' id='word_1_373' title='bbox 2395 2318 2549 2385; x_wconf 85' lang='lat' dir='ltr'><strong>Quod</strong></span> <span class='ocrx_word' id='word_1_374' title='bbox 2594 2331 2774 2375; x_wconf 88' lang='lat' dir='ltr'><strong>autem</strong></span> <span class='ocrx_word' id='word_1_375' title='bbox 2825 2337 2931 2375; x_wconf 86' lang='lat' dir='ltr'><strong>non</strong></span> <span class='ocrx_word' id='word_1_376' title='bbox 2982 2338 3086 2376; x_wconf 88' lang='lat' dir='ltr'><strong>una</strong></span> <span class='ocrx_word' id='word_1_377' title='bbox 3138 2321 3297 2379; x_wconf 84' lang='lat' dir='ltr'><strong>fuerit</strong></span> <span class='ocrx_word' id='word_1_378' title='bbox 3344 2341 3508 2392; x_wconf 78' lang='lat' dir='ltr'><strong>gens,</strong></span> 
     </span>
    </p>
   </div>
   <div class='ocr_carea' id='block_1_53' title="bbox 1927 2408 3511 2485">
    <p class='ocr_par' dir='ltr' id='par_1_53' title="bbox 1927 2408 3511 2485">
     <span class='ocr_line' id='line_1_53' title="bbox 1927 2408 3511 2485; baseline 0.004 -20"><span class='ocrx_word' id='word_1_379' title='bbox 1927 2411 2020 2465; x_wconf 90' lang='lat' dir='ltr'><strong>sed</strong></span> <span class='ocrx_word' id='word_1_380' title='bbox 2076 2411 2294 2481; x_wconf 89' lang='lat' dir='ltr'><strong>plures,</strong></span> <span class='ocrx_word' id='word_1_381' title='bbox 2346 2411 2685 2467; x_wconf 85' lang='lat' dir='ltr'><strong>demonstrat</strong></span> <span class='ocrx_word' id='word_1_382' title='bbox 2739 2414 3055 2483; x_wconf 80' lang='lat' dir='ltr'><strong>perSpicue,</strong></span> <span class='ocrx_word' id='word_1_383' title='bbox 3108 2432 3228 2470; x_wconf 90' lang='lat' dir='ltr'><strong>cum</strong></span> <span class='ocrx_word' id='word_1_384' title='bbox 3274 2408 3511 2485; x_wconf 61' lang='lat' dir='ltr'><strong>gentium</strong></span> 
     </span>
    </p>
   </div>
   <div class='ocr_carea' id='block_1_54' title="bbox 1929 2503 3514 2576">
    <p class='ocr_par' dir='ltr' id='par_1_54' title="bbox 1929 2503 3514 2576">
     <span class='ocr_line' id='line_1_54' title="bbox 1929 2503 3514 2576; baseline 0.002 -18"><span class='ocrx_word' id='word_1_385' title='bbox 1929 2504 2327 2558; x_wconf 88' lang='lat' dir='ltr'><strong>multitudinem</strong></span> <span class='ocrx_word' id='word_1_386' title='bbox 2361 2503 2625 2558; x_wconf 86' lang='lat' dir='ltr'><strong>nominat.</strong></span> <span class='ocrx_word' id='word_1_387' title='bbox 2658 2503 2976 2560; x_wconf 84' lang='lat' dir='ltr'><strong>invaserunt</strong></span> <span class='ocrx_word' id='word_1_388' title='bbox 3009 2518 3184 2563; x_wconf 86' lang='lat' dir='ltr'><strong>autem</strong></span> <span class='ocrx_word' id='word_1_389' title='bbox 3210 2511 3514 2576; x_wconf 72' lang='lat' dir='ltr'><strong>provincias</strong></span> 
     </span>
    </p>
   </div>
   <div class='ocr_carea' id='block_1_55' title="bbox 1926 2578 3529 2667">
    <p class='ocr_par' dir='ltr' id='par_1_55' title="bbox 1926 2578 3529 2667">
     <span class='ocr_line' id='line_1_55' title="bbox 1926 2578 3529 2667; baseline 0.002 -21"><span class='ocrx_word' id='word_1_390' title='bbox 1926 2578 2020 2646; x_wconf 62' lang='lat' dir='ltr'><strong>Seu</strong></span> <span class='ocrx_word' id='word_1_391' title='bbox 2051 2591 2214 2646; x_wconf 85' lang='lat' dir='ltr'><strong>urbes</strong></span> <span class='ocrx_word' id='word_1_392' title='bbox 2260 2589 2458 2645; x_wconf 65' lang='lat' dir='ltr'><strong>Jtttlmze</strong></span> <span class='ocrx_word' id='word_1_393' title='bbox 2496 2592 2640 2649; x_wconf 83' lang='lat' dir='ltr'><strong>velut</strong></span> <span class='ocrx_word' id='word_1_394' title='bbox 2696 2608 2835 2661; x_wconf 82' lang='lat' dir='ltr'><strong>aqua</strong></span> <span class='ocrx_word' id='word_1_395' title='bbox 2892 2596 3130 2662; x_wconf 81' lang='lat' dir='ltr'><strong>cupiosa,</strong></span> <span class='ocrx_word' id='word_1_396' title='bbox 3170 2608 3224 2649; x_wconf 89' lang='lat' dir='ltr'><strong>et</strong></span> <span class='ocrx_word' id='word_1_397' title='bbox 3253 2607 3529 2667; x_wconf 65' lang='lat' dir='ltr'><strong>tanqnaut</strong></span> 
     </span>
    </p>
   </div>
   <div class='ocr_carea' id='block_1_56' title="bbox 1928 2682 3508 2763">
    <p class='ocr_par' dir='ltr' id='par_1_56' title="bbox 1928 2682 3508 2763">
     <span class='ocr_line' id='line_1_56' title="bbox 1928 2682 3508 2763; baseline 0 -28"><span class='ocrx_word' id='word_1_398' title='bbox 1928 2683 2158 2750; x_wconf 79' lang='lat' dir='ltr'><strong>impetus</strong></span> <span class='ocrx_word' id='word_1_399' title='bbox 2200 2698 2353 2755; x_wconf 78' lang='lat' dir='ltr'><strong>aquze</strong></span> <span class='ocrx_word' id='word_1_400' title='bbox 2404 2682 2704 2737; x_wconf 78' lang='lat' dir='ltr'><strong>desilientis</strong></span> <span class='ocrx_word' id='word_1_401' title='bbox 2751 2693 2805 2736; x_wconf 90' lang='lat' dir='ltr'><strong>et</strong></span> <span class='ocrx_word' id='word_1_402' title='bbox 2844 2688 3256 2753; x_wconf 78' lang='lat' dir='ltr'><strong>murmurantis,</strong></span> <span class='ocrx_word' id='word_1_403' title='bbox 3303 2698 3508 2763; x_wconf 62' lang='grc' dir='ltr'>ιιιυιιιιη</span> 
     </span>
    </p>
   </div>
   <div class='ocr_carea' id='block_1_57' title="bbox 1927 2775 3509 2838">
    <p class='ocr_par' dir='ltr' id='par_1_57' title="bbox 1927 2775 3509 2838">
     <span class='ocr_line' id='line_1_57' title="bbox 1927 2775 3509 2838; baseline 0.004 -10"><span class='ocrx_word' id='word_1_404' title='bbox 1927 2790 2030 2828; x_wconf 87' lang='grc' dir='ltr'>ιιοιι</span> <span class='ocrx_word' id='word_1_405' title='bbox 2057 2775 2222 2827; x_wconf 88' lang='lat' dir='ltr'><strong>maris</strong></span> <span class='ocrx_word' id='word_1_406' title='bbox 2254 2777 2303 2826; x_wconf 90' lang='lat' dir='ltr'><strong>in</strong></span> <span class='ocrx_word' id='word_1_407' title='bbox 2336 2790 2541 2828; x_wconf 90' lang='lat' dir='ltr'><strong>morem</strong></span> <span class='ocrx_word' id='word_1_408' title='bbox 2571 2784 2757 2829; x_wconf 83' lang='lat' dir='ltr'><strong>contra</strong></span> <span class='ocrx_word' id='word_1_409' title='bbox 2791 2776 3131 2835; x_wconf 75' lang='lat' dir='ltr'><strong>adversarios</strong></span> <span class='ocrx_word' id='word_1_410' title='bbox 3162 2780 3509 2838; x_wconf 76' lang='lat' dir='ltr'><strong>inundantes.</strong></span> 
     </span>
    </p>
   </div>
   <div class='ocr_carea' id='block_1_58' title="bbox 1924 2863 3515 2939">
    <p class='ocr_par' dir='ltr' id='par_1_58' title="bbox 1924 2863 3515 2939">
     <span class='ocr_line' id='line_1_58' title="bbox 1924 2863 3515 2939; baseline 0.006 -23"><span class='ocrx_word' id='word_1_411' title='bbox 1924 2863 2209 2919; x_wconf 82' lang='lat' dir='ltr'><strong>Inrursant</strong></span> <span class='ocrx_word' id='word_1_412' title='bbox 2236 2877 2413 2919; x_wconf 86' lang='lat' dir='ltr'><strong>autem</strong></span> <span class='ocrx_word' id='word_1_413' title='bbox 2450 2881 2665 2935; x_wconf 82' lang='lat' dir='ltr'><strong>semper</strong></span> <span class='ocrx_word' id='word_1_414' title='bbox 2698 2876 2907 2937; x_wconf 70' lang='lat' dir='ltr'><strong>tergum</strong></span> <span class='ocrx_word' id='word_1_415' title='bbox 2940 2883 3127 2923; x_wconf 86' lang='lat' dir='ltr'><strong>eorum</strong></span> <span class='ocrx_word' id='word_1_416' title='bbox 3160 2871 3248 2937; x_wconf 86' lang='lat' dir='ltr'><strong>qui</strong></span> <span class='ocrx_word' id='word_1_417' title='bbox 3280 2871 3515 2939; x_wconf 72' lang='lat' dir='ltr'><strong>fugiunt,</strong></span> 
     </span>
    </p>
   </div>
   <div class='ocr_carea' id='block_1_59' title="bbox 1928 2946 3509 3035">
    <p class='ocr_par' dir='ltr' id='par_1_59' title="bbox 1928 2946 3509 3035">
     <span class='ocr_line' id='line_1_59' title="bbox 1928 2946 3509 3035; baseline 0.004 -29"><span class='ocrx_word' id='word_1_418' title='bbox 1928 2956 1977 3035; x_wconf 74' lang='lat' dir='ltr'><strong>iii</strong></span> <span class='ocrx_word' id='word_1_419' title='bbox 2011 2956 2099 3027; x_wconf 85' lang='lat' dir='ltr'><strong>qui</strong></span> <span class='ocrx_word' id='word_1_420' title='bbox 2141 2965 2573 3022; x_wconf 80' lang='lat' dir='ltr'><strong>persequuntur.</strong></span> <span class='ocrx_word' id='word_1_421' title='bbox 2603 2946 2831 3013; x_wconf 78' lang='lat' dir='ltr'><strong>Dorsuin</strong></span> <span class='ocrx_word' id='word_1_422' title='bbox 2863 2971 2988 3009; x_wconf 84' lang='lat' dir='ltr'><strong>vero</strong></span> <span class='ocrx_word' id='word_1_423' title='bbox 3020 2958 3072 3009; x_wconf 89' lang='lat' dir='ltr'><strong>in</strong></span> <span class='ocrx_word' id='word_1_424' title='bbox 3107 2958 3188 3013; x_wconf 88' lang='lat' dir='ltr'><strong>bis</strong></span> <span class='ocrx_word' id='word_1_425' title='bbox 3222 2961 3509 3017; x_wconf 73' lang='lat' dir='ltr'><strong>multarunt</strong></span> 
     </span>
    </p>
   </div>
   <div class='ocr_carea' id='block_1_60' title="bbox 224 3041 1825 3135">
    <p class='ocr_par' dir='ltr' id='par_1_60' title="bbox 224 3041 1825 3115">
     <span class='ocr_line' id='line_1_60' title="bbox 224 3041 1825 3115; baseline 0.002 -21"><span class='ocrx_word' id='word_1_426' title='bbox 224 3056 318 3094; x_wconf 87' lang='grc' dir='ltr'><strong>νον</strong></span> <span class='ocrx_word' id='word_1_427' title='bbox 342 3041 404 3096; x_wconf 76' lang='grc' dir='ltr'>δὲ</span> <span class='ocrx_word' id='word_1_428' title='bbox 434 3042 563 3112; x_wconf 74' lang='grc' dir='ltr'>οὐχὶ</span> <span class='ocrx_word' id='word_1_429' title='bbox 592 3042 867 3112; x_wconf 83' lang='grc' dir='ltr'>θαλάσσης</span> <span class='ocrx_word' id='word_1_430' title='bbox 896 3044 1051 3113; x_wconf 82' lang='grc' dir='ltr'>δίκην</span> <span class='ocrx_word' id='word_1_431' title='bbox 1076 3045 1184 3098; x_wconf 89' lang='grc' dir='ltr'><strong>τῶν</strong></span> <span class='ocrx_word' id='word_1_432' title='bbox 1216 3045 1621 3115; x_wconf 78' lang='grc' dir='ltr'>ἀνθεστηκότων</span> <span class='ocrx_word' id='word_1_433' title='bbox 1658 3048 1825 3103; x_wconf 82' lang='grc' dir='ltr'>κατα-</span> 
     </span>
    </p>
   </div>
   <div class='ocr_carea' id='block_1_61' title="bbox 1927 3041 3511 3135">
    <p class='ocr_par' dir='ltr' id='par_1_61' title="bbox 1927 3046 3511 3135">
     <span class='ocr_line' id='line_1_61' title="bbox 1927 3046 3511 3135; baseline 0 -36"><span class='ocrx_word' id='word_1_434' title='bbox 1927 3049 2166 3135; x_wconf 64' lang='grc' dir='ltr'>βοιιιὶιιιιι</span> <span class='ocrx_word' id='word_1_435' title='bbox 2201 3046 2454 3115; x_wconf 78' lang='lat' dir='ltr'><strong>appellat,</strong></span> <span class='ocrx_word' id='word_1_436' title='bbox 2484 3061 2549 3100; x_wconf 90' lang='lat' dir='ltr'><strong>co</strong></span> <span class='ocrx_word' id='word_1_437' title='bbox 2592 3046 2734 3114; x_wconf 90' lang='lat' dir='ltr'><strong>quod</strong></span> <span class='ocrx_word' id='word_1_438' title='bbox 2769 3046 2948 3101; x_wconf 72' lang='lat' dir='ltr'><strong>multre</strong></span> <span class='ocrx_word' id='word_1_439' title='bbox 2979 3058 3170 3116; x_wconf 75' lang='lat' dir='ltr'><strong>gentes</strong></span> <span class='ocrx_word' id='word_1_440' title='bbox 3199 3055 3336 3116; x_wconf 87' lang='lat' dir='ltr'><strong>apud</strong></span> <span class='ocrx_word' id='word_1_441' title='bbox 3369 3054 3511 3115; x_wconf 84' lang='lat' dir='ltr'><strong>ipsos</strong></span> 
     </span>
    </p>
   </div>
   <div class='ocr_carea' id='block_1_62' title="bbox 224 3132 1822 3203">
    <p class='ocr_par' dir='ltr' id='par_1_62' title="bbox 224 3132 1822 3203">
     <span class='ocr_line' id='line_1_62' title="bbox 224 3132 1822 3203; baseline 0.004 -22"><span class='ocrx_word' id='word_1_442' title='bbox 224 3132 629 3203; x_wconf 82' lang='grc' dir='ltr'>κυμαίνοντες.</span> <span class='ocrx_word' id='word_1_443' title='bbox 683 3134 870 3187; x_wconf 87' lang='grc' dir='ltr'>Νῶτον</span> <span class='ocrx_word' id='word_1_444' title='bbox 922 3134 979 3185; x_wconf 81' lang='grc' dir='ltr'>δὲ</span> <span class='ocrx_word' id='word_1_445' title='bbox 1041 3136 1237 3198; x_wconf 63' lang='grc' dir='ltr'>αὐτοὺς</span> <span class='ocrx_word' id='word_1_446' title='bbox 1287 3136 1494 3191; x_wconf 78' lang='grc' dir='ltr'>πολλῶν</span> <span class='ocrx_word' id='word_1_447' title='bbox 1546 3137 1714 3190; x_wconf 85' lang='grc' dir='ltr'>ὲθνῶν</span> <span class='ocrx_word' id='word_1_448' title='bbox 1766 3138 1822 3188; x_wconf 80' lang='grc' dir='ltr'>ἐν</span> 
     </span>
    </p>
   </div>
   <div class='ocr_carea' id='block_1_63' title="bbox 1928 3137 3511 3223">
    <p class='ocr_par' dir='ltr' id='par_1_63' title="bbox 1928 3137 3511 3223">
     <span class='ocr_line' id='line_1_63' title="bbox 1928 3137 3511 3223; baseline 0.003 -32"><span class='ocrx_word' id='word_1_449' title='bbox 1928 3137 2303 3223; x_wconf 77' lang='lat' dir='ltr'><strong>persecutione</strong></span> <span class='ocrx_word' id='word_1_450' title='bbox 2335 3147 2667 3205; x_wconf 77' lang='lat' dir='ltr'><strong>premantur.</strong></span> <span class='ocrx_word' id='word_1_451' title='bbox 2717 3138 2917 3190; x_wconf 87' lang='lat' dir='ltr'><strong>Deinde</strong></span> <span class='ocrx_word' id='word_1_452' title='bbox 2950 3149 3131 3209; x_wconf 86' lang='lat' dir='ltr'><strong>postea</strong></span> <span class='ocrx_word' id='word_1_453' title='bbox 3176 3143 3511 3196; x_wconf 71' lang='lat' dir='ltr'><strong>cmermina-</strong></span> 
     </span>
    </p>
   </div>
   <div class='ocr_carea' id='block_1_64' title="bbox 222 3197 1825 3311">
    <p class='ocr_par' dir='ltr' id='par_1_64' title="bbox 222 3220 1822 3299">
     <span class='ocr_line' id='line_1_64' title="bbox 222 3220 1822 3299; baseline 0.006 -26"><span class='ocrx_word' id='word_1_454' title='bbox 222 3220 449 3285; x_wconf 72' lang='grc' dir='ltr'>τούτοις</span> <span class='ocrx_word' id='word_1_455' title='bbox 500 3222 784 3284; x_wconf 83' lang='grc' dir='ltr'>ἀποκαλεῖ,</span> <span class='ocrx_word' id='word_1_456' title='bbox 830 3224 999 3276; x_wconf 80' lang='grc' dir='ltr'>διάτοι</span> <span class='ocrx_word' id='word_1_457' title='bbox 1038 3225 1098 3277; x_wconf 78' lang='grc' dir='ltr'>τὸ</span> <span class='ocrx_word' id='word_1_458' title='bbox 1147 3226 1312 3279; x_wconf 75' lang='grc' dir='ltr'>πολλὰ</span> <span class='ocrx_word' id='word_1_459' title='bbox 1352 3227 1641 3281; x_wconf 85' lang='grc' dir='ltr'>διώκεσθαι</span> <span class='ocrx_word' id='word_1_460' title='bbox 1692 3229 1822 3299; x_wconf 78' lang='grc' dir='ltr'>παρ’</span> 
     </span>
    </p>
   </div>
   <div class='ocr_carea' id='block_1_65' title="bbox 1927 3197 3509 3311">
    <p class='ocr_par' dir='ltr' id='par_1_65' title="bbox 1927 3197 3509 3311">
     <span class='ocr_line' id='line_1_65' title="bbox 1927 3197 3509 3311; baseline 0.004 -30"><span class='ocrx_word' id='word_1_461' title='bbox 1927 3197 2001 3281; x_wconf 73' lang='lat' dir='ltr'><strong>bit</strong></span> <span class='ocrx_word' id='word_1_462' title='bbox 2029 3243 2179 3294; x_wconf 89' lang='lat' dir='ltr'><strong>eum,</strong></span> <span class='ocrx_word' id='word_1_463' title='bbox 2205 3226 2397 3297; x_wconf 84' lang='lat' dir='ltr'><strong>inquit,</strong></span> <span class='ocrx_word' id='word_1_464' title='bbox 2435 3227 2486 3281; x_wconf 88' lang='lat' dir='ltr'><strong>id</strong></span> <span class='ocrx_word' id='word_1_465' title='bbox 2515 3237 2619 3291; x_wconf 89' lang='lat' dir='ltr'><strong>est,</strong></span> <span class='ocrx_word' id='word_1_466' title='bbox 2647 3242 2674 3279; x_wconf 88' lang='lat' dir='ltr'><strong>a</strong></span> <span class='ocrx_word' id='word_1_467' title='bbox 2710 3238 2860 3296; x_wconf 82' lang='lat' dir='ltr'><strong>tergo</strong></span> <span class='ocrx_word' id='word_1_468' title='bbox 2891 3197 3087 3292; x_wconf 84' lang='lat' dir='ltr'><strong>mittet,</strong></span> <span class='ocrx_word' id='word_1_469' title='bbox 3118 3239 3170 3283; x_wconf 89' lang='lat' dir='ltr'><strong>et</strong></span> <span class='ocrx_word' id='word_1_470' title='bbox 3200 3231 3356 3311; x_wconf 71' lang='lat'><strong>271</strong></span> <span class='ocrx_word' id='word_1_471' title='bbox 3388 3249 3509 3287; x_wconf 88' lang='lat' dir='ltr'><strong>cum</strong></span> 
     </span>
    </p>
   </div>
   <div class='ocr_carea' id='block_1_66' title="bbox 221 3310 1819 3385">
    <p class='ocr_par' dir='ltr' id='par_1_66' title="bbox 221 3310 1819 3385">
     <span class='ocr_line' id='line_1_66' title="bbox 221 3310 1819 3385; baseline 0.004 -23"><span class='ocrx_word' id='word_1_472' title='bbox 221 3310 418 3367; x_wconf 76' lang='grc' dir='ltr'>αὐτῶν</span> <span class='ocrx_word' id='word_1_473' title='bbox 463 3311 610 3382; x_wconf 73' lang='grc' dir='ltr'>ἔθνη.</span> <span class='ocrx_word' id='word_1_474' title='bbox 648 3311 913 3384; x_wconf 87' lang='grc' dir='ltr'>Τρέχουσι</span> <span class='ocrx_word' id='word_1_475' title='bbox 954 3313 1009 3366; x_wconf 78' lang='grc' dir='ltr'>δὲ</span> <span class='ocrx_word' id='word_1_476' title='bbox 1043 3314 1183 3367; x_wconf 77' lang='grc' dir='ltr'>κατὰ</span> <span class='ocrx_word' id='word_1_477' title='bbox 1222 3313 1389 3367; x_wconf 83' lang='grc' dir='ltr'>νώτου</span> <span class='ocrx_word' id='word_1_478' title='bbox 1428 3315 1603 3385; x_wconf 75' lang='grc' dir='ltr'>πάντη</span> <span class='ocrx_word' id='word_1_479' title='bbox 1634 3333 1692 3368; x_wconf 87' lang='grc' dir='ltr'><strong>τε</strong></span> <span class='ocrx_word' id='word_1_480' title='bbox 1725 3316 1819 3368; x_wconf 85' lang='grc' dir='ltr'>καὶ</span> 
     </span>
    </p>
   </div>
   <div class='ocr_carea' id='block_1_67' title="bbox 222 3402 1820 3478">
    <p class='ocr_par' dir='ltr' id='par_1_67' title="bbox 222 3402 1820 3478">
     <span class='ocr_line' id='line_1_67' title="bbox 222 3402 1820 3478; baseline 0.005 -25"><span class='ocrx_word' id='word_1_481' title='bbox 222 3402 464 3466; x_wconf 72' lang='grc' dir='ltr'>πάντως</span> <span class='ocrx_word' id='word_1_482' title='bbox 492 3402 598 3456; x_wconf 89' lang='grc' dir='ltr'><strong>τῶν</strong></span> <span class='ocrx_word' id='word_1_483' title='bbox 648 3403 956 3471; x_wconf 78' lang='grc' dir='ltr'>φευγόντων</span> <span class='ocrx_word' id='word_1_484' title='bbox 986 3407 1032 3457; x_wconf 74' lang='grc' dir='ltr'>οἱ</span> <span class='ocrx_word' id='word_1_485' title='bbox 1063 3404 1369 3469; x_wconf 84' lang='grc' dir='ltr'>διώκοντες.</span> <span class='ocrx_word' id='word_1_486' title='bbox 1416 3403 1551 3460; x_wconf 84' lang='grc' dir='ltr'>Εἶτα</span> <span class='ocrx_word' id='word_1_487' title='bbox 1597 3407 1649 3459; x_wconf 84' lang='grc' dir='ltr'><strong>τί</strong></span> <span class='ocrx_word' id='word_1_488' title='bbox 1680 3408 1820 3478; x_wconf 85' lang='grc' dir='ltr'><strong>μετά</strong></span> 
     </span>
    </p>
   </div>
   <div class='ocr_carea' id='block_1_68' title="bbox 218 3480 1819 3567">
    <p class='ocr_par' dir='ltr' id='par_1_68' title="bbox 218 3494 1819 3567">
     <span class='ocr_line' id='line_1_68' title="bbox 218 3494 1819 3567; baseline 0.003 -21"><span class='ocrx_word' id='word_1_489' title='bbox 218 3494 435 3558; x_wconf 74' lang='grc' dir='ltr'>τοῦτος</span> <span class='ocrx_word' id='word_1_490' title='bbox 475 3496 892 3566; x_wconf 82' lang='grc' dir='ltr'>Ἀποσκορακιεῖ</span> <span class='ocrx_word' id='word_1_491' title='bbox 906 3496 1085 3561; x_wconf 75' lang='grc' dir='ltr'>αὑτὸν,</span> <span class='ocrx_word' id='word_1_492' title='bbox 1107 3499 1260 3567; x_wconf 75' lang='grc' dir='ltr'>φησὶ,</span> <span class='ocrx_word' id='word_1_493' title='bbox 1285 3496 1428 3550; x_wconf 83' lang='grc' dir='ltr'>τοῦτ’</span> <span class='ocrx_word' id='word_1_494' title='bbox 1456 3498 1619 3559; x_wconf 79' lang='grc' dir='ltr'>ἔστιν,</span> <span class='ocrx_word' id='word_1_495' title='bbox 1645 3499 1819 3552; x_wconf 85' lang='grc' dir='ltr'>ὀπίσω</span> 
     </span>
    </p>
   </div>
   <div class='ocr_carea' id='block_1_69' title="bbox 218 3585 1818 3663">
    <p class='ocr_par' dir='ltr' id='par_1_69' title="bbox 218 3585 1818 3663">
     <span class='ocr_line' id='line_1_69' title="bbox 218 3585 1818 3663; baseline 0.003 -26"><span class='ocrx_word' id='word_1_496' title='bbox 218 3585 478 3657; x_wconf 70' lang='grc' dir='ltr'>πέμψει,</span> <span class='ocrx_word' id='word_1_497' title='bbox 511 3586 605 3640; x_wconf 73' lang='grc' dir='ltr'>καὶ</span> <span class='ocrx_word' id='word_1_498' title='bbox 633 3586 820 3659; x_wconf 74' lang='grc' dir='ltr'>τεόρρω</span> <span class='ocrx_word' id='word_1_499' title='bbox 846 3587 1007 3641; x_wconf 76' lang='grc' dir='ltr'>αὐτὸν</span> <span class='ocrx_word' id='word_1_500' title='bbox 1036 3587 1302 3652; x_wconf 81' lang='grc' dir='ltr'>διώξεται,</span> <span class='ocrx_word' id='word_1_501' title='bbox 1330 3589 1403 3651; x_wconf 85' lang='grc' dir='ltr'>ὡς</span> <span class='ocrx_word' id='word_1_502' title='bbox 1432 3588 1588 3658; x_wconf 91' lang='grc' dir='ltr'>χνοῦν</span> <span class='ocrx_word' id='word_1_503' title='bbox 1614 3589 1818 3663; x_wconf 75' lang='grc' dir='ltr'>ἀχύρου</span> 
     </span>
    </p>
   </div>
   <div class='ocr_carea' id='block_1_70' title="bbox 212 3672 1821 3748">
    <p class='ocr_par' dir='ltr' id='par_1_70' title="bbox 212 3672 1821 3748">
     <span class='ocr_line' id='line_1_70' title="bbox 212 3672 1821 3748; baseline 0.002 -22"><span class='ocrx_word' id='word_1_504' title='bbox 212 3672 567 3746; x_wconf 79' lang='grc' dir='ltr'>λικμώντων</span> <span class='ocrx_word' id='word_1_505' title='bbox 594 3676 853 3731; x_wconf 78' lang='grc' dir='ltr'>ἀπέναντι</span> <span class='ocrx_word' id='word_1_506' title='bbox 876 3678 1097 3748; x_wconf 79' lang='grc' dir='ltr'>ἀνέμου,</span> <span class='ocrx_word' id='word_1_507' title='bbox 1121 3679 1214 3731; x_wconf 71' lang='grc' dir='ltr'>καὶ</span> <span class='ocrx_word' id='word_1_508' title='bbox 1235 3678 1307 3741; x_wconf 82' lang='grc' dir='ltr'>ὡς</span> <span class='ocrx_word' id='word_1_509' title='bbox 1335 3679 1607 3748; x_wconf 72' lang='grc' dir='ltr'>κονιορτὸν</span> <span class='ocrx_word' id='word_1_510' title='bbox 1627 3677 1821 3747; x_wconf 85' lang='grc' dir='ltr'>τροχοῦ</span> 
     </span>
    </p>
   </div>
   <div class='ocr_carea' id='block_1_71' title="bbox 211 3767 1817 3839">
    <p class='ocr_par' dir='ltr' id='par_1_71' title="bbox 211 3767 1817 3839">
     <span class='ocr_line' id='line_1_71' title="bbox 211 3767 1817 3839; baseline 0 -20"><span class='ocrx_word' id='word_1_511' title='bbox 211 3767 564 3833; x_wconf 71' lang='grc' dir='ltr'>καταιγίδος</span> <span class='ocrx_word' id='word_1_512' title='bbox 614 3767 866 3837; x_wconf 86' lang='grc' dir='ltr'>φέρουσα.</span> <span class='ocrx_word' id='word_1_513' title='bbox 912 3769 977 3821; x_wconf 85' lang='grc' dir='ltr'>Τί</span> <span class='ocrx_word' id='word_1_514' title='bbox 1033 3769 1140 3839; x_wconf 80' lang='grc' dir='ltr'><strong>γὰρ</strong></span> <span class='ocrx_word' id='word_1_515' title='bbox 1188 3768 1360 3831; x_wconf 70' lang='grc' dir='ltr'>οὕτως</span> <span class='ocrx_word' id='word_1_516' title='bbox 1398 3769 1817 3838; x_wconf 68' lang='grc' dir='ltr'>εῦδιαρίπιστον,</span> 
     </span>
    </p>
   </div>
   <div class='ocr_carea' id='block_1_72' title="bbox 209 3859 1817 3933">
    <p class='ocr_par' dir='ltr' id='par_1_72' title="bbox 209 3859 1817 3933">
     <span class='ocr_line' id='line_1_72' title="bbox 209 3859 1817 3933; baseline 0.001 -21"><span class='ocrx_word' id='word_1_517' title='bbox 209 3861 297 3924; x_wconf 81' lang='grc' dir='ltr'><strong>ὡς</strong></span> <span class='ocrx_word' id='word_1_518' title='bbox 350 3859 496 3931; x_wconf 82' lang='grc' dir='ltr'>χοῦς</span> <span class='ocrx_word' id='word_1_519' title='bbox 527 3861 591 3912; x_wconf 81' lang='grc' dir='ltr'>ἐκ</span> <span class='ocrx_word' id='word_1_520' title='bbox 628 3859 818 3932; x_wconf 79' lang='grc' dir='ltr'>τροχοῦ</span> <span class='ocrx_word' id='word_1_521' title='bbox 863 3862 952 3915; x_wconf 77' lang='grc' dir='ltr'>καὶ</span> <span class='ocrx_word' id='word_1_522' title='bbox 987 3862 1208 3925; x_wconf 80' lang='grc' dir='ltr'>ἁλῶνος,</span> <span class='ocrx_word' id='word_1_523' title='bbox 1260 3863 1567 3933; x_wconf 80' lang='grc' dir='ltr'>πνεύματος</span> <span class='ocrx_word' id='word_1_524' title='bbox 1612 3862 1817 3931; x_wconf 73' lang='grc' dir='ltr'>λάϐροι.)</span> 
     </span>
    </p>
   </div>
   <div class='ocr_carea' id='block_1_73' title="bbox 209 3951 1813 4025">
    <p class='ocr_par' dir='ltr' id='par_1_73' title="bbox 209 3951 1813 4025">
     <span class='ocr_line' id='line_1_73' title="bbox 209 3951 1813 4025; baseline 0.002 -21"><span class='ocrx_word' id='word_1_525' title='bbox 209 3951 778 4019; x_wconf 77' lang='grc' dir='ltr'>κατασπιλάζοντος;</span> <span class='ocrx_word' id='word_1_526' title='bbox 832 3954 950 4006; x_wconf 78' lang='grc' dir='ltr'>Ὀτι</span> <span class='ocrx_word' id='word_1_527' title='bbox 992 3954 1045 4007; x_wconf 86' lang='grc' dir='ltr'>δὲ</span> <span class='ocrx_word' id='word_1_528' title='bbox 1076 3955 1244 4024; x_wconf 78' lang='grc' dir='ltr'>ᾤχετο</span> <span class='ocrx_word' id='word_1_529' title='bbox 1278 3956 1454 4023; x_wconf 85' lang='grc' dir='ltr'>φυγάς</span> <span class='ocrx_word' id='word_1_530' title='bbox 1482 3958 1509 4007; x_wconf 88' lang='grc' dir='ltr'>ὁ</span> <span class='ocrx_word' id='word_1_531' title='bbox 1542 3956 1813 4025; x_wconf 76' lang='grc' dir='ltr'>Σενναχη-</span> 
     </span>
    </p>
   </div>
   <div class='ocr_carea' id='block_1_74' title="bbox 1928 3319 3511 3390">
    <p class='ocr_par' dir='ltr' id='par_1_74' title="bbox 1928 3319 3511 3390">
     <span class='ocr_line' id='line_1_74' title="bbox 1928 3319 3511 3390; baseline 0.004 -19"><span class='ocrx_word' id='word_1_532' title='bbox 1928 3319 2082 3389; x_wconf 78' lang='lat' dir='ltr'><strong>longe</strong></span> <span class='ocrx_word' id='word_1_533' title='bbox 2132 3328 2504 3387; x_wconf 84' lang='lat' dir='ltr'><strong>persequetur,</strong></span> <span class='ocrx_word' id='word_1_534' title='bbox 2535 3320 2689 3389; x_wconf 82' lang='lat' dir='ltr'><strong>quasi</strong></span> <span class='ocrx_word' id='word_1_535' title='bbox 2743 3321 3016 3386; x_wconf 83' lang='lat' dir='ltr'><strong>pulverem</strong></span> <span class='ocrx_word' id='word_1_536' title='bbox 3071 3322 3236 3390; x_wconf 75' lang='lat' dir='ltr'><strong>palea:</strong></span> <span class='ocrx_word' id='word_1_537' title='bbox 3286 3325 3511 3378; x_wconf 84' lang='lat' dir='ltr'><strong>ventila-</strong></span> 
     </span>
    </p>
   </div>
   <div class='ocr_carea' id='block_1_75' title="bbox 1931 3411 3507 3479">
    <p class='ocr_par' dir='ltr' id='par_1_75' title="bbox 1931 3411 3507 3479">
     <span class='ocr_line' id='line_1_75' title="bbox 1931 3411 3507 3479; baseline 0.004 -13"><span class='ocrx_word' id='word_1_538' title='bbox 1931 3422 2042 3466; x_wconf 86' lang='lat' dir='ltr'><strong>tum</strong></span> <span class='ocrx_word' id='word_1_539' title='bbox 2086 3428 2114 3467; x_wconf 90' lang='lat' dir='ltr'><strong>a</strong></span> <span class='ocrx_word' id='word_1_540' title='bbox 2143 3420 2325 3476; x_wconf 86' lang='lat' dir='ltr'><strong>vento,</strong></span> <span class='ocrx_word' id='word_1_541' title='bbox 2356 3421 2410 3465; x_wconf 91' lang='lat' dir='ltr'><strong>et</strong></span> <span class='ocrx_word' id='word_1_542' title='bbox 2446 3421 2501 3465; x_wconf 90' lang='lat' dir='ltr'><strong>ut</strong></span> <span class='ocrx_word' id='word_1_543' title='bbox 2535 3411 2890 3479; x_wconf 90' lang='lat' dir='ltr'><strong>pulviscnlnm</strong></span> <span class='ocrx_word' id='word_1_544' title='bbox 2923 3423 3049 3467; x_wconf 72' lang='lat' dir='ltr'><strong>rotae</strong></span> <span class='ocrx_word' id='word_1_545' title='bbox 3097 3415 3254 3470; x_wconf 85' lang='lat' dir='ltr'><strong>tmbo</strong></span> <span class='ocrx_word' id='word_1_546' title='bbox 3280 3416 3507 3473; x_wconf 74' lang='lat' dir='ltr'><strong>auferet.</strong></span> 
     </span>
    </p>
   </div>
   <div class='ocr_carea' id='block_1_76' title="bbox 1928 3503 3512 3575">
    <p class='ocr_par' dir='ltr' id='par_1_76' title="bbox 1928 3503 3512 3575">
     <span class='ocr_line' id='line_1_76' title="bbox 1928 3503 3512 3575; baseline 0.004 -18"><span class='ocrx_word' id='word_1_547' title='bbox 1928 3504 2063 3573; x_wconf 84' lang='lat' dir='ltr'><strong>Quid</strong></span> <span class='ocrx_word' id='word_1_548' title='bbox 2092 3512 2175 3559; x_wconf 87' lang='lat' dir='ltr'><strong>est</strong></span> <span class='ocrx_word' id='word_1_549' title='bbox 2203 3503 2347 3558; x_wconf 88' lang='lat' dir='ltr'><strong>enim</strong></span> <span class='ocrx_word' id='word_1_550' title='bbox 2400 3503 2479 3556; x_wconf 86' lang='lat' dir='ltr'><strong>sic</strong></span> <span class='ocrx_word' id='word_1_551' title='bbox 2511 3503 2625 3557; x_wconf 86' lang='lat' dir='ltr'><strong>leve</strong></span> <span class='ocrx_word' id='word_1_552' title='bbox 2670 3516 2721 3557; x_wconf 89' lang='lat' dir='ltr'><strong>et</strong></span> <span class='ocrx_word' id='word_1_553' title='bbox 2772 3504 2971 3559; x_wconf 79' lang='lat' dir='ltr'><strong>mobile</strong></span> <span class='ocrx_word' id='word_1_554' title='bbox 2996 3546 3011 3569; x_wconf 91' lang='lat'><strong>,</strong></span> <span class='ocrx_word' id='word_1_555' title='bbox 3054 3515 3110 3557; x_wconf 90' lang='lat' dir='ltr'><strong>ut</strong></span> <span class='ocrx_word' id='word_1_556' title='bbox 3141 3507 3315 3575; x_wconf 81' lang='lat' dir='ltr'><strong>pulvis</strong></span> <span class='ocrx_word' id='word_1_557' title='bbox 3353 3518 3512 3563; x_wconf 79' lang='lat' dir='ltr'><strong>vento</strong></span> 
     </span>
    </p>
   </div>
   <div class='ocr_carea' id='block_1_77' title="bbox 1928 3595 3507 3666">
    <p class='ocr_par' dir='ltr' id='par_1_77' title="bbox 1928 3595 3507 3666">
     <span class='ocr_line' id='line_1_77' title="bbox 1928 3595 3507 3666; baseline 0.004 -18"><span class='ocrx_word' id='word_1_558' title='bbox 1928 3595 2115 3663; x_wconf 85' lang='lat' dir='ltr'><strong>rapido</strong></span> <span class='ocrx_word' id='word_1_559' title='bbox 2163 3610 2229 3651; x_wconf 84' lang='lat' dir='ltr'><strong>ex</strong></span> <span class='ocrx_word' id='word_1_560' title='bbox 2275 3595 2407 3652; x_wconf 82' lang='lat' dir='ltr'><strong>retis</strong></span> <span class='ocrx_word' id='word_1_561' title='bbox 2457 3603 2510 3649; x_wconf 89' lang='lat' dir='ltr'><strong>et</strong></span> <span class='ocrx_word' id='word_1_562' title='bbox 2557 3610 2682 3649; x_wconf 86' lang='lat' dir='ltr'><strong>area</strong></span> <span class='ocrx_word' id='word_1_563' title='bbox 2736 3598 3089 3665; x_wconf 66' lang='lat' dir='ltr'><strong>sorcliilante?</strong></span> <span class='ocrx_word' id='word_1_564' title='bbox 3138 3599 3288 3666; x_wconf 88' lang='lat' dir='ltr'><strong>Quod</strong></span> <span class='ocrx_word' id='word_1_565' title='bbox 3330 3613 3507 3655; x_wconf 86' lang='lat' dir='ltr'><strong>autem</strong></span> 
     </span>
    </p>
   </div>
   <div class='ocr_carea' id='block_1_78' title="bbox 1923 3686 3508 3757">
    <p class='ocr_par' dir='ltr' id='par_1_78' title="bbox 1923 3686 3508 3757">
     <span class='ocr_line' id='line_1_78' title="bbox 1923 3686 3508 3757; baseline 0.005 -17"><span class='ocrx_word' id='word_1_566' title='bbox 1923 3687 2240 3740; x_wconf 87' lang='lat' dir='ltr'><strong>discesserit</strong></span> <span class='ocrx_word' id='word_1_567' title='bbox 2274 3686 2533 3753; x_wconf 76' lang='lat' dir='ltr'><strong>fugitivus</strong></span> <span class='ocrx_word' id='word_1_568' title='bbox 2572 3686 2965 3743; x_wconf 79' lang='lat' dir='ltr'><strong>Sennaclterim</strong></span> <span class='ocrx_word' id='word_1_569' title='bbox 2990 3728 3003 3751; x_wconf 94' lang='lat'><strong>,</strong></span> <span class='ocrx_word' id='word_1_570' title='bbox 3035 3690 3288 3757; x_wconf 76' lang='lat' dir='ltr'><strong>probabit</strong></span> <span class='ocrx_word' id='word_1_571' title='bbox 3318 3693 3508 3749; x_wconf 85' lang='lat' dir='ltr'><strong>dicens</strong></span> 
     </span>
    </p>
   </div>
   <div class='ocr_carea' id='block_1_79' title="bbox 1920 3776 3509 3845">
    <p class='ocr_par' dir='ltr' id='par_1_79' title="bbox 1920 3776 3509 3845">
     <span class='ocr_line' id='line_1_79' title="bbox 1920 3776 3509 3845; baseline 0.003 -16"><span class='ocrx_word' id='word_1_572' title='bbox 1920 3776 1966 3831; x_wconf 89' lang='lat' dir='ltr'><strong>ci</strong></span> <span class='ocrx_word' id='word_1_573' title='bbox 2006 3777 2371 3831; x_wconf 84' lang='lat' dir='ltr'><strong>universitatis</strong></span> <span class='ocrx_word' id='word_1_574' title='bbox 2397 3776 2555 3842; x_wconf 86' lang='lat' dir='ltr'><strong>Deus,</strong></span> <span class='ocrx_word' id='word_1_575' title='bbox 2593 3792 2722 3831; x_wconf 83' lang='lat' dir='ltr'><strong>voce</strong></span> <span class='ocrx_word' id='word_1_576' title='bbox 2754 3779 2901 3839; x_wconf 67' lang='lat' dir='ltr'><strong>Isaia-</strong></span> <span class='ocrx_word' id='word_1_577' title='bbox 2930 3799 2941 3832; x_wconf 92' lang='lat'>:</span> <span class='ocrx_word' id='word_1_578' title='bbox 2980 3800 2997 3830; x_wconf 83' lang='grc' dir='ltr'><strong>ι</strong></span> <span class='ocrx_word' id='word_1_579' title='bbox 3026 3778 3089 3835; x_wconf 82' lang='lat' dir='ltr'><strong>Et</strong></span> <span class='ocrx_word' id='word_1_580' title='bbox 3114 3780 3348 3845; x_wconf 84' lang='lat' dir='ltr'><strong>iniiciam</strong></span> <span class='ocrx_word' id='word_1_581' title='bbox 3377 3784 3509 3835; x_wconf 66' lang='lat' dir='ltr'><strong>rvti-</strong></span> 
     </span>
    </p>
   </div>
   <div class='ocr_carea' id='block_1_80' title="bbox 1919 3866 3510 3933">
    <p class='ocr_par' dir='ltr' id='par_1_80' title="bbox 1919 3866 3510 3933">
     <span class='ocr_line' id='line_1_80' title="bbox 1919 3866 3510 3933; baseline 0.003 -15"><span class='ocrx_word' id='word_1_582' title='bbox 1919 3866 2165 3920; x_wconf 88' lang='lat' dir='ltr'><strong>naculum</strong></span> <span class='ocrx_word' id='word_1_583' title='bbox 2196 3866 2309 3919; x_wconf 89' lang='lat' dir='ltr'><strong>nari</strong></span> <span class='ocrx_word' id='word_1_584' title='bbox 2347 3874 2472 3932; x_wconf 65' lang='lat' dir='ltr'><strong>tua},</strong></span> <span class='ocrx_word' id='word_1_585' title='bbox 2504 3877 2558 3920; x_wconf 92' lang='lat' dir='ltr'><strong>et</strong></span> <span class='ocrx_word' id='word_1_586' title='bbox 2592 3870 2799 3925; x_wconf 76' lang='lat' dir='ltr'><strong>frenum</strong></span> <span class='ocrx_word' id='word_1_587' title='bbox 2837 3867 2917 3921; x_wconf 90' lang='lat' dir='ltr'><strong>ori</strong></span> <span class='ocrx_word' id='word_1_588' title='bbox 2964 3879 3075 3933; x_wconf 91' lang='lat' dir='ltr'><strong>tuo,</strong></span> <span class='ocrx_word' id='word_1_589' title='bbox 3116 3879 3169 3922; x_wconf 89' lang='lat' dir='ltr'><strong>et</strong></span> <span class='ocrx_word' id='word_1_590' title='bbox 3216 3881 3424 3923; x_wconf 85' lang='lat' dir='ltr'><strong>vertam</strong></span> <span class='ocrx_word' id='word_1_591' title='bbox 3458 3880 3510 3923; x_wconf 85' lang='lat' dir='ltr'><strong>te</strong></span> 
     </span>
    </p>
   </div>
   <div class='ocr_carea' id='block_1_81' title="bbox 1918 3957 2616 4024">
    <p class='ocr_par' dir='ltr' id='par_1_81' title="bbox 1918 3957 2616 4024">
     <span class='ocr_line' id='line_1_81' title="bbox 1918 3957 2616 4024; baseline -0.001 -16"><span class='ocrx_word' id='word_1_592' title='bbox 1918 3958 1969 4011; x_wconf 91' lang='lat' dir='ltr'><strong>in</strong></span> <span class='ocrx_word' id='word_1_593' title='bbox 2004 3958 2083 4010; x_wconf 87' lang='lat' dir='ltr'><strong>via</strong></span> <span class='ocrx_word' id='word_1_594' title='bbox 2112 3972 2217 4024; x_wconf 84' lang='lat' dir='ltr'><strong>qua</strong></span> <span class='ocrx_word' id='word_1_595' title='bbox 2253 3957 2443 4009; x_wconf 85' lang='lat' dir='ltr'><strong>venisti</strong></span> <span class='ocrx_word' id='word_1_596' title='bbox 2478 3957 2563 4010; x_wconf 63' lang='grc' dir='ltr'><strong>Ψ.</strong></span> <span class='ocrx_word' id='word_1_597' title='bbox 2598 3976 2616 4007; x_wconf 84' lang='grc'><strong>›</strong></span> 
     </span>
    </p>
   </div>
   <div class='ocr_carea' id='block_1_82' title="bbox 208 4042 3508 4122">
    <p class='ocr_par' dir='ltr' id='par_1_82' title="bbox 208 4042 3508 4122">
     <span class='ocr_line' id='line_1_82' title="bbox 208 4042 3508 4122; baseline 0.002 -25"><span class='ocrx_word' id='word_1_598' title='bbox 208 4047 381 4118; x_wconf 74' lang='grc' dir='ltr'>ρεὶμ,</span> <span class='ocrx_word' id='word_1_599' title='bbox 422 4042 962 4112; x_wconf 49' lang='grc' dir='ltr'>πιστώσεταιμλέγων</span> <span class='ocrx_word' id='word_1_600' title='bbox 992 4047 1019 4097; x_wconf 89' lang='grc' dir='ltr'><strong>ό</strong></span> <span class='ocrx_word' id='word_1_601' title='bbox 1045 4044 1150 4097; x_wconf 90' lang='grc' dir='ltr'><strong>τῶν</strong></span> <span class='ocrx_word' id='word_1_602' title='bbox 1177 4045 1311 4097; x_wconf 83' lang='grc' dir='ltr'>ὅλων</span> <span class='ocrx_word' id='word_1_603' title='bbox 1337 4046 1465 4108; x_wconf 79' lang='grc' dir='ltr'>Θεὸς</span> <span class='ocrx_word' id='word_1_604' title='bbox 1494 4046 1627 4117; x_wconf 82' lang='grc' dir='ltr'>πρὸς</span> <span class='ocrx_word' id='word_1_605' title='bbox 1665 4048 1826 4099; x_wconf 77' lang='grc' dir='ltr'>αὑτὸν</span> <span class='ocrx_word' id='word_1_606' title='bbox 1864 4048 1952 4099; x_wconf 81' lang='grc' dir='ltr'>διὰ</span> <span class='ocrx_word' id='word_1_607' title='bbox 1992 4047 2177 4116; x_wconf 85' lang='grc' dir='ltr'>φωνῆς</span> <span class='ocrx_word' id='word_1_608' title='bbox 2218 4046 2439 4098; x_wconf 74' lang='grc' dir='ltr'>Ἡσαΐου</span> <span class='ocrx_word' id='word_1_609' title='bbox 2459 4061 2472 4073; x_wconf 87' lang='grc'><strong>·</strong></span> <span class='ocrx_word' id='word_1_610' title='bbox 2510 4066 2526 4097; x_wconf 86' lang='grc' dir='ltr'><strong>ι</strong></span> <span class='ocrx_word' id='word_1_611' title='bbox 2567 4048 2676 4105; x_wconf 69' lang='grc' dir='ltr'>Καὶ</span> <span class='ocrx_word' id='word_1_612' title='bbox 2710 4048 2932 4116; x_wconf 73' lang='grc' dir='ltr'>ἐμϐαλῶ</span> <span class='ocrx_word' id='word_1_613' title='bbox 2965 4049 3128 4118; x_wconf 80' lang='grc' dir='ltr'>φιμὸν</span> <span class='ocrx_word' id='word_1_614' title='bbox 3155 4052 3232 4114; x_wconf 83' lang='grc' dir='ltr'>εἰς</span> <span class='ocrx_word' id='word_1_615' title='bbox 3260 4050 3357 4120; x_wconf 75' lang='grc' dir='ltr'>τὴν</span> <span class='ocrx_word' id='word_1_616' title='bbox 3388 4052 3508 4122; x_wconf 84' lang='grc' dir='ltr'><strong>ρίνα</strong></span> 
     </span>
    </p>
   </div>
   <div class='ocr_carea' id='block_1_83' title="bbox 210 4128 2761 4208">
    <p class='ocr_par' dir='ltr' id='par_1_83' title="bbox 210 4128 2761 4208">
     <span class='ocr_line' id='line_1_83' title="bbox 210 4128 2761 4208; baseline -0.001 -21"><span class='ocrx_word' id='word_1_617' title='bbox 210 4152 340 4199; x_wconf 77' lang='grc' dir='ltr'>σου,</span> <span class='ocrx_word' id='word_1_618' title='bbox 375 4136 484 4187; x_wconf 73' lang='grc' dir='ltr'>καὶ</span> <span class='ocrx_word' id='word_1_619' title='bbox 518 4133 731 4204; x_wconf 80' lang='grc' dir='ltr'>χαλινὸν</span> <span class='ocrx_word' id='word_1_620' title='bbox 751 4135 828 4197; x_wconf 86' lang='grc' dir='ltr'><strong>είς</strong></span> <span class='ocrx_word' id='word_1_621' title='bbox 852 4135 920 4186; x_wconf 78' lang='grc' dir='ltr'><strong>τά</strong></span> <span class='ocrx_word' id='word_1_622' title='bbox 950 4133 1101 4204; x_wconf 85' lang='grc' dir='ltr'>χείλη</span> <span class='ocrx_word' id='word_1_623' title='bbox 1135 4152 1248 4197; x_wconf 89' lang='grc' dir='ltr'>σου,</span> <span class='ocrx_word' id='word_1_624' title='bbox 1286 4136 1375 4187; x_wconf 72' lang='grc' dir='ltr'>καὶ</span> <span class='ocrx_word' id='word_1_625' title='bbox 1399 4136 1728 4206; x_wconf 67' lang='grc' dir='ltr'>ἀποστρέψω</span> <span class='ocrx_word' id='word_1_626' title='bbox 1759 4153 1817 4187; x_wconf 85' lang='grc' dir='ltr'><strong>σε</strong></span> <span class='ocrx_word' id='word_1_627' title='bbox 1853 4137 1909 4187; x_wconf 82' lang='grc' dir='ltr'><strong>έν</strong></span> <span class='ocrx_word' id='word_1_628' title='bbox 1944 4138 2008 4205; x_wconf 81' lang='grc' dir='ltr'>τῇ</span> <span class='ocrx_word' id='word_1_629' title='bbox 2048 4135 2151 4204; x_wconf 82' lang='grc' dir='ltr'><strong>ὁδῷ</strong></span> <span class='ocrx_word' id='word_1_630' title='bbox 2256 4130 2419 4205; x_wconf 80' lang='grc' dir='ltr'>ἦλθες</span> <span class='ocrx_word' id='word_1_631' title='bbox 2455 4137 2512 4186; x_wconf 81' lang='grc' dir='ltr'><strong>έν</strong></span> <span class='ocrx_word' id='word_1_632' title='bbox 2542 4135 2700 4205; x_wconf 77' lang='grc' dir='ltr'>αὐτῇ.</span> <span class='ocrx_word' id='word_1_633' title='bbox 2744 4154 2761 4185; x_wconf 78' lang='grc' dir='ltr'><strong>ι</strong></span> 
     </span>
    </p>
   </div>
   <div class='ocr_carea' id='block_1_84' title="bbox 282 4228 1825 4302">
    <p class='ocr_par' dir='ltr' id='par_1_84' title="bbox 282 4228 1823 4299">
     <span class='ocr_line' id='line_1_84' title="bbox 282 4228 1823 4299; baseline 0 -16"><span class='ocrx_word' id='word_1_634' title='bbox 282 4231 472 4297; x_wconf 78' lang='grc' dir='ltr'>Πρὸς</span> <span class='ocrx_word' id='word_1_635' title='bbox 503 4229 771 4296; x_wconf 76' lang='grc' dir='ltr'>ἑσπέραν</span> <span class='ocrx_word' id='word_1_636' title='bbox 806 4228 979 4283; x_wconf 80' lang='grc' dir='ltr'>ἔσται</span> <span class='ocrx_word' id='word_1_637' title='bbox 1017 4229 1234 4296; x_wconf 81' lang='grc' dir='ltr'>πένθος</span> <span class='ocrx_word' id='word_1_638' title='bbox 1261 4231 1401 4298; x_wconf 79' lang='grc' dir='ltr'>πρὶν</span> <span class='ocrx_word' id='word_1_639' title='bbox 1444 4233 1481 4297; x_wconf 77' lang='grc' dir='ltr'>ἢ</span> <span class='ocrx_word' id='word_1_640' title='bbox 1512 4232 1682 4299; x_wconf 70' lang='grc' dir='ltr'>πρωῒ,</span> <span class='ocrx_word' id='word_1_641' title='bbox 1728 4232 1823 4283; x_wconf 76' lang='grc' dir='ltr'>καὶ</span> 
     </span>
    </p>
   </div>
   <div class='ocr_carea' id='block_1_85' title="bbox 1927 4228 3503 4302">
    <p class='ocr_par' dir='ltr' id='par_1_85' title="bbox 2007 4230 3503 4302">
     <span class='ocr_line' id='line_1_85' title="bbox 2007 4230 3503 4302; baseline 0.001 -18"><span class='ocrx_word' id='word_1_642' title='bbox 2007 4231 2165 4287; x_wconf 70' lang='lat' dir='ltr'><strong>Vens.</strong></span> <span class='ocrx_word' id='word_1_643' title='bbox 2204 4230 2290 4283; x_wconf 77' lang='grc' dir='ltr'><strong>Η.</strong></span> <span class='ocrx_word' id='word_1_644' title='bbox 2330 4230 2411 4282; x_wconf 74' lang='lat' dir='ltr'><strong>At!</strong></span> <span class='ocrx_word' id='word_1_645' title='bbox 2452 4246 2719 4297; x_wconf 78' lang='lat' dir='ltr'><strong>vesperum</strong></span> <span class='ocrx_word' id='word_1_646' title='bbox 2753 4231 2854 4283; x_wconf 68' lang='lat' dir='ltr'><strong>erit</strong></span> <span class='ocrx_word' id='word_1_647' title='bbox 2883 4231 3053 4287; x_wconf 79' lang='lat' dir='ltr'><strong>luctus</strong></span> <span class='ocrx_word' id='word_1_648' title='bbox 3110 4242 3386 4302; x_wconf 81' lang='lat' dir='ltr'><strong>antequam</strong></span> <span class='ocrx_word' id='word_1_649' title='bbox 3437 4236 3503 4289; x_wconf 77' lang='lat' dir='ltr'><strong>sit</strong></span> 
     </span>
    </p>
   </div>
   <div class='ocr_carea' id='block_1_86' title="bbox 200 4320 1825 4393">
    <p class='ocr_par' dir='ltr' id='par_1_86' title="bbox 200 4320 1825 4391">
     <span class='ocr_line' id='line_1_86' title="bbox 200 4320 1825 4391; baseline -0.002 -13"><span class='ocrx_word' id='word_1_650' title='bbox 200 4325 328 4378; x_wconf 72' lang='grc' dir='ltr'>οὐκ</span> <span class='ocrx_word' id='word_1_651' title='bbox 350 4322 566 4375; x_wconf 80' lang='grc' dir='ltr'>ἔσται.</span> <span class='ocrx_word' id='word_1_652' title='bbox 582 4321 742 4389; x_wconf 82' lang='grc' dir='ltr'>Αὕτη</span> <span class='ocrx_word' id='word_1_653' title='bbox 760 4322 796 4388; x_wconf 76' lang='grc' dir='ltr'><strong><em>ἠ</em></strong></span> <span class='ocrx_word' id='word_1_654' title='bbox 810 4321 980 4390; x_wconf 78' lang='grc' dir='ltr'>μερὶς</span> <span class='ocrx_word' id='word_1_655' title='bbox 1000 4320 1117 4375; x_wconf 83' lang='grc' dir='ltr'>τῶν</span> <span class='ocrx_word' id='word_1_656' title='bbox 1144 4321 1298 4391; x_wconf 83' lang='grc' dir='ltr'>ὑμᾶς</span> <span class='ocrx_word' id='word_1_657' title='bbox 1312 4324 1353 4353; x_wconf 59' lang='grc' dir='ltr'>δ’</span> <span class='ocrx_word' id='word_1_658' title='bbox 1374 4321 1825 4390; x_wconf 76' lang='grc' dir='ltr'>προνομευσάν-</span> 
     </span>
    </p>
   </div>
   <div class='ocr_carea' id='block_1_87' title="bbox 1927 4320 3504 4393">
    <p class='ocr_par' dir='ltr' id='par_1_87' title="bbox 1932 4320 3504 4393">
     <span class='ocr_line' id='line_1_87' title="bbox 1932 4320 3504 4393; baseline 0.001 -16"><span class='ocrx_word' id='word_1_659' title='bbox 1932 4323 2246 4389; x_wconf 78' lang='lat' dir='ltr'><strong>diluculum,</strong></span> <span class='ocrx_word' id='word_1_660' title='bbox 2277 4332 2324 4375; x_wconf 85' lang='lat' dir='ltr'><strong>et</strong></span> <span class='ocrx_word' id='word_1_661' title='bbox 2360 4339 2462 4375; x_wconf 83' lang='lat' dir='ltr'><strong>non</strong></span> <span class='ocrx_word' id='word_1_662' title='bbox 2493 4322 2610 4376; x_wconf 81' lang='lat' dir='ltr'><strong>erit.</strong></span> <span class='ocrx_word' id='word_1_663' title='bbox 2663 4320 2789 4375; x_wconf 80' lang='lat' dir='ltr'><strong>llwc</strong></span> <span class='ocrx_word' id='word_1_664' title='bbox 2821 4323 2918 4375; x_wconf 81' lang='lat' dir='ltr'><strong>erit</strong></span> <span class='ocrx_word' id='word_1_665' title='bbox 2969 4325 3141 4388; x_wconf 84' lang='lat' dir='ltr'><strong>partio</strong></span> <span class='ocrx_word' id='word_1_666' title='bbox 3192 4325 3504 4393; x_wconf 61' lang='lat' dir='ltr'><strong>depraedati-</strong></span> 
     </span>
    </p>
   </div>
   <div class='ocr_carea' id='block_1_88' title="bbox 195 4412 1825 4485">
    <p class='ocr_par' dir='ltr' id='par_1_88' title="bbox 195 4412 1822 4483">
     <span class='ocr_line' id='line_1_88' title="bbox 195 4412 1822 4483; baseline -0.004 -13"><span class='ocrx_word' id='word_1_667' title='bbox 195 4433 360 4477; x_wconf 75' lang='grc' dir='ltr'>των,</span> <span class='ocrx_word' id='word_1_668' title='bbox 418 4413 531 4468; x_wconf 75' lang='grc' dir='ltr'>καὶ</span> <span class='ocrx_word' id='word_1_669' title='bbox 557 4414 923 4482; x_wconf 76' lang='grc' dir='ltr'>κληρονομία</span> <span class='ocrx_word' id='word_1_670' title='bbox 972 4412 1092 4468; x_wconf 80' lang='grc' dir='ltr'>τῶν</span> <span class='ocrx_word' id='word_1_671' title='bbox 1138 4413 1292 4483; x_wconf 81' lang='grc' dir='ltr'>ὑμᾶς</span> <span class='ocrx_word' id='word_1_672' title='bbox 1325 4412 1822 4482; x_wconf 70' lang='grc' dir='ltr'>κληρονομησάν-</span> 
     </span>
    </p>
   </div>
   <div class='ocr_carea' id='block_1_89' title="bbox 1927 4412 3507 4485">
    <p class='ocr_par' dir='ltr' id='par_1_89' title="bbox 1931 4412 3507 4485">
     <span class='ocr_line' id='line_1_89' title="bbox 1931 4412 3507 4485; baseline 0.004 -20"><span class='ocrx_word' id='word_1_673' title='bbox 1931 4417 2059 4466; x_wconf 85' lang='lat' dir='ltr'><strong>tium</strong></span> <span class='ocrx_word' id='word_1_674' title='bbox 2082 4429 2189 4479; x_wconf 76' lang='lat' dir='ltr'><strong>vos,</strong></span> <span class='ocrx_word' id='word_1_675' title='bbox 2217 4422 2263 4465; x_wconf 83' lang='lat' dir='ltr'><strong>et</strong></span> <span class='ocrx_word' id='word_1_676' title='bbox 2305 4412 2588 4485; x_wconf 63' lang='lat' dir='ltr'><strong>haereditas</strong></span> <span class='ocrx_word' id='word_1_677' title='bbox 2617 4428 2796 4467; x_wconf 85' lang='lat' dir='ltr'><strong>eorum</strong></span> <span class='ocrx_word' id='word_1_678' title='bbox 2821 4414 2909 4485; x_wconf 85' lang='lat' dir='ltr'><strong>qui</strong></span> <span class='ocrx_word' id='word_1_679' title='bbox 2937 4423 3134 4467; x_wconf 82' lang='lat' dir='ltr'><strong>vestras</strong></span> <span class='ocrx_word' id='word_1_680' title='bbox 3170 4414 3507 4471; x_wconf 71' lang='lat' dir='ltr'><strong>lm&#39;reditales</strong></span> 
     </span>
    </p>
   </div>
   <div class='ocr_carea' id='block_1_90' title="bbox 198 4490 1825 4559">
    <p class='ocr_par' dir='ltr' id='par_1_90' title="bbox 198 4519 359 4557">
     <span class='ocr_line' id='line_1_90' title="bbox 198 4519 359 4557; baseline -0.006 0"><span class='ocrx_word' id='word_1_681' title='bbox 198 4519 359 4557; x_wconf 79' lang='grc' dir='ltr'>των.</span> 
     </span>
    </p>
   </div>
   <div class='ocr_carea' id='block_1_91' title="bbox 1927 4490 2363 4559">
    <p class='ocr_par' dir='ltr' id='par_1_91' title="bbox 1931 4490 2363 4559">
     <span class='ocr_line' id='line_1_91' title="bbox 1931 4490 2363 4559; baseline 0 -2"><span class='ocrx_word' id='word_1_682' title='bbox 1931 4505 2224 4559; x_wconf 82' lang='lat' dir='ltr'><strong>adiverunl.</strong></span> <span class='ocrx_word' id='word_1_683' title='bbox 2362 4490 2363 4493; x_wconf 9' lang='grc' dir='ltr'><strong>η</strong></span> 
     </span>
    </p>
   </div>
   <div class='ocr_carea' id='block_1_92' title="bbox 275 4592 1825 4669">
    <p class='ocr_par' dir='ltr' id='par_1_92' title="bbox 275 4592 1825 4669">
     <span class='ocr_line' id='line_1_92' title="bbox 275 4592 1825 4669; baseline -0.003 -20"><span class='ocrx_word' id='word_1_684' title='bbox 275 4594 537 4657; x_wconf 81' lang='grc' dir='ltr'>Φοάσας</span> <span class='ocrx_word' id='word_1_685' title='bbox 588 4592 725 4663; x_wconf 75' lang='grc' dir='ltr'>ἔφην</span> <span class='ocrx_word' id='word_1_686' title='bbox 770 4595 851 4647; x_wconf 84' lang='grc' dir='ltr'>ὅτι</span> <span class='ocrx_word' id='word_1_687' title='bbox 899 4595 1241 4666; x_wconf 85' lang='grc' dir='ltr'>περιστήσας</span> <span class='ocrx_word' id='word_1_688' title='bbox 1295 4596 1324 4647; x_wconf 90' lang='lat'><strong>6</strong></span> <span class='ocrx_word' id='word_1_689' title='bbox 1387 4594 1668 4669; x_wconf 73' lang='grc' dir='ltr'>Ῥαψάκης</span> <span class='ocrx_word' id='word_1_690' title='bbox 1723 4594 1825 4655; x_wconf 79' lang='grc' dir='ltr'>τοῖς</span> 
     </span>
    </p>
   </div>
   <div class='ocr_carea' id='block_1_93' title="bbox 1927 4592 3509 4669">
    <p class='ocr_par' dir='ltr' id='par_1_93' title="bbox 2006 4595 3509 4667">
     <span class='ocr_line' id='line_1_93' title="bbox 2006 4595 3509 4667; baseline 0.001 -18"><span class='ocrx_word' id='word_1_691' title='bbox 2006 4596 2124 4649; x_wconf 83' lang='lat' dir='ltr'><strong>Dixi</strong></span> <span class='ocrx_word' id='word_1_692' title='bbox 2162 4597 2214 4650; x_wconf 90' lang='lat' dir='ltr'><strong>in</strong></span> <span class='ocrx_word' id='word_1_693' title='bbox 2248 4595 2626 4662; x_wconf 84' lang='lat' dir='ltr'><strong>superioribus</strong></span> <span class='ocrx_word' id='word_1_694' title='bbox 2670 4597 2836 4666; x_wconf 90' lang='lat' dir='ltr'><strong>quod,</strong></span> <span class='ocrx_word' id='word_1_695' title='bbox 2900 4613 3022 4651; x_wconf 90' lang='lat' dir='ltr'><strong>cum</strong></span> <span class='ocrx_word' id='word_1_696' title='bbox 3074 4597 3349 4667; x_wconf 80' lang='lat' dir='ltr'><strong>Rapsaces</strong></span> <span class='ocrx_word' id='word_1_697' title='bbox 3400 4599 3509 4651; x_wconf 54' lang='lat' dir='ltr'><strong>cirv</strong></span> 
     </span>
    </p>
   </div>
   <div class='ocr_carea' id='block_1_94' title="bbox 204 4684 1825 4759">
    <p class='ocr_par' dir='ltr' id='par_1_94' title="bbox 204 4684 1825 4759">
     <span class='ocr_line' id='line_1_94' title="bbox 204 4684 1825 4759; baseline -0.01 -8"><span class='ocrx_word' id='word_1_698' title='bbox 204 4685 660 4759; x_wconf 78' lang='grc' dir='ltr'>Ἰεροσολύμοις</span> <span class='ocrx_word' id='word_1_699' title='bbox 683 4684 745 4737; x_wconf 78' lang='grc' dir='ltr'>τὸ</span> <span class='ocrx_word' id='word_1_700' title='bbox 775 4684 1034 4757; x_wconf 81' lang='grc' dir='ltr'>μάχιμον,</span> <span class='ocrx_word' id='word_1_701' title='bbox 1071 4685 1168 4739; x_wconf 78' lang='grc' dir='ltr'>καὶ</span> <span class='ocrx_word' id='word_1_702' title='bbox 1196 4686 1297 4739; x_wconf 82' lang='grc' dir='ltr'>οὐκ</span> <span class='ocrx_word' id='word_1_703' title='bbox 1324 4687 1404 4748; x_wconf 83' lang='grc' dir='ltr'><strong>είς</strong></span> <span class='ocrx_word' id='word_1_704' title='bbox 1433 4686 1650 4756; x_wconf 83' lang='grc' dir='ltr'>μακρὰν</span> <span class='ocrx_word' id='word_1_705' title='bbox 1677 4685 1825 4756; x_wconf 83' lang='grc' dir='ltr'>αἱρή-</span> 
     </span>
    </p>
   </div>
   <div class='ocr_carea' id='block_1_95' title="bbox 1927 4684 3517 4759">
    <p class='ocr_par' dir='ltr' id='par_1_95' title="bbox 1937 4685 3517 4758">
     <span class='ocr_line' id='line_1_95' title="bbox 1937 4685 3517 4758; baseline 0 -17"><span class='ocrx_word' id='word_1_706' title='bbox 1937 4687 2271 4742; x_wconf 87' lang='lat' dir='ltr'><strong>cumsideret</strong></span> <span class='ocrx_word' id='word_1_707' title='bbox 2300 4685 2683 4758; x_wconf 80' lang='lat' dir='ltr'><strong>Hierosolyma</strong></span> <span class='ocrx_word' id='word_1_708' title='bbox 2715 4728 2732 4753; x_wconf 95' lang='lat'><strong>,</strong></span> <span class='ocrx_word' id='word_1_709' title='bbox 2774 4698 2829 4742; x_wconf 83' lang='lat' dir='ltr'><strong>et</strong></span> <span class='ocrx_word' id='word_1_710' title='bbox 2863 4689 3152 4745; x_wconf 78' lang='lat' dir='ltr'><strong>bellatores</strong></span> <span class='ocrx_word' id='word_1_711' title='bbox 3209 4705 3313 4742; x_wconf 88' lang='lat' dir='ltr'><strong>non</strong></span> <span class='ocrx_word' id='word_1_712' title='bbox 3352 4689 3517 4757; x_wconf 86' lang='lat' dir='ltr'><strong>longo</strong></span> 
     </span>
    </p>
   </div>
   <div class='ocr_carea' id='block_1_96' title="bbox 193 4775 1825 4850">
    <p class='ocr_par' dir='ltr' id='par_1_96' title="bbox 193 4775 1825 4848">
     <span class='ocr_line' id='line_1_96' title="bbox 193 4775 1825 4848; baseline -0.002 -17"><span class='ocrx_word' id='word_1_713' title='bbox 193 4796 329 4833; x_wconf 83' lang='grc' dir='ltr'>σειν</span> <span class='ocrx_word' id='word_1_714' title='bbox 392 4776 589 4839; x_wconf 79' lang='grc' dir='ltr'>αὐτὴν</span> <span class='ocrx_word' id='word_1_715' title='bbox 641 4775 971 4848; x_wconf 80' lang='grc' dir='ltr'>ἀπειλήσας,</span> <span class='ocrx_word' id='word_1_716' title='bbox 1025 4775 1273 4830; x_wconf 88' lang='grc' dir='ltr'>ἀπόλωλε</span> <span class='ocrx_word' id='word_1_717' title='bbox 1328 4777 1672 4846; x_wconf 80' lang='grc' dir='ltr'>πανστρατιᾷ</span> <span class='ocrx_word' id='word_1_718' title='bbox 1727 4775 1825 4848; x_wconf 65' lang='grc' dir='ltr'>πρὸ</span> 
     </span>
    </p>
   </div>
   <div class='ocr_carea' id='block_1_97' title="bbox 1927 4775 3511 4850">
    <p class='ocr_par' dir='ltr' id='par_1_97' title="bbox 1930 4779 3511 4850">
     <span class='ocr_line' id='line_1_97' title="bbox 1930 4779 3511 4850; baseline -0.001 -17"><span class='ocrx_word' id='word_1_719' title='bbox 1930 4790 2051 4850; x_wconf 88' lang='lat' dir='ltr'><strong>post</strong></span> <span class='ocrx_word' id='word_1_720' title='bbox 2078 4779 2362 4835; x_wconf 87' lang='lat' dir='ltr'><strong>intervallo</strong></span> <span class='ocrx_word' id='word_1_721' title='bbox 2401 4779 2855 4849; x_wconf 84' lang='lat' dir='ltr'><strong>interempturum</strong></span> <span class='ocrx_word' id='word_1_722' title='bbox 2896 4782 3343 4845; x_wconf 84' lang='lat' dir='ltr'><strong>comminaretur,</strong></span> <span class='ocrx_word' id='word_1_723' title='bbox 3381 4792 3511 4833; x_wconf 87' lang='lat' dir='ltr'><strong>ante</strong></span> 
     </span>
    </p>
   </div>
   <div class='ocr_carea' id='block_1_98' title="bbox 191 4856 1825 4941">
    <p class='ocr_par' dir='ltr' id='par_1_98' title="bbox 191 4865 1825 4941">
     <span class='ocr_line' id='line_1_98' title="bbox 191 4865 1825 4941; baseline 0.003 -26"><span class='ocrx_word' id='word_1_724' title='bbox 191 4870 396 4941; x_wconf 69' lang='grc' dir='ltr'>αὐγῆς</span> <span class='ocrx_word' id='word_1_725' title='bbox 431 4868 543 4922; x_wconf 69' lang='grc' dir='ltr'>καὶ</span> <span class='ocrx_word' id='word_1_726' title='bbox 568 4865 804 4937; x_wconf 85' lang='grc' dir='ltr'>ἡμέρας.</span> <span class='ocrx_word' id='word_1_727' title='bbox 838 4866 1039 4931; x_wconf 80' lang='grc' dir='ltr'>Πένθος</span> <span class='ocrx_word' id='word_1_728' title='bbox 1076 4867 1255 4923; x_wconf 83' lang='grc' dir='ltr'>τοίνυν</span> <span class='ocrx_word' id='word_1_729' title='bbox 1296 4866 1469 4936; x_wconf 78' lang='grc' dir='ltr'>ἔσται,</span> <span class='ocrx_word' id='word_1_730' title='bbox 1507 4868 1660 4939; x_wconf 72' lang='grc' dir='ltr'>φησὶ,</span> <span class='ocrx_word' id='word_1_731' title='bbox 1698 4867 1825 4938; x_wconf 81' lang='grc' dir='ltr'>πρὸς</span> 
     </span>
    </p>
   </div>
   <div class='ocr_carea' id='block_1_99' title="bbox 1927 4856 3512 4941">
    <p class='ocr_par' dir='ltr' id='par_1_99' title="bbox 1932 4856 3512 4938">
     <span class='ocr_line' id='line_1_99' title="bbox 1932 4856 3512 4938; baseline 0.002 -17"><span class='ocrx_word' id='word_1_732' title='bbox 1932 4856 2104 4924; x_wconf 83' lang='lat' dir='ltr'><strong>lucem</strong></span> <span class='ocrx_word' id='word_1_733' title='bbox 2151 4880 2206 4923; x_wconf 91' lang='lat' dir='ltr'><strong>et</strong></span> <span class='ocrx_word' id='word_1_734' title='bbox 2258 4871 2398 4924; x_wconf 91' lang='lat' dir='ltr'><strong>diem</strong></span> <span class='ocrx_word' id='word_1_735' title='bbox 2460 4886 2582 4923; x_wconf 90' lang='lat' dir='ltr'><strong>cum</strong></span> <span class='ocrx_word' id='word_1_736' title='bbox 2622 4880 2732 4923; x_wconf 90' lang='lat' dir='ltr'><strong>toto</strong></span> <span class='ocrx_word' id='word_1_737' title='bbox 2784 4873 3027 4923; x_wconf 75' lang='lat' dir='ltr'><strong>exercitu</strong></span> <span class='ocrx_word' id='word_1_738' title='bbox 3079 4871 3260 4938; x_wconf 83' lang='lat' dir='ltr'><strong>periit.</strong></span> <span class='ocrx_word' id='word_1_739' title='bbox 3305 4871 3512 4924; x_wconf 75' lang='lat' dir='ltr'><strong>Luctus</strong></span> 
     </span>
    </p>
   </div>
   <div class='ocr_carea' id='block_1_100' title="bbox 185 4957 1825 5031">
    <p class='ocr_par' dir='ltr' id='par_1_100' title="bbox 185 4960 1825 5031">
     <span class='ocr_line' id='line_1_100' title="bbox 185 4960 1825 5031; baseline -0.005 -13"><span class='ocrx_word' id='word_1_740' title='bbox 185 4961 503 5030; x_wconf 79' lang='grc' dir='ltr'>ἑσπέραν,</span> <span class='ocrx_word' id='word_1_741' title='bbox 543 4960 768 5022; x_wconf 77' lang='grc' dir='ltr'>πάντως</span> <span class='ocrx_word' id='word_1_742' title='bbox 797 4976 899 5014; x_wconf 89' lang='grc' dir='ltr'><strong>που</strong></span> <span class='ocrx_word' id='word_1_743' title='bbox 948 4960 1433 5031; x_wconf 73' lang='grc' dir='ltr'>προσδοκησέωτων</span> <span class='ocrx_word' id='word_1_744' title='bbox 1479 4961 1536 5012; x_wconf 81' lang='grc' dir='ltr'>ἐν</span> <span class='ocrx_word' id='word_1_745' title='bbox 1580 4963 1692 5022; x_wconf 86' lang='grc' dir='ltr'>τοῖς</span> <span class='ocrx_word' id='word_1_746' title='bbox 1734 4960 1825 5011; x_wconf 84' lang='grc' dir='ltr'><strong>ἰε-</strong></span> 
     </span>
    </p>
   </div>
   <div class='ocr_carea' id='block_1_101' title="bbox 1927 4957 3509 5031">
    <p class='ocr_par' dir='ltr' id='par_1_101' title="bbox 1930 4957 3509 5029">
     <span class='ocr_line' id='line_1_101' title="bbox 1930 4957 3509 5029; baseline 0.002 -18"><span class='ocrx_word' id='word_1_747' title='bbox 1930 4957 2094 5026; x_wconf 78' lang='lat' dir='ltr'><strong>igitur</strong></span> <span class='ocrx_word' id='word_1_748' title='bbox 2133 4958 2258 5021; x_wconf 84' lang='lat' dir='ltr'><strong>erit,</strong></span> <span class='ocrx_word' id='word_1_749' title='bbox 2319 4958 2513 5024; x_wconf 83' lang='lat' dir='ltr'><strong>inquit,</strong></span> <span class='ocrx_word' id='word_1_750' title='bbox 2560 4958 2661 5011; x_wconf 89' lang='lat' dir='ltr'><strong>sub</strong></span> <span class='ocrx_word' id='word_1_751' title='bbox 2702 4972 3007 5026; x_wconf 83' lang='lat' dir='ltr'><strong>vesperum,</strong></span> <span class='ocrx_word' id='word_1_752' title='bbox 3063 4973 3276 5028; x_wconf 87' lang='lat' dir='ltr'><strong>semper</strong></span> <span class='ocrx_word' id='word_1_753' title='bbox 3315 4976 3509 5029; x_wconf 61' lang='grc' dir='ltr'>διεμε-</span> 
     </span>
    </p>
   </div>
   <div class='ocr_carea' id='block_1_102' title="bbox 188 5034 1825 5127">
    <p class='ocr_par' dir='ltr' id='par_1_102' title="bbox 188 5048 1825 5127">
     <span class='ocr_line' id='line_1_102' title="bbox 188 5048 1825 5127; baseline -0.003 -20"><span class='ocrx_word' id='word_1_754' title='bbox 188 5052 421 5127; x_wconf 80' lang='grc' dir='ltr'>ροσολύ</span> <span class='ocrx_word' id='word_1_755' title='bbox 432 5067 570 5123; x_wconf 85' lang='grc' dir='ltr'>μοις</span> <span class='ocrx_word' id='word_1_756' title='bbox 590 5048 811 5103; x_wconf 77' lang='grc' dir='ltr'>ἔσεσθαι</span> <span class='ocrx_word' id='word_1_757' title='bbox 843 5050 1005 5122; x_wconf 81' lang='grc' dir='ltr'>πρωῒ,</span> <span class='ocrx_word' id='word_1_758' title='bbox 1038 5052 1133 5105; x_wconf 82' lang='grc' dir='ltr'>καὶ</span> <span class='ocrx_word' id='word_1_759' title='bbox 1157 5050 1250 5104; x_wconf 88' lang='grc' dir='ltr'><strong>τοῦ</strong></span> <span class='ocrx_word' id='word_1_760' title='bbox 1280 5050 1517 5121; x_wconf 85' lang='grc' dir='ltr'>πολέμου</span> <span class='ocrx_word' id='word_1_761' title='bbox 1544 5050 1641 5121; x_wconf 79' lang='grc' dir='ltr'>τὴν</span> <span class='ocrx_word' id='word_1_762' title='bbox 1670 5066 1825 5121; x_wconf 87' lang='grc' dir='ltr'>προσ-</span> 
     </span>
    </p>
   </div>
   <div class='ocr_carea' id='block_1_103' title="bbox 1927 5034 3509 5127">
    <p class='ocr_par' dir='ltr' id='par_1_103' title="bbox 1933 5034 3509 5117">
     <span class='ocr_line' id='line_1_103' title="bbox 1933 5034 3509 5117; baseline 0.003 -15"><span class='ocrx_word' id='word_1_763' title='bbox 1933 5050 2245 5103; x_wconf 87' lang='lat' dir='ltr'><strong>etanctibus</strong></span> <span class='ocrx_word' id='word_1_764' title='bbox 2297 5034 2810 5117; x_wconf 78' lang='lat' dir='ltr'><strong>llierosolymitanis</strong></span> <span class='ocrx_word' id='word_1_765' title='bbox 2850 5090 2865 5115; x_wconf 93' lang='lat'><strong>,</strong></span> <span class='ocrx_word' id='word_1_766' title='bbox 2928 5050 3045 5104; x_wconf 81' lang='lat' dir='ltr'><strong>fore</strong></span> <span class='ocrx_word' id='word_1_767' title='bbox 3086 5064 3247 5103; x_wconf 89' lang='lat' dir='ltr'><strong>mane</strong></span> <span class='ocrx_word' id='word_1_768' title='bbox 3282 5052 3509 5112; x_wconf 81' lang='lat' dir='ltr'><strong>itttpres-</strong></span> 
     </span>
    </p>
   </div>
   <div class='ocr_carea' id='block_1_104' title="bbox 184 5138 1825 5221">
    <p class='ocr_par' dir='ltr' id='par_1_104' title="bbox 184 5140 1825 5221">
     <span class='ocr_line' id='line_1_104' title="bbox 184 5140 1825 5221; baseline -0.007 -19"><span class='ocrx_word' id='word_1_769' title='bbox 184 5146 408 5221; x_wconf 71' lang='grc' dir='ltr'>ϐολήν,</span> <span class='ocrx_word' id='word_1_770' title='bbox 448 5141 602 5197; x_wconf 83' lang='grc' dir='ltr'><strong>ἀλλά</strong></span> <span class='ocrx_word' id='word_1_771' title='bbox 631 5142 905 5195; x_wconf 75' lang='grc' dir='ltr'>πέπαυται</span> <span class='ocrx_word' id='word_1_772' title='bbox 934 5142 1038 5211; x_wconf 81' lang='grc' dir='ltr'>πρὸ</span> <span class='ocrx_word' id='word_1_773' title='bbox 1074 5142 1268 5212; x_wconf 76' lang='grc' dir='ltr'><strong>αὐτῆς.</strong></span> <span class='ocrx_word' id='word_1_774' title='bbox 1306 5142 1404 5197; x_wconf 84' lang='grc' dir='ltr'><strong>Διὰ</strong></span> <span class='ocrx_word' id='word_1_775' title='bbox 1445 5140 1603 5195; x_wconf 87' lang='grc' dir='ltr'>τοῦτό</span> <span class='ocrx_word' id='word_1_776' title='bbox 1644 5154 1825 5213; x_wconf 84' lang='grc' dir='ltr'>φησιν·</span> 
     </span>
    </p>
   </div>
   <div class='ocr_carea' id='block_1_105' title="bbox 1927 5138 3511 5221">
    <p class='ocr_par' dir='ltr' id='par_1_105' title="bbox 1935 5138 3511 5208">
     <span class='ocr_line' id='line_1_105' title="bbox 1935 5138 3511 5208; baseline 0.002 -15"><span class='ocrx_word' id='word_1_777' title='bbox 1935 5139 2141 5193; x_wconf 85' lang='lat' dir='ltr'><strong>sionem</strong></span> <span class='ocrx_word' id='word_1_778' title='bbox 2195 5138 2429 5208; x_wconf 88' lang='lat' dir='ltr'><strong>bellique</strong></span> <span class='ocrx_word' id='word_1_779' title='bbox 2498 5139 2806 5208; x_wconf 88' lang='lat' dir='ltr'><strong>impetum;</strong></span> <span class='ocrx_word' id='word_1_780' title='bbox 2874 5156 3059 5194; x_wconf 81' lang='lat' dir='ltr'><strong>verum</strong></span> <span class='ocrx_word' id='word_1_781' title='bbox 3110 5142 3343 5195; x_wconf 77' lang='lat' dir='ltr'><strong>cess&#39;avit</strong></span> <span class='ocrx_word' id='word_1_782' title='bbox 3388 5154 3511 5196; x_wconf 78' lang='lat' dir='ltr'><strong>ante</strong></span> 
     </span>
    </p>
   </div>
   <div class='ocr_carea' id='block_1_106' title="bbox 162 5228 1825 5317">
    <p class='ocr_par' dir='ltr' id='par_1_106' title="bbox 162 5228 1825 5317">
     <span class='ocr_line' id='line_1_106' title="bbox 162 5228 1825 5317; baseline -0.005 -21"><span class='ocrx_word' id='word_1_783' title='bbox 162 5228 433 5317; x_wconf 52' lang='lat' dir='ltr'><strong>flictus</strong></span> <span class='ocrx_word' id='word_1_784' title='bbox 469 5234 579 5307; x_wconf 83' lang='grc' dir='ltr'>μὲν</span> <span class='ocrx_word' id='word_1_785' title='bbox 611 5232 807 5297; x_wconf 78' lang='grc' dir='ltr'>πένθος</span> <span class='ocrx_word' id='word_1_786' title='bbox 836 5234 969 5303; x_wconf 73' lang='grc' dir='ltr'>πρὸς</span> <span class='ocrx_word' id='word_1_787' title='bbox 992 5234 1232 5304; x_wconf 78' lang='grc' dir='ltr'>ἑσπέραν</span> <span class='ocrx_word' id='word_1_788' title='bbox 1256 5250 1269 5264; x_wconf 72' lang='grc' dir='ltr'><strong>ο</strong></span> <span class='ocrx_word' id='word_1_789' title='bbox 1314 5234 1414 5287; x_wconf 79' lang='grc' dir='ltr'><strong>οῦκ</strong></span> <span class='ocrx_word' id='word_1_790' title='bbox 1443 5232 1595 5286; x_wconf 74' lang='grc' dir='ltr'>ἔσται</span> <span class='ocrx_word' id='word_1_791' title='bbox 1624 5231 1680 5284; x_wconf 83' lang='grc' dir='ltr'>δὲ</span> <span class='ocrx_word' id='word_1_792' title='bbox 1711 5232 1825 5300; x_wconf 70' lang='grc' dir='ltr'>πρὶι</span> 
     </span>
    </p>
   </div>
   <div class='ocr_carea' id='block_1_107' title="bbox 1927 5228 3508 5317">
    <p class='ocr_par' dir='ltr' id='par_1_107' title="bbox 1938 5228 3508 5301">
     <span class='ocr_line' id='line_1_107' title="bbox 1938 5228 3508 5301; baseline 0 -18"><span class='ocrx_word' id='word_1_793' title='bbox 1938 5228 2140 5293; x_wconf 88' lang='lat' dir='ltr'><strong>lucem,</strong></span> <span class='ocrx_word' id='word_1_794' title='bbox 2181 5229 2387 5283; x_wconf 89' lang='lat' dir='ltr'><strong>idcirco</strong></span> <span class='ocrx_word' id='word_1_795' title='bbox 2425 5231 2502 5286; x_wconf 90' lang='lat' dir='ltr'><strong>ait</strong></span> <span class='ocrx_word' id='word_1_796' title='bbox 2552 5246 2567 5283; x_wconf 90' lang='lat'><strong>:</strong></span> <span class='ocrx_word' id='word_1_797' title='bbox 2619 5231 2734 5284; x_wconf 86' lang='lat' dir='ltr'><strong>Erit</strong></span> <span class='ocrx_word' id='word_1_798' title='bbox 2773 5230 2989 5299; x_wconf 87' lang='lat' dir='ltr'><strong>quidam</strong></span> <span class='ocrx_word' id='word_1_799' title='bbox 3048 5231 3224 5285; x_wconf 91' lang='lat' dir='ltr'><strong>luctus</strong></span> <span class='ocrx_word' id='word_1_800' title='bbox 3273 5232 3508 5301; x_wconf 82' lang='lat' dir='ltr'><strong>vesperi,</strong></span> 
     </span>
    </p>
   </div>
   <div class='ocr_carea' id='block_1_108' title="bbox 162 5321 1825 5403">
    <p class='ocr_par' dir='ltr' id='par_1_108' title="bbox 162 5321 1825 5403">
     <span class='ocr_line' id='line_1_108' title="bbox 162 5321 1825 5403; baseline -0.006 -18"><span class='ocrx_word' id='word_1_801' title='bbox 162 5324 222 5396; x_wconf 55' lang='grc' dir='ltr'>ίῆ</span> <span class='ocrx_word' id='word_1_802' title='bbox 257 5329 476 5403; x_wconf 73' lang='grc' dir='ltr'>πρωῒ,</span> <span class='ocrx_word' id='word_1_803' title='bbox 511 5324 660 5379; x_wconf 85' lang='grc' dir='ltr'>τοῦτ’</span> <span class='ocrx_word' id='word_1_804' title='bbox 692 5324 829 5391; x_wconf 78' lang='grc' dir='ltr'>ἐστι,</span> <span class='ocrx_word' id='word_1_805' title='bbox 860 5324 1198 5378; x_wconf 82' lang='grc' dir='ltr'>πεπαύσεται</span> <span class='ocrx_word' id='word_1_806' title='bbox 1222 5325 1315 5378; x_wconf 71' lang='grc' dir='ltr'>καὶ</span> <span class='ocrx_word' id='word_1_807' title='bbox 1338 5321 1635 5393; x_wconf 81' lang='grc' dir='ltr'>καταλήξει</span> <span class='ocrx_word' id='word_1_808' title='bbox 1660 5322 1719 5374; x_wconf 83' lang='grc' dir='ltr'><strong>τὸ</strong></span> <span class='ocrx_word' id='word_1_809' title='bbox 1742 5322 1825 5375; x_wconf 83' lang='grc' dir='ltr'><strong>δά·</strong></span> 
     </span>
    </p>
   </div>
   <div class='ocr_carea' id='block_1_109' title="bbox 1927 5321 3511 5403">
    <p class='ocr_par' dir='ltr' id='par_1_109' title="bbox 1935 5321 3511 5390">
     <span class='ocr_line' id='line_1_109' title="bbox 1935 5321 3511 5390; baseline -0.001 -14"><span class='ocrx_word' id='word_1_810' title='bbox 1935 5321 2028 5376; x_wconf 88' lang='lat' dir='ltr'><strong>sed</strong></span> <span class='ocrx_word' id='word_1_811' title='bbox 2061 5329 2347 5390; x_wconf 87' lang='lat' dir='ltr'><strong>antequam</strong></span> <span class='ocrx_word' id='word_1_812' title='bbox 2384 5322 2645 5385; x_wconf 89' lang='lat' dir='ltr'><strong>lucescat,</strong></span> <span class='ocrx_word' id='word_1_813' title='bbox 2701 5339 2805 5377; x_wconf 89' lang='lat' dir='ltr'><strong>non</strong></span> <span class='ocrx_word' id='word_1_814' title='bbox 2847 5324 2974 5385; x_wconf 90' lang='lat' dir='ltr'><strong>erit,</strong></span> <span class='ocrx_word' id='word_1_815' title='bbox 3010 5324 3059 5377; x_wconf 93' lang='lat' dir='ltr'><strong>id</strong></span> <span class='ocrx_word' id='word_1_816' title='bbox 3097 5331 3179 5376; x_wconf 89' lang='lat' dir='ltr'><strong>est</strong></span> <span class='ocrx_word' id='word_1_817' title='bbox 3204 5360 3220 5385; x_wconf 96' lang='lat'><strong>,</strong></span> <span class='ocrx_word' id='word_1_818' title='bbox 3262 5323 3511 5387; x_wconf 87' lang='lat' dir='ltr'><strong>desistet,</strong></span> 
     </span>
    </p>
   </div>
   <div class='ocr_carea' id='block_1_110' title="bbox 160 5403 1825 5493">
    <p class='ocr_par' dir='ltr' id='par_1_110' title="bbox 160 5403 1825 5493">
     <span class='ocr_line' id='line_1_110' title="bbox 160 5403 1825 5493; baseline -0.007 -17"><span class='ocrx_word' id='word_1_819' title='bbox 160 5403 387 5493; x_wconf 56' lang='grc' dir='ltr'>’κρυον</span> <span class='ocrx_word' id='word_1_820' title='bbox 415 5435 432 5447; x_wconf 90' lang='grc'>⁶</span> <span class='ocrx_word' id='word_1_821' title='bbox 479 5416 579 5471; x_wconf 75' lang='grc' dir='ltr'><strong>καὶ</strong></span> <span class='ocrx_word' id='word_1_822' title='bbox 599 5414 734 5487; x_wconf 88' lang='grc' dir='ltr'>ὁμοῦ</span> <span class='ocrx_word' id='word_1_823' title='bbox 759 5417 872 5479; x_wconf 86' lang='grc' dir='ltr'>τοῖς</span> <span class='ocrx_word' id='word_1_824' title='bbox 904 5416 967 5468; x_wconf 83' lang='grc' dir='ltr'>ὲκ</span> <span class='ocrx_word' id='word_1_825' title='bbox 993 5415 1087 5470; x_wconf 87' lang='grc' dir='ltr'><strong>τοῦ</strong></span> <span class='ocrx_word' id='word_1_826' title='bbox 1122 5415 1314 5470; x_wconf 83' lang='grc' dir='ltr'>παθεῖν</span> <span class='ocrx_word' id='word_1_827' title='bbox 1342 5415 1618 5486; x_wconf 72' lang='grc' dir='ltr'>οἰχήσεται</span> <span class='ocrx_word' id='word_1_828' title='bbox 1649 5413 1825 5482; x_wconf 78' lang='grc' dir='ltr'>δείμα-</span> 
     </span>
    </p>
   </div>
   <div class='ocr_carea' id='block_1_111' title="bbox 1927 5403 3510 5493">
    <p class='ocr_par' dir='ltr' id='par_1_111' title="bbox 1934 5412 3510 5486">
     <span class='ocr_line' id='line_1_111' title="bbox 1934 5412 3510 5486; baseline -0.002 -18"><span class='ocrx_word' id='word_1_829' title='bbox 1934 5423 1989 5468; x_wconf 89' lang='lat' dir='ltr'><strong>et</strong></span> <span class='ocrx_word' id='word_1_830' title='bbox 2015 5413 2223 5468; x_wconf 86' lang='lat' dir='ltr'><strong>desinet</strong></span> <span class='ocrx_word' id='word_1_831' title='bbox 2257 5412 2539 5486; x_wconf 85' lang='lat' dir='ltr'><strong>lacryma,</strong></span> <span class='ocrx_word' id='word_1_832' title='bbox 2576 5423 2629 5470; x_wconf 90' lang='lat' dir='ltr'><strong>et</strong></span> <span class='ocrx_word' id='word_1_833' title='bbox 2683 5415 2843 5483; x_wconf 84' lang='lat' dir='ltr'><strong>simul</strong></span> <span class='ocrx_word' id='word_1_834' title='bbox 2900 5430 3020 5469; x_wconf 92' lang='lat' dir='ltr'><strong>cum</strong></span> <span class='ocrx_word' id='word_1_835' title='bbox 3070 5424 3213 5471; x_wconf 88' lang='lat' dir='ltr'><strong>metu</strong></span> <span class='ocrx_word' id='word_1_836' title='bbox 3274 5413 3510 5482; x_wconf 80' lang='lat' dir='ltr'><strong>patiendi</strong></span> 
     </span>
    </p>
   </div>
   <div class='ocr_carea' id='block_1_112' title="bbox 179 5494 1825 5580">
    <p class='ocr_par' dir='ltr' id='par_1_112' title="bbox 179 5494 1825 5580">
     <span class='ocr_line' id='line_1_112' title="bbox 179 5494 1825 5580; baseline -0.007 -14"><span class='ocrx_word' id='word_1_837' title='bbox 179 5529 283 5567; x_wconf 75' lang='grc' dir='ltr'><strong>σιν</strong></span> <span class='ocrx_word' id='word_1_838' title='bbox 326 5494 792 5580; x_wconf 73' lang='grc' dir='ltr'>ἐπικουροῦντος</span> <span class='ocrx_word' id='word_1_839' title='bbox 816 5504 950 5558; x_wconf 84' lang='grc' dir='ltr'>Θεοῦ</span> <span class='ocrx_word' id='word_1_840' title='bbox 973 5545 987 5569; x_wconf 94' lang='grc'><strong>,</strong></span> <span class='ocrx_word' id='word_1_841' title='bbox 1024 5507 1119 5559; x_wconf 77' lang='grc' dir='ltr'>καὶ</span> <span class='ocrx_word' id='word_1_842' title='bbox 1150 5506 1465 5577; x_wconf 81' lang='grc' dir='ltr'>παραδόξως</span> <span class='ocrx_word' id='word_1_843' title='bbox 1499 5504 1825 5575; x_wconf 80' lang='grc' dir='ltr'>ἀνῃρηκότος</span> 
     </span>
    </p>
   </div>
   <div class='ocr_carea' id='block_1_113' title="bbox 1927 5494 3509 5580">
    <p class='ocr_par' dir='ltr' id='par_1_113' title="bbox 1936 5502 3509 5577">
     <span class='ocr_line' id='line_1_113' title="bbox 1936 5502 3509 5577; baseline -0.001 -18"><span class='ocrx_word' id='word_1_844' title='bbox 1936 5504 2191 5568; x_wconf 79' lang='lat' dir='ltr'><strong>facesset,</strong></span> <span class='ocrx_word' id='word_1_845' title='bbox 2259 5506 2621 5573; x_wconf 84' lang='lat' dir='ltr'><strong>subveniente</strong></span> <span class='ocrx_word' id='word_1_846' title='bbox 2677 5505 2829 5577; x_wconf 83' lang='lat' dir='ltr'><strong>Deo,</strong></span> <span class='ocrx_word' id='word_1_847' title='bbox 2872 5515 2926 5559; x_wconf 90' lang='lat' dir='ltr'><strong>et</strong></span> <span class='ocrx_word' id='word_1_848' title='bbox 2973 5502 3364 5569; x_wconf 82' lang='lat' dir='ltr'><strong>admirabiliter</strong></span> <span class='ocrx_word' id='word_1_849' title='bbox 3411 5503 3509 5559; x_wconf 87' lang='lat' dir='ltr'><strong>bo-</strong></span> 
     </span>
    </p>
   </div>
   <div class='ocr_carea' id='block_1_114' title="bbox 176 5592 1825 5679">
    <p class='ocr_par' dir='ltr' id='par_1_114' title="bbox 176 5593 1825 5670">
     <span class='ocr_line' id='line_1_114' title="bbox 176 5593 1825 5670; baseline -0.01 -9"><span class='ocrx_word' id='word_1_850' title='bbox 176 5605 293 5670; x_wconf 74' lang='grc' dir='ltr'>τὰς</span> <span class='ocrx_word' id='word_1_851' title='bbox 331 5603 482 5659; x_wconf 81' lang='grc' dir='ltr'><strong>τῶν</strong></span> <span class='ocrx_word' id='word_1_852' title='bbox 514 5599 796 5670; x_wconf 84' lang='grc' dir='ltr'>πολεμίων</span> <span class='ocrx_word' id='word_1_853' title='bbox 828 5597 1112 5667; x_wconf 79' lang='grc' dir='ltr'>φάλαγγας</span> <span class='ocrx_word' id='word_1_854' title='bbox 1133 5637 1146 5662; x_wconf 95' lang='grc'><strong>,</strong></span> <span class='ocrx_word' id='word_1_855' title='bbox 1178 5598 1270 5650; x_wconf 73' lang='grc' dir='ltr'><strong>καὶ</strong></span> <span class='ocrx_word' id='word_1_856' title='bbox 1296 5597 1521 5665; x_wconf 79' lang='grc' dir='ltr'>προσέτι</span> <span class='ocrx_word' id='word_1_857' title='bbox 1551 5594 1643 5647; x_wconf 82' lang='grc' dir='ltr'>τὸν</span> <span class='ocrx_word' id='word_1_858' title='bbox 1677 5593 1825 5664; x_wconf 77' lang='grc' dir='ltr'>ἡγού-</span> 
     </span>
    </p>
   </div>
   <div class='ocr_carea' id='block_1_115' title="bbox 1927 5592 3507 5679">
    <p class='ocr_par' dir='ltr' id='par_1_115' title="bbox 1934 5592 3507 5679">
     <span class='ocr_line' id='line_1_115' title="bbox 1934 5592 3507 5679; baseline -0.001 -31"><span class='ocrx_word' id='word_1_859' title='bbox 1934 5592 2107 5648; x_wconf 87' lang='lat' dir='ltr'><strong>stilem</strong></span> <span class='ocrx_word' id='word_1_860' title='bbox 2144 5593 2313 5650; x_wconf 89' lang='lat' dir='ltr'><strong>aciem</strong></span> <span class='ocrx_word' id='word_1_861' title='bbox 2353 5595 2636 5661; x_wconf 78' lang='lat' dir='ltr'><strong>fundente,</strong></span> <span class='ocrx_word' id='word_1_862' title='bbox 2670 5603 2726 5650; x_wconf 85' lang='lat' dir='ltr'><strong>et</strong></span> <span class='ocrx_word' id='word_1_863' title='bbox 2773 5595 2962 5651; x_wconf 88' lang='lat' dir='ltr'><strong>ducem</strong></span> <span class='ocrx_word' id='word_1_864' title='bbox 2991 5594 3216 5667; x_wconf 78' lang='lat' dir='ltr'><strong>insuper</strong></span> <span class='ocrx_word' id='word_1_865' title='bbox 3238 5609 3302 5679; x_wconf 56' lang='lat' dir='ltr'><strong>ea</strong></span> <span class='ocrx_word' id='word_1_866' title='bbox 3362 5604 3507 5650; x_wconf 85' lang='lat' dir='ltr'><strong>terra</strong></span> 
     </span>
    </p>
   </div>
   <div class='ocr_carea' id='block_1_116' title="bbox 1856 4470 1904 4527">
    <p class='ocr_par' dir='ltr' id='par_1_116' title="bbox 1856 4470 1904 4527">
     <span class='ocr_line' id='line_1_116' title="bbox 1856 4470 1904 4527; baseline 0 0"><span class='ocrx_word' id='word_1_867' title='bbox 1856 4470 1904 4527; x_wconf 92' lang='lat' dir='ltr'><strong>D</strong></span> 
     </span>
    </p>
   </div>
   <div class='ocr_carea' id='block_1_117' title="bbox 1220 5748 1797 5814">
    <p class='ocr_par' dir='ltr' id='par_1_117' title="bbox 1220 5748 1797 5814">
     <span class='ocr_line' id='line_1_117' title="bbox 1220 5748 1797 5814; baseline -0.002 -9"><span class='ocrx_word' id='word_1_868' title='bbox 1220 5755 1283 5787; x_wconf 68' lang='grc'><strong>³¹⁵</strong></span> <span class='ocrx_word' id='word_1_869' title='bbox 1323 5750 1425 5808; x_wconf 85' lang='lat' dir='ltr'><strong>lsa.</strong></span> <span class='ocrx_word' id='word_1_870' title='bbox 1465 5764 1668 5814; x_wconf 74' lang='lat' dir='ltr'><strong>xxxv&quot;,</strong></span> <span class='ocrx_word' id='word_1_871' title='bbox 1707 5748 1797 5804; x_wconf 69' lang='lat'><strong>29.</strong></span> 
     </span>
    </p>
   </div>
   <div class='ocr_carea' id='block_1_118' title="bbox 262 5755 1140 5834">
    <p class='ocr_par' dir='ltr' id='par_1_118' title="bbox 262 5755 1140 5834">
     <span class='ocr_line' id='line_1_118' title="bbox 262 5755 1140 5834; baseline -0.014 -11"><span class='ocrx_word' id='word_1_872' title='bbox 262 5769 321 5801; x_wconf 72' lang='grc' dir='ltr'><strong>δ’</strong></span> <span class='ocrx_word' id='word_1_873' title='bbox 365 5762 553 5834; x_wconf 80' lang='lat' dir='ltr'><strong>Sept.</strong></span> <span class='ocrx_word' id='word_1_874' title='bbox 588 5759 858 5832; x_wconf 56' lang='lat' dir='ltr'><strong>market</strong></span> <span class='ocrx_word' id='word_1_875' title='bbox 890 5757 943 5814; x_wconf 91' lang='lat' dir='ltr'><strong>in</strong></span> <span class='ocrx_word' id='word_1_876' title='bbox 979 5755 1140 5816; x_wconf 80' lang='lat' dir='ltr'><strong>Hebr.</strong></span> 
     </span>
    </p>
   </div>
  </div>
