4166 6296
647 450 754 509 ιτδ

1639 439 1696 495 s.
1737 414 2014 500 cvntLLt
2057 432 2522 491 ALEXANDRINI
2562 414 2879 489 answer.

3811 410 3918 470 δτιιῖ

652 569 883 627 Judsics
922 566 1277 638 proﬂigante.
1330 562 1445 617 lloe
1472 563 1635 616 etiam
1665 561 1859 615 beatus
1916 556 2082 615 David
2137 557 2225 611 in-
2257 618 2258 625 γ

2361 573 2493 611 ιενον
2537 554 2888 620 ἐξελάσαντος
2929 549 3027 619 τῆς
3072 542 3339 598 Ἰουδαίων
3369 536 3491 611 γῆς.
3543 539 3716 595 Τοῦτο
3753 537 3847 591 καὶ
3888 540 3919 592 6

659 672 1008 732 lerpretatur,
1033 659 1219 713 dicens
1246 671 1263 710 :
1292 675 1310 706 ι
1344 654 1567 724 Vesperi
1599 651 2023 707 commorabitur
2046 651 2227 714 ﬂetus,

650 763 708 808 et
743 764 902 806 mane
924 749 1220 804 exsultatio
1254 749 1320 802 ”.
1360 767 1379 800 ι
1416 745 1522 801 Sed
1550 746 1686 812 haec,
1713 744 1912 813 inquit,
1940 758 2084 810 sors,
2118 743 2233 798 hinc

652 857 778 908 pars
812 854 998 896 eorum
1029 839 1120 913 qui
1157 838 1379 909 praedati
1421 847 1549 895 sunt
1599 851 1721 901 vos,
1768 845 1823 891 et
1876 835 2024 889 velut
2071 848 2231 889 suum

656 933 1046 1001 patrimonium
1071 932 1436 1005 diripuerunt.
1488 929 1760 986 Convellit
1818 928 1908 983 hic
1951 926 2233 992 Israelem,

653 1025 798 1093 quod
844 1038 908 1079 ea
949 1020 1356 1093 designaverint
1405 1022 1528 1090 ipsi,
1563 1021 1704 1076 unde
1749 1035 1850 1091 par
1874 1029 1993 1075 erat
2019 1030 2234 1090 gentem

657 1123 829 1168 totam
858 1113 1122 1168 radicitus
1153 1111 1342 1167 deleri.
1380 1110 1808 1165 Commiseratur
1865 1123 2054 1164 rursus
2096 1108 2237 1178 ipse,

655 1215 711 1259 et
745 1215 919 1260 morte
965 1205 1190 1258 tnnlctat
1227 1218 1322 1258 eos
1361 1203 1452 1273 qui
1481 1202 1735 1272 populum
1767 1200 1871 1256 sibi
1906 1201 2237 1256 destinatum

658 1298 1041 1367 diripuerant:
1082 1317 1101 1349 ι
1136 1297 1330 1351 Divisit
1380 1296 1526 1350 enim
1557 1335 1573 1361 ,
1638 1294 1868 1364 inquit,
1927 1293 2240 1349 Altissimus

662 1395 875 1458 gentes,
918 1385 1175 1455 dispersit
1216 1384 1356 1439 tilios
1384 1383 1557 1438 Adam
1587 1424 1602 1448 ,
1652 1383 1936 1438 constituit
1969 1383 2236 1436 terminos

663 1478 902 1546 gentium
923 1476 1076 1544 juxta
1116 1491 1399 1531 numerum
1438 1474 1752 1545 angelorum
1788 1473 1904 1530 Dei.
1957 1473 2023 1533 Et
2064 1473 2240 1528 factus

664 1577 749 1622 est
782 1567 959 1637 portio
1010 1566 1224 1621 Domini
1277 1566 1508 1636 populus
1563 1563 1681 1633 ejus
1728 1563 1919 1629 Iacob,
1973 1563 2243 1619 funiculus

666 1658 998 1714 haereditatis
1014 1657 1129 1728 ejus
1157 1657 1324 1713 lsrael
1340 1656 1429 1712 "2
1444 1675 1462 1708 ι
1485 1657 1751 1713 Cteternm
1775 1656 1886 1712 hoc
1908 1655 2041 1713 mihi
2067 1654 2244 1709 adhuc

668 1749 1038 1820 contemplare
1081 1749 1426 1804 articttlatius
1478 1757 1532 1804 et
1584 1746 1860 1812 subtilius,
1896 1757 1951 1802 et
2003 1746 2165 1801 veluti
2214 1761 2245 1799 a

669 1841 831 1896 rebus
860 1841 1026 1911 gestis
1063 1840 1351 1906 historice,
1372 1840 1440 1893 ad
1476 1838 1774 1909 penitiores
1806 1837 2076 1893 descende
2116 1850 2247 1891 sen-

2337 651 2602 722 μακάριος
2654 645 2817 700 Δαϐὶδ
2878 640 3156 711 ἐξηγεῖται
3210 637 3419 705 λέγων·
3480 652 3499 685 ι
3557 631 3643 685 Τδ
3679 631 3920 702 ἑσπέρας

2335 738 2720 810 αύλισθήσεται
2756 731 3054 802 κλαυθμὸς,
3085 728 3181 783 καὶ
3209 730 3289 791 εἰς
3314 724 3462 796 πρωῒ
3511 723 3858 793 ἀγαλλίασις.
3896 742 3915 775 ι

2349 832 2487 887 Ἀλλ’
2524 824 2699 894 οὗτος,
2742 827 2928 898 φησὶν,
2972 826 3001 878 6
3028 821 3264 893 κλῆρος⁹
3298 818 3437 889 αῦτη
3481 817 3539 871 δὲ
3570 818 3731 888 καὶὴ
3766 816 3924 887 μερὶς

2336 925 2445 978 τῶν
2499 924 2643 992 ὑμᾶς
2693 916 3185 991 προνομευσάντων
3237 912 3332 966 καὶ
3384 907 3798 981 διαρπαζόντων
3849 907 3926 968 ὼς

2339 1016 2469 1071 ἴδιον
2500 1014 2722 1085 κλῆρον.
2762 1006 3128 1071 Κατονειδίζει
3171 1004 3261 1060 διὰ
3303 1000 3510 1056 τούτων
3552 1001 3682 1085 τοὺς
3726 997 3788 1063 ἐξ
3825 998 3927 1050 Ἱσ-

2341 1106 2498 1180 ραὴλ,
2539 1083 2623 1159 ὅτι
2668 1101 2985 1175 πεπράκασι
3026 1100 3124 1169 μέν
3167 1096 3322 1150 αὐτοὶ
3356 1093 3426 1147 τὰ
3455 1092 3524 1146 δι’
3553 1083 3634 1148 ὧν,
3676 1085 3747 1180 ᾖν
3778 1087 3925 1152 είκδς

2339 1177 2617 1269 όλόρριζον
2647 1189 2942 1247 ἀπολέσθαι
2968 1188 3031 1242 τὸ
3057 1187 3230 1249 ἔθνος,
3278 1181 3644 1251 κατοικτείρει
3672 1179 3730 1231 δὲ
3764 1177 3925 1231 πάλιν

2341 1288 2524 1351 αὐτὸς,
2574 1286 2669 1341 καὶ
2708 1283 2923 1353 θανάτῳ
2974 1279 3190 1343 κολάζει
3226 1278 3353 1340 τοὺς
3397 1271 3802 1345 διαρπάζοντας
3832 1269 3925 1322 τὸν

2342 1378 2716 1452 ἐκνεμηθὲντα
2741 1376 2867 1430 λαὸν
2894 1372 3066 1443 αὐτῷ.
3090 1372 3251 1429 «Ὅτε
3285 1368 3414 1439 γὰρ,
3448 1365 3603 1438 (ρησὶ,
3620 1358 3928 1434 διεμέριζεν

2342 1476 2372 1527 6
2394 1471 2655 1542 ’Ὑψιστος
2682 1468 2833 1537 ἔθνη,
2858 1466 2934 1531 ὡς
2960 1465 3264 1534 διέσπειρεν
3288 1459 3439 1522 υἱοὺς
3480 1456 3671 1526 ’Δδὰμ,
3703 1452 3929 1522 ἔστησεν

2345 1567 2470 1638 ὅρια
2511 1562 2679 1619 ἐθνῶν
2713 1560 2853 1617 κατά
2900 1557 3134 1632 ἀριθμὸν
3167 1552 3416 1622 ἀγγέλων
3449 1548 3586 1603 Θεοῦ
3610 1565 3625 1578 ·
3676 1545 3771 1638 καί
3809 1546 3931 1612 ἐγε-

2345 1635 2484 1725 νηθη
2523 1651 2681 1723 μερὶς
2726 1649 2934 1719 Κυρίου
3007 1645 3136 1708 λαὸς
3179 1641 3345 1697 αὑτοῦ
3381 1638 3596 1703 Ἰακὼϐ,
3643 1635 3935 1708 σχοίνισμα

2348 1744 2713 1820 κληρονομίας
2754 1741 2919 1797 αὐτοῦ
2960 1738 3194 1811 Ἰσραήλ.
3237 1756 3257 1789 ι
3299 1733 3461 1789 Ἀλλά
3500 1750 3590 1804 μοι
3625 1730 3763 1820 πρδς
3806 1727 3933 1782 τού-

2349 1819 2467 1901 τοις
2490 1837 2710 1890 κάκεῖνο
2736 1832 2894 1904 ἄθρει
2918 1829 3151 1892 λεπτῶς,
3200 1827 3294 1882 καὶ
3319 1824 3393 1889 ὡς
3423 1822 3532 1878 ἀπό
3558 1838 3621 1888 γε
3653 1819 3763 1873 τῶν
3793 1820 3938 1872 ἱστοο

670 1909 888 1985 tentias.
914 1928 1048 1984 Cum
1081 1928 1261 1999 impia:
1290 1938 1345 1984 et
1378 1929 1704 1983 adversariae
1725 1936 2046 1997 potestates,
2085 1941 2241 2001 aquae

2361 1926 2518 2005 ρικῶς
2571 1925 2875 1995 γεγονότων
2925 1924 3004 1986 εἰς
3035 1919 3253 1982 ἐννοίας,
3293 1916 3456 1988 ἔρχου
3514 1913 3615 1977 τὰς
3653 1910 3967 1965 ἐσωτάτω.’

671 2022 922 2076 violentae
977 2020 1148 2075 instar
1198 2022 1252 2075 in
1302 2030 1542 2075 nostram
1586 2020 1825 2075 animam
1880 2017 2106 2085 effusa),
2163 2017 2246 2072 vel

668 2114 913 2170 externis
944 2114 1264 2169 invadentes
1305 2112 1733 2177 tentationibus,
1784 2111 1869 2167 vel
1919 2112 2097 2167 insitis
2130 2123 2249 2162 mo-

673 2206 817 2262 tibus
843 2207 1059 2273 carnis,
1116 2214 1350 2261 mentem
1403 2207 1540 2261 bene
1601 2205 1952 2260 constitutam
2003 2202 2252 2260 obsidere

671 2299 1060 2369 aggrediuntur
1089 2314 1103 2349 :
1131 2312 1198 2353 ne
1229 2297 1283 2352 in
1310 2311 1560 2352 enervem
1585 2296 1926 2353 timiditatem
1962 2293 2213 2349 delabere
2231 2331 2250 2358 ,

672 2387 836 2458 272
864 2387 1108 2456 quisquis
1154 2385 1386 2456 palmam
1432 2400 1497 2440 ac
1552 2386 1755 2456 primas
1795 2384 1957 2448 ferre,
2021 2382 2131 2437 Deo
2165 2382 2255 2450 ju-

673 2488 855 2542 vante,
882 2478 1112 2547 cogitas;
1131 2476 1227 2532 sed
1256 2476 1329 2530 illi
1354 2474 1788 2546 potiusinnisns,
1823 2487 2040 2529 omnem
2072 2482 2251 2528 terro-

676 2583 791 2623 rem
824 2568 1197 2638 essuperabis.
1230 2567 1382 2634 Quod
1407 2567 1552 2621 enim
1586 2566 1791 2622 auxilio
1812 2566 1956 2620 illius
1987 2564 2256 2639 potiturns

677 2661 770 2727 sit,
809 2659 1061 2714 dubitare
1100 2660 1190 2731 qui
1233 2657 1413 2713 licet?
1443 2657 1601 2712 Novit
1647 2658 1792 2710 enim
1820 2657 2079 2711 Dominus
2134 2655 2256 2725 pios

679 2752 893 2820 eripere
928 2764 996 2805 es
1049 2750 1367 2815 tentatione,
1415 2759 1467 2813 et
1526 2749 1719 2804 beatus
1766 2746 1966 2802 Paulus
2023 2745 2256 2801 scribit:

691 2860 713 2895 ι
747 2841 954 2897 Potens
988 2850 1073 2896 est
1123 2840 1285 2905 Deus,
1340 2848 1400 2895 ut
1441 2855 1548 2895 non
1590 2839 1874 2909 permittat
1918 2852 2013 2892 vos
2062 2836 2262 2893 tentari

683 2930 825 2986 ultra
878 2930 1020 3000 quod
1063 2930 1293 3000 potestis
1321 2971 1338 2998 ,
1387 2928 1484 2986 sed
1533 2927 1736 2985 emciet
1790 2944 1913 2983 cum
1968 2930 2263 2990 tentatloue

682 3023 912 3089 exitum,
943 3032 1002 3077 ttt
1034 3021 1304 3077 sustinere
1332 3035 1429 3077 vos
1471 3020 1683 3093 queatis
1706 3018 1770 3073 “.
1805 3038 1823 3070 ι
1857 3018 1925 3073 Ει
1961 3030 2018 3073 ut
2057 3019 2264 3073 Psaltes

685 3116 763 3171 sit
793 3132 808 3170 :
840 3133 861 3165 ι
900 3113 1395 3171 Castramelabilur
1427 3110 1653 3183 angelus
1689 3110 1904 3166 Domini
1947 3111 2003 3166 in
2031 3110 2262 3165 circuitu

683 3207 989 3264 timentium
1020 3221 1169 3274 eum,
1192 3214 1247 3260 et
1292 3204 1490 3274 eripiet
1524 3218 1620 3258 eos
1649 3202 1718 3260 “.
1756 3221 1774 3254 ι
1830 3202 2058 3275 Quando
2096 3203 2264 3257 etiam

687 3301 872 3370 lgnari-
896 3314 1176 3355 sacrorum
1202 3295 1780 3368 dogmatumltmretici
1825 3310 1921 3349 sua
1954 3292 2082 3348 freti
2132 3307 2265 3348 con-

690 3390 925 3444 tumacia
956 3389 1244 3460 insurgunt
1277 3396 1465 3442 contra
1499 3387 1748 3441 veritatis
1793 3384 2050 3450 cultores,
2082 3398 2268 3439 acres-

688 3496 794 3557 que
813 3490 866 3536 et
893 3480 1128 3543 audaces
1159 3478 1503 3545 adoriuntur,
1556 3477 1639 3531 vel
1670 3475 1810 3534 bella
1850 3476 2165 3539 excitando,
2215 3483 2272 3532 et

691 3573 1126 3646 persecutiones,
1166 3572 1253 3627 vel
1289 3570 1611 3627 amictioncs
1655 3569 1789 3640 ipsis
1845 3568 2265 3637 accumulando,

692 3672 749 3721 et
780 3665 971 3734 mortis
997 3673 1226 3730 metum,
1259 3662 1614 3719 nihilominus
1642 3661 2079 3721 debilitabuntur
2098 3660 2267 3715 etiam

693 3755 752 3812 hi
789 3772 805 3810 :
844 3769 1007 3811 manu
1032 3755 1178 3811 enim
1222 3764 1439 3811 secreta
1462 3754 1660 3809 bellum
1688 3753 1830 3824 gerit
1890 3752 2148 3807 Dominus
2172 3753 2272 3807 ad-

689 3861 885 3903 versus
910 3845 1151 3912 Amalec,
1182 3846 1236 3901 in
1265 3858 1454 3903 omnes
1486 3851 1693 3909 anates,
1729 3843 1867 3898 sicut
1882 3842 2143 3913 scriptum
2165 3849 2267 3897 est.

2355 2001 2524 2073 Ὅταν
2557 2019 2707 2089 ἡμᾶς
2742 2018 2800 2069 αί
2840 2012 3083 2086 πονηραί
3113 2028 3175 2064 τε
3222 2009 3319 2064 καὶ
3364 2005 3740 2074 ἀντικείμεναι
3779 2001 3940 2057 δυνά-

2362 2129 2505 2184 μεις,
2537 2090 2728 2172 ὕδατος
2775 2105 2950 2177 βιαίου
2983 2104 3139 2173 δίκην
3165 2098 3568 2169 καταχεόμεναι
3603 2093 3702 2164 τῆς
3734 2090 3945 2162 ψυχῆς,

2352 2204 2388 2273 ἢ
2419 2204 2532 2266 τοῖς
2564 2200 2763 2266 ἔξωθεν
2801 2196 3132 2267 πειρασμοῖς
3172 2190 3560 2263 ἐμϐάλλουσαι,
3608 2185 3779 2255 ἤγουν
3827 2184 3943 2249 τοῖς

2355 2292 2618 2365 ἐμφύτοις
2638 2291 2903 2360 κινήμασι
2924 2285 3023 2356 τῆς
3044 2282 3266 2355 σαρκὸς,
3291 2279 3673 2349 ἐκπολιορκεῖν
3693 2273 3946 2343 ἐπείγον-

2355 2402 2447 2439 ται
2470 2384 2564 2437 τὺν
2592 2378 2928 2452 εὐσεϐηκότα
2954 2374 3079 2432 νοῦν
3103 2391 3116 2404 °
3157 2373 3233 2445 μὴ
3254 2374 3333 2436 είς
3352 2371 3563 2441 ἀδρανῆ
3595 2365 3798 2420 δειλίαν
3846 2380 3947 2417 κα-

2357 2473 2671 2535 ταπιπτέτω
2700 2488 2784 2535 τις
2803 2470 2912 2522 τῶν
2932 2464 3237 2539 ἀριστεύειν
3259 2461 3477 2518 εἰδότων
3509 2456 3647 2530 μετά
3671 2453 3833 2519 Θεοῦ,
3851 2453 3941 2506 ἐτέ

2359 2565 2511 2639 αὐτῷ
2555 2563 2615 2617 δέ
2673 2561 2873 2633 μᾶλλον
2931 2557 3297 2629 ποιησάμενος
3334 2551 3434 2623 τὴν
3472 2547 3685 2611 ἐλπίδα,
3714 2545 3951 2639 ῌπαντδς

2361 2636 2789 2727 ἕστωίκρείττων
2816 2650 3088 2721 δείματος.
3122 2645 3386 2709 Τεύξεται
3412 2640 3520 2714 γὰρ
3549 2642 3631 2695 ὅτι
3675 2636 3780 2706 τῆς
3823 2637 3951 2727 ἑπι-

2361 2720 2586 2818 κουρίας
2633 2744 2786 2816 παρὰ
2837 2740 3027 2807 αὐτοῦ,
3052 2738 3169 2803 πῶς
3207 2737 3356 2791 ἐστιν
3409 2729 3774 2805 ἀμφιϐαλεῖνς
3824 2720 3955 2781 Οἵδε

2362 2842 2470 2913 γὰρ
2501 2838 2707 2909 Κύριος
2751 2835 2999 2898 εὐσεϐεῖς
3044 2834 3110 2886 ἐκ
3161 2827 3472 2901 πειρασμοῦ
3513 2818 3955 2913 “moenium—6

2367 2910 2638 3007 μακάριος
2668 2929 2724 2983 δὲ
2758 2928 2961 2999 γράφει
3000 2924 3241 2988 Παῦλος-
3283 2940 3303 2972 ι
3359 2916 3593 2980 Δυνατὸς
3623 2916 3652 2968 6
3695 2912 3869 3007 Θεὸς...

2364 3000 2466 3076 οὐκ
2512 3000 2663 3076 ἐάσει
2698 3021 2843 3091 ὑμᾶς
2877 3015 3205 3087 πειραθῆναι
3259 3011 3400 3083 ὑπὲρ
3446 3008 3481 3063 ἃ
3522 3003 3786 3068 δύνασθε,
3818 3000 3959 3091 ἀλλὰ

2367 3113 2583 3183 ποιήσει
2616 3111 2713 3165 σὺν
2740 3108 2820 3179 τῷ
2853 3104 3145 3180 πειρασμῷ
3193 3103 3288 3159 καὶ
3329 3101 3428 3172 τὴν
3462 3097 3687 3155 ἑκϐασιν
3731 3092 3828 3147 τοῦ
3857 3090 3954 3144 δύ-

2368 3204 2565 3257 νασθαι
2622 3202 2962 3269 ὑπενεγκεῖν,
3022 3216 3040 3249 ›
3104 3197 3216 3251 Καὶ
3268 3194 3343 3258 ὡς
3395 3194 3424 3246 6
3471 3187 3698 3260 Ψάλτης
3751 3183 3955 3256 φησιν’

2374 3315 2394 3348 ι
2435 3293 2786 3367 Παρεμϐαλεῖ
2813 3290 3043 3361 ἄγγελος
3075 3287 3281 3358 Κυρίου
3317 3280 3634 3353 κύκλιμτῶν
3668 3273 3955 3367 ,φοϐουμέῖ

2375 3402 2481 3440 νων
2518 3384 2702 3447 αὐτὸν,
2739 3382 2832 3436 καὶ
2865 3380 3087 3453 ῥύσεται
3132 3374 3350 3438 αὐτούς.
3399 3392 3418 3425 ο
3455 3371 3625 3424 Ὅταν
3658 3366 3715 3421 δὲ
3762 3364 3858 3416 καὶ
3903 3360 3957 3419 οί

2375 3475 2486 3530 τῶν
2550 3473 2709 3546 ἱερῶν
2760 3471 3046 3542 δογμάτων
3092 3466 3456 3538 ἐπιστήμονες
3501 3454 3787 3531 αἱρετικοὶ,
3835 3453 3958 3546 ταῖς

2376 3541 2986 3635 ἑαυτῶν-δυστρόπίαις
3039 3557 3310 3632 χρώμενοι
3369 3551 3795 3618 κατεπαίρονται
3848 3541 3960 3635 τῶν

2374 3660 2476 3729 τῆς
2503 3656 2761 3729 ἀληθείας
2775 3633 3196 3728 ήπροσκυνητῶν,
3230 3647 3553 3718 ἐπέρχονται
3580 3641 3639 3696 δέ
3669 3636 3836 3729 δεινοὶ
3860 3633 3961 3729 καὶ

2378 3724 2619 3822 θρασεῖς,
2665 3749 2702 3819 ἢ
2753 3724 3024 3819 πολέμους
3071 3740 3389 3806 ἀνιστάντες
3438 3735 3534 3790 καλ⁸
3581 3728 3878 3822 διωγμοὺς,
3924 3724 3969 3799 ἦ

2380 3820 2585 3912 θλίψεις
2631 3841 2835 3902 αὐτοῖς,
2884 3837 2978 3892 καὶ
3015 3833 3245 3889 θανάτου
3279 3829 3442 3901 φόϐον
3491 3820 3959 3912 ἐπισωρεύοντεςὲ

690 3943 847 4000 οὐδὲν
876 3938 1039 4016 ἦττον
1085 3909 1445 4012 ἀσθενήσουσι
1500 3938 1594 3993 καὶ
1657 3933 1838 3999 οἶκτοι·
1881 3909 2027 4011 χειρὶ
2053 3936 2163 4013 γὰρ
2205 3937 2450 4011 κρυφαία
2479 3909 2716 4010 ’πολεμεῖ
2784 3931 2987 4003 Κύριος
3033 3929 3125 3985 ἐπὶ
3179 3924 3427 3996 Ἀμαλὴκ
3488 3918 3595 3975 ἀπὸ
3631 3913 3840 3987 γενεῶν
3880 3909 3966 3976 εἰς

691 4037 908 4111 γενεὰς,
938 4034 1083 4096 καθὰ
1107 4035 1439 4111 γέγραπται.

764 4130 897 4186 CAP.
959 4142 1116 4182 xvttt.
1167 4124 1337 4181 Vens.
1370 4127 1425 4194 1,
1480 4126 1538 4183 2.
1569 4126 1657 4182 Va:
1705 4136 1861 4181 terra:
1895 4126 2114 4183 narium
2171 4124 2275 4182 alis

694 4227 839 4283 ultra
880 4222 1104 4287 ﬂumina
1156 4218 1449 4288 zEthiopiaz
1474 4219 1496 4271 !
1524 4217 1629 4285 Qui
1661 4217 1823 4272 mittit
1868 4217 1921 4269 in
1951 4217 2087 4270 mari
2133 4216 2275 4270 obsi-

696 4316 826 4376 des.
878 4324 926 4367 et
988 4310 1235 4381 epistolas
1287 4311 1594 4364 chartaceas
1661 4325 1819 4377 super
1875 4324 2067 4378 aquas.
2115 4305 2278 4362 Ibunt

699 4403 839 4460 enim
863 4402 1035 4457 nuntii
1056 4403 1189 4457 leves
1212 4400 1280 4454 ad
1303 4408 1506 4471 gentem
1540 4399 1834 4463 excelsam,
1863 4408 1913 4453 el
1941 4398 2274 4468 peregrinum

2448 4115 2592 4171 Οὐαὶ
2619 4112 2734 4185 τῆς
2761 4111 2987 4169 πλοίων
3027 4107 3317 4176 πτέρυγες
3364 4104 3648 4158 ἐπέκεινα
3678 4098 3970 4168 ποταμῶν

2365 4207 2706 4274 Αἰθιοπίας]
2734 4208 2767 4260 ό
2795 4201 3191 4258 ἀποστέλλων
3216 4199 3287 4253 ἐν
3314 4194 3599 4262 θαλάσσῃ
3629 4193 3845 4262 ὅμηρα,
3864 4192 3970 4245 καὶ

2375 4298 2704 4365 ἐπιστολὰς
2742 4296 3027 4362 ,βιϐλίνας
3070 4290 3273 4345 ἐπάνω
3312 4287 3425 4343 τοῦ,
3464 4284 3706 4351 ὕδατος.
3745 4283 3974 4351 Πορεύ.

2377 4409 2587 4449 vortat
2618 4391 2725 4460 γὰρ
2776 4389 3020 4459 ἄγγελοι
3057 4382 3272 4452 κοῦφοι
3326 4378 3479 4448 πρὸς
3520 4377 3698 4444 ἔθνος
3743 4374 3974 4446 μετέω-

697 4492 950 4564 papulum
971 4503 1018 4548 et
1045 4493 1260 4548 durum.
1288 4466 1420 4557 duis
1438 4490 1578 4543 ultra
1603 4491 1757 4544 illum
1781 4491 1806 4543 ?
1838 4488 1979 4544 Gens
1994 4466 2258 4559 desperati

2369 4503 2506 4554 ρον,
2557 4482 2654 4537 καὶ
2693 4479 2873 4545 ξένον
2919 4476 3095 4540 λαὸν,
3138 4473 3237 4528 καὶ
3291 4470 3583 4543 χαλεπόν.
3631 4467 3731 4533 Τίς
3776 4466 3974 4527 αὐτοῦ

701 4596 748 4641 et
776 4584 1111 4643 conculcata.

768 4761 954 4817 Mirari
987 4759 1110 4829 quis
1138 4756 1342 4829 poterit
1364 4757 1508 4832 apud
1538 4769 1629 4823 se,
1657 4765 1713 4809 et
1747 4754 2065 4811 ratiocinari
2092 4755 2276 4811 forsas

700 4864 755 4909 et
782 4854 968 4909 dicere
1001 4869 1016 4906 :
1048 4848 1218 4920 Cujus
1248 4849 1324 4907 rei
1348 4846 1682 4919 gratia,cum
1713 4845 1803 4900 ltic
1845 4854 2036 4900 contra
2089 4846 2282 4899 Dama-

701 4961 857 5001 scum
910 4959 1093 5001 sermo
1151 4942 1502 5015 propheticus
1534 4940 1720 5005 fuerit,
1748 4940 1914 4994 etiam
1957 4946 2117 4993 terra:
2164 4953 2284 5006 quae

701 5049 780 5095 est
803 5039 944 5094 ultra
966 5037 1158 5092 fluvios
1186 5035 1482 5104 Ethiopite
1513 5033 1839 5089 mentionem
1876 5031 2127 5086 inducit?
2180 5030 2271 5084 Di-

701 5135 882 5190 cimus
903 5131 1068 5205 igitur
1082 5130 1360 5185 lsraelitas
1383 5126 1568 5183 multis
1586 5141 1651 5182 ac
1671 5124 1900 5181 diversis
1918 5123 2277 5193 temporibus,

700 5227 1084 5282 universorum
1120 5228 1507 5278 conservatore
1535 5225 1593 5274 et
1621 5218 1732 5275 Deo
1785 5216 2007 5272 incaute
2060 5214 2271 5277 relicto,

703 5318 756 5372 in
797 5329 1039 5372 errorem
1068 5312 1305 5383 plurium
1336 5309 1559 5366 deorum
1583 5307 1864 5364 devolutos
1898 5315 2119 5372 esse,,et
2149 5316 2277 5357 cura

700 5411 954 5469 Iosaica‘.
1008 5404 1392 5479 praeceptionis
1444 5403 1499 5457 in
1547 5409 1721 5456 totum
1772 5400 1985 5471 abiecta
2022 5439 2036 5462 ,
2093 5412 2121 5450 a
2173 5395 2282 5449 Deo

703 5502 1023 5572 castigatos,
1047 5496 1190 5553 bello
1229 5494 1503 5551 multoties
1538 5491 1591 5546 in
1621 5504 1715 5545 eos
1739 5490 2037 5553 concitato,
2070 5495 2127 5539 et
2151 5483 2279 5537 hinc

705 5570 1109 5647 calamitatibus
1153 5585 1309 5657 quasi
1359 5579 1769 5653 colliquefactos
1835 5587 1890 5635 et
1929 5577 2166 5631 attritos.
2218 5570 2281 5627 Hi

707 5662 910 5741 autem,
935 5690 1060 5732 eum
1077 5675 1388 5732 debuissent
1409 5670 1747 5743 pmnitudine
1768 5682 1964 5724 sanare
1985 5666 2273 5728 oirensum,

2309 4560 2357 4619 Ι)
2380 4575 2658 4631 ἐπέκεινα
2674 4590 2703 4639 ;,
2739 4572 2957 4635 Ἕθνος
2984 4567 3358 4623 ἀνέλπιστον
3390 4561 3489 4616 καὶ
3542 4572 3974 4625 καταπεπατηο

2372 4665 2580 4739 WW-

2448 4752 2790 4826 Θαυμάσειεν
2819 4749 2883 4805 ἄν
2912 4766 3016 4814 τις,
3049 4747 3143 4801 καὶ
3169 4746 3234 4816 δὴ
3283 4742 3378 4798 καὶ
3406 4741 3529 4796 καθ’
3555 4738 3753 4794 ἐαυτὸν
3792 4739 3977 4793 ἐκεῖνο

2379 4847 2521 4917 τάχα
2559 4862 2664 4899 που
2713 4843 3082 4911 διαλογιεῖται,
3129 4838 3224 4893 καὶ
3275 4837 3424 4906 ἐρεῖ’
3472 4830 3580 4886 Τοῦ
3623 4830 3689 4903 δὴ
3742 4832 3903 4901 χάριν
3945 4833 3978 4885 6

2382 4934 2718 5012 προφητικδς
2743 4934 2876 5007 ἡμῖν
2907 4932 2966 4983 ἐν
2997 4928 3204 4991 τούτοις
3235 4926 3393 4994 λόγος
3457 4922 3651 4992 γέγονε
3686 4919 3792 4990 μὲν
3830 4918 3981 4972 κατᾶ

2381 5010 2482 5099 τῆς
2525 5023 2839 5097 Δαμασκοῦ,
2870 5021 3173 5095 εἰσκομίζει
3201 5017 3260 5071 δέ
3311 5016 3534 5089 μνήμην
3564 5013 3660 5068 καὶ
3692 5014 3807 5099 τῆς
3844 5010 3974 5079 γῆς,

2381 5095 2479 5187 τῆς
2523 5095 2779 5168 ἐπέκεινα
2828 5107 3091 5181 ποταμῶν,
3137 5105 3453 5169 Αἱθιοπίαςς
3512 5101 3699 5172 Φαμὲν
3746 5095 3843 5154 οὖν
3889 5099 3977 5150 ὅτι

2385 5206 2527 5261 κατά
2555 5205 2780 5278 καιροὺς
2819 5203 2868 5256 οἱ
2906 5201 2965 5270 ἐξ
3022 5197 3256 5270 Ἰσραὴλ,
3301 5196 3392 5249 τὸν
3421 5192 3530 5248 τῶν
3560 5192 3701 5247 ὅλων
3743 5189 3977 5259 σωτῆρα

2382 5300 2515 5353 Θεὸν
2564 5296 2882 5351 καταλιπεῖν
2925 5292 3251 5363 ἀφυλάκτως
3294 5284 3737 5359 μεμελετηκότες
3764 5324 3780 5346 ,
3833 5298 3975 5333 κατ-

2384 5389 2586 5464 ᾤχοντο
2630 5386 2729 5458 μὲν
2761 5387 2839 5449 εἰς
2878 5380 3137 5438 πολύθεον
3162 5378 3367 5447 πλάνην
3389 5393 3402 5407 ·
3439 5374 3886 5444 κατημεληκότες
3915 5371 3979 5424 δὲ

2497 5479 2639 5532 ἅπαν
2661 5476 2760 5546 τῆς
2780 5473 2867 5528 διά
2894 5472 3137 5534 Μωσέως
3159 5468 3399 5539 ἐντολῆς,
3443 5465 3794 5520 ἐπαιδεύοντο
3818 5461 3982 5532 παρὰ

2391 5572 2547 5636 Θεοῦ,
2584 5569 2853 5639 πολέμους
2882 5567 3064 5628 αὐτοῖς
3091 5559 3478 5639 ἐπανιστάντος
3523 5555 3669 5612 κατά
3719 5552 3980 5625 καιροὺς,

2388 5664 2480 5717 καὶ
2525 5663 2645 5724 ταῖς
2687 5657 2933 5712 ἐντεῦθεν
2975 5654 3373 5724 κατατήκοντος
3416 5648 3742 5719 συμφοραῖς.
3778 5644 3840 5697 Ol
3891 5643 3981 5708 δὲ,

776 5831 825 5871 ι’
858 5831 1001 5890 Ρεεῐ.
1031 5845 1182 5896 ms,
1210 5830 1261 5887 6.
1340 5830 1404 5863 “‘
1440 5828 1600 5881 Deut.
1635 5842 1804 5895 xsxn,
1836 5828 1889 5892 8,
1922 5827 1976 5881 9.
2047 5827 2090 5859 “
2120 5825 2140 5880 ἰ
2180 5827 2303 5883 Cor.
2341 5841 2398 5893 ι,
2437 5821 2520 5878 l3.
2596 5820 2640 5851 “
2674 5816 2815 5872 Psal.
2851 5829 3044 5879 xxxttt,
3074 5813 3128 5870 8".
