2079 3151
161 191 214 219 4ἇ7

731 190 763 217 IN
784 189 901 217 lSAlAM
922 190 987 218 L'B.
1011 191 1041 218 ll.
1064 190 1182 219 TOML’S
1202 191 1245 218 ιιι.

1744 195 1795 220 £38

160 249 249 275 καίτοι
264 247 322 275 δέον
340 249 398 280 ταῖς
415 248 602 282 μεταγνώσεσι
622 248 783 283 Θεραπεύειν
797 249 952 284 λελυπημε-

1006 255 1033 277 ct
1050 257 1128 277 a.sua
1144 250 1285 277 discedere
1312 251 1457 284 pravitate;
1483 254 1510 278 et
1524 251 1557 278 ad
1575 251 1600 278 id
1615 251 1686 286 quod
1711 252 1792 286 legis-

159 303 214 325 νον,
239 294 288 320 καὶ
316 294 465 328 ἀποφοιτᾷν
491 294 539 328 μὲν
565 294 614 328 τῆς
641 294 744 320 ἑαυτῶν
771 295 949 329 φαυλότητος,

158 339 375 374 ἀνακομίζεσθαι
394 340 421 366 δὲ
437 341 506 374 πρὸς
525 341 554 366 τὴ
572 340 610 375 τῷ
628 340 760 376 νομοθέτῃ
777 340 883 372 δοκοῦν,
905 342 952 368 καὶ

158 386 207 421 τὴν
222 386 288 421 παρ’
303 384 385 411 αὐτοῦ
406 385 485 420 διψῇν
514 385 674 420 ἐπικουρίαν
686 405 692 417 ,
707 385 756 416 τὰς
774 386 830 412 τῶν
845 387 952 421 ὁμόρων

157 429 243 457 ἐθνῶν
275 429 486 465 κστεμιτθοῦντο
523 430 693 464 συμπνοίας·
722 432 769 457 καὶ
803 432 868 457 ποτὲ
903 433 951 467 μὲν

158 476 308 511 προσίεσαν
329 477 385 507 τοῖς
408 478 457 512 τῆς
481 476 626 511 Δαμασκοῦ
651 476 809 511 βασιλεῦσι,
836 479 900 504 ποτὲ
924 478 952 504 δὲ

158 523 215 554 τοῖς
229 522 403 555 Αἰγυπτίων·
422 522 469 549 καὶ
484 523 545 557 οὐχ).
561 522 650 557 μόνον,
671 523 738 549 ἀλλὰ
761 523 815 558 γὰρ
838 524 884 550 καὶ
903 524 953 555 τὰς

158 567 214 594 τῶν
235 568 454 603 ἐπικουρούντων
473 569 564 600 αὐτοῖς
587 568 672 595 ἐθνῶν
693 569 819 604 λατρείας
848 569 951 604 μανθάυ

159 621 262 644 νον-τες,
272 613 318 640 καὶ
329 612 413 644 αὐτὰς
425 614 569 647 ἠπείγοντο
580 613 687 649 ζηλοῦν.
700 614 754 640 Καὶ
764 614 829 647 γοῦν
841 616 854 641 ὁ
865 615 953 650 ’Λχαζ

159 660 177 686 ὁ,
192 658 238 685 ’τοῦ
263 658 380 694 Ἰωάθαμ
399 659 526 693 βασιλεὺς
540 659 634 691 Ἰούδα,
650 660 794 694 γενόμενος
807 662 835 686 ἐν
851 662 883 695 τῇ
900 663 953 687 Δα-

162 704 272 740 μασκῷ,
298 702 356 731 εἶτα
390 704 582 740 θυσιαστήριον
610 705 820 740 ἀνατεθειμένον
849 706 951 741 εἰδώλῳ

159 749 326 785 τεθεαμένος
350 751 438 776 ἐκεῖσε
473 752 667 786 καινοπρεπῶς
697 753 886 787 εἰργασμένον,
923 754 952 779 τὸ

160 795 283 830 ἐμφερὲς
305 795 500 828 κατεσκεύασε,
520 797 565 823 καὶ
582 797 758 824 ἀνατέθεικεν
778 799 806 824 ὲν
830 798 869 833 τῷ
884 798 952 833 οἴκῳ

159 839 207 866 τοῦ
225 840 302 867 Θεοῦ.
319 840 547 876 Οὐκοῦνγέγονεν
563 844 579 877 ὴ
602 843 696 878 ὅρασις
710 843 780 869 κατὰ
795 844 950 878 Δαμασκοῦ.

168 886 234 913 Ἰδοὺ
255 885 320 922 γὰρ,
342 888 420 921 φησὶ,
435 888 581 922 Δαμασκὸς
593 888 748 923 ἀρθήσεται
764 889 818 915 ἀπὸ
836 890 950 921 πόλεων,

161 932 209 958 καὶ
221 932 272 958 οὐκ
286 931 360 958 ἔσται
382 931 422 958 ἔτι
439 932 526 968 ὀχυρὰ
550 933 597 959 τοῦ
621 936 788 968 καταφυγεῖν
823 936 953 970 Ἑφραῖμ.

167 977 250 1012 Ὁρᾷς
262 977 311 1012 τὴν
326 977 415 1004 αἰτίαν
430 979 650 1014 ἐπενηνεγμένην
666 980 756 1011 εὐθὺς.
781 981 827 1006 τοῦ
851 983 882 1007 ὲκ
907 982 955 1007 πό-

161 1021 230 1048 λεων
244 1022 410 1058 ἁρθήσεσθαι
425 1021 513 1059 λέγειν
527 1024 575 1059 τὴν
595 1026 756 1060 Δαμασκον;
782 1027 818 1052 Οὐ
838 1026 892 1061 γὰρ
915 1026 954 1052 ἔτι

161 1067 248 1100 lerat,
267 1069 359 1104 φησὶν,
381 1069 467 1101 οὕτως
490 1071 588 1107 ὀχυρὰ,
612 1071 682 1097 ὥετε
707 1072 752 1098 καὶ
773 1072 955 1107 προσφεύγειν

162 1114 230 1149 αὐτῇ
245 1115 292 1141 τὸν
310 1116 430 1150 Ἐφραῖμ
453 1117 480 1143 ἐν
503 1118 539 1152 τῇ
563 1117 706 1152 Σαμαρείᾳ
731 1117 953 1152 βεϐασιλευκότα.

161 1160 313 1197 Μεθίστησι
328 1163 415 1188 τοίνυν
429 1162 473 1188 τὸν
483 1162 561 1197 λόγον
571 1164 618 1189 ἐπὶ
629 1164 677 1198 τὴν
687 1164 852 1197 Αἰγυπτίων.
867 1165 954 1199 Προσ-

163 1206 237 1233 ίεσαν
256 1207 311 1243 γὰρ
330 1208 376 1234 καὶ
396 1209 487 1239 αὐτοῖς
503 1210 526 1235 οἰ
545 1209 575 1241 ἐξ
599 1210 719 1245 Ἰσραὴλ,
737 1210 856 1244 μάλιστα
877 1211 905 1237 δὲ
929 1212 953 1237 οἰ

162 1252 352 1284 κατοικοῦντες
363 1255 391 1279 ὲν
408 1256 463 1286 τοῖς
478 1255 684 1290 Ἰεροσολύμοις,
700 1257 745 1282 καὶ
762 1257 954 1291 μετεποιοῦντο

164 1298 268 1333 σφόδρα
282 1300 331 1333 τῆς
344 1301 410 1334 παρ’
424 1300 513 1326 αὐτῶν
531 1302 681 1337 συνδρομῆς
705 1303 752 1329 καὶ
780 1304 953 1339 ἐπικουρίας,

162 1345 295 1371 ἐπιόντων
311 1345 429 1379 μάλιστα
451 1347 505 1372 τῶν
524 1347 710 1375 Βαϐυλωνίων.
738 1350 794 1376 Καὶ
820 1350 886 1383 γοῦν
910 1351 954 1377 διὰ

163 1391 257 1424 (ξων-ῆς
272 1392 413 1426 προφήτου
429 1393 528 1428 φησίν-
549 1403 558 1418 ‹
572 1394 639 1420 Οὐαὶ
655 1396 678 1421 οἱ
691 1395 900 1428 καταϐαίνοντες
915 1398 954 1429 εἱς

163 1435 304 1468 Αἴγυπτον
334 1437 380 1464 ἐπὶ
406 1437 540 1472 βοήθειαν,
569 1440 591 1465 οἰ
617 1440 658 1474 ἐφ’
676 1441 768 1472 ἵπποις
788 1442 834 1468 καὶ
848 1442 953 1477 ἅρμασι

166 1481 338 1513 πεποιθότεςῑ
360 1492 368 1506 ι
383 1483 541 1519 Συμεέϐηκε
563 1485 590 1510 δέ
602 1494 628 1511 τι
650 1487 780 1512 τοιοῦτον.
796 1488 954 1523 Κατεστρα-

162 1528 259 1553 τεύετο
274 1528 322 1562 μὲν
340 1529 391 1563 γὰρ
407 1530 456 1564 τῆς
475 1531 603 1557 Ἰουδαίων
620 1532 671 1566 γῆς
691 1533 704 1558 ὁ
720 1532 953 1569 Ναϐουχοδονόσορ

162 1572 233 1599 κατὰ
256 1574 380 1608 καιρούς.
406 1574 447 1601 Ἐν
462 1575 490 1602 δὲ
506 1575 543 1609 τῷ
564 1577 757 1613 παρατρέχειν,
784 1578 903 1611 ἁπάσας,
916 1579 953 1610 ὡς

162 1619 228 1650 ἔπος
253 1621 350 1652 εἰπεῖν,
382 1620 431 1652 τὰς
460 1622 509 1656 τῆς
535 1621 606 1656 ἑῴας
644 1622 818 1657 κατεληῖζετο
848 1623 950 1654 πόλεις.

169 1662 278 1699 Ἐπειδὴ
296 1664 323 1690 δὲ
337 1665 386 1700 τὴν
398 1665 506 1701 Τυρίων
520 1666 588 1692 ἑλεῖν
609 1667 739 1702 ἠθέλησε,
768 1668 848 1702 νῆσον
869 1666 952 1695 οὖσαν

163 1709 193 1735 τὸ
205 1710 346 1744 τηνικάδε,
361 1709 419 1737 εἶτα
433 1711 486 1738 τῶν
501 1711 712 1744 διαϐιϐαζὸντων
733 1713 832 1740 πλοίων
845 1715 872 1740 ἐν
883 1715 952 1741 ἀπο-

164 1755 210 1790 ρίᾳ.
226 1755 332 1789 γέγονε,
345 1757 471 1792 Περσικῷ
483 1759 637 1793 φρονήματι
646 1760 824 1794 κεχρημένος,
839 1760 952 1796 ἐπιθαρ-

164 1801 250 1835 σήσας
267 1801 295 1827 δὲ
316 1802 355 1837 τῷ
376 1802 535 1839 πλήθειτῆς
549 1806 689 1840 στρατιᾶς,
715 1804 799 1840 βατὴν
826 1806 951 1833 ἐκέλευσε

162 1846 288 1880 γενέσθαι
312 1847 361 1882 τὴν
387 1847 534 1880 θάλασσαν,
555 1849 681 1884 χώματος
698 1851 882 1885 ἐγειρομένου,
906 1852 952 1878 καὶ

162 1892 300 1927 λεωφόρον
332 1893 417 1929 αὐτὴν
442 1895 572 1922 πλατεῖαν
600 1895 794 1928 ἁποτελοῦντος
817 1897 870 1923 ἀπὸ
902 1898 952 1933 τῆς

164 1938 261 1973 χέρσου
287 1939 383 1974 μέχρις
408 1940 494 1975 αὐτῆς
519 1941 569 1975 τῆς
583 1940 700 1976 Τυρίων.
720 1942 840 1974 Δεδιότες
862 1943 951 1970 τοίνυν

162 1985 240 2011 αὐτοὶ
259 1985 284 2011 οἰ
301 1985 405 2020 Τύριοι,
424 1986 460 2021 μὴ
483 1986 537 2020 ἄρα
561 1994 619 2018 πως
644 1988 660 2023 ἡ
686 1988 761 2019 πόλις
785 1989 852 2024 ἁλῷ,
884 1990 951 2024 πρὸς

163 2031 251 2066 πέρας
263 2031 450 2067 ὲνηνεγμένων
460 2034 515 2064 τοῖς
527 2032 705 2065 Βαὸυλωνίοις
717 2034 771 2060 τῶν
785 2036 896 2070 ἐγχειρη
901 2035 952 2070 μά-

162 2084 226 2107 των,
253 2077 318 2108 ναῦς
344 2078 512 2111 πανταχόθεν
540 2080 784 2115 συναγηγερκότες,
813 2082 951 2116 ἀπεκομί-

161 2121 239 2154 ζοντο
252 2122 302 2157 τῆς
317 2123 413 2164 νήσου,
437 2124 542 2159 ἐρήμην
564 2124 679 2159 ἀφέντες
697 2126 771 2160 αὐτῷ
792 2126 841 2161 τὴν
863 2127 949 2154 πόλιν.

168 2168 278 2204 Ἐπειδὴ
307 2168 335 2194 δὲ
363 2169 442 2194 τοῦτο
472 2170 629 2205 μεμάθηκεν
657 2172 670 2197 ὁ
706 2171 949 2207 Ναὸουχοδονόσορ,

162 2213 278 2249 μεθίστη
306 2215 356 2249 τὴν
380 2215 509 2250 στρατιὰν
536 2217 581 2243 ἐπὶ
604 2217 634 2243 τὸ
658 2218 757 2252 χρῆναι
783 2217 874 2244 λαῦεῖν
899 2218 952 2244 τῶν

158 2260 320 2293 Αἰγυπτίων
334 2260 383 2296 τὴν
401 2261 501 2296 χώραν,
517 2259 573 2288 εἷλέ
589 2271 618 2288 τε
637 2262 721 2298 αὐτὴν
740 2263 862 2297 ἀκονητὶ,
884 2263 950 2290 εὶεοῦ

159 2305 406 2338 κατεξανιστοὶντος
415 2308 470 2338 τοίς
484 2308 642 2341 Αἰγυπτίοις
652 2308 732 2334 αὐτόν
745 2317 751 2322 ·
765 2309 806 2335 ὅτι
820 2310 866 2335 καὶ
879 2310 955 2336 αὐτοὶ

160 2350 287 2385 μεγάλην
297 2350 472 2382 ἀνασπῶντες
483 2352 526 2377 ἀεὶ
536 2352 585 2387 τὴν
598 2353 693 2386 ὀφρὺν,
709 2352 954 2388 κατηλαζονεὺοντο

158 2394 216 2420 ’τῶν
230 2395 261 2426 ὲξ
286 2395 405 2431 Ἰσραὴλ,
419 2396 456 2427 ὡς
473 2396 523 2423 οὑκ
538 2397 654 2431 ἐχόντων
671 2397 736 2423 Θεὸν
750 2398 795 2424 τὸν
811 2398 953 2429 διασώζειν

159 2440 262 2471 αὐτοὺς
283 2440 419 2475 ἰσχύοντα.
446 2442 616 2476 Καλούμενοι
636 2443 691 2477 γὰρ
716 2443 755 2474 εἰς
778 2444 952 2479 ἐπικουρίαν,

159 2486 210 2512 καὶ
223 2487 263 2517 εἰς
278 2485 309 2511 τὺ
319 2486 470 2521 ἐπαμύνειν
493 2487 595 2518 αὐτοῖς,
614 2487 819 2523 ἀλκιμωτέρους
832 2489 951 2522 ἔφασκον

159 2528 232 2557 εἶναι
246 2531 310 2562 τοὺς
325 2531 401 2566 παρὰ
415 2532 490 2566 σφίσι
506 2532 583 2564 Θεοὺς
596 2533 642 2559 τοῦ
662 2534 711 2568 τῆς
733 2534 860 2565 Ἰουδαίας
874 2534 951 2561 θεοῦ.

145 2576 226 2611 ἤ’Ὀτι
243 2575 271 2602 δὲ
294 2575 343 2610 τὴν
358 2576 516 2610 Αἰγυπτίων
532 2574 613 2604 εἷλεν·
624 2578 638 2603 ὸ
653 2578 822 2609 Βαϐυλώνιος
841 2579 909 2613 μετά
922 2587 954 2612 γε

147 2620 209 2647 ,υτον
225 2620 325 2655 ἱδρῶτα
340 2621 386 2646 τὸν
401 2621 446 2647 ἐπὶ
458 2622 549 2656 Τύρῳ,
565 2622 650 2656 σαφὲς
665 2622 698 2648 ἂν
708 2622 812 2656 γένοιτο
824 2622 872 2649 τοῦ
885 2617 953 2649 Θεοῦ

157 2665 288 2699 λέγοντος
305 2666 373 2701 πρὸς
385 2666 431 2693 τὸν
447 2668 589 2702 προφήτην
615 2666 753 2703 Ἰεζεχιήλ·
771 2678 780 2693 ι
792 2668 840 2694 Υἱὲ
851 2668 953 2703 ἀνθρώ-

157 2719 225 2741 που,
259 2710 498 2746 Ναῦουχοδονόσορ
517 2712 530 2737 ὁ
551 2711 676 2745 βασιλεὺς
701 2712 859 2743 Βαϐυλῶνος
884 2721 950 2738 κατ-

156 2757 331 2784 εδουλώσατο
349 2757 432 2796 αὐτοῦ
445 2757 493 2792 τὴν
514 2757 630 2792 δύναμιν
646 2758 754 2793 δουλείᾳ
781 2759 883 2793 μεγάλῃ
906 2760 952 2785 ἐπὶ

156 2803 260 2838 Τύρον.
287 2796 366 2830 Πᾶσα
385 2804 490 2838 κεφαλὴ
516 2803 700 2839 φαλάκρωμα,
731 2805 776 2831 καί
802 2806 853 2836 πᾶς
877 2803 951 2839 ὦμος

972 927 991 953 lt

970 2273 990 2299 D

1006 295 1084 321 latori
1099 296 1186 322 visum
1204 301 1277 323 esset
1295 296 1397 328 reduci,
1416 297 1553 331 ipsiusque
1575 297 1652 324 sitire
1679 297 1796 331 opitula-

1010 343 1122 372 tionem,
1138 342 1355 375 conspirationes
1373 342 1549 368 tinititnarum
1568 343 1689 377 gettlium
1705 344 1795 378 pretio

1007 388 1200 415 mercahantnr
1223 407 1230 419 ,
1260 396 1332 415 nunc
1355 395 1384 415 se
1410 389 1517 422 regibus
1550 389 1693 422 Damasci,
1725 397 1796 416 nunc

1005 434 1193 469 Iligyptiorum
1227 434 1396 467 adjnngendo
1423 443 1430 460 :
1457 442 1505 462 nec
1528 435 1553 461 id
1582 435 1668 461 solum
1685 455 1692 467 ,
1727 435 1791 470 quin

1004 480 1086 506 etiam
1118 479 1237 513 gentium
1267 479 1317 505 sibi
1351 478 1493 506 ferentium
1524 480 1678 514 praesidium
1708 480 1795 507 cuiius

1005 526 1170 556 didicerunt,
1187 526 1300 559 illosque
1320 526 1440 552 minulari
1457 527 1668 554 contenderunt.
1685 526 1792 553 Etenim

1004 571 1131 598 Achazns
1148 571 1219 598 filius
1246 572 1381 603 Joatham,
1408 580 1452 598 rex
1480 571 1558 604 .Inda,
1587 579 1647 598 cum
1671 577 1744 598 esset
1768 573 1794 598 in

1005 616 1137 642 Damasco
1152 637 1159 649 ,
1181 617 1262 652 273
1281 619 1316 644 ibi
1348 618 1456 644 demum
1485 626 1559 643 :tratn
1589 617 1661 644 idolo
1686 624 1794 644 sacram

1005 662 1202 696 conspicatus,
1233 671 1301 690 nova
1330 664 1490 689 fabricatum
1519 663 1678 696 elegantia,
1708 663 1795 689 simile

1005 707 1156 740 adornavit,
1179 714 1206 734 et
1221 708 1246 735 in
1260 710 1340 735 domo
1357 709 1401 734 Dei
1419 709 1566 735 dedicavit.
1585 708 1705 734 Proinde
1721 708 1792 734 farta

1004 759 1044 780 est
1059 755 1128 781 visio
1145 760 1237 781 contra
1256 756 1426 783 Damascum.
1445 755 1515 781 Ecce
1530 757 1601 781 enim
1616 776 1622 786 ,
1645 754 1732 789 inquit
1747 754 1794 785 ⁸⁵⁷,

1005 800 1152 827 Damascus
1179 801 1340 835 spoliabitur
1376 801 1548 832 civitatibus,
1580 805 1607 826 ct
1628 807 1681 826 non
1714 804 1793 825 erunt

1005 845 1109 870 munita
1136 850 1163 871 ut
1190 845 1328 879 confugiat
1357 845 1495 880 Ephraim.
1526 845 1642 872 Videsne
1682 852 1792 871 causam

1006 890 1077 916 illico
1096 890 1297 923 introductam,
1313 898 1362 917 cur
1373 891 1445 917 dicat
1462 890 1622 917 Damascum
1637 890 1792 920 civitatibus

1006 936 1232 970 exspoliamlatn?
1256 936 1313 962 Non
1329 937 1400 963 enim
1432 936 1549 970 amplius
1573 940 1664 968 erunt,
1693 935 1793 968 inquit.

1006 982 1044 1008 sic
1063 982 1178 1013 munita,
1197 987 1225 1008 ut
1241 982 1377 1016 profugiat
1392 990 1425 1009 eo
1450 982 1590 1015 Ephraim,
1619 981 1665 1016 qui
1694 982 1720 1007 in
1743 980 1794 1007 Sa-

1007 1027 1091 1053 maria
1105 1027 1225 1061 regnavit
1250 1027 1377 1054 Tradnrit
1390 1028 1471 1061 igitur
1482 1028 1632 1053 orationem
1647 1027 1679 1052 ad
1694 1031 1793 1052 terram

1006 1072 1208 1107 Aﬂgyptiorunt.
1237 1072 1411 1099 Accedebant
1434 1073 1506 1099 enim
1531 1077 1558 1098 et
1571 1072 1603 1097 ad
1622 1079 1668 1098 eos
1685 1071 1795 1097 Israeli-

1006 1122 1049 1149 tzr,
1074 1118 1190 1143 maxime
1216 1124 1280 1144 vero
1297 1117 1323 1143 hi
1343 1118 1387 1152 qui
1405 1117 1560 1143 habitarunt
1586 1116 1792 1150 Hierosolymis,

1007 1163 1180 1197 ipsorumque
1196 1164 1362 1189 consortium
1391 1168 1418 1189 et
1445 1162 1596 1189 SlihSldilllll
1628 1168 1791 1196 magnopere

1006 1209 1178 1242 expetebant,
1198 1209 1385 1235 invadentilnts
1417 1209 1533 1234 maxime
1554 1208 1720 1244 Babyloniis.
1749 1206 1794 1234 Si-

1006 1254 1114 1287 quidem
1133 1261 1197 1280 voee
1214 1254 1352 1288 prophctm
1378 1254 1439 1279 ait:
1465 1262 1473 1278 (
1496 1253 1540 1280 \';e
1566 1252 1794 1279 chcendeutibns

1007 1300 1031 1325 in
1044 1299 1188 1334 [Egyptum
1204 1303 1312 1333 propter
1323 1300 1466 1330 auxilium,
1479 1300 1523 1333 qui
1537 1299 1614 1333 cquis
1626 1303 1653 1324 et
1665 1297 1792 1324 curribus

1006 1347 1098 1372 confisi
1115 1346 1223 1372 sunt“!
1241 1355 1249 1370 ι
1264 1345 1317 1372 Hoc
1331 1349 1419 1372 autem
1432 1346 1467 1371 ita
1478 1353 1507 1372 se
1521 1345 1622 1371 habuit.
1637 1344 1718 1370 Arma
1733 1343 1793 1369 tulit

1005 1397 1099 1418 contra
1116 1396 1215 1418 terram
1233 1390 1387 1418 Juda‘orutn
1411 1390 1706 1424 Nabuchodonosorus,
1731 1392 1792 1419 aliis

1005 1443 1085 1472 atque
1104 1437 1164 1463 aliis
1188 1438 1366 1471 temporibus.
1386 1436 1413 1463 lu
1429 1437 1544 1462 transitu
1559 1441 1649 1463 autent
1673 1445 1768 1465 omnes
1781 1457 1789 1469 ,

1006 1488 1035 1509 ut
1049 1481 1234 1514 sicdixeriut,
1260 1482 1409 1508 orientales
1436 1482 1516 1508 urbes
1542 1482 1712 1515 depraedatns
1738 1487 1789 1509 est.

1005 1529 1129 1563 Cumque
1155 1528 1299 1563 Tyriorum
1325 1528 1418 1554 urbem
1442 1535 1539 1560 capere
1558 1528 1648 1558 vellet,
1676 1528 1791 1554 insulam

1005 1579 1075 1606 lum,
1097 1575 1207 1601 navium
1224 1579 1314 1600 autem
1334 1573 1584 1607 lahorarctinopia,
1601 1581 1660 1607 qute
1687 1574 1791 1607 trajice-

1008 1625 1068 1647 rent
1086 1640 1094 1653 ,
1112 1620 1222 1646 Persico
1245 1619 1335 1645 animo
1364 1625 1396 1644 ac
1424 1618 1566 1644 stomacho
1583 1617 1712 1651 pranlilus
1729 1638 1736 1649 ,
1762 1626 1793 1644 ac

1008 1665 1180 1692 multitudine
1213 1664 1351 1698 copiarum
1377 1663 1506 1698 conlisus,
1535 1670 1610 1689 mare
1632 1662 1714 1697 jussit
1735 1664 1793 1689 lieri

1007 1711 1178 1746 pertneabile,
1200 1710 1270 1737 mole
1284 1715 1405 1745 aggesta,
1419 1709 1489 1735 unde
1503 1716 1535 1735 cx
1554 1714 1626 1735 terra
1643 1709 1676 1735 ad
1695 1709 1793 1744 Tyrio-

1007 1766 1067 1785 rum
1085 1766 1171 1792 usque
1187 1759 1278 1784 urbem
1296 1757 1349 1783 lata
1366 1757 1407 1783 via
1425 1756 1475 1782 sibi
1509 1757 1685 1790 prmberetur.
1704 1756 1791 1783 Vetiti

1006 1804 1086 1839 igitur
1107 1803 1199 1839 Tyrii,
1228 1811 1261 1830 ne
1282 1804 1351 1830 forte
1385 1807 1527 1836 caperetur
1548 1803 1661 1835 civitas,
1699 1801 1789 1836 Baby-

1006 1850 1139 1876 loniorum
1157 1850 1299 1876 conatibus
1317 1849 1350 1876 ad
1381 1850 1460 1875 liuctn
1484 1848 1622 1882 perductis
1637 1869 1643 1881 ,
1677 1848 1794 1875 navibus

1006 1895 1184 1928 undecunque
1209 1894 1367 1926 convectis,
1389 1893 1533 1920 discedunt
1565 1893 1599 1919 ab
1631 1892 1716 1919 insula
1735 1912 1742 1923 ,
1765 1896 1792 1918 et

1006 1949 1119 1968 vacuam
1148 1941 1171 1966 ei
1201 1941 1357 1975 relinquunt
1376 1940 1525 1966 civitatem.
1556 1938 1631 1972 Quod
1653 1938 1697 1964 ubi
1721 1937 1791 1964 didi—

1006 1989 1089 2015 cisset
1104 1987 1383 2013 Nabuchodoaosorns
1396 2005 1403 2016 ,
1429 1986 1542 2012 dimisso
1561 1985 1682 2011 exercitu
1698 1984 1730 2010 ad
1748 1991 1791 2010 re-

1006 2034 1111 2068 gionem
1127 2032 1315 2067 {Egyptiorum
1330 2031 1487 2064 capiendam
1503 2050 1511 2063 ,
1529 2037 1589 2057 eam
1607 2030 1665 2057 sine
1683 2029 1793 2062 pulvere

1006 2086 1037 2105 ac
1053 2078 1145 2103 labore
1161 2077 1313 2110 occupavit,
1332 2076 1385 2101 Deo
1400 2075 1474 2101 illum
1499 2075 1525 2100 in
1547 2074 1690 2109 Egyptios
1714 2074 1790 2101 exci-

1005 2128 1081 2150 tante
1099 2131 1104 2148 :
1123 2122 1249 2156 quoniam
1279 2121 1322 2147 isti
1347 2127 1454 2154 quoque
1473 2127 1569 2154 magno
1591 2127 1698 2153 semper
1723 2127 1790 2145 con-

1007 2173 1095 2195 tracto
1111 2167 1267 2202 supercilio,
1295 2167 1320 2193 in
1350 2166 1485 2193 Israelitas
1515 2173 1544 2192 sc
1566 2166 1696 2200 gerebant
1716 2173 1792 2192 arro—

1006 2215 1124 2249 gantius,
1139 2214 1215 2247 quasi
1232 2213 1314 2240 Deum
1334 2213 1463 2240 haberent
1489 2213 1533 2246 qui
1563 2220 1609 2239 eos
1627 2220 1791 2239 conservare

1007 2261 1095 2287 minus
1108 2260 1217 2287 valeret.
1233 2260 1326 2286 Vocati
1339 2259 1410 2285 enim
1425 2260 1449 2285 in
1463 2258 1611 2285 subsidium
1624 2263 1652 2284 et
1664 2258 1696 2284 ad
1711 2265 1789 2291 Opem

1005 2306 1057 2332 illis
1083 2305 1232 2337 ferendam,
1264 2313 1327 2332 suos
1357 2305 1421 2332 deos
1454 2304 1553 2331 Judzctc
1578 2304 1631 2330 Deo
1650 2303 1790 2337 jactabant

1005 2351 1140 2378 fortiores.
1172 2350 1348 2386 Babylonium
1380 2356 1468 2377 autem
1497 2350 1603 2384 cepisse
1630 2348 1788 2383 [Egyptmm

1003 2402 1063 2431 post
1082 2397 1155 2423 illum
1172 2397 1292 2423 laborem
1310 2397 1335 2422 in
1352 2395 1423 2430 Tyro
1438 2401 1587 2429 sumptum,
1604 2395 1713 2428 planum
1731 2395 1789 2421 fieri

1003 2443 1110 2477 poterit,
1125 2450 1158 2469 ex
1176 2450 1209 2468 eo
1220 2441 1290 2475 quod
1313 2442 1382 2467 Deus
1395 2441 1460 2466 dicit
1477 2441 1614 2474 propheta:
1630 2440 1767 2467 Eznchielt’
1779 2450 1788 2468 :

1005 2497 1013 2513 ι
1034 2487 1083 2514 Fili
1100 2487 1227 2519 hominis,
1259 2485 1509 2512 Nabuchodonosor
1527 2493 1577 2511 rex.
1589 2485 1734 2520 Babylonis
1761 2486 1787 2513 in

1003 2534 1161 2560 servitutem
1188 2532 1298 2558 tradidit
1329 2531 1421 2565 copias
1449 2538 1512 2557 suas
1535 2531 1664 2558 servitute
1694 2539 1790 2565 magna

1003 2585 1097 2604 contra
1124 2576 1207 2612 274
1235 2576 1346 2612 Tyrum.
1368 2577 1453 2603 Omne
1479 2581 1558 2610 caput
1578 2576 1736 2609 calvitium,
1764 2581 1790 2604 et

1004 2625 1092 2651 oumis
1108 2625 1238 2650 humerus
1251 2623 1359 2657 depilis,
1375 2628 1402 2650 et
1423 2630 1526 2650 merces
1554 2631 1606 2649 non
1622 2628 1679 2650 erat
1704 2624 1739 2656 ei,
1763 2628 1790 2650 et

1002 2670 1149 2704 copiissuis
1162 2673 1270 2703 propter
1284 2670 1442 2696 servitutem
1455 2670 1559 2700 duram,
1576 2677 1627 2703 qua
1641 2670 1752 2696 servivit
1762 2670 1789 2697 iu

1006 2715 1087 2749 'l'yro.
1095 2715 1240 2748 Propterea
1248 2715 1306 2740 dedi
1319 2715 1342 2740 ei
1353 2720 1451 2740 terram
1464 2714 1572 2748 (Egypti
1582 2715 1624 2741 η’.
1633 2724 1642 2740 ι
1654 2714 1735 2741 Infert
1745 2716 1791 2742 ita-

1005 2767 1057 2794 que
1066 2760 1194 2793 propheta
1206 2759 1266 2786 huic
1277 2759 1351 2790 illud,
1360 2759 1414 2789 Vae,
1425 2758 1515 2785 dicens
1525 2768 1531 2786 ε
1543 2758 1588 2785 Vte
1598 2765 1675 2786 terra:
1685 2760 1789 2786 paviunt

1005 2806 1054 2832 alis
1061 2805 1129 2831 ultra
1137 2805 1244 2831 tlumina
1254 2804 1407 2838 Aitltiopite.
1418 2803 1562 2837 [Ethiopirc
1572 2803 1679 2830 lltuuina
1689 2809 1790 2839 septem

164 2919 169 2922 ν
198 2880 232 2897 ⁸³⁸
247 2880 302 2908 lsa.
319 2887 387 2914 xvu,
406 2880 433 2913 1,
449 2880 476 2907 5.
517 2880 539 2897 ⁸⁸
556 2879 609 2909 Isa.
627 2889 704 2914 xm,
723 2881 745 2908 ι.
785 2881 816 2897 ⁸⁸·
836 2881 935 2909 Ezech.

1005 2866 1035 2914 π,
1053 2881 1095 2915 ts,
1118 2881 1160 2910 ιθ.
