4166 6296
392 331 498 389 445

1387 341 1444 396 s.
1482 340 1759 398 CYRILLI
1784 320 2276 395 'ALEXANDtuNi
2314 337 2639 395 ARClilEP.

3563 338 3664 395 ΗΞ

395 449 555 506 ibunt
579 455 754 510 nuntii
789 456 959 523 leves,
996 457 1047 512 id
1081 466 1185 523 est,
1217 458 1447 524 veloces,
1482 469 1542 516 et
1572 461 1717 515 velut
1749 460 1969 530 pennati

2104 459 2355 530 δελυρίας
2393 456 2715 530 Ἑλληνικῆς
2750 455 3084 528 ποιήσασθαι
3121 456 3344 527 μνήμην
3368 494 3383 520 ,
3434 454 3574 525 ὑπὲρ
3603 470 3669 522 γε

395 550 451 596 et
478 543 672 612 agiles,
706 554 762 600 et
790 548 1037 603 vicinam.
1062 563 1128 602 ac
1155 548 1268 615 jam
1306 549 1360 604 in
1393 550 1606 607 foribus
1648 562 1973 623 prmsentem

399 633 526 688 belli
560 635 927 693 calamitatem
966 639 1387 697 denuntiabant.
1427 636 1654 698 Gentem
1678 643 1974 710 excelsam,

398 737 465 777 ac
515 726 767 794 populum
817 730 1163 799 peregrinum
1211 746 1276 786 ac
1307 732 1525 796 durum,
1563 733 1845 804 Egyp'ios
1877 747 1977 788 ne-

400 814 612 901 minat:
647 818 920 874 excelsam
963 822 1127 893 277
1162 832 1217 878 et
1255 823 1478 891 elatam,
1521 840 1642 893 pro,
1680 827 1974 895 superbam

403 906 486 961 vel
518 905 690 963 levem
736 919 791 964 et
824 912 1042 981 agilem,
1084 923 1140 969 et
1170 914 1300 969 nulli
1331 916 1541 971 vulneri
1582 926 1676 971 aut
1719 916 1852 971 ictui
1880 931 1980 971 ex-

402 998 673 1068 positam;
729 994 1073 1072 pere'grinam
1118 1016 1300 1060 autem
1349 1017 1406 1061 et
1458 1008 1672 1073 duram,
1722 1017 1978 1077 tanquam

404 1106 528 1145 rara
560 1093 792 1163 quadam
835 1097 1043 1151 saevitia
1085 1113 1148 1151 ac
1173 1097 1431 1151 inusitata
1469 1098 1815 1152 immanitate»
1843 1112 1980 1166 prae-

403 1183 598 1249 ditant,
629 1202 751 1257 quae
774 1188 862 1243 hic
891 1205 997 1244 non
1043 1189 1245 1244 habeat
1275 1191 1629 1258 superiorem.
1666 1189 1804 1257 Quis
1836 1192 1980 1245 enim

406 1275 546 1330 ultra
585 1276 758 1343 illum,
787 1280 984 1349 inquit,
1022 1296 1143 1349 pro,
1185 1280 1318 1348 Quis
1363 1282 1501 1336 adeo
1543 1281 1675 1337 levis
1709 1293 1764 1337 et
1813 1280 1982 1347 rudis,

408 1375 464 1418 et
494 1366 803 1436 imperitus,
835 1368 962 1438 quis
1001 1379 1207 1425 tantam
1240 1370 1396 1426 bonis
1424 1371 1693 1426 insuetam
1719 1374 1987 1441 perversi-

413 1462 585 1509 tatem
637 1459 915 1523 exercuit,
984 1470 1244 1529 quantam
1307 1459 1666 1532 {Egyptiacus
1718 1461 1989 1531 populus?

2076 552 2171 605 τοῦ
2209 552 2508 623 σαφηνίσαι
2578 548 2740 619 μόνον
2780 548 2891 601 τῶν
2948 547 3329 618 προκειμένων
3368 545 3460 598 τὸν
3515 544 3660 599 νοῦν.

2078 642 2442 714 Πορεύσονται
2474 642 2584 713 γὰρ
2612 641 2834 710 ἄγγελοι
2870 640 3061 709 κοῦφοι
3087 638 3226 710 πρὸς
3270 638 3425 701 ἔθνος
3465 638 3672 709 μετέω-

2084 753 2196 805 ρον,
2228 737 2323 789 καὶ
2346 735 2496 801 ξένον
2515 735 2644 789 λαὸν
2672 734 2767 788 καὶ
2787 733 3044 804 χαλεπόν.
3074 732 3169 796 Τίς
3193 731 3359 785 αὑτοῦ
3384 731 3669 797 ἐπέκεινας

2084 829 2276 892 Ἔθνος
2324 829 2646 883 ἀνέλπιστον
2695 828 2790 881 καὶ
2840 825 3394 894 καταπεπατημένον.
3454 822 3674 885 Φθάσας

2083 920 2240 992 ἔφην,
2270 921 2352 974 ὅτι
2386 919 2862 992 προσκεκροιῖκασι
2892 919 3005 982 τοῖς
3034 917 3335 986 Ἀσσυρίων
3363 914 3673 986 βασιλεῦσιν

2082 1014 2132 1066 oi
2169 1011 2551 1074 κατοικοῦντες
2581 1012 2681 1083 τὴν
2710 1014 2813 1081 γῆν
2848 1012 2948 1081 τὴν
2974 1009 3232 1063 ἐπέκεινα
3275 1006 3537 1077 ποταμῶν
3581 1008 3676 1059 Αί-

2085 1104 2338 1168 θιοπίαςο
2412 1102 2675 1174 ἐπείπερ
2722 1101 2965 1155 αἰτοῦσιν
3045 1098 3371 1169 ἐπικουρίαν
3438 1100 3551 1160 τοῖς
3615 1096 3675 1163 ἐξ

2098 1196 2335 1269 Ἰσραὴλ,
2369 1196 2431 1249 οὐ
2471 1173 2979 1265 κατεπηγγέλλοντο
3022 1192 3202 1263 μόνον,
3232 1190 3371 1245 ἀλλά
3411 1189 3521 1260 γὰρ
3580 1189 3679 1243 καὶ

2086 1289 2459 1360 πεπόμφασιν,
2488 1288 2535 1340 εί
2567 1286 2663 1340 καὶ
2695 1285 2912 1357 ὤνησαν
2951 1284 3148 1346 αὐτοὺς
3176 1283 3456 1345 παντελῶς
3500 1281 3675 1334 οὐδέν.

2086 1381 2151 1434 Οἱ
2178 1380 2234 1433 δὲ
2257 1378 2396 1449 πρὸς
2431 1377 2591 1432 τοῦτο
2632 1376 3021 1447 λελυπημένοι,
3062 1374 3202 1446 μετὰ
3243 1376 3304 1428 τὸ
3350 1376 3556 1438 πᾶσαν,
3601 1373 3680 1438 ὡς

2088 1470 2218 1535 ἔπος
2245 1472 2441 1534 εἰπεῖν,
2479 1467 2832 1542 καταδῃῶσαι
2863 1466 2962 1537 τὴν
2997 1466 3281 1532 Ἰουδαίαν,
3324 1467 3679 1536 κεχωρήκασι

410 1543 628 1600 Βατίειιί
680 1550 824 1602 enim
874 1561 1032 1605 erant
1084 1551 1324 1607 cultores
1369 1553 1658 1606 idolorum.
1723 1554 1986 1619 Quocirca

2104 1561 2232 1616 ιατὰ
2284 1560 2386 1631 τῆς
2434 1559 2772 1629 Αίγυπτίων,
2833 1554 2980 1611 εἷλόν
3020 1575 3080 1611 τε
3126 1556 3345 1611 ἃπασαν
3403 1546 3676 1625 ἀμογητὶ,

409 1643 577 1690 etiam
608 1650 823 1708 gentem
851 1647 1212 1710 desperatam,
1240 1653 1296 1697 et
1324 1643 1698 1698 conculcatum
1732 1645 1986 1714 populum

2104 1651 2226 1706 Θεοῦ
2260 1652 2496 1715 διδόντος
2519 1653 2703 1715 αὐτοῖς
2731 1652 2792 1704 τὸ
2821 1648 3081 1704 δύνασθαι
3108 1646 3538 1717 κατευμεγεθεῐν
3581 1646 3681 1715 τῆς

413 1743 693 1801 nuncupat
722 1751 737 1786 :
781 1734 1150 1803 desperatam,
1179 1750 1244 1790 eo
1272 1737 1415 1805 quod
1438 1749 1563 1789 eum
1601 1736 1691 1805 qui
1719 1747 1912 1790 natura
1937 1746 1989 1790 et

2104 1744 2200 1799 τῶν
2228 1744 2640 1814 ἀνθεστηκότων
2662 1742 2867 1814 χειρὸς,
2901 1742 3072 1795 διάτοι
3114 1739 3175 1793 τὸ
3193 1737 3529 1806 λελυπῆσθαι
3559 1737 3680 1790 κατ’

414 1834 545 1876 vere
574 1823 716 1877 Deus
739 1834 824 1880 est
853 1824 1204 1891 ignorarent;
1227 1827 1595 1881 coliculcatam
1630 1837 1835 1890 autem,
1856 1841 1987 1893 quo-

2104 1836 2430 1905 Αἰγυπτίων.
2478 1835 2783 1898 Μέλλοντος
2826 1836 3009 1887 τοίνυν
3067 1831 3531 1904 καταστρατεύειν
3582 1829 3684 1898 τῆς

415 1910 973 1971 ιιίοιησιωιηοηίοτυιη
994 1918 1285 1973 erroribus
1297 1917 1537 1971 animum
1560 1917 1835 1973 subditum
1863 1917 1993 1972 sub-

2104 1928 2281 2000 χώρας
2309 1928 2490 1981 αὐτῶν
2519 1926 3006 1995 τοῦ-Βαϐυλωνίου.
3034 1923 3286 1995 δρομαῖοί
3322 1939 3467 1985 τινες
3502 1920 3681 1974 ἐϐαδί-

420 2011 763 2073 stratumque
806 2006 1090 2070 habentes,
1135 2019 1340 2067 tantum
1375 2024 1482 2063 non
1520 2010 1760 2079 pedibus.
1803 2024 1990 2063 eorum

2104 2021 2254 2087 ζοντο
2286 2022 2351 2074 ἐκ
2390 2021 2489 2090 τῆς
2547 2019 2829 2085 Ἰουδαίας,
2880 2016 3312 2086 ἀπαγγέλλοντες
3366 2014 3546 2076 αὐτοῖς
3586 2012 3686 2082 τὴν

413 2098 841 2154 succubuerunt.
892 2100 1032 2168 Quin
1093 2103 1253 2158 aliter
1291 2105 1437 2174 quod
1481 2104 1685 2158 dictum
1719 2112 1805 2160 est
1849 2105 1992 2160 acci-

2104 2112 2199 2167 οῦκ
2238 2115 2318 2176 είς
2359 2112 2574 2183 μακρὰν
2629 2113 2897 2183 ἐσομένην
2923 2111 3132 2182 ἔφοδον.
3179 2110 3290 2163 Καὶ
3339 2108 3469 2178 περὶ
3506 2104 3686 2158 αὐτῶν

414 2188 557 2256 pias.
609 2188 746 2245 Nam
782 2192 909 2246 dum
958 2194 1011 2248 in
1053 2210 1247 2250 manus
1298 2195 1646 2267 Assyriorum
1707 2196 1987 2259 caderent,

2104 2219 2265 2272 φησιν
2303 2204 2332 2256 ὁ
2378 2203 2692 2275 προφήτης,
2751 2202 2834 2255 ὅτι
2892 2201 3256 2272 Πορεῦσονται
3300 2197 3519 2267 ἄγγελοι
3561 2194 3687 2248 κοῦ-

414 2278 563 2334 omni
611 2295 709 2349 spe
748 2283 928 2352 gaudii
974 2284 1204 2354 abiecta,
1256 2286 1338 2340 sic
1397 2286 1697 2356 proculcati
1747 2296 1896 2352 sunt,
1935 2294 1994 2340 ut

2104 2309 2211 2362 φοι,
2259 2294 2403 2346 τοῦτ’
2434 2294 2570 2356 ἔστι,
2619 2296 2828 2364 ταχεῖς,
2881 2294 2975 2346 καὶ
3008 2294 3171 2345 οἱονεὶ
3231 2287 3429 2361 πτηνοί
3475 2305 3534 2340 τε
3589 2286 3690 2339 καὶ

418 2371 651 2438 restitui,
692 2373 740 2429 si
780 2376 861 2430 l'as
900 2377 972 2431 sit
1001 2377 1207 2440 dicere,
1250 2392 1523 2447 nunquam
1567 2388 1806 2448 possent,
1859 2378 1992 2449 quin

2104 2382 2350 2450 ἐλαφροὶ,
2386 2381 2605 2450 γείτονά
2632 2398 2694 2435 τε
2719 2381 2814 2435 καὶ
2843 2382 2938 2434 ἐπὶ
2965 2380 3155 2452 θύραις
3186 2379 3285 2451 ἤδη
3312 2375 3690 2447 γεγενημένην

416 2464 683 2522 Victorum
715 2468 944 2538 pedibus
970 2470 1290 2542 subiaceant
1318 2486 1391 2527 ac
1414 2471 1849 2527 substernantur.

2104 2474 2200 2544 τὴν
2230 2476 2295 2528 ὲκ
2314 2474 2408 2528 τοῦ
2431 2475 2669 2546 πολέμου
2699 2493 2838 2529 κατα
2848 2475 3141 2546 μηνύοντες
3167 2491 3230 2528 συ
3241 2472 3474 2545 μφοράν.
3498 2469 3691 2532 Ἕθνος

2100 2562 2158 2616 δὲ
2213 2564 2507 2634 μετέωρον,
2559 2566 2655 2619 καὶ
2708 2565 2859 2632 ξένον
2916 2565 3042 2618 λαὸν
3099 2566 3195 2618 καὶ
3249 2562 3509 2634 χαλεπὸν,
3565 2561 3693 2623 τοῦς

416 2646 750 2716 Αἰγυπτίους
774 2653 1033 2724 ὀνομάζει
1056 2672 1071 2687 ο
1114 2655 1200 2723 τὸ,
1233 2654 1527 2727 μετέωρον,
1575 2654 1701 2708 ἀντὶ
1741 2653 1857 2719 τοῦ,
1906 2654 2236 2725 ῦπέροπτον,
2269 2657 2389 2727 ἦτοι
2410 2657 2471 2711 τὸ
2524 2657 2727 2727 κοῦφον
2764 2657 2858 2711 καὶ
2884 2657 3137 2730 ἐλαφρὸν,
3166 2656 3260 2710 xal.
3319 2653 3647 2709 ἁνούστατον
3674 2671 3689 2685 δ

419 2736 573 2801 ξένον
607 2739 665 2792 δὲ
694 2742 787 2794 καί
814 2741 1069 2811 χαλεπὸν,
1094 2742 1171 2807 ώς
1199 2745 1256 2796 ὲν
1289 2743 1620 2815 χαλεπότητι
1648 2742 1875 2810 ξενίζον,
1897 2743 1992 2795 καὶ
2028 2744 2128 2798 οὐκ
2150 2744 2270 2815 ἔχον
2296 2746 2418 2800 τινὰ
2471 2746 2564 2802 τὸν
2589 2749 2848 2802 ἐπέκεινα
2880 2750 3015 2820 πρὸς
3036 2748 3215 2802 τοῦτο.
3272 2748 3370 2810 Τίς
3393 2746 3502 2815 γὰρ
3523 2741 3693 2798 αὐτοῦ

418 2828 699 2895 ἐπέκεινα,
735 2832 899 2901 φησίν
922 2870 940 2899 ,
968 2833 1089 2887 ἀνοτ)⁵
1124 2832 1247 2898 τοῦ,
1295 2834 1393 2898 Τίς
1416 2832 1561 2887 οὕτω
1582 2832 1805 2903 κοῦφος.
1837 2834 1930 2887 καὶ
1980 2834 2200 2906 ἀμαθὴς
2234 2836 2329 2890 καὶ
2375 2837 2657 2903 ἀσύνετος,
2694 2839 2789 2892 καὶ
2836 2839 3081 2911 ἀσυνήθη
3113 2842 3229 2902 τοῖς
3274 2836 3457 2900 ἄλλοις
3502 2838 3694 2904 ἐπιτηο

417 2919 591 2974 δεύων
623 2921 952 2994 φαυλότητα,
985 2925 1193 2988 ώςιὸὲν
1219 2924 1480 2997 Αἰγύπτῳ
1511 2925 1675 2991 λαός;
1708 2924 1922 2996 Σφόδρα
1954 2925 2064 2998 γὰρ
2100 2922 2240 2999 ἦσαν
2270 2928 2674 2999 εἰδωλολάτραι.
2712 2932 3002 3002 Τοιγάρτοι
3047 2931 3141 2985 καὶ
3174 2930 3327 2993 ἔθνος
3368 2927 3693 2983 ἀνέλπιστον

420 3014 517 3071 καὶ
542 3016 1071 3088 καταπεπατημένον
1098 3018 1297 3099 αὐτοὺς
1319 3016 1596 3088 ὀνομάζει.
1651 3016 1997 3071 Ἀνέλπιστον
2067 3017 2188 3089 μὲν,
2246 3020 2418 3075 διάτοι
2451 3021 2514 3074 τὸ
2540 3022 2614 3093 μὴ
2657 3022 2861 3076 εἰδέναι
2904 3022 2993 3075 τὸν
3034 3022 3194 3091 φύσει
3245 3036 3304 3073 τε
3353 3020 3449 3074 καὶ
3480 3016 3696 3088 ἀληθῶς

419 3105 550 3162 εντα
569 3108 703 3164 Θεόν
727 3125 741 3140 ο
767 3109 1295 3180 καταπεπατημένον
1319 3109 1396 3173 δὲ,
1427 3109 1510 3162 ὅτι
1559 3112 1678 3173 ταῖς
1743 3108 1853 3163 τῶν
1907 3109 2203 3181 δαιμονίων
2249 3112 2491 3174 ἀπάταις
2520 3113 2656 3166 πολὺ
2687 3113 2750 3181 δὴ
2784 3114 2905 3166 λίαν
2934 3112 3029 3166 τὸν
3056 3112 3181 3166 νοῦν
3217 3109 3694 3182 ὑποστρώσαντες,

425 3202 709 3272 μονονουχὶ
761 3205 874 3266 τοῖς
936 3202 1162 3255 ἐκείνων
1214 3202 1503 3256 ὑπέκειντο
1558 3201 1751 3255 ποσίνο
1797 3202 1829 3273 ἢ
1895 3203 1991 3256 καὶ
2031 3202 2235 3273 ἑτέρως
2277 3204 2473 3274 ὲκδέξῃ
2499 3204 2560 3257 τὸ
2608 3203 2917 3276 εἰρημένον.
2967 3204 3362 3277 Περιπεσόντες
3414 3203 3524 3273 γὰρ
3576 3201 3695 3263 ταῖς

437 3296 737 3366 Ἀσσυρίων
775 3297 986 3366 χερσὶν,
1036 3300 1221 3351 πᾶσαν
1268 3298 1713 3369 ἀποϐεϐλήκασιν
1755 3297 2022 3368 εὐθυμίας
2085 3298 2299 3363 ἐλπίδα,
2365 3300 2854 3368 καταπεπάτηνται
2887 3300 2945 3353 δὲ
2979 3298 3174 3366 οὕτως,
3225 3298 3301 3361 ὡς
3354 3297 3513 3369 μηδὲ,
3572 3295 3706 3350 ὅσον.

426 3389 621 3451 εἰπεῖν,
649 3388 956 3459 ἀνασφῆλαι
977 3388 1238 3442 δύνασθαί
1270 3405 1422 3453 ποτε,
1455 3389 1913 3443 ὑποπεπτωκέναι
1941 3407 2001 3442 τε
2041 3392 2136 3443 καὶ
2164 3389 2550 3462 ὑπεστρῶσθαι
2583 3393 2704 3454 τατς
2738 3391 2853 3444 τῶν
2873 3390 3238 3461 νενικηκότων
3270 3388 3450 3442 ποσίν.

506 3504 667 3560 Vens.
700 3505 750 3558 5.
786 3500 942 3557 Nunc
981 3505 1128 3572 ﬂuvii
1169 3513 1325 3558 terra:
1352 3520 1553 3568 omnes,
1585 3514 1639 3557 ut
1681 3505 1822 3574 regio
1853 3505 1999 3557 habi-

2177 3506 2308 3560 Νῦν
2339 3509 2395 3561 οἱ
2427 3507 2681 3577 ποταμοὶ
2712 3505 2822 3574 τῆς
2845 3506 2957 3576 γῆς
2981 3505 3233 3572 πάντες,
3252 3506 3331 3571 ώς
3359 3502 3519 3571 χώρα
3545 3518 3699 3555 κατ-

431 3606 565 3661 tata,
605 3595 865 3650 incolatur
893 3596 1035 3660 τεοῖο
1060 3612 1267 3650 eorum.

500 3711 800 3771 Commode
846 3712 1011 3766 etiam
1067 3711 1286 3768 modum
1343 3711 1678 3782 captivitatis
1746 3711 2008 3778 praedicit.

430 3802 737 3861 Credebant
768 3802 912 3856 enim
944 3798 1278 3872 Egyptians
1318 3809 1479 3856 terra:
1511 3800 1700 3856 incolze
1736 3814 1797 3856 se
1846 3816 1875 3855 a
1905 3799 2011 3852 Ba-

436 3895 676 3968 byloniis
716 3908 822 3948 non
871 3907 1037 3963 posse
1084 3892 1225 3962 capi,
1278 3891 1405 3961 quia
1459 3898 1570 3946 tota
1620 3906 1808 3946 eorum
1863 3892 2013 3962 regio

430 3987 678 4059 plurimis
708 3995 765 4040 et
801 3984 1014 4054 magnis
1038 3983 1218 4039 cincta
1250 3992 1395 4038 esset
1433 3980 1775 4046 ﬂuminibus,
1807 3990 1865 4035 et
1892 3996 2014 4052 spa-

435 4082 603 4138 tiosas
636 4095 701 4135 ac
734 4079 983 4148 ingentes
1019 4076 1244 4148 paludes
1280 4077 1530 4131 haberet.
1575 4075 1715 4129 Sunt
1746 4075 1890 4130 enim
1930 4092 2014 4129 re-

431 4170 622 4240 giones
649 4166 960 4237 huiusmodi
999 4167 1292 4221 inaccessae
1333 4164 1763 4235 grassatoribus,
1793 4177 1894 4219 nec
1941 4163 2012 4217 ita

432 4262 500 4317 ad
530 4261 871 4317 incursiones
921 4268 1257 4331 opportunae.
1294 4257 1365 4311 At
1404 4257 1497 4312 ubi
1544 4255 1684 4312 Deus
1716 4255 1821 4311 illis
1888 4270 2014 4311 suc-

434 4354 672 4417 censuit,
703 4361 947 4422 paratum
980 4353 1082 4405 hoc
1131 4358 1189 4404 et
1236 4348 1394 4404 facile
1418 4347 1734 4419 Babyloniis
1758 4346 2011 4403 reddidit.

435 4447 597 4503 Omni
629 4445 772 4500 enim
807 4456 1071 4511 aquarum
1098 4438 1351 4496 conﬂuxu
1390 4439 1690 4505 exsiccata,
1738 4438 2012 4492 lnunidam

437 4550 638 4595 terram
662 4534 844 4591 eﬂ'ecit
874 4540 1206 4603 equestrem.
1247 4529 1359 4586 Hoc
1392 4529 1653 4584 arbitror
1693 4528 2013 4597 prophetam

436 4632 525 4688 hic
555 4631 837 4694 denotare,
878 4641 999 4681 cum
1042 4625 1158 4678 ait:
1208 4623 1365 4676 Nunc
1407 4620 1550 4674 ﬂuvii
1589 4629 1748 4674 terra:
1791 4632 2000 4678 omnes,

435 4724 591 4795 quasi
626 4722 777 4792 regio
826 4719 1094 4779 habitata,
1149 4714 1417 4770 incoletur
1465 4711 1615 4782 regio
1656 4724 1865 4765 eorum.
1912 4708 2009 4762 Et-

435 4821 607 4884 enim,
632 4817 830 4887 inquit,
856 4817 942 4870 illa
977 4814 1090 4870 loca
1117 4827 1235 4882 qua)
1264 4820 1422 4865 erant
1442 4807 1763 4879 navigabilia
1803 4819 2019 4875 semper

437 4920 495 4967 et
526 4909 773 4974 humida,
826 4916 987 4961 erunt
1030 4902 1297 4973 ejusmodi
1343 4912 1586 4969 tempore
1623 4897 1774 4957 belli,
1820 4906 1878 4950 ut
1900 4894 2014 4966 jam

438 5004 620 5060 futura
670 5003 743 5058 sit
775 5000 926 5071 regio
968 4998 1189 5053 ortinino
1237 4995 1505 5060 habitata,
1555 5000 1611 5047 et
1657 4999 1801 5046 terra
1855 4988 2014 5056 plane

438 5097 596 5165 aquis
620 5093 910 5157 destituta.
946 5088 1084 5158 Quid
1123 5090 1266 5145 enim
1290 5085 1488 5141 divinae
1508 5092 1562 5139 et
1586 5082 1930 5151 omnipotens
1964 5088 2017 5135 et

439 5202 686 5255 suprema
716 5196 905 5239 natura
945 5197 1050 5237 non
1081 5181 1281 5250 poterit
1306 5175 1406 5231 eiii.
1425 5176 1549 5230 ere?

2115 3596 2456 3668 οικουμένη,
2489 3599 2989 3668 κατοικηθήσεται
3018 3599 3055 3665 ἡ
3083 3596 3244 3666 χώρα
3264 3594 3484 3651 αὐτῶν.

2186 3712 2634 3782 Προαπαγγέλλει
2687 3712 2975 3783 χρησίμως
3022 3711 3117 3764 καὶ
3163 3711 3252 3762 τὸν
3297 3710 3395 3778 τῆς
3446 3704 3699 3767 ἁλώσεως

2116 3803 2334 3874 τρόπον.
2379 3805 2569 3875 ᾯοντο
2614 3804 2713 3874 μὲν
2750 3804 2859 3874 γὰρ
2889 3806 2938 3857 oi
2984 3803 3082 3874 τὴν
3118 3799 3429 3869 Αἰγυπτίων
3481 3797 3699 3869 ἔχοντες

2116 3896 2240 3966 γῆν,
2274 3895 2539 3950 ἀνάλωτοι
2583 3895 2914 3965 γεγενῆσθαι
2960 3897 3073 3957 τοῖς
3121 3891 3506 3954 Βαϐυλωνίοις,
3530 3888 3699 3943 διάτοι

2114 3988 2175 4039 τὸ
2206 3988 2386 4042 πᾶσαν
2424 3986 2604 4041 αὐτῶν
2651 3987 2752 4057 τὴν
2785 3985 2970 4057 χώραν
3016 3985 3289 4044 πλείστοις
3325 3998 3382 4035 τε
3412 3982 3559 4044 ὅσοις
3607 3980 3703 4034 καὶ

2119 4079 2303 4143 μέντοι
2351 4078 2445 4132 καὶ
2478 4076 2734 4149 μεγάλοις
2759 4076 3048 4141 διεζῶσθαι
3079 4077 3363 4145 ποταμοῖς,
3394 4072 3610 4142 εὐρείας
3641 4087 3701 4122 τε

2118 4173 2213 4224 κιπύ⁵
2245 4170 2463 4242 μακρὰς
2501 4169 2792 4241 ἐσχηκέναι
2830 4169 2928 4233 τὰς
2962 4168 3176 4239 λίμνας.
3211 4165 3551 4236 Δυσέμϐατοι
3592 4163 3703 4233 γάρ

2120 4280 2256 4326 πως,
2282 4261 2377 4316 καὶ
2397 4262 2499 4315 οὐκ
2528 4262 2927 4333 εὐκατάδρομοι
2965 4259 3086 4313 λίαν
3116 4263 3227 4322 τοῖς
3252 4256 3556 4330 καταδῃοῦν
3583 4254 3699 4309 ἐθέ-

2116 4355 2322 4421 λουσιν,
2358 4355 2414 4408 αἱ
2443 4354 2642 4408 τοιαίδε
2670 4353 2778 4407 τῶν
2799 4351 3010 4424 χωρῶν.
3032 4350 3250 4418 Ἐπειδὴ
3278 4351 3336 4405 δὲ
3364 4350 3495 4413 Θεὸς
3520 4349 3704 4406 αὐτοῖς

2118 4444 2469 4514 ἐπεμήνισεν,
2498 4444 2714 4515 ἕτοιμον
2753 4445 2847 4496 καὶ
2871 4442 3030 4497 τοῦτο
3055 4444 3167 4504 τοῖς
3197 4439 3560 4502 Βαϐυλωνίοις
3596 4437 3707 4491 ἐτί-

2119 4533 2221 4587 θει.
2253 4534 2440 4594 Πᾶσαν
2468 4533 2579 4604 γὰρ
2608 4533 2814 4587 ὑδάτων
2849 4531 3200 4602 ἀποξηράνας
3228 4530 3513 4593 σύστασιν,
3537 4529 3708 4598 ἱππή-

2118 4621 2276 4676 λατον
2325 4623 2510 4686 αὐτοῖς
2555 4622 2802 4692 ἀπέφηνε
2841 4623 2939 4692 τὴν
2973 4621 3167 4693 ὑγράν.
3198 4620 3371 4673 Τοῦτο
3415 4614 3573 4688 οἶμαι
3617 4620 3712 4688 δη-

2118 4713 2243 4767 λοῦν
2272 4715 2364 4767 τὸν
2390 4715 2678 4786 προφήτην
2702 4716 2760 4768 ἐν
2785 4715 3021 4767 τουτοισὶ
3046 4713 3291 4781 λέγοντα’
3321 4709 3438 4764 Νῦν
3462 4711 3515 4763 οἱ
3549 4727 3714 4765 ποτα-

2053 4843 2093 4896 D
2125 4808 2217 4876 μοι
2247 4806 2346 4877 τῆς
2391 4805 2496 4875 γῆς
2535 4806 2756 4868 πάντες,
2786 4805 2864 4867 ὡς
2910 4804 3063 4873 χώρα
3108 4801 3538 4872 κατοικουμένη,
3583 4816 3713 4855 κατ-

2125 4898 2474 4968 οικηθήσεται
2491 4898 2527 4967 ἡ
2545 4896 2699 4966 χώρα
2725 4895 2925 4950 αὐτῶν.
2952 4895 3033 4948 Ta
3056 4894 3164 4967 γάρ
3186 4910 3269 4946 τοι
3295 4893 3522 4963 πλόϊμα,
3552 4893 3708 4962 φησὶ,

2121 4992 2217 5044 καὶ
2245 4990 2331 5044 ἀεί
2363 5007 2481 5053 πως
2514 4989 2657 5060 ὑγρά
2693 4988 2801 5042 τῶν
2847 4987 3062 5059 χωρίων
3097 4987 3249 5040 ἔσται
3282 4984 3530 5042 τοιαῦτα.
3568 4982 3709 5036 κατά

2121 5078 2213 5132 τὴν
2229 5078 2320 5131 τοῦ
2342 5078 2577 5148 πολέμου
2606 5077 2817 5149 καιρὸν,
2841 5077 2916 5141 ὡς
2938 5077 3113 5131 δοκεῖν
3135 5076 3235 5148 ἤδη
3258 5092 3377 5139 πως
3404 5075 3501 5129 καὶ
3528 5074 3707 5144 χώρτνν

2125 5166 2264 5224 εἶναι
2300 5171 2744 5241 κατοικουμένην.
2767 5170 2855 5223 διὰ
2903 5169 3122 5233 παντὸς,
3157 5170 3252 5224 καὶ
3292 5168 3488 5241 χέρσον
3524 5167 3706 5229 ἁπλῶς

441 5279 648 5334 ὑδάτων
678 5278 903 5350 ἔρημον.
929 5276 995 5329 Τί
1026 5274 1134 5346 γὰρ
1163 5272 1266 5325 οὐκ
1306 5270 1371 5325 ἂν
1409 5268 1626 5322 δύναιτο
1665 5264 1967 5337 κατορθοῦν
2002 5266 2035 5335 ἡ
2075 5263 2195 5318 θεία
2225 5281 2284 5318 τε
2318 5266 2412 5318 καὶ
2440 5265 2724 5336 παναλκὴς
2748 5306 2763 5328 ,
2798 5265 2894 5319 καὶ
2926 5263 3176 5320 ἀνοτάτω
3209 5262 3401 5335 φύσιςς

515 5389 678 5453 Quasi
719 5389 771 5443 in
812 5389 1019 5457 signum
1047 5385 1112 5437 de
1146 5390 1318 5435 monte
1357 5379 1639 5441 (arabitur,
1683 5376 1835 5447 quasi
1884 5374 2022 5427 tuba:

442 5496 566 5544 vox,
600 5480 694 5534 sub
727 5480 968 5533 auditum
992 5477 1165 5531 cadet.

519 5593 615 5647 liei
667 5593 918 5647 militaris
978 5590 1142 5645 duces
1199 5588 1320 5644 belli
1376 5596 1644 5655 tempore,
1705 5582 1757 5635 itt
1804 5579 2023 5634 tumulis

445 5684 713 5755 quosdam
743 5690 1012 5747 statuunt,
1041 5691 1097 5735 et
1121 5680 1315 5748 iubent
1343 5676 1640 5734 identidem
1673 5673 1885 5741 signum
1920 5672 2020 5726 tol.

448 5775 565 5834 lere
598 5791 612 5830 :
643 5788 764 5847 quae
796 5787 884 5831 res
925 5767 1272 5827 manifestum
1313 5778 1395 5824 est
1419 5776 1612 5824 caueto
1646 5761 1907 5818 exercitui
1949 5762 2015 5815 si-

2208 5373 2366 5429 Ὧσεὶ
2405 5374 2659 5444 σημεῖον
2686 5375 2806 5430 ἀπὸ
2845 5375 3023 5444 ὅρους
3053 5373 3228 5444 ἀρθῇ,
3260 5375 3341 5440 ὡς
3372 5371 3705 5444 σάλπιγγος

1998 5485 2013 5503 ι·
2125 5466 2317 5536 φωνὴ,
2342 5467 2651 5523 ἀκουστὸν
2676 5467 2870 5522 ἔσται.

2197 5581 2259 5632 Οἱ
2288 5580 2396 5632 τῶν
2426 5579 2696 5634 τακτικῶν
2723 5580 3037 5652 ἡγούμενοι,
3071 5580 3213 5634 κατά
3239 5581 3330 5634 τὸν
3360 5580 3452 5634 τοῦ
3472 5578 3709 5648 πολέμου

2128 5672 2319 5743 καιρὸν
2340 5674 2397 5727 ὲν
2426 5673 2682 5743 γηλόφοις
2713 5673 2960 5736 ἱστάντες
2982 5673 3152 5736 τινὰς,
3176 5671 3429 5741 αἴρεσθαι
3459 5668 3710 5723 πλειστά-

2130 5780 2214 5827 κις
2244 5765 2455 5819 ποιοῦσι
2490 5768 2733 5839 σημεῖον·
2770 5767 2864 5821 καὶ
2891 5764 3140 5835 σύνθημα
3178 5761 3339 5817 τοῦτο
3376 5764 3443 5835 τῇ
3486 5757 3710 5833 στρατιᾷ
