4166 6296
467 243 559 296 ιῖι

1458 249 1517 300 S.
1562 244 1836 299 CYRILLI
1875 240 2179 297 ALEXANI'
2206 238 2344 293 RlNl
2384 239 2702 296 ARCIHEP.

3622 244 3734 298 432

464 361 725 430 pietatem
752 361 910 432 quasi
937 362 1252 433 illaqueata,
1289 380 1381 432 per
1413 364 1570 419 (idem
1600 363 1851 418 videlicet
1893 362 2042 415 Chri-

2155 359 2250 410 καὶ
2300 360 2697 424 σεσαγήνευται
2744 358 2878 429 πρὸς
2919 358 3240 422 εὐσέϐειαν,
3284 358 3372 413 διὰ
3402 358 3637 423 πίστεως
3674 361 3731 413 δὲ

463 452 721 520 stianam,
745 456 1413 523 quantumvismultorum
1464 456 1687 510 deorum
1731 455 1952 516 cultrix,
1989 463 2043 508 et

463 542 670 598 erroris
710 547 903 599 morbo
951 546 1257 615 prodigiose
1312 544 1527 610 aliecta,
1585 547 1781 599 docere
1852 545 2044 597 nititur

463 634 614 688 bisce
643 636 820 691 verbis
850 639 1136 706 propheta.
1163 636 1326 691 Erant
1364 638 1564 692 etenim
1597 649 1848 706 tanquam
1876 636 2041 706 282

464 721 747 794 profundis
779 728 1016 783 tenebris
1033 730 1235 794 obruti,
1265 739 1454 783 natura
1480 730 1645 785 Deum
1672 737 1728 784 et
1763 744 1888 783 vere
1920 729 2044 782 uni-

467 816 745 872 versitatis
795 820 1154 874 architectum
1189 834 1241 874 et
1292 821 1576 875 Dominum
1625 835 1852 889 prorsus
1892 820 2043 889 igno-

465 916 684 973 rantes,
750 918 1013 964 creatura:
1058 912 1462 966 venerationem
1496 913 1896 974 attribuentes,
1954 918 2040 974 et,

466 1001 610 1066 quod
635 999 814 1055 adhuc
842 1002 1134 1057 absurdius
1166 1011 1272 1067 est,
1306 1018 1526 1058 suorum
1559 1005 1782 1058 deorum
1806 1001 2043 1056 artiﬁces

468 1106 591 1146 esse
624 1091 1185 1160 deprehendehantur,
1216 1108 1270 1149 et
1294 1096 1609 1166 multiplicia
1628 1095 1891 1150 idolorum
1911 1109 2044 1148 exa-

470 1184 614 1237 mina
646 1186 698 1237 in
734 1184 972 1239 delubris
999 1187 1220 1252 habere,
1245 1197 1299 1240 et
1329 1188 1685 1241 animantium
1714 1186 1924 1241 ratione
1954 1200 2044 1241 ca-

465 1276 699 1327 rentium
752 1274 953 1344 ﬁguras
974 1272 1245 1346 ell'ingere,
1281 1286 1334 1332 et
1368 1279 1569 1333 erectis
1625 1277 1905 1342 altaribus,
1937 1277 2045 1331 illis

466 1365 1070 1437 saeriiicare.0portuit
1102 1385 1231 1438 ergo
1256 1372 1566 1425 abundante
1583 1370 1635 1424 in
1661 1370 1768 1424 illis
1786 1380 2038 1438 peccato,

468 1456 915 1526 superabundarc
948 1459 1197 1526 gratiam,
1233 1469 1287 1514 et
1314 1470 1421 1513 tam
1442 1460 1652 1515 infenso
1678 1462 1865 1515 morbo
1894 1459 2041 1514 labo-

464 1547 720 1601 rantibus
768 1545 1081 1603 illucescere
1124 1550 1409 1611 medicum.
1445 1558 1499 1603 et
1534 1549 1697 1604 corde
1723 1548 2045 1605 obtenebra-

466 1637 538 1691 tis
563 1636 807 1692 divinum
839 1638 1019 1694 lumen
1063 1649 1224 1709 atque
1252 1640 1470 1697 caeleste
1507 1640 1883 1695 inclarescere.
1906 1640 2043 1694 Ecce

2149 449 2387 520 δηλονότι
2408 450 2503 519 τῆς
2529 451 2586 502 ἐν
2614 448 2857 520 Χριστῷ,
2881 449 3056 503 καίτοι
3078 450 3337 513 πολύθεος
3364 450 3458 504 καὶ
3488 451 3733 515 ἐκτόπως

2149 542 2380 596 νοσοῦσα
2411 541 2510 613 τὴν
2542 542 2772 612 πλάνην,
2808 543 3064 613 πειρᾶται
3093 540 3364 600 διδάσκειν
3392 545 3421 595 ό
3446 546 3735 614 προφήτης

2149 633 2206 683 ἐν
2235 632 2464 695 τούτοις.
2510 626 2691 684 Ἦσαν
2739 630 2837 702 μὲν
2879 630 2988 701 γὰρ
3030 623 3227 700 οἷάπερ
3259 632 3316 683 ἐν
3348 630 3525 700 σκότῳ
3559 629 3730 699 βαθεῖ,

2148 724 2242 777 τὸν
2285 724 2383 794 μὲν
2418 721 2577 792 φύσει
2608 722 2740 775 Θεὸν
2765 722 2859 775 καὶ
2892 721 3109 793 ἀληθῶς
3154 721 3285 776 ὄντα
3320 722 3430 776 τῶν
3459 722 3598 776 ὅλων
3635 722 3731 791 δη-

2153 816 2414 888 μιουργὸν
2439 816 2533 868 καί
2563 814 2766 886 Κύριον
2790 814 3122 885 ἠγνοηκότες
3143 813 3442 877 παντελῶς,
3467 814 3734 868 ἀνάπτον-

2148 925 2241 971 τες
2275 907 2331 959 δὲ
2366 908 2435 978 τῇ
2475 905 2652 959 κτίσει
2683 905 2743 958 τὸ
2764 904 2960 966 σέϐας’
3001 904 3098 958 καὶ
3133 904 3194 958 τὸ
3225 905 3307 958 ἔτι
3332 905 3524 959 τούτου
3554 923 3734 976 παρα-

2148 996 2484 1066 λογώτερον,
2543 995 2860 1066 τεχνουργοὶ
2921 994 3031 1048 τῶν
3080 994 3226 1049 ίδίων
3290 995 3733 1065 ἀναδεικνύμενοι

2150 1090 2309 1151 θεῶν,
2334 1088 2426 1142 καὶ
2450 1087 2796 1159 πολύμορφον
2828 1087 3061 1143 εἰδώλων
3090 1087 3256 1157 ἐσμὸν
3281 1089 3340 1141 ἐν
3368 1091 3480 1152 τοῖς
3506 1105 3563 1141 τε
3573 1089 3730 1158 μένε-

2153 1194 2238 1229 σιν
2265 1176 2498 1247 ἒχοντες,
2514 1172 2587 1239 ὡς
2605 1177 2699 1229 καὶ
2715 1174 2868 1240 ζώων
2886 1176 3095 1245 ἀλόγων
3125 1174 3486 1230 ἀναπλάττειν
3503 1177 3728 1242 τύπους,

2152 1271 2247 1323 καὶ
2271 1267 2489 1339 βωμοὺς
2527 1267 2778 1331 ἱστάντας
2822 1267 3113 1322 καταθύειν
3139 1268 3343 1331 αὐτοῖς.
3374 1265 3521 1321 Ἔδει
3548 1269 3731 1323 τοίνυν

2152 1360 2550 1430 πλεοναζούσης
2575 1362 2631 1412 ἐν
2669 1360 2850 1423 αὐτοῖς
2878 1359 3150 1431 ἁμαρτίας
3172 1402 3188 1423 ,
3227 1360 3728 1430 ὑπερπερισσεῦσαι

2151 1451 2249 1523 τὴν
2271 1453 2450 1522 χάριν,
2484 1451 2578 1505 καὶ
2610 1454 2720 1516 τοῖς
2748 1450 2921 1516 οὕτως
2965 1451 3227 1522 ἐχθίστως
3258 1452 3574 1524 νενοσηκόσι
3609 1454 3731 1507 ἐπι-

2151 1543 2361 1614 λάμψαι
2391 1542 2483 1596 τὸν
2519 1542 2723 1613 ἰατρὸν,
2748 1542 2842 1596 καὶ
2877 1544 2988 1605 τοῖς
3014 1543 3112 1613 τὴν
3146 1541 3373 1613 καρδίαν
3410 1559 3730 1596 κατεσκοτι-

2153 1634 2371 1704 σμένοις
2417 1633 2478 1686 τὸ
2521 1634 2663 1688 θεῖόν
2683 1649 2743 1687 τε
2770 1630 2864 1687 καὶ
2907 1633 3156 1704 οὐράνιον
3208 1633 3545 1704 ἐναστράψαι
3590 1633 3722 1703 φῶς.

464 1726 651 1797 igitur,
679 1729 876 1799 inquit,
923 1728 1183 1784 Dominus
1205 1731 1403 1785 residet
1441 1731 1494 1785 in
1540 1728 1680 1785 nube
1717 1729 1841 1795 levi,
1873 1741 1929 1784 et
1951 1745 2042 1784 ve-

2161 1726 2289 1780 Ἰδοὺ
2321 1725 2520 1791 τοίνυν,
2554 1727 2708 1798 φησὶ,
2733 1725 2937 1796 Κύριος
2963 1724 3197 1794 κάθηται
3227 1726 3319 1778 ἐπὶ
3348 1724 3576 1796 νεφέλης
3598 1718 3727 1780 κού-

463 1820 576 1874 niet
599 1824 652 1874 in
677 1818 992 1891 Egyptian).
1029 1821 1167 1888 Quid
1201 1831 1381 1877 autem
1420 1823 1523 1877 sibi
1550 1823 1660 1876 vult
1684 1823 1739 1877 in
1776 1824 1917 1877 nube
1937 1820 2041 1876 levi

466 1912 709 1981 conspici
735 1911 1022 1967 Dominum
1047 1912 1071 1965 ?
1099 1916 1211 1983 Age
1239 1914 1484 1968 dicamus
1515 1915 1690 1983 quoad
1719 1915 2038 1984 poterimus.

464 2000 692 2067 Quidam
747 2003 1070 2073 interpretes
1114 2002 1287 2059 levem
1338 1988 1591 2059 dixerunt
1644 2019 1771 2059 esse
1821 2005 2039 2071 nubem,

462 2103 707 2148 sanctam
744 2094 956 2149 Domini
992 2110 1235 2162 carnem,
1282 2096 1333 2148 id
1379 2105 1482 2159 est,
1513 2110 1581 2150 ex
1620 2095 1840 2165 Virgine
1895 2110 2043 2150 sum-

463 2195 612 2252 ptum
643 2186 1402 2257 templum,unprapterea
1449 2185 1633 2241 forsan
1684 2186 1817 2242 nubi
1863 2185 2045 2242 confe-

464 2284 611 2339 runt,
641 2276 784 2344 quod
829 2289 860 2328 a
893 2276 1121 2330 terrenis
1160 2276 1492 2331 motiotiibus
1542 2291 1608 2331 ac
1652 2275 2043 2345 cupiditatibus

465 2366 747 2430 liberetur,
776 2376 831 2420 et
859 2383 1072 2421 sursum
1102 2365 1248 2421 velut
1290 2382 1352 2421 ac
1413 2367 1464 2421 in
1504 2367 1668 2420 altum
1718 2366 1913 2421 evolet.
1949 2367 2044 2421 Est

461 2458 607 2512 enim
629 2460 850 2514 omnino
882 2460 1231 2530 purissimum
1263 2460 1519 2529 omnique
1544 2460 1787 2514 terrestri
1815 2459 2043 2514 immun-

465 2550 595 2604 ditia
627 2549 881 2615 liberum,
906 2566 969 2604 ac
1013 2551 1253 2605 immune
1298 2561 1547 2605 sanctum
1578 2565 1774 2620 corpus
1799 2551 2041 2604 omnium

467 2651 710 2695 nostrum
735 2638 1045 2694 Servatoris
1073 2640 1296 2695 Christi.
1341 2639 1445 2692 Alii
1499 2654 1688 2693 rursus
1733 2638 1906 2693 levem
1941 2653 2044 2693 no-

466 2731 659 2784 minari
690 2734 885 2785 nubem
908 2739 1257 2784 autumarunt
1286 2739 1529 2784 sanctam
1561 2728 1856 2798 Virginem.
1880 2728 2046 2798 Equi-

465 2822 586 2876 dem
619 2836 817 2876 censeo
843 2821 1065 2876 alterius
1094 2821 1372 2892 cujusdam
1403 2836 1594 2877 sensus
1631 2821 2040 2892 amplitudinem

465 2913 622 2968 nobis
667 2913 1023 2978 subindicari,
1070 2914 1196 2976 dum
1231 2928 1351 2968 eum
1387 2916 1517 2969 dicit
1578 2914 1703 2970 nubi
1749 2916 1853 2971 levi
1911 2915 2044 2970 insi-

467 3007 616 3060 dere.
644 3003 995 3058 Multii'ariatn
1029 3005 1173 3060 enim
1228 3004 1370 3060 beati
1403 3007 1675 3076 propheta:
1705 3008 2040 3077 majestatem

465 3095 675 3151 Domini
724 3096 1017 3167 conspicati
1060 3097 1294 3152 visiones
1338 3099 1802 3168 conscripserunt.
1875 3099 2041 3155 Isaias

464 3189 607 3242 enim
641 3188 692 3242 in
726 3187 860 3243 solio
880 3187 1023 3244 celso
1050 3198 1104 3244 et
1131 3188 1341 3243 elevato
1371 3189 1500 3243 dicit
1529 3201 1878 3258 conspectum
1921 3205 2045 3247 esse

469 3281 753 3335 Dominum
792 3280 1052 3344 Sabaoth,
1098 3280 1367 3350 supremis
1428 3282 1782 3350 potestatibus
1836 3282 2045 3337 ratione

465 3373 706 3441 praeditis
728 3371 1084 3441 undequaque
1099 3372 1599 3436 circumstantibus,
1627 3387 1691 3427 ac
1714 3373 1948 3443 hymnos
1966 3373 2043 3427 illi

465 3462 831 3525 cantantibus,
868 3462 1179 3533 cmlumque
1225 3477 1289 3517 ac
1338 3472 1542 3515 terram
1605 3462 1887 3530 majestate
1929 3462 2044 3531 eius

466 3555 658 3623 repleri
702 3555 1008 3610 dicentibus
1052 3554 1120 3609 ".
1184 3555 1629 3624 Sapientissitnus
1681 3556 1810 3609 item
1856 3555 2043 3611 Daniel

462 3648 757 3717 Antiquum
795 3648 1003 3703 dierum
1034 3648 1088 3702 in
1147 3646 1283 3702 solio
1321 3647 1572 3711 collocat,
1618 3660 1682 3700 ac
1707 3645 1854 3700 mille
1880 3646 2043 3700 millia

463 3741 511 3795 ei
540 3741 849 3794 ministrare
877 3739 1174 3803 contendit,
1195 3755 1259 3794 ac
1291 3738 1434 3793 mille
1485 3737 1757 3807 myriadas
1809 3737 2045 3792 circum-

464 3842 615 3888 stare
636 3832 852 3897 asserit,
872 3840 927 3886 et
961 3832 1133 3885 visum
1152 3845 1273 3886 esse
1294 3830 1445 3900 quasi
1492 3828 1687 3883 Filium
1726 3828 1960 3884 hominis
1988 3829 2041 3882 in

468 3921 706 3977 nubibus
756 3922 1084 3987 venientem,
1150 3922 1362 3992 aliaque
1415 3920 1594 3990 posuit
1659 3921 1911 3989 deinceps
1959 3919 2044 3975 his

464 4009 829 4071 consentanea
863 4012 932 4068 ".
970 4012 1222 4068 Ezechiel
1267 4013 1518 4068 similiter
1550 4011 1948 4066 ﬁrmamentum
1980 4026 2043 4067 se

462 4107 540 4160 ait
570 4106 790 4172 vidisse,
829 4105 1113 4174 Seraphim
1138 4104 1419 4175 subjectis,
1448 4122 1513 4161 ac
1538 4105 1591 4160 in
1633 4106 1828 4160 throno
1861 4104 2041 4160 homi-

465 4214 589 4254 nem
618 4213 740 4254 esse
764 4199 1069 4263 visum,seu
1089 4200 1324 4269 speciem
1353 4198 1607 4262 hominis,
1629 4196 1780 4266 cujus
1808 4211 2040 4268 superna

462 4290 664 4346 electro
695 4289 823 4344 dicit
877 4304 998 4345 esse
1029 4290 1248 4356 similia,
1277 4306 1307 4345 a
1338 4291 1519 4346 lumbo
1546 4300 1726 4344 autem
1781 4288 1849 4343 ad
1879 4288 2041 4359 pedes

2146 1836 2273 1890 φης,
2301 1820 2395 1871 καὶ
2418 1818 2537 1890 ἣξει
2566 1819 2646 1881 είς
2677 1816 2972 1885 Αἴγυπτον.
3002 1816 3164 1871 Ἀλλά
3187 1816 3240 1869 τί
3263 1817 3328 1871 ἂν
3350 1816 3592 1887 βούλοιτο
3621 1834 3727 1871 πα-

2147 1904 2410 1976 ραδηλοῦν
2437 1906 2498 1959 τὸ
2514 1907 2605 1959 ἐπὶ
2627 1906 2859 1976 νεφέλης
2882 1905 3090 1977 κούφης
3120 1906 3348 1977 ὁρᾶσθαι
3377 1905 3470 1960 τδν
3486 1906 3687 1978 Κύριον
3707 1923 3726 1972 ;

2142 1999 2276 2069 Φέρε
2300 1999 2545 2069 λέγωμεν
2572 1994 2644 2062 ὡς
2662 1998 2762 2051 ἔνι’
2788 1997 2944 2061 Τινὲς
2966 1998 3066 2068 μὲν
3090 1999 3198 2052 τῶν
3217 2000 3495 2071 ἐξηγητῶν
3516 2000 3727 2071 κούφην

2143 2090 2353 2162 ἔφησαν
2385 2086 2524 2146 εἶναι
2559 2091 2787 2163 νεφέλην
2819 2090 2918 2162 τὴν
2946 2091 3109 2160 ἁγίαν
3154 2092 3247 2145 τοῦ
3281 2093 3486 2167 Κυρίου
3522 2094 3724 2162 σάρκα,

2143 2183 2288 2236 τουτ’
2321 2182 2457 2245 ἔστι,
2491 2183 2583 2236 τὸν
2607 2184 2672 2235 ἐκ
2692 2183 2791 2253 τῆς
2821 2182 3101 2254 Παρθένου
3131 2182 3403 2254 ληφθέντα
3429 2184 3589 2238 ναόν·
3629 2186 3726 2239 καὶ.

2144 2273 2344 2345 νεφέλῃ
2375 2273 2793 2345 παρεικάζουσι,
2824 2273 2993 2328 διάτοι
3015 2274 3076 2328 τὸ
3097 2276 3440 2347 ἀπηλλάχθαι
3462 2277 3603 2348 τάχα
3622 2295 3724 2331 που

2145 2363 2462 2433 κινημάτων
2492 2367 2587 2418 καὶ
2636 2363 2938 2435 ἐπιθυμιῶν
2981 2366 3092 2421 τῶν
3116 2368 3494 2440 γεωδεστέρων
3532 2371 3644 2424 άνω
3663 2387 3724 2424 τε

2144 2456 2241 2509 καὶ
2273 2454 2463 2526 ὥσπερ
2490 2455 2642 2525 ὑψοῦ.
2670 2458 2948 2527 Πάναγνον
2982 2459 3092 2531 γὰρ
3125 2460 3341 2531 ἀληθῶς
3382 2463 3478 2516 καὶ
3505 2462 3724 2535 ἀπάσης

2148 2546 2382 2615 γεώδους
2433 2547 2777 2620 ἀκαθαρσίας
2817 2550 3232 2621 ἀπηλλαγμένον
3263 2552 3325 2605 τὸ
3361 2551 3517 2623 ἅγιον
3564 2554 3725 2627 σῶμα

2144 2638 2239 2691 τοῦ
2275 2640 2492 2693 πάντων
2535 2640 2692 2711 ἡμῶν
2726 2643 2978 2713 Σωτῆρος
3029 2644 3285 2715 Χριστοῦ.
3329 2645 3548 2717 ’Έτεροι
3575 2646 3633 2703 δέ
3654 2644 3722 2703 αῦ

2146 2729 2357 2802 κούφην
2401 2732 2715 2801 ὠνομάσθαι
2760 2733 2992 2804 νεφέλην
3044 2734 3376 2805 ὑπειλήφασι
3416 2737 3515 2809 τὴν
3560 2739 3726 2808 ἀγίαν

2147 2821 2438 2894 Παρθένον.
2468 2818 2634 2893 Οἶμαι
2652 2822 2708 2876 δὲ
2740 2822 2916 2893 ἔγωγε
2939 2826 3080 2895 τάχα
3111 2841 3213 2879 που
3246 2826 3337 2879 καὶ
3363 2827 3567 2899 ἐτέρων
3592 2831 3727 2902 ἡμῖν

2146 2913 2364 2968 ἐννοιῶν
2398 2913 2746 2985 ύποσημῆναι
2774 2914 2993 2980 πλάτος,
3037 2915 3098 2969 τὸ
3124 2917 3215 2971 ἐπὶ
3248 2918 3479 2992 νεφέλης
3519 2921 3727 2995 κούφης

2147 3003 2419 3077 καθῆσθαι
2448 3006 2628 3075 λέγειν
2661 3007 2845 3062 αὐτόν.
2884 3008 3246 3081 Πολυτρόπως
3274 3011 3372 3083 μὲν
3413 3014 3523 3086 γὰρ
3551 3016 3600 3068 ot
3624 3033 3726 3087 μα-

2149 3096 2331 3168 κάριοι
2363 3098 2664 3169 προφῆται,
2689 3098 2788 3169 τὴν
2817 3099 2913 3153 τοῦ
2947 3100 3082 3154 Θεοῦ
3106 3101 3264 3168 δόξαν
3295 3103 3723 3176 καταθεώμενοι,

2147 3191 2458 3261 γεγράφασι
2505 3191 2605 3255 τὰς
2640 3192 2880 3262 ὁράσεις.
2944 3194 3003 3247 '0
3055 3194 3157 3265 μὲν
3205 3196 3314 3267 γάρ
3360 3197 3589 3262 Ἡσαΐας
3633 3201 3727 3252 ἐπὶ

2148 3279 2335 3352 θρόνου
2375 3280 2578 3351 ύψηλοῦ
2623 3281 2718 3335 καὶ
2760 3283 3070 3353 ἐπηρμένου
3114 3284 3405 3340 τεθεᾶσθαι
3456 3305 3591 3359 φησι
3634 3289 3724 3343 τδν

2118 3418 2121 3422 ί
2147 3373 2351 3445 Κύριον
2370 3373 2620 3438 Σαϐαὼθ,
2642 3375 3021 3444 περιεστώτων
3047 3379 3104 3430 ἐν
3127 3378 3314 3450 κύκλῳ
3338 3379 3444 3434 τῶν
3469 3382 3725 3437 ἀνωτάτω

2146 3463 2426 3534 δυνάμεων
2450 3462 2703 3532 λογικῶν,
2720 3465 3133 3536 ύμνολογουσῶν
3155 3484 3215 3520 τε
3244 3468 3432 3536 αὐτὸν,
3463 3470 3648 3543 πλήρη
3666 3490 3723 3525 τε

2146 3552 2287 3608 εἶναι
2322 3555 2595 3624 λεγουσῶν
2639 3557 2732 3610 τὸν
2774 3556 3004 3627 οὐρανὸν
3044 3558 3138 3611 καὶ
3174 3558 3271 3630 τὴν
3308 3560 3413 3631 γῆν
3440 3564 3541 3633 τῆς
3569 3562 3750 3632 δόξης,

2145 3646 2334 3701 αὐτοῦ.
2377 3648 2435 3700 '0
2459 3647 2517 3701 δέ
2557 3664 2620 3716 γε
2663 3649 2940 3718 πάνσοφος
2986 3648 3187 3720 Δανιὴλ
3215 3650 3446 3705 Παλαιὸν
3501 3653 3722 3725 ἡμερῶν

2146 3739 2239 3791 ἐπὶ
2289 3738 2480 3809 θρόνου
2526 3734 2776 3803 καθίζει·
2809 3739 2984 3809 χιλίας
3010 3757 3071 3794 τε
3107 3741 3347 3810 χιλιάδας
3394 3742 3723 3817 λειτουργεῖν

2145 3829 2294 3900 αύτῷ
2325 3830 2670 3896 διατείνεται,
2694 3832 2790 3886 καὶ
2831 3831 3030 3904 μυρίας
3069 3834 3337 3904 μυριάδας
3374 3838 3721 3907 περιεστάναι

2146 3922 2309 3993 φησί·
2342 3922 2631 3976 τεθεᾶσθαι
2660 3922 2717 3976 δὲ
2740 3923 2834 3976 καὶ
2864 3923 2938 3988 ὡς
2964 3924 3093 3979 Υίὸν
3128 3925 3415 4000 ἀνθρώπου
3443 3928 3585 3999 μετά
3615 3928 3721 3984 τῶν

2143 4012 2382 4082 νεφελῶν
2415 4013 2749 4093 ἐρχόμενον,
2774 4015 2867 4068 καὶ
2898 4017 2965 4070 τὰ
2984 4016 3195 4083 τούτοις
3229 4018 3474 4074 τέθεικεν
3502 4022 3720 4093 ἐφεξῆς.

2157 4103 2415 4175 Ἰεζεχιὴλ
2444 4104 2500 4157 δέ
2528 4092 3073 4178 ὁμοίωςστερέωμα,
3107 4110 3292 4181 φησὶν,
3340 4111 3470 4179 ίδεν,
3501 4092 3722 4170 timaret-

2147 4194 2323 4264 μένων
2359 4194 2468 4249 τῶν
2498 4193 2814 4267 Σαραφείμ·
2869 4180 2962 4252 ἐπὶ
3003 4180 3192 4270 θρόνου
3234 4202 3291 4256 δὲ
3324 4204 3612 4277 ἄνθρωπον
3639 4224 3727 4260 τε·

2144 4283 2391 4347 θεᾶσθαι,
2419 4284 2538 4356 ἦτοι
2561 4279 2700 4348 εἶδος
2723 4284 3013 4356 ἀνθρώπου
3033 4327 3047 4353 ,
3090 4283 3152 4342 εὖ
3178 4292 3249 4345 τὰ
3278 4293 3379 4363 μὲν
3406 4295 3520 4351 ἀνω
3558 4300 3723 4369 φησὶν

462 4396 633 4451 usque
664 4381 815 4451 quasi
846 4390 1120 4452 aspectum
1165 4381 1307 4451 ignis
1351 4381 1419 4434 ⁸².
1479 4380 1686 4446 Quibus
1735 4379 2035 4435 visionibus

2146 4377 2393 4448 ἠλέκτρῳ
2418 4379 2818 4450 προσεοικέναι,
2849 4379 2913 4433 τό
2931 4398 2995 4450 γε
3020 4381 3128 4453 μὴν
3152 4384 3211 4452 ἐξ
3232 4386 3429 4456 ὀσφύος
3451 4390 3533 4452 είς
3559 4391 3723 4455 πόδας

463 4470 688 4541 singulis
714 4471 1076 4527 manifesmtio
1102 4469 1351 4540 quaedam
1376 4479 1431 4524 et
1466 4469 1670 4539 eiligies
1699 4470 1891 4525 divina:
1934 4485 2048 4524 nia-

458 4558 698 4628 jcstatis,
731 4571 786 4618 ct
857 4564 1101 4635 mysterii
1157 4565 1225 4616 de
1275 4561 1517 4624 Christo,
1568 4561 1844 4631 eleganter
1894 4562 2049 4616 nobis

469 4653 867 4709 subindicatnr.
899 4652 1045 4706 Nihil
1071 4652 1235 4721 igitur
1254 4653 1436 4707 obstat
1459 4652 1622 4706 etiam
1658 4652 1714 4705 in
1761 4652 1865 4707 hoc
1891 4652 2050 4707 Chri-

467 4752 609 4796 stum
638 4744 690 4797 in
709 4745 812 4798 levi
847 4743 986 4799 nube
1011 4751 1359 4813 conspectum
1392 4742 1712 4814 intelligere,
1748 4742 1911 4814 283
1942 4743 2050 4798 imo

463 4837 899 4891 commodissime
935 4837 1026 4891 liet
1052 4836 1153 4891 hoc
1185 4848 1235 4892 et
1262 4835 1593 4892 necessario.
1628 4836 1836 4890 Etenim
1878 4835 2046 4891 nubes

466 4938 648 4999 typum
685 4926 877 4997 pluvia:
904 4937 958 4983 et
986 4930 1126 4983 roris
1158 4928 1475 4998 spirituaiis,
1495 4928 1772 4999 ipsiusque
1796 4928 2047 4984 salutaris

468 5019 668 5074 lavacri
702 5019 856 5074 nobis
891 5019 1048 5091 plene
1100 5030 1472 5090 reprarseutat.
1518 5019 1796 5089 Siquidem
1856 5020 2044 5075 beatus

467 5108 668 5166 Paulus
692 5113 953 5183 sanguine
978 5112 1275 5168 lsraelitico
1305 5123 1456 5170 ortos
1478 5114 1529 5167 in
1558 5112 1702 5168 nube
1733 5122 1786 5167 et
1817 5111 1871 5166 in
1907 5111 2043 5166 mari

469 5203 599 5255 dicit
640 5203 805 5257 fuisse
835 5203 1163 5273 baptizatos,
1187 5211 1243 5256 et
1269 5212 1476 5257 vastam
1509 5201 1652 5257 illam
1692 5200 2038 5257 solitudinem

464 5296 891 5362 transeuntibus,
943 5295 1176 5350 interdiu
1236 5295 1409 5349 nubes
1463 5291 1826 5363 impendebat,
1877 5300 2037 5346 noetu

464 5387 715 5441 columna
769 5387 911 5456 ignis
948 5387 1280 5456 prmcedebat
1315 5385 1383 5439 ⁸³.
1422 5386 1541 5453 Quo
1575 5395 1801 5455 utroque
1832 5381 2039 5439 descri-

463 5486 584 5547 ptus
637 5489 721 5535 est
756 5464 1024 5543 Christus,
1082 5491 1176 5533 seu
1213 5479 1279 5533 de
1314 5477 1429 5548 ipso
1467 5476 1809 5547 mysterium,
1847 5487 2040 5543 nempe

2145 4466 2219 4532 ὡς
2246 4469 2432 4539 ὅρασις
2462 4470 2651 4540 πυρός.
2695 4469 2934 4544 Ἐκάστῃ
2958 4472 3016 4526 δὲ
3037 4473 3146 4528 τῶν
3173 4476 3431 4532 τοιούτων
3455 4480 3720 4551 ὀράσεων,

2145 4559 2382 4631 ἔμφασίν
2418 4578 2541 4614 τινα
2564 4561 2721 4632 δόξης
2752 4562 2854 4632 τῆς
2879 4563 3243 4637 θεοπρεποῦς,
3290 4571 3385 4624 καὶ
3418 4574 3722 4646 μυστηρίου

2146 4650 2241 4703 τοῦ
2265 4651 2405 4704 κατά
2429 4651 2684 4722 Χριστὸν,
2714 4650 2948 4718 ἀστείως
2976 4656 3108 4726 ἡμῖν
3138 4659 3534 4717 ὑπαινίττεται.
3555 4664 3722 4719 Οὐδὲν
3764 4690 3769 4693 ·

2146 4736 2239 4795 οὖν
2270 4740 2378 4814 ἀρα
2423 4742 2485 4796 τὸ
2520 4742 2727 4797 κωλύον
2769 4747 2872 4800 κάν
2918 4747 3091 4819 τούτῳ
3140 4754 3315 4815 νοεῖν,
3352 4754 3446 4808 ἐπὶ
3497 4756 3724 4828 νεφέλης

2149 4831 2359 4903 κούφης
2382 4833 2669 4888 τεθεᾶσθαι
2695 4835 2787 4889 τὸν
2824 4836 3030 4908 Κύριον
3053 4880 3067 4905 ,
3105 4843 3507 4912 χρειωδέστατά
3541 4864 3602 4900 τε
3634 4849 3725 4903 καὶ

2145 4923 2482 4992 ἀναγκαίως.
2538 4926 2874 4999 Ἀποπληροτ
2919 4928 3024 5002 γάρ
3078 4933 3213 5002 ἡμῖν
3243 4936 3276 5004 ἠ
3313 4936 3513 5009 νεφέλη
3554 4939 3726 4993 τύπον

2146 5013 2301 5068 ὑετοῦ
2335 5032 2396 5068 τε
2435 5017 2527 5069 καὶ
2553 5017 2746 5089 δρόσου
2791 5023 3188 5093 πνευματικῆς,
3214 5026 3309 5078 καὶ
3346 5027 3512 5080 αὐτοῦ
3547 5029 3606 5082 δὲ
3633 5029 3724 5083 τοῦ

2146 5106 2413 5177 σωτηρίου
2433 5106 2828 5178 βαπτίσματος.
2847 5112 2959 5164 Καὶ
2984 5112 3115 5181 γοῦν
3133 5115 3162 5166 ό
3191 5115 3463 5186 μακάριος
3490 5119 3722 5185 Παῦλος,

2146 5196 2273 5257 τοὺς
2302 5194 2362 5259 ἐξ
2382 5196 2608 5266 αἵματος
2647 5198 2860 5270 Ἰσραὴλ
2888 5199 3247 5270 βεϐαπτίσθαι
3283 5207 3447 5277 φησὶν
3478 5208 3538 5260 ἐν
3558 5211 3626 5278 τῇ
3648 5224 3725 5261 νεα

2150 5285 2285 5358 φέλῃ
2321 5287 2413 5339 καὶ
2443 5288 2501 5340 ἐν
2538 5290 2604 5359 τῇ
2638 5287 2908 5365 θαλάσσηο
2938 5293 3219 5366 ἐπήρτητο
3251 5298 3344 5349 καὶ
3372 5298 3471 5369 τὴν
3507 5297 3723 5368 βαθεῖαν

2147 5378 2363 5449 ἐκείνην
2407 5378 2913 5451 διαπεραιουμένοις
2960 5383 3184 5456 ἔρημον,
3237 5388 3296 5441 ἐν
3353 5390 3532 5464 ἡμέρα
3563 5393 3720 5463 μένη

2146 5469 2342 5541 νεφέλη
2365 5486 2377 5499 ·
2406 5473 2699 5543 προηγεῖτο
2727 5472 2783 5527 δὲ
2806 5474 2898 5528 καὶ
2916 5477 3070 5530 νυκτὶ
3099 5477 3287 5544 στύλος
3311 5482 3501 5552 πυρός.
3539 5483 3720 5555 Ἐγρά-

542 5631 591 5663 ⁸⁸
631 5630 731 5689 Isa.
766 5647 844 5698 vr,
884 5634 909 5686 ι
949 5632 1002 5685 3.
1079 5635 1122 5665 "
1165 5635 1300 5688 Dan.
1345 5648 1439 5698 vn,
1479 5632 1512 5686 9
1548 5647 1698 5701 seqq.
1774 5632 1819 5663 “
1861 5628 2060 5684 Ezcclt.
2099 5644 2136 5693 ι,
2181 5628 2206 5683 1
2251 5642 2403 5697 seqq.
2484 5631 2529 5663 ⁸³
2569 5632 2584 5686 Ι
2621 5624 2745 5684 Cor.
2789 5632 2897 5695 1,1
2943 5646 3094 5703 seqq.
