4158 6302
461 396 566 453 459
1442 386 1501 442 S.
1541 383 1813 441 CYlilLLl
1855 377 2322 438 ΑιεχΑΝυιιιΝι
2361 374 2679 434 ARClllEl‘.
3364 367 3371 383 ⁸
3609 369 3712 427 ιῦύ

462 509 808 582 proveniunt,
866 510 1177 577 decerpunt.
1227 505 1536 561 Piscatores
1582 505 1725 560 enim
1778 512 1923 570 sunt,
1982 512 2035 556 et
2067 506 2104 565 Α

2077 501 2384 571 Απόμενοι.
2449 491 2787 567 Ἰχθυοθῆραί
2837 507 2894 543 τε
2953 489 3061 561 γάρ
3123 490 3250 553 είσι,
3324 487 3419 543 κοιλ⁸
3467 487 3719 562 πάπυρον

462 580 723 675 papyrum
757 606 1033 663 deseeaut,
1066 615 1129 654 ac
1162 598 1361 653 charte
1410 606 1536 651 sunt
1580 598 1840 663 artilices,
1885 607 1938 649 et
1969 594 2031 649 li-

2132 590 2536 661 άποκείροντες,
2590 587 2790 658 χάρτου
2820 581 2880 636 τέ
2904 582 3014 635 εἰσι
3043 580 3389 653 δημιουργοὶ,
3438 581 3535 635 καὶ
3578 581 3720 635 λῖνον

461 673 587 745 num
621 689 786 744 fissile
844 697 1159 757 operantur.
1216 684 1492 740 Palustres
1549 694 1730 738 autem
1789 681 2032 735 homines

2133 683 2457 755 ἐργάζονται
2485 679 2546 734 τὸ
2573 677 2809 750 σχιστὸν.
2861 675 3064 729 Ἕλειοι
3091 674 3147 728 δὲ
3181 674 3372 746 ἄνδρες
3395 674 3563 744 ἤγουν
3596 673 3722 745 βου-

458 784 574 835 sive
610 778 824 834 bubulci
881 778 1321 834 denominantur.
1380 774 1523 830 Sunt
1564 773 1708 828 enim
1756 771 1892 842 apud
1941 770 2033 825 ens

2133 774 2281 829 κόλοι
2340 769 2833 842 κατονομάζονται·
2890 767 2984 821 καὶ
3043 767 3148 837 γάρ
3199 766 3306 819 είσι
3364 766 3495 836 παρ’
3536 766 3722 830 αὑτοῖς

417 856 430 875 ⁸
460 872 740 925 innumera
766 869 928 923 boum
973 876 1219 922 armenta
1258 864 1477 936 :panis,
1519 864 1650 929 viui,
1701 861 2033 928 aliarumque

2133 862 2368 936 ἀριθμοῦ
2405 860 2712 934 κρείττονες
2741 861 2796 913 ai
2823 857 2961 929 βοῶν
2986 855 3178 927 ἀγέλαι
3198 871 3212 885 ⁸
3265 855 3497 926 πλείστη
3530 872 3589 909 τε
3624 854 3722 926 ἄρα

456 976 638 1016 rerum
674 974 867 1031 magna
901 957 1149 1029 penuria.
1190 954 1575 1012 Deficientibus
1629 955 1813 1022 itaque
1853 950 2031 1020 aquis,

2133 976 2227 1013 του
2264 957 2358 1012 καὶ
2385 956 2528 1011 οῖνου
2581 955 2681 1009 καὶ
2731 953 2841 1007 τῶν
2901 952 3076 1008 ἄλλων
3114 953 3147 1023 ἡ
3185 951 3397 1015 σπάνις.
3460 951 3724 1007 Ἐκλελοι-

376 1055 385 1061 ’
458 1050 654 1120 inquit,
692 1048 880 1104 bibent
909 1062 1128 1118 aquam.
1165 1046 1299 1101 Nam
1330 1046 1383 1102 in
1409 1045 1684 1101 littoribus
1712 1043 2018 1113 quandoqut

2135 1049 2315 1103 πότων
2356 1046 2644 1118 τοιγαροῦν
2679 1044 2788 1099 τῶν
2822 1044 3052 1108 ὑδάτων,
3077 1044 3266 1114 φησὶν,
3298 1044 3516 1098 πίονται
3546 1042 3717 1114 ὕδωρ.

446 1139 745 1202 fodientes,
774 1138 1063 1208 potabilem
1093 1137 1220 1193 inde
1245 1136 1457 1191 laticem
1507 1133 1852 1189 exhauriunt.
1889 1127 2031 1184 Defi-

2147 1139 2491 1211 Ὀρύττοντες
2536 1138 2646 1210 γὰρ
2700 1140 2758 1192 ὲν
2804 1138 2917 1200 τοῖς
2961 1135 3227 1204 αἰγιαλοῖς
3279 1134 3389 1189 ἐσθ’
3418 1136 3509 1190 ὅτε
3556 1135 3722 1200 τινὲς,

339 1299 343 1301 Α
458 1231 603 1284 cient
633 1239 811 1283 autem
863 1237 918 1282 et
964 1233 1283 1281 examsccut
1326 1242 1514 1281 omnes
1567 1224 1711 1279 fluvii
1766 1231 1821 1277 et
1873 1222 1981 1276 alvc

2137 1229 2369 1299 πότιμον
2394 1227 2656 1300 ἀρύονται
2688 1228 2857 1298 νᾶμα.
2919 1224 3259 1294 Ἐκλείψουσι
3300 1225 3358 1279 δὲ
3404 1227 3497 1279 καὶ
3529 1224 3724 1294 ξηρανο

457 1323 576 1375 Erit
610 1331 790 1376 autem
833 1320 888 1374 in
914 1319 1060 1372 omni
1098 1317 1291 1387 palude
1320 1317 1511 1371 calami
1541 1326 1592 1370 et
1618 1313 1802 1386 papyri
1843 1315 2035 1366 raritas

2136 1318 2392 1391 θήσονται
2421 1320 2470 1372 oi
2514 1318 2769 1388 ποταμοὶ,
2798 1316 2892 1370 καὶ
2926 1317 3097 1369 πᾶσαι
3127 1316 3185 1369 αἱ
3219 1314 3507 1387 διώρυγες.
3534 1317 3726 1371 Ἔσται

459 1429 745 1482 aquarum.
773 1410 837 1465 Et
868 1423 1027 1464 omne
1050 1408 1192 1477 quod
1225 1407 1279 1461 in
1323 1407 1480 1475 aquis
1526 1405 1787 1470 nascitur,
1838 1403 2033 1473 inquit,

2134 1410 2191 1463 δὲ
2222 1409 2417 1473 σπάνις
2450 1408 2658 1462 ὑδάτων
2683 1408 2740 1461 ὲν
2779 1408 2943 1461 παντὶ
2980 1406 3091 1459 ἕλει
3128 1404 3397 1477 καλάμου,
3427 1408 3522 1461 καὶ
3541 1406 3728 1460 παπύ-

448 1501 847 1568 'cxsircabitur,
875 1508 935 1554 ut
968 1508 1022 1555 et
1042 1500 1257 1570 lugeant
1298 1498 1619 1568 piscatores,
1658 1504 1713 1552 et
1740 1496 1828 1565 qui
1865 1494 2033 1548 linum

2139 1519 2252 1574 pou.
2290 1502 2399 1555 Καὶ
2423 1503 2529 1556 πᾶν
2555 1502 2619 1555 τὺ
2647 1503 2705 1555 ὲν
2731 1503 2844 1565 τοῖς
2875 1498 3028 1553 ὕδασι
3072 1498 3343 1570 φυόμενον
3381 1497 3728 1571 ξηρανθήσε-

460 1591 752 1646 coniiciunt
791 1589 976 1656 fissile,
1005 1598 1060 1645 et
1089 1588 1142 1642 in
1177 1586 1361 1643 dolore
1404 1600 1597 1667 magno
1638 1592 1918 1640 versentur
1942 1580 2035 1651 qui

2135 1611 2244 1659 ται,
2296 1593 2481 1665 φησὶν,
2553 1592 2693 1646 ὥστε
2739 1593 2834 1646 καὶ
2889 1590 3150 1658 στενάξαι
3194 1590 3303 1647 τῶν
3361 1590 3560 1662 ίχθύων
3601 1591 3729 1655 τοὺς

462 1697 527 1736 ea
553 1688 848 1747 exercent;
878 1689 934 1737 et
965 1689 1223 1750 praeterea
1255 1679 1343 1748 qui
1373 1677 1514 1749 apud
1544 1691 1636 1732 eos
1668 1676 1888 1748 zythum
1932 1688 2033 1743 ap-

2137 1685 2425 1759 θηρευτὰς,
2443 1685 2683 1747 καὶτοὺς
2711 1683 2774 1737 τὸ
2802 1683 2946 1737 λίνον
2975 1680 3376 1755 ἐργαζομένους
3399 1683 3461 1735 τὸ
3488 1683 3729 1754 σχιστὸν,

462 1781 673 1842 parant.
701 1772 866 1840 Aquis
892 1772 1034 1826 enim
1065 1770 1462 1834 deﬁcientibus,
1501 1767 1679 1838 inopia
1718 1766 2037 1822 laborabunt
2067 1840 2104 1848 _

2090 1841 2105 1848 _
2137 1779 2231 1831 καὶ
2259 1778 2316 1829 ὲν
2351 1776 2512 1848 ὀδύνῃ
2564 1774 2818 1845 γενέσθαι
2873 1773 3042 1846 πολλῇ
3125 1773 3253 1837 τοὺς
3292 1771 3732 1845 ,ἐργαζομένους

460 1840 705 1918 omnium
737 1877 859 1931 quae
890 1861 1197 1916 exhilarare
1233 1859 1429 1925 solent,
1459 1868 1510 1915 et
1541 1859 1607 1913 ad
1645 1858 1809 1912 vitam
1837 1869 2036 1926 oppor-
2067 1840 2102 1895 Β

2091 1841 2110 1894 ἱ
2139 1869 2279 1925 αὑτά
2303 1884 2317 1899 ⁶
2366 1869 2467 1929 ,καὶ
2486 1840 2641 1939 ’προς
2678 1868 2888 1932 τούτοις
2932 1840 3041 1932 ἔτι,
3087 1868 3215 1931 τοὺς
3241 1868 3334 1921 τὸν
3357 1840 3511 1939 ’παρ’
3535 1840 3733 1930 -αὑτοῖς

464 1964 594 2009 tuna
640 1961 695 2009 et
750 1954 1095 2009 accommoda
1144 1952 1348 2009 affatim
1399 1951 1762 2023 suppeditare.
1822 1951 1886 2005 Et
1938 1951 2039 2006 hoc

2140 1959 2300 2026 ζύθον
2345 1958 2661 2031 ἀρτύοντας.
2720 1957 3147 2012 Ἐκλελοιπότων
3192 1959 3302 2031 γὰρ
3351 1957 3463 2011 τῶν
3496 1956 3727 2018 ὑδάτων,

459 2045 677 2117 quidem
706 2053 973 2114 quatenus
1023 2045 1090 2101 ad
1120 2044 1364 2100 historiae
1413 2042 1826 2099 declarationem
1869 2041 2038 2111 perti-

2138 2053 2197 2106 ὲν
2229 2051 2406 2124 ἐνδείᾳ
2454 2049 2655 2115 παντὸς
2684 2048 2897 2104 ἔσονται
2922 2049 3016 2102 τοῦ
3054 2048 3474 2119 κατευφραίνειν
3507 2049 3729 2113 εἰδότος,

463 2145 576 2203 net,
614 2137 758 2191 clare
788 2136 990 2191 dictum
1014 2145 1119 2191 est.
1153 2135 1248 2192 Sin
1279 2135 1407 2192 velit
1437 2137 1558 2206 quis
1599 2150 1860 2204 aquarum
1902 2134 2038 2189 rari-

2138 2144 2233 2198 καὶ
2279 2143 2349 2197 τὰ
2387 2142 2521 2216 πρὸς
2582 2140 2732 2213 ζωὴν
2774 2141 2961 2204 αὑτοῖς
3014 2140 3299 2213 ἐπιτήδεια
3336 2140 3732 2214 παρατιθέντος

463 2238 629 2283 tatem
682 2228 841 2282 aliter
889 2226 1157 2297 accipere,
1205 2235 1260 2281 et
1297 2227 1361 2282 ad
1402 2223 1698 2281 subtilioris
1739 2224 2038 2294 intelligen-

2139 2234 2427 2299 πλουσίως.
2468 2233 2581 2288 Καὶ
2628 2233 2790 2287 ταυτὶ
2839 2231 2938 2303 μὲν
2972 2231 3033 2284 τό
3062 2248 3128 2301 γε
3165 2226 3301 2305 ἧκον
3329 2234 3414 2296 είς
3445 2232 3508 2287 τὸ
3539 2233 3604 2286 ἐκ
3630 2231 3733 2302 τῆς

352 2312 360 2316 ⁴
463 2320 550 2374 tite
581 2318 996 2390 profunditatem
1018 2318 1367 2382 descendere,
1397 2331 1503 2373 non
1547 2331 1575 2370 a
1604 2331 1767 2386 scopo
1804 2317 1991 2370 recede

2142 2327 2380 2399 ἱστορίας
2434 2325 2764 2396 δηλούμενον
2827 2323 3045 2398 εἴρηται
3098 2325 3306 2395 σαφῶς.
3354 2326 3422 2379 Ei
3471 2325 3529 2381 δὲ
3562 2325 3627 2396 δή
3648 2342 3735 2388 τις

463 2414 507 2469 si
541 2414 739 2467 anilem
761 2420 814 2467 et
840 2410 1101 2468 insulsam
1131 2410 1433 2465 orationem
1470 2408 1782 2464 Graecorum
1825 2407 2037 2476 sapien-

2139 2419 2310 2475 ἒλοιτο
2337 2420 2444 2474 τῶν
2487 2418 2698 2473 ὑδάτων
2726 2416 2824 2489 τὴν
2857 2417 3054 2472 σπάνιν
3082 2418 3177 2472 καὶ
3215 2417 3418 2489 ἑτέρως
3448 2416 3730 2481 ἐκλαϐεῖν,

467 2515 577 2558 "ll"
608 2505 765 2573 δτιυῖδ
812 2511 1111 2570 comparet.
1161 2501 1398 2570 Ρίεθίδυε
1438 2509 1619 2553 amem
1651 2507 1706 2554 ει
1741 2513 1944 2569 Ρ²¹ΡΥτο
1985 2502 2038 2552 εί
2140 2510 2234 2565 xui.
2268 2510 2587 2583 ίσχνοτέρων
2637 2508 2854 2563 ἐννοιῶν
2906 2510 2987 2573 είς
3034 2508 3199 2580 βάθος
3243 2507 3449 2573 ἐλθεῖν,
3484 2509 3585 2562 οὑκ
3625 2506 3737 2562 ἀπὸ

463 2597 693 2664 calamo,
718 2596 969 2665 aliisque,
990 2610 1220 2665 quorum
1254 2593 1466 2647 alumna
1490 2601 1545 2647 et
1571 2592 1748 2649 nutrix
1773 2601 1848 2647 est
1877 2607 2040 2660 aqua-

2143 2604 2347 2659 σκοποῦ
2401 2603 2682 2675 βαδιεῖται,
2734 2602 3085 2675 παρεικάζων
3145 2602 3304 2656 ὕδασι
3334 2601 3427 2655 τὸν
3461 2603 3619 2674 παρά
3672 2619 3734 2656 τε

470 2703 591 2743 runt
648 2697 864 2751 natura,
907 2685 1185 2740 hominum
1244 2683 1619 2751 frequentiam.
1678 2682 2042 2739 Pisc:tturibus

2142 2698 2254 2759 τοῖς
2282 2695 2389 2749 τῶν
2435 2695 2706 2766 Ἑλλήνων
2737 2697 2944 2764 σοφοῖς,
2975 2694 3196 2766 γραώδη
3245 2709 3307 2747 τε
3355 2693 3449 2748 καὶ
3475 2693 3739 2749 ἀσύνετον

468 2792 619 2841 vero,
660 2786 713 2832 et
768 2791 947 2831 rerum
1006 2773 1325 2845 aquatilium
1386 2773 1748 2841 curatoribus,
1806 2787 1900 2829 eos
1943 2772 2039 2842 .qui

2142 2785 2298 2856 λόγον
2319 2804 2333 2817 θ
2363 2785 2541 2857 ἰχθύσι
2563 2802 2626 2855 γε
2660 2785 2767 2858 μὴν
2790 2784 2890 2857 τὴν
2924 2785 3032 2840 τῶν
3057 2783 3361 2856 ἀνθρώπων
3391 2785 3622 2856 πληθὺν,
3645 2785 3742 2838 καὶ

469 2871 721 2926 inescare
779 2876 980 2923 norunt
1023 2866 1324 2938 gregariam
1381 2864 1803 2932 multitudinem,
1852 2876 1907 2921 et
1950 2865 2041 2935 qui

2147 2877 2256 2953 μὴν
2307 2878 2400 2953 καὶ
2441 2878 2701 2951 παπύρῳ,
2742 2878 2974 2949 καλάμῳ
3007 2893 3066 2932 τε
3098 2878 3195 2932 καὶ
3240 2879 3355 2941 τοῖς
3396 2876 3630 2941 λοιποῖς,
3663 2870 3741 2930 ὧν

468 2961 690 3017 student
717 2960 1063 3015 sermonibus
1090 2959 1144 3014 in
1184 2971 1425 3014 errorem
1484 2957 1870 3013 deducentibus
1923 2972 2041 3011 eam

2145 2951 2262 3024 ἐστι
2293 2951 2550 3041 τροφὸςή
2586 2968 2696 3024 τῶν
2748 2969 2958 3024 ὑδάτων
3008 2968 3192 3040 φύσις.
3233 2969 3477 3023 Ἀλιεῦσί
3509 2987 3574 3039 γε
3610 2970 3739 3040 μὴν,

468 3054 619 3122 quasi
663 3050 789 3108 linis
830 3050 1153 3121 quibusdam
1207 3048 1505 3119 implicare.
1556 3046 1622 3102 lli
1679 3047 1937 3119 lugebunt
1991 3054 2044 3101 ct

2146 3059 2240 3115 καὶ
2266 3053 2348 3124 οἷς
2376 3059 2443 3114 ἂν
2496 3059 2655 3131 ἔργον
2688 3059 2776 3131 εἴη
2807 3059 2877 3114 τά
2916 3061 2975 3114 ὲν
3020 3062 3134 3123 τοῖς
3167 3058 3348 3125 ὕδασι,
3395 3060 3522 3123 τοὺς
3571 3076 3742 3130 σμγη-

469 3144 969 3212 cuntristabuntur,
1011 3149 1066 3197 et
1116 3141 1315 3195 animis
1369 3138 1646 3205 dolebunt,
1689 3154 1809 3194 cum
1855 3155 2041 3195 eorum
2072 3170 2111 3228 ε

2102 3171 2116 3228 ι
2148 3147 2323 3203 νεύειν
2353 3149 2564 3214 εἰδότας
2589 3151 2688 3222 τὴν
2707 3150 2816 3205 τῶν
2838 3149 3108 3221 ἀγελαίων
3131 3150 3365 3222 πληθὺν,
3385 3152 3478 3205 καὶ
3490 3151 3744 3223 καθάπερ

468 3239 641 3290 oratio
666 3236 831 3291 diluta
877 3236 970 3300 sit,
1014 3241 1071 3290 et
1109 3232 1378 3300 inefﬁcax,
1428 3248 1591 3303 quam
1645 3232 1841 3288 merito
1896 3232 2048 3302 aquis

2150 3241 2315 3306 λίνοις
2340 3242 2483 3297 τισὶν
2532 3243 2879 3315 ὲμπλακῆναι
2932 3245 3461 3314 παρασκευάζοντας
3516 3248 3629 3308 τοῖς
3660 3246 3741 3308 εἰς

471 3326 777 3395 comparari
819 3339 977 3396 posse
1015 3325 1142 3380 hinc
1178 3333 1359 3395 patet,
1394 3325 1537 3395 quod
1569 3337 1631 3379 ea
1661 3338 1886 3395 prorsus
1920 3322 2050 3379 defi-

2150 3334 2365 3405 ἀπάτην
2396 3334 2594 3399 αὑτοὺς
2618 3335 2956 3408 ἀποφέρουσι
2990 3335 3191 3405 λόγοις.
3228 3329 3389 3392 Οὗτοι
3429 3333 3742 3400 στενάξουσι

472 3421 602 3482 ciat,
634 3427 687 3472 et
719 3418 899 3472 omnia
928 3415 1052 3471 inde
1094 3415 1329 3470 enutrita
1363 3422 1704 3469 exarescant.
1733 3412 1799 3469 Hi
1843 3413 2050 3470 faciunt

2151 3426 2246 3479 καὶ
2277 3424 2708 3498 λυπηθήσονται,
2733 3427 2828 3481 καὶ
2861 3426 2961 3491 τὰς
2984 3426 3163 3505 ψυχάς
3186 3428 3527 3494 πονὲσουσιν,
3556 3428 3737 3497 ἀπρα-

475 3511 696 3579 zytlmm
739 3526 755 3564 :
802 3523 906 3563 non
955 3506 1100 3564 enim
1156 3505 1338 3560 vinum
1387 3503 1622 3560 oﬂ'erunt
1646 3506 1788 3576 quod
1820 3506 2052 3563 hominis

2152 3513 2405 3579 κτοῦντος
2438 3514 2538 3587 ήδη
2591 3533 2709 3579 πως
2759 3515 2853 3570 τοῦ
2885 3503 3017 3589 παρ’
3039 3517 3225 3582 αὑτοῖς
3255 3518 3410 3582 ὄντος
3455 3517 3616 3587 λόγου
3638 3534 3654 3549 ·
3685 3517 3745 3570 δν

475 3617 570 3658 cor
602 3599 891 3669 exhilarat,
937 3599 1030 3655 sed
1077 3599 1315 3670 spuriam
1361 3598 1652 3669 quamdam
1705 3608 1759 3655 et
1807 3599 2051 3656 inutilem

2151 3604 2244 3658 καὶ
2266 3603 2421 3659 ὑδασι
2453 3606 2879 3678 παρεικάζοντες
2905 3606 3363 3677 διεϐεϐαιούμεθα
3409 3607 3620 3677 σαφῶς,
3657 3606 3746 3660 διὰ

475 3692 804 3758 doctrinam,
852 3705 1082 3762 eamque
1130 3691 1310 3745 verbis
1363 3688 1648 3746 subtilibus
1702 3701 1759 3745 et
1797 3690 2050 3757 climatis,

2151 3695 2212 3748 τὸ
2244 3695 2611 3751 ἐκλελοιπέναι
2651 3697 2932 3762 παντελῶς
2968 3698 3156 3764 αὑτὸν,
3208 3698 3646 3771 ξηρανθήσεσθαι
3687 3696 3745 3751 δὲ

475 3799 528 3841 ut
561 3788 776 3856 quidem
814 3793 1023 3855 putant,
1073 3781 1326 3840 eﬂ'eruut.
1377 3779 1492 3836 Hoc
1528 3780 1697 3848 enim,
1743 3792 1801 3837 ut
1841 3783 2051 3853 opinor,

2154 3784 2332 3838 πάντα
2390 3784 2458 3839 τὰ
2512 3784 2582 3839 δι’
2619 3784 2786 3839 αὑτοῦ
2838 3787 3170 3859 τρεφόμενα.
3212 3783 3374 3843 Οὗτοι
3408 3787 3632 3842 ποιοῦσι
3657 3786 3750 3840 τὸν

475 3882 670 3951 b’ysstts
692 3876 983 3949 significat,
1012 3885 1070 3929 ut
1099 3875 1242 3929 dicat
1269 3874 1439 3945 288
1461 3887 1555 3931 eos
1584 3874 1812 3930 nimium
1845 3875 2056 3931 subtili-

2156 3873 2350 3940 ζύθονο
2401 3876 2463 3929 οὑ
2510 3876 2619 3947 γὰρ
2657 3873 2801 3932 οἶνον
2850 3879 3189 3951 προσάγουσι
3236 3879 3330 3934 τὸν
3381 3877 3745 3949 εὐφραίνοντα

478 3973 570 4026 ιιιιί
616 3968 928 4041 etargutiis
952 3967 1190 4023 studere.
1245 3965 1311 4019 Et
1363 3966 1531 4020 linum
1580 3964 1766 4023 fissile.
1818 3965 2056 4022 Minutiae

2156 3969 2386 4039 καρδίαν
2437 3967 2749 4039 ἀνθρώπου,
2810 3971 2949 4026 ἀλλὰ
2987 3972 3148 4045 νόθην
3186 3973 3308 4026 τινὰ
3350 3972 3445 4026 καὶ
3477 3972 3751 4043 ἄχρηστον

475 4064 620 4119 enim
663 4063 804 4133 apud
836 4074 933 4116 eos
971 4058 1245 4115 subtiliter
1298 4072 1363 4113 ac
1399 4056 1637 4113 tenuiter
1692 4058 2054 4124 disseruntur,

2156 4058 2519 4126 διδασκαλίαν,
2550 4059 2644 4114 καὶ
2671 4063 2785 4125 τοῖς
2816 4062 3017 4133 ίσχνοῖς
3046 4062 3214 4135 αὑτὴν
3248 4063 3441 4135 ῶσπερ
3481 4060 3577 4118 οὖν
3621 4065 3752 4117 orav-

477 4168 664 4209 verum
700 4168 925 4223 prorsus
971 4150 1187 4218 frivola,
1236 4157 1293 4206 et
1339 4148 1552 4222 frigidis
1598 4149 2058 4221 speculationibus

2159 4169 2251 4205 ται
2287 4150 2783 4221 κατασεμνύνοντες
2814 4152 3010 4222 λόγοις.
3056 4153 3466 4208 Ύπαινίττεται
3509 4155 3641 4225 γὰρ,
3675 4149 3752 4207 οἷ-

478 4246 700 4302 referta.
729 4226 978 4315 Frigidus
1010 4243 1156 4299 enim
1186 4243 1400 4315 zythus.
1430 4241 1527 4297 Est
1565 4251 1744 4299 autem
1778 4240 2059 4312 A‘Zgyptio.

2162 4259 2283 4314 μαι,
2316 4240 2465 4295 τουτὶ
2489 4241 2550 4295 τὸ
2577 4240 2774 4312 βύσσον
2814 4240 2993 4310 λέγειν
3033 4242 3233 4306 αὐτοὺς
3258 4242 3611 4315 ἐργάζεσθαι,
3654 4243 3753 4313 τὴν

476 4353 598 4393 rum
631 4338 850 4406 quidam
889 4345 1067 4407 potus,
1112 4337 1210 4393 sed
1255 4335 1484 4406 frigidus
1532 4343 1586 4390 et
1623 4334 1886 4398 turbidus,
1938 4334 2061 4390 talis

2165 4332 2485 4404 ίσχνοτάτην
2514 4334 2676 4401 ἄγαν.
2704 4334 2818 4387 Καὶ
2847 4332 2990 4388 λίνον
3020 4334 3079 4389 δὲ
3104 4335 3166 4388 τὸ
3196 4334 3438 4405 σχιστόν.
3464 4333 3756 4388 Σκινδάλα·

482 4431 746 4501 tiquidem
779 4439 865 4485 est
896 4445 1084 4487 eorum
1123 4429 1322 4496 oratio,
1349 4436 1404 4482 et
1435 4427 1569 4484 tales
1613 4436 1739 4483 sunt
1772 4426 2057 4492 doctrinae,

2167 4442 2257 4497 μοι
2295 4425 2403 4497 γὰρ
2430 4423 2622 4497 ῶσπερ
2662 4425 3011 4496 ίσχνομυθίας
3069 4426 3139 4480 τά
3181 4428 3314 4499 παρ’
3348 4428 3565 4490 αὐτοῖς’
3613 4425 3755 4495 πλὴν

479 4536 601 4589 qute
638 4520 781 4575 sitim
843 4535 947 4575 non
1003 4520 1196 4577 sedant
1243 4518 1526 4585 imbibitaa,
1578 4518 1671 4573 sed
1728 4516 2121 4573 inflammant!

2112 4518 2140 4573 ἱ)
2167 4518 2398 4589 ἀνόνητα
2438 4517 2739 4584 παντελῶς,
2784 4517 2878 4571 καὶ
2910 4518 3138 4590 ψυχρῶν
3186 4517 3566 4591 θεωρημάτων
3618 4518 3754 4571 ἀνα-

481 4612 679 4683 potius,
708 4623 757 4666 et
788 4612 1043 4667 insuaves
1068 4618 1198 4665 sunt
1224 4609 1550 4671 bibentibus,
1589 4617 1643 4662 et
1675 4606 1745 4663 ob
1775 4608 2055 4663 vehemen-

2167 4609 2536 4681 πλιμπλάντα.
2571 4609 2794 4682 Ψυχρὸς
2822 4608 2931 4681 γὰρ
2960 4612 2990 4664 ὁ
3031 4609 3192 4676 ζύθος
3221 4610 3339 4682 (1).
3386 4652 3398 4665 .
3445 4652 3457 4665 .
3505 4651 3518 4664 .
3562 4652 3576 4664 .
3620 4652 3634 4664 .
3681 4651 3693 4663 .
3738 4650 3754 4665 .

485 4716 588 4759 tem
614 4704 965 4774 frigiditatem
1003 4702 1222 4759 morbos
1258 4699 1588 4757 insanabiles
1625 4699 1861 4770 pariunt.

2173 4740 3756 4759 ·ο..οο..σοιοοιοοαισοοοσοσιο

558 4987 722 5043 \‘sns.
754 4988 842 5045 ll.
874 4985 944 5042 Et
979 4984 1128 5042 stulti
1166 4993 1317 5042 erunt
1381 4983 1639 5054 principes
1689 4981 1914 5048 Taueos,
1969 4999 2058 5037 sa-

2233 4985 2345 5041 Kal
2372 4985 2559 5054 μωροί
2616 4985 2860 5041 ἔσονται
2889 4989 2946 5042 οἱ
2968 4984 3260 5057 ἄρχοντες
3293 4948 3543 5056 fida-eme,
3568 4993 3623 5044 οἱ
3653 5006 3757 5044 σο·
3806 5002 3812 5005 ·

485 5084 681 5152 piemes
706 5079 998 5135 consiliarii
1024 5079 1179 5149 regis,
1228 5086 1277 5133 et
1303 5073 1579 5130 consilium
1601 5089 1782 5129 eorum
1828 5073 2065 5144 infatua—

2165 5075 2266 5144 φοι
2326 5075 2664 5145 σύμϐουλοι
2714 5075 2823 5132 τοῦ
2858 5076 3188 5146 βασιλέως,
3214 5078 3262 5147 1i
3301 5079 3512 5149 ,βουλὴ
3559 5079 3760 5135 αὐτῶν

489 5178 648 5229 bitur.

2163 5167 2640 5238 μωρανθήσεται.
3347 5158 3349 5161 ν

560 5268 884 5323 imminente
911 5262 1161 5319 videlicet
1194 5258 1472 5332 Egyptiis
1502 5257 1799 5315 inevitabili
1841 5257 2066 5314 calami-

2254 5259 2669 5333 Ἐπηρτημένης
2699 5260 2808 5335 γὰρ
2843 5261 3161 5332 Αἰγυπτίοις
3197 5262 3297 5335 τῆς
3330 5261 3580 5332 ἀφύκτου
3623 5280 3760 5333 συμο

491 5370 621 5428 tate,
653 5370 708 5417 et
748 5360 967 5430 regione
995 5355 1287 5429 captivitati
1321 5352 1589 5425 proxima,
1625 5364 1820 5409 etcum
1845 5351 2068 5424 jamjam

2174 5351 2366 5421 φορᾶς,
2411 5352 2505 5404 καὶ
2535 5350 2836 5424 μελλούσης
2865 5353 3069 5408 ἁλῶναι
3105 5354 3207 5425 τῆς
3251 5352 3458 5426 χώρας,
3495 5356 3591 5410 καὶ
3638 5356 3759 5409 ὅσον

492 5453 617 5506 licet
657 5451 811 5506 inviti
866 5449 1043 5505 alieno
1096 5447 1225 5519 jugo
1273 5446 1541 5503 cervicem
1597 5443 1776 5500 daturi
1843 5452 2062 5501 essent:

2172 5441 2384 5495 οὐδέπω
2421 5446 2532 5507 τοῖς
2567 5444 2772 5517 ἑτέρων
2832 5444 3042 5515 ζυγοῖς,
3102 5445 3204 5501 κᾶν
3258 5447 3309 5499 εἰ
3361 5446 3437 5517 μὴ
3487 5446 3759 5516 βούλοιντο

494 5542 1036 5596 εωιικιρτιιιιιιιείιιιιιύ
1077 5539 1446 5604 mediocriter,
1479 5546 1533 5592 et
1573 5535 1913 5592 intolerando
1955 5542 2066 5591 ter-

2173 5534 2354 5605 τυχὸν,
2420 5536 2742 5606 ὑπενεγκεῖν
2784 5538 2877 5592 τὸν
2928 5538 3151 5610 αὑχένα,
3203 5537 3646 5610 τεθορυϐημένος
3695 5538 3758 5592 οὐ

497 5644 618 5686 ture
678 5629 950 5699 perculsus
980 5629 1027 5683 is
1078 5629 1168 5698 qui
1210 5628 1568 5697 principatum
1626 5626 1855 5681 sortitus
1909 5634 2065 5695 erat,

2178 5625 2434 5696 μετρίως,
2485 5628 2580 5680 κκὶ
2631 5629 2925 5700 ἀφορήτυις
2961 5629 3178 5701 δείμασι
3241 5629 3685 5700 κατεπτοημένος
3731 5631 3761 5684 ό

568 5785 644 5857 (ι)
678 5781 889 5839 Lacuna
918 5780 1006 5835 hic
1047 5779 1233 5833 relicta
1266 5788 1368 5846 est,
1402 5778 1524 5833 licet
1563 5779 1616 5834 itt
1653 5775 1916 5833 Vaticano
1949 5788 2000 5833 ct
2028 5778 2193 5850 Regio
2235 5780 2381 5836 nulla
2422 5782 2745 5852 reperiatur.
