4166 6296
361 482 463 539 ιιι

1472 466 1536 521 ιΝ
1589 462 1822 519 ιδΑιΑΜ
1867 459 1995 517 LIB.
2038 458 2100 512 ll.
2144 453 2383 512 TOMUS
2418 451 2511 508 IV.

3536 445 3643 503 469.

366 600 723 675 καθηγεῖσθαι
773 594 971 667 λαχὼν,
1030 590 1358 659 συνεκόμισε
1400 589 1497 660 μὲν
1546 586 1679 649 τοὺς
1719 582 1949 675 ἐπίκλην

2079 578 2349 649 npicntes,
2380 575 2471 645 qui
2502 581 2558 629 et
2591 569 2727 642 magi
2771 566 3271 640 dicuntur,_coegit,
3305 575 3357 622 et
3379 568 3449 621 ad
3478 581 3639 637 quem

368 674 588 768 σοφοὺς,
617 691 762 748 τοῦτ’
799 689 934 755 ἔστι,
971 686 1096 749 τοὺς
1134 683 1341 755 μάγους
1369 697 1381 708 “
1413 681 1577 751 ήρετο
1608 677 1665 731 δὲ
1706 677 1799 730 καὶ
1832 674 1953 727 λίαν

2059 672 2275 726 tandem
2308 669 2467 722 ﬁnem
2501 666 2617 720 haec
2650 677 2738 719 res
2789 661 2983 726 exiret,
3039 670 3095 716 et
3145 675 3254 729 quo
3306 668 3465 730 pacto
3520 658 3643 714 belli

370 750 835 856 ἐσπουόασμένως,
879 750 1002 835 ὅποι
1056 750 1188 831 ποτὲ
1227 775 1337 846 ἄρα
1365 750 1562 827 τὺίτῶν
1612 767 1955 842 πραγμάτων

2082 773 2317 833 mpetum
2372 758 2623 826 frangere
2665 762 2908 825 possent,
2950 751 3365 820 diligentissime
3413 750 3645 806 interro-

368 883 551 943 αὐτοῖς
594 878 853 947 βαδιεῖται
902 871 1075 935 τέλος,
1128 868 1224 921 καὶ
1285 866 1413 941 τίνα,
1448 862 1651 935 τρόπον
1694 857 1953 929 διακρού-

370 988 554 1028 σαιντο
599 969 694 1022 τοῦ
733 965 970 1036 πολέμου
998 963 1099 1031 τὴν
1127 958 1334 1029 ἔφοδον.
1361 957 1425 1010 υἱ
1454 955 1510 1008 δὲ
1540 949 1794 1007 τοσοῦτον
1853 949 1958 1015 ἀφ-

377 1067 659 1136 εστήκασι,
704 1061 860 1130 φησὶ,
910 1054 1005 1109 τοῦ
1054 1050 1314 1107 δύνασθαί
1368 1067 1419 1102 τι
1453 1047 1562 1100 τῶν
1621 1040 1955 1136 ἀναγκαίων,

377 1130 537 1230 ἦγουν
571 1152 806 1225 ἀληθῶν,
844 1149 1038 1211 εἰπεῖν,
1099 1145 1176 1207 ώς
1222 1142 1318 1196 καὶ
1366 1140 1454 1192 ἐπ’
1499 1136 1726 1207 ἀκράτῳ
1781 1130 1961 1230 μωρίᾳ

376 1228 897 1317 καταγινώσκεσθαι.
924 1238 1059 1292 θεοῦ
1093 1235 1203 1307 γὰρ
1234 1232 1439 1289 κακοῦν
1462 1230 1760 1294 ἐθέλοντος,
1781 1228 1960 1317 ἀπραο-

377 1314 624 1410 κτήσέιεν
656 1334 722 1388 ἂν
755 1336 788 1404 ἡ
816 1330 1016 1393 παντὸς
1062 1323 1350 1395 ἀνθρώπου
1388 1321 1549 1392 βουλή
1579 1337 1646 1410 τε
1673 1318 1764 1410 καὶ
1801 1314 1959 1410 δύνα-

380 1404 491 1498 μις..
528 1426 653 1479 Ἐὰν
685 1423 793 1494 γὰρ
831 1420 1026 1491 κλείσῃ
1075 1416 1198 1470 κατ’
1249 1411 1563 1485 ἀνθρώπου,
1597 1409 1680 1471 τίς
1722 1404 1959 1471 ἀνοίξεις

378 1518 522 1571 κατά
548 1516 610 1568 τὸ
640 1511 1047 1585 γεγραμμένον.
1089 1507 1294 1576 Σοφοὺς
1314 1500 1407 1559 οὖν
1438 1504 1546 1575 ἄρα
1573 1500 1793 1562 Τάνεως
1830 1498 1965 1559 τοὺς

379 1611 440 1663 ὲν
467 1610 605 1679 αὐτῇ
645 1623 779 1677 φησι
814 1600 1263 1675 ψευδοπροφήτας
1293 1614 1353 1650 τε
1384 1596 1479 1650 καὶ
1510 1593 1624 1647 τῶν
1649 1593 1706 1646 ὲν
1725 1593 1836 1654 τοῖς
1880 1605 1968 1642 τε-

2059 852 2227 926 gavit.
2271 850 2504 905 Tantum
2539 849 2715 912 abest,
2746 854 2803 901 ut
2837 844 2892 899 hi
2916 843 3123 915 aliquid
3145 853 3506 914 opportunum
3553 853 3648 897 aut

2062 959 2248 998 verum
2288 941 2567 1011 potuerint
2603 938 2808 1003 dicere,
2848 945 2906 991 ut
2958 936 3126 991 etiam
3153 936 3382 1004 insignis
3409 933 3648 990 stultitia:

2062 1039 2477 1093 damnarentur.
2512 1033 2624 1086 Deo
2682 1031 2827 1087 enim
2888 1029 3103 1086 volente
3150 1029 3351 1084 malum
3424 1028 3647 1096 inferre,

2067 1140 2258 1195 parum
2291 1123 2487 1185 valebit
2507 1135 2667 1176 omne
2693 1118 2979 1175 consilium
3040 1119 3335 1174 humanum
3359 1129 3417 1174 et
3463 1128 3650 1188 potet:-

2068 1219 2165 1273 tia.
2187 1216 2245 1271 Si
2272 1217 2413 1272 enim
2432 1216 2694 1272 clauseris
2722 1226 2910 1271 contra
2940 1214 3236 1279 hominem,
3263 1212 3384 1282 quis
3401 1211 3647 1282 aperiet?
3678 1200 3683 1205 ’

2073 1312 2233 1370 sicuti
2277 1312 2540 1380 scriptum
2581 1321 2667 1365 est
2695 1309 2764 1364 ⁸⁷.
2800 1308 3012 1377 Sophos
3036 1307 3198 1375 igitur
3226 1307 3459 1372 Taneos,
3497 1320 3650 1377 pseu-

2070 1403 2436 1474 doprophetas
2466 1400 2585 1471 ejus
2634 1399 2985 1455 deiubrorum
3020 1408 3298 1454 curatores
3327 1397 3496 1461 dicit;
3558 1394 3650 1463 qui

2071 1511 2194 1549 cum
2229 1503 2346 1548 arte
2375 1492 2580 1563 magica
2605 1506 2665 1547 se
2717 1490 2999 1554 eii‘errent,
3022 1506 3091 1544 ex
3118 1489 3249 1558 ipsis
3297 1488 3462 1543 rebus
3517 1487 3650 1542 nihil

2073 1600 2194 1641 esse
2217 1598 2438 1654 prorsus
2466 1582 2851 1652 arguebantur.

382 1669 605 1775 μένεσιν
657 1669 1032 1770 τὲπιμελητάςί
1063 1693 1126 1749 οἳ
1148 1669 1249 1748 *καὶ
1292 1690 1388 1746 ἐπὶ
1457 1687 1619 1761 μάγῳ
1658 1686 1823 1758 τέχνῃ
1897 1680 2225 1754 φρονοῦντες
2282 1678 2448 1750 μέγα,
2506 1676 2574 1731 δι’
2618 1676 2797 1730 αὐτῶν
2837 1674 3127 1747 ἠλέγχοντο
3163 1673 3273 1728 τῶν
3311 1669 3655 1744 πραγμάτων

380 1794 532 1847 οὐδὲν
563 1792 715 1854 ὄντες
743 1788 1037 1852 παντελῶς.

454 1888 585 1955 Πῶς
633 1887 819 1955 ἐρεῖτε
866 1885 946 1951 τῷ
991 1881 1275 1948 βασιλεῖ·
1315 1879 1436 1936 Υἱοὶ
1461 1875 1739 1934 συνετῶν
1774 1873 1968 1945 ἡμεῖς,

2150 1864 2316 1919 Vnus.
2347 1862 2434 1917 12.
2479 1861 2754 1928 Quomodo
2787 1862 2973 1917 dicetis
3004 1861 3154 1931 regi:
3189 1860 3317 1916 Filii
3353 1862 3654 1933 intelligen-

386 1981 497 2036 υἱοὶ
528 1979 837 2045 ,ϐασιλέων
862 1974 980 2029 τῶν
1006 1974 1075 2039 ἐξ
1103 1971 1300 2041 ἀρχῆς
1321 1988 1340 2036 ;
1386 1970 1515 2026 Ποῦ
1568 1970 1690 2023 εισι
1752 1965 1871 2021 νῦν
1915 1964 1973 2016 οι

386 2070 564 2139 σοφοί
606 2082 745 2134 σου,
794 2064 892 2120 καὶ
935 2060 1472 2133 ἁναγγειλὰτωσὰν
1507 2074 1631 2123 σοι,
1668 2056 1771 2112 καί
1805 2053 1975 2110 εἰπά-

387 2176 586 2215 τωσαν
608 2175 621 2189 ο
660 2158 719 2212 Τί
748 2156 1150 2222 βεϐούλευται
1182 2153 1401 2221 Κύριος
1443 2149 1689 2207 Σαϐαὼθ
1724 2148 1820 2203 ἐπ’
1869 2144 1975 2201 Αι-

385 2268 507 2322 γυπ
514 2267 615 2304 τον
626 2264 647 2315 ;

469 2344 591 2397 ‘Em
649 2341 852 2404 ποίοις,
919 2322 1055 2408 φησὶ
1080 2378 1096 2403 ,
1151 2333 1578 2405 κατορθώμασιν
1622 2328 1975 2386 ἁνασπάσετε

386 2433 485 2504 τὴν
545 2431 750 2503 oppuv;
801 2430 868 2483 Ti
928 2429 1027 2499 τὴν
1084 2424 1399 2494 Αἰγυπτίων
1442 2422 1738 2492 όνήσαντες
1792 2417 1976 2488 χώραν

390 2522 846 2596 θαυμασθήσεσθε
914 2520 1044 2589 παρ’
1090 2516 1293 2581 αὐτῶν,
1351 2515 1385 2585 ἢ
1450 2514 1627 2576 ποίοις
1702 2509 1978 2583 κέχρησθε

389 2618 570 2684 λόγοις
632 2616 726 2668 τὸν
810 2610 1166 2682 βασιλεύοντα
1251 2605 1725 2675 συναρπάζοντες*
1792 2603 1976 2670 λέγον-

395 2725 515 2771 τες,
552 2709 636 2760 ὅτι
671 2706 795 2757 Υἱοὶ
826 2701 1063 2755 συνετῶν
1088 2701 1269 2770 ἡμεῖς,
1305 2696 1447 2751 τοῦτ’
1478 2696 1616 2762 ἐστι,
1652 2693 1975 2767 προφητῶνς

396 2803 582 2867 Μάγοι
633 2798 726 2851 καὶ
775 2800 844 2850 ὲκ
896 2794 1119 2865 μάγων·
1155 2790 1205 2844 οἳ
1259 2790 1353 2844 καὶ
1383 2789 1482 2859 τῆς
1509 2788 1693 2859 χώρας
1734 2788 1975 2857 ἁπάσης,

407 2888 695 2960 μονονουχὶ
724 2882 1160 2956 βεϐασιλεύκασι,
1205 2875 1484 2950 διαϐόητον
1532 2876 1824 2947 ἐσχηκότες
1874 2891 1980 2927 πα-

403 2978 476 3049 ρὰ
521 2979 630 3039 τοῖς
662 2975 771 3027 τῶν
817 2972 1050 3026 εἰδώλων
1107 2970 1472 3041 θεραπευταῖς
1524 2967 1623 3037 τὴν
1661 2966 1840 3031 δόξαν,
1884 2965 1979 3018 καὶ

398 3071 515 3133 τοῖς
544 3066 837 3140 κρατοῦσιν
870 3065 958 3118 ἀεὶ
1001 3062 1243 3124 συνόντες
1282 3077 1343 3113 τε
1380 3058 1474 3114 καὶ
1505 3057 1974 3125 συνδιαιτώμενον

400 3158 495 3212 ἆτε
519 3156 582 3228 δὴ
609 3157 701 3210 καὶ
740 3153 937 3224 βουλάς
974 3153 1059 3221 ἐφ’
1095 3152 1268 3206 ἅπασι
1319 3152 1432 3212 τοῖς
1473 3146 1765 3221 πρακτέοις
1802 3146 1981 3199 εἰσκο-

399 3246 577 3319 μίζειν
607 3244 879 3306 εξωθότες,
919 3242 1028 3295 τῶν
1066 3238 1432 3310 ψευδωνύμων
1468 3237 1606 3291 θεῶν
1643 3235 1978 3307 ὲνηχούντων

395 3338 578 3400 αὐτοῖς
632 3336 728 3405 τὴν
776 3332 868 3388 τοῦ
918 3332 1294 3403 συμφέροντος
1340 3329 1532 3401 θήραν.
1586 3329 1752 3383 Ὅταν
1798 3329 1977 3382 τοίνυν

394 3428 856 3500 ψευδηγοροῦντες
883 3423 1296 3497 ἐλεγχθήσεσθε,
1317 3423 1472 3494 φησὶ,
1496 3421 1592 3476 καὶ
1618 3420 1727 3475 τῶν
1760 3420 1978 3492 ἀληθῶν

396 3520 594 3582 εἰδότες
639 3518 811 3583 οὐδὲν,
845 3515 961 3580 πῶς
995 3517 1170 3587 ἐρεῖτε
1206 3513 1284 3584 τῷ
1318 3512 1526 3583 βασιλεῖ
1550 3529 1563 3543 ·
1594 3513 1711 3566 Υἱοὶ
1742 3512 1979 3567 συνετῶν

398 3613 592 3682 ἡμεϊς;
628 3611 732 3663 υἱοὶ
767 3608 1031 3680 βασιλέων
1062 3605 1170 3659 τῶν
1203 3603 1264 3670 ἐξ
1292 3605 1501 3676 ἁρχῆςς
1528 3604 1639 3657 Καὶ
1661 3604 1853 3673 γέγονε
1882 3602 1979 3672 μὲν

399 3702 456 3753 ἐν
485 3698 693 3762 τούτοις
716 3698 744 3750 ὁ
774 3697 1109 3770 προφητικὸς
1136 3697 1268 3767 ἡμῖν
1296 3695 1474 3764 λόγος,
1498 3693 1573 3760 ώς
1599 3694 1737 3764 πρός
1758 3710 1822 3762 γε
1855 3695 1980 3756 τοὺς

398 3790 690 3853 δοκοῦντας
721 3785 859 3842 εἶναι
889 3787 1084 3858 σοφούς
1106 3805 1120 3819 ο
1154 3784 1274 3841 εἶτα
1302 3786 1544 3856 μέτεισιν
1586 3786 1681 3840 ἐπὶ
1713 3787 1774 3840 τὸ
1815 3786 1979 3841 αὑτοῦ

401 3883 695 3954 πρόσωπον
717 3881 811 3934 τοῦ
844 3879 1201 3949 καθηγεῖσθαι
1224 3880 1501 3949 λαχόντος,
1530 3879 1626 3932 καὶ
1648 3878 1811 3949 φησίν
1828 3894 1840 3906 ·
1868 3878 1979 3932 Ποῦ

401 3976 509 4027 εἰσι
538 3974 631 4025 νῦν
663 3975 711 4029 oi
738 3971 891 4041 σοφοί
924 3988 1018 4024 σου
1044 3987 1059 4038 ;
1102 3972 1194 4024 καὶ
1239 3970 1720 4038 ἁναγγειλάτωσάν
1756 3986 1859 4034 σοι,
1886 3969 1982 4022 καὶ

403 4067 713 4119 εξπάτωσαν
743 4064 796 4118 τί
828 4062 1175 4133 βεϐούλευται
1208 4060 1410 4132 Κύριος
1440 4059 1667 4114 Σαϐαὼθ
1705 4061 1792 4113 ἐπ’
1814 4060 1983 4128 Αἴγυ-

404 4171 555 4208 πτον.
595 4154 658 4207 Εἰ
692 4152 767 4221 μὴ
798 4152 907 4220 γάρ
946 4153 1052 4206 εἱσι
1086 4151 1349 4219 φένακες,
1377 4150 1562 4220 φησὶν,
1595 4149 1628 4220 ἣ
1668 4150 1984 4214 ἀπατεῶνες

405 4247 501 4300 καὶ
526 4244 848 4314 βωμολόχοι,
876 4245 967 4295 καὶ
984 4242 1335 4313 ψευδηγορεῖν
1369 4242 1640 4306 εἰωθότες,
1667 4244 1761 4296 καὶ
1790 4243 1857 4296 τὰ
1875 4242 1984 4297 ἀπὸ

403 4337 635 4408 καρδίας
671 4336 848 4388 αὐτῶν
880 4334 1159 4397 λαλοῦντες
1188 4334 1372 4405 μόνης,
1405 4333 1498 4386 καὶ
1518 4334 1618 4386 οὐκ
1648 4334 1755 4386 ἀπὸ
1784 4334 1984 4403 στόμα-

403 4448 495 4492 τος
520 4429 723 4498 Κυρίου
742 4444 756 4458 ·
794 4427 1031 4499 μάνθανε
1060 4429 1189 4499 παρ’
1220 4426 1400 4480 αὐτῶν
1428 4426 1496 4480 τά
1524 4428 1638 4489 τοῖς
1668 4427 1983 4494 Αἰγυπτίοις

408 4520 784 4590 ἑπηρτημένα,
820 4520 914 4573 καὶ
955 4519 1149 4572 αὐτίκα
1181 4519 1245 4588 δὴ
1278 4517 1422 4588 μάλα
1456 4517 1847 4588 συμϐησόμενα
1894 4520 1982 4574 διὰ

411 4612 602 4682 βουλῆς
630 4612 830 4684 Κυρίου
866 4610 1117 4664 Σαϐαὼθ.
1148 4608 1508 4674 Ἐπιτωθάξει
1540 4609 1596 4663 δὲ
1620 4609 1807 4682 ὥσπερ
1833 4613 1861 4664 ό
1895 4611 1982 4664 λό-

408 4721 505 4774 γος
541 4708 651 4767 τοῖς
696 4706 795 4758 οὐκ
826 4705 990 4758 εἰδόσι
1020 4703 1174 4768 Θεὸν,
1212 4698 1466 4757 ἁλλ’-οἷον
1508 4705 1565 4756 ὲν
1609 4704 1785 4775 σκότῳ
1830 4704 1984 4774 βαθεῖ

410 4796 715 4865 κειμένοις,
746 4797 834 4850 διὰ
874 4795 970 4850 τοῦ
1008 4795 1365 4865 προσκεῖσθαι
1406 4795 1579 4863 φιλεῖν
1616 4800 1733 4860 ταῖς
1771 4797 1879 4851 τῶν
1908 4800 1983 4851 εί-

407 4886 592 4939 δὼλων
622 4885 917 4959 λατρείαις.
950 4887 1237 4941 Πάνδεινον
1279 4882 1372 4941 οὖν
1403 4888 1532 4958 ἄρα,
1565 4889 1764 4956 μᾶλλον
1801 4889 1857 4942 δὲ
1889 4890 1984 4942 καὶ

404 4982 610 5034 εἰκαῖον
630 4981 932 5046 παντελῶς,
949 4980 1010 5033 τὸ
1039 4982 1160 5042 ταῖς
1185 4980 1291 5033 τῶν
1313 4980 1724 5051 ψευδομάντεων
1747 4981 1984 5044 ἀπάταις

404 5074 740 5146 ἐπιθαρσείν·
771 5075 972 5138 εἰδότες
1005 5076 1112 5146 γὰρ
1135 5076 1275 5140 ὅλως
1298 5075 1357 5128 τὸ
1388 5075 1609 5144 σύμπαν
1630 5074 1851 5144 ούδὲν,ἢ
1882 5074 1989 5128 τῶν

404 5168 701 5236 ἐσομένων,
732 5168 765 5238 ἢ
808 5166 903 5220 καὶ
933 5160 1007 5220 ὧν
1045 5168 1109 5222 ἂν
1136 5168 1383 5239 ἐπιφέροι
1409 5166 1563 5229 Θεὸς,
1588 5165 1987 5237 ἀργυρολογίας

406 5256 661 5309 ὑπόθεσιν
686 5257 968 5310 ποιοῦνται
994 5258 1092 5329 τὴν
1116 5256 1532 5327 ψευδομαντίαν,
1570 5258 1661 5308 καὶ
1685 5256 1991 5309 θεοκλυτεῖν

405 5347 863 5412 ὑποπλάττοντες,
882 5348 949 5401 τὰ
964 5349 1071 5402 ἀπὸ
1086 5350 1249 5419 μόνης
1273 5349 1368 5418 τῆς
1389 5348 1537 5417 σφῶν
1560 5347 1753 5417 βουλῆς
1773 5349 1992 5417 ἐρευγό-

409 5454 586 5506 μενοι,
631 5440 724 5493 καὶ
764 5440 857 5494 τὸν
904 5440 1013 5492 τῶν
1043 5441 1455 5510 προσκειμένων
1493 5440 1676 5501 αὐτοῖς
1711 5455 1987 5507 καταγοη-

404 5529 656 5594 τεύοντες
688 5533 830 5587 νοῦν.
867 5533 1103 5587 Λαλοῦσι
1138 5533 1246 5602 γὰρ
1289 5532 1323 5587 ἃ
1362 5532 1427 5586 ἂν
1461 5532 1703 5602 βούλοιτό
1740 5548 1843 5593 τις,
1892 5531 1988 5583 καὶ

404 5624 570 5693 μόνον
599 5624 778 5677 ἐκεῖνό
807 5642 993 5693 φασιν,
1023 5626 1160 5696 ὅπερ
1198 5624 1263 5678 ἂν
1295 5620 1435 5676 εἶναι
1462 5626 1833 5693 τεκμήραιντο
1875 5625 1988 5684 τοῖς

404 5713 781 5785 ἀκροωμένοις
808 5714 930 5768 καθ’
964 5716 1178 5784 ἡδονήν.
1214 5713 1352 5766 Ἀλλ’
1385 5715 1411 5765 ὃ
1446 5730 1507 5781 γε
1531 5714 1670 5776 θεῖος
1701 5716 1835 5784 ἡμῖν
1867 5713 1988 5765 ἑπι-

471 5869 513 5899 ³⁷
555 5867 655 5923 Job
686 5887 783 5934 xu,
826 5872 905 5923 14.

2074 1958 2204 2013 tium
2228 1973 2344 2022 nos,
2395 1957 2495 2025 [iiii
2528 1971 2710 2025 regum
2740 1956 2808 2009 ab
2838 1955 3035 2009 initio?
3079 1953 3181 2008 Ubi
3228 1964 3348 2008 sunt
3387 1971 3524 2009 nunc
3557 1972 3649 2011 sa-

2073 2050 2271 2118 pientes
2316 2049 2417 2114 tui,
2445 2056 2496 2102 ει
2541 2048 2854 2102 annuntiat!
2883 2047 2996 2112 tibi,
3030 2056 3080 2100 et
3108 2047 3284 2100 dicunt
3316 2060 3336 2100 :
3368 2045 3509 2111 Quid
3530 2064 3654 2102 con-

2073 2140 2184 2195 silii
2212 2142 2344 2210 cepit
2381 2138 2640 2195 Dominus
2675 2137 2911 2195 Sabaoth
2932 2155 3089 2210 super
3120 2138 3445 2210 zEggplum!

2147 2316 2229 2374 0b
2260 2333 2531 2388 quamam,
2585 2320 2779 2390 inquit,
2805 2318 3060 2390 praeclara
3093 2319 3354 2385 facinora,
3389 2319 3650 2375 attolletis

2077 2411 2423 2479 supercilium
2451 2411 2474 2465 2
2507 2410 2644 2477 Quid
2703 2412 2992 2482 adjumenti
3043 2413 3248 2482 regioni
3280 2411 3547 2481 Egyptian
3572 2423 3657 2466 at-

2082 2503 2301 2567 tulistis,
2336 2512 2397 2558 ut
2422 2504 2474 2558 in
2506 2505 2864 2560 admiratione
2912 2508 3053 2575 apud
3085 2520 3178 2560 eos
3203 2505 3365 2561 sitis?
3395 2504 3494 2560 Vel
3550 2522 3656 2575 qua

2078 2595 2327 2650 oratione
2355 2597 2602 2663 utemini,
2652 2612 2773 2653 cum
2810 2613 2990 2667 regem
3025 2598 3322 2667 corripitis.
3378 2598 3657 2657 dicentes:

2077 2682 2200 2741 Filii
2232 2687 2647 2757 intelligentium
2691 2705 2811 2757 nos,
2848 2691 2899 2745 id
2927 2698 3033 2757 est,
3088 2692 3514 2761 prophetarum?
3546 2691 3659 2748 ﬂa-

2079 2778 2222 2847 giex
2254 2782 2455 2850 magis:
2510 2783 2600 2851 qui
2654 2782 2815 2837 etiam
2870 2798 2970 2853 per
3016 2783 3325 2839 universam
3383 2784 3655 2853 regionem

2083 2878 2291 2924 tantum
2323 2885 2429 2924 non
2457 2881 2773 2940 regnarunt,
2798 2872 2891 2940 qui
2922 2871 3062 2941 apud
3091 2872 3334 2928 cultores
3387 2873 3653 2930 idolorum

2079 2963 2539 3018 existimationem
2598 2971 2655 3018 et
2730 2964 2903 3035 289
2964 2965 3190 3034 gloriam
3243 2965 3657 3023 celeberrimam

2080 3054 2261 3123 adepti
2291 3063 2459 3108 sunt:
2501 3053 2591 3123 qui
2658 3069 2778 3107 cum
2844 3057 3151 3124 potentibus
3190 3057 3390 3111 versati
3446 3073 3663 3128 semper

2082 3141 2320 3209 fuerunt,
2355 3154 2410 3197 et
2440 3144 2776 3209 victitarunt,
2808 3144 3005 3214 quippe
3035 3145 3257 3199 consilia
3307 3146 3359 3199 in
3407 3149 3660 3203 omnibus

2005 3217 2047 3275 C
2084 3238 2246 3291 rebus
2299 3236 2525 3306 agendis
2550 3233 2744 3291 aﬂerre
2779 3236 2944 3301 soliti,
3010 3235 3153 3292 falso
3211 3238 3505 3295 nominatis
3557 3241 3659 3295 diis

2081 3327 2208 3396 quid
2265 3327 2596 3383 conduceret
2665 3326 3073 3396 inspirantibus.
3128 3324 3264 3382 Cum
3314 3328 3476 3399 igitur
3525 3329 3658 3386 falsa

2080 3417 2485 3482 coneionantes,
2540 3415 2733 3484 inquit,
2770 3425 2826 3471 et
2871 3418 2980 3471 veri
3033 3415 3167 3471 nihil
3234 3417 3468 3474 scientes
3526 3435 3659 3476 eon-

2080 3509 2395 3575 vincemini,
2452 3510 2727 3578 quomodo
2757 3509 2949 3565 dicetis
2975 3510 3125 3580 regi:
3178 3509 3299 3565 Filii
3353 3511 3663 3584 intelligen-

2085 3600 2218 3656 tium
2253 3601 2393 3656 nos?
2433 3601 2554 3656 Filii
2609 3617 2794 3671 regum
2851 3602 2941 3673 qui
2995 3617 3027 3657 a
3081 3604 3273 3673 primis
3334 3605 3663 3659 exstiterunt

2083 3693 2450 3763 temporibus?
2480 3693 2538 3748 in
2563 3694 2650 3749 his
2675 3702 2852 3750 autem
2888 3708 3067 3752 sermo
3125 3694 3474 3766 propheticus
3539 3712 3663 3766 spe-

2082 3795 2195 3841 ctat
2220 3787 2286 3841 ad
2310 3802 2406 3842 eos
2462 3787 2553 3856 qui
2615 3802 2736 3841 esse
2779 3788 3101 3843 videbantur
3172 3790 3473 3860 sapientes;
3533 3790 3657 3843 dein

2082 3892 2212 3932 vero
2240 3879 2525 3932 transitum
2566 3876 2696 3931 iacit
2726 3878 2793 3933 ad
2820 3893 3106 3947 personam
3158 3882 3277 3951 ejus
3310 3882 3401 3952 qui
3456 3882 3661 3951 princi-

2082 3980 2266 4040 patum
2294 3973 2518 4026 sortitus
2544 3982 2682 4035 erat,
2725 3983 2780 4026 et
2818 3968 2929 4025 ait:
2974 3972 3070 4026 Ubi
3102 3982 3225 4027 sunt
3263 3974 3533 4041 sapientes
3582 3976 3657 4031 tui

2083 4062 2713 4117 nunc?Etannuntient
2774 4063 2888 4126 tibi,
2918 4072 2971 4117 et
3032 4064 3213 4117 dicant
3273 4065 3400 4132 quid
3450 4066 3661 4121 consilii

2083 4155 2291 4224 ceperit
2318 4154 2576 4208 Dominus
2613 4153 2849 4207 Sabaoth
2880 4155 2943 4208 de
2983 4152 3237 4224 Egypto.
3296 4154 3532 4220 Etenim,
3575 4159 3659 4211 iu-

2083 4248 2219 4317 quit,
2257 4247 2300 4302 si
2326 4261 2432 4300 non
2469 4253 2594 4299 sunt
2622 4244 2943 4314 impostores
2969 4255 3023 4299 et
3064 4248 3396 4316 deceptores,
3427 4257 3479 4302 et
3505 4263 3661 4304 scur-

2086 4354 2181 4404 rae,
2254 4339 2299 4391 si
2332 4352 2435 4391 non
2470 4335 2601 4389 falsa
2629 4335 2921 4405 praedicare
2949 4330 3143 4401 soldnt,
3173 4337 3273 4392 nisi
3309 4354 3374 4393 cx
3418 4353 3516 4395 suo
3569 4355 3666 4409 pe-

2085 4442 2237 4484 etore
2293 4429 2407 4484 solo
2436 4429 2744 4498 loquantur,
2780 4441 2885 4483 nou
2912 4429 2979 4483 ab
3010 4443 3104 4483 ore
3138 4428 3344 4485 Domini
3380 4448 3394 4485 :
3426 4431 3571 4487 disce
3596 4432 3666 4487 ah

2088 4522 2192 4575 illis
2211 4537 2330 4591 qua:
2354 4520 2621 4591 [Egyptiis
2655 4521 2983 4589 impendent,
3017 4531 3070 4575 et
3127 4536 3247 4591 quae
3308 4535 3374 4575 ex
3438 4522 3667 4576 consilio

2090 4614 2302 4670 Domini
2341 4614 2580 4669 Sabaoth
2613 4616 2785 4684 primo
2815 4629 3029 4685 quoque
3063 4624 3299 4684 tempore
3318 4622 3446 4668 sunt
3503 4628 3666 4668 even-

2092 4716 2234 4762 tura.
2269 4706 2493 4762 lnsultat
2524 4708 2677 4777 quasi
2715 4706 2818 4761 illis
2852 4709 2940 4777 qui
2994 4707 3162 4762 Deum
3225 4721 3331 4761 non
3401 4721 3667 4773 cognove-

2092 4813 2238 4866 runt,
2274 4803 2364 4855 sed
2398 4802 2541 4854 velut
2600 4802 2652 4854 in
2722 4800 3005 4871 profundis
3071 4800 3306 4854 tenebris
3348 4798 3664 4870 jacuerunt,

2091 4907 2155 4946 eo
2185 4895 2328 4961 quod
2370 4892 2632 4946 idolorum
2664 4892 2831 4945 cultui
2863 4891 3225 4960 adigerentur.
3267 4889 3663 4947 Gravissimum

2093 4984 2274 5052 igitur,
2309 4986 2418 5038 imo
2445 4999 2572 5038 vero
2622 4999 2846 5053 prorsus
2898 4985 3283 5049 frustraneutn,
3356 4984 3669 5053 imposturis

2092 5075 2351 5129 falsorum
2408 5088 2587 5129 vatum
2620 5076 2912 5131 conlidere.
2982 5076 3120 5131 Cum
3174 5075 3318 5131 enim
3379 5076 3557 5129 futura
3612 5084 3667 5128 et

2089 5180 2207 5234 quae
2231 5167 2368 5219 Deus
2394 5166 2577 5231 infert,
2601 5169 2822 5221 omnino
2856 5168 3127 5236 ignorent,
3180 5167 3539 5222 coacervandi
3570 5182 3663 5221 ar-

2088 5257 2234 5327 genti
2278 5257 2557 5310 materiam
2586 5258 2790 5311 faeiunt
2820 5269 2990 5312 artem
3018 5257 3534 5326 pseudtmtantieam,
3583 5274 3671 5313 va—

2093 5349 2455 5413 ticinationes,
2475 5360 2529 5404 et
2560 5350 2712 5403 aDeo
2744 5351 2930 5403 audire
2960 5366 3019 5404 se
3052 5349 3257 5420 ﬁngunt
3281 5365 3397 5419 qua}
3426 5365 3523 5402 suo
3550 5348 3666 5402 solo

2092 5444 2351 5496 arbitratu
2372 5451 2637 5506 eructant,
2658 5443 3005 5512 animumque
3025 5457 3209 5495 eorum
3231 5443 3318 5511 qui
3341 5440 3467 5510 ipsis
3486 5440 3669 5494 adiue—

2097 5544 2243 5597 rent,
2281 5545 2590 5587 exeantant.
2618 5533 2936 5601 Loquuntur
2961 5535 3100 5587 enim
3139 5549 3254 5602 qua:
3286 5533 3494 5603 placent
3524 5532 3667 5600 aliis,

2093 5625 2218 5677 iilud
2246 5625 2429 5677 dicunt
2483 5625 2652 5678 solum
2687 5625 2827 5693 quod
2885 5626 3134 5695 voluptati
3190 5640 3307 5679 esse
3330 5625 3669 5679 audientibus

2094 5715 2407 5784 conjiciunt.
2441 5716 2705 5771 Caeterum
2740 5716 2916 5770 divina
2939 5718 3018 5771 lex
3074 5719 3315 5788 principii
3351 5718 3417 5772 ab
3480 5718 3671 5787 hujus~
