  <div class='ocr_page' id='page_1' title='image "/cluster/home/n/w/nwhite01/storage/ocr_20150623/70/mdp.39015078384453/239.png"; bbox 0 0 4158 6302; ppageno 0'>
   <div class='ocr_carea' id='block_1_1' title="bbox 533 426 647 497">
    <p class='ocr_par' dir='ltr' id='par_1_1' title="bbox 533 426 647 497">
     <span class='ocr_line' id='line_1_1' title="bbox 533 426 647 497; baseline -0.009 -17"><span class='ocrx_word' id='word_1_1' title='bbox 533 426 647 497; x_wconf 61' lang='grc' dir='ltr'><strong>’δίξῆ</strong></span> 
     </span>
    </p>
   </div>
   <div class='ocr_carea' id='block_1_2' title="bbox 1526 428 2771 492">
    <p class='ocr_par' dir='ltr' id='par_1_2' title="bbox 1526 428 2771 492">
     <span class='ocr_line' id='line_1_2' title="bbox 1526 428 2771 492; baseline 0.004 -6"><span class='ocrx_word' id='word_1_2' title='bbox 1526 431 1584 486; x_wconf 91' lang='lat' dir='ltr'><strong>S.</strong></span> <span class='ocrx_word' id='word_1_3' title='bbox 1626 428 1901 487; x_wconf 70' lang='lat' dir='ltr'><strong>CYIHLLI</strong></span> <span class='ocrx_word' id='word_1_4' title='bbox 1940 432 2405 489; x_wconf 62' lang='lat' dir='ltr'><strong>ALEXANDRINI</strong></span> <span class='ocrx_word' id='word_1_5' title='bbox 2448 434 2771 492; x_wconf 79' lang='lat' dir='ltr'><strong>‘ARCmEP.</strong></span> 
     </span>
    </p>
   </div>
   <div class='ocr_carea' id='block_1_3' title="bbox 3694 443 3799 495">
    <p class='ocr_par' dir='ltr' id='par_1_3' title="bbox 3694 443 3799 495">
     <span class='ocr_line' id='line_1_3' title="bbox 3694 443 3799 495; baseline 0 0"><span class='ocrx_word' id='word_1_6' title='bbox 3694 443 3799 495; x_wconf 63' lang='lat' dir='ltr'><strong>46i-</strong></span> 
     </span>
    </p>
   </div>
   <div class='ocr_carea' id='block_1_4' title="bbox 546 548 2119 628">
    <p class='ocr_par' dir='ltr' id='par_1_4' title="bbox 546 548 2109 607">
     <span class='ocr_line' id='line_1_4' title="bbox 546 548 2109 607; baseline 0 -3"><span class='ocrx_word' id='word_1_7' title='bbox 546 551 688 605; x_wconf 87' lang='lat' dir='ltr'><strong>modi</strong></span> <span class='ocrx_word' id='word_1_8' title='bbox 728 548 1037 604; x_wconf 84' lang='lat' dir='ltr'><strong>hominibus</strong></span> <span class='ocrx_word' id='word_1_9' title='bbox 1091 549 1363 603; x_wconf 84' lang='lat' dir='ltr'><strong>recedere.</strong></span> <span class='ocrx_word' id='word_1_10' title='bbox 1426 548 1598 605; x_wconf 82' lang='lat' dir='ltr'><strong>liabet</strong></span> <span class='ocrx_word' id='word_1_11' title='bbox 1646 552 1791 605; x_wconf 90' lang='lat' dir='ltr'><strong>enim</strong></span> <span class='ocrx_word' id='word_1_12' title='bbox 1853 552 1971 607; x_wconf 76' lang='lat' dir='ltr'><strong>sic:</strong></span> <span class='ocrx_word' id='word_1_13' title='bbox 2005 572 2021 603; x_wconf 84' lang='grc' dir='ltr'><strong>ι</strong></span> <span class='ocrx_word' id='word_1_14' title='bbox 2055 551 2109 605; x_wconf 85' lang='lat' dir='ltr'><strong>Si</strong></span> 
     </span>
    </p>
   </div>
   <div class='ocr_carea' id='block_1_5' title="bbox 2221 548 3802 628">
    <p class='ocr_par' dir='ltr' id='par_1_5' title="bbox 2227 553 3802 628">
     <span class='ocr_line' id='line_1_5' title="bbox 2227 553 3802 628; baseline 0.002 -21"><span class='ocrx_word' id='word_1_15' title='bbox 2227 556 2408 610; x_wconf 77' lang='grc' dir='ltr'>τάττει</span> <span class='ocrx_word' id='word_1_16' title='bbox 2455 558 2616 627; x_wconf 87' lang='grc' dir='ltr'>νόμος</span> <span class='ocrx_word' id='word_1_17' title='bbox 2672 557 2779 611; x_wconf 91' lang='grc' dir='ltr'><strong>τῶν</strong></span> <span class='ocrx_word' id='word_1_18' title='bbox 2818 556 3070 609; x_wconf 81' lang='grc' dir='ltr'>τοιούτων</span> <span class='ocrx_word' id='word_1_19' title='bbox 3119 553 3439 625; x_wconf 70' lang='grc' dir='ltr'>ἀποφοιτᾷν.</span> <span class='ocrx_word' id='word_1_20' title='bbox 3493 554 3644 626; x_wconf 82' lang='grc' dir='ltr'>Ἔχει</span> <span class='ocrx_word' id='word_1_21' title='bbox 3697 560 3802 628; x_wconf 65' lang='grc' dir='ltr'><strong>γὰρ</strong></span> 
     </span>
    </p>
   </div>
   <div class='ocr_carea' id='block_1_6' title="bbox 548 639 2117 709">
    <p class='ocr_par' dir='ltr' id='par_1_6' title="bbox 548 639 2117 709">
     <span class='ocr_line' id='line_1_6' title="bbox 548 639 2117 709; baseline 0.003 -17"><span class='ocrx_word' id='word_1_22' title='bbox 548 643 819 707; x_wconf 81' lang='lat' dir='ltr'><strong>ingressus</strong></span> <span class='ocrx_word' id='word_1_23' title='bbox 864 639 940 693; x_wconf 78' lang='lat' dir='ltr'><strong>sis</strong></span> <span class='ocrx_word' id='word_1_24' title='bbox 988 640 1038 692; x_wconf 91' lang='lat' dir='ltr'><strong>in</strong></span> <span class='ocrx_word' id='word_1_25' title='bbox 1111 648 1309 693; x_wconf 86' lang='lat' dir='ltr'><strong>terram</strong></span> <span class='ocrx_word' id='word_1_26' title='bbox 1371 654 1531 709; x_wconf 87' lang='lat' dir='ltr'><strong>quam</strong></span> <span class='ocrx_word' id='word_1_27' title='bbox 1562 642 1654 694; x_wconf 89' lang='lat' dir='ltr'><strong>dat</strong></span> <span class='ocrx_word' id='word_1_28' title='bbox 1711 643 1805 696; x_wconf 89' lang='lat' dir='ltr'><strong>tibi</strong></span> <span class='ocrx_word' id='word_1_29' title='bbox 1860 643 2117 696; x_wconf 73' lang='lat' dir='ltr'><strong>Dominus</strong></span> 
     </span>
    </p>
   </div>
   <div class='ocr_carea' id='block_1_7' title="bbox 546 731 2118 793">
    <p class='ocr_par' dir='ltr' id='par_1_7' title="bbox 546 731 2118 793">
     <span class='ocr_line' id='line_1_7' title="bbox 546 731 2118 793; baseline 0.004 -12"><span class='ocrx_word' id='word_1_30' title='bbox 546 731 682 785; x_wconf 82' lang='lat' dir='ltr'><strong>Dens</strong></span> <span class='ocrx_word' id='word_1_31' title='bbox 711 740 852 793; x_wconf 85' lang='lat' dir='ltr'><strong>tuus,</strong></span> <span class='ocrx_word' id='word_1_32' title='bbox 894 745 998 783; x_wconf 93' lang='lat' dir='ltr'><strong>non</strong></span> <span class='ocrx_word' id='word_1_33' title='bbox 1047 731 1223 786; x_wconf 81' lang='lat' dir='ltr'><strong>disces</strong></span> <span class='ocrx_word' id='word_1_34' title='bbox 1248 731 1430 787; x_wconf 80' lang='lat' dir='ltr'><strong>facere</strong></span> <span class='ocrx_word' id='word_1_35' title='bbox 1489 735 1782 787; x_wconf 86' lang='lat' dir='ltr'><strong>secundum</strong></span> <span class='ocrx_word' id='word_1_36' title='bbox 1840 734 2118 788; x_wconf 87' lang='lat' dir='ltr'><strong>abomina-</strong></span> 
     </span>
    </p>
   </div>
   <div class='ocr_carea' id='block_1_8' title="bbox 544 820 2119 893">
    <p class='ocr_par' dir='ltr' id='par_1_8' title="bbox 544 820 2119 893">
     <span class='ocr_line' id='line_1_8' title="bbox 544 820 2119 893; baseline 0.004 -22"><span class='ocrx_word' id='word_1_37' title='bbox 544 820 720 873; x_wconf 79' lang='lat' dir='ltr'><strong>timies</strong></span> <span class='ocrx_word' id='word_1_38' title='bbox 781 820 1014 889; x_wconf 80' lang='lat' dir='ltr'><strong>gentium</strong></span> <span class='ocrx_word' id='word_1_39' title='bbox 1066 834 1275 875; x_wconf 86' lang='lat' dir='ltr'><strong>earum.</strong></span> <span class='ocrx_word' id='word_1_40' title='bbox 1330 820 1446 877; x_wconf 71' lang='lat' dir='ltr'><strong>Non</strong></span> <span class='ocrx_word' id='word_1_41' title='bbox 1496 823 1895 877; x_wconf 83' lang='lat' dir='ltr'><strong>invenieturin</strong></span> <span class='ocrx_word' id='word_1_42' title='bbox 1941 834 1992 876; x_wconf 87' lang='lat' dir='ltr'><strong>te</strong></span> <span class='ocrx_word' id='word_1_43' title='bbox 2031 825 2119 893; x_wconf 88' lang='lat' dir='ltr'><strong>qui</strong></span> 
     </span>
    </p>
   </div>
   <div class='ocr_carea' id='block_1_9' title="bbox 541 909 2121 984">
    <p class='ocr_par' dir='ltr' id='par_1_9' title="bbox 541 909 2121 984">
     <span class='ocr_line' id='line_1_9' title="bbox 541 909 2121 984; baseline 0.004 -22"><span class='ocrx_word' id='word_1_44' title='bbox 541 909 736 964; x_wconf 84' lang='lat' dir='ltr'><strong>lustrat</strong></span> <span class='ocrx_word' id='word_1_45' title='bbox 773 911 939 964; x_wconf 84' lang='lat' dir='ltr'><strong>lilium</strong></span> <span class='ocrx_word' id='word_1_46' title='bbox 971 926 1126 965; x_wconf 88' lang='lat' dir='ltr'><strong>suum</strong></span> <span class='ocrx_word' id='word_1_47' title='bbox 1151 911 1247 966; x_wconf 69' lang='lat' dir='ltr'><strong>‘vel</strong></span> <span class='ocrx_word' id='word_1_48' title='bbox 1280 913 1440 967; x_wconf 80' lang='lat' dir='ltr'><strong>ﬁliam</strong></span> <span class='ocrx_word' id='word_1_49' title='bbox 1476 927 1626 968; x_wconf 88' lang='lat' dir='ltr'><strong>suam</strong></span> <span class='ocrx_word' id='word_1_50' title='bbox 1676 913 1809 984; x_wconf 79' lang='lat' dir='ltr'><strong>igni,</strong></span> <span class='ocrx_word' id='word_1_51' title='bbox 1854 924 1945 970; x_wconf 89' lang='lat' dir='ltr'><strong>aut</strong></span> <span class='ocrx_word' id='word_1_52' title='bbox 1982 917 2121 969; x_wconf 83' lang='lat' dir='ltr'><strong>vati-</strong></span> 
     </span>
    </p>
   </div>
   <div class='ocr_carea' id='block_1_10' title="bbox 541 992 2122 1075">
    <p class='ocr_par' dir='ltr' id='par_1_10' title="bbox 541 992 2122 1075">
     <span class='ocr_line' id='line_1_10' title="bbox 541 992 2122 1075; baseline 0.003 -20"><span class='ocrx_word' id='word_1_53' title='bbox 541 1001 1073 1069; x_wconf 87' lang='lat' dir='ltr'><strong>cinansvaticinium,</strong></span> <span class='ocrx_word' id='word_1_54' title='bbox 1092 1002 1174 1056; x_wconf 92' lang='lat' dir='ltr'><strong>vel</strong></span> <span class='ocrx_word' id='word_1_55' title='bbox 1192 1003 1412 1070; x_wconf 79' lang='lat' dir='ltr'><strong>arioius,</strong></span> <span class='ocrx_word' id='word_1_56' title='bbox 1430 1004 1513 1059; x_wconf 91' lang='lat' dir='ltr'><strong>vel</strong></span> <span class='ocrx_word' id='word_1_57' title='bbox 1538 992 1727 1074; x_wconf 83' lang='lat' dir='ltr'><strong>augur,</strong></span> <span class='ocrx_word' id='word_1_58' title='bbox 1747 1006 1828 1060; x_wconf 85' lang='lat' dir='ltr'><strong>vel</strong></span> <span class='ocrx_word' id='word_1_59' title='bbox 1846 1006 1933 1075; x_wconf 79' lang='lat' dir='ltr'><strong>qui</strong></span> <span class='ocrx_word' id='word_1_60' title='bbox 1961 1021 2122 1061; x_wconf 85' lang='lat' dir='ltr'><strong>vene-</strong></span> 
     </span>
    </p>
   </div>
   <div class='ocr_carea' id='block_1_11' title="bbox 436 1084 2124 1165">
    <p class='ocr_par' dir='ltr' id='par_1_11' title="bbox 436 1084 2124 1165">
     <span class='ocr_line' id='line_1_11' title="bbox 436 1084 2124 1165; baseline 0.004 -21"><span class='ocrx_word' id='word_1_61' title='bbox 436 1084 446 1090; x_wconf 72' lang='grc'><em>’</em></span> <span class='ocrx_word' id='word_1_62' title='bbox 543 1090 681 1146; x_wconf 85' lang='lat' dir='ltr'><strong>ﬁciis</strong></span> <span class='ocrx_word' id='word_1_63' title='bbox 726 1092 1933 1165; x_wconf 79' lang='lat' dir='ltr'><strong>incantat,autventriloquus,velquiostcnta</strong></span> <span class='ocrx_word' id='word_1_64' title='bbox 1988 1111 2124 1151; x_wconf 83' lang='lat' dir='ltr'><strong>con—</strong></span> 
     </span>
    </p>
   </div>
   <div class='ocr_carea' id='block_1_12' title="bbox 541 1182 2124 1255">
    <p class='ocr_par' dir='ltr' id='par_1_12' title="bbox 541 1182 2124 1255">
     <span class='ocr_line' id='line_1_12' title="bbox 541 1182 2124 1255; baseline 0.002 -17"><span class='ocrx_word' id='word_1_65' title='bbox 541 1182 766 1248; x_wconf 85' lang='lat' dir='ltr'><strong>siderat,</strong></span> <span class='ocrx_word' id='word_1_66' title='bbox 807 1192 902 1237; x_wconf 89' lang='lat' dir='ltr'><strong>aut</strong></span> <span class='ocrx_word' id='word_1_67' title='bbox 925 1185 1015 1253; x_wconf 88' lang='lat' dir='ltr'><strong>qui</strong></span> <span class='ocrx_word' id='word_1_68' title='bbox 1060 1182 1362 1255; x_wconf 79' lang='lat' dir='ltr'><strong>interrogat</strong></span> <span class='ocrx_word' id='word_1_69' title='bbox 1412 1196 1673 1240; x_wconf 88' lang='lat' dir='ltr'><strong>mortuos.</strong></span> <span class='ocrx_word' id='word_1_70' title='bbox 1721 1186 1937 1241; x_wconf 79' lang='lat' dir='ltr'><strong>Etenim</strong></span> <span class='ocrx_word' id='word_1_71' title='bbox 1994 1186 2124 1241; x_wconf 87' lang='lat' dir='ltr'><strong>abo-</strong></span> 
     </span>
    </p>
   </div>
   <div class='ocr_carea' id='block_1_13' title="bbox 543 1270 2117 1346">
    <p class='ocr_par' dir='ltr' id='par_1_13' title="bbox 543 1270 2117 1346">
     <span class='ocr_line' id='line_1_13' title="bbox 543 1270 2117 1346; baseline 0.003 -20"><span class='ocrx_word' id='word_1_72' title='bbox 543 1274 767 1330; x_wconf 89' lang='lat' dir='ltr'><strong>minatio</strong></span> <span class='ocrx_word' id='word_1_73' title='bbox 801 1273 1026 1330; x_wconf 86' lang='lat' dir='ltr'><strong>Domino</strong></span> <span class='ocrx_word' id='word_1_74' title='bbox 1061 1274 1168 1330; x_wconf 88' lang='lat' dir='ltr'><strong>Deo</strong></span> <span class='ocrx_word' id='word_1_75' title='bbox 1208 1287 1300 1331; x_wconf 92' lang='lat' dir='ltr'><strong>tuo</strong></span> <span class='ocrx_word' id='word_1_76' title='bbox 1324 1276 1640 1346; x_wconf 84' lang='lat' dir='ltr'><strong>quicunque</strong></span> <span class='ocrx_word' id='word_1_77' title='bbox 1678 1270 1808 1332; x_wconf 65' lang='lat' dir='ltr'><strong>(alia</strong></span> <span class='ocrx_word' id='word_1_78' title='bbox 1843 1277 1969 1333; x_wconf 81' lang='lat' dir='ltr'><strong>facit</strong></span> <span class='ocrx_word' id='word_1_79' title='bbox 1992 1278 2059 1332; x_wconf 81' lang='grc'><strong>⁸⁸.</strong></span> <span class='ocrx_word' id='word_1_80' title='bbox 2097 1297 2117 1330; x_wconf 74' lang='grc' dir='ltr'><strong>ι</strong></span> 
     </span>
    </p>
   </div>
   <div class='ocr_carea' id='block_1_14' title="bbox 545 1374 2121 1445">
    <p class='ocr_par' dir='ltr' id='par_1_14' title="bbox 545 1374 2121 1445">
     <span class='ocr_line' id='line_1_14' title="bbox 545 1374 2121 1445; baseline 0.002 -17"><span class='ocrx_word' id='word_1_81' title='bbox 545 1374 804 1445; x_wconf 74' lang='lat' dir='ltr'><strong>Adiungit</strong></span> <span class='ocrx_word' id='word_1_82' title='bbox 833 1388 997 1444; x_wconf 88' lang='lat' dir='ltr'><strong>porro</strong></span> <span class='ocrx_word' id='word_1_83' title='bbox 1031 1374 1137 1439; x_wconf 87' lang='lat' dir='ltr'><strong>bis,</strong></span> <span class='ocrx_word' id='word_1_84' title='bbox 1163 1383 1219 1430; x_wconf 91' lang='lat' dir='ltr'><strong>et</strong></span> <span class='ocrx_word' id='word_1_85' title='bbox 1258 1375 1375 1430; x_wconf 90' lang='lat' dir='ltr'><strong>ait:</strong></span> <span class='ocrx_word' id='word_1_86' title='bbox 1428 1393 1447 1426; x_wconf 76' lang='grc' dir='ltr'><strong>ι</strong></span> <span class='ocrx_word' id='word_1_87' title='bbox 1484 1374 1774 1431; x_wconf 82' lang='lat' dir='ltr'><strong>Perfectus</strong></span> <span class='ocrx_word' id='word_1_88' title='bbox 1799 1377 1905 1431; x_wconf 88' lang='lat' dir='ltr'><strong>eris</strong></span> <span class='ocrx_word' id='word_1_89' title='bbox 1943 1392 2121 1432; x_wconf 83' lang='lat' dir='ltr'><strong>coram</strong></span> 
     </span>
    </p>
   </div>
   <div class='ocr_carea' id='block_1_15' title="bbox 546 1463 2121 1537">
    <p class='ocr_par' dir='ltr' id='par_1_15' title="bbox 546 1463 2121 1537">
     <span class='ocr_line' id='line_1_15' title="bbox 546 1463 2121 1537; baseline 0.001 -19"><span class='ocrx_word' id='word_1_90' title='bbox 546 1464 774 1519; x_wconf 84' lang='lat' dir='ltr'><strong>Domino</strong></span> <span class='ocrx_word' id='word_1_91' title='bbox 812 1464 922 1519; x_wconf 85' lang='lat' dir='ltr'><strong>Deu</strong></span> <span class='ocrx_word' id='word_1_92' title='bbox 972 1475 1067 1520; x_wconf 90' lang='lat' dir='ltr'><strong>tuo</strong></span> <span class='ocrx_word' id='word_1_93' title='bbox 1112 1465 1182 1527; x_wconf 67' lang='grc'><strong>’.3.</strong></span> <span class='ocrx_word' id='word_1_94' title='bbox 1224 1482 1244 1516; x_wconf 75' lang='grc' dir='ltr'><strong>ι</strong></span> <span class='ocrx_word' id='word_1_95' title='bbox 1294 1463 1428 1519; x_wconf 84' lang='lat' dir='ltr'><strong>Nam</strong></span> <span class='ocrx_word' id='word_1_96' title='bbox 1487 1475 1671 1535; x_wconf 78' lang='lat' dir='ltr'><strong>gentes</strong></span> <span class='ocrx_word' id='word_1_97' title='bbox 1736 1466 1836 1520; x_wconf 85' lang='lat' dir='ltr'><strong>illae</strong></span> <span class='ocrx_word' id='word_1_98' title='bbox 1882 1482 2015 1537; x_wconf 87' lang='lat' dir='ltr'><strong>quas</strong></span> <span class='ocrx_word' id='word_1_99' title='bbox 2068 1476 2121 1520; x_wconf 91' lang='lat' dir='ltr'><strong>tu</strong></span> 
     </span>
    </p>
   </div>
   <div class='ocr_carea' id='block_1_16' title="bbox 547 1554 2123 1624">
    <p class='ocr_par' dir='ltr' id='par_1_16' title="bbox 547 1554 2123 1624">
     <span class='ocr_line' id='line_1_16' title="bbox 547 1554 2123 1624; baseline 0.001 -15"><span class='ocrx_word' id='word_1_100' title='bbox 547 1556 863 1610; x_wconf 78' lang='lat' dir='ltr'><strong>Increditate</strong></span> <span class='ocrx_word' id='word_1_101' title='bbox 907 1554 1174 1624; x_wconf 87' lang='lat' dir='ltr'><strong>possides,</strong></span> <span class='ocrx_word' id='word_1_102' title='bbox 1217 1555 1568 1611; x_wconf 87' lang='lat' dir='ltr'><strong>ariolationes</strong></span> <span class='ocrx_word' id='word_1_103' title='bbox 1620 1564 1675 1610; x_wconf 92' lang='lat' dir='ltr'><strong>et</strong></span> <span class='ocrx_word' id='word_1_104' title='bbox 1708 1556 2123 1611; x_wconf 75' lang='lat' dir='ltr'><strong>vaticinationes</strong></span> 
     </span>
    </p>
   </div>
   <div class='ocr_carea' id='block_1_17' title="bbox 545 1645 2121 1702">
    <p class='ocr_par' dir='ltr' id='par_1_17' title="bbox 545 1645 2121 1702">
     <span class='ocr_line' id='line_1_17' title="bbox 545 1645 2121 1702; baseline 0 -1"><span class='ocrx_word' id='word_1_105' title='bbox 545 1649 783 1701; x_wconf 83' lang='lat' dir='ltr'><strong>audiunt.</strong></span> <span class='ocrx_word' id='word_1_106' title='bbox 816 1645 935 1701; x_wconf 91' lang='lat' dir='ltr'><strong>Tibi</strong></span> <span class='ocrx_word' id='word_1_107' title='bbox 989 1661 1120 1701; x_wconf 85' lang='lat' dir='ltr'><strong>vero</strong></span> <span class='ocrx_word' id='word_1_108' title='bbox 1159 1660 1264 1701; x_wconf 88' lang='lat' dir='ltr'><strong>non</strong></span> <span class='ocrx_word' id='word_1_109' title='bbox 1325 1647 1405 1702; x_wconf 92' lang='lat' dir='ltr'><strong>sic</strong></span> <span class='ocrx_word' id='word_1_110' title='bbox 1458 1647 1604 1702; x_wconf 90' lang='lat' dir='ltr'><strong>dedit</strong></span> <span class='ocrx_word' id='word_1_111' title='bbox 1676 1647 1934 1702; x_wconf 81' lang='lat' dir='ltr'><strong>Dominus</strong></span> <span class='ocrx_word' id='word_1_112' title='bbox 1980 1648 2121 1702; x_wconf 89' lang='lat' dir='ltr'><strong>Deus</strong></span> 
     </span>
    </p>
   </div>
   <div class='ocr_carea' id='block_1_18' title="bbox 549 1734 2122 1805">
    <p class='ocr_par' dir='ltr' id='par_1_18' title="bbox 549 1734 2122 1805">
     <span class='ocr_line' id='line_1_18' title="bbox 549 1734 2122 1805; baseline 0 -14"><span class='ocrx_word' id='word_1_113' title='bbox 549 1748 677 1791; x_wconf 81' lang='lat' dir='ltr'><strong>tuus</strong></span> <span class='ocrx_word' id='word_1_114' title='bbox 711 1756 725 1790; x_wconf 91' lang='lat'><strong>:</strong></span> <span class='ocrx_word' id='word_1_115' title='bbox 765 1755 783 1789; x_wconf 74' lang='grc' dir='ltr'><strong>ι</strong></span> <span class='ocrx_word' id='word_1_116' title='bbox 825 1735 1147 1805; x_wconf 86' lang='lat' dir='ltr'><strong>Prophetam</strong></span> <span class='ocrx_word' id='word_1_117' title='bbox 1177 1736 1241 1791; x_wconf 88' lang='lat' dir='ltr'><strong>de</strong></span> <span class='ocrx_word' id='word_1_118' title='bbox 1270 1734 1533 1791; x_wconf 85' lang='lat' dir='ltr'><strong>fratribus</strong></span> <span class='ocrx_word' id='word_1_119' title='bbox 1567 1738 1672 1790; x_wconf 88' lang='lat' dir='ltr'><strong>tuis</strong></span> <span class='ocrx_word' id='word_1_120' title='bbox 1721 1736 1976 1791; x_wconf 80' lang='lat' dir='ltr'><strong>excitabit</strong></span> <span class='ocrx_word' id='word_1_121' title='bbox 2026 1735 2122 1791; x_wconf 87' lang='lat' dir='ltr'><strong>tibi</strong></span> 
     </span>
    </p>
   </div>
   <div class='ocr_carea' id='block_1_19' title="bbox 549 1826 2119 1898">
    <p class='ocr_par' dir='ltr' id='par_1_19' title="bbox 549 1826 2119 1898">
     <span class='ocr_line' id='line_1_19' title="bbox 549 1826 2119 1898; baseline -0.001 -17"><span class='ocrx_word' id='word_1_122' title='bbox 549 1828 806 1882; x_wconf 79' lang='lat' dir='ltr'><strong>Dominus</strong></span> <span class='ocrx_word' id='word_1_123' title='bbox 854 1828 994 1882; x_wconf 90' lang='lat' dir='ltr'><strong>Deus</strong></span> <span class='ocrx_word' id='word_1_124' title='bbox 1057 1835 1200 1894; x_wconf 90' lang='lat' dir='ltr'><strong>tuus,</strong></span> <span class='ocrx_word' id='word_1_125' title='bbox 1258 1828 1431 1897; x_wconf 82' lang='lat' dir='ltr'><strong>ipsum</strong></span> <span class='ocrx_word' id='word_1_126' title='bbox 1486 1826 1718 1882; x_wconf 87' lang='lat' dir='ltr'><strong>audietis</strong></span> <span class='ocrx_word' id='word_1_127' title='bbox 1753 1842 1850 1898; x_wconf 89' lang='lat' dir='ltr'><strong>per</strong></span> <span class='ocrx_word' id='word_1_128' title='bbox 1917 1827 2119 1889; x_wconf 88' lang='lat' dir='ltr'><strong>omnia,</strong></span> 
     </span>
    </p>
   </div>
   <div class='ocr_carea' id='block_1_20' title="bbox 2223 644 3803 718">
    <p class='ocr_par' dir='ltr' id='par_1_20' title="bbox 2223 644 3803 718">
     <span class='ocr_line' id='line_1_20' title="bbox 2223 644 3803 718; baseline 0.001 -20"><span class='ocrx_word' id='word_1_129' title='bbox 2223 647 2394 711; x_wconf 77' lang='grc' dir='ltr'>οὕτως</span> <span class='ocrx_word' id='word_1_130' title='bbox 2412 665 2424 678; x_wconf 75' lang='grc' dir='ltr'><strong>ο</strong></span> <span class='ocrx_word' id='word_1_131' title='bbox 2456 667 2473 698; x_wconf 79' lang='grc' dir='ltr'><strong>ι</strong></span> <span class='ocrx_word' id='word_1_132' title='bbox 2505 649 2628 701; x_wconf 73' lang='grc' dir='ltr'>Ἐὰν</span> <span class='ocrx_word' id='word_1_133' title='bbox 2655 647 2900 718; x_wconf 79' lang='grc' dir='ltr'>εἰσέλθῃς</span> <span class='ocrx_word' id='word_1_134' title='bbox 2926 647 3006 708; x_wconf 87' lang='grc' dir='ltr'><strong>εἰς</strong></span> <span class='ocrx_word' id='word_1_135' title='bbox 3032 644 3130 716; x_wconf 80' lang='grc' dir='ltr'>τὴν</span> <span class='ocrx_word' id='word_1_136' title='bbox 3158 645 3260 715; x_wconf 80' lang='grc' dir='ltr'>γῆν</span> <span class='ocrx_word' id='word_1_137' title='bbox 3283 646 3349 713; x_wconf 73' lang='grc' dir='ltr'>ἢν</span> <span class='ocrx_word' id='word_1_138' title='bbox 3379 645 3582 716; x_wconf 84' lang='grc' dir='ltr'>Κύριος</span> <span class='ocrx_word' id='word_1_139' title='bbox 3618 648 3647 699; x_wconf 99' lang='lat'><strong>6</strong></span> <span class='ocrx_word' id='word_1_140' title='bbox 3670 648 3803 711; x_wconf 76' lang='grc' dir='ltr'>Θεὸς</span> 
     </span>
    </p>
   </div>
   <div class='ocr_carea' id='block_1_21' title="bbox 2225 736 3803 809">
    <p class='ocr_par' dir='ltr' id='par_1_21' title="bbox 2225 736 3803 809">
     <span class='ocr_line' id='line_1_21' title="bbox 2225 736 3803 809; baseline 0.001 -19"><span class='ocrx_word' id='word_1_141' title='bbox 2225 754 2317 790; x_wconf 87' lang='grc' dir='ltr'><strong>σου</strong></span> <span class='ocrx_word' id='word_1_142' title='bbox 2347 738 2527 791; x_wconf 82' lang='grc' dir='ltr'>δίδωσί</span> <span class='ocrx_word' id='word_1_143' title='bbox 2563 755 2666 802; x_wconf 92' lang='grc' dir='ltr'>σοι,</span> <span class='ocrx_word' id='word_1_144' title='bbox 2699 739 2760 791; x_wconf 83' lang='grc' dir='ltr'><strong>οὐ</strong></span> <span class='ocrx_word' id='word_1_145' title='bbox 2806 738 3025 808; x_wconf 78' lang='grc' dir='ltr'><strong>μαθήσῃ</strong></span> <span class='ocrx_word' id='word_1_146' title='bbox 3051 738 3225 788; x_wconf 80' lang='grc' dir='ltr'>ποιεῖν</span> <span class='ocrx_word' id='word_1_147' title='bbox 3273 736 3416 788; x_wconf 84' lang='grc' dir='ltr'>κατὰ</span> <span class='ocrx_word' id='word_1_148' title='bbox 3457 736 3803 809; x_wconf 76' lang='grc' dir='ltr'>βδελύγματα</span> 
     </span>
    </p>
   </div>
   <div class='ocr_carea' id='block_1_22' title="bbox 2223 828 3805 902">
    <p class='ocr_par' dir='ltr' id='par_1_22' title="bbox 2223 828 3805 902">
     <span class='ocr_line' id='line_1_22' title="bbox 2223 828 3805 902; baseline 0.002 -21"><span class='ocrx_word' id='word_1_149' title='bbox 2223 828 2330 881; x_wconf 90' lang='grc' dir='ltr'><strong>τῶν</strong></span> <span class='ocrx_word' id='word_1_150' title='bbox 2362 828 2531 881; x_wconf 80' lang='grc' dir='ltr'>ἐθνῶν</span> <span class='ocrx_word' id='word_1_151' title='bbox 2598 830 2842 884; x_wconf 79' lang='grc' dir='ltr'><strong>ἐκείνων.</strong></span> <span class='ocrx_word' id='word_1_152' title='bbox 2899 831 3011 901; x_wconf 80' lang='grc' dir='ltr'>Οὐχ</span> <span class='ocrx_word' id='word_1_153' title='bbox 3050 829 3409 902; x_wconf 69' lang='grc' dir='ltr'><strong>εὑρεθήσεται</strong></span> <span class='ocrx_word' id='word_1_154' title='bbox 3438 829 3495 881; x_wconf 84' lang='grc' dir='ltr'><strong>ἐν</strong></span> <span class='ocrx_word' id='word_1_155' title='bbox 3534 831 3618 882; x_wconf 77' lang='grc' dir='ltr'><strong>σοὶ</strong></span> <span class='ocrx_word' id='word_1_156' title='bbox 3648 848 3805 900; x_wconf 86' lang='grc' dir='ltr'>περι-</span> 
     </span>
    </p>
   </div>
   <div class='ocr_carea' id='block_1_23' title="bbox 2210 917 3803 991">
    <p class='ocr_par' dir='ltr' id='par_1_23' title="bbox 2210 917 3803 991">
     <span class='ocr_line' id='line_1_23' title="bbox 2210 917 3803 991; baseline 0.002 -20"><span class='ocrx_word' id='word_1_157' title='bbox 2210 917 2503 988; x_wconf 78' lang='grc' dir='ltr'>·καθαίρων</span> <span class='ocrx_word' id='word_1_158' title='bbox 2538 919 2628 971; x_wconf 78' lang='grc' dir='ltr'><strong>τὸν</strong></span> <span class='ocrx_word' id='word_1_159' title='bbox 2671 920 2782 972; x_wconf 76' lang='grc' dir='ltr'>υἱὸν</span> <span class='ocrx_word' id='word_1_160' title='bbox 2816 919 2982 973; x_wconf 72' lang='grc' dir='ltr'>αὑτοῦ</span> <span class='ocrx_word' id='word_1_161' title='bbox 3014 920 3046 990; x_wconf 69' lang='grc' dir='ltr'><strong>ᾗ</strong></span> <span class='ocrx_word' id='word_1_162' title='bbox 3097 920 3196 991; x_wconf 79' lang='grc' dir='ltr'>τὴν</span> <span class='ocrx_word' id='word_1_163' title='bbox 3229 919 3503 989; x_wconf 86' lang='grc' dir='ltr'>Θυγατέρα</span> <span class='ocrx_word' id='word_1_164' title='bbox 3536 920 3700 973; x_wconf 83' lang='grc' dir='ltr'>αὐτοῦ</span> <span class='ocrx_word' id='word_1_165' title='bbox 3743 923 3803 974; x_wconf 91' lang='grc' dir='ltr'><strong>ἐν</strong></span> 
     </span>
    </p>
   </div>
   <div class='ocr_carea' id='block_1_24' title="bbox 2225 1008 3800 1081">
    <p class='ocr_par' dir='ltr' id='par_1_24' title="bbox 2225 1008 3800 1081">
     <span class='ocr_line' id='line_1_24' title="bbox 2225 1008 3800 1081; baseline -0.001 -20"><span class='ocrx_word' id='word_1_166' title='bbox 2225 1008 2377 1079; x_wconf 73' lang='grc' dir='ltr'>πυρὶ,</span> <span class='ocrx_word' id='word_1_167' title='bbox 2426 1010 2824 1080; x_wconf 84' lang='grc' dir='ltr'>μαντευόμενος</span> <span class='ocrx_word' id='word_1_168' title='bbox 2871 1010 3149 1081; x_wconf 80' lang='grc' dir='ltr'><strong>μαντείαν,</strong></span> <span class='ocrx_word' id='word_1_169' title='bbox 3196 1009 3676 1079; x_wconf 76' lang='grc' dir='ltr'>κληδωνιζόμενος,</span> <span class='ocrx_word' id='word_1_170' title='bbox 3707 1011 3800 1063; x_wconf 74' lang='grc' dir='ltr'>καὶ</span> 
     </span>
    </p>
   </div>
   <div class='ocr_carea' id='block_1_25' title="bbox 2224 1099 3798 1171">
    <p class='ocr_par' dir='ltr' id='par_1_25' title="bbox 2224 1099 3798 1171">
     <span class='ocr_line' id='line_1_25' title="bbox 2224 1099 3798 1171; baseline 0 -20"><span class='ocrx_word' id='word_1_171' title='bbox 2224 1099 2636 1170; x_wconf 76' lang='grc' dir='ltr'><strong>οἰωνιζόμενος,</strong></span> <span class='ocrx_word' id='word_1_172' title='bbox 2672 1100 2993 1171; x_wconf 73' lang='grc' dir='ltr'>φαρμακός,</span> <span class='ocrx_word' id='word_1_173' title='bbox 3039 1099 3290 1171; x_wconf 82' lang='grc' dir='ltr'>ἐπᾴδων,</span> <span class='ocrx_word' id='word_1_174' title='bbox 3327 1100 3798 1170; x_wconf 84' lang='grc' dir='ltr'>ἐγγαστρίμυθος,</span> 
     </span>
    </p>
   </div>
   <div class='ocr_carea' id='block_1_26' title="bbox 2223 1186 3797 1259">
    <p class='ocr_par' dir='ltr' id='par_1_26' title="bbox 2223 1186 3797 1259">
     <span class='ocr_line' id='line_1_26' title="bbox 2223 1186 3797 1259; baseline 0 -19"><span class='ocrx_word' id='word_1_175' title='bbox 2223 1186 2321 1240; x_wconf 73' lang='grc' dir='ltr'><strong>καὶ</strong></span> <span class='ocrx_word' id='word_1_176' title='bbox 2347 1187 2769 1259; x_wconf 82' lang='grc' dir='ltr'><strong>τερατοσκόπος,</strong></span> <span class='ocrx_word' id='word_1_177' title='bbox 2795 1188 2890 1241; x_wconf 74' lang='grc' dir='ltr'><strong>καὶ</strong></span> <span class='ocrx_word' id='word_1_178' title='bbox 2922 1187 3214 1259; x_wconf 78' lang='grc' dir='ltr'>ἐπερωτῶν</span> <span class='ocrx_word' id='word_1_179' title='bbox 3233 1189 3357 1251; x_wconf 74' lang='grc' dir='ltr'>τοὺς</span> <span class='ocrx_word' id='word_1_180' title='bbox 3373 1187 3623 1257; x_wconf 83' lang='grc' dir='ltr'>νεκρούς.</span> <span class='ocrx_word' id='word_1_181' title='bbox 3644 1188 3797 1240; x_wconf 82' lang='grc' dir='ltr'>Ἐστι</span> 
     </span>
    </p>
   </div>
   <div class='ocr_carea' id='block_1_27' title="bbox 2223 1278 3795 1351">
    <p class='ocr_par' dir='ltr' id='par_1_27' title="bbox 2223 1278 3795 1351">
     <span class='ocr_line' id='line_1_27' title="bbox 2223 1278 3795 1351; baseline -0.002 -17"><span class='ocrx_word' id='word_1_182' title='bbox 2223 1279 2333 1350; x_wconf 78' lang='grc' dir='ltr'><strong>γὰρ</strong></span> <span class='ocrx_word' id='word_1_183' title='bbox 2360 1278 2633 1350; x_wconf 79' lang='grc' dir='ltr'><strong>βδέλυγμα</strong></span> <span class='ocrx_word' id='word_1_184' title='bbox 2650 1281 2837 1351; x_wconf 83' lang='grc' dir='ltr'>Κυρίῳ</span> <span class='ocrx_word' id='word_1_185' title='bbox 2855 1281 2933 1351; x_wconf 80' lang='grc' dir='ltr'>τῷ</span> <span class='ocrx_word' id='word_1_186' title='bbox 2956 1280 3080 1351; x_wconf 85' lang='grc' dir='ltr'><strong>Θεῷ</strong></span> <span class='ocrx_word' id='word_1_187' title='bbox 3111 1297 3204 1333; x_wconf 85' lang='grc' dir='ltr'><strong>σου</strong></span> <span class='ocrx_word' id='word_1_188' title='bbox 3233 1282 3338 1343; x_wconf 78' lang='grc' dir='ltr'>πᾶς</span> <span class='ocrx_word' id='word_1_189' title='bbox 3372 1280 3540 1332; x_wconf 82' lang='grc' dir='ltr'>ποιῶν</span> <span class='ocrx_word' id='word_1_190' title='bbox 3569 1280 3795 1332; x_wconf 71' lang='grc' dir='ltr'>ταῦτα.»</span> 
     </span>
    </p>
   </div>
   <div class='ocr_carea' id='block_1_28' title="bbox 2223 1370 3799 1442">
    <p class='ocr_par' dir='ltr' id='par_1_28' title="bbox 2223 1370 3799 1442">
     <span class='ocr_line' id='line_1_28' title="bbox 2223 1370 3799 1442; baseline -0.001 -19"><span class='ocrx_word' id='word_1_191' title='bbox 2223 1373 2567 1442; x_wconf 88' lang='grc' dir='ltr'>Προσεπάγει</span> <span class='ocrx_word' id='word_1_192' title='bbox 2592 1372 2648 1425; x_wconf 85' lang='grc' dir='ltr'><strong>δὲ</strong></span> <span class='ocrx_word' id='word_1_193' title='bbox 2680 1372 2890 1436; x_wconf 84' lang='grc' dir='ltr'>τούτοις</span> <span class='ocrx_word' id='word_1_194' title='bbox 2917 1373 3011 1424; x_wconf 77' lang='grc' dir='ltr'><strong>καὶ</strong></span> <span class='ocrx_word' id='word_1_195' title='bbox 3040 1372 3202 1442; x_wconf 78' lang='grc' dir='ltr'>φησί·</span> <span class='ocrx_word' id='word_1_196' title='bbox 3232 1390 3249 1422; x_wconf 81' lang='grc' dir='ltr'><strong>ι</strong></span> <span class='ocrx_word' id='word_1_197' title='bbox 3274 1370 3489 1434; x_wconf 77' lang='grc' dir='ltr'>Τέλειος</span> <span class='ocrx_word' id='word_1_198' title='bbox 3521 1370 3617 1440; x_wconf 78' lang='grc' dir='ltr'><strong>ἔσῃ</strong></span> <span class='ocrx_word' id='word_1_199' title='bbox 3646 1371 3799 1422; x_wconf 72' lang='grc' dir='ltr'>ἐναν-</span> 
     </span>
    </p>
   </div>
   <div class='ocr_carea' id='block_1_29' title="bbox 2222 1459 3797 1533">
    <p class='ocr_par' dir='ltr' id='par_1_29' title="bbox 2222 1459 3797 1533">
     <span class='ocr_line' id='line_1_29' title="bbox 2222 1459 3797 1533; baseline -0.001 -20"><span class='ocrx_word' id='word_1_200' title='bbox 2222 1462 2336 1515; x_wconf 89' lang='grc' dir='ltr'>τίον</span> <span class='ocrx_word' id='word_1_201' title='bbox 2366 1463 2570 1533; x_wconf 81' lang='grc' dir='ltr'>Κυρίου</span> <span class='ocrx_word' id='word_1_202' title='bbox 2598 1462 2692 1516; x_wconf 78' lang='grc' dir='ltr'>τοῦ</span> <span class='ocrx_word' id='word_1_203' title='bbox 2720 1462 2856 1515; x_wconf 79' lang='grc' dir='ltr'>Θεοῦ</span> <span class='ocrx_word' id='word_1_204' title='bbox 2886 1480 2999 1517; x_wconf 88' lang='grc' dir='ltr'>σου.</span> <span class='ocrx_word' id='word_1_205' title='bbox 3030 1482 3048 1515; x_wconf 78' lang='grc' dir='ltr'><strong>ι</strong></span> <span class='ocrx_word' id='word_1_206' title='bbox 3077 1463 3157 1515; x_wconf 82' lang='grc' dir='ltr'><strong>Τὰ</strong></span> <span class='ocrx_word' id='word_1_207' title='bbox 3191 1461 3299 1532; x_wconf 84' lang='grc' dir='ltr'>γὰρ</span> <span class='ocrx_word' id='word_1_208' title='bbox 3320 1461 3446 1532; x_wconf 81' lang='grc' dir='ltr'>ἔθνη</span> <span class='ocrx_word' id='word_1_209' title='bbox 3485 1460 3677 1524; x_wconf 76' lang='grc' dir='ltr'>ταῦτα,</span> <span class='ocrx_word' id='word_1_210' title='bbox 3704 1459 3797 1520; x_wconf 80' lang='grc' dir='ltr'><strong>οὓς</strong></span> 
     </span>
    </p>
   </div>
   <div class='ocr_carea' id='block_1_30' title="bbox 2226 1544 3797 1625">
    <p class='ocr_par' dir='ltr' id='par_1_30' title="bbox 2226 1544 3797 1625">
     <span class='ocr_line' id='line_1_30' title="bbox 2226 1544 3797 1625; baseline -0.003 -19"><span class='ocrx_word' id='word_1_211' title='bbox 2226 1554 2290 1606; x_wconf 77' lang='grc' dir='ltr'><strong>σὺ</strong></span> <span class='ocrx_word' id='word_1_212' title='bbox 2322 1554 2820 1625; x_wconf 76' lang='grc' dir='ltr'>κατακληρονομεῖς</span> <span class='ocrx_word' id='word_1_213' title='bbox 2848 1554 3065 1618; x_wconf 71' lang='grc' dir='ltr'>αὐτοὺς,</span> <span class='ocrx_word' id='word_1_214' title='bbox 3108 1544 3254 1606; x_wconf 70' lang='grc' dir='ltr'>οὗτοι</span> <span class='ocrx_word' id='word_1_215' title='bbox 3283 1550 3671 1621; x_wconf 81' lang='grc' dir='ltr'>κληδωνισμῶν</span> <span class='ocrx_word' id='word_1_216' title='bbox 3704 1550 3797 1603; x_wconf 75' lang='grc' dir='ltr'><strong>καί</strong></span> 
     </span>
    </p>
   </div>
   <div class='ocr_carea' id='block_1_31' title="bbox 2227 1640 3798 1715">
    <p class='ocr_par' dir='ltr' id='par_1_31' title="bbox 2227 1640 3798 1715">
     <span class='ocr_line' id='line_1_31' title="bbox 2227 1640 3798 1715; baseline -0.003 -19"><span class='ocrx_word' id='word_1_217' title='bbox 2227 1642 2492 1715; x_wconf 88' lang='grc' dir='ltr'>μαντειῶν</span> <span class='ocrx_word' id='word_1_218' title='bbox 2525 1644 2871 1698; x_wconf 85' lang='grc' dir='ltr'>ἀκούσονται.</span> <span class='ocrx_word' id='word_1_219' title='bbox 2905 1643 2998 1696; x_wconf 74' lang='grc' dir='ltr'>Σοὶ</span> <span class='ocrx_word' id='word_1_220' title='bbox 3036 1642 3093 1696; x_wconf 79' lang='grc' dir='ltr'><strong>δέ</strong></span> <span class='ocrx_word' id='word_1_221' title='bbox 3130 1644 3227 1713; x_wconf 69' lang='grc' dir='ltr'><strong>οὐχ</strong></span> <span class='ocrx_word' id='word_1_222' title='bbox 3263 1641 3406 1695; x_wconf 75' lang='grc' dir='ltr'>οὕτω</span> <span class='ocrx_word' id='word_1_223' title='bbox 3431 1642 3660 1695; x_wconf 84' lang='grc' dir='ltr'>δέδωκεν</span> <span class='ocrx_word' id='word_1_224' title='bbox 3686 1640 3798 1692; x_wconf 81' lang='grc' dir='ltr'><strong>Κύ-</strong></span> 
     </span>
    </p>
   </div>
   <div class='ocr_carea' id='block_1_32' title="bbox 2227 1731 3798 1805">
    <p class='ocr_par' dir='ltr' id='par_1_32' title="bbox 2227 1731 3798 1805">
     <span class='ocr_line' id='line_1_32' title="bbox 2227 1731 3798 1805; baseline -0.002 -18"><span class='ocrx_word' id='word_1_225' title='bbox 2227 1752 2340 1805; x_wconf 90' lang='grc' dir='ltr'>ριος</span> <span class='ocrx_word' id='word_1_226' title='bbox 2378 1736 2406 1787; x_wconf 87' lang='lat'><strong>6</strong></span> <span class='ocrx_word' id='word_1_227' title='bbox 2432 1734 2563 1797; x_wconf 81' lang='grc' dir='ltr'>Θεός</span> <span class='ocrx_word' id='word_1_228' title='bbox 2602 1751 2723 1788; x_wconf 87' lang='grc' dir='ltr'>σου·</span> <span class='ocrx_word' id='word_1_229' title='bbox 2778 1753 2797 1785; x_wconf 75' lang='grc' dir='ltr'><strong>ι</strong></span> <span class='ocrx_word' id='word_1_230' title='bbox 2834 1735 3125 1804; x_wconf 83' lang='grc' dir='ltr'>Προφήτην</span> <span class='ocrx_word' id='word_1_231' title='bbox 3158 1735 3220 1786; x_wconf 86' lang='grc' dir='ltr'><strong>ἐκ</strong></span> <span class='ocrx_word' id='word_1_232' title='bbox 3258 1733 3366 1786; x_wconf 88' lang='grc' dir='ltr'><strong>τῶν</strong></span> <span class='ocrx_word' id='word_1_233' title='bbox 3412 1731 3653 1800; x_wconf 75' lang='grc' dir='ltr'><strong>ἀδελφῶν</strong></span> <span class='ocrx_word' id='word_1_234' title='bbox 3703 1748 3798 1784; x_wconf 83' lang='grc' dir='ltr'><strong>σου</strong></span> 
     </span>
    </p>
   </div>
   <div class='ocr_carea' id='block_1_33' title="bbox 2224 1821 3799 1895">
    <p class='ocr_par' dir='ltr' id='par_1_33' title="bbox 2224 1821 3799 1895">
     <span class='ocr_line' id='line_1_33' title="bbox 2224 1821 3799 1895; baseline -0.001 -18"><span class='ocrx_word' id='word_1_235' title='bbox 2224 1824 2518 1895; x_wconf 86' lang='grc' dir='ltr'>ἀναστήσει</span> <span class='ocrx_word' id='word_1_236' title='bbox 2552 1840 2632 1876; x_wconf 90' lang='grc' dir='ltr'><strong>σοι</strong></span> <span class='ocrx_word' id='word_1_237' title='bbox 2674 1822 2881 1895; x_wconf 82' lang='grc' dir='ltr'>Κύριος</span> <span class='ocrx_word' id='word_1_238' title='bbox 2922 1827 2950 1877; x_wconf 90' lang='lat'><strong>6</strong></span> <span class='ocrx_word' id='word_1_239' title='bbox 2977 1824 3109 1887; x_wconf 86' lang='grc' dir='ltr'>Θεός</span> <span class='ocrx_word' id='word_1_240' title='bbox 3137 1840 3230 1876; x_wconf 87' lang='grc' dir='ltr'><strong>σου</strong></span> <span class='ocrx_word' id='word_1_241' title='bbox 3250 1863 3264 1885; x_wconf 87' lang='grc'><strong>,</strong></span> <span class='ocrx_word' id='word_1_242' title='bbox 3296 1822 3458 1876; x_wconf 83' lang='grc' dir='ltr'>αὑτοῦ</span> <span class='ocrx_word' id='word_1_243' title='bbox 3498 1821 3799 1875; x_wconf 82' lang='grc' dir='ltr'>ἀκούσεσθε</span> 
     </span>
    </p>
   </div>
   <div class='ocr_carea' id='block_1_34' title="bbox 545 1904 2119 1988">
    <p class='ocr_par' dir='ltr' id='par_1_34' title="bbox 545 1915 2119 1988">
     <span class='ocr_line' id='line_1_34' title="bbox 545 1915 2119 1988; baseline 0 -18"><span class='ocrx_word' id='word_1_244' title='bbox 545 1917 712 1988; x_wconf 77' lang='lat'><strong>290</strong></span> <span class='ocrx_word' id='word_1_245' title='bbox 770 1930 1108 1987; x_wconf 82' lang='lat' dir='ltr'><strong>quaecunque</strong></span> <span class='ocrx_word' id='word_1_246' title='bbox 1174 1915 1426 1986; x_wconf 83' lang='lat' dir='ltr'><strong>loquetur</strong></span> <span class='ocrx_word' id='word_1_247' title='bbox 1488 1915 1642 1972; x_wconf 87' lang='lat' dir='ltr'><strong>vobis</strong></span> <span class='ocrx_word' id='word_1_248' title='bbox 1671 1917 1737 1970; x_wconf 78' lang='lat'><strong>“.</strong></span> <span class='ocrx_word' id='word_1_249' title='bbox 1820 1934 1839 1969; x_wconf 75' lang='grc' dir='ltr'><strong>ι</strong></span> <span class='ocrx_word' id='word_1_250' title='bbox 1895 1915 2119 1971; x_wconf 85' lang='lat' dir='ltr'><strong>Omnino</strong></span> 
     </span>
    </p>
   </div>
   <div class='ocr_carea' id='block_1_35' title="bbox 2221 1904 3799 1988">
    <p class='ocr_par' dir='ltr' id='par_1_35' title="bbox 2221 1904 3799 1988">
     <span class='ocr_line' id='line_1_35' title="bbox 2221 1904 3799 1988; baseline -0.002 -21"><span class='ocrx_word' id='word_1_251' title='bbox 2221 1915 2366 1969; x_wconf 69' lang='grc' dir='ltr'>κατὰ</span> <span class='ocrx_word' id='word_1_252' title='bbox 2394 1917 2570 1970; x_wconf 85' lang='grc' dir='ltr'>πάντα</span> <span class='ocrx_word' id='word_1_253' title='bbox 2611 1916 2711 1969; x_wconf 86' lang='grc' dir='ltr'><strong>ὅσα</strong></span> <span class='ocrx_word' id='word_1_254' title='bbox 2738 1915 2804 1969; x_wconf 85' lang='grc' dir='ltr'>ἂν</span> <span class='ocrx_word' id='word_1_255' title='bbox 2828 1904 3039 1988; x_wconf 80' lang='grc' dir='ltr'>λαλήσῂ</span> <span class='ocrx_word' id='word_1_256' title='bbox 3076 1915 3212 1986; x_wconf 76' lang='grc' dir='ltr'>πρὸς</span> <span class='ocrx_word' id='word_1_257' title='bbox 3243 1914 3409 1984; x_wconf 82' lang='grc' dir='ltr'>ὑμᾶς.</span> <span class='ocrx_word' id='word_1_258' title='bbox 3437 1933 3454 1966; x_wconf 73' lang='grc' dir='ltr'><strong>ι</strong></span> <span class='ocrx_word' id='word_1_259' title='bbox 3488 1912 3799 1981; x_wconf 76' lang='grc' dir='ltr'>Ἀφιλόθεος</span> 
     </span>
    </p>
   </div>
   <div class='ocr_carea' id='block_1_36' title="bbox 545 2007 2118 2077">
    <p class='ocr_par' dir='ltr' id='par_1_36' title="bbox 545 2007 2118 2077">
     <span class='ocr_line' id='line_1_36' title="bbox 545 2007 2118 2077; baseline 0.001 -15"><span class='ocrx_word' id='word_1_260' title='bbox 545 2009 690 2062; x_wconf 84' lang='lat' dir='ltr'><strong>enim</strong></span> <span class='ocrx_word' id='word_1_261' title='bbox 719 2007 820 2062; x_wconf 75' lang='lat' dir='ltr'><strong>Dei</strong></span> <span class='ocrx_word' id='word_1_262' title='bbox 850 2022 1036 2062; x_wconf 87' lang='lat' dir='ltr'><strong>amore</strong></span> <span class='ocrx_word' id='word_1_263' title='bbox 1065 2022 1265 2063; x_wconf 84' lang='lat' dir='ltr'><strong>vacuus</strong></span> <span class='ocrx_word' id='word_1_264' title='bbox 1287 2007 1416 2072; x_wconf 90' lang='lat' dir='ltr'><strong>erit,</strong></span> <span class='ocrx_word' id='word_1_265' title='bbox 1444 2015 1499 2063; x_wconf 92' lang='lat' dir='ltr'><strong>et</strong></span> <span class='ocrx_word' id='word_1_266' title='bbox 1533 2008 1750 2077; x_wconf 85' lang='lat' dir='ltr'><strong>pietatis</strong></span> <span class='ocrx_word' id='word_1_267' title='bbox 1784 2008 2118 2063; x_wconf 84' lang='lat' dir='ltr'><strong>ornamentis</strong></span> 
     </span>
    </p>
   </div>
   <div class='ocr_carea' id='block_1_37' title="bbox 548 2098 2121 2171">
    <p class='ocr_par' dir='ltr' id='par_1_37' title="bbox 548 2098 2121 2171">
     <span class='ocr_line' id='line_1_37' title="bbox 548 2098 2121 2171; baseline 0.001 -19"><span class='ocrx_word' id='word_1_268' title='bbox 548 2099 856 2165; x_wconf 80' lang='lat' dir='ltr'><strong>nudabitnr,</strong></span> <span class='ocrx_word' id='word_1_269' title='bbox 889 2099 983 2169; x_wconf 86' lang='lat' dir='ltr'><strong>qui</strong></span> <span class='ocrx_word' id='word_1_270' title='bbox 1024 2099 1321 2162; x_wconf 82' lang='lat' dir='ltr'><strong>vaticiniis,</strong></span> <span class='ocrx_word' id='word_1_271' title='bbox 1390 2098 1818 2167; x_wconf 83' lang='lat' dir='ltr'><strong>ariolationibus,</strong></span> <span class='ocrx_word' id='word_1_272' title='bbox 1878 2100 2121 2171; x_wconf 79' lang='lat' dir='ltr'><strong>auguriis</strong></span> 
     </span>
    </p>
   </div>
   <div class='ocr_carea' id='block_1_38' title="bbox 547 2188 2120 2247">
    <p class='ocr_par' dir='ltr' id='par_1_38' title="bbox 547 2188 2120 2247">
     <span class='ocr_line' id='line_1_38' title="bbox 547 2188 2120 2247; baseline 0 -2"><span class='ocrx_word' id='word_1_273' title='bbox 547 2199 601 2245; x_wconf 91' lang='lat' dir='ltr'><strong>et</strong></span> <span class='ocrx_word' id='word_1_274' title='bbox 642 2190 1043 2245; x_wconf 86' lang='lat' dir='ltr'><strong>incantatorum</strong></span> <span class='ocrx_word' id='word_1_275' title='bbox 1074 2188 1212 2246; x_wconf 80' lang='lat' dir='ltr'><strong>fucis</strong></span> <span class='ocrx_word' id='word_1_276' title='bbox 1270 2190 1509 2245; x_wconf 89' lang='lat' dir='ltr'><strong>animum</strong></span> <span class='ocrx_word' id='word_1_277' title='bbox 1567 2190 1895 2247; x_wconf 77' lang='lat' dir='ltr'><strong>adhibuerit.</strong></span> <span class='ocrx_word' id='word_1_278' title='bbox 1944 2191 2013 2245; x_wconf 83' lang='lat' dir='ltr'><strong>At</strong></span> <span class='ocrx_word' id='word_1_279' title='bbox 2075 2192 2120 2245; x_wconf 93' lang='lat' dir='ltr'><strong>is</strong></span> 
     </span>
    </p>
   </div>
   <div class='ocr_carea' id='block_1_39' title="bbox 546 2278 2120 2352">
    <p class='ocr_par' dir='ltr' id='par_1_39' title="bbox 546 2278 2120 2352">
     <span class='ocr_line' id='line_1_39' title="bbox 546 2278 2120 2352; baseline 0.003 -18"><span class='ocrx_word' id='word_1_280' title='bbox 546 2280 659 2348; x_wconf 84' lang='lat' dir='ltr'><strong>spei</strong></span> <span class='ocrx_word' id='word_1_281' title='bbox 688 2279 839 2333; x_wconf 73' lang='lat' dir='ltr'><strong>bona:</strong></span> <span class='ocrx_word' id='word_1_282' title='bbox 866 2294 991 2334; x_wconf 88' lang='lat' dir='ltr'><strong>vere</strong></span> <span class='ocrx_word' id='word_1_283' title='bbox 1018 2278 1206 2349; x_wconf 86' lang='lat' dir='ltr'><strong>plenus</strong></span> <span class='ocrx_word' id='word_1_284' title='bbox 1235 2279 1363 2349; x_wconf 87' lang='lat' dir='ltr'><strong>erit,</strong></span> <span class='ocrx_word' id='word_1_285' title='bbox 1394 2281 1485 2349; x_wconf 89' lang='lat' dir='ltr'><strong>qui</strong></span> <span class='ocrx_word' id='word_1_286' title='bbox 1512 2281 1838 2352; x_wconf 75' lang='lat' dir='ltr'><strong>evangelicis</strong></span> <span class='ocrx_word' id='word_1_287' title='bbox 1884 2283 2120 2339; x_wconf 88' lang='lat' dir='ltr'><strong>oraculis</strong></span> 
     </span>
    </p>
   </div>
   <div class='ocr_carea' id='block_1_40' title="bbox 547 2371 2121 2439">
    <p class='ocr_par' dir='ltr' id='par_1_40' title="bbox 547 2371 2121 2439">
     <span class='ocr_line' id='line_1_40' title="bbox 547 2371 2121 2439; baseline 0.002 -14"><span class='ocrx_word' id='word_1_288' title='bbox 547 2373 785 2426; x_wconf 83' lang='lat' dir='ltr'><strong>animum</strong></span> <span class='ocrx_word' id='word_1_289' title='bbox 823 2371 1137 2437; x_wconf 87' lang='lat' dir='ltr'><strong>intenderit,</strong></span> <span class='ocrx_word' id='word_1_290' title='bbox 1193 2371 1354 2426; x_wconf 80' lang='lat' dir='ltr'><strong>etbis</strong></span> <span class='ocrx_word' id='word_1_291' title='bbox 1388 2386 1508 2439; x_wconf 59' lang='lat' dir='ltr'><strong>quae</strong></span> <span class='ocrx_word' id='word_1_292' title='bbox 1526 2372 1777 2428; x_wconf 76' lang='lat' dir='ltr'><strong>Christus</strong></span> <span class='ocrx_word' id='word_1_293' title='bbox 1793 2372 1954 2439; x_wconf 87' lang='lat' dir='ltr'><strong>dicit,</strong></span> <span class='ocrx_word' id='word_1_294' title='bbox 1979 2376 2121 2428; x_wconf 88' lang='lat' dir='ltr'><strong>veri-</strong></span> 
     </span>
    </p>
   </div>
   <div class='ocr_carea' id='block_1_41' title="bbox 546 2459 2120 2535">
    <p class='ocr_par' dir='ltr' id='par_1_41' title="bbox 546 2459 2120 2535">
     <span class='ocr_line' id='line_1_41' title="bbox 546 2459 2120 2535; baseline 0.004 -22"><span class='ocrx_word' id='word_1_295' title='bbox 546 2463 678 2515; x_wconf 81' lang='lat' dir='ltr'><strong>tatis</strong></span> <span class='ocrx_word' id='word_1_296' title='bbox 705 2461 968 2516; x_wconf 86' lang='lat' dir='ltr'><strong>calculum</strong></span> <span class='ocrx_word' id='word_1_297' title='bbox 1000 2459 1263 2516; x_wconf 87' lang='lat' dir='ltr'><strong>attulerit.</strong></span> <span class='ocrx_word' id='word_1_298' title='bbox 1298 2461 1576 2531; x_wconf 80' lang='lat' dir='ltr'><strong>Siquidem</strong></span> <span class='ocrx_word' id='word_1_299' title='bbox 1614 2462 1701 2517; x_wconf 91' lang='lat' dir='ltr'><strong>ille</strong></span> <span class='ocrx_word' id='word_1_300' title='bbox 1747 2473 1832 2518; x_wconf 89' lang='lat' dir='ltr'><strong>est</strong></span> <span class='ocrx_word' id='word_1_301' title='bbox 1883 2465 2120 2535; x_wconf 82' lang='lat' dir='ltr'><strong>prophe-</strong></span> 
     </span>
    </p>
   </div>
   <div class='ocr_carea' id='block_1_42' title="bbox 552 2550 2117 2624">
    <p class='ocr_par' dir='ltr' id='par_1_42' title="bbox 552 2550 2117 2624">
     <span class='ocr_line' id='line_1_42' title="bbox 552 2550 2117 2624; baseline 0.003 -22"><span class='ocrx_word' id='word_1_302' title='bbox 552 2561 725 2604; x_wconf 82' lang='lat' dir='ltr'><strong>tarum</strong></span> <span class='ocrx_word' id='word_1_303' title='bbox 799 2550 1075 2614; x_wconf 90' lang='lat' dir='ltr'><strong>Dominus,</strong></span> <span class='ocrx_word' id='word_1_304' title='bbox 1146 2558 1201 2605; x_wconf 90' lang='lat' dir='ltr'><strong>et</strong></span> <span class='ocrx_word' id='word_1_305' title='bbox 1255 2550 1431 2604; x_wconf 84' lang='lat' dir='ltr'><strong>omnis</strong></span> <span class='ocrx_word' id='word_1_306' title='bbox 1474 2552 1805 2620; x_wconf 76' lang='lat' dir='ltr'><strong>cognitionis</strong></span> <span class='ocrx_word' id='word_1_307' title='bbox 1875 2557 2117 2624; x_wconf 82' lang='lat' dir='ltr'><strong>largitor,</strong></span> 
     </span>
    </p>
   </div>
   <div class='ocr_carea' id='block_1_43' title="bbox 548 2639 2119 2715">
    <p class='ocr_par' dir='ltr' id='par_1_43' title="bbox 548 2639 2119 2715">
     <span class='ocr_line' id='line_1_43' title="bbox 548 2639 2119 2715; baseline 0.003 -20"><span class='ocrx_word' id='word_1_308' title='bbox 548 2641 759 2695; x_wconf 83' lang='lat' dir='ltr'><strong>etiamsi</strong></span> <span class='ocrx_word' id='word_1_309' title='bbox 789 2656 886 2711; x_wconf 93' lang='lat' dir='ltr'><strong>pro</strong></span> <span class='ocrx_word' id='word_1_310' title='bbox 926 2655 1179 2696; x_wconf 80' lang='lat' dir='ltr'><strong>mensura</strong></span> <span class='ocrx_word' id='word_1_311' title='bbox 1215 2639 1591 2701; x_wconf 67' lang='lat' dir='ltr'><strong>humanitatis.</strong></span> <span class='ocrx_word' id='word_1_312' title='bbox 1629 2643 1892 2715; x_wconf 81' lang='lat' dir='ltr'><strong>propheta</strong></span> <span class='ocrx_word' id='word_1_313' title='bbox 1940 2645 2119 2699; x_wconf 75' lang='lat' dir='ltr'><strong>00mi-</strong></span> 
     </span>
    </p>
   </div>
   <div class='ocr_carea' id='block_1_44' title="bbox 551 2742 730 2786">
    <p class='ocr_par' dir='ltr' id='par_1_44' title="bbox 551 2742 730 2786">
     <span class='ocr_line' id='line_1_44' title="bbox 551 2742 730 2786; baseline 0 0"><span class='ocrx_word' id='word_1_314' title='bbox 551 2742 730 2786; x_wconf 75' lang='lat' dir='ltr'><strong>I’ICHH‘.</strong></span> 
     </span>
    </p>
   </div>
   <div class='ocr_carea' id='block_1_45' title="bbox 626 2817 2121 2891">
    <p class='ocr_par' dir='ltr' id='par_1_45' title="bbox 626 2817 2121 2891">
     <span class='ocr_line' id='line_1_45' title="bbox 626 2817 2121 2891; baseline 0.005 -23"><span class='ocrx_word' id='word_1_315' title='bbox 626 2817 785 2873; x_wconf 70' lang='lat' dir='ltr'><strong>Vens.</strong></span> <span class='ocrx_word' id='word_1_316' title='bbox 840 2817 1026 2874; x_wconf 69' lang='lat'><strong>15-15.</strong></span> <span class='ocrx_word' id='word_1_317' title='bbox 1095 2817 1412 2889; x_wconf 75' lang='lat' dir='ltr'><strong>Defecerunt</strong></span> <span class='ocrx_word' id='word_1_318' title='bbox 1477 2820 1733 2891; x_wconf 78' lang='lat' dir='ltr'><strong>principes</strong></span> <span class='ocrx_word' id='word_1_319' title='bbox 1784 2820 2015 2885; x_wconf 38' lang='lat' dir='ltr'><strong>,Taneos,</strong></span> <span class='ocrx_word' id='word_1_320' title='bbox 2070 2833 2121 2877; x_wconf 82' lang='lat' dir='ltr'><strong>et</strong></span> 
     </span>
    </p>
   </div>
   <div class='ocr_carea' id='block_1_46' title="bbox 549 2911 2120 2985">
    <p class='ocr_par' dir='ltr' id='par_1_46' title="bbox 549 2911 2120 2985">
     <span class='ocr_line' id='line_1_46' title="bbox 549 2911 2120 2985; baseline 0.001 -20"><span class='ocrx_word' id='word_1_321' title='bbox 549 2913 710 2966; x_wconf 80' lang='lat' dir='ltr'><strong>everti</strong></span> <span class='ocrx_word' id='word_1_322' title='bbox 742 2921 864 2964; x_wconf 81' lang='lat' dir='ltr'><strong>sunt</strong></span> <span class='ocrx_word' id='word_1_323' title='bbox 897 2911 1154 2981; x_wconf 84' lang='lat' dir='ltr'><strong>principes</strong></span> <span class='ocrx_word' id='word_1_324' title='bbox 1196 2911 1511 2982; x_wconf 80' lang='lat' dir='ltr'><strong>Mempheos,</strong></span> <span class='ocrx_word' id='word_1_325' title='bbox 1536 2920 1586 2967; x_wconf 80' lang='lat' dir='ltr'><strong>et</strong></span> <span class='ocrx_word' id='word_1_326' title='bbox 1635 2914 1891 2985; x_wconf 78' lang='lat' dir='ltr'><strong>decipient</strong></span> <span class='ocrx_word' id='word_1_327' title='bbox 1948 2913 2120 2984; x_wconf 53' lang='lat'><strong>£93,-</strong></span> 
     </span>
    </p>
   </div>
   <div class='ocr_carea' id='block_1_47' title="bbox 548 3002 2113 3074">
    <p class='ocr_par' dir='ltr' id='par_1_47' title="bbox 548 3002 2113 3074">
     <span class='ocr_line' id='line_1_47' title="bbox 548 3002 2113 3074; baseline 0.002 -18"><span class='ocrx_word' id='word_1_328' title='bbox 548 3013 693 3070; x_wconf 63' lang='lat' dir='ltr'><strong>plum</strong></span> <span class='ocrx_word' id='word_1_329' title='bbox 720 3003 1002 3057; x_wconf 79' lang='lat' dir='ltr'><strong>secundum</strong></span> <span class='ocrx_word' id='word_1_330' title='bbox 1030 3003 1217 3057; x_wconf 80' lang='lat' dir='ltr'><strong>tribus.</strong></span> <span class='ocrx_word' id='word_1_331' title='bbox 1247 3002 1500 3058; x_wconf 83' lang='lat' dir='ltr'><strong>Dominus</strong></span> <span class='ocrx_word' id='word_1_332' title='bbox 1531 3006 1669 3059; x_wconf 84' lang='lat' dir='ltr'><strong>enim</strong></span> <span class='ocrx_word' id='word_1_333' title='bbox 1728 3005 1964 3074; x_wconf 81' lang='lat' dir='ltr'><strong>confudit</strong></span> <span class='ocrx_word' id='word_1_334' title='bbox 2026 3022 2113 3059; x_wconf 78' lang='lat' dir='ltr'><strong>eos</strong></span> 
     </span>
    </p>
   </div>
   <div class='ocr_carea' id='block_1_48' title="bbox 548 3092 2119 3164">
    <p class='ocr_par' dir='ltr' id='par_1_48' title="bbox 548 3092 2119 3164">
     <span class='ocr_line' id='line_1_48' title="bbox 548 3092 2119 3164; baseline 0 -17"><span class='ocrx_word' id='word_1_335' title='bbox 548 3095 733 3162; x_wconf 80' lang='lat' dir='ltr'><strong>spiritu</strong></span> <span class='ocrx_word' id='word_1_336' title='bbox 762 3093 976 3159; x_wconf 79' lang='lat' dir='ltr'><strong>erroris,</strong></span> <span class='ocrx_word' id='word_1_337' title='bbox 1002 3103 1049 3147; x_wconf 83' lang='lat' dir='ltr'><strong>et</strong></span> <span class='ocrx_word' id='word_1_338' title='bbox 1082 3093 1391 3163; x_wconf 81' lang='lat' dir='ltr'><strong>deceperunt</strong></span> <span class='ocrx_word' id='word_1_339' title='bbox 1436 3092 1727 3164; x_wconf 54' lang='lat' dir='ltr'><strong>{Egyptian</strong></span> <span class='ocrx_word' id='word_1_340' title='bbox 1791 3096 1846 3148; x_wconf 86' lang='lat' dir='ltr'><strong>in</strong></span> <span class='ocrx_word' id='word_1_341' title='bbox 1880 3094 2119 3148; x_wconf 81' lang='lat' dir='ltr'><strong>omnibus</strong></span> 
     </span>
    </p>
   </div>
   <div class='ocr_carea' id='block_1_49' title="bbox 547 3183 2118 3253">
    <p class='ocr_par' dir='ltr' id='par_1_49' title="bbox 547 3183 2118 3253">
     <span class='ocr_line' id='line_1_49' title="bbox 547 3183 2118 3253; baseline 0.001 -17"><span class='ocrx_word' id='word_1_342' title='bbox 547 3185 783 3251; x_wconf 73' lang='lat' dir='ltr'><strong>operibus</strong></span> <span class='ocrx_word' id='word_1_343' title='bbox 810 3185 943 3253; x_wconf 82' lang='lat' dir='ltr'><strong>ejus,</strong></span> <span class='ocrx_word' id='word_1_344' title='bbox 968 3183 1099 3239; x_wconf 80' lang='lat' dir='ltr'><strong>sicut</strong></span> <span class='ocrx_word' id='word_1_345' title='bbox 1137 3191 1279 3238; x_wconf 80' lang='lat' dir='ltr'><strong>errat</strong></span> <span class='ocrx_word' id='word_1_346' title='bbox 1331 3183 1505 3238; x_wconf 81' lang='lat' dir='ltr'><strong>ebrius</strong></span> <span class='ocrx_word' id='word_1_347' title='bbox 1568 3192 1615 3238; x_wconf 74' lang='lat' dir='ltr'><strong>et</strong></span> <span class='ocrx_word' id='word_1_348' title='bbox 1671 3199 1879 3238; x_wconf 80' lang='lat' dir='ltr'><strong>vomens</strong></span> <span class='ocrx_word' id='word_1_349' title='bbox 1921 3185 2076 3239; x_wconf 71' lang='lat' dir='ltr'><strong>simul</strong></span> <span class='ocrx_word' id='word_1_350' title='bbox 2098 3201 2118 3248; x_wconf 89' lang='lat'><strong><em>;</em></strong></span> 
     </span>
    </p>
   </div>
   <div class='ocr_carea' id='block_1_50' title="bbox 2219 2005 3799 2078">
    <p class='ocr_par' dir='ltr' id='par_1_50' title="bbox 2219 2005 3799 2078">
     <span class='ocr_line' id='line_1_50' title="bbox 2219 2005 3799 2078; baseline -0.002 -18"><span class='ocrx_word' id='word_1_351' title='bbox 2219 2006 2330 2078; x_wconf 75' lang='grc' dir='ltr'>γὰρ</span> <span class='ocrx_word' id='word_1_352' title='bbox 2363 2007 2677 2072; x_wconf 85' lang='grc' dir='ltr'>παντελῶς,</span> <span class='ocrx_word' id='word_1_353' title='bbox 2720 2008 2816 2062; x_wconf 78' lang='grc' dir='ltr'>καὶ</span> <span class='ocrx_word' id='word_1_354' title='bbox 2856 2006 2962 2060; x_wconf 86' lang='grc' dir='ltr'><strong>τῶν</strong></span> <span class='ocrx_word' id='word_1_355' title='bbox 3011 2009 3091 2070; x_wconf 87' lang='grc' dir='ltr'><strong>εἰς</strong></span> <span class='ocrx_word' id='word_1_356' title='bbox 3135 2005 3414 2060; x_wconf 80' lang='grc' dir='ltr'>εὐσέϐειαν</span> <span class='ocrx_word' id='word_1_357' title='bbox 3461 2005 3799 2076; x_wconf 77' lang='grc' dir='ltr'>αὐχημάτων</span> 
     </span>
    </p>
   </div>
   <div class='ocr_carea' id='block_1_51' title="bbox 2221 2093 3799 2167">
    <p class='ocr_par' dir='ltr' id='par_1_51' title="bbox 2221 2093 3799 2167">
     <span class='ocr_line' id='line_1_51' title="bbox 2221 2093 3799 2167; baseline -0.002 -19"><span class='ocrx_word' id='word_1_358' title='bbox 2221 2095 2370 2149; x_wconf 73' lang='grc' dir='ltr'>ἔσται</span> <span class='ocrx_word' id='word_1_359' title='bbox 2401 2096 2606 2167; x_wconf 80' lang='grc' dir='ltr'>γυμνὸς</span> <span class='ocrx_word' id='word_1_360' title='bbox 2657 2097 2686 2149; x_wconf 90' lang='lat'><strong>6</strong></span> <span class='ocrx_word' id='word_1_361' title='bbox 2741 2096 3021 2166; x_wconf 85' lang='grc' dir='ltr'>μαντείαις</span> <span class='ocrx_word' id='word_1_362' title='bbox 3062 2094 3347 2166; x_wconf 80' lang='grc' dir='ltr'>προσέχων</span> <span class='ocrx_word' id='word_1_363' title='bbox 3394 2093 3491 2147; x_wconf 79' lang='grc' dir='ltr'><strong>καὶ</strong></span> <span class='ocrx_word' id='word_1_364' title='bbox 3536 2093 3799 2164; x_wconf 74' lang='grc' dir='ltr'>κληδωνιο</span> 
     </span>
    </p>
   </div>
   <div class='ocr_carea' id='block_1_52' title="bbox 2222 2184 3799 2258">
    <p class='ocr_par' dir='ltr' id='par_1_52' title="bbox 2222 2184 3799 2258">
     <span class='ocr_line' id='line_1_52' title="bbox 2222 2184 3799 2258; baseline -0.003 -18"><span class='ocrx_word' id='word_1_365' title='bbox 2222 2189 2398 2258; x_wconf 81' lang='grc' dir='ltr'>σμοῖς,</span> <span class='ocrx_word' id='word_1_366' title='bbox 2433 2187 2848 2250; x_wconf 84' lang='grc' dir='ltr'>οἰωνοσκοπίαις</span> <span class='ocrx_word' id='word_1_367' title='bbox 2873 2203 2933 2240; x_wconf 88' lang='grc' dir='ltr'><strong>τε</strong></span> <span class='ocrx_word' id='word_1_368' title='bbox 2966 2184 3061 2239; x_wconf 79' lang='grc' dir='ltr'>καὶ</span> <span class='ocrx_word' id='word_1_369' title='bbox 3105 2187 3216 2249; x_wconf 87' lang='grc' dir='ltr'>τοῖς</span> <span class='ocrx_word' id='word_1_370' title='bbox 3242 2185 3352 2238; x_wconf 92' lang='grc' dir='ltr'><strong>τῶν</strong></span> <span class='ocrx_word' id='word_1_371' title='bbox 3386 2184 3599 2255; x_wconf 83' lang='grc' dir='ltr'>γοητῶν</span> <span class='ocrx_word' id='word_1_372' title='bbox 3631 2201 3799 2253; x_wconf 82' lang='grc' dir='ltr'>φενα-</span> 
     </span>
    </p>
   </div>
   <div class='ocr_carea' id='block_1_53' title="bbox 2220 2274 3797 2349">
    <p class='ocr_par' dir='ltr' id='par_1_53' title="bbox 2220 2274 3797 2349">
     <span class='ocr_line' id='line_1_53' title="bbox 2220 2274 3797 2349; baseline -0.003 -17"><span class='ocrx_word' id='word_1_373' title='bbox 2220 2282 2457 2349; x_wconf 84' lang='grc' dir='ltr'>κισμοῖς.</span> <span class='ocrx_word' id='word_1_374' title='bbox 2490 2277 2735 2342; x_wconf 83' lang='grc' dir='ltr'>Ἐλπίδος</span> <span class='ocrx_word' id='word_1_375' title='bbox 2761 2294 2823 2347; x_wconf 89' lang='grc' dir='ltr'><strong>γε</strong></span> <span class='ocrx_word' id='word_1_376' title='bbox 2852 2278 2957 2349; x_wconf 84' lang='grc' dir='ltr'>μὴν</span> <span class='ocrx_word' id='word_1_377' title='bbox 2984 2276 3197 2347; x_wconf 71' lang='grc' dir='ltr'>’ἀγαθῆς</span> <span class='ocrx_word' id='word_1_378' title='bbox 3227 2276 3523 2346; x_wconf 87' lang='grc' dir='ltr'>ἐπίμεστος</span> <span class='ocrx_word' id='word_1_379' title='bbox 3557 2274 3797 2346; x_wconf 79' lang='grc' dir='ltr'>ἀληθῶς,</span> 
     </span>
    </p>
   </div>
   <div class='ocr_carea' id='block_1_54' title="bbox 2220 2365 3794 2439">
    <p class='ocr_par' dir='ltr' id='par_1_54' title="bbox 2220 2365 3794 2439">
     <span class='ocr_line' id='line_1_54' title="bbox 2220 2365 3794 2439; baseline -0.003 -16"><span class='ocrx_word' id='word_1_380' title='bbox 2220 2371 2249 2423; x_wconf 88' lang='lat'><strong>6</strong></span> <span class='ocrx_word' id='word_1_381' title='bbox 2274 2372 2385 2435; x_wconf 74' lang='grc' dir='ltr'>τοῖς</span> <span class='ocrx_word' id='word_1_382' title='bbox 2423 2369 2796 2438; x_wconf 77' lang='grc' dir='ltr'>εὐαγγελικοῖς</span> <span class='ocrx_word' id='word_1_383' title='bbox 2824 2369 3170 2439; x_wconf 49' lang='grc' dir='ltr'>νθεσπίσμασι</span> <span class='ocrx_word' id='word_1_384' title='bbox 3200 2367 3481 2439; x_wconf 82' lang='grc' dir='ltr'>προσέχων</span> <span class='ocrx_word' id='word_1_385' title='bbox 3524 2365 3613 2419; x_wconf 82' lang='grc' dir='ltr'><strong>τὸν</strong></span> <span class='ocrx_word' id='word_1_386' title='bbox 3648 2365 3794 2431; x_wconf 74' lang='grc' dir='ltr'>νοῦν,</span> 
     </span>
    </p>
   </div>
   <div class='ocr_carea' id='block_1_55' title="bbox 2222 2456 3796 2532">
    <p class='ocr_par' dir='ltr' id='par_1_55' title="bbox 2222 2456 3796 2532">
     <span class='ocr_line' id='line_1_55' title="bbox 2222 2456 3796 2532; baseline -0.003 -17"><span class='ocrx_word' id='word_1_387' title='bbox 2222 2463 2316 2515; x_wconf 73' lang='grc' dir='ltr'>καὶ</span> <span class='ocrx_word' id='word_1_388' title='bbox 2356 2456 2438 2524; x_wconf 75' lang='grc' dir='ltr'>οἷς</span> <span class='ocrx_word' id='word_1_389' title='bbox 2484 2462 2551 2515; x_wconf 81' lang='grc' dir='ltr'><strong>ἂν</strong></span> <span class='ocrx_word' id='word_1_390' title='bbox 2581 2460 2728 2529; x_wconf 82' lang='grc' dir='ltr'>λέγοι</span> <span class='ocrx_word' id='word_1_391' title='bbox 2757 2460 3010 2532; x_wconf 81' lang='grc' dir='ltr'>Χριστὸς,</span> <span class='ocrx_word' id='word_1_392' title='bbox 3041 2459 3138 2531; x_wconf 78' lang='grc' dir='ltr'><strong>τὴν</strong></span> <span class='ocrx_word' id='word_1_393' title='bbox 3176 2459 3273 2530; x_wconf 88' lang='grc' dir='ltr'>τῆς</span> <span class='ocrx_word' id='word_1_394' title='bbox 3315 2457 3573 2528; x_wconf 83' lang='grc' dir='ltr'>ἀληθείας</span> <span class='ocrx_word' id='word_1_395' title='bbox 3614 2458 3796 2527; x_wconf 69' lang='grc' dir='ltr'>ψῆφον</span> 
     </span>
    </p>
   </div>
   <div class='ocr_carea' id='block_1_56' title="bbox 2220 2549 3797 2625">
    <p class='ocr_par' dir='ltr' id='par_1_56' title="bbox 2220 2549 3797 2625">
     <span class='ocr_line' id='line_1_56' title="bbox 2220 2549 3797 2625; baseline -0.003 -19"><span class='ocrx_word' id='word_1_396' title='bbox 2220 2552 2503 2617; x_wconf 87' lang='grc' dir='ltr'>ἐπιτιθείς.</span> <span class='ocrx_word' id='word_1_397' title='bbox 2548 2552 2659 2606; x_wconf 78' lang='grc' dir='ltr'><strong>Καὶ</strong></span> <span class='ocrx_word' id='word_1_398' title='bbox 2713 2554 2822 2625; x_wconf 83' lang='grc' dir='ltr'><strong>γάρ</strong></span> <span class='ocrx_word' id='word_1_399' title='bbox 2849 2556 2965 2605; x_wconf 87' lang='grc' dir='ltr'>ἐστι</span> <span class='ocrx_word' id='word_1_400' title='bbox 3000 2550 3301 2622; x_wconf 52' lang='grc' dir='ltr'>,προφητῶν</span> <span class='ocrx_word' id='word_1_401' title='bbox 3349 2552 3661 2621; x_wconf 76' lang='grc' dir='ltr'>Δεσπότης,</span> <span class='ocrx_word' id='word_1_402' title='bbox 3700 2549 3797 2601; x_wconf 72' lang='grc' dir='ltr'>καὶ</span> 
     </span>
    </p>
   </div>
   <div class='ocr_carea' id='block_1_57' title="bbox 2221 2640 3801 2716">
    <p class='ocr_par' dir='ltr' id='par_1_57' title="bbox 2221 2640 3801 2716">
     <span class='ocr_line' id='line_1_57' title="bbox 2221 2640 3801 2716; baseline -0.004 -18"><span class='ocrx_word' id='word_1_403' title='bbox 2221 2644 2439 2716; x_wconf 82' lang='grc' dir='ltr'>ἀπάσης</span> <span class='ocrx_word' id='word_1_404' title='bbox 2464 2643 2718 2712; x_wconf 83' lang='grc' dir='ltr'>γνώσεως</span> <span class='ocrx_word' id='word_1_405' title='bbox 2755 2643 3025 2715; x_wconf 81' lang='grc' dir='ltr'>χωρηγὸς,</span> <span class='ocrx_word' id='word_1_406' title='bbox 3057 2645 3105 2696; x_wconf 89' lang='grc' dir='ltr'><strong>εἰ</strong></span> <span class='ocrx_word' id='word_1_407' title='bbox 3134 2643 3225 2697; x_wconf 77' lang='grc' dir='ltr'>καὶ</span> <span class='ocrx_word' id='word_1_408' title='bbox 3260 2643 3544 2713; x_wconf 76' lang='grc' dir='ltr'>προφήτης</span> <span class='ocrx_word' id='word_1_409' title='bbox 3583 2640 3801 2711; x_wconf 81' lang='grc' dir='ltr'>ὠνόμα-</span> 
     </span>
    </p>
   </div>
   <div class='ocr_carea' id='block_1_58' title="bbox 2223 2735 3484 2809">
    <p class='ocr_par' dir='ltr' id='par_1_58' title="bbox 2223 2735 3484 2809">
     <span class='ocr_line' id='line_1_58' title="bbox 2223 2735 3484 2809; baseline -0.004 -19"><span class='ocrx_word' id='word_1_410' title='bbox 2223 2754 2373 2801; x_wconf 85' lang='grc' dir='ltr'>σται,</span> <span class='ocrx_word' id='word_1_411' title='bbox 2398 2737 2570 2790; x_wconf 87' lang='grc' dir='ltr'>διὰτοι</span> <span class='ocrx_word' id='word_1_412' title='bbox 2598 2736 2660 2789; x_wconf 83' lang='grc' dir='ltr'><strong>τὸ</strong></span> <span class='ocrx_word' id='word_1_413' title='bbox 2697 2735 2796 2807; x_wconf 83' lang='grc' dir='ltr'>τῆς</span> <span class='ocrx_word' id='word_1_414' title='bbox 2825 2735 3245 2809; x_wconf 83' lang='grc' dir='ltr'>ἀνθρωπότήτος</span> <span class='ocrx_word' id='word_1_415' title='bbox 3266 2735 3484 2805; x_wconf 81' lang='grc' dir='ltr'>μέτρον.</span> 
     </span>
    </p>
   </div>
   <div class='ocr_carea' id='block_1_59' title="bbox 2303 2824 3804 2897">
    <p class='ocr_par' dir='ltr' id='par_1_59' title="bbox 2303 2824 3804 2897">
     <span class='ocr_line' id='line_1_59' title="bbox 2303 2824 3804 2897; baseline -0.005 -15"><span class='ocrx_word' id='word_1_416' title='bbox 2303 2828 2620 2893; x_wconf 79' lang='grc' dir='ltr'>Ἐξέλιπον</span> <span class='ocrx_word' id='word_1_417' title='bbox 2649 2830 2702 2882; x_wconf 82' lang='grc' dir='ltr'>οὶ</span> <span class='ocrx_word' id='word_1_418' title='bbox 2739 2827 3026 2897; x_wconf 79' lang='grc' dir='ltr'>ἄρχοντες</span> <span class='ocrx_word' id='word_1_419' title='bbox 3060 2825 3304 2892; x_wconf 84' lang='grc' dir='ltr'>Τὰνεως,</span> <span class='ocrx_word' id='word_1_420' title='bbox 3334 2824 3432 2880; x_wconf 82' lang='grc' dir='ltr'><strong>καί</strong></span> <span class='ocrx_word' id='word_1_421' title='bbox 3464 2824 3804 2893; x_wconf 64' lang='grc' dir='ltr'>ὑψώθησιρν</span> 
     </span>
    </p>
   </div>
   <div class='ocr_carea' id='block_1_60' title="bbox 2221 2913 3804 2987">
    <p class='ocr_par' dir='ltr' id='par_1_60' title="bbox 2221 2913 3804 2987">
     <span class='ocr_line' id='line_1_60' title="bbox 2221 2913 3804 2987; baseline -0.004 -15"><span class='ocrx_word' id='word_1_422' title='bbox 2221 2921 2275 2972; x_wconf 84' lang='grc' dir='ltr'>οἱ</span> <span class='ocrx_word' id='word_1_423' title='bbox 2296 2918 2583 2987; x_wconf 78' lang='grc' dir='ltr'>ἄρχοντες</span> <span class='ocrx_word' id='word_1_424' title='bbox 2607 2916 2909 2986; x_wconf 66' lang='grc' dir='ltr'>Μέμφεως,</span> <span class='ocrx_word' id='word_1_425' title='bbox 2935 2916 3033 2970; x_wconf 78' lang='grc' dir='ltr'><strong>καὶ</strong></span> <span class='ocrx_word' id='word_1_426' title='bbox 3053 2913 3483 2981; x_wconf 62' lang='grc' dir='ltr'>πλανήσουσιν</span> <span class='ocrx_word' id='word_1_427' title='bbox 3497 2914 3804 2982; x_wconf 67' lang='grc' dir='ltr'>Αιγυπτον</span> 
     </span>
    </p>
   </div>
   <div class='ocr_carea' id='block_1_61' title="bbox 2220 3000 3803 3079">
    <p class='ocr_par' dir='ltr' id='par_1_61' title="bbox 2220 3000 3803 3079">
     <span class='ocr_line' id='line_1_61' title="bbox 2220 3000 3803 3079; baseline -0.005 -17"><span class='ocrx_word' id='word_1_428' title='bbox 2220 3008 2371 3062; x_wconf 77' lang='grc' dir='ltr'>κατὰ</span> <span class='ocrx_word' id='word_1_429' title='bbox 2399 3008 2620 3079; x_wconf 71' lang='grc' dir='ltr'>φυλάς.</span> <span class='ocrx_word' id='word_1_430' title='bbox 2650 3009 2866 3075; x_wconf 84' lang='grc' dir='ltr'>Κύριος</span> <span class='ocrx_word' id='word_1_431' title='bbox 2887 3004 2999 3075; x_wconf 76' lang='grc' dir='ltr'>γὰρ</span> <span class='ocrx_word' id='word_1_432' title='bbox 3026 3005 3315 3074; x_wconf 80' lang='grc' dir='ltr'>ἐκέρασεν</span> <span class='ocrx_word' id='word_1_433' title='bbox 3342 3003 3546 3070; x_wconf 82' lang='grc' dir='ltr'>αὐτοῖς</span> <span class='ocrx_word' id='word_1_434' title='bbox 3565 3000 3803 3071; x_wconf 80' lang='grc' dir='ltr'>πνεῦμα</span> 
     </span>
    </p>
   </div>
   <div class='ocr_carea' id='block_1_62' title="bbox 2221 3094 3799 3169">
    <p class='ocr_par' dir='ltr' id='par_1_62' title="bbox 2221 3094 3799 3169">
     <span class='ocr_line' id='line_1_62' title="bbox 2221 3094 3799 3169; baseline -0.004 -15"><span class='ocrx_word' id='word_1_435' title='bbox 2221 3101 2613 3169; x_wconf 71' lang='grc' dir='ltr'>πλανήσεως,</span> <span class='ocrx_word' id='word_1_436' title='bbox 2651 3100 2748 3153; x_wconf 81' lang='grc' dir='ltr'><strong>καὶ</strong></span> <span class='ocrx_word' id='word_1_437' title='bbox 2797 3097 3157 3165; x_wconf 70' lang='grc' dir='ltr'>ἐπλήγησαν</span> <span class='ocrx_word' id='word_1_438' title='bbox 3199 3097 3506 3169; x_wconf 77' lang='grc' dir='ltr'>Αἴγυπτον</span> <span class='ocrx_word' id='word_1_439' title='bbox 3531 3097 3600 3150; x_wconf 69' lang='grc' dir='ltr'><strong>έν</strong></span> <span class='ocrx_word' id='word_1_440' title='bbox 3649 3094 3799 3149; x_wconf 76' lang='grc' dir='ltr'>πᾶσι</span> 
     </span>
    </p>
   </div>
   <div class='ocr_carea' id='block_1_63' title="bbox 2212 3185 3798 3260">
    <p class='ocr_par' dir='ltr' id='par_1_63' title="bbox 2212 3185 3798 3260">
     <span class='ocr_line' id='line_1_63' title="bbox 2212 3185 3798 3260; baseline -0.005 -15"><span class='ocrx_word' id='word_1_441' title='bbox 2212 3191 2559 3260; x_wconf 49' lang='grc' dir='ltr'>πτοῖςέργσνς</span> <span class='ocrx_word' id='word_1_442' title='bbox 2580 3189 2805 3253; x_wconf 74' lang='grc' dir='ltr'>αὐτῶν,</span> <span class='ocrx_word' id='word_1_443' title='bbox 2831 3190 2910 3255; x_wconf 85' lang='grc' dir='ltr'>ὡς</span> <span class='ocrx_word' id='word_1_444' title='bbox 2952 3186 3254 3243; x_wconf 76' lang='grc' dir='ltr'>πλανᾶται</span> <span class='ocrx_word' id='word_1_445' title='bbox 3286 3191 3318 3242; x_wconf 83' lang='grc' dir='ltr'><em>ὁ</em></span> <span class='ocrx_word' id='word_1_446' title='bbox 3345 3188 3601 3258; x_wconf 81' lang='grc' dir='ltr'>μεθύων,</span> <span class='ocrx_word' id='word_1_447' title='bbox 3639 3185 3734 3239; x_wconf 77' lang='grc' dir='ltr'><strong>καί</strong></span> <span class='ocrx_word' id='word_1_448' title='bbox 3762 3187 3798 3237; x_wconf 81' lang='grc' dir='ltr'><strong>ό</strong></span> 
     </span>
    </p>
   </div>
   <div class='ocr_carea' id='block_1_64' title="bbox 548 3250 2119 3351">
    <p class='ocr_par' dir='ltr' id='par_1_64' title="bbox 548 3250 2116 3344">
     <span class='ocr_line' id='line_1_64' title="bbox 548 3250 2116 3344; baseline 0.001 -17"><span class='ocrx_word' id='word_1_449' title='bbox 548 3250 640 3331; x_wconf 64' lang='lat' dir='ltr'><strong>nec:</strong></span> <span class='ocrx_word' id='word_1_450' title='bbox 697 3250 860 3327; x_wconf 73' lang='lat' dir='ltr'><strong>ullum</strong></span> <span class='ocrx_word' id='word_1_451' title='bbox 900 3270 1230 3341; x_wconf 78' lang='lat' dir='ltr'><strong>oputhobent</strong></span> <span class='ocrx_word' id='word_1_452' title='bbox 1268 3271 1509 3342; x_wconf 64' lang='lat' dir='ltr'><strong>lEgyptii</strong></span> <span class='ocrx_word' id='word_1_453' title='bbox 1551 3273 1689 3343; x_wconf 84' lang='lat' dir='ltr'><strong>quod</strong></span> <span class='ocrx_word' id='word_1_454' title='bbox 1740 3274 1905 3341; x_wconf 79' lang='lat' dir='ltr'><strong>faciat</strong></span> <span class='ocrx_word' id='word_1_455' title='bbox 1964 3286 2116 3344; x_wconf 80' lang='lat' dir='ltr'><strong>caput</strong></span> 
     </span>
    </p>
   </div>
   <div class='ocr_carea' id='block_1_65' title="bbox 2221 3250 3793 3351">
    <p class='ocr_par' dir='ltr' id='par_1_65' title="bbox 2221 3250 3793 3351">
     <span class='ocr_line' id='line_1_65' title="bbox 2221 3250 3793 3351; baseline -0.003 -18"><span class='ocrx_word' id='word_1_456' title='bbox 2221 3250 2551 3351; x_wconf 46' lang='grc' dir='ltr'>ἐμῶν-ἄρα’</span> <span class='ocrx_word' id='word_1_457' title='bbox 2576 3280 2684 3335; x_wconf 72' lang='grc' dir='ltr'><strong>Καὶ</strong></span> <span class='ocrx_word' id='word_1_458' title='bbox 2721 3250 2830 3334; x_wconf 54' lang='grc' dir='ltr'>σὺν</span> <span class='ocrx_word' id='word_1_459' title='bbox 2861 3250 3030 3333; x_wconf 69' lang='grc' dir='ltr'>έσται</span> <span class='ocrx_word' id='word_1_460' title='bbox 3063 3278 3192 3343; x_wconf 73' lang='grc' dir='ltr'>τοῖς</span> <span class='ocrx_word' id='word_1_461' title='bbox 3231 3250 3793 3349; x_wconf 19' lang='grc' dir='ltr'>Αἰγυπτίοιςνέρτον,</span> 
     </span>
    </p>
   </div>
   <div class='ocr_carea' id='block_1_66' title="bbox 546 3361 1503 3432">
    <p class='ocr_par' dir='ltr' id='par_1_66' title="bbox 546 3361 1503 3432">
     <span class='ocr_line' id='line_1_66' title="bbox 546 3361 1503 3432; baseline 0 -14"><span class='ocrx_word' id='word_1_462' title='bbox 546 3376 595 3418; x_wconf 80' lang='lat' dir='ltr'><strong>et</strong></span> <span class='ocrx_word' id='word_1_463' title='bbox 622 3366 866 3427; x_wconf 73' lang='lat' dir='ltr'><strong>uatium,</strong></span> <span class='ocrx_word' id='word_1_464' title='bbox 903 3362 1216 3432; x_wconf 78' lang='lat' dir='ltr'><strong>principium</strong></span> <span class='ocrx_word' id='word_1_465' title='bbox 1233 3373 1296 3416; x_wconf 64' lang='lat' dir='ltr'><strong>et</strong></span> <span class='ocrx_word' id='word_1_466' title='bbox 1323 3361 1503 3432; x_wconf 75' lang='lat' dir='ltr'><strong>ﬁnem.</strong></span> 
     </span>
    </p>
   </div>
   <div class='ocr_carea' id='block_1_67' title="bbox 626 3453 2122 3527">
    <p class='ocr_par' dir='ltr' id='par_1_67' title="bbox 626 3453 2122 3527">
     <span class='ocr_line' id='line_1_67' title="bbox 626 3453 2122 3527; baseline -0.001 -14"><span class='ocrx_word' id='word_1_467' title='bbox 626 3454 845 3513; x_wconf 77' lang='lat' dir='ltr'><strong>Det-idet</strong></span> <span class='ocrx_word' id='word_1_468' title='bbox 864 3454 1018 3510; x_wconf 83' lang='lat' dir='ltr'><strong>nobis</strong></span> <span class='ocrx_word' id='word_1_469' title='bbox 1046 3453 1443 3524; x_wconf 87' lang='lat' dir='ltr'><strong>quodammodo</strong></span> <span class='ocrx_word' id='word_1_470' title='bbox 1471 3453 1730 3510; x_wconf 80' lang='lat' dir='ltr'><strong>falsorum</strong></span> <span class='ocrx_word' id='word_1_471' title='bbox 1760 3464 1940 3510; x_wconf 88' lang='lat' dir='ltr'><strong>vatum</strong></span> <span class='ocrx_word' id='word_1_472' title='bbox 1952 3470 2122 3527; x_wconf 77' lang='lat' dir='ltr'><strong>nugas</strong></span> 
     </span>
    </p>
   </div>
   <div class='ocr_carea' id='block_1_68' title="bbox 549 3544 2117 3617">
    <p class='ocr_par' dir='ltr' id='par_1_68' title="bbox 549 3544 2117 3617">
     <span class='ocr_line' id='line_1_68' title="bbox 549 3544 2117 3617; baseline 0.002 -14"><span class='ocrx_word' id='word_1_473' title='bbox 549 3558 603 3603; x_wconf 87' lang='lat' dir='ltr'><strong>et</strong></span> <span class='ocrx_word' id='word_1_474' title='bbox 640 3551 902 3602; x_wconf 88' lang='lat' dir='ltr'><strong>vanitates</strong></span> <span class='ocrx_word' id='word_1_475' title='bbox 963 3544 1014 3599; x_wconf 88' lang='lat' dir='ltr'><strong>in</strong></span> <span class='ocrx_word' id='word_1_476' title='bbox 1072 3545 1222 3600; x_wconf 86' lang='lat' dir='ltr'><strong>hisce</strong></span> <span class='ocrx_word' id='word_1_477' title='bbox 1264 3545 1448 3601; x_wconf 79' lang='lat' dir='ltr'><strong>verbis</strong></span> <span class='ocrx_word' id='word_1_478' title='bbox 1512 3561 1693 3602; x_wconf 83' lang='lat' dir='ltr'><strong>sermo</strong></span> <span class='ocrx_word' id='word_1_479' title='bbox 1755 3548 2117 3617; x_wconf 85' lang='lat' dir='ltr'><strong>propheticus.</strong></span> 
     </span>
    </p>
   </div>
   <div class='ocr_carea' id='block_1_69' title="bbox 551 3635 2121 3710">
    <p class='ocr_par' dir='ltr' id='par_1_69' title="bbox 551 3635 2121 3710">
     <span class='ocr_line' id='line_1_69' title="bbox 551 3635 2121 3710; baseline 0.001 -16"><span class='ocrx_word' id='word_1_480' title='bbox 551 3639 929 3710; x_wconf 67' lang='lat' dir='ltr'><strong>Aigyptiornm</strong></span> <span class='ocrx_word' id='word_1_481' title='bbox 956 3636 1102 3692; x_wconf 89' lang='lat' dir='ltr'><strong>enim</strong></span> <span class='ocrx_word' id='word_1_482' title='bbox 1123 3635 1442 3708; x_wconf 76' lang='lat' dir='ltr'><strong>praefectus,</strong></span> <span class='ocrx_word' id='word_1_483' title='bbox 1474 3637 1710 3708; x_wconf 87' lang='lat' dir='ltr'><strong>quicum</strong></span> <span class='ocrx_word' id='word_1_484' title='bbox 1736 3639 1854 3709; x_wconf 89' lang='lat' dir='ltr'><strong>ipso</strong></span> <span class='ocrx_word' id='word_1_485' title='bbox 1911 3653 2121 3709; x_wconf 85' lang='lat' dir='ltr'><strong>semper</strong></span> 
     </span>
    </p>
   </div>
   <div class='ocr_carea' id='block_1_70' title="bbox 548 3728 2118 3800">
    <p class='ocr_par' dir='ltr' id='par_1_70' title="bbox 548 3728 2118 3800">
     <span class='ocr_line' id='line_1_70' title="bbox 548 3728 2118 3800; baseline -0.001 -16"><span class='ocrx_word' id='word_1_486' title='bbox 548 3739 705 3784; x_wconf 78' lang='lat' dir='ltr'><strong>erant</strong></span> <span class='ocrx_word' id='word_1_487' title='bbox 779 3728 1200 3799; x_wconf 73' lang='lat' dir='ltr'><strong>przestigiatores</strong></span> <span class='ocrx_word' id='word_1_488' title='bbox 1249 3736 1305 3784; x_wconf 87' lang='lat' dir='ltr'><strong>et</strong></span> <span class='ocrx_word' id='word_1_489' title='bbox 1366 3743 1535 3783; x_wconf 87' lang='lat' dir='ltr'><strong>vanos</strong></span> <span class='ocrx_word' id='word_1_490' title='bbox 1588 3737 1770 3795; x_wconf 84' lang='lat' dir='ltr'><strong>vates,</strong></span> <span class='ocrx_word' id='word_1_491' title='bbox 1814 3729 1906 3800; x_wconf 91' lang='lat' dir='ltr'><strong>qui</strong></span> <span class='ocrx_word' id='word_1_492' title='bbox 1958 3732 2118 3784; x_wconf 85' lang='lat' dir='ltr'><strong>etiam</strong></span> 
     </span>
    </p>
   </div>
   <div class='ocr_carea' id='block_1_71' title="bbox 551 3819 2118 3891">
    <p class='ocr_par' dir='ltr' id='par_1_71' title="bbox 551 3819 2118 3891">
     <span class='ocr_line' id='line_1_71' title="bbox 551 3819 2118 3891; baseline -0.001 -13"><span class='ocrx_word' id='word_1_493' title='bbox 551 3822 966 3879; x_wconf 81' lang='lat' dir='ltr'><strong>nominabantur</strong></span> <span class='ocrx_word' id='word_1_494' title='bbox 1025 3820 1201 3890; x_wconf 85' lang='lat' dir='ltr'><strong>sopbi,</strong></span> <span class='ocrx_word' id='word_1_495' title='bbox 1241 3819 1593 3890; x_wconf 76' lang='lat' dir='ltr'><strong>interrogavit</strong></span> <span class='ocrx_word' id='word_1_496' title='bbox 1617 3821 1670 3875; x_wconf 92' lang='lat' dir='ltr'><strong>in</strong></span> <span class='ocrx_word' id='word_1_497' title='bbox 1704 3834 1865 3891; x_wconf 91' lang='lat' dir='ltr'><strong>quem</strong></span> <span class='ocrx_word' id='word_1_498' title='bbox 1907 3822 2118 3876; x_wconf 87' lang='lat' dir='ltr'><strong>tandem</strong></span> 
     </span>
    </p>
   </div>
   <div class='ocr_carea' id='block_1_72' title="bbox 550 3911 2124 3983">
    <p class='ocr_par' dir='ltr' id='par_1_72' title="bbox 550 3911 2124 3983">
     <span class='ocr_line' id='line_1_72' title="bbox 550 3911 2124 3983; baseline -0.001 -12"><span class='ocrx_word' id='word_1_499' title='bbox 550 3916 711 3973; x_wconf 79' lang='lat' dir='ltr'><strong>tinem</strong></span> <span class='ocrx_word' id='word_1_500' title='bbox 745 3921 1055 3983; x_wconf 77' lang='lat' dir='ltr'><strong>exspectata</strong></span> <span class='ocrx_word' id='word_1_501' title='bbox 1077 3912 1410 3968; x_wconf 90' lang='lat' dir='ltr'><strong>devenirent.</strong></span> <span class='ocrx_word' id='word_1_502' title='bbox 1440 3911 1731 3983; x_wconf 84' lang='lat' dir='ltr'><strong>Postquam</strong></span> <span class='ocrx_word' id='word_1_503' title='bbox 1764 3922 1942 3969; x_wconf 90' lang='lat' dir='ltr'><strong>autem</strong></span> <span class='ocrx_word' id='word_1_504' title='bbox 1996 3928 2124 3969; x_wconf 85' lang='lat' dir='ltr'><strong>cou-</strong></span> 
     </span>
    </p>
   </div>
   <div class='ocr_carea' id='block_1_73' title="bbox 548 4005 2120 4078">
    <p class='ocr_par' dir='ltr' id='par_1_73' title="bbox 548 4005 2120 4078">
     <span class='ocr_line' id='line_1_73' title="bbox 548 4005 2120 4078; baseline 0.003 -18"><span class='ocrx_word' id='word_1_505' title='bbox 548 4007 668 4064; x_wconf 86' lang='lat' dir='ltr'><strong>silio</strong></span> <span class='ocrx_word' id='word_1_506' title='bbox 699 4005 941 4064; x_wconf 78' lang='lat' dir='ltr'><strong>frustrati</strong></span> <span class='ocrx_word' id='word_1_507' title='bbox 971 4014 1119 4073; x_wconf 89' lang='lat' dir='ltr'><strong>sunt,</strong></span> <span class='ocrx_word' id='word_1_508' title='bbox 1146 4012 1200 4061; x_wconf 92' lang='lat' dir='ltr'><strong>et</strong></span> <span class='ocrx_word' id='word_1_509' title='bbox 1225 4007 1488 4062; x_wconf 87' lang='lat' dir='ltr'><strong>mendacii</strong></span> <span class='ocrx_word' id='word_1_510' title='bbox 1526 4007 1790 4074; x_wconf 84' lang='lat' dir='ltr'><strong>convicti,</strong></span> <span class='ocrx_word' id='word_1_511' title='bbox 1837 4007 2120 4078; x_wconf 86' lang='lat' dir='ltr'><strong>nullusque</strong></span> 
     </span>
    </p>
   </div>
   <div class='ocr_carea' id='block_1_74' title="bbox 547 4096 2119 4168">
    <p class='ocr_par' dir='ltr' id='par_1_74' title="bbox 547 4096 2119 4168">
     <span class='ocr_line' id='line_1_74' title="bbox 547 4096 2119 4168; baseline 0.004 -21"><span class='ocrx_word' id='word_1_512' title='bbox 547 4107 689 4151; x_wconf 66' lang='lat' dir='ltr'><strong>esset</strong></span> <span class='ocrx_word' id='word_1_513' title='bbox 713 4099 802 4168; x_wconf 92' lang='lat' dir='ltr'><strong>qui</strong></span> <span class='ocrx_word' id='word_1_514' title='bbox 840 4097 1052 4155; x_wconf 85' lang='lat' dir='ltr'><strong>consilii</strong></span> <span class='ocrx_word' id='word_1_515' title='bbox 1084 4096 1230 4153; x_wconf 86' lang='lat' dir='ltr'><strong>utilis</strong></span> <span class='ocrx_word' id='word_1_516' title='bbox 1256 4098 1398 4153; x_wconf 81' lang='lat' dir='ltr'><strong>viam</strong></span> <span class='ocrx_word' id='word_1_517' title='bbox 1458 4099 1742 4164; x_wconf 89' lang='lat' dir='ltr'><strong>indicaret,</strong></span> <span class='ocrx_word' id='word_1_518' title='bbox 1797 4098 1948 4154; x_wconf 87' lang='lat' dir='ltr'><strong>nihili</strong></span> <span class='ocrx_word' id='word_1_519' title='bbox 1994 4098 2119 4154; x_wconf 75' lang='lat' dir='ltr'><strong>iacti</strong></span> 
     </span>
    </p>
   </div>
   <div class='ocr_carea' id='block_1_75' title="bbox 550 4189 2121 4261">
    <p class='ocr_par' dir='ltr' id='par_1_75' title="bbox 550 4189 2121 4261">
     <span class='ocr_line' id='line_1_75' title="bbox 550 4189 2121 4261; baseline 0.001 -19"><span class='ocrx_word' id='word_1_520' title='bbox 550 4199 697 4253; x_wconf 79' lang='lat' dir='ltr'><strong>Sunt,</strong></span> <span class='ocrx_word' id='word_1_521' title='bbox 728 4204 790 4245; x_wconf 88' lang='lat' dir='ltr'><strong>ac</strong></span> <span class='ocrx_word' id='word_1_522' title='bbox 822 4189 912 4243; x_wconf 88' lang='lat' dir='ltr'><strong>alii</strong></span> <span class='ocrx_word' id='word_1_523' title='bbox 964 4189 1222 4259; x_wconf 87' lang='lat' dir='ltr'><strong>deinceps</strong></span> <span class='ocrx_word' id='word_1_524' title='bbox 1260 4190 1532 4261; x_wconf 81' lang='lat' dir='ltr'><strong>sapientes</strong></span> <span class='ocrx_word' id='word_1_525' title='bbox 1594 4192 2007 4260; x_wconf 73' lang='lat' dir='ltr'><strong>qumrebantur:</strong></span> <span class='ocrx_word' id='word_1_526' title='bbox 2066 4199 2121 4244; x_wconf 91' lang='lat' dir='ltr'><strong>et</strong></span> 
     </span>
    </p>
   </div>
   <div class='ocr_carea' id='block_1_76' title="bbox 549 4280 2118 4352">
    <p class='ocr_par' dir='ltr' id='par_1_76' title="bbox 549 4280 2118 4352">
     <span class='ocr_line' id='line_1_76' title="bbox 549 4280 2118 4352; baseline 0.001 -19"><span class='ocrx_word' id='word_1_527' title='bbox 549 4281 767 4350; x_wconf 86' lang='lat' dir='ltr'><strong>quidam</strong></span> <span class='ocrx_word' id='word_1_528' title='bbox 817 4281 1152 4337; x_wconf 85' lang='lat' dir='ltr'><strong>mirabantur</strong></span> <span class='ocrx_word' id='word_1_529' title='bbox 1207 4282 1475 4351; x_wconf 89' lang='lat' dir='ltr'><strong>principes</strong></span> <span class='ocrx_word' id='word_1_530' title='bbox 1533 4280 1866 4352; x_wconf 76' lang='lat' dir='ltr'><strong>Ilempheos,</strong></span> <span class='ocrx_word' id='word_1_531' title='bbox 1928 4283 1980 4336; x_wconf 92' lang='lat' dir='ltr'><strong>id</strong></span> <span class='ocrx_word' id='word_1_532' title='bbox 2015 4291 2118 4346; x_wconf 90' lang='lat' dir='ltr'><strong>est,</strong></span> 
     </span>
    </p>
   </div>
   <div class='ocr_carea' id='block_1_77' title="bbox 552 4368 2120 4443">
    <p class='ocr_par' dir='ltr' id='par_1_77' title="bbox 552 4368 2120 4443">
     <span class='ocr_line' id='line_1_77' title="bbox 552 4368 2120 4443; baseline 0.003 -19"><span class='ocrx_word' id='word_1_533' title='bbox 552 4368 864 4425; x_wconf 86' lang='lat' dir='ltr'><strong>sacerdotes</strong></span> <span class='ocrx_word' id='word_1_534' title='bbox 889 4383 942 4426; x_wconf 92' lang='lat' dir='ltr'><strong>et</strong></span> <span class='ocrx_word' id='word_1_535' title='bbox 970 4384 1177 4443; x_wconf 79' lang='lat' dir='ltr'><strong>magos,</strong></span> <span class='ocrx_word' id='word_1_536' title='bbox 1212 4372 1325 4441; x_wconf 90' lang='lat' dir='ltr'><strong>qui,</strong></span> <span class='ocrx_word' id='word_1_537' title='bbox 1356 4372 1597 4440; x_wconf 89' lang='lat' dir='ltr'><strong>inquam,</strong></span> <span class='ocrx_word' id='word_1_538' title='bbox 1625 4371 1892 4443; x_wconf 80' lang='lat' dir='ltr'><strong>Memphin</strong></span> <span class='ocrx_word' id='word_1_539' title='bbox 1921 4373 2120 4429; x_wconf 79' lang='lat' dir='ltr'><strong>incole-</strong></span> 
     </span>
    </p>
   </div>
   <div class='ocr_carea' id='block_1_78' title="bbox 548 4463 2117 4534">
    <p class='ocr_par' dir='ltr' id='par_1_78' title="bbox 548 4463 2117 4534">
     <span class='ocr_line' id='line_1_78' title="bbox 548 4463 2117 4534; baseline 0.001 -16"><span class='ocrx_word' id='word_1_540' title='bbox 548 4464 698 4518; x_wconf 80' lang='lat' dir='ltr'><strong>bant.</strong></span> <span class='ocrx_word' id='word_1_541' title='bbox 730 4463 925 4521; x_wconf 78' lang='lat' dir='ltr'><strong>Eximii</strong></span> <span class='ocrx_word' id='word_1_542' title='bbox 965 4464 1109 4519; x_wconf 91' lang='lat' dir='ltr'><strong>enim</strong></span> <span class='ocrx_word' id='word_1_543' title='bbox 1152 4463 1305 4534; x_wconf 84' lang='lat' dir='ltr'><strong>quasi</strong></span> <span class='ocrx_word' id='word_1_544' title='bbox 1337 4463 1659 4519; x_wconf 87' lang='lat' dir='ltr'><strong>videbantur</strong></span> <span class='ocrx_word' id='word_1_545' title='bbox 1687 4465 1739 4519; x_wconf 91' lang='lat' dir='ltr'><strong>hi</strong></span> <span class='ocrx_word' id='word_1_546' title='bbox 1796 4474 1908 4521; x_wconf 89' lang='lat' dir='ltr'><strong>tum</strong></span> <span class='ocrx_word' id='word_1_547' title='bbox 1979 4476 2117 4520; x_wconf 89' lang='lat' dir='ltr'><strong>tem-</strong></span> 
     </span>
    </p>
   </div>
   <div class='ocr_carea' id='block_1_79' title="bbox 2208 3368 3795 3443">
    <p class='ocr_par' dir='ltr' id='par_1_79' title="bbox 2208 3368 3795 3443">
     <span class='ocr_line' id='line_1_79' title="bbox 2208 3368 3795 3443; baseline -0.003 -16"><span class='ocrx_word' id='word_1_548' title='bbox 2208 3373 2253 3427; x_wconf 68' lang='grc' dir='ltr'><strong>ὖ</strong></span> <span class='ocrx_word' id='word_1_549' title='bbox 2287 3374 2525 3443; x_wconf 75' lang='grc' dir='ltr'>ποιήσει</span> <span class='ocrx_word' id='word_1_550' title='bbox 2558 3373 2835 3443; x_wconf 67' lang='grc' dir='ltr'>κεφαλὴν</span> <span class='ocrx_word' id='word_1_551' title='bbox 2864 3372 2961 3427; x_wconf 84' lang='grc' dir='ltr'><strong>καί</strong></span> <span class='ocrx_word' id='word_1_552' title='bbox 2993 3372 3198 3439; x_wconf 66' lang='grc' dir='ltr'>οἰῳὰν,</span> <span class='ocrx_word' id='word_1_553' title='bbox 3250 3371 3451 3442; x_wconf 75' lang='grc' dir='ltr'>ἀρχὴν</span> <span class='ocrx_word' id='word_1_554' title='bbox 3477 3370 3572 3424; x_wconf 80' lang='grc' dir='ltr'><strong>καί</strong></span> <span class='ocrx_word' id='word_1_555' title='bbox 3602 3368 3795 3435; x_wconf 60' lang='grc' dir='ltr'>τέλος.</span> 
     </span>
    </p>
   </div>
   <div class='ocr_carea' id='block_1_80' title="bbox 2304 3461 3797 3538">
    <p class='ocr_par' dir='ltr' id='par_1_80' title="bbox 2304 3461 3797 3538">
     <span class='ocr_line' id='line_1_80' title="bbox 2304 3461 3797 3538; baseline -0.005 -18"><span class='ocrx_word' id='word_1_556' title='bbox 2304 3468 2422 3520; x_wconf 83' lang='grc' dir='ltr'>Ἐπι</span> <span class='ocrx_word' id='word_1_557' title='bbox 2432 3466 2608 3538; x_wconf 86' lang='grc' dir='ltr'>μειδιᾷ</span> <span class='ocrx_word' id='word_1_558' title='bbox 2634 3466 2832 3538; x_wconf 78' lang='grc' dir='ltr'>τρόπον</span> <span class='ocrx_word' id='word_1_559' title='bbox 2854 3465 2977 3519; x_wconf 82' lang='grc' dir='ltr'>τινὰ</span> <span class='ocrx_word' id='word_1_560' title='bbox 2999 3469 3111 3530; x_wconf 75' lang='grc' dir='ltr'>τοῖς</span> <span class='ocrx_word' id='word_1_561' title='bbox 3137 3465 3245 3517; x_wconf 90' lang='grc' dir='ltr'><strong>τῶν</strong></span> <span class='ocrx_word' id='word_1_562' title='bbox 3265 3463 3602 3535; x_wconf 76' lang='grc' dir='ltr'>ψευδολόγων</span> <span class='ocrx_word' id='word_1_563' title='bbox 3630 3461 3797 3534; x_wconf 81' lang='grc' dir='ltr'>ἀθύρ-</span> 
     </span>
    </p>
   </div>
   <div class='ocr_carea' id='block_1_81' title="bbox 2225 3556 3799 3632">
    <p class='ocr_par' dir='ltr' id='par_1_81' title="bbox 2225 3556 3799 3632">
     <span class='ocr_line' id='line_1_81' title="bbox 2225 3556 3799 3632; baseline -0.003 -19"><span class='ocrx_word' id='word_1_564' title='bbox 2225 3578 2378 3631; x_wconf 81' lang='grc' dir='ltr'>μασι,</span> <span class='ocrx_word' id='word_1_565' title='bbox 2405 3563 2499 3614; x_wconf 79' lang='grc' dir='ltr'>καὶ</span> <span class='ocrx_word' id='word_1_566' title='bbox 2532 3560 2887 3630; x_wconf 76' lang='grc' dir='ltr'>κενοφωνίαις</span> <span class='ocrx_word' id='word_1_567' title='bbox 2921 3562 2949 3613; x_wconf 85' lang='grc' dir='ltr'><strong>ὁ</strong></span> <span class='ocrx_word' id='word_1_568' title='bbox 2976 3559 3312 3632; x_wconf 83' lang='grc' dir='ltr'>προφητικὸς</span> <span class='ocrx_word' id='word_1_569' title='bbox 3342 3559 3473 3629; x_wconf 78' lang='grc' dir='ltr'>ἡμῖν</span> <span class='ocrx_word' id='word_1_570' title='bbox 3507 3559 3564 3609; x_wconf 88' lang='grc' dir='ltr'><strong>ἐν</strong></span> <span class='ocrx_word' id='word_1_571' title='bbox 3594 3556 3799 3618; x_wconf 76' lang='grc' dir='ltr'>τούτοις</span> 
     </span>
    </p>
   </div>
   <div class='ocr_carea' id='block_1_82' title="bbox 2220 3646 3798 3722">
    <p class='ocr_par' dir='ltr' id='par_1_82' title="bbox 2220 3646 3798 3722">
     <span class='ocr_line' id='line_1_82' title="bbox 2220 3646 3798 3722; baseline -0.003 -20"><span class='ocrx_word' id='word_1_572' title='bbox 2220 3649 2394 3718; x_wconf 82' lang='grc' dir='ltr'>λόγος.</span> <span class='ocrx_word' id='word_1_573' title='bbox 2425 3651 2626 3722; x_wconf 66' lang='lat' dir='ltr'><strong>&quot;lips-co</strong></span> <span class='ocrx_word' id='word_1_574' title='bbox 2667 3652 2765 3721; x_wconf 82' lang='grc' dir='ltr'>μὲν</span> <span class='ocrx_word' id='word_1_575' title='bbox 2789 3652 2817 3704; x_wconf 88' lang='lat'><strong>6</strong></span> <span class='ocrx_word' id='word_1_576' title='bbox 2846 3649 2955 3702; x_wconf 88' lang='grc' dir='ltr'><strong>τῶν</strong></span> <span class='ocrx_word' id='word_1_577' title='bbox 2995 3648 3308 3718; x_wconf 84' lang='grc' dir='ltr'>Αἰγυπτίων</span> <span class='ocrx_word' id='word_1_578' title='bbox 3346 3646 3645 3718; x_wconf 75' lang='grc' dir='ltr'>ἡγούμενος</span> <span class='ocrx_word' id='word_1_579' title='bbox 3673 3646 3798 3708; x_wconf 77' lang='grc' dir='ltr'>τοὺς</span> 
     </span>
    </p>
   </div>
   <div class='ocr_carea' id='block_1_83' title="bbox 2221 3736 3798 3812">
    <p class='ocr_par' dir='ltr' id='par_1_83' title="bbox 2221 3736 3798 3812">
     <span class='ocr_line' id='line_1_83' title="bbox 2221 3736 3798 3812; baseline -0.004 -17"><span class='ocrx_word' id='word_1_580' title='bbox 2221 3742 2306 3795; x_wconf 76' lang='grc' dir='ltr'><strong>ἀεὶ</strong></span> <span class='ocrx_word' id='word_1_581' title='bbox 2337 3741 2593 3805; x_wconf 75' lang='grc' dir='ltr'>συνόντας</span> <span class='ocrx_word' id='word_1_582' title='bbox 2624 3740 2773 3812; x_wconf 84' lang='grc' dir='ltr'>αὑτῷ</span> <span class='ocrx_word' id='word_1_583' title='bbox 2840 3740 3043 3812; x_wconf 82' lang='grc' dir='ltr'>γόητάς</span> <span class='ocrx_word' id='word_1_584' title='bbox 3074 3757 3134 3793; x_wconf 89' lang='grc' dir='ltr'><strong>τε</strong></span> <span class='ocrx_word' id='word_1_585' title='bbox 3172 3740 3268 3794; x_wconf 75' lang='grc' dir='ltr'><strong>καὶ</strong></span> <span class='ocrx_word' id='word_1_586' title='bbox 3297 3737 3707 3809; x_wconf 69' lang='grc' dir='ltr'>ψευδομάντεις,</span> <span class='ocrx_word' id='word_1_587' title='bbox 3747 3736 3798 3788; x_wconf 79' lang='grc' dir='ltr'><strong>οἰ</strong></span> 
     </span>
    </p>
   </div>
   <div class='ocr_carea' id='block_1_84' title="bbox 2221 3828 3798 3904">
    <p class='ocr_par' dir='ltr' id='par_1_84' title="bbox 2221 3828 3798 3904">
     <span class='ocr_line' id='line_1_84' title="bbox 2221 3828 3798 3904; baseline -0.003 -19"><span class='ocrx_word' id='word_1_588' title='bbox 2221 3833 2317 3886; x_wconf 75' lang='grc' dir='ltr'><strong>καὶ</strong></span> <span class='ocrx_word' id='word_1_589' title='bbox 2354 3832 2698 3904; x_wconf 74' lang='grc' dir='ltr'>ὠνομάζοντο</span> <span class='ocrx_word' id='word_1_590' title='bbox 2731 3834 2907 3903; x_wconf 76' lang='grc' dir='ltr'>σοφοὶ,</span> <span class='ocrx_word' id='word_1_591' title='bbox 2945 3832 3081 3903; x_wconf 80' lang='grc' dir='ltr'>πρὸς</span> <span class='ocrx_word' id='word_1_592' title='bbox 3114 3834 3266 3885; x_wconf 81' lang='grc' dir='ltr'>ποῖον</span> <span class='ocrx_word' id='word_1_593' title='bbox 3291 3828 3440 3901; x_wconf 81' lang='grc' dir='ltr'><strong>αὺτῷ</strong></span> <span class='ocrx_word' id='word_1_594' title='bbox 3468 3828 3798 3898; x_wconf 82' lang='grc' dir='ltr'>καταντήσει</span> 
     </span>
    </p>
   </div>
   <div class='ocr_carea' id='block_1_85' title="bbox 2221 3918 3798 3994">
    <p class='ocr_par' dir='ltr' id='par_1_85' title="bbox 2221 3918 3798 3994">
     <span class='ocr_line' id='line_1_85' title="bbox 2221 3918 3798 3994; baseline -0.004 -19"><span class='ocrx_word' id='word_1_595' title='bbox 2221 3921 2373 3986; x_wconf 81' lang='grc' dir='ltr'>τέλος</span> <span class='ocrx_word' id='word_1_596' title='bbox 2398 3923 2465 3976; x_wconf 78' lang='grc' dir='ltr'>τὰ</span> <span class='ocrx_word' id='word_1_597' title='bbox 2491 3922 2937 3994; x_wconf 84' lang='grc' dir='ltr'>προσδοκώμενα.</span> <span class='ocrx_word' id='word_1_598' title='bbox 2967 3920 3183 3993; x_wconf 82' lang='grc' dir='ltr'>Ἐπειδὴ</span> <span class='ocrx_word' id='word_1_599' title='bbox 3219 3920 3275 3973; x_wconf 86' lang='grc' dir='ltr'><strong>δέ</strong></span> <span class='ocrx_word' id='word_1_600' title='bbox 3318 3919 3515 3991; x_wconf 79' lang='grc' dir='ltr'>βουλῆς</span> <span class='ocrx_word' id='word_1_601' title='bbox 3545 3918 3798 3989; x_wconf 81' lang='grc' dir='ltr'>ἡμάρτα-</span> 
     </span>
    </p>
   </div>
   <div class='ocr_carea' id='block_1_86' title="bbox 2221 4006 3803 4084">
    <p class='ocr_par' dir='ltr' id='par_1_86' title="bbox 2221 4006 3803 4084">
     <span class='ocr_line' id='line_1_86' title="bbox 2221 4006 3803 4084; baseline -0.005 -16"><span class='ocrx_word' id='word_1_602' title='bbox 2221 4031 2331 4079; x_wconf 88' lang='grc' dir='ltr'>νον,</span> <span class='ocrx_word' id='word_1_603' title='bbox 2357 4014 2449 4066; x_wconf 74' lang='grc' dir='ltr'><strong>καὶ</strong></span> <span class='ocrx_word' id='word_1_604' title='bbox 2477 4012 2903 4083; x_wconf 77' lang='grc' dir='ltr'>ψευδοεποῢντες</span> <span class='ocrx_word' id='word_1_605' title='bbox 2931 4012 3242 4084; x_wconf 77' lang='grc' dir='ltr'>ἠλέγχοντο,</span> <span class='ocrx_word' id='word_1_606' title='bbox 3277 4012 3372 4064; x_wconf 68' lang='grc' dir='ltr'><strong>καὶ</strong></span> <span class='ocrx_word' id='word_1_607' title='bbox 3411 4010 3584 4073; x_wconf 79' lang='grc' dir='ltr'>οὐδεὶς</span> <span class='ocrx_word' id='word_1_608' title='bbox 3609 4006 3678 4080; x_wconf 82' lang='grc' dir='ltr'>ἦν</span> <span class='ocrx_word' id='word_1_609' title='bbox 3704 4009 3803 4062; x_wconf 82' lang='grc' dir='ltr'>αὐ-</span> 
     </span>
    </p>
   </div>
   <div class='ocr_carea' id='block_1_87' title="bbox 2220 4098 3802 4173">
    <p class='ocr_par' dir='ltr' id='par_1_87' title="bbox 2220 4098 3802 4173">
     <span class='ocr_line' id='line_1_87' title="bbox 2220 4098 3802 4173; baseline -0.001 -19"><span class='ocrx_word' id='word_1_610' title='bbox 2220 4103 2331 4165; x_wconf 78' lang='grc' dir='ltr'>τοῖς</span> <span class='ocrx_word' id='word_1_611' title='bbox 2359 4104 2388 4155; x_wconf 90' lang='grc' dir='ltr'>ὁ</span> <span class='ocrx_word' id='word_1_612' title='bbox 2418 4100 2612 4172; x_wconf 81' lang='grc' dir='ltr'>βουλῆς</span> <span class='ocrx_word' id='word_1_613' title='bbox 2636 4102 2968 4173; x_wconf 73' lang='grc' dir='ltr'>ὀνησιφόρον</span> <span class='ocrx_word' id='word_1_614' title='bbox 3001 4103 3098 4155; x_wconf 76' lang='grc' dir='ltr'><strong>καὶ</strong></span> <span class='ocrx_word' id='word_1_615' title='bbox 3135 4101 3469 4172; x_wconf 82' lang='grc' dir='ltr'>σκεμμάτων</span> <span class='ocrx_word' id='word_1_616' title='bbox 3504 4098 3802 4167; x_wconf 85' lang='grc' dir='ltr'>ἐπωφελῶν</span> 
     </span>
    </p>
   </div>
   <div class='ocr_carea' id='block_1_88' title="bbox 2221 4189 3803 4264">
    <p class='ocr_par' dir='ltr' id='par_1_88' title="bbox 2221 4189 3803 4264">
     <span class='ocr_line' id='line_1_88' title="bbox 2221 4189 3803 4264; baseline -0.002 -19"><span class='ocrx_word' id='word_1_617' title='bbox 2221 4191 2551 4263; x_wconf 74' lang='grc' dir='ltr'>εἰσ-κομίξων</span> <span class='ocrx_word' id='word_1_618' title='bbox 2577 4192 2717 4246; x_wconf 84' lang='grc' dir='ltr'>ὁδόν·</span> <span class='ocrx_word' id='word_1_619' title='bbox 2757 4192 3223 4264; x_wconf 85' lang='grc' dir='ltr'>κατελογίσθησαν</span> <span class='ocrx_word' id='word_1_620' title='bbox 3253 4192 3351 4262; x_wconf 82' lang='grc' dir='ltr'><strong>μὲν</strong></span> <span class='ocrx_word' id='word_1_621' title='bbox 3384 4191 3464 4254; x_wconf 88' lang='grc' dir='ltr'><strong>εἰς</strong></span> <span class='ocrx_word' id='word_1_622' title='bbox 3491 4190 3664 4257; x_wconf 75' lang='grc' dir='ltr'>οὐδὲν,</span> <span class='ocrx_word' id='word_1_623' title='bbox 3690 4189 3803 4242; x_wconf 77' lang='grc' dir='ltr'>ἐτε-</span> 
     </span>
    </p>
   </div>
   <div class='ocr_carea' id='block_1_89' title="bbox 2225 4280 3803 4355">
    <p class='ocr_par' dir='ltr' id='par_1_89' title="bbox 2225 4280 3803 4355">
     <span class='ocr_line' id='line_1_89' title="bbox 2225 4280 3803 4355; baseline -0.002 -18"><span class='ocrx_word' id='word_1_624' title='bbox 2225 4300 2307 4353; x_wconf 86' lang='grc' dir='ltr'><strong>ροι</strong></span> <span class='ocrx_word' id='word_1_625' title='bbox 2334 4283 2390 4337; x_wconf 88' lang='grc' dir='ltr'><strong>δέ</strong></span> <span class='ocrx_word' id='word_1_626' title='bbox 2417 4283 2601 4337; x_wconf 81' lang='grc' dir='ltr'>λοιπὸν</span> <span class='ocrx_word' id='word_1_627' title='bbox 2637 4282 2926 4355; x_wconf 76' lang='grc' dir='ltr'>ἐζητοῦντο</span> <span class='ocrx_word' id='word_1_628' title='bbox 2963 4283 3114 4353; x_wconf 83' lang='grc' dir='ltr'>σοφοί</span> <span class='ocrx_word' id='word_1_629' title='bbox 3134 4300 3149 4315; x_wconf 76' lang='grc' dir='ltr'><strong><em>ο</em></strong></span> <span class='ocrx_word' id='word_1_630' title='bbox 3183 4283 3278 4337; x_wconf 71' lang='grc' dir='ltr'><strong>καὶ</strong></span> <span class='ocrx_word' id='word_1_631' title='bbox 3304 4281 3369 4352; x_wconf 81' lang='grc' dir='ltr'>δὴ</span> <span class='ocrx_word' id='word_1_632' title='bbox 3396 4281 3492 4336; x_wconf 75' lang='grc' dir='ltr'><strong>καὶ</strong></span> <span class='ocrx_word' id='word_1_633' title='bbox 3527 4280 3803 4352; x_wconf 76' lang='grc' dir='ltr'>τεθαυμά-</span> 
     </span>
    </p>
   </div>
   <div class='ocr_carea' id='block_1_90' title="bbox 2221 4371 3804 4444">
    <p class='ocr_par' dir='ltr' id='par_1_90' title="bbox 2221 4371 3804 4444">
     <span class='ocr_line' id='line_1_90' title="bbox 2221 4371 3804 4444; baseline -0.001 -18"><span class='ocrx_word' id='word_1_634' title='bbox 2221 4374 2350 4427; x_wconf 85' lang='grc' dir='ltr'>κασί</span> <span class='ocrx_word' id='word_1_635' title='bbox 2373 4391 2516 4437; x_wconf 85' lang='grc' dir='ltr'>τινες</span> <span class='ocrx_word' id='word_1_636' title='bbox 2553 4375 2679 4438; x_wconf 80' lang='grc' dir='ltr'>τοὺς</span> <span class='ocrx_word' id='word_1_637' title='bbox 2708 4373 2974 4444; x_wconf 77' lang='grc' dir='ltr'>ἄρχοντας</span> <span class='ocrx_word' id='word_1_638' title='bbox 3004 4373 3299 4444; x_wconf 78' lang='grc' dir='ltr'>Μέμφεως,</span> <span class='ocrx_word' id='word_1_639' title='bbox 3332 4371 3478 4425; x_wconf 79' lang='grc' dir='ltr'>τοῦτ’</span> <span class='ocrx_word' id='word_1_640' title='bbox 3507 4372 3643 4438; x_wconf 81' lang='grc' dir='ltr'>ἐστι,</span> <span class='ocrx_word' id='word_1_641' title='bbox 3677 4373 3804 4439; x_wconf 79' lang='grc' dir='ltr'>τοὺς</span> 
     </span>
    </p>
   </div>
   <div class='ocr_carea' id='block_1_91' title="bbox 2225 4462 3801 4539">
    <p class='ocr_par' dir='ltr' id='par_1_91' title="bbox 2225 4462 3801 4539">
     <span class='ocr_line' id='line_1_91' title="bbox 2225 4462 3801 4539; baseline 0 -21"><span class='ocrx_word' id='word_1_642' title='bbox 2225 4465 2386 4539; x_wconf 86' lang='grc' dir='ltr'>ἰερεῑς</span> <span class='ocrx_word' id='word_1_643' title='bbox 2411 4482 2471 4518; x_wconf 87' lang='grc' dir='ltr'><strong>τε</strong></span> <span class='ocrx_word' id='word_1_644' title='bbox 2497 4466 2591 4519; x_wconf 70' lang='grc' dir='ltr'>καὶ</span> <span class='ocrx_word' id='word_1_645' title='bbox 2619 4466 2848 4536; x_wconf 87' lang='grc' dir='ltr'>μάγους,</span> <span class='ocrx_word' id='word_1_646' title='bbox 2867 4466 2992 4528; x_wconf 81' lang='grc' dir='ltr'>τοὺς</span> <span class='ocrx_word' id='word_1_647' title='bbox 3020 4465 3163 4518; x_wconf 87' lang='grc' dir='ltr'><strong>κατά</strong></span> <span class='ocrx_word' id='word_1_648' title='bbox 3184 4463 3246 4531; x_wconf 89' lang='grc' dir='ltr'><strong>γέ</strong></span> <span class='ocrx_word' id='word_1_649' title='bbox 3272 4482 3415 4534; x_wconf 78' lang='grc' dir='ltr'>φημι</span> <span class='ocrx_word' id='word_1_650' title='bbox 3434 4462 3530 4535; x_wconf 79' lang='grc' dir='ltr'><strong>τήν</strong></span> <span class='ocrx_word' id='word_1_651' title='bbox 3554 4462 3801 4534; x_wconf 81' lang='grc' dir='ltr'>Μέμφιν.</span> 
     </span>
    </p>
   </div>
   <div class='ocr_carea' id='block_1_92' title="bbox 551 4549 2119 4638">
    <p class='ocr_par' dir='ltr' id='par_1_92' title="bbox 551 4554 2119 4624">
     <span class='ocr_line' id='line_1_92' title="bbox 551 4554 2119 4624; baseline 0.002 -18"><span class='ocrx_word' id='word_1_652' title='bbox 551 4555 717 4623; x_wconf 81' lang='lat' dir='ltr'><strong>poris,</strong></span> <span class='ocrx_word' id='word_1_653' title='bbox 746 4564 946 4609; x_wconf 85' lang='lat' dir='ltr'><strong>etcum</strong></span> <span class='ocrx_word' id='word_1_654' title='bbox 974 4555 1039 4609; x_wconf 88' lang='lat' dir='ltr'><strong>ad</strong></span> <span class='ocrx_word' id='word_1_655' title='bbox 1068 4554 1289 4622; x_wconf 74' lang='lat' dir='ltr'><strong>magicae</strong></span> <span class='ocrx_word' id='word_1_656' title='bbox 1337 4554 1544 4623; x_wconf 74' lang='lat' dir='ltr'><strong>peritia:</strong></span> <span class='ocrx_word' id='word_1_657' title='bbox 1612 4569 1877 4609; x_wconf 86' lang='lat' dir='ltr'><strong>summum</strong></span> <span class='ocrx_word' id='word_1_658' title='bbox 1928 4570 2119 4624; x_wconf 81' lang='lat' dir='ltr'><strong>perve-</strong></span> 
     </span>
    </p>
   </div>
   <div class='ocr_carea' id='block_1_93' title="bbox 2221 4549 3804 4638">
    <p class='ocr_par' dir='ltr' id='par_1_93' title="bbox 2234 4549 3804 4625">
     <span class='ocr_line' id='line_1_93' title="bbox 2234 4549 3804 4625; baseline 0 -19"><span class='ocrx_word' id='word_1_659' title='bbox 2234 4553 2545 4607; x_wconf 79' lang='grc' dir='ltr'>Ἀπόλεκτοι</span> <span class='ocrx_word' id='word_1_660' title='bbox 2565 4554 2674 4625; x_wconf 80' lang='grc' dir='ltr'>γὰρ</span> <span class='ocrx_word' id='word_1_661' title='bbox 2702 4553 2891 4624; x_wconf 81' lang='grc' dir='ltr'>ὥσπερ</span> <span class='ocrx_word' id='word_1_662' title='bbox 2916 4554 3135 4607; x_wconf 87' lang='grc' dir='ltr'>ἐδόκουν</span> <span class='ocrx_word' id='word_1_663' title='bbox 3160 4549 3301 4607; x_wconf 83' lang='grc' dir='ltr'>εἰναι</span> <span class='ocrx_word' id='word_1_664' title='bbox 3325 4554 3386 4606; x_wconf 84' lang='grc' dir='ltr'><strong>τὸ</strong></span> <span class='ocrx_word' id='word_1_665' title='bbox 3410 4553 3682 4625; x_wconf 71' lang='grc' dir='ltr'>τηνικάδε,</span> <span class='ocrx_word' id='word_1_666' title='bbox 3707 4554 3804 4606; x_wconf 78' lang='grc' dir='ltr'>καὶ</span> 
     </span>
    </p>
   </div>
   <div class='ocr_carea' id='block_1_94' title="bbox 551 4644 2120 4715">
    <p class='ocr_par' dir='ltr' id='par_1_94' title="bbox 551 4644 2120 4715">
     <span class='ocr_line' id='line_1_94' title="bbox 551 4644 2120 4715; baseline 0.002 -18"><span class='ocrx_word' id='word_1_667' title='bbox 551 4649 755 4700; x_wconf 76' lang='lat' dir='ltr'><strong>nissent</strong></span> <span class='ocrx_word' id='word_1_668' title='bbox 796 4646 1089 4713; x_wconf 67' lang='lat' dir='ltr'><strong>fastigium,</strong></span> <span class='ocrx_word' id='word_1_669' title='bbox 1115 4645 1261 4700; x_wconf 89' lang='lat' dir='ltr'><strong>omni</strong></span> <span class='ocrx_word' id='word_1_670' title='bbox 1302 4644 1653 4700; x_wconf 86' lang='lat' dir='ltr'><strong>veneratione</strong></span> <span class='ocrx_word' id='word_1_671' title='bbox 1701 4646 1846 4715; x_wconf 80' lang='lat' dir='ltr'><strong>digni</strong></span> <span class='ocrx_word' id='word_1_672' title='bbox 1895 4646 2120 4700; x_wconf 87' lang='lat' dir='ltr'><strong>idolola-</strong></span> 
     </span>
    </p>
   </div>
   <div class='ocr_carea' id='block_1_95' title="bbox 551 4736 2124 4808">
    <p class='ocr_par' dir='ltr' id='par_1_95' title="bbox 551 4736 2124 4808">
     <span class='ocr_line' id='line_1_95' title="bbox 551 4736 2124 4808; baseline 0.004 -21"><span class='ocrx_word' id='word_1_673' title='bbox 551 4739 651 4793; x_wconf 83' lang='lat' dir='ltr'><strong>tris</strong></span> <span class='ocrx_word' id='word_1_674' title='bbox 680 4739 1034 4794; x_wconf 88' lang='lat' dir='ltr'><strong>habebantur.</strong></span> <span class='ocrx_word' id='word_1_675' title='bbox 1078 4736 1402 4793; x_wconf 81' lang='lat' dir='ltr'><strong>Deiecerunt</strong></span> <span class='ocrx_word' id='word_1_676' title='bbox 1430 4736 1616 4808; x_wconf 79' lang='lat' dir='ltr'><strong>igitur,</strong></span> <span class='ocrx_word' id='word_1_677' title='bbox 1648 4737 2124 4807; x_wconf 85' lang='lat' dir='ltr'><strong>inquit,principes</strong></span> 
     </span>
    </p>
   </div>
   <div class='ocr_carea' id='block_1_96' title="bbox 550 4829 2123 4900">
    <p class='ocr_par' dir='ltr' id='par_1_96' title="bbox 550 4829 2123 4900">
     <span class='ocr_line' id='line_1_96' title="bbox 550 4829 2123 4900; baseline 0.001 -17"><span class='ocrx_word' id='word_1_678' title='bbox 550 4830 781 4896; x_wconf 83' lang='lat' dir='ltr'><strong>Tancos,</strong></span> <span class='ocrx_word' id='word_1_679' title='bbox 814 4831 863 4883; x_wconf 92' lang='lat' dir='ltr'><strong>id</strong></span> <span class='ocrx_word' id='word_1_680' title='bbox 904 4838 1007 4895; x_wconf 85' lang='lat' dir='ltr'><strong>est,</strong></span> <span class='ocrx_word' id='word_1_681' title='bbox 1042 4845 1138 4900; x_wconf 87' lang='lat' dir='ltr'><strong>pro</strong></span> <span class='ocrx_word' id='word_1_682' title='bbox 1163 4829 1333 4886; x_wconf 88' lang='lat' dir='ltr'><strong>nihilo</strong></span> <span class='ocrx_word' id='word_1_683' title='bbox 1357 4829 1521 4884; x_wconf 90' lang='lat' dir='ltr'><strong>habiti</strong></span> <span class='ocrx_word' id='word_1_684' title='bbox 1555 4839 1698 4896; x_wconf 90' lang='lat' dir='ltr'><strong>sunt,</strong></span> <span class='ocrx_word' id='word_1_685' title='bbox 1733 4838 1787 4884; x_wconf 90' lang='lat' dir='ltr'><strong>et</strong></span> <span class='ocrx_word' id='word_1_686' title='bbox 1816 4831 2011 4885; x_wconf 86' lang='lat' dir='ltr'><strong>summi</strong></span> <span class='ocrx_word' id='word_1_687' title='bbox 2058 4845 2123 4885; x_wconf 92' lang='lat' dir='ltr'><strong>ac</strong></span> 
     </span>
    </p>
   </div>
   <div class='ocr_carea' id='block_1_97' title="bbox 549 4918 2121 4990">
    <p class='ocr_par' dir='ltr' id='par_1_97' title="bbox 549 4918 2121 4990">
     <span class='ocr_line' id='line_1_97' title="bbox 549 4918 2121 4990; baseline 0.003 -20"><span class='ocrx_word' id='word_1_688' title='bbox 549 4918 895 4973; x_wconf 76' lang='lat' dir='ltr'><strong>admirabiles</strong></span> <span class='ocrx_word' id='word_1_689' title='bbox 920 4920 1028 4988; x_wconf 75' lang='lat' dir='ltr'><strong>regi</strong></span> <span class='ocrx_word' id='word_1_690' title='bbox 1058 4934 1123 4974; x_wconf 90' lang='lat' dir='ltr'><strong>ac</strong></span> <span class='ocrx_word' id='word_1_691' title='bbox 1151 4920 1405 4977; x_wconf 84' lang='lat' dir='ltr'><strong>omnibus</strong></span> <span class='ocrx_word' id='word_1_692' title='bbox 1429 4920 1519 4990; x_wconf 86' lang='lat' dir='ltr'><strong>qui</strong></span> <span class='ocrx_word' id='word_1_693' title='bbox 1548 4919 1754 4975; x_wconf 89' lang='lat' dir='ltr'><strong>circum</strong></span> <span class='ocrx_word' id='word_1_694' title='bbox 1785 4919 1936 4973; x_wconf 88' lang='lat' dir='ltr'><strong>illum</strong></span> <span class='ocrx_word' id='word_1_695' title='bbox 1966 4928 2121 4974; x_wconf 83' lang='lat' dir='ltr'><strong>erant</strong></span> 
     </span>
    </p>
   </div>
   <div class='ocr_carea' id='block_1_98' title="bbox 549 5009 2116 5082">
    <p class='ocr_par' dir='ltr' id='par_1_98' title="bbox 549 5009 2116 5082">
     <span class='ocr_line' id='line_1_98' title="bbox 549 5009 2116 5082; baseline 0 -17"><span class='ocrx_word' id='word_1_696' title='bbox 549 5025 668 5065; x_wconf 82' lang='lat' dir='ltr'><strong>esse</strong></span> <span class='ocrx_word' id='word_1_697' title='bbox 701 5009 806 5063; x_wconf 87' lang='lat' dir='ltr'><strong>visi</strong></span> <span class='ocrx_word' id='word_1_698' title='bbox 841 5019 969 5064; x_wconf 90' lang='lat' dir='ltr'><strong>sunt</strong></span> <span class='ocrx_word' id='word_1_699' title='bbox 1022 5009 1439 5082; x_wconf 79' lang='lat' dir='ltr'><strong>Memphitarum</strong></span> <span class='ocrx_word' id='word_1_700' title='bbox 1470 5012 1724 5081; x_wconf 74' lang='lat' dir='ltr'><strong>prmsides</strong></span> <span class='ocrx_word' id='word_1_701' title='bbox 1752 5020 1806 5066; x_wconf 84' lang='lat' dir='ltr'><strong>et</strong></span> <span class='ocrx_word' id='word_1_702' title='bbox 1831 5012 2116 5067; x_wconf 87' lang='lat' dir='ltr'><strong>antistites.</strong></span> 
     </span>
    </p>
   </div>
   <div class='ocr_carea' id='block_1_99' title="bbox 549 5100 2118 5172">
    <p class='ocr_par' dir='ltr' id='par_1_99' title="bbox 549 5100 2118 5172">
     <span class='ocr_line' id='line_1_99' title="bbox 549 5100 2118 5172; baseline 0.001 -19"><span class='ocrx_word' id='word_1_703' title='bbox 549 5100 751 5156; x_wconf 78' lang='lat' dir='ltr'><strong>Verum</strong></span> <span class='ocrx_word' id='word_1_704' title='bbox 818 5100 1152 5155; x_wconf 74' lang='lat' dir='ltr'><strong>seduxerunt</strong></span> <span class='ocrx_word' id='word_1_705' title='bbox 1208 5111 1264 5157; x_wconf 92' lang='lat' dir='ltr'><strong>et</strong></span> <span class='ocrx_word' id='word_1_706' title='bbox 1332 5101 1405 5156; x_wconf 90' lang='lat' dir='ltr'><strong>illi</strong></span> <span class='ocrx_word' id='word_1_707' title='bbox 1463 5100 1756 5172; x_wconf 63' lang='lat' dir='ltr'><strong>Aﬂgyptum</strong></span> <span class='ocrx_word' id='word_1_708' title='bbox 1822 5103 2118 5158; x_wconf 87' lang='lat' dir='ltr'><strong>secundum</strong></span> 
     </span>
    </p>
   </div>
   <div class='ocr_carea' id='block_1_100' title="bbox 545 5193 2118 5263">
    <p class='ocr_par' dir='ltr' id='par_1_100' title="bbox 545 5193 2118 5263">
     <span class='ocr_line' id='line_1_100' title="bbox 545 5193 2118 5263; baseline -0.001 -15"><span class='ocrx_word' id='word_1_709' title='bbox 545 5195 744 5260; x_wconf 79' lang='lat' dir='ltr'><strong>tribus,</strong></span> <span class='ocrx_word' id='word_1_710' title='bbox 779 5195 956 5259; x_wconf 87' lang='lat' dir='ltr'><strong>idest,</strong></span> <span class='ocrx_word' id='word_1_711' title='bbox 987 5193 1282 5263; x_wconf 89' lang='lat' dir='ltr'><strong>oppidatim</strong></span> <span class='ocrx_word' id='word_1_712' title='bbox 1339 5203 1394 5248; x_wconf 91' lang='lat' dir='ltr'><strong>et</strong></span> <span class='ocrx_word' id='word_1_713' title='bbox 1463 5195 1701 5262; x_wconf 87' lang='lat' dir='ltr'><strong>vicatim,</strong></span> <span class='ocrx_word' id='word_1_714' title='bbox 1748 5209 1857 5247; x_wconf 90' lang='lat' dir='ltr'><strong>non</strong></span> <span class='ocrx_word' id='word_1_715' title='bbox 1915 5195 2118 5248; x_wconf 87' lang='lat' dir='ltr'><strong>viritim</strong></span> 
     </span>
    </p>
   </div>
   <div class='ocr_carea' id='block_1_101' title="bbox 547 5284 2120 5349">
    <p class='ocr_par' dir='ltr' id='par_1_101' title="bbox 547 5284 2120 5349">
     <span class='ocr_line' id='line_1_101' title="bbox 547 5284 2120 5349; baseline 0.001 -10"><span class='ocrx_word' id='word_1_716' title='bbox 547 5285 744 5349; x_wconf 87' lang='lat' dir='ltr'><strong>solum,</strong></span> <span class='ocrx_word' id='word_1_717' title='bbox 772 5285 863 5339; x_wconf 90' lang='lat' dir='ltr'><strong>sed</strong></span> <span class='ocrx_word' id='word_1_718' title='bbox 886 5285 1048 5340; x_wconf 86' lang='lat' dir='ltr'><strong>etiam</strong></span> <span class='ocrx_word' id='word_1_719' title='bbox 1106 5286 1441 5339; x_wconf 85' lang='lat' dir='ltr'><strong>catervatim.</strong></span> <span class='ocrx_word' id='word_1_720' title='bbox 1495 5284 1773 5339; x_wconf 73' lang='lat' dir='ltr'><strong>llabebant</strong></span> <span class='ocrx_word' id='word_1_721' title='bbox 1825 5286 1970 5340; x_wconf 89' lang='lat' dir='ltr'><strong>enim</strong></span> <span class='ocrx_word' id='word_1_722' title='bbox 2014 5286 2120 5341; x_wconf 89' lang='lat' dir='ltr'><strong>illis</strong></span> 
     </span>
    </p>
   </div>
   <div class='ocr_carea' id='block_1_102' title="bbox 549 5377 2117 5447">
    <p class='ocr_par' dir='ltr' id='par_1_102' title="bbox 549 5377 2117 5447">
     <span class='ocr_line' id='line_1_102' title="bbox 549 5377 2117 5447; baseline 0.002 -19"><span class='ocrx_word' id='word_1_723' title='bbox 549 5377 738 5439; x_wconf 86' lang='lat' dir='ltr'><strong>tidem,</strong></span> <span class='ocrx_word' id='word_1_724' title='bbox 760 5378 973 5433; x_wconf 87' lang='lat' dir='ltr'><strong>etiamsi</strong></span> <span class='ocrx_word' id='word_1_725' title='bbox 1002 5380 1143 5447; x_wconf 88' lang='lat' dir='ltr'><strong>quod</strong></span> <span class='ocrx_word' id='word_1_726' title='bbox 1170 5394 1201 5432; x_wconf 91' lang='lat' dir='ltr'><strong>e</strong></span> <span class='ocrx_word' id='word_1_727' title='bbox 1254 5392 1311 5433; x_wconf 89' lang='lat' dir='ltr'><strong>re</strong></span> <span class='ocrx_word' id='word_1_728' title='bbox 1338 5384 1483 5433; x_wconf 86' lang='lat' dir='ltr'><strong>esset</strong></span> <span class='ocrx_word' id='word_1_729' title='bbox 1512 5378 1640 5433; x_wconf 90' lang='lat' dir='ltr'><strong>nihil</strong></span> <span class='ocrx_word' id='word_1_730' title='bbox 1674 5379 1919 5433; x_wconf 86' lang='lat' dir='ltr'><strong>dicerent</strong></span> <span class='ocrx_word' id='word_1_731' title='bbox 1943 5397 1957 5433; x_wconf 84' lang='lat'><strong>:</strong></span> <span class='ocrx_word' id='word_1_732' title='bbox 1995 5394 2117 5431; x_wconf 91' lang='lat' dir='ltr'><strong>nam</strong></span> 
     </span>
    </p>
   </div>
   <div class='ocr_carea' id='block_1_103' title="bbox 547 5468 2117 5539">
    <p class='ocr_par' dir='ltr' id='par_1_103' title="bbox 547 5468 2117 5539">
     <span class='ocr_line' id='line_1_103' title="bbox 547 5468 2117 5539; baseline 0.002 -19"><span class='ocrx_word' id='word_1_733' title='bbox 547 5468 819 5535; x_wconf 85' lang='lat' dir='ltr'><strong>quomodo</strong></span> <span class='ocrx_word' id='word_1_734' title='bbox 842 5469 1028 5527; x_wconf 77' lang='lat' dir='ltr'><strong>confisi</strong></span> <span class='ocrx_word' id='word_1_735' title='bbox 1068 5479 1193 5524; x_wconf 85' lang='lat' dir='ltr'><strong>sunt</strong></span> <span class='ocrx_word' id='word_1_736' title='bbox 1218 5470 1240 5523; x_wconf 73' lang='grc' dir='ltr'><strong>’ἒ</strong></span> <span class='ocrx_word' id='word_1_737' title='bbox 1265 5468 1525 5526; x_wconf 84' lang='lat' dir='ltr'><strong>Dominus</strong></span> <span class='ocrx_word' id='word_1_738' title='bbox 1555 5470 1721 5533; x_wconf 88' lang='lat' dir='ltr'><strong>enim,</strong></span> <span class='ocrx_word' id='word_1_739' title='bbox 1758 5470 1957 5539; x_wconf 89' lang='lat' dir='ltr'><strong>inquit,</strong></span> <span class='ocrx_word' id='word_1_740' title='bbox 1983 5484 2117 5524; x_wconf 87' lang='lat' dir='ltr'><strong>con-</strong></span> 
     </span>
    </p>
   </div>
   <div class='ocr_carea' id='block_1_104' title="bbox 551 5557 2120 5628">
    <p class='ocr_par' dir='ltr' id='par_1_104' title="bbox 551 5557 2120 5628">
     <span class='ocr_line' id='line_1_104' title="bbox 551 5557 2120 5628; baseline 0.002 -18"><span class='ocrx_word' id='word_1_741' title='bbox 551 5557 687 5615; x_wconf 78' lang='lat' dir='ltr'><strong>fudit</strong></span> <span class='ocrx_word' id='word_1_742' title='bbox 727 5572 821 5611; x_wconf 87' lang='lat' dir='ltr'><strong>eos</strong></span> <span class='ocrx_word' id='word_1_743' title='bbox 844 5559 1038 5628; x_wconf 85' lang='lat' dir='ltr'><strong>spiritu</strong></span> <span class='ocrx_word' id='word_1_744' title='bbox 1069 5561 1293 5625; x_wconf 89' lang='lat' dir='ltr'><strong>erroris,</strong></span> <span class='ocrx_word' id='word_1_745' title='bbox 1342 5561 1394 5614; x_wconf 89' lang='lat' dir='ltr'><strong>id</strong></span> <span class='ocrx_word' id='word_1_746' title='bbox 1435 5569 1538 5624; x_wconf 78' lang='lat' dir='ltr'><strong>est,</strong></span> <span class='ocrx_word' id='word_1_747' title='bbox 1602 5575 1816 5615; x_wconf 88' lang='lat' dir='ltr'><strong>omnem</strong></span> <span class='ocrx_word' id='word_1_748' title='bbox 1876 5561 2120 5615; x_wconf 85' lang='lat' dir='ltr'><strong>veritatis</strong></span> 
     </span>
    </p>
   </div>
   <div class='ocr_carea' id='block_1_105' title="bbox 549 5647 2116 5718">
    <p class='ocr_par' dir='ltr' id='par_1_105' title="bbox 549 5647 2116 5718">
     <span class='ocr_line' id='line_1_105' title="bbox 549 5647 2116 5718; baseline 0.001 -17"><span class='ocrx_word' id='word_1_749' title='bbox 549 5659 854 5703; x_wconf 84' lang='lat' dir='ltr'><strong>sermonem</strong></span> <span class='ocrx_word' id='word_1_750' title='bbox 894 5647 962 5699; x_wconf 88' lang='lat' dir='ltr'><strong>ab</strong></span> <span class='ocrx_word' id='word_1_751' title='bbox 998 5663 1184 5702; x_wconf 87' lang='lat' dir='ltr'><strong>eorum</strong></span> <span class='ocrx_word' id='word_1_752' title='bbox 1213 5649 1391 5718; x_wconf 80' lang='lat' dir='ltr'><strong>lingua</strong></span> <span class='ocrx_word' id='word_1_753' title='bbox 1452 5650 1711 5712; x_wconf 77' lang='lat' dir='ltr'><strong>excussit,</strong></span> <span class='ocrx_word' id='word_1_754' title='bbox 1751 5659 1808 5702; x_wconf 90' lang='lat' dir='ltr'><strong>ut</strong></span> <span class='ocrx_word' id='word_1_755' title='bbox 1838 5649 1971 5702; x_wconf 80' lang='lat' dir='ltr'><strong>nihil</strong></span> <span class='ocrx_word' id='word_1_756' title='bbox 2000 5649 2116 5702; x_wconf 84' lang='lat' dir='ltr'><strong>veri</strong></span> 
     </span>
    </p>
   </div>
   <div class='ocr_carea' id='block_1_106' title="bbox 621 5817 2057 5891">
    <p class='ocr_par' dir='ltr' id='par_1_106' title="bbox 621 5817 2057 5891">
     <span class='ocr_line' id='line_1_106' title="bbox 621 5817 2057 5891; baseline -0.003 -9"><span class='ocrx_word' id='word_1_757' title='bbox 621 5817 670 5856; x_wconf 78' lang='lat'>&quot;</span> <span class='ocrx_word' id='word_1_758' title='bbox 698 5819 851 5881; x_wconf 82' lang='lat' dir='ltr'><strong>Deut.</strong></span> <span class='ocrx_word' id='word_1_759' title='bbox 880 5836 1031 5891; x_wconf 75' lang='lat' dir='ltr'><strong>xvm,</strong></span> <span class='ocrx_word' id='word_1_760' title='bbox 1064 5823 1251 5877; x_wconf 70' lang='lat' dir='ltr'><strong>lli-l2.</strong></span> <span class='ocrx_word' id='word_1_761' title='bbox 1326 5824 1372 5855; x_wconf 87' lang='lat'><strong>&quot;</strong></span> <span class='ocrx_word' id='word_1_762' title='bbox 1403 5823 1530 5878; x_wconf 83' lang='lat' dir='ltr'><strong>ibid.</strong></span> <span class='ocrx_word' id='word_1_763' title='bbox 1566 5824 1645 5877; x_wconf 77' lang='lat' dir='ltr'><strong>l5.</strong></span> <span class='ocrx_word' id='word_1_764' title='bbox 1726 5822 1769 5854; x_wconf 76' lang='lat'><strong>‘°</strong></span> <span class='ocrx_word' id='word_1_765' title='bbox 1803 5821 1934 5877; x_wconf 89' lang='lat' dir='ltr'><strong>ibid.</strong></span> <span class='ocrx_word' id='word_1_766' title='bbox 1977 5824 2057 5878; x_wconf 74' lang='lat'><strong>15.</strong></span> 
     </span>
    </p>
   </div>
   <div class='ocr_carea' id='block_1_107' title="bbox 2229 4645 3805 4718">
    <p class='ocr_par' dir='ltr' id='par_1_107' title="bbox 2229 4645 3805 4718">
     <span class='ocr_line' id='line_1_107' title="bbox 2229 4645 3805 4718; baseline -0.001 -19"><span class='ocrx_word' id='word_1_767' title='bbox 2229 4645 2470 4718; x_wconf 80' lang='grc' dir='ltr'>μαγικῆς</span> <span class='ocrx_word' id='word_1_768' title='bbox 2500 4646 2792 4717; x_wconf 80' lang='grc' dir='ltr'>ἐμπειρίας</span> <span class='ocrx_word' id='word_1_769' title='bbox 2817 4648 2896 4710; x_wconf 87' lang='grc' dir='ltr'><strong>εἰς</strong></span> <span class='ocrx_word' id='word_1_770' title='bbox 2925 4646 3094 4717; x_wconf 80' lang='grc' dir='ltr'>ἄκρον</span> <span class='ocrx_word' id='word_1_771' title='bbox 3123 4645 3447 4717; x_wconf 77' lang='grc' dir='ltr'>ἐληλακότες</span> <span class='ocrx_word' id='word_1_772' title='bbox 3475 4645 3571 4699; x_wconf 83' lang='grc' dir='ltr'>τοῦ</span> <span class='ocrx_word' id='word_1_773' title='bbox 3601 4647 3805 4709; x_wconf 77' lang='grc' dir='ltr'>παντὸς</span> 
     </span>
    </p>
   </div>
   <div class='ocr_carea' id='block_1_108' title="bbox 2225 4736 3804 4809">
    <p class='ocr_par' dir='ltr' id='par_1_108' title="bbox 2225 4736 3804 4809">
     <span class='ocr_line' id='line_1_108' title="bbox 2225 4736 3804 4809; baseline 0.001 -20"><span class='ocrx_word' id='word_1_774' title='bbox 2225 4737 2364 4803; x_wconf 77' lang='grc' dir='ltr'>ἄξιοι</span> <span class='ocrx_word' id='word_1_775' title='bbox 2396 4736 2553 4806; x_wconf 88' lang='grc' dir='ltr'>λόγου</span> <span class='ocrx_word' id='word_1_776' title='bbox 2590 4741 2703 4801; x_wconf 84' lang='grc' dir='ltr'>τοῖς</span> <span class='ocrx_word' id='word_1_777' title='bbox 2731 4738 3145 4809; x_wconf 86' lang='grc' dir='ltr'>εἰδωλολάτραις</span> <span class='ocrx_word' id='word_1_778' title='bbox 3175 4739 3479 4807; x_wconf 84' lang='grc' dir='ltr'>ἐφαίνοντο.</span> <span class='ocrx_word' id='word_1_779' title='bbox 3524 4737 3804 4802; x_wconf 83' lang='grc' dir='ltr'>Ἐξέλιπον</span> 
     </span>
    </p>
   </div>
   <div class='ocr_carea' id='block_1_109' title="bbox 2224 4825 3803 4898">
    <p class='ocr_par' dir='ltr' id='par_1_109' title="bbox 2224 4825 3803 4898">
     <span class='ocr_line' id='line_1_109' title="bbox 2224 4825 3803 4898; baseline 0.003 -20"><span class='ocrx_word' id='word_1_780' title='bbox 2224 4825 2438 4891; x_wconf 83' lang='grc' dir='ltr'>τοίνυν,</span> <span class='ocrx_word' id='word_1_781' title='bbox 2487 4825 2680 4894; x_wconf 76' lang='grc' dir='ltr'>φησὶν,</span> <span class='ocrx_word' id='word_1_782' title='bbox 2717 4829 2769 4878; x_wconf 81' lang='grc' dir='ltr'><strong>οἰ</strong></span> <span class='ocrx_word' id='word_1_783' title='bbox 2823 4827 3080 4897; x_wconf 81' lang='grc' dir='ltr'>ἄρχοντες</span> <span class='ocrx_word' id='word_1_784' title='bbox 3125 4828 3436 4898; x_wconf 80' lang='grc' dir='ltr'>Μέμφεως,</span> <span class='ocrx_word' id='word_1_785' title='bbox 3465 4828 3607 4881; x_wconf 76' lang='grc' dir='ltr'>τοῦτ’</span> <span class='ocrx_word' id='word_1_786' title='bbox 3662 4829 3803 4895; x_wconf 60' lang='grc' dir='ltr'>ἔστι,</span> 
     </span>
    </p>
   </div>
   <div class='ocr_carea' id='block_1_110' title="bbox 2226 4914 3804 4988">
    <p class='ocr_par' dir='ltr' id='par_1_110' title="bbox 2226 4914 3804 4988">
     <span class='ocr_line' id='line_1_110' title="bbox 2226 4914 3804 4988; baseline 0.003 -20"><span class='ocrx_word' id='word_1_787' title='bbox 2226 4914 2685 4987; x_wconf 78' lang='grc' dir='ltr'>κατελογίσθησαν</span> <span class='ocrx_word' id='word_1_788' title='bbox 2717 4919 2797 4980; x_wconf 85' lang='grc' dir='ltr'><strong>εἰς</strong></span> <span class='ocrx_word' id='word_1_789' title='bbox 2824 4918 2994 4981; x_wconf 80' lang='grc' dir='ltr'>οὐδὲν,</span> <span class='ocrx_word' id='word_1_790' title='bbox 3027 4918 3221 4988; x_wconf 74' lang='grc' dir='ltr'>ὑψηλοί</span> <span class='ocrx_word' id='word_1_791' title='bbox 3236 4936 3294 4971; x_wconf 88' lang='grc' dir='ltr'><strong>τε</strong></span> <span class='ocrx_word' id='word_1_792' title='bbox 3322 4916 3460 4973; x_wconf 74' lang='grc' dir='ltr'>εἶναι</span> <span class='ocrx_word' id='word_1_793' title='bbox 3484 4920 3578 4973; x_wconf 80' lang='grc' dir='ltr'><strong>καὶ</strong></span> <span class='ocrx_word' id='word_1_794' title='bbox 3604 4919 3804 4973; x_wconf 82' lang='grc' dir='ltr'>τεθαυ-</span> 
     </span>
    </p>
   </div>
   <div class='ocr_carea' id='block_1_111' title="bbox 2230 4992 3803 5082">
    <p class='ocr_par' dir='ltr' id='par_1_111' title="bbox 2230 4992 3803 5082">
     <span class='ocr_line' id='line_1_111' title="bbox 2230 4992 3803 5082; baseline -0.011 -7"><span class='ocrx_word' id='word_1_795' title='bbox 2230 5005 2498 5076; x_wconf 65' lang='grc' dir='ltr'>μασμένα</span> <span class='ocrx_word' id='word_1_796' title='bbox 2549 5006 2703 5078; x_wconf 73' lang='grc' dir='ltr'>παρά</span> <span class='ocrx_word' id='word_1_797' title='bbox 2726 4992 2785 5061; x_wconf 59' lang='grc' dir='ltr'><strong>’δε</strong></span> <span class='ocrx_word' id='word_1_798' title='bbox 2818 5007 2897 5078; x_wconf 85' lang='grc' dir='ltr'>τῷ</span> <span class='ocrx_word' id='word_1_799' title='bbox 2933 5008 3144 5078; x_wconf 87' lang='grc' dir='ltr'>βασιλεί</span> <span class='ocrx_word' id='word_1_800' title='bbox 3193 5011 3287 5064; x_wconf 82' lang='grc' dir='ltr'><strong>καὶ</strong></span> <span class='ocrx_word' id='word_1_801' title='bbox 3317 5010 3490 5064; x_wconf 73' lang='grc' dir='ltr'>ἅπασι</span> <span class='ocrx_word' id='word_1_802' title='bbox 3515 5014 3629 5075; x_wconf 84' lang='grc' dir='ltr'>τοῖς</span> <span class='ocrx_word' id='word_1_803' title='bbox 3664 5013 3803 5082; x_wconf 72' lang='grc' dir='ltr'>ἀμφ’</span> 
     </span>
    </p>
   </div>
   <div class='ocr_carea' id='block_1_112' title="bbox 2226 5095 3800 5177">
    <p class='ocr_par' dir='ltr' id='par_1_112' title="bbox 2226 5095 3800 5177">
     <span class='ocr_line' id='line_1_112' title="bbox 2226 5095 3800 5177; baseline 0.004 -26"><span class='ocrx_word' id='word_1_804' title='bbox 2226 5095 2389 5151; x_wconf 74' lang='grc' dir='ltr'>αὑτὸν</span> <span class='ocrx_word' id='word_1_805' title='bbox 2439 5098 2625 5165; x_wconf 79' lang='grc' dir='ltr'>ἔδοξαν</span> <span class='ocrx_word' id='word_1_806' title='bbox 2658 5095 2799 5152; x_wconf 81' lang='grc' dir='ltr'>εἶναι</span> <span class='ocrx_word' id='word_1_807' title='bbox 2836 5100 2935 5171; x_wconf 86' lang='grc' dir='ltr'>τῆς</span> <span class='ocrx_word' id='word_1_808' title='bbox 2972 5102 3249 5172; x_wconf 80' lang='grc' dir='ltr'>Μέμφεως</span> <span class='ocrx_word' id='word_1_809' title='bbox 3289 5105 3338 5156; x_wconf 90' lang='grc' dir='ltr'><strong>οἰ</strong></span> <span class='ocrx_word' id='word_1_810' title='bbox 3377 5105 3800 5177; x_wconf 49' lang='grc' dir='ltr'>προεστηκότες.</span> 
     </span>
    </p>
   </div>
   <div class='ocr_carea' id='block_1_113' title="bbox 2224 5190 3804 5266">
    <p class='ocr_par' dir='ltr' id='par_1_113' title="bbox 2224 5190 3804 5266">
     <span class='ocr_line' id='line_1_113' title="bbox 2224 5190 3804 5266; baseline 0.004 -23"><span class='ocrx_word' id='word_1_811' title='bbox 2224 5190 2371 5261; x_wconf 80' lang='grc' dir='ltr'>Πλὴν</span> <span class='ocrx_word' id='word_1_812' title='bbox 2422 5191 2806 5262; x_wconf 84' lang='grc' dir='ltr'>πεπλανήκασι</span> <span class='ocrx_word' id='word_1_813' title='bbox 2843 5192 2938 5245; x_wconf 68' lang='grc' dir='ltr'><strong>καὶ</strong></span> <span class='ocrx_word' id='word_1_814' title='bbox 2992 5194 3148 5247; x_wconf 69' lang='grc' dir='ltr'>αὐτοὶ</span> <span class='ocrx_word' id='word_1_815' title='bbox 3201 5194 3300 5266; x_wconf 81' lang='grc' dir='ltr'>τὴν</span> <span class='ocrx_word' id='word_1_816' title='bbox 3347 5195 3622 5264; x_wconf 78' lang='grc' dir='ltr'>Αἴγυπτον</span> <span class='ocrx_word' id='word_1_817' title='bbox 3661 5198 3804 5251; x_wconf 66' lang='grc' dir='ltr'>κατὰ</span> 
     </span>
    </p>
   </div>
   <div class='ocr_carea' id='block_1_114' title="bbox 2221 5281 3800 5358">
    <p class='ocr_par' dir='ltr' id='par_1_114' title="bbox 2221 5281 3800 5358">
     <span class='ocr_line' id='line_1_114' title="bbox 2221 5281 3800 5358; baseline 0.004 -24"><span class='ocrx_word' id='word_1_818' title='bbox 2221 5281 2412 5351; x_wconf 81' lang='grc' dir='ltr'>φυλὰς,</span> <span class='ocrx_word' id='word_1_819' title='bbox 2451 5282 2595 5336; x_wconf 78' lang='grc' dir='ltr'>τοῦτ’</span> <span class='ocrx_word' id='word_1_820' title='bbox 2629 5283 2765 5349; x_wconf 79' lang='grc' dir='ltr'>ἐστι,</span> <span class='ocrx_word' id='word_1_821' title='bbox 2818 5284 2961 5339; x_wconf 85' lang='grc' dir='ltr'>κατὰ</span> <span class='ocrx_word' id='word_1_822' title='bbox 2992 5284 3173 5350; x_wconf 85' lang='grc' dir='ltr'>πόλεις</span> <span class='ocrx_word' id='word_1_823' title='bbox 3214 5287 3307 5339; x_wconf 74' lang='grc' dir='ltr'>καὶ</span> <span class='ocrx_word' id='word_1_824' title='bbox 3345 5287 3574 5358; x_wconf 78' lang='grc' dir='ltr'>κὼμας’</span> <span class='ocrx_word' id='word_1_825' title='bbox 3613 5288 3708 5341; x_wconf 78' lang='grc' dir='ltr'>καὶ</span> <span class='ocrx_word' id='word_1_826' title='bbox 3737 5288 3800 5341; x_wconf 77' lang='grc' dir='ltr'>οὒ</span> 
     </span>
    </p>
   </div>
   <div class='ocr_carea' id='block_1_115' title="bbox 2220 5375 3803 5448">
    <p class='ocr_par' dir='ltr' id='par_1_115' title="bbox 2220 5375 3803 5448">
     <span class='ocr_line' id='line_1_115' title="bbox 2220 5375 3803 5448; baseline 0.004 -21"><span class='ocrx_word' id='word_1_827' title='bbox 2220 5375 2340 5428; x_wconf 85' lang='grc' dir='ltr'>καθ’</span> <span class='ocrx_word' id='word_1_828' title='bbox 2362 5375 2457 5428; x_wconf 78' lang='grc' dir='ltr'>ἕνα</span> <span class='ocrx_word' id='word_1_829' title='bbox 2490 5376 2668 5444; x_wconf 86' lang='grc' dir='ltr'>μόνον,</span> <span class='ocrx_word' id='word_1_830' title='bbox 2710 5375 2846 5430; x_wconf 84' lang='grc' dir='ltr'><strong>ἀλλά</strong></span> <span class='ocrx_word' id='word_1_831' title='bbox 2882 5376 2992 5448; x_wconf 83' lang='grc' dir='ltr'><strong>γὰρ</strong></span> <span class='ocrx_word' id='word_1_832' title='bbox 3030 5379 3122 5431; x_wconf 74' lang='grc' dir='ltr'>καὶ</span> <span class='ocrx_word' id='word_1_833' title='bbox 3160 5381 3299 5432; x_wconf 82' lang='grc' dir='ltr'>κατά</span> <span class='ocrx_word' id='word_1_834' title='bbox 3333 5379 3563 5448; x_wconf 75' lang='grc' dir='ltr'>πληθύν.</span> <span class='ocrx_word' id='word_1_835' title='bbox 3598 5380 3803 5448; x_wconf 72' lang='grc' dir='ltr'>Τεταρ-</span> 
     </span>
    </p>
   </div>
   <div class='ocr_carea' id='block_1_116' title="bbox 2220 5468 3797 5541">
    <p class='ocr_par' dir='ltr' id='par_1_116' title="bbox 2220 5468 3797 5541">
     <span class='ocr_line' id='line_1_116' title="bbox 2220 5468 3797 5541; baseline 0.002 -21"><span class='ocrx_word' id='word_1_836' title='bbox 2220 5470 2422 5540; x_wconf 77' lang='grc' dir='ltr'>σήκατι</span> <span class='ocrx_word' id='word_1_837' title='bbox 2473 5468 2582 5541; x_wconf 78' lang='grc' dir='ltr'>γὰρ</span> <span class='ocrx_word' id='word_1_838' title='bbox 2629 5470 2847 5532; x_wconf 79' lang='grc' dir='ltr'>αὐτοῖς,</span> <span class='ocrx_word' id='word_1_839' title='bbox 2893 5468 3071 5523; x_wconf 81' lang='grc' dir='ltr'>καίτοι</span> <span class='ocrx_word' id='word_1_840' title='bbox 3127 5469 3237 5523; x_wconf 87' lang='grc' dir='ltr'><strong>τῶν</strong></span> <span class='ocrx_word' id='word_1_841' title='bbox 3285 5472 3600 5538; x_wconf 71' lang='grc' dir='ltr'>ἀναγκαίων</span> <span class='ocrx_word' id='word_1_842' title='bbox 3648 5471 3797 5524; x_wconf 74' lang='grc' dir='ltr'>οὐδὲν</span> 
     </span>
    </p>
   </div>
   <div class='ocr_carea' id='block_1_117' title="bbox 2219 5558 3803 5632">
    <p class='ocr_par' dir='ltr' id='par_1_117' title="bbox 2219 5558 3803 5632">
     <span class='ocr_line' id='line_1_117' title="bbox 2219 5558 3803 5632; baseline 0 -20"><span class='ocrx_word' id='word_1_843' title='bbox 2219 5560 2429 5629; x_wconf 73' lang='grc' dir='ltr'>ἔχουσιν</span> <span class='ocrx_word' id='word_1_844' title='bbox 2459 5561 2661 5612; x_wconf 79' lang='grc' dir='ltr'>εἰπεῖν·</span> <span class='ocrx_word' id='word_1_845' title='bbox 2712 5559 3087 5630; x_wconf 86' lang='grc' dir='ltr'>τεθαρσήκασι</span> <span class='ocrx_word' id='word_1_846' title='bbox 3115 5559 3222 5631; x_wconf 82' lang='grc' dir='ltr'>γὰρ</span> <span class='ocrx_word' id='word_1_847' title='bbox 3251 5559 3374 5613; x_wconf 84' lang='grc' dir='ltr'>τίνα</span> <span class='ocrx_word' id='word_1_848' title='bbox 3413 5562 3648 5632; x_wconf 81' lang='grc' dir='ltr'>τρόπον;</span> <span class='ocrx_word' id='word_1_849' title='bbox 3687 5558 3803 5614; x_wconf 78' lang='grc' dir='ltr'><strong>Κύ-</strong></span> 
     </span>
    </p>
   </div>
   <div class='ocr_carea' id='block_1_118' title="bbox 2222 5650 3803 5723">
    <p class='ocr_par' dir='ltr' id='par_1_118' title="bbox 2222 5650 3803 5723">
     <span class='ocr_line' id='line_1_118' title="bbox 2222 5650 3803 5723; baseline 0.006 -20"><span class='ocrx_word' id='word_1_850' title='bbox 2222 5667 2334 5722; x_wconf 81' lang='grc' dir='ltr'>ριος</span> <span class='ocrx_word' id='word_1_851' title='bbox 2356 5650 2482 5721; x_wconf 80' lang='grc' dir='ltr'>γὰρ,</span> <span class='ocrx_word' id='word_1_852' title='bbox 2509 5651 2695 5720; x_wconf 62' lang='grc' dir='ltr'>φησιν,</span> <span class='ocrx_word' id='word_1_853' title='bbox 2717 5652 2975 5723; x_wconf 83' lang='grc' dir='ltr'>ἐκέρασεν</span> <span class='ocrx_word' id='word_1_854' title='bbox 3007 5652 3190 5718; x_wconf 84' lang='grc' dir='ltr'>αὐτοῖς</span> <span class='ocrx_word' id='word_1_855' title='bbox 3211 5651 3430 5723; x_wconf 80' lang='grc' dir='ltr'>πνεῦμα</span> <span class='ocrx_word' id='word_1_856' title='bbox 3457 5650 3803 5721; x_wconf 71' lang='grc' dir='ltr'>πλανήσεωςν</span> 
     </span>
    </p>
   </div>
  </div>
