4166 6296
606 376 712 431 467

1590 374 1646 431 S.
1687 376 1958 432 CYRILLI
1999 372 2467 433 ALEXANDRINI
2501 372 2830 463 AltClllEP.

3747 370 3846 427 463

609 500 825 545 versum
860 487 1161 560 Egyplios,
1189 497 1239 547 et
1265 504 1292 540 ο
1316 490 1556 544 tenebris
1591 491 1643 544 in
1686 490 1859 545 lucem
1897 491 2144 546 transtuli

2270 466 2347 555 ώς
2366 490 2521 559 ἔφην,
2541 492 2639 542 οὐκ
2661 486 3019 558 ήσθενηκότος
3047 483 3140 539 τοῦ
3168 482 3545 547 διασώζοντος,
3565 481 3678 535 ἀλλ’
3705 481 3850 547 ἰδίοις

609 580 978 635 universitatis
1026 581 1188 644 Deus,
1218 588 1274 634 et
1301 595 1331 634 a
1361 581 1464 635 ritu
1525 580 1865 636 idololatrico
1912 583 2172 648 traduxit,

2276 584 2370 636 καὶ
2406 582 2575 652 αὐτὴν
2607 579 2948 657 ὑποτιθέντος
2977 576 3259 647 νεύμασιν,
3301 574 3395 627 καὶ⁵
3429 575 3542 637 τοῖς
3567 572 3849 643 Ῥωμαίων

602 669 860 737 deditque
893 679 950 725 ut
990 670 1057 726 de
1108 681 1304 726 caetero
1332 661 1725 742 cognoscerent
1746 671 1868 741 quis
1905 681 2053 727 esset
2080 687 2151 727 nat

2276 674 2575 744 σκήπτροις
2601 671 2923 740 ὑπάγοντος.
2951 670 3108 721 Δοκεῖ
3135 667 3191 719 δέ
3214 683 3323 720 τισι
3365 664 3457 718 καὶ
3487 664 3687 737 ἑτέρως
3712 666 3850 718 νοεῖν

606 771 722 814 tura
751 777 817 817 ac
843 777 971 817 vere
992 761 1154 831 Deus,
1179 779 1242 819 ac
1286 765 1657 820 universitatis
1698 764 1996 821 fabricator
2029 765 2173 837 (cre-

601 852 854 906 diderunt
899 854 1048 909 enim
1078 854 1129 910 in
1156 855 1451 921 Christum,
1488 864 1541 911 et
1574 872 1669 925 per
1698 856 1845 911 illum
1874 866 1930 913 et
1979 857 2031 911 in
2081 856 2172 912 illo

600 952 867 998 noverunt
897 959 1115 1014 quoque
1133 944 1371 1017 Patrem)
1393 947 1648 1012 :hincait,
1685 957 1903 1017 propter
1920 962 2169 1017 magnam

599 1034 839 1101 ipsorum
880 1038 1205 1106 probitatem
1241 1047 1294 1092 et
1322 1039 1661 1110 religionem,
1701 1040 1829 1109 ipsis
1850 1038 1966 1095 fore
1996 1042 2171 1109 regio-

600 1139 724 1179 nem
790 1126 1096 1184 Judaeerum
1136 1132 1351 1187 terrori.
1385 1130 1601 1185 Tcrrori
1637 1141 1814 1186 autem
1850 1146 1971 1186 cum
2018 1131 2166 1196 dicit,

598 1223 803 1270 metmn
837 1233 904 1271 ex
935 1218 1136 1288 pietate
1166 1221 1430 1290 intelliges
1468 1222 1791 1291 profectum.
1814 1219 2165 1276 Coluntenim

594 1319 785 1363 omnes
814 1310 1203 1382 Hierosolyma,
1236 1328 1302 1369 eo
1332 1315 1473 1383 quod
1502 1314 1574 1368 ibi
1609 1321 1764 1368 natus
1810 1313 1971 1367 fuerit
2010 1314 2167 1367 Chri-

595 1406 737 1464 stus,
767 1408 822 1453 et
850 1415 1065 1456 crucem
1111 1418 1209 1472 pro
1262 1405 1445 1459 mundi
1474 1404 1645 1460 salute
1675 1403 1976 1474 pertulerit,
2002 1411 2056 1457 et
2112 1403 2165 1457 in

595 1501 943 1548 monumento
973 1474 1199 1563 positus;
1228 1498 1404 1551 denuo
1431 1496 1709 1558 revixerit,
1748 1497 1921 1565 adque
1950 1495 2164 1550 Patrem

593 1581 893 1649 cmigrarit.
926 1584 1063 1641 Olim
1107 1586 1305 1658 quippe
1327 1585 1704 1659 Egyptiorum
1747 1588 1872 1643 odio
1921 1586 2166 1658 ﬂagravit

588 1669 897 1730 Iudaeorum
957 1678 1127 1748 regio,
1148 1688 1266 1733 erat
1293 1679 1437 1734 enim
1471 1694 1717 1750 pugnans
1742 1688 1797 1735 et
1843 1679 2162 1748 discrepans

589 1777 776 1818 eorum
805 1766 1011 1836 religio.
1047 1769 1126 1824 llli
1158 1771 1302 1825 enim
1333 1780 1642 1826 creaturam
1664 1780 1718 1825 et
1747 1783 1910 1841 epera
1943 1785 2160 1824 suarum

2272 768 2333 821 rb
2359 765 2734 837 προκείμενον.
2767 761 2986 833 Ἐπειδὴ
3018 761 3127 830 γὰρ
3159 759 3296 822 ὅλως
3340 756 3683 826 ἐπεσκέψατο
3724 757 3848 818 τοὺς

2270 858 2623 926 Αἰγυπτίους,
2659 855 2755 911 καὶ
2796 853 3154 925 μετεκόμισεν
3186 852 3250 904 ὲκ
3300 850 3524 912 σκότους
3563 850 3642 909 εἰς
3679 847 3793 915 φῶς
3821 849 3849 900 6

2271 952 2379 1006 τῶν
2415 950 2551 1004 ὅλων
2580 949 2732 1013 Θεὸς,
2776 949 2869 1002 καὶ
2904 945 3181 1015 ἀπέστησε
3226 942 3324 1012 μὲν
3349 941 3448 1011 τῆς
3478 939 3586 993 τῶν
3633 937 3845 992 εἰδωλοο

2271 1042 2531 1112 λατρείας
2562 1039 2722 1103 ἐθῶν,
2757 1038 3056 1108 δεδώρηται
3094 1035 3152 1088 δὲ
3187 1033 3249 1087 rb
3284 1031 3483 1086 ειδέναι
3527 1030 3732 1096 λοιπὸν,
3762 1030 3846 1094 τίς

2268 1136 2298 1187 6
2329 1133 2489 1201 φύσει
2532 1132 2627 1186 καὶ
2671 1130 2888 1201 ἀληθῶς
2926 1132 3043 1182 ἐστι
3070 1128 3223 1191 Θεὸς,
3269 1125 3364 1179 καὶ
3411 1123 3518 1177 τῶν
3569 1122 3706 1176 ὅλων
3748 1120 3842 1192 δη-

2272 1225 2548 1297 μιουργός.
2581 1223 2983 1277 Πεπιστεύκασι
3027 1221 3136 1291 γὰρ
3166 1221 3247 1284 είς
3279 1218 3544 1290 Χριστ6ν’
3573 1216 3846 1282 ἐγνώκασι

2265 1315 2322 1369 δὲ
2353 1314 2419 1368 δι’
2452 1312 2618 1367 αύτοῦ
2658 1329 2717 1366 τε
2749 1311 2841 1366 καὶ
2864 1314 2922 1364 ὲν
2955 1310 3103 1381 αὐτῷ
3130 1310 3220 1363 τὸν
3258 1307 3498 1378 Πατέρα.
3521 1304 3708 1375 Ταύτῃ
3738 1318 3840 1361 τοι,

2266 1406 2451 1476 φησὶν,
2488 1406 2552 1458 ὲκ
2582 1403 2786 1473 πολλῆς
2830 1402 2971 1469 ἄγαν
2991 1398 3289 1462 ἐπιεικείας
3322 1414 3384 1450 τε
3409 1395 3505 1450 καὶ
3537 1391 3841 1453 εὐλαϐείας,

2265 1496 2425 1551 ἔσται
2450 1495 2632 1558 αὐτοῖς
2662 1495 2695 1565 ή
2719 1493 2871 1565 χώρα
2898 1494 3007 1547 τῶν
3035 1490 3300 1545 Ἰουδαίων
3329 1491 3409 1552 εἰς
3441 1485 3733 1557 φόϐητρον.
3769 1481 3841 1534 Tb

2263 1588 2320 1642 δὲ
2348 1589 2429 1651 εἰς
2468 1588 2740 1660 φόϐητρον
2763 1589 2889 1641 ὅταν
2918 1586 3073 1657 λέγῃ,
3105 1585 3318 1654 νοήσεις
3346 1580 3436 1634 τὸν
3467 1581 3530 1633 ὲκ
3554 1577 3654 1646 τῆς
3682 1574 3840 1628 εὐλα-

2264 1678 2416 1742 ϐείας
2445 1677 2628 1747 φόϐον.
2670 1677 2884 1749 Τιμῶσι
2935 1675 3047 1746 γὰρ
3088 1675 3324 1736 ἅπαντες
3367 1671 3435 1725 τὰ
3470 1665 3835 1739 Ἰεροσόλυμα,

2261 1769 2351 1823 διά
2374 1786 2457 1822 τοι
2483 1769 2544 1822 rb
2578 1770 2758 1823 ἐκεῖσε
2783 1767 3036 1837 γενέσθαι
3065 1766 3319 1835 Χριστὸν,
3352 1763 3447 1818 καὶ
3470 1761 3563 1815 rbv
3586 1758 3726 1828 ὑπὲρ
3742 1756 3839 1823 τῆς

590 1869 847 1911 manuum
876 1861 1234 1916 adoraverunt
1258 1880 1274 1930 ;
1299 1862 1354 1917 hi
1373 1877 1501 1918 vero
1533 1862 1881 1918 sanctissimo
1912 1862 2019 1916 Deo
2043 1876 2151 1915 ser-

2257 1860 2352 1916 τοῦ
2385 1861 2589 1931 κόσμου
2626 1860 2897 1932 σωτηρίας
2918 1857 3211 1928 ἀνατλῆναι
3248 1853 3502 1925 σταυρὸν,
3528 1846 3751 1918 τεθῆναί
3779 1861 3837 1897 τε

586 1944 819 2013 vierunt,
852 1958 907 2004 et
954 1949 1163 2019 legibus
1194 1952 1310 2021 ejus
1338 1953 1644 2022 gubernati,
1676 1953 1906 2008 sincera:
1933 1966 2157 2008 conver-

598 2038 826 2094 sationis
856 2039 1158 2099 imitatores
1176 2044 1526 2100 exstiterunt.
1543 2044 1667 2100 Haec
1694 2044 1858 2116 igitur
1881 2045 2153 2115 quondam

583 2129 756 2183 invisa
788 2132 956 2200 regio,
982 2143 1161 2191 terror
1185 2135 1350 2191 veluti
1387 2137 1625 2206 quidam,
1653 2148 1710 2192 et
1745 2137 2024 2207 religionis
2049 2137 2154 2191 erit

580 2235 743 2278 causa
777 2230 835 2278 et.
862 2226 1108 2292 materia,
1134 2238 1416 2301 propterea
1443 2230 1585 2299 quod
1619 2229 1671 2283 in
1699 2244 1762 2284 ea
1779 2228 2028 2284 Christus
2052 2242 2150 2281 na-

580 2321 668 2367 tus
699 2312 884 2385 fuerit,
913 2327 973 2372 ut
994 2318 1127 2385 dixi,
1155 2321 1248 2390 qui
1275 2335 1341 2377 ex
1368 2322 1604 2378 tenebris
1634 2336 1729 2378 eos
1751 2320 1818 2376 ad
1847 2320 2149 2375 mirabilem

578 2403 751 2474 ipsius
778 2406 947 2466 lucem
985 2412 1217 2493 vocavit.

2261 1954 2353 2007 ἐπὶ
2389 1954 2689 2023 μνήματος,
2729 1949 3025 2006 ἀναϐιῶναί
3050 1966 3108 2002 τε
3150 1941 3239 2012 αὖ,
3273 1945 3365 1998 καὶ
3400 1942 3668 2011 ἀναϐῆναι
3700 1935 3837 2008 πρὸς

2256 2044 2347 2097 τὸν
2394 2044 2635 2114 Πατέρα.
2684 2042 2861 2096 Πάλαι
2920 2041 3017 2113 μὲν
3068 2038 3161 2095 οὖν
3202 2038 3470 2112 μεμίσητο
3515 2031 3668 2103 παρὰ
3725 2031 3836 2090 τοῖς

2256 2132 2574 2200 Αἰγυπτίοις
2592 2130 2700 2185 τῶν
2728 2130 2995 2186 Ἰουδαίων
3025 2132 3058 2202 ή
3081 2129 3236 2201 χώρα
3257 2147 3270 2161 ·
3300 2129 3394 2181 καὶ
3427 2125 3536 2195 γὰρ
3557 2118 3625 2194 ἦν
3662 2118 3833 2192 μαχὸ-

2260 2241 2421 2295 μενος
2454 2224 2637 2287 αὐτοῖς
2688 2223 2786 2293 τῆς
2816 2223 3111 2294 Θρησκείας
3151 2223 3180 2276 6
3229 2220 3451 2293 τρόπος.
3482 2217 3545 2270 Οἱ
3599 2214 3699 2285 μὲν
3726 2211 3834 2281 γὰρ

2257 2316 2627 2388 προσεκύνουν
2659 2319 2725 2388 τῇ
2764 2316 2962 2381 κτίσει,
3001 2315 3095 2370 καὶ
3137 2316 3251 2379 τοῖς
3301 2312 3482 2384 ἔργοις
3525 2307 3637 2363 τῶν
3688 2304 3833 2358 ἰδίων

2255 2409 2489 2479 χειρῶν·
2520 2410 2569 2462 οἰ
2613 2407 2671 2461 δὲ
2707 2405 3100 2477 λελατρεύκασι
3142 2405 3219 2476 τῷ
3257 2401 3507 2470 παναγίῳ
3551 2396 3692 2467 Θεῷ,
3738 2392 3831 2446 καὶ

574 2498 688 2566 τοῖς
742 2504 872 2575 παρ’
915 2505 1081 2558 αὐτοῦ
1126 2490 1486 2576 διοικούμενοι
1528 2505 1734 2577 νόμοις,
1806 2506 1907 2576 τῆς
1952 2501 2185 2572 εύαγοῦς
2245 2499 2519 2562 ’πολιτείας
2556 2499 2842 2567 γεγόνασιν
2885 2495 3233 2569 ἐπιμεληταί.
3286 2494 3352 2546 Ἦ
3381 2490 3557 2545 τοίνυν
3596 2500 3832 2558 μεμιση-

579 2596 713 2667 μένη
746 2598 899 2670 χώρα
941 2601 1092 2665 ποτὲ,
1127 2601 1396 2673 φόϐητρον
1427 2601 1614 2673 ὥσπερ
1645 2619 1698 2655 τι
1728 2601 1823 2655 καὶ¹
1866 2599 2152 2662 εὐλαϐείας
2217 2595 2403 2658 αὐτοῖς
2447 2593 2719 2657 ὑπόθεσις·
2749 2592 2923 2660 ἔσται,
2987 2591 3159 2645 διάτοι
3202 2589 3264 2643 τὸ
3308 2590 3366 2642 ὲν
3396 2586 3535 2656 αὐτῇ
3579 2580 3831 2652 γενέσθαι

572 2691 831 2762 Χριστὸν,
858 2691 934 2755 ὡς
965 2692 1122 2763 ἔφην,
1146 2694 1238 2747 τὸν
1262 2696 1326 2747 ὲκ
1364 2697 1588 2759 σκότους
1609 2696 1806 2759 αὐτοὺς
1835 2694 2139 2749 καλέσαντα
2179 2690 2317 2762 πρὸς
2338 2689 2398 2744 rb
2429 2689 2742 2761 θαυμαστὸν
2771 2689 2939 2744 αὐτοῦ
2974 2688 3108 2760 φῶς.

651 2780 811 2837 Vens.
847 2782 932 2838 i8.
971 2782 1176 2838 Dieilla
1213 2787 1438 2865 quinque
1467 2787 1699 2842 civitates
1739 2789 1793 2841 in
1820 2786 2147 2858 Egyptolo-

571 2882 798 2938 qncntnr
815 2873 996 2941 lingua
1015 2873 1338 2944 Chanamea,
1357 2888 1401 2929 et
1412 2877 1669 2947 jurabunt
1687 2880 1891 2933 nomine
1911 2877 2140 2932 Domini.

573 2964 765 3018 Cit-itas
800 2966 992 3021 Asedec
1018 2966 1286 3022 vocabitur
1310 2986 1417 3023 una
1443 2969 1648 3026 civitas.

638 3140 823 3197 Mirari
859 3145 983 3213 quis
1014 3144 1211 3215 poterit
1260 3148 1313 3201 in
1358 3146 1466 3211 his,
1500 3156 1555 3204 et
1590 3148 1743 3204 valde
1769 3149 1986 3218 quidem
2038 3163 2141 3203 me-

567 3235 697 3310 rito,
724 3244 969 3305 argutam
999 3243 1053 3290 et
1091 3238 1415 3307 exquisitam
1438 3239 1580 3294 beati
1631 3242 1910 3311 prophetze
1942 3250 2141 3295 tracta-

571 3331 794 3389 tionem,
827 3327 918 3394 qui
969 3327 1129 3397 293
1160 3341 1346 3383 eorum
1398 3343 1621 3399 prorsus
1666 3331 1798 3385 nihil
1853 3332 2136 3401 ignoravit,

569 3431 690 3483 quia:
739 3418 943 3487 regioni
974 3418 1345 3489 A‘ngptiornm
1390 3420 1654 3477 adventus
1688 3430 1931 3492 tempore
1958 3434 2141 3477 essent

571 3509 751 3561 futura
786 3508 914 3577 :qui
950 3517 1004 3563 et
1057 3509 1327 3578 sigillatim
1377 3512 1620 3581 praedicit
1653 3512 2024 3581 particularia,
2083 3522 2136 3567 et

569 3597 840 3661 quomodo
897 3582 1205 3668 evangelica
1261 3599 1573 3668 prtedicatio
1638 3610 1888 3671 suscepta
1952 3600 2135 3669 fuerit,

568 3690 714 3742 clare
753 3688 987 3743 disserit.
1029 3688 1359 3760 Loquentnr,
1399 3691 1596 3761 inquit,
1619 3693 1858 3764 quinque
1889 3694 2136 3748 civitates

566 3782 620 3835 in
656 3779 889 3851 Egypto
936 3781 1114 3851 lingua
1159 3781 1483 3849 Chananaaa,
1530 3783 1583 3838 id
1617 3792 1716 3851 est,
1757 3785 2016 3855 Syrorum
2055 3785 2137 3839 vel

564 3871 994 3926 l‘almstiuorum.
1023 3870 1136 3927 Una
1157 3872 1300 3928 enim
1325 3872 1502 3943 lingua
1533 3874 1828 3941 loquuntur
1848 3874 2136 3930 Phteniees

561 3972 616 4017 et
644 3961 933 4017 Palaestini.
973 3963 1112 4018 Sunt
1162 3975 1338 4019 autem
1378 3967 1698 4021 contermini
1734 3967 1944 4037 sibique
2005 3968 2136 4036 ipsis

564 4056 798 4126 contigui
838 4053 1107 4110 Palaestini
1162 4065 1216 4112 et
1270 4057 1531 4129 Egyptii,
1566 4073 1665 4113 nec
1708 4059 2001 4130 quidquam
2053 4056 2136 4114 est

563 4148 964 4216 intermedium,
988 4148 1079 4204 sed
1116 4149 1298 4203 statim
1323 4152 1374 4204 in
1403 4152 1660 4207 extremis
1688 4152 1884 4206 finibus
1915 4149 2131 4222 {Egypti

498 4264 505 4268 -
562 4253 681 4304 quze
707 4241 773 4291 ad
801 4239 1063 4293 orientem
1099 4249 1155 4294 et
1187 4241 1251 4295 ad
1295 4256 1442 4296 mare
1492 4250 1719 4311 spectat,
1753 4242 1998 4314 inquam,
2030 4241 2133 4296 Pa-

563 4327 781 4382 laestina:
823 4340 977 4385 terra:
1012 4331 1441 4400 primiintroitns
1479 4341 1533 4387 et
1558 4336 1711 4402 quasi
1740 4332 1924 4389 fauces
1963 4349 2130 4404 appa-

564 4427 701 4472 rent.
753 4417 994 4476 Conlinis
1051 4423 1213 4492 igitur
1273 4421 1525 4477 Chanaan
1559 4422 1824 4496 Egyptus
1853 4444 1866 4479 :
1895 4426 2122 4495 ideoque

2328 2781 2409 2850 Τῇ
2439 2782 2627 2851 ἡμέρᾳ
2659 2782 2859 2851 ἐκείνῃ
2897 2784 3139 2839 ἔσονται
3170 2780 3350 2834 πέντε
3394 2776 3604 2840 πόλεις
3628 2773 3701 2826 ἐν
3729 2772 3829 2825 Αι-

2248 2873 2453 2941 τύπτφ
2483 2872 2785 2927 λαλοῦσαι
2830 2873 2906 2943 τῇ
2931 2873 3181 2943 γλώσσῃ
3222 2869 3298 2939 τῇ
3325 2863 3689 2926 Χανανίτιδι,
3732 2859 3829 2914 καί

2250 2964 2583 3033 ὀμνύουσαι
2627 2964 2708 3031 τῷ
2762 2966 3007 3035 ὀνόματι
3055 2964 3296 3033 Κυρίου.
3351 2960 3538 3024 Πόλις
3591 2952 3828 3012 Ἀσεδὲκ

2247 3054 2619 3121 κληθήσεται
2647 3056 2685 3124 ἡ
2710 3056 2821 3125 μία
2852 3056 3048 3122 πόλις.

2312 3144 2805 3215 Καταθαυμάσειεν
2851 3144 2916 3198 ἄν
2955 3163 3041 3209 τις
3077 3145 3171 3200 καὶ
3216 3143 3421 3215 σφόδρα
3463 3139 3689 3202 εἰκότως
3730 3137 3827 3206 τῆς

2241 3233 2299 3286 έν
2337 3250 2402 3303 γε
2443 3233 2655 3298 τούτοις
2697 3234 3046 3305 ἰσχνομυθίας
3085 3233 3176 3287 τὸν
3214 3233 3483 3305 μακάριον
3517 3228 3824 3299 προφήτην,

2241 3326 2338 3378 καὶ
2365 3327 2670 3397 ήγνοηκότα
2720 3326 2822 3396 μὲν
2862 3326 3141 3389 παντελῶς
3185 3326 3336 3379 οὐδὲν
3374 3324 3485 3377 τῶν
3527 3320 3799 3391 ἐσομένων

2239 3416 2382 3471 κατὰ
2427 3418 2554 3481 τοὺς
2600 3418 2700 3486 τῆς
2758 3418 3051 3489 ἐπιδημίας
3099 3418 3324 3489 καιροὺς
3371 3418 3437 3487 τῇ
3496 3414 3599 3468 τῶν
3651 3413 3812 3476 Αἰγυ-

2239 3508 2411 3562 πτίων
2438 3507 2610 3581 χώρᾳ,
2666 3509 3161 3579 προαναφωνοῦντα
3201 3508 3259 3562 δὲ
3291 3508 3363 3561 τὰ
3407 3506 3531 3561 καθ’
3567 3505 3818 3564 ἕκαστον,

2237 3600 2360 3653 τίνα
2418 3599 2618 3671 τρόπον
2663 3601 2725 3654 rb
2765 3601 3117 3670 εὐαγγελικδν
3178 3598 3503 3672 παρεδείχθη
3562 3598 3822 3668 κήρυγμα

2237 3693 2623 3763 διαγορεύοντα
2664 3693 2871 3762 σαφῶς.
2922 3695 3175 3747 Ἔσονται
3206 3692 3406 3756 τοίνυν,
3457 3688 3611 3759 φησι,
3663 3686 3819 3739 πέντε

2237 3792 2422 3855 πόλεις
2456 3794 2512 3844 ἐν
2556 3790 2817 3861 Αἰγύπτῳ
2862 3787 3119 3842 λαλοῦσαι
3165 3787 3231 3856 τῇ
3272 3781 3494 3855 γλώσσῃ
3535 3782 3609 3851 τῇ
3643 3778 3821 3831 Χανα-

2236 3883 2413 3947 νίτιδι,
2445 3884 2589 3937 τοῦτ’
2616 3883 2731 3936 ἐστι
2773 3885 2840 3953 τῇ
2869 3880 3079 3952 Σύρων,
3123 3878 3242 3949 ἦτοι
3288 3877 3354 3946 τῇ
3390 3873 3533 3928 κατὰ
3573 3872 3672 3943 τὴν
3706 3871 3819 3923 Πα-

2237 3973 2539 4045 λαιστίνην.
2588 3975 2707 4045 Μιᾷ
2751 3973 2861 4044 γὰρ
2899 3970 3119 4026 λαλοῦσι
3166 3968 3383 4039 γλώσσῃ
3435 3965 3680 4025 Φοίνικες
3730 3960 3821 4013 καὶ

2237 4066 2604 4119 Παλαιστινοί.
2642 4064 3062 4135 Ἀγχιτέρμονες
3102 4061 3161 4115 δὲ
3204 4060 3364 4115 πάλιν
3410 4057 3668 4127 ἀλλήλοίς
3714 4053 3821 4106 εἰσὶ

2236 4155 2585 4210 Παλαιστινοί
2622 4173 2681 4208 τε
2726 4156 2821 4209 καὶ
2860 4153 3190 4223 Αἰγύπτιοι,
3242 4151 3336 4205 καὶ
3368 4150 3430 4202 rb
3484 4144 3818 4219 μεσολαϐοὖν

2236 4246 2407 4310 οὐδὲν,
2435 4247 2551 4299 ἀλλ’
2586 4248 2644 4298 ὲν
2672 4247 2785 4308 τοῖς
2809 4245 2909 4315 τῆς
2959 4242 3235 4312 Αἰγύπτου
3280 4240 3502 4310 πέρασι,
3537 4239 3652 4298 τοῖς
3682 4234 3817 4304 πρός

2234 4337 2299 4406 γέ
2342 4354 2483 4407 φημι
2521 4335 2618 4407 τήν
2674 4337 2784 4402 ἕω,
2825 4335 2920 4388 καὶ⁵
2959 4333 3238 4388 θάλασσαν
3287 4330 3386 4400 τῆς
3437 4324 3816 4380 Παλαιστινὼν

2234 4432 2357 4500 γῆς,
2389 4433 2444 4484 αἰ
2475 4428 2688 4501 πρῶται
2716 4428 2898 4483 λοιπὸν
2930 4427 3241 4496 ἀνίσχουσιν
3284 4419 3541 4475 εἰσϐολαί.
3573 4419 3818 4486 “Ope-po;

558 4509 805 4563 civitates
833 4510 936 4565 illm
964 4512 1017 4565 in
1051 4511 1284 4566 conﬁnio
1319 4510 1807 4582 Egyptimrimum
1845 4514 2120 4584 Evangelii

2253 4522 2404 4575 ὀίνυν
2429 4523 2494 4592 τῇ
2526 4520 2846 4574 Χαναναίων
2875 4521 2909 4591 ή
2942 4516 3276 4586 Αἰγυπτίων.
3313 4512 3499 4583 Ταύτῃ
3520 4526 3600 4563 τοι
3632 4509 3731 4562 καὶ
3759 4507 3817 4560 αἱ

560 4611 881 4670 receperunt
951 4602 1388 4672 praedicationem
1445 4620 1459 4655 :
1522 4601 1738 4685 luerunt
1794 4612 1975 4657 auth
2046 4605 2129 4659 ha:

2253 4614 2370 4685 τρδς
2395 4616 2507 4675 τοῖς
2533 4613 2731 4683 πέρασι
2759 4612 2858 4681 τῆς
2899 4610 3175 4678 Αἰγύπτου
3212 4606 3415 4669 πόλεις,
3457 4602 3674 4674 πρῶτον
3713 4617 3819 4652 πα-

556 4693 816 4760 quinque,
849 4707 1077 4762 quarum
1106 4693 1332 4761 primam
1370 4705 1488 4745 eam
1525 4706 1645 4759 qua:
1679 4706 1819 4745 nunc
1853 4689 2130 4747 Rhinoco-

2253 4706 2546 4776 >αδέχονται
2587 4705 2648 4757 rb
2694 4704 2956 4774 σωτήριον
2999 4703 3289 4773 κήρυγμα·
3321 4697 3483 4750 πέντε
3525 4694 3583 4746 δὲ
3616 4686 3815 4757 αὗται,

557 4794 864 4837 rnretarum
887 4790 989 4847 est,
1006 4781 1251 4835 dicimus.
1275 4778 1592 4848 Loquuntur
1606 4780 1748 4835 enim
1770 4781 1931 4834 etiam
1952 4780 2127 4852 lingua

2253 4792 2305 4849 ὒν
2344 4795 2407 4866 δὴ
2451 4794 2547 4847 καὶ
2598 4792 2821 4864 πρώτην
2871 4788 3011 4846 εἷναί
3048 4807 3226 4861 φαμεν
3270 4787 3367 4860 τὴν
3414 4786 3531 4838 νυνὶ
3574 4785 3819 4837 Ῥινοκοο

558 4874 878 4931 Chananaea.
912 4873 1023 4930 lllis
1067 4875 1211 4928 enim
1251 4873 1474 4927 urbibus
1505 4873 1681 4928 studio
1735 4882 1838 4939 est,
1869 4888 1975 4928 non
2018 4882 2130 4927 tan-

2253 4883 2528 4953 ›ουρητῶν.
2562 4881 2795 4936 Λαλοῦσι
2837 4881 2936 4951 μὲν
2971 4881 3066 4934 καὶ
3109 4882 3173 4950 τῇ
3219 4877 3437 4947 γλώσσῃ
3476 4873 3815 4929 Χανανίτιδι.

560 4978 672 5019 '"m
701 4979 879 5035 οβθνίὲ
907 4980 1157 5034 curaeque
1183 4964 1236 5017 Ῐ¹¹
1255 4962 1630 5034 ἘΒΥΡιῘοΓιιῐη
1664 4978 1934 5028 sermone,
1959 4978 2130 5033 (1⁸³³Π·
2242 4974 2636 5028 Ἑσπούδασται
2665 4972 2774 5043 γὰρ
2806 4974 2917 5034 τοῖς
2946 4973 3003 5023 ὲν
3031 4970 3257 5031 ταύταις
3278 4971 3397 5031 ταῖς
3423 4966 3663 5027 πόλεσιν,
3693 4962 3815 5030 οὐχὶ

558 5061 669 5105 tum
704 5052 755 5105 in
802 5051 1023 5123 Syriaca
1058 5053 1237 5121 lingua
1283 5067 1505 5120 ponere.
1543 5051 1770 5118 Quidam
1804 5053 1967 5106 etiam
2004 5068 2129 5105 nar-

2253 5066 2324 5135 ’ἧς
2347 5064 2663 5131 Αἰγυπτίων
2700 5062 2890 5132 φωνῆς
2933 5058 3339 5129 μεταποιεῖσθαι
3377 5054 3652 5119 τοσοῦτον,
3687 5054 3813 5105 ὅσον

559 5146 683 5190 rant
716 5137 769 5190 in
805 5139 917 5193 suis
956 5138 1174 5207 scriptis
1215 5136 1511 5206 Josephum
1567 5139 1768 5194 diserte
1794 5154 2125 5194 commemo-

2253 5159 2325 5226 πῆς
2356 5155 2563 5226 Σύρων,
2595 5154 2731 5205 Φασὶ
2767 5152 2824 5204 δέ
2849 5168 2996 5213 τινες
3037 5152 3093 5202 ὲν
3136 5148 3293 5212 ἰδίαις
3314 5148 3661 5215 συγγραφαῖς
3694 5144 3813 5195 δια·-

559 5242 680 5283 rarc
706 5229 993 5298 quemdam
1034 5230 1252 5283 nomine
1284 5227 1492 5282 leniam
1547 5230 1847 5286 ministerio
1882 5231 2124 5285 functum

2253 5244 2602 5318 ινημονεῦσαι
2635 5243 2821 5313 σαφῶς
2856 5242 2946 5295 τὸν
2980 5240 3262 5311 Ἰώσηπον,
3300 5242 3381 5293 ὅτι
3408 5238 3509 5306 τῆς
3537 5234 3811 5289 Ἰουδαίων

556 5319 701 5374 inter
729 5336 823 5377 eos
854 5320 943 5390 qui
968 5316 1231 5391 sanguine
1257 5318 1506 5375 Levitico
1539 5321 1752 5376 oriundi
1783 5329 1928 5388 sunt,
1957 5331 2011 5376 et
2039 5337 2125 5377 sa-

2253 5338 2600 5408 ιποφοιτήσας
2631 5336 2756 5404 γῆς,
2788 5333 2993 5395 Ἰωνίας
3020 5349 3102 5393 τις
3129 5330 3352 5400 ὀνόματι
3395 5327 3563 5381 τελῶν
3598 5328 3657 5378 ἐν
3695 5326 3808 5386 τοῖς

556 5412 799 5466 eerdotio
828 5427 892 5467 ex
924 5412 1039 5482 lege
1065 5423 1316 5469 ornatum
1346 5416 1527 5483 simul,
1562 5418 1654 5486 qui
1685 5429 1739 5471 ut
1763 5433 1827 5473 ex
1864 5427 2007 5473 terra
2040 5415 2129 5471 Ju-

2260 5429 2483 5500 ξαίμασι
2524 5428 2620 5481 τοῦ
2653 5424 2783 5480 Λευῖ
2827 5424 2920 5477 καὶ
2954 5426 3019 5493 τῇ
3054 5421 3194 5474 κατὰ
3230 5420 3390 5490 νόμον
3424 5417 3693 5489 ἱερωσύνῃ
3722 5432 3806 5467 τε-

544 5504 714 5559 ἰιοῖεα
743 5503 1292 5575 ἀοηιίιζτιιεεοι,ιουοᾶ
1353 5508 1682 5564 simultatem
1717 5526 1837 5563 cum
1896 5509 2124 5576 quodam

2253 5537 2358 5589 ῖιμη
2370 5519 2526 5589 μένος
2553 5559 2569 5583 ,
2607 5517 2681 5579 ώς
2725 5515 2956 5585 ὁμόρους
2992 5513 3099 5564 τῶν
3144 5510 3463 5564 Χαναναίων
3505 5508 3606 5570 τὰς
3643 5510 3805 5559 ’πέντε

558 5604 789 5663 t‘ngnalo
829 5609 927 5648 suo
972 5599 1324 5661 exercuisset,
1360 5599 1444 5651 vel
1500 5600 1642 5654 forte
1696 5600 2122 5668 persecutionem

2253 5610 2456 5662 ἀυτασὶ
2477 5606 2804 5660 κατελάϐετο
2842 5604 3045 5666 πόλεις,
3084 5603 3463 5671 φιλονεικήσας
3491 5599 3625 5669 πρός
3654 5613 3804 5659 τινας

562 5698 846 5751 perpessus
888 5683 1098 5749 fuisset,
1161 5689 1224 5739 ad
1271 5690 1509 5757 quinque
1540 5689 1635 5743 llas
1680 5690 1841 5743 urbes
1871 5677 2127 5743 finitimas

2253 5699 2333 5751 ’ὧν
2374 5698 2668 5766 ὁμογενῶν,
2706 5696 2737 5766 ἣ
2784 5696 2921 5765 τάχα
2968 5711 3071 5745 που
3122 5694 3215 5746 καὶ
3259 5690 3439 5755 δίωξιν
3480 5690 3800 5759 ὑπομείνας.

562 5776 815 5830 (inarmati
856 5775 1157 5845 pertigissc.
1203 5778 1318 5843 llic,
1351 5779 1541 5848 inquit,
1581 5781 1788 5835 infinita
1813 5790 1996 5836 coacta
2039 5781 2124 5837 lu-

2254 5789 2409 5859 )ῧτ)ς,
2450 5794 2621 5862 ςέητῖν,
2640 5791 2737 5843 οὐκ
2768 5788 3129 5859 εὐαρίθμητον
3155 5785 3422 5838 Ἰουδαίων
3446 5780 3654 5851 πληθὺν
3680 5796 3792 5831 τοι·
