4166 6296
560 359 667 417 U5
1543 363 1602 421 S.
1642 362 1916 418 CYRILLI
1953 361 2155 418 ALEXA

2257 358 2429 417 num
2466 314 2793 415 Αιιοιιιὲι).
3722 351 3829 407 ns

562 482 738 546 ipsum
781 477 1114 544 clamabunt,
1176 479 1265 547 qui
1311 493 1406 533 cor
1456 488 1611 535 sanat
1643 480 1961 535 contritum.
2018 479 2142 534 Erit

2257 492 2328 533 ιαι
2358 478 2447 533 διά
2476 476 2677 547 πολλὴν
2721 471 2978 555 ἀσέϐειαν
3018 469 3075 523 ὲν
3107 469 3424 541 ἀποστροφῇ
3454 465 3736 535 γεγονότες
3762 470 3831 539 τῇ

564 582 741 626 autem
773 586 876 625 non
916 571 1100 625 tardus
1137 570 1295 636 Deus,
1330 571 1425 626 sed
1476 572 1653 640 potius
1680 572 1745 624 ad
1777 573 2133 627 annuenulum

2257 570 2394 642 ιταρά
2421 569 2561 641 Θεῷ,
2588 567 2923 639 μαθήσονται
2947 562 3132 616 λοιπὸν
3156 560 3340 614 ούκέτι
3361 561 3467 622 τοῖς
3501 558 3834 630 βδελύγμασι

565 664 670 717 illis
707 671 950 730 paratus,
1000 660 1268 731 propitius
1318 669 1374 715 et
1417 661 1720 732 placabilis.
1748 664 1923 735 Causa
1974 664 2138 735 igitur

2257 662 2540 733 προσάγειν
2569 660 2666 723 τάς
2705 656 2932 720 ἱκεσίας,
2958 656 3055 719 τὰς
3087 654 3225 723 ὑπὲρ
3247 646 3323 707 ὧν
3342 652 3407 706 ἂν
3426 652 3631 706 ἕλοιντο
3662 653 3834 706 ποιεῖ-

563 754 799 807 alliciens
825 761 880 806 et
917 751 1218 808 concilians
1243 754 1425 807 omnia
1463 753 1603 807 bona
1622 755 1769 808 omni
1798 733 1998 808 homini
2032 764 2137 819 est,

2257 753 2371 807 σθαι
2421 753 2602 823 τυχὸν,
2664 749 2802 821 πρὸς
2839 747 3001 802 αὐτὸν
3027 745 3084 799 δὲ
3109 744 3307 815 μᾶλλον
3356 743 3715 815 κεκράξονται
3741 744 3836 797 τὸν

567 853 759 896 natura
796 857 863 896 ae
913 857 1041 897 vere
1099 842 1263 898 Deum
1313 843 1681 898 universitatis
1739 843 2052 901 Creatorem
2083 855 2140 902 et

2257 846 2476 915 ἰώμενον
2503 845 2630 907 τοὺς
2671 837 3165 910 συντετριμμένους
3215 836 3315 908 τὴν
3358 837 3624 909 καρδίαν..
3641 837 3836 891 Ἔσται

569 933 850 987 Dominum
881 949 1195 1003 agnoscere.

2257 936 2305 989 δὲ
2334 937 2518 998 αὐτοῖς
2567 934 2628 986 οὐ
2677 932 2897 1004 βραδὺς,
2954 931 3172 1000 ἕτοιμος
3217 928 3275 982 δὲ
3306 927 3507 998 μᾶλλον
3533 928 3614 990 είς
3639 927 3700 979 τὸ
3733 944 3837 981 κα·-

563 1028 821 1083 τανεῦσαι
848 1029 999 1096 Θεὸς,
1027 1030 1187 1095 ἵλεώς
1223 1049 1285 1085 τε
1314 1034 1409 1086 καὶ
1441 1034 1698 1105 εὐμενής,
1731 1033 1996 1105 Πρόξενον
2038 1026 2131 1087 οὖν
2171 1031 2282 1103 ἀρα
2341 1029 2544 1094 παντὸς
2582 1027 2809 1099 (ἀγαθοῦ
2879 1025 3078 1094 γένοιτ’
3107 1024 3174 1078 ἂν
3227 1021 3501 1094 ἀνθρώπῳ
3559 1022 3743 1078 παντὶ.
3774 1020 3837 1074 τὸ

565 1126 763 1179 εἰδέναι
786 1125 877 1179 τὸν
911 1125 1070 1195 φύσει
1098 1144 1161 1181 τε
1218 1128 1313 1181 καὶ
1340 1129 1559 1200 ἀληθῶς
1582 1130 1713 1183 ὅντα
1748 1129 1901 1192 Θεὸν,
1945 1129 2037 1183 καὶ
2063 1128 2154 1181 τὸν
2185 1127 2293 1179 τῶν
2314 1126 2456 1180 ὅλων
2488 1126 2528 1178 Γ
2531 1121 2876 1193 ενεσιουργὸν
2907 1121 3002 1174 καὶ
3040 1119 3264 1189 Κύριον.

635 1219 800 1276 Vens.
850 1222 941 1276 25.
976 1222 1070 1276 Die
1098 1223 1192 1276 illa
1209 1225 1308 1278 erit
1342 1225 1422 1277 via
1460 1223 1730 1294 ngyptiis
1774 1226 1842 1277 ad
1875 1225 2144 1294 Assyrios,

567 1319 615 1364 et
634 1312 905 1365 intrabunt
930 1313 1131 1383 Assyrii
1182 1317 1234 1366 in
1258 1313 1568 1383 .Egyprum,
1612 1326 1659 1369 et
1693 1315 1935 1385 ﬂgyptii
1958 1317 2143 1369 vadem

569 1402 640 1456 ad
671 1405 935 1474 Assyrios,
966 1414 1016 1459 et
1033 1406 1257 1459 servient
1284 1405 1524 1476 (Egyplii
1553 1408 1806 1477 Assyriis.

653 1661 851 1718 Beatus

914 1662 1114 1720 Paulus
1161 1664 1230 1720 de
1286 1666 1526 1721 omnium
1573 1675 1813 1721 nostrum
1860 1666 2159 1722 Servatore

2329 1220 2409 1289 Τῇ
2441 1219 2634 1288 ἡμέρᾳ
2669 1218 2872 1284 ἐκείνῃ
2915 1217 3086 1269 ἔσται
3133 1212 3274 1279 ὁδὸς
3312 1213 3660 1280 Αἰγυπτίοις
3688 1209 3840 1278 πρὸς

2265 1309 2649 1378 Ἀσσυρίους.
2701 1306 2812 1362 Καὶ
2875 1305 3332 1360 εἰσελεύσονται
3402 1303 3697 1371 Ἀσσύριοι
3751 1303 3838 1369 εις

2248 1403 2575 1472 Αἴγυπτον,
2607 1400 2706 1454 καί
2736 1398 3047 1467 Αίγύπτιοι
3092 1395 3493 1464 πορεύσονται
3528 1392 3679 1462 πρὸς
3714 1393 3840 1446 Ἀσο

2247 1493 2530 1560 συρίους,
2576 1489 2679 1544 καί
2730 1481 3182 1543 δουλεῦσουσιν
3230 1487 3285 1538 οι
3355 1483 3668 1553 Αἰγύπτιοι
3715 1479 3839 1546 τοῖς

2261 1582 2618 1649 Ἀσσυρίοις.

2333 1672 2390 1725 ’0
2448 1671 2715 1743 μακάριος
2757 1667 2960 1740 γράφει
3014 1663 3230 1728 Παῦλος
3285 1662 3415 1730 περὶ
3462 1660 3557 1714 τοῦ
3618 1660 3837 1715 πάντων

570 1751 791 1807 Christo
820 1753 1010 1809 scribit
1035 1756 1177 1823 quod
1205 1755 1317 1822 ipse
1338 1755 1406 1807 sit
1439 1769 1540 1823 pax
1569 1766 1750 1810 nostra
1770 1756 1837 1808 ⁸⁷.
1869 1755 1990 1810 Non
2007 1756 2153 1811 enim

2257 1763 2412 1834 ἡμῶν
2432 1763 2687 1834 Σωτῆρος
2734 1756 2995 1832 Χριστοῦ,
3044 1757 3126 1810 ὅτι
3173 1754 3337 1818 αὐτός
3388 1753 3535 1805 ἐστιν
3568 1753 3602 1823 ἡ
3645 1752 3838 1822 εἰρήνη

573 1842 733 1898 modo
762 1845 1133 1911 superioribus
1163 1845 1515 1912 administris,
1541 1856 1595 1900 et
1622 1847 1828 1902 sanctis
1872 1848 2155 1915 spiritibus

574 1943 733 1988 terra:
762 1934 970 1991 incolas
995 1936 1299 2006 conjunxit,
1357 1939 1454 1993 sed
1511 1948 1701 2008 gentes
1728 1954 1852 1994 cum
1902 1940 2155 2011 gentibus

571 2027 825 2096 congredi
858 2042 925 2081 ae
970 2028 1254 2085 celebrare
1302 2037 1477 2085 catus
1511 2030 1652 2085 inter
1690 2045 1752 2085 se
1773 2029 2029 2087 instituit.
2051 2032 2156 2086 An-

572 2125 789 2185 tequam
811 2118 957 2173 enim
979 2120 1079 2176 hoc
1100 2121 1485 2177 commercium
1511 2121 1739 2177 aliorum
1765 2137 1888 2179 cum
1913 2124 2035 2179 aliis
2055 2138 2154 2179 ve-

573 2206 734 2269 niret,
782 2217 1043 2276 separata:
1103 2217 1260 2263 erant
1296 2210 1591 2279 provincias
1625 2217 1682 2265 et
1730 2211 1914 2277 urbes,
1943 2212 2152 2268 crebra

571 2296 865 2353 seditiones
889 2313 953 2354 ac
987 2299 1344 2365 turbationes,
1378 2299 1644 2355 bellorum
1679 2301 1882 2369 passim
1914 2301 2150 2371 impres-

571 2389 774 2455 siones,
830 2398 888 2446 et
942 2391 1276 2448 vincentium
1336 2400 1522 2448 contra
1610 2391 1784 2448 victos
1841 2392 2035 2462 palmas
2085 2408 2153 2451 ac

570 2482 813 2550 praemia,
864 2493 918 2537 et
961 2482 1221 2540 effrenata
1254 2485 1336 2540 vis
1364 2484 1812 2551 dominabantur,
1839 2492 1895 2540 et
1928 2485 2151 2556 quosvis

572 2572 986 2644 quibuscunque
1071 2575 1241 2646 29s
1297 2578 1472 2634 modis
1550 2579 1883 2650 opprimere,
1966 2575 2151 2633 nobile

570 2664 828 2731 quiddam
865 2673 920 2719 et
943 2679 1077 2720 sane
1127 2681 1289 2735 quam
1319 2668 1639 2724 admirabile
1683 2668 2005 2724 ducebatur.
2041 2666 2154 2723 Ca3-

574 2763 748 2809 terum
794 2756 958 2809 etiam
1012 2756 1100 2811 hic
1144 2756 1303 2812 nobis
1342 2772 1444 2829 pax
1509 2758 1759 2816 Christus
1823 2758 2000 2815 iactus
2042 2766 2147 2814 est.

573 2844 868 2915 Postquam
890 2847 1035 2899 enim
1063 2847 1391 2916 evangelicis
1420 2850 1694 2907 vaticiniis
1729 2851 1917 2906 orbem
1974 2859 2149 2905 terra-

576 2951 694 2992 rum
745 2924 1096 3004 collustrans’,
1143 2954 1336 3006 omnes
1380 2942 1526 2997 viam
1575 2942 1793 3012 pietatis
1851 2940 2147 3009 docuisset,

571 3038 626 3083 et
682 3040 740 3084 ut
796 3031 1117 3086 charitatem
1165 3046 1295 3102 erga
1337 3033 1504 3088 Deum
1582 3044 1640 3089 et
1677 3048 1806 3104 erga
1856 3048 1916 3088 se
1961 3042 2149 3088 mutuo

569 3122 1024 3191 amplecterentur
1049 3163 1065 3187 ,
1100 3124 1189 3178 illa
1242 3125 1469 3195 antiqua
1506 3125 1907 3191 obsoleverunt,
1961 3134 2146 3180 vetera
2174 3113 2218 3174 C

572 3224 938 3279 recesserunt,
985 3225 1041 3268 et
1092 3230 1229 3271 nova
1277 3215 1418 3272 facta
1471 3225 1615 3278 sunt.
1671 3217 1828 3272 sicuti
1885 3216 2146 3287 scriptum

570 3310 694 3368 est;
743 3305 976 3358 obtinuit
1026 3307 1171 3360 enim
1231 3322 1335 3376 pax
1423 3309 1625 3377 ubique
1687 3308 1954 3378 gentium.
2032 3305 2150 3362 Hoc

572 3394 737 3448 etiam
768 3404 869 3460 est,
891 3397 1102 3459 opinor,
1129 3398 1271 3466 quod
1300 3406 1358 3454 et
1390 3399 1515 3454 alibi
1538 3398 1671 3453 dicit
1697 3398 1957 3466 propinata
1980 3398 2150 3454 Isaias

574 3482 643 3535 de
666 3482 912 3538 omnibus
927 3485 1176 3553 gentibus
1203 3509 1217 3542 :
1245 3505 1266 3539 ι
1298 3488 1366 3542 Ει
1392 3489 1678 3543 concident
1702 3489 1908 3559 gladios
1932 3503 2062 3544 suos
2095 3489 2148 3543 in

577 3583 796 3636 aratra,
847 3586 902 3629 et
961 3574 1179 3631 lanceas
1228 3592 1355 3633 suas
1417 3578 1470 3631 in
1524 3578 1706 3642 falces,
1738 3587 1794 3633 et
1836 3594 1941 3634 non
2003 3578 2153 3635 tollet

574 3675 709 3732 gens
753 3663 806 3719 in
862 3675 1072 3736 gentem
1105 3668 1360 3740 gladium,
1412 3675 1467 3723 et
1518 3683 1624 3722 nou
1677 3668 1888 3725 discent
1923 3670 2152 3739 amplius

573 3753 776 3810 bellare
811 3754 877 3812 ⁸⁸.
907 3756 1094 3823 s_Nam
1131 3772 1255 3813 cum
1286 3758 1377 3812 uni
1429 3758 1559 3828 jugo
1633 3768 1890 3829 parerent
1936 3774 2149 3824 omnes.

575 3846 927 3914 spirituaiiter
977 3850 1191 3919 quidem
1262 3850 1376 3916 Dei,
1420 3852 1776 3921 corporaliter
1806 3864 1985 3908 autem
2044 3853 2154 3909 R05

576 3954 860 3997 manorum
893 3962 905 3996 :
938 3945 1181 3999 sedatam
1220 3952 1276 3999 et
1299 3944 1626 3999 iuturbidam
1645 3953 1701 3999 et
1725 3946 1846 4000 belli
1872 3957 2151 4015 expertem

575 4033 740 4087 vitam
788 4035 994 4098 vivunt,
1047 4045 1125 4102 ut,
1158 4037 1303 4091 omni
1350 4035 1560 4092 liberati
1617 4047 1785 4102 metu,
1832 4039 1993 4093 etiam
2023 4039 2151 4095 olim

574 4122 954 4191 inimicissimi,
982 4126 1071 4181 alii
1101 4143 1223 4183 cum
1263 4129 1389 4183 aliis
1435 4129 1740 4183 animorum
1776 4131 2154 4200 conjunctione

573 4215 935 4269 consentiant.
991 4214 1262 4287 Egyptiis
1318 4218 1486 4281 enim,
1528 4218 1725 4288 inquit,
1792 4219 1879 4274 via
1933 4222 2036 4276 erit
2085 4223 2154 4277 ad

573 4303 847 4374 Assyrios,
877 4317 933 4361 et
958 4309 1197 4380 Assyriis
1244 4310 1311 4364 ad
1360 4310 1667 4382 Egyptios,
1702 4323 1759 4367 et
1808 4313 1963 4368 ibunt
1987 4311 2157 4385 lEgyo

574 4392 675 4464 ptii
720 4394 786 4449 ad
816 4395 1085 4467 Assyrios,
1114 4408 1167 4454 et
1205 4402 1443 4455 servient
1486 4402 1723 4474 mgyptii
1751 4403 2012 4475 Assyriis,
2047 4420 2152 4458 non

577 4493 638 4539 ut
673 4483 777 4539 illis
803 4484 990 4554 iugum
1048 4492 1328 4546 servitutis
1383 4469 1660 4559 iujiciau't',
1716 4494 1811 4548 sed
1858 4469 1918 4548 ut
1952 4469 2159 4550 amoris
2191 4469 2232 4524 D

576 4572 792 4630 vinculo
846 4585 1035 4647 captos
1074 4590 1132 4633 et
1164 4582 1587 4648 comprehensos
1643 4592 1881 4645 teneant,
1928 4594 1986 4640 et
2029 4600 2158 4641 sua-

574 4663 827 4721 vissimas
856 4667 1145 4721 societates
1175 4677 1384 4723 coeant.
1418 4669 1671 4740 Assyrios
1704 4673 1947 4729 neaninat
1976 4676 2157 4732 orien-

576 4754 738 4810 talem
776 4759 1048 4826 regionem
1078 4758 1398 4814 incolentes.

648 4933 813 4988 Ἶσις.
845 4933 936 5000 24,
986 4936 1077 4991 ἳΐ.
1115 4935 1209 4992 Die
1256 4937 1353 4991 illa
1395 4939 1496 4992 erit
1553 4940 1725 4996 Israel
1765 4943 1952 4998 tertius
2023 4947 2150 5003 inter

575 5023 823 5091 Assyrios
853 5034 902 5078 et
935 5024 1217 5096 .Egyptios
1249 5030 1548 5084 benedictus
1581 5032 1638 5085 in
1667 5042 1806 5087 terra
1863 5039 1947 5090 cui
1997 5039 2153 5094 bene-

575 5117 711 5169 Jixit
754 5114 1011 5170 Dominus
1054 5116 1314 5183 Sabaoth,
1340 5120 1517 5176 dicens
1541 5138 1560 5176 :
1585 5122 1900 5182 Benedictus
1928 5130 2152 5198 populus

574 5222 718 5260 metu
739 5209 829 5276 qui
857 5208 913 5261 in
938 5207 1194 5280 Egypto,
1241 5220 1288 5264 et
1315 5212 1403 5281 qui
1438 5213 1494 5266 in
1517 5215 1769 5285 Assyriis,
1797 5229 1844 5272 et
1872 5220 2150 5277 Izwreditas

575 5313 690 5351 mea
719 5296 913 5353 Israel.

648 5389 851 5444 Dicitur
872 5390 1037 5447 Israel
1076 5394 1464 5466 primogenitus
1501 5399 1641 5454 inter
1688 5401 1845 5457 ﬁlios.
1886 5404 2018 5459 Cum
2050 5420 2148 5459 au-

575 5488 680 5535 tem
726 5483 780 5537 in
814 5482 1090 5539 Christum
1125 5488 1613 5557 debacchareutur,
1644 5496 1898 5565 gentibus
1944 5497 2150 5553 subditi

576 5578 722 5640 sunt,
756 5582 815 5630 et
842 5575 1135 5629 secundam
1166 5578 1314 5634 velut
1368 5581 1603 5640 classem
1638 5587 1815 5643 sortiti
1860 5597 2006 5644 sunt.
2055 5589 2153 5645 lla-

647 5747 692 5782 "
729 5752 928 5823 Ephcs.
957 5776 1019 5825 ιι,
1069 5761 1148 5816 li.
1227 5771 1269 5802 ⁸⁸
1300 5769 1401 5828 lsa.
1441 5783 1499 5833 Il.
1529 5761 1582 5816 ‘-

2255 1852 2434 1925 ἡμῶν.
2469 1853 2546 1906 Οὐ
2593 1853 2705 1924 γὰρ
2733 1852 2892 1921 μόνον
2920 1851 3034 1912 τοῖς
3066 1847 3180 1902 ἀνω
3229 1845 3502 1916 πνεύμασι
3536 1842 3841 1914 λειτουργι-

2254 1949 2372 2011 κοῖς
2404 1947 2499 2001 καὶ
2524 1946 2699 2015 ἀγίοις
2725 1944 2929 2015 συνῆψε
2958 1944 3087 2006 τοὺς
3135 1941 3227 1995 ἐπὶ
3254 1941 3354 2012 τῆς
3396 1938 3524 2010 γῆς,
3563 1938 3700 1992 ἀλλά
3731 1937 3841 2009 γάρ

2256 2037 2467 2093 ἔθνεσιν
2492 2037 2621 2108 ἔθνη
2675 2035 2953 2107 συμϐῆναι
3004 2032 3441 2104 παρεσκεύασεν.
3469 2030 3585 2103 Πρὸ
3607 2029 3710 2101 μὲν
3733 2029 3840 2101 γὰρ

2252 2132 2352 2203 τῆς
2370 2130 2663 2202 ἐπιδημίας
2699 2129 2799 2200 τῆς
2815 2129 2893 2191 είς
2912 2125 3116 2195 ἄλληλα
3131 2122 3431 2192 ἐπιμιξίας,
3448 2118 3841 2190 ἀπενοσφίζετο

2252 2222 2407 2295 χώρα
2435 2240 2496 2277 τε
2535 2221 2631 2276 καὶ
2670 2220 2847 2284 πόλις,
2898 2215 3088 2286 συχναί
3144 2231 3200 2268 τε
3246 2210 3389 2285 ἦσαν
3446 2212 3840 2280 ὲξαναπάσεις

2254 2315 2349 2368 καὶ
2375 2313 2631 2384 πολέμων
2688 2310 2869 2380 ἔφοδοι
2920 2304 3199 2377 πανταχοῦ
3241 2306 3337 2360 καὶ
3385 2304 3494 2359 τῶν
3546 2304 3842 2374 ἰσχυόντων

2253 2400 2393 2460 ἆθλα
2412 2404 2483 2459 τά
2501 2403 2610 2457 τῶν
2624 2399 2977 2474 ἡττωμένων,
2997 2398 3089 2452 καὶ
3103 2395 3455 2467 ἀνουθέτητος
3475 2397 3509 2467 ἡ
3534 2394 3840 2461 πλεονεξία,

2252 2496 2428 2551 καὶτὸ
2446 2496 2655 2550 ἀδικεῖν
2678 2493 2773 2558 οὓς
2803 2492 2870 2548 ἂν
2900 2490 3114 2545 δύναιτό
3162 2505 3267 2553 τις,
3304 2488 3557 2551 εὐκλείας
3580 2483 3726 2541 εἷναί
3755 2505 3841 2551 τι,

2254 2588 2350 2643 κιιῖ⁹
2389 2586 2500 2642 τῶν
2539 2587 2621 2641 ὅτι
2669 2584 2906 2657 μάλιστα
2959 2579 3291 2652 θαυμαστῶν
3331 2577 3631 2649 ἐνομίζετο.
3678 2577 3839 2633 Ἀλλά

2252 2676 2477 2746 γέγονεν
2524 2677 2658 2745 ἡμῖν
2720 2673 2949 2745 εἰρήνη,
3016 2670 3114 2724 καὶ
3164 2668 3308 2721 κατά
3358 2667 3517 2720 τοῦτο
3579 2666 3841 2736 Χριστός.

2264 2765 2485 2837 Ἐπειδὴ
2521 2765 2637 2837 γάρι
2666 2766 2782 2827 τοῖς
2846 2760 3220 2831 εύαγγελικοῖς
3279 2757 3647 2828 θεσπίσμασιν
3689 2776 3843 2829 περι·
3911 2839 3915 2843 .

2251 2858 2584 2929 ἀστράπτων
2596 2857 2665 2927 τῇ
2694 2854 2784 2908 ὑπ’
2805 2851 3055 2925 οὐρανὸν,
3089 2847 3326 2913 ἐδίδαξεν
3361 2848 3607 2910 ἅπαντας
3636 2850 3734 2920 τῆς
3757 2849 3845 2902 εύ-

2251 2948 2468 3013 σεόείας
2513 2947 2612 3019 τὴν
2662 2945 2800 3011 ὁδὸν,
2838 2944 2935 2999 καὶ
2978 2942 3090 3013 τῆς
3141 2943 3221 3006 εἰς
3254 2940 3386 2995 Θεὸν
3441 2941 3537 2993 καὶ
3583 2939 3844 3011 ἀλλήλους

2254 3040 2478 3111 ἀγάπης
2525 3035 2872 3108 ἀντέχεσθαι,
2940 3034 3221 3088 πέπαυται
3285 3032 3384 3103 μὲν
3425 3032 3607 3086 ἐκεῖνα
3657 3033 3843 3099 πάλαι,

2255 3130 2556 3202 παρῴχηκε
2582 3128 2640 3182 δὲ
2674 3127 2743 3181 τά
2762 3128 2999 3198 ἀρχαῖα,¹
3018 3125 3113 3179 καὶ
3155 3124 3348 3193 γέγονε
3376 3122 3562 3186 καινὰ,
3588 3125 3732 3176 καθά
3761 3125 3843 3189 γέ-

2256 3239 2522 3293 γραπται.
2548 3219 2879 3292 Κεκράτηκε
2922 3217 3033 3289 γὰρ
3066 3218 3101 3288 ἡ
3152 3217 3343 3286 εἰρήνη
3402 3214 3700 3286 πανταχοῦ.
3737 3216 3849 3270 Καὶ

2254 3312 2434 3375 τοῦτο,
2461 3306 2637 3382 οἶμαι,
2660 3309 2827 3374 ἐστὶν,
2852 3308 2880 3362 ὃ
2897 3309 2992 3362 καὶ
3019 3306 3247 3379 ἑτέρωθί
3267 3308 3369 3361 πού
3396 3325 3558 3378 φησιν
3578 3311 3606 3362 ό
3635 3309 3840 3379 προφή-

2256 3422 2358 3477 της
2395 3404 2621 3468 Ἡσαΐας
2661 3401 2787 3473 περὶ
2815 3402 3032 3455 πάντων
3064 3398 3172 3453 τῶν
3195 3399 3384 3453 ἐθνῶν·
3433 3419 3453 3452 ι
3491 3400 3603 3453 Καὶ
3649 3397 3837 3470 συγκό-

2255 3497 2418 3568 ψουσι
2440 3496 2541 3559 τὰς
2575 3494 2849 3566 μαχαίρας
2877 3491 3056 3547 αὐτῶν
3088 3493 3168 3555 εἰς
3215 3492 3439 3562 ἄροτρα,
3482 3491 3575 3544 καὶ
3614 3489 3710 3552 τὰς
3739 3487 3835 3559 ζη-

2260 3587 2430 3653 6ύνας
2452 3586 2633 3642 αὐτῶν
2665 3587 2746 3650 είς
2777 3585 3042 3656 δρέπανα,
3076 3582 3170 3637 καὶ
3203 3583 3265 3636 οὐ
3304 3583 3377 3653 μὴ
3414 3580 3519 3651 ἄρῃ
3564 3579 3715 3643 ἔθνος
3746 3578 3838 3632 ἐπὶ

2264 3681 2415 3745 ἔθνος
2458 3680 2758 3751 μάχαιραν,
2787 3677 2882 3731 καὶ
2907 3677 2968 3729 οὐ
3014 3674 3089 3745 μὴ
3126 3673 3371 3744 μάθωσιν
3400 3672 3477 3725 ἔτι
3511 3671 3786 3742 πολεμεῖν.
3820 3690 3839 3721 ι

2259 3771 2546 3841 Γεγονότες
2576 3770 2686 3841 γὰρ
2714 3769 2953 3832 ἅπαντες
2979 3764 3092 3819 ιύπὸ
3126 3765 3291 3832 ζυγὸν
3321 3765 3438 3825 ἕνα,
3464 3761 3845 3833 πνευματικῶς

2263 3866 2363 3937 μὲν
2387 3864 2480 3919 τὸν
2509 3862 2613 3918 ὑπὸ
2631 3858 2772 3931 Θεῷ,
2810 3855 3138 3928 σωματικῶς
3163 3855 3218 3907 δὲ
3246 3854 3338 3907 τὸν
3373 3854 3478 3907 ὑπὸ
3519 3854 3810 3923 Ῥωμαίοις
3829 3894 3844 3917 ,

2259 3956 2353 4011 τὸν
2382 3956 2651 4027 ἠρεμαῖον
2679 3951 2777 4006 καὶ
2804 3950 3132 4020 ἀσύγχυτον,
3158 3946 3253 4001 καὶ
3285 3945 3523 4015 πολέμου
3575 3945 3699 4014 δίχα
3737 3944 3849 3996 δια-

2262 4046 2399 4113 ζῶσι
2431 4047 2565 4117 βίον,
2595 4044 2736 4099 ὥστε
2784 4042 2985 4106 παντὸς
3039 4038 3379 4113 ἐξῃρημένου
3422 4038 3699 4109 δείματος,
3758 4038 3849 4090 καὶ

2261 4141 2387 4203 τοὺς
2434 4138 2603 4193 πάλαι
2652 4133 3096 4206 πολεμιωτάτους
3156 4130 3408 4202 ἀλλήλοις
3475 4129 3847 4199 συμφέρεσθαι

2262 4232 2399 4303 πρὸς
2423 4228 2748 4301 ὁμοψυχίαν.
2788 4223 3075 4295 Αἰγύπτιοι
3106 4222 3236 4296 γὰρ,
3273 4223 3462 4292 φησὶν,
3506 4222 3625 4274 ὁδὸν
3666 4220 3847 4286 ἕξουσι

2261 4322 2399 4392 πρὸς
2461 4318 2802 4390 Ἀσσυρίους,
2852 4316 2944 4371 καὶ
2986 4315 3261 4385 Ἀσσύριοι
3306 4313 3445 4383 πρὸς
3496 4312 3845 4380 Αἰγυπτίους.

2272 4413 2382 4467 Καὶ
2443 4411 2796 4484 πορεύσονται
2846 4407 3132 4477 Αἰγύπτιοι
3188 4406 3324 4477 πρὸς
3376 4404 3714 4475 Ἀσσυρίους,
3753 4403 3848 4457 καὶ

2259 4503 2635 4557 δουλεύσουσιν
2666 4499 3023 4568 οἱΔίγύπτιοι
3059 4500 3169 4560 τοῖς
3229 4496 3556 4567 Ἀσσυρίοις,
3590 4495 3652 4547 οὐ
3685 4494 3848 4562 ζυγὸν

2260 4592 2504 4655 δουλείας
2553 4589 3023 4662 ὲπιρῤιπτούντων
3082 4586 3330 4650 ἐκείνων,
3388 4585 3528 4640 ἀλλά
3575 4585 3703 4648 τοὺς
3746 4587 3844 4655 τῆς

2260 4684 2481 4755 ἀγάπης
2500 4683 2734 4753 δεσμοὺς
2763 4679 3189 4751 ἐνειλημμένους
3209 4676 3455 4749 ἔχοντας,
3479 4677 3574 4730 καὶ
3593 4676 3708 4746 ήδεί
3716 4693 3844 4738 στας

2258 4774 2617 4845 ποιουμένους
2638 4772 2740 4837 τὰς
2754 4771 3083 4843 ἐπιμιξείας.
3102 4767 3424 4838 ’Δσσυρίους
3441 4783 3506 4836 γε
3527 4766 3631 4838 μὴν
3651 4767 3843 4837 ὀνομάο

2259 4865 2340 4929 ζει
2365 4866 2490 4929 τοὺς
2510 4864 2608 4933 τὴν
2636 4865 2711 4918 ἕω
2741 4864 3026 4926 οἰκοῦντας
3050 4860 3261 4934 χώραν.

2330 4953 2408 5021 Τῇ
2446 4952 2635 5022 ἡμέρᾳ
2652 4952 2855 5019 ἐκείνῃ
2884 4950 3056 5004 ἔσται
3117 4949 3366 5020 Ἰσραὴλ
3391 4949 3590 5017 τρίτος
3621 4949 3695 5002 ἐν
3722 4947 3847 5013 τοῖς

2265 5045 2601 5111 Ἀσσυρίοις
2634 5042 2734 5096 καὶ
2778 5042 2847 5095 ὲν
2876 5040 3001 5107 τοῖς
3045 5042 3397 5109 Αἰγυπτίοις
3432 5039 3847 5108 εὐλογημένος

2250 5139 2320 5192 ἐν
2358 5136 2430 5205 τῇ
2452 5135 2551 5206 γῆ,
2581 5130 2620 5207 ᾖ
2649 5135 2989 5205 εὐλόγησεν
3033 5135 3066 5186 ό
3093 5134 3310 5201 Κύριος
3342 5129 3585 5187 Σαϐαὼθ
3607 5132 3806 5201 λέγων
3826 5142 3840 5157 ·

2250 5228 2671 5298 Εὐλογημένος
2695 5228 2728 5280 ό
2760 5225 2911 5291 λαός
2934 5242 3054 5294 μου
3092 5226 3125 5278 ὁ
3147 5225 3218 5277 ἐν
3250 5223 3545 5292 Αἰγύπτῳ,
3574 5221 3675 5275 καί
3712 5222 3847 5274 Ἀσ-

2257 5318 2513 5385 συρίοις,
2553 5315 2652 5369 καί
2684 5315 2720 5383 ἡ
2754 5313 3120 5382 κληρονομία
3136 5329 3255 5381 μου
3289 5309 3556 5377 Ἰσραήλ.

2341 5410 2665 5479 Ὠνόμασται
2701 5409 2796 5479 μὲν
2830 5409 2858 5460 ό
2890 5406 3105 5478 Ἰσραὴλ
3139 5403 3481 5475 πρωτότοκος
3517 5403 3576 5454 ἐν
3611 5401 3842 5465 τέκνοις.

2273 5500 2490 5572 Ἐπειδὴ
2510 5499 2567 5552 δὲ
2587 5497 2990 5569 πεπιρῴνηκεν
3026 5497 3105 5559 εἰς
3122 5492 3378 5564 Χριστὸν,
3411 5492 3643 5546 κατόπιν
3672 5490 3845 5545 τέθει-

2260 5608 2349 5644 ται
2382 5590 2489 5644 τῶν
2512 5589 2699 5655 ἐθνῶν,
2736 5588 2829 5642 καὶ
2860 5586 3120 5657 δευτέραν
3165 5584 3355 5655 ὥσπερ
3388 5582 3846 5655 μετεκληρώσατο
