4158 6302
371 322 474 379 677

1474 326 1541 381 ΙΝ
1583 326 1812 382 ΙΞᾹΙΑΜ
1854 327 1980 384 LlB.
2023 326 2086 381 ll.
2118 324 2357 385 TOMUS
2396 327 2482 385 IV.

3542 338 3644 395 ΠΒ

370 441 545 507 τάξιν.
587 441 895 513 Τετήρηται
928 439 1036 513 γὰρ
1073 443 1165 496 καὶ
1228 443 1376 515 αύτῷ
1419 444 1517 515 τῆς
1558 447 1896 518 ἐπιστροφῆς
1929 452 1940 500 t'

2060 447 2185 504 bent
2213 448 2357 504 enim
2390 457 2445 501 et
2497 446 2569 501 illi
2614 445 2944 501 destinatum
2991 445 3093 501 sibi
3142 456 3347 517 tempus
3374 462 3484 504 sum
3515 466 3630 507 com

374 531 587 602 καιρός.
613 531 925 602 Γέγραπται
960 531 1112 601 γοῦν,
1143 533 1226 587 ὅτι
1253 553 1272 585 t
1307 536 1476 589 Ὅταν
1511 537 1568 589 δὲ
1595 537 1655 591 τὸ
1682 538 1959 609 πλήρωμα

373 623 485 677 τῶν
515 623 682 678 ἐθνῶν
711 622 945 693 εἰσέλθῃ,
971 623 1093 677 τότε
1151 626 1258 690 πᾶς
1297 626 1515 698 Ἰσραὴλ
1570 627 1897 699 σωθήσεται.
1935 642 1953 679 s

381 715 574 785 Ἀθρει
602 714 664 786 δὴ
689 710 799 780 οῦν,
832 715 986 787 ἄθρει
1006 716 1187 787 τρίτον
1223 719 1281 770 ὲν
1302 719 1512 782 τούτοις
1543 719 1956 791 ὠνομασμένον,

378 807 435 859 ἐν
485 810 596 871 τοῖς
635 807 937 879 Ἀσσυρίοις
978 809 1074 862 καὶ
1121 810 1462 879 Αἰγυπτίοις.
1522 813 1841 885 Ἀσσυρίους
1898 812 1957 867 δέ

380 913 539 967 φησιν
559 899 615 950 ὲν
642 898 871 966 τούτοις,
900 898 975 963 ὡς
1023 898 1180 971 ἔφην,
1239 901 1368 964 τοὺς
1423 901 1566 955 κατά
1590 919 1653 970 γε
1682 904 1783 972 τὴν
1809 901 1956 973 ἑῴαν

377 987 587 1041 ἃπασαν
611 990 735 1060 γῆν,
774 990 1010 1060 μάλιστα
1037 991 1092 1045 δὲ
1115 992 1212 1062 τὴν
1248 992 1424 1063 μέσην
1448 992 1556 1046 τῶν
1584 992 1866 1064 ποταμῶν,
1897 995 1957 1047 ἐν

375 1074 406 1153 ᾖ
432 1081 524 1133 καὶ
542 1076 682 1135 εἷναί
718 1100 851 1149 φασι
877 1083 1134 1154 γνησίους
1161 1084 1564 1156 προσκυνητὰς,
1596 1085 1690 1139 καί
1719 1085 1955 1156 ἀδελφὴν

371 1172 463 1225 καὶ
493 1173 708 1240 γείτονα
736 1174 837 1245 τῆς
867 1177 1178 1245 Αἰγυπτίων
1234 1176 1652 1246 ἐπιτηδεύοντας
1693 1177 1949 1248 ἄσκησιν,

367 1261 443 1325 ὡς
481 1262 760 1334 ίσάμιλλον
794 1265 938 1336 ἔχειν
974 1267 1075 1337 τήν
1108 1284 1168 1320 τε
1214 1269 1295 1330 εἰς
1319 1268 1427 1321 πᾶν
1457 1266 1632 1321 ὁτιοῦν
1654 1267 1762 1321 τῶν
1811 1270 1952 1337 ἀγα-

367 1350 476 1407 θῶν
501 1354 691 1422 ἐφεσίν
724 1373 786 1409 τε
817 1356 912 1409 καί.
946 1357 1277 1428 προθυμίαν,
1325 1358 1420 1412 καὶ
1462 1359 1560 1429 μέν
1592 1376 1673 1413 τοι
1700 1360 1795 1413 καὶ
1822 1361 1951 1431 ἀρε-

362 1443 486 1511 τήν.
516 1444 811 1516 Τοιγάρτοι
832 1447 996 1516 φησὶν
1015 1448 1044 1499 6
1077 1448 1186 1501 τῶν
1220 1450 1356 1503 ὅλων
1386 1449 1539 1513 Θεόςο
1574 1448 1950 1521 Εὐλογημένος

364 1534 395 1586 6
425 1532 555 1598 λαός
602 1551 728 1605 μου,
763 1537 793 1590 6
817 1537 876 1590 ὲν
899 1537 1161 1609 Αἰγύπτῳ
1209 1541 1301 1593 καὶ
1346 1542 1403 1594 ὲν
1466 1540 1768 1612 Ἀσσυρίοις
1795 1558 1809 1571 ο
1853 1543 1950 1595 ἐπ-

362 1625 684 1697 αριθμεῖται
708 1628 766 1681 δὲ
789 1629 969 1701 τρίτος
1000 1632 1031 1684 6
1069 1632 1303 1705 Ἰσραήλ.
1340 1633 1690 1705 Προσεπάγει
1718 1633 1825 1706 γάρ
1857 1635 1939 1688 ὅτι

2064 540 2350 595 versionis.
2395 539 2529 593 Nam
2560 539 2820 606 scriptum
2853 549 2975 594 est:
3011 558 3031 590 ι
3059 539 3284 606 Quando
3311 557 3439 597 vero
3474 543 3644 612 pleni.

2063 633 2189 684 tudo
2218 632 2459 699 gentium
2515 630 2819 695 intraverit,
2873 639 2984 685 tum
3049 632 3226 686 omnis
3275 633 3435 687 Israel
3463 634 3643 688 salvus

2060 720 2163 775 erit
2183 720 2249 772 θ’.
2281 739 2301 771 ο
2339 719 2717 790 Contemplare
2774 721 2969 790 igitur,
3024 724 3397 793 contemplare
3449 726 3502 778 iu
3553 727 3639 781 his

2063 811 2279 866 tertium
2308 812 2715 866 denominatum
2766 812 2908 867 inter
2963 814 3219 884 Assyrios
3252 825 3305 868 et
3329 813 3636 886 Egyptios.

2057 905 2310 975 Assyrios
2365 904 2453 958 hic
2493 904 2643 967 dicit,
2700 913 2759 957 ut
2822 906 3055 969 aiebam,
3114 906 3205 975 qui
3265 914 3432 961 totam
3495 907 3640 962 velut

2056 998 2374 1052 orientalem
2441 1008 2637 1052 terram
2689 1007 3003 1066 occupant,
3052 1000 3288 1054 maxime
3340 1015 3463 1054 eam
3517 1016 3639 1070 quae

2058 1087 2201 1142 inter
2256 1085 2448 1142 ﬂuvios
2501 1088 2602 1142 sita
2664 1097 2766 1150 est,
2806 1089 2858 1141 in
2907 1103 3012 1157 qua
3044 1088 3207 1142 etiam
3254 1106 3544 1159 germanos
3583 1100 3639 1145 et

2055 1177 2318 1247 ingenuos
2357 1178 2670 1231 adoratores
2694 1191 2820 1231 esse
2844 1176 3041 1242 lerunt,
3067 1178 3155 1245 qui
3187 1190 3242 1231 et
3266 1188 3553 1249 cognatam
3581 1190 3639 1235 et

2052 1269 2287 1321 vicinam
2307 1265 2686 1337 Egyptiorum
2713 1265 2969 1321 excolunt
2998 1267 3359 1336 disciplinam.
3383 1271 3455 1323 ita
3489 1277 3548 1323 ut
3579 1270 3632 1322 in
3656 1252 3661 1257 ί

2053 1360 2316 1415 bonarum
2347 1373 2529 1412 rerum
2560 1359 2761 1422 studio,
2796 1357 3079 1414 alacritate
3139 1369 3196 1414 et
3239 1361 3440 1416 virtute
3468 1361 3638 1432 299

2052 1458 2206 1518 aeque
2252 1463 2473 1520 prorsus
2505 1456 2680 1503 marte
2737 1449 3018 1505 decet-tare
3066 1449 3371 1505 vidcantur.
3405 1451 3637 1505 Proinde

2053 1537 2182 1592 dicit
2224 1536 2597 1593 universitatis
2621 1535 2764 1592 Deus
2796 1553 2809 1590 :
2849 1537 3174 1593 Benedictus
3197 1540 3422 1608 populus
3481 1555 3633 1595 meus

2052 1631 2142 1699 qui
2175 1640 2258 1685 est
2292 1630 2347 1684 in
2378 1628 2635 1701 Egypto,
2672 1639 2727 1684 et
2761 1631 2853 1701 qui
2887 1633 2939 1686 in
2971 1632 3246 1703 Assyriis,
3283 1643 3635 1687 numeratur—

363 1718 478 1771 Καὶ
518 1719 853 1790 κληρονομία
890 1739 993 1791 μου
1042 1722 1275 1793 Ἰσραήλ.
1331 1723 1442 1776 Καὶ
1500 1721 1694 1775 τούτου
1745 1723 1801 1776 δὲ
1851 1723 1940 1795 τὴν

2051 1734 2157 1790 que
2207 1722 2400 1775 tertius
2462 1720 2657 1777 Israel.
2713 1720 2906 1777 Subdit
2947 1724 3134 1778 enim:
3181 1722 3480 1779 Haereditas
3511 1738 3631 1780 mea

362 1785 641 1880 πρόφασιν
667 1785 1054 1884 προαπεδειξεν
1073 1785 1221 1886 ἡμῖν.
1239 1814 1266 1867 6
1293 1814 1471 1883 λόγος·
1491 1785 1940 1889 κεκυριοκτόνηδίε

2053 1785 2235 1869 Israel.
2264 1812 2492 1868 Causam
2523 1822 2700 1869 autem
2744 1815 3193 1885 prmsignillcavit
3217 1815 3378 1870 nobis
3408 1818 3585 1870 oratio
3614 1833 3629 1884 ;

361 1902 469 1973 γὰρ
498 1902 590 1955 καὶ
613 1901 851 1957 τέθειται
880 1905 960 1967 εἰς
986 1904 1176 1969 νῶτον,
1213 1902 1358 1958 καθά
1377 1921 1545 1975 φησιν
1563 1906 1592 1958 6
1620 1904 1805 1959 Aa6l6.
1837 1905 1945 1958 Καὶ

363 1995 423 2047 ἐν
450 1996 559 2059 τοῖς
581 1996 917 2069 περιλοίποις
941 1997 1170 2066 γέγονεν
1203 1997 1232 2051 6
1260 1998 1624 2069 πρωτότοκος.

434 2172 545 2227 Τοῦ
587 2172 764 2240 ἔτους
805 2168 878 2231 οὗ
920 2173 1209 2244 εἰσῆλθεν
1250 2175 1518 2231 Ταναθὰν
1560 2176 1648 2242 εἰς
1673 2171 1942 2240 Ἄζωτον,

357 2262 538 2330 ἡνίκα
567 2265 884 2335 ἀπεστάλη
909 2267 1033 2337 ὑπρ
1063 2266 1242 2337 Ἀρνὰ
1261 2268 1568 2335 ,ϐασιλέως
1590 2268 1940 2336 Ἀσσυρίων,

356 2355 457 2409 καί
485 2356 829 2428 ἐπολέμησε
856 2360 972 2427 τὴν
996 2359 1261 2426 Ἄζωτον,
1302 2360 1401 2414 καί
1447 2359 1808 2413 κατελάϐετο
1838 2360 1945 2412 αὐ-

354 2446 488 2515 τὴν,
516 2450 652 2502 τότε
697 2448 972 2518 ἐλόλησε
996 2452 1211 2519 Κύριος
1241 2451 1390 2519 πρὸς
1428 2450 1674 2505 Ἡσαΐαν
1715 2450 1940 2520 λέγων’

350 2539 623 2607 Πορεύου
653 2539 753 2593 καὶ
776 2540 965 2608 ἄφελε
988 2541 1097 2594 τὸν
1119 2541 1353 2595 σάκκον
1394 2542 1514 2596 ἀπὸ
1564 2539 1673 2610 τῆς
1715 2542 1944 2609 ὀσφύος

350 2643 494 2692 σου,
537 2628 639 2683 καὶ
679 2629 751 2683 τὰ
798 2629 1102 2684 σανδάλιά
1144 2647 1260 2685 σου
1304 2632 1610 2686 ὑπόλυσαι
1658 2630 1778 2686 ἀπὸ
1825 2630 1944 2684 τῶν

355 2721 563 2775 ποδῶν
602 2735 722 2776 σου
745 2739 759 2752 ’
802 2722 900 2775 καί
950 2722 1241 2789 ἐποίησεν
1290 2723 1497 2790 οὕτως,
1539 2724 1939 2793 πορευόμενος

353 2815 588 2883 γυμνὸς
636 2814 738 2868 καί
787 2814 1174 2879 ἀνυπόδετος.
1228 2815 1339 2869 Καὶ
1378 2811 1509 2869 εἷπε
1545 2817 1786 2884 Κύριος·
1831 2817 1942 2869 Ὃν

355 2906 584 2974 τρόπον
628 2908 987 2974 πεπόρευται
1020 2907 1258 2973 Ἡσαΐας
1306 2909 1339 2960 ό
1377 2905 1517 2973 παῖς
1545 2923 1665 2975 μου
1712 2907 1940 2977 γυμνὸς

351 2996 454 3051 καί
478 2997 873 3064 ἀνυπόδετος,
906 2998 1037 3065 τρία
1067 2996 1170 3065 ἐτη
1199 2996 1369 3050 ἔσται
1392 2995 1613 3066 σημεῖα
1641 2994 1738 3049 καὶ
1772 2997 1940 3065 τέρας

348 3109 424 3145 τα
446 3090 573 3156 τοῖς
595 3092 940 3160 Αἰγυπτίοις
977 3090 1075 3144 καὶ
1102 3090 1381 3159 Αἰθίοψ-ιν
1402 3105 1416 3119 ·
1453 3088 1541 3141 ὅτι
1584 3088 1767 3154 οὕτως
1807 3086 1937 3152 ἄξει

2049 1902 2336 1957 Dominum
2397 1904 2543 1960 enim
2579 1906 2802 1969 occidit,
2870 1914 2928 1961 ct
2955 1907 3163 1975 positus
3189 1916 3268 1961 est
3302 1907 3354 1959 in
3398 1916 3631 1978 tergum,

2048 1994 2503 2063 quemadmodum
2534 1996 2611 2050 ait
2662 1995 2830 2051 David
2858 1996 2930 2064 ",
2979 2008 3036 2053 et
3084 1998 3136 2052 in
3173 1998 3414 2068 reliquiis
3438 2012 3630 2054 cense-

2048 2096 2137 2142 tur
2163 2087 2574 2157 primogenitus.

2116 2175 2245 2232 CAP.
2299 2175 2416 2233 XX.
2471 2175 2630 2234 Vsus.
2680 2178 2803 2233 1-4.
2864 2179 3016 2234 Anno
3078 2196 3181 2250 quo
3232 2182 3497 2251 ingressus
3553 2189 3627 2233 est

2047 2269 2331 2324 Tauatltau
2380 2270 2436 2323 ia
2491 2269 2737 2336 Azotum,
2781 2271 2990 2341 quando
3021 2272 3215 2326 missus
3243 2273 3308 2325 ab
3335 2272 3481 2326 Arna
3509 2286 3630 2340 rego

2043 2362 2402 2432 Assyriorum,
2441 2369 2487 2415 et
2514 2362 2738 2415 Azotum
2785 2377 3063 2431 aggressus
3103 2369 3180 2416 est
3217 2373 3264 2416 et
3292 2364 3468 2429 cepit,
3501 2373 3624 2415 tunc

2043 2452 2250 2508 loculus
2275 2462 2350 2508 est
2390 2453 2647 2508 Dominus
2704 2452 2887 2521 Isaiae,
2928 2455 3107 2508 dicens
3134 2469 3153 2508 :
3214 2453 3378 2521 Vade,
3409 2464 3458 2508 et
3495 2467 3626 2508 carus

2044 2556 2077 2594 a
2114 2539 2288 2595 lumbo
2336 2549 2430 2595 tuo
2470 2556 2703 2606 saccum,
2737 2552 2785 2597 et
2818 2543 3020 2599 calceos
3048 2554 3167 2599 tuos
3192 2546 3407 2599 detrahe
3439 2546 3505 2599 de
3537 2561 3625 2613 ρε-

2042 2629 2196 2685 dibus
2227 2632 2350 2686 tuis.
2383 2632 2451 2685 Et
2471 2633 2594 2701 fecit
2623 2634 2720 2699 sic,
2753 2634 2999 2689 incedens
3039 2638 3212 2690 nudus
3248 2647 3297 2690 et
3339 2636 3628 2690 discalcea-

2042 2730 2146 2775 tus.
2196 2720 2264 2775 Et
2307 2721 2444 2775 dixit
2507 2721 2762 2778 Dominus
2799 2738 2843 2785 ε,
2883 2724 3337 2790 Quemadmodum
3387 2726 3647 2781 ambulat

2045 2810 2218 2867 Isaias
2260 2829 2439 2868 servus
2488 2829 2631 2870 meus
2667 2818 2838 2871 nudus
2868 2827 2918 2871 et
2949 2818 3321 2884 discalceatus,
3349 2820 3427 2873 sic
3456 2820 3625 2873 tribus

2042 2905 2197 2959 annis
2230 2915 2388 2959 erunt
2427 2908 2579 2977 signa
2619 2918 2666 2961 et
2714 2911 2958 2979 prodigia
2985 2909 3255 2981 Egyptiis
3276 2921 3324 2964 et
3351 2911 3625 2979 lEt/ziopi-

2043 2999 2178 3061 bus,
2232 2998 2357 3067 quia
2412 2999 2487 3052 sic
2537 3000 2689 3054 ducet
2739 3017 2834 3055 rea:
2879 3005 3214 3073 Assyriorum
3267 3005 3624 3067 captivitatem

2043 3087 2267 3159 ngypti
2309 3100 2356 3143 et
2409 3089 2720 3157 ιΕιΙιίοριιηι
2764 3107 3005 3161 Juvenes,
3049 3109 3297 3161 senesque
3356 3096 3527 3146 nudos
3575 3102 3624 3145 et

343 3183 645 3250 βασιλεὺς
681 3183 1008 3252 Ἀσσιφίων
1038 3183 1154 3252 τὴν
1191 3182 1613 3251 αἰχμαλωσίαν
1632 3182 1937 3250 Αἰγύπτου

2044 3180 2412 3249 discalceatos,
2454 3190 2663 3249 opertos
2701 3183 2954 3237 dedecore
2991 3182 3233 3254 Αέρωὶιί.

344 3277 449 3331 καί·
505 3277 831 3341 Αἰθιόπων,
921 3275 1286 3340 νεανίσκους
1335 3272 1437 3327 καὶ
1483 3271 1928 3342 πρεσϐυτέρους
1948 3311 1964 3337 ,

344 3373 459 3441 τὴν
489 3374 797 3443 αἰσχύνην
823 3374 1150 3442 Αἰγύπτου.

421 3471 591 3521 Διαπε
601 3469 767 3540 ράνας
788 3465 847 3522 εῦ
875 3468 1019 3539 μάλα
1044 3468 1134 3522 τὸν
1160 3467 1254 3522 ἐπὶ
1282 3470 1395 3532 τοῖς
1415 3466 1732 3536 Αἰγυπτίοις
1752 3466 1931 3535 λόγον,

346 3558 440 3610 καὶ
473 3559 593 3611 τίνα
620 3558 820 3629 τρόπον
848 3557 1204 3628 κεκλήσονται
1234 3557 1323 3611 διὰ
1350 3556 1583 3619 πίστεως
1618 3557 1697 3619 εἰς
1720 3555 1817 3627 τὴν
1839 3555 1936 3627 τῆς
1987 3572 1995 3580 δ

346 3649 602 3721 ἀληθείας
640 3649 935 3717 ἐπίγνωσιν
971 3647 1420 3720 προηγορευκὼς,
1448 3650 1722 3719 οἰκονομεῖ
1746 3666 1799 3700 τι
1831 3648 1932 3700 πά-

344 3738 429 3792 λιν
465 3738 573 3792 τῶν
603 3739 811 3809 ὅσαπερ
842 3734 911 3809 ἦν
938 3738 1184 3808 χρήσιμά
1231 3755 1290 3790 τε
1337 3737 1430 3791 καὶ
1478 3738 1752 3805 ἀναγκαῖα
1798 3735 1935 3807 πρὸς

346 3831 531 3902 θνησιν
566 3833 679 3895 τοῖς
709 3829 769 3895 ἐξ
811 3829 1050 3901 Ἰσραήλο
1082 3829 1176 3882 καὶ
1210 3831 1333 3882 ποῖα
1360 3829 1424 3900 δὴ
1450 3827 1626 3882 ταῦτά
1656 3831 1822 3891 ἐστιν,
1858 3828 1934 3892 ὡς

347 3926 404 3976 ὲν
435 3922 692 3993 βραχέσιν
714 3923 843 3994 ἐρῶ.
862 3920 1405 4010 Ἀφειδήσαντεςυγὰρ
1428 3921 1522 3974 καί.
1542 3920 1711 3990 αὐτῆς
1734 3918 1832 3988 τῆς
1854 3921 1935 3983 εἰς

347 4014 437 4068 τὸν
465 4014 553 4068 διὰ
582 4015 861 4077 Μωῦσέως
891 4014 1055 4084 νόμον
1080 4009 1295 4077 αἰδοῦς,
1316 4011 1406 4065 καί
1441 4010 1545 4083 μὴν
1594 4013 1690 4064 καὶ
1719 4009 1820 4079 τῆς
1852 4010 1933 4072 εἰς

347 4107 484 4161 Θεὸν
528 4106 749 4176 ἀγάπης
791 4105 1241 4176 ὀλιγωρήσαντες,
1275 4102 1657 4157 ἀσυνετώτατα
1695 4099 1931 4169 κατεφὲο

347 4213 506 4269 ροντο
543 4195 680 4266 πρὸς
710 4212 773 4265 γε
805 4195 867 4249 τὸ
899 4196 1007 4249 δεῖν
1038 4197 1117 4258 εἰς
1147 4194 1408 4247 πολύόεον
1439 4193 1764 4246 καθικέσθαι
1794 4190 1931 4244 πλά-

346 4305 523 4358 νησιν,
560 4287 654 4340 καὶ
696 4289 806 4350 τοῖς
848 4286 1029 4358 ἔργοις
1058 4286 1164 4341 τῶν
1198 4286 1342 4340 ἰδίων
1371 4285 1570 4357 χειρῶν
1612 4282 1924 4354 λατρεῦσαι.

345 4381 469 4443 Τοῖς
500 4380 556 4433 δὲ
587 4378 734 4443 ἅπαξ
765 4380 846 4442 εἰς
874 4377 1029 4431 τοῦτο
1071 4377 1295 4448 γνώμης
1350 4374 1709 4447 ὡλισθηκόσιν
1742 4376 1930 4428 ἀνεπι-

2050 3271 2309 3342 γνυμνοὺς
2360 3272 2460 3327 καί
2514 3272 2924 3343 ἀνυποδέτους
2950 3317 2965 3343 ,
3015 3278 3624 3348 ἀνακεκαλυμμένους

2117 3462 2248 3517 Cum
2298 3465 2535 3519 sermoni
2597 3463 2664 3518 de
2718 3462 2988 3535 Egyptiis
3033 3465 3191 3519 linem
3225 3466 3428 3533 optime
3455 3465 3624 3536 impo-

2044 3557 2252 3621 suerit,
2308 3566 2360 3610 et
2389 3558 2842 3627 quemadmodum
2874 3558 3099 3611 vocandi
3129 3569 3315 3613 essent
3342 3573 3438 3628 per
3463 3557 3625 3612 ﬁdem

2043 3646 2108 3699 ad
2156 3647 2404 3701 veritatis
2450 3647 2787 3717 agnitionem
2846 3648 3175 3716 prtedixerit,
3231 3662 3417 3701 rursus
3478 3649 3621 3716 quod

2044 3736 2304 3793 lsraelitis
2329 3739 2560 3808 perutile
2583 3747 2637 3793 et
2659 3740 3123 3808 pernecessarium
3149 3749 3391 3810 est,apte
3410 3740 3618 3793 intexit.

2041 3828 2113 3882 Ea
2169 3845 2285 3898 qua:
2329 3832 2438 3885 sint
2484 3830 2675 3899 paucis
2703 3831 2900 3885 dicam.
2936 3829 3255 3899 Contempta
3283 3830 3427 3884 enim
3453 3829 3621 3897 ipsius

2034 3919 2173 3991 legis
2227 3921 2482 3975 Mosaicre
2534 3922 2839 3992 religione,
2900 3929 2955 3974 ct
3016 3921 3283 3975 charitate
3334 3920 3388 3973 iu
3449 3920 3617 3973 Deum

2034 4022 2240 4083 spreta,
2264 4026 2329 4065 eu
2354 4011 2589 4064 devoluti
2619 4022 2745 4064 sunt
2775 4011 3297 4078 imprudentissime,
3332 4018 3391 4063 ut
3426 4024 3616 4065 erroi-e

2035 4105 2325 4157 multorum
2378 4102 2600 4155 deorum
2655 4101 3096 4165 involvereutur,
3146 4110 3202 4155 et
3244 4116 3463 4154 suarum
3506 4118 3617 4156 ma-

2029 4211 2192 4249 nuum
2255 4193 2512 4263 operibus
2570 4192 2863 4247 servirent.
2925 4193 3043 4259 Quo
3076 4194 3245 4247 semel
3276 4196 3328 4247 in
3367 4194 3605 4247 animum

2031 4287 2290 4350 demisso,
2346 4284 2479 4339 nihil
2531 4285 2799 4340 malorum
2836 4300 2943 4339 non
2992 4286 3465 4356 aggrediebantur.
3499 4287 3613 4352 Qua

2031 4381 2096 4437 de
2136 4397 2297 4436 eausa
2339 4392 2712 4448 saepenumero
2762 4377 3129 4432 universitatis
3178 4377 3316 4435 Deus
3365 4379 3519 4433 bellis
3560 4387 3616 4432 et

346 4471 599 4542 τήδευτον
640 4467 709 4542 ἦν
755 4471 866 4525 τῶν
921 4471 1140 4541 φαύλων
1185 4470 1355 4523 οὐδέν.
1384 4460 1598 4540 Ταύτης
1632 4470 1797 4523 ἕνεκα
1824 4467 1924 4538 τῆς

2042 4472 2230 4527 πιειὶἰε
2253 4488 2345 4527 eos
2365 4471 2595 4537 vexavit,
2616 4486 2736 4526 cum
2755 4485 2850 4540 per
2874 4469 3131 4525 ﬁnitimas
3152 4480 3358 4539 gentes,
3378 4483 3491 4525 tum
3519 4485 3611 4539 per

345 4565 524 4628 αἰτίας
564 4565 784 4636 ἐπηφίει
828 4564 1143 4628 πλειστάκις
1186 4563 1369 4626 αὐτοῖς
1409 4565 1437 4616 6
1467 4562 1574 4616 τῶν
1608 4562 1744 4617 ὅλων
1794 4563 1926 4627 Θεὸς

344 4658 611 4729 πολέμους
632 4659 724 4713 καί
753 4658 953 4729 μάχας,
980 4658 1139 4711 τοῦτο
1168 4657 1268 4729 μὲν
1295 4658 1421 4720 τοὺς
1449 4658 1556 4710 ἀπὸ
1581 4674 1644 4727 γε
1665 4658 1770 4712 τῶν
1792 4659 1924 4729 ὀμό-

345 4767 453 4821 ρων
477 4749 667 4812 ἐθνῶν,
697 4750 856 4804 τοῦτο
882 4750 939 4803 δὲ
962 4750 1089 4813 τοὺς
1125 4748 1276 4818 παρὰ
1310 4749 1533 4820 Περσῶν
1568 4767 1629 4802 τε
1671 4749 1764 4804 καὶ
1804 4750 1923 4819 Μή-

341 4839 448 4893 δων
473 4858 486 4868 ·
536 4843 586 4894 οἰ
633 4841 690 4894 δέ
737 4858 800 4910 γε
851 4841 950 4911 τῆς
988 4839 1244 4904 Ἰουδαίας
1288 4840 1820 4914 κατεξανιστάμενοι,
1856 4840 1925 4894 τὰ

342 4934 507 5005 ἕτεροι
548 4933 656 4987 τῶν
694 4932 868 4986 ἐθνῶν
909 4931 1413 5004 προκαταδῃοῦντες
1449 4932 1561 4985 ἐσθ’
1586 4933 1697 4995 ὅτε,
1736 4932 1928 4999 δεινοῖς

341 5027 437 5080 καὶ
468 5025 762 5096 ἀφορήτοις
801 5022 1051 5095 δείμασιν
1098 5024 1305 5094 ὁμιλεῖν
1353 5024 1767 5094 παρεσκεύαζον
1801 5025 1927 5089 τοὺς

341 5116 401 5184 ἐξ
446 5117 679 5188 Ἰσραήλ.
708 5118 773 5170 Οἰ
799 5116 856 5169 δὲ
882 5116 1055 5169 καίτοι
1085 5116 1203 5169 δέον
1230 5115 1322 5169 τὸν
1353 5114 1463 5169 τῶν
1494 5115 1628 5169 ὅλων
1653 5116 1927 5186 ἐκμειλίσ-

340 5207 532 5262 σεσθαι
562 5207 713 5273 Θεὸν,
746 5209 839 5260 καὶ
870 5207 1100 5261 ἀνοσίων
1131 5207 1231 5276 μὲν
1252 5207 1554 5278 ἁποφοιτᾷν
1577 5207 1928 5278 σπουδασμάα

347 5315 471 5362 των,
510 5298 896 5368 μεταχωρῆσαι
945 5298 1001 5351 δὲ
1054 5297 1252 5368 μᾶλλον
1278 5299 1372 5352 ἐπὶ
1403 5299 1465 5352 τὸ
1505 5299 1654 5368 αὐτῷ
1694 5299 1884 5354 δοκοῦν
1907 5341 1923 5366 ,

338 5387 440 5441 καὶ
483 5387 861 5457 ἀπολογεῖσθαι
910 5388 1289 5460 λελυπημένῳ,
1322 5391 1411 5444 διά
1454 5408 1517 5460 γε
1560 5391 1663 5462 τῆς
1705 5393 1773 5446 ἐκ
1816 5394 1925 5447 τῶν

335 5477 630 5548 αἰσχιόνων
659 5480 737 5542 εἰς
773 5480 834 5532 τὸ
871 5479 1092 5550 ἄμεινον
1138 5480 1505 5551 μεταδρομῆς,
1537 5482 1679 5536 οὕτω
1720 5500 1780 5536 τε
1827 5482 1922 5556 τὴν

334 5570 471 5641 παρ’
509 5568 674 5623 αὑτοῦ
721 5570 813 5623 καὶ
866 5571 1027 5642 μόνον
1066 5572 1335 5643 σωτηρίαν
1367 5574 1664 5643 ἐπιζητεῖν,
1698 5576 1792 5629 καὶ
1825 5575 1921 5646 τὴν

407 5754 452 5787 ⁸⁸
493 5752 652 5807 lieni.
694 5767 768 5821 xl,
804 5752 894 5807 ‘25.
971 5752 1016 5783 7°
1047 5750 1189 5805 I’sal.
1216 5767 1303 5820 xx,
1343 5752 1424 5808 Β.

2032 4562 2228 4619 Persas
2259 4574 2311 4619 et
2336 4565 2519 4619 Medos
2551 4581 2565 4618 :
2599 4565 2690 4634 qui
2725 4565 2778 4619 in
2801 4563 3039 4618 Iudaeam
3072 4563 3433 4631 impressione
3469 4562 3611 4615 facta

2033 4657 2155 4712 aliis
2207 4658 2458 4728 gentibus
2510 4657 2660 4729 prius
2717 4657 2985 4718 vastatis,
3050 4653 3324 4708 lsraelitas
3360 4652 3509 4719 gravi
3561 4660 3616 4704 et

2032 4750 2370 4805 intolerando
2409 4761 2551 4805 metu
2606 4765 2713 4803 non
2748 4765 2870 4803 raro
2908 4748 3308 4801 exanimarunt.
3364 4742 3429 4797 lli
3485 4756 3615 4797 vero

2031 4856 2153 4896 cum
2187 4842 2559 4895 universitatis
2611 4842 2775 4894 Deum
2810 4839 3058 4893 emollire
3094 4847 3148 4891 ct
3184 4836 3421 4906 placare,
3456 4844 3508 4890 ct
3543 4836 3612 4891 ab

2030 4934 2210 5004 impiis
2261 4934 2458 4987 studiis
2488 4930 2679 4999 pedem
2715 4929 2941 4994 referre,
2975 4938 3030 4982 et
3061 4928 3240 4996 potius
3268 4928 3333 4980 ad
3365 4926 3457 4981 Dei
3496 4909 3613 4994 pla;

2028 5026 2196 5081 citum
2246 5039 2305 5080 se
2350 5022 2623 5085 conferre,
2661 5031 2715 5076 et
2744 5035 2805 5075 se
2834 5021 2880 5075 ei
2916 5018 3129 5073 oll‘enso
3164 5030 3417 5087 purgare,
3451 5025 3613 5083 atque

2028 5132 2059 5171 a
2113 5115 2444 5184 turpioribus
2495 5112 2562 5166 ad
2618 5111 2841 5165 meliora
2886 5108 3202 5177 confugere,
3243 5118 3298 5161 et
3342 5107 3413 5159 ita
3454 5107 3520 5158 ab
3544 5120 3609 5157 co

2028 5209 2281 5272 salutem,
2328 5214 2383 5260 et
2407 5204 2624 5275 quidem
2660 5202 2825 5273 300
2852 5200 3022 5256 solam
3060 5213 3324 5269 quaerere,
3359 5210 3608 5250 manum-

2026 5316 2131 5372 que
2158 5315 2379 5370 semper
2413 5308 2830 5354 conservantem
2886 5304 2940 5347 et
2962 5293 3325 5346 vindicantem
3357 5299 3608 5359 expetere

2020 5395 2321 5448 deberent:
2374 5392 2426 5446 id
2467 5405 2597 5445 sane
2630 5389 2825 5445 miselli
2859 5401 2964 5439 non
2998 5386 3261 5448 iecerunt,
3293 5384 3386 5438 sed
3418 5396 3604 5436 corro-

2022 5487 2162 5555 gatis
2194 5496 2246 5541 ct
2270 5484 2620 5541 emendicatis
2645 5484 2712 5539 ab
2736 5483 3046 5537 hominibus
3070 5476 3309 5541 auxiliis,
3336 5474 3604 5530 interdum

2023 5577 2280 5633 finitimos
2330 5574 2597 5645 quosdam
2660 5576 2726 5630 ad
2780 5573 2884 5629 hoc
2929 5578 3244 5638 evocarent,
3288 5566 3503 5624 interitu
3554 5573 3605 5621 ct
