4166 6296
549 373 652 429 4⁵9

1535 362 1594 418 S.
1633 361 1909 416 untLLI
1950 354 2416 411 ALLXANDRIM
2455 354 2773 409 ARUlilbl’.

3682 334 3782 391 480

546 487 753 540 vicinos
789 484 1099 556 Egyptios,
1146 484 1404 540 addentes
1454 456 1789 552 iniquitatem
1833 477 2103 549 iniquitati

2227 477 2294 529 ὶεὶ
2323 475 2598 541 σιῦξουσᾶν
2632 491 2689 526 τε
2722 471 2815 525 καὶ
2846 466 3228 537 ἐπαμύνουσαν
3271 462 3426 532 χεῖρα
3486 456 3646 510 τοῦτο
3689 457 3782 527 μὲν

545 592 676 641 ειιηι,
718 578 791 631 uti
842 578 1100 644 scriptum
1152 584 1237 629 est
1269 575 1311 606 τ’
1342 594 1355 629 :
1393 584 1444 629 et
1473 576 1572 629 hoc
1596 574 1714 642 ipso
1747 571 1910 625 Deum
1933 568 2108 622 omni-

548 676 821 733 potentem
874 669 940 720 ad
991 668 1124 720 iram
1180 665 1615 720 exstimularunt.
1668 663 1809 716 Dixit
1840 661 2106 728 siquidem

545 772 644 827 per
684 772 846 810 unum
899 770 929 810 e
981 757 1181 810 sanctis
1208 756 1486 827 prophetis
1518 773 1534 811 :
1569 773 1587 806 ι
1617 754 1682 807 Et
1703 764 1820 807 erat
1851 751 2106 821 Ephraim

544 848 800 902 columba
838 862 1046 908 amens,
1095 863 1192 903 cor
1234 863 1339 901 non
1374 848 1616 910 habens;
1653 845 1921 899 invocavit
1946 843 2111 915 Egy-

543 947 712 1004 ptum,
745 948 797 990 et
824 938 892 990 ad
927 940 1174 1008 Assyrios
1197 938 1423 1008 profecti
1455 945 1582 991 sunt
1613 937 1678 991 ".
1717 955 1736 987 ι
1773 935 1910 1002 Quin
1937 944 1989 987 et
2019 949 2111 1003 per

544 1031 719 1096 ipsum
771 1030 1085 1097 prophetam
1135 1028 1327 1083 Isaiam
1358 1047 1372 1083 :
1412 1049 1430 1078 ι
1464 1027 1554 1081 ναι
1582 1026 2027 1082 descendentibus
2055 1027 2106 1080 itt

543 1118 832 1189 {Egyptqu
886 1135 981 1188 pro
1033 1121 1294 1184 subsidio,
1342 1120 1430 1187 qui
1476 1121 1526 1172 in
1571 1119 1726 1188 cquis
1771 1117 1957 1173 coai‘tsi
1989 1126 2113 1170 sunt

544 1221 601 1264 et
646 1213 917 1267 curribus.
972 1213 1109 1267 Sunt
1141 1213 1286 1266 enim
1319 1211 1494 1274 multi,
1531 1219 1587 1263 et
1615 1225 1799 1263 eorum
1834 1209 1926 1277 qui
1960 1207 2112 1276 equis

547 1301 785 1359 insident
836 1301 1122 1355 multitudo
1198 1313 1411 1368 magna.
1468 1299 1531 1351 Et
1580 1313 1684 1351 uon
1738 1297 1926 1351 contisi
1988 1303 2113 1348 sunt

547 1389 747 1445 Sancto
796 1391 1036 1454 lsraelis,
1075 1401 1131 1444 et
1178 1390 1342 1444 Deum
1394 1404 1504 1443 nou
1558 1389 2007 1456 exquisiverunt;
2060 1396 2114 1440 et

547 1480 820 1548 sapienter
874 1481 988 1549 ipse
1037 1480 1233 1534 inﬂixit
1292 1479 1398 1534 illis
1446 1479 1605 1545 mala,
1643 1488 1698 1534 et
1744 1479 1963 1533 verbum
1999 1478 2114 1545 ejus

549 1583 656 1622 non
704 1568 1048 1625 frustrabitur
1089 1571 1156 1625 ⁷⁸.
1199 1589 1219 1623 r
1274 1569 1407 1626 Cum
1474 1570 1640 1640 igitur
1670 1569 1909 1624 Tanatba
1973 1570 2114 1637 regis

548 1660 896 1730 Assyriorum
953 1662 1058 1716 dux
1105 1670 1468 1731 oppugnasset
1518 1660 1769 1725 Azotum,
1813 1661 1971 1731 vique
2024 1674 2113 1714 ce-

551 1752 716 1819 pisset
752 1751 890 1823 (erat
924 1762 1101 1807 autem
1148 1754 1262 1807 htec
1312 1752 1515 1822 regioni
1557 1750 1862 1806 Judmorum
1891 1751 2114 1819 vicina),

549 1852 936 1910 exspectaram
987 1842 1244 1899 Israelita:
1296 1857 1356 1898 se
1398 1842 1618 1911 iamiam
1678 1843 1838 1897 etiam
1878 1841 2116 1896 eitrala-

550 1934 739 1987 horem
785 1933 981 1988 similia
1025 1948 1148 1989 esse
1192 1948 1568 2003 perpessuros.
1618 1931 1769 1987 lianc
1804 1934 1871 2001 ob
1901 1946 2122 1988 causam

550 2024 925 2096 [Egyptiorum
983 2041 1143 2081 manu
1189 2028 1477 2089 conducta,
1530 2025 1596 2078 ad
1650 2024 1928 2079 ferendum
1990 2024 2120 2092 ipsis

551 2108 876 2183 subsidium,
934 2106 1280 2187 Assyriorum
1330 2115 1684 2186 phalangibus
1734 2129 1793 2169 se
1839 2113 2122 2169 voluerunt

551 2222 844 2276 opponere.
898 2207 1100 2262 Vanam
1153 2222 1280 2276 ergo
1321 2220 1443 2261 esse
1473 2219 1659 2260 eorum
1699 2218 1851 2271 spem
1884 2203 2122 2258 declarat

554 2302 721 2365 Deus,
752 2308 806 2354 et
835 2298 977 2354 clare
1017 2299 1258 2368 praedicit
1286 2297 1401 2353 fore
1435 2298 1580 2365 ipsos
1610 2295 1843 2365 pradam
1874 2295 2124 2366 Assyrio-

555 2404 674 2443 rum
734 2389 1011 2459 potentiae,
1040 2396 1096 2443 et
1122 2401 1375 2443 successu
1401 2394 1700 2455 temporum
1735 2385 2042 2455 capiendos,
2067 2393 2125 2441 et

553 2480 890 2548 captivorum
918 2480 970 2534 in
1000 2493 1228 2535 numero
1253 2494 1317 2533 ac
1345 2480 1466 2533 loco
1489 2477 1723 2532 futuros.
1750 2476 1951 2532 Ferunt
1976 2477 2122 2533 enim

552 2569 848 2642 Egyptum
911 2571 1076 2626 fuisse
1137 2570 1237 2625 sub
1290 2584 1456 2623 manu
1509 2568 1856 2639 Assyriorum
1894 2567 2125 2624 diversis

557 2664 908 2739 temporibus,
932 2673 985 2717 et
1012 2662 1285 2717 continuis
1310 2660 1483 2715 tribus
1508 2663 1664 2715 annis
1683 2661 1975 2715 commisso
1998 2674 2123 2715 cum

554 2768 618 2807 ea
632 2753 841 2822 praelia,
868 2754 918 2806 vi
950 2761 1116 2806 totam
1146 2752 1376 2822 cepisse,
1394 2765 1459 2806 ac
1490 2765 1682 2819 magna
1703 2751 1855 2805 turba
1888 2752 2127 2820 captivo-

558 2860 677 2898 rum
709 2845 1008 2899 comitante
1040 2858 1190 2899 suam
1224 2843 1276 2898 in
1309 2843 1539 2911 patriam
1577 2842 1823 2897 rediisse.
1875 2841 2127 2912 Praecipit

554 2949 688 3004 ergo
746 2934 888 2990 Deus
940 2934 1214 3003 propheta:
1272 2942 1331 2986 ut
1370 2932 1614 2986 habitum
1655 2932 1883 3001 captivis
1930 2946 2127 2986 conve-

558 3028 795 3080 nientem
833 3033 887 3078 et
931 3032 1243 3079 consuetum
1289 3031 1488 3088 sumat,
1526 3023 1579 3076 id
1610 3029 1712 3087 est,
1742 3021 2039 3077 nuditatem
2072 3029 2129 3078 et

2209 571 2309 624 οὐκ
2342 568 2507 639 ἔδρων
2542 569 2588 619 οἰ
2618 565 2859 623 δείλαιοι,
2887 558 3257 627 ἐρανιζόμενοι
3282 555 3337 606 δὲ
3366 552 3462 615 τὰς
3495 550 3553 614 se
3581 548 3787 618 ἀνθρὼ-

2211 679 2327 714 πων
2356 658 2694 728 ἐπικουρίας,
2726 654 2854 708 ποτὲ
2884 653 2981 722 μὲν
3006 649 3113 702 τῶν
3141 647 3354 717 ὁμόρων
3385 642 3537 704 τινὰς
3563 638 3784 693 ἐκάλουν

2209 752 2289 812 εἰς
2314 750 2469 803 τοῦτο
2488 791 2502 814 ,
2539 747 2670 801 ποτὲ
2697 745 2752 798 δὲ
2780 744 2903 805 τοὺς
2928 738 3170 809 γείτονας
3190 733 3540 804 Αἰγυπτίους,
3567 747 3786 802 προστι-

2213 840 2392 901 θέντες
2424 837 2653 906 ἀνομίαν
2682 835 2775 886 ὲπὶ
2798 833 2895 903 τὴν
2925 827 3153 899 ἀνομίαν
3188 824 3386 889 αὐτῶν,
3422 821 3564 875 καθά
3591 821 3785 889 γέγρα-

2211 947 2362 985 πται.
2390 928 2483 981 καὶ
2519 921 2920 995 καταθήγυντες
2948 920 3022 981 ὡς
3051 919 3129 981 είς
3157 916 3323 988 ὀργὰς
3353 911 3464 1002 ,καὶ
3514 912 3600 965 ἐπ’
3643 908 3789 979 αὐτῷ

2209 1020 2274 1090 δὴ
2313 1019 2486 1090 τούτῳ
2539 1017 2628 1070 τὸν
2672 1017 2848 1070 πάντα
2896 1011 3146 1082 ἰσχύοντα
3175 1008 3328 1061 Θεόν.
3356 1000 3490 1090 ⁷Καὶ
3527 1002 3659 1090 γούν
3686 1000 3790 1090 ἔφη

2209 1086 2275 1163 διδ
2304 1109 2423 1171 ἑνὸς
2458 1086 2584 1160 γτῶν
2639 1103 2807 1172 ἁγίων
2859 1098 3203 1173 προφητῶνσ.
3234 1115 3252 1146 ι
3282 1094 3393 1147 Καὶ
3439 1088 3508 1161 ἦν
3552 1086 3791 1160 Ἐφραῒμ

2212 1198 2511 1272 περιστερά
2535 1196 2714 1259 ἄνους,
2746 1195 2839 1248 καὶ
2866 1193 2966 1246 οὐκ
2995 1191 3192 1261 ἔχουσα
3234 1184 3458 1256 καρδίαν
3476 1199 3488 1212 ·
3517 1181 3793 1249 Αἴγυπτον

2213 1271 2547 1351 ἐπεκαλεῖτο,
2583 1287 2677 1341 καὶ
2706 1286 2784 1348 εἰς
2825 1280 3137 1352 Ἀσσυρίους
3182 1274 3573 1347 ἐπορεύθησαν.
3609 1289 3626 1319 ι
3683 1271 3793 1352 Καί

2215 1382 2320 1452 μὴν
2359 1379 2453 1434 καὶ
2488 1378 2552 1432 δι’
2583 1374 2747 1431 αὑτοῦ
2775 1373 2868 1429 τοῦ
2896 1370 3173 1442 προφήτου
3213 1366 3434 1420 Ἡσαΐου
3455 1380 3469 1394 ο
3503 1381 3522 1413 t
3553 1361 3708 1423 Οὐαὶ,
3740 1350 3791 1411 οἰ

2212 1450 2629 1532 καταϐαίνοντες
2680 1468 2759 1530 εἰς
2804 1464 3078 1533 Αἴγυπτον
3132 1459 3223 1511 ἐπὶ
3275 1456 3547 1527 βοήθειαν,
3600 1453 3648 1503 οἰ
3702 1450 3790 1516 ἐφ’

2214 1566 2403 1626 ἵπποις
2432 1558 2749 1622 πεποιθότες
2788 1555 2882 1610 καὶ
2920 1554 3006 1623 ἐφ’
3037 1548 3462 1622 ἆρμασιν.Ἕστι
3487 1543 3594 1613 γὰρ
3629 1538 3795 1592 πολλὰ

2214 1656 2310 1709 καὶ
2336 1653 2419 1721 ἐφ’
2457 1653 2644 1713 ἵπποις
2674 1647 2877 1717 πλῆθος
2902 1643 3106 1714 σφόδρα
3126 1658 3139 1671 ·
3167 1641 3261 1693 καὶ
3291 1638 3390 1690 οὐκ
3420 1631 3561 1705 ἦσαν
3598 1648 3795 1684 πεποι-

2217 1743 2368 1806 θότες
2419 1740 2511 1794 ὲπί
2548 1739 2639 1792 τὸν
2668 1738 2856 1805 ’Ἀγιον
2897 1734 2990 1787 τοῦ
3024 1729 3261 1802 Ἰσραὴλ,
3293 1728 3385 1781 καὶ
3418 1725 3508 1778 τὸν
3537 1723 3666 1777 θεὸν
3698 1722 3797 1773 οὒκ

2148 1804 2192 1859 Β
2219 1804 2551 1906 ἐξεζήτησαν
2572 1848 2585 1863 ·
2618 1831 2710 1885 καὶ
2742 1804 2904 1890 αὐτὸς
2931 1822 3092 1894 σοφὸς
3119 1816 3255 1894 ἦγεν
3285 1818 3371 1871 ἐπ’
3402 1816 3595 1878 αὐτοὺς
3627 1812 3794 1870 κακὲ.

2219 1929 2361 1983 καὶὸ
2381 1927 2536 1995 λόγος
2557 1918 2720 1977 αὐτοῦ
2751 1920 2811 1973 οὐ
2842 1918 2917 1990 μὴ
2946 1914 3205 1985 ἀθετηθῇ.
3240 1931 3259 1964 ι
3289 1909 3396 1963 Τοῦ
3425 1908 3602 1961 τοίνυν
3628 1907 3798 1995 Τανα-

2220 2018 2342 2080 θάν,
2372 2012 2675 2085 στρατηγὸς
2714 2008 2770 2064 δὲ
2795 2002 2948 2070 οὗτος
2983 2000 3244 2074 βασιλέως
3284 1997 3603 2068 Ἀσσυρίων,
3644 1994 3800 2046 πολε-

2225 2107 2492 2178 μήσαντος
2517 2101 2612 2172 τὴν
2642 2099 2902 2165 Ἄζωτον,
2935 2094 3069 2149 ὲλὼν
3097 2107 3159 2146 τε
3196 2088 3340 2144 κατά
3376 2087 3575 2161 κράτος
3605 2085 3796 2151 αὑτήν·

2220 2177 2417 2267 γείτων
2439 2194 2496 2249 δὲ
2522 2192 2659 2263 αὕτη
2689 2192 2755 2262 τῇ
2783 2188 2892 2242 τῶν
2923 2184 3188 2240 Ἰουδαίων
3217 2179 3404 2252 χώρᾳ·
3438 2177 3802 2249 προσεδόκουν

2221 2290 2271 2343 oi
2323 2286 2380 2353 ἐξ
2417 2283 2632 2356 Ἰσραὴλ
2687 2280 2885 2335 αὐτίκα
2919 2278 2983 2348 δὴ
3036 2275 3180 2347 μάλα
3227 2272 3321 2326 καὶ
3363 2271 3515 2324 αὐτοὶ
3550 2271 3642 2322 καὶ
3682 2268 3801 2320 λίαν

2222 2377 2460 2450 ἀμογητὶ
2504 2374 2573 2428 τά
2604 2372 2695 2426 ῐσα
2723 2371 2935 2425 παθεῖν.
2970 2367 3186 2438 Ταύτης
3215 2382 3273 2419 τε
3306 2365 3467 2417 ἕνεκα
3495 2363 3593 2433 τῆς
3622 2358 3803 2422 αἰτίης

2222 2470 2323 2543 τὴν
2355 2464 2664 2535 Αἰγυπτίων
2706 2464 2864 2534 χεῖρα
2899 2455 3391 2529 καταμισθούμενοι
3439 2453 3573 2525 πρὸς
3609 2452 3669 2505 τὸ
3703 2455 3801 2504 ἐπ-

2224 2558 2451 2634 αμύνειν
2479 2555 2665 2620 αὐτοῖς
2700 2556 2820 2618 ταῖς
2862 2550 3162 2623 Ἀσσυρίων
3191 2546 3456 2620 φάλαγξιν
3486 2544 3803 2612 ἀντεξάγειν

2225 2652 2439 2725 ηθελον.
2464 2644 2713 2704 Ματαίαν
2745 2645 2923 2699 τοίνυν
2951 2641 3127 2696 αὐτῶν
3153 2637 3444 2708 ἀποφαίνει
3476 2636 3575 2705 τὴν
3615 2635 3804 2688 ἐλπίδα

2224 2743 2378 2807 Θεός·
2404 2735 2764 2812 προαγορεύει
2782 2734 2838 2788 δὲ
2862 2731 3069 2803 σαφῶς,
3095 2732 3176 2786 ὅτι
3199 2730 3297 2799 τῆς
3323 2725 3623 2797 Ἀσσυρίων
3642 2725 3802 2778 δυνά·

2229 2852 2371 2907 μεως
2390 2827 2957 2904 ἓργον[ἀγρα]ἕσονται
2975 2826 3066 2878 καί
3082 2823 3257 2887 αὐτοὶ,
3272 2818 3567 2874 ἁλώσονταί
3587 2834 3645 2870 τε
3668 2816 3804 2869 κατὰ

2226 2927 2475 2999 καιροὺς,
2512 2922 2608 2977 καὶ
2640 2921 2698 2974 ὲν
2728 2918 3070 2990 δορυκτήτων
3100 2912 3311 2969 ἔσονται
3339 2910 3509 2976 τάξει.
3541 2910 3675 2963 Φασὶ
3700 2910 3809 2976 γὰρ

2226 3022 2307 3075 ὅτι
2337 3018 2558 3088 γέγονεν
2589 3012 2695 3067 ὑπὸ
2726 3012 2882 3083 χεῖρα
2914 3006 3174 3081 βασιλέως
3207 3003 3505 3075 Ἀσσυρίων
3536 3000 3675 3053 κατά
3697 3017 3809 3050 και.

557 3114 1053 3171 (ιῖεοοίοειιιίοιιοω.
1119 3112 1257 3167 Nam
1331 3113 1566 3167 victores
1616 3110 1952 3180 captivorum
2015 3124 2122 3164 non

2229 3115 2353 3186 ροὺς
2382 3111 2416 3182 ἡ
2445 3103 2772 3177 Αίγυπτίωψ
2803 3101 2897 3155 καὶ
2920 3101 2978 3154 ὲν
3004 3099 3204 3167 ὀλίγοις
3231 3097 3374 3149 ἔτεσι
3401 3094 3579 3164 τρισὶν
3612 3091 3805 3159 ἐγχεῖ).

560 3222 806 3274 magnam
844 3205 1002 3276 plane
1028 3204 1290 3259 rationem
1321 3204 1561 3258 habent:
1598 3202 1760 3271 hique
1797 3216 1862 3257 eo
1888 3200 2127 3257 miseria:

559 3296 818 3364 prolapsi,
866 3296 968 3349 etsi
1010 3304 1190 3348 essent
1225 3293 1376 3360 juxta
1409 3307 1624 3348 carnem
1654 3291 1882 3356 nobiles,
1921 3291 2023 3346 etsi
2057 3307 2126 3345 ex

561 3387 746 3441 intima
772 3385 946 3453 plebe,
979 3400 1084 3439 uno
1114 3384 1443 3440 calamitatis
1478 3384 1585 3438 lino
1617 3383 1986 3446 involvuntur,
2018 3397 2125 3435 non

562 3487 766 3530 vestem
823 3477 1105 3537 habentes,
1140 3489 1242 3528 nec
1289 3474 1433 3527 aliud
1467 3473 1595 3542 quid
1632 3473 1712 3528 vel
1746 3472 1813 3527 ad
1854 3481 2126 3537 ornatum,

567 3569 648 3623 vel
704 3570 769 3621 ad
816 3566 1259 3622 refocillationem
1310 3552 1549 3634 ipsorum
1589 3564 1885 3634 pertinens,
1933 3553 2026 3619 sed
2062 3564 2128 3617 ad

564 3662 710 3715 hunc
740 3667 1104 3727 contemptum
1150 3671 1217 3710 ex
1254 3657 1473 3711 libidine
1509 3655 1834 3725 capientium
1864 3663 2130 3723 coguntur

494 3810 511 3831 κ
565 3749 841 3803 accedere.
893 3745 1122 3802 Jubetur
1152 3746 1353 3815 itaque,
1383 3754 1438 3799 ut
1477 3745 1610 3812 dixi,
1635 3744 1847 3797 divinus
1871 3745 2129 3814 propheta

565 3853 786 3895 saccum
809 3837 1092 3891 detrahere
1110 3836 1290 3890 lumbo
1318 3851 1436 3898 suo,
1460 3842 1513 3890 et
1546 3834 1784 3890 sandalia
1820 3836 2053 3902 solvere,
2078 3843 2133 3890 et

566 3929 798 3982 mediam
838 3925 1138 3981 Jerusalem
1191 3925 1418 3980 transire
1450 3924 1649 3978 nudum
1683 3934 1737 3978 et
1769 3923 1884 3978 sine
1913 3924 2129 3980 calceis.

565 4019 726 4091 301
754 4018 914 4087 idque
949 4016 1075 4071 fecit»
1112 4033 1215 4071 non
1255 4016 1541 4069 admodum
1586 4014 1845 4070 sollicitus
1866 4017 2135 4085 quomodo

567 4113 783 4182 elegans
804 4122 893 4165 aut
913 4118 1165 4164 venustus
1189 4119 1445 4180 appareat
1470 4126 1484 4161 :
1514 4105 1712 4176 Deique
1755 4107 1970 4163 decreto
2004 4107 2137 4163 nihil

568 4204 787 4270 adjecit,
831 4202 958 4256 licet
1009 4202 1060 4257 id
1105 4217 1272 4273 grave
1308 4210 1358 4255 et
1392 4200 1796 4269 reprehensioni
1825 4201 2134 4269 expositum

568 4296 862 4348 videretur.
911 4293 1018 4349 Sed
1077 4292 1214 4347 forte
1266 4291 1467 4346 dixerit
1516 4288 1832 4361 quispiam:
1882 4291 1991 4347 Cur
2032 4306 2135 4347 non

571 4385 1003 4450 prmmonstravit
1057 4383 1235 4453 potius
1279 4379 1542 4434 lsraelitis
1593 4396 1657 4434 ea
1709 4396 1829 4452 quae
1879 4397 2138 4450 processu

2231 3181 2411 3265 εσθεὶς
2447 3197 2607 3267 αὐτῇ,
2644 3192 2823 3247 πᾶσάν
2864 3208 2927 3244 τε
2976 3187 3109 3243 θὼν
3137 3190 3280 3240 κατὰ
3306 3186 3524 3256 κράτος,
3552 3181 3808 3241 πλείστην

2231 3296 2363 3363 ὅσην
2393 3287 2531 3361 ἔχων
2565 3282 2959 3356 αἰχμαλωσίαν,
2988 3277 3354 3347 ύπενόστησεν
3376 3278 3454 3338 εἰς
3473 3274 3570 3343 τὴν
3592 3269 3801 3325 ἑαυτοῦ.

2245 3383 2551 3438 Ἐπιτάττει
2582 3378 2758 3432 τοίνυν
2783 3373 2862 3446 τῷ
2892 3372 3142 3445 προφήτῃ
3172 3369 3305 3432 Θεὸς
3325 3410 3338 3428 ,
3366 3369 3428 3420 τὸ
3470 3369 3578 3428 τοῖς
3604 3367 3802 3431 oti-[p.1-

2233 3473 2421 3537 λώτοις
2465 3471 2671 3542 πρέπον
2709 3483 2769 3520 τε
2816 3464 2913 3519 καὶ
2951 3461 3179 3531 σύνηθες
3209 3461 3392 3531 σχῆμα
3418 3457 3627 3511 λαόεῖνο
3658 3450 3799 3504 τοῦτ’

2236 3566 2372 3627 ἔστι,
2404 3557 2719 3634 γυμνότητά
2756 3573 2815 3611 τε
2855 3554 2949 3610 καὶ
2976 3551 3355 3607 ἀνυποδεσίαν.
3385 3552 3505 3612 Τοῖς
3531 3547 3635 3617 γὰρ
3666 3545 3803 3605 ὃὶως

2235 3652 2576 3725 νενικηκόσιν
2609 3651 2669 3703 οὐ
2726 3646 2891 3710 πολὺς
2921 3644 3030 3699 τῶν
3065 3642 3381 3697 ἑαλωκότων
3410 3643 3437 3694 ὁ
3459 3639 3642 3706 λόγος·
3673 3636 3725 3687 οἱ
3755 3633 3807 3685 δὲ

2238 3747 2316 3811 εἰς
2344 3744 2503 3798 τοῦτο
2531 3740 2786 3802 πεσόντες
2818 3735 3208 3806 ταλαιπωρίας,
3245 3733 3347 3786 κᾶν
3377 3731 3485 3784 εἴτε
3522 3729 3661 3791 τινὲς
3706 3722 3813 3778 ετεν

2236 3837 2346 3891 τῶν
2371 3832 2603 3903 εὐγενῶν
2632 3829 2775 3884 κατά
2804 3827 3001 3899 σάρκα,
3022 3825 3123 3880 κᾶν
3143 3825 3252 3877 εἴτε
3280 3823 3379 3891 τῆς
3403 3819 3656 3889 ἀγελαίου
3682 3819 3809 3886 πλη-

2241 3926 2388 3990 θύος,
2429 3924 2509 3977 ὲνὶ
2552 3919 2631 3991 τῷ
2676 3915 2775 3987 τῆς
2827 3915 3140 3985 ἀθλιότητος
3188 3911 3496 3980 συνέχονται
3535 3908 3684 3973 λεν-ε),
3717 3908 3814 3958 οὐκ

2241 4018 2441 4089 ἄμφιον
2475 4013 2709 4084 ἔχοντες,
2744 4009 2909 4079 ἤγουν
2933 4006 3120 4078 ἕτερόν
3157 4022 3211 4057 τι
3253 4003 3362 4056 τῶν
3408 4000 3705 4053 τελούντων
3739 4001 3813 4059 εἰς

2242 4108 2445 4178 κόσμον
2471 4100 2701 4170 αὐτοῖςῆ
2731 4098 3055 4162 ἀνάπαυσιν,
3099 4093 3383 4165 ἀτημελῶς
3408 4092 3463 4145 δὲ
3492 4090 3663 4152 οὕτως
3685 4089 3816 4160 πρὸς

2243 4199 2352 4253 πᾶν
2391 4194 2568 4250 ὁτιοῦν
2608 4194 2719 4256 τοῖς
2750 4189 2931 4244 ἑλοῦσι
2961 4186 3333 4255 καταθυμίων,
3373 4183 3450 4244 ὡς
3486 4181 3817 4259 ἐξάνάγκης

2244 4288 2546 4361 ἐρχόμενοι.
2576 4282 2977 4355 Προστάττεται
3026 4280 3226 4341 τοίνυν,
3256 4276 3330 4339 ὡς
3375 4275 3534 4343 ἔφην,
3572 4275 3599 4325 ὁ
3630 4273 3818 4325 θεσπέο

2247 4398 2360 4445 σιος
2402 4378 2706 4451 προφήτης,
2741 4374 2958 4444 ἀφελεῖν
2984 4371 3076 4424 τὸν
3115 4370 3316 4423 σάκκον
3349 4369 3455 4420 ἀπὸ
3490 4368 3587 4435 τῆς
3625 4364 3819 4430 όσιρύος

573 4481 872 4541 temporum
921 4474 1299 4542 contingerent
1336 4470 1646 4541 Egyptiis?
1675 4487 1771 4525 cur
1797 4472 1933 4525 adeo
1965 4473 2125 4527 nudus

2242 4468 2427 4534 αὐτοῦ,
2475 4463 2845 4521 ύπολύσασθαί
2885 4480 2944 4515 τε
2984 4461 3053 4514 τὰ
3090 4458 3367 4521 σανδάλια,
3400 4457 3492 4508 καὶ
3526 4455 3614 4507 διὰ
3650 4455 3820 4522 μέσης

572 4578 637 4617 ac
690 4563 1044 4620 discalceatus
1103 4573 1211 4616 tam
1251 4562 1481 4615 celebris
1510 4561 1767 4630 propheta
1819 4563 2136 4628 ambulavit,

572 4653 720 4708 omni
754 4655 1111 4708 conveniente
1137 4653 1282 4707 cultu
1311 4651 1560 4721 neglecto
1587 4651 1610 4705 ?
1635 4651 1716 4704 Ad
1758 4654 1861 4706 hoc
1910 4653 2142 4709 dicimus

574 4761 667 4799 eos
720 4748 1103 4814 prophetarum
1157 4742 1497 4798 sermonibus
1558 4758 1661 4797 non
1717 4741 2139 4811 obtemperasse,

575 4834 686 4889 imo
738 4851 856 4889 eam
907 4832 1260 4905 praedicerent
1318 4832 1519 4896 l‘utura,
1545 4833 1854 4901 increpasse
1886 4850 1898 4885 :
1934 4850 1953 4883 ι
1992 4833 2137 4898 Alia,

575 4926 848 4994 inquirant,
882 4928 1035 4981 nobis
1063 4924 1364 4994 loquimini,
1389 4934 1444 4978 et
1464 4921 1780 4977 annuntiate
1800 4922 1952 4976 nohis
1972 4923 2136 4976 alium

576 5034 819 5074 errorem
853 5016 920 5070 ".
977 5036 996 5070 ι
1039 5016 1172 5071 Hinc
1224 5017 1461 5086 prudens
1510 5014 1598 5068 hic
1633 5012 1735 5078 vir,
1769 5015 2065 5078 modestus,
2094 5024 2148 5071 et

577 5111 721 5165 Omni
775 5110 975 5163 virtute
1007 5109 1328 5173 cumulatus,
1385 5122 1449 5161 ac
1493 5106 1788 5174 prophetiae
1818 5105 1959 5161 dono
1994 5106 2148 5173 quasi

2244 4563 2382 4616 ξέναι
2406 4562 2504 4631 τῆς
2535 4553 2887 4629 Ἰερουσαλὴμ
2915 4551 3119 4622 γυμνὸς
3147 4551 3238 4603 καὶ
3269 4547 3616 4607 ἀνυπόδετος.
3652 4544 3821 4609 Ἒδρα

2239 4654 2297 4708 δὲ
2340 4650 2499 4705 τοῦτο
2530 4648 2623 4702 τοῦ
2668 4648 2841 4700 δοκεῖν
2885 4643 3175 4713 εὐσχήμων
3224 4635 3364 4692 εἷναί
3393 4655 3494 4701 τις,
3526 4637 3586 4689 οὗ
3623 4634 3821 4702 σξηόδρα

2244 4739 2637 4815 πεφροντικὼς,
2675 4737 2769 4791 καὶ
2815 4735 2922 4789 τῶν
2954 4733 3299 4806 ἀρεσκόντων
3346 4729 3464 4799 Θεῴ
3514 4726 3823 4798 προστιθεὶς

2242 4834 2414 4894 οὐδὲν,
2441 4830 2546 4885 κᾶν
2594 4831 2643 4882 εἰ
2687 4826 2929 4896 φαίνοιτό
2966 4842 3017 4877 τι
3049 4823 3187 4893 βαρὺ
3231 4822 3325 4875 καὶ
3374 4820 3567 4890 μώμου
3604 4817 3821 4888 μεστόν.

2256 4921 2396 4974 Ἀλλ’
2425 4919 2554 4983 ἴσως
2585 4917 2721 4988 πρὸς
2745 4914 2901 4968 τοῦτο
2930 4914 3044 4982 ἐρεῖ
3075 4925 3185 4972 τις·
3225 4910 3323 4962 Διὰ
3350 4910 3401 4961 τί
3428 4908 3535 4977 γὰρ
3568 4907 3643 4975 μὴ
3693 4905 3819 4973 μεῖν.-

2246 5011 2336 5065 λον
2364 5010 2735 5083 προηγόρευσε
2769 5005 2926 5075 μόνον
2949 5004 3062 5064 τοῖς
3093 4998 3153 5064 ἐξ
3199 4998 3413 5070 Ἰσραὴλ
3445 4999 3512 5048 τὰ
3550 4994 3821 5063 συμϐησῶ

2250 5120 2386 5173 μενα
2432 5103 2545 5164 τοῖς
2577 5096 2892 5167 Αἰγυπτίοις
2936 5093 3076 5146 κατὰ
3104 5090 3362 5162 καιρούς;
3398 5086 3738 5155 Πεπόρευται
3771 5083 3820 5135 δὲ

580 5212 892 5263 Comitatus,
940 5207 995 5252 et
1051 5199 1102 5251 in
1151 5198 1497 5252 meditatione
1528 5196 1776 5258 illustris,
1815 5196 1989 5265 ipsum
2017 5197 2125 5251 adet

2246 5192 2420 5256 οὕτως
2445 5190 2648 5261 γυμνός
2675 5205 2733 5242 τε
2764 5187 2858 5240 καὶ
2894 5183 3218 5244 ἀνυπόδετος
3247 5184 3275 5234 ὁ
3301 5178 3582 5247 διαϐόητος
3612 5178 3669 5226 ἐν
3700 5191 3819 5242 τερο-

579 5307 795 5349 saceum
857 5291 1042 5355 exuit,
1105 5306 1207 5343 non
1257 5289 1468 5343 mollem
1510 5304 1639 5343 sane
1673 5298 1765 5341 aut
1816 5286 2125 5355 Splenditlan

2248 5286 2464 5353 φήταις,
2494 5283 2592 5352 τῆς
2624 5278 2772 5348 αὐτῷ
2803 5275 3117 5347 πρεπούσης
3151 5270 3447 5339 εὐκοσμίας
3491 5266 3819 5334 test-313mb;

585 5395 811 5446 vestem,
853 5382 945 5437 sed
976 5394 1217 5435 crassam
1277 5381 1453 5450 potius
1501 5389 1552 5434 et
1593 5380 1798 5443 vilem;
1838 5379 1951 5445 ipsa
1984 5377 2145 5431 etiam

585 5474 744 5526 solvit
782 5474 972 5541 pedum
1023 5470 1409 5535 calceamenta,
1467 5469 1556 5523 tali
1598 5469 1782 5523 habitu
1820 5467 2145 5535 ingrediens,

586 5570 646 5615 ut
673 5563 763 5630 qui
796 5562 972 5629 ipsum
1006 5560 1242 5626 videant,
1274 5562 1377 5616 hoc
1404 5560 1686 5623 mirentur,
1716 5572 2014 5625 causasque
2040 5555 2147 5609 sei-

660 5734 702 5765 "
733 5733 836 5789 (sa.
874 5732 1047 5792 nni
1089 5745 1236 5801 seqq.
1313 5733 1515 5788 "Osee
1552 5747 1644 5795 \‘ll,
1689 5729 1770 5782 ll.

1847 5727 1889 5758 ⁷³
1915 5727 2012 5779 lsa.
2055 5742 2200 5793 nat,
2233 5726 2278 5791 ι,
2305 5725 2355 5778 9..

2254 5374 2397 5444 Πρὸς
2444 5374 2507 5443 δὴ
2544 5371 2700 5424 τοῦτό
2734 5385 2914 5438 φαμεν
2963 5368 3044 5418 ὅτι
3094 5367 3205 5425 τοῖς
3248 5361 3353 5412 τῶν
3407 5358 3703 5426 προφητῶν
3733 5358 3819 5407 οὐ)

2253 5461 2532 5514 ἐπείθοντο
2563 5459 2760 5526 λόγοις,
2799 5455 2996 5525 μᾶλλον
3024 5452 3080 5504 δὲ
3113 5452 3210 5503 καὶ
3240 5446 3513 5513 ἐπετίμων
3560 5448 3673 5499 τοῖς
3706 5461 3817 5513 προ.

2255 5551 2538 5621 αγορεύειν
2585 5550 2827 5602 ἐθέλουσι
2869 5545 2938 5599 τὰ
2976 5544 3229 5611 ἐσόμενα,
3274 5539 3521 5605 λέγοντες
3548 5554 3560 5568 ·
3617 5557 3633 5588 ι
3668 5536 3834 5589 Ἅλλα

2433 5724 2476 5755 ⁷⁸
2500 5722 2599 5776 lsa.
2655 5738 2780 5788 xxx,
2840 5723 2918 5777 ιο.
