4166 6296
394 486 495 543 εὗδί

1495 485 1559 541 IN
1600 482 1833 539 lSAlAM
1876 482 2002 539 LIB.
2042 482 2110 538 ll.
2152 481 2391 540 TOMUS
2428 480 2523 536 IV.

3552 475 3651 530 ιει

398 610 533 679 ἡμῖν
545 606 775 670 λαλεῖτε,
794 605 885 659 καὶ
908 605 1264 674 ἀναγγέλλετε
1287 606 1417 677 ἡμῖν
1440 603 1632 675 ἑτέραν
1651 603 1964 674 numqst

2081 602 2382 668 scitentur,
2438 586 2494 654 et
2526 598 2671 653 scire
2714 595 2996 666 cupientes
3052 605 3150 646 cur
3177 590 3280 646 hoc
3312 587 3525 650 fecerit,
3559 607 3651 640 νει.

398 699 584 770 Ταὺτῃ
607 715 689 750 τοι
720 696 811 750 καὶ
830 697 972 768 μάλα
1005 697 1190 766 σαφῶς
1218 698 1246 750 ὁ
1272 696 1524 767 σώφρων,
1558 698 1585 749 ὁ
1614 694 1859 766 κόσμιος,
1883 695 1976 747 καὶ

396 790 598 861 ἀρετῆς
622 789 835 858 ἀπάσης
851 788 1124 858 ἔμπλεως,
1150 790 1179 842 ὁ
1207 791 1517 860 προφητικῇ
1537 786 1975 857 κατεστεμμένος

392 882 596 952 χάριτι,
624 880 718 935 καὶ
747 882 803 934 ἐν
837 882 1069 951 ἀσκήσει
1117 881 1444 952 περιφανὴς,
1496 880 1591 933 καὶ
1638 878 1799 932 αὐτὸν
1843 879 1977 930 ἀπο-

393 975 573 1027 δύεται
614 973 705 1026 τὸν
752 973 976 1035 σάκκον,
1029 972 1090 1025 οὐ
1133 971 1403 1043 τρυφερὸν
1454 971 1685 1039 ἱμάτιον,
1729 969 1876 1039 παχὺ
1918 967 1975 1020 δὲ

398 1064 593 1134 μᾶλλον
641 1064 734 1117 καὶ
786 1063 998 1125 εὐτελές
1021 1079 1035 1093 ⁸
1082 1062 1309 1117 ἀπολύει
1340 1062 1397 1115 δέ
1427 1062 1520 1114 καὶ
1564 1060 1672 1114 τῶν
1706 1060 1879 1113 ποδῶν
1907 1059 1976 1112 τὰ

397 1157 669 1219 σανδάλια,
705 1156 800 1211 καὶ
831 1154 980 1225 ἐντῷ
999 1155 1185 1225 τοιῷδε
1211 1153 1418 1224 βαδίζει
1449 1154 1687 1223 σχήματι
1708 1168 1721 1182 ·
1753 1151 1820 1204 ἵν’
1846 1150 1975 1203 αὐτὸ

392 1246 455 1315 δὴ
498 1244 658 1297 τοῦτο
691 1243 1062 1313 θαυμάζοντες
1093 1244 1142 1294 οἱ
1178 1242 1414 1313 ὁρῶντες
1458 1242 1638 1303 αὑτὸν,
1671 1239 1976 1293 ἀναπυνθά-

393 1352 590 1387 νωνται
638 1335 736 1397 τὰς
782 1335 981 1399 αἰτίας,
1025 1334 1121 1386 καὶ
1152 1332 1237 1402 ἐφ’
1270 1333 1377 1402 ὅτῳ
1406 1330 1564 1384 τοῦτο
1596 1330 1877 1402 πέπραχεν
1900 1331 1975 1381 εἰ·

391 1424 541 1478 δέναι
591 1425 1005 1487 σπουδάζοντες,
1064 1422 1559 1493 πληροφορηθεῖενο
1605 1422 1687 1474 ὅτι
1740 1420 1973 1491 ματαίαν

388 1517 579 1586 ἔχουσι
627 1516 723 1586 τὴν
756 1517 844 1567 ἐπ’
873 1514 1178 1585 ἀνθρώποις
1216 1514 1402 1567 ἐλπίδα
1423 1532 1438 1546 ·
1472 1514 1566 1566 καὶ
1592 1514 1729 1583 χρῆν
1769 1512 1833 1582 δή
1869 1529 1971 1564 που

397 1605 599 1674 μᾶλλον
621 1607 815 1667 αὐτοὺς
854 1604 1136 1674 γλίχεσθαι
1161 1605 1261 1673 μὲν
1283 1603 1381 1672 τῆς
1401 1601 1606 1657 ἄνωθεν
1650 1599 1968 1670 εὐημερίας,

393 1694 688 1764 ἐπίκουρον
713 1694 769 1745 δὲ
793 1692 1060 1746 ποιεῖσθαι
1092 1691 1264 1761 φιλεῖν
1285 1691 1373 1742 τὸν
1399 1690 1485 1742 ἀεὶ
1515 1688 1792 1740 σεσωκὸτα
1814 1684 1966 1737 Θεὸν.

391 1784 434 1835 Γ
438 1784 612 1851 υμνοῦ
655 1783 833 1836 τοίνυν
886 1783 979 1834 καὶ
1028 1779 1354 1834 ἀνυποδέτου
1388 1776 1834 1848 περινοστοῦντος
1872 1775 1971 1847 τὴν

403 1874 659 1926 Ἰουδαίαν
685 1872 779 1928 τοῦ
825 1872 1093 1943 μακαρίου
1129 1872 1429 1941 προφήτου,
1469 1871 1565 1922 καὶ
1597 1867 1787 1930 πτοίας
1818 1868 1970 1934 ἐγγι⁴

2079 708 2204 747 nam
2263 707 2322 747 se
2377 704 2527 759 spem
2584 689 2838 744 habuisse
2877 687 2928 740 in
2960 684 3285 748 hominibus,
3313 682 3649 751 exploratum

2077 782 2357 837 habeant:
2408 797 2532 835 cum
2590 780 2916 850 oportuisset
2971 777 3167 846 potius,
3218 790 3250 831 e
3294 775 3543 842 supernis
3572 774 3653 827 t'a-

2075 888 2260 927 vorem
2325 872 2556 935 antbire,
2599 876 2877 937 Deumque
2904 867 3003 923 sibi
3033 867 3321 921 conciliare
3347 866 3673 932 atltninicng

2080 962 2337 1024 latorem,
2364 961 2456 1029 qui
2496 976 2711 1029 semper
2740 959 2994 1015 servavit.
3027 956 3256 1012 Proinde
3282 958 3422 1011 nudo
3448 967 3502 1011 et
3531 956 3652 1011 sine

2079 1052 2280 1106 calceis
2306 1052 2720 1120 perambulante
2751 1049 2989 1104 Judwatn
3024 1051 3180 1103 beato
3210 1050 3492 1118 propheta,
3527 1064 3647 1102 cum

2077 1140 2478 1207 spectatoribus
2515 1154 2617 1192 non
2652 1139 2880 1208 exiguus
2917 1141 3077 1193 timor
3110 1139 3465 1203 incuteretur,
3497 1137 3649 1192 Dixit

2076 1230 2356 1294 Dominus,
2407 1231 2622 1299 inquit:
2677 1231 3139 1297 Quemadmodum
3197 1230 3435 1284 ambulat
3485 1231 3649 1284 Isaias

2074 1335 2206 1391 puer
2235 1336 2388 1375 meus
2433 1321 2607 1374 nudus
2674 1332 2728 1375 et
2762 1321 3136 1384 discalceatus,
3177 1322 3256 1375 sic
3289 1322 3457 1375 tribus
3490 1323 3648 1375 annis

2074 1422 2236 1465 erunt
2283 1412 2434 1480 signa
2473 1419 2527 1463 et
2563 1410 2804 1479 prodigia
2835 1410 2887 1463 in
2942 1408 3226 1480 Egyptios
3263 1419 3317 1465 et
3344 1410 3645 1480 Ethiopes.

2073 1496 2227 1562 Nam,
2261 1507 2317 1551 ut
2373 1498 2621 1566 superius
2669 1498 2800 1558 dixi,
2850 1512 2972 1550 cum
3031 1500 3262 1568 Assyrias
3295 1515 3387 1553 rex
3416 1500 3649 1554 triennio

2076 1596 2188 1642 toto
2239 1588 2525 1659 Egyplutn
2553 1627 2568 1652 ,
2629 1586 3021 1657 Etltiopesqtte
3056 1590 3284 1653 vicinos,
3342 1601 3397 1644 et
3435 1589 3650 1647 Theba-

2076 1695 2269 1733 norum
2326 1688 2528 1733 terram
2584 1680 2892 1732 accolentes
2942 1680 3315 1747 depopulatus,
3344 1682 3649 1750 complures

2074 1774 2318 1841 captivos
2360 1774 2607 1836 haberet,
2639 1771 3014 1842 Egyptiorntn
3038 1774 3438 1828 calamitatibus
3462 1774 3646 1828 essul-

2077 1876 2196 1919 tuus
2240 1874 2295 1919 et
2348 1864 2683 1918 insolescens
2715 1882 2729 1917 :
2764 1874 2912 1929 tunc,
2970 1874 3097 1918 tunc
3157 1866 3380 1919 illustris
3431 1868 3647 1919 domum

389 1963 620 2032 νομένης
655 1964 767 2025 τοῖς
809 1962 1005 2031 ὁρῶσιν
1054 1963 1215 2015 αὑτὸν
1241 1963 1302 2014 οὐ
1336 1961 1561 2032 μικρᾶς,
1598 1956 1785 2022 Εἶπεν,
1814 1958 1964 2028 φησὶ,

2077 1957 2269 2010 iterum
2310 1956 2607 2009 reducitur.

390 2052 589 2121 Κύριος
613 2068 626 2081 ·
665 2053 760 2105 Ὃν
777 2052 975 2122 τρόπον
1000 2053 1330 2122 πεπόρευται
1368 2048 1601 2113 Ἡσαΐας
1626 2052 1655 2103 ὁ
1679 2051 1808 2111 παῖς
1868 2065 1992 2117 μου,
2033 2046 2239 2116 γυμνὸς
2305 2045 2397 2098 καὶ
2438 2045 2782 2111 ἀνυπόδετος,
2809 2045 2934 2117 τρία
2984 2046 3077 2117 ἔτη
3125 2045 3278 2101 ἔσται
3321 2049 3522 2117 σημεῖα
3554 2062 3649 2099 και

388 2145 591 2215 τέρατα
634 2148 744 2209 τοῖς
789 2146 1105 2214 Αἰγυπτίοις
1154 2147 1248 2200 καὶ
1288 2144 1658 2215 Αἱθίοψιν.Ὢς
1686 2144 1795 2216 γὰρ
1832 2144 1969 2213 ἔφην
2044 2141 2274 2210 φθάσας.
2329 2143 2386 2194 ἐν
2417 2140 2616 2209 ὀλίγοις
2647 2140 2790 2194 ἔτεσι
2834 2142 2978 2212 τρισί
3019 2140 3378 2215 καταδῃὼσας
3416 2143 3516 2212 τὴν
3549 2144 3646 2194 Αἰ·-

388 2237 630 2304 γυπτίων
652 2241 680 2292 ὁ
706 2239 812 2292 τῶν
843 2240 1138 2311 ’Δσσυρίων
1169 2238 1441 2308 βασιλεὺς,
1475 2239 1572 2292 καλ⁵
1603 2236 1709 2310 μὴν
1733 2237 1973 2297 καὶτοὺς
2010 2232 2436 2305 προσοικοῦντας
2499 2233 2759 2297 Αἰθίοπας
2803 2233 2962 2304 αὐτῇ,
3014 2235 3108 2286 καὶ
3150 2235 3215 2303 τῇ
3246 2232 3497 2302 Θηϐαίων
3530 2232 3645 2300 γεί-

387 2346 565 2393 τονας,
614 2330 873 2401 πλείστην
921 2331 1064 2401 ἔχων
1115 2330 1517 2400 αἰχμαλωσίαν,
1584 2331 1679 2385 καὶ
1727 2331 1847 2392 ταῖς
1889 2326 2199 2395 Αἰγυπτίων
2243 2324 2656 2396 ἐνσπαταλήσας
2716 2327 3051 2395 συμφοραῖς’
3086 2324 3208 2377 τότε
3256 2325 3320 2397 δὴ
3347 2325 3467 2377 τότε
3508 2323 3648 2395 λαμ-

388 2420 524 2491 πρὸς
554 2423 693 2476 οἴγοι
732 2423 892 2476 πάλιν
923 2422 1299 2493 ἀνεκομίζετο.

458 2520 572 2573 Καὶ
619 2517 1060 2586 ἡττηθήσονται
1104 2513 1538 2583 αἰσχυνθέντες
1582 2519 1634 2570 ot
1663 2515 1965 2584 Αἰγύπτιοι

389 2609 488 2662 ὲ.τί
533 2606 660 2671 τοῖς
707 2605 1000 2672 Αἰθίοψιν,
1046 2603 1138 2672 ἐφ’
1185 2604 1275 2669 οἷς
1318 2600 1482 2673 ἦσαν
1521 2604 1868 2669 πεποιθὸτες
1912 2607 1964 2658 οι

392 2699 701 2767 Αἰγύπτιοι
721 2713 735 2727 ο
764 2691 926 2764 ἦσαν
949 2695 1058 2764 γὰρ
1079 2694 1283 2760 αὐτοῖς
1304 2694 1467 2758 δόξα.
1500 2694 1608 2749 Καὶ
1636 2695 1879 2762 ἐροῦσιν
1909 2698 1964 2749 οἱ

396 2788 816 2852 κατοικοῦντες
866 2788 935 2840 ἐν
974 2785 1046 2854 τῇ
1095 2787 1266 2853 νήσῳ
1305 2788 1526 2855 ταύτῃο
1596 2786 1748 2841 Ἰδοὺ
1793 2786 1964 2857 ἡμεῖς

396 2875 550 2950 ἦμεν
574 2876 939 2941 πεποιθότες,
978 2874 1082 2930 τοῦ
1119 2875 1331 2945 φυγεῖν
1349 2878 1434 2943 εἰς
1459 2876 1678 2942 αὐτοὺς
1714 2879 1797 2943 είς
1811 2877 1963 2943 ,βοή-

398 2972 583 3030 θειαν,
624 2966 721 3020 καὶ
758 2969 868 3021 οὐκ
894 2966 1192 3039 ἠδύναντο
1229 2967 1495 3037 σωθῆναι
1523 2969 1639 3024 ἀπὸ
1657 2969 1963 3036 ,βασιλέως

407 3059 753 3126 Ἀσσυρίων,
783 3058 878 3111 καὶ
916 3056 1037 3123 πῶς
1064 3058 1229 3127 ἡμεῖς
1258 3060 1648 3128 σωθησόμεθα
1665 3075 1685 3124 ;

465 3149 546 3200 Τὰ
567 3147 827 3218 πρόσοικα
854 3151 917 3219 τῇ
949 3147 1196 3219 Θηϐαίων
1220 3148 1346 3220 ἔθνη
1378 3149 1648 3221 βάρϐαρα,
1679 3150 1961 3221 Βλέμμυες

2131 2506 2298 2564 Vens.
2330 2509 2383 2576 5,
2417 2507 2469 2563 6.
2497 2506 2564 2561 Et
2596 2508 2892 2563 erubescent
2926 2508 3049 2562 victi
3079 2521 3238 2575 super
3266 2505 3642 2574 ﬂthiopibus,

2056 2603 2243 2673 quibus
2285 2603 2469 2670 conﬁsi
2504 2612 2624 2656 sunt
2665 2600 2940 2670 Egyptii;
2966 2608 3114 2654 erant
3155 2598 3294 2653 enim
3331 2600 3406 2653 eis
3446 2598 3657 2668 gloria;

2065 2693 2130 2747 Et
2163 2696 2333 2747 dicent
2365 2694 2680 2748 habitatores
2708 2694 2894 2747 insula:
2925 2694 3077 2746 istius
3113 2706 3133 2745 :
3166 2692 3300 2747 Ecce
3331 2709 3425 2747 nos
3458 2691 3647 2761 conﬁsi

2059 2802 2263 2849 sumus,
2291 2795 2345 2839 ut
2379 2785 2769 2855 confugeremus
2802 2784 2871 2837 ad
2903 2800 2987 2838 eos
3022 2785 3077 2837 in
3099 2784 3379 2850 auxilium,
3418 2785 3506 2855 qui
3541 2792 3647 2838 non

2079 2885 2360 2943 potuerunt
2393 2875 2604 2945 defendi
2638 2885 2818 2928 contra
2856 2890 3024 2944 regem
3056 2875 3411 2946 Assyriorum.
3442 2875 3511 2931 Et
3545 2891 3647 2945 quo

2071 2980 2221 3037 pacto
2246 2969 2571 3023 seroabimur
2596 2967 2730 3021 nos?

2137 3144 2348 3200 Accolae
2376 3144 2754 3199 Thebanorum
2793 3151 2917 3198 sunt
2950 3150 3137 3214 gentes
3170 3144 3437 3211 baroaraa,
3465 3143 3648 3201 Blem-

385 3240 443 3293 δὲ
466 3233 631 3303 οὗτοι,
662 3239 712 3292 οἳ
737 3240 831 3293 καὶ
860 3243 994 3294 εἰσὶν
1025 3240 1299 3305 Αίθίοπες,
1332 3242 1722 3312 εὐτεχνέστατα
1751 3243 1847 3312 μὲν
1866 3242 1964 3306 τὰς

2069 3252 2237 3308 myes,
2261 3239 2351 3306 qui
2384 3237 2521 3291 idem
2555 3245 2681 3291 sunt
2706 3234 3008 3306 )Ethiopes,
3033 3236 3194 3307 302
3228 3236 3472 3293 homines
3506 3239 3649 3307 peri-

386 3330 556 3402 βελῶν
586 3331 903 3402 ἀφαιρέσεις
935 3333 1203 3387 ποιεῖσθαι
1233 3332 1658 3405 μεμε-λετήκασι.
1681 3334 1963 3405 Φαρμάκῳ

383 3423 439 3475 δὲ
485 3422 684 3487 ταύτας
729 3423 1083 3494 ἀποχρίοντες
1127 3423 1498 3494 ὀλεθριωτάτῳ
1535 3426 1800 3494 ἑπαφίασι
1851 3428 1963 3488 τοῖς

387 3515 715 3587 μαχομένοις
735 3531 750 3545 ·
796 3514 899 3568 κᾶν
924 3517 971 3567 εί
1000 3515 1425 3586 προσψαύσειαν,
1455 3515 1775 3588 τεθνήξεται
1821 3517 1973 3570 πάν-³

382 3621 490 3667 τως
520 3607 549 3656 ὁ
581 3605 831 3675 πληγεὶς,
864 3606 959 3658 καὶ
1000 3604 1189 3677 ὥσπερ
1230 3624 1315 3670 τις
1359 3609 1678 3679 ὀφιόδηκτος
1724 3607 1963 3677 γεγονὼς

386 3698 724 3769 παραχρῆμα
768 3694 1147 3752 πεσεῖταιῘΗν
1189 3692 1284 3751 οὖν
1316 3699 1375 3752 ὲν
1404 3698 1525 3751 ἔθει
1554 3701 1647 3752 καὶ
1673 3699 1833 3770 τριὸῇ
1868 3701 1964 3752 Αἰ-

387 3789 655 3857 γυπτίοις,
691 3788 924 3859 πολέμου
958 3791 1053 3843 καὶ
1085 3791 1262 3861 μάχης
1291 3791 1703 3863 ἐπηρτημένων,
1731 3791 1828 3854 τὰς
1854 3791 1963 3846 τῶν

386 3879 658 3932 Αἰθιόπων
679 3880 1043 3950 καταμισθοῦν
1060 3899 1118 3934 τε
1142 3882 1443 3952 φάλαγγας,
1468 3889 1560 3935 καὶ
1585 3883 1726 3953 μέγα
1746 3887 1963 3953 φρονεῖν

385 3972 475 4024 ἐπ’
511 3972 693 4034 αὐτοῖς
719 3987 732 3999 ·
761 3972 873 4025 ἀλλ’
903 3972 1119 4043 ἥλωσαν
1152 3975 1247 4028 σὺν
1278 3976 1460 4038 αὐτοῖς
1490 3976 1588 4045 τῆς
1624 3974 1732 4028 τῶν
1771 3976 1958 4029 Ἀσσυ-

387 4064 519 4135 ρίων
551 4064 800 4136 ἀνδρείας
843 4065 1161 4137 ἡττώμενοι.
1201 4067 1655 4138 Αἰηυνθήσονται
1694 4069 1873 4123 τοίνυν
1910 4070 1960 4122 οἰ

384 4154 696 4219 Αἰγύπτιοι,
739 4157 924 4225 φησὶν,
971 4158 1064 4210 ἐπὶ
1112 4160 1223 4222 τοῖς
1270 4158 1537 4228 Αἰθίοψιν,
1580 4161 1665 4230 ἐφ’
1694 4154 1775 4224 οἷς
1820 4156 1960 4232 ἦσαν

386 4243 729 4308 πεποιθότες.
758 4246 1217 4319 Κατειλημμένων
1245 4249 1355 4321 γὰρ
1384 4251 1477 4303 καὶ
1502 4251 1680 4304 αὐτῶν
1708 4251 1801 4304 καὶ
1830 4269 1961 4306 νενι-

383 4352 456 4404 κη
464 4335 662 4406 μένων,
697 4336 912 4407 ἐροῦσιν
932 4340 981 4390 oi
1006 4340 1061 4393 ἐν
1090 4342 1156 4410 τῇ
1191 4342 1337 4410 νήσῳ
1354 4340 1525 4411 ταύτῃ
1546 4341 1920 4407 κατοικοῦντες
1941 4359 1956 4374 ·

396 4428 527 4480 Ἰδοὺ
561 4429 719 4498 ἡμεῖς
755 4424 897 4499 ἦμεν
930 4430 1239 4494 πεποιθότες
1264 4432 1395 4484 ποτὲ
1423 4432 1516 4484 τοῦ
1549 4434 1738 4500 φυγεῖν
1757 4433 1836 4496 εἰς
1858 4434 1957 4487 αὐ-

381 4521 508 4582 τοὺς
535 4521 614 4584 εἰς
649 4520 921 4592 βοήθειαν,
957 4524 1006 4577 οἳ
1042 4524 1140 4576 οὐκ
1169 4523 1428 4592 ἠδύναντο
1461 4524 1696 4594 σωθῆναι
1730 4526 1836 4579 άπὸ
1870 4527 1959 4596 βα-

2074 3325 2287 3390 tissimi,
2319 3325 2438 3379 telis
2469 3326 2744 3381 mittendis
2796 3335 2958 3396 atque
2997 3327 3311 3396 torquendis
3342 3328 3648 3394 exercitati,

2070 3432 2188 3485 quae
2219 3431 2428 3473 Veneno
2458 3416 2917 3489 perniciosissimo
2945 3417 3158 3472 inuncta
3178 3459 3192 3485 ,
3221 3419 3273 3473 in
3305 3434 3398 3475 eos
3427 3423 3649 3492 quibus~

2069 3524 2190 3562 cum
2218 3509 2640 3579 congrediuntur
2663 3509 3069 3579 ejaculabantur
3093 3527 3109 3565 :
3136 3511 3180 3565 si
3208 3512 3499 3581 tetigerint,
3524 3528 3648 3583 per-

2069 3615 2257 3655 cussus
2287 3602 2507 3655 omnino
2532 3601 2781 3665 moritur,
2806 3610 2860 3656 et
2886 3600 3108 3671 perinde
3140 3613 3302 3672 atque
3332 3617 3361 3657 a
3394 3618 3647 3672 serpente

2070 3706 2304 3758 morsus,
2340 3691 2628 3748 confestim
2663 3693 2919 3749 concidit.
2952 3693 3080 3747 Erat
3115 3693 3278 3762 igitur
3311 3693 3363 3748 in
3403 3710 3555 3749 more
3591 3707 3646 3752 et

2069 3784 2461 3839 consuetudine
2504 3782 2796 3854 Egyptiis,
2831 3783 2970 3839 bello
3017 3795 3070 3839 et
3116 3799 3290 3855 pugna
3340 3784 3642 3856 ingruente,

2067 3872 2403 3943 IEthiopicas
2434 3875 2727 3945 phalanges
2760 3876 3120 3931 conductitias
3152 3891 3461 3947 corrogare,
3491 3884 3546 3930 et
3577 3877 3644 3931 de

2067 3966 2172 4019 illis
2199 3965 2485 4034 plurimum
2514 3968 2826 4035 superbire;
2853 3981 3037 4020 verum
3066 3981 3185 4021 cum
3219 3948 3483 4036 illis'capti
3517 3980 3643 4024 sunt

2069 4054 2382 4110 fortitudine
2425 4057 2767 4125 Assyriorum
2811 4055 3033 4110 devicti.
3070 4055 3407 4110 Erubescent
3453 4057 3637 4126 igitur,

2068 4147 2273 4216 inquit,
2321 4145 2557 4216 Egyptii
2620 4147 2673 4200 in
2727 4145 3070 4215 Ethiopibus
3126 4147 3321 4215 quibus
3379 4146 3635 4204 fidebant.

2065 4238 2247 4307 Captis
2292 4240 2435 4294 enim
2485 4237 2587 4292 illis
2635 4248 2688 4292 et
2734 4239 3034 4307 superatis,
3066 4238 3244 4293 dicent
3289 4239 3404 4309 ejus
3450 4241 3637 4297 insulae

2065 4331 2396 4386 habitatores
2423 4347 2437 4385 :
2469 4330 2607 4385 Ecce
2640 4346 2737 4385 nos
2762 4330 2951 4385 conﬁsi
2983 4345 3200 4386 eramus
3231 4341 3287 4386 ut
3317 4332 3637 4403 confugere-

2066 4436 2185 4475 ntus
2220 4421 2284 4474 ad
2317 4435 2411 4475 eos
2441 4421 2844 4493 auxiliigratia,
2872 4421 2961 4491 qul
2996 4437 3098 4476 non
3131 4432 3415 4493 potuerunt
3447 4433 3634 4478 eontra

2066 4527 2243 4581 regem
2278 4492 2905 4579 tittvn-iornm’del'endi;
2934 4528 3165 4583 quonam
3205 4524 3361 4583 pacto
3395 4516 3634 4569 servabi-

387 4609 578 4670 σιλέως
607 4588 935 4678 ’Ᾰσσυρίωψ
969 4612 1063 4664 καὶ
1089 4588 1204 4674 πῶς
1229 4612 1392 4680 ἡμεῖς
1427 4588 1783 4682 σωθησόμεθα
1808 4628 1823 4678 ;
1849 4588 1957 4683 Νῆ-

2068 4619 2184 4656 Inur
2233 4606 2359 4657 nosi
2407 4604 2642 4659 msulam
2698 4604 2863 4674 igitur
2906 4603 3194 4676 Egyptum
3249 4604 3520 4668 nominat,
3568 4620 3634 4658 eo

388 4712 480 4747 σον
510 4696 606 4764 μὲν
643 4693 731 4750 οὖν
771 4699 872 4768 τὴν
901 4699 1176 4766 Αἴγυπτον
1202 4696 1475 4768 ὀνομάζει,
1501 4699 1590 4752 διά
1618 4716 1700 4752 τοι
1734 4700 1794 4753 τὸ
1821 4697 1959 4755 εἶναι

387 4785 712 4857 περίρρυτον
744 4792 1033 4859 ποταμοῖς,
1067 4789 1159 4843 καὶ
1186 4789 1403 4860 λίμναις
1440 4790 1644 4844 ὑδάτων
1672 4791 1958 4856 διεςῶσθαι

385 4877 680 4948 πανταχοῦ·
703 4881 1008 4950 εἰσκομίζει
1034 4898 1098 4950 γε
1124 4880 1229 4952 μὴν
1253 4881 1377 4945 τοὺς
1407 4882 1743 4947 ἐνοικοῦντας
1769 4884 1957 4954 αὐτὴν,

378 4966 481 5036 τῆς
528 4967 618 5019 ἐπὶ
662 4971 774 5031 τοῖς
815 4967 1059 5038 Αἰθίοψιν
1091 4968 1305 5032 ἐλπίδος
1337 4969 1863 5038 καταγινώσκοντας.
1896 4971 1960 5024 El

377 5057 487 5126 γὰρ
529 5058 747 5127 ἣλωσαν
798 5060 972 5125 αὐτοὶ,
1010 5060 1193 5129 φησὶν,
1231 5059 1348 5124 πῶς
1381 5060 1446 5115 ἂν
1477 5061 1776 5115 ἐκσώσειαν
1831 5061 1958 5125 τοὺς

377 5149 464 5199 ἐπ’
491 5149 670 5212 αὐτοῖς
698 5149 1053 5231 πεποιθότας
1092 5151 1317 5219 Ἀγαθὸν
1349 5147 1440 5204 οὖν
1469 5151 1578 5222 ἄρα
1622 5150 1683 5203 τὸ
1716 5150 1955 5215 ἐλπίζειν

306 5308 317 5314 ι
376 5240 716 5309 ἑπὶΚύριον,
739 5240 771 5310 ἢ
794 5241 1109 5295 πεποιθέναι
1130 5243 1216 5295 ἐπ’
1238 5243 1520 5314 ἄνθρωπον
1541 5261 1554 5273 ο
1581 5244 1674 5296 καὶ
1696 5241 1770 5305 ὥς
1792 5260 1956 5314 φησιν

376 5330 404 5380 .3
452 5330 734 5400 προφήτης
774 5331 1070 5401 Ἱερεμίας·
1116 5352 1133 5382 ι
1161 5334 1587 5404 Ἐπικατάρατος
1620 5335 1717 5403 μὲν
1749 5334 1958 5404 ἄνθρω-

376 5434 479 5482 πος
527 5419 585 5482 ὃς
626 5421 725 5491 τὴν
761 5421 950 5477 ἐλπίδα
978 5424 1090 5494 ἔχει
1115 5424 1546 5496 ἐπ’Έινθρωπον,
1579 5425 1673 5477 καὶ
1713 5424 1956 5495 στηρίξει

374 5509 558 5580 σάρκα
603 5509 881 5581 βραχίονος
908 5514 1070 5567 αὑτοῦ
1090 5531 1104 5545 ε
1137 5515 1497 5585 εὐλογημένος
1524 5532 1587 5582 γε
1615 5513 1738 5586 μὴν,
1774 5514 1832 5576 ὃς
1858 5515 1953 5566 πέο

372 5600 562 5655 ποιθεν
589 5603 685 5656 ἐπὶ
707 5602 783 5674 τῷ
811 5605 1002 5676 Κυρίῳ
1023 5607 1114 5659 καὶ
1142 5606 1294 5659 ἔσται
1325 5606 1526 5676 Κῦριος
1550 5604 1705 5668 ἐλπὶς
1732 5603 1947 5658 adt-06.x

382 5694 496 5749 Ἀεὶ
523 5694 579 5749 δέ
611 5712 729 5760 πως
756 5696 903 5767 ἡμᾶς
934 5698 964 5748 ὁ
989 5695 1325 5767 προφητικὸς
1369 5695 1573 5765 ὀνίνησι
1621 5695 1775 5764 λόγος
1797 5711 1810 5726 ·
1852 5695 1956 5748 κᾶν

416 5870 501 5935 ,⁷⁵’
539 5870 749 5928 Jcrent.
790 5854 922 5938 xvn‘,
959 5871 1086 5935 5,7.

2056 4696 2197 4763 qutnd
2224 4693 2534 4750 ﬂuminibus
2565 4695 2903 4751 circumﬂuat
2931 4705 2985 4750 et
3011 4697 3216 4765 stagnis
3243 4711 3501 4766 aquarum
3535 4712 3634 4750 un—

2058 4787 2218 4853 dique
2254 4787 2518 4856 ciugatur.
2587 4786 2881 4841 lntroducit
2915 4785 3029 4854 ejus
3068 4786 3393 4840 habitatores
3427 4784 3633 4856 seipsos

2059 4878 2171 4946 Spei
2202 4879 2254 4931 in
2286 4876 2634 4948 Ethiopibus
2665 4877 2936 4932 collocatae
2966 4879 3300 4931 damnantes.
3326 4875 3382 4931 Si
3410 4878 3629 4944 etenim,

2061 4969 2263 5036 inquit,
2314 4968 2455 5037 capti
2509 4978 2632 5023 sunt
2678 4969 2812 5040 ipsi,
2864 4968 3097 5022 confisos
3145 4968 3246 5023 sibi
3277 4969 3365 5038 qui
3416 4982 3634 5023 scrvare

2059 5059 2344 5128 poterunt?
2376 5059 2563 5113 Melius
2592 5069 2674 5112 est
2701 5073 2829 5128 ergo
2860 5073 3080 5126 sperare
3115 5058 3167 5113 in
3194 5057 3441 5121 Domino,
3472 5073 3630 5128 quam

2057 5149 2326 5202 conlidere
2356 5149 2407 5201 in
2440 5148 2679 5215 homine,
2707 5161 2780 5215 et,
2812 5159 2866 5203 ut
2886 5150 3017 5204 dicit
3042 5149 3304 5204 Jeremias
3335 5150 3590 5219 pr0pheta
3616 5169 3629 5205 :

2065 5258 2084 5291 ι
2127 5238 2437 5293 Maledictus
2482 5240 2645 5294 homo
2687 5241 2780 5309 qui
2827 5255 2976 5307 spem
3017 5240 3177 5294 habet
3218 5240 3268 5292 in
3314 5240 3545 5301 homine,
3580 5250 3634 5293 et

2059 5331 2304 5385 innititur
2355 5331 2504 5386 carni
2569 5332 2775 5387 brachii
2828 5333 2907 5385 sui
2961 5350 2972 5384 :
3022 5331 3335 5385 benedictus
3380 5330 3469 5398 qui
3521 5329 3636 5381 lidit

2061 5422 2311 5488 Domino,
2334 5434 2385 5477 et
2408 5424 2513 5477 erit
2538 5423 2794 5477 Dominus
2819 5437 2940 5490 spes
2963 5422 3080 5490 ejus
3102 5419 3219 5473 7“.»
3249 5418 3432 5473 Oratio
3454 5427 3632 5472 autem

2057 5514 2368 5582 prophetica
2419 5513 2572 5566 nob's
2620 5525 2831 5578 semper
2874 5508 3018 5561 utilis
3061 5518 3174 5571 εει,
3226 5515 3281 5560 et
3324 5519 3633 5573 quanquam

2063 5603 2203 5658 forte
2254 5602 2588 5669 spiritualem
2647 5600 3047 5654 enarrationem
3107 5612 3214 5651 non
3275 5594 3471 5649 habeat
3523 5593 3636 5647 hmc

2064 5696 2320 5762 historia;
2336 5703 2516 5750 tamen
2551 5693 2691 5749 haud
2722 5691 2946 5763 exiguus
2974 5690 3181 5746 fructus
3212 5688 3335 5744 inde
3367 5684 3631 5756 pervenit.
