4166 6296
563 428 669 485 885

1562 431 1618 487 ε.
1660 429 1932 487 CYBILLI
1972 429 2439 486 ALEXANDRINI
2480 429 2796 487 ARCHIEP.

3708 423 3820 485 ιρι

565 544 761 600 Paulus
808 546 953 601 enim
1001 544 1131 600 dicit
1177 545 1292 601 haec
1342 546 1569 611 figurate
1622 549 1912 619 contigisse
1960 548 2132 616 majo-

2256 550 2281 600 ηί
2329 548 2403 619 μὴ
2433 546 2546 618 ἔχοι
2578 547 2739 617 τυχδν
2773 543 3148 614 πνευματικῆς
3195 538 3525 609 ἀφηγήσεως
3556 535 3757 607 τρόπον
3783 540 3843 609 η

566 638 736 700 ribus,
772 638 837 691 ad
871 646 1110 693 nostram
1143 653 1362 708 quoque
1394 639 1813 696 admonitionem
1853 655 1973 696 esse
2006 655 2132 695 con-

562 726 762 795 scripta
786 726 854 779 ⁷⁸.

1064 941 1264 999 VISIO
1302 943 1639 1001 DESERTI.

634 1079 945 1133 Terminato
973 1078 1331 1144 pulcherrime
1360 1096 1633 1147 sermone,
1658 1083 1748 1152 qui
1781 1083 1846 1138 de
1871 1082 2140 1154 Egyptiis

566 1172 781 1238 inquam
829 1171 1044 1224 habitus
1090 1179 1205 1234 est,
1246 1187 1368 1225 cum
1419 1186 1449 1225 a
1492 1174 1785 1241 propheta,
1822 1175 2037 1241 quando
2089 1181 2143 1228 et

568 1263 837 1330 quomodo
881 1277 978 1328 per
1026 1262 1181 1315 [idem
1227 1262 1296 1316 ad
1339 1262 1668 1330 agnitionem
1702 1263 1812 1317 veri
1855 1263 1945 1317 Dei
1980 1278 2140 1316 vet-a-

567 1362 755 1406 rentur
781 1352 1085 1419 cxpositum
1115 1350 1181 1404 sit
1214 1367 1230 1404 :
1264 1344 1328 1404 a‘d
1353 1349 1513 1403 aliam
1539 1351 1796 1405 visionem
1824 1366 1883 1406 se
1913 1351 2141 1417 confert,

570 1442 636 1496 de
669 1456 852 1495 eremo
895 1458 909 1493 :
960 1454 1060 1494 nec
1103 1439 1422 1508 simpliciter
1481 1438 1570 1494 hic
1615 1447 1772 1494 terra
1827 1441 2054 1493 desertae
2091 1449 2146 1494 et

571 1531 824 1587 desolata:
851 1530 981 1585 facit
1007 1530 1354 1594 mentionem,
1386 1529 1480 1584 sed
1514 1544 1755 1584 eremum
1785 1537 1945 1584 vocat
1971 1529 2147 1601 Baby-

575 1622 795 1688 loniam,
847 1636 967 1690 quae
993 1637 1115 1676 cum
1142 1622 1268 1676 olim
1301 1619 1723 1681 innumerabiles
1746 1621 1971 1677 haberet
1997 1621 2146 1676 inco-

574 1716 655 1769 las
686 1714 850 1769 fortes
875 1723 929 1768 et
957 1714 1407 1782 pugnacissimos,
1439 1715 1517 1768 ira
1552 1728 1583 1769 e
1613 1715 1861 1784 supernis
1890 1713 2038 1769 illata
2069 1715 2148 1770 sic

574 1807 853 1861 devastata
880 1814 983 1869 est,
1010 1814 1067 1857 ut
1091 1805 1315 1858 omnino
1344 1804 1481 1859 viris
1504 1818 1671 1859 vacua
1703 1815 2000 1871 remaneat,
2024 1821 2145 1860 cum

2242 635 2468 707 ἱστορία,
2495 635 2609 688 ἀλλ’
2640 630 2731 689 οὖν
2762 634 2822 686 τὸ
2863 633 2921 700 ἐξ
2945 631 3132 701 ,αὐτῆς
3158 628 3346 698 δφελος
3373 627 3432 680 οὐ
3463 626 3656 698 βραχύ.
3683 628 3821 698 Φησὶ

2239 724 2348 794 γὰρ
2373 728 2400 778 ὁ
2421 726 2651 791 Παῦλος,
2678 725 2922 789 τυπικῶς
2945 722 3262 793 συμϐαίνειν
3285 722 3399 783 τοῖς
3422 719 3819 791 ἀρχαιοτέροις,

2239 814 2552 885 γεγράφθαι
2581 831 2643 884 γε
2682 815 2788 885 μὴν
2815 813 2951 885 πρὸς
2983 809 3262 866 νουθεσίαν
3293 808 3472 882 ήμῶν.

2566 948 2651 999 T0
2691 948 2936 999 OPAMA
2983 945 3119 997 ΤΗΣ
3156 942 3484 996 ΕΡΗΜΟΥ.

2318 1074 2662 1145 Διαπερόινας
2708 1070 2766 1128 εὖ
2821 1074 2965 1141 μάλα
2994 1072 3084 1127 τὸν
3112 1073 3205 1126 ἐπί
3247 1072 3313 1141 γέ
3343 1090 3483 1144 φημι
3512 1076 3624 1137 τοῖς
3657 1076 3826 1142 Αἰγυ-

2255 1166 2433 1229 πτίοις
2458 1165 2634 1234 λόγον,
2666 1165 2871 1232 πηνίκα
2917 1180 2977 1217 τε
3024 1165 3118 1218 καὶ
3167 1164 3313 1228 ὃπως
3362 1164 3713 1235 κεκλήσονται
3742 1167 3827 1220 διὰ

2244 1257 2483 1320 πίστεως
2506 1257 2640 1325 πρὸς
2670 1257 2967 1325 ἐπίγνωσιν
2990 1254 3084 1308 τοῦ
3109 1255 3227 1309 κατ’
3244 1254 3500 1326 ἀλήθειαν
3518 1257 3670 1320 ὄντος
3689 1256 3825 1310 Θεοῦ

2243 1346 2470 1401 διειπὼν
2504 1348 2532 1399 ὁ
2580 1348 2884 1417 προφήτης,
2919 1347 3218 1418 μεταφοιτᾷ
3248 1345 3384 1417 πρὸς
3417 1346 3611 1418 ἑτέραν
3634 1348 3825 1417 ὅρασιν

2243 1437 2342 1507 τὴν
2391 1438 2521 1506 περὶ
2566 1437 2668 1506 τῆς
2712 1438 2955 1507 ἐρήμουθ
2999 1437 3092 1489 καὶ
3134 1436 3231 1505 οὐχ
3254 1434 3438 1498 ἁπλῶς
3476 1435 3580 1505 γῆς
3603 1437 3735 1508 ἡμῖν
3768 1438 3825 1489 ἐν

2246 1528 2453 1591 τούτοις
2481 1528 2735 1597 ἀοικήτου
2760 1528 2853 1579 καὶ
2884 1528 3095 1598 ἐρήμης
3136 1527 3367 1578 ποιεῖται
3399 1528 3618 1598 μνήμην
3638 1542 3653 1556 ·
3690 1525 3828 1580 ἀλλὰ

2247 1619 2356 1690 γὰρ
2387 1619 2591 1690 ἔρημον
2626 1618 2884 1688 ὀνομάζει
2932 1619 3031 1688 τὴν
3081 1617 3454 1683 Βαϐυλωνίων,
3485 1618 3521 1687 ἢ
3551 1633 3679 1669 ποτε
3726 1617 3827 1688 μὲν

2248 1710 2481 1783 ἀριθμοῦ
2530 1710 2845 1782 κρείττονας
2877 1705 2990 1781 εἶχε
3025 1711 3150 1773 τοὺς
3176 1710 3483 1780 οἰκήτορας,
3512 1708 3717 1770 δεινούς
3766 1727 3826 1762 τε

2249 1803 2343 1855 καὶ
2385 1801 2833 1872 μαχιμωτάτου-ς’
2866 1801 3136 1873 ἠρημώθη
3176 1800 3232 1853 δὲ
3267 1800 3458 1864 οὕτως,
3490 1799 3660 1871 ὀργῆς
3687 1800 3823 1872 αὐτῇ

574 1895 746 1964 Cyrus
798 1893 1082 1964 Cambysis
1137 1892 1278 1948 [ilius
1336 1902 1671 1963 oppugnaret
1723 1893 2073 1965 Babyloniam
2131 1912 2146 1950 :

2256 1894 2352 1965 τῆς
2380 1893 2584 1948 ἀνωθεν
2618 1893 3074 1964 ἐπενηνεγμένης,
3115 1892 3191 1956 ὡς
3215 1892 3501 1961 κένανδρον
3533 1893 3826 1961 ἁπομεῖναι

573 1985 733 2056 303
778 1984 930 2052 cujus
973 1993 1028 2039 ct
1069 1983 1197 2038 alibi
1237 1984 1482 2039 meminit
1527 1985 1808 2054 propheta,
1844 1985 2092 2054 inquiens
2129 2001 2145 2040 ε

581 2093 600 2128 ι
644 2075 736 2129 Sic
769 2074 901 2129 dicit
939 2074 1198 2129 Dominus
1231 2081 1394 2129 uncto
1428 2088 1548 2129 meo
1580 2072 1750 2145 Cyro,
1778 2075 1929 2145 cujus
1961 2089 2149 2146 appre-

550 2166 736 2229 hendi
778 2166 1090 2230 dexteram,
1139 2173 1199 2220 ut
1240 2165 1464 2220 audiant
1501 2179 1682 2220 coram
1729 2180 1796 2220 eo
1839 2176 2068 2236 gentes:
2097 2176 2153 2222 et

574 2260 823 2313 civitates
848 2272 954 2313 non
988 2256 1381 2312 concludantur
1400 2256 1470 2311 ⁷⁸.
1506 2275 1527 2309 ι
1564 2255 1662 2311 Hic
1689 2256 1832 2311 illam
1866 2257 2150 2328 superbam

575 2351 868 2419 quondam,
897 2356 951 2404 et
984 2358 1175 2404 contra
1206 2363 1422 2404 omnem
1455 2356 1669 2419 gentem
1702 2347 1987 2415 elevatam,
2013 2360 2066 2405 et
2095 2349 2149 2405 in

575 2443 770 2513 pugnis
800 2442 1220 2509 formidabilem,
1248 2442 1592 2513 Babylonem,
1633 2442 1878 2512 inquam,
1902 2444 1952 2498 vi
1984 2458 2151 2499 occu-

577 2533 723 2600 pavit
758 2549 772 2585 :
811 2531 944 2586 facit
977 2541 1247 2595 autemet
1280 2545 1423 2585 nunc
1455 2532 1716 2601 propheta
1759 2530 1878 2600 ejus
1920 2533 2152 2587 mentio-

576 2637 699 2677 nem
725 2631 779 2678 et
807 2624 1076 2676 desertum
1107 2621 1370 2676 nominat.
1395 2619 1677 2687 Quomodo
1710 2635 1889 2676 autem
1922 2636 1988 2678 eo
2011 2622 2156 2677 cala-

582 2710 788 2764 mitatis
818 2710 1037 2778 delapsa
1066 2710 1162 2773 sit,
1187 2709 1397 2764 duabus
1423 2711 1489 2764 de
1516 2709 1697 2764 causis
1724 2710 2003 2765 manifeste
2030 2724 2157 2765 nar-

580 2810 688 2867 rat,
718 2809 778 2853 ut
818 2800 1034 2868 quidem
1079 2814 1179 2870 ego
1217 2814 1413 2855 censeo
1457 2818 1471 2855 :
1517 2800 1603 2855 vel
1643 2810 1701 2855 ut
1733 2799 1947 2856 Iudaeos
1991 2816 2023 2856 a
2062 2816 2157 2870 spe

580 2891 638 2945 in
680 2889 786 2943 illis
826 2888 1084 2943 collocata
1130 2888 1357 2944 abducat
1402 2907 1417 2944 :
1470 2909 1489 2942 ι
1543 2889 1672 2944 Erat
1714 2891 1855 2945 enim
1900 2890 2154 2960 prrairn

580 2980 826 3036 columba
868 2993 1079 3043 amens,
1118 2997 1138 3032 ι
1185 2980 1636 3048 quemadmodum
1677 2981 1756 3035 ait
1793 2981 1928 3035 alius
1965 2996 1996 3037 e
2034 2997 2157 3051 pro-

583 3072 877 3143 phetis“:
936 3088 956 3123 ι
991 3070 1283 3145 Egyptum
1340 3071 1639 3139 invocavit,
1684 3080 1739 3129 et
1789 3073 1857 3128 ad
1909 3073 2159 3144 Assyrios

582 3161 809 3229 profecti
834 3170 959 3216 sunt
990 3178 1005 3214 :
1043 3178 1063 3212 ι
1094 3160 1177 3214 vel
1208 3167 1266 3215 ut
1291 3164 1644 3217 contristatos
1674 3163 2001 3225 consoletur,
2033 3162 2156 3231 quia

584 3260 792 3305 vastata
825 3266 1010 3306 eorum
1049 3251 1300 3320 regione,
1333 3261 1388 3305 et
1420 3251 1611 3309 exusto
1647 3253 1885 3321 ipsorum
1921 3256 2152 3324 templo,

585 3342 909 3410 Babylonem
953 3342 1154 3410 captivi
1197 3341 1415 3397 abducti
1465 3352 1593 3399 sunt
1633 3358 1756 3398 cum
1803 3345 2059 3399 uxoribus
2107 3356 2161 3402 et

585 3430 791 3486 liberis.
826 3430 943 3497 Quo
973 3430 1189 3500 quidem
1220 3435 1502 3502 perspicue
1532 3433 1710 3499 docet,
1736 3434 1783 3488 si
1815 3449 1881 3489 ex
1910 3437 2161 3503 praescri-

586 3531 679 3592 pto
707 3522 840 3592 legis
870 3523 1053 3577 vivere
1083 3522 1387 3589 instituant,
1419 3532 1475 3579 et
1505 3524 1812 3580 divinarum
1846 3528 2163 3596 praeceptio-

588 3629 715 3668 num
751 3614 994 3683 germani
1024 3623 1077 3669 et
1105 3613 1317 3683 ingenui
1348 3616 1601 3671 custodes
1627 3629 1751 3672 esse
1777 3616 1963 3682 velint,
1999 3620 2160 3677 Deum

586 3713 888 3759 vastatores
942 3703 1062 3759 illos
1113 3719 1516 3776 aggressurum.
1566 3702 1946 3762 Narrationem
2000 3710 2165 3781 igitur

540 3779 549 3786 ’
587 3794 821 3850 instituit
852 3795 1134 3865 propheta,
1158 3795 1425 3865 habetque
1450 3797 1676 3854 visionis
1700 3803 1987 3854 contextus
2011 3779 2165 3855 enal-

588 3888 764 3958 lagen,
796 3898 850 3942 et
879 3887 1211 3942 imitationes
1258 3902 1635 3958 personarum.
1667 3887 1819 3945 Nunc
1849 3890 1989 3944 enim
2023 3890 2165 3945 velut

587 3979 894 4034 futurorum
942 3978 1188 4034 oculatus
1235 3980 1408 4046 testis,
1440 3988 1495 4034 et
1527 3988 1799 4049 spectator
1836 3996 1866 4035 a
1914 3981 2020 4038 Deo
2060 3983 2164 4038 sibi

587 4080 804 4124 ostensa
833 4079 1054 4125 enarrat
1081 4086 1094 4124 :
1128 4085 1268 4124 nunc
1292 4079 1347 4125 et
1369 4070 1495 4140 quid
1525 4081 1826 4142 temporum
1854 4073 2082 4128 decursu
2112 4082 2167 4127 et

588 4162 805 4231 delapsa
837 4162 1196 4231 contingeret,
1224 4163 1420 4232 spiritu
1459 4165 1780 4232 prOphetico
1809 4175 1934 4218 ante
1963 4166 2166 4219 denun-

592 4254 689 4305 tiat
717 4267 734 4305 :
770 4268 910 4306 nunc
945 4252 1241 4307 introducit
1275 4253 1493 4322 insuper
1523 4269 1811 4323 personant
1844 4253 2168 4325 Babylonio~

596 4358 737 4404 rum,
766 4356 884 4396 sese
916 4343 984 4396 ob
1018 4353 1123 4396 tam
1153 4344 1382 4399 acerbas
1410 4351 1466 4400 et
1497 4345 1807 4414 inopinatas
1835 4346 2167 4401 calamitates

589 4433 1006 4501 deplorantium.
1042 4434 1277 4499 Proinde
1324 4436 1480 4504 quasi
1532 4439 1924 4506 contemplatus
1975 4438 2165 4494 Persa-

2254 1984 2531 2049 παντελῶς
2550 1983 3119 2055 καταστρατεύσαντος
3146 1983 3241 2053 τῆς
3269 1980 3622 2035 Βαϐυλωνίων
3642 1980 3825 2051 Κύρου

2254 2077 2348 2132 τοῦ
2378 2076 2699 2148 Καμϐύσου.
2733 2070 2809 2130 Oi}
2831 2077 2923 2129 xui
2946 2075 3174 2146 ἑτέρωθι
3204 2072 3626 2146 διαμνημονεύει
3651 2073 3826 2141 λέγων

2254 2170 2283 2222 ὁ
2315 2170 2630 2241 προφήτης·
2667 2186 2685 2220 ι
2717 2167 2903 2230 Οὕτως
2942 2165 3089 2233 λέγει
3132 2164 3337 2235 Κύριος
3386 2162 3463 2232 τῷ
3491 2162 3697 2234 χριστῷ
3726 2179 3825 2233 μου

2255 2260 2443 2330 Κύρῳ,
2459 2253 2518 2313 οὗ
2546 2258 2822 2330 ἐκράτησα
2844 2258 2941 2328 τῆς
2964 2256 3161 2321 δεξιᾶς,
3191 2254 3491 2310 ἐπακοῦσαι
3521 2251 3827 2324 ἔμπροσθεν

2256 2351 2417 2406 αὐτοῦ
2454 2350 2602 2421 ἔθνη.
2635 2350 2823 2412 Πόλεις
2854 2350 2915 2404 οὺ
2951 2348 3431 2420 συγκληθήσονται.
3464 2365 3483 2398 ι
3522 2340 3689 2408 Οὗτος
3718 2338 3825 2397 εἷλε

2252 2442 2400 2496 κατά
2442 2441 2641 2512 κράτος
2682 2441 2782 2511 τὴν
2842 2439 3075 2505 ἀλαζόνα
3122 2439 3251 2493 ποτὲ
3298 2439 3392 2492 καὶ
3436 2438 3580 2492 κατά
3628 2436 3828 2499 παντὸς

2257 2532 2443 2596 ἔθνους
2472 2533 2860 2601 ἐπαιρομένην,
2901 2531 2993 2584 καὶ
3034 2530 3360 2601 δυσάντητον
3390 2529 3448 2581 ὲν
3480 2527 3701 2598 μάχαις,
3731 2525 3828 2596 τὴν

2259 2622 2551 2677 Βαϐυλῶνά
2572 2640 2645 2694 φη
2655 2640 2738 2693 μι.
2770 2623 2921 2675 Ποιεῖ
2940 2620 2995 2674 δέ
3021 2623 3239 2692 μνήμην
3259 2620 3351 2674 καὶ
3378 2618 3473 2673 νῦν
3493 2621 3521 2672 ό
3550 2618 3831 2689 προφήτης

2260 2715 2447 2786 αὐτῆς,
2484 2715 2578 2769 καὶ
2627 2713 2831 2785 ἔρημον
2884 2713 2981 2783 μὲν
3038 2712 3311 2784 ὀνομάζει.
3345 2710 3478 2765 Τίνα
3524 2709 3581 2763 δέ
3633 2709 3830 2780 τρόπον

2259 2807 2572 2879 ἀθλιότητος
2620 2810 2700 2872 εἰς
2751 2806 2907 2862 τοῦτο
2950 2806 3299 2869 κατώλισθεν,
3326 2806 3618 2877 ἀφηγεῖται
3649 2801 3832 2872 σαφῶς

2261 2901 2352 2954 δύο
2378 2900 2583 2954 τούτων
2620 2901 2783 2954 ἕνεκα
2824 2899 3075 2970 καθάπερ
3106 2897 3416 2968 ἐγῷμαι.Ἢ
3445 2897 3556 2969 γὰρ
3581 2897 3672 2950 ἴνα
3709 2894 3832 2957 τοὺς

2273 2992 2554 3054 Ἰουδαίους
2573 2992 2860 3064 ἀποστήσῃ
2885 2989 2985 3061 τῆς
3012 2988 3224 3053 ἐλπίδος
3242 3003 3258 3020 ⁸
3297 2984 3433 3041 (τΗν
3460 2988 3569 3059 γὰρ
3602 2984 3833 3058 Ἐφραίμ

2262 3084 2560 3158 περιστερά
2598 3086 2780 3151 ἄνους,
2817 3103 2836 3135 ι
2868 3084 3012 3139 καθά
3057 3100 3221 3154 φησιν
3261 3075 3342 3145 εἷς
3367 3080 3476 3134 τῶν
3506 3079 3675 3150 ἀγίων
3702 3097 3831 3151 προ-

2264 3174 2446 3248 φητῶν
2471 3191 2484 3206 ·
2531 3192 2551 3226 ι
2580 3174 2854 3243 Αἴγυπτον
2896 3173 3240 3237 ἐπεκαλεῖτο,
3274 3171 3369 3226 καὶ
3395 3172 3474 3235 εἰς
3520 3169 3830 3238 ’Δσσυρίους

2257 3265 2580 3339 ἐπορεύετο*
2613 3283 2635 3319 ν
2668 3266 2701 3336 ἢ
2755 3267 2842 3321 ἵνα
2885 3265 3241 3337 παρακαλέσῃ
3281 3263 3702 3333 λελυπημένους,
3747 3263 3827 3315 ὅτι

2257 3358 2600 3431 πεπόρθηται
2632 3358 2731 3430 μὲν
2762 3357 2938 3412 αὐτῶν
2967 3359 3000 3429 ἡ
3032 3356 3205 3429 χώρα,
3241 3357 3622 3428 ὲμπέπρησται
3650 3354 3705 3407 δὲ
3731 3353 3824 3406 καὶ

2260 3449 2424 3513 αὐτὸς
2472 3452 2502 3504 ό
2544 3448 2701 3513 νεὼς,
2731 3447 3055 3519 δορύληπτοι
3087 3447 3143 3500 δὲ
3176 3445 3423 3514 γυναιξὶν
3451 3442 3578 3513 ὁμοῦ
3611 3442 3705 3496 καὶ
3730 3442 3823 3495 τέ-

2261 3557 2408 3604 κνοις
2432 3539 2881 3612 ἀπεκομίσθησαν
2912 3540 2989 3601 είς
3017 3537 3117 3609 τὴν
3143 3535 3458 3590 Βαϐυλῶνα.
3488 3533 3655 3587 Τοῦτο
3683 3532 3740 3585 δὲ
3761 3528 3829 3603 ἦν

2258 3632 2601 3695 διδάσκοντος
2640 3629 2906 3702 ἐναργῶς,
2927 3630 3008 3683 ὅτι
3041 3629 3135 3684 καὶ
3162 3627 3269 3682 τῶν
3290 3625 3710 3696 πεπορθηκότων
3735 3624 3829 3677 αὑ-

2259 3725 2384 3788 τοὺς
2428 3722 2958 3793 κατεξαναστήσεται
2999 3720 3150 3785 Θεὸς,
3195 3722 3243 3777 εί
3297 3719 3396 3791 ζῇν
3442 3718 3649 3773 ἕλοιντο
3691 3716 3830 3772 κατά

2261 3812 2443 3883 νόμον,
2477 3813 2572 3866 καὶ
2599 3811 2707 3864 τῶν
2739 3810 2896 3864 θείων
2922 3810 3266 3882 ἐνταλμάτων
3298 3809 3464 3864 αὐτοῦ
3499 3810 3711 3881 γνήσιοι
3738 3824 3832 3877 γε·

2261 3904 2450 3963 νέσθαι
2479 3904 2732 3972 φύλακες.
2762 3902 2970 3957 Οὐκοῦν
2999 3904 3290 3973 ἀφηγεῖται
3321 3904 3418 3973 μὲν
3459 3904 3488 3956 ό
3529 3903 3830 3974 προφήτης.

2265 3998 2420 4067 Ἐχει
2439 4014 2502 4065 γε
2523 3996 2627 4068 μὴν
2655 3997 2715 4050 τὸ
2741 3997 2839 4067 τῆς
2861 3997 3099 4068 ὁράσεως
3130 3996 3261 4065 ὕψος
3283 3994 3589 4066 προσώπων
3617 3995 3834 4049 ἐναλλαο

2264 4086 2386 4154 γάς.
2422 4084 2561 4138 Ποτέ
2596 4085 2693 4156 μὲν
2722 4086 2832 4156 γὰρ
2864 4085 2939 4149 ὡς
2967 4087 3240 4155 αὐτόπτης
3280 4086 3387 4139 τῶν
3417 4086 3713 4157 ἐσομένων,
3744 4085 3838 4140 καὶ

2266 4175 2468 4248 θεωρὸς
2485 4176 2582 4247 ήδη
2604 4175 2862 4245 γεγονὼς,
2877 4166 3148 4247 ἐξηγεῖται
3166 4177 3232 4230 τὰ
3248 4176 3672 4249 παραδειχθέντα
3692 4176 3837 4248 αὐτῷ

2267 4267 2420 4336 παρὰ
2441 4264 2575 4319 Θεοῦ
2597 4283 2611 4295 ·
2643 4266 2773 4318 ποτὲ
2807 4265 2865 4319 δὲ
2893 4267 2985 4319 καὶ
3006 4266 3058 4318 τί
3083 4265 3418 4335 συμϐήσεται
3446 4263 3588 4319 κατὰ
3603 4264 3837 4336 ’καιροὺς

2268 4357 2593 4428 προφητικῷ
2651 4356 2921 4427 πνεύματι
2974 4358 3383 4428 προαναφωνεῖ’
3431 4358 3735 4427 εἰσκομίζει
3783 4356 3837 4413 δὲ
3910 4407 3923 4422 ,

2269 4448 2364 4501 καὶ
2411 4448 2472 4501 τὸ
2514 4447 2870 4502 Βαϐυλωνίων
2909 4446 3018 4500 ἐσθ’
3046 4448 3134 4501 ὅτε
3165 4448 3452 4518 πρόσωπον
3480 4447 3838 4518 κατοιμωζόν-

590 4537 730 4585 rutn,
751 4534 805 4575 et
832 4522 1127 4588 Medorum,
1150 4534 1204 4578 et
1231 4524 1606 4590 Elantitarum,
1631 4539 1816 4581 contra
1841 4527 2155 4599 Babylonem

2265 4552 2375 4589 των
2414 4537 2639 4600 ἑαυτοὺς
2692 4536 2785 4590 ἐπὶ
2828 4539 2949 4600 ταῖς
2999 4537 3142 4591 οὓτω
3173 4537 3373 4602 δειναῖς
3411 4538 3506 4592 καὶ
3556 4539 3837 4609 ἀδοκήτοις

588 4613 1006 4682 expeditionem,
1033 4614 1107 4669 ita
1135 4615 1213 4669 ait
1244 4632 1258 4669 :
1289 4614 1694 4681 Obequitabunt
1718 4628 1773 4672 et
1798 4620 2163 4688 peragrabunt

589 4718 851 4760 eremum.

651 4963 786 5024 Car.
826 4963 964 5022 XXl.
990 4966 1153 5023 Vens.
1183 4969 1231 5024 l.
1261 4967 1408 5024 Sicut
1439 4969 1573 5024 venti
1602 4979 1873 5040 tempestas
1903 4970 2163 5028 desertum

590 5062 892 5129 pertransit.

662 5147 940 5204 Pulveretn
958 5148 1222 5214 excitans,
1240 5160 1294 5204 et
1307 5149 1486 5205 omnia
1504 5166 1701 5221 susque
1719 5151 1889 5223 deque
1907 5155 2159 5210 miscens.

592 5236 751 5291 Addit
778 5255 795 5291 :

670 5329 833 5384 Vens.
863 5329 917 5383 2.
953 5328 1235 5384 Horribilis
1280 5331 1439 5399 visio,
1470 5341 1516 5386 et
1554 5332 1690 5388 dura
1734 5336 2048 5388 annuutlata
2090 5345 2165 5388 est

594 5424 741 5475 milii.

667 5512 871 5568 Sullicit
902 5516 1044 5569 enim
1088 5515 1286 5569 nttdum
1324 5524 1380 5570 et
1410 5515 1582 5570 solum
1618 5515 1850 5571 hostium
1885 5526 2168 5585 spectacu-

598 5603 729 5669 lum,
781 5616 836 5661 et
861 5607 1093 5659 virorum
1137 5608 1506 5664 bellicosorum
1550 5608 1830 5662 multitudo
1876 5608 2169 5663 fortissima

664 5776 709 5810 ’⁵
740 5776 758 5831 l
789 5777 916 5834 Cor.
971 5793 1023 5844 ι,
1064 5778 1148 5833 ll.

2266 4630 2595 4697 συμφοραῖς.
2612 4629 2699 4691 Ὠς
2723 4626 3049 4698 τεθεαμένος
3074 4629 3250 4681 τοίνυν
3283 4628 3378 4699 τὴν
3412 4630 3637 4701 Περσῶν
3663 4647 3726 4682 τε
3748 4631 3837 4683 καὶ

2261 4716 2484 4784 Μήδων,
2515 4716 2609 4769 καὶ
2645 4716 2750 4788 μὴν
2779 4722 2872 4770 καὶ
2904 4716 3201 4788 Ἐλαμιτῶν
3231 4717 3373 4771 κατὰ
3398 4717 3499 4787 τῆς
3522 4716 3836 4780 Βαϐυλῶνος

2258 4807 2587 4876 ἐκπρατιάν
2608 4846 2623 4871 ,
2657 4805 2798 4861 οὓτω
2849 4807 3015 4878 φησί·
3049 4807 3497 4862 Καθιππεύσουσί
3541 4824 3600 4860 τε
3638 4808 3733 4861 καὶ
3768 4807 3837 4860 διο

2259 4897 2567 4952 ελεύσονται
2595 4897 2690 4969 τὴν
2727 4897 2956 4968 ἔρημον.

2342 4991 2574 5045 Ὠσανεὶ
2592 4991 2692 5045 καὶ
2710 4989 2946 5060 ἀνέμων
2979 4991 3244 5061 καταιγίζ-
3263 4990 3337 5044 δι’
3351 4990 3573 5062 ἐρήμου
3595 4988 3832 5045 διέλθοι.

2341 5168 2450 5238 Τὴν
2475 5166 2621 5221 κόνιν
2640 5162 2778 5220 εἶναι
2798 5167 3098 5232 ἀναστᾶσα,
3115 5168 3207 5220 καὶ
3230 5168 3511 5238 μονονουχὶ
3535 5168 3835 5239 συγχέουσα

2262 5260 2325 5314 τὸ
2359 5262 2467 5313 πᾶν
2493 5300 2504 5314 .
2548 5258 2891 5329 Προσεπάγει
2923 5257 3012 5312 δέ’

2266 5350 2393 5429 "0n.
2408 5348 2662 5417 φοϐερὸν
2681 5346 2745 5400 τὸ
2770 5348 2960 5416 ὅραμα
2981 5347 3076 5400 καὶ
3099 5347 3373 5415 σκληρὸν
3392 5347 3698 5417 ἀνηγγέλη
3715 5365 3832 5418 μοι.

2346 5524 2525 5595 ’Ῑκανὴ
2551 5524 2658 5596 γὰρ
2689 5524 2825 5590 λίαν,
2859 5528 2950 5579 καὶ
2977 5526 3103 5596 ψιλὴ
3135 5527 3228 5580 καὶ
3258 5523 3391 5597 μόνη
3427 5525 3537 5579 τῶν
3565 5525 3834 5596 πολεμίων

2266 5615 2299 5683 ή
2332 5612 2456 5677 θέα,
2486 5613 2578 5666 καὶ
2609 5613 2714 5670 τῶν
2744 5617 2992 5687 μαχίμων
3028 5619 3059 5685 ἡ
3091 5616 3440 5687 άλκιμωτάτη
3468 5614 3677 5685 πληθὺς
3708 5632 3841 5669 κατ’

1247 5784 1291 5813 "
1346 5784 1446 5836 lsa.
1494 5798 1615 5846 xu,
1680 5783 1727 5835 l.
1804 5785 1847 5815 ⁷⁷
1886 5784 2042 5853 Osce,
2087 5786 2140 5855 7,
2182 5787 2264 5845 ll.
