4166 6296
368 464 475 519 485

1459 457 1527 514 ΙΝ
1566 457 1800 514 lSAlAM
1841 457 1968 513 LIB.
2013 459 2077 514 ll.
2118 457 2357 515 TOMUS
2397 459 2484 516 ιν.

3534 470 3635 527 686

356 579 733 649 εσκευασμένη
760 578 894 648 πρὸς
923 577 1178 648 πόλεμον,
1208 576 1444 648 σκληρὸν
1467 578 1767 649 ἐμποιῆσαι
1790 578 1945 648 δεῖμα

2056 580 2123 633 ad
2169 579 2366 633 hellmn
2419 580 2717 646 instructa,
2749 581 2999 635 timorem
3044 581 3416 638 vehementem
3468 585 3641 654 itqieit

356 673 473 734 τοῖς
500 670 811 740 θεωμένοις.
830 669 967 721 Ἀλλ’
997 670 1058 721 οὐ
1102 668 1392 722 τεθεᾶσθαι
1422 686 1554 740 φησι
1592 670 1774 739 μόνον,
1810 668 1946 722 ἀλλὰ

360 760 470 831 γὰρ
500 760 613 826 καὶ,
632 758 928 828 Ἀνηγγέλη
965 775 1077 828 μοι,
1112 757 1302 828 φησίνο
1325 758 1460 828 ὁμοῦ
1485 758 1673 829 γὰρτῇ
1706 757 1823 828 θέᾳ,
1854 757 1946 811 καὶ

358 852 468 906 τῶν
497 851 837 923 πραγμάτων
864 850 963 921 τὴν
990 850 1219 905 ἔκϐασιν
1249 850 1579 916 ἐδιδάσκετο,
1604 848 1759 921 δῆλον
1784 850 1841 903 δέ
1863 850 1946 904 ὅτι

358 941 508 1013 παρὰ
530 940 686 993 Θεοῦ.

506 1032 561 1083 '0
593 1029 819 1085 ἀθετῶν
846 1031 1063 1095 ἀθετεῖ,
1097 1030 1196 1084 καὶ
1224 1033 1258 1084 ό
1285 1029 1530 1099 ἀνομῶν
1556 1031 1784 1101 ἁνομεῖ.

442 1121 894 1192 Ἀνεπίπληκτον,
925 1124 1079 1192 φησὶ,
1108 1122 1219 1175 τῶν
1244 1122 1508 1175 ἐπιόντων
1538 1121 1599 1174 τὸ
1631 1122 1850 1193 θράσος.
1871 1123 1945 1175 Οὐ

358 1212 467 1283 γὰρ
498 1214 779 1283 λογισμοῖς
804 1214 1170 1285 ἀνθρωπίνοις
1204 1213 1539 1268 ἀνάπτονται
1572 1214 1709 1285 πρὸς
1733 1215 1795 1268 τὸ
1818 1216 1949 1286 ἥμε-

360 1322 482 1379 ρονο
513 1305 627 1361 ἀλλ’
653 1306 778 1359 οὐδέ
814 1323 899 1368 τις
926 1306 1035 1358 τῶν
1069 1307 1129 1358 ἐν
1157 1306 1340 1368 αὐτοῖς
1368 1304 1729 1376 διενθυμεῖταί
1760 1325 1812 1359 τι
1840 1307 1947 1360 τῶν

358 1398 603 1467 ἡκόντων
626 1415 640 1428 ·
671 1399 865 1466 ἁνομεῖ
892 1396 949 1449 δὲ
984 1395 1326 1463 ἁκαθέκτως,
1366 1398 1461 1450 καὶ
1502 1397 1684 1450 ἀθετεῖ
1714 1398 1856 1451 κατά
1886 1398 1947 1451 τὸ

360 1487 514 1558 αῦτῷ
547 1487 759 1551 δοκοῦν,
782 1487 842 1539 οὐ
875 1485 1093 1555 φειδοῦς
1121 1486 1349 1557 ἐνούσης
1378 1487 1552 1550 τινός·
1593 1489 1667 1540 Οὐ
1708 1488 1818 1559 γὰρ
1866 1491 1946 1552 είς

361 1578 515 1631 έλεον
544 1576 851 1647 βλέπουσιν,
882 1577 998 1630 ἀλλ’
1032 1576 1191 1648 ἔργον
1216 1578 1396 1642 αὐτοῖς
1427 1578 1489 1632 τὸ
1512 1579 1946 1649 ἐσπουδασμένον

359 1669 537 1733 ἔσται,
556 1668 742 1738 φησὶν,
766 1668 827 1722 τὺ
845 1670 1068 1740 ἁνομεῖν
1089 1687 1146 1723 τε
1166 1672 1256 1724 καὶ
1279 1671 1665 1742 ἀθετεῖν.Ἔφη
1689 1689 1743 1724 τι
1768 1670 1946 1724 τοιοῦ-

356 1778 452 1815 τον
481 1762 575 1815 καὶ
600 1761 690 1815 διὰ
730 1762 912 1833 φωνῆς
943 1760 1039 1815 τοῦ
1072 1762 1260 1827 αὑτοῦ,
1293 1763 1428 1835 πρὸς
1460 1765 1587 1827 τοὺς
1630 1764 1729 1834 τῆς
1762 1764 1949 1816 Ἀσσυο

360 1853 494 1925 ρίων
519 1855 838 1925 οίκήτορας*
876 1854 1006 1907 Ἰδοὺ
1034 1854 1145 1923 ἐγὼ
1178 1856 1369 1923 ἐπάγω
1399 1856 1528 1926 ὑμῖν
1557 1855 1686 1919 τοὺς
1705 1854 1944 1926 Μήδους,

2053 670 2475 737 sprctatorilms.
2515 669 2621 725 Sed
2666 685 2771 725 non
2807 672 3041 740 spectari
3075 683 3282 728 tantum
3327 675 3484 739 dicit,
3513 681 3630 743 sed,

2053 760 2450 813 Annuutiatum
2479 768 2564 814 est
2591 760 2747 824 mihi,
2774 760 2982 830 inquit;
3010 760 3166 816 sitqu
3192 763 3335 818 enim
3359 778 3483 820 cum
3511 778 3637 835 spe-

2053 850 2266 904 ctaculo
2298 864 2480 904 rerum
2511 860 2768 905 eventum
2796 852 3000 917 docuit,
3030 867 3062 907 α
3097 852 3207 907 Deo
3236 854 3462 910 scilicet.

2012 1082 2021 1087 η
2125 1019 2495 1077 Prwraricans
2529 1023 2929 1092 pra'varicalur,
2960 1027 3169 1096 iniquus
3201 1029 3373 1098 inique
3400 1034 3531 1099 agit.

2124 1112 2291 1184 θυι
2327 1114 2753 1183 ltnpertcrritam
2784 1132 2905 1172 esse
2932 1120 3029 1184 sit,
3057 1131 3107 1173 et
3140 1132 3451 1190 prornptam
3485 1136 3636 1192 gras-

2054 1216 2297 1259 satorum
2328 1206 2634 1269 audaciam,
2663 1208 2752 1273 qui
2789 1222 2895 1260 non
2932 1208 3234 1262 ratiociniis
3264 1209 3518 1265 humanis
3548 1225 3635 1266 reo

2054 1306 2317 1351 vocantur
2346 1297 2414 1348 ad
2451 1296 2889 1365 placabilitatem,
2918 1300 3019 1352 sed
3055 1315 3216 1355 nemo
3253 1317 3441 1356 eorum
3475 1306 3634 1373 quid-

2053 1402 2218 1456 quam
2252 1401 2375 1441 cum
2412 1386 2587 1442 cilicio
2624 1397 2677 1442 et
2707 1389 2907 1445 decoro
2940 1388 3292 1456 coniunctum
3325 1394 3546 1461 cogitat,
3578 1403 3638 1448 at.

2053 1478 2462 1546 praevaricatur,
2494 1492 2595 1533 nec
2628 1480 2847 1548 reprimi
2886 1489 3080 1549 potest,
3114 1482 3365 1551 nulloque
3398 1483 3633 1540 snt'lnsus

2054 1573 2259 1639 pudore
2294 1587 2390 1642 pro
2422 1587 2519 1627 sus
2556 1573 2779 1627 libidine
2812 1575 3069 1644 opprimit
3102 1593 3116 1629 :
3150 1576 3264 1630 Non
3291 1578 3433 1631 enim
3465 1578 3629 1632 mise-

2054 1662 2342 1717 ricordiam
2373 1672 2639 1731 spectant,
2669 1665 2762 1718 sed
2798 1679 2954 1733 opus,
2987 1665 3179 1735 inquit,
3211 1667 3405 1721 horum
3440 1678 3493 1721 et
3524 1669 3626 1722 hoc

2055 1754 2291 1807 studium
2318 1762 2422 1817 est,
2459 1754 2647 1819 iniqua
2681 1769 2867 1822 agere,
2910 1765 2965 1809 et
2997 1758 3322 1826 Opprimere.
3356 1757 3488 1812 lluic
3523 1774 3630 1814 non

2054 1843 2314 1898 dissimile
2351 1844 2488 1898 dixit
2514 1859 2646 1899 voce
2672 1828 2931 1912 ejusdem.
2944 1848 3010 1900 ad
3040 1850 3380 1917 Assyriorum
3409 1849 3629 1904 habita-

356 1947 408 1999 οἰ
457 1946 518 2000 οὐ
570 1946 874 2014 λογίζονται
929 1948 1210 2019 ἀργύριον,
1269 1947 1392 2001 οὑδέ
1449 1947 1675 2018 χρυσίου
1759 1947 1945 2018 χρείαν

2056 1945 2201 1990 tores
2229 1953 2242 1989 :
2279 1936 2417 1991 Ecce
2446 1937 2641 1991 induco
2665 1951 2764 2006 ego
2793 1936 2946 1992 vobis
2986 1937 3190 2003 Medos,
3220 1939 3312 2007 qui
3347 1950 3628 2008 argentum

358 2036 558 2108 ἔχουσι.
592 2036 910 2107 Τοξεύματα
941 2036 1241 2091 νεανίσκων
1266 2036 1642 2107 συντρίψουσι.
1667 2036 1804 2089 Θεοῦ
1837 2035 1949 2107 γὰρ

357 2128 525 2200 ὀργὴν
562 2131 676 2192 τοῖς
710 2127 1127 2199 πλημμελοῦσιν
1162 2128 1485 2197 ἐπάγοντος,
1520 2128 1674 2181 οὐδὲν
1702 2128 1857 2181 ἐσται
1887 2127 1949 2181 τὸ

356 2221 669 2292 ἐπικουρεῖν
697 2219 1017 2290 δυνάμενον.
1049 2219 1442 2289 Θηριοπρεπὴς
1491 2220 1549 2273 δὲ
1603 2218 1804 2290 μᾶλλον
1831 2221 1947 2283 τοῖς

355 2309 596 2364 ἐθέλουσι
625 2310 935 2382 καταδῃοῦν
972 2311 1098 2374 τοὺς
1127 2310 1214 2380 ἐφ’
1243 2304 1326 2374 οἷς
1352 2310 1420 2365 ἂν
1449 2311 1715 2381 τρέχοιεν,
1744 2310 1947 2364 ἐνοικί-

356 2399 509 2463 ζεται
538 2400 684 2463 νοῦς.

436 2489 563 2543 Ἐπ’
596 2489 725 2557 ἐμοὶ
767 2492 821 2541 οἱ
870 2486 1212 2558 Ἐλαμῖται,
1262 2488 1366 2541 καὶ
1408 2490 1462 2542 οι
1505 2488 1785 2557 πρέσϐεις
1831 2488 1950 2544 τῶν

355 2577 606 2643 Περσῶν
633 2577 725 2630 ἐπ’
754 2576 860 2644 ἐμὲ
897 2578 1197 2644 ἔρχονται.
1230 2577 1360 2630 Νῦν
1386 2578 1679 2643 στενάξω,
1714 2580 1808 2633 καὶ
1834 2596 1948 2634 πα-

352 2666 677 2734 ρακαλέσω
732 2666 1015 2732 ἐμαυτόν.
1082 2666 1185 2719 Διά
1252 2666 1429 2720 τοῦτο
1489 2668 1837 2738 ἐνεπλήσθη
1907 2673 1945 2740 ἡ

360 2758 561 2825 ὀσφύς
593 2772 712 2822 μου
747 2756 1077 2821 ἐπιλύσεως,
1117 2755 1213 2809 καὶ
1250 2756 1457 2824 ὠδῖνες
1481 2758 1705 2813 ἔλαϐόν
1740 2779 1834 2830 με,
1864 2762 1946 2830 ὡς

358 2847 479 2912 τὴν
503 2848 834 2899 τίκτουσαν
854 2861 866 2873 ·
893 2845 1158 2914 ἠδίκησα
1184 2848 1290 2902 τοῦ
1312 2848 1399 2917 μὴ
1422 2850 1700 2914 ἀκοῦσαι,
1723 2854 1944 2909 ἐσπού-

360 2941 525 2996 δασα
568 2940 677 2994 τοῦ
730 2939 816 3009 μὴ
860 2940 1138 3004 βλέπειν.
1156 2941 1224 2994 Ἣ
1248 2942 1457 3010 καρδία
1476 2961 1596 3012 μου
1624 2945 1943 3011 πλανᾶται,

361 3033 465 3087 καὶ
491 3035 531 3100 ἠ
557 3033 776 3101 ἀνομία
790 3048 869 3102 με
884 3031 1179 3098 βαπτίζει,
1208 3033 1246 3100 ἠ
1274 3034 1445 3102 ψυχή
1467 3052 1587 3104 μου
1606 3036 1946 3107 ἐφέστηκεν

356 3126 445 3189 εἰς
471 3123 682 3191 φόϐον.

427 3213 879 3285 Προσωποποιϊας
903 3213 1017 3284 ἔχει
1042 3213 1271 3285 δύναμιν
1292 3217 1321 3269 ὁ
1344 3214 1401 3268 ἐν
1423 3232 1488 3284 γε
1507 3220 1741 3273 τουτοισὶ
1761 3219 1939 3288 λόγος.

351 3277 742 3375 Είσκομίζεται
788 3304 897 3373 γὰρ
993 3277 1297 3375 Ἀσσύριος,
1339 3277 1447 3357 καὶ.
1476 3306 1663 3370 δεδιὼς
1708 3307 1809 3379 τὴν
1834 3277 1940 3378 ’ἐῷ-
1970 3277 2016 3336 C

351 3397 486 3459 οδον,
520 3395 615 3450 καὶ
644 3395 753 3449 τῶν
777 3394 1053 3465 πολεμίων
1075 3396 1175 3459 τὰς
1203 3396 1492 3465 φάλαγγας
1512 3398 1611 3450 οὐκ
1633 3398 1941 3469 ἡγνοηκὼς,

351 3488 449 3543 εντα.)⁵
480 3489 572 3541 ἐπὶ
614 3487 767 3551 τίνας
799 3488 992 3550 αὐταῖς
1021 3489 1050 3540 ὁ
1075 3486 1167 3539 τοῦ
1204 3488 1448 3558 πολέμου
1479 3491 1702 3545 σκοπός.
1734 3493 1809 3544 Οὐ
1835 3492 1945 3564 γὰρ

352 3580 439 3645 ἐφ’
473 3577 694 3650 ἐτέρους
730 3577 1041 3641 τινας,εάλλ’
1065 3578 1209 3648 ἐμοὶ,
1232 3582 1416 3649 φησὶν,
1434 3582 1484 3633 οἱ
1524 3581 1827 3651 Ἐλαμϊται,
1850 3586 1946 3637 καὶ

351 3672 403 3725 οἱ
448 3672 773 3742 πανάριστοι
818 3670 927 3723 τῶν
962 3671 1190 3741 Περσῶν
1234 3672 1550 3744 ὡρμήκασι.
1582 3675 1834 3741 Στενάξω
1881 3675 1945 3747 δὴ

352 3755 449 3814 οὖν
489 3760 584 3811 καὶ
628 3759 994 3830 παρακαλέσει)
1022 3760 1278 3830 ἐμαυτόν.
1308 3761 1434 3824 Τοῖς
1479 3760 1588 3833 γὰρ
1634 3764 1693 3815 ἐν
1740 3762 1945 3835 ἐσχάτῃ

357 3851 614 3921 συμφορᾷ
644 3851 892 3919 γεγονόσι
923 3850 1083 3906 δοκεί
1134 3854 1419 3923 προσεῖναί
1462 3870 1549 3917 τις
1591 3854 1945 3926 παραμυθίας

351 3942 577 4014 τρόπος,
608 3943 671 3995 τὸ
710 3943 930 4014 θρηνεῖν
957 3960 1014 3996 τε
1056 3944 1151 3997 καὶ
1199 3944 1945 4018 ὀλοφύρεσθαι.Ἐκθλί6εται

357 4032 464 4115 γὰρ
490 4032 549 4100 ἐξ
578 4033 771 4103 ὀδύνης
800 4034 863 4087 τὸ
891 4033 1145 4105 δάκρυον.
1195 4036 1435 4107 Πρᾶγμα
1467 4037 1520 4091 δὲ
1552 4035 1705 4103 ξένον
1734 4039 1783 4091 εί
1818 4038 1945 4109 Θρη-

359 4122 544 4177 νοῦσιν
584 4124 888 4195 Ἀσσύριοι,
915 4124 1143 4195 σκληροὶ
1188 4127 1285 4180 καὶ
1333 4128 1605 4200 ἀγέρωχοι
1658 4130 1943 4198 γεγονότες

355 4217 467 4283 ἀεὶ,
497 4214 898 4287 ἐξοςρρυωμένοι
925 4234 986 4269 τε
1020 4219 1156 4285 ἄγαν
1188 4219 1330 4272 κατὰ
1362 4221 1579 4273 πάντων
1606 4220 1716 4274 τῶν
1748 4222 1940 4284 ἐθνῶν,

351 4308 452 4363 καὶ
471 4308 573 4360 οὐκ
587 4307 884 4377 εὺάντητον
911 4306 1052 4378 ἔχειν
1073 4309 1309 4379 οἰόμενοι
1329 4310 1430 4380 τὴν
1452 4310 1786 4365 ἀντίστασιν.
1805 4310 1941 4364 Ἀλλ’

348 4402 401 4453 οἱ
432 4400 656 4468 θρασεῖς
689 4398 835 4452 οὕτω
869 4398 961 4452 καὶ
990 4401 1306 4471 φρονήμασι
1332 4404 1448 4463 τοῖς
1484 4402 1625 4472 ὑπὲρ
1659 4401 1942 4472 ἄνθρωπον

351 4492 578 4565 ἐξογκοὺ
588 4508 759 4562 μενοι,
798 4492 1237 4561 γυναικοπρεπές
1259 4492 1588 4562 εἰσδέχονται
1611 4492 1670 4545 τὸ
1688 4492 1938 4563 δάκρυον,

2053 2039 2165 2101 non
2192 2035 2407 2089 curant,
2439 2040 2537 2080 nec
2573 2039 2706 2080 auro
2737 2040 2874 2094 opus
2910 2025 3131 2081 habent.
3162 2029 3339 2085 Arcus
3369 2027 3629 2095 iuvenum

2051 2124 2352 2170 conterent.
2385 2116 2493 2170 Deo
2522 2117 2665 2171 enim
2699 2118 2835 2171 iram
2866 2116 3300 2186 delinquentibus
3333 2118 3627 2189 intligente,

2051 2208 2183 2261 nihil
2212 2222 2370 2275 opem
2399 2207 2596 2263 aﬂ'erre
2626 2210 2823 2280 poterit
2854 2226 2870 2265 :
2913 2211 3020 2264 imo
3056 2220 3112 2264 et
3147 2210 3199 2265 in
3235 2210 3342 2265 illis
3371 2213 3462 2279 qni
3493 2227 3631 2281 quos

2051 2298 2357 2363 incursant,
2390 2299 2617 2367 perdere
2651 2299 3058 2369 aggrediuntur,
3085 2299 3322 2357 belluina
3359 2316 3512 2357 mens
3549 2305 3630 2357 in-

2048 2388 2208 2446 sidet.

2119 2478 2286 2534 Vens.
2316 2479 2371 2546 5,
2400 2482 2454 2536 Δ.
2482 2480 2548 2534 In
2577 2497 2658 2535 me
2691 2481 2958 2547 Elamitts,
2989 2493 3037 2538 et
3074 2481 3358 2538 Persarum
3389 2484 3543 2555 legati
3574 2486 3629 2541 in

2047 2586 2128 2625 me
2147 2572 2366 2625 venient.
2392 2570 2445 2625 Ν
2453 2589 2549 2626 unc
2576 2574 2908 2642 ingemiscant
2931 2585 2978 2629 et
3001 2575 3312 2630 consolabor
3356 2578 3632 2647 meipsunt.

2051 2661 2340 2732 Propterea
2394 2665 2597 2733 impleti
2644 2677 2763 2720 sunt
2814 2666 2977 2721 lumbi
3020 2671 3119 2723 mei
3166 2671 3535 2736 dissolutione,
3576 2684 3628 2728 et

2051 2754 2258 2808 dolores
2294 2767 2536 2824 ceperunt
2566 2773 2646 2811 me
2680 2760 2813 2812 sicut
2850 2764 3137 2829 parientem
3170 2779 3191 2817 .'
3223 2763 3419 2832 injuste
3450 2767 3530 2834 egi
3567 2781 3629 2819 ne

2048 2846 2310 2910 audirem,
2332 2863 2544 2915 operam
2566 2851 2690 2904 dedi
2720 2866 2783 2904 ne
2808 2854 3053 2907 viderem.
3079 2852 3184 2907 Cor
3204 2871 3374 2909 meum
3397 2858 3628 2924 aberrat,

2045 2944 2092 2987 et
2122 2935 2372 3003 iniquitas
2405 2953 2487 2991 me
2519 2938 2801 3009 demergit,
2832 2943 3013 2995 anima
3038 2957 3160 2997 mea
3194 2944 3431 3015 conjecta
3463 2954 3539 3000 est
3574 2952 3628 3000 iu

2045 3036 2303 3079 timorem.

2118 3207 2520 3279 Prosopopmire
2571 3209 2681 3264 vim
2737 3210 2900 3266 habet
2954 3210 3069 3265 haec
3112 3212 3305 3267 oratio.
3356 3211 3629 3269 lndncitnr

2046 3303 2189 3357 enim
2223 3303 2511 3373 Assyrius,
2548 3302 2805 3372 impetum
2851 3304 3270 3373 pertimescens,
3303 3315 3358 3359 et
3392 3307 3623 3361 hostium

2046 3393 2339 3463 phalanges
2373 3408 2478 3448 non
2512 3396 2759 3449 nesciens
2785 3435 2798 3459 ,
2827 3405 2881 3451 et
2905 3404 3091 3450 contra
3122 3412 3280 3466 quem
3317 3398 3473 3470 hujus
3504 3399 3627 3455 belli

2044 3499 2241 3554 scapus
2300 3488 2501 3541 tendat.
2548 3486 2662 3540 Non
2714 3488 2896 3553 cnim,
2948 3489 3153 3559 inquit,
3209 3499 3395 3543 contra
3451 3492 3617 3548 alium

2045 3591 2331 3646 quemque,
2356 3580 2450 3632 sed
2480 3588 2671 3635 contra
2704 3594 2789 3634 me
2818 3580 3059 3634 Elamitze
3115 3589 3168 3634 et
3198 3582 3627 3650 praestantissimi

2046 3671 2285 3723 omnium
2349 3668 2642 3725 Persarum
2705 3672 2952 3726 fecerunt
3005 3675 3285 3741 impetum.
3335 3671 3628 3743 Ingemisco

2049 3759 2209 3830 igitur
2238 3770 2292 3816 et
2325 3762 2643 3817 consolabor
2672 3765 2955 3832 meipsum.
3015 3764 3115 3829 Qui
3151 3777 3382 3832 namque
3415 3765 3468 3818 in
3504 3765 3627 3818 ulti-

2047 3853 2147 3906 mis
2171 3854 2427 3908 :erumnis
2457 3865 2603 3919 sunt,
2629 3854 2713 3908 his
2744 3854 3131 3910 consolationis
3162 3871 3332 3923 genus
3360 3856 3625 3922 quoddam

2045 3958 2165 3998 esse
2209 3946 2439 4011 videtur,
2468 3945 2597 3999 ﬂere
2634 3955 2689 3998 et
2733 3946 2968 4015 plorare.
3002 3945 3328 3999 Extunditur
3371 3939 3514 3998 enini
3559 3958 3627 4000 ex

2048 4036 2234 4090 dolore
2264 4035 2524 4106 lacryma.
2568 4035 2773 4091 Novum
2811 4052 2939 4091 vero
2967 4046 3020 4090 et
3053 4037 3422 4106 peregrinum,
3458 4037 3628 4109 Assy-

2045 4127 2186 4191 rios,
2223 4128 2386 4181 duros
2426 4137 2482 4181 et
2523 4127 2794 4180 fastnosos
2838 4139 3072 4195 semper,
3109 4135 3163 4179 et
3207 4135 3394 4182 contra
3437 4141 3628 4185 omnes

2044 4228 2231 4287 gentes
2264 4217 2821 4285 superciliosissimos,
2850 4232 3079 4288 quorum
3116 4231 3378 4273 occursus
3412 4218 3622 4276 omino-

2043 4324 2171 4372 sus,
2222 4318 2277 4363 et
2334 4307 2696 4363 formidabilis
2750 4322 2874 4363 esse
2930 4308 3258 4377 putabatur,
3308 4309 3618 4383 lacrymari.

2042 4398 2310 4453 Caeterum
2344 4399 2396 4476 hi
2438 4408 2545 4452 tam
2583 4397 2816 4453 audaces
2848 4408 2903 4453 et
2934 4398 3127 4454 animis
3165 4414 3323 4469 supra
3380 4401 3627 4459 homines

2048 4491 2290 4554 tumidis,
2330 4490 2672 4545 muliebriter
2705 4490 2931 4546 fundunt
2962 4491 3248 4563 lacrymas,
3266 4502 3319 4547 et
3340 4502 3465 4548 ante
3500 4495 3623 4550 belli

349 4584 450 4637 καὶ
478 4583 671 4653 θρῆνον
694 4584 780 4654 ἐφ’
808 4585 1025 4646 ἑαυτοῖς
1066 4584 1351 4655 ἀρτύουσι,
1380 4585 1484 4655 πρὸ
1518 4585 1615 4655 τῆς
1656 4585 1751 4638 τοῦ
1784 4586 1939 4639 πολέ-

2047 4582 2341 4649 periculum
2385 4581 2661 4636 debilitate
2708 4581 2862 4638 fracti
2904 4593 2958 4638 et
3002 4584 3253 4649 contusi,
3290 4582 3472 4639 ﬂetum
3521 4586 3622 4640 sibi

352 4689 460 4745 μου
502 4674 695 4745 πείρας
740 4673 1161 4744 κατακλώμενοι
1190 4675 1327 4745 πρὸς
1364 4675 1670 4729 ἀσθένειαν.
1688 4676 1944 4747 Ἐνεπλή-

352 4761 460 4832 σθη
506 4761 613 4833 γὰρ
663 4765 697 4834 ἡ
742 4765 914 4833 ὀσφύς
954 4782 1057 4835 μου
1091 4764 1383 4831 ἐκλύσεως,
1415 4764 1509 4818 καὶ
1529 4766 1715 4830 ὠδῖνες
1754 4766 1945 4821 ἔλαϐόν

353 4870 426 4925 με
460 4852 538 4916 ὡς
562 4854 659 4924 τὴν
684 4855 1001 4908 τίκτουσαν.
1021 4855 1165 4908 Ἀλλ’
1193 4856 1315 4909 ὅτου
1344 4855 1407 4927 δὴ
1434 4857 1594 4927 χάριν
1626 4857 1693 4911 τὰ
1721 4856 1946 4911 τοιαῦτά

348 4963 434 4999 σοι
467 4946 829 5017 συμϐήσεται,
870 4947 1059 5019 φησιν,
1096 4941 1141 5001 ὦ
1181 4947 1466 5020 Ἀσσύριε;
1507 4948 1748 5021 Φράσαις
1774 4948 1842 5002 ἂν
1867 4948 1945 5019 τῷ

343 5038 597 5109 ἐρομένῳ
620 5055 635 5069 ο
669 5038 798 5103 Ναὶ,
838 5038 1006 5108 φησίν
1023 5054 1044 5091 ⁸.
1060 5033 1176 5092 οἶδα
1223 5038 1329 5112 γὰρ
1370 5038 1829 5110 προσκεκρουκὼς
1857 5039 1944 5092 διὰ

343 5130 550 5201 πολλὴν
569 5130 848 5201 ἁμαρτίαν
864 5130 943 5202 τῷ
966 5131 1183 5184 πάντων
1206 5131 1500 5202 κρατοῦντι
1523 5129 1662 5200 Θεῷ.
1682 5130 1868 5199 Ἦδίκη
1877 5146 1944 5183 σοι

341 5219 410 5273 τὸ
437 5220 512 5291 μὴ
539 5221 795 5283 ἀκοῦσαι,
816 5221 1125 5275 ἐσπούδασα
1143 5221 1204 5275 τὸ
1228 5222 1303 5293 μὴ
1327 5221 1568 5292 βλέπειν.
1588 5219 1745 5273 Κατὰ
1763 5219 1939 5281 τοῦτο,

344 5313 537 5383 φησὶν,
580 5313 823 5383 ἐμαυτὸν
867 5313 1123 5381 ἠδίκησα,
1165 5314 1249 5367 ὅτι
1298 5312 1646 5385 μεμελέτηκα
1697 5311 1831 5365 πολὺ
1881 5312 1943 5365 τὸ

340 5403 633 5471 δυσήκοον,
663 5403 759 5456 καὶ
803 5404 1039 5474 σπουδῆς
1078 5404 1239 5475 ἔργον
1270 5404 1473 5476 ἐθέμην
1495 5405 1557 5458 τὸ
1597 5403 1672 5475 μὴ
1705 5402 1940 5472 βλέπειν,

340 5494 494 5550 τοῦτ’
519 5494 658 5555 ἐστι,
688 5495 774 5556 τίς
799 5498 828 5548 ὁ
848 5495 1009 5565 φύσει
1039 5498 1133 5548 καὶ
1160 5496 1377 5566 ἀληθῶς
1407 5499 1524 5549 ἐστι
1544 5495 1941 5558 Θεός.Ἤκουον

344 5587 448 5656 μὲν
474 5584 587 5657 γὰρ
613 5586 715 5657 τὴν
755 5585 1030 5640 Ἰουδαίων
1073 5586 1350 5658 λατρείαν,
1385 5582 1529 5640 εἷλον
1562 5584 1705 5640 κατὰ
1741 5585 1942 5656 κράτος

337 5679 439 5750 τὴν
467 5679 633 5747 ἁγίαν
658 5678 831 5743 πόλιν,
854 5678 1183 5749 πεπόρθηκα
1198 5678 1290 5730 τὸν
1319 5678 1684 5746 νεών.Ἐσχον
1712 5678 1774 5729 ἐκ
1806 5693 1944 5747 παρ-

338 5770 709 5841 ακοδσμάτων
764 5772 866 5839 τὴν
914 5770 1143 5841 μετρίαν
1175 5770 1379 5837 εἴδησιν
1400 5768 1505 5820 τῶν
1537 5767 1940 5837 ἐντεταλμένων

337 5866 441 5927 τοῖς
475 5864 536 5930 ἐξ
571 5862 815 5933 Ἰσραὴλ.
848 5862 1068 5916 Μᾶλλον
1119 5860 1173 5912 δὲ
1216 5865 1307 5912 καὶ
1359 5862 1385 5912 ὁ
1436 5860 1719 5929 προφήτης
1757 5860 1939 5921 Ἰωνᾶς

2046 4671 2179 4738 ipsis
2227 4672 2569 4727 consciscunt
2617 4680 2672 4726 et
2718 4673 2959 4729 eliciunt.
3000 4672 3210 4743 Repleti
3266 4683 3395 4730 sunt
3440 4675 3621 4741 enim,

2047 4762 2251 4831 inquit,
2282 4763 2447 4820 lumbi
2484 4764 2589 4820 mei
2623 4764 3005 4833 dissolutione,
3033 4776 3087 4821 et
3119 4766 3332 4821 dolores
3365 4778 3624 4837 ceperunt

2047 4869 2133 4908 me
2161 4855 2297 4908 sicut
2324 4856 2739 4924 parturientem.
2764 4856 2870 4910 Sed
2901 4856 3250 4925 quamobrem
3283 4856 3377 4912 tibi
3409 4860 3621 4913 contin-

2044 4959 2170 5015 gent
2213 4947 2357 5012 haec,
2398 4946 2601 5016 inquit,
2640 4962 2673 5000 ο
2722 4946 2984 5017 Assyrie?
3032 4946 3128 5001 Dic
3174 4948 3380 5020 roganti
3432 4967 3445 5003 :
3497 4950 3618 5013 Nae,

2044 5037 2237 5106 inquit,
2260 5037 2512 5091 conscius
2543 5036 2672 5090 mihi
2704 5051 2822 5090 sum
2854 5034 3145 5091 oﬂ'endisse
3175 5037 3358 5090 multis
3386 5040 3621 5104 peccatis

2042 5128 2463 5197 omnipotentem
2504 5126 2691 5181 Deum.
2720 5124 2917 5194 Injuste
2951 5127 3034 5197 egi
3068 5143 3135 5183 ne
3170 5130 3433 5193 audirem,
3459 5128 3620 5198 305

2042 5236 2263 5290 operam
2314 5218 2436 5273 dedi
2485 5233 2552 5272 ne
2598 5216 2859 5273 viderem.
2908 5217 2961 5271 In
3013 5219 3143 5285 hoc,
3198 5218 3304 5282 ait,
3358 5219 3620 5288 meipsum

2045 5314 2261 5376 damno,
2291 5320 2345 5366 et
2375 5311 2556 5379 inique
2588 5308 2713 5373 feci,
2747 5311 2889 5380 quod
2921 5310 3112 5379 insigni
3139 5309 3461 5378 pervicacia.
3481 5320 3534 5363 ct
3566 5311 3621 5364 in

2044 5405 2311 5459 audiendo
2357 5404 2652 5471 pertinacia
2706 5417 2836 5457 usus
2866 5404 2989 5469 sim,
3035 5411 3087 5455 et
3129 5416 3345 5472 operam
3393 5401 3509 5454 dedi
3554 5416 3625 5457 ne

2043 5496 2321 5560 viderem,
2358 5496 2410 5548 id
2448 5506 2561 5557 ρει,
2598 5497 2721 5563 quis
2756 5496 2823 5549 sit
2859 5493 2947 5548 ille
2983 5504 3172 5547 natura
3210 5505 3263 5548 et
3297 5508 3422 5546 vere
3459 5491 3623 5547 Deus.

2046 5588 2336 5643 Audieram
2372 5587 2514 5641 enim
2548 5585 2853 5641 Judmorum
2892 5584 3113 5650 cultum,
3145 5595 3385 5639 sanctam
3429 5585 3623 5638 urbem

2042 5681 2093 5733 vi
2130 5680 2275 5747 copi,
2313 5679 2567 5746 templum
2615 5678 2813 5737 everti.
2850 5691 2915 5730 cx
2952 5676 3232 5746 disciplina
3271 5676 3454 5729 auditu
3498 5692 3608 5742 per»

2043 5781 2215 5838 cepta,
2254 5771 2572 5823 mediocrem
2621 5769 2975 5839 cognitionem
3018 5784 3204 5823 eorum
3248 5783 3367 5836 qua:
3411 5767 3620 5820 Israeli-

2046 5860 2150 5914 tico
2192 5860 2384 5928 populo
2426 5868 2689 5929 praecepta
2729 5869 2888 5913 erant
2926 5870 3243 5915 consecutus
3285 5870 3403 5910 sum
3449 5874 3462 5908 :
3511 5855 3621 5908 imo
