4166 6296
561 464 662 519 θιξζἾ

1550 450 1606 506 S.
1647 445 1924 502 CYll‘iLU
1970 436 2449 496 ALEXANDPJM
2490 426 2812 492 ARClilEP.

3728 422 3834 480 488

565 576 825 650 propheta
866 572 1032 628 Jonas
1075 583 1105 622 ε
1158 567 1264 624 Deo
1309 567 1505 621 missus
1545 575 1650 628 est,
1687 574 1746 617 ut
1794 561 2067 632 praedicet.
2099 566 2152 610 et

2278 552 2532 622 ιπεστὰλη
2583 547 2736 620 παρᾶ
2785 545 2918 602 Θεοῦ
2970 542 3259 613 κηρύσσων
3297 540 3389 594 καὶ
3435 539 3643 608 λέγων·
3681 543 3838 596 «Ἔτι

564 649 713 724 dicat
747 684 761 720 :
796 683 816 715 ι
851 662 1038 716 Adhuc
1069 670 1180 713 tres
1211 659 1324 712 dies
1352 667 1406 710 et
1435 657 1779 710 snbvertetur
1807 649 2088 711 Ninive";
2123 666 2139 696 ι

565 775 686 814 ιιιοκ
719 754 968 826 pertimui
1002 752 1194 815 minas,
1220 760 1274 803 et
1297 749 1382 817 egi
1408 745 1803 817 paenitentiam.
1828 743 1923 796 sed
1952 740 2148 806 injuste

567 851 758 904 iterum
794 847 922 905 [οι-ἰ,
947 859 1013 898 ne
1045 843 1316 903 audirem,
1343 850 1398 894 et
1431 838 1614 893 studio
1647 835 1880 889 annixus
1911 846 2051 893 sum,
2083 843 2150 882 ne

568 942 805 994 viderem
864 951 982 1005 quae
1017 935 1214 988 vidisse
1247 929 1504 1000 oportuit.
1566 925 1847 981 Aberravit
1883 923 2022 978 enim
2059 937 2151 974 eor

570 1047 775 1093 incum,
831 1038 886 1081 et
943 1026 1198 1080 demersit
1258 1038 1344 1077 me
1409 1021 1700 1090 iniquitas,
1755 1012 2151 1085 quodammodo

568 1119 821 1169 obruens.
851 1113 986 1166 llinc
1006 1121 1056 1165 et
1085 1111 1263 1164 anima
1289 1125 1405 1163 mea
1430 1108 1673 1176 conjecta
1700 1114 1783 1159 est
1805 1105 1856 1156 in
1884 1102 2150 1163 timorem,

573 1204 644 1256 lui
688 1203 829 1256 enim
881 1202 932 1254 in
984 1209 1124 1253 metu
1176 1210 1440 1251 extremo.
1478 1194 1570 1248 llae
1617 1193 1783 1262 igitur
1827 1203 1984 1243 voces
2034 1202 2155 1240 esse

573 1303 798 1364 possunt
835 1290 1203 1359 Assyriorum.
1240 1286 1528 1341 Familiare
1568 1285 1712 1339 enim
1754 1295 1837 1336 εει
1881 1279 2155 1350 prophetis

579 1394 734 1432 voces
771 1385 824 1431 et
858 1390 1118 1444 personas
1165 1373 1422 1444 allingere
1464 1383 1685 1443 propter
1730 1369 2015 1424 utilitatem
2061 1383 2158 1420 au-

574 1467 854 1522 dientium.

651 1646 816 1701 Vens.
859 1646 912 1700 5.
947 1645 1141 1698 Parale
1193 1658 1450 1707 mensam,
1500 1643 1675 1705 bibite,
1707 1640 1875 1694 ’edite.
1924 1638 2157 1707 Surgite,

579 1739 858 1805 principes,
889 1738 1105 1804 arripile
1138 1735 1364 1804 rlypeos.
1495 1806 1506 1819 ⁸

655 1825 906 1880 Dixeram
967 1825 1268 1878 orationem
1338 1821 1706 1891 propheticam
1764 1819 1944 1875 multis
1996 1819 2160 1874 inter-

2253 648 2400 716 τρεῖς
2430 645 2654 714 ἡμέραι,
2687 640 2780 693 καὶ
2806 635 3009 704 Νινευὴ
3049 633 3584 704 καταστραφήσεται·
3615 651 3634 684 ι
3669 650 3841 686 κατα-

2255 736 2436 796 δείσας
2481 735 2537 786 δὲ
2586 729 2925 803 παραχρῆμα
2956 726 3054 795 τὴν
3085 723 3334 792 ἀπειλὴν,
3371 722 3670 792 μετενόησα
3719 723 3840 792 μὲν,

2257 826 2372 880 ἀλλ’
2406 825 2637 894 ἠδίκησα
2665 823 2826 876 πάλιν
2878 821 2952 891 μὴ
2983 817 3244 877 ἀκούσας,
3290 815 3384 866 καὶ
3413 813 3470 866 ἐν
3505 813 3706 884 σπουδῇ
3752 815 3842 866 τέ-

2259 914 2434 967 θειταί
2462 931 2551 983 μοι
2577 913 2638 964 τὸ
2673 910 2746 981 μὴ
2773 910 2903 980 όρᾷν
2959 909 3101 976 ἆπερ
3133 901 3200 976 ἦν
3229 905 3360 973 ὁρᾷν
3387 904 3699 970 ἀναγκαῖον.
3740 905 3843 956 lla-

2261 1007 2528 1075 πλάνηται
2554 1003 2662 1073 γὰρ
2690 1004 2722 1072 ἡ
2753 1001 2949 1071 καρδία
2987 1016 3109 1069 μου.
3148 997 3258 1050 Καὶ
3285 994 3613 1066 ὑποϐρύχιον
3647 1013 3713 1066 με
3745 1015 3841 1048 πε-

2261 1099 2486 1167 ποίηκεν
2519 1097 2550 1165 ἡ
2586 1094 2845 1162 ἁμαρτία,
2887 1089 3274 1160 καταχωννῦσα
3300 1090 3500 1159 τρόπον
3525 1088 3668 1141 τινα.
3697 1088 3842 1140 Ταῦ-

2261 1203 2328 1257 τη
2361 1205 2440 1240 τοι
2479 1186 2571 1238 καὶ
2606 1188 2638 1256 ἡ
2667 1184 2808 1254 ψυχή
2842 1201 2940 1253 μου
2971 1183 3274 1252 ἐφέστηκεν
3307 1184 3386 1244 είς
3420 1181 3615 1248 φόϐον·
3646 1181 3843 1248 γέγονα

2263 1280 2370 1348 γὰρ
2401 1282 2458 1332 ἐν
2481 1278 2701 1348 δείμασι
2727 1279 2837 1338 τοῖς
2859 1275 2966 1328 τῶν
2996 1274 3258 1343 ἐσχάτων.
3288 1268 3456 1326 Λῦται
3476 1272 3650 1326 τοίνυν
3671 1274 3842 1337 φωναὶ

2261 1369 2370 1422 τῶν
2416 1369 2712 1440 Ἀσσυρίων
2745 1363 2854 1420 εἷεν
2889 1366 3144 1428 ἅν.Ἔθος
3172 1364 3280 1434 γὰρ
3317 1367 3429 1426 τοῖς
3481 1365 3657 1431 ἁγίοις
3708 1380 3843 1432 προ-

2265 1463 2460 1531 φήταις
2499 1461 2932 1531 προσωποποιεῖν
2960 1458 3060 1520 τάς
3083 1455 3390 1526 φωνὰς,διά
3417 1456 3476 1509 τὸ
3502 1458 3612 1519 τοῖς
3634 1457 3841 1526 ἀκρῑω-

2269 1554 2452 1622 μένοις
2481 1554 2770 1622 χρήσιμον.

2351 1642 2728 1711 Ἑτοιμάσατε
2767 1639 3078 1710 τράπεζαν,
3129 1639 3332 1704 eriere,
3383 1637 3618 1707 φάγετε.
3674 1638 3840 1692 Ἀνα-

2268 1732 2525 1798 στάντες
2557 1735 2611 1786 οἱ
2639 1732 2946 1801 ἄρχοντες,
2979 1729 3330 1799 ἑτοιμάσατε
3369 1729 3638 1796 θιωεούς.

2342 1827 2518 1896 Ἔφην
2544 1827 2624 1878 ὅτι
2657 1828 2756 1895 τῆς
2785 1823 3123 1896 προφητείας
3149 1825 3177 1875 ὁ
3199 1822 3355 1890 λόγος
3405 1824 3484 1884 είς
3512 1821 3713 1884 πολλὰς
3736 1822 3847 1875 έτθ’

583 1917 708 1969 dum
784 1929 1133 1983 personarum
1191 1913 1543 1967 varietatibus
1601 1911 1856 1980 distingui
1902 1911 2153 1980 pulcher-

2278 1920 2345 1970 ζτε
2380 1915 2686 1988 προσώπων
2717 1915 2981 1986 διαφορὰς
3023 1910 3080 1972 εὖ
3116 1915 3259 1985 μάλα
3282 1913 3740 1969 διαποικίλλεται⁶
3771 1915 3850 1968 δεῖ

583 2009 756 2061 rime:
790 2006 1008 2061 omnino
1045 2005 1208 2072 igitur
1233 2006 1323 2074 qui
1350 2003 1491 2059 seire
1530 2003 1651 2058 haec
1687 2010 1740 2056 et
1770 2003 1971 2056 referre
2001 2002 2166 2070 probe

584 2099 794 2163 νυιυιιι,
827 2097 954 2150 talia
1004 2096 1198 2150 debent
1264 2095 1577 2149 observare.
1629 2091 1924 2158 Perspicua
2005 2090 2167 2160 igitur

582 2190 691 2250 erit
761 2198 818 2243 et
887 2186 1021 2242 nihil
1083 2183 1473 2254 abrupti,nibil
1545 2182 1876 2239 diﬂicultatis
1951 2181 2169 2236 habebit

586 2281 779 2339 horum
842 2277 1106 2331 dictorum
1189 2274 1563 2344 intelligentia.
1600 2273 1814 2330 lnduxit
1870 2287 1999 2342 ergo
2049 2285 2170 2340 per-

590 2385 780 2425 sonam
827 2367 1178 2438 Assyriorum
1249 2367 1389 2435 apud
1445 2381 1564 2422 sese
1620 2365 1886 2428 ﬂentium,
1913 2373 1968 2418 et
2026 2363 2171 2418 timi-

597 2464 768 2514 ditate
822 2458 1250 2526 contractarum,
1282 2467 1339 2526 et
1395 2458 1464 2511 de
1525 2456 1682 2512 malis
1727 2453 1923 2513 futuris
1977 2453 2171 2507 intole-

589 2551 743 2606 rabili
775 2551 967 2605 timore
1005 2548 1319 2604 dolentium.
1357 2545 1487 2601 Dein
1532 2553 1743 2617 tempus
1785 2553 2173 2600 commemorat

589 2659 695 2711 quo
745 2658 838 2696 eos
885 2643 1000 2710 capi
1054 2651 1111 2697 et
1161 2640 1585 2695 immedicabiles
1623 2640 1678 2694 in
1743 2653 2015 2695 mrumuas
2092 2638 2173 2692 in-

588 2737 771 2788 cidere
804 2733 1097 2802 continget,
1137 2741 1193 2787 et
1219 2744 1439 2788 causam
1470 2733 1563 2789 ira:
1586 2740 1776 2786 contra
1822 2729 1941 2784 illos
1995 2727 2174 2783 decla-

595 2833 697 2878 rat.
725 2821 956 2890 Scripsit
993 2820 1133 2874 enim
1175 2821 1367 2875 beatus
1399 2818 1615 2874 Daniel:
1658 2836 1676 2869 ι
1705 2817 1954 2874 Baltasar
1990 2833 2170 2886 regem

601 2925 894 2981 apparasse
951 2925 1162 2965 ctenam
1217 2911 1562 2980 uiagnatibus
1603 2910 1749 2976 suis,
1802 2909 2038 2964 millibus
2082 2923 2173 2964 co-

596 3018 710 3059 ram
759 3002 995 3057 millibus
1046 3003 1228 3056 Vinum
1258 3003 1326 3056 τ’.
1362 3021 1380 3054 ι
1433 3002 1567 3058 Dein
1611 3005 1705 3070 ait,
1748 3012 1803 3058 et
1851 3017 2005 3058 sacra
2044 3016 2170 3056 vasa

598 3110 664 3148 ex
711 3080 1096 3166 Hierosolymis
1149 3104 1360 3164 sumpta
1397 3094 1523 3150 olim
1560 3096 1824 3150 obtulisse
1881 3095 2065 3163 impie,
2123 3101 2177 3148 et

601 3187 805 3244 bibisse
865 3202 930 3241 ex
992 3186 1095 3240 illis
1142 3201 1263 3240 cum
1305 3187 1501 3257 ipsum,
1559 3195 1670 3241 tum
1709 3187 1928 3256 pelliees
1963 3185 2082 3254 eius
2123 3193 2177 3238 et

2265 2008 2324 2062 δὲ
2354 2007 2416 2078 δὴ
2442 2007 2658 2070 πάντως
2685 2007 2832 2069 τοὺς,
2872 2006 3030 2074 οἵπερ
3064 2005 3129 2058 ἂν
3160 2005 3363 2058 έλοιντο
3396 2003 3638 2057 συνιέναι
3665 2021 3726 2059 τε
3757 2005 3848 2058 καὶ

2269 2097 2633 2166 ἀπαγγέλλειν
2675 2095 2870 2166 ὀρθῶς,
2919 2097 3198 2167 ἐπιτηρεῖν
3244 2094 3488 2167 ἀκριϐῶς
3528 2095 3597 2148 τὰ
3650 2095 3844 2149 τοιάδε.

2269 2186 2452 2256 Σαφὴς
2505 2185 2614 2256 γὰρ
2648 2185 2714 2239 ἂν
2764 2184 2906 2239 οὕτω
2939 2186 3166 2254 γένοιτο,
3218 2184 3312 2238 καὶ
3354 2183 3507 2236 οὐδὲν
3561 2183 3760 2254 ἔχουσα
3790 2184 3849 2241 τὸ

2269 2277 2494 2340 ἄναντες
2548 2279 2628 2340 είς
2677 2276 2994 2348 δυσχερείαν
3036 2275 3144 2328 τῶν
3193 2275 3501 2345 λεγομένων
3543 2276 3572 2346 ἡ
3627 2274 3844 2342 γνῶσις.

2271 2369 2634 2439 Εἰσκεκόμικε
2688 2368 2867 2422 τοίνυν
2910 2368 2970 2422 τὸ
3023 2368 3133 2420 τῶν
3205 2367 3506 2438 Ἀσσυρίων
3560 2367 3849 2438 πρόσωπον

2271 2461 2565 2515 κλαιόντων
2589 2462 2672 2531 ἐφ’
2699 2462 2933 2528 ἑαυτοῖς,
2971 2461 3064 2516 καὶ
3095 2459 3614 2530 συντεθραυσμένων
3645 2459 3745 2529 μὲν
3773 2461 3850 2520 εἰς

2272 2552 2493 2615 δειλίας.
2535 2552 2806 2623 ἀφόρητον
2834 2551 2890 2605 δὲ
2922 2551 3013 2606 τὸν
3047 2549 3137 2603 ἐπί
3169 2568 3234 2620 γε
3264 2553 3378 2614 τοῖς
3421 2550 3704 2620 μέλλουσιν
3737 2549 3852 2601 ἐσε-

2275 2645 2397 2700 σθαι
2433 2645 2622 2705 κακοῖς
2646 2643 2942 2696 ὼδινόντων
2974 2641 3034 2695 τὸ
3057 2642 3237 2712 δεῖμα.
3277 2639 3408 2695 Εἶτα
3456 2642 3728 2712 μέμνηται
3755 2641 3847 2693 τοῦ

2274 2733 2487 2803 χρόνου,
2533 2731 2655 2785 καθ’
2689 2731 2748 2785 ὃν
2781 2731 2976 2793 αὐτοὺς
3020 2730 3224 2783 ἁλῶναί
3253 2747 3312 2782 τε
3367 2733 3461 2783 καὶ
3493 2732 3612 2794 ταῖς
3651 2730 3847 2800 ἀνηκέο

2278 2840 2424 2886 στοις
2466 2825 2771 2893 συμφοραῖς
2820 2824 3138 2892 περιπεσεῖν
3185 2821 3560 2892 συμϐήσεταιο
3603 2822 3695 2874 καὶ
3746 2821 3851 2892 μὴν

2277 2913 2369 2965 καὶ
2402 2911 2570 2982 αὐτὴν
2587 2911 2907 2980 καθίστησιν
2938 2910 3144 2981 ἐναργῆ
3173 2910 3272 2980 τῆς
3302 2910 3386 2963 ἐπ’
3411 2911 3596 2974 αὐτοῖς
3625 2927 3849 2982 γεγενη-

2283 3004 2451 3074 μένης
2483 3001 2700 3075 ιόργῆς]
2731 3003 2829 3074 τὴν
2873 3003 3072 3057 αἰτίαν.
3104 3002 3352 3074 Γέγραφε
3394 3004 3504 3074 γὰρ
3529 3003 3556 3054 ό
3587 3005 3854 3074 μακάριος

2278 3095 2498 3165 Δανιὴλ,
2533 3095 2616 3147 ὅτι
2656 3113 2673 3145 ι
2708 3093 2994 3164 Βαλτάσαρ
3033 3095 3061 3146 ὁ
3109 3092 3359 3162 βασιλεὺς
3398 3095 3622 3166 ἐποίησε
3645 3095 3854 3148 δεῖπνον

2273 3175 2391 3246 ’τοῖς
2417 3187 2740 3254 μεγιστᾶσιν
2766 3184 2952 3236 αὐτοῦ⁸
2993 3184 3182 3254 χιλίοις
3212 3184 3500 3240 κατέναντι
3529 3187 3635 3242 τῶν
3669 3187 3854 3256 χιλίων

562 3337 568 3342 _
599 3277 953 3331 concubinas.
991 3275 1104 3332 lloc
1141 3288 1316 3332 autem
1359 3278 1502 3331 aliud
1538 3278 1672 3333 nihil
1707 3288 1824 3331 erat
1851 3292 2014 3346 quam
2040 3291 2174 3330 eon-

2278 3277 2306 3327 ὁ
2333 3273 2495 3338 οἶνος.
2536 3294 2553 3326 ι
2589 3271 2724 3333 Εἷτά
2761 3293 2946 3346 φησιν,
2981 3276 3062 3328 ὅτι
3091 3275 3184 3331 καὶ
3215 3275 3283 3334 τὰ
3310 3277 3374 3330 ἐκ
3413 3276 3520 3332 τῶν
3561 3277 3854 3346 Ἰεροσολύ-

600 3376 682 3420 tra
750 3366 988 3418 divinam
1055 3365 1396 3433 majestatem
1454 3381 1648 3436 magno
1687 3366 1937 3434 elatoque
1997 3365 2178 3418 animo

608 3469 668 3510 se
722 3451 934 3516 eil‘erre,
968 3462 1022 3506 et
1054 3455 1310 3506 adversus
1352 3451 1712 3506 lsraelitarum
1742 3454 1929 3507 ducem
1967 3461 2020 3506 et
2043 3465 2179 3521 prae-

605 3543 774 3597 sidem
836 3541 1010 3612 erigi:
1067 3541 1222 3609 quasi
1282 3557 1438 3595 suum
1503 3540 1756 3609 populum
1808 3541 1954 3594 nullo
2023 3542 2180 3599 modo

581 3632 790 3708 juvare
850 3641 1051 3700 posset.
1098 3630 1322 3688 Bibente
1362 3632 1524 3702 igitur
1566 3631 1868 3694 Baltasaro,
1925 3641 1980 3686 et
2027 3645 2180 3684 sacra

607 3731 730 3768 rasa
765 3715 928 3788 306
957 3725 1134 3770 tamen
1183 3731 1287 3773 non
1337 3716 1596 3770 irridente
1633 3733 1647 3768 :
1677 3717 1957 3784 Apparuit,
2009 3716 2183 3784 inquit

607 3808 871 3864 articulus
897 3822 1086 3861 manus
1113 3816 1167 3861 et
1197 3808 1410 3877 scripsit
1438 3809 1490 3861 in
1515 3807 1740 3877 pariete,
1766 3805 1945 3872 Mane,
1975 3804 2178 3872 Tltecel,

608 3897 809 3953 Phares
829 3897 1091 3968 ",quam
1146 3899 1470 3967 scripturam
1529 3899 1741 3954 divinus
1784 3899 1967 3955 Daniel
2023 3899 2186 3954 inter-

607 3997 854 4064 pretatus
913 3997 1016 4054 est,
1067 3989 1348 4064 Assyrium
1401 3989 1714 4058 alloquens:
1751 3990 1990 4058 Disrupit
2045 3987 2186 4043 Deus

611 4095 834 4149 regnum
863 4087 1037 4144 tuum,
1067 4089 1119 4133 et
1147 4081 1335 4135 divisit
1367 4081 1516 4148 illud,
1551 4097 1616 4134 ac
1659 4081 1843 4137 datum
1879 4089 1963 4137 est
2018 4079 2186 4134 Medis

611 4180 665 4224 et
713 4171 909 4224 Persis.
949 4168 1119 4238 llujus
1175 4171 1434 4237 historiat,
1477 4183 1534 4226 ut
1565 4187 1664 4245 ego
1697 4175 1910 4242 quidem
1967 4186 2184 4236 censeo,

615 4263 864 4316 meminit
921 4265 1185 4332 propheta
1237 4265 1431 4320 atratus
1483 4266 1646 4320 veluti
1703 4267 1846 4335 ipsos
1898 4267 2186 4336 principes,

612 4367 706 4405 seu
747 4364 1025 4421 mag-tates
1067 4365 1119 4408 et
1149 4354 1390 4410 Baltasar
1421 4374 1435 4410 :
1471 4355 1664 4412 Parate
1711 4373 1976 4420 mensam,
2002 4357 2186 4424 bibite,

615 4441 777 4497 edite.
799 4442 1035 4514 Surgite,
1059 4445 1349 4515 principes,
1394 4447 1615 4516 arripite
1655 4448 1892 4518 clypeos,
1916 4449 2042 4502 luxu
2087 4447 2192 4504 dif-

2283 3381 2397 3434 μων
2435 3363 2706 3433 ληφθέντα
2741 3365 2881 3418 κατὰ
2909 3365 3132 3436 καιροὺς
3177 3365 3308 3433 ἅγια
3344 3366 3505 3436 σκεύη
3549 3366 3848 3434 προσκεκό-

2284 3470 2441 3524 μικεν
2488 3453 2740 3519 ἀνοσίως,
2780 3455 2874 3507 καὶ⁵
2921 3455 3102 3509 ἔπινον
3145 3456 3202 3508 ἐν
3243 3456 3420 3516 αὐτοῖς
3455 3454 3615 3516 αὐτὸς
3656 3455 3750 3506 καὶ
3793 3457 3848 3513 αἱ

2283 3544 2556 3602 παλλακαὶ
2585 3544 2771 3608 αὐτοῦ,
2814 3546 2910 3598 καὶ
2940 3547 2996 3598 αἱ
3032 3546 3359 3617 παράκοιται
3384 3543 3572 3598 αὐτοῦ.
3595 3543 3770 3597 Τοῦτο
3799 3544 3854 3597 δὲ

2281 3630 2348 3707 ἦν
2385 3634 2570 3705 ἓτερον
2598 3635 2771 3700 οὐδὲν,
2800 3635 2942 3705 πλὴν
2971 3637 3052 3690 ὅτι
3083 3635 3444 3706 μεγαλαυχεῖν
3472 3634 3615 3688 κατὰ
3643 3635 3744 3704 τῆς
3766 3634 3856 3686 τοῦ

2282 3723 2416 3778 Θεοῦ
2443 3724 2600 3796 δόξης
2623 3741 2637 3755 °
2673 3725 3100 3796 κατεπαίρεσθαί
3125 3745 3185 3780 τε
3207 3727 3302 3780 τοῦ
3333 3726 3732 3797 προεστηκότος
3755 3726 3856 3778 τῶν

2283 3815 2344 3880 ἐξ
2388 3816 2625 3887 Ἰσραὴλ,
2665 3815 2740 3879 ὡς
2770 3816 2910 3868 κατὰ
2950 3817 3154 3888 μηδένα
3183 3817 3382 3889 τρόπον
3424 3818 3614 3888 ὀνῆσαι
3645 3817 3856 3885 δεδυνη-

2289 3906 2452 3976 μένου
2485 3907 2577 3958 τὸν
2608 3906 2735 3962 ἱδιον
2773 3906 2919 3961 λαόν.
2945 3909 3198 3974 Πίνοντος
3224 3908 3404 3968 τοίνυν
3432 3907 3528 3960 τοῦ
3559 3908 3858 3978 Βαλτάσαρ,

2285 3998 2380 4050 κοιλ⁹
2416 3998 2694 4070 μονονουχὶ
2721 3997 2985 4066 γελῶντος
3013 3999 3080 4054 τὰ
3124 3997 3290 4068 σκεύη
3330 3997 3402 4054 τὰ
3451 4000 3584 4068 ἆγια
3607 4015 3620 4028 ·
3667 3997 3858 4066 Ὤφθη,

2288 4090 2476 4158 φησὶν,
2501 4089 2842 4158 ἀστράγαλος
2870 4089 3070 4161 χειρὸς,
3105 4091 3196 4144 καὶ
3227 4090 3467 4159 ἔγραφεν
3494 4093 3552 4144 ἐν
3579 4089 3655 4160 τῷ
3679 4090 3860 4158 τοίχῳ,

2285 4180 2461 4250 Μανῆ
2507 4183 2694 4236 Θεκὲλ
2740 4182 2962 4250 Φαρές·
3011 4181 3382 4253 διερμηνεύων
3422 4181 3520 4253 τὴν
3571 4180 3786 4252 γραφὴν
3833 4180 3862 4231 ὁ

2290 4273 2576 4338 Θεσπέσιος
2601 4275 2818 4346 Δανιὴλ,
2851 4275 2954 4344 ἔφη
2993 4275 3128 4346 πρὸς
3165 4275 3256 4327 τὸν
3295 4275 3577 4344 Ἀσσύριον
3601 4288 3614 4301 ·
3648 4272 3866 4344 Διέρῤηο

2289 4365 2379 4431 ξεν
2407 4365 2435 4416 ὁ
2468 4363 2598 4426 Θεὸς
2644 4367 2741 4437 τὴν
2774 4363 3049 4434 βασιλείαν
3097 4381 3211 4428 σου,
3243 4363 3336 4417 καὶ
3370 4363 3624 4435 ἐμέρισεν
3673 4362 3863 4432 αὐτὴν,

2290 4457 2388 4508 καὶ
2421 4455 2577 4525 ἐδόθη
2611 4457 2816 4526 Μήδοις
2865 4455 2959 4512 καὶ
3005 4455 3263 4527 Πέρσαις.
3300 4457 3541 4525 Ταυτησὶ
3582 4458 3681 4526 τῆς
3728 4457 3868 4514 ἱστο-

618 4532 788 4598 !luite,
819 4533 1013 4606 inquit,
1049 4536 1098 4592 in
1135 4539 1337 4591 mensis
1359 4538 1843 4606 iutcmperantibus
1878 4541 1981 4609 (est
2007 4551 2174 4592 auten

2295 4544 2437 4615 ρίας,
2467 4543 2542 4606 ὦς
2589 4560 2652 4614 γε
2689 4540 2862 4615 οἶμαι,
2894 4544 3262 4615 διαμέμνηται
3314 4544 3586 4609 νυνὶ,.καί
3632 4560 3798 4614 φησιν
3837 4543 3865 4594 ὁ

617 4631 731 4678 ha-c
795 4627 970 4679 oratio
1022 4626 1679 4695 usitata),exsaturamini
1735 4629 1980 4684 bibentes
2036 4631 2186 4683 inex-

618 4715 900 4785 plebiliter.
936 4716 1070 4782 Quid
1103 4716 1331 4774 deinde?
1353 4716 1496 4770 Bella
1526 4717 1794 4786 excipient
1820 4719 2188 4774 celebritatem

617 4816 672 4856 et
723 4824 824 4858 non
888 4807 1042 4877 longe
1103 4807 1273 4860 aberit
1328 4817 1386 4860 ut
1449 4808 1748 4880 patiamini,
1789 4809 1882 4865 sed
1939 4810 2007 4863 ab
2075 4812 2190 4878 ipsa

619 4899 1019 4964 emnpotatione
1050 4901 1114 4950 ad
1157 4913 1306 4952 arma
1336 4900 1566 4953 curretis
1595 4911 1648 4970 et
1677 4903 1925 4968 quwretis
1952 4902 2187 4970 clypeos.

625 4985 716 5037 list
767 4986 910 5038 enim
969 5002 1093 5041 vere
1142 4989 1518 5058 gravissimum
1569 5001 1754 5044 contra
1808 4993 1973 5049 Deum
2007 4991 2186 5045 ell‘erri

621 5087 674 5130 et
718 5089 902 5131 contra
928 5079 1285 5148 majestatem,
1313 5097 1414 5150 qua
1457 5083 1586 5136 nihii
1617 5093 1698 5138 est
1748 5084 2049 5150 sublimius,
2079 5085 2188 5138 ani-

625 5182 739 5221 mos
785 5177 838 5221 et
873 5169 1092 5235 spiritus
1129 5170 1332 5228 tollere.
1375 5172 1623 5228 Traditus
1651 5182 1736 5228 est
1779 5175 1921 5228 enim
1946 5174 2188 5246 Assyriis

624 5255 785 5310 lsrael
815 5277 825 5311 :
861 5259 966 5312 Deo
1017 5272 1234 5330 prepter
1276 5277 1539 5317 summam
1592 5265 1926 5334 iniquitatem
1960 5266 2188 5332 captivi-

627 5348 750 5401 tatis
787 5364 997 5416 paanam
1047 5350 1339 5421 irrogante.
1369 5352 1480 5408 Non
1537 5355 1679 5408 enim
1733 5371 1830 5424 par
1871 5357 1970 5409 fuit
1998 5373 2090 5411 eos
2123 5357 2190 5409 ad

625 5436 764 5492 hanc
827 5441 1196 5510 stupiditatem
1255 5444 1386 5498 etin
1433 5445 1530 5499 has
1585 5446 1775 5500 stultas
1840 5449 2192 5517 cogitationes

623 5529 870 5582 consulto
950 5533 1222 5596 devenire,
1255 5544 1314 5587 ut
1381 5537 1682 5605 cogitarent
1739 5548 1793 5592 et
1840 5539 1891 5592 in
1946 5540 2184 5591 animum

626 5613 943 5674 inducet-ent
996 5635 1055 5675 se
1120 5637 1334 5679 titanum
1392 5642 1647 5701 superare
1701 5645 1856 5698 posse
1922 5631 2036 5700 ejus
2095 5631 2184 5699 qui

691 5782 736 5818 "
772 5783 891 5842 Jon.
935 5805 1012 5855 in,
1051 5791 1102 5848 4.

1182 5795 1227 5827 ⁷⁸
1269 5796 1401 5851 Dan.
1453 5814 1502 5864 ν,
1549 5800 1751 5870 lseqq.
1831 5802 1875 5832 ”
1912 5803 2038 5858 ibizl.
2081 5805 2171 5862 ‘23.

2293 4637 2578 4705 προφήτης
2613 4636 2688 4700 ὡς
2733 4635 2870 4704 πρὸς
2902 4652 2964 4703 γε
3010 4637 3204 4699 αὐτοὺς
3243 4637 3370 4699 τοὺς
3408 4636 3694 4706 ἄρχοντας,
3749 4636 3864 4705 ἦτοι

2293 4727 2645 4795 μεγιστᾶνας,
2679 4725 2772 4781 καὶ
2805 4726 2903 4796 μέν
2943 4742 3025 4778 τοι
3051 4726 3144 4778 τὸν
3172 4727 3477 4797 Βαλτάσαρ·
3513 4726 3869 4796 Ἑτοιμάσατε

2291 4815 2589 4886 τράπεζαν,
2631 4815 2803 4880 πίετε,
2840 4817 3041 4885 φάγετε
3075 4833 3088 4846 ·
3115 4817 3445 4882 ἀναστάντες
3491 4816 3542 4870 οἱ
3589 4817 3866 4886 ἄρχοντες,

2291 4907 2613 4976 ἑτοιμάσατε
2644 4907 2869 4980 θυρεούς
2893 4923 2905 4935 °
2941 4909 3345 4978 σπαταλήσατε,
3392 4908 3577 4979 φησὶν,
3622 4908 3715 4958 ἐπὶ
3740 4924 3868 4976 τρα-

2291 4999 2481 5060 πέζαις
2517 4999 2746 5062 ἀσώτοις
2771 5015 2784 5028 ⁸
2821 5001 2878 5052 ἐν
2911 5001 3021 5057 ἔθει
3063 5000 3119 5057 δέ
3151 5000 3267 5065 πώς
3299 5003 3446 5054 ἐστιν
3471 5002 3498 5053 ὁ
3539 4999 3725 5067 λόγος’
3767 5015 3858 5050 κα·

2291 5091 2658 5162 τακορέσθητε
2683 5092 2930 5157 πίνοντες
2952 5095 3261 5165 ἀπλήστως.
3294 5095 3401 5147 Καὶ
3426 5093 3477 5144 τί
3512 5091 3651 5162 μετά
3679 5089 3864 5152 τοῦτο;

2287 5182 2522 5251 Πόλεμοι
2545 5183 2876 5249 διαδέξονται
2908 5185 3008 5254 τὴν
3036 5187 3365 5256 πανήγυριν,
3402 5184 3495 5237 καὶ
3519 5185 3620 5236 οὐκ
3654 5185 3732 5247 εἰς
3769 5199 3867 5252 μα-

2288 5272 2426 5343 κρὰν
2462 5273 2522 5326 τὸ
2553 5273 2744 5328 παθεῖν
2768 5291 2780 5304 ·
2813 5275 2926 5328 ἀλλ’
2962 5275 3021 5342 ἐξ
3055 5274 3218 5328 αὑτοῦ
3251 5274 3345 5327 τοῦ
3379 5275 3542 5328 πότου
3571 5272 3865 5344 δραμεῖσθε

2290 5363 2424 5434 πρὸς
2459 5363 2618 5424 ὅπλα,
2652 5366 2746 5420 καὶ
2785 5364 3050 5437 ζητήσετε
3089 5364 3337 5436 θυρεούς.
3373 5364 3734 5434 Παγχάλεπον
3763 5365 3866 5433 γὰρ

2292 5453 2505 5524 ἀληθῶς
2552 5455 2614 5507 τὸ
2652 5456 3077 5527 κατεπαίρεσθαι
3112 5455 3269 5519 Θεοῦ,
3321 5458 3418 5509 καὶ
3451 5455 3859 5525 καταθρασύνε-

2298 5542 2418 5594 σθαι
2462 5541 2638 5610 δόξης,
2669 5541 2736 5614 ἧς
2784 5547 3040 5600 ἐπέκεινα
3083 5546 3189 5598 τῶν
3227 5545 3396 5598 ὄντων
3438 5545 3612 5600 οὐδέν.
3652 5545 3867 5597 Δέδοται

2298 5633 2396 5700 μὲν
2428 5631 2534 5702 γὰρ
2575 5636 2684 5697 τοῖς
2726 5636 3071 5708 ’Λσσυρξοιςὸ
3115 5635 3334 5706 Ἰσριηλ
3358 5654 3370 5667 ·
3408 5635 3542 5690 θεοῦ
3575 5636 3632 5690 τὸ
3674 5634 3868 5706 χρῆνᾳι
