4078 6292
320 392 448 450 ΠΗ
559 413 567 421 ’
1455 387 1524 446 ΙΝ
1563 389 1800 448 ISAIAM
1839 388 1922 447 ιιι

2023 392 2100 448 rv.
2127 392 2335 450 onar.
2376 395 2442 449 v.
2531 373 2542 382 ’
3439 395 3576 449 me

310 515 340 565 ὁ
373 510 611 572 Παῦλος,
645 505 742 559 ὡδὶ
764 504 1056 577 γεγραφώς
1079 521 1091 534 ο
1131 525 1149 558 ι
1201 506 1335 562 me
1353 507 1444 562 καὶ
1473 509 1590 563 εστι
1623 512 1898 583 κεκαλυμ-

2023 511 2160 568 Zerte
2196 512 2309 580 ipse
2335 511 2497 566 etiam
2546 509 2711 564 Filius
2749 508 2855 564 tale
2889 508 3143 577 quiddam
3177 511 3312 566 dixit
3361 512 3593 566 .lndazu-‘

254 665 260 674 ι
316 602 477 672 μένον
496 599 559 652 τὸ
587 598 922 666 Εὑαγγέλιον
947 596 1127 667 ἡμῶν,
1150 599 1208 651 έν
1237 600 1348 662 τοῖς
1370 599 1760 671 ἀπολλυμένοις
1789 603 1907 654 ἐστὶ

2023 617 2128 655 rum
2178 601 2432 672 gregibus
2483 601 2765 667 accidisse,
2817 609 2872 656 et
2904 615 2998 656 eos
3041 610 3228 670 aperte
3276 589 3598 673 redarguit,i

256 681 261 726 ¹
312 689 758 760 κεκαλυμμένον,
782 691 841 741 ὲν
860 681 942 750 οἷς
974 689 1002 739 ὁ
1038 686 1170 751 Θεὸς
1204 687 1296 741 τοῦ
1323 689 1516 753 αἰῶνος
1549 691 1738 745 τούτου
1779 690 1905 744 ὲτύο

2023 701 2062 746 ut
2097 692 2186 761 qui
2215 706 2280 746 ex
2315 691 2527 760 impuro
2561 690 2774 758 spiritu,
2801 691 2916 744 duri
2950 701 3130 744 essent
3159 700 3213 744 et
3244 690 3578 756 refractarii,

257 767 268 852 ξ
313 782 497 849 φλωσε
519 779 587 835 τὰ
610 780 857 847 νοήματα
885 776 996 830 τῶν
1031 777 1299 845 ἀπίστων,
1327 781 1407 843 εἰς
1437 782 1499 833 τὸ
1525 781 1598 852 μὴ
1619 781 1907 849 διαυγάσαι

2023 791 2061 836 η
2092 782 2144 835 in
2190 781 2370 836 omnia
2404 780 2543 835 mala
2579 781 2999 835 abducerentur.
3032 782 3122 834 Ait
3170 783 3314 836 enim
3347 799 3361 835 :
3395 799 3413 832 ι
3447 780 3580 835 Cum

312 869 405 922 τὸν
450 867 727 937 φωτισμὸν
752 865 847 918 τοῦ
876 867 1211 934 Εὑαγγελίου
1259 868 1357 936 τῆς
1400 869 1558 939 δόξης
1591 871 1850 941 Χριστοῦ.
1885 889 1902 922 ι

316 960 425 1012 Ναὶ
454 959 561 1029 μὴν
595 959 688 1011 καὶ
714 956 875 1020 αὐτὸς
912 957 940 1009 ὁ
963 957 1091 1020 Υἱὸς
1111 960 1229 1020 ταῖς
1269 958 1536 1013 Ἰουδαίων
1559 961 1782 1028 ἀγέλαις
1805 960 1908 1030 ἔφη

315 1068 369 1104 τι
413 1050 684 1119 συμὸῆναι
713 1048 973 1112 τοιοῦτον,
1009 1049 1104 1104 καὶ
1125 1047 1406 1120 διήλεγξεν
1431 1051 1702 1121 ἐναργῶς,
1733 1051 1807 1114 ὡς
1847 1053 1911 1103 ἐκ

311 1140 628 1210 ,πνεύματος
655 1139 968 1210 ἀκαθάρτου
1012 1139 1237 1210 σκληροὶ
1283 1141 1538 1210 γεγόνασι
1600 1144 1694 1195 κα)⁸
1751 1143 1912 1195 ἀπει-

317 1234 451 1298 θεῖς,
481 1232 576 1285 καὶ
600 1235 681 1295 είς
710 1233 817 1284 πᾶν
841 1231 1020 1284 ὁτιοῦν
1043 1233 1380 1304 ἀπεφέροντο
1401 1233 1507 1288 τῶν
1529 1235 1734 1287 κακῶν.
1763 1234 1906 1304 Ἔφη

317 1324 450 1394 γὰρ,
487 1324 571 1376 ὅτι
608 1342 626 1374 ι
685 1327 828 1377 Οταν
852 1324 908 1376 δὲ
927 1324 988 1376 τὸ
1009 1323 1321 1395 ἀκάθαρτον
1351 1325 1565 1396 πνεῦμα
1589 1324 1777 1394 ἐξέλθῃ
1807 1324 1914 1375 ἀπὸ

316 1414 409 1467 τοῦ
425 1411 732 1482 ἀνθρώπου,
753 1412 1040 1482 πορεύεται
1053 1412 1117 1464 δι’
1134 1412 1375 1483 ἀνύδρων
1388 1412 1564 1465 τόπων
1582 1410 1774 1482 ζητοῦν
1789 1409 1917 1463 ἀνά-

321 1521 543 1560 παυσιν·
577 1505 672 1557 καὶ
703 1504 830 1557 ὅταν
855 1504 928 1574 μὴ
949 1503 1106 1576 ε’ύρῃ,
1140 1505 1490 1575 ὑποστρέφει,
1525 1505 1657 1574 φησὶ
1678 1542 1692 1565 ,
1723 1503 1880 1570 λέγον
1899 1519 1912 1533 ·

333 1596 346 1615 '
361 1594 692 1666 Υποστρὲψω
714 1596 790 1658 είς
805 1594 894 1647 τὸν
914 1591 1060 1649 οἶκόν
1080 1613 1201 1667 μου,
1220 1596 1340 1649 ὅθεν
1357 1595 1602 1667 ἐξῆλθονο
1616 1597 1737 1648 τότε
1753 1611 1918 1665 παρα·

331 1679 592 1750 λαμϐάνει
619 1680 782 1751 ἕτερα
826 1682 964 1735 ἑπτὰ
995 1684 1205 1754 πονηρά
1256 1683 1543 1754 πνεύματα
1577 1683 1918 1754 πονηρότερα

329 1771 544 1834 ἑαυτοῦ,
580 1774 675 1826 καὶ
713 1773 1016 1826 εἰσελθόντα
1046 1765 1293 1828 κατοικεῖ
1319 1775 1458 1840 ἐκεῖ,
1487 1775 1582 1828 καὶ
1610 1774 1819 1843 γίνεται
1849 1773 1920 1826 τὰ

330 1864 533 1933 ἔσχατα
553 1863 648 1916 τοῦ
677 1851 966 1935 ἀνθρώπου
996 1864 1203 1919 ἐκείνου
1231 1865 1448 1937 χείρονα
1469 1866 1578 1917 τῶν
1609 1865 1912 1936 προτέρων.
1948 1842 1993 1897 Β

334 1954 515 2016 οὑτως
545 1951 698 2006 ἔσται
718 1956 782 2024 τῇ
809 1956 970 2024 γενεᾷ
998 1954 1169 2025 ταύτῃ
1197 1957 1262 2026 τῇ
1288 1956 1517 2025 πονηρᾷ.
1552 1973 1570 2006 ι
1603 1953 1914 2025 Λελατρεύ-

334 2058 457 2101 κασι
499 2044 599 2113 μὲν
637 2045 743 2115 γὰρ
774 2046 830 2098 έν
862 2045 1122 2116 Αἰγύπτῳ
1150 2049 1262 2108 τοῖς
1293 2047 1480 2102 αὐτόθι
1508 2045 1670 2109 θεοῖς,
1718 2047 1814 2098 καὶ
1846 2041 1914 2114 ἦν

327 2134 386 2191 ἐν
426 2135 613 2198 αὑτοῖς
656 2134 716 2187 τὸ
757 2134 1066 2206 ἀκάθαρτον
1115 2135 1350 2204 πνεῦμα.
1405 2136 1626 2205 Ἐπειδὴ
1675 2134 1731 2186 δὲ
1765 2133 1918 2186 λελύ-

329 2226 665 2296 τρωνταιδιὰ
679 2227 942 2290 Μωσέως,
965 2227 1059 2280 καὶ
1090 2227 1196 2278 τῶν
1231 2227 1520 2297 πρακτέων
1559 2227 1650 2280 τὸν
1692 2224 1916 2296 ὁριστὴν

328 2317 572 2386 ἐδέχοντο
602 2318 766 2387 νόμον
800 2317 1019 2386 (ἢκουον
1066 2315 1316 2383 λέγοντος
1346 2315 1615 2385 ἐναργῶς·
1658 2333 1677 2366 ι
1712 2313 1917 2384 Κύριον

329 2407 419 2462 τὸν
444 2407 578 2460 Θεόν
612 2423 705 2459 σου
747 2406 1164 2478 προσκυνήσεις,
1197 2406 1290 2458 καὶ
1320 2403 1467 2472 αὑτῷ
1502 2405 1647 2475 μόνῳ
1682 2402 1914 2474 λατρεύ-

334 2512 445 2558 σεις
476 2497 547 2565 ι),
570 2494 907 2566 ἀπελήλαται
955 2498 1052 2565 τῆς
1094 2494 1320 2564 καρδίας
1367 2493 1544 2547 αὑτῶν
1568 2494 1661 2547 καὶ
1696 2493 1757 2546 τὸ
1789 2494 1919 2548 ἀκά-

333 2585 532 2656 θαρτον
560 2585 795 2654 πνεῦμα.
843 2584 1062 2656 Ἐπειδὴ
1087 2585 1143 2637 δὲ
1165 2585 1265 2637 οὐκ
1296 2580 1592 2655 ἐσχήκασιν
1618 2586 1675 2636 ἐν
1707 2585 1918 2648 ἑαυτοῖς

336 2677 426 2728 τὸν
453 2673 548 2728 τοῦ
599 2675 730 2728 Θεοῦ
758 2675 942 2741 φόϐον,
978 2674 1102 2728 οὗτε
1139 2675 1244 2745 μὴν
1291 2674 1497 2727 ἐνοικον
1541 2673 1789 2739 ἐδέξαντο
1829 2673 1919 2726 διὰ

339 2765 574 2828 πίστεως
593 2766 683 2818 τὸν
719 2765 925 2835 Ἰησοῦν
956 2765 1002 2834 (ι
1034 2766 1294 2817 Κατοικεῖ
1319 2765 1426 2833 γὰρ
1455 2764 1516 2814 ὲν
1532 2765 1652 2824 ταῖς
1672 2761 1917 2830 καρδίαις

337 2854 496 2924 ἡμῶν
527 2855 613 2908 διὰ
643 2854 897 2916 πίστεως,
936 2873 954 2904 ι
1001 2855 1141 2908 καθά
1199 2855 1554 2924 γέγραπται)·
1589 2853 1918 2923 σχολάζοντα

339 2947 430 2999 τὸν
455 2947 616 3000 τόπον
644 2947 704 3000 τὸ
734 2947 963 3017 ἀρχαῖον
993 2947 1166 3000 έκεῖνο
1222 2946 1317 2999 καὶ
1349 2945 1662 3014 ἀκάθαρτον
1700 2945 1918 3014 πνεῦμα

338 3038 686 3109 τεθεαμένον,
743 3037 1056 3110 είσελήλατο
1107 3038 1286 3100 πάλιν,
1342 3038 1438 3091 καὶ
1491 3037 1814 3106 κατῴκησεν
1862 3038 1918 3088 ὲν

338 3131 542 3195 αὐτοῖς,
580 3131 672 3183 καὶ
703 3129 926 3198 γέγονεν
967 3131 1147 3193 αὑτοῖς
1199 3129 1267 3182 τά
1308 3128 1513 3199 ἔσχατα
1547 3128 1768 3199 χείρονα
1809 3125 1932 3181 τῶνε

2013 873 2324 927 immundus
2353 871 2579 942 spiritus
2601 872 2711 925 exit
2746 871 2814 926 ab
2842 872 3079 936 homine,
3112 881 3361 940 peragrat
3393 872 3582 926 sitien-

2013 963 2124 1016 losa
2168 961 2304 1023 loca,
2362 975 2609 1030 quarrens
2653 959 2894 1028 requiem
2939 977 2951 1012 :
2994 974 3154 1028 quam
3211 960 3299 1013 ubi
3357 975 3462 1014 non
3509 960 3591 1012 in-

2011 1052 2176 1119 venit,
2212 1053 2528 1116 revertitur,
2567 1051 2737 1120 inquit
2763 1091 2777 1118 ,
2819 1051 3044 1106 dicens:
3083 1050 3350 1105 Revertar
3387 1052 3438 1104 in
3487 1052 3586 1103 do-

2015 1156 2158 1195 mum
2199 1155 2374 1193 meam
2409 1140 2550 1194 unde
2585 1141 2693 1194 exii
2732 1158 2746 1194 :
2783 1149 2894 1193 tum
2921 1140 3148 1195 assumit
3201 1141 3340 1195 alios
3379 1150 3584 1208 septem

2015 1233 2184 1287 malos
2215 1231 2436 1301 spiritus
2491 1232 2786 1286 deteriores
2833 1245 2909 1293 se,
2957 1240 3012 1286 et
3057 1231 3288 1297 ingressi
3322 1230 3392 1284 ibi
3437 1230 3589 1284 habi-

2020 1331 2154 1389 tant,
2185 1323 2429 1393 ﬁuntque
2470 1323 2770 1376 novissima
2798 1322 3034 1376 hominis
3063 1322 3206 1377 illius
3232 1322 3414 1390 pejora
3447 1324 3588 1390 prio-

2018 1413 2185 1467 ribus.
2220 1411 2311 1467 Sic
2352 1412 2457 1466 erit
2504 1411 2780 1478 progeniei
2827 1411 2952 1465 huic
2991 1411 3144 1466 mala:
3166 1412 3210 1465 ³.
3242 1431 3260 1462 ι
3297 1412 3456 1482 723
3486 1411 3590 1465 (Σο-

2019 1505 2236 1558 luerunt
2259 1502 2402 1557 enim
2435 1503 2563 1556 deos
2595 1502 2686 1570 qui
2729 1501 2799 1555 ibi
2831 1510 3005 1568 erant,
3035 1502 3316 1570 ineratque
3356 1503 3462 1557 illis
3497 1503 3592 1556 im-

2021 1595 2250 1649 mundus
2301 1593 2545 1663 spiritus.
2579 1593 2684 1647 Per
2727 1591 2947 1662 Moysen
3001 1603 3180 1646 autem
3219 1592 3501 1661 redempti,
3536 1601 3592 1646 et

2021 1685 2135 1756 lege
2162 1700 2283 1755 ane
2312 1693 2396 1739 est
2431 1699 2610 1738 rerum
2644 1683 2974 1753 agendarum
3012 1682 3308 1746 delinitrix,
3341 1691 3588 1751 accepta,

2023 1777 2311 1831 audierunt
2339 1790 2462 1829 eum
2493 1775 2696 1829 diserte
2717 1774 2985 1828 dicentem
3014 1792 3028 1828 :
3061 1792 3080 1825 ι
3117 1773 3399 1828 Dominum
3423 1774 3589 1827 Deum

2022 1875 2170 1921 tuum
2203 1865 2479 1930 adorabis,
2506 1872 2559 1918 et
2589 1877 2710 1918 eum
2739 1862 2911 1917 solum
2941 1863 3086 1918 coles
3110 1863 3132 1894 ⁸
3164 1883 3175 1917 :
3227 1882 3245 1913 ι
3277 1864 3592 1934 ejectusque

2020 1966 2102 2012 est
2131 1956 2294 2011 corde
2335 1970 2521 2010 eorum
2552 1954 2860 2008 immundus
2906 1955 3150 2024 spiritus.
3177 1954 3283 2009 Sed
3321 1969 3442 2008 cum
3482 1970 3591 2009 non

2023 2048 2293 2102 haberent
2321 2046 2413 2101 Dei
2441 2046 2692 2100 timorem
2733 2046 2786 2100 in
2834 2059 2894 2099 se
2936 2046 3088 2114 ipsis,
3133 2060 3233 2100 nec
3270 2045 3452 2100 Jesum
3496 2059 3594 2114 per

2023 2136 2180 2191 (idem
2214 2136 2266 2189 in
2297 2151 2354 2190 se
2387 2137 2687 2204 reciperent
2719 2153 2734 2192 :
2769 2155 2786 2188 ι
2831 2135 3055 2191 Habitat
3080 2135 3224 2190 enim
3251 2136 3593 2190 in-cordibus

2025 2225 2228 2278 nostris
2281 2239 2378 2294 per
2426 2224 2584 2279 ﬁdem
2617 2226 2664 2292 ⁸,
2699 2241 2718 2276 ι
2755 2225 3226 2294 sicutiscriptum
3264 2234 3368 2290 est,
3416 2225 3592 2279 locum

2017 2311 2174 2377 illum
2210 2327 2405 2366 vacare
2439 2313 2696 2381 antiquus
2727 2312 2818 2366 ille
2837 2300 2906 2368 et
2943 2312 3186 2383 impurus
3215 2313 3438 2382 spiritus
3460 2327 3593 2368 con-

2024 2402 2292 2466 Spicatus,
2343 2403 2538 2471 irrupit
2596 2407 2792 2468 denuo,
2847 2412 2903 2457 et
2964 2404 3016 2458 in
3064 2405 3187 2460 illos
3240 2403 3591 2473 immigravit,

2027 2494 2288 2563 factaque
2308 2504 2439 2550 sunt
2461 2495 2674 2549 illorum
2701 2494 2989 2550 novissima
3010 2495 3276 2551 deteriora
3303 2495 3592 2565 prioribus.

2025 2585 2159 2641 Nam
2207 2587 2541 2656 proditorem
2593 2586 2740 2640 illum
2784 2587 2925 2642 inter
2959 2588 3276 2657 discipulos,
3315 2589 3473 2643 talem
3525 2587 3596 2640 ab

2027 2677 2130 2731 hoc
2185 2675 2478 2745 impietatis
2535 2675 2814 2730 inventore
2847 2674 3096 2731 eﬂectum
3155 2691 3296 2741 esse,
3357 2691 3464 2730 non
3512 2683 3598 2730 est

2024 2769 2335 2823 obscurum.
2367 2767 2640 2835 Scriptum
2679 2783 2912 2836 namque
2943 2776 3026 2822 est
3053 2775 3176 2837 post
3202 2765 3362 2820 offam
3394 2766 3600 2835 ingres-

2024 2872 2144 2912 sum
2177 2872 2298 2913 esse
2328 2858 2380 2911 in
2409 2872 2530 2912 eum
2563 2855 2840 2914 Satanam.
2877 2857 3072 2912 Pnnita
3099 2867 3180 2913 est
3206 2857 3368 2927 igitur
3387 2854 3600 2912 δυόωσ-

2027 2965 2146 3003 rum
2203 2963 2511 3019 synagoga,
2561 2949 2953 3004 obtenebrante
3009 2950 3153 3004 illam
3223 2948 3448 3013 Satana,
3497 2960 3599 3001 nec

2027 3041 2374 3108 permittente
2397 3055 2517 3092 eam
2544 3040 2710 3093 animi
2741 3040 2938 3107 oculis,
2975 3039 3158 3094 mundi
3184 3040 3383 3102 lucem,
3411 3038 3464 3091 id
3493 3045 3596 3102 est,

2027 3131 2326 3196 Christum,
2370 3130 2590 3183 intueri.
2625 3129 2890 3185 Caeterum
2926 3145 3047 3184 cum
3083 3130 3150 3183 ad
3187 3129 3599 3183 conversionem

337 3189 587 3292 πρώτων.
653 3189 793 3275 ’ἀτί
829 3221 884 3274 δὲ
937 3221 1029 3274 καὶ
1077 3189 1167 3275 τδν
1215 3189 1480 3291 προδότην
1639 3189 1918 3290 ’μαθηταῖς

2027 3221 2201 3276 vocati
2235 3230 2382 3284 sunt,
2415 3220 2602 3274 datum
2661 3228 2747 3274 est
2790 3219 3037 3288 poculum
3097 3220 3318 3285 furoris,
3357 3229 3411 3272 et
3455 3217 3599 3272 calix

336 3309 576 3364 τοιοῦτον
605 3309 856 3382 γενέσθαι
889 3309 1299 3379 παρεσκεύασεν
1336 3311 1364 3362 ὁ
1401 3308 1500 3377 τῆς
1539 3307 1794 3371 ἀσεϐείας
1825 3309 1918 3362 εὑ-

336 3399 521 3475 ρετὴς,
558 3401 659 3454 οὐκ
686 3399 1018 3470 ἀσυμφανές.
1061 3399 1374 3468 Γέγραπται
1405 3397 1534 3468 γὰρ,
1562 3399 1645 3450 ὅτι
1683 3397 1822 3468 μετὰ
1857 3399 1919 3451 τὸ

333 3492 550 3562 ψωμίον
583 3490 834 3560 εἰσῆλθεν
872 3494 951 3555 είς
987 3492 1147 3544 αὑτὸν
1173 3493 1201 3544 ὁ
1227 3492 1490 3554 Σατανᾶς.
1537 3491 1746 3545 Οὐκοῦν
1773 3509 1920 3545 τετισ-

336 3585 589 3660 μώρηται
612 3583 708 3652 μὲν
733 3584 767 3653 ή
797 3582 903 3635 τῶν
933 3581 1196 3634 Ἰουδαίων
1220 3583 1550 3650 Συναγωγὴ,
1583 3583 1914 3636 κατασκοτί-

335 3675 522 3738 ζοντος
544 3671 710 3742 αὑτὴν
743 3671 835 3726 τοῦ
867 3673 1099 3737 Σατανᾶ,
1150 3673 1246 3726 καὶ
1280 3674 1382 3726 οὐκ
1411 3673 1607 3737 ὲῶντος
1635 3675 1779 3727 Δἰδεῖν
1811 3677 1925 3739 τοῖς

333 3766 439 3834 τῆς
476 3764 715 3827 διανοίας
751 3763 961 3834 ὄμμασι
988 3765 1050 3817 τὸ
1074 3763 1166 3818 τοῦ
1202 3765 1405 3835 κόσμου
1436 3765 1574 3834 φῶς,
1607 3766 1752 3820 τοῦτ’
1807 3766 1924 3820 ἐστι

336 3853 597 3923 Χριστόν.
646 3853 862 3922 Ἐπειδὴ
910 3854 967 3905 δὲ
1015 3854 1309 3925 κέκληνται
1365 3856 1503 3926 πρὸς
1562 3856 1922 3925 ἐπιστροφὴν,

335 3945 550 3999 δέδοται
578 3944 633 3997 δὲ
663 3944 724 3997 τὸ
764 3947 1018 4016 ποτήριον
1048 3945 1142 3999 τοῦ
1199 3945 1375 4017 θυμοῦ
1416 3947 1512 4000 καὶ
1546 3949 1610 4000 τὸ
1639 3947 1796 4001 κόνδυ
1826 3947 1926 4018 τῆς

336 4036 602 4098 πτώσεως
625 4037 704 4096 είς
725 4039 910 4106 χεῖρας
934 4035 1040 4087 τῶν
1069 4035 1446 4108 ἀδικησάντων
1468 4037 1657 4108 αὑτήν’
1689 4038 1925 4108 τετιμώ-

338 4143 538 4200 ρηνται
571 4128 626 4179 αἱ
661 4126 892 4196 πονηραὶ
915 4126 1007 4178 καὶ
1043 4126 1414 4196 ἀντικείμεναι
1461 4127 1740 4198 δυνάμεις,
1792 4128 1926 4182 καθ-

342 4217 522 4277 ιέντος
548 4215 716 4279 αὑτὰς
738 4219 817 4278 είς
868 4216 1000 4287 ᾅδην
1028 4215 1121 4271 τοῦ
1151 4217 1368 4270 πάντων
1391 4218 1644 4286 Σωτῆρος
1663 4216 1924 4288 Χριστοῦ,

341 4307 444 4362 καὶ
467 4307 674 4377 σειραῖς
696 4306 858 4375 ζόφου
889 4308 1248 4381 ταρταρώσας
1286 4309 1603 4380 παρέδωκεν
1633 4311 1710 4371 εἰς
1747 4310 1926 4380 κρίσιν

2023 3311 2192 3366 ruinae
2237 3311 2292 3364 in
2335 3324 2526 3364 manus
2560 3323 2747 3365 eorum
2783 3309 2874 3378 qui
2917 3324 3037 3364 eam
3083 3307 3279 3376 injuria
3309 3321 3600 3376 oppresse-

2023 3409 2166 3456 rant.
2227 3400 2434 3454 Punitze
2468 3409 2596 3454 sunt
2625 3401 2769 3456 enim
2812 3399 2964 3454 malae
2991 3407 3046 3454 et
3089 3398 3415 3454 adversariae
3445 3407 3602 3468 pote-

2022 3501 2212 3555 states,
2238 3491 2528 3560 dejiciente
2558 3506 2653 3546 eas
2699 3492 2753 3546 in
2781 3491 2981 3548 Orcum
3015 3493 3258 3545 omnium
3303 3489 3600 3544 Servatore

2023 3582 2240 3638 Christo
2291 3583 2382 3652 qui
2435 3597 2530 3638 eas
2584 3583 2792 3638 catenis
2838 3581 3144 3637 tenebrosis
3197 3581 3251 3636 in
3311 3580 3598 3636 Tartarum

2030 3673 2330 3742 conjectas,
2365 3673 2593 3728 tradidit
2620 3674 2675 3729 in
2717 3671 2984 3741 judicium
3029 3673 3210 3742 magni
3265 3671 3370 3726 dici
3420 3681 3605 3727 custo-

2030 3765 2254 3822 diendas
2285 3775 2341 3819 et
2368 3765 2709 3820 cruciandas.
2732 3763 2852 3818 lstze
2881 3765 3024 3818 enim
3056 3762 3595 3819 dieuntJerusalem:

2029 3853 2322 3921 Inclinare,
2368 3865 2426 3910 ut
2459 3866 2818 3910 transeamus.
2864 3854 2989 3910 llaec
3023 3865 3206 3909 autem
3235 3855 3466 3922 subjecit
3493 3868 3608 3907 me-

2033 3946 2121 4002 dia
2176 3956 2333 4001 terrae
2383 3947 2492 4000 illis
2543 3947 2645 4000 hac
2675 3946 3070 4014 gradientibus,
3113 3947 3164 3999 id
3215 3953 3318 4009 est,
3365 3945 3602 4011 scipsam

2033 4039 2326 4100 substravit
2364 4053 2428 4093 ac
2473 4038 2700 4104 subjecit
2742 4038 3066 4093 conculcare
3115 4037 3445 4091 volentibus.
3491 4035 3608 4089 Hoc

2035 4142 2210 4187 autem
2241 4131 2445 4188 faciunt
2490 4130 2644 4188 malae
2686 4138 2984 4198 potestates
3022 4139 3156 4191 tum,
3201 4142 3323 4183 cum
3374 4126 3610 4181 viderint

2035 4225 2272 4277 animam
2314 4225 2628 4286 remissam,
2657 4235 2778 4290 qua;
2805 4229 3038 4273 mentem
3090 4234 3241 4273 suam
3290 4219 3364 4271 ita
3399 4216 3604 4284 abiicit,

2036 4320 2097 4382 ut
2128 4311 2287 4368 facile
2311 4313 2439 4368 velit
2463 4312 2646 4382 impiis
2672 4327 2860 4366 earum
2885 4327 2951 4367 ac
2973 4311 3081 4366 Deo
3120 4309 3336 4365 infestis
3367 4307 3608 4363 consiliis

343 4399 594 4470 μεγάλης
642 4400 853 4472 ἡμέρας
907 4399 1300 4470 κολασομένους
1338 4405 1546 4472 τηρεῖν.
1609 4397 1775 4456 Δῦται
1821 4402 1922 4472 γὰρ

2035 4417 2227 4472 parere
2255 4411 2415 4472 atque
2443 4404 2744 4472 subjacere.

339 4493 488 4566 ἦσαν
519 4496 575 4548 αἱ
614 4489 893 4564 λέγουσαιέ
933 4496 1307 4566 Ἰερουσαλὴμ,
1339 4497 1512 4565 κύψον
1543 4498 1628 4561 ἵνα
1670 4497 2054 4568 παρέλθωμεν.
2100 4498 2162 4551 Ἡ
2187 4498 2244 4552 δὲ
2316 4497 2557 4553 ὑπετίθει
2622 4497 2694 4552 τὰ
2760 4496 2899 4568 μέσα
2938 4498 3004 4566 τῇ
3051 4498 3124 4566 γῇ
3167 4496 3279 4558 τοῖς
3321 4495 3388 4548 δι’
3439 4494 3609 4562 αὐτῆς

344 4591 758 4660 πορευομένοις,
807 4592 951 4647 τοῦτ’
1000 4593 1166 4658 ἐστιν,
1203 4593 1400 4664 ἑαυτὴν
1444 4593 1760 4665 ὑπέστρωσε
1809 4593 1903 4647 καὶ
1967 4594 2214 4648 ὑπετίθει
2271 4597 2385 4657 τοῖς
2447 4593 2692 4648 ἐθέλουσι
2721 4593 3074 4647 καταπατεῖν.
3106 4589 3276 4643 Τοῦτο
3316 4590 3373 4643 δὲ
3411 4589 3610 4660 δρῶσιν

346 4686 410 4739 αἱ
434 4688 667 4756 πονηραὶ
702 4687 980 4756 δυνάμεις,
1029 4689 1156 4741 ὅταν
1192 4688 1341 4742 ἴδωσι
1378 4688 1556 4759 ψυχὴν
1585 4691 1948 4760 παρειμένην,
1992 4691 2088 4742 καὶ
2124 4690 2218 4743 τὸν
2245 4690 2377 4745 ι’διον
2414 4689 2904 4765 παραρρίπτουσαν
2932 4685 3080 4750 νοῦν,
3098 4686 3178 4748 εἰς
3196 4683 3259 4738 τὸ
3291 4681 3608 4739 ὑποκεῖσθα.

349 4774 533 4830 Θέλειν
566 4776 800 4840 εὐκόλως
827 4782 946 4842 ταῖς
985 4778 1194 4838 έαυτῷν
1230 4779 1475 4843 ἀνοσίαις
1513 4780 1608 4834 καὶ
1641 4779 2203 4853 θεομισέσιοβουλαῖς.
2245 4830 2255 4838 ,

425 4953 446 4983 ³
489 4950 674 5006 Matth.
701 4967 798 5017 xu,
830 4953 1007 5009 43-45.
1087 4956 1278 5010 l’Deut.
1312 4972 1386 5024 v1,
1422 4956 1505 5010 15.
1559 4957 1578 4988 ⁵
1607 4956 1802 5025 Ephcs.
1831 4972 1914 5021 ιιι,
1949 4957 2034 5010 17.
