4078 6292
338 366 481 426 ιιιιι

1469 354 1534 410 IN
1575 351 1808 411 ISAIAM
1849 350 1980 411 LIB.
2022 348 2088 404 Υ.
2130 342 2369 402 τοιιυδ
2407 342 2447 398 Ι.

3465 338 3606 396 ΗΜ

337 476 750 550 Δεδικαιώμεθα
791 474 900 546 γὰρ
940 473 1030 529 διὰ
1069 474 1303 538 πίστεως
1344 473 1447 544 τῆς
1479 476 1559 536 είς
1600 471 1785 535 αὑτὸν,
1831 469 1928 524 καὶ

2034 476 2086 522 et
2114 465 2271 537 quasi
2310 476 2466 518 muro
2508 459 2760 532 quopiam
2807 457 2982 529 gratia
3017 454 3191 529 ipsius
3234 456 3471 512 muniti:
3509 459 3601 527 qui

334 575 436 647 τὴν
467 570 600 640 παρ’
621 566 787 624 αὐτοῦ
810 564 946 637 πρὸς
968 565 1076 618 πᾶν
1093 562 1273 618 ότιοῦν
1299 564 1603 633 ἀσφάλειαν
1624 559 1927 630 πεπλουτη-

337 680 538 737 καμεν,
566 660 663 723 καὶ
694 652 808 713 οἷον
844 652 1224 726 τετειχίσμεθα
1251 657 1320 726 τῇ
1361 655 1492 725 παρ’
1520 652 1685 706 αὑτοῦ
1716 650 1922 722 χάριτι,

338 758 520 808 πᾶσαν
542 750 700 824 ἡμῶν
726 746 1123 810 ἀποσοϐοῦντος
1147 745 1334 815 ἔφοδον
1359 742 1694 815 διαδολικὴν,
1717 740 1927 803 καὶτὰς

333 845 443 897 τῶν
490 838 880 911 ἀντικειμένων
919 836 1207 908 δυνάμεων
1257 834 1458 906 ἀγρίας
1500 831 1923 894 ἐπαναστάσεις.

337 940 378 989 εί
389 939 444 989 αὶ
474 934 634 989 τοῦτο
657 931 897 986 διδάσκει
923 930 1098 1001 λέγων
1115 930 1193 993 ὡς
1213 927 1349 1001 πρός
1370 943 1436 997 γε
1460 926 1559 998 τὴν
1577 925 1737 990 Σιὼν,
1758 923 1927 994 ἦγουν

334 1026 432 1096 τὴν
480 1023 856 1095 Ἰερουσαλὴμ,
906 1024 1032 1095 ἥτις
1085 1022 1233 1078 ἐστὶν
1278 1019 1575 1089 Ἐκκλησία
1621 1015 1758 1071 Θεοῦ
1790 1013 1927 1079 ζῶν-

337 1129 428 1175 τος
447 1127 463 1144 θ
500 1110 703 1166 Οὐκέτι
735 1110 1169 1183 προστεθήσεται
1216 1107 1447 1164 διελθεῖν
1478 1105 1567 1160 διὰ
1603 1104 1698 1159 σοῦ
1729 1101 1926 1174 ἀπερί-

337 1220 542 1274 τμητος
572 1202 669 1256 καὶ
712 1201 1051 1273 ἀκάθαρτος.
1089 1197 1398 1270 Ἱστορικῶς
1429 1196 1531 1268 μὲν
1562 1195 1673 1268 γὰρ
1701 1193 1928 1250 τοιῶσδε

343 1294 595 1365 συνήσεις
618 1292 681 1346 τδ
702 1292 1014 1365 εἰρημένον*
1039 1291 1120 1345 Τὰ
1152 1290 1406 1362 περίοικα
1437 1289 1538 1360 τῆς
1572 1285 1930 1359 Ἰερουσαλὴμ

341 1382 493 1454 ζθνη,
531 1381 881 1453 ἀπερίτμητα
914 1381 1010 1435 καὶ
1038 1378 1326 1451 ἀκάθαρτα
1376 1377 1617 1448 νοηθεῖεν
1661 1376 1749 1441 ἂν,
1802 1373 1927 1429 οὗτε

343 1472 476 1527 Θεὸν
506 1471 684 1526 εἰδότα
702 1470 792 1525 τὸν
816 1469 975 1540 φύσει
1008 1469 1103 1524 καὶ
1132 1466 1370 1541 ἀληθῶς,
1397 1466 1523 1521 οὔτε
1563 1465 1671 1538 μὴν
1708 1466 1811 1538 τὴν
1839 1465 1930 1521 διά

345 1579 411 1631 γε
434 1561 531 1616 τοῦ
557 1561 723 1633 νόμου
749 1560 982 1632 λαχόντα
1010 1559 1383 1629 παιδαγωγίαν
1406 1574 1421 1595 '
1450 1559 1720 1629 ἐμάχοντο
1736 1557 1793 1612 δὲ
1832 1558 1927 1611 καὶ

350 1652 498 1725 μάλα
531 1654 740 1725 συχνῶς
782 1652 919 1725 πρὸς
954 1651 1080 1717 τοὺς
1123 1652 1182 1719 ἐξ
1227 1652 1460 1723 αἵματος
1512 1649 1751 1722 Ἰσραὴλ,
1785 1648 1927 1704 ὥστε

347 1744 447 1800 aut
469 1743 722 1813 ἀμείνους
764 1743 993 1816 ὁρᾶσθαι
1032 1740 1357 1811 πλεισταχοῦ
1388 1742 1488 1812 τῆς
1515 1738 1739 1811 ἐνούσης
1763 1736 1927 1793 δυνά-

2027 570 2242 613 omnem
2283 552 2612 612 diabolicum
2658 551 2917 607 insuitum
2967 564 2997 603 a
3037 548 3196 604 nobis
3250 545 3520 619 proﬂigat,
3549 560 3603 603 et

2029 663 2205 704 saevas
2239 645 2580 702 incursiones
2613 648 2943 714 potestatum
2989 641 3386 697 resistentium.
3435 638 3605 708 quue

2028 741 2206 805 docet,
2239 752 2362 792 cum
2396 737 2475 790 ait
2506 735 2662 806 quasi
2699 734 2766 789 ad
2797 732 2930 787 Sion
2975 747 3070 788 seu
3117 730 3444 797 Jerusalem,
3482 745 3604 799 quae

2028 837 2113 885 est
2133 826 2373 883 Ecclesia
2408 825 2503 883 Dei
2536 825 2764 882 viventis
2798 839 2814 881 :
2848 823 2964 880 Non
2993 832 3179 894 perget
3208 821 3346 876 ultra
3374 822 3605 876 transire

2029 928 2126 984 per
2158 924 2211 968 te
2253 912 2667 968 incircumcisus
2690 920 2747 968 et
2776 913 3042 981 impurus.
3084 909 3353 966 llistorice
3384 910 3602 980 quidem

2029 1004 2133 1060 hoc
2172 1004 2335 1059 modo
2380 1005 2526 1073 quod
2562 1003 2766 1059 dictum
2813 1001 3228 1071 esﬂiutelliges.
3259 1000 3462 1056 Gentes
3497 1000 3602 1056 illae

2028 1094 2275 1150 ﬁnitimae
2326 1093 2652 1161 Jerusalem,
2693 1094 3088 1150 incircumcisa:
3124 1094 3231 1149 illae
3273 1102 3330 1148 et
3377 1093 3603 1162 impura

2031 1186 2256 1258 intelligi
2298 1194 2547 1257 possunt,
2595 1201 2717 1256 quae
2769 1199 2873 1240 nec
2927 1185 3077 1240 illum
3126 1194 3322 1240 natura
3372 1192 3427 1239 et
3474 1197 3604 1238 vere

2029 1278 2197 1335 Deum
2231 1287 2555 1349 cognorunt,
2601 1292 2702 1334 nec
2741 1278 2881 1347 legis
2937 1277 3301 1347 paedagogiam
3337 1284 3603 1332 assecutae

2029 1380 2190 1439 sunt;
2241 1370 2373 1441 quin
2428 1370 2594 1426 etiam
2657 1368 2960 1440 saepissime
3026 1368 3287 1423 adversus
3339 1366 3605 1437 sanguine

2029 1461 2329 1519 Israelitico
2369 1462 2634 1519 oriundos
2665 1461 3019 1526 dimicarunt,
3067 1460 3141 1514 ita
3184 1470 3242 1515 ut
3287 1457 3607 1527 frequenter

2029 1554 2196 1613 etiam
2235 1552 2450 1610 illorum
2482 1552 2649 1626 726
2679 1551 2888 1607 viribus
2915 1551 3228 1623 superiores
3266 1550 3605 1616 viderentur,

2028 1656 2084 1703 et
2117 1654 2324 1701 tantum
2352 1659 2459 1701 non
2492 1644 2618 1700 illac
2649 1642 2937 1699 transitum
2978 1642 3239 1708 facerent,
3280 1641 3510 1712 perinde
3539 1656 3604 1696 ac

2029 1739 2075 1795 si
2101 1751 2220 1795 eam
2272 1736 2499 1807 pedibus
2530 1736 2645 1792 suis
2676 1735 2944 1790 haberent
2976 1731 3296 1801 subjectum.
3326 1731 3433 1786 Sed
3470 1744 3602 1802 age-

354 1852 501 1906 μεως
525 1837 728 1901 αὐτοῖς,
772 1834 1053 1908 μονονουχὶ
1100 1834 1159 1887 δὲ
1190 1833 1285 1887 καὶ
1314 1833 1594 1906 παρῄεσαν
1625 1831 1695 1886 δι’
1732 1831 1923 1901 αὐτῆς,

2034 1835 2177 1896 dum,
2219 1845 2285 1887 ex
2319 1830 2404 1885 his
2434 1844 2555 1899 quae
2588 1843 2733 1900 smpe
2776 1827 3095 1897 contingunt
3132 1824 3415 1889 historice,
3443 1822 3605 1891 spiri-

350 1928 426 1993 ὡς
452 1929 789 2001 ἐρριμμένην
841 1926 947 1983 ὑπὸ
988 1926 1154 1992 πόδας
1192 1925 1405 1997 ἔχοντες
1453 1924 1649 1995 αὐτήν.
1709 1923 1840 1976 Ἀπὸ
1869 1922 1926 1979 δὲ

346 2019 459 2074 τῶν
513 2019 797 2092 ίστορικῶς
845 2017 1253 2090 συμϐαινόντων
1296 2015 1406 2070 ἔσθ’
1440 2017 1550 2080 ὅτε,
1596 2013 1751 2086 φέρε,
1807 2014 1925 2071 δια·

348 2112 671 2184 πλάττωμεν
691 2114 761 2169 τὰ
785 2112 1151 2184 πνευματικά.
1186 2110 1265 2164 Τὰ
1291 2109 1396 2164 τῶν
1421 2108 1711 2179 δαιμονίων
1736 2107 1924 2178 στίφη,

345 2204 491 2258 τοῦτ’
525 2204 668 2259 εστιν
721 2207 771 2259 οἱ
806 2204 1251 2275 κοσμοκράτορες
1289 2199 1385 2256 τοῦ
1437 2201 1660 2265 σκότους
1704 2199 1922 2263 τούτου,

347 2295 442 2351 καὶ
476 2295 572 2349 σὺν
597 2295 782 2358 αὐτοῖς
813 2297 841 2349 δ
878 2294 1101 2365 βέϐηλος
1130 2292 1500 2355 Σατανᾶς,τὰς
1523 2290 1677 2345 οῦπω
1698 2307 1922 2361 γεγενη-

352 2382 520 2455 μένας
552 2383 659 2436 ὑπὸ
702 2381 823 2451 Θεῷ
849 2381 1027 2451 ψυχὰς
1074 2380 1180 2434 ὑπὸ
1224 2378 1392 2442 πόδας
1434 2377 1638 2447 ἔχουσι,
1666 2376 1777 2445 ,καὶ
1817 2368 1926 2429 οἷον

348 2473 653 2543 διέρχονται
689 2471 757 2524 δι’
805 2470 1006 2534 αὐτῶν,
1056 2469 1417 2538 ἐγκύπτοντος
1474 2467 1708 2531 οὐδενὸς,
1762 2468 1927 2538 ἤγουν

351 2559 725 2629 ἐπαμύνοντος
744 2575 757 2588 ·
781 2558 1001 2612 ἐπειδὰν
1028 2558 1083 2612 δὲ
1111 2557 1230 2629 Θεῷ
1250 2556 1736 2628 προσῳκειωμέναι
1764 2556 1924 2622 δόξαν

352 2652 448 2705 καί
470 2651 621 2721 ἰσχὺν
654 2649 850 2721 ἔχωσιν
875 2649 1056 2713 αὐτὸν,
1079 2650 1200 2703 τότε
1223 2649 1310 2722 δὴ,
1344 2648 1465 2702 τότε
1492 2647 1827 2703 πεπαύσεται
1860 2647 1929 2702 τὰ
1958 2646 1962 2659 ’

351 2742 455 2810 τῆς
480 2740 702 2795 ἐκείνων
719 2739 1049 2806 πλεονεξίας.
1077 2740 1390 2812 Γέγραπται
1415 2738 1545 2812 γὰρ,
1568 2738 1651 2791 ὅτι
1677 2740 1853 2807 ιΠαρε
1864 2754 1929 2807 μιν

355 2830 513 2884 ϐαλεῖ
532 2830 761 2901 ἄγγελος
787 2830 989 2901 Κυρίου
1017 2829 1200 2897 κύκλῳ
1218 2827 1327 2883 τῶν
1360 2827 1710 2899 φοϐουμένων
1742 2827 1927 2893 αὑτὸν,

357 2926 454 2980 καὶ
498 2925 721 2997 ῥύσεται
770 2925 988 2989 αὐτούς.
1026 2945 1044 2977 ι
1092 2925 1481 2995 ’Δπερίτμητοι
1522 2919 1614 2979 οῦν
1650 2924 1743 2978 καὶ
1801 2924 1933 2979 ἀκὰο

358 3015 547 3088 θαρτοι
592 3017 832 3088 νοηθεῖεν
880 3015 945 3070 ἂν
992 3019 1047 3070 at!
1090 3016 1360 3086 βδελυραὶ,
1418 3016 1513 3068 καὶ
1544 3013 1784 3086 βέϐηλοι,
1837 3015 1933 3069 καὶ

360 3108 534 3190 ῥύπου
565 3110 761 3172 παντὸς
781 3110 1152 3180 ὲμποιητικαὶ,
1183 3111 1277 3164 καὶ
1296 3109 1552 3181 πονηραὶ,
1574 3109 1669 3163 καὶ
1690 3107 1929 3164 ἀντικεί-

362 3218 520 3281 μεναι
549 3200 822 3271 δυνάμεις.

443 3292 782 3356 Ἐκτίναξαι
813 3293 921 3346 τὸν
941 3292 1113 3362 χοῦν,
1146 3291 1245 3347 καί
1277 3290 1573 3360 ἀνάστηθι
1599 3333 1613 3355 ,
1652 3292 1752 3345 καί
1792 3291 1932 3347 κάθ-

363 3398 521 3449 ισον,
582 3382 995 3452 Ἰερουσαλήμ.
1043 3381 1337 3438 Ἔκδυσαι
1398 3383 1506 3437 τεν
1563 3383 1790 3451 δεσμὸν
1825 3382 1933 3438 τοῦ

358 3471 662 3541 τραχήλου
691 3487 830 3537 σου,
867 3473 905 3541 ἡ
928 3472 1301 3543 αἰχμάλωτος
1326 3472 1588 3543 θυγάτηρ
1616 3474 1786 3529 Σιών.

429 3564 818 3636 Καυχημάτων
864 3563 1219 3635 ἁγιοπρεπῶν
1260 3565 1548 3633 ἀποφαίνει
1586 3565 1770 3621 λοιπὸν
1809 3569 1931 3621 ἑπι-

363 3657 606 3726 στήμονα
627 3670 640 3683 ο
673 3654 767 3706 καὶ
794 3652 915 3707 τίνα
950 3654 1149 3724 τρόπον
1171 3651 1447 3708 ἐνδύσεται
1487 3654 1588 3725 τὴν
1634 3656 1788 3727 ίσχὺν
1833 3656 1928 3711 τοῦ

362 3743 646 3821 βραχίονος
669 3743 864 3812 αὐτῆς,
896 3744 992 3796 καὶ
1019 3742 1154 3815 πρός
1184 3759 1248 3812 γε
1275 3742 1450 3814 τούτῳ
1476 3742 1574 3814 τὴν
1603 3743 1934 3812 δόξαν,διδά-

365 3854 487 3892 σκει
517 3836 722 3905 σαφῶς.
755 3835 980 3907 Πρῶτον
1012 3836 1113 3906 μὲν
1138 3836 1567 3902 ἁποτινάξασθαι
1593 3838 1806 3892 κελεύει
1837 3839 1932 3893 τὸν

364 3926 516 4000 χοῦν,
550 3925 853 3997 ἀναστῆναι
896 3943 957 3980 τε
986 3926 1151 3991 οὕτω,
1180 3926 1401 3983 καθίσαι
1437 3943 1520 3991 τε,
1567 3928 1663 3982 καὶ
1700 3928 1934 3984 ἐκδύσα-

364 4021 488 4074 σθαι
515 4019 607 4074 τὸν
634 4017 835 4089 δεσμὸν
871 4018 968 4073 τοῦ
1000 4018 1304 4091 τραχήλου·
1335 4018 1428 4074 καὶ
1452 4019 1584 4090 χοῦν
1607 4021 1666 4077 ἐν
1703 4020 1931 4091 τούτοις,

364 4110 617 4184 καθάπερ
678 4104 923 4182 ιγῷμαι,
977 4110 1215 4165 νοεῖσθαι
1282 4112 1550 4184 προσήκει
1613 4111 1697 4165 τὸ·
1732 4111 1935 4183 γεῶδες

367 4202 645 4273 φρόνημα,
674 4202 769 4257 καὶ
791 4201 899 4257 τῶν
929 4200 1208 4273 σαρκικῶν
1236 4200 1539 4274 ἐπιθυμιῶν
1558 4201 1657 4274 τὴν
1686 4202 1934 4278 ἀκαθαρ·

368 4290 511 4345 σίαν.
543 4290 754 4362 Ὥσπερ
793 4290 902 4363 γὰρ
937 4291 1053 4354 τοῖς
1085 4290 1263 4361 χαμαὶ
1309 4288 1583 4360 κειμένοις
1628 4289 1782 4343 πᾶσά
1817 4305 1937 4354 πως

365 4382 580 4455 ἀνάγκη
612 4381 711 4455 χοῦ
751 4382 846 4437 καὶ
890 4380 1093 4446 κόνεως
1136 4377 1610 4450 ἀναπίμπλασθαι,
1650 4377 1795 4434 κατὰ
1843 4376 1936 4432 τὸν

2030 1923 2193 1978 tualia
2237 1922 2562 1977 formemus.
2610 1920 3011 1976 Dtemoniorum
3064 1916 3348 1979 cohortes,
3391 1915 3443 1970 id
3487 1921 3602 1979 est,

2029 2012 2216 2071 mundi
2261 2019 2512 2081 potentes
2560 2019 2800 2066 rectores
2828 2008 3174 2063 tenebrarum
3210 2004 3390 2060 saeculi
3423 2004 3604 2072 hujus,

2028 2112 2229 2157 etcum
2255 2102 2364 2157 illis
2397 2100 2663 2172 profanus
2691 2099 2941 2163 Satanas,
2977 2096 3188 2152 animas
3216 2095 3325 2152 Deo
3365 2094 3604 2149 nondum

2029 2192 2297 2259 subditas,
2331 2192 2561 2261 pedibus
2609 2192 2725 2248 suis
2772 2191 2970 2246 habent
3020 2187 3314 2257 subjectas,
3356 2196 3410 2242 et
3442 2184 3603 2240 veluti

2029 2299 2123 2338 eas
2165 2292 2552 2354 pt'rtranseunt
2594 2299 2659 2338 ac
2690 2282 3010 2354 pervadunt,
3062 2281 3208 2336 nullo
3256 2277 3602 2349 prohibente,

2030 2377 2112 2431 vel
2145 2379 2506 2432 subvenicnle
2534 2395 2550 2430 :
2584 2376 2678 2432 sed
2708 2387 2830 2430 cum
2864 2376 2973 2430 Deo
2999 2373 3274 2442 conjuncti
3304 2387 3367 2426 ac
3390 2370 3601 2437 sociati,

2029 2484 2150 2524 cum
2182 2470 2408 2539 gloriam
2444 2482 2508 2524 ac
2536 2466 2903 2522 fortitudinem
2936 2481 3087 2520 suam
3112 2462 3421 2526 habuerint,
3453 2472 3602 2523 tunc,

2033 2572 2158 2616 tunc
2192 2576 2380 2617 eorum
2430 2562 2679 2628 tyrannis
2707 2558 2963 2615 cessabit.
3002 2556 3276 2625 Scriptum
3300 2562 3384 2609 est
3414 2553 3558 2607 enim
3588 2570 3603 2607 :

2036 2672 2056 2705 ι
2090 2652 2278 2708 Castra
2300 2663 2465 2723 ponet
2490 2653 2715 2722 angelus
2747 2651 2958 2706 Domini
2979 2647 3278 2703 iucircuitu
3299 2646 3603 2702 timentium

2030 2759 2110 2811 se,
2142 2754 2197 2800 et
2237 2760 2330 2799 eos
2361 2744 2557 2814 eripiet
2580 2744 2645 2799 “.
2680 2762 2704 2796 ι
2749 2741 3122 2799 lncircumcisi
3155 2755 3288 2810 ergo
3318 2748 3372 2794 et
3406 2736 3603 2806 impuri

2032 2836 2255 2906 intelligi
2286 2844 2566 2905 poterunt,
2600 2833 2975 2899 exsecranda},
2999 2848 3063 2889 ac
3102 2832 3365 2902 profante,
3398 2830 3607 2884 omnis—

2032 2941 2138 2996 que
2161 2928 2338 2982 sordis
2366 2927 2686 2993 clllcieutes,
2725 2940 2790 2982 ac.
2820 2941 3052 2997 nequam
3077 2932 3242 2995 atque
3277 2919 3606 2978 adversaria:

2033 3027 2351 3086 potestates.

2105 3288 2269 3346 Vsus.
2316 3287 2371 3347 2.
2423 3287 2625 3344 Excute
2680 3288 2940 3360 puluerem
2999 3299 3051 3345 et
3118 3305 3303 3361 surge,
3355 3299 3406 3347 et
3466 3290 3609 3355 sede,

2033 3382 2351 3449 Jerusalem,
2399 3383 2541 3440 solve
2583 3383 2848 3439 uinculum
2902 3383 3024 3439 colli
3071 3382 3171 3451 tui,
3228 3385 3435 3455 captiua
3495 3381 3611 3452 ﬁlia

2037 3477 2187 3533 Sion.

2105 3566 2235 3634 Quae
2260 3565 2446 3622 laudes
2466 3568 2671 3623 sanctis
2698 3566 2873 3638 dignae
2919 3567 3047 3632 sint,
3084 3565 3340 3635 deinceps
3391 3563 3613 3620 demon-

2036 3666 2215 3714 strat:
2258 3670 2306 3715 et
2340 3658 2790 3728 quemadmodum
2845 3658 3214 3714 fortitudinem
3239 3656 3445 3712 brachii
3496 3656 3612 3729 glo-

2035 3751 2279 3823 riamun
2330 3753 2538 3816 induat,
2580 3752 2726 3807 clare
2756 3753 2929 3807 docet.
2980 3750 3219 3806 Primum
3263 3749 3407 3804 enim
3459 3747 3612 3816 jubet

2034 3844 2310 3913 pulverem
2338 3853 2613 3910 excutere,
2644 3852 2701 3898 et
2742 3844 2813 3897 ita
2853 3857 3157 3911 resurgere,
3198 3856 3264 3895 ac
3304 3841 3518 3903 sedere.
3558 3850 3614 3895 et

2033 3931 2307 3991 vinculum
2335 3931 2461 3986 colli
2485 3930 2715 3987 solvere.
2746 3930 3030 3986 Pulverem
3053 3931 3166 3995 hic,
3202 3930 3470 3999 quomodo
3506 3944 3608 3999 ego

2035 4021 2253 4093 quidem
2305 4023 2563 4087 arbitror,
2632 4021 2936 4092 intelligere
3003 4021 3279 4086 convenit,
3334 4031 3612 4077 terrenum

2035 4107 2309 4176 allectum,
2367 4119 2425 4167 et
2465 4109 2767 4169 carnalium
2817 4110 3174 4180 cupiditatum
3219 4109 3610 4181 impuritatem.

2036 4201 2499 4270 Quemadmodum
2526 4199 2671 4257 enim
2699 4198 2847 4255 humi
2869 4198 3111 4269 jacentes
3138 4198 3362 4255 omnino
3391 4214 3617 4259 necesse

2035 4301 2142 4362 est,
2199 4294 2403 4365 oppleri
2433 4292 2617 4353 etiam
2665 4291 2908 4362 pulvere,
2951 4291 3165 4359 eodem,
3208 4290 3422 4363 opinor,
3454 4292 3619 4348 modo

2039 4396 2275 4445 mentem
2309 4385 2455 4441 humi
2500 4393 2774 4459 repentem
2818 4392 2874 4439 et
2916 4391 3192 4439 terrenum
3229 4381 3477 4439 allectum
3513 4383 3621 4439 ha-t

365 4474 480 4530 ἴσον
505 4468 659 4546 οἶμαι
686 4473 904 4527 τουτονὶ
930 4471 1152 4543 τρόπον,
1188 4470 1284 4525 καὶ
1325 4473 1439 4533 τοῖς
1470 4468 1561 4524 τὸν
1588 4468 1713 4523 νοῦν
1749 4468 1930 4539 ἔχουσι

2040 4477 2312 4542 hentibus,
2340 4474 2573 4531 carnalis
2606 4474 2937 4545 impuritatis
2977 4474 3335 4544 cogitationes
3379 4475 3619 4531 insident

365 4564 710 4636 χαμαιρμφῆ
741 4564 833 4619 καὶ
859 4562 1057 4633 γεῶδες
1074 4561 1137 4615 τὸ
1165 4561 1441 4633 φρόνημα,
1468 4561 1518 4613 οἱ
1539 4560 1638 4633 τῆς
1666 4561 1930 4631 σαρκικῆς

2040 4579 2098 4627 et
2138 4570 2420 4627 inhaerent.
2457 4564 2680 4642 Oportet
2709 4580 2839 4635 ergo
2885 4580 3007 4631 nos,
3043 4566 3136 4636 qui
3175 4567 3242 4623 ad
3277 4568 3617 4639 spiritualem

367 4654 708 4727 ἀκαθαρσίας
766 4653 1071 4719 ὲνιζάνουσι
1140 4651 1413 4723 λογισμοί.
1471 4651 1593 4724 Χρὴ
1643 4649 1932 4723 τοιγαροῦν

368 4745 519 4816 ἡμᾶς
550 4746 925 4818 κεκλημένους
968 4749 1050 4812 είς
1073 4745 1383 4818 οἰκειότητα
1409 4742 1507 4815 τὴν
1535 4741 1932 4815 πνευματικὴν,

367 4836 469 4907 τὴν
494 4834 573 4899 είς
599 4835 693 4889 τὸν
721 4833 927 4908 Κύριον
970 4834 1132 4908 ἡμῶν
1165 4835 1372 4906 Ἰησοῦν
1407 4833 1500 4887 τὸν
1532 4832 1786 4907 Χριστὸν,
1841 4832 1937 4885 καὶ

370 4926 532 4983 αὐτὸν
577 4926 897 4983 ἐνδύσασθαι
956 4928 1248 4999 μέλλοντας
1292 4927 1368 4991 ὡς
1411 4928 1564 4998 ἰσχὺν
1615 4928 1708 4981 καὶ
1757 4927 1936 4993 δόξαν,

371 5018 908 5088 προαποτινάξασθαι
951 5019 1012 5073 τὸ
1041 5019 1225 5089 χοῖκὺν
1289 5019 1383 5073 καὶ
1425 5017 1624 5087 γεῶδες
1658 5018 1934 5090 φρόνημα,

368 5110 465 5166 καὶ⁸
508 5112 852 5184 upoandpat
873 5112 966 5165 τὸν
1008 5112 1154 5175 νοῦν,
1195 5111 1309 5175 καὶ,
1345 5109 1489 5165 καθά
1529 5127 1691 5181 φησιν
1727 5111 1756 5162 ὁ
1801 5109 1939 5164 πάνν-

369 5221 532 5272 σοφος
553 5203 786 5268 Παῦλος,
806 5201 1136 5257 ἐκδύσασθαι
1158 5201 1249 5255 τὸν
1284 5200 1513 5253 παλαιὸν
1534 5200 1819 5272 ἄνθρωπον
1844 5201 1937 5255 τὸν

367 5294 726 5366 φθειρόμενον
759 5294 902 5349 κατὰ
943 5294 1041 5359 τὰς
1081 5293 1373 5364 ἐπιθυμίας
1399 5293 1497 5363 τῆς
1533 5293 1784 5364 ἀπάτης,
1834 5295 1931 5348 καὶ

367 5386 691 5442 ἐνδύσασθαι
716 5387 811 5441 τὸν
850 5387 967 5441 νέον
998 5386 1088 5440 τὸν
1120 5385 1578 5455 ἀνακαινούμενον
1606 5386 1724 5439 κατ’
1749 5387 1935 5442 εἰκόνα

366 5475 460 5531 τοῦ
504 5479 790 5543 κτίσαντος
829 5478 1011 5533 αὐτόν.
1040 5477 1213 5531 Τοῦτο
1250 5476 1545 5548 δράσαντες
1577 5476 1938 5548 ἀνιστάμεθα.

367 5562 512 5620 τοῦτ’
542 5568 713 5633 ἐστιν,
758 5567 901 5638 ὀρθῷ
933 5567 1027 5622 καὶ
1059 5566 1311 5637 βεϐηκότι
1354 5565 1670 5638 κεχρήμεθα
1715 5566 1809 5638 νῷ,
1847 5570 1941 5623 καὶ

449 5739 487 5783 υ
516 5739 663 5806 Psal.
695 5755 888 5808 sunt,
913 5739 964 5794 8.
1046 5744 1087 5775 ¹²
1119 5742 1311 5827 Ephes.
1344 5758 1416 5812 tv,
1441 5741 1532 5818 ει,
1566 5742 1663 5809 ‘25.

2043 4657 2478 4730 conjunctionem
2529 4670 2653 4711 cum
2698 4654 2923 4709 Domino
2978 4664 3169 4710 nostro
3209 4653 3340 4711 Jesu
3396 4654 3617 4715 Christo

2043 4744 2218 4800 vocati
2252 4758 2459 4810 sumus,
2496 4750 2551 4798 et
2579 4742 2669 4811 qui
2701 4744 2875 4813 ipsum
2931 4751 3185 4813 tanquam
3246 4742 3616 4800 fortitudinem

2045 4845 2098 4895 et
2116 4836 2342 4909 gloriam
2367 4835 2591 4893 induere
2612 4835 2878 4901 volumus,
2903 4833 3335 4906 pulverulentum
3357 4844 3411 4890 et
3437 4842 3619 4892 terrea

2045 4943 2173 4984 num
2193 4925 2441 4984 allectum
2466 4928 2616 4996 prius
2633 4934 2908 4991 excutere,
2928 4934 2983 4983 et
3000 4935 3232 4983 mentem
3248 4940 3618 4998 prmpurgare,

2045 5034 2110 5077 ac
2131 5019 2291 5075 sicuti
2339 5019 2773 5087 sapientissimus
2816 5017 3013 5073 Paulus
3056 5017 3178 5073 ait:
3233 5017 3485 5074 Veterem
3519 5017 3619 5073 ho-

2044 5110 2245 5165 minem
2308 5118 2623 5177 corruptum
2677 5107 2881 5164 erroris
2956 5106 3346 5175 cupiditatibus
3393 5121 3620 5171 exuere,

2045 5210 2209 5270 atque
2262 5213 2456 5253 novum
2507 5199 2574 5254 ad
2607 5197 2892 5270 imaginem
2936 5198 3056 5269 ejus
3082 5198 3172 5268 qui
3202 5197 3348 5252 illum
3377 5197 3622 5255 condidit

2046 5301 2364 5348 renovatum
2416 5290 2719 5346 induere“.
2752 5288 2904 5358 Quod
2938 5289 3026 5344 ubi
3058 5288 3375 5352 fecerimus,
3431 5301 3619 5343 resur-
3651 5338 3663 5360 ἢ,

2044 5385 2243 5454 gimus,
2286 5382 2390 5437 hoc
2442 5390 2548 5451 est,
2598 5390 2744 5437 recta
2769 5391 2823 5436 et
2858 5379 3038 5435 stabili
3072 5386 3251 5435 mente
3283 5375 3496 5450 praediti
3525 5392 3620 5432 su-
3660 5389 3665 5393 ’

2047 5490 2188 5538 mus,
2218 5488 2281 5530 ac
2324 5474 2486 5530 corde
2541 5472 2716 5539 ﬁrmo,
2773 5472 3065 5527 secundum
3106 5469 3235 5526 illud
3294 5470 3438 5542 quod
3490 5458 3657 5525 alibiQ

2047 5568 2248 5625 dictant
2276 5576 2359 5623 est
2409 5580 2439 5622 a
2468 5566 2577 5623 Deo
2615 5579 2711 5636 per
2751 5579 2917 5621 unum
2957 5578 2988 5620 e
3010 5563 3331 5635 prophetis:
3369 5580 3391 5618 ι
3431 5562 3623 5622 Statue
