4078 6292
522 357 657 416 Ηιίῗ

1542 360 1600 416 S.
1641 311 2423 416 CYRiLLl-ALEXANDRINI
2465 354 2778 416 ARCHIEP.

3548 338 3567 344 “
3637 356 3781 416 ms

523 483 770 546 tenuant,
797 475 954 533 Sion.
997 497 1015 530 ι
1050 477 1117 530 Et
1140 477 1350 533 divinus
1391 477 1556 532 David
1579 479 1801 548 psallit:
1842 496 1861 530 ι
1889 478 2087 532 Statuit

2198 476 2559 549 ὲρηρεισμένῃ
2588 473 2809 545 καρδίᾳ,
2837 472 2983 531 κατὰ
3004 487 3068 543 γε
3093 469 3156 526 τὸ
3174 469 3405 543 ἑτέρωθί
3427 483 3532 522 που
3559 468 3629 521 δι’
3655 470 3781 533 ἑνὸς

520 583 684 634 super
728 574 930 636 petram
967 570 1129 635 pedes
1169 580 1337 631 meos,
1368 577 1422 622 et
1450 568 1652 621 direxit
1677 567 1841 637 727
1877 582 2095 637 gressus

522 674 671 712 meos
696 659 760 713 υ.
793 677 811 709 ι
856 659 1126 728 Scriptum
1160 667 1243 714 est
1280 662 1422 713 enim
1453 659 1506 713 in
1553 658 1692 713 libro
1717 659 2047 713 Psalmorum
2079 677 2093 713 :

525 766 546 801 σ
579 751 714 803 Deus
753 751 891 804 sedit
942 751 994 804 in
1029 751 1164 805 solio
1208 751 1388 816 suo“,
1421 771 1439 803 ι
1473 751 1526 806 id
1555 761 1658 819 est,
1705 752 1869 806 ﬁxum
1900 763 1954 807 et
1986 761 2098 805 sta-

518 840 726 903 hilitum
781 844 940 896 habet
993 852 1250 912 perpetuo
1314 860 1537 915 regnum
1583 861 1760 900 suum.
1810 845 1919 900 Nec
1952 844 2094 899 enim

518 932 813 999 quidquam
890 932 942 985 iu
1008 932 1116 987 Deo
1178 933 1523 999 cogitandum
1599 943 1685 990 est
1751 918 2092 1003 corporeum.

520 1007 789 1092 Sequetur
820 1033 1020 1087 autem,
1075 1024 1164 1077 uhi
1196 1025 1391 1078 sederit
1429 1026 1572 1093 quis,
1599 1025 1650 1079 id
1682 1033 1785 1088 est,
1829 1035 2087 1078 constan-

522 1121 700 1166 temet
729 1114 975 1167 stabilem
1013 1115 1298 1168 retinuerit
1326 1117 1673 1179 sententiam,
1701 1125 1759 1168 ut
1784 1115 1944 1169 etiam
1975 1113 2095 1167 colli

520 1204 692 1259 solvat
720 1205 1014 1260 vinculum.
1052 1205 1272 1262 Catenis
1313 1208 1455 1263 enim
1496 1222 1715 1262 suorum
1750 1215 2094 1276 peccatorum

521 1298 750 1367 quisque
773 1299 1163 1366 constringitur
1195 1318 1209 1353 :
1247 1315 1309 1353 ac
1355 1299 1562 1369 peccati
1593 1308 1648 1356 et
1683 1299 1851 1368 ipsius
1882 1298 2099 1353 Satanas

517 1386 646 1465 jugo
673 1389 975 1452 subdimur.
1021 1389 1288 1444 Cteterutn
1334 1389 1388 1443 in
1414 1389 1635 1444 Christo
1672 1389 1739 1442 ab
1771 1389 1855 1442 his
1902 1388 2099 1442 liberav

525 1495 665 1542 mur,
703 1488 756 1533 et
787 1480 1015 1548 diruptis
1053 1480 1283 1534 vinculis
1335 1494 1547 1544 eorum,
1592 1488 1644 1532 et
1675 1478 1913 1549 proiecto
1936 1493 1965 1531 a
2000 1492 2100 1531 uo-

524 1570 608 1623 bis
638 1570 767 1638 ipsis
797 1571 925 1640 jugo
945 1584 1157 1637 eorum,
1198 1570 1652 1639 quemadmodum
1686 1570 1947 1639 scriptum
1990 1575 2097 1631 est,

525 1661 690 1715 libera
715 1671 768 1716 et
802 1662 974 1715 soluta
1002 1673 1199 1728 mente,
1229 1664 1371 1734 quod
1424 1664 1623 1718 bonum
1651 1672 1734 1719 est
1764 1664 2096 1732 perﬁcimus.

526 1754 618 1808 Sic
644 1753 778 1809 dicit
798 1755 958 1809 etiam
1002 1757 1156 1811 nobis
1182 1770 1276 1825 per
1321 1772 1483 1810 unum
1506 1772 1536 1811 e
1559 1758 1856 1826 prophetis,
1879 1760 2098 1815 univer-

2195 569 2303 621 τῶν
2352 565 2646 638 προφητῶν
2684 562 2976 636 εἰρημένον
3007 562 3160 634 παρὰ
3188 562 3350 616 Θεοῦο
3387 580 3406 613 t
3448 561 3654 631 Στῆσον
3684 577 3776 613 σεο

2196 660 2386 727 αυτὴν,
2415 657 2606 711 Σιών.»
2638 657 2845 712 Ψάλλει
2867 655 2923 709 δέ
2957 671 3062 708 που
3098 655 3191 708 καὶ
3214 656 3244 708 6
3272 652 3561 715 Θεσπέσιος
3590 651 3776 715 Δαεὶδ,

2195 752 2277 804 ὃτι
2313 768 2332 800 ε
2374 751 2642 818 Ἐστησεν
2692 749 2784 802 ἐπὶ
2836 747 3045 818 πέτραν
3090 746 3221 808 τοὺς
3266 745 3434 808 πόδας
3496 760 3626 813 μου,
3683 742 3777 794 καὶ

2196 841 2494 896 κατεύθυνε
2529 842 2597 895 τὰ
2643 840 2958 910 διαδήματά
3000 854 3122 909 μου.
3163 856 3183 890 ι
3229 837 3546 909 Γέγραπται
3588 833 3647 886 δὲ
3684 833 3779 884 καὶ

2196 934 2254 986 ὲν
2304 931 2472 1002 βίϐλῳ
2520 930 2795 1001 Ψαλμῶν·
2838 948 2857 981 ι
2901 929 2958 984 '0
2992 928 3125 992 Θεὸς
3163 926 3402 997 κάθηται
3448 926 3545 978 sui.
3581 923 3777 993 θρόνου

2197 1023 2352 1092 ἁγίου
2379 1021 2566 1089 αὑτοῦ,
2607 1041 2626 1074 ο
2666 1021 2811 1074 τοῦτ’
2840 1020 2976 1085 ἔστι,
3000 1020 3062 1073 τὸ
3085 1018 3290 1090 ἀραρός
3312 1034 3373 1071 τε
3430 1016 3526 1069 καὶ
3552 1013 3778 1084 ίδρυμλ-
3796 1060 3809 1076 ,

2196 1130 2286 1167 νον
2323 1115 2422 1183 τῆς
2468 1112 2663 1166 ἑαυτοῦ
2700 1110 2974 1182 βασιλείας
3015 1110 3130 1180 ἔχει
3153 1109 3435 1179 διηνεκῶς,
3458 1103 3778 1186 Σωματικὸν

2197 1203 2306 1273 γὰρ
2334 1203 2484 1255 οὐδὲν
2524 1203 2617 1255 ἐπὶ
2646 1201 2782 1255 Θεοῦ
2819 1201 3056 1256 νοεῖσθαι
3087 1200 3309 1271 πρέπει.
3339 1199 3572 1267 Ἕψεται
3606 1195 3663 1248 δὲ
3698 1192 3775 1264 τῷ

2196 1295 2441 1357 καθίσαι,
2488 1293 2632 1347 τοῦτ’
2664 1293 2801 1356 ἐστι,
2858 1292 2937 1364 τῷ
2985 1291 3202 1360 βέϐαιόν
3241 1307 3302 1344 τε
3349 1289 3442 1343 καὶ
3491 1287 3776 1358 ἱδρυμένον

2199 1386 2490 1456 ἐσχηκέναι
2551 1386 2613 1439 τὸ
2679 1386 2965 1456 φρόνημα,
3027 1385 3123 1437 καὶ
3176 1383 3238 1437 τδ
3306 1378 3641 1435 ἐκδύσασθαι
3686 1377 3777 1431 τὸν

2196 1477 2394 1547 δεσμὸν
2435 1478 2530 1531 τοῦ
2571 1476 2864 1549 τραχήλου.
2913 1476 3131 1547 Σειραῖς
3182 1475 3282 1545 μὲν
3328 1474 3438 1543 γὰρ
3476 1470 3586 1525 τῶν
3629 1470 3778 1523 ἰδίων

2200 1569 2486 1640 ἁμαρτιῶν
2523 1570 2755 1632 ἕκαστος
2794 1568 3106 1638 σφίγγεται,
3140 1565 3557 1637 ύπενηνέγμεθα
3590 1562 3647 1615 δὲ
3684 1562 3777 1615 καὶ

2200 1661 2305 1713 ὑπὸ
2330 1660 2472 1728 ζυγὰ
2494 1661 2594 1730 τῆς
2626 1660 2926 1731 ἁμαρτίας,
2968 1659 3064 1712 καὶ
3103 1655 3270 1718 αὐτοῦ
3299 1655 3356 1708 δὲ
3398 1652 3493 1706 τοῦ
3537 1652 3775 1705 Σατανᾶ.

2213 1751 2349 1804 Ἀλλ’
2398 1752 2457 1804 έν
2505 1751 2725 1823 Χριστῷ
2773 1753 2868 1804 καὶ
2912 1749 3116 1803 τούτων
3162 1743 3631 1816 έλευθερούμεθα’
3687 1744 3780 1795 καὶ

525 1857 707 1898 sorum
743 1842 885 1898 Deus
916 1863 930 1899 :
966 1863 985 1896 ι
1011 1845 1076 1898 Et
1113 1845 1490 1913 egrediemini,
1523 1856 1579 1900 et
1612 1847 1818 1902 salictis
1844 1856 2096 1917 tanquam

2201 1842 2592 1912 διαρρήξαντες
2614 1841 2740 1904 τοὺς
2772 1842 3007 1912 δεσμοὺς
3032 1839 3241 1906 αὐτῶν,
3269 1837 3411 1892 καθὰ
3437 1837 3777 1905 γέγραπται,

523 1933 674 1987 vituli
705 1948 735 1987 e
761 1934 988 1990 vinculis
1024 1933 1273 2000 relaxati,
1309 1944 1363 1989 et
1405 1936 1792 1990 enneuleabitis
1823 1938 2036 2006 iniquos
2078 1957 2093 1993 :

525 2033 810 2094 propterea
864 2033 1016 2077 erunt
1046 2026 1198 2093 quasi
1231 2023 1367 2078 cinis
1389 2025 1490 2079 sub
1521 2026 1746 2091 pedibus
1763 2028 2029 2081 vestris“.
2074 2045 2094 2079 ι

522 2114 655 2170 Cum
679 2123 862 2169 autem
905 2115 1067 2169 infert
1095 2130 1110 2169 :
1141 2115 1364 2183 Captiva
1402 2116 1505 2169 ﬁlia
1538 2114 1688 2179 Siou,
1721 2119 1952 2186 primum
1982 2116 2101 2188 qui-

524 2206 644 2259 dem
673 2206 847 2259 innuit
891 2205 1053 2259 Deum
1091 2206 1333 2260 misereri
1380 2221 1567 2261 eorum
1615 2208 1703 2277 qui
1759 2210 1859 2263 sub
1912 2208 2099 2280 jugum

523 2295 721 2349 diaboli
758 2296 1090 2362 ceciderunt,
1122 2311 1186 2350 ac
1233 2307 1456 2365 peccato
1487 2299 1752 2353 serviunt.
1806 2299 2009 2355 Deinde
2034 2301 2099 2354 ad

524 2389 661 2454 haec,
699 2389 942 2444 ostendit
1001 2403 1099 2442 nos
1143 2389 1193 2441 in
1228 2389 1279 2442 id
1326 2390 1543 2455 cadere,
1589 2390 1754 2444 etiam
1784 2406 1904 2444 cum
1943 2391 2101 2446 liceat

524 2479 657 2533 illud
691 2493 795 2532 non
841 2479 972 2549 pati.
1012 2477 1145 2531 Nam
1176 2480 1594 2548 cumrcaptivam
1622 2480 1916 2535 nominavit
1946 2479 2096 2546 Sion,

524 2572 688 2624 etiam
721 2570 884 2623 ﬁliam
931 2585 1048 2625 eam
1080 2578 1252 2625 vocat.
1282 2571 1350 2623 At
1386 2571 1480 2639 qui
1505 2570 1618 2624 ﬁeri
1647 2580 1878 2639 poterat,
1906 2581 1965 2624 ut
1990 2571 2098 2625 ﬁlia

524 2661 641 2725 Dei,
682 2672 734 2715 et
777 2661 947 2730 gloria
1006 2670 1114 2715 tam
1189 2660 1382 2715 illustri
1440 2661 1718 2728 decorata,
1772 2662 2099 2731 captivitatis

524 2763 802 2808 teneretur
832 2752 1070 2822 laqueis?
1098 2752 1237 2821 Ergo
1267 2753 1387 2821 quis
1417 2767 1536 2807 eam
1565 2753 1668 2807 huc
1702 2753 2099 2822 praecipitavit?

524 2843 641 2898 Non
665 2842 956 2898 inﬁrmitas
975 2845 1260 2909 servantis,
1286 2842 1379 2898 sed
1412 2843 1656 2898 voluntas
1683 2852 1737 2898 et
1763 2844 2097 2911 propositum

525 2935 803 3004 patientis,
842 2927 963 3004 q'uze
1005 2943 1350 3003 paternorum
1404 2933 1672 2987 viscerum
1728 2934 2099 2988 misericordia

525 3028 714 3081 orbata
776 3036 880 3091 est,
929 3027 1068 3095 quod
1122 3024 1321 3079 malum
1379 3023 1624 3095 elegerit,
1657 3033 1710 3078 et
1761 3023 2099 3095 suﬁragando

526 3120 717 3189 pejori,
755 3121 951 3174 bonum
983 3117 1273 3185 respuerit.

2201 1934 2296 1986 καί
2343 1933 2747 2004 ἀπορρίψαντες
2799 1933 2891 2001 ἀφ’
2944 1931 3153 1987 ἑαυτῶν
3209 1930 3300 1983 τὸν
3351 1927 3516 1995 ζυγὸν
3572 1924 3779 1987 αὐτῶν,

2203 2023 2474 2094 ἐλευθέρῳ
2499 2040 2559 2076 τε
2598 2023 2693 2078 καί
2730 2023 3002 2094 ἀνειμένῳ
3048 2024 3359 2093 φρονήματι
3402 2017 3784 2089 κατορθοῦμεν

2203 2116 2265 2170 τὸ
2292 2116 2513 2185 ἀγαθόν.
2555 2116 2713 2170 Οὕτω
2741 2117 2843 2170 πού
2891 2133 3025 2186 φησι
3070 2115 3206 2187 πρὸς
3250 2115 3398 2184 ἡμᾶς
3430 2112 3498 2164 δι’
3530 2112 3649 2173 ἑνὸς
3671 2108 3783 2162 τῶν

2204 2207 2501 2279 προφητῶν
2523 2210 2552 2261 6
2574 2207 2684 2261 τῶν
2707 2208 2844 2262 ὅλων
2873 2208 3005 2270 Θεός
3025 2221 3038 2237 ·
3078 2225 3096 2258 ι
3142 2206 3251 2259 Καὶ
3278 2202 3651 2271 ὲξελεύσεσθε,
3680 2201 3781 2255 καὶ

2205 2301 2527 2371 σκιρτήσετε
2560 2301 2636 2363 ὡς
2682 2300 2955 2371 μοσχάρια
2992 2300 3058 2351 ὲκ
3097 2296 3315 2366 δεσμῶν
3351 2295 3616 2363 ἀνειμένα
3638 2293 3782 2354 .-καὶ

2205 2392 2622 2462 καταπατήσετε
2665 2391 2901 2461 ἀνόμους
2921 2408 2936 2422 ·
2991 2389 3126 2443 διότι
3190 2388 3405 2458 έσθνται
3461 2386 3540 2448 ὡς
3589 2383 3781 2445 σποδὸς

2205 2484 2462 2538 ὑποκάτω
2486 2483 2594 2537 τῶν
2621 2483 2801 2536 ποδῶν
2829 2481 3003 2554 ὑμῶν.
3043 2500 3062 2533 ι
3108 2481 3419 2550 Ἐπιφέρων
3457 2478 3518 2530 δὲ
3548 2476 3777 2538 τούτοις,

2211 2572 2274 2628 Ἦ
2294 2574 2635 2645 αἰχμάλωτος
2680 2573 2925 2645 θυγάτηρ
2965 2572 3124 2637 Σιὼν,
3157 2571 3371 2642 πρῶτον
3420 2568 3521 2638 μὲν
3564 2568 3780 2636 ἐφίησιν

2200 2669 2421 2731 ὲννοεῖν,
2450 2668 2531 2720 ὅτι
2555 2667 2919 2736 κατοικτείρει
2949 2665 3082 2729 Θεὸς
3124 2664 3252 2728 τοὺς
3282 2663 3387 2716 ὑπὸ
3412 2661 3555 2729 ζυγὰ
3582 2660 3780 2713 πεσόν·

2200 2775 2301 2822 τας
2333 2757 2640 2821 διαϐολικὰ,
2671 2759 2768 2811 καὶ
2798 2760 2865 2828 τῇ
2914 2756 3160 2829 ἁμαρτίᾳ
3196 2753 3616 2817 δουλεύσαντας.
3650 2748 3783 2805 Εἶτα

2202 2848 2343 2920 πρὸς
2393 2850 2568 2919 τούτῳ
2617 2849 2998 2913 διαδείκνυσιν,
3030 2848 3113 2901 ὅτι
3152 2847 3426 2917 πίπτομεν
3469 2846 3552 2908 εἰς
3602 2842 3781 2907 τοῦτο,

2200 2941 2379 2995 καίτοι
2408 2942 2568 3012 μετὸν
2601 2941 2675 3012 μὴ
2713 2940 2907 2994 παθεῖν
2940 2941 3093 2994 αὑτό.
3127 2940 3486 3011 Αἰχμάλωτον
3522 2939 3635 3008 γὰρ
3667 2937 3782 2989 ὀνο-

2204 3034 2383 3100 μάσας
2408 3035 2506 3103 τὴν
2537 3032 2695 3099 Σιὼν,
2744 3034 2841 3087 καὶ
2882 3032 3159 3104 θυγατέρα
3204 3032 3370 3102 φησιν
3416 3029 3612 3100 αὑτήν.
3652 3024 3784 3081 Εἶτα

2205 3121 2321 3185 πῶς
2367 3118 2435 3192 ἦν
2475 3124 2695 3192 ἐφικτὸν
2720 3125 2835 3186 τοῖς
2866 3123 2985 3191 τῆς·
3007 3121 3389 3193 αἰχμαλωσίας
3418 3120 3623 3175 ἁλῶναι
3656 3117 3787 3189 βρόο

524 3229 642 3293 χοις
675 3212 774 3282 τὴν
819 3209 917 3263 τοῦ
962 3207 1098 3263 Θεοῦ
1130 3207 1431 3285 θυγατέρα,
1472 3204 1568 3262 καί
1606 3203 1766 3277 δόξης
1814 3208 1913 3277 τῆς
1962 3204 2104 3259 οὕτω
2140 3208 2401 3281 λαμπρᾶς
2463 3211 2808 3283 ὴξιωμένηνς
2869 3211 2966 3273 Τίς
2997 3206 3090 3265 οὖν
3122 3210 3230 3283 ἄρα
3264 3210 3403 3283 πρὸς
3428 3209 3586 3263 τοῦτο
3608 3206 3786 3275 κο.θῆ-

523 3320 621 3359 κεν
649 3303 856 3373 αύτήν;
883 3302 994 3371 Ούχ
1022 3301 1056 3371 ἡ
1081 3298 1176 3353 τοῦ
1210 3298 1334 3371 [σὼ]
1357 3297 1560 3362 ζῶντος
1579 3296 1833 3351 ἀσθένειά
1858 3296 2049 3361 ποθεν,
2075 3298 2190 3352 ἀλλ’
2229 3303 2261 3370 ὴ
2291 3303 2392 3372 τῆς
2426 3302 2704 3373 παθούσης
2735 3301 2898 3374 βουλὴ
2920 3303 3014 3356 καὶ
3052 3302 3391 3374 προαίρεσις,
3423 3300 3528 3366 ἔξω
3543 3301 3786 3371 spuma.

526 3411 627 3465 σης
650 3397 749 3465 τῆς
789 3394 883 3447 τοῦ
928 3391 1141 3463 Πατρὸς
1182 3388 1605 3460 εὐσπλαγχνίας,
1647 3387 1737 3441 διὰ
1767 3388 1862 3442 τοῦ
1930 3388 2131 3457 μᾶλλον
2199 3392 2416 3447 ἑλέσθαι
2457 3395 2517 3448 τὸ
2564 3395 2824 3466 πονηρὸν,
2852 3394 2948 3448 καὶ
2985 3394 3155 3466 ψήφῳ
3201 3397 3270 3467 τῇ
3310 3394 3446 3466 πρὸς
3484 3395 3545 3445 τὸ
3590 3393 3781 3462 χεῖρον

523 3490 827 3547 καταλῦσαι
855 3489 917 3542 τὺ
949 3485 1176 3557 ἀγαθόν,

598 3582 764 3640 Vens.
788 3585 844 3637 5.
880 3582 1020 3647 Quia
1057 3583 1170 3635 hac
1207 3580 1333 3647 dicit
1380 3579 1674 3635 Dominus:
1702 3579 1882 3635 Gratis
1912 3581 2107 3636 uenditi
2131 3584 2174 3644 C

523 3676 667 3741 estis,
688 3683 736 3727 et
765 3687 868 3725 nou
903 3680 1116 3740 argento
1145 3669 1494 3724 redimemini.

593 3765 728 3822 Cum
767 3778 885 3819 eam
931 3761 1130 3817 dixerit
1171 3763 1462 3832 captivam,
1500 3775 1724 3817 necesse
1778 3763 1967 3819 habuit
2009 3778 2093 3831 ea,

523 3873 642 3929 quae
663 3870 878 3924 semper
902 3854 1217 3923 contingunt
1245 3853 1331 3908 his
1365 3854 1455 3923 qui
1491 3869 1557 3909 eo
1592 3854 1824 3909 miseriae
1854 3856 2094 3926 prolapsi

522 3961 669 4014 sunt,
700 3948 974 4002 inducere.
1000 3946 1353 4014 Abripiuntur
1375 3946 1519 4000 enim
1552 3948 1605 4001 in
1629 3947 1971 4014 servitutem,
1997 3961 2095 4003 ne-

523 4042 668 4097 mine
696 4055 792 4112 pro
820 4041 926 4094 illis
955 4038 1255 4108 deponente
1289 4037 1544 4106 pretium,
1585 4039 1678 4093 sed
1708 4040 1864 4109 quasi
1914 4052 2095 4096 certa-

524 4135 686 4191 minis
738 4135 983 4204 prremia,
1054 4140 1108 4186 et
1166 4130 1288 4184 belli
1335 4146 1398 4184 ac
1438 4131 1729 4186 barbaricae
1772 4132 2095 4189 incursionis

524 4227 754 4281 fructus.
783 4222 845 4278 Vi
888 4224 1033 4279 enim
1057 4230 1110 4277 et
1141 4221 1517 4284 necessitate,
1541 4223 1606 4276 ad
1631 4222 1946 4278 servitutem
1989 4238 2093 4278 non

523 4314 882 4371 voluntariam
931 4323 1220 4369 vocantur.
1270 4311 1361 4367 Sic
1407 4311 1522 4368 fore
1553 4315 1682 4368 dicit
1716 4314 2091 4370 universorum

523 4407 691 4468 Deus,
720 4405 881 4458 etiam
922 4406 1346 4472 redemptionem
1386 4404 1522 4472 ejus.
1552 4404 1696 4458 Nam
1728 4407 1904 4473 rapuit
1933 4404 2094 4461 Sata-

523 4510 622 4552 nas
656 4505 913 4549 terrestre
934 4509 1123 4563 genus,
1160 4502 1214 4548 et
1246 4492 1402 4562 quasi
1447 4494 1720 4563 captivum
1753 4495 1959 4551 habens
2006 4512 2095 4552 or-

521 4588 644 4645 bem
669 4596 935 4642 terrarum
959 4585 1373 4640 intolerabiliter
1401 4584 1449 4638 vi
1478 4588 1766 4654 Oppressit,
1791 4596 1846 4641 et
1874 4587 2095 4645 saevitiae

524 4678 784 4747 surejugo
832 4676 1090 4747 alligavit.
1124 4674 1233 4730 Sed
1261 4676 1424 4730 homo
1464 4672 1641 4730 factus
1668 4684 1752 4731 est
1782 4679 2093 4749 unigenitus

524 4771 618 4826 Dei
649 4768 858 4834 Sermo,
893 4768 985 4836 qui
1028 4766 1193 4837 728
1222 4779 1318 4835 pro
1349 4765 1503 4820 nobis
1537 4766 1685 4830 vicit,
1720 4775 1778 4821 et
1816 4766 2093 4837 ingressus

524 4862 738 4916 domutn
776 4859 948 4925 fortis,
974 4867 1029 4913 et
1065 4873 1132 4913 eo
1161 4857 1342 4927 ligato,
1379 4871 1509 4911 vasa
1545 4854 1785 4927 diripuit,
1828 4868 1884 4914 et
1905 4874 2093 4917 omnes

2279 3581 2409 3634 ’Ὅτι
2440 3580 2581 3635 τάδε
2607 3581 2771 3651 λέγει
2796 3581 3042 3650 Κύριος*
3074 3580 3303 3650 Δωρεὰν
3327 3579 3627 3647 ἐπράθητε,
3656 3580 3762 3634 καὶ

2200 3674 2272 3727 οὐ
2288 3672 2438 3742 μετὰ
2458 3674 2748 3744 ἀργυρίου
2777 3673 3266 3742 λυθρωθήσεσθε.
3426 3715 3435 3721 .

2264 3766 2619 3836 Δίχμάλωτον
2647 3766 2817 3838 αὐτὴν
2860 3766 3165 3833 ὀνομάσας,
3222 3763 3525 3835 ἀναγκαίως
3566 3763 3767 3833 ἐπάγει

2196 3856 2291 3909 καὶ
2319 3856 2388 3909 τὰ
2415 3857 2529 3920 τοῖς
2565 3857 2646 3920 εἰς
2671 3856 2828 3909 τοῦτο
2857 3855 3083 3910 πεσοῦσι
3111 3855 3489 3925 ταλαιπωρίας
3519 3853 3607 3907 ἀεὶ
3633 3871 3776 3925 συμ-

2195 3948 2471 4003 ϐαίνοντας
2489 3948 2880 4018 Ἀποφέρονται
2907 3947 3017 4019 γὰρ
3040 3949 3121 4012 εἰς
3134 3946 3617 4010 δουλείαντούδενὺς
3637 3947 3779 4018 ὑπὲρ

2194 4039 2374 4095 αὐτῶν
2388 4039 2761 4110 καταθεμένου
2785 4040 2974 4110 τιμὴν,
3001 4039 3116 4094 ἀλλ’
3131 4040 3211 4103 ὡς
3224 4036 3384 4103 ἆθλα,
3412 4042 3510 4091 καὶ
3540 4039 3776 4109 πολέμου

2194 4132 2289 4186 καὶ
2316 4131 2497 4202 βαρϐα
2509 4131 2672 4202 ρικῆς
2706 4131 2895 4201 ἐφόδου
2923 4132 3145 4205 καρποί⁹
3178 4132 3270 4202 βίᾳ
3305 4132 3417 4202 γὰρ
3445 4131 3542 4185 καὶ
3567 4132 3779 4203 ἀνάγκη

2194 4223 2331 4294 πρὸς
2362 4222 2658 4291 ἀϐούλητον
2694 4221 2986 4276 καλοῦνται
3026 4223 3265 4295 θητείαν.
3307 4223 3499 4287 Οὕτως
3564 4224 3784 4277 ἔσεσθαί

2192 4306 2360 4385 φησιν
2400 4316 2428 4368 ὁ
2472 4313 2581 4367 τῶν
2632 4314 2770 4368 ὅλων
2806 4314 2943 4378 Θεὸς
2987 4316 3080 4369 καὶ
3124 4312 3228 4386 τὴν
3269 4312 3539 4384 λύτρωσιν
3589 4316 3779 4385 αὐτῆς.

2195 4405 2450 4477 Ἥρπασε
2479 4407 2587 4478 γὰρ
2627 4409 2655 4459 6
2689 4407 2935 4471 Σατανᾶς
2977 4407 3038 4460 τὸ
3073 4406 3164 4460 έπί
3195 4406 3297 4477 τῆς
3334 4408 3437 4477 γῆς
3466 4407 3656 4476 γένος,
3684 4407 3784 4459 καὶ

2193 4490 2303 4551 οἷον
2325 4497 2667 4567 αἰχμάλωτον
2685 4497 2824 4568 ἔχων
2842 4498 2941 4568 τὴν
2960 4497 3052 4550 ὑπ’
3075 4496 3304 4567 οὐρανὸν
3322 4498 3615 4570 ἀφορήτως
3646 4514 3748 4551 κατ
3762 4527 3784 4540 -

2194 4587 2465 4651 εϐιάζετο,
2496 4590 2610 4652 τοῖς
2657 4589 2756 4657 τῆς
2788 4587 2983 4655 ἑαυτοῦ
3030 4588 3355 4659 σκαιότητος
3404 4588 3788 4661 έγκαταδήσας

2194 4675 2398 4744 ζυγοῖς.
2455 4675 2617 4729 Ἀλλὰ
2654 4676 2877 4744 γέγονεν
2923 4675 3209 4747 ἄνθρωπος
3260 4678 3292 4730 6
3337 4678 3640 4748 μονογενὴς
3688 4678 3786 4733 τοῦ

2193 4764 2330 4819 Θεοῦ
2359 4765 2556 4834 Λόγος,
2586 4765 2646 4830 ὃς
2678 4767 2963 4838 νενίκηκεν
3002 4767 3142 4838 ὑπὲρ
3163 4766 3343 4839 ἡμῶν·
3393 4768 3487 4822 καὶ
3525 4769 3789 4823 εἰσελθὼν

2193 4855 2273 4918 εἰς
2307 4854 2405 4925 τὴν
2449 4854 2628 4908 οἰκίαν
2667 4854 2765 4908 τοῦ
2813 4855 3056 4927 ἰσχυροῦ,
3083 4858 3179 4910 καὶ
3205 4857 3525 4927 καταδήσας
3582 4859 3781 4924 αὐτὸν,

521 4961 686 5008 terra;
725 4951 929 5008 incolas
959 4948 1232 5006 transtulit
1255 4946 1342 5002 η’.
1370 4947 1573 5016 Itaque,
1604 4958 1664 5003 ut
1707 4950 1845 5021 rapti
1882 4966 2089 5020 sumus,

2198 4942 2468 5016 διήρπασε
2495 4945 2564 4998 τὰ
2592 4944 2788 5017 σκεύη,
2815 4945 2914 4999 καὶ⁹
2949 4945 3254 5017 μετέθηκεν
3278 4947 3358 5009 εἰς
3387 4947 3582 5000 ἑαυτὸν
3606 4946 3778 5002 ἁπαν

521 5043 594 5098 ita
622 5043 785 5098 etiam
808 5039 1073 5109 redempti
1101 5053 1308 5095 sumus.
1338 5036 1448 5094 Nec
1478 5038 1622 5094 enim
1656 5053 1687 5093 a
1709 5039 1935 5097 volente
1963 5042 2092 5099 abs-

523 5136 691 5192 traxit
731 5148 827 5191 nos
855 5131 1128 5195 Christus,
1163 5129 1256 5186 sed
1291 5128 1406 5198 ejus
1438 5129 1616 5200 potius
1653 5130 1796 5186 vires
1827 5131 2011 5202 fregit,
2035 5141 2090 5187 et

519 5230 778 5294 tanquam
809 5220 950 5276 Deus
983 5218 1305 5290 phalangem
1343 5217 1732 5275 daemoniorum
1767 5219 2087 5291 proﬂigavit.

517 5309 636 5366 Non
657 5325 788 5382 ergo
814 5318 1039 5381 argento
1078 5306 1374 5362 venundati
1424 5322 1639 5375 sumus,
1674 5324 1849 5381 neque
1882 5311 1962 5365 sic
2007 5326 2091 5366 re-

520 5401 722 5471 dempti
773 5415 995 5468 sumus;
1049 5407 1106 5453 at
1155 5399 1396 5455 omnium
1468 5408 1711 5456 nostrum
1782 5399 2090 5458 Servatoris

518 5488 723 5546 Christi
769 5491 993 5546 viribus.
1027 5489 1219 5546 Pastor
1258 5489 1404 5546 enim
1433 5490 1607 5546 bonus
1642 5490 1876 5547 animam
1912 5493 2091 5563 posuit

517 5591 618 5647 pro
654 5577 845 5634 ovibus
878 5581 991 5635 suis
1065 5589 1119 5637 et
1147 5595 1243 5636 nos
1267 5580 1487 5651 preprio
1520 5583 1761 5637 servavit
1803 5583 2087 5652 sanguine.

592 5754 638 5789 ⁸³
667 5752 812 5810 Psal.
847 5759 1104 5822 δεκτικήν»
1188 5758 1229 5790 ⁸⁸
1258 5757 1401 5812 Psal.
1440 5774 1584 5819 vat.
1613 5761 1667 5816 9.

1785 5767 1825 5797 ¹⁵
1859 5766 1979 5819 Mal.
2014 5784 2081 5823 μ’,
2114 5768 2161 5830 9,
2201 5767 2253 5821 5.

2195 5050 2296 5099 τας
2320 5036 2447 5100 τοὺς
2466 5036 2557 5088 ἐπὶ
2590 5037 2689 5107 τῆς
2718 5037 2844 5105 γῆς.
2866 5036 3077 5091 Οὐκοῦν
3100 5036 3175 5101 ὡς
3204 5037 3600 5109 ήρπάσθημεν,
3640 5039 3797 5093 οὕτω

2197 5125 2292 5178 καὶ
2312 5124 2817 5197 λελυτρώμεθαιΟύ
2841 5127 2951 5199 γὰρ
2977 5128 3109 5196 παρ’
3131 5127 3349 5192 έκόντος
3372 5130 3521 5200 ἡμᾶς
3544 5128 3630 5193 έξε
3650 5128 3798 5181 {item

2196 5215 2449 5286 Χριστὸς.
2485 5217 2786 5288 συντρίψας
2814 5217 2872 5271 δὲ
2909 5217 3112 5289 μᾶλλον
3135 5219 3300 5272 αὑτοῦ
3334 5219 3436 5291 τὴν
3471 5221 3654 5290 ἰσχὺν,
3701 5222 3800 5272 καὶ

2195 5305 2545 5378 ἀποσοϐήσεις
2572 5308 2648 5372 ὡς
2683 5309 2816 5373 Θεὸς
2854 5308 2965 5363 τῶν
3007 5309 3302 5381 δαιμονίων
3343 5311 3445 5382 τὴν
3493 5311 3794 5381 φάλαγγα.

2197 5399 2335 5452 Οὔτε
2366 5400 2542 5455 τοίνυν
2570 5401 2817 5472 ἀργυρίῳ
2839 5401 3188 5473 πεπράμεθα,
3226 5402 3348 5457 οὕτε
3386 5403 3481 5456 τὸν
3526 5401 3647 5455 ἴσον
3694 5401 3794 5455 λε-

2194 5492 2519 5564 λυτρώμεθα
2533 5494 2753 5564 τρόπον’
2783 5494 2930 5565 ἰσχύϊ
2951 5495 3009 5548 δὲ
3028 5496 3228 5567 μᾶλλον
3252 5495 3347 5550 τοῦ
3372 5497 3594 5550 πάντων
3618 5495 3790 5577 ἡμῶν

2197 5583 2445 5655 Σωτῆρος
2473 5585 2517 5637 Χ
2527 5584 2735 5655 ριστοῦ,
2760 5585 2969 5657 Ποιμὴν
2997 5585 3107 5658 γὰρ
3132 5586 3395 5660 ὑπάρχων
3417 5586 3649 5656 ἀγαθὸς,
3685 5591 3787 5645 τέ-

2335 5768 2399 5805 ’ν
2425 5765 2555 5821 Luc.
2596 5782 2672 5835 ιι,
2697 5766 2788 5835 21,
2825 5767 2913 5822 9.2.
