4078 6292
346 413 405 468 Η
426 412 488 468 ιθ
1482 408 1556 464 ῙΝ
1592 409 1829 466 lSAlAM
1870 412 1954 467 LII

2058 412 2113 470 ν.
2157 411 2400 472 TOMUS
2437 414 2481 469 i.
3481 423 3621 479 “56

346 522 496 578 θεικε
541 521 643 594 τὴν
677 518 855 592 ψυχὴν
892 516 1034 588 ύπέρ
1074 517 1183 571 τῶν
1230 516 1427 593 ἑαυτοῦ
1476 518 1787 589 προϐάτων,
1835 522 1929 575 καὶ

2058 522 2226 580 Vibice
2253 525 2396 581 enim
2435 524 2553 593 ejus
2586 539 2682 583 nos
2707 528 2880 585 sanati
2912 544 3127 598 sumus,
3167 540 3223 588 et
3262 519 3378 604 ipse
3407 533 3623 605 langui-

350 614 590 672 σέσωκεν
611 614 758 684 ἡμᾶς
777 610 968 681 αῐματι
996 607 1075 677 τῷ
1107 608 1222 679 ἰδίῳ
1240 625 1253 637 ·
1275 609 1353 679 τῷ
1377 609 1487 679 γὰρ
1515 606 1742 680 μώλωπι
1766 612 1932 665 αὑτοῦ

2058 618 2137 671 Ius
2168 618 2343 674 factus
2400 628 2484 674 est
2539 630 2763 691 propter
2827 632 3053 692 peccata
3110 634 3321 680 nostra.
3380 624 3623 683 Liberati

351 706 512 775 ἡμεῖς
549 705 797 776 ἱᾴθημεν·
832 701 928 756 καὶ
973 698 1137 762 αὐτὸς
1170 700 1269 769 μὲν
1312 701 1656 773 ἐμαλακίσθη
1691 703 1781 756 διὰ
1833 702 1934 766 τὰς

353 797 631 868 ἁμαρτίας
674 794 866 866 ἡμῶν
919 791 1348 863 ἠλευθερὼμεθα
1391 792 1446 846 δὲ
1484 795 1665 864 ἡμεῖς,
1713 797 1806 849 καὶ
1844 796 1936 849 τὸν

352 889 454 958 τῆς
474 887 752 959 ἁμαρτίας
794 884 960 956 ζυγὸν
982 886 1076 939 καὶ
1102 884 1200 955 τὴν
1216 883 1309 938 τοῦ
1334 885 1588 940 διαϐόλου
1618 886 1935 952 πλεονεξίαν

353 979 794 1050 ἀποσεισάμενοι.

427 1069 591 1122 Οὕτω
645 1069 808 1138 λέγει
853 1071 1073 1140 Κύριος
1098 1086 1112 1102 '
1159 1072 1263 1137 Είς
1298 1072 1605 1143 Αἴγυπτον
1646 1073 1860 1144 κατέϐη
1904 1078 1940 1130 δ

352 1162 501 1226 λαός
531 1179 656 1230 μου
687 1162 756 1214 τὸ
794 1162 1089 1230 πρότερον
1118 1161 1482 1231 παροικῆσαι
1527 1163 1669 1226 ἐκεῖ,
1710 1165 1806 1218 καὶ
1850 1167 1939 1231 εις

367 1252 717 1319 Ἀσσυρίους
731 1252 844 1320 βίᾳ
876 1251 1179 1321 ἤχθησαν.
1220 1254 1332 1307 Καὶ
1368 1253 1487 1308 νῦν
1523 1255 1580 1307 τί
1620 1249 1738 1308 ὧδέ
1756 1256 1898 1309 ἐστε
1917 1273 1938 1321 ;

360 1341 504 1396 Τάδε
529 1343 695 1412 λέγει
716 1343 931 1410 Κύριος
949 1360 964 1376 ο
1001 1344 1131 1397 Ὀτι
1181 1343 1416 1411 ἐλήφθη
1441 1347 1474 1397 ὀ
1502 1347 1653 1410 λαός
1670 1362 1789 1414 μου
1825 1344 1938 1398 δω-

348 1435 520 1504 ρεὰν,
556 1435 876 1505 θαυμάζετε
923 1436 1021 1489 καὶ
1059 1434 1391 1496 ὀλολύζετε.
1426 1435 1573 1490 Τάδε
1616 1437 1779 1504 λέγει
1820 1437 1940 1489 Κύ-

351 1545 483 1597 ριος
505 1546 519 1561 ο
557 1530 638 1582 Δι’
670 1526 828 1597 ὑμᾶς
856 1527 952 1583 διὰ
982 1527 1210 1593 παντὸς
1248 1527 1316 1582 τὸ
1360 1526 1547 1597 ὄνομά
1583 1543 1705 1596 μου
1738 1527 1941 1591 ,βλασ-

360 1619 640 1690 φημεῖται
664 1620 735 1674 ἐν
765 1619 889 1686 τοῖς
910 1618 1172 1673 ἔθνεσιν.
1632 1622 1636 1626 ’

432 1710 789 1781 Δίχμάλωτον
814 1710 1087 1781 ὀνομάσας
1122 1709 1221 1780 τὴν
1253 1707 1414 1773 Σιὼν,
1443 1709 1644 1762 εἰδέναι
1692 1707 1940 1778 βούλεται

362 1802 463 1872 τὴν
492 1802 690 1866 αἰτίαν,
723 1803 809 1871 ἐφ’
840 1795 875 1875 ᾖ
918 1801 1263 1872 συμϐέϐηκεν
1293 1802 1429 1870 αὐτῇ
1464 1800 1526 1853 τὸ
1557 1800 1636 1863 είς
1666 1800 1825 1853 τοῦτο
1852 1816 1942 1852 πε-

2037 708 2178 763 enim
2205 725 2391 765 sumus
2423 718 2479 765 et
2528 726 2646 778 nos,
2684 721 2739 767 et
2770 713 2958 786 jugum
2990 717 3221 787 peccati,
3252 718 3621 789 tyrannidem:

2038 817 2142 872 que
2171 802 2368 859 diaboli
2394 806 2755 861 excussimus.

2113 1077 2275 1134 Vens.
2314 1078 2369 1145 4,
2418 1078 2473 1135 5.
2512 1077 2602 1133 Sic
2633 1078 2759 1132 dicit
2788 1077 3079 1133 Dominus:
3113 1078 3176 1134 In
3212 1079 3499 1151 Ai‘gyptum
3531 1081 3623 1136 de-

2038 1170 2234 1224 scendit
2272 1170 2495 1239 populua
2555 1187 2700 1223 meus
2754 1170 2921 1239 prius,
2958 1180 3013 1223 ut
3046 1174 3469 1243 peregrinaretur
3490 1173 3622 1240 illic,

2040 1267 2090 1312 et
2116 1260 2186 1310 ad
2235 1258 2477 1328 Assyrios
2522 1261 2573 1311 vi
2622 1258 2836 1312 abducti
2885 1269 3026 1312 sunt.
3080 1260 3147 1312 Et
3182 1278 3317 1314 nunc
3347 1263 3470 1330 quid
3501 1264 3624 1318 estis

2040 1349 2166 1403 hic?
2200 1348 2326 1402 Hmc
2354 1350 2479 1402 dicit
2525 1348 2781 1402 Dominus
2812 1363 2830 1400 :
2866 1349 3003 1414 Quid
3044 1362 3228 1417 raptus
3284 1361 3360 1405 est
3400 1353 3624 1418 populus

2041 1458 2185 1496 meus
2215 1440 2404 1510 gratis,
2432 1440 2771 1492 admirantini
2803 1451 2848 1493 et
2888 1442 3110 1508 ρίου-ατε.
3151 1441 3281 1497 "me
3301 1445 3426 1496 dicit
3455 1443 3628 1497 Domi-

2042 1551 2140 1589 nus
2179 1550 2196 1587 :
2238 1533 2465 1598 Propter
2505 1547 2594 1585 vos
2628 1548 2831 1601 semper
2866 1546 3055 1586 nomen
3096 1549 3265 1586 meum
3304 1522 3445 1586 “male
3477 1532 3625 1588 audit

2043 1624 2185 1694 apud
2222 1633 2421 1695 gentes.

2114 1716 2246 1772 Cum
2284 1714 2503 1770 Sionem
2532 1715 2799 1784 captivam
2830 1714 3186 1778 nominasset,
3226 1713 3367 1768 scire
3391 1727 3484 1767 eos
3512 1713 3630 1768 vult

2044 1822 2261 1863 causam
2312 1807 2662 1875 quamobrem
2719 1807 2823 1862 hoc
2865 1807 2910 1861 ei
2970 1809 3230 1869 evenerit,
3282 1816 3338 1859 ut
3391 1803 3441 1859 in
3489 1805 3628 1859 hanc

367 1867 480 1946 σείν
503 1867 789 1958 δυσκλείας
839 1867 898 1947 τε
943 1867 1037 1947 καὶ
1071 1867 1428 1962 ἀθλιότητοςξ-
1448 1890 1798 1962 ’Δνακομίζει
1829 1889 1939 1960 γὰρ

2058 1899 2392 1969 εῐιοῐηίηῑειη
2475 1906 2529 1953 et
2614 1898 2981 1953 calamitatem
3043 1897 3323 1951 incideret.
3401 1896 3630 1949 Reducit

366 1983 478 2038 ἔσθ’
504 1985 594 2038 ὅτε
629 1985 765 2056 πρὸς
790 1984 860 2038 τά
895 1985 1104 2055 ἀμείνω
1126 1985 1255 2048 τοὺς
1278 1982 1538 2053 ἀδόκητόν
1561 1999 1615 2035 τι
1645 1981 1941 2044 παθόντας,

2044 1991 2189 2044 enim
2241 1990 2510 2044 interdum
2580 1989 2647 2045 ad
2710 1989 2932 2042 meliora
2982 2002 3074 2043 eos
3142 1988 3230 2056 qui
3291 1987 3627 2054 inopinatum

364 2077 427 2132 τὸ
450 2076 523 2148 μὴ
553 2078 610 2129 ἐν
634 2077 827 2148 ἀγνοίᾳ
853 2076 1066 2130 κεῖσθαι
1088 2076 1199 2135 τῶν
1213 2079 1436 2147 ήμαρτη
1447 2074 1642 2145 μένων.
1661 2073 1763 2127 Διά
1785 2073 1944 2126 τοῦτο

2058 2081 2321 2152 υιίόρὶιιιιι
2372 2081 2514 2150 passi
2546 2088 2691 2145 sunt,
2721 2080 2769 2134 si
2800 2087 3015 2148 peccata
3037 2093 3140 2131 non
3163 2078 3427 2133 nesciant.
3463 2077 3631 2146 Prop—

364 2168 648 2240 χρησίμως
676 2169 757 2231 είς
789 2168 1094 2239 ἀνάμνησιν
1122 2167 1321 2232 αὐτοὺς
1360 2167 1624 2237 ἀναφέρει
1651 2164 1762 2218 τῶν
1802 2164 1946 2218 κατά

2058 2178 2194 2226 terea
2229 2171 2433 2226 utiliter
2466 2173 2518 2225 in
2565 2172 2881 2225 memoriam
2934 2170 3165 2233 reducit,
3198 2185 3317 2239 quae
3341 2170 3469 2223 olim
3510 2184 3626 2223 ma-

364 2263 594 2333 καιροὺς
628 2260 1056 2331 συμϐεϐηκότων
1088 2262 1202 2323 τοῖς
1245 2260 1352 2329 πρὸ
1383 2258 1580 2313 αὐτῶν.
1632 2255 1806 2329 Λιμοῦ
1845 2256 1946 2326 μέν

2058 2263 2254 2330 ioribus
2288 2262 2525 2332 ipsorum
2561 2261 2924 2330 contigerunt.
2956 2258 3245 2313 Premente
3272 2259 3415 2312 enim
3464 2257 3629 2324 fame,

363 2352 476 2424 γὰρ
507 2352 957 2424 καταϐρίθοντος,
989 2352 1196 2421 κατέϐη
1226 2351 1603 2421 κατὰκαιροὺς
1639 2350 1835 2403 Ἰακὼϐ
1866 2353 1949 2425 εἴς

364 2445 661 2513 Αἴγυπτον,
684 2445 779 2499 καὶ
807 2443 1106 2516 ἀϐούλητον
1124 2444 1274 2514 αὐτῷ
1297 2443 1396 2514 τὴν
1426 2443 1736 2513 ἀποδημίαν
1758 2443 1946 2512 ἐτίθει,

364 2536 429 2589 τὸ
476 2534 790 2607 μηδαμόθεν
829 2534 1092 2589 δύνασθαι
1151 2533 1262 2586 τῶν
1317 2533 1630 2602 ἀναγκαίων
1676 2534 1947 2604 εὐπορεῖν.

366 2626 741 2698 ἳΔπεκομίσθη
792 2627 848 2680 δέ
897 2628 988 2680 καὶ
1029 2626 1111 2690 είς
1153 2627 1471 2698 Ἀσσυρίους
1510 2626 1538 2677 ὀ
1575 2625 1809 2697 Ἰσραὴλ,
1853 2626 1950 2695 τὴν

383 2715 640 2771 Ἰουδαίαν
667 2714 1119 2787 καταδηὼσαντος
1150 2715 1243 2768 τοῦ
1275 2716 1394 2768 κατ’
1431 2715 1607 2768 ἐκεῖνο
1629 2714 1721 2767 τοῦ
1756 2711 1949 2784 καιροῦ

371 2805 750 2879 βασιλεύοντος
771 2807 870 2877 τῆς
898 2805 1201 2860 Χαλδαίων.
1228 2805 1338 2859 Καὶ
1367 2805 1499 2859 ποία
1525 2821 1612 2868 τις
1636 2800 1705 2875 ἦν
1735 2807 1768 2875 ἡ
1793 2802 1948 2856 τοῦδε

373 2898 679 2970 πρόφασις;
721 2898 1207 2969 Ἀποφοιτήσαντες
1243 2895 1355 2967 γὰρ
1391 2896 1483 2949 τοῦ
1523 2892 1665 2948 εἶναι
1715 2898 1947 2966 γνήσιοι,

372 2989 469 3044 καὶ
504 2990 594 3043 τοῦ
631 2986 729 3062 [aL
758 2987 840 3062 τὸ]
876 2988 1071 3060 χρῆναι
1119 2988 1264 3059 μόνῳ
1307 2986 1594 3059 λατρεύειν
1621 2985 1761 3056 Θεῷ,
1809 2987 1953 3040 κατά

373 3097 438 3150 γε
462 3081 521 3133 τὸ
548 3080 695 3149 νόμῳ
720 3081 908 3133 δοκοῦν
935 3079 1238 3132 ἀνούστατα
1257 3078 1596 3152 δῃωσάμενοι
1616 3076 1728 3149 [γρ.
1761 3077 1952 3131 διωσά-

2053 2354 2334 2409 descendit
2374 2353 2499 2409 olim
2540 2351 2706 2408 Jaeob
2753 2354 2805 2407 in
2848 2351 3167 2422 Egyptum,
3208 2361 3261 2404 et
3302 2362 3521 2405 coactus
3549 2357 3633 2405 est

2050 2446 2541 2516 peregrinationem
2578 2443 2876 2512 suscipere,
2919 2457 2985 2497 eo
3019 2441 3159 2511 quod
3203 2440 3394 2495 nullihi
3449 2447 3633 2510 posset

2053 2539 2214 2592 rebus
2281 2534 2608 2590 necessariis
2662 2533 2961 2588 abundare.
3020 2533 3300 2586 Abductus
3331 2540 3415 2585 est
3452 2542 3632 2585 autem

2052 2629 2117 2681 ad
2146 2627 2401 2697 Assyrios
2452 2624 2639 2688 Israel,
2673 2640 2794 2679 eum
2847 2638 2915 2680 eo
2943 2634 3184 2692 tempore
3213 2639 3315 2677 rex-
3349 2622 3632 2677 Chaldaeo-

2053 2732 2172 2770 rum
2203 2717 2534 2770 devastasset
2561 2714 2825 2770 Judteam.
2878 2715 2943 2769 Et
2977 2729 3099 2784 quas
3127 2715 3342 2769 tandem
3373 2714 3529 2783 lmjus
3553 2713 3632 2767 rei

2052 2808 2255 2863 causa?
2299 2807 2434 2861 Cum
2465 2806 2610 2862 enim
2648 2806 2938 2861 desiissent
2978 2820 3099 2862 esse
3148 2806 3239 2858 lilii
3290 2806 3532 2875 genuini,
3577 2813 3634 2859 et

2052 2901 2223 2954 solum
2285 2901 2448 2953 Deum
2519 2898 2716 2961 colere,
2766 2907 2853 2963 et,
2908 2897 3040 2965 legis
3082 2897 3358 2950 voluntate
3413 2897 3632 2965 rejects.

2054 2989 2375 3044 stultissime
2411 2988 2476 3041 ad
2499 2987 2641 3041 idola
2673 2987 3060 3055 declinassent,
3105 2997 3159 3041 et
3187 3003 3349 3055 Opera
3381 3001 3635 3040 manuum

2056 3094 2277 3134 suarum
2332 3079 2710 3133 adoravissent
2750 3077 2908 3133 :haac
2967 3092 3131 3132 causa
3195 3076 3421 3143 exstitit,
3477 3083 3536 3129 ut
3582 3075 3636 3129 iu

376 3172 572 3246 μενοι],
609 3172 1066 3244 προσνενεύκασιν
1110 3171 1344 3236 εἰδώλοις
1387 3172 1500 3236 καὶ,
1538 3169 1953 3242 προσεκύνησαν

2064 3186 2255 3226 manus
2286 3171 2520 3225 hostium
2566 3170 2891 3235 inciderent,
2938 3178 2995 3221 ut
3028 3184 3057 3221 a
3088 3170 3260 3236 patria
3296 3169 3636 3232 recederent,

372 3266 486 3326 τοῖς
520 3262 699 3335 ἔργοις
732 3262 842 3316 τῶν
876 3262 1019 3316 ἰδίων
1063 3263 1260 3334 χειρῶν
1281 3279 1294 3292 ·
1335 3261 1478 3333 αῦτη
1507 3263 1731 3331 γέγονεν
1768 3262 1953 3325 αὐτοῖς

372 3356 405 3425 ή
444 3354 714 3422 πρόφασις
745 3353 839 3408 τοῦ
887 3357 1007 3418 ταῖς
1051 3354 1327 3424 πολεμίων
1378 3353 1581 3408 ἁλῶναι
1625 3356 1815 3426 χερσὶ.
1862 3353 1956 3407 καὶ

369 3445 471 3515 τῆς
507 3444 841 3515 ἐνεγκούσης
886 3444 1246 3516 ἀποδραμεῖν,
1291 3445 1387 3498 καὶ
1434 3444 1680 3516 θητεύειν
1714 3443 1951 3516 ἐχθροῖς,

369 3536 467 3604 τὴν
508 3535 735 3607 Περσῶν
775 3553 834 3589 τε
904 3535 999 3590 καὶ
1036 3536 1235 3606 Μήδων
1276 3535 1562 3598 οἰκοῦντας
1601 3534 1808 3606 χώραν.
1854 3535 1955 3606 Βία

369 3627 550 3684 τοίνυν
598 3624 866 3696 ἤχθησαν⁹
916 3625 977 3684 ού
1029 3620 1137 3698 γὰρ
1184 3625 1404 3689 ἑκόντες
1439 3620 1582 3696 ἦσαν
1625 3626 1682 3679 ἐν
1722 3623 1956 3686 τούτοις,

385 3716 547 3773 Ἀλλὰ
563 3716 655 3770 νῦν
680 3710 848 3774 eam:
873 3699 995 3776 ἐστε
1013 3734 1032 3794 ;‘
1051 3717 1124 3779 Τὸ
1137 3711 1239 3769 ὧδε
1267 3716 1452 3786 φησὶν,
1476 3715 1596 3769 ἀντὶ
1615 3714 1729 3779 τοῦ,
1756 3716 1812 3768 ἐν
1836 3717 1958 3775 ταῖς

374 3809 483 3867 τῶν
525 3807 694 3863 ἐθνῶν
742 3808 1182 3879 κατεσπαρμένοι
1228 3806 1456 3878 χώραις,
1514 3807 1609 3859 καὶ
1649 3808 1732 3870 εἰς
1779 3806 1958 3860 πάντα

374 3899 577 3971 ἄνεμον
622 3898 1137 3969 κατεσκεδασμένοι,
1196 3895 1340 3950 κατά
1380 3897 1479 3966 τὴν
1527 3894 1621 3948 τοῦ
1673 3895 1956 3966 προφήτου

376 3993 580 4063 φωνην.
644 3991 980 4062 ’Ᾱπεσόϐησε
1026 3990 1136 4062 γὰρ
1187 3989 1287 4060 τῆς
1342 3988 1603 4051 Ἰουδαίας
1656 3987 1875 4058 ἀπάσης
1925 3989 1959 4059 ἡ

386 4080 676 4151 Ῥωμαίωι
720 4081 964 4151 μάχαιρα
1003 4081 1130 4144 τοὺς
1165 4078 1489 4149 ἰσχύσαντας
1522 4078 1659 4147 ὅλως
1705 4078 1955 4148 φεύγειν.

381 4175 590 4241 Ἤγουν
606 4173 687 4235 τὸ,
704 4168 830 4249 ὧδε,
847 4175 936 4226 Ἐν
947 4176 1014 4245 τῇ
1031 4174 1209 4245 τοιᾷδε
1234 4174 1563 4228 καταστάσει
1577 4171 1686 4237 τῶν
1702 4189 1849 4243 πραγ
1857 4173 1956 4243 μάο

377 4283 508 4330 των,
541 4266 598 4319 ἐν
630 4259 781 4340 ᾗνῦν
801 4267 942 4321 ἐστε.
974 4266 1236 4334 Γεγόνασι
1256 4265 1335 4329 δὲ,
1372 4265 1447 4328 ὡς
1477 4263 1634 4334 ἔφην,
1668 4265 1724 4318 ἐν
1755 4265 1958 4336 ἐσχάτῃ

377 4357 754 4433 ταλαιπωρίᾳ,
788 4356 945 4411 τοῦτο
981 4356 1079 4427 μὲν
1115 4354 1311 4428 [κατὰ]
1351 4355 1441 4411 τὸν
1500 4353 1738 4424 πολέμου
1790 4355 1955 4425 νόμον

378 4449 842 4522 καταδραμούσης
872 4448 1050 4527 αὑτων
1063 4448 1163 4517 τῆς
1185 4447 1370 4519 χώρας
1396 4447 1494 4517 τῆς
1524 4445 1634 4513 τῷν
1673 4447 1961 4517 Ῥωμαίων

2057 3274 2114 3318 ut
2153 3262 2387 3317 inimicis
2445 3260 2733 3325 servirent,
2793 3276 2856 3314 ac
2917 3261 3204 3314 PerSarntu
3257 3269 3312 3312 et
3364 3259 3638 3313 Medorum

2059 3357 2333 3422 regionem
2391 3353 2782 3407 inhabitarent.
2822 3352 2879 3405 Vi
2916 3367 3044 3420 ergo
3072 3360 3199 3404 sunt
3243 3351 3459 3404 abducti
3490 3368 3503 3404 :
3538 3365 3638 3405 nee

2054 3448 2196 3503 enim
2229 3448 2342 3502 haec
2376 3446 2645 3508 volebant,
2666 3446 2758 3498 sed
2793 3458 2937 3498 nunc
2973 3443 3100 3512 quid
3133 3443 3225 3496 hic
3276 3443 3443 3496 estis?-
3481 3442 3636 3508 Illud,

2058 3540 2164 3607 hic,
2192 3540 2320 3594 dicit
2343 3554 2458 3608 pro,
2490 3537 2544 3592 in
2570 3537 2620 3608 7
2645 3536 2759 3607 29
2791 3535 3027 3604 gentium
3058 3534 3366 3604 regionibus
3388 3533 3640 3602 dispersi,

2055 3642 2112 3689 et
2140 3631 2207 3686 ad
2246 3645 2440 3685 omnes
2484 3641 2677 3685 ventos
2733 3628 3003 3698 dissipati,
3064 3627 3220 3696 juxta
3251 3627 3521 3695 prophetae
3550 3641 3645 3680 vo-

2057 3739 2195 3777 cem.
2229 3723 2441 3792 Expulit
2472 3723 2615 3776 ettim
2647 3736 2742 3776 eos
2791 3737 2855 3775 ex
2909 3719 3093 3775 Jndma
3142 3723 3505 3775 Romanorum
3539 3718 3647 3787 gla-

2059 3817 2202 3881 dius,
2258 3817 2586 3883 quicumque
2626 3813 2913 3866 valuerunt
2965 3814 3190 3865 omnino
3261 3813 3463 3881 fugere.
3528 3809 3640 3873 Vel,

2061 3906 2169 3967 hic,
2199 3904 2252 3958 in
2290 3920 2354 3959 eo
2385 3919 2565 3957 rerum
2601 3912 2742 3957 statu
2770 3904 2823 3956 in
2859 3918 2966 3970 quo
3009 3918 3152 3957 nunc
3194 3904 3346 3956 estis.
3405 3901 3646 3955 Fuerunt

2060 3996 2225 4059 enim,
2254 4003 2315 4048 ut
2345 3995 2482 4058 dixi,
2526 3995 2580 4047 in
2617 3996 2845 4048 summis
2880 3995 3151 4048 miseriis:
3178 3997 3373 4062 partim
3402 3993 3647 4047 Romano

2062 4086 2329 4150 etercitu,
2368 4084 2484 4155 lege
2529 4083 2680 4147 belli,
2707 4098 2897 4137 eorum
2957 4084 3231 4153 regionem
3287 4092 3642 4138 mcursaute:

2050 4178 2261 4248 partim
2305 4187 2416 4232 tota
2490 4174 2713 4232 civitate
2751 4183 2983 4240 vastata,
3041 4184 3094 4228 et
3139 4174 3339 4240 templo
3371 4175 3489 4243 ipso
3529 4187 3649 4229 cre-

2065 4282 2229 4328 mato.
2281 4272 2458 4338 Quare
2517 4269 2701 4338 igitur,
2746 4267 2955 4337 inquit,
3007 4266 3058 4319 in
3108 4265 3191 4320 nis
3236 4267 3392 4320 malis
3446 4266 3645 4319 Versati

2064 4364 2226 4420 sunt?
2277 4364 2360 4415 An
2402 4360 2652 4415 videlicet
2705 4360 2850 4428 quod
2908 4358 3065 4412 [idem
3100 4357 3491 4425 iustiﬁcantem
3540 4373 3647 4411 non

2066 4454 2404 4521 admiserint,
2440 4452 2533 4508 sed
2574 4450 2926 4505 multifariam
2967 4451 3033 4504 ad
3070 4451 3170 4504 hoc
3205 4460 3484 4505 vocantem
3513 4456 3648 4504 con-

380 4542 662 4617 στρατιᾶς,
693 4538 852 4617 τοῦτο
891 4540 969 4613 δέ,
1000 4539 1207 4603 πόλεως
1248 4540 1465 4609 ἀπάσης
1508 4538 1951 4610 πεπορθημένης,

2062 4548 2298 4603 tumeliis
2349 4545 2648 4608 aﬁecerint,
2700 4545 2860 4614 eique
2911 4543 3072 4611 impie
3108 4558 3298 4598 manus
3346 4542 3645 4608 attulerint,

380 4632 899 4708 κατεμπρησθέντος
928 4630 985 4697 δὲ
1007 4631 1100 4704 καὶ
1126 4629 1290 4684 αὑτοῦ
1313 4628 1407 4682 τοῦ
1420 4628 1569 4683 ναοῦ.
1595 4632 1692 4684 Διὰ
1714 4630 1965 4687 τίτοίνυν

383 4724 443 4775 ἐν
468 4722 677 4783 τούτοις
707 4723 994 4797 γεγόνασι;
1029 4721 1216 4791 φησίν·
1267 4721 1301 4792 ἢ
1349 4720 1591 4791 δηλονότι
1623 4719 1719 4791 τὴν
1754 4720 1854 4790 μὲν
1890 4719 1967 4797 δι-

381 4810 651 4875 καιοῦσαν,
672 4790 864 4867 πίστιν.
878 4813 939 4865 ού
965 4790 1878 4884 προσηκάμενοι,περιυϐρίσαντες
1908 4790 1966 4864 δέ

383 4905 744 4976 πολυτρόπως
769 4905 861 4959 τὸν
890 4905 1160 4960 καλοῦντα
1186 4904 1326 4975 πρὸς
1355 4902 1662 4968 τοῦτο,·κα“ι
1692 4904 1842 4974 αὐτῷ
1869 4904 1968 4967 τὰς

382 5000 571 5070 χεῖρας
589 4999 889 5069 ὲπαφέντες
908 4999 1165 5063 ἀνοσίως,
1203 4996 1342 5068 μετὰ
1364 4998 1491 5061 τοὺς
1520 4997 1968 5066 ἀπεσταλμένους

381 5090 622 5153 δικαίους
651 5108 712 5144 τε
756 5092 850 5153 καὶ
875 5092 1184 5162 προφήτας,
1223 5083 1298 5143 ὧν
1328 5090 1452 5152 τοὺς
1484 5088 1582 5159 μὲν
1606 5088 1963 5153 ἀπεκτόνασι,

381 5183 507 5244 τοὺς
527 5181 583 5236 δὲ
609 5181 915 5249 meum;
945 5178 1056 5236 Καὶ
1082 5181 1239 5237 ταυτὶ
1268 5181 1368 5252 μὲν
1395 5180 1452 5234 ἐν
1474 5179 1686 5244 τούτοις
1715 5180 1845 5252 περὶ
1870 5181 1968 5251 τῆς

381 5272 639 5341 ἀγελαίου
677 5274 916 5346 πληθύος
945 5277 973 5328 ὁ
997 5272 1332 5345 προφητικὸς
1363 5275 1496 5344 ἡμῖν
1536 5273 1970 5344 καταμεμήνυκε

379 5366 557 5433 λόγος.
605 5368 827 5439 Ἐπειδὴ
875 5368 935 5421 δέ
977 5364 1044 5440 ἦν
1088 5367 1208 5431 ἔθος
1251 5370 1364 5431 τοῖς
1421 5365 1694 5420 Ἰουδαίων
1735 5366 1970 5437 μάλιστα

382 5455 747 5528 καθηγηταῖς,
790 5458 1003 5529 ὑψηλὴν
1056 5459 1303 5530 ἐπαίρειν
1348 5457 1489 5512 κατὰ
1538 5459 1741 5523 παντὸς
1783 5458 1970 5523 ἔθνους

379 5545 481 5617 τὴν
509 5548 706 5617 ὀφρὺν,
765 5551 1010 5621 ἄληπτόν
1039 5567 1097 5604 τε
1142 5551 1238 5604 καὶ¹
1285 5550 1582 5621 ἀχείρωτον
1610 5552 1723 5614 τοῖς
1756 5551 1969 5622 ἐχθροῖς

381 5637 661 5709 διαμένειν
707 5641 819 5694 ἔσθ’
854 5644 942 5696 ὅτε
969 5643 1060 5696 τὸν
1098 5642 1334 5715 Ἰσραὴλ,
1379 5643 1539 5716 είπερ
1573 5644 1772 5715 κλῆρος
1831 5643 1969 5697 Θεοῦ

387 5732 482 5783 καὶ
526 5730 656 5795 λαὸς
685 5732 841 5802 ἅγιος
874 5734 1207 5805 ὠνομάζετο·
1256 5730 1375 5787 εἶτα
1410 5737 1760 5810 συμϐέϐηκεν
1797 5738 1854 5791 ἐν
1887 5732 1969 5801 οἷς

385 5823 526 5906 ξφην
552 5824 759 5896 ἀρτίως
793 5826 1185 5908 γατενεχθῆναι
1222 5829 1317 5900 τὴν
1348 5829 1626 5900 Ἰουδαίαν,
1665 5831 1970 5902 κατεπλήτ-

2071 4639 2265 4693 deinde
2313 4637 2478 4691 etiam
2528 4635 2694 4707 juslis
2743 4642 2794 4717 et
2844 4633 3124 4704 prophetis
3174 4633 3264 4703 qui
3324 4633 3473 4686 missi
3504 4638 3648 4698 sunt,

2069 4742 2298 4797 quorum
2358 4724 2493 4782 alios
2548 4723 2884 4787 occiderunt,
2938 4722 3074 4777 alios
3127 4720 3652 4790 lapidaverutttiEt

2070 4820 2287 4887 quidem
2315 4819 2429 4873 hac
2463 4819 2515 4871 in
2544 4817 2629 4871 his
2658 4817 2842 4870 verbis
2870 4816 2938 4869 de
2972 4815 3217 4885 gregaria
3280 4811 3646 4879 multitudine,

2072 4909 2385 4978 prophetica
2436 4909 2595 4963 nobis
2661 4907 2991 4978 significavit
3041 4906 3239 4961 oratio.
3274 4905 3414 4972 Quia
3468 4910 3648 4959 autem

2072 5001 2318 5058 solebant
2373 5000 2683 5055 Iudaeorum
2720 5001 2954 5054 maxime
3009 4997 3274 5068 praefecti,
3311 5007 3499 5051 contra
3530 5010 3650 5051 om-
3736 5001 3743 5010 ‘

2072 5110 2194 5150 nem
2229 5106 2443 5164 gentem
2487 5092 2673 5147 tollere
2718 5092 2881 5145 altum
2913 5090 3291 5161 supercilium,
3343 5087 3654 5155 iactabant-

2073 5200 2178 5257 que
2205 5186 2473 5241 interdum
2507 5183 2783 5248 lsraelem,
2847 5191 3037 5251 utpote
3068 5181 3162 5252 qui
3191 5182 3283 5235 Dei
3312 5194 3450 5245 sors,
3477 5188 3530 5235 et
3557 5195 3654 5248 po-

2072 5279 2230 5350 pulus
2275 5288 2497 5333 sanctas
2520 5277 2699 5332 dictus
2722 5283 2832 5341 'est,
2865 5276 2983 5345 capi
3033 5283 3088 5329 et
3125 5273 3267 5328 vinci
3308 5273 3375 5328 ab
3411 5270 3657 5326 hostibus

2072 5387 2346 5442 nunquam
2382 5385 2562 5439 posse.
2602 5368 2739 5425 Cum
2779 5383 2910 5424 vero
2953 5366 3170 5430 accidit,
3207 5374 3263 5419 ut
3291 5364 3404 5436 jam
3441 5364 3573 5430 dixi,
3600 5374 3661 5419 ut

2073 5465 2140 5518 ad
2173 5465 2289 5520 haec
2314 5461 2453 5516 mala
2477 5459 2661 5516 Judaza
2689 5458 2990 5524 deveniret,
3027 5456 3389 5513 admiratione
3427 5455 3656 5524 perculsi

2072 5564 2219 5622 sunt,
2256 5564 2310 5611 et
2344 5553 2648 5618 ululabant,
2688 5551 2911 5622 perinde
2958 5550 3110 5620 quasi
3168 5548 3315 5604 omni
3355 5561 3451 5619 spe
3496 5547 3660 5602 desti-

2076 5649 2199 5715 tuti,
2232 5647 2335 5704 hoc
2378 5643 2521 5700 malo
2563 5658 2659 5699 eos
2709 5642 3043 5696 incursante.
3095 5639 3392 5711 Propterea
3446 5641 3512 5695 ad
3566 5654 3660 5694 eos

2074 5740 2455 5796 universorum
2499 5737 2683 5792 Deus:
2718 5733 2876 5802 Quia,
2910 5732 3105 5804 inquit,
3138 5739 3330 5802 captus
3376 5739 3461 5787 est
3492 5743 3661 5797 popu-

2076 5830 2156 5890 lus
2191 5846 2343 5890 meus
2373 5816 2562 5904 gratis,
2627 5824 2970 5884 admiramini
3001 5834 3055 5885 et
3078 5822 3324 5885 ulula‘tis;
3375 5818 3493 5876 haec
3524 5817 3656 5872 dicit
