4092 6296
485 335 617 395 “Si

1519 330 1576 384 S.
1617 326 1895 385 CYRlLLl
1930 324 2400 383 ALEXANDlllNl
2437 324 2757 381 ARCHlEP.

3619 318 3773 376 H53

485 451 748 509 Dominus
773 468 786 504 :
811 446 1040 519 PrOpter
1080 458 1174 501 vos
1209 458 1426 514 semper
1463 459 1660 499 nomen
1699 459 1876 498 meum
1922 442 2098 504 male,

2198 461 2317 496 οντο
2368 445 2462 497 καὶ
2502 440 2794 507 ὠλόλυζον,
2826 441 2902 506 ὼς
2939 439 3157 503 ἐλπίδος
3188 436 3407 506 ἁπάσης
3443 437 3591 507 πέρα
3633 437 3774 507 δρα.

486 543 635 599 audit
666 543 805 596 inter
837 547 1045 610 gentes.
1081 534 1285 591 Fuistis
1328 535 1496 599 enim,
1524 534 1722 603 inquit,
1756 549 1857 588 vos
1885 542 2072 587 aucto-

430 632 434 636 Α
489 651 574 691 res
597 646 650 687 et
679 647 861 696 causa,
894 640 953 685 ttt
1000 629 1089 699 qni
1145 626 1417 698 subjugati
1463 636 1589 682 sunt
1631 634 1962 695 paterentur,
2001 625 2074 679 si-

490 735 679 779 nentes
706 737 800 776 eos
827 736 1011 774 carere
1036 719 1393 783 institutione,
1425 718 1534 772 imo
1562 732 1664 771 non
1692 716 2070 786 permittentes

488 818 710 869 omnino
769 824 825 865 ιιι
878 812 943 865 ad
994 813 1161 865 Deum
1220 818 1647 870 reverterentur,
1723 807 2075 873 viderentque

490 909 650 957 animi
682 903 852 958 oculis
882 916 1003 955 emn
1042 902 1131 970 qui
1170 902 1238 955 de
1274 899 1412 955 caelo
1446 899 1616 962 venit,
1671 897 1762 967 qui
1816 898 1866 950 itt
1900 896 2074 950 forma

489 997 721 1050 humana
797 992 939 1047 Deus
992 992 1234 1047 Verbum
1295 991 1566 1060 apparuit,
1631 996 1691 1042 ut
1756 984 2079 1057 pradicaret

490 1086 717 1151 captivis
742 1084 1141 1144 remissionem,
1194 1082 1464 1151 cmcisque
1498 1080 1699 1145 visum,
1748 1087 2077 1147 sanaretqne

493 1178 726 1231 contrito
749 1177 910 1229 corde
932 1175 1206 1245 praeditos,
1237 1182 1294 1228 et
1321 1188 1524 1227 annum
1557 1172 1767 1226 Domini
1794 1178 2076 1238 acceptum

496 1277 735 1325 vocaret.
778 1267 966 1335 Itaque
1026 1275 1247 1336 propter
1306 1279 1403 1320 vos
1458 1278 1655 1317 nomen
1709 1276 1888 1317 meum
1937 1261 2078 1314 inter

497 1370 683 1432 gentes
736 1356 875 1412 male
909 1356 1077 1408 audit.
1109 1354 1245 1409 Cum
1279 1354 1423 1409 enim
1472 1368 1568 1423 per
1596 1367 1786 1407 omnes
1829 1351 2079 1422 regiones

498 1463 549 1505 et
577 1450 736 1503 nrbes
767 1448 1062 1517 dissipatus
1096 1455 1263 1509 esset,
1326 1443 1523 1511 inquit,
1564 1441 1732 1498 Israel
1769 1459 1782 1496 :
1814 1451 2080 1496 vastatam

500 1556 621 1594 csse
653 1550 900 1593 sanctam
939 1538 1240 1598 civitatem,
1281 1548 1522 1603 opusque
1545 1543 1600 1588 et
1630 1532 1914 1588 materiam
1946 1532 2082 1598 ignis

500 1634 670 1690 fuisse
703 1635 877 1701 ipsum
915 1629 1195 1700 templum,
1222 1642 1383 1683 nemo
1413 1627 1621 1697 uspiam
1654 1625 1897 1696 gentium
1928 1625 2084 1696 igno-

502 1726 644 1780 ravit
673 1740 687 1777 :
721 1733 833 1776 tum
887 1734 1066 1775 meum
1117 1732 1311 1773 nomen
1374 1715 1638 1771 conviciis
1684 1715 1982 1777 incessunt,
2028 1721 2083 1768 et

505 1829 683 1869 meam
736 1812 950 1865 elevant
990 1807 1242 1879 gloriam.
1299 1804 1579 1875 Siquidem
1607 1802 1857 1859 fortassis
1894 1811 2087 1869 putant

505 1921 680 1960 meam
718 1917 937 1958 manum
963 1899 1193 1955 debilem
1217 1911 1360 1962 esse,
1394 1911 1514 1967 qua:
1546 1909 1760 1964 semper
1806 1892 1906 1948 fuit
1934 1892 2089 1948 auxi-

502 1993 858 2051 liarislsraeli
892 2011 906 2047 :
942 2006 1123 2046 veram
1147 2000 1326 2044 autem
1353 2003 1573 2044 causam
1609 1988 1787 2040 adhuc
1810 1988 2085 2056 ignorant,

504 2101 603 2141 nec
624 2087 911 2155 quisquam
942 2083 1084 2152 apud
1114 2095 1208 2137 eos
1250 2081 1434 2147 scivit,
1484 2095 1578 2136 eos
1608 2079 1772 2151 730
1800 2079 1962 2134 caedis
1987 2080 2088 2134 do-

505 2183 743 2248 minicae,
794 2191 848 2238 et
900 2180 1197 2237 multorum
1242 2179 1478 2235 aliorum
1533 2178 1857 2235 delictorum
1896 2193 2089 2248 pcnnas

505 2275 758 2330 solvisse.

2178 534 2369 604 μόντος
2393 534 2576 597 αὐτοῖς
2602 532 2695 587 τοῦ
2744 532 2937 587 κακοῦ.
2989 531 3088 586 Διά
3127 530 3289 584 τοῦτο
3333 530 3469 601 πρὸς
3511 530 3709 591 αὐτοὺς
3737 531 3773 582 6

2173 624 2281 679 τῶν
2314 625 2451 679 ὅλων
2478 626 2611 689 Θεός
2631 642 2645 655 ·
2677 626 2800 679 Ὀτι
2827 623 3060 694 ἐλήφθη,
3093 622 3281 693 φησιν,
3314 624 3343 674 6
3372 620 3500 684 λαός
3530 638 3634 691 μου
3663 620 3774 673 δω-

2179 716 2326 786 ρεὰν,
2364 715 2699 786 θαυμάζετε,
2731 715 2827 769 καὶ
2852 713 3156 778 ὀλολύζετε.
3177 712 3317 766 Τάδε
3350 711 3503 779 λέγει
3536 710 3772 781 Κύριος·

2174 808 2251 862 Δι’
2284 808 2425 878 ὑμᾶς
2454 806 2546 862 διὰ
2575 806 2778 870 παντὸς
2820 805 2882 859 τὸ
2913 804 3088 876 ὄνομά
3131 821 3233 875 μου
3272 803 3682 874 βλασφημεῖται
3712 804 3780 855 ἐν

2176 902 2288 963 τοῖς
2335 898 2564 954 ἔθνεσιν.
2598 898 2763 951 Αὐτοὶ
2804 897 2933 968 γὰρ,
2978 896 3135 968 φησι,
3177 895 3444 964 γεγόνατε
3485 892 3778 964 παραίτιοι

2176 990 2271 1045 τοῦ
2319 988 2516 1044 παθεῖν
2572 990 2700 1052 τοὺς
2744 987 3222 1056 ὑπεζευγμένους,
3271 987 3781 1057 ἀπαιδαγωγήτους

2178 1080 2377 1143 ἐῶντες
2405 1080 2620 1142 αὐτοὺς,
2644 1077 2929 1148 μᾶλλονδὲ
2953 1079 3054 1130 οὐκ
3077 1076 3323 1144 ἐφιέντες
3350 1076 3490 1140 ὅλως
3515 1073 3783 1145 ἐπιστρέ-

2180 1189 2300 1243 φειν
2347 1172 2428 1235 είς
2472 1170 2565 1224 τὸν
2612 1169 2769 1235 Θεὸν,
2819 1168 3060 1233 καὶτοῖς
3101 1167 3204 1238 τῆς
3246 1167 3487 1231 διανοίας
3528 1167 3782 1237 ὄμμασιν

2183 1264 2311 1317 ἰδεῖν
2337 1262 2430 1317 τὸν
2462 1259 2521 1326 ἐξ
2551 1258 2784 1332 οὐρανοῦ
2830 1259 3184 1328 καθιγμένον,
3224 1258 3323 1312 καὶ
3369 1259 3428 1311 ἐν
3459 1257 3784 1330 ἀνθρωπεία

2185 1356 2364 1427 μορφῇ
2407 1352 2685 1424 πεφηνότα
2716 1351 2847 1406 Θεὸν
2873 1351 3064 1420 Λόγον,
3096 1350 3187 1403 ἵνα
3227 1348 3448 1421 κηρύξῃ
3491 1348 3786 1419 αἰχμαλώ-

2180 1465 2294 1511 τοις
2322 1448 2536 1517 ᾱφεσιν,
2589 1444 2686 1501 καὶ
2713 1442 2936 1513 τυφλοῖς
2961 1440 3279 1510 ἀνάϐλεψιν,
3312 1441 3535 1511 ιάσηται
3586 1440 3646 1494 δὲ
3683 1442 3786 1495 καὶ

2181 1542 2310 1604 τοὺς
2378 1535 2849 1611 συντετριμμένην
2906 1532 3500 1607 [συντεθραυσμένην]
3553 1532 3788 1603 ἔχοντας

2181 1630 2281 1703 τὴν
2313 1629 2564 1701 καρδίαν,
2593 1626 2799 1697 καλέσῃ
2823 1625 2881 1680 δὲ
2914 1626 3009 1679 καὶ
3033 1624 3282 1679 ἐνιαυτὸν
3318 1625 3526 1695 Κυρίου
3564 1623 3785 1678 δεκτόν.

2186 1719 2396 1777 Οὐκοῦν
2427 1720 2494 1774 δι’
2525 1720 2672 1790 ὑμᾶς
2703 1718 2762 1771 τὸ
2788 1717 2961 1788 ὄνομά
3005 1734 3107 1787 μου
3143 1715 3549 1788 βλασφημεῖται
3572 1715 3635 1769 ὲν
3660 1717 3784 1778 τοῖς

2189 1812 2417 1867 ἐθνεσιν.
2456 1809 2676 1882 Ἐπειδὴ
2701 1809 2811 1881 γὰρ
2839 1811 2899 1862 ὲν
2924 1809 3112 1882 ἁπάσῃ
3160 1807 3318 1879 χώρᾳ
3377 1824 3439 1861 τε
3481 1807 3579 1861 καὶ
3629 1806 3791 1860 πόλει

2191 1903 2625 1975 κατεσκεδάσθη,
2654 1904 2841 1973 φησιν,
2865 1903 2895 1955 6
2921 1901 3161 1976 Ἰσραὴλ,
3195 1901 3373 1965 οὐδεὶς
3398 1901 3640 1972 ἠγνόησε
3671 1899 3791 1953 τῶν

2190 1996 2294 2052 ἀνὰ
2325 1998 2507 2051 πᾶσαν
2532 1994 2632 2066 τὴν
2691 1994 2818 2065 γῆν,
2848 1994 2930 2047 ὅτι
2962 1991 3307 2064 πεπόρθηται
3336 1992 3433 2064 μὲν
3466 1993 3499 2063 ή
3530 1991 3665 2060 ἁγία
3691 1991 3795 2045 πό-

2189 2087 2295 2154 λις,
2329 2087 2492 2159 ἔργον
2530 2086 2588 2141 δὲ
2613 2085 2786 2157 πυρὸς
2819 2084 2916 2139 καὶ
2950 2083 3116 2147 αὐτὸς
3143 2084 3370 2153 γέγονεν
3393 2086 3423 2138 6
3448 2081 3591 2147 νεώς
3615 2100 3632 2116 ·
3666 2077 3795 2137 εἷτα

2189 2180 2251 2234 τὸ
2276 2179 2408 2250 ἐμὸν
2432 2175 2809 2248 δυσφημοῦσιν
2835 2174 3027 2246 ὄνομα,
3050 2175 3146 2228 καὶ
3171 2174 3269 2245 τὴν
3297 2173 3439 2245 ἐμὴν
3460 2173 3791 2244 διασύρουσι

2188 2269 2369 2336 δόξαν.
2408 2266 2624 2322 Οἴονται
2653 2266 2763 2338 γὰρ
2812 2264 2944 2329 ῐσως
2981 2265 3081 2337 τὴν
3130 2266 3272 2337 ἐμὴν
3310 2264 3576 2336 ἀτονῆσαι
3625 2269 3795 2337 χεῖρα

503 2370 602 2442 τὴν
634 2370 923 2441 ἐπίκουρον
972 2368 1060 2423 ἀεὶ
1097 2366 1399 2439 γενομένην
1475 2365 1556 2437 τῷ
1614 2366 1850 2439 Ἰσραὴλ,
1906 2368 2006 2439 τὴν
2051 2366 2110 2420 δὲ
2185 2365 2360 2436 ἀληθῆ
2404 2365 2677 2434 πρόφασιν
2741 2361 3030 2431 ἀγνοοῦσιν
3079 2362 3181 2427 ἔτι,
3235 2365 3333 2418 καὶ
3377 2363 3555 2427 οὐδεὶς
3581 2364 3614 2416 6
3662 2360 3799 2437 παρ’

505 2463 689 2526 αὐτοῖς
717 2459 1114 2530 ἐπιστάμενος,
1152 2458 1234 2512 ὅτι
1270 2457 1372 2523 τὰς
1418 2457 1522 2527 τῆς
1560 2456 1957 2529 Κυριοκτονίας
1998 2457 2092 2511 καί
2130 2454 2341 2509 πολλῶν
2372 2453 2577 2524 ἑτέρων
2608 2452 3101 2523 πλημμελημάτων
3130 2451 3423 2523 ὲξῄτηνται
3468 2452 3648 2515 δίκας.

580 2554 744 2610 Vnus.
774 2554 830 2622 6,
858 2555 909 2609 7.
945 2554 1078 2609 Ideo
1113 2555 1239 2609 sciet
1258 2552 1479 2622 papulas
1504 2569 1647 2609 meus
1678 2569 1865 2607 nomen
1892 2568 2093 2617 meum,

506 2649 563 2704 in
585 2648 668 2702 die
692 2646 808 2712 illa,
837 2647 962 2716 quia
1003 2662 1096 2715 ego
1143 2660 1259 2700 sum
1288 2644 1398 2713 ipse
1433 2643 1522 2712 qui
1551 2642 1818 2713 laquebar,
1848 2642 2046 2696 Adsum
2073 2655 2094 2695 .'

509 2739 666 2808 quasi
704 2737 1041 2805 pulchritudo
1096 2736 1152 2789 in
1199 2734 1480 2800 utentibus,
1537 2735 1689 2803 quasi
1732 2733 1885 2805 pedes
1936 2749 2097 2786 eruu-

444 2892 469 2899 ρ
505 2830 789 2896 gelizmttis
861 2827 1185 2882 auditionem
1281 2827 1468 2895 pacis,
1514 2826 1650 2881 sicut
1724 2825 2095 2895 euangelizaus

512 2924 668 2973 bona.

581 3010 847 3078 Quoniam
880 3009 1047 3075 enim,
1082 3010 1278 3080 inquit,
1307 3020 1503 3066 vestra:
1531 3009 1760 3081 pigritize
1816 3023 1981 3065 causa
2011 3008 2096 3063 itt-

510 3109 800 3173 tergetttes
849 3101 988 3157 male
1009 3101 1191 3169 audio,
1229 3116 1336 3158 non
1390 3101 1563 3159 ferant
1609 3103 1749 3157 hanc
1797 3102 2101 3172 sycophan-

514 3194 665 3261 tiam,
701 3208 800 3248 nec
829 3194 1003 3250 sinam
1035 3193 1309 3264 proscindi
1361 3208 1535 3249 meam
1580 3192 1804 3264 gloriam
1850 3191 2101 3260 blasphe-

512 3284 617 3342 mis
647 3286 886 3343 vocibus.
919 3287 1012 3341 Illo
1035 3295 1214 3341 autem
1249 3294 1517 3356 tempore,
1546 3300 1653 3355 quo
1705 3294 1866 3340 terra:
1900 3282 2104 3337 habita-

515 3381 805 3437 toribusin
834 3396 1001 3437 carne
1049 3380 1381 3445 illucescam,
1434 3377 1745 3449 quicunque
1804 3376 1910 3431 mei
1961 3375 2097 3429 fient

512 3472 1127 3543 populi,admittentque
1158 3474 1339 3538 fidem,
1369 3471 1485 3526 sive
1511 3484 1578 3525 ex
1624 3468 1825 3524 Iudaeis
1861 3468 1934 3523 illi
1991 3466 2105 3524 fuev

513 3562 648 3625 rint,
668 3562 782 3618 sive
808 3577 876 3617 ex
902 3563 1174 3633 gentibus,
1209 3563 1261 3617 lti
1291 3563 1466 3617 scient
1494 3574 1689 3639 nomen
1749 3574 1952 3614 meum.
2004 3558 2107 3616 No-

515 3668 641 3708 men
673 3668 799 3710 vero
825 3653 980 3718 dicit,
1016 3670 1112 3724 pro
1145 3653 1336 3722 gloria.
1367 3652 1459 3708 Sic
1481 3651 1628 3706 enim
1657 3651 1803 3721 loqui
1831 3651 2103 3707 familiare

516 3753 602 3800 est
621 3742 912 3813 Scriptura:
932 3744 1189 3801 divinitus
1215 3744 1512 3814 inspiratae.
1537 3741 1811 3813 Scriptum
1836 3751 1919 3798 est
1945 3758 2102 3797 natu-

522 3848 678 3904 que:
712 3852 732 3888 ι
775 3835 1147 3906 Expetendum
1199 3849 1394 3891 nomen
1447 3835 1647 3889 bonum
1702 3834 1896 3904 magis,
1943 3848 2106 3904 quam

519 3925 722 3983 divitiae
772 3927 956 3984 multa
987 3927 1054 3982 “.
1087 3946 1106 3979 ι
1140 3925 1248 3983 Nos
1305 3926 1398 3998 qui
1447 3926 1518 3983 ab
1548 3926 1653 3982 ille
1688 3926 1866 3982 vocati
1894 3940 2104 3992 sumus,

519 4017 744 4087 gloriam
773 4020 893 4089 ejus
919 4020 1168 4076 novimus
1202 4036 1215 4073 :
1247 4034 1348 4075 nec
1373 4019 1441 4074 ad
1467 4032 1589 4076 eum
1608 4019 1846 4090 iudicem
1867 4020 2106 4074 omnium

518 4106 867 4164 Servatorem
894 4109 1196 4178 Christum,
1256 4108 1404 4165 velut
1450 4108 1519 4164 ad
1570 4108 1843 4165 hominem
1877 4105 2112 4164 accessi-

520 4212 643 4261 mus
675 4215 692 4255 :
752 4200 846 4256 sed
880 4200 1094 4256 etiamsi
1118 4199 1320 4258 factum
1356 4200 1429 4257 sit
1484 4215 1615 4258 caro
1639 4200 1895 4268 Verbum,
1924 4200 2108 4257 credi-

2263 2551 2368 2605 Διὰ
2397 2549 2571 2604 τοῦτο
2604 2547 2896 2618 γνώσεται
2924 2550 2958 2603 d
2996 2548 3147 2614 λαός
3173 2565 3294 2618 μου
3328 2549 3397 2602 τὸ
3442 2547 3637 2618 ὄνομά
3672 2566 3801 2620 μου

2193 2640 2264 2695 ἐν
2301 2638 2374 2708 τῇ
2421 2638 2612 2709 ἡμέρᾳ,
2649 2638 2877 2707 ἐκείνῃ,
2918 2639 3007 2692 ὅτι
3055 2638 3171 2708 ἐγώ
3205 2641 3327 2708 ειμι
3378 2640 3567 2705 αὐτὸς
3610 2642 3648 2694 ὁ
3688 2644 3802 2694 λα-

2194 2728 2339 2785 λῶν·
2375 2728 2620 2797 Πάρειμι
2641 2745 2655 2757 ·
2691 2729 2775 2795 ὡς
2797 2728 2921 2797 ὥρα
2965 2728 3066 2782 ἐπὶ
3103 2728 3225 2784 τῶν
3254 2730 3465 2798 ὀρέων,
3496 2731 3580 2798 ὡς
3610 2732 3802 2800 πόδες

2197 2820 2727 2891 εὐαγγελιζομένου
2766 2819 2964 2890 ἀκοὴν
3002 2818 3269 2891 εἰρήνης,
3299 2823 3384 2890 ὡς
3419 2823 3800 2895 εὐαγγελιζό-

2126 2966 2168 3023 C
2198 2929 2386 2982 μενος
2425 2911 2639 2982 ἀγαθά.

2284 3023 2501 3094 Ἐπειδὴ
2530 3023 2657 3095 γὰρ,
2690 3024 2874 3095 φησιν,
2907 3026 3006 3096 τῆς
3025 3025 3301 3097 ὑμετέρας
3325 3025 3492 3082 ἕνεκα
3519 3026 3803 3098 ῥᾳθυμίας

2202 3114 2590 3186 ὲδυσφημήθην
2619 3118 2675 3169 ὲν
2704 3117 2815 3178 τοῖς
2839 3114 3067 3182 ἔθνεσιν,
3093 3116 3193 3189 οὐκ
3221 3115 3485 3187 ἀνέξομαι
3507 3118 3611 3187 τῆς
3643 3135 3804 3172 συκο-

2203 3208 2450 3276 φαντίας.
2496 3209 2609 3262 ἀλλ’
2633 3209 2753 3263 οὐδὲ
2782 3209 2883 3280 τὴν
2925 3207 3165 3279 ἐμαυτοῦ
3215 3208 3376 3273 δόξαν
3416 3208 3798 3281 πώιμφήμοις

2205 3301 2352 3353 ἐάσω
2406 3299 2693 3371 βάλλεσθαι
2728 3301 2954 3370 φωναῖς.
3005 3299 3095 3354 Ἐν
3146 3298 3342 3370 ἐκείνῳ
3387 3298 3445 3355 δὲ
3478 3299 3555 3373 τῷ
3590 3301 3794 3373 καιρῷ.

2204 3391 2327 3445 καθ’
2355 3389 2416 3445 ὃν
2472 3390 2764 3462 ὲπιλάμψω
2814 3393 2926 3455 τοῖς
2982 3391 3076 3444 ὲπὶ
3106 3390 3207 3462 τῆς
3241 3391 3348 3462 γῆς
3386 3392 3522 3464 μετὰ
3557 3393 3792 3463 σαρκὸς,

2204 3483 2365 3554 οἵπερ
2402 3482 2538 3553 ἐμοῦ
2571 3482 2838 3552 γένωνται
2867 3481 2987 3536 λαοὶ
3020 3484 3425 3555 προσηκάμενοι
3451 3483 3547 3552 τὴν
3575 3483 3787 3549 πίστιν,

2204 3572 2306 3626 εἴτ’
2332 3568 2425 3627 οὖν
2460 3568 2569 3626 εἶεν
2615 3572 2675 3638 ἐξ
2708 3573 2999 3640 Ἰουδαίων,
3027 3576 3138 3628 εἴτε
3175 3575 3272 3629 καὶ
3313 3572 3370 3640 ἐξ
3409 3571 3595 3635 ἐθνῶν,
3630 3565 3787 3626 οὗτοι

2206 3663 2503 3732 γνώσονταὶ
2542 3681 2641 3734 μου
2670 3665 2731 3718 τὸ
2752 3665 2942 3737 ὄνομα.
2968 3666 3042 3720 Τὸ
3073 3665 3131 3719 δὲ
3150 3665 3325 3737 ὄνομά
3350 3681 3507 3735 φησιν
3535 3663 3658 3718 ἀντὶ
3687 3663 3797 3736 τῆς

2205 3752 2386 3826 δόξης.
2415 3752 2576 3819 Ἔθος
2603 3746 2711 3825 γὰρ
2730 3754 2873 3809 οὕτω
2902 3756 3084 3825 λέγειν
3106 3759 3172 3829 τῇ
3198 3755 3544 3826 θεοπνεύστῳ
3576 3755 3796 3828 Γραφῇ.

2207 3844 2523 3917 Γέγραπται
2551 3844 2679 3916 γὰρ,
2700 3846 2781 3899 ὅτι
2807 3865 2826 3897 s
2845 3846 3072 3920 Αίρετὸν
3096 3846 3268 3917 ὄνομα
3293 3845 3480 3912 καλὸν,
3508 3845 3542 3916 ἢ
3572 3843 3803 3908 πλοῦτος

2211 3936 2396 4001 πολύς.
2419 3957 2437 3990 ι
2480 3935 2829 4008 Ἐγνώκαμεν
2862 3935 3028 3990 αὐτοῦ
3066 3935 3165 4009 τὴν
3196 3935 3375 4003 δόξαν,
3403 3936 3452 3990 οἱ
3482 3932 3615 4008 παρ’
3638 3933 3804 3989 αὐτοῦ

2207 4028 2558 4100 κεκλημένοι,
2603 4030 2697 4083 καὶ
2741 4030 2841 4100 οὐχ
2869 4029 2945 4093 ὡς
2987 4028 3263 4102 ἀνθρώπῳ
3305 4028 3608 4102 προσίεμεν
3640 4030 3803 4099 κριτῇ

2209 4119 2290 4192 τῷ
2316 4121 2533 4175 πάντων
2566 4120 2782 4192 Σωτῆρι
2811 4119 3066 4192 Χριστῷ⁸
3097 4119 3211 4175 ἀλλ’
3239 4121 3289 4174 εἰ
3319 4122 3416 4176 καὶ
3446 4119 3640 4190 γέγονε
3670 4119 3806 4192 σάρξ

2208 4213 2240 4267 6
2267 4214 2459 4282 Λόγος,
2489 4210 2838 4283 πιστεύομεν,
2865 4213 2948 4266 ὅτι
2979 4210 3114 4277 Θεὸς
3139 4212 3215 4266 ῶν
3242 4210 3431 4282 φύσει,
3453 4212 3550 4266 καὶ
3575 4213 3645 4266 ἐκ
3669 4209 3802 4265 Θεοῦ

519 4303 643 4348 mus
677 4298 857 4346 tamen
888 4290 1058 4347 Deum
1086 4304 1210 4347 esse
1238 4300 1432 4347 natura
1469 4300 1529 4347 et
1557 4307 1625 4347 es
1656 4291 1766 4348 Deo
1794 4289 1978 4355 Patre.
2014 4306 2098 4346 ar-

2212 4302 2431 4374 Πατρὸς
2456 4301 2786 4375 ἀπορρήτως
2816 4302 3214 4374 γεγενημένος,
3249 4301 3393 4373 ὑπὲρ
3429 4302 3616 4357 πᾶσαν
3630 4302 3803 4356 κτίσιν

522 4394 658 4437 cano
685 4381 844 4436 modo
872 4381 1096 4446 factum,
1123 4396 1285 4453 supra
1307 4396 1525 4443 omnem
1555 4394 1864 4439 creaturam
1889 4395 2030 4446 esse.
2054 4389 2098 4438 et

2211 4393 2348 4460 seri,
2381 4394 2617 4455 καὶτοῖς
2653 4393 2917 4448 ἀνωτάτω
2945 4392 3157 4465 θρόνοις
3187 4392 3489 4466 ἐμπρέπει,
3525 4392 3625 4447 καὶ
3667 4408 3802 4447 κατ-

522 4476 580 4541 in
609 4486 866 4540 supremo
896 4473 1035 4528 solio
1060 4473 1434 4545 eﬂ'nlgescere,
1471 4483 1527 4530 ct
1552 4473 1804 4531 omnibus
1822 4472 2110 4539 dominari,

522 4560 882 4631 dextramque
903 4562 1102 4617 habere
1126 4562 1498 4630 fortissimam,
1547 4561 1822 4632 facileque
1871 4572 2112 4619 servatu-

525 4667 667 4718 rum,
694 4668 831 4722 quos
856 4653 1003 4722 velit,
1035 4654 1137 4710 sibi
1168 4653 1433 4722 subditos,
1468 4664 1524 4709 et
1542 4654 1680 4710 nihil
1704 4655 1928 4710 omnino
1948 4669 2111 4725 supe-

525 4759 668 4809 rare,
700 4753 779 4812 et,
814 4755 871 4799 ut
893 4745 965 4800 ita
992 4745 1191 4813 dicam,
1215 4746 1620 4816 superemiuere
1643 4744 1762 4816 ejus
1787 4746 2109 4816 petentiam.

521 4833 641 4891 Non
680 4836 763 4892 sic
785 4838 1026 4893 animum
1045 4837 1259 4893 induxit
1298 4836 1485 4894 Israel.
1521 4837 1731 4895 Versati
1785 4847 1912 4895 sunt
1966 4839 2110 4893 enim

520 4930 675 4999 quasi
707 4945 830 4984 cum
855 4930 1037 5002 aliquo
1059 4930 1221 4988 nobis
1256 4931 1452 4999 simili,
1478 4939 1535 4988 et
1580 4947 1687 4988 non
1741 4941 1801 4988 ut
1846 4947 1971 4988 eum
2001 4932 2111 4989 Deo

520 5020 745 5076 homine
775 5020 936 5077 facto.
968 5021 1259 5093 Propterea
1283 5022 1534 5079 dixerunt
1596 5023 1886 5092 aliquando
1915 5043 1930 5080 :
1969 5043 1989 5078 s
2030 5023 2109 5081 Tu

521 5114 641 5179 quis
675 5113 770 5168 es?
798 5122 851 5169 et
882 5130 1041 5183 quem
1068 5117 1305 5186 teipsum
1340 5117 1474 5172 facis
1502 5117 1562 5148 ‘°‘
1584 5117 1635 5171 ?r
1658 5117 1721 5172 Et
1752 5135 1769 5172 ι
1806 5137 1825 5171 ι
1863 5117 1938 5173 De
1971 5117 2110 5175 bono

520 5220 686 5274 opere
716 5220 823 5261 non
856 5206 1153 5274 lapidamus
1186 5218 1257 5275 te,
1282 5209 1378 5265 sed
1423 5221 1644 5280 propter
1693 5210 2112 5280 blasphemiam,

521 5298 665 5361 quod
697 5300 857 5354 homo
888 5315 1010 5361 cum
1072 5310 1128 5355 tu
1162 5302 1259 5369 sis,
1303 5299 1437 5357 facis
1474 5303 1702 5372 teipsum
1764 5302 1930 5358 Deum
1977 5302 2042 5359 ".
2087 5321 2106 5358 υ

526 5382 726 5440 Verum
755 5388 847 5458 qui
882 5391 1243 5458 vocabuntur,
1269 5391 1468 5462 inquit,
1503 5395 1570 5449 ad
1604 5392 1848 5449 veritatis
1878 5392 2108 5462 agnitio-

526 5489 676 5542 nem,
701 5480 876 5535 scient
905 5497 1080 5539 meam
1105 5484 1354 5554 gloriam.
1408 5483 1527 5554 Ipse
1559 5486 1705 5543 enim
1742 5484 1834 5554 qui
1884 5485 1935 5541 in
1981 5498 2109 5553 pro-

527 5564 709 5636 pbetis
764 5568 1040 5641 loquebar,
1099 5576 1322 5634 Adsum.
1382 5576 1522 5632 Deus
1555 5577 1697 5632 enim
1744 5584 1798 5632 et
1849 5574 2110 5631 Dominus

2208 4482 2367 4557 ἀρχει
2415 4484 2525 4537 τῶν
2572 4483 2733 4549 ὅλων,
2780 4484 2875 4538 καὶ
2907 4484 3384 4557 πανσθενεστάτην
3433 4484 3549 4556 ἔχει
3590 4483 3694 4558 τὴν
3719 4482 3805 4538 δε-

2209 4577 2350 4644 ξιὰν,
2376 4577 2471 4632 xal.
2511 4577 2674 4642 σώζει
2703 4577 2920 4649 ῥᾳδίως.
2951 4577 3045 4642 οὓς
3076 4577 3142 4633 ἂν
3173 4576 3350 4633 ἕλοιτο
3380 4577 3493 4632 τῶν
3523 4579 3621 4632 ὑπ’
3643 4577 3807 4632 αὐτὸν

2205 4667 2524 4737 γεγονότων,
2559 4668 2924 4740 ὑπερνήχεται
2953 4668 3010 4722 δὲ
3042 4668 3141 4739 τὴν
3183 4669 3352 4724 αὐτοῦ
3389 4668 3626 4741 δύναμιν
3672 4685 3809 4723 παν-

2204 4753 2378 4819 τελῶς
2423 4752 2599 4808 οὐδέν.
2644 4754 2868 4826 Διετέθη
2899 4771 2964 4824 γε
3011 4754 3117 4829 μὴν
3164 4755 3265 4826 οὐχ
3292 4754 3469 4819 οὓτως
3500 4757 3531 4810 6
3563 4755 3808 4826 Ἰσραήλ.

2222 4845 2642 4916 Προσεσχήκασι
2666 4843 2776 4916 γὰρ
2795 4844 2872 4907 ὡς
2897 4845 2979 4898 ἐνὶ
3002 4845 3113 4900 τῶν
3136 4845 3262 4900 καθ’
3285 4846 3456 4916 ἡμᾶς,
3487 4843 3585 4899 καὶ
3617 4845 3721 4915 οὐχ
3737 4845 3812 4908 ὡς

2220 4932 2700 5005 ὲνανθρωπήσαντι
2736 4932 2877 5004 Θεῷ.
2920 4933 3020 4989 Διὰ
3045 4934 3206 4989 τοῦτό
3236 4951 3368 4989 ποτε
3410 4934 3511 5006 μὲν
3544 4934 3826 5004 Epirum"

2226 5042 2244 5076 ι
2273 5024 2345 5079 Σὺ
2378 5024 2462 5087 τίς
2494 5020 2575 5088 εἷς
2607 5025 2701 5078 καὶ
2724 5023 2847 5078 τίνα
2881 5026 3109 5079 σεαυτὸν
3137 5029 3348 5092 Reisig;
3379 5042 3402 5077 ι
3446 5026 3544 5080 καὶ
3564 5043 3579 5057 ·
3625 5045 3645 5077 ι
3676 5025 3811 5092 Περὶ

2219 5116 2384 5171 καλοῦ
2410 5116 2573 5188 ἔργου
2593 5118 2654 5169 οὐ
2683 5116 2976 5188 λιθάζομέν
3002 5134 3082 5184 σε,
3107 5117 3245 5172 ἀλλὰ
3272 5117 3401 5190 περὶ
3431 5116 3810 5189 βλασφημίας.

2212 5210 2295 5263 ὅτι
2329 5210 2394 5262 σὺ
2453 5207 2741 5279 ἄνθρωπος
2791 5209 2867 5262 ὢν
2914 5211 3086 5272 ποιεῖς
3131 5208 3358 5261 σεαυτὸν
3406 5207 3561 5263 Θεόν.
3594 5225 3614 5259 s
3662 5206 3809 5274 Πλὴν

2208 5304 2373 5372 οἵπερ
2408 5301 2476 5356 ἂν
2527 5300 2777 5370 κληθεῖεν
2824 5302 2905 5365 είς
2956 5300 3252 5369 ἐπίγνωσιν
3296 5299 3589 5369 ἀληθείας,
3636 5300 3802 5369 φησι,

2212 5394 2513 5462 γνώσονται
2543 5411 2645 5465 μου
2675 5392 2772 5464 τὴν
2801 5392 2981 5459 δόξαν.
3009 5392 3182 5456 Αὐτὸς
3208 5390 3320 5463 γὰρ
3343 5394 3372 5445 6
3396 5392 3457 5443 ὲν
3497 5390 3804 5461 προφήταις

2210 5485 2409 5539 λαλῶν⁶
2442 5485 2698 5557 Πάρειμι.
2721 5484 2854 5549 Θεὸς
2882 5485 2992 5554 γὰρ
3014 5484 3092 5536 ὢν
3120 5483 3325 5554 Κύριος
3351 5480 3626 5550 ὲπέφανεν
3650 5480 3800 5548 maliv,

2211 5575 2356 5630 κατὰ
2384 5576 2442 5631 τὸ
2470 5576 2879 5648 γεγραμμένον.
2917 5573 3089 5630 Τοῦτο
3116 5576 3208 5631 καὶ
3233 5577 3261 5630 6
3288 5574 3564 5644 πάνσοφος
3592 5570 3802 5634 Παῦλος

605 5738 650 5773 ⁸⁵
674 5738 835 5797 Prov.
870 5760 982 5812 xxi,
1025 5745 1074 5798 1.
1155 5749 1215 5782 “'
1252 5750 1407 5806 Joan.
1437 5764 1555 5819 vttt,
1596 5751 1685 5806 53.
1767 5753 1803 5783 ”
1841 5749 1994 5808 Jonn.
2033 5766 2085 5818 κ,
2126 5752 2219 5805 :5-
