4078 6292
506 342 640 397 Ηῗῑὸ

1534 330 1593 385 S.
1637 326 1913 385 CYlllthl
1951 323 2428 380 ALEXANDRLVI
2469 317 2784 379 ARCiLlEP.

3656 316 3804 373 U56

506 454 670 507 stium
693 452 962 510 bonorum
1022 450 1336 507 societatem
1382 446 1624 509 veniant,
1695 443 1955 512 omnique
1995 458 2091 512 spe

2214 460 2299 506 τως
2331 444 2443 505 τοῖς
2477 439 2830 494 πιστεύσασιν
2871 439 2949 501 εἰς
2982 436 3163 503 αὑτὸν,
3195 436 3289 490 καὶ
3334 435 3402 489 τά
3445 433 3617 489 αὑτοῦ
3661 453 3803 507 φρο-

506 545 647 598 hona
729 542 875 613 pleni
924 541 1072 598 sint:
1128 538 1285 594 donis
1331 537 1477 592 enim
1548 537 1700 592 dives
1755 544 1836 591 est
1900 531 2095 589 Serva-

509 644 618 696 tor.

582 815 747 870 Vens.
785 813 839 868 8.
873 796 1296 879 Quia'auditani
1354 809 1551 881 faciam
1643 809 1869 864 salutem
1932 816 2100 875 tuam,

512 909 689 962 dicens
714 921 732 958 :
759 902 909 968 Sion,
945 903 1181 975 regnabit
1234 903 1375 957 Deus
1430 913 1572 965 tuus,
1617 902 1743 972 quia
1785 917 1883 955 vox
1937 911 2105 953 custo-

515 1000 771 1052 dientium
831 1007 879 1050 le
930 995 1127 1049 intenta
1176 1003 1277 1059 est,
1321 1003 1369 1048 el
1416 1009 1533 1049 voce
1573 992 1731 1047 simul
1759 992 2102 1046 hctubuntur.

515 1089 652 1154 Quia
687 1072 827 1140 oculi
869 1088 937 1139 ad
970 1085 1148 1140 oculos
1177 1085 1675 1155 videbunt,quando
1705 1086 1951 1138 misertus
1981 1084 2102 1153 [ue-

513 1185 580 1237 rit
607 1183 859 1236 Dominus
892 1178 1045 1234 Sion.
1118 1236 1121 1239 ,

585 1272 716 1327 Sion
749 1287 937 1325 rursus
993 1270 1082 1324 hic
1139 1277 1315 1333 vocat,
1378 1283 1485 1322 non
1541 1268 1818 1322 civitatem
1870 1264 2104 1336 aliquam

516 1374 858 1426 terrestrem,
909 1362 1005 1416 sed
1042 1361 1220 1430 potius
1260 1370 1504 1415 sanctam
1576 1358 1875 1414 Ecclesiam
1928 1372 2104 1422 suam,

513 1472 677 1525 quam
718 1470 783 1510 ex
822 1454 1030 1509 duobus
1060 1452 1276 1523 pupulis
1338 1451 1641 1507 constituit.
1701 1450 1973 1517 Scriptum
2024 1457 2108 1503 est

513 1550 659 1602 enim
694 1566 709 1603 :
747 1567 764 1598 ι
791 1545 1100 1607 Laetamini,
1130 1554 1321 1614 gentes
1352 1557 1477 1598 cum
1532 1542 1730 1611 populo
1752 1543 1822 1596 “.
1884 1560 1905 1592 ι
1967 1540 2109 1595 Dici-

515 1648 717 1708 turque
736 1638 987 1692 Christus
1041 1636 1147 1691 duo
1207 1650 1376 1688 unum
1413 1632 1630 1699 fecisse,
1658 1634 1715 1688 et
1754 1633 2106 1687 interstititun

516 1734 771 1787 maceria:
797 1729 1049 1791 diruisse,
1077 1738 1134 1783 et
1161 1726 1334 1797 legent
1366 1726 1746 1782 mandatorum
1779 1725 1832 1778 itt
1865 1724 2106 1779 decretis

2206 537 2316 588 νεῖν
2346 551 2405 587 τε
2458 534 2553 587 καὶ
2584 534 2716 605 δρᾷν
2756 531 3074 603 ᾑρημένοις,
3110 530 3600 604 ἀμφιλαςςεστάτην
3650 529 3799 598 ἔχειν

2205 625 2305 694 τὴν
2340 625 2605 696 οὐρανίων
2652 622 2873 693 ἀγαθῶν
2918 621 3155 693 μέθεξιν,
3188 621 3282 674 καὶ
3316 621 3537 692 ἀπάσης
3578 608 3800 685 ἐλπίδος

2207 717 2657 788 ἀναπίμπλασθαι
2702 715 2875 787 καλῆς
2894 732 2906 744 ·
2940 714 3336 784 πλουσιόδωρος
3381 713 3490 782 γάρ
3520 713 3549 764 6
3579 713 3797 783 Σωτήρ.

2281 809 2400 862 Ὅτι
2433 807 2745 876 ἀκουστὴν
2773 805 3006 873 ποιήσω
3036 806 3151 874 τὴν
3179 805 3487 872 σωτηρίαν
3524 821 3667 883 σου,
3700 804 3803 858 λέ-

2210 916 2347 969 γων·
2380 899 2555 965 Σιὼν,
2580 899 2947 964 βασιλεύσει
2978 913 3093 951 σου
3116 899 3149 949 o'
3179 897 3344 961 Θεὸς,
3374 894 3465 947 ὅτι
3480 894 3653 963 φωνὴ
3684 891 3805 947 τιῖν

2209 993 2656 1063 φυλασσόντων
2684 1007 2758 1046 σε
2786 989 3020 1060 ὑψώθη.
3057 990 3159 1045 καὶ
3201 987 3274 1058 τῇ
3320 987 3492 1058 φωνῇ
3533 986 3656 1058 ἅμα
3708 991 3809 1041 εὐ-

2210 1083 2692 1152 φρανθήσονται·
2745 1081 2836 1136 ὅτι
2889 1080 3181 1150 ὀφθαλμοί
3239 1078 3391 1148 πρὸς
3449 1078 3809 1149 ὀφθαλμοί-ς

2213 1175 2485 1243 ὄψονται,
2511 1175 2693 1243 ἡνίκα
2724 1173 2802 1227 ἂν
2824 1171 3065 1238 ἐλεήσει
3098 1171 3313 1240 Κύριος
3339 1169 3453 1237 τὴν
3480 1169 3654 1225 Σιών.
3766 1242 3773 1249 ,

2283 1264 2421 1318 Σιὼν
2459 1265 2557 1335 μὲν
2585 1260 2678 1319 οὖν
2719 1262 2974 1335 ὀνομάζει
3008 1263 3170 1318 πάλιν
3198 1265 3255 1314 ὲν
3283 1261 3519 1326 τούτοις,
3548 1261 3652 1315 οὐκ
3680 1259 3805 1315 εει.

2213 1358 2361 1427 γειόν
2383 1375 2501 1412 τινα
2530 1357 2701 1421 πόλιν,
2728 1357 2828 1427 τὴν
2866 1338 3026 1424 ἁγίαν
3046 1355 3104 1409 δὲ
3126 1353 3328 1426 μᾶλλον
3358 1352 3523 1429 αὑτοῦ
3565 1353 3805 1422 Ἐκκληο

2217 1449 2356 1512 σίαν,
2392 1448 2460 1519 ἢν
2507 1449 2575 1501 ἐκ
2607 1448 2717 1500 τῶν
2747 1448 2840 1501 δύο
2868 1447 3014 1501 λαῶν
3054 1446 3440 1523 συνεστήσατο.
3460 1444 3803 1529 ⁴Γέγραπται.

2215 1538 2442 1609 γάρ,ὂτι
2470 1538 2874 1609 «Εὐφράνθητε,
2892 1536 3045 1609 ἔθνη,
3068 1536 3209 1607 μετὰ
3223 1536 3318 1589 τοῦ
3354 1535 3541 1590 λαοῦ.»
3568 1535 3804 1606 Ποιῆσαι

2213 1629 2272 1684 δὲ
2305 1629 2525 1698 λέγεται
2558 1629 2793 1700 Χριστὸς
2828 1628 2898 1682 τὰ
2939 1628 3227 1700 ἀμφότερα
3267 1626 3347 1693 ἓν,
3391 1628 3488 1681 καὶ
3535 1626 3700 1680 λῦσαι
3742 1626 3803 1678 τὺ

2220 1720 2532 1790 μεσότοιχον
2582 1719 2676 1774 τοῦ
2726 1718 3006 1793 φραγμοῦ,
3050 1720 3146 1774 καὶ
3182 1719 3274 1773 τὸν
3305 1719 3469 1791 νόμον
3506 1718 3617 1774 τῶν
3652 1721 3805 1771 ἐντο-

522 1813 1122 1884 abrugasseJ’atel’acta
1146 1824 1326 1869 autent
1361 1814 1675 1884 evangelica
1711 1814 2110 1884 praedicatione,

2214 1811 2323 1865 λῶν
2353 1813 2410 1866 ὲν
2440 1812 2677 1883 δόγμασι
2720 1813 3088 1884 καταργῆσαι.
3129 1811 3564 1883 ’Δναδειχθέντος
3607 1810 3667 1864 δὲ
3708 1809 3803 1864 τοῦ

517 1923 636 1976 quae
662 1910 802 1962 veris
831 1907 1063 1962 decretis
1121 1906 1321 1962 referta
1368 1919 1472 1973 est,
1524 1908 1608 1962 vis
1654 1907 1841 1977 legalis
1905 1909 2113 1961 umbra:

515 1998 773 2061 cessavit,
802 1997 854 2052 id
885 1996 1196 2063 est,cultus
1243 2006 1301 2051 et
1350 2012 1605 2053 accessus
1650 2011 1745 2066 per
1800 1996 2108 2067 sanguines.

517 2090 647 2145 Sion
680 2091 865 2159 itaque
895 2091 1240 2161 intelligenda
1274 2100 1358 2145 est
1383 2089 1646 2155 Ecclesia,
1674 2089 1749 2142 uti
1787 2089 1918 2154 dixi,
1950 2102 2111 2158 quam

520 2184 638 2254 ipse
661 2183 766 2238 sibi
791 2183 1043 2238 Christus
1063 2182 1497 2253 repraesentavit,
1524 2196 1631 2235 non
1691 2180 1976 2235 habentem
2000 2194 2114 2233 nta-

518 2276 694 2330 culam
746 2284 837 2329 aut
866 2290 1083 2343 rugam,
1118 2275 1227 2328 imo
1275 2282 1541 2337 sanctam,
1575 2283 1630 2327 et
1681 2271 2110 2326 immaculatum.

517 2367 690 2436 llnjus
720 2366 946 2422 salutem
971 2367 1210 2420 auditam
1244 2365 1389 2432 fecit,
1422 2365 1474 2420 id
1504 2373 1610 2430 est,
1642 2363 1975 2419 exauditam.
2006 2358 2114 2417 Ne-

519 2458 720 2512 minem
775 2457 922 2511 enim
969 2456 1191 2511 omnino
1251 2456 1306 2509 itt
1360 2464 1504 2511 terra
1573 2455 1888 2525 degentium
1957 2452 2112 2506 lnluit

518 2548 842 2619 evangelia-aa
890 2546 1295 2618 pradicatiouis
1328 2546 1523 2612 virtus,
1593 2561 1695 2601 nec
1745 2545 1903 2615 plane
1962 2543 2113 2613 quis-

521 2655 682 2709 quam
706 2638 937 2694 salutem
961 2654 1060 2707 per
1083 2638 1364 2693 Christum
1405 2653 1511 2693 non
1558 2636 1748 2691 audiit.
1777 2634 1922 2689 Dixit
1968 2634 2110 2689 enim

521 2746 618 2801 per
657 2732 823 2801 lyram
859 2729 1199 2785 Psalmistae:
1241 2747 1260 2782 ι
1291 2730 1492 2784 Audite
1519 2729 1653 2794 haec,
1681 2740 1872 2782 omnes
1900 2734 2109 2795 gentes,

521 2822 825 2877 auscultate
847 2835 1038 2876 omnes
1068 2820 1437 2875 inhabitantes
1465 2820 1654 2875 orbem
1689 2828 1960 2874 terrarum
1981 2817 2047 2871 “.
2084 2834 2106 2870 ι

522 2911 591 2965 Et
654 2911 1114 2978 quemadmodum
1196 2910 1585 2966 daemoniorum
1639 2909 1898 2965 memoria
1953 2907 2113 2977 periit

450 3042 456 3050 .
521 3015 643 3054 cum
673 2999 875 3067 sonitu,
910 3001 1094 3069 idest,
1157 3000 1441 3072 insigniter
1497 3009 1553 3056 et
1602 3000 1913 3067 celebriter,
1949 3013 2110 3054 nemo

522 3091 667 3146 enim
699 3092 1090 3148 tltetnoniorutn
1129 3092 1433 3163 tyrannidis
1497 3093 1774 3147 interitum
1831 3094 2105 3147 nescivit:

2212 1903 2569 1971 εὐαγγελικοῦ
2601 1902 2976 1975 κηρύγματος,
3002 1903 3031 1957 6
3056 1905 3150 1957 κιιῖ¹
3177 1903 3464 1974 δογμάτων
3497 1902 3650 1956 ἐστὶν
3675 1902 3805 1972 ἀληέ-

2213 1994 2376 2049 θινῶν
2405 1996 2766 2067 κατάμεστον,
2807 1998 3087 2049 πέπαυται
3136 1996 3235 2065 τῆς
3274 1997 3331 2049 ὲν
3366 1995 3521 2066 νόμῳ
3570 1995 3729 2060 σκιᾶς

2211 2083 2472 2156 δύναμις,
2511 2084 2657 2138 τοῦτ’
2706 2083 2875 2151 ἐστιν,
2922 2085 2956 2155 ἡ
2996 2083 3063 2137 δι’
3112 2084 3363 2155 αἱμάτων
3426 2084 3659 2155 λατρεία
3707 2085 3802 2137 καὶ

2213 2178 2569 2250 προσαγωγή.
2617 2176 2754 2230 Σιὼν
2804 2172 2897 2233 οῦν
2943 2176 3163 2248 νοητέον
3204 2178 3305 2248 τὴν
3347 2176 3699 2248 Ἐκκλησίαν,
3727 2175 3804 2241 ὡς

2212 2268 2373 2340 ἔφην,
2425 2269 2494 2339 ἢν
2527 2268 2688 2332 αὐτὸς
2736 2267 2914 2339 ἑαυτῷ
2969 2270 3313 2342 παρέστησεν
3358 2271 3387 2323 6
3437 2270 3801 2341 Χριστὸς,μὴ

2213 2362 2445 2433 ἔχουσαν
2500 2361 2691 2415 σπῖλον
2733 2361 2766 2433 ἦ
2824 2361 3036 2433 ῥυτίδα,
3089 2362 3251 2431 ἁγίαν
3327 2360 3384 2414 δὲ
3444 2361 3648 2433 μᾶλλον
3711 2363 3804 2415 καὶ

2213 2455 2471 2526 ἄμωμον.
2499 2453 2715 2524 Ταύτης
2746 2454 3020 2525 ἀκουστὴν
3050 2455 3345 2525 ἐποιήσατο
3370 2453 3472 2524 τὴν
3510 2454 3799 2525 σωτηρίαν.

2211 2546 2361 2601 τοῦτ’
2389 2546 2536 2600 ἐστιν
2587 2544 2931 2612 ἐξάκουστον.
2962 2546 3161 2601 Ἕλαθε
3185 2545 3295 2617 γὰρ
3324 2545 3431 2598 τῶν
3460 2546 3558 2599 ἐπὶ
3580 2547 3680 2618 τῆς
3704 2547 3802 2618 γῆς

2212 2638 2495 2700 παντελῶς
2517 2636 2726 2703 οὐδένα,
2775 2637 2884 2691 τῶν
2934 2618 3309 2706 εὐαγγελικῶν
3362 2638 3740 2709 κηρυγμάτων
3769 2641 3803 2708 ἡ

2210 2727 2465 2799 δύναμιςλ
2495 2727 2610 2781 ἀλλ’
2637 2726 2762 2780 οὐδὲ
2791 2726 3021 2798 ἀνήκοός
3049 2743 3133 2789 τις
3163 2724 3561 2801 ἀπομεμένηκε
3600 2726 3701 2796 τῆς
3722 2726 3806 2780 διὰ

2211 2815 2450 2886 Χριστοῦ
2481 2817 2778 2888 σωτηρίας.
2811 2816 2956 2887 Ἔφη
2989 2815 3098 2887 γάρ
3134 2816 3228 2869 καὶ
3270 2814 3361 2868 διὰ
3391 2815 3496 2886 τῆς
3530 2814 3631 2869 τοῦ
3668 2816 3806 2871 Ψάλο

2210 2908 2395 2972 λοντος
2424 2907 2628 2981 λύρας’
2667 2926 2687 2959 ι
2723 2907 3019 2962 Ἀκούσατε
3073 2906 3266 2972 ταῦτα,
3310 2906 3494 2963 πάντα
3544 2909 3617 2962 τά
3662 2907 3803 2979 ἐθνηι

2224 2999 2606 3065 Ἐνωτίσασθε,
2646 2999 2844 3062 πάντες
2892 3001 2942 3053 oi
2993 2998 3375 3063 κατοικοῦντες
3407 3000 3509 3073 τὴν
3558 3002 3809 3071 οἱκουμὲ·

2211 3107 2330 3162 νην.
2376 3109 2398 3144 ι
2424 3091 2535 3145 Καὶ
2569 3090 2758 3162 ὥσπερ
2781 3091 2842 3144 τὸ
2872 3090 2981 3143 τῶν
3005 3090 3295 3162 δαιμονίων
3340 3092 3698 3163 μνημόσυνον
3717 3095 3807 3147 dif-

520 3182 603 3238 sic
624 3184 789 3237 etiam
821 3182 1002 3238 divina
1032 3184 1342 3241 etcmlestis
1392 3185 1708 3255 praedicatio
1750 3184 1933 3239 audita
1962 3183 2105 3239 facta

2214 3178 2376 3234 ώλετο
2407 3180 2522 3252 μετ’
2562 3180 2718 3252 ῆχου,
2756 3178 2902 3233 τοῦτ’
2945 3179 3090 3233 ἔστιν
3131 3181 3420 3252 ἐπισήμως
3454 3182 3551 3234 καὶ
3592 3183 3807 3254 διαὸοήι

524 3281 608 3329 est
633 3275 885 3329 omnibus
913 3276 1160 3340 ubilibet,
1189 3275 1415 3331 salutent
1453 3275 1682 3332 alferens
1715 3276 1800 3330 his
1827 3276 1917 3345 qui
1947 3289 2112 3346 appa-

528 3369 777 3422 ritionent
805 3366 1008 3422 Christi
1041 3377 1397 3437 agnoverunt.
1417 3367 1548 3435 Quae
1582 3376 1761 3421 autem
1790 3368 1946 3438 hujus
1977 3381 2114 3435 pra:-

526 3459 813 3514 dicationis
842 3459 1060 3514 virtus!
1090 3457 1243 3524 Sion,
1294 3458 1542 3527 regnabit
1572 3456 1714 3513 Deus
1771 3465 1915 3517 tuus.
1971 3456 2112 3513 Olim

528 3551 753 3619 quippe,
804 3549 857 3603 id
916 3560 1024 3613 est,
1057 3558 1180 3601 ante
1235 3547 1543 3602 Servatoris
1582 3546 1749 3601 nostri
1798 3547 2112 3612 adventum,

525 3655 754 3711 regnum
788 3638 963 3693 iunos
1003 3652 1100 3708 per
1125 3646 1405 3707 peccatum
1457 3638 1692 3692 obtinuit
1760 3636 2010 3705 Satanas,
2059 3647 2117 3695 et

529 3732 828 3805 tyrannicae
855 3730 1281 3798 saevitiarjugum
1339 3729 1506 3785 totius
1533 3739 1691 3784 teme
1732 3730 1925 3786 incolis
1982 3730 2116 3801 inde

526 3835 672 3879 etum
698 3832 802 3878 est.
829 3825 899 3877 At
928 3822 1016 3877 ubi
1051 3835 1145 3877 rex
1175 3836 1239 3876 ac
1267 3821 1529 3879 Dominus
1561 3821 1944 3877 universorum
1963 3822 2116 3879 nobis

527 3914 726 3979 illuxit,
769 3911 1027 3982 disruptis
1092 3925 1283 3967 eorum
1315 3910 1572 3975 vinculis,
1627 3919 1682 3966 et
1731 3910 1940 3981 abjectn
1988 3909 2116 3983 jugo

524 4006 643 4077 eius
663 4007 754 4075 qui
789 4006 916 4060 olim
945 4003 1238 4074 oppressit,
1266 4002 1361 4057 Dei
1386 4002 1615 4072 sceptris
1658 4005 1927 4057 cervicem
1979 4005 2110 4057 sub-

526 4098 798 4164 misintus,
835 4105 890 4151 et
920 4095 1168 4167 regnavit
1197 4095 1250 4149 in
1278 4110 1376 4151 nos
1420 4096 1561 4150 Deus
1602 4109 1667 4150 ac
1729 4093 1889 4165 733
1933 4093 2115 4159 Pater,

526 4201 622 4258 per
647 4185 861 4241 Filium.
888 4186 1019 4253 Quae
1040 4201 1129 4242 res
1161 4185 1338 4250 nobis,
1363 4185 1697 4241 celebritatis
1724 4201 1789 4240 ac
1810 4185 2118 4240 festivitatis

528 4294 693 4336 causa
725 4279 952 4333 exstitit.
1000 4276 1187 4332 Psallit
1238 4277 1492 4331 nimirum
1558 4277 1746 4341 David,
1796 4285 1852 4331 et
1902 4277 2112 4346 inquit:

533 4389 553 4423 ι
585 4372 842 4425 Dominus
871 4371 1138 4441 regnavit,
1168 4370 1399 4424 exsultet
1417 4382 1563 4424 terra
1585 4370 1654 4435 ",
1695 4387 1715 4420 ι
1779 4384 1843 4423 ac
1874 4369 2065 4423 iterum
2099 4384 2112 4420 :

533 4461 782 4516 «Psallite
807 4464 1099 4531 sapienter.
1128 4461 1393 4533 Regnavit
1418 4464 1558 4517 Deus
1581 4476 1743 4531 super
1767 4477 1957 4519 omnes
1984 4478 2116 4532 gen-

2212 3289 2344 3337 τως,
2377 3272 2612 3343 ἠγνόησε
2631 3270 2693 3325 δὲ
2719 3271 2895 3336 οὐδεὶς
2919 3271 3021 3341 τῆς
3043 3270 3151 3326 τῶν
3174 3271 3469 3342 δαιμονίων
3495 3274 3812 3344 τυραννίδος

2213 3364 2312 3436 τὴν
2354 3363 2664 3418 ἀπώλειαν
2711 3363 2855 3417 οῦτω
2899 3364 2995 3417 καὶ
3030 3362 3093 3417 τὺ
3136 3362 3278 3417 θεῖόν
3313 3380 3374 3417 τε
3407 3363 3497 3417 καὶ
3539 3363 3794 3434 οὐράνιον

2214 3459 2480 3529 κήρυγμα
2518 3457 2745 3527 γέγονεν
2778 3456 3049 3511 ἀκουστὸν
3080 3461 3193 3520 τοῖς
3219 3455 3535 3526 ἁπανταχοῦ,
3564 3454 3662 3525 τὴν
3683 3470 3796 3509 cto-

2213 3549 2407 3621 τηρίαν
2445 3549 2698 3623 εἰσφέρον
2726 3552 2838 3614 τοῖς
2865 3547 3212 3618 ἐπεγνωκόσι
3236 3549 3329 3621 τὴν
3350 3547 3666 3618 ἐπιφάνειαν
3697 3546 3799 3601 τοῦ

2215 3640 2476 3714 Χριστοῦ.
2521 3642 2619 3706 Τίς
2662 3642 2719 3696 δὲ
2754 3643 2787 3713 ὴ
2820 3641 3049 3712 δύναμις
3076 3641 3170 3696 τοῦ
3212 3641 3593 3713 κηρύγματοςς
3626 3638 3797 3701 Σιὼν,

2218 3732 2523 3805 βασιλεύσει
2549 3751 2640 3787 σου
2670 3735 2697 3787 6
2718 3733 2868 3796 Θεός.
2902 3733 3077 3787 Πάλαι
3099 3733 3198 3804 μὲν
3217 3734 3346 3806 γάρ,
3373 3732 3514 3787 τοῦτ’
3544 3732 3658 3787 ἔστι
3698 3733 3805 3804 πρὸ

2215 3821 2315 3889 τῆς
2331 3821 2423 3876 τοῦ
2451 3821 2707 3892 Σωτῆρος
2736 3823 2892 3892 ἡμῶν
2921 3823 3632 3895 ὲπιδημίας,βεὸασίλευκεν
3651 3824 3806 3895 ἡμῶν

2215 3912 2305 3966 διά
2335 3913 2432 3983 τῆς
2456 3912 2729 3984 ἁμαρτίας
2752 3915 2780 3965 6
2798 3914 3062 3978 Σατανᾶς,
3083 3915 3176 3967 καὶ
3205 3914 3540 3985 τυραννικῆς
3558 3914 3802 3984 σκαιότηδ

2216 4021 2306 4068 τος
2332 4005 2627 4077 ὲπέρριπτο
2648 4004 2808 4075 ζυγὸς
2834 4007 2945 4069 τοῖς
2973 4006 3076 4059 civit
3108 4009 3286 4060 πᾶσαν
3307 4006 3408 4078 τὴν
3436 4009 3560 4079 γῆν.
3593 4006 3802 4079 Ἐπειδὴ

2216 4097 2273 4151 δὲ
2307 4097 2620 4168 ἐπέλαμψεν
2667 4100 2799 4169 ἡμῖν
2826 4099 2979 4153 ὁτῶν
2999 4099 3136 4154 ὅλων
3170 4099 3423 4171 βασιλεὺς
3466 4102 3561 4155 καὶ
3588 4101 3801 4174 Κύριος.

2217 4188 2606 4262 διαρρήξαντες
2633 4191 2760 4253 τοὺς
2785 4190 3019 4262 δεσμοὺς
3054 4193 3254 4258 αὐτῶν,
3284 4194 3379 4247 καὶ
3405 4194 3805 4267 ἀπορρίψαντες

2218 4282 2308 4336 τὸν
2341 4283 2502 4352 ζυγὸν
2531 4283 2624 4336 τοῦ
2662 4283 2830 4337 πάλαι
2856 4284 3374 4358 πλεονεκτήσαντος,
3398 4290 3515 4351 τοῖς
3542 4288 3637 4341 τοῦ
3677 4287 3805 4340 Θεοῦ

2221 4372 2523 4444 σκήπτροις
2549 4373 2907 4443 ῦπηγάγομεν
2933 4374 3023 4428 τὸν
3048 4375 3274 4445 αὐχένα,
3305 4377 3400 4428 καὶ
3430 4375 3807 4446 βεϐασίλευκεν

2222 4458 2380 4527 ἡμῶν
2409 4461 2437 4512 6
2468 4459 2601 4523 Θεὸς
2649 4460 2743 4513 καὶ
2775 4462 2967 4533 Πατὴρ
3009 4461 3078 4515 δι’
3104 4463 3257 4529 Υίοῦ,
3291 4465 3386 4518 καὶ
3427 4466 3656 4534 γέγονεν
3685 4468 3807 4537 ἡμῖν

528 4565 609 4610 tes
637 4554 698 4607 ν’.
737 4572 754 4605 ι
790 4552 1013 4608 Vocavit
1061 4569 1277 4624 quoque
1320 4555 1386 4608 ad
1442 4554 1545 4608 hoc
1576 4568 1693 4620 nos,
1722 4564 1782 4608 ut
1825 4553 1960 4620 dixi,
1990 4530 2110 4623 ipse

2219 4549 2281 4602 τὸ
2323 4550 2512 4620 χρῆμα
2554 4530 3205 4627 πανηγύρεως-ἀφορμή.
3247 4530 3457 4611 Ψάλλει
3489 4530 3624 4625 γοῦν
3652 4561 3681 4613 6

525 4646 691 4701 etiam
718 4644 996 4710 Servatur,
1023 4644 1243 4699 dicens:
1281 4661 1301 4695 ι
1331 4642 1524 4697 Venite
1555 4643 1620 4696 ad
1663 4656 1766 4707 me,
1807 4658 1996 4697 omnes
2019 4643 2110 4713 qui

526 4738 803 4804 laboratis,
857 4747 911 4790 et
960 4737 1170 4792 onerati
1218 4737 1384 4800 estis,
1432 4745 1486 4788 et
1534 4748 1635 4804 ego
1678 4735 1915 4790 reticiam
1961 4751 2107 4789 vos:

502 4854 515 4893 εν
548 4829 923 4899 tollitejugum
954 4844 1130 4883 meum
1173 4843 1337 4898 super
1357 4843 1452 4883 vos
1482 4829 1551 4881 ⁸³.
1599 4845 1619 4879 ι
1674 4826 1856 4897 Itaque
1915 4827 2112 4881 misere

526 4922 783 4987 viximus,
814 4930 868 4975 et
896 4922 949 4976 iu
985 4921 1248 4977 extremis
1270 4920 1425 4976 malis
1455 4921 1654 4976 versati
1674 4920 2107 4986 sumus,immani

527 5021 760 5084 tyranno
781 5012 1073 5082 subjugati,
1105 5019 1159 5067 et
1192 5011 1396 5081 peccati
1444 5012 1632 5083 jugum
1680 5011 1990 5067 subeuntes.
2014 5068 2017 5071 _
2042 5013 2112 5065 At

521 5114 887 5161 sacrosancta:
931 5104 1330 5174 praedicationis
1387 5105 1581 5170 virtus,
1629 5104 1832 5160 Christi
1883 5120 2109 5175 regnum

520 5196 646 5252 felix
712 5210 777 5251 ac
842 5195 1075 5250 faustum
1119 5195 1483 5259 :tnnuntiavil,
1551 5206 1607 5251 et
1670 5195 1868 5252 subditi
1905 5198 1953 5251 ei
2008 5195 2112 5249 fui-

527 5302 667 5343 nus.
694 5285 951 5342 Promisit
976 5286 1144 5350 enim,
1182 5286 1369 5341 dicens
1401 5305 1414 5340 :
1452 5305 1470 5340 ι
1502 5284 1653 5354 Sion,
1688 5287 1931 5357 regnabit
1978 5287 2116 5340 Deus

521 5390 675 5434 tuus.
706 5394 727 5429 ι
754 5376 855 5443 Qui
890 5386 1068 5430 autent
1105 5384 1159 5430 et
1184 5377 1452 5446 quomodo
1504 5385 1824 5448 regnaturus
1857 5378 1947 5439 sit,
1999 5377 2114 5443 ipse

524 5477 645 5519 mox
673 5465 991 5533 declaravit,
1011 5467 1195 5521 dicens
1229 5483 1244 5521 :
1298 5484 1317 5518 ι
1360 5465 1474 5522 Vox
1502 5466 1918 5523 custodientium
1951 5473 2002 5518 te
2024 5466 2109 5518 in-

599 5700 649 5735 “
682 5700 840 5759 Rom.
878 5721 968 5761 xv.
990 5708 1076 5763 10.
1193 5711 1239 5742 “
1269 5708 1411 5764 Psnl.
1443 5725 1627 5775 sum,
1663 5708 1719 5762 2.

1819 5707 1863 5738 ’³
1886 5704 2027 5762 Psal.
2072 5720 2214 5773 xcvi,
2254 5707 2305 5759 ί.
2385 5706 2430 5741 ’⁸
2459 5706 2603 5765 Psal.
2636 5722 2781 5772 sui,
2815 5706 2870 5762 9.

2221 4638 2327 4700 ὅῖδ.
2361 4639 2454 4693 καί
2488 4657 2684 4710 φησιν·
2712 4660 2731 4693 ι
2770 4643 2832 4695 '0
2853 4642 3060 4713 Κύριος
3073 4643 3448 4710 ἐϐασίλευσεν,
3470 4645 3814 4714 άγαλλιάσθω

2221 4729 2253 4797 ἡ
2288 4728 2382 4798 γῆ.
2416 4746 2436 4780 ι
2474 4731 2583 4784 Καὶ
2616 4732 2811 4786 πάλινο
2853 4751 2872 4782 ι
2899 4733 3119 4788 Ψάλατε
3152 4734 3216 4806 δὴ
3251 4732 3345 4790 οὖν
3391 4738 3652 4801 συνετῶς,
3694 4737 3812 4791 ἐϐα-

2219 4818 2464 4872 σίλευσεν
2504 4823 2533 4873 6
2568 4821 2700 4884 Θεὸς
2734 4824 2826 4877 ἐπὶ
2880 4824 3057 4879 πάντα
3105 4826 3172 4879 τὰ
3219 4826 3367 4899 ἔθνη.
3398 4847 3417 4881 ι
3476 4829 3730 4901 Κέκληκε
3759 4829 3814 4882 δὲ

2217 4916 2363 4984 ἡμᾶς
2391 4915 2528 4985 πρὸς
2574 4916 2749 4981 τοῦτο,
2782 4917 2859 4981 ὼς
2892 4918 3049 4989 ἔφην,
3082 4920 3178 4974 καὶ
3211 4922 3376 4985 αὐτὸς
3403 4923 3433 4976 6
3473 4923 3691 4994 Σωτὴρ,
3728 4923 3814 4977 λέ-

2216 5022 2363 5072 γων·
2420 5028 2437 5057 ι
2468 5007 2632 5060 Δεῦτε
2685 5010 2820 5080 πρός
2875 5029 2966 5080 με,
3028 5013 3228 5078 πάντες
3265 5015 3315 5067 οἱ
3360 5014 3662 5080 κοπιῶντες
3725 5018 3815 5071 καὶ

2220 5098 2667 5171 πεφορτισμένοε,
2713 5099 2873 5169 κάγὼ
2929 5101 3232 5156 ἀναπαύσω
3261 5104 3443 5172 ὑμᾶς’
3498 5105 3670 5175 ἄρατε
3728 5104 3847 5180 sint

2219 5185 2384 5255 ζυγόν
2415 5206 2514 5258 μου
2547 5189 2632 5258 ἐφ’
2663 5191 2862 5261 ὑμᾶς.»
2894 5192 3104 5247 Οὐκοῦν
3129 5195 3432 5264 ἐπράττετο
3466 5194 3569 5265 μὲν
3594 5185 3847 5257 άθλίως.¹

2221 5280 2316 5331 καὶ
2354 5282 2411 5332 ἐν
2453 5280 2704 5351 ἐσχάτοις
2744 5278 2887 5353 ἦμεν
2921 5286 3132 5349 κακοῖς,
3173 5284 3352 5355 ἀγρίῳ
3389 5286 3639 5355 τυράννῳ
3670 5302 3777 5338 κατ
3802 5314 3821 5321 -

2223 5373 2569 5441 εζευγμένοι,
2599 5374 2693 5426 καὶ
2727 5373 2818 5427 τὸν
2843 5373 2944 5443 τῆς
2971 5375 3247 5447 ἁμαρτίας
3280 5375 3694 5447 ὑποδραμόντες
3727 5375 3819 5440 ξυ-

2219 5465 2339 5531 γόν.
2385 5464 2448 5515 'l‘l
2476 5463 2533 5517 δὲ
2561 5463 2670 5517 τῶν
2718 5463 2878 5535 ἱερῶν
2911 5466 3288 5537 κηρυγμάτων
3318 5465 3548 5537 δύναμις
3578 5466 3683 5539 τὴν
3724 5465 3822 5519 τεῦ

2965 5706 3010 5738 η
3043 5705 3240 5761 Matth.
3274 5719 3338 5774 ιι,
3379 5705 3471 5771 es,
3503 5706 3598 5763 το.
3702 5678 3713 5691 ’
