4078 6292
278 344 437 401 H571

1444 325 1508 380 ΙΝ
1549 324 1783 379 ιδιιλδι
1820 322 1950 379 LIB.
1996 324 2059 379 Υ.
2102 322 2339 381 Totus
2377 326 2416 382 Ι.

3411 327 3552 385 “58

275 460 516 537 Χριστοῦ
547 454 825 530 βασιλείαν
851 448 1264 520 εὐηγγελίσατο,
1300 446 1394 501 καὶ
1429 450 1518 500 ὐπ’
1544 446 1694 517 αὐτῷ
1724 446 1857 500 πάν-

1977 459 2105 502 enta
2128 464 2220 504 seu
2286 448 2490 505 elevata
2523 458 2625 505 cst.
2696 468 2714 501 ι
2743 448 3120 505 Custodientes
3167 463 3287 504 csse
3335 460 3553 519 possent

275 535 364 612 τες
389 547 577 618 ἐσμέν.
615 538 982 611 Ἐπὴγγελται
1007 536 1117 607 γὰρ
1134 536 1330 605 λέγων,
1356 536 1437 589 ὅτι
1473 556 1490 588 ι
1521 535 1683 601 Σιὼν,
1710 536 1863 598 βασι-

277 640 460 694 λεύσει
496 654 588 690 σου
617 637 646 688 6
672 632 824 695 Θεός.
855 649 873 682 ι
904 622 1230 681 Βασιλεύσει
1261 626 1318 681 δὲ
1347 628 1484 691 πῶς,
1517 628 1550 699 ἢ
1583 628 1706 682 τίνα
1740 627 1867 699 τρό.

278 750 404 793 πον,
432 728 596 791 αὐτὸς
623 725 783 786 εὐθὺς
810 720 1160 791 διεσάφησεν,
1190 720 1381 785 είπὼν,
1411 722 1493 774 ὅτι
1526 740 1544 773 ι
1572 720 1726 793 Φωνὴ
1756 720 1866 775 τῶν

259 820 663 890 φυλασσόντων
695 832 756 868 σε
798 812 1006 882 ὑψώθη.
1037 831 1057 863 ι
1105 813 1217 864 Καὶ
1262 812 1624 881 φυλάσσοντες
1668 811 1724 864 δὲ
1754 809 1863 865 εἷεν

280 916 342 967 ἂν
372 915 419 967 οἰ
453 909 726 964 θεσπέσιοι
775 904 1043 975 μαθηταὶ,
1093 904 1260 975 ἦγουν
1294 902 1531 967 ἅπαντες
1579 902 1764 967 ἁπλῶς
1813 904 1862 956 οἱ

285 1002 658 1073 μυσταγωγεῖν
704 997 907 1059 εἰδότες
949 996 1046 1049 καὶ
1077 995 1386 1064 δυνάμενοι,
1423 995 1522 1048 καὶ
1554 995 1866 1066 ὀρθοποδεῖν

280 1092 667 1153 ἀναπείθοντες
695 1089 824 1151 τοὺς
859 1086 1251 1157 κεκλημένους,
1286 1087 1367 1150 εἷς
1413 1104 1479 1154 γε
1508 1087 1571 1140 τὸ
1607 1086 1866 1141 δύνασθαι

283 1181 579 1254 κατορθοῦν
613 1176 672 1234 εὖ
707 1178 854 1249 μάλα
883 1177 945 1231 τὸ
987 1175 1211 1243 ἀγαθὸν,
1249 1177 1344 1229 καλ⁵
1380 1177 1477 1245 τῆς
1508 1178 1588 1240 είς
1631 1177 1865 1248 Χριστὸν

285 1276 504 1345 ἀγάπης
532 1269 886 1341 ἀντέχεσθαι,
928 1268 1022 1322 καὶ
1053 1265 1219 1339 ὀρθὴν
1261 1268 1346 1320 ἐπ’
1382 1265 1531 1337 αὐτῷ
1567 1266 1662 1320 καὶ
1714 1264 1865 1335 ἀμώ-

290 1384 457 1438 μητον
498 1362 770 1418 ποιεῖσθαι
805 1360 906 1430 τῆς
950 1359 1182 1422 πίστεως
1226 1357 1324 1427 τὴν
1359 1358 1669 1427 ὁμολογίαν.
1706 1350 1865 1411 Οὗτοι

286 1456 543 1527 ποιμένες
569 1455 707 1508 εἰσὶν
732 1450 929 1519 ἀγαθοὶ
960 1450 1328 1519 φυλάσσοντες
1353 1448 1429 1519 τῷ
1461 1449 1677 1503 πάντων
1710 1450 1867 1520 ἁρχι·

286 1548 507 1619 ποιμένι
537 1545 606 1598 τὰ
641 1544 836 1613 λογικὰ
878 1542 1190 1615 θρέμματα,
1223 1542 1321 1595 καὶ
1348 1541 1449 1604 τὰς
1491 1540 1599 1594 τῶν
1645 1540 1867 1595 ἀτιθάσ-

290 1657 399 1694 σων
435 1638 641 1710 θηρίων
665 1634 1055 1698 ἀποσοϐοῦντες
1081 1633 1323 1702 ἐφόδους.
1349 1632 1566 1687 Τούτων
1601 1632 1867 1702 ύψοῦσθαι

289 1731 439 1799 λέγει
468 1730 567 1800 τὴν
597 1727 802 1799 φωνὴν,
844 1724 990 1780 τοῦτ’
1018 1725 1187 1787 ἐστιν,
1223 1723 1556 1795 ἀκουσθῆναι
1584 1727 1699 1787 τοῖς
1732 1740 1866 1777 παν·

1967 540 2130 594 divini
2160 539 2429 606 discipuli,
2456 540 2538 593 vel
2580 540 2753 594 etiam
2787 539 3096 609 quicunque
3140 539 3399 610 mysteria
3435 550 3549 593 tra-

1970 632 2100 686 dere
2125 631 2324 696 sciunt,
2351 640 2407 685 et
2435 640 2660 701 possunt
2691 638 2838 685 recto
2863 631 2997 699 pede
3023 630 3293 694 insistere,
3347 646 3411 686 ac
3430 648 3548 701 per-

1968 723 2196 778 suadere
2224 722 2450 784 vocatis,
2477 733 2534 777 ut
2559 723 2700 791 quod
2732 722 2931 776 bonum
2962 730 3051 778 est
3110 722 3308 778 obeant
3358 725 3550 779 rectis-

1968 814 2126 879 sime,
2149 823 2204 868 et
2230 814 2552 868 cbaritatem
2584 814 2636 867 iu
2673 812 2952 868 Christum
3012 814 3429 883 amplectantur,
3494 825 3551 869 et

1969 915 2174 961 rectam
2215 906 2282 960 de
2335 920 2400 961 eo
2444 920 2508 961 ac
2568 906 2897 974 inculpatam
2971 906 3094 961 ﬁdei
3157 907 3550 961 confessionem

1967 999 2149 1053 edant.
2172 998 2235 1052 lli
2264 1009 2390 1055 sunt
2414 1010 2668 1069 pastores
2696 998 2845 1066 boni,
2892 999 3259 1054 custodientes
3308 1000 3547 1055 omnium

1966 1100 2244 1157 pastorum
2274 1090 2500 1159 principi
2542 1105 2670 1145 oves
2696 1091 2908 1145 ratione
2938 1090 3211 1160 praditas,
3237 1102 3290 1145 et
3316 1090 3548 1144 indomi-

1970 1189 2143 1235 torum
2201 1180 2556 1235 animantium
2627 1180 2859 1236 insultus
2919 1182 3289 1250 prohibentes.
3346 1182 3549 1237 Horum

1966 1284 2155 1323 vocem
2185 1269 2389 1324 intendi
2414 1270 2510 1334 ait,
2553 1270 2606 1325 id
2641 1279 2748 1336 est,
2777 1270 3013 1324 auditam
3039 1285 3161 1325 esse
3195 1272 3392 1340 passim
3425 1287 3548 1327 om-

1968 1360 2150 1416 nibus.
2185 1359 2396 1414 Dictum
2425 1361 2670 1416 estenim
2719 1362 2786 1416 ad
2817 1376 2910 1416 eos
2938 1377 3068 1418 voce
3102 1352 3252 1418 Isaiae
3285 1382 3299 1418 :
3331 1384 3354 1417 ‹
3396 1362 3549 1417 Mou-

1970 1459 2076 1503 tetn
2125 1448 2398 1503 excelsum
2424 1450 2749 1515 conscende,
2787 1451 3241 1522 quievangelizas
3280 1454 3433 1518 Sion,
3468 1454 3551 1508 in-
3632 1510 3633 1513 η

1969 1542 2128 1596 tende
2160 1541 2372 1597 fortiter
2390 1556 2577 1597 vocem
2608 1552 2778 1606 tuam,
2809 1544 2900 1613 qui
2952 1545 3290 1613 evangelizas
3335 1543 3552 1600 Jt-rusa-

1969 1634 2072 1688 lem
2102 1633 2173 1688 “.
2229 1651 2248 1685 ι
2277 1631 2562 1697 Intendite,
2598 1648 2667 1688 ne
2723 1633 2924 1688 timete.
2970 1633 3125 1687 Clara
3153 1636 3297 1689 enim
3341 1645 3396 1693 et
3418 1635 3547 1688 nulli

1971 1740 2074 1779 non
2102 1724 2315 1793 cognita
2362 1734 2448 1779 est
2499 1723 2792 1791 apostolica
2823 1722 3151 1791 predicatio.
3175 1723 3327 1790 Quod
3367 1732 3548 1779 autem

288 1820 479 1893 ταχοῦ.
508 1821 739 1890 Εἴρηται
767 1817 876 1887 γὰρ
899 1816 1034 1886 πρὸς
1060 1816 1255 1878 αὐτοὺς
1276 1815 1366 1869 διὰ
1394 1817 1578 1885 φωνῆς
1610 1815 1832 1868 Ἡσαΐου
1855 1830 1868 1845 ο

1977 1814 2281 1871 οιιιιιὶιιὶιιίε
2331 1814 2560 1870 feliciter
2602 1824 2659 1870 et
2707 1830 2963 1884 prospere
3008 1813 3200 1880 ﬂuent,
3224 1825 3279 1870 et
3308 1825 3553 1886 prompte

296 1930 317 1964 ι
354 1909 470 1964 Ἐπ’
494 1909 619 1981 ὅρος
645 1907 846 1976 ὑψηλὸν
874 1906 1132 1977 ἁνάὸηθι,
1151 1907 1180 1958 6
1206 1905 1692 1977 εὐαγγελιζόμενος
1708 1905 1869 1970 Σιὼν,

290 2000 503 2071 ﬁt?va
538 2001 604 2070 τῇ
650 1997 796 2068 ίσχύῖ
835 2014 930 2050 σου
959 1997 1056 2068 τὴν
1079 1998 1285 2069 φωνὴν,
1326 1999 1354 2050 6
1385 1998 1873 2069 εὐαγγελιζόμενος

298 2088 677 2163 Ἰερουσαλήμ.
702 2106 722 2140 ι
764 2085 1071 2157 Ύψὼσατε,
1113 2086 1189 2157 μὴ
1230 2086 1502 2156 φοϐεῖσθε.
1542 2087 1874 2159 Διαπρύσιον

286 2181 395 2252 γὰρ
451 2181 546 2234 καὶ
586 2178 762 2233 οὐδενὶ
801 2178 864 2232 τὸ
901 2177 1124 2249 σύμπαν
1166 2179 1505 2250 ἠγνοημένον
1547 2182 1609 2233 τὸ
1640 2181 1875 2236 ἀποστο-

284 2271 434 2325 λικὸν
479 2271 596 2324 ἐστι
643 2270 929 2341 κήρυγμα.
969 2269 1097 2322 Ὅτι
1136 2269 1193 2323 δὲ
1243 2270 1422 2325 πάντα
1467 2270 1757 2342 δραμεῖται
1806 2272 1873 2325 δι’

285 2363 589 2436 εὐημερίας
618 2364 824 2425 αὐτοῖς,
859 2364 955 2414 καὶ
987 2360 1346 2431 κεκλήοονται
1410 2362 1506 2432 μὲν
1554 2363 1788 2435 ἑτοίμως
1824 2365 1874 2417 οἱ

286 2455 425 2525 πρὸς
452 2452 661 2523 οὕσπερ
692 2453 757 2507 ἂν
787 2453 816 2505 6
839 2451 968 2523 παρ’
999 2451 1178 2504 αὐτῶν
1204 2452 1412 2520 γένοιτο
1440 2451 1616 2521 λόγος,
1640 2455 1871 2523 εὐφραν-

289 2546 546 2615 θήσονται
564 2543 621 2596 δὲ
643 2543 795 2597 αὐτοὶ
818 2543 957 2609 λίαν,
986 2544 1111 2607 τοὺς
1136 2543 1236 2612 τῆς
1255 2543 1464 2598 ἑαυτῶν
1488 2548 1877 2615 μυσταγωγίας

290 2638 526 2708 ὁρῶντες
563 2637 830 2706 καρποὺς,
870 2635 1098 2708 ἐναργὲς
1138 2637 1427 2711 καθίστησι
1453 2639 1649 2707 λέγων,
1685 2640 1766 2693 ὅτι
1796 2642 1874 2711 Τῇ

292 2729 445 2796 φωνῇ
496 2725 614 2796 ἅμα
679 2726 1165 2797 εὐφρανθήσονται.
1209 2728 1362 2799 ’Δμα
1408 2728 1515 2799 γὰρ
1549 2729 1865 2800 λαλήσουσι,

294 2818 459 2888 φησὶ,
501 2816 597 2871 καὶ
629 2819 661 2888 ὴ
705 2817 816 2870 τῶν
863 2819 1455 2889 μεμυσταγωγημένων
1505 2820 1694 2886 ἕψεται
1740 2821 1881 2893 πλη·-

295 2908 413 2972 θῦς,
438 2910 531 2962 καὶ
557 2906 875 2980 ἀμελ[λ]ητὶ
903 2908 1236 2979 δραμοῦνται
1261 2910 1399 2981 πρὸς
1431 2911 1614 2966 πίστιν
1639 2913 1687 2966 οἱ
1722 2913 1878 2968 παιδ-

296 2998 688 3070 αγωγούμενοι.
720 3000 877 3071 Χαρα
907 3000 964 3053 δὲ
992 3000 1150 3055 τοῦτο
1177 3005 1290 3066 τοῖς
1314 3002 1584 3057 διδάσκειν
1627 3006 1882 3060 ἐπιτετα-

295 3088 539 3157 γμένοις.
582 3088 915 3142 Ἐπιστέλλει
962 3089 1089 3159 γοῦν
1119 3091 1149 3143 6
1179 3090 1390 3155 Παῦλος
1437 3096 1550 3157 τοῖς
1597 3093 1664 3148 δι’
1707 3092 1874 3149 αὐτοῦ

1974 1908 2330 1973 vocabuntur,
2379 1909 2448 1962 ad
2501 1920 2640 1976 quos
2691 1921 2878 1962 eorum
2937 1905 3227 1961 habebitur
3275 1907 3555 1963 oratio.ct

1973 1999 2115 2067 quod
2150 1999 2247 2067 ipsi
2274 2000 2516 2067 impense
2541 1997 2876 2068 gaudebunt,
2918 2013 3028 2052 sua:
3048 1998 3391 2068 mystagogite
3439 1996 3555 2052 fru-

1974 2098 2093 2144 ctus
2108 2089 2421 2157 conspicati,
2457 2087 2672 2157 planum
2707 2087 2854 2152 facit,
2880 2088 3169 2158 inquiens:
3229 2089 3371 2143 Voce
3393 2087 3552 2143 simul

1973 2179 2320 2236 laztabuutur.
2340 2179 2749 2249 Quamprimum
2786 2180 2952 2246 enim,
3006 2180 3196 2249 inquit,
3246 2174 3554 2249 loquentur,

1978 2272 2264 2326 multitudo
2297 2272 2626 2337 initiatorum
2680 2282 2958 2340 sequetur,
3003 2280 3058 2325 et
3121 2272 3429 2341 paedagOgia
3467 2271 3557 2326 in-

1978 2363 2169 2417 structi
2199 2372 2418 2417 current
2446 2363 2510 2417 ad
2546 2362 2704 2417 ﬁdem
2731 2361 3001 2417 celeriter.
3037 2362 3149 2417 lloc
3202 2362 3309 2418 illis
3357 2363 3558 2432 gaudio

1979 2464 2082 2518 est,
2106 2455 2196 2525 qui
2222 2455 2288 2508 ad
2318 2455 2617 2509 docendum
2644 2453 2920 2509 constituti
2950 2462 3095 2508 sunt.
3119 2451 3317 2507 Scribit
3339 2452 3480 2507 enim
3500 2442 3555 2508 in

1980 2548 2216 2617 Epistula
2275 2546 2596 2614 l’aulus,his
2653 2546 2744 2615 qui
2778 2560 2873 2614 per
2929 2544 3105 2616 ipsum
3158 2544 3554 2599 crediderunt:

1985 2659 2004 2693 ι
2040 2640 2305 2696 Gaudium
2352 2647 2408 2694 et
2452 2653 2653 2694 corona
2699 2652 2815 2693 mea
2846 2638 2915 2692 ⁸⁷.
2972 2656 2991 2689 ι
3035 2637 3354 2693 Sanctorum
3378 2650 3556 2691 autem

1980 2732 2327 2804 mystagogiis
2358 2730 2683 2798 obedivisse,
2703 2739 2759 2785 et
2780 2729 3065 2785 obsecutus
3089 2744 3209 2784 esse
3242 2730 3559 2801 plerumque

1980 2837 2074 2879 eos
2094 2824 2184 2893 qui
2212 2822 2469 2894 mysteria
2507 2820 2808 2884 discebant,
2833 2834 2899 2877 ex
2944 2820 3129 2877 multis
3160 2832 3360 2873 sanctae
3393 2829 3445 2875 et
3475 2812 3558 2873 di-

1980 2912 2180 2967 vinitus
2207 2911 2478 2981 inspirata:
2508 2908 2804 2977 Scriptura:
2832 2908 2966 2963 locis
2989 2905 3152 2979 735
3177 2908 3356 2962 videre
3379 2918 3480 2972 est,
3513 2909 3557 2962 si

1983 3006 2103 3073 quis
2122 3017 2237 3056 eam
2261 3003 2588 3071 percurrerit
2616 3010 2666 3054 et
2690 2999 3119 3069 perlustraverit.
3154 2998 3386 3053 Allocuti
3414 3001 3556 3054 enim

1993 3105 2119 3151 sunt
2143 3093 2531 3163 Hierosolymis
2552 3091 2863 3147 Judaaorum
2890 3090 3167 3145 cohortem
3193 3091 3361 3145 divini
3389 3090 3557 3145 disci-

295 3179 672 3246 πιστεύσασιν,
707 3180 789 3233 ὅτι
825 3198 844 3233 ι
876 3181 1038 3252 Xade
1094 3182 1189 3235 καὶ
1240 3183 1502 3251 στέφανός
1550 3201 1674 3255 μου.
1701 3204 1721 3237 ι
1758 3185 1874 3238 "Oct

1984 3186 2095 3258 puli
2131 3202 2148 3241 :
2203 3185 2318 3249 sed,
2352 3193 2412 3238 ut
2464 3184 2519 3238 in
2570 3180 2722 3238 Actis
2768 3183 3127 3251 apostolorum
3147 3182 3403 3249 scriptum
3427 3191 3556 3236 est:

290 3267 351 3321 δὲ
384 3270 504 3331 ταῖς
540 3267 647 3321 τῶν
679 3268 849 3335 ἁγίων
898 3270 1307 3339 μυσταγωγίαις
1342 3271 1403 3324 τὸ
1431 3271 1543 3326 τῶν
1582 3289 1874 3344 μυσταγωφ

290 3359 572 3428 γουμένων
607 3357 860 3421 εὐπειθὲς
900 3358 1187 3427 ἠκολούθει
1236 3360 1585 3432 πλεισταχοῦ,
1628 3362 1717 3416 διὰ
1742 3363 1872 3417 πολ-

290 3448 398 3501 λῶν
440 3451 502 3503 ἄν
537 3466 621 3513 τις
653 3450 771 3514 ἴδοι,
803 3450 898 3521 τὴν
930 3452 1094 3520 ἁγίαν
1123 3452 1217 3506 καὶ
1250 3452 1608 3509 θεόπνευστον
1647 3454 1871 3527 Γραφὴν

290 3540 709 3610 περινοστήσας.
744 3540 1120 3611 Προσελὰλουν
1151 3541 1252 3612 μὲν
1276 3543 1385 3615 γὰρ
1414 3545 1473 3597 ἐν
1498 3546 1612 3607 τοῖς
1645 3544 1874 3616 Ἰεροσο-

289 3630 483 3700 λύμοις
537 3633 648 3695 τοῖς
705 3632 813 3685 τῶν
852 3632 1122 3685 Ἰουδαίων
1168 3633 1446 3704 τάγμασιν
1497 3637 1547 3688 οἱ
1595 3635 1872 3690 θεσπέσιοι

295 3721 559 3790 μαθηταί’
592 3723 708 3775 ἀλλ’
738 3723 812 3786 ὡς
855 3725 912 3777 ὲν
952 3727 1072 3788 ταῖς
1124 3726 1361 3796 Πράξεσι
1405 3726 1513 3780 τῶν
1556 3727 1873 3782 ἀποστόλων

290 3813 645 3881 γέγραπται·
700 3833 718 3864 ι
768 3815 1180 3885 Προσετέθησαν
1236 3818 1295 3869 ἐν
1347 3819 1447 3887 μιᾷ
1495 3817 1679 3889 ἡμέρᾳ
1725 3821 1875 3889 τρεῖς

292 3904 528 3973 χιλιάδες
569 3905 796 3975 ἀνδρῶν.
829 3924 847 3956 ι
882 3907 987 3960 Ναὶ
1021 3907 1126 3978 μὴν
1170 3909 1264 3961 καὶ
1290 3910 1317 3961 ὁ
1350 3904 1634 3973 θεσπέσιος
1665 3909 1875 3971 Παῦλος

289 3995 426 4064 ὁμοῦ
456 3995 530 4066 τῷ
564 3996 814 4068 μακαρίῳ
838 3997 968 4068 Σίλᾳ
993 3998 1270 4068 δεσμῶται
1289 3999 1646 4069 τυγχάνοντες
1673 4000 1875 4071 ὕμνουν

291 4086 434 4139 κατὰ
489 4087 657 4158 μέσην
714 4086 885 4140 νύκτα
920 4088 1009 4140 τὸν
1061 4087 1214 4142 Θεόν.
1266 4089 1482 4160 Ἐπειδὴ
1536 4090 1594 4144 δὲ
1645 4091 1874 4160 ἄγγελος

292 4176 446 4244 ἅγιος
498 4179 721 4242 ἐπιστὰς
773 4176 851 4248 τῷ
903 4178 1263 4251 δεσμωτηρίῳ
1311 4179 1379 4232 τὰ
1430 4181 1651 4235 πάντων
1702 4182 1875 4253 ἀνῆκε

291 4267 490 4337 δεσμὰ,
526 4269 776 4340 περιδεὴς
808 4268 1051 4339 γεγονὼς
1079 4272 1107 4323 6
1136 4270 1482 4341 δεσμοφύλαξ
1513 4272 1749 4344 ἠθέλησε
1779 4275 1876 4345 μὲν

294 4360 483 4412 ἑαυτὸν
513 4361 738 4413 ἀνελεῖν·
768 4365 1115 4433 φωνήσαντος
1143 4363 1200 4416 δὲ
1224 4363 1315 4417 τοῦ
1348 4363 1560 4418 Παύλου
1580 4380 1594 4394 ⁸
1642 4384 1661 4417 ι
1692 4367 1876 4437 Μηδὲν

295 4453 508 4524 πράξῃς
539 4453 746 4526 σεαυτῷ
797 4455 984 4509 κακόν·
1020 4452 1257 4518 ἅπαντες
1284 4457 1390 4527 γάρ
1435 4459 1601 4527 ἐσμεν
1651 4460 1835 4515 ἐνθάδε
1859 4477 1871 4491 ’

296 4542 583 4614 θαυμάσας
632 4544 692 4597 τὸ
740 4545 1060 4616 παράδοξον,
1094 4546 1395 4618 ἐϐαπτίσθη
1433 4548 1530 4601 σὺν
1583 4550 1747 4604 παντὶ
1799 4550 1878 4621 τῷ
1910 4528 1953 4584 D

294 4634 427 4701 οἴκῳ
467 4634 697 4688 αὐτοῦ.»
734 4637 855 4689 Ὅτι
894 4634 951 4690 δὲ
990 4639 1263 4708 πρόφασις
1308 4638 1456 4710 αὐτῷ
1507 4641 1775 4712 θυμηδίας
1815 4644 1876 4698 τὸ

297 4725 530 4793 πρᾶγμα
559 4724 770 4793 γέγονε,
795 4727 909 4792 πῶς
937 4727 1084 4783 ἔστιν
1109 4730 1475 4801 ἀμφιϐαλεῖνς
1502 4732 1714 4786 Οὐκοῦν
1736 4735 1878 4789 κατὰ

296 4814 455 4874 πόδα,
506 4818 690 4885 φησὶν,
743 4818 841 4887 τῆς
897 4822 1289 4891 μυσταγωγίας
1340 4822 1449 4875 τῶν
1525 4824 1880 4897 κεκλημένων

293 4906 587 4974 δραμεῖται
637 4908 697 4960 τὸ
729 4910 993 4975 εὐπειθές.
1053 4913 1164 4966 Καὶ
1213 4912 1260 4966 οἱ
1295 4914 1565 4989 ὀφθαλμοί
1609 4934 1701 4971 σου
1749 4917 1884 4987 πρὸς

295 4994 609 5067 ὀφθαλμοὺς
655 4999 910 5069 ὄψονται,
955 5002 1124 5074 ἡνίκα
1158 5001 1225 5057 ἂν
1271 5004 1482 5075 ἐλεήσει
1536 5007 1741 5078 Κύριος
1783 5008 1884 5077 τὴν

298 5086 458 5143 Σιών,
511 5090 646 5144 Τίνα
681 5092 737 5145 δὲ
781 5092 1035 5163 ὅψονται,
1083 5094 1115 5164 ἢ
1160 5095 1250 5148 τὸν
1281 5092 1380 5165 τῆς
1425 5098 1699 5166 σωτηρίας
1742 5097 1883 5169 πρύ-

294 5197 469 5244 τανιν,
502 5183 647 5236 τοῦτ’
678 5183 814 5245 ἔστι,
845 5186 1110 5254 Χριστὸν;
1144 5187 1456 5256 Σαρκωθεὶς
1487 5190 1595 5260 γὰρ
1629 5185 1697 5260 ἦν
1723 5190 1884 5243 6A6-

1985 3296 2006 3332 ι
2040 3276 2262 3347 Adjecta
2276 3286 2402 3331 sunt
2422 3291 2528 3329 uno
2546 3275 2632 3330 die
2653 3273 2751 3328 tria
2770 3273 3047 3328 hominum
3068 3272 3232 3327 millia
3249 3272 3319 3328 ’⁸.
3348 3291 3367 3325 ι
3394 3273 3560 3340 Quiu-

1979 3371 2090 3428 imo
2119 3369 2334 3426 divinus
2363 3366 2561 3424 Paulus
2600 3376 2656 3423 et
2691 3368 2879 3423 beatus
2918 3365 3061 3420 Silas
3112 3365 3336 3434 captivi,
3383 3366 3557 3418 media

1979 3471 2138 3518 nocte
2162 3462 2332 3517 Deum
2369 3460 2620 3516 laudibus
2668 3466 2723 3513 et
2767 3457 2984 3528 hymnis
3037 3455 3402 3510 Celebrabaut.
3454 3453 3555 3509 Ubi

1980 3565 2159 3610 autem
2191 3561 2411 3609 sanctus
2444 3551 2688 3622 angelus,
2716 3551 3005 3605 imminens
3045 3547 3274 3611 carceri,
3314 3547 3562 3603 solvisset

1978 3644 2218 3708 vincula,
2239 3643 2418 3697 timuit
2440 3640 2730 3696 admodum
2753 3650 2936 3694 custos
2971 3654 3031 3694 ca
3043 3638 3227 3703 rccris,
3247 3648 3302 3692 ct
3321 3639 3557 3707 seipsum

1978 3735 2147 3790 voluit
2172 3735 2497 3790 interficere.
2529 3732 2809 3789 Clamaute
2829 3742 3004 3786 autem
3030 3731 3196 3785 Paulo
3221 3746 3234 3785 :
3260 3749 3279 3783 ι
3307 3726 3446 3784 Nihil
3466 3730 3559 3784 tibi

1982 3827 2106 3881 mali
2152 3827 2373 3889 inferas,
2431 3840 2620 3879 sumus
2662 3823 2806 3878 enim
2857 3823 2944 3877 hic
2989 3838 3179 3876 omnes
3214 3840 3230 3875 :
3264 3821 3560 3875 admiratus

1983 3934 2095 3973 rem
2142 3916 2536 3979 incredibilem,
2581 3929 2705 3969 cum
2763 3923 2871 3968 tota
2928 3914 3088 3967 domo
3128 3926 3226 3965 sua
3254 3913 3559 3981 baptizatus

1982 4021 2067 4065 est
2106 4009 2173 4060 ".
2204 4026 2223 4057 ι
2259 4006 2446 4061 Fuisse
2493 4014 2671 4059 autem
2712 4005 2759 4057 ei
2805 4005 2905 4057 hoc
2952 4001 3146 4057 laetitiae
3203 4017 3444 4065 causam,
3505 4010 3561 4056 et

1983 4098 2345 4163 occasionem,
2381 4094 2612 4149 dubitari
2641 4095 2731 4163 qui
2765 4094 2982 4162 potest?
3011 4093 3193 4163 Itaque
3243 4094 3446 4156 statim,
3474 4092 3558 4145 in-

1983 4193 2117 4260 quit,
2149 4198 2270 4258 post
2316 4187 2729 4258 mystagogiam,
2759 4186 2847 4252 qui
2879 4185 3052 4240 vocati
3099 4193 3241 4249 sunt,
3269 4193 3559 4238 accurrunt

1982 4282 2316 4337 obedienter.
2359 4280 2425 4333 Et
2453 4278 2594 4333 oculi
2636 4278 2708 4331 tui
2741 4278 2806 4331 ad
2837 4277 3021 4331 oculos
3058 4276 3559 4346 iidebunl,quando

1986 4375 2238 4431 misertus
2267 4372 2427 4427 fuerit
2464 4372 2717 4425 Dominus
2760 4368 2961 4424 Siouis.
2990 4370 3157 4435 Quem
3193 4378 3374 4422 autent
3412 4367 3560 4421 vizlco

1988 4466 2141 4529 bunt,
2183 4462 2284 4518 nisi
2319 4461 2510 4517 salutis
2534 4461 2817 4531 praesidem
2846 4470 2899 4513 et
2934 4466 3360 4527 procuratorem,
3383 4458 3558 4521 idest,

1984 4553 2296 4607 Christum:
2340 4565 2557 4606 carnem
2578 4551 2720 4605 enim
2754 4549 2924 4603 induit
2975 4544 3230 4614 Verbum,
3271 4550 3424 4616 cujus
3480 4556 3560 4600 te-

1984 4646 2083 4698 stis
2107 4644 2270 4697 etiam
2306 4653 2389 4699 est
2416 4641 2720 4705 Psalmista,
2757 4656 2876 4695 cum
2900 4640 3012 4693 ait:
3051 4656 3070 4689 ι
3102 4638 3241 4693 Dens
3276 4635 3562 4692 manifeste

1985 4736 2182 4796 veniet,
2210 4736 2348 4789 Deus
2376 4742 2580 4798 noster,
2608 4741 2788 4787 etnon
2816 4729 3073 4785 obticcbit
3101 4726 3146 4761 ³ο
3180 4746 3193 4782 :
3232 4747 3253 4781 ι
3295 4726 3559 4781 veletiam

1983 4829 2128 4898 quod
2164 4827 2274 4882 dixi
2311 4843 2324 4880 :
2369 4825 2512 4882 Voce
2542 4825 2704 4880 simul
2724 4823 3068 4884 laetabuntur,
3099 4821 3264 4875 etiam
3303 4820 3425 4882 hoc,
3482 4817 3561 4869 in-

1981 4900 2120 4988 quit,
2171 4917 2344 4973 oculis
2377 4917 2483 4971 tuis
2514 4915 2813 4979 intuebere,
2861 4913 2952 4968 illo
2977 4921 3239 4980 tempore,
3270 4923 3378 4978 quo
3397 4908 3560 4961 misc-

1982 5011 2190 5066 rebitur
2216 5010 2471 5064 Dominus
2525 5007 2680 5073 Sion,
2705 5006 2957 5060 omnibus
2988 5016 3294 5073 proponens
3331 4998 3561 5070 gratiam

1981 5115 2078 5169 per
2125 5099 2306 5162 fidem.
2362 5108 2419 5154 et
2472 5096 2777 5153 ctelestium
2824 5095 3089 5151 bonorum
3132 5092 3370 5146 fructum
3403 5091 3564 5142 ubcr—

1990 5206 2209 5246 l'lmllln.

297 5289 413 5339 γος,
463 5275 556 5327 καὶ
599 5274 792 5328 τούτου
846 5277 1055 5345 μάρτυς
1096 5279 1122 5330 ὁ
1152 5275 1484 5347 Ψαλμῳδδς,
1523 5279 1728 5347 λέγων’
1767 5298 1785 5331 ι
1826 5281 1883 5332 Ὀ
1920 5279 2052 5344 Θεὸς
2129 5281 2389 5349 ἐμφανῶς
2415 5276 2559 5346 ἦξει,
2587 5276 2616 5329 6
2647 5274 2779 5338 Θεὸς
2811 5272 2987 5345 ἡμῶν,
3021 5275 3112 5326 καὶ
3145 5272 3205 5324 οὐ
3277 5287 3561 5342 παρασιω-

299 5364 554 5432 πήσεται.
589 5383 607 5414 ι
642 5365 848 5431 Ἤγουν
888 5366 1024 5437 ὅπερ
1058 5368 1213 5436 ἔφην,
1245 5369 1324 5421 ὅτι
1360 5369 1400 5418 Τ
1405 5371 1436 5438 ᾖ
1471 5371 1621 5439 φωνῇ
1662 5370 1779 5437 ἅμα
1845 5370 2332 5442 εὐφρανθήσονται,
2361 5368 2453 5420 καὶ
2517 5364 2675 5418 τοῦτο
2703 5367 2814 5426 τοῖς
2880 5365 2990 5425 σοῖς
3029 5361 3324 5431 ὀφθαλμοῖς
3365 5360 3560 5432 θεωρή-

300 5468 439 5514 σεις,
484 5454 637 5523 φησὶ,
669 5458 790 5506 κατ’
818 5458 992 5510 ἐκεῖνο
1021 5458 1111 5511 τοῦ
1145 5456 1358 5528 καιροῦ,
1395 5459 1516 5511 καθ’
1542 5458 1600 5511 ὃν
1631 5458 1698 5512 ἂν
1729 5460 1938 5531 ἐλεήσει
1995 5460 2198 5529 Κύριος
2236 5458 2332 5529 τὴν
2372 5456 2529 5523 Σιὼν,
2564 5453 2815 5525 ’προσθεὶς
2863 5451 3034 5505 ἅπασι
3081 5452 3180 5522 τὴν
3213 5452 3297 5505 διὰ
3329 5452 3560 5516 πίστεως

298 5549 483 5618 χάριν,
540 5548 636 5600 καὶ
684 5547 794 5600 τῶν
845 5551 1109 5621 οὐρανίων
1160 5552 1378 5621 ἀγαθῶν
1441 5552 1732 5624 ἀμφιλαφῆ
1778 5556 1879 5629 τὴν
1917 5557 2237 5610 ἀπόλαυσιν.

380 5728 425 5760 ⁸⁸
452 5727 557 5783 lsa.
581 5744 669 5794 τι,
694 5729 746 5785 9.
824 5731 869 5761 "
909 5730 1044 5789 Phil.
1069 5749 1138 5791 tv.
1180 5733 1229 5786 l.

1309 5734 1355 5766 ’³
1394 5734 1511 5791 Act.
1548 5740 1609 5805 ir,
1641 5735 1695 5789 4.
1800 5736 1844 5766 ⁸ο
1883 5736 2005 5794 Act.
2049 5748 2158 5799 xw,
2195 5733 2285 5800 25,
2314 5729 2510 5799 26,27.
2586 5728 2633 5761 “
2660 5726 2802 5784 Psal.
2828 5741 2973 5794 λιικ,
3003 5724 3058 5782 5.
