4092 6296
536 536 687 598 “63

1554 533 1619 592 S.
1662 532 1936 589 CYRlLLl
1973 527 2441 588 ALEXANDRINI
2477 524 2795 582 ARCIIIEP.

3644 526 3754 583 "6i

531 656 659 712 1loc
681 656 853 710 solum
887 652 1235 708 volo‘discerc
1266 667 1297 707 a
1320 651 1499 721 vobis,
1534 663 1714 708 utrum
1740 666 1807 706 ex
1853 650 2106 722 operibus

2224 648 2386 711 ιάται,
2401 646 2483 709 τίς
2501 645 2645 714 ὑμᾶς
2664 644 2935 715 ἐϐάσκηνε
2949 645 3015 713 τῇ
3031 640 3358 714 άληθείτμὴ
3378 641 3674 708 πείθεσθαι,
3690 640 3760 707 οἷς

549 748 686 816 legis
720 745 970 823 spiritum
1005 744 1343 814 acceperitis,
1384 758 1454 800 an
1517 759 1585 799 ex
1632 744 1905 799 auditione
1955 742 2115 797 ﬁdei?

543 840 761 892 Adeone
776 837 1052 891 dementes
1076 836 1241 902 estis,
1274 845 1333 890 nt
1361 851 1390 889 a
1424 836 1617 905 spiritu
1646 836 1847 900 exorsi,
1874 847 2017 889 iiuuc
2060 835 2112 887 in

541 944 758 983 carnem
773 928 1032 984 desinatis
1049 928 1114 961 ⁴⁰⁶
1134 928 1158 984 .’
1178 927 1516 984 sCircumcisi
1532 928 1674 983 enim
1688 926 1899 983 fuerunt
1914 927 2117 997 impru-

543 1022 751 1081 denter,
794 1018 1005 1077 etiamsi
1028 1016 1320 1074 habuerint
1358 1018 1833 1072 circumcisionem
1873 1019 1926 1071 in
1954 1014 2116 1086 spiri-

546 1119 621 1175 tu,
654 1108 737 1164 vel
766 1123 861 1177 per
886 1108 1207 1165 Cltristum.‘
1248 1106 1437 1178 Itaque
1482 1109 1788 1164 necessario
1822 1107 1910 1163 hic
1942 1106 2117 1176 inquit

541 1199 919 1255 universorum
940 1201 1080 1256 Deus
1107 1216 1124 1255 :
1164 1199 1441 1266 Recedite,
1464 1209 1517 1256 et
1537 1199 1681 1255 exile
1714 1200 1932 1266 indc,-et
1957 1213 2114 1269 sepa-

545 1290 761 1358 ramini,
796 1291 887 1362 qui
919 1292 1148 1361 portatis
1176 1307 1303 1348 vasa
1342 1291 1578 1348 Domini.
1624 1290 1761 1347 Nam
1800 1292 1901 1362 qui
1946 1289 2113 1346 solida

544 1383 649 1439 ﬁde
678 1382 1080 1439 Emtuanuelem
1110 1382 1412 1451 coluerunt,
1430 1392 1484 1438 et
1507 1382 1700 1438 divinae
1723 1382 1893 1452 ipsius
1909 1392 2115 1435 naturae

544 1472 836 1543 participes
870 1471 996 1528 facti
1031 1482 1177 1538 sunt,
1211 1486 1276 1528 eo
1306 1472 1447 1541 quod
1480 1480 1759 1527 consortes
1780 1470 1886 1525 sint
1941 1469 2112 1524 sancti

546 1561 803 1630 Spiritus,
826 1562 1141 1632 sanctisque
1163 1562 1281 1632 eius
1306 1563 1466 1618 donis
1498 1550 1706 1631 repleti,
1750 1576 1874 1615 vasa
1900 1568 2116 1630 portant

536 1649 680 1711 Deo.
731 1654 848 1722 Quo
911 1664 1092 1710 autem
1151 1656 1334 1721 modo,
1398 1656 1609 1711 docebit
1682 1652 2115 1724 sapientissimus

546 1744 766 1810 Paulus,
795 1745 1086 1814 inquiens:
1128 1762 1149 1797 ι
1200 1745 1410 1800 lntluite
1461 1754 1789 1799 armaturam
1846 1742 1963 1808 Dei,
1997 1758 2117 1812 quae

533 1845 631 1889 est
656 1835 819 1890 lorica
836 1834 1090 1905 iustitiae,
1118 1835 1268 1903 galea
1293 1834 1502 1902 salutis,
1536 1835 1757 1906 clypeus
1789 1835 1932 1900 ﬁdei,
2005 1835 2132 1904 glaa

547 1926 668 1981 dius
697 1926 936 1995 spiritus,
961 1924 1052 1994 qui
1076 1935 1159 1979 est
1187 1923 1420 1980 Verbum
1450 1925 1539 1979 Dei
1571 1925 1614 1957 “
1644 1965 1660 1979 .
1718 1944 1739 1978 ι
1781 1925 1991 1980 Etenim
2017 1925 2115 1979 Ita-

2219 736 2339 788 κατ’
2363 733 2673 804 ὀφθαλμοὺς
2706 732 2914 804 Ἰησοῦς
2952 731 3189 803 Χριστὸς
3226 734 3553 804 προεγράφη
3592 733 3759 787 ἐσταυ-

2224 828 2500 897 ρωμένος;
2532 844 2549 876 ι
2582 825 2751 879 Τοῦτο
2785 825 2944 894 μόνον
2974 822 3115 878 θέλω
3160 824 3353 894 μαθεῖν
3384 826 3479 893 ἀφ’
3518 824 3678 895 ὑμῶν,
3711 824 3763 891 ἐξ

2219 916 2395 988 ἔργων
2420 916 2582 988 νόμου
2604 917 2664 970 τὸ
2687 913 2904 986 πνεῦμα
2931 915 3173 980 ἐλάϐετε,
3196 915 3229 987 ἢ
3251 917 3311 983 ἐξ
3333 917 3503 987 ἀκοῆς
3524 917 3761 980 πίστεως;

2221 1006 2409 1071 Οὕτως
2425 1006 2640 1078 ἀνόητοί
2656 1009 2778 1059 ἐστε
2796 1024 2811 1073 ;
2830 1005 3187 1078 ἐναρξάμενοι
3203 1008 3499 1078 πνεύματι,
3515 1008 3604 1062 νῦν
3626 1010 3770 1081 σαρκὶ

2220 1097 2554 1153 ἐπιτελεῖσθε
2574 1114 2589 1164 ;
2612 1096 3037 1167 Περιετέμνοντο
3058 1097 3168 1168 γὰρ
3187 1097 3481 1161 ἀσυνέτως,
3502 1098 3667 1152 καίτοι
3685 1100 3771 1171 τὴν

2220 1190 2278 1242 ἐν
2304 1187 2577 1259 πνεύματι
2604 1185 2911 1258 περιτομὴν
2951 1185 3230 1256 λαχόντες,
3261 1187 3381 1257 ἦτοι
3421 1187 3509 1240 διὰ
3537 1188 3769 1259 Χριστοῦ.

2221 1278 2429 1333 Οὐκοῦν
2454 1278 2765 1347 ἀναγκαίως
2792 1277 2873 1341 τὸ,
2905 1276 3223 1349 Ἀπόστητε,
3254 1278 3311 1329 ἐν
3337 1276 3546 1340 τούτοις
3573 1276 3721 1346 φησιν
3748 1279 3775 1330 6

2220 1367 2329 1421 τῶν
2357 1365 2493 1421 ὅλων
2520 1366 2671 1430 Θεὸς,
2694 1365 2788 1419 καὶ
2812 1364 2894 1429 τὸ,
2912 1363 3189 1449 Ἑξέλθετε
3208 1364 3435 1431 ἐκεῖθεν,
3452 1365 3545 1418 καὶ
3572 1366 3649 1433 τὸ,
3664 1367 3774 1435 Ἀφ-

2212 1458 2497 1529 ηορίσθητε,
2517 1459 2565 1511 οἱ
2599 1458 2856 1528 φέροντες
2878 1455 2947 1509 τὰ
2975 1455 3144 1527 σκεύη
3176 1456 3401 1527 Κυρίου.
3432 1458 3497 1511 Ol
3525 1458 3630 1529 γάρ
3654 1458 3774 1523 ὅὶως

2220 1549 2286 1619 τῇ
2323 1546 2504 1600 πίστει
2536 1547 2864 1618 τιμήσαντες
2888 1546 2980 1600 τὸν
3007 1545 3376 1617 Ἐμμανουὴλ,
3406 1547 3501 1600 καὶ
3529 1547 3625 1617 τῆς
3645 1547 3778 1611 θείας

2221 1637 2387 1692 αὑτοῦ
2411 1639 2625 1708 φύσεως
2651 1638 2892 1691 κοινωνοὶ
2922 1639 3228 1708 γεγονότες,
3249 1638 3336 1693 διὰ
3358 1638 3454 1692 τοῦ
3477 1639 3778 1710 μεταλαχεϊν

2223 1729 2379 1799 ἁγίου
2421 1728 2759 1799 Πνεύματος,
2797 1728 3176 1800 ὲμπλησθῆναί
3208 1746 3266 1782 τε
3299 1728 3407 1783 τῶν
3442 1728 3600 1800 ἱερῶν
3629 1729 3781 1783 αὺτοῦ

2221 1821 2600 1892 χαρισμάτων,
2630 1819 3023 1891 σκευοφοροῦσι
3047 1820 3186 1891 Θεῷ,
3218 1820 3328 1873 Καὶ
3354 1820 3544 1873 τίναδὲ
3576 1820 3780 1890 τρόπον,

2221 1912 2420 1976 διδάξει
2452 1911 2626 1980 λέγων
2654 1913 2682 1964 6
2716 1910 2991 1980 πάνσοφος
3022 1910 3262 1974 Παῦλος·
3292 1928 3313 1961 s
3355 1910 3667 1965 Ἐνδύσασθε
3694 1912 3785 1982 τὴν

547 2019 737 2072 bentes
794 2019 933 2072 hanc
981 2025 1311 2071 armaturam
1364 2017 1714 2087 intelligentia
1774 2026 2114 2086 perceptam,

2224 2002 2521 2057 πανοπλίαν
2557 2003 2651 2055 τοῦ
2682 2000 2840 2055 Θεοῦ·
2883 1999 3020 2070 αὕτη
3051 2000 3107 2052 δέ
3145 2002 3293 2053 ἐστιν
3325 2002 3354 2053 6
3391 2000 3575 2071 θώραξ
3601 2001 3694 2070 τῆς
3717 2002 3787 2054 δι-

533 2108 814 2164 obsistnnt
834 2107 1070 2172 Satanas,
1092 2105 1315 2176 ejusque
1345 2108 1715 2163 adversantur
1740 2107 2117 2177 potestatibus,

536 2213 611 2254 ac
646 2197 968 2269 praesultant
1007 2197 1427 2267 quodammodo,
1452 2207 1506 2253 et
1531 2212 1657 2254 suas
1688 2197 1896 2252 animas
1935 2207 2109 2266 prote-

535 2299 700 2359 gunt,
732 2289 1068 2360 populosque
1095 2305 1211 2346 sua:
1226 2290 1411 2344 manui
1444 2288 1688 2344 subditos
1716 2296 2064 2358 propugnant
2100 2303 2117 2342 :

549 2383 650 2434 hoc
678 2389 760 2435 est
796 2366 939 2434 enim
964 2395 1157 2435 munus
1192 2389 1247 2435 et
1273 2380 1436 2436 statio
1467 2380 1687 2435 ducum.
1737 2378 1935 2434 Verum
1995 2394 2120 2434 cum

532 2469 695 2525 exire
733 2469 800 2525 de
825 2470 1000 2525 medio
1017 2469 1135 2538 ejus
1169 2470 1468 2541 praecipiat,
1492 2469 1601 2524 ait:
1623 2467 1739 2524 Non
1769 2469 1985 2524 exibitis
1998 2484 2121 2524 cum

544 2561 816 2618 tumultu:
857 2576 1035 2630 neque
1073 2562 1196 2631 luga
1236 2562 1405 2617 ibitis.
1437 2559 1549 2617 Nec
1568 2560 1712 2619 enim
1740 2560 1894 2630 quasi
1922 2559 2126 2630 fugien-

534 2665 626 2711 ‘tcs
649 2667 702 2711 et
734 2656 1005 2722 timentes,
1037 2656 1104 2709 ab
1133 2655 1325 2710 ordine
1352 2652 1582 2709 Judaico
1616 2653 1873 2708 recedere
1934 2651 2120 2720 pracci-

544 2747 642 2814 pit,
670 2746 762 2803 sed
788 2746 969 2816 quiete
996 2747 1195 2816 potius,
1217 2755 1270 2801 et
1300 2744 1453 2812 quasi
1489 2742 1813 2799 auctoritate
1849 2742 2122 2809 praeditos,

540 2836 691 2892 velut
724 2840 1089 2893 detrectantes
1104 2851 1232 2892 cunt
1262 2836 1348 2893 bis
1380 2837 1515 2892 adeo
1565 2834 1859 2904 inquinatis
1893 2832 2121 2899 versari,

536 2936 740 2982 etcum
771 2927 1011 2997 profanis
1051 2942 1115 2982 ac
1168 2926 1430 2996 improbis
1486 2925 1885 2981 connumerari.
1936 2924 2119 2993 itaque

544 3018 654 3072 ait:
688 3016 796 3071 Nec
830 3016 951 3087 fuga
980 3017 1147 3072 ibitis.
1175 3004 1327 3083 Quod
1358 3025 1539 3071 autem
1586 3030 1674 3072 res
1719 3029 1910 3071 eorum
1971 3012 2118 3068 facili

468 3124 479 3131 κ
545 3123 704 3163 cursu
732 3108 1044 3178 precedent,
1068 3107 1313 3178 nihilque
1361 3122 1585 3178 prorsus
1613 3115 1867 3162 occurret
1907 3105 2123 3168 durum,

544 3198 625 3253 vel
648 3199 952 3269 abruptum,
984 3199 1067 3255 vel
1094 3214 1367 3269 asperum,
1423 3198 1581 3254 tidem
1638 3196 1764 3253 fecit
1830 3195 2122 3265 inquiens:

2220 2094 2534 2165 καιοσύνητ,
2558 2096 2592 2164 ἡ
2637 2090 3041 2163 περικεφαλαία
3074 2091 3168 2144 τοῦ
3216 2092 3509 2162 σωτηρίου,
3540 2093 3569 2144 6
3608 2093 3790 2162 θυρεὸς

2219 2186 2317 2256 τῆς
2340 2185 2592 2247 πίστεως,
2621 2184 2653 2252 ἡ
2689 2182 2931 2253 μάχαιρα
2960 2180 3052 2233 τοῦ
3082 2179 3415 2250 Πνεύματος,
3439 2182 3467 2234 ὅ
3487 2183 3602 2234 ἐστι
3624 2182 3789 2250 Ῥῆμσ

2220 2272 2375 2326 Θεοῦ.
2410 2291 2427 2323 ι
2461 2271 2679 2342 Ταύτην
2705 2271 2815 2342 γὰρ
2847 2270 3061 2340 ἔχοντες
3090 2269 3188 2340 τὴν
3217 2270 3416 2340 νοητὴν
3450 2273 3791 2339 παντευχίαν,

2220 2363 2581 2432 άντεξάγουσι
2618 2362 2696 2433 τῷ
2726 2362 2975 2433 Σατανᾷ,
3011 2361 3107 2414 καὶ
3156 2363 3276 2424 ταῖς
3306 2363 3402 2414 σὺν
3445 2361 3598 2431 αὖτῷ
3641 2362 3793 2415 δυνά-

2226 2474 2380 2528 μεσιν
2418 2455 2854 2518 ἁντανίστανται,
2893 2452 3279 2525 προπηδῶντες
3313 2455 3514 2524 τρόπον
3555 2454 3676 2507 τινὰ
3707 2455 3796 2507 καὶ

2225 2548 2653 2621 προασπίζοντες
2685 2546 2793 2600 τῶν
2827 2546 2971 2599 ἰδίων
3003 2545 3190 2616 ψυχῶν
3233 2547 3326 2599 καὶ
3368 2545 3473 2599 τῶν
3516 2546 3623 2599 ὑπὸ
3646 2551 3795 2616 χεῖρα

2222 2639 2366 2695 λαῶν
2382 2656 2395 2670 ⁸
2416 2639 2555 2710 αὕτη
2582 2639 2692 2710 γὰρ
2721 2638 2829 2691 τῶν
2854 2636 3174 2708 ἡγουμένων
3195 2636 3370 2701 τάξις.
3391 2635 3540 2705 Πλὴν
3570 2636 3798 2703 ἐξελθεῖν

2224 2730 2486 2796 ἐπιτάξας
2520 2732 2585 2783 ἐκ
2617 2730 2780 2801 μέσου
2807 2729 3001 2799 αὐτῆς,
3036 2729 3111 2783 Οὐ
3149 2729 3288 2799 μετὰ
3315 2729 3557 2799 ταραχῆς
3591 2728 3800 2794 ἐξελεύο

2226 2823 2384 2876 σεσθε
2410 2864 2424 2889 ,
2476 2823 2673 2892 φησὶν,
2723 2822 2842 2875 οὐδὲ
2885 2823 3030 2892 φυγῇ
3073 2818 3424 2891 πορεύσεσθε.
3464 2821 3540 2874 οὐ
3582 2820 3693 2891 γὰρ
3734 2822 3804 2885 ὡς

2226 2915 2515 2985 φυγόντας,
2554 2915 2719 2986 ἤγουν
2773 2913 3036 2978 δεδιότας,
3093 2913 3199 2966 τῶν
3246 2913 3551 2966 Ἰουδαῖκῶν
3594 2916 3807 2985 ταγμάο

2225 3024 2333 3060 των
2363 3007 2667 3077 ἀποφοιτᾷν
2694 3006 2993 3071 ἐπιτάττει,
3033 3005 3333 3076 ἀνειμένως
3362 3005 3421 3060 δὲ
3462 3006 3663 3077 μᾶλλον
3718 3011 3810 3060 καὶ

2224 3090 2335 3150 οἷον
2368 3094 2454 3147 ἐπ’
2497 3094 2765 3163 ἐξουσίας,
2795 3095 2868 3158 ὼς
2910 3096 3382 3176 παραιτουμένους
3412 3094 3473 3148 τὸ
3502 3097 3811 3150 συνδιιιιτΞι⁶

2229 3190 2352 3243 σθαι
2385 3187 2561 3241 θέλειν
2604 3190 2716 3249 τοῖς
2746 3187 2888 3240 οὕτω
2945 3185 3401 3258 μεμολυσμένοις,
3442 3189 3539 3242 καὶ
3590 3206 3815 3262 συναρι-

545 3290 822 3347 Pmcedet
847 3306 942 3346 vos
975 3290 1257 3356 Dominus,
1297 3300 1352 3344 et
1381 3290 1472 3360 qui
1501 3296 1791 3359 congregat
1830 3301 1931 3342 vos
1986 3285 2122 3340 Deus

2228 3281 2484 3353 θμεῖσθαι
2535 3278 2781 3351 βεϐήλοις
2812 3279 2906 3332 καὶ
2940 3282 3219 3350 πονηροῖς.
3279 3279 3510 3348 Οὐκοῦν,
3544 3281 3622 3334 Οὐ
3663 3285 3814 3352 φυγῇ

538 3377 728 3433 .lsrael.
757 3379 814 3434 Si
869 3379 1011 3434 Deus
1041 3350 1320 3436 nobiscum
1344 3350 1439 3442 sii,
1471 3388 1527 3435 et
1578 3350 1798 3449 praeest,
1859 3377 1987 3447 quid
2040 3386 2122 3433 est

2243 3350 2595 3442 πορεύσεσθε,
2633 3369 2819 3441 φησίψ
2848 3370 2929 3422 ὅτι
2951 3369 3007 3423 δὲ
3041 3369 3136 3423 καὶ
3166 3369 3232 3423 δι’
3257 3350 3716 3443 εὐμαρείαςῆξει

536 3470 690 3540 quod
727 3485 898 3526 sacra:
934 3472 1334 3539 praedicationis
1372 3472 1539 3542 738
1574 3471 1792 3525 nuntios
1832 3470 2092 3540 impediat
2124 3498 2141 3547 ς

2243 3462 2544 3533 πράγματα
2583 3463 2785 3527 αὐτοῖς,
2815 3461 2910 3514 καὶ
2942 3461 3092 3516 οὐδὲν
3121 3461 3257 3526 ὅλως
3295 3464 3598 3535 ἀπαντήσει
3642 3465 3815 3535 σκλη-

548 3568 659 3619 inio
707 3558 890 3627 quidni
932 3560 1110 3613 omnia
1169 3559 1276 3614 illis
1318 3574 1416 3628 pro
1446 3573 1567 3614 νοιο
1600 3560 1868 3626 eveniant,
1908 3568 1962 3614 et
1986 3557 2122 3628 plant

2249 3554 2362 3624 ρὸν,
2388 3553 2421 3625 ἢ
2446 3553 2743 3624 ἄναντες,ἢ
2765 3555 2959 3623 τραχὺ,
3005 3553 3699 3626 πεπληροφόρηκενείπὼν,
3726 3557 3819 3609 ὅτι

549 3645 698 3713 quissi
728 3646 810 3699 via
851 3657 1076 3700 currant
1109 3661 1379 3717 praecones
1407 3652 1431 3705 Ἰ

2240 3644 2681 3717 Προπορεύσεται
2715 3643 2871 3715 ὑμῶν
2900 3644 3124 3717 Κύριος,
3149 3647 3245 3700 καὶ
3273 3649 3300 3701 6
3328 3647 3555 3715 συνάγων
3587 3646 3742 3716 ὑμᾶς
3776 3650 3811 3701 6

538 3737 698 3802 Θιός.
713 3738 848 3793 Θεοῦ
868 3739 925 3793 δὲ
948 3741 1196 3804 συνόντος
1225 3741 1320 3795 καὶ
1345 3740 1784 3812 προϐαδίζοντος,
1799 3743 1949 3796 ποῖον
1964 3741 2119 3795 ἔσται
2142 3741 2201 3794 τὸ
2218 3739 2545 3794 κακοποιοῦν
2560 3739 2669 3794 τῶν
2688 3738 2852 3811 ἱερῶν
2873 3741 3246 3812 κηρυγμάτων
3269 3742 3386 3803 τοὺς
3408 3739 3775 3809 διακομιστὰς
3795 3756 3819 3804 ς

542 3830 747 3903 μᾶλλον
772 3830 830 3885 δὲ
849 3831 965 3896 πῶς
985 3831 1080 3902 οὐχ
1102 3832 1318 3888 ἅπαντα
1335 3834 1519 3897 αὐτοῖς
1540 3835 1608 3888 τὰ
1634 3835 1753 3887 κατ’
1772 3833 1936 3906 εὐχὴν
1954 3833 2268 3905 ἐκϐήσεται,
2288 3833 2383 3886 καὶ
2409 3831 2497 3885 διὰ
2517 3830 2678 3902 ψιλῆς
2697 3832 2886 3904 ὥσπερ
2910 3831 3029 3886 ὁδοῦ
3059 3832 3393 3904 δραμοῦνται
3409 3830 3787 3903 impiis-novre;
3807 3847 3831 3899 ς

627 3925 789 3979 Vsus.
813 3922 1004 3979 15-15.
1034 3922 1167 3978 Ecce
1190 3924 1443 3994 intelliget
1470 3940 1600 3994 puer
1620 3941 1785 3990 meus,
1812 3934 1859 3979 et
1885 3925 1939 3978 in
1957 3923 2125 3977 altum

539 4013 843 4079 extolletur,
873 4020 922 4067 et
949 4010 1120 4082 gloria
1150 4012 1404 4083 aﬂicielur
1435 4013 1604 4069 valde.
1670 4012 2124 4080 Quemadmodum

546 4105 908 4170 obstupescunt
949 4119 1107 4171 super
1168 4114 1217 4159 te
1268 4104 1449 4170 multi,
1509 4105 1586 4160 sic
1633 4105 2007 4174 vituperabitur
2062 4105 2126 4159 ab

544 4196 841 4251 nominibus
868 4195 1064 4266 species
1084 4204 1200 4262 tua,
1240 4206 1289 4250 et
1328 4196 1498 4267 gloria
1544 4206 1636 4252 tua
1698 4199 1761 4252 ab
1805 4200 2124 4254 hominibus.

545 4285 634 4341 Ita
657 4287 988 4342 mirabuntur
1012 4297 1187 4356 gentes
1219 4289 1398 4344 multa:
1426 4304 1565 4354 eum,
1593 4299 1641 4343 et
1671 4290 2005 4344 continebant
2041 4307 2122 4346 re-

539 4393 630 4448 ges
650 4394 894 4433 ossuum.
926 4378 1065 4445 Quia
1091 4379 1277 4450 quibus
1301 4395 1406 4434 non
1432 4390 1506 4435 est
1550 4383 1919 4437 annuntiatum
1948 4384 2014 4437 de
2034 4398 2116 4448 eo,

546 4467 834 4535 uidebunt,
882 4478 930 4523 et
985 4469 1076 4540 qui
1117 4484 1221 4523 non
1269 4468 1579 4524 audiverunt
1601 4470 1908 4542 intelligent.

614 4636 897 4697 Manifeste
943 4641 1096 4698 hisce
1124 4641 1301 4701 verbis
1330 4645 1396 4699 de
1420 4644 1658 4701 omnium
1697 4654 1938 4700 nostrum
1995 4645 2121 4702 Scr-
2154 4660 2199 4715 υ

543 4739 728 4787 vatore
748 4729 967 4790 Christo
994 4733 1137 4790 Deus
1169 4744 1224 4789 et
1260 4734 1415 4791 Pater
1446 4735 1701 4806 loquitur.
1733 4737 1874 4793 Ecce
1925 4738 2123 4794 intelli-

543 4830 633 4894 get
660 4839 792 4892 puer
856 4840 1043 4901 meus,
1079 4826 1296 4897 inquit:
1333 4843 1557 4899 puerum
1616 4828 1906 4898 intelliges,
1952 4831 2118 4887 lilium

542 4916 627 4971 vel
648 4930 882 4973 servum.
916 4917 1158 4989 Sumpsit
1179 4919 1323 4975 enim
1351 4920 1582 4975 formam
1605 4921 1748 4977 servi
1785 4920 1928 4979 Deus
1985 4922 2119 4980 Ver-

543 5005 670 5062 bum
696 5024 712 5062 :
734 5016 788 5062 et
817 5010 1059 5064 omnium
1083 5009 1345 5067 Dominus
1372 5026 1496 5068 cum
1524 5022 1690 5079 esset,
1718 5014 1786 5069 ad
1810 5015 2118 5072 humanita-

542 5101 612 5157 tis
646 5101 917 5157 modulum
941 5119 1007 5158 ac
1036 5117 1343 5159 mensuram
1383 5104 1694 5162 descendit.
1752 5126 1773 5159 ι
1813 5107 1926 5163 Νοη
1966 5108 2112 5164 enim

543 5193 784 5265 rapinam
835 5194 1129 5251 arbitratus
1171 5204 1255 5251 est
1283 5210 1406 5251 esse
1436 5211 1496 5253 se
1525 5198 1787 5268 aqualem
1840 5199 1949 5255 Deo
1978 5218 1993 5255 :
2018 5201 2113 5256 sed

541 5282 768 5340 insnivit
793 5284 1053 5354 seipsum,
1077 5284 1269 5340 similis
1297 5285 1829 5355 bominibusfactus,
1850 5299 1905 5344 et
1928 5289 2113 5345 habitu

348 5366 788 5467 iiﬁrgpertns
821 5387 883 5467 ut
902 5376 1084 5444 homo,
1115 5375 1232 5447 ipse
1257 5376 1548 5457 scidejecit
1572 5379 1674 5435 “.s
1704 5380 1887 5451 itaque
1901 5382 2115 5451 quando

406 5472 409 5473 ν
542 5463 712 5521 facta;
732 5476 813 5522 est
845 5466 1029 5535 homo,
1064 5468 1401 5540 seipsum°ad
1438 5470 1577 5527 banc
1602 5470 1959 5541 dejectionem
1987 5474 2112 5530 sub-

542 5552 796 5622 mittens,
831 5565 960 5613 tunc
996 5557 1161 5614 etiam
1191 5574 1383 5616 servus
1412 5559 1588 5617 dictus
1627 5568 1731 5629 est,
1765 5577 1888 5618 cum
1937 5563 2113 5618 servi-

541 5645 644 5699 lem
681 5647 906 5720 formam
932 5653 1270 5722 sumpsisset.
1303 5651 1736 5723 Sed,lntelliget,
1774 5655 1967 5725 inquit,
1992 5670 2111 5725 pro,

538 5734 882 5815 Omnia.cum
912 5742 1261 5814 intelligentia
1283 5754 1338 5800 et
1354 5746 1620 5815 sapientia
1639 5746 1823 5802 divina
1856 5756 1911 5801 et
1952 5746 2113 5803 faciet

733 5803 758 5879 ἃ

2306 3920 2452 3976 Ἰδοὺ
2475 3921 2739 3991 συνήσει
2764 3923 2797 3974 ό
2820 3921 2962 3986 παῖς
2984 3938 3125 3991 μου,
3147 3923 3248 3976 καί
3276 3920 3694 3990 ὑψωθήσεται,
3718 3926 3833 3979 καὶ

2221 4013 2665 4081 δοξασθήσεται
2706 4012 2963 4083 σφόδρα.
3006 4016 3116 4067 “Or
3150 4017 3374 4083 τρόπον
3404 4013 3837 4081 ἐκστήσονται

2222 4107 2322 4161 ἐπὶ
2365 4107 2465 4161 σοὶ
2500 4105 2740 4169 πολλοὶ.
2780 4106 2969 4172 οὕτως
2997 4105 3288 4173 ἀδοξήσει
3326 4106 3451 4162 ἀπὸ
3478 4106 3840 4175 ἀνθρώπων

2224 4198 2291 4254 τὸ
2318 4196 2479 4266 εἶδός
2503 4214 2641 4264 σου,
2670 4199 2767 4253 καὶ
2795 4197 2832 4266 ἡ
2858 4199 3009 4264 δόξα
3036 4216 3153 4255 σου
3174 4199 3291 4254 ἀπὸ
3320 4199 3441 4254 τῶν
3459 4198 3843 4266 ἀνθρώπων.

2229 4291 2339 4344 Kal
2364 4289 2516 4343 οὕτω
2544 4289 2954 4358 θαυμάσονται
2983 4289 3130 4358 ἔθνη
3160 4292 3364 4345 πολλὰ
3388 4289 3483 4343 ἐπ’
3506 4289 3709 4356 αὐτῷ,
3736 4292 3847 4346 καὶ

2225 4379 2558 4445 συνέξουσι
2586 4380 2873 4450 βασιλεῖς
2888 4380 2954 4435 τὸ
2985 4381 3180 4451 στόμα
3210 4380 3434 4437 αὐτῶνθ
3462 4381 3556 4435 ὅτι
3582 4378 3692 4448 οἷς
3720 4384 3848 4437 οὐκ

2227 4471 2532 4543 ἀνηγγέλη
2574 4473 2708 4541 περὶ
2740 4472 2928 4528 αὑτοῦ
2972 4474 3246 4544 ὄψονται,
3278 4473 3377 4528 καὶ
3424 4473 3483 4529 οἳ
3527 4475 3653 4530 οὐκ
3682 4475 3853 4543 dm.

2226 4563 2407 4618 κόασι
2435 4562 2842 4632 συνήσουσιν.

2312 4656 2639 4727 Ἀναφανδδν
2664 4658 2720 4710 ἐν
2750 4655 2958 4721 τούτοις
2978 4659 3103 4719 τοὺς
3140 4654 3382 4728 περὶτοῦ
3415 4656 3653 4710 πάντων
3677 4657 3858 4729 ἡμῶν

2223 4744 2475 4818 Σωτῆρος
2516 4749 2753 4820 Χριστοῦ
2783 4753 3013 4804 ποιεῖται
3041 4748 3235 4817 λόγους
3255 4751 3284 4804 6
3313 4748 3447 4812 Θεὸς
3473 4749 3573 4802 καὶ
3601 4751 3858 4822 Πατήρ.

2233 4836 2362 4892 Ἰδοὺ
2390 4838 2498 4910 γὰρ
2546 4839 2766 4910 συνήσει
2808 4840 2838 4892 6
2879 4840 3011 4903 παῖς
3050 4855 3173 4909 μου,
3214 4838 3381 4909 φησί⁸
3429 4838 3529 4891 καὶ
3583 4838 3698 4892 τὸν
3746 4840 3865 4909 μὲν

2221 4928 2388 4984 παῖδα
2429 4930 2672 4998 νοήσεις,
2707 4931 2799 4984 τὸν
2826 4930 2985 4997 Υἰδν,
3029 4930 3198 5002 ἤγουν
3238 4931 3329 4984 τὸν
3366 4928 3585 4984 δοῦλον.
3622 4930 3865 4985 Ἐλαὸε

2219 5021 2330 5093 γὰρ
2360 5020 2549 5075 δούλου
2594 5022 2810 5094 μορφὴν
2850 5022 2982 5084 Θεὸς
3026 5020 3103 5076 ὢν
3143 5024 3172 5075 6
3218 5021 3416 5090 Λόγος,
3460 5022 3559 5075 καὶ
3618 5021 3869 5095 Κύριος

2218 5114 2437 5168 πάντων
2486 5112 2583 5179 ὢν,
2616 5116 2731 5178 τοῖς
2781 5114 2881 5184 τῆς
2929 5113 3346 5186 άνθρωπότητος
3395 5112 3701 5187 ἐμϐέϐηκε
3749 5115 3867 5186 μέο

2213 5219 2381 5274 τροις.
2415 5225 2439 5268 ,ι
2481 5204 2558 5258 Οὐ
2605 5204 2716 5276 γὰρ
2768 5205 3060 5278 ἁρπαγμὸν
3124 5207 3369 5278 ἡγήσατο
3410 5205 3475 5259 τδ
3522 5201 3689 5260 εἶναι
3758 5209 3873 5262 ἶσα

2215 5286 2353 5363 Θεῷ,
2388 5295 2504 5348 ἀλλ’
2541 5296 2733 5350 ἐαυτὸν
2763 5297 3030 5351 ἐκένωσεν
3058 5297 3117 5350 ἐν
3146 5295 3456 5368 ὁμοιώματι
3496 5297 3875 5369 ἀνθρώπων

2218 5387 2531 5459 γενόμενος,
2556 5389 2653 5443 καὶ
2700 5389 2943 5461 σχήματι
2973 5388 3217 5461 εὑρεθεὶς
3252 5388 3328 5453 ὡς
3358 5388 3672 5461 ἄνθρωπος
3710 5394 3881 5446 ἑτα-

2216 5477 2479 5533 πείνωσεν
2521 5479 2733 5535 ἑαυτόν.
2767 5498 2788 5532 s
2822 5479 3066 5545 Οὐκοῦν,
3119 5480 3210 5535 ὅτε
3252 5480 3481 5550 γέγονεν
3512 5481 3884 5554 ἄνθραεποις

2217 5569 2407 5633 καθεὶς
2447 5571 2641 5626 ἑαυτὸν
2678 5572 2758 5637 είς
2790 5572 3143 5635 ταπείνωσιν,
3183 5573 3303 5626 τότε
3338 5573 3437 5627 καὶ
3475 5572 3695 5638 δοῦλος
3762 5577 3891 5629 ἁν-

2215 5658 2495 5731 εγκλήτως
2532 5662 2850 5734 ὠνόμασται
2881 5662 2942 5717 τδ
2967 5663 3067 5734 τῆς
3096 5661 3341 5728 δουλείας
3378 5663 3576 5735 σχῆμα
3613 5664 3892 5718 λαϐὼν-

2226 5749 2405 5818 Ἀλλὰ,
2438 5753 2687 5826 Συνήσει,
2715 5754 2902 5826 φησὶν,
2943 5755 3064 5809 ἀντὶ
3099 5752 3216 5822 τοῦ,
3252 5754 3441 5808 Πάντα
3495 5753 3655 5825 μετὰ
3707 5771 3891 5808 συν-

610 5880 1081 6019 εκουιηηΛ-ε.
1163 5899 1578 5987 ιιΕνιι.’νι,ιι.
1654 5923 1700 5956 ιι
1729 5924 1961 5995 Philipp.
1990 5941 2054 5993 ιι,
2084 5926 2142 5992 6,
2167 5929 2218 5982 7.

593 6006 733 6119 9'?
