4078 6292
347 443 488 508 ιιοὸ

1474 414 1541 497 in
1581 408 1812 498 eum
1852 404 1982 498 ms.
2029 419 2093 499 ι’.
2135 413 2375 505 'l'OMbS
2414 419 2457 503 ι.

347 568 541 628 {semc-
579 563 675 617 καὶ
716 518 906 629 σοφίας
945 557 1236 628 ἐργάσεται
1282 521 1377 609 καί.
1418 555 1638 627 λαλήσει
1667 555 1766 626 τῆς
1805 546 1918 610 οεο-

2026 569 2082 614 et
2117 544 2384 631 loquetur.
2421 544 2766 631 Opusautem
2821 532 3016 618 divinae
3071 553 3349 634 sapientiae.
3405 579 3599 638 praeter

348 641 619 730 πρεποῦς.
651 653 852 724 Ἔργον
880 650 939 704 δὲ
969 649 1160 717 σοφίας
1185 649 1286 718 τῆς
1311 648 1671 719 θεοπρεποῦς,
1691 649 1787 701 καὶ
1819 643 1925 723 πρό

347 764 412 816 γε
433 745 548 798 τῶν
585 738 758 821 ἄλλων
781 740 841 793 τὸ
878 739 1057 810 σάρκα
1095 739 1347 808 γενέσθαι
1377 738 1466 791 τὸν
1517 736 1782 809 μονογενῆ
1828 735 1924 789 τοῦ

347 836 482 890 Θεοῦ
520 835 723 901 Λόγον,
758 830 1036 884 τουτέστιν
1073 829 1379 901 ἄνθρωπον.
1431 830 1526 883 καὶ
1561 822 1923 903 συμπτωχεῦξ.

347 926 565 986 σαιτοῖς
588 905 678 974 ἐπὶ
703 921 800 991 τῆς
813 921 937 991 γῆς,
965 919 1053 974 ῖνα
1075 918 1234 990 ἡμεῖς
1253 920 1352 991 τῆς
1379 920 1622 992 [tiam-:06
1651 923 1925 992 πτωχείας

345 1001 755 1085 πλουτήσωμεν,
791 1003 880 1065 ἴνα
917 1010 1309 1075 πιστεύσαντες
1350 1014 1430 1075 εἰς
1461 1012 1622 1066 αὐτὸν
1659 1001 1787 1077 τοὺς
1822 1014 1923 1084 τῆς

344 1107 618 1179 ἁμαρτίας
673 1103 1070 1175 ἀπονιψὼμεθα
1114 1105 1595 1175 μεμολῡσμένους,
1658 1105 1923 1177 ἀδρανοῦς

341 1201 493 1262 ὄντος
537 1197 632 1252 τοῦ
665 1198 832 1268 νόμου
889 1196 985 1250 τοῦ
1032 1196 1121 1250 διά
1153 1196 1398 1260 Μωσέως
1445 1198 1527 1261 είς
1571 1197 1634 1250 τὸ
1664 1197 1922 1251 δύνασθαι

343 1291 617 1362 περιελεῖν
642 1286 937 1361 ἁμαρτίας,
965 1288 1051 1342 ἵνα
1083 1286 1162 1358 τῷ
1190 1287 1405 1358 θανάτῳ
1422 1287 1524 1357 τῆς
1557 1288 1691 1352 ἰδίας
1722 1290 1923 1360 σαρκὸς

342 1382 669 1453 καταργήσῃ
707 1381 798 1434 τὸν
822 1378 1193 1457 θάνατοήξαὶ
1238 1370 1521 1450 avuth
1552 1376 1650 1450 τὴν
1692 1365 1919 1458 φθὸράν,

342 1473 439 1527 καὶ
487 1460 872 1540 ἀναχαλκεῶῃ
915 1467 1051 1539 πρὸς
1094 1466 1405 1538 ἀφθαρσίαν
1437 1469 1562 1532 τοὺς
1594 1469 1672 1540 τῷ
1706 1468 1922 1540 Θανάτῳ

346 1559 801 1635 κατισχημένους,
838 1559 929 1611 καὶ
960 1557 1190 1629 οὐρανοῦ
1227 1557 1453 1628 πολίτην
1494 1559 1796 1631 ἐργάσηται
1831 1560 1922 1613 τὸν

346 1640 442 1708 ἑπῖ
472 1654 572 1722 τῆς
608 1646 717 1721 ,γῆς
755 1636 1060 1723 ἄνθρωπον,
1101 1640 1195 1704 καὶ
1237 1644 1450 1721 συνάψῃ
1495 1650 1562 1706 δι’
1606 1648 1800 1706 ἑαυτοῦ
1845 1648 1922 1729 τῷ

345 1742 467 1815 Θεῷ
513 1744 608 1796 καὶ
658 1743 829 1814 Πατρὶ
860 1742 950 1796 τὸν
1007 1741 1176 1796 πάλαι
1218 1743 1531 1813 δραπέτην,
1579 1744 1673 1797 καὶ
1710 1742 1922 1815 κηρύξῃ

349 1834 451 1904 μὲν
476 1833 837 1905 αἰχμαλώτοις
874 1833 1090 1903 ἄφεσιν,
1125 1834 1345 1903 τυφλοῖς
1378 1834 1436 1888 δὲ
1465 1827 1788 1905 ἀνάϐλεψιν,
1825 1837 1920 1891 καὶ

350 1925 569 1997 ἰάσηται
600 1925 732 1988 τοὺς
770 1910 1264 2003 συντετριμμένους
1292 1914 1391 1998 τὴν
1418 1926 1670 1999 καρδίαν,
1701 1928 1797 1981 καὶ
1829 1916 1920 1981 tis-

346 2016 496 2087 νώσῃ
517 2015 610 2070 τὸν
647 2016 801 2088 ᾅδην,
835 2018 930 2085 καὶ
962 2016 1250 2090 ἀποστήσῃ
1268 2017 1361 2071 τὸν
1386 2019 1629 2074 Σατανᾶν
1649 2019 1749 2090 τῆς
1778 2020 1920 2074 κατά

347 2109 565 2163 πάντων
588 2109 765 2179 ἀρχῆς
815 2098 909 2162 καὶ
932 2105 1263 2182 πλεονεξίας.
1283 2106 1511 2180 Συνήσει
1529 2110 1594 2182 δὴ
1624 2105 1718 2165 οὖν
1735 2113 1764 2165 ό
1791 2114 1920 2176 παῖς

306 2216 471 2270 ςμου,
505 2199 689 2270 φησίν.
748 2198 1031 2253 Ἀσύνετον
1061 2198 1200 2269 γὰρ,
1237 2199 1403 2270 ἤγουν
1446 2199 1668 2271 ἄσοφον,
1715 2203 1773 2255 ὲν
1807 2205 1920 2265 τοῖς

344 2291 622 2361 γεγονόσιν
662 2291 803 2362 ὑπὲρ
846 2290 1007 2361 ήμῶν
1053 2279 1337 2352 παντελῶς
1383 2290 1559 2346 οὐδέν.
1590 2294 1774 2347 Πάντα
1812 2294 1920 2363 γὰρ

344 2387 403 2438 ὲν
436 2385 598 2456 σοφίᾳ
627 2384 875 2452 ἐποίησε,
918 2381 1060 2436 κατὰ
1093 2370 1194 2453 τὴν
1239 2381 1335 2436 τοῦ
1369 2383 1675 2450 Ψάλλοντος
1717 2387 1917 2458 φωνήν.

343 2475 562 2546 Ταύτης
606 2475 769 2527 ἕνεκα
810 2475 908 2545 τῆς
954 2472 1136 2536 αἰτίας
1187 2472 1565 2545 ὑψωθήσεται,
1612 2476 1777 2545 φησὶ,
1828 2464 1921 2532 κᾶὶ

344 2567 731 2636 δοξασθήσεται
757 2551 978 2636 σφόδρα.
1010 2556 1381 2634 Δοξολὸγεῖιὲαι
1403 2565 1511 2638 γὰρ
1541 2554 1677 2640 πρὸς
1707 2569 1863 2640 ήμῶν
1892 2572 1921 2625 ό

347 2642 482 2721 Θεὸς
520 2657 596 2720 ὡς
650 2655 877 2727 Κύριος,
913 2657 1139 2727 Σωτῆρα
1177 2657 1235 2711 δὲ
1264 2658 1357 2710 καὶ
1387 2645 1682 2731 Λυτρωτὴν
1711 2660 1919 2714 ἀποκι-

347 2747 548 2817 λοῦμεν
586 2747 765 2802 αὐτόν.
798 2742 955 2801 Εἶναί
981 2764 1041 2801 τε
1088 2746 1247 2801 τοῦτο
1283 2747 1424 2802 κατά
1463 2749 1721 2821 ἀλήθειαν
1761 2768 1920 2805 πεπι-

351 2838 676 2908 στεύκαμεν.
728 2837 866 2891 Ἀλλ’
900 2836 985 2892 ⁴ἕνα
1014 2837 1220 2909 ἀληθὴς
1247 2838 1340 2892 καὶ
1366 2838 1689 2911 ἀδιάϐλητος
1722 2853 1919 2897 παντε-

348 2930 454 2994 λῶς
480 2933 507 2982 ὁ
540 2929 687 3001 παρὰ
719 2929 812 2983 τοῦ
836 2929 971 2982 Θεοῦ
1011 2930 1104 2981 καὶ
1135 2929 1345 2999 [ἰατρὸς
1371 2929 1593 3003 ὑπάρχῃ
1625 2931 1799 3001 λόγος,
1822 2935 1920 2988 ὲπὲ

348 3022 576 3090 ήνεγκεν
588 3020 919 3090 ἀναγκαίως,
937 3021 1018 3074 ὅτι
1036 3013 1131 3074 ὁ’ον
1150 3021 1349 3091 τρόπον
1369 3017 1719 3093 ἐκστήσονται
1731 3026 1825 3079 ἐπὶ
1837 3028 1918 3080 σοὶ

346 3112 549 3176 πολλοὶ,
585 3111 756 3176 οὕτως
781 3111 1028 3182 ἀδοξήσει
1067 3113 1176 3165 ἀπὸ
1205 3111 1508 3184 ἀνθρώπων
1541 3113 1603 3167 τὸ
1631 3109 1769 3179 εἶδός
1799 3133 1915 3181 σου,
1962 3170 1967 3177 ,

2026 650 2129 705 alia
2150 652 2254 717 est,
2283 663 2341 708 ut
2369 653 2704 722 unigenitum
2732 646 2829 710 Dei
2857 653 3088 710 Verbum
3127 670 3257 710 caro
3313 656 3487 724 ﬂeret,
3544 666 3598 714 et

2027 735 2210 816 utnna
2238 756 2358 796 cum
2390 738 2549 797 terrae
2598 731 2789 799 incolis
2830 757 3031 814 pauper
3085 731 3229 801 esset
3264 764 3278 799 :
3336 761 3446 816 quo
3499 764 3597 804 nos

2028 815 2195 900 ipsius
2217 820 2534 903 paupertate
2557 824 2875 901 ditaremur‘,‘
2893 850 3000 905 quo
3011 837 3296 892 credentes
3320 815 3372 892 in
3398 839 3593 908 ipsum;

2024 923 2228 991 peccati
2255 923 2655 993 inquinamenta
2678 920 3134 996 abstergeremus,
3184 945 3307 985 cum
3361 924 3592 987 blosaica

2026 1004 2110 1067 lex
2152 1026 2256 1067 non
2293 1004 2427 1069 satis
2467 1005 2612 1071 esset
2644 1015 2710 1069 ad
2747 1017 2981 1073 tollenda
3016 1003 3232 1086 peccata
3270 1003 3502 1076 idonea:
3539 1022 3597 1075 ut

2026 1110 2197 1156 morte
2216 1100 2394 1158 carnis
2415 1118 2528 1159 suae
2549 1118 2774 1160 mortem
2791 1106 3049 1187 aboleret,
3077 1111 3350 1166 interitum
3368 1111 3591 1172 deleret;

2025 1200 2197 1247 morte
2226 1193 2473 1249 detentos
2496 1196 2563 1250 ad
2588 1186 3046 1282 immortalitatem
3084 1201 3397 1282 reﬁngeret;
3416 1194 3594 1258 ho‘mio‘

2024 1298 2144 1365 nem
2171 1292 2329 1338 terra:
2361 1276 2612 1366 incolam,
2654 1272 2776 1344 τάξιί
2811 1290 2981 1345 civem
3027 1272 3282 1360 elilceret,
3320 1284 3591 1365 quondam

2021 1373 2340 1445 fugitivum,
2361 1391 2457 1447 per
2488 1392 2546 1433 se
2570 1377 2680 1434 Deo
2710 1395 2773 1434 ac
2802 1380 2948 1436 Patri
2965 1383 3337 1456 coniungeret,
3365 1387 3595 1455 captivis

2021 1464 2413 1530 liberationem,
2439 1469 2599 1524 caecis
2632 1469 2806 1525 visum
2861 1473 3191 1540 praetliCaiet,
3226 1484 3281 1529 et
3331 1472 3596 1533 c0ntritos

2022 1541 2184 1611 corde
2202 1552 2441 1620 sanaret.
2458 1550 2767 1631 Oreumque
2784 1550 3105 1631 exinanirel,
3133 1573 3187 1619 et
3216 1545 3470 1620 Satanam
3494 1569 3597 1643 ἰῃιι

2020 1648 2172 1718 peric
2194 1663 2258 1704 ac
2291 1651 2572 1720 tyrannide
2595 1663 2786 1713 contra
2814 1640 3004 1710 omnes
3034 1642 3287 1725 privaret.
3336 1640 3597 1730 Intelliget

2020 1740 2173 1807 ergo,
2198 1738 2393 1809 inquit,
2411 1737 2728 1821 puermens.
2747 1744 2887 1799 Nihil
2902 1730 3043 1821 enim
3066 1747 3182 1821 ﬁon‘
3215 1747 3592 1819 intelligenter.

2024 1825 2157 1881 nihil
2176 1843 2280 1882 non
2296 1816 2568 1898 sapienter
2602 1831 2801 1887 l'actum
2836 1818 2918 1888 est
2958 1816 3141 1911 nostra
3168 1821 3351 1890 causa.
3390 1816 3595 1908 Quippe

2016 1914 2266 1972 butniaiii
2284 1916 2545 1990 sapientia
2561 1922 2707 1987 fecit,
2743 1915 3037 1980 secundum
3076 1925 3362 1985 Psallentis
3407 1943 3592 1985 vocem

2023 2007 2273 2082 “.739
2295 2011 2405 2068 Hac
2434 2014 2501 2068 de
2534 2028 2717 2080 causa,
2757 2014 2960 2086 inquit,
3006 2016 3059 2072 in
3099 2019 3266 2073 altum
3285 2021 3590 2089 extolletur,

2022 2111 2073 2154 et
2117 2103 2403 2186 admodum
2446 2103 2854 2188 glorilieabitur.
2880 2102 3194 2188 Celebratur
3214 2109 3357 2164 enim
3388 2124 3417 2164 a
3440 2113 3593 2169 uoltis

2023 2201 2081 2247 ut
2121 2183 2401 2261 Dominus,
2436 2186 2668 2266 eumque
2699 2183 3047 2255 Servatorem
3086 2209 3142 2254 et
3182 2200 3591 2270 Redemptorem

2023 2283 2507 2351 voeitamus.Qu0d
2541 2301 2726 2342 verum
2754 2301 2875 2343 esse
2901 2284 3193 2346 credimus.
3216 2289 3321 2348 Sed
3351 2303 3408 2348 ut
3434 2309 3592 2348 verus

2023 2382 2078 2426 et
2103 2374 2593 2444 irreprehénsibilis
2621 2378 2693 2432 sit
2715 2369 2939 2435 omnino
2961 2378 3053 2434 Dei
3084 2389 3138 2437 et
3158 2381 3335 2439 Patris
3386 2386 3592 2452 sermo',
3624 2380 3635 2389 “

2025 2462 2233 2522 indu‘xit
2276 2466 2631 2526 necessario:
2685 2457 3151 2540 Qu‘einadmodnm
3203 2471 3590 2547 oltstnpesecht

2021 2553 2183 2626 super
2213 2567 2265 2613 te
2303 2560 2478 2626 tnulti,
2512 2563 2594 2617 sic
2629 2557 3021 2632 vituperabitnr
3044 2566 3113 2619 ab
3144 2566 3453 2624 hominibus
3475 2567 3594 2639 spe-

2020 2648 2132 2703 cies
2158 2659 2274 2715 tua,
2294 2661 2350 2705 et
2374 2651 2542 2723 gloria
2575 2663 2662 2707 tua
2690 2656 2757 2711 ab
2787 2658 3113 2713 hominibus.
3135 2657 3238 2725 Qui
3260 2659 3404 2714 enim
3435 2658 3593 2731 agno-

2020 2748 2213 2795 verunt
2234 2738 2623 2812 apparitionem
2650 2745 2786 2814 ejus,-
2819 2757 2873 2801 et
2894 2747 3058 2801 animi
3092 2748 3263 2804 oculis
3306 2730 3498 2804 ditinze
3519 2750 3594 2818 ip-

2019 2827 2133 2886 sius
2145 2831 2483 2890 anetoritatis
2520 2838 2940 2906 magnitudinem
2966 2841 3271 2910 perspicere
3288 2840 3591 2905 voluerunt,

2020 2925 2477 2994 dispensationem
2511 2928 2650 2985 hanc
2689 2929 3094 2999 obstupescunt.
3121 2932 3305 2998 Qualis
3329 2937 3445 2987 erat
3474 2947 3598 3003 pro-

2020 3014 2523 3083 pheta’Abbacum,
2554 3018 2773 3075 dicens:
2811 3039 2830 3070 ι
2874 3020 3119 3086 Domine,
3158 3018 3335 3076 audivi
3367 3024 3596 3078 auditio-

2021 3119 2141 3159 nem
2186 3115 2352 3171 tuam,
2393 3115 2447 3163 et
2507 3109 2807 3174 timebam;
2874 3112 3103 3179 cogitavi
3155 3113 3316 3181 Opera
3370 3124 3479 3177 tua,
3542 3123 3596 3167 et

345 3208 437 3260 καὶ
474 3208 507 3277 ή
537 3204 664 3270 δόξα
694 3223 786 3258 σου
826 3204 936 3258 ἀπὸ
974 3204 1083 3259 τῶν
1116 3205 1442 3276 ἀνθρώπων.
1466 3207 1530 3259 υί
1565 3207 1662 3277 μὲν
1694 3206 1800 3279 γὰρ
1832 3210 1918 3262 ἐπ-

2025 3199 2205 3267 stupui
2231 3199 2338 3261 δὲ.»
2380 3199 2564 3270 Atqui
2596 3201 2713 3270 ejus
2744 3201 2965 3272 gloriam
3013 3202 3116 3257 non
3192 3201 3591 3265 intellexerunt,

342 3298 642 3367 εγνωκότες
660 3290 758 3368 Ζτὴν
774 3296 1093 3365 ἐπιφάνειαν
1109 3296 1298 3362 αὐτοῦ,
1321 3298 1413 3351 διαὶ
1432 3288 1543 3361 τοῖς
1565 3300 1664 3369 τῆς
1681 3300 1917 3365 διανοίας

340 3389 550 3460 ὄμμασι
585 3387 823 3441 κατιδεῖν
859 3386 1179 3456 ἰσχύσαντες
1204 3386 1306 3455 τῆς
1346 3386 1573 3457 ἐνούσης
1607 3388 1758 3460 αὑτῷ
1795 3390 1916 3444 θεοε

340 3481 587 3553 πρεποῦς
637 3479 884 3545 ἐξουσίας
915 3480 976 3532 τὸ
1017 3478 1267 3550 μέγεθος,
1314 3479 1786 3551 καταπλήττονται
1818 3483 1915 3554 τὴν

340 3571 671 3643 οἰκονομίανο
723 3571 905 3633 ὁποῖός
948 3572 1032 3634 τις
1072 3565 1140 3640 ἦν
1181 3571 1209 3623 ὁ
1247 3559 1534 3641 προφήτης
1580 3571 1914 3644 ’Ᾱϐὁακοὺμέ

340 3663 514 3730 λέγων
538 3677 554 3691 ’
583 3679 603 3712 ι
639 3660 833 3731 Κύριε,
863 3661 1164 3726 εἰσακήκοα
1188 3659 1288 3730 τὴν
1325 3656 1498 3730 ἀκοήν
1523 3678 1640 3724 σου,
1664 3663 1759 3715 καὶ
1787 3665 1915 3732 ἐφο-

343 3751 538 3820 ϐήθην
568 3750 875 3820 κατενόησα
899 3750 965 3803 τὰ
994 3749 1133 3820 ἔργα
1167 3766 1286 3813 σου,
1311 3749 1406 3801 καὶ
1430 3749 1674 3820 ἐξέστην.
1706 3770 1724 3802 ι
1752 3752 1820 3804 OE
1850 3769 1915 3819 γε

347 3840 453 3910 μὴν
480 3840 542 3892 οὐ
580 3838 850 3902 συνιέντες
898 3838 1062 3892 αὑτοῦ
1107 3838 1207 3909 τὴν
1246 3837 1426 3904 δόξαν,
1475 3839 1694 3893 ἄπιστοι
1731 3840 1789 3894 δὲ
1822 3842 1917 3895 καὶ

346 3930 591 3986 ἀσύνετοι
635 3930 1035 4001 μεμενηκότες,
1080 3928 1298 3993 ἀδοξίαν
1339 3928 1506 3983 αὐτοῦ
1544 3930 1640 3983 καὶ
1691 3932 1916 4002 ἀτιμίαν

340 4023 571 4086 ἀνοσίως
631 4020 1096 4092 κατεψηφίζοντο,
1156 4020 1501 4093 Σαμαρείτην
1532 4021 1913 4093 ὀνομάζοντες,

341 4113 515 4182 φάγον
546 4130 606 4165 τε
640 4112 733 4165 καὶ
755 4112 1005 4182 μέθυσον,
1032 4113 1127 4166 καὶ
1154 4115 1218 4167 éx‘
1240 4114 1494 4182 πορνείας
1526 4115 1916 4187 γεγενημένον,

340 4207 438 4259 καὶ
469 4205 608 4275 πρός
643 4222 708 4273 γε
736 4206 945 4269 τούτοις
985 4205 1325 4276 ἀμαρτωλόν.
1351 4206 1578 4271 Οὐκοῦν,
1610 4206 1686 4271 ὼς
1713 4208 1914 4281 ἐκστή-

341 4308 529 4350 σονται
579 4296 670 4351 ἐπὶ
710 4298 792 4350 σοὶ
834 4297 1049 4360 πολλοὶ,
1076 4296 1249 4360 οὕτως
1278 4298 1374 4351 καὶ
1417 4297 1569 4368 παρά
1605 4298 1914 4370 ἀνθρώποις

337 4389 591 4460 ἀδοξήσει
628 4391 688 4443 τὸ
719 4385 858 4453 εἶδός
884 4407 1001 4455 σου,
1030 4390 1124 4444 καὶ
1161 4392 1195 4461 ή
1225 4390 1352 4454 δόξα
1395 4407 1488 4443 σου
1532 4391 1640 4444 άπὸ
1670 4391 1781 4446 τῶν
1821 4393 1917 4447 ἀν-

339 4482 594 4551 θρώπων.
640 4483 779 4536 Ἀλλ’
806 4484 994 4555 ὥσπερ
1021 4482 1178 4536 τοῦτο
1219 4484 1580 4554 συμϐήσεται,
1626 4482 1770 4539 οὕτω
1816 4484 1912 4539 καὶ

2025 3290 2119 3344 sed
2193 3290 2437 3347 inﬁdeles
2466 3303 2522 3346 et
2560 3292 2734 3363 ignari
2780 3293 3190 3359 manserunt,hi
3248 3293 3593 3363 ignominiam

2018 3378 2092 3435 illi
2126 3390 2180 3436 et
2212 3382 2442 3437 dedecus
2462 3382 2789 3453 objiciehant
2854 3385 3036 3461 impie,
3098 3393 3351 3441 vocantes
3401 3383 3593 3438 Sama-

2016 3471 2271 3538 ritanum,
2300 3474 2551 3539 edouem,’
2582 3475 2877 3542 ebriosum,
2905 3491 2971 3531 ex
2995 3475 3349 3532 fornicatione
3382 3487 3588 3539 natum,

2014 3572 2069 3618 et
2080 3575 2340 3634 praeterea
2351 3567 2514 3622 etiam
2535 3581 2694 3638 pecca
2703 3577 2895 3625 torem.
2906 3569 3043 3639 Ergo
3058 3580 3113 3622 ut
3129 3562 3414 3639 stupebant
3432 3583 3596 3638 super

2016 3660 2071 3708 te
2087 3654 2262 3721 multi,
2292 3655 2545 3711 sicetiam
2563 3657 2956 3727 vituperabitur
2970 3659 3039 3713 ab
3057 3659 3363 3714 hominibus
3388 3660 3594 3728 species

2017 3750 2129 3808 tua,
2144 3753 2201 3799 et
2214 3745 2381 3813 gloria
2403 3756 2491 3801 tua
2531 3747 2599 3801 ab
2617 3748 3228 3808 hominibus.C;eterum
3249 3756 3309 3802 ut
3330 3749 3433 3802 hoc
3461 3762 3591 3802 eve-

2015 3832 2149 3898 niet,
2161 3835 2240 3890 sic
2255 3836 2416 3890 etiam
2431 3836 2842 3892 admirabunttIr
2859 3847 2910 3892 te
2926 3847 3111 3908 gentes
3136 3837 3336 3897 multa).
3350 3848 3404 3890 et
3419 3838 3592 3892 couti-

2017 3925 2837 3997 nebuntregesossuum.Jutlmi
2882 3929 3027 3982 enim
3077 3928 3442 3995 audacissimi,
3490 3931 3591 3984 etsi
3675 3928 3679 3933 “

2018 4015 2232 4070 nulloin
2269 4031 2494 4072 numero
2528 4016 2783 4084 habendi,
2816 4034 2939 4074 eum
2971 4027 3149 4074 tamen
3194 4019 3442 4075 deridere
3474 4026 3589 4076 ausi
3644 4004 3649 4009 ’

2016 4116 2163 4174 sunt,-
2187 4106 2477 4176 linguaqu’e
2492 4123 2615 4163 eum
2633 4106 2821 4164 eﬂ‘reni
2854 4123 3223 4180 smpenumero
3243 4112 3591 4182 itnpetet-e,nc

2017 4199 2357 4269 blasphemas
2369 4213 2528 4255 voces
2546 4201 2813 4257 emittere.
2829 4200 3150 4270 Complures
3166 4215 3345 4258 autem
3366 4219 3519 4275 reges
3535 4217 3588 4261 ut

2020 4290 2186 4345 Deum
2200 4290 2529 4359 timentes,et
2544 4301 2604 4346 ut
2618 4294 2725 4363 regi
2744 4294 3115 4349 universorum
3130 4295 3351 4364 gloriam
3363 4296 3591 4356 offeren-

2018 4390 2119 4450 tes,
2142 4397 2373 4438 ossuum
2391 4382 2769 4448 continebant,
2788 4385 2957 4450 idest,
2980 4386 3112 4440 nihil
3134 4387 3314 4444 dicent
3330 4390 3588 4446 absonum

2018 4488 2118 4529 nec
2193 4475 2488 4545 quidquam
2544 4478 2688 4545 quod
2745 4475 2968 4546 gloriam
3028 4478 3227 4533 Christi
3267 4480 3591 4535 labefactare

339 4572 710 4642 θαυμάσανται
732 4573 861 4645 ἔθνη
897 4575 1068 4627 πολλὰ
1109 4575 1202 4628 ἐπὶ
1232 4576 1337 4638 σοὶ,
1364 4575 1458 4628 καὶ
1503 4575 1785 4640 συνέξουσι
1816 4576 1912 4647 βα-

2022 4565 2196 4637 pOssit
2239 4567 2529 4622 sonabunt.
2561 4568 2712 4634 Quod
2745 4577 2925 4622 autem
2951 4568 3132 4623 divina
3162 4579 3214 4624 et
3242 4583 3589 4625 sacrosancta

341 4662 513 4725 σιλεῖς
532 4663 593 4715 τὸ
621 4664 796 4733 στόμα
831 4665 1029 4720 αὐτῶν.
1071 4666 1312 4719 Ἰουδαῖοι
1350 4666 1448 4735 μὲν
1473 4666 1585 4738 γὰρ
1603 4668 1654 4720 οἰ
1687 4666 1913 4720 πάντολ-

340 4769 455 4826 μοι,
491 4754 668 4806 καίτοι
694 4753 788 4806 τοῦ
833 4754 1057 4824 μηδενὸς
1087 4755 1225 4822 ἄξιοι
1250 4755 1401 4818 ὄντες
1435 4755 1615 4825 λόγου,
1644 4774 1912 4829 κατακερ-

335 4848 528 4917 τομεῖν
565 4846 907 4917 ἀπετόλμων,
940 4847 1032 4901 καὶ
1061 4848 1315 4918 ἀχάλινον
1348 4849 1434 4901 ἐπ’
1472 4847 1623 4918 αὑτῴ
1654 4848 1912 4909 πολλάκις

333 4937 556 4999 ἀνέντες
591 4938 690 5008 τὴν
730 4937 992 5005 γλῶτταν,
1018 4937 1395 5007 παλιμφήμοις
1436 4937 1658 4990 ἔϐαλλον
1684 4939 1915 5005 φωναῖς.

334 5025 587 5081 Πλεῖστοί
612 5043 675 5095 γε
712 5027 819 5098 μὴν
873 5026 1113 5096 βασιλεῖς
1154 5026 1383 5089 δεδιότες
1414 5025 1490 5090 ὡς
1524 5026 1678 5089 Θεὸν,
1719 5027 1812 5079 καὶ
1840 5027 1917 5089 ὼς

333 5118 546 5189 βασιλεῖ
582 5117 690 5171 τῶν
716 5119 854 5171 ὅλων
880 5119 979 5188 τὴν
1015 5117 1173 5182 δόξαν
1205 5116 1591 5185 προσάγοντες,
1637 5116 1915 5188 συνέξομσι

327 5209 394 5261 τὸ
428 5207 603 5277 στόμα
643 5208 844 5270 αὐτῶν,
887 5207 1185 5272 τουτέστιν,
1223 5206 1375 5259 οὐδὲν
1417 5205 1634 5276 ἐροῦσιν
1680 5205 1911 5274 ἀπηχὲς,

327 5299 447 5353 ἀλλ’
477 5299 598 5352 οὐδὲ
637 5297 964 5368 φθέγξονταί
1009 5316 1062 5350 τι
1109 5297 1215 5350 τῶν
1246 5298 1348 5350 ὅσα
1396 5295 1812 5365 διαλυμαίνεται
1852 5297 1918 5365 τῇ

326 5387 455 5460 δόξῃ
481 5388 573 5442 τοῦ
603 5388 862 5459 Χριστοῦ.
884 5388 1005 5441 Ὅτι
1028 5387 1083 5439 δὲ
1118 5385 1179 5438 τὸ
1213 5385 1353 5438 θεῖόν
1394 5402 1454 5437 τε
1488 5385 1581 5437 καὶ
1613 5383 1756 5456 ἱερὸν
1823 5385 1919 5437 καὶ

327 5479 601 5548 σωτήριον
658 5480 950 5550 κήρυγμα,
997 5477 1242 5529 τουτέστι
1270 5475 1333 5529 τὸ
1362 5473 1738 5543 εὑαγγελικὸν,
1772 5474 1911 5527 ὲκεί-

325 5587 438 5621 νων
469 5569 570 5621 οὐκ
604 5568 756 5621 ἔσται
794 5569 981 5633 ποθὲν,
1012 5569 1143 5639 παρ’
1168 5563 1249 5631 οἷς
1284 5566 1512 5636 ἠδόξησε
1551 5567 1612 5619 τὸ
1644 5561 1783 5629 εἶδος
1817 5567 1915 5620 αὑ-

319 5655 446 5720 τοῦ,
484 5659 612 5727 παρ’
643 5657 875 5720 ἐκείνοις
916 5658 972 5710 δὲ
1003 5658 1226 5727 μᾶλλον,
1266 5657 1314 5710 οἳ
1350 5657 1609 5726 συνέσχον
1645 5658 1705 5710 τὸ
1738 5657 1914 5726 στόμα

404 5839 447 5868 ⁸³
481 5836 624 5892 Psal.
654 5852 772 5903 cm,
808 5837 897 5893 24.
975 5836 1019 5868 ⁸⁸
1048 5838 1208 5890 Ahac.
1240 5853 1320 5901 ιιι,
1342 5838 1392 5888 ‘2.

2019 4667 2077 4712 et
2111 4657 2366 4712 salutaris
2394 4658 2730 4728 praedicatio,
2763 4658 2817 4713 id
2855 4667 2958 4725 est,
3013 4659 3344 4729 evangelica,
3400 4675 3588 4715 eorum

2020 4749 2336 4820 neutiquam
2388 4750 2480 4815 sit,
2522 4766 2553 4804 a
2595 4750 2788 4821 quibus
2834 4752 3043 4821 species
3065 4751 3185 4822 ejus
3232 4752 3586 4821 vituperatur.

2019 4842 2112 4895 sed
2136 4856 2323 4897 eorum
2356 4843 2553 4912 potius,
2585 4844 2676 4913 qui
2705 4858 2765 4898 os
2799 4859 2955 4900 suum
3016 4845 3397 4900 continuerunt
3448 4845 3587 4913 ejus-

2018 4947 2122 5002 que
2147 4933 2370 5003 gloriam
2406 4935 2822 5003 ampliticarunt,
2861 4936 3115 5000 ostendit,
3143 4951 3263 4990 cum
3292 4936 3366 4989 ait
3401 4956 3415 4990 :
3449 4935 3585 5002 Quia

2015 5025 2211 5092 quibus
2241 5039 2345 5078 non
2383 5035 2465 5080 est
2487 5026 2872 5080 annuntiatum
2900 5026 2965 5081 de
2997 5041 3082 5093 co,
3117 5026 3172 5080 hi
3201 5027 3458 5083 videbunt
3487 5046 3501 5081 :
3532 5038 3587 5081 et

2013 5117 2103 5184 qui
2136 5130 2240 5170 non
2275 5116 2583 5182 audierunt,
2607 5116 2658 5171 hi
2696 5118 3014 5188 intelligent.
3078 5118 3405 5172 Aununtiata
3459 5130 3585 5173 sunt

2013 5206 2157 5262 enim
2190 5208 2303 5262 hate
2325 5208 2391 5264 de
2419 5206 2639 5263 Christo
2672 5209 2951 5274 lsraclitis,
2980 5219 3091 5264 tum
3121 5226 3187 5264 ex
3215 5211 3352 5280 lege,
3410 5220 3520 5264 tum
3555 5229 3584 5265 ιι

2018 5298 2315 5368 prophetis,
2347 5308 2401 5352 nt
2432 5313 2538 5353 non
2570 5297 2838 5369 gentibus.
2876 5300 2938 5354 lli
2968 5308 3171 5364 tamen,
3218 5301 3392 5370 inquit
3442 5302 3585 5356 vidc-

2016 5387 2148 5441 bnnt
2181 5389 2350 5459 magis
2381 5390 2499 5459 ejus
2527 5390 2753 5444 salutem
2782 5407 2798 5448 :
2843 5400 2901 5446 et
2924 5391 3014 5461 qui
3040 5393 3259 5447 omnino
3293 5393 3410 5447 hare
3450 5409 3584 5465 -my-

2015 5479 2179 5533 steria
2210 5496 2315 5534 non
2356 5481 2699 5546 audiverunt,
2724 5482 2774 5534 hi
2804 5480 2893 5534 illa
2929 5481 3242 5551 intelligent,
3275 5482 3436 5555 7&0
3486 5482 3581 5552 qui

2015 5572 2223 5626 scilicet
2253 5572 2618 5629 crediderunt.
2654 5574 2826 5628 Ilatlix
2856 5575 2995 5628 enim
3026 5584 3080 5629 et
3111 5578 3289 5629 nutrix
3317 5576 3597 5646 cognitio?

2018 5663 2100 5717 nis
2132 5677 2212 5718 est
2244 5664 2397 5729 Iidcs,
2436 5676 2490 5719 ct
2521 5664 2679 5718 veluti
2731 5666 2909 5755 aditu’s
2948 5676 3016 5726 ad
3069 5668 3340 5733 pietatem,
3397 5677 3452 5722 et
3511 5668 3578 5720 ad

3455 422 3596 510 itas
3690 482 3695 489 -
