4092 6296
390 301 524 357 1169

1502 269 1578 340 r24
1620 266 2039 351 ISAt.t.\tLto.~-
2079 297 2138 354 v-.
2183 293 2419 353 'l‘ttllUS
2463 296 2504 352 l.~

3512 307 3571 362 Η
3585 308 3650 360 70

383 422 668 489 γιίλαμεν,
701 421 796 472 καὶ
835 417 1118 489 μονονουχὶ
1151 401 1641 497 διεμαρτυράμεθα
1697 410 1976 497 λέγοντες,

2082 432 2321 485 cmupns,
2352 417 2403 490 id
2434 427 2539 482 est,
2567 430 2720 492 quas:
2755 431 2882 487 ager
2927 414 3152 471 floridus
3195 428 3260 472 et.
3282 401 3538 487 fruéifcr:
3570 424 3649 474 vel

385 517 467 570 ὅτι
506 513 776 583 Ἐσόμεθα
804 511 1045 566 ἐναντίον
1095 510 1262 563 αὐτοῦ
1299 511 1375 572 ὡς
1421 508 1628 570 πεδίον,
1665 510 1964 574 τουτέστιν,

383 607 461 670 ῶς
493 605 662 676 ἀγρὸς
702 602 936 671 εὐανθὴς
968 601 1062 654 καὶ
1114 601 1484 673 καρποφόρος,
1519 601 1553 670 ἢ
1596 600 1691 655 καὶ
1738 600 1812 665 ὡς
1845 600 1969 671 ῥίζα

387 699 448 752 ὲν.
476 700 547 768 γῇ
577 694 807 765 διψώσῃ.
857 693 1175 764 ἀρδεύοντος
1212 693 1360 763 ἡμᾶς
1398 688 1642 763 δηλονότι
1686 691 1849 755 θείοις
1909 709 1969 744 τε

390 786 492 839 καὶ·
517 784 846 854 ἀπορρήτοις
871 781 1050 850 λόγοις
1085 779 1179 834 τοῦ
1217 781 1578 850 Μονογενοῦς,
1610 783 1668 834 ἐν
1692 775 1739 849 ᾧ
1769 781 1971 844 πάντες

389 877 528 930 εἰσὶν
547 879 596 929 oi
613 875 878 945 θησαυροὶ
896 874 995 944 τῆς
1011 872 1207 942 σοφίας
1235 874 1332 926 καὶ
1366 872 1619 942 γνώσεως
1637 873 1969 943 ἀπόκρυφοι.

388 955 566 1022 Πάλαι
603 966 700 1036 μὲν
730 963 840 1037 γὰρ
867 965 902 1034 ἡ
936 963 1199 1034 σύμπασα
1228 964 1322 1034 γῆ,
1362 956 1504 1035 ξηρά
1540 981 1625 1028 τις
1655 963 1846 1036 ὥσπερ
1876 965 1972 1018 καὶ

387 1059 637 1128 ἄκαρπος
648 1051 737 1126 ἦν,
763 1054 858 1108 καὶ
880 1048 992 1107 οἷον
1015 1052 1222 1123 διψῶσα
1241 1053 1334 1124 γῆ,
1358 1054 1454 1106 καὶ
1467 1053 1714 1124 καρποὺς
1732 1053 1973 1124 ἡμέρους

391 1146 537 1218 [οὐκ]
563 1146 782 1217 ἔχουσα.
828 1143 1048 1214 Ἐπειδὴ
1077 1143 1135 1197 δὲ
1163 1144 1254 1197 τὸν
1283 1143 1431 1216 παρά
1463 1142 1716 1214 Χριστοῦ,
1728 1142 1972 1196 πεπλού-

388 1255 555 1310 τηκεν
587 1236 765 1300 ὑετὸν,
810 1236 1182 1305 πνευματικὸν
1209 1235 1470 1307 δηλονότι,
1515 1235 1608 1289 καὶ⁵
1629 1234 1726 1305 τὴν
1755 1234 1843 1288 διὰ
1879 1233 1972 1288 τοῦ

391 1329 546 1397 ἁγίου
587 1327 902 1398 Πνεύματος
938 1328 1225 1399 χορηγίαν.
1267 1325 1682 1398 ἀνεθάλὶλ]ομεν
1710 1326 1791 1389 ὡς
1824 1323 1973 1395 ῥίζα,

392 1421 672 1478 τουτέστιν
727 1419 804 1482 ὼς
851 1419 1060 1489 βοτάνην
1099 1435 1172 1472 τε.
1211 1419 1364 1491 καλὴ-
1423 1421 1516 1473 καὶ
1546 1419 1801 1490 εὐανθής.
1863 1417 1976 1470 Καὶ

394 1513 524 1581 γοῦν
589 1512 692 1583 ἔφη
745 1528 830 1574 τις
879 1511 1016 1582 πρὸς
1059 1512 1207 1582 ἡμᾶς
1259 1511 1366 1564 τῶν
1431 1511 1601 1579 ἁγίων
1660 1510 1972 1582 προφητιῖιν⁴

403 1623 421 1656 ι
453 1606 578 1657 Καὶν
595 1601 956 1675 μακαριοῦσιν
982 1603 1127 1672 ὑμᾶς
1147 1603 1326 1656 πάντα
1346 1603 1414 1655 τά
1445 1602 1595 1672 ἔθνη.
1621 1602 1755 1656 διότι
1785 1601 1975 1655 ἔσεσθε

343 1713 359 1734 ε
397 1694 556 1763 ὑμεῖς
582 1693 655 1764 γῆ
692 1692 911 1764 θελητὴ,
953 1692 1102 1761 λέγει
1130 1693 1332 1762 Κύριος
1359 1692 1780 1775 παντοκράτωρ.
1808 1712 1825 1743 ι
1871 1693 1975 1745 8e-

2071 508 2236 561 etiam
2271 517 2331 559 ut
2357 507 2588 561 radixiu
2627 517 2765 561 terra
2799 507 3041 570 sitiente,
3077 507 3340 578 irrigaute
3378 526 3475 564 nos
3506 513 3652 566 scili-

2070 607 2158 653 cet
2188 597 2385 651 divinis
2417 607 2474 652 et
2508 599 2727 653 arcanis
2749 600 3092 653 sermonibus
3123 599 3430 670 Uuigenito,
3462 601 3515 654 in
3549 618 3654 670 quo

2072 705 2261 744 onmes
2285 690 2524 744 thesauri
2548 691 2827 758 sapientiae
2847 701 2900 744 et
2927 691 3250 760 cognitionis
3279 702 3403 745 sunt
3422 691 3656 747 abscon-

2073 779 2195 834 diti.
2226 778 2364 834 Olim
2397 781 2541 835 enim
2574 782 2754 837 omnis
2780 791 2950 847 terra,
2985 782 3135 836 arida
3181 783 3447 853 quaepiam
3479 794 3531 839 et
3572 785 3654 838 iu-

2075 871 2348 926 fructuosa
2379 873 2523 926 velut
2553 881 2694 927 terra
2739 874 2858 936 fuit.
2884 884 2940 930 et
2969 874 3125 942 quasi
3158 876 3370 941 sitiens,
3433 887 3488 931 et
3537 877 3652 932 fru-

2073 969 2193 1014 ctus
2217 961 2417 1016 sativos
2449 977 2553 1016 non
2578 962 2800 1017 habens.
2830 963 2934 1017 Sed
2967 964 3055 1018 ubi
3085 963 3256 1019 ditata
3285 972 3370 1019 est
3394 966 3655 1021 aClu-isto

2077 1052 2274 1118 imbre,
2301 1052 2571 1120 spirituali
2606 1053 2880 1121 videlicet,
2907 1063 2962 1110 et
2998 1055 3171 1110 sancti
3213 1055 3449 1124 Spiritus
3471 1056 3654 1112 subsi-

2075 1141 2198 1205 dio,
2234 1143 2383 1211 quasi
2446 1143 2603 1197 radix
2659 1143 3025 1210 refloruimus,
3052 1145 3103 1199 id
3131 1155 3236 1210 est,
3274 1146 3428 1215 quasi
3484 1149 3651 1203 herba

2076 1233 2298 1304 pulchra
2351 1243 2404 1288 et
2453 1231 2663 1288 ﬂorida.
2696 1232 2978 1303 Siquidem
3028 1235 3166 1289 dixit
3219 1237 3383 1291 etiam
3438 1238 3594 1292 nobis
3625 1251 3656 1291 e

2075 1325 2280 1378 sanctis
2319 1324 2598 1394 prophetis
2622 1325 2924 1394 quispiam:
2965 1343 2984 1377 ι
3011 1324 3079 1378 Ει
3110 1326 3295 1382 beatos
3344 1343 3442 1382 vos
3473 1328 3655 1382 dicent

2077 1428 2264 1469 omnes
2281 1421 2469 1484 gentes
2492 1429 2506 1478 ;
2533 1424 2819 1483 propterea
2850 1415 3006 1470 eritis
3036 1431 3132 1471 vos
3161 1425 3300 1472 terra
3332 1427 3656 1487 spontanea,

2078 1503 2211 1558 dicit
2269 1503 2530 1559 Dominus
2573 1505 2921 1574 omnipotens
2940 1504 3008 1560 ⁸³.
3037 1525 3057 1560 ι
3098 1507 3462 1577 Spontaneam
3503 1520 3657 1564 vocat

2079 1594 2410 1650 fructuosam
2464 1603 2521 1649 et
2578 1591 3011 1659 feracissimam;
3044 1604 3196 1666 grata
3237 1597 3384 1652 enim
3414 1597 3504 1651 illa
3557 1596 3657 1652 fuit

2079 1686 2353 1756 agricolis.
2389 1686 2543 1751 Quod
2596 1695 2778 1741 autem
2835 1688 3054 1755 spinosa
3088 1688 3360 1758 quondam
3411 1699 3466 1742 et
3507 1689 3655 1743 arida

396 1753 563 1856 λητὴν
595 1753 664 1838 ’δὲ
716 1753 1347 1868 λέγειντὴνῖἐῦκαρπον
1411 1785 1531 1837 καὶ-
1571 1753 1972 1855 γονιμωτάτηνο

2082 1787 2136 1835 et
2187 1794 2326 1848 aqua
2358 1793 2554 1834 carens
2612 1786 2755 1832 terra
2817 1780 3011 1834 abierit
3037 1780 3090 1834 in
3124 1790 3328 1836 terram
3385 1781 3656 1836 feracissi-

398 1875 651 1943 ἀσπαστὴ
683 1874 790 1948 γὰρ
821 1875 960 1944 αὕτη
989 1875 1269 1944 γηπόνοις.
1301 1874 1423 1927 Ὅτι
1445 1873 1570 1944 δὲνπή
1616 1872 1976 1942 ἀκανθοτόκος

399 1965 527 2017 ποτὲ
578 1963 737 2035 ξηρά.
759 1982 818 2018 τε
876 1966 970 2018 καὶ
1013 1965 1238 2036 ἄνυδρος
1285 1964 1354 2035 γῆ
1399 1963 1871 2034 μεταπεφοίτηκεν
1895 1965 1977 2027 εἰς

396 2057 794 2127 γονιμωτάτην,
828 2057 932 2110 καὶ.
967 2057 1053 2119 εἰς.
1082 2055 1438 2110 ’τὸ-δύνασθαι
1484 2053 1734 2108 πλουτεῖν
1766 2054 1974 2125 εὐκαρ-

396 2149 548 2211 πίαις
575 2150 694 2212 ταῖς
728 2149 1142 2220 πνευματικαῖς,
1177 2149 1429 2218 σαφηνιεῖ
1449 2147 1625 2215 λέγων
1656 2147 1684 2198 ό
1707 2145 1820 2199 τῶν
1839 2145 1977 2199 ὅλων

394 2239 522 2303 Θεὸς
560 2240 649 2294 διὰ
678 2241 864 2310 φωνῆς
902 2239 1155 2293 Ἡσαΐουο
1190 2240 1331 2292 «Καὶ
1357 2238 1530 2302 ἔσται,
1559 2237 1682 2292 ἀντὶ
1704 2237 1807 2308 τῆς
1835 2253 1978 2291 στοι·

396 2333 495 2402 ϐῆς
545 2332 874 2402 ἀναϐήσεται
929 2333 1292 2404 κυπάρισσος,
1332 2332 1453 2387 ἀντὶ
1503 2332 1561 2384 δὲ
1601 2331 1699 2401 τῆς
1746 2330 1978 2400 κονύζης

396 2422 726 2492 ἀναϐήσεται
761 2422 1014 2494 μυρσίνη.
1031 2441 1049 2472 ι
1075 2421 1206 2492 Είδη
1232 2422 1332 2492 μὲν
1351 2421 1462 2492 γὰρ
1486 2419 1759 2484 ἀκανθῶν,
1789 2420 1974 2491 ποιὸή

394 2529 454 2564 τε
484 2513 578 2565 καὶ
605 2512 1104 2583 κόνυζα,τρέφειδὲ
1133 2513 1371 2566 αύτὰάεί
1397 2514 1563 2584 πωςὴ
1589 2512 1784 2583 χέρσος
1800 2529 1859 2564 τε
1883 2511 1977 2566 καὶ

395 2603 620 2671 ἄνυδρος
641 2605 747 2674 γῆοη
757 2603 992 2675 μυρσίνη
1025 2604 1082 2658 δὲ
1105 2604 1199 2658 καὶ
1219 2605 1557 2675 κυπάρισσος
1583 2605 1977 2676 διαπρέπουσιν

398 2695 456 2744 ὲν
479 2694 696 2763 κήποις.
736 2695 1114 2766 Ἒξῃρημένης
1151 2696 1330 2751 τοίνυν
1351 2696 1616 2767 ἀκάνθης,
1644 2696 1828 2767 φησιν,
1854 2696 1979 2749 άναο

399 2784 690 2854 ϐλαστήσει
751 2785 936 2839 λοιπὸν
972 2785 1039 2839 τά
1076 2787 1423 2858 εὐοσμότατα
1452 2766 1559 2840 τῶν
1587 2787 1790 2856 φυτῶν,
1844 2788 1982 2861 ὅταν,Δ

401 2877 431 2943 ἡ
454 2874 611 2944 διψάς
637 2874 729 2946 [aL
755 2876 987 2950 διψῶσα]
1015 2877 1229 2951 ἔνυδρος
1256 2879 1500 2948 γένηται,
1525 2878 1660 2930 Θεοῦ
1706 2877 1972 2947 λέγοντος,

2084 1883 2250 1932 mam,
2284 1869 2355 1922 ita
2382 1877 2442 1923 ut
2466 1868 2620 1924 dives
2639 1867 2783 1923 facta
2817 1867 3270 1940 fueritspirituali
3299 1869 3658 1938 fecunditate,

2083 1957 2378 2013 declarabit
2430 1958 2616 2013 dicens
2673 1959 3048 2014 universorum
3109 1959 3252 2016 Deus
3295 1974 3430 2016 voce
3465 1960 3658 2018 Isaia:

2089 2068 2108 2103 ι
2138 2049 2206 2104 Ει
2235 2049 2360 2116 erit,
2389 2063 2490 2120 pro
2522 2049 2696 2105 stteba
2729 2059 2941 2106 crescet
2984 2053 3315 2122 cyparissus,
3353 2060 3409 2106 et
3441 2067 3540 2122 pro
3567 2067 3656 2109 co-

2084 2155 2221 2211 nyza
2273 2149 2485 2196 crescet
2546 2150 2755 2212 myrtus
2779 2141 2845 2196 δ’.
2877 2158 2900 2194 ι
2949 2140 3134 2198 Sueba
3190 2143 3335 2198 enim
3371 2155 3427 2198 et
3453 2155 3659 2215 conyza

2083 2241 2296 2288 suntex
2329 2245 2528 2304 genere
2557 2233 2862 2304 spinarum,
2893 2242 2947 2289 et
2969 2250 3184 2304 semper
3220 2251 3284 2291 ea
3319 2236 3663 2291 nutrit-terra

2084 2325 2286 2380 inculta
2313 2333 2368 2380 et
2409 2324 2726 2381 siticulosa:
2757 2335 2814 2380 at
2869 2336 3086 2396 myrtus.
3127 2335 3182 2382 et
3236 2327 3551 2398 cyparissus
3602 2327 3657 2382 in

2084 2416 2257 2470 hortis
2317 2416 2610 2472 excellunt.
2659 2417 2967 2486 Exstirpata
3021 2431 3173 2487 ergo,
3227 2419 3425 2487 inquit,
3482 2419 3658 2488 spina,

2081 2507 2482 2562 odoratissimaa
2537 2509 2734 2563 deinde
2761 2509 2959 2577 plantae
2996 2508 3367 2574 reﬂorescent,
3403 2521 3545 2564 terra
3581 2513 3654 2565 si.»

2086 2600 2222 2657 tiens
2255 2599 2308 2653 in
2339 2614 2594 2668 aquosam
2644 2610 2902 2668 vertetur,
2947 2601 3055 2656 Deo
3102 2602 3356 2658 dicente:
3390 2619 3410 2656 t
3445 2600 3660 2657 Vertam

2083 2693 2360 2751 desertum
2389 2690 2442 2743 in
2468 2690 2680 2757 latices,
2703 2700 2780 2746 .et.
2816 2692 3092 2747 sitientem
3147 2701 3348 2747 terram
3384 2694 3438 2748 in
3477 2708 3658 2764 aquae-

2082 2783 2296 2837 ductus.
2358 2782 2560 2837 Portam
2596 2783 2659 2838 in.
2690 2793 2833 2838 terra
2889 2783 3044 2854 aquis
3073 2793 3294 2840 carente
3328 2785 3574 2848 cedrum,
3610 2795 3662 2838 et

2081 2873 2304 2938 buxum,
2344 2882 2398 2928 et
2447 2884 2702 2946 myrtum,
2755 2875 3092 2945 cyparissum
3126 2885 3183 2931 et
3207 2877 3459 2945 populum
3490 2876 3665 2949 δ”-’μοι

399 2967 480 3020 ὅτι
514 2969 729 3038 Ποιήσω
756 2970 856 3042 τὴν
883 2970 980 3042 ερη
989 2989 1087 3042 μον
1113 2973 1192 3028 είς
1216 2971 1332 3041 ἕλη,
1358 2971 1454 3025 καὶ
1477 2970 1574 3042 τὴν
1597 2969 1840 3040 διψῶσαν
1872 2969 1975 3052 γῆν

2082 2963 2533 3018 Annuntiavimus
2568 2964 2751 3034 itaque
2779 2967 3063 3020 credentes
3095 2966 3146 3020 in
3179 2965 3351 3036 ipsum
3382 2965 3660 3021 Christum

399 3060 456 3111 ἐν
487 3060 842 3132 ύδραγωγοίς.
885 3062 1048 3133 Θήσω
1095 3065 1176 3125 εἰς
1208 3063 1307 3134 τὴν
1335 3062 1560 3128 ἄνυδρον
1607 3063 1716 3132 γῆν
1759 3061 1970 3133 κέδρον,

402 3152 493 3204 καὶ
525 3151 712 3216 πύξον,
745 3155 839 3206 καὶ
883 3155 1168 3224 μυρσίνην,
1214 3155 1307 3208 καὶ
1347 3155 1708 3238 κυπάρισσον,
1741 3154 1833 3208 καὶ
1859 3153 1980 3205 λεύ-

400 3257 521 3311 κην.
582 3243 792 3298 Οὐκοῦν
830 3245 1254 3316 ἀνηγγείλαμεν,
1314 3246 1395 3298 ὅτι
1456 3244 1842 3306 πιστεύσαντες
1897 3245 1978 3306 εἰς

2083 3053 2196 3108 fore
2226 3053 2278 3107 iu
2307 3063 2599 3122 conspectu
2624 3055 2815 3123 ipsius,
2850 3057 2900 3109 id
2931 3066 3032 3119 est,
3056 3057 3125 3110 ab
3154 3070 3220 3111 eo
3242 3057 3660 3127 conspicienmr,

2079 3145 2232 3215 quasi
2263 3145 2679 3214 campus,quasi
2713 3147 2886 3208 radix,
2921 3147 2973 3200 id
3005 3155 3109 3210 est,
3142 3158 3200 3200 ιιι
3232 3147 3398 3201 herba
3427 3147 3481 3201 in
3515 3157 3658 3202 terra

2078 3237 2399 3308 quandoque
2427 3236 2664 3298 sitiente,
2695 3253 2810 3304 qum
2834 3237 2902 3291 ab
2931 3251 2997 3291 eo
3031 3237 3170 3292 facta
3191 3245 3277 3292 est
3302 3253 3529 3305 aquosa.

396 3333 559 3386 αὑτὸν
580 3335 671 3388 τὸν
694 3336 947 3407 Χριστὸν,
969 3337 1206 3408 ἐσόμεθα
1230 3337 1470 3390 ἐναντίον
1489 3335 1677 3400 αὑτοῦ,
1700 3337 1996 3399 τουτέστιν,
2036 3330 2372 3403 ὲφορώμενοι
2411 3328 2540 3399 παρ’
2591 3329 2781 3395 αὐτοῦ,
2813 3329 2907 3394 ὡς»
2930 3329 3134 3396 πεδίον,
3178 3329 3255 3394 ὡς
3306 3331 3452 3402 ῥίζα,
3505 3348 3686 3409 τουτ’,

394 3428 542 3482 ἐστιν
596 3429 672 3493 ὡς
713 3429 910 3503 βοτάνη
955 3431 1018 3483 ὲν.
1053 3432 1145 3501 γῇ·
1174 3447 1303 3484 ποτε
1352 3429 1586 3505 διψώσῃ,
1645 3431 1853 3506 ἐνύδρῳ
1901 3447 1963 3499 γε
2007 3429 2113 3500 μὴν
2140 3428 2264 3498 παρ’
2299 3421 2464 3478 αὑτοῦ
2495 3423 2784 3494 γενομένῃ.

459 3523 582 3576 Οὐκ
609 3516 780 3576 ἐστιῶ-
816 3520 977 3589 εἷᾶος
1017 3524 1198 3590 αὐτῷ,
1233 3525 1372 3580 οὔτε
1401 3513 1580 3589 δόξα)
1612 3525 1711 3580 καὶ
1737 3513 1976 3596 εἴδομεν

395 3612 583 3664 αὑτὸν
625 3610 722 3663 καὶ
752 3613 864 3665 οὐκ
898 3608 1064 3680 εἶχεν
1099 3611 1277 3678 εἶδος,
1319 3615 1458 3668 οὐδὲ
1491 3615 1738 3682 κάλλος.
1792 3618 1977 3674 Ἀλλὰ

398 3701 462 3754 τὸ
515 3697 676 3766 εἶδος
719 3701 879 3768 αὐτῷ
923 3703 1153 3773 ἄτιμον,
1199 3705 1485 3761 ἐκλεῖπον
1531 3709 1694 3777 παρὰ
1746 3707 1977 3782 πάντας

399 3790 770 3857 ἀπέθρώπους.

475 3880 540 3932 Τί
587 3880 652 3950 δὴ
671 3882 788 3952 ἄρα
819 3883 982 3953 φησὶν
1010 3885 1038 3937 ό
1069 3888 1353 3958 προφήτης
1383 3890 1441 3942 ἐν
1469 3889 1681 3954 τούτοις
1703 3931 1717 3954 ,
1759 3891 1793 3962 ἧ
1825 3892 2020 3960 ποῖον

401 3968 467 4022 ἄν
527 3985 608 4032 τις
666 3972 777 4035 τοῖς
832 3974 1140 4044 εἰρημένοις
1174 3977 1480 4050 ἐφαρμόσαι
1534 3981 1676 4045 νοῦν,
1734 3981 1865 4050 φέρε
1912 3981 1976 4051 δὴ

406 4059 568 4113 πάλιν
588 4062 1051 4136 ,καταθρήσωμεὴ
1091 4067 1167 4131 ὡς
1207 4069 1308 4125 ἔνι.
1349 4070 1680 4144 Ὠμολόγηκε
1715 4074 1814 4144 μὲν
1846 4073 1973 4150 γάρ,

401 4150 482 4203 ὅτι
520 4151 613 4202 καὶ
645 4152 1088 4226 Ἀνηγγείλαμεν,
1111 4161 1408 4224 τουτέστιν,
1439 4162 1699 4232 ἀνελλιπῆ
1729 4164 1986 4231 ’πεποιήον

405 4239 548 4308 μεθα
575 4238 672 4310 τὴν
698 4244 1112 4315 προαγόρευσιν,
1137 4248 1212 4313 ὡς
1230 4251 1347 4321 ἥξει
1379 4254 1520 4306 κατὰ
1543 4254 1786 4324 καιρούς.
1833 4254 1974 4307 Ἀλλ’

2149 3518 2310 3592 742
2327 3518 2563 3575 Vlts..2.
2605 3515 2726 3571 Non
2758 3530 2834 3571 est
2863 3520 3056 3588 species
3087 3520 3156 3581 ei,
3183 3535 3342 3589 neque
3372 3520 3538 3587 gloria
3578 3535 3689 3585 :et,

2077 3599 2302 3665 vidimus
2331 3607 2471 3674 eum,
2489 3620 2534 3664 et
2561 3626 2662 3663 non
2693 3609 2909 3663 habebat
2949 3610 3369 3682 speciem,ueque
3385 3610 3658 3673 decorem,

2078 3698 2182 3754 Sed
2209 3701 2406 3769 species
2440 3700 2489 3752 ei
2515 3699 2625 3772 fuit
2650 3700 2986 3765 inhonorata,
3018 3710 3066 3753 et
3091 3701 3338 3776 deﬁciens
3392 3718 3501 3771 pne
3541 3720 3657 3755 .om-

2079 3796 2228 3849 uiims
2257 3795 2578 3848 hominibus.
2631 3866 2633 3868 η
3457 3787 3462 3791 ’

2153 3887 2293 3953 Quid
2328 3901 2460 3956 ergo
2482 3886 2534 3938 in
2565 3886 2648 3939 bis
2680 3887 2862 3946 verbis
2882 3886 3012 3944 dicit
3038 3887 3299 3964 prOphcta
3323 3887 3354 3938 ἲ·
3375 3896 3469 3940 aut
3501 3903 3692 3956 quem.

2085 3978 2169 4035 his
2194 3978 2355 4032 dictis
2381 3992 2601 4032 sensum
2627 3977 3139 4041 accommodaverit,
3171 3994 3268 4049 age
3307 3991 3496 4050 rursus
3530 3994 3668 4044 con;

2083 4070 2408 4134 sideremus,
2434 4071 2610 4138 quoad
2672 4068 2815 4123 licet.
2840 4067 3129 4123 Confessus
3159 4071 3302 4144 enim
3331 4078 3432 4143 est,
3466 4078 3519 4144 et
3560 4087 3666 4136 ιιιι-⁸

2082 4163 2470 4226 nuntiavimus,
2531 4162 2583 4217 id
2635 4172 2737 4229 est,
2779 4163 2939 4234 plene
2993 4177 3058 4216 ac
3112 4161 3270 4235 plane
3311 4163 3657 4232 prmdiximus

2080 4264 2366 4310 venturum
2395 4269 2492 4310 suo
2525 4265 2789 4324 tempore.
2828 4253 2935 4310 Sed
2985 4241 3233 4311 fortassis
3273 4256 3470 4310 dixerit
3507 4256 3652 4324 quis-

403 4330 532 4392 ἴσως
580 4330 682 4402 ἔφη
723 4333 790 4387 ἀν
826 4351 908 4399 τις
947 4337 1081 4407 πρὸς
1123 4340 1303 4394 τοῦτο·
1351 4343 1416 4395 Τί
1449 4341 1579 4409 οὖν,
1635 4347 1683 4396 εί
1723 4345 1976 4401 ,καθίκετο

2089 4349 2230 4416 piam
2266 4348 2331 4402 ad
2387 4350 2537 4403 haec:
2570 4347 2706 4416 Quid
2736 4348 2904 4420 ergo?
2959 4347 3184 4402 Venitne
3217 4348 3283 4404 de
3317 4350 3454 4404 etelo
3511 4349 3655 4421 Deus

405 4421 504 4491 μὲν
525 4422 582 4488 ἐξ
617 4423 862 4494 οὐρανῶν
883 4426 1013 4492 Θεὸς
1044 4427 1119 4482 ὢν
1146 4432 1174 4484 ό
1198 4433 1395 4502 Λόγος,
1437 4433 1732 4506 θεοπρεπεῖ
1755 4436 1814 4489 δὲ
1851 4437 1978 4509 δόξῃ

399 4515 860 4585 κατεστεμμένος,
893 4518 985 4571 καὶ
1009 4521 1290 4594 ἀπροσίτῳ
1317 4523 1456 4592 φωτὶ
1491 4525 1809 4596 διαπρέπων
1873 4530 1976 4581 ἐπ-

400 4602 566 4670 ἐφανε
592 4608 705 4670 τοῖς
734 4607 827 4661 ἐπὶ
857 4609 956 4680 τῆς
983 4612 1108 4682 γῆς,
1149 4615 1250 4667 καὶ
1278 4607 1779 4689 ἀπροσωπόληπτος
1807 4615 1874 4692 ἦν
1894 4621 1981 4674 διὰ

399 4695 498 4764 τὴν
519 4696 614 4767 τῆς
645 4698 801 4769 δόξης
839 4701 1174 4775 ὑπερϐολήνς
1217 4707 1327 4759 Καὶ
1354 4706 1485 4775 γοῦν
1515 4709 1603 4763 ὅτε
1647 4712 1980 4782 πεφοίτηκεν

401 4785 461 4838 ἐν
499 4787 628 4840 εἴδει
650 4791 822 4860 πυρὸς
849 4793 942 4844 ἐπὶ
976 4793 1040 4846 τὸ
1075 4795 1201 4866 δρος
1241 4797 1301 4850 τὸ
1339 4799 1488 4864 Σινᾶ,
1525 4800 1715 4864 σκότος
1756 4797 1845 4872 ἦν,
1883 4802 1973 4856 xal

400 4879 616 4946 γνόφος,
672 4883 764 4935 καὶ
815 4883 1040 4950 θύελλα,
1078 4888 1173 4944 καὶ
1196 4888 1328 4960 οπῦρ
1387 4890 1523 4961 ὑψοῦ
1577 4893 1811 4966 διᾷττον,
1886 4897 1978 4949 καὶ

398 4969 625 5032 καπνὸς,
654 4971 882 5026 πλεῖστά
905 4991 965 5027 τε
997 4977 1133 5047 πρὸς
1160 4979 1369 5044 τούτοις
1400 4977 1468 5053 ἦν
1496 4983 1680 5057 ἔτερα,
1703 4984 1977 5056 δειμάτων

399 5059 494 5112 καὶ
541 5061 733 5125 πτοίας
775 5064 874 5135 τῆς
918 5067 998 5130 εἰς
1036 5068 1204 5139 ἄκρον
1253 5073 1532 5144 ποιητικὰ,
1577 5075 1655 5138 ὡς
1704 5078 1976 5149 ἀφόρητον

400 5150 652 5220 γενέσθαι
681 5157 792 5219 τοῖς
819 5157 1114 5228 θεωμένοις
1158 5162 1272 5234 τὴν.
1299 5164 1442 5234 ὄψιν.
1490 5166 1598 5220 Καὶ
1643 5168 1774 5235 γοῦν
1820 5187 1977 5239 μεσι-

399 5241 654 5296 τεύεσθαι
709 5250 1053 5318 παρεκάλουν
1107 5255 1156 5306 oi
1209 5255 1269 5321 ἐξ
1337 5256 1550 5327 Ἰσραὴλ
1595 5257 1844 5325 λέγοντες
1892 5258 1972 5328 τῷ

401 5334 717 5406 παναρίστῳ
762 5340 985 5394 Μωσεί·
1047 5362 1065 5394 ι
1098 5345 1262 5400 Λάλει
1301 5347 1366 5398 σὺ
1386 5347 1521 5415 πρὸς
1564 5349 1730 5417 ἡμᾶς,
1768 5347 1861 5400 καὶ
1897 5341 1996 5418 μὴ’

402 5423 629 5479 λαλείτω
661 5429 798 5500 πρὸς
829 5433 974 5502 ἡμᾶς
1014 5435 1042 5486 ό
1091 5437 1240 5502 Θεὸς,
1294 5439 1380 5492 ἵνα
1423 5440 1497 5510 μὴ
1538 5440 1916 5510 ἀποθάνωμεν.
1949 5426 1982 5491 ι⁵

401 5515 567 5568 οὐδὲν
604 5515 697 5572 οὖν
737 5520 798 5573 τὸ
844 5522 1050 5594 θαῦμα,
1074 5529 1262 5597 φησὶν,
1302 5532 1349 5582 εἰ
1396 5531 1834 5601 προηγορεύσατε
1873 5531 1970 5599 μὲν

404 5687 446 5715 ⁵⁸
471 5686 697 5744 Malach.
728 5708 807 5762 ιιι,
850 5697 932 5750 l2.
1011 5699 1054 5732 θ’
1089 5699 1190 5756 lsa.
1218 5719 1304 5768 ιν,
1336 5707 1416 5760 15.

2086 4439 2342 4513 Verbum,
2369 4441 2552 4495 divina
2598 4449 2831 4510 ornatus
2886 4441 3052 4518 gloria
3075 4439 3254 4515 ?Num_
3284 4445 3449 4496 etiam
3511 4441 3654 4495 inac-

2082 4545 2233 4585 cessa
2285 4530 2404 4586 luce
2431 4531 2726 4604 collucens,
2765 4541 2925 4605 terra:
2980 4531 3169 4598 incolis
3197 4528 3652 4605 apparuit?'Nmn

2083 4621 2251 4676 facies
2290 4620 2408 4690 ejus
2459 4621 2694 4691 conspici
2753 4638 2858 4675 non
2912 4630 3148 4694 poterat,
3197 4611 3417 4689 propter
3473 4617 3656 4688 gloria:

2084 4715 2448 4782 przestantiam
2471 4713 2494 4766 ?
2524 4711 2801 4781 Siquidem
2833 4701 3176 4782 cumnspecie
3201 4697 3655 4780 ignis-descendit

2081 4805 2143 4859 iu—
2181 4815 2420 4862 montem
2475 4804 2628 4869 Sina,
2656 4807 2898 4877 tenebrat
2929 4814 3106 4874 erant,
3138 4813 3192 4859 et
3213 4803 3407 4873 caligo,
3445 4809 3496 4856 et
3530 4816 3651 4873 pro,-

2075 4897 2232 4963 cella,
2262 4908 2317 4969 et
2367 4897 2506 4972 ignis
2553 4897 2622 4951 ab
2672 4897 2779 4951 alto
2807 4897 3068 4969 emicans,
3116 4912 3179 4950 ac
3218 4895 3392 4958 fumi,
3436 4884 3650 4972 aliaque

2076 4987 2352 5056 complura
2382 4968 2567 5041 videre
2592 4986 2764 5057 licuit,
2802 4968 2937 5063 quzc
2963 4989 3210 5056 timorem
3243 4995 3297 5039 et
3328 4968 3643 5053 trepidatio1

2076 5095 2199 5134 nem
2227 5095 2490 5134 summam
2526 5080 2892 5150 incusserunt,
2925 5083 2996 5133 ita
3033 5092 3090 5132 ιιι
3122 5089 3378 5149 aspectus
3411 5077 3650 5130 essetin-

2076 5169 2388 5224 tolcrandus
2424 5171 2815 5237 spectantibus.
2850 5169 2980 5236 Nam
3024 5177 3279 5238 rogarunt
3303 5175 3645 5235 sequestrem

2079 5260 2356 5325 Israelita,
2417 5261 2657 5315 dicentes
2711 5262 2913 5330 optimo
2961 5259 3163 5328 Moysi:
3209 5276 3227 5308 ι
3255 5250 3542 5328 Alloquere
3592 5264 3646 5308 tu

2081 5368 2194 5414 nos,
2224 5359 2279 5405 et
2308 5368 2402 5406 .ne
2429 5351 2734 5421 alloquatur
2759 5368 2856 5407 nos
2890 5353 3050 5414 Deus,
3106 5366 3171 5404 ue
3205 5337 3500 5402 moriamur
3525 5347 3593 5400 ”.
3620 5365 3640 5415 ι

2081 5441 2196 5496 Non
2226 5442 2392 5514 igitur
2428 5443 2646 5505 mirum,
2707 5441 2902 5510 inquit,
2934 5441 2977 5494 si
3021 5456 3114 5494 vos
3142 5438 3523 5521 prmdixeritis,
3553 5453 3647 5506 ap-

2080 5534 2364 5604 paruitque
2409 5533 2497 5588 illa
2541 5539 2696 5587 terra:
2756 5532 3150 5590 habitatoribus
3215 5546 3318 5587 non
3356 5529 3644 5601 spectanda

1513 5709 1576 5739 "°
1610 5708 1707 5763 lsa.
1743 5707 1874 5775 XLI,
1919 5709 2000 5773 l8,
2040 5710 2124 5766 19.
2204 5712 2248 5748 '9
2271 5711 2438 5767 Exod.
2480 5726 2570 5777 xx,
2612 5711 2695 5766 l9.
