4078 6292
366 280 498 335 1175

1485 276 1557 330 ΙΝ
1595 278 1826 333 ΙΞΑΙΑΜ
1864 279 1994 334 LIB.
2039 280 2100 335 ν.
2146 280 2385 338 TOMUS
2424 281 2465 335 I‘;

3469 284 3608 340 ΜΗ

356 392 510 463 φησι,
541 387 605 444 τὸ
634 391 924 461 πρόσωπον
959 389 1128 460 αὐτῷ.
1165 391 1237 443 T6
1267 392 1345 455 δὲ,
1365 392 1794 463 Ἀπὲστραπται,
1815 396 1936 450 ἀντὶ

2056 415 2221 453 ἐνοηι
2263 401 2560 455 exstitisse.
2594 401 2796 452 Aversa
2844 405 2950 460 est,
3002 396 3193 468 inquit,
3242 398 3420 454 facies
3469 399 3606 467 ejus.

354 481 473 549 τοῦ,
491 480 876 555 Κατῃσχύνθη,
900 477 1199 551 ἠτιμάσθη,
1231 484 1325 537 καὶ
1351 485 1451 538 οὐκ
1474 484 1744 556 ἐλογίσθη.
1771 486 1940 539 Πιλά-

357 591 449 637 τος
479 573 717 644 μὲνγὰρ
743 572 951 642 ἔπεμψε
995 573 1088 625 τὸν
1134 573 1341 644 Ἰησοῦν
1374 575 1512 646 πρὸς
1539 576 1631 629 τὸν
1669 575 1936 647 Ἡρώδην·

356 666 386 718 6
430 664 487 718 δέ
521 680 609 733 γε,
640 663 825 733 φησιν,
859 661 1214 733 ἐξουθενήσας
1247 663 1409 717 αὐτὸν
1432 665 1939 735 ἀνέπεμψεναύτὸν.

359 756 434 808 Οὐ
458 754 568 826 γάρ
597 754 877 822 ἐλογίσατο
901 748 1155 823 εἷναιιτὸν
1186 754 1417 825 Ἰησοῦν,
1448 756 1725 826 ήτιμάσθη
1744 756 1800 810 δὲ
1848 758 1943 810 καὶ

358 846 420 899 τὸ
481 847 771 918 πρόσωπον
829 845 996 901 αὐτοῦ
1017 884 1033 909 ,
1107 844 1474 916 πεμπομένων
1525 845 1766 916 δηλονότι
1834 847 1943 900 τῶν

361 936 712 1008 πτωμάτων,
743 935 839 990 καὶ
880 935 1302 990 καταπαιόντων
1329 935 1493 988 αὐτὸν
1518 935 1627 990 τῶν
1641 936 1736 990 τοῦ
1775 930 1942 992 [Ιίλά-

356 1046 450 1083 του
472 1027 839 1099 στρατιωτῶν,
863 1027 958 1085 καί
981 1026 1247 1094 λεγόντων
1273 1042 1287 1059 ·
1315 1046 1334 1078 ι
1363 1027 1748 1098 Προφήτευσον
1782 1029 1938 1098 ἡμῖν,

357 1120 582 1191 Χριστὲ,
610 1118 698 1183 τίς
730 1120 883 1175 ἐστιν
914 1121 943 1173 6
966 1116 1168 1181 παίσας
1215 1135 1300 1174 σε.
1329 1136 1348 1170 ι
1404 1117 1711 1187 Ἠτιμάσθη
1756 1117 1812 1171 δὲ
1852 1118 1945 1171 καὶ

356 1213 584 1283 ἑτέρως,
616 1210 716 1275 τὰς
745 1210 836 1265 διά
870 1210 1153 1282 μαστίγων
1184 1211 1368 1272 αἰκίας
1396 1208 1735 1278 ὑπενεγκὼν,
1757 1209 1852 1263 καὶ
1878 1209 1947 1263 τά

357 1307 422 1359 ἐκ
454 1303 880 1376 τῶνυπηρετῶν
914 1303 1257 1375 ῥαπίσματα.
1305 1304 1451 1374 Ἔφη
1479 1302 1609 1373 γρῦν
1631 1302 1722 1357 διὰ
1763 1302 1946 1372 φωνῆς

369 1395 617 1449 Ἦσαΐου’
660 1413 680 1447 ι
718 1394 1014 1450 Τὸννῶτόν
1049 1411 1150 1465 μου
1165 1395 1370 1448 δέδωκα
1411 1397 1491 1459 εἰς
1515 1394 1803 1466 μάστιγας,
1847 1393 1947 1455 τὰς

359 1487 417 1540 δὲ
440 1484 703 1552 σιαγόνας
736 1502 833 1556 μου
858 1486 938 1547 είς
975 1482 1318 1556 ῥαπίσματα,
1350 1483 1491 1537 τὸδὲ
1522 1482 1812 1553 πρόσωπόν
1844 1498 1946 1553 μου

363 1576 465 1630 οὐκ
484 1574 801 1646 ἀπέστρεψα
827 1574 935 1628 ἀπὸ
957 1573 1218 1646 αἰσχύνης
1245 1574 1945 1645 ὲμπωσμάτωνδυὺκοῦν,

367 1664 627 1739 ὼςὲἐφῃν,
654 1665 895 1717 ἐοίκασιν
922 1665 971 1717 οί
1006 1663 1281 1718 θεσπέσιοι
1307 1665 1584 1735 προφῆται
1608 1663 1727 1716 καθ’
1754 1663 1948 1732 ὅρασιν

366 1727 612 1825 δηλονότι
638 1753 738 1825 τὴν
763 1754 849 1808 διά
877 1753 970 1808 τοῦ
997 1753 1151 1822 ἁγίου
1181 1727 1500 1823 Πνεύματος
1529 1753 1657 1807 ἰδεῖν
1678 1752 1771 1806 τὸν
1789 1727 1945 1815 ’Υίὸν,
1980 1727 2023 1785 Β

368 1844 486 1914 ήτοι
511 1844 573 1896 τὺ
593 1841 761 1898 αὑτοῦ
800 1845 1092 1915 πρόσωπον
1118 1843 1421 1914 κατηφείας
1442 1841 1949 1914 ἀνθρωποπρεποῦς

367 1933 468 1985 οὐκ
496 1931 936 2002 ἀπηλλαγμένον,
967 1932 1061 1985 ᾶτε
1092 1931 1157 2002 δὴ
1187 1932 1281 1985 καὶ
1306 1930 1657 2003 ἐνεστηκότος
1691 1930 1788 1984 τοῦ
1827 1947 1951 1985 καιο

369 2021 486 2093 ροῦ,
522 2021 646 2076 καθ’
680 2020 738 2073 δν
783 2021 888 2075 ἔδει
923 2021 1116 2076 παθεῖν
1151 2023 1335 2089 αὐτὸν,
1376 2022 1463 2075 ἶνα
1483 2020 1562 2092 τῷ
1602 2021 1820 2092 Θανάτῳ
1850 2020 1951 2090 τῆς

370 2109 504 2173 ιδίας
529 2109 731 2181 σαρκὸς
765 2112 1087 2182 καταργήσῃ
1114 2110 1206 2164 τὸν
1232 2110 1481 2175 θάνατον,
1511 2110 1828 2182 ἀποστήσας
1853 2109 1967 2171 τοῦ,

367 2199 572 2270 κόσμου
605 2199 704 2271 τὴν
735 2200 1037 2272 ἁμαρτίαν.

432 2286 621 2361 Οὗτος
644 2292 751 2357 τὰς
770 2292 1061 2361 ἁμαρτίας
1082 2290 1251 2361 ἡμῶν
1272 2292 1469 2360 φέρει,
1497 2293 1596 2347 καί
1627 2292 1759 2361 περὶ
1784 2292 1952 2362 ἡμῶν

367 2379 672 2435 ὀδυνᾶταν
696 2381 795 2435 καί
818 2380 991 2449 ἡμεῖς
1038 2380 1437 2451 ἐλογισάμεθα
1480 2382 1667 2437 αὐτὸν
1701 2379 1854 2437 εἶναι
1883 2383 1952 2436 ἐν

369 2473 552 2539 αόνῳ,
585 2472 686 2526 καὶ
713 2473 783 2525 ἐν
810 2472 1041 2543 πληγῇ,
1081 2473 1182 2527 καί
1225 2475 1295 2527 ἐν
1339 2474 1614 2528 κακώσει.
1658 2475 1842 2542 Αὐτὸς
1883 2475 1952 2528 δὲ

371 2561 817 2630 ἐτραυματίσθη
845 2562 945 2616 διὰ
967 2563 1076 2628 τὰς
1096 2565 1385 2635 ἁμαρτίας
1418 2564 1604 2634 ἡμῶν,
1633 2565 1732 2620 καὶ
1762 2584 1952 2636 μεμα-

371 2651 655 2706 λιίκισται
677 2651 776 2706 διὰ
801 2653 909 2718 τὰς
931 2654 1182 2722 ἀνομίας
1220 2653 1405 2724 ἡμῶν.
1438 2655 1680 2710 Παιδεία
1711 2655 1953 2726 εἰρήνης

374 2740 542 2810 ἡμῶν
567 2742 663 2795 ἐπ’
693 2743 898 2809 αὐτὸν,
925 2743 1001 2809 τῷ
1009 2744 1255 2814 μώλωπι
1279 2745 1463 2800 αὐτοῦ
1484 2747 1657 2815 ἡμεῖς
1683 2746 1948 2816 ίιίθημεν.

378 2828 607 2895 Πάντες
639 2831 719 2897 ὡς
748 2832 1009 2900 πρόϐατα
1042 2834 1496 2903 ἐπλανήθημενσ
1542 2836 1851 2906 ἄνθρωπος
1880 2837 1953 2906 τῇ

377 2919 494 2984 ὀδῷ
517 2921 705 2976 αὑτοῦ
735 2922 1069 2993 ἐπλανήθη,
1100 2925 1197 2979 καὶ
1222 2929 1434 2996 Κύριος
1461 2926 1803 2996 παρέδωκεν
1844 2931 1950 2983 αὑ-

376 3009 483 3062 τὸν
512 3010 637 3077 ταῖς
666 3011 977 3081 ἁμαρτίαις
1000 3014 1212 3082 ἡμῶν..

462 3100 754 3172 ’Υπέμεινε
781 3104 1033 3174 σταυρὸν,
1063 3106 1324 3174 αἰσχυνης
1347 3106 1762 3177 καταφρονήσας
1787 3106 1815 3157 ό
1839 3105 1949 3157 K6-

378 3207 493 3259 ριος
518 3194 550 3262 ή
561 3192 674 3260 μῶν
716 3192 920 3263 Ἰησοῦς
944 3194 1197 3266 Χριστὸς,
1225 3197 1318 3249 καὶ
1358 3197 1580 3265 γέγονεν
1609 3197 1848 3266 ὑπήκοος
1872 3196 1951 3267 τῷ

378 3282 552 3352 [largi
590 3282 753 3354 μέχρι
796 3284 1049 3349 Θανάτου,
1097 3285 1191 3339 καὶ
1234 3286 1337 3355 τῆς
1385 3286 1651 3340 Ἰουδαίων
1695 3287 1953 3356 ἠνέσχετο

371 3373 712 3439 δυσσεϐείας,
741 3377 851 3440 ἵνα,
880 3375 956 3436 ὡς
987 3375 1122 3446 ἔφην
1163 3376 1385 3447 ἀρτίως,
1424 3378 1598 3450 ἀφέλῃ
1627 3378 1721 3432 τοῦ
1746 3379 1951 3450 κόσμου

370 3467 470 3537 τὴν
498 3464 799 3535 ἁμαρτίαν,
829 3464 982 3518 οὐδὲν
1022 3465 1103 3530 είς
1150 3465 1311 3519 τοῦτο
1344 3467 1645 3539 κατορθοῦν
1678 3468 1954 3538 ἰσχύοντος

369 3555 465 3618 τοῦ
483 3555 707 3626 νομικοῦ
724 3556 1072 3626 γράμματος,
1096 3555 1214 3615 ἢτοι
1228 3556 1328 3627 τῆς
1345 3557 1484 3610 κατὰ
1505 3558 1666 3629 νόμον
1680 3558 1840 3630 λατρε
1851 3560 1950 3623 ἔας.

374 3646 485 3699 Καὶ
529 3647 641 3717 γὰρ
688 3641 756 3718 ἦν
784 3646 1086 3716 ἀμήχανον
1134 3640 1270 3715 αἷμα
1319 3645 1538 3716 τράγων
1591 3649 1682 3700 καὶ
1738 3648 1955 3719 ταύρων

374 3738 632 3807 ἀφαιρεῖν
672 3736 968 3807 ἁμαρτίας.
998 3736 1144 3801 Ἔξω
1172 3754 1236 3806 γε
1261 3737 1370 3807 μὴν
1396 3738 1493 3807 τῆς
1518 3738 1693 3809 πύλης
1730 3740 1952 3805 ἔπαθεν,

376 3829 485 3893 ἵνα,
518 3828 594 3891 ὡς
623 3829 651 3880 6
678 3828 890 3890 Παῦλός
916 3844 1069 3897 φησι,
1099 3827 1187 3881 διὰ
1215 3828 1311 3881 τοῦ
1336 3829 1463 3882 ἰδίου
1489 3829 1721 3899 αἵματος
1751 3832 1955 3904 ἁγιάσῃ

372 3917 467 3970 τὸν
496 3916 623 3970 λαόν
641 3932 653 3944 ’
681 3915 913 3969 πέπονθε
939 3916 1067 3986 γὰρ,
1103 3917 1203 3986 οὐχ
1236 3917 1375 3987 ὑπέρ
1406 3933 1468 3984 γε
1514 3919 1711 3987 μᾶλλον
1739 3919 1953 3985 ἑαυτοῦ,

372 4008 575 4062 πολλοῦ
612 4024 675 4077 γε
702 4009 796 4063 καὶ
825 4007 927 4073 δεῖ,
955 4007 1069 4060 ἀλλ’
1100 4008 1241 4078 ὑπὲρ
1275 4007 1454 4078 πάσης
1476 4008 1574 4078 τῆς
1594 4009 1686 4061 ὑπ’
1707 4010 1953 4081 οὐρανόν.

374 4097 491 4152 Καὶ
543 4098 878 4168 μαρτυρήσει
922 4096 1150 4166 γράφων
1192 4099 1220 4150 6
1267 4096 1539 4166 πάνσοφος
1574 4097 1786 4165 Παῦλος
1830 4102 1958 4172 περὶ

375 4188 475 4241 τοῦ
509 4187 642 4241 Θεοῦ
666 4189 755 4240 καὶ
784 4187 1016 4258 Πατρὸς,
1044 4188 1124 4240 ὅτι
1168 4208 1185 4238 ι
1211 4187 1317 4240 Τοῦ
1352 4188 1480 4241 ἰδίου
1522 4189 1652 4244 Υίοῦ
1680 4193 1778 4244 οὐκ
1797 4193 1956 4260 ,ἐφεί-

382 4295 535 4342 σατο,
566 4278 681 4331 ἀλλ’
702 4279 841 4349 ὑπὲρ
874 4278 1030 4350 ήμῶν
1067 4278 1283 4332 πάντων
1313 4280 1627 4350 παρέδωκεν
1656 4283 1836 4349 αὑτὸν,
1873 4285 1957 4337 ἵνα

381 4369 476 4422 καὶ
498 4370 596 4422 σὺν
625 4369 775 4438 αὐτῷ
800 4368 869 4421 τά
903 4353 1241 4439 πάνταήμῖν
1270 4373 1585 4441 χαρίσηται.
1613 4390 1632 4424 ι
1663 4375 1770 4428 Καὶ
1794 4375 1957 4438 αὐτὸς
1990 4403 2034 4458 D

376 4460 435 4513 δέ
467 4460 568 4513 πού
602 4477 735 4531 φησι
759 4460 848 4514 διά
883 4462 981 4531 τῆς
1017 4459 1113 4512 τοῦ
1141 4460 1449 4523 Ψάλλοντος
1486 4462 1654 4533 λύρας
1686 4465 1822 4535 πρὸς
1867 4466 1957 4519 τὸν

380 4554 440 4604 ὲν
478 4554 589 4615 τοῖς
631 4552 877 4622 οὐρανοῖς
929 4552 1147 4624 Πατέρα
1186 4553 1281 4607 καὶ
1306 4553 1497 4609 μΘεόνλτ
1559 4573 1576 4606 ι
1605 4555 1834 4610 Θυσίαν
1865 4558 1959 4611 καὶ

379 4642 696 4712 προσφορὰν
738 4643 838 4697 οὐκ
866 4644 1156 4715 ἠθέλησας,
1185 4644 1353 4714 ,σῶμα
1390 4645 1446 4699 δὲ
1488 4649 1799 4717 κατηρτίσω
1826 4666 1917 4720 μοι
1940 4691 1954 4703 .

394 4732 851 4803 Ὀλοκαυτὼματα
900 4736 993 4789 καὶ
1029 4736 1161 4808 περὶ
1194 4737 1464 4807 ἁμαρτίας
1509 4738 1610 4790 οὐκ
1643 4737 1958 4809 εὐδόκησας,

378 4822 503 4875 τότε
545 4819 696 4877 εἶπον
721 4840 738 4855 ο
796 4824 924 4878 Ἰδοὺ
954 4827 1093 4898 ήκω.
1148 4827 1235 4880 Ἐν
1261 4827 1507 4896 κεφαλίδι
1536 4828 1738 4897 βιϐλίου
1764 4829 1966 4899 γέγρα-

383 4932 515 4969 πται
548 4915 677 4986 περὶ
701 4917 858 4988 ἐμοῦ,
889 4918 984 4971 τοῦ
1013 4920 1260 4990 ποιῆσαι,
1289 4922 1317 4972 6
1357 4919 1509 4983 Θεὸς,
1535 4921 1596 4981 τὸ
1626 4921 1839 4991 θέλημά
1871 4939 1964 4973 σου
1999 4967 2002 4970 .

377 5003 712 5077 ἠϐουλήθην.
751 5025 769 5056 ι
813 5006 1098 5077 Ἀνονήτου
1138 5009 1245 5079 γάρ
1270 5008 1436 5079 οὔσης
1463 5012 1574 5073 τοῖς
1607 5010 1699 5062 ἐπὶ
1726 5010 1828 5080 τῆς
1863 5010 1967 5080 γῆς

378 5097 459 5158 είς
487 5095 549 5148 τὺ
581 5096 798 5165 ἀφελεῖν
830 5100 1108 5170 ἁμαρτίας
1163 5099 1262 5168 τῆς
1305 5101 1446 5153 κατὰ
1482 5100 1657 5169 νόμον
1687 5100 1963 5171 λατρείας,

379 5187 614 5258 ἐπείπερ
654 5185 795 5260 ἦσαν
839 5191 1130 5264 ἀϐούλητοι
1159 5190 1238 5261 τῷ
1265 5190 1385 5261 Θεῷ
1437 5191 1717 5261 βουθυσίαι
1763 5209 1821 5243 τε
1866 5193 1958 5245 καὶ

378 5277 674 5345 προϐάτων
711 5282 941 5348 σφαγαὶ,
973 5282 1414 5353 προσκεκὸμικεν
1441 5283 1632 5336 ἑαυτὸν
1662 5284 1742 5346 εἰς
1785 5283 1958 5353 ὀσμὴν
1990 5328 1999 5335 .

377 5367 608 5431 εὐωδίας
637 5368 776 5440 ὑπὲρ
809 5373 841 5440 ή
852 5372 968 5441 μῶν
995 5375 1023 5425 ὁ
1055 5372 1226 5442 ἀμνὸς
1254 5375 1282 5428 ὁ
1304 5371 1576 5441 ἀληθινὸς,
1607 5374 1635 5425 ὁ
1669 5372 1839 5443 αἴρων
1864 5374 1959 5443 τὴν

378 5460 659 5530 ἁμαρτίαν
679 5461 772 5515 τοῦ
790 5463 1020 5535 κόσμου·
1051 5460 1169 5518 εἶτα
1187 5464 1279 5517 τὸν
1308 5463 1410 5534 τῆς
1439 5464 1638 5535 σαρκὸς
1663 5464 1961 5535 ὑπομείνας

459 5647 503 5678 ³⁸
526 5646 637 5701 Luc
671 5659 809 5711 xxii,
834 5644 920 5698 6L
999 5646 1062 5717 ’ἐν
1095 5644 1195 5702 lsa.
1227 5664 1278 5715 ι,
1311 5649 1363 5703 ίῑ.
1442 5649 1484 5680 ⁵⁷
1514 5650 1670 5706 llebr.
1708 5652 1937 5713 “11,12.

2043 493 2268 554 Aversa,
2305 508 2423 561 pro,
2460 490 2681 547 confusa
2730 500 2832 553 est,
2868 498 3200 559 contempta,
3228 499 3281 545 et
3316 506 3421 546 non
3448 507 3609 561 repu-

2047 592 2178 640 tata.
2205 582 2405 636 Pilatus
2431 583 2572 635 enim
2606 581 2750 636 misit
2775 578 2958 636 .lesum
2989 579 3056 635 ad
3090 578 3389 647 Herodem;
3416 589 3471 636 at
3499 581 3607 645 ille,

2046 672 2238 739 inquit,
2269 685 2394 725 eum
2423 669 2574 725 nihili
2602 668 2802 724 factum
2834 667 3065 725 remisit.
3098 667 3216 724 Non
3268 670 3414 724 enim
3455 684 3613 739 repu-

2045 763 2179 817 tavit
2202 777 2326 818 esse
2361 761 2568 817 Iesum.
2606 760 2927 831 Coutempta
2955 774 3171 831 quoque
3219 761 3321 815 fuit
3365 761 3484 830 ejus
3530 761 3612 817 fa-

2044 852 2176 919 cies,
2210 850 2471 920 conjectis
2495 850 2701 906 scilicet
2726 850 2780 905 in
2813 864 2936 905 eum
2974 849 3256 920 spntis,.,et
3284 848 3438 904 Pilati
3473 850 3614 909 mili-

2046 943 2186 998 tibus
2226 957 2347 997 eum
2370 941 2703 1012 pulsantibus
2737 956 2802 995 ac
2832 940 3141 996 dicentibus
3181 959 3197 997 :
3237 961 3256 994 ι
3288 940 3612 1011 Prophetiza

2047 1031 2224 1096 nobis,
2263 1028 2500 1091 Christe,
2525 1030 2649 1100 quis
2679 1030 2882 1100 estqui
2917 1039 2967 1084 te
3003 1029 3266 1099 percussit
3288 1029 3366 1085 ιιι
3410 1049 3430 1083 ι
3473 1032 3615 1086 Con-

2046 1129 2281 1187 temptus
2306 1126 2390 1173 est
2418 1119 2525 1174 alio
2545 1133 2758 1189 quoque
2786 1120 2966 1184 modo,
2990 1121 3218 1176 verbera
3249 1134 3315 1175 ac
3353 1119 3613 1190 supplicia

2046 1211 2288 1275 subiens,
2318 1219 2372 1265 et
2404 1211 2771 1266 ministrorum
2795 1210 3001 1281 alapas.
3031 1210 3471 1280 Siquidemdixit
3488 1227 3617 1268 voce

2047 1299 2210 1373 744
2237 1300 2386 1356 Isaiae
2423 1319 2436 1355 :
2479 1319 2497 1352 ι
2528 1299 2761 1371 Tergum
2820 1315 2997 1355 meum
3038 1301 3210 1372 obieci
3259 1302 3615 1369 verberibus,

2047 1402 2101 1448 et
2134 1393 2379 1447 maxillas
2407 1408 2556 1448 meas
2585 1394 2789 1464 alapis,
2821 1395 3014 1449 laciem
3049 1404 3232 1449 autem
3257 1441 3260 1445 .
3284 1409 3459 1450 meam
3510 1411 3615 1451 non

2048 1487 2217 1540 averti
2260 1501 2290 1539 a
2333 1486 2597 1540 dedecore
2642 1499 2922 1556 sputorum
2952 1486 3042 1541 ⁸⁸·.
3084 1504 3104 1538 ι
3142 1486 3332 1541 Vident
3361 1501 3510 1556 ergo.
3557 1498 3619 1541 ut

2049 1579 2180 1644 dixi,
2208 1577 2376 1632 divini
2428 1578 2702 1648 propheta:
2756 1592 2854 1647 per
2900 1578 3187 1641 visionem,
3252 1577 3482 1642 scilicet,
3523 1591 3639 1647 per.

2052 1668 2307 1739 Spiritum
2339 1676 2606 1733 sanctum.
2657 1669 2841 1725 videre
2867 1667 3095 1737 Filium,
3150 1668 3241 1723 vel
3258 1667 3456 1723 faciem
3480 1667 3647 1737 eius,

2051 1772 2082 1813 ιι
2117 1756 2332 1811 tristitia
2356 1759 2589 1811 humana
2624 1756 2844 1811 minime
2868 1756 3118 1821 liberam,
3172 1755 3413 1812 instante
3458 1757 3609 1811 nimi-

2049 1862 2169 1901 rum
2206 1857 2447 1915 tempore
2494 1861 2601 1916 quo
2659 1861 2781 1900 eum
2832 1846 2939 1914 pati
2993 1845 3231 1916 oportuit
3277 1862 3290 1897 :
3344 1854 3405 1900 ιιι
3449 1857 3621 1902 morte

2050 1938 2280 2007 propria:
2312 1937 2492 1993 carnis
2544 1948 2774 1994 mortem
2811 1937 3164 2004 aboleret,,et
3192 1938 3374 1994 mundi
3432 1953 3620 2008 pecca-

2051 2036 2161 2084 tum
2198 2028 2431 2084 tolleret.

2123 2292 2282 2348 νειιε.
2326 2292 2449 2347 4-6.
2485 2294 2585 2348 llic
2609 2304 2817 2363 peccata
2846 2306 3022 2350 nostra
3049 2306 3241 2365 portat,
3280 2306 3326 2350 et
3353 2313 3447 2366 pro
3476 2300 3620 2351 nobis

2050 2383 2189 2437 dolet
2219 2399 2237 2437 :
2264 2393 2315 2441 et
2349 2401 2441 2438 nos
2474 2387 2768 2450 putavimus
2796 2387 2946 2441 illuni
2985 2388 3040 2440 in
3087 2386 3267 2443 labore
3294 2404 3434 2452 me,
3471 2400 3518 2443 et
3566 2389 3653 2441 iu,

2049 2473 2227 2543 plaga,
2253 2487 2300 2529 et
2323 2476 2375 2529 in
2406 2476 2699 2545 aﬁlictione.
2725 2476 2844 2545 Ipse
2872 2486 3048 2531 autem
3084 2477 3380 2532 vulneratus
3399 2487 3477 2533 est
3498 2495 3621 2546 ρτοο

2050 2578 2164 2634 pter
2187 2576 2397 2634 peccata
2424 2578 2626 2632 nostra,
2651 2577 2702 2621 et
2722 2567 2962 2635 infirmus
2985 2567 3156 2645 {uetus
3186 2577 3260 2621 est
3295 2578 3502 2637 promer
3532 2565 3624 2621 ini-

2051 2657 2278 2726 quitates
2319 2668 2547 2711 nostras.
2585 2657 2867 2727 Disciplina
2892 2661 3034 2728 pacis
3066 2669 3258 2712 nostra:
3290 2674 3443 2727 super
3482 2676 3620 2719 etim.

2053 2747 2215 2801 livore
2243 2747 2356 2815 ejus
2396 2765 2488 2801 nos
2518 2749 2689 2801 sanati
2721 2765 2922 2803 sumus.
2958 2747 3149 2802 Omnes
3178 2758 3231 2802 ut
3275 2763 3389 2802 oves
3421 2749 3622 2802 errati~

2054 2853 2169 2894 mus
2197 2852 2216 2890 :
2240 2839 2393 2892 homo
2425 2841 2475 2892 in
2518 2840 2602 2892 tia
2634 2856 2730 2893 sua
2757 2839 2969 2906 erravit,
3003 2849 3051 2893 et
3100 2838 3352 2894 Dominus
3403 2838 3635 2892 tradidit.

2053 2944 2169 2982 eum
2195 2928 2555 2996 iniquitatibus
2590 2932 2803 2985 nostris.

2135 3100 2348 3156 Subivit
2379 3115 2618 3168 crucem,
2654 3102 2943 3172 ignominia
2986 3109 3313 3171 contempta,
3366 3102 3626 3158 Dominus
3656 3144 3659 3147 η

2062 3201 2246 3247 noster
2268 3192 2426 3247 Jesus
2455 3191 2724 3256 Christus,
2761 3200 2815 3247 et
2837 3196 3126 3247 metusest
3168 3192 3426 3248 obediens
3479 3191 3626 3248 Patri

2061 3284 2321 3352 usquead
2361 3294 2612 3349 mortem,
2652 3292 2706 3339 et
2737 3282 3044 3338 Judteorum
3089 3283 3417 3353 impietatem
3457 3284 3626 3338 susti-

2061 3373 2196 3439 nuit,
2232 3383 2311 3437 ut,
2346 3372 2797 3442 quemadmodum
2825 3372 2938 3442 jam
2970 3371 3101 3438 dixi,
3139 3373 3317 3426 mundi
3350 3383 3626 3441 peccatum

2061 3461 2323 3525 auferret,
2360 3476 2479 3516 cum
2510 3460 2642 3515 nihil
2673 3462 2738 3514 ad
2776 3463 2877 3516 hoc
2905 3460 3091 3531 legalis
3127 3461 3304 3516 littera
3358 3461 3439 3516 vel
3498 3462 3630 3530 legis

2061 3552 2239 3607 cultus
2258 3555 2607 3607 conduceret.
2639 3552 2748 3608 Nec
2777 3554 2926 3608 enim
2966 3553 3218 3623 possibile
3257 3565 3374 3610 erat
3414 3556 3630 3624 sangui-

2062 3659 2185 3698 nem
2224 3652 2498 3698 taurorum
2532 3652 2587 3696 et
2615 3643 2887 3699 hircorum
2919 3643 3132 3699 auferre
3177 3656 3416 3716 peccata.
3464 3646 3627 3699 Extra

2062 3743 2274 3801 portam
2300 3747 2492 3801 passus
2523 3740 2629 3797 est,
2655 3743 2732 3799 ut,
2758 3734 2915 3788 siculi
2942 3734 3140 3790 Paulus
3183 3735 3260 3788 ait
3301 3735 3368 3799 ",
3417 3736 3632 3802 proprio

2064 3824 2331 3891 sanguine
2379 3823 2633 3893 pupulum
2670 3824 3084 3894 sanctiﬁcaret;
3111 3839 3307 3892 passus
3359 3834 3441 3878 est
3486 3827 3629 3879 enim
3662 3864 3669 3874 ,

2066 3928 2168 3968 non
2197 3929 2294 3983 pro
2329 3916 2530 3985 seipso,
2559 3914 2610 3967 id
2641 3913 2783 3967 enim
2812 3913 2969 3982 longe
3000 3915 3148 3969 abest
3177 3930 3206 3966 a
3239 3929 3386 3979 vero,
3412 3915 3506 3969 sed
3536 3931 3633 3985 pro

2066 4017 2177 4063 tota
2214 4006 2314 4063 sub
2342 4007 2466 4062 cmli
2490 4007 2773 4074 complexu
2801 4017 2965 4061 terra.
2988 4007 3052 4061 Et
3075 4007 3447 4062 testiﬁcabitur
3469 4009 3630 4063 etiam

2065 4098 2266 4166 Paulus
2298 4095 2753 4166 sapientissimus,
2789 4095 3035 4151 scribens
3064 4098 3130 4151 de
3165 4097 3273 4152 Deo
3311 4107 3365 4152 et
3412 4098 3572 4153 Patre
3617 4117 3628 4152 τ

2069 4208 2090 4242 ι
2129 4189 2357 4258 Proprie
2385 4188 2522 4242 Filio
2546 4202 2648 4241 non
2680 4187 2941 4256 pepercit,
2971 4188 3064 4242 sed
3089 4203 3185 4258 pro
3209 4189 3362 4244 nobis
3385 4190 3637 4244 onitiibus

2068 4283 2288 4337 tradidit
2316 4297 2463 4345 eum,
2487 4290 2550 4333 ιιι·
2573 4289 2626 4334 et
2651 4295 2772 4334 cum
2792 4280 3095 4349 ipsoomuia
3113 4281 3266 4337 nobis
3292 4266 3628 4337 donaret"...

2065 4373 2183 4443 Ipse
2241 4374 2367 4427 item
2397 4372 2527 4427 dicit
2568 4386 2663 4441 per
2711 4370 2880 4442 lyram
2933 4370 3151 4427 Psaltaa
3191 4374 3262 4427 ad
3314 4371 3532 4429 Patrem
3583 4386 3636 4427 et

2065 4465 2232 4520 Deum
2269 4465 2321 4519 in
2353 4463 2507 4521 caelis
2542 4480 2556 4516 :
2597 4480 2618 4515 ι
2663 4462 3092 4517 Sacriﬁciumet
3116 4464 3440 4521 oblationem
3467 4464 3637 4519 nolui-

2065 4558 2134 4611 sti
2169 4574 2182 4611 :
2220 4571 2416 4626 corpus
2451 4563 2629 4610 autem
2684 4555 2959 4625 perlecisti
3015 4557 3167 4610 mihi.
3207 4556 3523 4611 llolocansta
3584 4566 3639 4609 et

2066 4663 2164 4718 pro
2195 4656 2422 4717 peccato
2453 4647 2903 4717 tionacceptasti,
2936 4656 3059 4700 tunc
3082 4647 3192 4700 dixi
3233 4662 3249 4699 :
3289 4647 3428 4717 Ecce
3458 4649 3636 4702 venio.

2067 4738 2122 4792 ln
2152 4739 2328 4807 Capite
2355 4737 2479 4792 libri
2511 4737 2771 4806 scriptum
2815 4747 2897 4792 est
2938 4739 3005 4794 de
3057 4754 3163 4805 me,
3209 4748 3269 4794 ut
3303 4738 3555 4806 lacerent,
3605 4757 3639 4795 ο

2065 4830 2226 4892 Deus,
2255 4827 2581 4881 voluntatem
2619 4836 2763 4881 tuam
2788 4827 2928 4882 volui
2969 4830 3037 4881 ".
3080 4846 3099 4880 ι
3148 4827 3279 4881 Nam
3326 4844 3446 4882 cum
3507 4829 3638 4898 legis

2062 4916 2236 4972 cultus
2299 4918 2366 4970 ad
2412 4916 2648 4971 tollenda
2712 4926 2931 4986 peccata
2980 4926 3135 4971 terra:
3192 4917 3383 4971 incolis
3451 4933 3636 4985 parinn

2063 5009 2386 5076 prodesset:
2423 5022 2529 5061 non
2560 5007 2706 5059 enim
2744 5005 2855 5059 Deo
2902 5004 3186 5072 placebant
3230 5007 3391 5061 boum
3434 5017 3638 5061 macta-

2065 5099 2259 5163 tiones,
2284 5108 2338 5153 et
2356 5098 2533 5152 ovium
2569 5096 2797 5151 laniena:
2829 5116 2841 5151 :
2881 5098 3117 5165 seipsum
3155 5099 3206 5150 in
3242 5097 3464 5152 odorem
3489 5099 3643 5151 bona:

2065 5188 2376 5260 fragrantia:
2402 5202 2499 5257 pro
2548 5185 2706 5242 nobis
2751 5187 2966 5249 obtulit,
3022 5187 3207 5260 7&5
3241 5203 3412 5257 agnus
3461 5203 3640 5246 verus,

2066 5280 2161 5349 qui
2191 5279 2637 5348 tollitpeccawm
2686 5276 2868 5330 mundi
2927 5296 2940 5331 :
2992 5277 3187 5332 deinde
3229 5281 3408 5333 carnis
3468 5287 3643 5333 morte

2070 5387 2342 5444 perpessa,
2374 5378 2543 5425 totum
2568 5369 2751 5423 orbem
2780 5369 2879 5422 sub
2902 5370 3026 5424 cceli
3076 5373 3360 5441 complexu
3396 5371 3640 5426 liberavit

2069 5476 2123 5523 ct
2154 5484 2182 5522 ιι
2214 5473 2388 5521 morte
2413 5469 2468 5517 et
2501 5477 2530 5514 a
2564 5468 2813 5530 peccato.
2849 5458 2996 5514 Unus
3030 5462 3173 5516 enim
3200 5465 3373 5520 instar
3400 5462 3641 5519 omnium

2022 5651 2242 5706 "Ruin.
2276 5665 2389 5716 \‘ltl,
2430 5647 2517 5702 32.
2597 5648 2641 5678 ³³
2671 5647 2813 5701 Psal.
2860 5660 3045 5710 xxxix,
3077 5646 3171 5701 7.9
