4078 6292
549 224 687 294 tua

1572 178 1629 260 ς.
1673 202 1945 260 cvntLLt
1982 198 2453 257 ALEXANDRINI
2494 197 2816 254 .tneuter.

3685 190 3707 243 Ι
3726 188 3847 245 196⁸

547 343 735 405 silent,
766 345 900 398 etin
944 350 1037 392 eos
1086 334 1176 404 qui
1206 334 1306 387 hoc
1337 329 1537 385 faciunt
1578 342 1683 382 non
1738 325 2001 381 insiliunt.
2038 325 2113 378 Ita

2233 321 2458 374 εναντίον
2484 319 2578 373 τοῦ
2614 319 2885 390 κείροντος
2919 315 3108 382 αὑτὸν,
3142 313 3371 378 ἄφωνος.
3416 310 3847 380 Ἀποφέρονταιν

546 431 799 497 Christus
832 426 1094 483 conviciis
1131 421 1417 492 appetitus,
1446 417 1686 475 convicia
1723 430 1827 470 non
1871 413 2118 483 regessit,

550 524 762 594 patiens
791 535 897 575 non
927 519 1163 573 minatus
1189 522 1297 579 est,
1347 512 1442 567 sed
1491 508 1638 578 justo
1685 507 1949 575 judicauti
2006 520 2119 560 rem

549 612 841 679 commisit.
874 610 1071 665 Verum
1108 606 1272 674 igitur
1303 611 1406 666 est,
1441 602 1497 667 in
1527 600 1830 661 humilitate
1854 597 2121 666 judicium

549 705 668 772 ejus
691 700 960 757 sublatum
988 712 1129 753 esse.
1164 694 1300 762 Quia
1335 695 1480 750 enim
1517 692 1623 747 illis
1666 694 1819 745 visus
1860 702 1945 745 est
1991 704 2123 744 con—

551 791 866 864 temptibilis
889 790 1181 861 quispiam,
1219 797 1275 842 et
1309 786 1464 841 valde
1487 784 1775 851 demissus,
1810 780 2122 837 facillimum

548 881 839 947 calculum,
871 894 966 934 seu
1009 866 1272 945 judieitim
1326 876 1382 930 in
1437 889 1564 929 eum
1617 872 1916 943 proterunt.
1970 869 2123 937 Quod

551 974 646 1044 qui
672 975 771 1027 'em
801 972 1001 1026 faciunt
1032 969 1240 1039 judices
1277 966 1520 1037 quidam,
1546 963 1638 1034 qui
1672 972 1877 1018 exactae
1902 972 2123 1017 senten-

555 1065 644 1119 tiae
672 1073 729 1120 et
755 1063 996 1118 veritatis
1033 1076 1220 1131 parum
1260 1058 1549 1113 admodum
1597 1057 1745 1124 pensi
1797 1054 2017 1119 habent,
2070 1062 2127 1109 et

553 1155 644 1223 qui
671 1166 988 1227 expersoua
1016 1151 1194 1220 potius
1222 1163 1384 1217 quam
1423 1162 1489 1201 ex
1540 1146 1694 1199 lactis
1740 1145 2006 1212 jmlicaut.
2063 1144 2121 1199 Si

554 1234 700 1307 enim
732 1247 822 1315 qui
863 1246 918 1299 in
942 1245 1204 1312 judicium
1227 1250 1471 1303 vocatur,
1502 1238 1577 1293 sit
1606 1237 1802 1307 aliquis
1837 1237 1891 1291 itt
1927 1237 2127 1291 mundo

554 1339 806 1413 illustris.
838 1334 1015 1405 exacti
1044 1345 1098 1389 et
1138 1348 1294 1388 acres
1336 1330 1688 1398 inquisitores
1738 1342 1862 1382 esse
1909 1342 2128 1395 compe-

558 1430 799 1503 riuntur,
825 1435 883 1495 et
913 1435 1027 1491 tum
1052 1425 1215 1487 etiam
1242 1422 1490 1481 fortassis
1518 1420 1733 1474 veritati
1768 1430 2128 1489 repugnantes

558 1521 926 1587 undecunque.
945 1516 1169 1572 subsidii
1202 1528 1399 1586 genera
1433 1522 1490 1568 et
1525 1511 1712 1567 auxilii
1741 1521 2008 1567 conantur
2033 1526 2128 1566 ex-

559 1609 821 1679 cogitare.
855 1605 959 1662 Sed
995 1604 1210 1676 ignobili
1241 1604 1491 1673 quopiam
1522 1603 1776 1667 adducto,
1828 1611 1955 1655 tunc
2002 1610 2129 1657 tunc

2223 412 2321 483 μὲν
2343 411 2562 482 γὰρ,είς
2586 411 2649 463 τὸ
2671 408 3010 479 καθαρθῆναι
3036 405 3177 460 κατά
3205 404 3431 475 καιροὺς
3449 401 3518 454 τά
3540 399 3823 472 πρόόατα,

2221 502 2444 565 καὶτὰς
2483 502 2738 572 κουρίδας
2794 502 2978 563 αὐτοῖς
3028 497 3304 569 μαχαίρας
3350 493 3715 564 ἐπιφέρουσιν
3770 493 3841 548 οἱ,

2222 592 2497 662 ποιμένες.
2525 592 2605 645 Τὰ
2630 591 2705 656 δὲ,
2742 591 2916 644 καίτοι
2945 585 3681 660 πάσχοντα“(παραψαύουσα
3710 581 3825 652 γὰρ

2223 683 2335 737 ἐσθ’
2373 684 2460 736 ὅτε
2495 681 2604 735 τῶν
2634 682 2919 753 δερμάτων
2947 683 2980 752 ὴ
3016 681 3261 751 μάχαιρα
3285 676 3490 746 λυπεῖ),
3523 674 3689 745 φέρει
3725 676 3822 727 καὶ

2226 775 2426 845 σιωπᾷ,
2456 774 2550 827 καὶ
2601 773 2716 835 τοῖς
2740 770 2899 825 τοῦτο
2937 769 3138 843 δρῶσιν
3190 768 3291 822 οὐκ
3339 764 3604 837 ἐπιπηδᾷ.
3660 763 3821 817 Οὕτω

2224 866 2320 919 καὶ
2371 867 2400 918 ὁ
2452 863 2725 936 Χριστὸς,
2783 861 3193 933 λοιδορούμενος
3250 859 3355 919 οὐκ
3411 854 3833 926 ἀντελοιδόρει,

2224 959 2449 1029 πάσχων
2475 956 2576 1010 οὐκ
2620 954 2857 1025 ἠπείλει,
2911 952 3207 1023 παρεδίδου
3249 950 3308 1005 δὲ
3337 948 3417 1018 τῷ
3445 948 3696 1019 κρίνοντι
3739 946 3821 998 διε

2225 1049 2416 1111 καίως.
2460 1047 2682 1118 Ἀληθὲς
2700 1042 2812 1110 οὖν,
2845 1046 2929 1099 ὅτι
2972 1044 3064 1099 Ἐν
3093 1045 3159 1114 τῇ
3184 1039 3516 1099 ταπεινώσει
3563 1039 3599 1108 ή
3634 1038 3822 1109 κρίσις

2225 1139 2388 1194 αὑτοῦ
2426 1138 2589 1209 ἡρθη.
2647 1137 2864 1206 Ἐπειδὴ
2917 1135 3027 1207 γὰρ
3074 1131 3251 1198 ἔδοξεν
3301 1127 3440 1184 εἷναί
3491 1145 3579 1190 τις
3630 1128 3822 1188 αὐτοῖς

2227 1233 2468 1302 εὐτελὴς,
2492 1233 2587 1285 καὶ
2611 1231 2668 1283 ὲν
2700 1232 2809 1292 τοῖς
2839 1228 2979 1296 ἄγαν
3009 1225 3348 1297 ὑφειμένοις,
3382 1221 3820 1295 προχειροτάτην

2227 1327 2347 1377 κατ’
2393 1321 2559 1376 αὐτοῦ
2612 1321 2710 1391 τὴν
2768 1319 2970 1391 ψῆφον,
3022 1318 3143 1389 ἦτοι
3195 1317 3398 1389 κρίσιν,
3439 1315 3816 1384 ἐξενηνόχασι.

2229 1413 2407 1482 Δρῶσι
2439 1414 2496 1467 δὲ
2525 1412 2681 1467 τοῦτο
2702 1411 2810 1464 τῶν
2833 1410 3162 1475 δικαζόντων
3187 1409 3350 1473 τινὲς,
3387 1402 3470 1471 οἷς
3509 1407 3695 1475 ὀλίγος
3721 1405 3817 1482 μὲν

2228 1506 2424 1577 κομιδῇ
2456 1505 2557 1575 τῆς
2604 1503 2907 1575 ἀκριϐείας,
2962 1503 3081 1574 ἦτοι
3114 1500 3214 1571 τῆς
3262 1499 3540 1570 ἀληθείας,
3570 1500 3600 1551 ὁ
3627 1497 3814 1564 λόγος·

2230 1597 2542 1669 προσώποις
2575 1596 2631 1649 δὲ
2685 1595 2917 1667 μᾶλλον,
2956 1594 2991 1664 ἦ
3029 1595 3143 1658 τοῖς
3184 1592 3432 1662 γεγονόσι
3476 1589 3814 1653 δικάζουσιν.

558 1678 896 1773 praccipites,
914 1697 1144 1753 audaces
1166 1706 1220 1749 et
1261 1696 1377 1751 sine
1406 1694 1750 1750 cunctatione
1772 1694 1942 1757 omni,
1983 1694 2130 1763 capi-

2233 1690 2296 1742 Εί
2332 1689 2429 1759 μὲν
2460 1686 2569 1758 γάρ
2598 1704 2681 1749 τις
2707 1687 2790 1756 εἴη
2831 1685 2942 1738 τῶν
2970 1686 3029 1736 ὲν
3057 1684 3248 1754 κόσμῳ
3273 1680 3541 1753 λαμπρῶν
3569 1682 3601 1733 ὁ
3628 1679 3815 1751 κρινότ

562 1789 724 1855 talem
750 1789 801 1861 in
827 1803 947 1852 eum
985 1788 1166 1853 lerunt
1193 1783 1540 1853 sententiam,
1571 1782 1854 1843 Sublatum
1890 1791 1974 1835 est
2002 1796 2131 1855 ergo

556 1879 820 1951 judicium
853 1878 970 1946 ejus
995 1876 1047 1930 in
1085 1874 1408 1938 humilitate,
1453 1874 1644 1943 inquit.
1673 1872 1939 1938 Quoniam
1966 1872 2133 1941 igitur

560 1972 708 2024 visus
754 1977 837 2021 est
880 1966 1202 2036 quibusdam
1267 1966 1409 2033 apud
1470 1962 1685 2017 Iudaeos
1734 1962 1814 2016 vel
1859 1962 2133 2031 jndicihus

557 2060 715 2133 plane
757 2056 997 2124 humilis,
1027 2054 1299 2125 propheta.
1329 2053 1510 2107 animo
1550 2051 1945 2119 contemplatus
1983 2051 2135 2104 nobi-

558 2149 727 2204 litatis
758 2164 878 2218 quae
902 2147 955 2201 in
989 2133 1078 2201 illo
1109 2154 1227 2201 erat
1271 2143 1701 2214 amplitudinem,
1740 2152 1794 2195 et
1825 2145 1968 2211 quod
1997 2141 2149 2197 Ems‘

558 2240 720 2313 fuerit
752 2241 805 2294 in
836 2239 1014 2309 specie
1046 2246 1254 2300 nostra,
1282 2235 1430 2289 visus
1456 2243 1614 2287 terrae
1650 2233 1865 2296 incolis,
1923 2242 2133 2286 tantum

559 2345 664 2386 non
689 2330 1039 2399 capitemoto
1062 2325 1304 2394 deplorat
1335 2338 1450 2387 eos,
1490 2321 1579 2391 qui
1616 2321 1880 2391 judicium
1913 2321 1966 2374 in
2009 2335 2134 2374 eum

556 2429 886 2484 statuerunt,
911 2428 968 2478 et
998 2416 1171 2485 inquit
1203 2434 1216 2468 :
1249 2412 1668 2483 Generationcm
1692 2412 1808 2480 ejus
1835 2410 1953 2479 quis
1977 2423 2136 2466 enar-

560 2510 739 2566 rabit?
767 2508 885 2579 Non
930 2505 1400 2587 etenim,’inquit,
1433 2513 1491 2558 ut
1525 2503 1747 2573 putatis.
1793 2513 1979 2559 contra
2025 2501 2145 2571 ple-_

558 2603 737 2658 beium
774 2611 828 2657 et
873 2601 1031 2672 vilem
1082 2599 1357 2664 hominem
1409 2595 1546 2655 duri
1579 2604 1633 2650 et
1707 2594 1876 2665 iniqui
1923 2594 2135 2665 judices

558 2692 852 2759 exstitistis
885 2692 1019 2747 :sed
1064 2692 1117 2753 in
1154 2704 1277 2744 eum
1313 2689 1512 2759 potius,
1546 2686 1700 2755 cujus
1728 2689 2149 2756 generationem,

559 2776 646 2831 vel
676 2784 855 2831 ortum
888 2774 1032 2855 nulla
1061 2774 1212 2829 vobis
1244 2773 1517 2840 explicare
1554 2779 1730 2839 potest
1780 2771 1977 2825 oratio.
2028 2769 2145 2827 00",

562 2867 779 2938 pliciter
829 2877 1008 2923 autem
1043 2866 1145 2920 hoc
1184 2864 1467 2933 intelliges.
1516 2860 1687 2917 Natus
1738 2872 1823 2917 est
1882 2862 2026 2917 enim
2069 2877 2132 2918 ex

562 2960 674 3020 Deo
707 2969 762 3016 et
791 2959 952 3025 Patre
1003 2961 1145 3026 Deus
1176 2958 1412 3014 Verbum
1446 2974 1460 3011 :
1498 2966 1553 3012 et
1588 2954 1887 3019 nativitatis
1922 2956 2133 3020 modus,

563 3066 666 3107 nec
694 3053 946 3107 oratione
978 3051 1139 3116 valet,
1176 3066 1274 3106 nec
1321 3048 1671 3119 intelligentia
1731 3047 2134 3118 comprehendi.

563 3144 680 3203 Non
708 3145 852 3200 enim
882 3144 1233 3214 corporaliter
1258 3141 1426 3214 748
1456 3142 1669 3211 genitus
1689 3151 1793 3206 est,
1818 3143 1912 3196 sed
1950 3149 2008 3194 ut
2045 3155 2141 3194 na-

568 3246 701 3290 tura:
728 3235 829 3290 sub
857 3233 1261 3305 intelligentiam
1296 3229 1509 3288 cadenti
1539 3243 1594 3287 et
1635 3234 1979 3302 incorporea:
2008 3248 2136 3286 con-

563 3326 736 3382 venit.
773 3326 887 3380 Lux
916 3326 1061 3380 enim
1097 3325 1426 3394 resplenduit
1454 3324 1523 3379 de
1554 3324 1693 3388 luce,
1724 3333 1779 3378 et
1803 3326 1909 3378 vita
1940 3339 2004 3378 ex
2032 3324 2140 3377 vita

562 3426 716 3475 ortus
745 3428 847 3472 est.
891 3415 954 3469 Et
987 3417 1229 3484 genitum
1269 3429 1392 3473 esse
1421 3429 1565 3481 vere,
1597 3430 1672 3472 ex.
1695 3414 1993 3469 substantia
2046 3412 2138 3481 Dei

562 3520 627 3560 ac
648 3503 842 3569 Patris,
871 3503 1089 3558 indubie
1115 3504 1424 3558 credimus:
1481 3512 1536 3557 at
1563 3503 1854 3572 quomodo,
1899 3517 2003 3555 non
2060 3510 2141 3557 ρει

564 3594 842 3649 facultatis
874 3601 1101 3660 nostrai,
1137 3594 1222 3648 vel
1256 3595 1579 3663 exprimere,
1610 3594 1693 3648 vel
1721 3593 1978 3663 cogitare.
2034 3594 2139 3648 Sed

564 3692 861 3752 comesset
887 3693 1088 3739 natura.
1114 3685 1272 3749 Deus,
1305 3699 1366 3740 se
1397 3684 1511 3753 ipse
1554 3683 1791 3749 demisit,
1826 3692 1885 3737 ut
1928 3694 2143 3754 propter

566 3792 664 3833 nos
690 3776 1112 3845 exinanitionem
1149 3784 1448 3846 pateretur,
1471 3790 1535 3835 ac
1563 3776 1705 3833 servi
1739 3776 1967 3833 formam
1994 3790 2142 3833 sum-

566 3868 696 3937 psit,
722 3878 778 3925 et
801 3867 960 3929 nasci.
988 3867 1053 3922 de
1097 3865 1325 3922 muliere
1361 3866 1654 3924 secundum
1706 3882 1924 3924 carnem
1977 3868 2139 3930 susti-

569 3961 710 4027 nuit,
733 3976 844 4027 neo
869 3962 1118 4015 humana:
1149 3970 1327 4017 tamen
1369 3959 1672 4015 nativitatis
1713 3959 1860 4031 leges
1903 3969 2140 4019 secutus.

566 4049 682 4106 Non
717 4052 870 4112 enim.
889 4067 956 4106 ex
989 4052 1105 4107 viro
1138 4060 1193 4105 et
1226 4051 1451 4106 muliere
1476 4060 1629 4106 ortus
1657 4060 1796 4117 erat,
1830 4052 1924 4109 sed
1951 4051 2142 4122 mystie

565 4156 662 4197 cus
692 4142 948 4211 potiuset
987 4141 1325 4210 peregrinus,
1373 4152 1429 4198 et
1478 4157 1641 4213 supra
1694 4158 1813 4210 nos,
1863 4157 1929 4199 ac
1975 4156 2144 4213 prope

567 4233 975 4293 inenarrabilis.
1010 4231 1222 4288 Dictum
1269 4233 1413 4288 enim
1461 4243 1545 4289 est
1594 4244 1798 4290 sancta}
1860 4232 2068 4304 Virgini
2125 4251 2140 4287 :

2237 1799 2413 1852 μενος,
2438 1778 2684 1851 ἀκριϐεῖς
2711 1778 2821 1832 τῶν
2846 1777 3187 1849 πραγμάτων
3219 1774 3507 1843 ἐξετασταὶ
3532 1773 3817 1844 εὑρίσκον-

2230 1891 2344 1935 ται,
2366 1872 2507 1940 τάχα
2548 1887 2650 1923 που
2681 1871 2777 1922 καὶ
2808 1868 2931 1922 τότε
2958 1870 3025 1938 τῇ
3059 1866 3286 1938 ἀληθείᾳ
3336 1866 3633 1937 μαχόμενοι
3654 1905 3670 1926 ,
3721 1862 3815 1915 καὶ

2232 1965 2467 2035 τρόπους
2499 1961 2817 2033 ἐπικουρίας
2843 1961 3089 2031 ἀνευρεῖν
3111 1957 3460 2030 πειρώμενοι·
3510 1957 3731 2027 ἀσήμου
3762 1953 3817 2007 δέ

2232 2072 2376 2119 τινος
2395 2052 2962 2126 προσκεκομισμένου,
3005 2051 3127 2104 τότε
3171 2050 3260 2121 δὴ,
3303 2049 3425 2103 τότε
3455 2048 3682 2121 θερμοὶ,
3727 2048 3814 2100 καὶ

2234 2145 2491 2217 θρασεῖς,
2549 2146 2644 2199 καὶ
2705 2143 3020 2201 ἀοκνότατοι
3071 2141 3214 2205 λίαν,
3270 2141 3364 2194 καὶ
3413 2140 3514 2210 τὴν
3554 2139 3648 2192 ἐπὶ
3706 2140 3815 2198 τοῖς

2235 2235 2483 2304 ἐσχάτοις
2513 2233 2678 2288 αὑτοῦ
2709 2234 3076 2303 καταφέρουσι
3114 2230 3317 2301 ψῆφον.
3362 2228 3543 2300 Ἥρθη
3571 2228 3751 2282 τοίνυν
3781 2230 3813 2296 ἡ
3854 2290 3863 2295 _

2235 2328 2416 2399 κρίσις
2443 2326 2610 2381 αὑτοῦ
2650 2328 2708 2380 ἐν
2732 2327 2798 2395 τῇ
2820 2321 3148 2377 ταπεινώσει
3178 2319 3364 2385 αὐτοῦ,
3384 2320 3571 2390 φησίν.
3596 2318 3813 2389 Ἐπειδή

2234 2418 2292 2471 δὲ
2318 2418 2453 2481 ὅλως
2478 2415 2624 2481 ἔδοξέ
2655 2414 2798 2468 τισιν
2829 2409 2968 2468 εἶναι
3007 2412 3158 2483 παρὰ
3210 2413 3324 2474 τοῖς
3359 2410 3662 2474 Ἰουδαίοις,
3697 2411 3811 2481 ἦτοι

2234 2513 2347 2574 τοῖς
2402 2510 2672 2581 κρίνουσι,
2730 2506 3006 2572 ταπεινὸς,
3042 2505 3299 2577 ἐννοήσας
3333 2506 3363 2558 ὀ
3395 2506 3688 2576 προφήτης
3722 2506 3814 2574 τῆς

2236 2600 2463 2669 ἐνούσης
2497 2598 2749 2662 εὐκλείας
2800 2595 2949 2667 αὐτῷ
2978 2596 3039 2649 τὸ
3074 2594 3395 2669 περιφανὲς,
3446 2595 3545 2647 καὶ
3575 2595 3658 2646 ὅτι
3693 2594 3815 2656 Θεὸς

2234 2689 2324 2764 ἦν,
2372 2694 2430 2746 ἐν
2460 2691 2593 2744 εἴδει
2624 2689 2703 2767 τῷ
2748 2688 2872 2743 καθ’
2925 2689 3071 2759 ἡμᾶς
3104 2685 3383 2758 ὁρώμενος
3433 2685 3688 2749 τοῖςὲπὶ
3728 2687 3816 2755 τῆς

2235 2785 2358 2855 γῆς·
2390 2781 2674 2855 μονονουχὶ
2704 2780 2987 2835 κατασείει
3015 2780 3113 2850 τὴν
3163 2777 3427 2847 κεφαλὴν,
3465 2777 3561 2829 καὶ
3602 2778 3813 2831 κατολο-

2237 2876 2467 2948 φύρεται
2502 2877 2627 2939 τοὺς
2656 2874 2754 2945 τὴν
2810 2872 2899 2925 ἐπ’
2953 2870 3101 2942 αὑτῷ
3148 2872 3332 2943 κρίσιν
3387 2870 3702 2942 ὁρίσαντας,
3732 2869 3817 2922 καί

2163 3003 2206 3061 C
2239 2984 2407 3040 φησι·
2461 2968 2572 3037 Τὴν
2605 2965 2800 3036 γενεὰν
2852 2964 3018 3018 αὑτοῦ
3071 2964 3155 3028 τίς
3203 2964 3556 3034 διηγήσεται;
3598 2964 3673 3016 Οὐ
3716 2961 3818 3032 γὰρ

2239 3058 2379 3113 κατά
2407 3057 2500 3111 τοῦ
2524 3057 2797 3127 τυχόντος,
2827 3056 3014 3127 φησιν,
3046 3055 3122 3119 ὡς
3158 3053 3290 3123 γοῦν
3321 3053 3561 3126 ᾡήθητε,
3600 3052 3817 3123 σκληροὶ

2221 3152 2336 3230 ,καὶ
2367 3149 2545 3219 ἄδικοι
2572 3149 2843 3229 γεγόνατε
2861 3147 3141 3201 δικασταί·
3177 3146 3321 3200 κατὰ
3357 3146 3552 3200 τούτου
3599 3146 3671 3198 δὲ-
3690 3145 3813 3216 μᾶλ-

2240 3241 2349 3306 λον,
2373 3233 2441 3293 οὗ
2464 3241 2563 3310 τὴν
2585 3240 2800 3308 γενεὰν,
2819 3239 3064 3310 ἢτοιτὴν
3090 3238 3365 3308 γέννησιν,
3392 3237 3569 3299 οὐδεὶς
3597 3235 3663 3289 ἀν
3693 3237 3817 3305 ἡμῖν

2239 3329 2689 3404 διερμηνεύσει[ε]
2707 3331 2882 3399 λόγος.
2898 3331 3035 3401 Διχῆ
3049 3330 3105 3383 δὲ
3120 3329 3279 3383 τοῧτο
3299 3330 3527 3400 νοήσεις.
3554 3329 3595 3380 Γ
3594 3327 3804 3397 εγέννη-

2240 3440 2329 3476 ται
2350 3423 2572 3493 μὲνγὰρ
2595 3424 2659 3477 ἐκ
2678 3422 2950 3477 ﬁscina:
2961 3421 3050 3491 ρὸς
3076 3420 3209 3483 Θεδς
3233 3420 3305 3473 ὣν
3326 3423 3355 3473 ό
3373 3418 3556 3485 Λόγος,
3577 3420 3814 3488 ἀρῤητο;

2240 3512 2296 3573 δὲ
2320 3511 2415 3565 καὶ
2432 3512 2540 3564 ἀπε
2546 3510 2790 3581 ρινὸητος
2812 3510 3088 3574 παντελῶς
3100 3511 3134 3562 6
3148 3510 3253 3581 τῆς
3270 3511 3556 3578 γεννήσεως
3583 3506 3807 3574 τρόπος.

2242 3603 2318 3655 06
2356 3602 2465 3672 γὰρ
2497 3602 2640 3655 κατά
2668 3602 2826 3672 σῶμα
2851 3602 3092 3670 γέγονεν,
3152 3601 3267 3655 ἀλλ’
3296 3600 3366 3663 ὡς
3405 3599 3469 3652 ἀν
3505 3596 3704 3670 πρέποι
3741 3597 3811 3665 τῇ

2241 3694 2405 3764 νοερᾷ
2436 3710 2496 3746 τε
2551 3693 2955 3763 καὶνάσωμάτῳ
2985 3691 3167 3761 φύσει.
3210 3690 3331 3754 Φῶς
3387 3696 3494 3761 γὰρ
3521 3685 3814 3757 ἐξέλαμψεν

2245 3785 2310 3838 ἐκ
2342 3783 2539 3854 φωτὸς,
2586 3783 2758 3854 ἀνέφυ
2799 3784 2869 3849 δὲ¹
2900 3784 2997 3837 καὶ
3018 3782 3133 3854 ζωὴ
3188 3784 3251 3835 ἐκ
3281 3782 3446 3853 ζωῆς·
3482 3780 3578 3834 καὶ
3616 3781 3698 3832 ὅτι
3726 3779 3816 3847 μὲν

2245 3871 2510 3947 ἐγεννήθη
2533 3870 2675 3939 κατά
2702 3870 2959 3940 ἀλήθειαν
2978 3872 3055 3937 ⁸ἐκ
3093 3870 3194 3940 τῆς
3218 3869 3405 3932 οὐσίας
3444 3868 3535 3922 τοῦ
3567 3866 3700 3921 Θεοῦ
3730 3883 3814 3918 και

2246 3963 2480 4035 Πατρδς,
2506 3963 2897 4030 ἀνενδοιάιστως
2920 3961 3266 4032 πιστεύομεν·
3300 3960 3363 4013 τὸ
3390 3961 3447 4014 δὲ
3471 3961 3637 4022 ὅπως,
3655 3960 3814 4011 εἰπεῖν

2248 4054 2281 4125 ἢ
2307 4057 2448 4107 νοεῖν
2475 4054 2576 4107 οὐκ
2608 4054 2744 4107 ἔστι.
2781 4053 2912 4118 Θεὸς
2936 4054 2994 4107 δὲ
3028 4053 3106 4108 ῶν
3140 4053 3321 4123 φύσει,
3369 4053 3610 4122 καθῆκεν
3640 4051 3810 4105 ἑαυτὸ.

2248 4145 2327 4208 εἰς
2357 4145 2420 4197 τὸ
2451 4143 2668 4198 ἑλέσθαι
2702 4142 2898 4199 παθεῖν
2925 4143 2992 4196 δι’
3017 4145 3166 4214 ἡμᾶς
3210 4145 3309 4213 τὴν
3340 4144 3592 4196 κένωσιν.
3631 4141 3811 4194 Ἐλιερ

2247 4234 2304 4288 δὲ
2327 4233 2516 4288 δούλου
2558 4233 2796 4306 μορφὴν,
2828 4234 2923 4288 καὶ
2966 4234 3230 4305 ὑπέμεινε
3274 4234 3531 4304 γέννησιν
3560 4233 3658 4304 τὴν
3690 4246 3810 4283 κατ)

571 4342 590 4373 ι
627 4322 864 4391 Spiritus
895 4331 1117 4377 sanctus
1148 4323 1490 4392 superveniet
1522 4323 1575 4377 in
1620 4334 1688 4389 te,
1723 4333 1778 4379 et
1822 4324 1995 4379 virtus
2042 4322 2134 4389 Ill--

2247 4322 2425 4395 σάρκα
2447 4325 2512 4376 ὲκ
2537 4321 2813 4390 γυναικὸς,
2868 4321 2930 4374 οὐ
2970 4324 3082 4385 τοῖς
3104 4323 3203 4393 τῆς
3235 4320 3583 4391 ἀνθρωπείας
3616 4319 3809 4389 «posse»,

571 4413 761 4467 tissimi
789 4413 1134 4469 obumbrabit
1166 4416 1281 4471 tibi.
1331 4415 1455 4469 ldeo
1487 4415 1627 4484 quod
1675 4424 1856 4469 natum
1892 4425 1975 4469 est
2009 4431 2138 4479 san.-

568 4512 736 4563 ctum,
783 4501 1062 4556 vocabitur
1088 4501 1258 4557 Filius
1291 4502 1384 4557 Dei
1414 4502 1482 4556 “.
1522 4519 1551 4556 ι.
1577 4501 1843 4566 Quoniam
1893 4518 2025 4565 vero
2049 4520 2144 4562 su:

568 4604 662 4660 pra
693 4600 899 4646 naturae
932 4608 1042 4647 sua.
1073 4595 1436 4649 conditionem
1480 4593 1582 4648 hoc
1619 4593 1856 4648 carnalis
1886 4595 2139 4651 nativita-

569 4681 635 4736 tis
664 4681 779 4748 ejus
804 4684 1120 4755 mysterium
1151 4683 1351 4739 l‘actuni
1396 4699 1516 4740 esse
1553 4685 1812 4749 creditur,
1849 4695 2133 4756 propterea

560 4772 700 4828 dicit
722 4775 983 4843 propheta
1017 4793 1031 4828 :
1060 4776 1476 4830 Generationem
1504 4776 1623 4845 ejus
1659 4777 1782 4844 quis
1828 4777 2155 4832 enarrabitl.

563 4864 699 4931 Quia
735 4864 940 4920 tollitur
969 4864 1034 4918 de
1065 4873 1207 4919 terra
1242 4866 1348 4919 vita
1376 4865 1515 4934 ejus.
1550 4866 1802 4931 Tollitur,
1846 4869 1999 4935 dicit,
2039 4884 2136 4939 pro

562 4956 851 5021 attollitur,
879 4964 935 5012 et
967 4958 1073 5011 vita
1107 4955 1225 5026 cjus
1258 4958 1493 5013 terrenis
1518 4958 1824 5016 hominibus
1856 4970 1939 5015 est
1969 4961 2136 5019 subii.-

564 5048 725 5116 mior,
756 5047 811 5103 id
838 5057 945 5113 est,
979 5047 1320 5104 conversatio
1343 5057 1399 5103 et
1423 5048 1540 5114 ejus
1571 5048 1625 5103 iu
1660 5064 1825 5107 carne
1868 5050 1997 5105 vita.
2031 5051 2134 5107 So-

564 5141 651 5195 lus
676 5140 822 5195 enim
849 5156 915 5196 ex
947 5140 1217 5204 omnibus,
1249 5139 1350 5195 etsi
1396 5147 1591 5195 nostra!
1616 5141 1941 5196 conditionis
1976 5144 2138 5197 homo

563 5231 711 5289 visus
743 5232 836 5298 sit,
891 5247 999 5286 non
1045 5230 1281 5300 patravit
1319 5241 1619 5300 peccatum,
1663 5248 1837 5302 neque
1891 5235 2138 5288 iuventus

567 5327 648 5376 est
676 5320 832 5376 dolus
862 5322 913 5375 in
946 5336 1041 5377 ore
1074 5321 1210 5389 ejus,
1241 5335 1365 5375 cum
1387 5322 1697 5377 mortalium
1724 5323 1777 5377 iu
1806 5333 1948 5379 terra
1977 5340 2138 5378 nemo

567 5410 669 5466 hoc
693 5414 1007 5481 pet-iecerit.
1041 5413 1146 5470 Nec
1189 5414 1332 5471 enim
1381 5413 1523 5471 inter
1566 5432 1667 5473 nos
1718 5419 2002 5487 quisquam
2053 5427 2138 5474 est

635 5587 681 5619 ⁸⁸
716 5591 849 5644 an.
869 5610 903 5645 t.
934 5594 1020 5647 '55.

2244 4414 2620 4485 ἀκολουθήσας
2647 4414 2855 4483 νόμοις.
2882 4413 2957 4467 Οὐ
2992 4414 3099 4485 γὰρ
3126 4413 3188 4479 ἐξ
3217 4414 3432 4484 ἀνδρὸς,
3455 4413 3489 4484 ἢ
3514 4411 3765 4482 γυναικὸς
3787 4411 3813 4476 ἡ

2246 4504 2491 4576 πρόοδρς·
2530 4504 2769 4576 μυστικὴ
2818 4505 2875 4558 δὲ
2913 4505 3136 4575 μᾶλλον,
3189 4505 3284 4560 καὶ
3342 4504 3504 4572 ξένη,
3557 4503 3653 4556 καὶ
3687 4500 3814 4569 ὑπὲρ

2242 4596 2414 4667 aeds.
2451 4597 2545 4662 mis
2592 4594 2786 4678 ἐγγὺς,
2811 4595 3123 4667 ἀδιήγητος.
3156 4594 3386 4667 Εἴρηται
3413 4595 3522 4666 γὰρ
3547 4595 3684 4666 πρὸς
3731 4591 3815 4660 τί)

2244 4687 2405 4755 ἁγίαν
2427 4686 2725 4758 Παρθένον,
2764 4687 2846 4741 ὅτι
2887 4706 2907 4739 ι
2926 4687 3150 4758 Πνεῦμα
3174 4689 3331 4757 ἀγιον
3357 4687 3708 4740 ἐπελεύσεται
3734 4686 3813 4736 ἐπι

2245 4778 2325 4844 σὲ,
2362 4779 2456 4831 καὶ
2478 4777 2709 4849 δύναμις
2756 4778 3011 4849 Ὓζψίστου
3039 4781 3351 4834 ἐπισκιάσει
3386 4797 3490 4835 σοι.
3525 4779 3616 4833 Διὸ
3643 4778 3731 4832 καὶ
3763 4777 3818 4828 τὸ

2241 4867 2577 4938 γεννώμενον
2609 4856 2786 4936 ἀγιον,
2845 4856 3177 4940 κληθήσεται
3208 4869 3338 4932 Υίὺς
3365 4869 3523 4922 Θεοῦ.
3552 4887 3571 4920 ι
3609 4863 3815 4935 Ἐπειδὴ

2241 4961 2299 5015 δὲ
2355 4961 2449 5013 καὶ
2478 4960 2626 5031 ὑπὲρ⁴
2648 4960 2808 5029 φύσιν
2849 4960 2949 5031 τὴν
3006 4960 3130 5014 καθ’
3167 4961 3317 5032 ἡμᾶς
3369 4958 3684 5031 πεπρᾶχθαι
3732 4974 3815 5009 πι-

2239 5051 2487 5111 στεύεται
2518 5050 2579 5103 τὸ
2599 5051 2699 5120 τῆς
2720 5050 2871 5105 κατά
2906 5053 3086 5123 σάρκα
3115 5052 3423 5125 γεννήσεως
3439 5049 3602 5103 αὑτοῦ
3624 5049 3817 5120 μυστή-

2236 5161 2371 5213 ριον,
2418 5143 2521 5208 διὰ,
2552 5142 2719 5196 τοῦτό.
2746 5160 2911 5213 φησιν
2953 5146 2981 5196 ό
3009 5126 3315 5213 προφήτης,
3346 5144 3431 5205 ὅτι
3464 5142 3596 5212 κτὴν
3621 5139 3812 5208 γενεὰν

2233 5232 2398 5285 αὑτοῦ
2420 5233 2503 5296 τίς
2538 5233 2852 5302 διηγήσεται
2871 5230 3023 5296 ;”Οτι
3039 5232 3252 5301 αἴρεται
3271 5230 3383 5283 ἀπὸ
3408 5229 3509 5298 τῇς
3529 5218 3683 5297 γῆςή
3705 5220 3835 5305 ζωὴ(

2235 5323 2420 5379 αὐτοῦ.
2469 5322 2910 5393 Τὸ.δὲ,ὶΑίρεται,
2941 5323 3128 5392 φησὶν,
3162 5321 3282 5373 ἀντὶ
3320 5320 3442 5384 τοῦ,
3474 5316 3829 5390 Ἐπαίρεται,

2236 5417 2330 5469 καὶ
2362 5415 2668 5491 ὑψηλοτέρα
2704 5414 2811 5468 τῶν
2858 5414 2949 5467 ἐπὶ
2979 5414 3076 5483 τῆς
3111 5413 3212 5483 γῆς
3236 5413 3385 5464 ἐστιν
3411 5413 3443 5482 ἠ
3477 5406 3806 5482 ζωῂαύτοῦ,
