4092 6296
256 269 379 324 “Si

1361 253 1425 309 1N
1460 215 1713 307 tsA'AM
1756 250 1884 309 LIB.
1915 241 1992 311 ‘v.
2038 255 2280 313 TOMUS
2322 255 2364 310 l.

3374 252 3514 326 “se

252 381 536 450 τουτέστιν
569 379 603 449 ἡ
637 374 880 429 πολιτεία
906 373 998 426 καὶ
1045 373 1072 425 6
1116 370 1256 424 κατά
1284 367 1457 438 σάρκα
1486 362 1623 437 βίος·
1653 357 1836 430 Μόνος
1869 409 1875 429 4

1980 370 2160 424 omitto
2204 369 2296 440 qui
2343 367 2765 438 reprehensione
2801 358 3017 422 careat.
3069 363 3298 420 Tollitur
3347 368 3510 421 etiam

254 472 361 541 γάρ
393 470 454 522 ἐκ
485 467 732 538 πάντων,
769 464 947 517 καίτοι
981 461 1102 514 καθ’
1136 460 1285 530 ἡμᾶς
1317 457 1592 530 ὁρώμενος
1619 449 1831 526 ἀνθρωο

257 575 380 620 πος,
421 557 522 609 οὐκ
552 553 806 622 ἐποίησεν
831 548 1137 621 ἁμαρτίαν,
1194 547 1314 600 οὐδὲ
1360 546 1557 622 εὑρέθη
1591 543 1739 610 δόλος
1775 548 1834 598 ἐν

258 647 334 718 τῴ
370 646 598 716 στόματι
630 643 818 713 αὐτοῦ,
851 640 1026 694 καίτοι
1057 638 1216 691 τοῦτο
1258 621 1683 708 κατωρθωκότος
1715 636 1834 688 οὐδ-

260 736 379 797 ενδς
409 735 516 787 τῶν
555 733 647 785 ἐπὶ
674 732 772 800 τῆς
804 730 930 800 γῆς·
961 727 1261 798 ἀμώμητος
1307 725 1416 796 γὰρ
1459 725 1736 788 παντελῶς
1779 728 1838 779 ὲν

261 830 394 896 ἡμῖν
417 825 608 888 οὐδείς.
635 822 858 893 Δίρεται
894 819 951 872 δὲ
982 818 1075 870 καὶ
1101 817 1320 888 ἑτέρως,
1343 817 1437 872 καὶ
1467 817 1608 889 ὑπὲρ
1631 817 1838 882 πάντας

264 919 380 970 ἐστὶ
417 917 542 979 τοὺς
567 914 658 966 ἐπὶ
689 913 786 982 τῆς
826 911 930 981 γῆς
961 911 994 980 ἡ
1036 909 1169 980 ζωὴ,
1197 909 1474 963 τουτέστιν
1515 911 1549 980 ἡ
1582 909 1814 980 ὓπαρξις

263 1009 357 1062 τοῦ
388 1004 742 1075 Μονογενοῦς,
770 1005 900 1057 ὅταν
933 999 1038 1066 ἔξω
1069 1001 1252 1071 νοῆται
1286 1000 1506 1070 σαρκὸς,
1550 1001 1643 1054 καὶ
1685 999 1839 1053 οῦπω

265 1099 386 1172 καθ’
414 1098 562 1168 ἡμᾶς
595 1095 886 1166 γενόμενος
936 1091 1237 1164 ἄνθρωπος.
1275 1086 1349 1146 Οὖ
1392 1091 1570 1144 τοίνυν
1604 1091 1841 1160 παράδος

267 1192 355 1255 ξος
381 1189 472 1242 καὶ
499 1187 637 1259 ὑπὲρ
685 1185 846 1256 φύσιν
886 1185 918 1260 ἡ
947 1183 1090 1237 κατὰ
1122 1183 1300 1254 σάρκα
1337 1183 1621 1253 γέννησις,
1655 1182 1844 1234 τούτου

267 1283 363 1356 καὶ
398 1284 429 1352 ἠ
479 1279 594 1352 ζωὴ
626 1279 720 1332 καὶ
757 1279 786 1330 6
841 1277 955 1346 βίος
1011 1275 1375 1346 ὑπερνήχεται
1421 1274 1484 1326 τὸ
1521 1274 1717 1344 μέτρον
1737 1271 1848 1324 τῶν

267 1374 360 1450 ἐπὶ
382 1373 480 1441 τῆς
506 1370 631 1440 γῆς.
677 1367 819 1420 Ἀλλ’
853 1367 1042 1437 ὥσπερ
1073 1366 1217 1436 τινὸς
1271 1365 1408 1436 πρὸς
1457 1365 1632 1416 ταῦτα
1665 1363 1849 1429 λέγον-

270 1481 379 1538 τος·
416 1462 540 1524 Πῶς
574 1463 602 1523 6
643 1459 718 1531 μὴ
749 1456 903 1521 εἰδὼς
940 1456 1236 1527 ἁμαρτίαν,
1273 1456 1473 1526 ψήφοις
1491 1455 1850 1521 ὑπενήνεκται

274 1551 530 1614 θανάτου,
553 1549 646 1601 καὶ
672 1547 810 1618 μετὰ
835 1546 941 1598 τῶν
961 1546 1177 1616 ἀνόμων
1200 1544 1486 1613 ὲλογίσθη;
1518 1543 1855 1611 Κατακέκρι-

275 1660 365 1696 ται
397 1642 503 1710 γάρ
531 1640 604 1702 ὡς
633 1637 973 1710 ἁμαρτωλός·
1002 1635 1283 1707 μονονουχὶ
1322 1635 1417 1688 καὶ
1471 1634 1854 1688 ἀντανίσταται

1940 459 2044 512 alio
2080 458 2258 521 modo,
2288 465 2343 512 et
2373 471 2535 525 supra
2566 469 2755 512 omnes
2783 455 3038 510 mortales
3061 463 3146 510 est
3171 454 3301 518 vita,
3332 454 3383 507 id
3406 463 3511 517 est,

1945 549 2218 620 Uuigeniti
2244 548 2506 614 essentia,
2531 549 2748 618 quando
2763 557 2914 602 extra
2935 561 3154 602 carnem
3173 545 3509 612 intelligitur,

1944 652 2000 696 et
2036 650 2326 709 antequam
2357 638 2532 694 iactus
2555 639 2626 693 sit
2655 639 2816 692 homo
2868 638 3039 692 nostri
3084 637 3296 692 similis.
3349 634 3517 701 Cujus

1947 733 2108 802 igitur
2132 729 2411 801 generatio
2441 728 2678 784 carnalis
2710 742 2924 782 onmem
2970 727 3279 796 opinionem
3323 733 3378 777 et
3423 737 3515 775 na-

1951 834 2125 876 turam
2157 829 2379 891 superat
2410 837 2427 875 :
2461 819 2620 889 lmjus
2649 819 2813 874 etiam
2861 820 2968 872 vita
3003 826 3060 872 et
3103 815 3317 870 vivendi
3364 815 3514 868 insti-

1951 921 2122 967 tutum
2143 927 2208 968 ac
2227 913 2366 967 ratio
2387 909 2696 964 mortalium
2725 910 3000 963 hominum
3027 922 3333 963 mensuram
3357 919 3517 960 exce-

1950 1005 2029 1058 dit
2059 1013 2112 1057 et
2160 1003 2319 1071 longe
2370 1001 2704 1085 praeeminet.
2757 999 3025 1053 Caeterum
3092 997 3313 1066 perinde
3364 993 3516 1062 quasi

1951 1103 2140 1150 contra
2177 1094 2290 1148 haec
2317 1093 2522 1148 diceret
2551 1090 2818 1161 quispiam
2851 1107 2864 1143 :
2897 1088 3176 1154 Quomodo
3204 1085 3292 1154 qui
3331 1098 3522 1153 pecca--

1954 1194 2063 1238 tum
2091 1198 2197 1238 non
2228 1183 2400 1246 novit,
2427 1181 2713 1236 sententiae
2760 1180 2952 1233 mortis
2998 1177 3273 1246 subjectus
3309 1183 3414 1238 est,
3465 1184 3523 1228 et

1955 1289 2075 1327 cum
2107 1273 2306 1340 iniquis
2349 1280 2626 1340 reputatus
2658 1270 2777 1324 est?
2815 1269 3204 1324 condemnatus
3253 1274 3334 1318 est
3377 1265 3523 1317 enim

1957 1376 2013 1420 ut
2044 1375 2329 1434 peccator:
2365 1363 2748 1432 propemodum
2771 1361 3009 1416 occurrit
3070 1359 3211 1414 Deus
3240 1367 3294 1411 et
3341 1357 3522 1420 Pater,

1957 1467 2010 1511 et
2039 1455 2256 1524 inquit:
2285 1454 2365 1506 Ab
2405 1451 2784 1520 iniquitatibus
2827 1448 3004 1518 populi
3057 1448 3158 1501 inci
3192 1448 3386 1502 ductus
3442 1453 3526 1498 est

1961 1547 2025 1600 ad
2055 1553 2301 1598 mortem.
2337 1540 2436 1596 Vel
2463 1541 2608 1595 enim
2641 1541 2742 1594 hoc
2769 1539 2899 1594 dicit
2928 1561 2941 1595 :
2977 1540 3080 1592 Pro
3109 1547 3326 1606 peccato
3349 1535 3528 1603 populi

1965 1639 2093 1702 mei,
2121 1636 2309 1691 volens
2333 1633 2522 1688 mortis
2547 1632 2871 1688 sententiam
2905 1631 3105 1694 subiit;
3140 1628 3221 1682 vel
3257 1627 3385 1681 illud
3415 1625 3528 1679 for-

277 1734 452 1803 λέγων
474 1735 501 1785 6
523 1731 650 1794 Θεὸς
682 1731 774 1783 καὶ
803 1729 1011 1800 Πατήρ·
1041 1727 1176 1783 Ἀπὸ
1197 1727 1306 1781 τῶν
1335 1726 1576 1796 ἀνομιῶν
1611 1724 1701 1778 τοῦ
1729 1724 1858 1778 λαοῦ

1980 1729 2121 1784 assis
2155 1745 2168 1781 :
2201 1726 2333 1792 Quia
2376 1725 2654 1789 nimirum,
2685 1722 2886 1792 inquit,
2931 1717 3262 1789 iniquissimi
3303 1715 3530 1770 exstite-

285 1844 386 1898 μου
445 1823 583 1896 ἢχθη
639 1824 718 1885 είς
756 1821 1005 1874 θάνατον.
1055 1821 1128 1886 ’Ἦ
1169 1819 1278 1889 γὰρ
1337 1817 1498 1871 τοῦτό
1551 1833 1736 1886 φησιν,
1775 1817 1857 1868 ὃτι

1980 1829 2082 1874 ὐιιι
2121 1819 2172 1874 hi
2227 1817 2317 1886 qui
2374 1815 2568 1884 populo
2627 1827 2748 1868 meo
2792 1811 3002 1866 accensi
3054 1817 3198 1874 sunt,
3251 1819 3531 1876 propterea

295 1918 467 1988 Ὑπὲρ
493 1917 588 1986 τῆς
611 1913 882 1985 ἁμαρτίας
911 1911 1004 1963 τοῦ
1039 1909 1168 1963 λαοῦ
1215 1926 1317 1979 μου
1363 1908 1464 1982 τὴν
1503 1907 1597 1960 τοῦ
1629 1907 1859 1960 θανάτου

282 2011 462 2080 ψῆφον
501 2004 916 2077 ὑπομεμένηκεν
957 2000 1121 2067 ἑκὼν,
1153 2001 1319 2072 ἤγουν
1363 2000 1540 2053 ἐκεῖνό
1570 2017 1672 2052 που
1697 2001 1858 2068 τάχα.

298 2097 511 2168 Ἐπειδὴ
538 2096 644 2167 γὰρ
673 2094 1030 2164 ἀνομώτατοι,
1057 2091 1210 2162 φησὶ,
1245 2091 1532 2160 γεγόνασιν
1565 2091 1616 2142 οἱ
1643 2089 1862 2141 τελοῦν-

283 2206 376 2252 ⁶ιες
406 2190 484 2251 είς
505 2187 594 2241 τὸν
612 2185 741 2256 ἐμὸν
761 2184 910 2248 λαὸν,
933 2183 1019 2236 διὰ
1044 2181 1201 2235 τοῦτο
1228 2183 1325 2252 τῆς
1348 2181 1526 2256 αὐτῶν
1555 2180 1859 2250 ὠμότητος,

288 2280 382 2336 καὶ
445 2277 784 2350 μιαιφονίας,
833 2275 929 2330 καὶ
1001 2274 1089 2331 ἐπ’
1139 2272 1302 2331 αὐτὸν
1356 2269 1518 2344 ἦλθον
1555 2273 1605 2324 οί
1656 2271 1862 2342 βρόχοι,

288 2375 427 2446 ἢχθη
451 2372 508 2425 δὲ
539 2365 693 2434 οὗτος
728 2371 807 2432 εἰς
842 2363 1333 2435 θάνατον.’Λληθὲς
1374 2363 1431 2417 δὲ
1469 2362 1687 2426 πάντως
1709 2361 1866 2416 τοῦτό

288 2483 349 2519 τε
384 2465 623 2518 κάκεῖνο.
668 2459 930 2514 Ἀπέθανε
957 2459 1065 2530 γὰρ
1096 2457 1181 2510 ἵνα
1207 2456 1534 2526 καταργήσῃ
1566 2454 1664 2525 τὴν
1686 2455 1868 2524 ἁμαρ-

289 2557 412 2610 τίαν
439 2554 548 2608 τῶν
587 2551 678 2605 ἐπὶ
729 2551 829 2620 τῆς
857 2549 990 2618 γῆς,
1021 2547 1115 2600 καὶ
1149 2547 1246 2599 σὺν
1293 2545 1430 2617 αὐτῇ
1487 2545 1576 2598 τὸν
1610 2544 1670 2609 ἐξ
1704 2545 1871 2616 αὐτῆς

293 2644 574 2726 ἀναφύντα
608 2639 890 2711 καταλύσῃ
915 2637 1164 2699 θάνατον.
1199 2633 1466 2688 Ἀπέθανε
1496 2634 1592 2686 xal.
1629 2633 1830 2702 ἑτέρως
1854 2667 1870 2697 ,

1957 1922 2147 1962 eorum
2179 1903 2513 1960 crudelitatis
2542 1911 2597 1957 et
2629 1902 2793 1958 caedis
2819 1900 2992 1969 laquei
3025 1901 3076 1952 in
3107 1899 3254 1952 illum
3305 1898 3534 1951 devene-

1962 2011 2107 2066 runt,
2138 2000 2317 2067 itaque
2349 1999 2416 2052 ad
2449 2006 2680 2052 mortem
2710 1996 2902 2048 ductus
2928 2005 3028 2047 est.
3062 1991 3260 2046 Verum
3315 1990 3536 2042 omnino

1962 2102 2045 2147 est
2073 2100 2129 2144 et
2160 2090 2259 2144 hoc
2281 2099 2338 2142 et
2366 2088 2516 2142 illud.
2553 2086 2795 2142 Mortuus
2820 2087 2964 2141 enim
2997 2094 3099 2149 est,
3138 2094 3194 2136 ut
3223 2080 3530 2136 mortalium

1967 2181 2207 2236 aboleret
2246 2188 2550 2250 peccatum,
2581 2186 2635 2232 et
2675 2191 2778 2230 una
2808 2192 2930 2231 cum
2957 2189 3022 2230 eo
3064 2181 3287 2228 mortem
3336 2188 3400 2226 ex
3447 2170 3538 2223 illo

1969 2273 2133 2344 749
2159 2281 2374 2326 enatam
2408 2270 2632 2324 deleret.
2662 2267 2903 2322 Mortuus
2933 2273 3017 2319 est
3048 2264 3152 2318 alio
3175 2262 3332 2318 modo
3353 2263 3535 2323 etiam,

1967 2364 2170 2418 Juda'is
2203 2363 2252 2416 iu
2291 2361 2436 2415 illum
2470 2359 2654 2428 inique
2692 2358 2996 2428 agentibus.
3045 2355 3156 2408 Etsi
3195 2355 3341 2408 enim
3376 2366 3540 2418 agno-

1970 2462 2162 2509 verunt
2205 2468 2328 2508 eum
2369 2466 2490 2506 esse
2555 2449 2846 2512 Itzcredem,
2907 2447 3050 2514 apud
3101 2461 3159 2500 se
3217 2445 3469 2498 dixerunt
3522 2457 3539 2495 :

1978 2560 1996 2594 ι
2031 2542 2244 2605 Venite,
2271 2538 2586 2595 occidamus
2621 2553 2765 2603 eum,
2797 2546 2852 2591 et
2880 2535 3252 2592 [nereditatem
3282 2533 3398 2601 ejus
3445 2545 3544 2585 no-

1973 2632 2058 2687 bis
2097 2645 2423 2700 occupemus
2453 2629 2519 2682 ".
2551 2647 2569 2680 ι

296 2715 682 2812 ἀνομησάντων
707 2737 784 2798 είς
817 2732 977 2786 αὑτὸν
1029 2729 1316 2784 Ἰουδαίων.
1365 2728 1562 2783 Καίτοι
1604 2728 1714 2798 γὰρ
1744 2727 2117 2796 ἐπεγνωκότες
2173 2727 2255 2780 ὅτι
2294 2724 2454 2788 αὐτός
2517 2725 2663 2776 ἐστιν
2695 2723 2722 2774 6
2765 2719 3120 2790 κληρονόμος,
3150 2713 3302 2770 εἶπον
3329 2717 3388 2768 ἐν
3416 2717 3546 2766 εαυ-

298 2841 426 2901 τοῖς·
468 2833 678 2897 «Δεῦτε,
708 2827 1114 2899 ἀποκτείνωμεν
1133 2826 1314 2891 αὐτὸν,
1348 2825 1443 2882 καὶ
1467 2823 1684 2894 σχῶμεν
1709 2825 1922 2886 ἑαυτοῖς
1957 2823 2057 2894 τὴν
2086 2819 2449 2893 κληρονομίαν
2487 2817 2705 2872 αὐτοῦ.»

345 2925 477 2991 ’Καὶ
501 2895 671 2980 δώσω
700 2925 838 2990 τοὺς
875 2895 1178 2990 πονήροὺς
1227 2920 1359 2975 ἀντὶ
1395 2918 1506 2987 τῆς
1545 2916 1740 2986 ταφῆς
1768 2919 1875 2971 αὐ-

2014 2926 2016 2929 ·
2053 2915 2218 2972 Vnus.
2245 2917 2299 2971 9.
2345 2916 2413 2969 Et
2447 2913 2583 2968 dabo
2639 2910 2898 2981 improbos
2950 2923 3044 2978 pro
3088 2895 3356 2976 sepultura
3407 2907 3546 2972 ejus,

302 3022 430 3087 τοῦ,
449 3019 546 3074 καί
573 3019 715 3082 τοὺς
737 3015 1076 3080 πλουσίους
1094 3013 1228 3068 ἀντὶ
1255 3012 1360 3068 τοῦ
1389 3010 1648 3066 θανάτου
1669 3008 1874 3064 αὑτοῦ.

304 3112 434 3168 Ὅτι
466 3108 757 3179 ἁμαρτίαν
787 3109 898 3160 οὐκ
947 3105 1256 3171 ἐποίησεν,
1294 3101 1438 3155 οὐδὲ
1455 3100 1668 3170 εὑρέθη
1701 3100 1880 3167 δόλος

303 3204 374 3258 ἐν
410 3201 489 3266 τῷ
511 3200 761 3269 στόματι
791 3196 998 3252 αὑτοῦ.
1489 3241 1495 3247 .

379 3294 594 3347 Ἔοικεν
623 3294 680 3344 ὲν
715 3289 926 3353 τούτοις
976 3287 1155 3342 ἐκεῖνο
1204 3285 1491 3357 βούλεσθαι
1527 3282 1740 3353 δηλοῦν,
1791 3281 1884 3336 καὶ

304 3385 504 3458 ἀληθὲς
530 3383 588 3438 ὃν
645 3382 991 3451 ἀποφαίνειν,
1056 3380 1193 3450 ὅπερ
1256 3378 1464 3448 ἔφαμεν
1509 3377 1744 3448 ἀρτίως,
1801 3375 1884 3427 ὅτι

303 3479 392 3532 διὰ
424 3476 483 3530 τὸ
533 3471 672 3529 εἶναι
729 3471 1004 3533 δυσσεϐεῖς
1061 3469 1283 3542 σφόδρα,
1345 3465 1438 3520 καὶ
1503 3463 1885 3534 ἀνομωτάτους

304 3571 431 3638 τοὺς
453 3567 737 3628 τελοῦντας
773 3565 852 3626 είς
874 3562 1000 3616 λαὸν
1037 3560 1194 3624 Θεοῦ,
1235 3557 1375 3629 ἢχθη
1419 3555 1649 3625 Χριστὸς
1677 3554 1756 3615 είς
1790 3551 1886 3605 θά-

307 3649 488 3735 νατον.
530 3656 748 3726 Ἐπειδὴ
786 3655 918 3724 γὰρ,
958 3651 1145 3726 φησιν,
1187 3648 1653 3719 πεπαρῳνήκασιν
1683 3646 1763 3707 εἰς
1787 3644 1886 3696 αὑ-

308 3755 402 3808 τὸν
431 3751 682 3813 ἀνοσίως,
711 3749 806 3801 καὶ
831 3744 1072 3816 ἀρχηγὸν
1092 3743 1220 3795 ὄντα
1239 3740 1342 3810 τῆς
1361 3739 1506 3809 ζωῆς
1536 3735 1889 3798 ἀπεκτόνασι,

311 3845 700 3909 δυσσεϐοῦντες
735 3839 1061 3910 ἀφυλάκτως
1091 3835 1186 3889 καὶ
1209 3837 1287 3898 εἰς
1311 3833 1472 3888 αὑτὸν
1495 3832 1585 3885 τὸν
1615 3828 1856 3893 σώζοντα
1873 3841 1887 3855 '

314 3938 574 4008 ταύτῃτοι
635 3932 732 3987 καλ⁸
787 3931 930 4002 μάλα
986 3927 1208 3988 δικαίως
1268 3926 1392 3988 τοὺς
1456 3921 1725 3993 πονηροὺς
1802 3917 1896 3971 καὶ

317 4017 607 4105 πλουσίους
629 4014 806 4090 δώσω,
827 4021 1014 4092 φησὶν.
1045 4020 1125 4081 είς
1175 4020 1362 4088 χεῖρας
1392 4014 1626 4086 ἐχθρῶν,
1652 4012 1772 4067 ἀντὶ
1797 4011 1896 4080 τῆς

318 4119 494 4196 ταφῆς
518 4113 707 4181 αὑτοῦ,
730 4106 830 4166 ⁵καὶ
862 4112 980 4165 ἀντὶ
1003 4108 1098 4163 τοῦ
1137 4109 1367 4161 Θανάτου
1400 4104 1588 4160 αὐτοῦ.
1635 4102 1900 4173 Πεπλημ-,

326 4193 596 4282 μελήκασι
664 4199 772 4276 γάρ
830 4202 1071 4257 Ἰουδαῖοι
1129 4198 1271 4256 κατὰ
1331 4197 1424 4252 δύο
1477 4197 1750 4268 τρόπους,
1803 4193 1900 4246 καὶ

321 4299 679 4360 ἀπεκτονότες
707 4296 797 4349 τὸν
824 4294 1048 4366 Κύριον,
1097 4293 1192 4345 καὶ
1231 4287 1692 4357 συκοφαντοῦντες
1731 4283 1896 4339 αὑτοῦ

322 4393 421 4467 τὴν
454 4391 648 4461 ταφήν.
684 4388 794 4442 Καὶ
839 4375 970 4440 ’τίνα
1017 4374 1240 4462 τρόπον,
1268 4382 1520 4454 ἐροῦμεν.
1562 4379 1764 4447 Ἐτάνρη
1803 4379 1899 4447 μὲν

324 4487 433 4554 γὰρ
455 4483 750 4555 ὑπομείνας
773 4482 862 4536 τὸν
883 4480 1023 4536 κατά
1058 4480 1236 4550 σάρκα
1262 4477 1511 4551 θάνατονι
1545 4473 1680 4545 πλὴν
1703 4472 1903 4526 ἀνεϐίω

326 4576 639 4646 τριήμερος,
675 4572 899 4644 σεισμοῦ
923 4571 1205 4642 γεγονότος
1244 4570 1300 4621 ὲν
1345 4566 1423 4636 τῷ
1465 4563 1733 4637 μνημείῳ·
1764 4561 1905 4615 ὥστε

331 4669 424 4722 καὶ
455 4670 578 4730 τοὺς
607 4665 978 4736 φυλάσσοντας
1026 4657 1362 4734 στρατιώτας
1391 4661 1446 4711 ὲν
1475 4645 1723 4726 αἰσθήσει
1750 4651 1899 4722 γενέ-

334 4760 455 4813 σθαι
481 4758 574 4812 τοῦ
627 4758 970 4829 πράγματος,
1020 4751 1311 4822 ἀφικέσθαι
1359 4768 1419 4803 τε
1476 4749 1611 4819 πρὸς
1635 4748 1760 4808 τοὺς
1794 4743 1904 4807 τῶν

344 4851 611 4906 Ἰουδαίων
645 4847 982 4918 καθηγητὰς,
1014 4841 1345 4912 ἀπαγγεῖλαί
1377 4859 1436 4894 τε
1467 4839 1648 4903 τοῦτο,
1683 4837 1776 4890 καὶ
1810 4834 1907 4888 αὑ-

333 4945 430 5012 τὴν
454 4942 628 5012 δὲτὴν
657 4940 973 4994 ἀνάστασιν.
1028 4937 1092 4989 Οί
1128 4935 1205 4998 δὲ,
1255 4933 1399 4989 καθά
1450 4948 1614 5002 φησιν
1660 4932 1688 4982 6
1743 4927 1909 4994 εὐαγ-

332 5035 608 5104 γελιστὴς,
651 5033 888 5103 ἀργύρια
917 5017 1079 5083 ἱκανὰ
1110 5027 1314 5080 ἔδωκαν
1362 5027 1476 5087 τοῖς
1515 5020 1912 5094 στρατιώταις,

338 5130 426 5181 ἵνα
456 5129 706 5189 εἴπωσιν,
737 5126 818 5177 ὅτι
866 5122 916 5174 οἱ
952 5119 1192 5191 μαθηταὶ
1235 5115 1400 5171 αὐτοῦ
1430 5115 1674 5176 ἐλθόντες
1721 5109 1913 5174 νυκτὸς

340 5217 577 5287 ἔκλεψαν
614 5215 796 5270 αὐτόν.
843 5213 954 5266 Καὶ
1009 5208 1286 5281 ἐφημίσθη
1327 5209 1355 5260 6
1398 5207 1554 5275 λόγος
1585 5200 1736 5266 οὗτος
1765 5200 1917 5272 παρὰ

1979 3019 2026 3064 et
2055 3011 2242 3064 divites
2285 3024 2379 3074 pro
2406 3017 2570 3060 morte
2590 3004 2724 3074 ejus.
2764 3003 2902 3067 Quia
2934 3001 3264 3070 iniquitatem
3322 3013 3422 3051 non
3465 2995 3549 3060 fe-

1982 3102 2069 3168 cit,
2103 3115 2263 3171 neque
2291 3100 2528 3152 iuventus
2570 3105 2642 3149 est
2671 3093 2822 3148 dolus
2857 3094 2912 3146 iu
2954 3107 3042 3145 ore
3072 3091 3208 3158 ejus.

2060 3281 2280 3336 Videtur
2311 3279 2364 3333 in
2394 3277 2484 3332 bis
2529 3275 2710 3330 verbis
2751 3273 2879 3328 illud
2917 3272 3054 3326 velle
3123 3269 3452 3340 signiﬁcare,
3504 3282 3557 3324 et

1985 3373 2037 3428 id
2067 3385 2251 3426 verum
2279 3384 2402 3425 esse
2451 3367 2758 3432 ostendere,
2814 3364 2956 3432 quod
3007 3361 3120 3430 jam
3167 3359 3422 3420 diximus,
3489 3369 3557 3408 eo

1986 3464 2128 3534 quod
2161 3463 2310 3532 impii
2342 3460 2634 3516 admodum
2669 3468 2723 3514 et
2789 3454 3114 3526 iniquissimi
3172 3451 3406 3512 l‘ueraut,
3465 3447 3557 3516 qui

1989 3553 2190 3624 populo
2223 3551 2313 3606 Dei
2340 3550 2557 3606 accensi
2589 3557 2768 3612 erant,
2793 3555 3076 3617 propterea
3112 3542 3387 3596 Christum
3439 3551 3563 3592 esse

1991 3648 2055 3700 ad
2088 3652 2317 3701 mortem
2343 3643 2653 3712 abreptum.
2693 3637 2852 3705 Nam,
2892 3635 3087 3704 inquit,
3121 3628 3560 3702 quandoquidem

1993 3739 2154 3808 impie
2184 3738 2235 3792 in
2259 3737 2408 3790 illum
2448 3732 2764 3790 dehaccltati
2800 3738 2949 3792 sunt,
2994 3736 3050 3781 et
3087 3725 3384 3795 principem
3439 3722 3565 3772 vita:

1995 3825 2409 3888 interfecerunt,
2478 3819 2884 3876 inconsiderate
2958 3815 3289 3882 impietatem
3343 3812 3397 3863 in
3441 3823 3566 3862 eum

1996 3918 2162 3973 etiam
2209 3916 2301 3984 qui
2334 3925 2518 3970 servat
2541 3917 2860 3966 exercentes
2889 3925 2904 3962 :
2936 3907 3063 3960 hinc
3090 3910 3144 3958 et
3167 3903 3382 3970 quidem
3415 3900 3572 3954 valde

1999 4008 2191 4064 merito
2213 4003 2491 4073 improbos
2513 4011 2569 4056 et
2588 4000 2800 4062 divites,
2823 3997 3016 4066 inquit,
3036 4008 3132 4061 pro
3161 3991 3434 4060 sepultura
3452 3987 3570 4055 ejus

1999 4110 2053 4156 et
2087 4114 2183 4168 pro
2213 4103 2389 4151 morte
2416 4092 2560 4162 ejus,
2581 4091 2724 4146 dabo
2751 4089 2804 4142 in
2831 4101 3023 4140 manus
3057 4083 3313 4138 hostium.
3351 4079 3570 4132 Duobus

2001 4191 2142 4246 enim
2174 4186 2352 4242 modis
2381 4184 2724 4252 deliquerunt
2752 4177 2942 4238 Judaei,
2982 4187 3093 4230 tum
3115 4173 3256 4242 quod
3281 4169 3572 4224 interfece-

1929 4259 1976 4318 θ
2004 4283 2112 4336 rint
2140 4277 2447 4340 Dominum,
2476 4283 2587 4327 tum
2633 4270 2775 4340 quod
2830 4269 2946 4337 ejus
3000 4263 3333 4334 sepulturam
3368 4259 3576 4312 calum-

2007 4373 2140 4428 niati
2171 4369 2394 4424 fuerint.
2429 4366 2550 4434 Quo
2580 4373 2758 4418 autem
2791 4359 2972 4425 modo,
3005 4357 3267 4412 dicemus.
3322 4351 3577 4420 Sepultus

2006 4477 2090 4522 est
2142 4463 2291 4520 enim
2347 4470 2631 4531 postquam
2733 4453 2914 4509 carnis
2981 4458 3208 4504 mortem
3298 4445 3576 4504 subiisset,

2009 4567 2062 4612 et
2087 4566 2264 4610 tamen
2321 4551 2483 4608 tertio
2526 4549 2613 4605 die
2665 4543 2880 4608 revixit,
2941 4551 3099 4595 terrae
3153 4547 3298 4593 tuotu
3346 4535 3579 4604 quodam

2011 4649 2245 4703 excitato
2277 4644 2329 4698 iu
2370 4647 2742 4703 monumento,
2800 4635 2936 4690 adeo
2967 4643 3023 4686 ut
3053 4631 3250 4685 milites
3275 4625 3582 4682 custodien-

2013 4752 2092 4795 tes
2127 4753 2241 4792 rem
2287 4736 2575 4800 sentirent,
2603 4740 2655 4787 et
2688 4729 2757 4785 ad
2789 4725 3389 4794 Judteorumprzel'ectos
3416 4718 3583 4778 irent,

2010 4844 2240 4900 eamque
2269 4828 2602 4890 nuntiarent,
2661 4823 2939 4894 ipsamque
2997 4813 3474 4872 resurrectionem.
3518 4806 3584 4860 Hi

2013 4898 2166 4988 vero,
2224 4920 2381 4975 sicuti
2431 4914 2762 4986 evangelista
2819 4909 3006 4974 refert,
3069 4914 3352 4974 argenteos
3389 4898 3587 4952 multos

2015 5016 2278 5072 dederunt
2342 5010 2624 5074 militibus,
2695 5012 2752 5060 ut
2811 5003 3054 5058 dicerent
3111 4993 3404 5064 discipulos
3471 4990 3590 5058 ejus

2019 5106 2230 5161 venisse
2257 5111 2443 5169 noctu,
2483 5111 2716 5168 eumque
2771 5091 3099 5162 surripuisse
3125 5088 3192 5141 ⁸⁸.
3255 5084 3457 5152 Estque
3492 5081 3579 5133 hic

2018 5211 2196 5251 sermo
2238 5192 2544 5261 divulgatus
2573 5190 2714 5259 apud
2762 5185 2974 5242 Judzeos
3020 5182 3087 5236 ad
3129 5177 3448 5233 hodiernum
3501 5185 3590 5224 us-

338 5310 452 5373 τοζς
484 5272 769 5369 ’Ἰουδαίοις
804 5305 966 5375 μέχρι
997 5272 1384 5372 τῖίςησήμερον
1433 5272 1665 5367 ἡμέρας.
1711 5291 1875 5346 Οὑκοῐ

2022 5302 2129 5359 que
2167 5287 2330 5342 diem.
2371 5283 2558 5352 Itaque
2586 5282 2655 5334 ob
2680 5281 2796 5333 haec
2821 5278 2927 5331 duo
2957 5273 3162 5330 scelera
3228 5272 3450 5321 accusat
3496 5275 3592 5315 eos

343 5401 541 5475 διττοῖς
575 5391 1008 5468 πλημμελήμασι
1054 5393 1325 5472 γράφεται
1352 5391 1478 5451 τοὺς
1525 5385 1865 5456 ήσεόηκότας
1894 5384 1924 5435 6

346 5491 478 5555 Θεὸς
523 5487 618 5543 καὶ
654 5487 864 5556 Πατήρ
891 5484 1162 5555 πονηροὺς
1183 5482 1239 5534 δὲ
1268 5480 1463 5544 αὐτοὺς
1510 5480 1604 5531 καὶ
1642 5475 1927 5544 πλουσίους

383 5663 430 5740 f7
463 5660 652 5719 Matth.
688 5675 796 5726 ιιι,
830 5660 918 5726 58.
997 5659 1040 5690 ⁸⁸
1089 5656 1276 5719 Matth.
1321 5670 1514 5719 xxvttt,
1562 5653 1646 5717 l9,
1693 5652 1776 5704 l5.

2024 5365 2116 5451 qui
2155 5377 2316 5447 impie
2358 5371 2861 5445 praevaricatisuut,
2904 5365 3044 5419 Deus
3086 5370 3142 5416 et
3167 5359 3368 5421 Pater;
3419 5363 3594 5408 ctcos

2033 5442 2202 5528 malos
2231 5442 2469 5541 appellat
2498 5473 2554 5522 et
2577 5462 2772 5520 divites
2805 5457 3039 5522 amulos,
3064 5461 3124 5508 ut
3161 5449 3254 5521 qui
3283 5442 3592 5504 calumniati
