4092 6296
311 421 459 478 1185

1441 403 1513 474 ἸΝ
1550 402 1796 474 15ΑΙΑΜ
1840 419 1970 477 LIB.
2013 414 2076 476 ν.
2117 412 2356 472 TOMUS
2392 412 2437 470 Ι.

3453 388 3594 473 nso

398 544 534 598 Ἐὰν
559 544 709 597 δῶτε
738 541 873 611 περὶ
906 540 1218 611 ἁμαρτίας,
1342 542 1513 613 ψυχὴ
1550 536 1723 614 ὑμῶν
1761 543 1906 614 ὄψε-

2080 539 2245 594 Vens.
2312 536 2502 592 10-12.
2551 534 2612 589 Si
2669 534 2920 590 dederitis
2965 549 3060 603 pro
3124 543 3359 603 peccato,
3413 537 3593 590 animo

297 648 411 686 tat
444 631 684 703 σπέρμα
707 631 1054 702 μακρόϐιον.
1087 629 1197 684 Kai
1234 628 1531 693 ,βούλεται
1563 628 1780 698 Κύριος
1806 632 1917 699 ἁφ-

2014 641 2188 686 vestra
2215 629 2404 684 uidebit
2430 641 2606 681 semen
2656 626 2972 697 longwuurn.
3034 625 3104 678 Et
3163 627 3268 680 vult
3334 625 3595 683 Dominus

298 724 484 778 τελεῖν
504 725 620 779 ἀπὸ
639 723 745 777 τοῦ
762 723 953 775 πόνου
973 718 1086 789 τῆς
1099 719 1532 791 ψυχῆςαὺτοῦ,
1545 721 1738 786 δεῖξαι
1757 721 1911 789 αὐτῷ

2015 726 2230 795 auferre
2275 724 2340 777 de
2361 721 2544 776 dolore
2574 720 2816 775 animant
2839 720 2980 789 ejus,
3030 720 3300 775 ostendere
3328 721 3377 775 ei
3417 724 3594 777 lumen

301 814 447 886 ςρῶς
502 815 600 869 καί
645 812 875 867 πλάσαι
910 810 987 881 τῇ
1024 810 1315 877 συνέσει,
1344 811 1659 867 δικαιῶσαι
1681 812 1911 867 discolor

2012 826 2060 873 et
2092 817 2324 886 [amiare
2349 812 2720 884 intelligentia,
2752 811 3054 881 justi/icore
3065 812 3294 882 justum,
3329 813 3453 866 bene
3481 827 3593 866 ser-

299 903 387 963 εὖ
421 907 792 963 δουλεύοντα
810 903 1094 971 πολλοῖς,
1129 904 1229 959 και
1262 905 1371 971 τὰς
1401 904 1697 974 ἁμαρτίας
1713 904 1911 959 αὐτῶν

2012 910 2233 965 rientem
2267 907 2472 971 multis,
2520 915 2568 960 et
2588 914 2804 971 peccata
2828 918 3013 959 eorum
3036 904 3146 971 ipse
3176 904 3419 957 remittett
3444 902 3591 967 Qua-

299 999 500 1064 αὐτὸς
528 996 742 1063 ἀνήσει
772 994 944 1068 [vulg.
1001 992 1285 1068 ἀνοίσει].
1332 993 1437 1048 Διὰ
1488 993 1669 1050 τοῦτο
1719 995 1906 1064 αὐτὸς

300 1088 761 1159 κληρονομήσει
793 1088 1089 1154 πολλοὺς,
1130 1086 1376 1141 καὶτῶν
1406 1085 1677 1155 ἰσχυρῶν
1717 1087 1913 1156 pspr

299 1182 538 1245 σκύλα,
560 1181 689 1237 ἀνθ’
709 1174 798 1234 ὧν
816 1179 1118 1249 παρεδόθη
1150 1180 1238 1244 είς
1257 1177 1520 1232 θάνατον
1543 1177 1582 1245 ἡ
1606 1178 1781 1248 ψυχὴ
1803 1180 1911 1232 αὺ-

303 1274 443 1340 τοῦ,
496 1274 593 1328 καί
645 1272 716 1326 ἐν
757 1271 885 1338 τοῖς
915 1271 1163 1341 ἀνόμοις
1216 1271 1527 1341 ἐλογίσθη,
1582 1269 1681 1323 καὶ
1729 1270 1910 1335 αὐτὸς

2009 1007 2223 1068 propter
2256 999 2364 1068 ipse
2385 997 2671 1067 possidebit
2698 995 2911 1058 multos,
2934 1001 2985 1047 et
3011 992 3226 1063 fortium
3261 994 3453 1047 dit-idet
3471 1009 3592 1060 spo-

2014 1091 2109 1145 lia.
2160 1087 2270 1143 Pro
2309 1106 2368 1144 eo
2403 1089 2543 1159 quod
2567 1088 2767 1142 tradita
2804 1095 2883 1141 est
2906 1084 2962 1140 in
2990 1095 3211 1139 mortem
3239 1085 3416 1138 animo
3451 1086 3588 1152 ejus,

2015 1189 2066 1236 et
2092 1181 2228 1235 inter
2262 1181 2473 1252 iniquos
2500 1190 2771 1248 reputatae
2806 1188 2904 1242 est,
2950 1186 2998 1233 et
3051 1177 3161 1244 ipse
3220 1187 3431 1245 peccata
3453 1175 3594 1230 ιιιιιι-

2019 1281 2192 1325 torum
2226 1272 2370 1331 tulit.
2407 1281 2454 1326 et
2477 1280 2689 1341 propter
2719 1277 2935 1340 peccata
2959 1282 3139 1323 eorum
3164 1268 3393 1322 traditus
3420 1279 3516 1323 est.

303 1368 609 1439 ἁμαρτίας
637 1364 888 1421 πολλῶν
916 1364 1232 1435 ἀνήνεγκε,
1262 1365 1360 1419 καί
1384 1363 1482 1418 διὰ
1514 1365 1623 1431 τὰς
1647 1364 1938 1434 ἁμαρτίας
1957 1364 2158 1419 αὐτῶν
2178 1364 2502 1434 παρεδόθη.

404 1460 741 1529 Ἐγκαλέσας
760 1461 875 1522 τοῖς
904 1458 964 1525 ἐξ
1005 1456 1257 1529 Ἰσραὴλ,
1297 1453 1374 1521 ὣς
1411 1458 1768 1510 ἀπεκτονόσιν
1789 1456 1904 1510 ἀδί-

309 1564 435 1615 κως
466 1551 558 1604 τὸν
577 1549 680 1620 τῆς
709 1549 857 1620 ζωῆς
877 1543 1133 1620 χορηγὸν,
1169 1547 1263 1602 καὶ
1296 1547 1398 1616 τῆς
1430 1546 1685 1601 ἁπάντων
1724 1555 1903 1617 σωτη-

319 1646 450 1715 ρίας
478 1642 767 1716 πρύτανιν,
805 1640 1094 1712 μεθίστησι
1146 1641 1274 1703 τοὺς
1315 1638 1505 1708 λόγους
1522 1638 1615 1691 ἐπὶ
1665 1636 1764 1701 τάς
1796 1637 1904 1689 τῶν

313 1738 496 1793 ἐθνῶν
545 1736 768 1806 ἀγέλας,
803 1735 899 1788 καὶ
925 1734 990 1806 δὴ
1042 1733 1137 1786 καί
1192 1749 1358 1804 φησιν
1402 1732 1479 1794 ὡς
1512 1730 1653 1802 πρὸς
1704 1731 1903 1793 uses;-

330 1826 465 1883 Ἕάν
486 1828 622 1882 δῶτε
646 1826 776 1898 περὶ
804 1824 1102 1897 ἁμαρτίας,
1120 1824 1154 1894 ἡ
1175 1822 1322 1893 ψυχὴ
1345 1820 1499 1892 ὑμῶν
1526 1820 1716 1890 ὄψεται
1739 1819 1905 1889 σπέρ-

319 1924 405 1993 μα
435 1919 751 1992 μακρόϐιον.
804 1918 1026 1988 Ὅμοιον
1057 1915 1115 1968 δὲ
1162 1915 1241 1979 ὡς
1291 1916 1340 1968 εί
1369 1912 1517 1984 λέγοι
1545 1911 1754 1981 σαφῶςο
1802 1911 1907 1964 Τέ-

316 2012 507 2065 θεικεν
531 2010 670 2079 ὑπὲρ
699 2008 853 2079 ὑμῶν
881 2005 979 2078 τὴν
1010 2002 1204 2059 ἑαυτοῦ
1232 2003 1413 2075 ψυχὴν
1432 2005 1462 2057 ὁ
1487 2003 1750 2075 Χριστός
1768 2001 1904 2072 ἠγό-

317 2106 495 2174 ρασεν
535 2095 682 2170 ὑμᾶς
724 2097 783 2152 ὲν
831 2097 1025 2167 αἵματι
1053 2095 1133 2166 τῷ
1165 2094 1300 2166 ἰδίῳ,
1353 2094 1615 2165 ὑπέμεινε
1645 2093 1904 2165 σταυρὸν,

314 2193 587 2262 αἰσχύνης
606 2182 1057 2260 καταφρονήσας,
1112 2185 1199 2239 ἵνα
1237 2185 1394 2256 ὑμῶν
1444 2181 1767 2255 κατορθώσῃ
1808 2183 1907 2256 τὴν

317 2280 622 2351 σωτηρίαν.
669 2279 769 2332 Ἂν
807 2277 988 2331 τοίνυν
1027 2274 1334 2347 ἀμείψησθε
1388 2274 1486 2328 καὶ
1517 2273 1677 2343 ὑμεῖς
1711 2273 1866 2327 αὐτοὶ
1888 2313 1904 2337 ,

317 2372 419 2424 καὶ
475 2366 783 2440 καταθῆσθε
837 2365 1027 2436 ὥσπερ
1059 2365 1118 2420 ὲν
1153 2365 1470 2436 ὀφλήματος
1515 2362 1673 2429 τάξει
1716 2363 1778 2418 τὸ
1820 2364 1910 2417 εὑ-

319 2462 495 2530 ήνιον,
531 2460 624 2513 καὶ
658 2455 987 2528 ὑπαγάγητε
1013 2456 1105 2510 τῦν
1139 2457 1346 2526 αὐχένα
1377 2458 1490 2519 τοῖς
1514 2454 1680 2510 αὑτοῦ
1700 2455 1905 2525 ζυγοῖς

320 2552 450 2606 τότε
481 2553 515 2621 ἡ
544 2549 692 2621 ψυχὴ
719 2548 872 2620 ὑμῶν
892 2542 1089 2618 1ὂψεται
1123 2549 1345 2619 σπέρμα
1379 2546 1676 2619 μακρόϐιον
1694 2591 1710 2615 ,
1754 2562 1908 2601 τουτ-

322 2642 498 2710 έστιν,
522 2640 713 2694 ἔσεσθε
740 2639 990 2694 κοινωνοὶ
1016 2638 1125 2693 τῶν
1153 2640 1233 2701 είς
1258 2638 1581 2709 μακραίωνα
1608 2638 1722 2709 βίον
1745 2650 1907 2709 τετηι

327 2734 608 2807 ρημένων,
643 2732 815 2801 ἁγίων
838 2732 895 2786 δὲ
923 2730 1186 2803 δηλονότι,
1213 2730 1266 2784 ὀἳ
1286 2731 1386 2802 τῆς
1422 2733 1506 2794 είς
1551 2731 1724 2786 αίῶνα
1762 2732 1908 2803 ζωῆς

324 2826 428 2898 τὴν
457 2825 647 2880 ἐλπίδα
700 2823 1163 2895 πεπλουτήκασιν.
1220 2823 1409 2887 Οὐδεὶς
1468 2822 1567 2894 μὲν
1618 2823 1729 2895 γὰρ
1773 2823 1906 2895 παρ’

326 2916 558 2988 ’Ἕλλησι
589 2915 744 2985 λόγος
770 2915 867 2985 τῆς
905 2913 1015 2968 τῶν
1051 2914 1259 2988 νεκρῶν
1288 2914 1637 2979 ἀναστάσεως
1659 2910 1748 2984 ἦν,
1776 2915 1907 2969 ἀπι-

328 3012 535 3063 στεῖται
556 3008 612 3062 δὲ
640 3009 734 3062 καὶ
756 3008 837 3072 είς
856 3005 1016 3077 δεῦρο
1043 3007 1106 3061 τὸ
1136 3008 1453 3080 μυστήριον.
1477 3008 1775 3077 Μονονουχί
1805 3024 1909 3077 φα-

328 3116 385 3155 σι
424 3100 518 3165 τὸ,
571 3101 654 3154 ὅτι
680 3097 904 3163 Καπνὸς
953 3099 987 3169 ἡ
1023 3097 1160 3169 πνοὴ
1200 3099 1258 3151 έν
1287 3097 1432 3167 ῥισὶν
1479 3096 1661 3169 ἡμῶν,
1690 3090 1751 3151 οὗ
1783 3099 1909 3151 σϐε-

327 3192 570 3256 σθέντος,
596 3190 772 3265 τέφρα
810 3189 1151 3261 ἀποϐήσεται
1184 3189 1246 3243 τὸ
1273 3190 1384 3243 πᾶν
1402 3228 1417 3254 ,
1448 3190 1544 3244 καὶ
1588 3190 1650 3243 τὸ
1691 3188 1909 3261 πνεῦμα
1935 3228 1978 3285 c

319 3284 715 3356 διαχυθήσεται
742 3284 818 3348 ὡς
840 3282 1041 3354 χαῦνος
1071 3281 1229 3353 ἀνήρ.
1275 3282 1437 3352 Παρά
1463 3281 1524 3336 δέ
1566 3288 1630 3350 γε
1667 3283 1778 3344 τοῖς
1809 3281 1907 3352 τῆς

333 3374 665 3446 Ἐκκλησίας
692 3374 1005 3447 τροφίμοις,
1034 3373 1191 3436 ἐλπὶς
1229 3373 1571 3445 ἀκράδαντος
1601 3374 1636 3442 ἡ
1671 3373 1908 3426 ἀνάστα-

322 3484 413 3533 σις
436 3460 546 3521 τῶν
566 3466 987 3538 κεκοιμημένων
1013 3462 1104 3538 ἦν,
1131 3466 1228 3520 καὶ
1254 3468 1367 3529 τοῖς
1397 3464 1605 3519 ἔθνεσιν
1633 3464 1908 3535 ὑπισχνεῖο

319 3570 417 3613 ται
442 3558 597 3624 Θεὸς,
636 3558 796 3628 εῐπερ
815 3558 1023 3612 ἕλοιντο
1072 3558 1174 3629 τὴν
1209 3557 1514 3612 ἀνῖεέκτισίν
1546 3556 1647 3626 τῆς
1699 3556 1907 3611 ἑαυτῶν

319 3646 509 3722 ψυχῆς
539 3649 913 3722 προσκομίσαι
964 3647 1188 3720 Χριστῷ
1207 3648 1286 3720 τῷ
1317 3647 1510 3703 παθεῖν
1545 3648 1786 3721 ἑλομένῳ
1818 3650 1908 3705 διὰ

321 3743 430 3812 τὴν
471 3740 651 3795 αὐτῶν
698 3741 996 3813 ἁμαρτίαν.
1057 3739 1359 3812 Ὀφείλημα
1383 3740 1441 3796 δὲ
1473 3741 1536 3795 τὸ
1568 3741 1705 3814 πρὸς
1750 3741 1907 3813 ἡμῶν

321 3833 513 3887 ὁποῖον
539 3831 647 3902 ἀρα
667 3831 804 3897 ἐστὶ,
833 3834 1088 3903 σαφηνιεί
1114 3821 1289 3901 λέγων
1308 3836 1336 3888 ὁ
1351 3832 1564 3898 Παῦλος
1584 3849 1598 3864 ·
1634 3852 1653 3885 ι
1679 3829 1773 3898 Εἷς
1797 3835 1907 3908 γὰρ

325 3924 477 3996 ὑπὲρ
506 3923 724 3979 πάντων
755 3923 1043 3990 ἀπέθανεν,
1082 3924 1167 3978 ἵνα
1204 3925 1253 3977 oi
1291 3924 1492 3989 ζῶντες
1536 3926 1735 3997 μηκέτι
1782 3926 1907 3980 ἑαυ-

323 4014 444 4076 τοῖς
482 4011 688 4080 ζῶσιν,
736 4013 874 4068 ἀλλά
911 4011 990 4084 τῷ
1033 4013 1173 4086 ὑπὲρ
1208 4014 1388 4069 αὐτῶν
1438 4015 1760 4070 ἀποθανόντι
1812 4016 1908 4069 καὶ

328 4100 636 4171 εγερθέντι.
679 4119 699 4153 ι
735 4099 946 4156 Οὐκοῦν
974 4102 1377 4174 ὲπωφλήσαμεν
1409 4104 1678 4177 αὐτῷτὴν
1698 4105 1909 4158 ἑαυτῶν

332 4192 502 4262 ζωήν.
555 4189 654 4244 Διά
680 4189 843 4243 τοῦτό
871 4206 1069 4263 φησιν’
1111 4211 1129 4243 ι
1154 4192 1222 4246 Et
1247 4210 1333 4257 τις
1386 4194 1533 4248 θέλει
1583 4195 1762 4250 ὀπίσω
1805 4214 1910 4268 μου

332 4282 531 4346 ἐλθεῖν,
574 4282 904 4354 ἀρνησάσθω
934 4283 1145 4349 ἑαυτὸν,
1194 4285 1287 4338 καὶ
1320 4285 1507 4357 ἀράτω
1544 4287 1636 4342 τὸν
1675 4290 1908 4360 σταυρὸν

330 4378 523 4443 αὐτοῦ,
572 4377 665 4432 καὶ
719 4376 1080 4431 ἀκολουθείτω
1131 4395 1241 4448 μοι.
1282 4398 1301 4429 ι
1351 4379 1422 4431 Ὅ
1467 4394 1531 4448 γε
1572 4381 1679 4450 μὴν
1716 4383 1908 4436 ἑαυτὸν

329 4470 684 4542 ἀρνούμενος,
709 4469 769 4522 οὐ
797 4468 896 4540 τὴν
924 4466 1074 4540 αὐτῷ
1095 4467 1221 4522 καθ’
1249 4468 1442 4540 ἡδονὴν
1457 4468 1539 4523 ἔτι
1563 4470 1908 4527 διαϐιὼσεται

2078 1455 2339 1510 lsraelitis
2368 1455 2662 1519 accusatis,
2726 1463 2787 1510 ut
2853 1455 2945 1525 qui
3012 1454 3215 1524 injuste
3273 1454 3592 1510 occiderunt

2008 1545 2133 1600 vita:
2192 1546 2438 1599 datorem
2493 1553 2550 1600 et
2595 1544 2931 1616 largitorem,
2981 1543 3334 1614 omniumque
3400 1543 3588 1599 salutis

2006 1636 2474 1707 dispensatorem:
2529 1636 2593 1691 ad
2654 1636 2895 1707 gentium
2941 1636 3416 1708 congregationem
3467 1650 3591 1691 con-

2011 1729 2171 1781 vertit
2198 1727 2532 1791 orationem,
2563 1736 2620 1782 et
2656 1742 2776 1782 eam
2823 1727 2904 1782 sie
2928 1725 3161 1781 aﬂ'utur;
3220 1724 3275 1779 Si
3330 1724 3593 1779 dederitis

2007 1831 2104 1890 pro
2126 1828 2368 1891 peccato,
2404 1823 2584 1887 anima
2604 1829 2787 1875 vestra
2819 1820 3021 1875 videbit
3044 1833 3230 1876 semen
3263 1817 3586 1889 longaevum.

2008 1909 2241 1966 Perinde
2267 1920 2352 1966 est
2377 1926 2440 1965 ac
2471 1910 2520 1966 si
2562 1920 2753 1980 aperte
2771 1911 2955 1967 dicat:
3032 1908 3217 1964 Posuit
3283 1910 3405 1978 pro
3432 1908 3591 1963 nobis

2008 2001 2249 2057 animam
2280 2015 2435 2056 suam
2467 1999 2723 2057 Christus
2748 2018 2762 2055 :
2812 2000 3076 2070 sanguine
3100 2000 3322 2070 proprio
3365 2013 3464 2055 nos
3495 2015 3587 2054 re-

2007 2094 2199 2160 demit,
2230 2093 2523 2164 ignominia
2568 2101 2877 2164 contempta
2923 2107 3141 2149 crucem
3180 2092 3370 2156 subiit,
3401 2101 3460 2147 ut
3490 2106 3588 2145 no-

2006 2186 2087 2242 bis
2118 2185 2347 2241 salutem
2375 2180 2711 2255 procuraret.
2748 2184 2806 2240 Si
2843 2199 2975 2255 ergo
3023 2197 3122 2239 vos
3164 2183 3390 2239 reddere
3441 2183 3590 2237 vices

2006 2277 2209 2344 velitis,
2251 2276 2299 2333 si
2330 2276 2494 2333 debiti
2553 2277 2673 2332 loco
2725 2276 2881 2345 quasi
2923 2275 3285 2331 obedientiam
3336 2288 3592 2344 reposue-v

2009 2369 2150 2433 ritis,
2182 2367 2406 2437 ejusque
2448 2367 2578 2439 jngo
2608 2368 2875 2422 cervicem
2908 2366 3287 2437 subjeceritis:
3323 2374 3448 2420 tunc
3469 2366 3587 2419 ani-

2009 2472 2096 2512 ma
2139 2466 2318 2512 vestra
2345 2468 2529 2512 semen
2559 2456 2859 2527 longaevum
2920 2456 3143 2521 videbit,
3182 2456 3235 2511 id
3275 2465 3379 2521 est,
3453 2456 3585 2511 socii

2006 2563 2194 2605 eorum
2236 2548 2411 2614 eritis,
2472 2548 2565 2618 qui
2619 2549 2686 2602 ad
2748 2547 2960 2618 longam
3017 2547 3183 2602 vitam
3218 2556 3589 2610 reservantur,

2009 2651 2322 2697 sanctorum
2365 2640 2638 2706 videlicet,
2672 2640 2765 2710 qui
2815 2650 3036 2696 aeterna:
3073 2641 3194 2694 vita:
3222 2652 3320 2710 spe
3352 2638 3589 2708 locuplea-

2010 2736 2102 2789 tati
2134 2742 2282 2790 sunt.
2339 2733 2491 2788 Nulla
2525 2733 2669 2788 enim
2704 2732 2845 2802 apud
2881 2730 3104 2787 Grarcos
3173 2741 3291 2787 erat
3349 2741 3589 2788 mortnoa

2010 2841 2129 2880 ru-m
2159 2823 2575 2879 resurrectionis
2622 2823 2780 2889 ratio,
2813 2822 2957 2875 nulla
3012 2835 3179 2877 cura:
3236 2820 3334 2877 sed
3364 2835 3464 2877 nec
3493 2822 3590 2875 ad-

2010 2917 2116 2972 huc
2157 2916 2289 2971 litles
2339 2916 2632 2972 adhibetur
2678 2914 2963 2984 mysterio,
3035 2913 3145 2968 imo
3201 2923 3411 2968 tantum
3474 2929 3579 2968 non

2009 3010 2263 3064 dictitant
2326 3007 2530 3062 fumum
2601 3020 2723 3061 esse
2794 3004 2981 3059 ﬂutant
3050 3005 3192 3061 hunc
3240 3005 3293 3060 in
3369 3006 3590 3061 natibus

2012 3101 2245 3165 nostris,
2280 3113 2387 3168 quo
2421 3097 2713 3160 exstincto,
2742 3095 2925 3151 omnia
2952 3096 3003 3150 in
3043 3096 3281 3151 cinerem
3322 3096 3588 3163 recidunt,

2010 3202 2066 3247 et
2107 3192 2197 3248 hic
2240 3192 2463 3262 spiritus
2515 3200 2770 3260 tanquam
2856 3187 3033 3242 inanis
3093 3202 3190 3242 aer
3238 3187 3585 3244 dill‘undetnr.

2013 3285 2283 3341 Caeterum
2316 3284 2454 3354 apud
2490 3283 2753 3339 Ecclesia:
2779 3282 3029 3337 alumnos
3093 3296 3218 3351 spes
3269 3280 3589 3336 inconcussa

2012 3387 2095 3434 est
2133 3377 2467 3433 resurrectio
2504 3375 2912 3440 dormientium,
2943 3375 3103 3443 idque
3132 3374 3404 3443 promittit
3449 3374 3592 3430 Dens

2016 3467 2292 3538 gentibus,
2324 3465 2590 3536 siquidem
2623 3464 2892 3521 voluerint
2922 3465 3333 3520 retributionem
3384 3465 3590 3518 aninm-

2014 3573 2132 3616 rum
2167 3572 2384 3615 suarmu
2439 3554 2638 3614 oli'erre
2690 3555 2929 3623 Christo,
2980 3556 3071 3628 qui
3136 3566 3355 3628 propter
3401 3571 3592 3612 eorum

2012 3661 2293 3722 peccatum
2340 3651 2450 3721 pati
2505 3648 2700 3705 voluit.
2758 3648 3009 3704 Debitmn
3086 3656 3270 3704 autem
3342 3659 3589 3703 nostrum

2014 3745 2317 3816 cuiusmodi
2373 3744 2466 3809 sit,
2510 3741 2812 3798 declarabit-
2860 3740 3080 3807 Paulus,
3135 3742 3352 3798 dicens:
3387 3760 3407 3793 ι
3444 3741 3595 3796 Unus

2012 3837 2160 3892 enim
2190 3851 2288 3906 pro
2319 3836 2476 3891 nobis
2526 3845 2775 3889 mortuus
2805 3842 2910 3897 est,
2960 3843 3019 3888 ut
3078 3834 3171 3902 qui
3223 3834 3430 3900 vivunt,
3487 3847 3593 3888 non

2014 3928 2246 3998 amplius
2270 3926 2371 3981 sibi
2394 3925 2602 3991 vivant,
2639 3925 2736 3978 sed
2777 3924 2826 3978 ei
2869 3923 2960 3991 qui
2995 3937 3093 3992 pro
3163 3924 3294 3992 ipsis
3350 3931 3595 3978 mortuus

2012 4026 2097 4074 est
2130 4026 2184 4071 et
2206 4016 2477 4071 excitatus
2508 4013 2621 4068 ⁷⁵.»
2677 4013 2946 4068 Debemus
3030 4022 3161 4083 ergo
3213 4013 3285 4067 illi
3347 4023 3590 4069 nostram

2012 4108 2198 4163 vitam.
2230 4106 2462 4175 Ideoque
2487 4104 2618 4159 dicit
2646 4118 2662 4158 :
2699 4119 2721 4155 ι
2757 4102 2814 4159 Si
2837 4103 2960 4173 quis
2975 4103 3101 4158 velit
3125 4115 3244 4172 post
3268 4119 3354 4158 me
3381 4106 3590 4172 venire,

2014 4203 2245 4271 abneget
2295 4196 2664 4265 semetipsum.
2721 4204 2776 4249 et
2827 4194 2980 4249 tollat
3031 4209 3246 4250 crucem
3309 4204 3483 4261 suam,
3538 4207 3594 4251 ct

2014 4301 2271 4362 sequatur
2308 4304 2396 4345 me
2423 4288 2492 4343 ⁷⁸.
2527 4307 2547 4341 ι
2591 4285 2754 4358 752
2792 4286 2861 4341 At
2891 4286 2984 4358 qui
3036 4301 3094 4342 se
3124 4296 3307 4357 negat,
3350 4301 3454 4342 non
3478 4288 3593 4355 jam

2015 4384 2180 4438 vitam
2209 4384 2353 4438 vivet
2403 4379 2823 4451 voluptuariam,
2884 4378 2978 4434 sed
3033 4393 3153 4434 eam
3215 4394 3336 4449 qua:
3389 4380 3592 4436 Christi

2016 4489 2137 4532 esse
2164 4472 2517 4545 intelligatur,
2554 4471 2610 4526 id
2653 4480 2756 4537 est,
2785 4478 3028 4525 sanctam
3055 4480 3110 4526 et
3142 4472 3594 4542 irreprehensibi-

330 4561 503 4633 ζωὴν,
537 4562 755 4632 ἐκείνην
793 4560 853 4614 δὲ
900 4560 1124 4631 μᾶλλον,
1159 4560 1306 4631 ἥπερ
1343 4559 1410 4614 ἂν
1442 4564 1618 4615 νοοῖτο
1648 4564 1908 4632 Χριστοῦ,

2017 4568 2154 4624 lem:
2216 4563 2671 4637 quemadmodum
2715 4570 2866 4618 certe
2913 4561 3130 4617 divinus
3202 4561 3421 4630 Paulus,
3498 4566 3593 4633 qui

330 4653 608 4707 τουτέστιν
638 4652 821 4721 ἁγίαν,
848 4652 944 4705 καὶ
966 4651 1285 4723 ἀμώμητον.
1314 4651 1566 4724 καθάπερ
1586 4654 1775 4724 ἀμέλει
1825 4657 1917 4710 καὶ

330 4749 363 4798 ὁ
392 4743 688 4807 θεσπέσιος
716 4741 955 4807 Παῦλος,
993 4743 1053 4806 ὃς
1100 4742 1166 4814 δὴ
1205 4743 1300 4796 καὶ
1323 4742 1602 4815 γέγραφεν
1632 4746 1876 4818 ἐναργῶς
1899 4764 1915 4780 .

337 4858 354 4888 ι
388 4834 535 4895 Ἐγὼ
558 4833 673 4906 γὰρ
697 4832 789 4887 διὰ
808 4834 975 4905 νόμου
997 4834 1146 4905 νόμῳ
1170 4834 1461 4890 ἀπέθανον·
1493 4836 1578 4890 ἵνα
1601 4836 1722 4909 Θεῷ
1744 4837 1913 4909 ζήσω,

333 4929 375 4980 Χ
386 4925 557 5000 ριστῷ
585 4925 1060 4996 συνεσταύρωμαι.
1094 4925 1179 4978 Ζῶ
1197 4925 1255 4980 δὲ
1278 4926 1380 4980 οὐκ
1407 4926 1485 4981 ἔτι
1515 4927 1646 4998 ἐγὼ,
1680 4928 1746 5001 ζῇ
1777 4929 1834 4983 δὲ
1858 4931 1916 4983 ὲν

334 5018 462 5088 ἐμοὶ
494 5016 750 5087 Χριστός.
798 5018 864 5069 Ὃ
895 5016 954 5069 δὲ
985 5016 1083 5071 νῦν
1114 5017 1192 5082 ζῶ
1223 5020 1282 5073 ἐν
1315 5022 1499 5092 σαρκὶ,
1535 5023 1594 5076 ὲν
1627 5023 1808 5076 πίστει
1836 5022 1917 5087 ζῶ

334 5110 401 5179 τῇ
424 5105 518 5160 τοῦ
548 5106 677 5159 Υξοῦ
708 5107 801 5160 τοῦ
834 5106 970 5161 Θεοῦ
995 5109 1092 5162 τοῦ
1122 5110 1509 5182 ἀγαπήσαντός
1539 5130 1605 5184 με
1624 5152 1640 5178 ,
1675 5116 1771 5168 καὶ
1807 5131 1913 5168 πα·-
1950 5108 1951 5111 “

338 5197 587 5270 ραδόντος
606 5194 798 5250 έαυτδν
823 5197 964 5268 ὑπὲρ
990 5198 1148 5269 ἐμοῦ,
1176 5196 1290 5254 Οὐκ
1304 5200 1482 5256 ἀθετῶ
1505 5203 1604 5276 τὴν
1629 5204 1789 5277 χάριν
1814 5206 1911 5260 τοῦ

338 5286 493 5342 θεοῦ.
525 5307 543 5340 ι
580 5288 773 5359 Ἀθρει
800 5287 866 5358 δὴ
892 5285 986 5344 οὖν
1022 5290 1174 5356 ὅπως
1198 5291 1396 5347 δέδωκε
1442 5296 1571 5366 περὶ
1614 5296 1912 5368 ἁμαρτίας,

336 5376 562 5441 ἀναθεὶς
611 5375 803 5449 ὥσπερ
851 5377 931 5450 τῷ
979 5378 1048 5432 δι’
1103 5380 1266 5435 αὐτὸν
1299 5383 1525 5437 παθόντι
1579 5384 1679 5456 τὴν
1716 5385 1912 5440 ἑαυτοῦ

341 5468 506 5539 ζωήν.
563 5467 907 5540 Ἀκηκόαμεν
940 5470 1050 5541 γὰρ
1088 5471 1340 5540 λέγοντες
1392 5473 1486 5527 τοῦ
1524 5476 1759 5547 Χριστοῦ
1802 5481 1916 5543 τοῖς

344 5558 537 5612 ἑαυτοῦ
566 5559 901 5630 γνωρίμοις·
954 5579 974 5614 ι
1013 5561 1071 5616 '0
1099 5563 1329 5632 ἀγαπῶν
1368 5565 1582 5637 πατέρα
1632 5566 1665 5637 ἢ
1704 5568 1915 5638 μητέρα

346 5648 482 5720 ὑπὲρ
518 5650 638 5719 ἐμὲ,
664 5650 765 5703 οὐκ
804 5651 919 5706 ἔστι
949 5671 1068 5727 ,μου
1103 5653 1276 5719 ἄξιοςι
1304 5657 1415 5709 Καὶ
1443 5659 1472 5711 ὁ
1512 5657 1741 5725 ἀγαπῶν
1775 5658 1910 5721 υἱὸν,

412 5824 462 5859 ⁷⁸
493 5823 676 5881 llCor.
715 5844 765 5895 ν,
804 5830 890 5886 15.
966 5831 1012 5862 ⁷⁸
1041 5831 1227 5887 Matth.
1255 5847 1368 5899 ut,
1397 5833 1489 5888 24.

2031 4661 2235 4714 diserte
2257 4658 2517 4728 scripsit:
2560 4674 2581 4708 r
2626 4654 2737 4725 Ego
2758 4652 2901 4707 enim
2942 4668 3038 4724 per
3068 4654 3237 4725 legem
3295 4655 3396 4725 legi
3450 4670 3596 4709 mor.

2014 4762 2139 4807 tuus
2158 4764 2300 4816 sum,
2324 4760 2384 4806 ut
2404 4751 2512 4807 Deo
2526 4749 2725 4815 vivam,
2751 4763 2874 4804 cum
2900 4746 3117 4802 Christo
3142 4747 3434 4803 cruciﬁxus
3451 4762 3591 4802 sunn

2013 4844 2148 4899 Vivo
2173 4852 2380 4907 autem,
2416 4856 2521 4897 nou
2558 4840 2669 4912 jam
2696 4840 2923 4909 ego,sed
2959 4840 3089 4894 vivit
3120 4839 3171 4893 in
3206 4853 3292 4894 me
3320 4839 3590 4897 Christus.

2011 4931 2163 4999 Quod
2191 4947 2320 4987 vero
2361 4946 2507 4986 nunc
2551 4931 2605 4986 in
2638 4945 2803 4986 carne
2829 4928 2974 4994 vivo,
3017 4929 3072 4983 in
3105 4928 3211 4984 lide
3265 4930 3407 4991 vivo,
3465 4930 3590 4994 ﬁde,

2012 5025 2255 5093 inquam,
2287 5022 2411 5078 Filii
2459 5022 2574 5087 Dei,
2633 5022 2725 5092 qui
2764 5020 2951 5077 dilexit
3000 5034 3105 5087 me,
3160 5029 3215 5075 et
3252 5020 3469 5075 tradidit
3517 5036 3596 5073 sca

2020 5116 2192 5185 ipsum
2228 5129 2326 5185 pro
2370 5130 2477 5170 me.
2512 5112 2631 5170 Non
2660 5113 2886 5185 repudio
2922 5112 3151 5184 gratiam
3190 5113 3282 5169 Dei
3311 5112 3377 5168 ".
3412 5131 3435 5164 ι
3463 5111 3598 5167 Vide

2019 5221 2150 5276 ergo
2182 5219 2292 5276 quo
2340 5211 2500 5274 pacto
2530 5219 2590 5260 se
2630 5204 2838 5260 dederit
2874 5218 2971 5273 pro
3001 5193 3246 5270 peccato,
3272 5216 3598 5258 consecrans

2018 5297 2172 5366 quasi
2192 5297 2240 5350 ei
2258 5296 2349 5366 qui
2371 5309 2468 5366 pro
2497 5295 2616 5364 ipso
2644 5309 2837 5366 passus
2852 5305 2955 5360 est,
2988 5309 3139 5351 suam
3171 5297 3361 5349 vitam.
3384 5294 3602 5347 Audivi‘

2022 5400 2140 5440 mus
2153 5386 2295 5440 enim
2319 5383 2591 5441 Christum
2620 5386 2888 5441 dicentem
2915 5384 3027 5440 suis
3047 5382 3438 5439 lamiliaribus:
3465 5381 3597 5450 «Qui

2021 5476 2197 5546 diligit
2259 5485 2468 5547 patrem
2491 5478 2575 5531 vel
2609 5485 2836 5532 ntatrer‘n
2871 5491 3030 5547 supra
3054 5490 3274 5541 me,non
3296 5485 3378 5532 est
3401 5491 3484 5530 tne
3519 5475 3601 5529 dia

2020 5579 2178 5638 gnus.
2206 5567 2272 5622 Et
2310 5568 2401 5638 qui
2418 5568 2588 5638 diligit
2613 5567 2781 5622 lilium
2802 5568 2887 5623 vel
2907 5568 3068 5622 tiliam
3088 5582 3251 5639 supra
3268 5583 3484 5631 me,non
3515 5577 3600 5622 est

2023 5676 2108 5717 nte
2126 5660 2318 5732 dignus
2337 5661 2405 5714 ⁷⁷.
2431 5681 2450 5714 ι
2479 5660 2687 5716 Etenim
2715 5669 2887 5717 mater
2900 5672 2949 5717 et
2971 5660 3599 5732 paterltominis,princia

1601 5836 1647 5865 "
1677 5834 1795 5890 Gul.
1833 5853 1891 5898 ιι,
1934 5834 2116 5891 iii-9|.
2196 5838 2237 5869 ⁷⁷
2278 5836 2469 5892 Matth.
2525 5852 2579 5903 κ,
2626 5835 2706 5894 ³57.
