4092 6296
505 379 634 435 1187

1534 363 1590 417 S.
1634 361 1901 417 CYRILLI
1941 356 2409 413 ALEXANDRINI
2452 353 2772 410 ARCIIIEP.

3638 355 3780 409 “RR

501 489 650 556 plum
670 495 724 540 et
746 493 907 540 causa
923 481 970 536 ei
992 470 1312 536 exstiterunt
1349 470 1648 547 'c’orp‘oralis
1666 476 1943 530 essentia:
1973 473 2078 528 uni-

2197 474 2532 544 ἧθυγατέρα
2564 472 2703 543 ὑπὲρ
2749 470 2870 540 ἐμὲ,
2905 473 3005 525 οὐκ
3053 471 3168 523 ἔστι
3202 488 3304 540 μου
3329 470 3499 536 ἄξιος.
3525 488 3542 519 ι
3577 471 3776 539 Μήτηρ

505 590 785 632 versorum
856 585 1036 627 autem
1097 571 1237 626 Deus
1272 579 1329 626 et
1387 569 1548 624 Pater
1596 577 1770 623 morte
1814 567 2088 629 delentes,

501 680 560 727 et
617 671 786 724 instar
827 664 1120 720 herbarum
1185 661 1477 726 marcidos,
1509 655 1575 714 ad
1621 657 2086 714 immortalitatem

502 774 600 828 per
628 758 902 813 Christum
954 755 1006 810 in
1037 752 1242 824 Spiritu
1276 751 1636 824 regeneravit,
1717 749 2088 816 fortioresque

503 849 738 905 reddidit
791 861 954 920 quam
988 854 1048 901 ut
1079 845 1352 914 corrumpi
1393 842 1638 915 possent,
1725 850 1782 898 et
1799 880 1806 882 η
1831 843 2088 896 diuturna

505 951 668 1011 atque
709 938 922 992 inﬁnita
951 937 1059 992 vita
1115 935 1418 991 coronavit.
1461 935 1648 1004 Itaque
1679 935 1781 990 hac
1835 934 1963 1001 erga
2019 932 2087 986 il-

505 1031 614 1086 lur'n
642 1030 908 1086 charitate
959 1033 1066 1084 n‘on
1099 1030 1216 1084 sine
1254 1029 1414 1084 causa
1495 1029 1718 1083 inferior
1752 1037 1835 1082 est
1887 1026 1975 1080 illa
2036 1025 2087 1078 in

505 1128 761 1192 parentes
801 1116 1150 1176 reverentia:
1203 1129 1259 1175 at
1312 1121 1588 1177 Christum
1645 1129 1753 1174 tota
1807 1118 1983 1173 anima
2035 1128 2088 1172 et

505 1215 682 1269 corde
717 1213 965 1282 diligere,
1014 1220 1070 1266 et
1103 1212 1323 1266 nutibus
1345 1227 1407 1266 ac
1429 1210 1792 1266 sacrosanctis
1850 1209 2087 1264 oraculis

451 1301 456 1304 ’
505 1305 756 1374 obsequi,
790 1305 891 1359 hoc
911 1314 998 1359 est
1042 1305 1170 1358 dare
1199 1315 1294 1371 pro
1340 1313 1584 1372 peccato,
1635 1311 1690 1356 et
1728 1301 1885 1356 simul
1929 1301 2085 1356 fidem

514 1393 569 1447 in
595 1393 743 1448 illum
775 1399 975 1448 rectam
1000 1401 1055 1448 et
1081 1387 1672 1463 inculpatmnretinere.
1702 1391 1914 1446 Videbit
1935 1405 2085 1460 ergo,

504 1486 708 1554 Inquit,
735 1485 916 1540 anima
947 1489 1128 1539 ve'stra
1155 1490 1342 1538 semen
1381 1476 1702 1553 longtevum.
1756 1481 1880 1538 Vult
1941 1485 2084 1537 enim

507 1577 767 1632 Dominus
789 1576 1006 1632 auferre
1044 1576 1284 1631 laborem
1329 1576 1524 1630 animae
1553 1576 1694 1645 ejus,
1724 1586 1778 1631 et
1809 1577 1857 1631 ei
1912 1576 2084 1632 lucem

510 1668 822 1734 ostendere,
889 1683 953 1722 ac
994 1667 1234 1723 formare
1285 1667 1664 1737 intelligentia.
1716 1656 1887 1723 Valde
1940 1667 2084 1722 enim

507 1759 679 1814 tristis
720 1768 856 1822 erat,
897 1768 1024 1813 ante
1049 1760 1338 1828 pretiosam
1366 1773 1608 1824 crucem,
1641 1775 1810 1829 usque
1858 1759 1924 1814 ad
1945 1776 2088 1814 mor—

2192 566 2290 636 μὲν
2332 564 2439 635 γὰρ
2495 561 2786 634 ἀνθρώπου
2819 562 2913 616 καὶ
2947 562 3151 633 πατὴρ,
3183 562 3327 632 ἁρχὴ
3367 561 3464 614 καὶ
3503 562 3782 632 πρόφασις

2187 655 2334 726 αὐτῷ
2360 655 2616 724 γεγόνασι
2653 655 2754 724 τῆς
2785 655 2864 718 είς
2889 653 2952 706 τὸ
2975 647 3112 708 εῖναι
3145 653 3378 724 προόδου
3416 654 3740 723 σωματικῆς
3760 672 3776 685 ·

2188 751 2216 802 6
2244 750 2301 801 δέ
2334 765 2396 816 γε
2427 748 2533 800 τῶν
2561 746 2696 800 ὅλων
2745 745 2878 810 Θεὸς
2913 745 3007 798 καὶ
3046 744 3236 814 Πατὴρ
3261 783 3275 810 ,
3329 743 3779 814 κεκρατημένους

2189 841 2426 911 Θανάτῳ,
2450 840 2547 892 καὶ
2587 837 3022 911 μαραινομένους
3052 838 3110 889 ἓν
3147 836 3246 906 ῐσῳ
3281 835 3460 900 πόαις,
3488 836 3783 903 ἀνεγέννηο

2192 947 2283 984 σεν
2311 931 2393 994 είς
2438 928 2746 997 ἁφθαρσίαν
2796 927 2885 979 διὰ
2933 917 3177 996 Χριστοῦ
3220 926 3277 978 ὲν
3321 925 3625 994 Πνεῦματι,
3683 931 3786 979 καὶ

2189 1023 2472 1094 κρείττους
2509 1020 2756 1090 ἀπέφηνε
2780 1020 2880 1090 τῆς
2913 1019 3153 1090 φθορᾶς,
3187 1019 3376 1088 μακρᾷ
3419 1017 3512 1072 καὶ
3551 1016 3780 1070 ἀτελευ-

2187 1115 2336 1185 τήτῳ
2369 1112 2715 1182 στεφανώσας
2755 1109 2889 1182 ζωῇ.
2919 1109 3128 1163 Οὐκοῦν
3170 1111 3402 1180 ἥττηται
3458 1107 3526 1161 ἂν
3547 1108 3781 1171 εἰκότως

2187 1205 2287 1274 τῆς
2317 1206 2396 1268 είς
2417 1204 2577 1257 αὐτὸν
2609 1203 2832 1273 ἀγάπης
2858 1203 2892 1272 ἡ
2923 1203 3002 1264 εἰς
3031 1201 3223 1269 γονέας
3256 1200 3438 1262 αίδώςο
3473 1199 3535 1251 τὸ
3559 1199 3614 1251 δὲ
3642 1199 3781 1264 ἀγα-

2190 1294 2364 1364 πῆσαι
2393 1293 2625 1364 Χριστὸν
2653 1293 2714 1358 ἐξ
2740 1292 2863 1363 ὅλης
2898 1289 3078 1364 ψυχῆς
3104 1292 3197 1344 καὶ
3225 1291 3453 1360 καρδίας
3473 1327 3490 1352 ,
3524 1288 3618 1342 καὶ
3660 1291 3779 1351 τοῖς

2189 1382 2353 1437 αὐτοῦ
2380 1381 2672 1452 νεύμασιν,
2725 1382 2892 1452 ἤγουν
2935 1381 3102 1452 ἱεροῖς
3137 1378 3497 1450 θεσπίσμασι,
3531 1376 3774 1432 κατακοο

2189 1472 2420 1538 λουθεῖν,
2467 1474 2528 1527 τὸ
2566 1473 2748 1527 δοῦναί
2796 1475 2913 1526 ἐστι
2961 1472 3091 1543 περὶ
3133 1471 3452 1542 ἁμαρτίας,
3505 1472 3643 1541 μετὰ
3675 1469 3772 1524 τσῦ

2187 1568 2287 1638 τὴν
2318 1569 2398 1630 είς
2425 1567 2585 1620 αὐτὸν
2621 1565 2800 1619 πίστιν
2831 1563 3006 1634 ὀρθῶς
3059 1580 3118 1616 τε
3153 1561 3249 1617 καὶ
3279 1561 3596 1631 ἀμωμήτως
3621 1562 3775 1629 Exeo.

2193 1668 2292 1714 σαν
2325 1659 2542 1713 ἑλέσθαι
2583 1661 2790 1731 τηρεῖν.
2824 1657 3054 1727 Ὄψεται
3099 1657 3281 1710 τοίνυν
3321 1655 3354 1726 ἡ
3383 1654 3531 1726 ψυχὴ
3578 1655 3734 1724 ὑμῶν
3756 1693 3771 1715 ,

2191 1753 2344 1824 φησι,
2381 1751 2603 1822 σπέρμα
2634 1751 2948 1821 μακρόόιον·
2972 1749 3228 1802 Βούλεται
3255 1747 3363 1818 γὰρ
3399 1746 3606 1817 Κύριος
3663 1747 3775 1814 ἀφ’

509 1860 636 1904 tem.
683 1851 772 1905 Sic
801 1865 1032 1920 namque
1064 1865 1095 1904 a
1168 1851 1371 1906 sanctis
1419 1853 1766 1923 evangelistis
1817 1853 2076 1922 scriptum

2186 1845 2326 1897 ελεῖν
2342 1843 2450 1896 ἀπὸ
2472 1843 2564 1896 τοῦ
2597 1843 2759 1895 πόνου
2780 1840 2879 1910 τῆς
2899 1840 3075 1912 ψυχῆς
3100 1839 3287 1903 αὑτοῦ,
3307 1838 3403 1892 καὶ
3418 1838 3590 1902 δεῖξαι
3618 1838 3774 1909 αὐτῷ

507 1950 607 1995 est.
637 1941 926 2010 Postquam
959 1955 1086 1996 vero
1118 1941 1342 1997 calcatis
1364 1942 1578 2010 inferis,
1615 1945 1776 1998 tertio
1819 1945 1906 1999 die
1937 1943 2082 2000 retii-

504 2043 679 2097 xerat,
707 2047 938 2102 moxque
973 2034 1251 2089 contuitus
1283 2043 1429 2089 esset
1453 2036 1689 2090 hominis
1731 2034 1982 2090 naturam
2022 2038 2074 2090 in

504 2123 683 2189 seipso
723 2123 1166 2179 transformatant
1191 2125 1257 2180 ad
1286 2126 1773 2192 immortalitatem,
1812 2137 1868 2183 et
1897 2128 1990 2183 Dei
2019 2143 2084 2182 ac

504 2211 682 2268 Patris
703 2214 1130 2270 benevolentiam
1199 2231 1296 2286 per
1329 2217 1640 2270 universam
1707 2218 1820 2287 iam
1880 2227 2082 2274 terram

507 2301 851 2370 amplificari,
887 2318 950 2357 ac
988 2303 1228 2372 gentium
1274 2304 1668 2360 multitudinem
1703 2304 2081 2360 collustratum

505 2391 594 2456 iri,
636 2402 690 2446 et
729 2393 956 2462 pristino
993 2407 1055 2446 ac
1087 2393 1245 2447 simul
1269 2409 1393 2448 cum
1431 2394 1572 2464 ipsis
1603 2395 1843 2450 enutrito
1899 2411 2084 2451 errore

504 2482 721 2547 abduci,
747 2491 801 2537 et
824 2484 891 2537 ad
928 2483 1255 2554 agnitionem
1282 2484 1363 2538 sui
1392 2499 1457 2539 ac
1487 2484 1666 2541 Patris
1707 2487 1886 2540 vocari
1923 2505 1936 2540 :
1982 2489 2079 2540 ab-

503 2574 633 2643 iecit
679 2575 954 2642 passionis
980 2575 1243 2640 laborem,
1273 2585 1328 2631 et
1391 2577 1678 2632 victoriam
1743 2579 1896 2641 dedit
1947 2579 2084 2636 bene

504 2662 884 2720 sentientibus.
957 2663 1128 2718 Simul
1175 2665 1320 2720 enim
1390 2676 1552 2736 atque
1595 2682 1626 2722 e
1656 2670 1885 2726 mortuis
1941 2672 2085 2726 exci-

507 2763 648 2810 tatus
691 2763 796 2823 est,
831 2765 885 2811 et
928 2757 1052 2825 quia
1115 2757 1285 2813 bonus
1329 2769 1434 2823 est,
1473 2758 1625 2814 valde
1650 2760 1716 2814 de
1770 2763 1952 2817 mundi
1995 2778 2084 2818 sa-

505 2846 617 2902 lute
675 2861 739 2902 ac
807 2848 916 2901 vita
963 2849 1220 2918 gavisus,
1287 2851 1493 2906 sanctis
1565 2852 1844 2922 discipulis
1906 2855 2081 2910 dixit:

505 2937 666 3009 753
704 2955 727 2991 ι
769 2938 899 2994 Data
931 2947 1014 2994 est
1045 2941 1176 2995 mibi
1204 2941 1379 2994 omnis
1425 2951 1663 3009 potestas
1702 2954 1758 2999 et
1789 2946 1837 2997 in
1867 2944 2006 3000 coelo
2033 2957 2088 3000 et

505 3029 562 3083 in
596 3038 760 3084 terra.
819 3029 922 3090 lte.
972 3030 1162 3086 docete
1202 3047 1390 3087 omnes
1420 3038 1970 3107 gentes,baptizantes
1991 3052 2086 3092 eos

507 3121 558 3172 in
617 3135 814 3175 nomen
869 3119 1070 3186 Patris,
1105 3132 1161 3177 et
1204 3123 1350 3192 Filii,
1382 3135 1437 3180 et
1478 3128 1650 3181 sancti
1703 3126 1936 3196 Spiritus
1961 3129 2026 3183 ⁷⁸.
2059 3149 2078 3180 ο

513 3207 568 3260 Si
590 3224 719 3278 ergo
747 3209 1008 3266 dederitis
1043 3226 1140 3280 pro
1163 3221 1402 3280 peccato,
1435 3215 1588 3270 eritis
1621 3185 1783 3269 etiam
1816 3215 1916 3285 ipsi
1967 3215 2084 3270 lon-
2111 3185 2151 3242 ϐ

504 3302 688 3369 ginqui
711 3301 959 3366 seminis,
990 3301 1241 3358 videlicet
1269 3312 1582 3360 sanctorum
1608 3307 1920 3375 participes.
1956 3305 2082 3360 Vult

504 3393 648 3446 cuitu
717 3391 860 3448 Deus
885 3403 940 3449 et
967 3392 1131 3449 Pater
1172 3393 1388 3449 auferre
1428 3395 1668 3450 laborem
1710 3398 1904 3452 anima:
1941 3397 2076 3466 ejus,

503 3485 718 3540 scilicet
779 3485 1004 3553 Christi,
1040 3485 1092 3540 id
1125 3494 1240 3549 est,
1293 3485 1471 3540 crucis
1521 3487 1796 3541 tristitiam
1837 3503 2079 3542 comnm-

507 3589 621 3631 tare
661 3579 895 3646 gaudio:
930 3577 1288 3632 monstrando
1332 3578 1406 3630 illi
1451 3577 1740 3632 translatos
1795 3580 1848 3632 in
1883 3579 2076 3642 lucem,

503 3669 593 3737 qui
621 3669 896 3736 quondam
923 3676 1080 3723 erant
1112 3667 1372 3731 tenebrae,
1422 3668 1475 3722 id
1512 3677 1614 3733 est,
1665 3669 1756 3739 qui
1807 3671 2077 3739 quondam

509 3769 835 3812 erraverunt
862 3777 876 3813 :
909 3759 1107 3828 quibus
1130 3756 1294 3812 etiam
1321 3759 1754 3826 sapientissimus
1783 3761 1982 3816 Paulus
2023 3763 2076 3816 in

503 3850 741 3921 Epistola
790 3851 1001 3915 scribit,
1054 3851 1237 3906 dicens
1269 3869 1284 3906 :
1322 3869 1338 3902 t
1369 3852 1468 3918 Qui
1514 3854 1784 3920 quondam
1817 3855 2076 3919 tenebrae,

503 3960 648 3999 nunc
687 3954 868 4000 autem
915 3943 1004 3997 lux
1039 3945 1106 4004 .in
1147 3945 1374 4000 Domino
1399 3946 1463 3998 ⁷⁸.
1502 3966 1520 3999 ι
1565 3946 1690 4001 Vult
1724 3947 1960 4002 formare
1991 3948 2076 4002 in-

504 4037 818 4108 telligentia.
855 4036 997 4104 Quid
1030 4047 1211 4094 autem
1250 4039 1351 4094 hoc
1378 4041 1469 4105 sit,
1501 4041 1714 4094 docebit
1739 4041 2078 4108 sapientissi-

501 4147 622 4187 mus
663 4128 885 4197 Paulus,
929 4146 1052 4185 cum
1094 4132 1266 4188 dicit:
1308 4152 1326 4184 ι
1353 4131 1461 4187 Nos
1485 4133 1627 4186 enim
1657 4147 1848 4187 omnes
1872 4143 2075 4187 retecta

501 4219 639 4276 facie
663 4220 889 4291 gloriam
923 4220 1136 4276 Domini
1172 4223 1532 4291 speculantes,
1564 4224 1630 4277 ad
1664 4225 1905 4278 eamdem
1943 4225 2076 4276 ima-

499 4311 675 4380 ginem
703 4311 1179 4377 transformamur,
1211 4329 1237 4365 a
1263 4312 1430 4383 gloria
1460 4316 1512 4368 in
1537 4314 1787 4384 gloriam,
1818 4321 2073 4383 tanquam

499 4417 530 4456 ι
565 4403 774 4456 Domini
818 4401 1021 4472 Spiritu
1045 4404 1112 4455 ⁸ο.
1141 4423 1159 4456 ι
1193 4402 1293 4472 Qui
1345 4407 1488 4460 enim
1534 4416 1830 4459 versantur
1865 4406 1916 4458 in
1947 4421 2072 4473 pec-

494 4494 657 4559 eatis,
703 4502 759 4548 et
801 4504 1109 4550 creaturam
1141 4511 1248 4565 prae
1279 4497 1538 4552 Creatore
1581 4497 1784 4563 colunt,
1828 4497 2070 4551 deforme

500 4585 809 4640 liabentcor
831 4585 1011 4655 aliquo
1032 4590 1213 4653 modo,
1237 4598 1292 4641 et
1318 4590 1554 4642 animum
1577 4586 1956 4642 fmdissimutu.
1985 4588 2065 4640 Ad

497 4675 784 4746 quemdam
824 4678 987 4746 igitur
1011 4679 1210 4733 dictum
1255 4691 1340 4734 est
1385 4694 1517 4733 voce
1557 4676 1848 4733 Jeremiac:
1883 4697 1901 4730 ι
1931 4677 2070 4733 Ecce

499 4789 604 4826 non
649 4781 776 4827 sunt
826 4771 968 4827 oculi
1016 4774 1114 4838 tui,
1161 4787 1259 4826 nec
1303 4789 1399 4827 cor
1443 4783 1590 4826 tuum
1630 4772 1912 4841 pulchrum
1939 4772 2006 4825 ³⁸.
2045 4792 2064 4825 ι

499 4864 605 4919 Sed
650 4879 772 4917 cum
827 4863 985 4916 fidem
1029 4863 1082 4915 in
1119 4861 1393 4916 Christum
1439 4863 1861 4932 amplectuntur,
1895 4873 2070 4917 trans-

499 4957 805 5007 lormantur
844 4952 1258 5021 intelligibilitcr
1293 4952 1360 5006 ad
1391 4952 1625 5006 divinam
1654 4951 1770 5016 ejus
1802 4963 1856 5006 et
1885 4951 2066 5008 excel-

499 5045 697 5100 lentem
741 5043 1216 5114 pulc‘britudinem.
1258 5041 1458 5096 Scribit
1489 5042 1768 5098 enimvero
1799 5046 1864 5097 ad
1901 5060 2065 5113 quos-

496 5136 620 5190 dam
665 5132 1100 5204 sapientissimus
1149 5131 1346 5185 Paulus
1375 5147 1388 5182 :
1421 5148 1439 5181 ι
1467 5127 1664 5192 Filioli,
1701 5147 1835 5200 quos
1868 5131 2062 5184 iterum

495 5227 764 5295 parturio,
813 5225 990 5294 quoad
1043 5223 1304 5278 formetur
1352 5223 1405 5278 in
1459 5223 1614 5278 vobis
1664 5222 1915 5278 Christus
1939 5222 2004 5274 ⁸³.
2041 5241 2057 5272 ι

495 5315 621 5370 \‘ult
670 5327 850 5371 autem
884 5316 1025 5370 Deus
1053 5325 1108 5370 et
1139 5314 1299 5370 Pater
1331 5314 1714 5386 intelligentia,
1742 5315 1792 5370 id
1824 5325 1906 5370 est
1966 5331 2062 5370 sua

491 5409 780 5477 sapientia,
815 5407 996 5462 divina
1033 5408 1262 5472 scilicet,
1294 5423 1389 5463 eos
1417 5407 1508 5478 qui
1541 5408 1592 5460 in
1625 5408 1798 5477 ipsum
1833 5408 2065 5462 credunt

493 5495 751 5564 formare,
810 5499 1024 5568 ipsique
1051 5497 1378 5564 ,conformes
1430 5498 1652 5554 reddere
1695 5513 1792 5567 per
1825 5499 2062 5552 sanctifi-

493 5592 758 5650 cationem
794 5593 846 5645 in
890 5592 1104 5660 spiritu.
1145 5610 1162 5644 ι
1201 5591 1356 5660 Nam,
1390 5593 1606 5662 inquit,
1633 5584 1784 5661 quos“
1802 5593 1969 5657 novit,
2007 5603 2059 5647 et

2185 1936 2321 2005 φῶς,
2349 1934 2444 1989 καὶ
2473 1933 2675 1988 πλάσαι
2701 1935 2766 2004 τῇ
2803 1933 3037 1986 συνέσει.
3082 1932 3277 2000 Γέγονε
3330 1932 3429 2002 μὲν
3458 1931 3568 2003 γάρ
3612 1931 3771 2000 περίο

2183 2026 2351 2090 λυπος
2385 2026 2490 2089 ἕως
2517 2025 2747 2078 θανάτου
2787 2023 2893 2095 πρὸ
2929 2023 3023 2076 τοῦ
3051 2023 3232 2093 τιμίου
3271 2022 3528 2092 σταυροῦ·
3556 2012 3769 2094 γέγρα-

2185 2134 2316 2170 πται
2364 2115 2472 2186 γὰρ
2529 2113 2672 2166 οὕτω
2724 2112 2877 2183 παρὰ
2937 2113 3049 2174 τοῖς
3094 2110 3272 2179 ἁγίοις
3327 2110 3764 2180 εὐαγγελισταίς.

2196 2206 2413 2277 Ἐπειδὴ
2435 2205 2492 2258 δὲ
2517 2205 2760 2275 πατήσας
2785 2201 2877 2256 τὸν
2917 2201 3051 2274 ᾅδην
3076 2202 3278 2257 ἁνεϐίω
3299 2204 3618 2273 τριήμερος,
3647 2197 3769 2255 εἶτα

2182 2291 2432 2351 τεθέαται
2462 2295 2560 2367 τὴν
2588 2294 2876 2365 ἀνθρώπου
2911 2293 3072 2362 φύσιν
3099 2295 3157 2346 ἐν
3184 2293 3363 2364 ἑαυτῷ
3397 2308 3764 2364 μεταμορφω-

2184 2388 2368 2442 θεῖσαν
2391 2388 2472 2452 είς
2503 2385 2834 2457 ἀφθαρσίαν,
2861 2385 2952 2438 καὶ
2973 2385 3072 2454 τὴν
3093 2384 3187 2437 τοῦ
3237 2383 3372 2437 Θεοῦ
3422 2383 3519 2436 καὶ
3551 2383 3769 2455 Πατρὸς

2184 2482 2430 2535 εὐδοκίαν
2459 2480 2639 2552 πάσης
2691 2478 2793 2550 ἤδη
2832 2477 3306 2550 κατευρυνομένην
3353 2469 3453 2547 τῆς
3477 2471 3603 2547 γῆς,
3640 2476 3768 2545 μέλ-

2183 2570 2382 2624 λουσάν
2431 2587 2489 2624 τε
2533 2567 3008 2639 καταφωτίζεσθαι
3040 2569 3149 2620 τῶν
3177 2567 3345 2621 ἐθνῶν
3385 2566 3484 2639 τὴν
3530 2566 3766 2637 πληθὺν,

2185 2664 2278 2716 καὶ
2304 2663 2402 2732 τῆς
2435 2663 2534 2733 μὲν
2564 2661 2795 2733 ἀρχαίας
2841 2661 2935 2713 καὶ
2962 2661 3263 2732 συντρόφου
3295 2659 3507 2730 πλάνης
3539 2661 3769 2728 ἀποφοι-

2184 2755 2302 2823 τᾷν,
2332 2752 2614 2806 καλεῖσθαι
2644 2752 2701 2804 δὲ
2727 2753 2863 2823 πρὸς
2883 2753 3180 2820 ἐπίγνωσιν
3211 2751 3404 2804 ἑαυτοῦ
3435 2768 3495 2804 τε
3549 2751 3644 2805 καὶ¹
3670 2747 3768 2803 τοῦ

2185 2845 2396 2915 Πατρός
2422 2860 2436 2874 ·
2493 2843 2837 2914 ἀποϐέϐληκε
2868 2844 2957 2896 τὸν
2991 2842 3081 2896 ἐπὶ
3107 2842 3183 2912 τῷ
3212 2843 3407 2896 παθεῖν
3439 2843 3600 2896 πόνον
3629 2882 3644 2908 ,
3671 2844 3768 2896 καὶ

2184 2939 2295 3000 τοῖς
2329 2932 2388 2989 εὖ
2415 2935 2670 3007 φρονοῦσι
2697 2935 2896 2989 δέδωκε
2928 2935 2990 2988 τὸ
3022 2937 3198 3006 νικᾷν.
3249 2935 3402 3006 ’Λμα
3433 2936 3541 3006 γὰρ
3573 2937 3637 2988 ὲκ
3681 2953 3767 2988 νε-

2185 3028 2336 3100 κρῶν
2365 3029 2684 3098 ἐγήγερται,
2723 3027 2817 3080 καὶ⁵
2850 3026 3080 3097 ἐπείπερ
3108 3027 3256 3080 ἐστὶν
3290 3026 3530 3096 ἀγαθὸς,
3578 3027 3765 3098 ἡσθεὶς

2186 3121 2325 3189 ἄγαν
2346 3121 2437 3172 ἐπὶ
2459 3123 2525 3192 τῇ
2555 3119 2649 3174 τοῦ
2673 3120 2878 3189 κόσμου
2901 3118 3146 3190 σωτηρίᾳ
3165 3121 3258 3173 καὶ
3284 3119 3422 3192 ζωῇ,
3446 3123 3557 3182 τοῖς
3591 3119 3765 3188 ἁγίοις

2184 3214 2286 3287 ἔφη
2320 3215 2589 3286 μαθηταῖς
2611 3231 2624 3245 '
2661 3235 2679 3266 ι
2730 3214 2914 3286 Ἐδόθη
2955 3233 3043 3286 μοι
3077 3217 3225 3269 πᾶσα
3258 3214 3478 3280 ἐξουσία
3497 3215 3555 3268 έν
3577 3232 3637 3267 τε
3669 3216 3764 3268 οὐ·

2182 3307 2350 3378 ρανῷ.
2377 3307 2470 3359 καὶ
2497 3306 2591 3359 ἐπὶ
2617 3309 2738 3377 γῆς’
2775 3305 3127 3378 πορευθέντες
3175 3307 3553 3378 μαθητεύσατε
3585 3307 3762 3360 πάντα

2179 3398 2246 3450 τὰ
2282 3398 2434 3466 ἔθνη,
2471 3397 2826 3466 βαπτίζοντες
2855 3399 3052 3463 αὐτοὺς
3102 3399 3181 3462 είς
3213 3397 3273 3452 τὸ
3310 3399 3475 3467 ὄνομα
3520 3385 3614 3453 τοῦ
3642 3399 3757 3452 Πα-

2179 3489 2324 3560 τρὸς,
2359 3489 2569 3542 καὶτοῦ
2594 3489 2746 3553 Υίοῦ,
2774 3490 2866 3543 καὶ
2894 3491 2986 3542 τοῦ
3029 3491 3184 3558 ἁγίου
3211 3489 3537 3558 Πνεύματος.
3565 3506 3582 3537 ι
3604 3489 3753 3541 Οὐκ-ο

2178 3581 2272 3634 οῦν
2291 3581 2384 3633 έὰν
2400 3580 2534 3634 δῶτε
2551 3581 2680 3652 περὶ
2705 3581 3000 3651 ἁμαρτίας,
3027 3579 3215 3633 ἔσεσθε
3244 3581 3453 3651 μέτοχοι
3479 3579 3574 3630 καὶ
3597 3577 3754 3630 αὐτοὶ

2183 3673 2480 3744 μακροϐίου
2511 3673 2847 3743 σπέρματος,
2877 3671 2973 3726 τοῦ
3005 3673 3109 3724 τῶν
3138 3672 3307 3740 ἁγίων
3327 3669 3595 3740 δηλονότι.
3622 3668 3758 3720 Βού-

2177 3763 2326 3819 λεται
2352 3763 2462 3836 γὰρ
2490 3767 2518 3817 6
2539 3764 2670 3827 Θεὸς
2699 3764 2791 3818 καὶ
2823 3763 3012 3834 Πατὴρ
3050 3763 3269 3831 ἀφελεῖν
3302 3762 3410 3816 ἀπὸ
3459 3760 3552 3816 τοῦ
3594 3760 3756 3813 πόνου

2178 3857 2276 3926 τῆς
2297 3857 2477 3927 ψυχῆς
2499 3855 2685 3920 αὐτοῦ,
2714 3856 2871 3926 δῆλον
2900 3857 2956 3909 δὲ
2980 3857 3062 3909 ὅτι
3085 3854 3346 3926 Χριστοῦ,
3371 3853 3642 3916 τουτέστι,
3658 3852 3756 3922 τὴν

2177 3949 2270 4002 ἐπὶ
2297 3948 2374 4018 τῷ
2403 3948 2619 4019 σταυρῷ
2649 3947 2824 4018 λύπην
2855 3948 3196 4018 μεταστῆσαι
3224 3946 3360 4017 πρὸς
3406 3945 3584 4016 χαρὰν
3603 3985 3619 4010 ,
3669 3944 3756 3998 διὰ

2177 4040 2267 4094 τοῦ
2296 4041 2465 4106 δεῖξαι
2491 4041 2637 4111 αὐτῷ
2672 4039 3137 4111 μεταποιηθέντας
3161 4041 3240 4102 είς
3261 4070 3266 4075 ε
3285 4038 3403 4108 φῶς
3450 4038 3576 4102 τοῦς
3624 4053 3750 4092 ποτε

2179 4132 2390 4196 σκότος.
2419 4133 2666 4186 τουτέστι
2694 4131 2818 4194 τούς
2852 4147 2984 4184 ποτε
3027 4129 3433 4200 πλανωμένουςο
3473 4124 3556 4194 οἷς
3607 4129 3700 4182 καὶ
3725 4130 3754 4180 ὁ

2177 4226 2451 4294 πάνσοφος
2473 4225 2684 4287 Παῦλος
2711 4222 3037 4289 ἐπιστέλλει,
3069 4222 3242 4290 λέγων
3265 4239 3279 4253 ·
3317 4239 3335 4273 ι
3360 4223 3425 4275 Oi
3462 4221 3594 4274 ποτὲ
3627 4219 3751 4274 σκόο

2175 4333 2286 4378 τος,
2322 4316 2439 4368 νυνὶ
2461 4315 2520 4368 δὲ
2557 4315 2674 4384 φῶς
2712 4314 2770 4366 ἐν
2823 4312 3032 4385 Κυρίῳ.
3061 4332 3080 4366 ι
3116 4312 3375 4366 Βούλεται
3428 4312 3634 4366 πλάσαι
3687 4312 3750 4380 τῇ

2178 4407 2409 4458 συνέσει.
2449 4405 2557 4458 Καὶ
2586 4405 2639 4457 τί
2661 4405 2726 4476 δὴ
2757 4404 2916 4457 τοῦτό
2936 4405 3052 4458 έστι
3073 4446 3086 4470 ,
3115 4404 3316 4469 διδάξει
3350 4404 3528 4474 λέγων
3562 4405 3590 4456 6
3621 4404 3754 4457 πάν-

2176 4513 2338 4567 σοφος
2361 4498 2570 4563 Παῦλος
2591 4514 2604 4528 ·
2634 4509 2653 4546 ι
2684 4496 2871 4566 Ἡμεῖς
2891 4495 2999 4566 γὰρ
3027 4496 3225 4559 πάντες
3249 4495 3754 4566 ἀνακεκαλυμμένῳ

2173 4588 2447 4660 προσώπῳ
2473 4587 2570 4658 τὴν
2597 4588 2755 4654 δόξαν
2774 4587 2979 4658 Κυρίου
2995 4588 3505 4658 κατοπτριζόμενοι,
3533 4589 3632 4658 τὴν
3655 4588 3752 4640 αὖ-

2168 4681 2266 4752 τὴν
2315 4682 2498 4734 εἰκόνα
2559 4681 3056 4752 μεταμορφούμεθα
3097 4673 3208 4734 ἀπὸ
3245 4680 3404 4751 δόξης
3437 4683 3518 4744 εἰς
3554 4681 3747 4744 δόξαν,

2169 4770 2420 4840 καθάπερ
2449 4772 2555 4824 ἀπὸ
2585 4772 2792 4844 Κυρίου
2819 4772 3154 4842 Πνεῦματος.
3181 4792 3199 4824 ι
3233 4773 3294 4825 Οἱ
3326 4772 3428 4844 μὲν
3457 4776 3565 4842 γάρ
3603 4773 3751 4834 ὄντες

2169 4862 2226 4916 ὲν
2259 4861 2579 4933 ἁμαρτίαις,
2610 4863 2702 4916 καὶ
2727 4861 2824 4933 τὴν
2850 4863 3029 4917 κτίσιν
3062 4863 3215 4933 παρὰ
3251 4863 3343 4916 τὸν
3385 4864 3626 4933 Κτίστην
3659 4863 3750 4915 λα-

2169 4952 2473 5024 τρεύοντες,
2534 4953 2750 5022 δυσειδῆ
2809 4970 2926 5018 πως
2971 4953 3154 5024 έχουσι
3182 4954 3281 5026 τὴν
3337 4954 3601 5024 καρδίαν,
3656 4953 3747 5006 καὶ

2170 5045 2574 5114 ἁκαλλεστάτην
2630 5044 2830 5114 σφόδρα
2889 5043 2988 5115 τὴν
3038 5045 3296 5099 διάνοιαν.
3346 5046 3578 5114 Εἴρηται
3620 5043 3746 5111 γοῦν

2172 5137 2309 5206 πρός
2344 5152 2464 5189 τινα
2493 5135 2583 5189 διὰ
2611 5136 2710 5206 τῆς
2728 5135 2992 5207 Ἰερεμίου
3018 5137 3200 5206 φωνῆς
3220 5154 3234 5167 ο
3260 5155 3278 5186 ι
3325 5137 3456 5189 Ἰδοὺ
3478 5137 3578 5188 οὐκ
3611 5135 3746 5187 εἰσὶν

2169 5227 2217 5279 οἱ
2248 5225 2518 5295 ὀφθαλμοί
2547 5242 2662 5289 σου,
2693 5226 2813 5278 οὐδὲ
2845 5227 2878 5295 ἡ
2905 5226 3102 5294 καρδία
3130 5242 3220 5277 σου
3260 5224 3422 5294 καλή.
3450 5243 3468 5276 ι
3499 5223 3746 5276 Ἐπειδὰν

2169 5317 2226 5370 δὲ
2272 5321 2369 5388 τὴν
2413 5319 2493 5382 είς
2536 5317 2772 5388 Χριστὸν
2807 5316 3236 5387 παραδέξωνται,
3281 5316 3743 5386 μεταπλάττονται

2169 5409 2375 5480 νοητῶς
2409 5409 2544 5480 πρὸς
2569 5410 2630 5463 τὸ
2661 5410 2804 5464 θεῖον
2841 5409 3006 5462 αὑτοῦ
3067 5409 3160 5462 καὶ
3201 5409 3477 5480 ἐξαίρετον
3529 5407 3741 5468 κάλλος.

2169 5503 2374 5572 Γράφει
2405 5501 2537 5570 γοῦν
2567 5518 2708 5555 τισιν
2729 5505 2757 5555 6
2791 5501 3068 5572 πάνσοφος
3100 5501 3336 5565 Παῦλος·
3367 5518 3385 5550 ι
3410 5499 3628 5562 Τεκνία,
3651 5497 3742 5558 οὓς

2169 5595 2330 5648 πάλιν
2358 5595 2551 5660 ὠδίνω,
2602 5597 2760 5666 ἄχρις
2791 5588 2851 5649 οὗ
2887 5596 3156 5679 μορφωοῇ
3185 5594 3420 5665 Χριστός
3444 5595 3502 5645 ὲν
3533 5593 3680 5662 ὑμῖν.
3717 5608 3736 5640 ι

559 5773 604 5804 ⁷³
633 5771 822 5824 Matth.
861 5785 1014 5835 xvrtt,
1047 5773 1224 5839 18,l9.
1302 5777 1345 5809 ⁷⁸
1384 5776 1424 5830 ll
1465 5775 1590 5829 Cor.
1632 5793 1706 5840 χι,
1743 5776 1822 5829 14.
1899 5775 1945 5808 ⁸ο
1989 5775 2025 5827 ιι
2068 5779 2078 5824 ί

2181 5815 2188 5825 .
2227 5792 2306 5838 tu,
2338 5775 2420 5830 18.
2502 5777 2542 5807 ⁸¹
2581 5774 2687 5832 Jct'.
2725 5793 2857 5842 χχιι,
2904 5776 2988 5830 i7.
3066 5776 3109 5808 δ’
3151 5776 3268 5830 Gal.
3315 5790 3383 5838 Iv,
3436 5771 3515 5829 l9.
