4092 6296
325 425 455 481 llS9

1451 423 1520 478 IN
1563 421 1797 478 ISAIAM
1842 423 1971 478 LIB.
2014 423 2078 481 V.
2121 421 2362 480 TOMUS
2402 425 2440 479 ι.

3437 425 3564 479 “illi

322 538 576 594 Βούλεται
605 542 785 596 τοίνυν
803 543 832 595 6
857 539 990 605 Θεὸς
1041 542 1134 595 καλ⁸
1167 541 1360 613 Πατὴρ
1387 543 1453 612 τῇ
1485 540 1719 604 συνέσει,
1743 557 1900 594 τουτ-

2005 540 2416 610 praedestinavit
2465 539 2767 593 conformes
2821 539 3038 607 imagini
3089 537 3210 593 Filii
3243 539 3348 604 sui,
3393 540 3490 594 hos
3517 545 3572 589 et

322 632 436 686 ἐστι
457 635 521 703 τῇ
551 632 748 687 ἑαυτοῦ
784 632 970 702 σοφίᾳ,
991 631 1284 704 θεοπρεπεῖ
1311 632 1367 685 δὲ
1388 631 1654 703 δηλονότι,
1678 630 1907 684 διαπλά-

322 740 410 778 σαι
439 724 576 795 πρὸς
600 725 763 777 αὑτὸν
799 723 927 786 τοὺς
950 721 1330 786 πιστεύοντας,
1376 724 1654 794 ἀποφῆναί
1680 740 1738 776 τε
1769 740 1905 794 συμ-

325 816 564 886 μόρφους
594 815 742 886 αύτῷ
770 815 837 868 δι’
867 812 1144 884 ἁγιασμοῢ
1179 815 1237 866 ὲν
1259 813 1553 884 πνεύματι.
1599 833 1617 865 ι
1646 813 1754 877 Οὓς
1793 814 1904 883 γὰρ

321 902 480 970 ιγνω,
520 903 675 975 φησὶ,
729 903 826 957 καὶ
855 902 1136 974 προώρισε
1181 903 1542 974 συμμόρφους
1570 903 1671 972 τῆς
1699 903 1903 968 εἰκόνος

321 991 415 1045 τοῦ
463 993 588 1046 Υίοῦ
621 992 810 1058 αὐτοῦ,
862 992 1088 1056 τούτους
1137 994 1232 1047 καὶ
1272 993 1520 1047 ἐκάλεσε.
1559 1011 1578 1045 ι
1617 993 1818 1046 Κτίσαι
1847 992 1902 1046 δὲ

320 1082 533 1151 λέγεται
584 1082 715 1145 Θεὸς
746 1082 841 1135 καὶ
870 1081 999 1146 τοὺς
1029 1081 1124 1135 δύο
1160 1081 1322 1146 λαοὺς
1353 1083 1434 1144 εἰς
1461 1082 1558 1136 ἕνα
1587 1081 1773 1136 καινὸν
1807 1081 1904 1136 ἄν-

320 1172 823 1245 θρωπον.Βούλεται
847 1173 926 1241 δὲ,
946 1168 1121 1244 οῑμαι,
1139 1175 1168 1226 6
1181 1173 1333 1236 Θεὸς,
1361 1173 1454 1226 καὶ
1482 1171 1670 1244 Πατὴρ
1685 1172 1904 1226 δικαιῶο

321 1279 409 1314 σαι
429 1262 660 1327 δίκαιον,
691 1259 749 1317 εὖ
781 1263 1102 1318 δουλεύοντα
1130 1263 1364 1327 πολλοῖς,
1390 1263 1484 1316 καὶ
1503 1263 1604 1326 τάς
1627 1262 1902 1332 ἁμαρτίας

319 1354 498 1407 αὐτῶν
525 1355 687 1418 αὐτὸς
715 1356 929 1426 ἀνήσει.
975 1355 1034 1409 '0
1062 1356 1160 1425 μὲν
1182 1351 1278 1408 οὖν
1325 1355 1531 1419 δίκαιος
1552 1350 1610 1408 εὖ
1639 1353 1903 1407 δουλεύων

321 1443 555 1509 πολλοῖς,
577 1445 796 1517 νοηθείη
822 1445 890 1499 ἂν
909 1445 1008 1515 οὐχ
1027 1445 1234 1516 ἕτερος,
1269 1440 1443 1516 οἶμαι,
1480 1447 1570 1507 τίς
1592 1485 1606 1505 ,
1661 1444 1811 1514 παρὰ
1840 1460 1903 1511 γε

320 1533 411 1586 τὸν
459 1534 662 1606 Κύριον
709 1536 865 1606 ¹ἡμῶν
905 1534 1111 1606 Ἰησοῦν
1130 1535 1220 1586 τὸν
1251 1535 1504 1605 Χριστόν.
1529 1535 1604 1588 Οὑ
1642 1536 1749 1606 γὰρ
1772 1530 1904 1604 ἦλθε

321 1625 724 1697 διακονηθῆναι,
765 1625 912 1680 καθὰ
935 1643 1098 1697 φησιν
1118 1626 1302 1691 αὐτὸς,
1330 1625 1649 1694 διακονῆσαι
1681 1625 1737 1677 δὲ
1766 1625 1902 1696 μᾶλ-

323 1716 434 1782 λον,
464 1717 604 1771 κατὰ
623 1718 722 1789 τὴν
753 1719 851 1789 τῆς
881 1717 1345 1788 ὲνανθρωπήσεως
1363 1716 1909 1787 οἰκονομίαν.Ταύτῃ-

2007 631 2219 685 vocavit
2247 630 2358 682 ⁸³.ι
2411 629 2477 684 Et
2521 628 2827 683 condidisse
2873 629 3072 683 dicitur
3116 629 3254 684 Deus
3304 630 3355 684 in
3407 646 3572 684 unum

2005 737 2202 777 novum
2256 722 2531 778 hominem
2573 721 2708 778 duos
2753 721 3013 792 populos;
3063 722 3303 791 vultque,
3358 724 3574 792 opinor,

2006 814 2148 870 Deus
2201 823 2256 869 et
2276 813 2440 869 Pater
2475 812 2778 881 justiﬁeare
2816 812 3017 882 justum
3063 813 3199 868 bene
3246 815 3572 870 servientem

2007 906 2213 972 multis,
2260 915 2316 962 et
2363 917 2582 975 peccata
2625 919 2812 960 eorum
2839 905 2954 974 ipse
2981 906 3236 960 remittet.
3264 905 3448 961 Justus
3476 921 3574 961 au-

2010 1009 2118 1053 tem
2172 998 2310 1055 bene
2363 999 2605 1054 serviens
2658 996 2861 1065 multis,
2899 1011 3005 1052 non
3046 997 3210 1063 alius,
3236 1005 3294 1052 ut
3316 999 3569 1062 arbitror,

2004 1091 2295 1159 quisquam
2322 1089 2547 1159 intelligi
2576 1097 2772 1156 potest,
2802 1096 2997 1157 pra-ter
3027 1089 3306 1143 Dominum
3333 1099 3572 1145 nostrum

2001 1181 2186 1237 Iesum
2221 1182 2516 1236 Christum.
2562 1178 2678 1234 Non
2714 1181 2857 1234 enim
2891 1181 3038 1236 venit
3060 1190 3118 1236 ιιι
3142 1182 3188 1236 ei
3216 1181 3572 1247 ministretur,

2003 1272 2160 1326 sicuti
2187 1272 2301 1340 ipse
2331 1271 2407 1324 ait
2433 1270 2502 1332 ⁸⁸,
2559 1270 2651 1324 sed
2695 1278 2753 1322 ut
2782 1269 3049 1323 ministret
3079 1271 3278 1338 potius,
3329 1271 3574 1324 inhuma-

2005 1361 2240 1414 nationis
2303 1359 2724 1428 dispensatione.
2804 1358 2939 1412 Hinc
3021 1361 3192 1413 visum
3274 1370 3356 1415 est
3417 1361 3577 1416 beato

2005 1451 2172 1505 Paulo
2211 1467 2332 1503 eutn
2369 1451 2678 1504 ministrum
2716 1450 2914 1503 dicere.
2963 1449 3051 1502 Ait
3089 1452 3231 1504 enim
3267 1451 3334 1505 de
3373 1455 3488 1520 lege
3519 1462 3575 1506 et

2002 1541 2152 1598 Novo
2187 1541 2538 1596 Testamento
2573 1558 2585 1592 :
2631 1559 2648 1590 ι
2682 1539 2738 1594 Si
2766 1542 2909 1594 enim
2933 1540 3288 1596 ministerium
3320 1544 3573 1598 condem-

2005 1634 2240 1688 nationis
2281 1632 2447 1701 gloria
2503 1632 2760 1701 (gloriosa
2815 1633 2956 1686 enim
3007 1631 3150 1686 facta
3212 1644 3329 1686 crat
3378 1633 3579 1703 Moysis

2001 1731 2300 1796 persona),
2344 1725 2513 1778 multo
2557 1723 2722 1795 754
2761 1726 2932 1794 magis
2968 1724 3181 1779 excellit
3215 1724 3570 1780 ministerium

323 1823 405 1860 τοι
435 1807 678 1862 διάκονον
703 1809 872 1862 ἐδόκει
895 1809 1073 1878 λέγειν
1100 1807 1178 1878 τῷ
1200 1808 1453 1878 μακαρίῳ
1499 1807 1711 1877 Παύλῳ.
1759 1808 1899 1877 Ἔφη

2005 1815 2221 1882 iustitia:
2263 1816 2311 1869 iu
2341 1814 2508 1884 gloria
2537 1814 2606 1867 ⁸⁵.
2646 1832 2666 1865 ι
2698 1813 2881 1868 Justus
2910 1814 3071 1882 igitur
3095 1825 3148 1869 et
3185 1816 3572 1884 irrepreheusi-

325 1901 432 1974 γὰρ
466 1902 593 1972 περί
611 1919 669 1954 τε
698 1901 790 1954 τοῦ
813 1877 976 1972 νόμου
1015 1902 1110 1954 καὶ
1136 1877 1235 1972 τῆς
1263 1877 1468 1972 Καινῆς
1500 1900 1901 1970 ΔιαθήκηςδιΕί

2005 1905 2126 1960 bilis
2163 1905 2434 1969 Christus,
2470 1905 2606 1958 bene
2632 1903 2872 1958 serviens
2910 1903 3113 1959 multis.
3143 1905 3392 1958 Formam
3427 1907 3570 1960 enim

324 1995 428 2066 γὰρ
453 1997 482 2058 ἠ
510 1995 750 2047 διακονία
776 1995 875 2064 τῆς
901 1993 1279 2065 κατακρίσεως
1303 1993 1430 2056 δόξα
1466 1991 1778 2064 (δεδόξαστο
1792 1990 1902 2060 γὰρ

321 2085 382 2136 τὸ
411 2085 652 2148 Μωσέως
675 2087 1009 2156 πρόσωπον),
1031 2085 1209 2156 πολλῷ
1245 2085 1446 2155 μᾶλλον
1469 2083 1715 2154 διαφέρει
1741 2082 1905 2152 ήδια-

323 2174 475 2228 κονία
505 2177 604 2246 τῆς
635 2176 982 2248 δικαιοσύνης
1011 2178 1069 2230 ὲν
1097 2177 1245 2249 δόξῃ.
1273 2195 1291 2228 ι
1325 2176 1543 2239 Δίκαιος
1592 2175 1774 2228 τοίνυν
1807 2175 1904 2228 καὶ

320 2269 551 2339 ἄμωμος
572 2271 600 2322 6
622 2267 855 2341 Χριστὸς
887 2266 946 2324 εὖ
977 2269 1242 2324 δουλεύων
1291 2269 1526 2331 πολλοῖς.
1562 2265 1765 2320 Ἐλαῦε
1793 2265 1904 2338 γάρ

319 2359 506 2412 δούλου
536 2361 748 2431 μορφὴν
775 2360 906 2424 Θεὸς
938 2360 1014 2414 ῶν
1036 2363 1065 2414 6
1092 2360 1284 2429 Λόγος,
1310 2361 1408 2429 οὐχ
1436 2359 1523 2412 ἵνα
1551 2358 1648 2428 τὴν
1693 2357 1903 2411 οἰκείαν

321 2451 483 2514 αὐτὸς
515 2453 688 2524 ὀνήσῃ
710 2451 892 2520 φύσιν,
923 2453 1040 2505 ἀλλ’
1069 2455 1200 2524 ἡμῖν
1227 2453 1322 2506 καὶ
1361 2451 1520 2504 τοῦτο
1541 2448 1900 2521 δωρούμενος,

322 2541 418 2594 καὶ
455 2540 644 2609 ῶσπερ
696 2541 818 2594 τινὰ
867 2541 1140 2595 διακονίαν
1170 2540 1504 2612 ἀποπληρῶν
1539 2540 1618 2602 είς
1644 2540 1810 2608 ἡμᾶς,
1838 2535 1903 2590 δι’

321 2625 388 2695 ἧς
416 2633 510 2685 καὶ
534 2631 876 2702 σεσώσμεθα.
905 2630 1219 2684 Δικαιοῦταί
1243 2649 1306 2700 γε
1341 2631 1449 2702 μὴν
1473 2630 1572 2702 τὴν
1605 2631 1698 2684 τοῦ
1731 2631 1904 2683 δοκεῖν

323 2715 466 2773 εἶναι
489 2720 745 2792 πονηρὸς,
784 2723 902 2792 ἦτοι
920 2719 1143 2784 δικαίως
1168 2719 1361 2774 παθεῖν
1387 2720 1480 2772 τὸν
1504 2719 1598 2771 ἐπὶ
1621 2717 1778 2783 ξύλου
1807 2718 1902 2772 Οὰ-

323 2826 504 2873 νατον,
541 2809 774 2879 ὑποψίαν
804 2810 1243 2881 ἁποκρουόμενος
1265 2809 1352 2863 διὰ
1375 2809 1469 2862 τοῦ
1507 2809 1600 2864 καὶ
1628 2809 1782 2871 δίκας
1810 2809 1904 2860 ὲκ-

327 2903 476 2952 τῖσαι
503 2899 604 2968 τῆς
631 2903 710 2964 είς
749 2901 910 2956 αὑτὸν
945 2901 1263 2962 δυσσεϐείας
1291 2901 1417 2964 τοὺς
1446 2900 1505 2967 ἐξ
1547 2900 1780 2971 Ἰσραὴλ.
1813 2900 1905 2953 καὶ

328 2990 423 3045 τοῦ
445 2990 753 3062 βασιλεῦσαι
779 2998 892 3058 τοῖς
922 2995 1012 3046 ὑπ’
1033 2993 1258 3065 οὐρανὸν
1285 2993 1542 3046 ἁπάντων
1567 2991 1716 3061 αὐτῷ
1741 3007 1907 3062 προσ-

324 3082 744 3155 δεδραμηκότων
772 3085 962 3140 ἐθνῶν.
996 3087 1117 3139 Ὀτι
1143 3085 1251 3156 γὰρ
1282 3083 1558 3147 διακονίας
1587 3084 1737 3153 ἰσχὺν
1759 3085 1786 3134 ὁ
1808 3082 1905 3152 τῆς

325 3175 787 3247 ἑνανθρωπήσεως
815 3175 929 3247 ἔχει
962 3177 1139 3245 λόγος,
1171 3175 1489 3249 παρέδειξεν
1510 3173 1677 3228 εἰπών
1695 3189 1710 3206 ⁶
1747 3192 1765 3225 ι
1794 3172 1904 3227 Καὶ

322 3265 486 3329 αὐτὸς
514 3266 613 3328 τάς
640 3267 916 3338 ἁμαρτίας
949 3267 1128 3320 αὐτῶν
1157 3268 1366 3336 ἀνήσει.
1416 3284 1434 3317 ι
1471 3267 1588 3318 Ἵνα
1622 3263 1732 3335 γὰρ
1763 3265 1900 3316 ἁπο-

2002 1995 2142 2049 servi
2192 1994 2399 2061 accepit
2448 1991 2586 2046 Deus
2637 1991 2891 2056 Verbum,
2925 2007 3029 2046 non
3063 2001 3118 2045 ιιι
3147 1995 3420 2062 propriam
3453 1995 3572 2063 ipse

2003 2095 2255 2139 naturam
2289 2083 2591 2150 adjuvaret,
2623 2083 2715 2138 sed
2739 2083 2895 2138 nobis
2935 2083 3035 2137 hoc
3065 2082 3292 2150 donans,
3328 2092 3382 2138 et
3411 2085 3570 2139 veluti

2004 2176 2238 2244 quodam
2281 2175 2332 2228 in
2367 2189 2464 2228 nos
2497 2173 2729 2243 fungens
2766 2174 3091 2236 ministerio,
3126 2188 3233 2244 quo
3265 2173 3424 2228 etiam
3453 2189 3573 2228 ser-

2003 2265 2114 2319 vati
2159 2279 2366 2320 sumus.
2399 2262 2738 2318 Justilicatur
2769 2271 2975 2329 autem,
3007 2263 3131 2317 dum
3159 2277 3278 2317 eam
3306 2264 3572 2332 suspicio«

2004 2371 2126 2411 nem
2165 2355 2438 2419 amolitur,
2477 2369 2580 2424 qua
2631 2354 2806 2410 malus
2837 2369 2977 2418 esse,
3009 2353 3226 2422 etjuste
3260 2365 3486 2408 mortem
3518 2357 3573 2408 in

1999 2447 2152 2517 ligno
2187 2461 2377 2514 passus
2405 2445 2687 2499 videbatur
2718 2460 2732 2498 :
2769 2453 2883 2498 tuin
2911 2445 3054 2513 quod
3094 2458 3284 2513 poenas
3314 2444 3574 2498 solverint

2005 2555 2119 2594 sua:
2135 2540 2188 2594 in
2207 2537 2355 2593 illum
2375 2537 2680 2607 impietatis
2694 2536 2969 2601 lsraelitae,
2985 2547 3094 2591 tum
3127 2540 3248 2608 quia
3271 2538 3576 2592 dominetur

2004 2631 2121 2686 orbi
2167 2640 2474 2696 terrarum,
2501 2638 2555 2683 et
2596 2630 2848 2685 omnibus
2883 2630 2948 2683 ad
2987 2645 3110 2683 eum
3155 2629 3572 2685 accurrentibus

2005 2725 2276 2795 gentibus.
2293 2724 2446 2790 Quod
2472 2723 2617 2778 enim
2639 2733 2830 2792 potens
2855 2723 3209 2777 ministerium
3236 2723 3435 2777 haheat
3458 2724 3573 2776 lucc

2007 2816 2400 2870 incarnationis
2468 2815 2630 2879 ratio,
2681 2815 2918 2869 ostendit
2968 2829 3089 2868 cum
3143 2815 3257 2866 ait:
3299 2813 3408 2867 «Et
3460 2814 3576 2881 ipse

2007 2917 2227 2975 peccata
2303 2921 2490 2960 eorum
2578 2905 2838 2959 remittet.
2889 2923 2909 2957 ι
2983 2903 3053 2959 Ut
3101 2905 3242 2958 enim
3297 2915 3574 2974 peccatum

2007 3006 2277 3052 averteret
2328 3011 2357 3050 a
2407 2998 2630 3060 mundo,
2683 2998 2795 3065 ipse
2839 2997 2890 3050 in
2928 3012 2986 3051 se
3017 2997 3143 3051 illud
3176 3000 3485 3066 assumpsit,
3523 3007 3576 3049 et

2011 3103 2152 3142 unus
2185 3102 2284 3157 pro
2325 3088 2574 3142 omnibus
2606 3098 2849 3140 mortuus
2877 3098 2981 3151 est,
3013 3088 3102 3155 qui
3137 3089 3374 3140 omnium
3409 3089 3577 3142 instar

1931 3204 1974 3262 ο
2006 3189 2158 3235 erat:
2188 3187 2470 3248 propterea
2522 3179 2749 3232 servivit
2775 3178 2976 3233 multis.
3016 3179 3148 3232 Cum
3179 3177 3328 3240 dicit,
3371 3177 3572 3238 Multis,

2007 3281 2194 3339 gentes
2240 3267 2528 3337 signiﬁcat.
2572 3266 2689 3322 Una
2724 3267 2870 3321 enim
2900 3282 3033 3336 gens
3063 3277 3182 3320 erat
3219 3267 3396 3320 Israel.
3441 3267 3575 3331 Quia

325 3355 498 3428 στήσῃ
525 3356 621 3410 τοῦ
662 3357 866 3426 κόσμου
912 3358 1010 3428 τὴν
1043 3357 1336 3427 ἁμαρτίαν,
1396 3356 1556 3420 αὐτὸς
1612 3356 1697 3424 ἐφ’
1726 3353 1902 3423 ἑαυτῷ

2005 3374 2155 3423 vero,
2204 3359 2398 3428 inquit,
2443 3359 2559 3428 ipse
2599 3368 2822 3426 peccata
2859 3364 3046 3412 eorum
3087 3357 3232 3422 tulit,
3291 3369 3608 3427 promet-ea

320 3448 528 3520 ταύτην
555 3447 862 3514 ἀναλαϐὼν,
905 3449 1000 3502 καὶ
1035 3445 1119 3511 εἷς
1153 3448 1295 3519 ὑπὲρ
1325 3449 1542 3502 πάντων
1565 3445 1852 3500 ἀποθανὼν
1877 3448 1904 3498 6

2007 3450 2201 3506 multus
2254 3451 2570 3518 possidebit,
2619 3461 2675 3504 et
2732 3451 2946 3504 fortium
2993 3449 3196 3503 dividet
3243 3449 3434 3518 spolia.
3478 3447 3577 3502 llic

322 3539 544 3594 πάντων
597 3539 868 3607 ἀντάξιος,
924 3539 1012 3594 διά
1038 3540 1196 3593 τοῦτο
1223 3539 1537 3592 δεδούλευκε
1572 3539 1805 3601 πολλοῖς.
1832 3537 1905 3590 Τὸ

2007 3539 2204 3594 multos
2226 3539 2495 3611 intelliges
2516 3555 2610 3596 eos
2641 3555 2704 3594 ex
2727 3542 2975 3611 gentibus
2999 3558 3012 3594 :
3042 3539 3262 3594 inﬁnitis
3287 3541 3428 3593 enim
3457 3555 3573 3609 par-

326 3631 546 3695 Πολλοῖς
580 3631 637 3685 δὲ
694 3631 890 3700 λέγων,
921 3631 990 3684 τὰ
1017 3630 1145 3702 ἔθνη
1173 3629 1339 3701 δηλοῖ.
1385 3630 1479 3682 ’Ἑν
1519 3630 1627 3699 γὰρ
1659 3625 1726 3698 ἦν
1755 3628 1907 3693 ἔθνος

336 3722 575 3793 Ἰσραήλ.
609 3722 826 3792 Ἐπειδὴ
857 3721 913 3774 δὲ
944 3721 1043 3784 τὰς
1071 3721 1342 3792 ἁμαρτίας
1376 3720 1555 3774 αὐτῶν
1601 3721 1761 3784 αὐτὸς
1809 3721 1907 3774 ἀν-

324 3817 549 3884 ήνεγκε,
566 3813 717 3883 φησὶ,
730 3813 815 3866 διὰ
835 3812 992 3866 τοῦτο
1013 3812 1410 3883 κληρονομήσει
1428 3812 1672 3878 πολλοὺς,
1693 3811 1908 3865 καὶτῶν

325 3905 568 3978 ἰσχυρῶν
593 3905 770 3976 μεριεῖ
790 3903 984 3958 σκύλα.
1009 3903 1182 3958 Πάλιν
1206 3903 1391 3958 ἐνθάδε
1409 3903 1636 3966 πολλοὺς
1659 3904 1908 3973 συνήσεις

321 3995 452 4059 τοὺς
477 3993 538 4062 ἐξ
570 3994 758 4048 ἐθνῶν·
819 3993 1242 4065 μυριοπλασίους
1291 3995 1400 4066 γάρ
1430 3997 1536 4048 εἱσι
1561 3994 1670 4048 τῶν
1702 3993 1761 4058 ἐξ
1803 3993 1908 4046 Ἰσ-

327 4082 490 4154 ραήλ·
535 4083 790 4154 ἰσχυροὺς
820 4085 874 4138 δέ
896 4101 982 4153 γε,
1010 4085 1042 4154 ἢ
1071 4085 1197 4149 τοὺς
1244 4083 1430 4152 ἁγίους
1475 4082 1806 4146 ἀποστόλους
1828 4121 1842 4146 ,
1873 4079 1906 4150 ἥ

331 4177 429 4230 καὶ
479 4175 720 4241 ἅπαντας
771 4177 956 4242 ἁπλῶς
985 4178 1109 4240 τοὺς
1141 4179 1195 4230 ὲν
1227 4175 1452 4250 Χριστῷ
1491 4177 1770 4242 δυνατοὺς,
1814 4175 1910 4230 καὶ

322 4269 617 4342 εὐανδρίαν
643 4269 866 4340 ἔχοντας
897 4270 996 4341 τὴν
1037 4271 1432 4342 πνευματικὴν,
1455 4265 1537 4334 οἷς
1567 4271 1664 4323 ἁτε
1697 4286 1910 4338 νενικη-

322 4363 447 4436 κόσι
477 4362 568 4414 τὸν
591 4362 857 4427 Σατανᾶν,
877 4362 1146 4417 διαδίδωσι
1175 4361 1364 4414 σκύλα.
1387 4361 1644 4430 Διανέμει
1666 4359 1775 4430 γὰρ
1798 4361 1910 4422 τοῖς

319 4456 504 4525 ἁγίοις
533 4454 766 4525 πλουσίᾳ
797 4455 942 4526 χειρὶ
973 4453 1083 4508 τῶν
1115 4450 1505 4522 πνευματικῶν
1557 4449 1910 4521 χαρισμάτων

2010 3631 2154 3687 tibus
2185 3632 2365 3701 plures
2391 3641 2553 3687 erant
2584 3647 2744 3701 quam
2790 3632 3043 3687 Israelita:
3078 3632 3302 3695 :l‘ortes,
3333 3631 3417 3686 vel
3447 3646 3577 3685 sau-

2007 3732 2124 3777 ctos
2183 3724 2476 3792 apostolos,
2536 3724 2619 3778 vel
2671 3724 2833 3778 etiam
2897 3737 3087 3778 onmes
3145 3722 3470 3791 simpliciter
3526 3723 3578 3776 in

2005 3813 2224 3869 Christo
2269 3824 2539 3884 potentes,
2588 3825 2642 3868 et
2685 3817 2939 3870 virilitate
2971 3815 3237 3882 spirituali
3276 3816 3574 3882 praeditos:

2017 3906 2214 3974 quibus
2239 3905 2402 3959 veluti
2441 3905 2700 3959 Satanam
2736 3905 3079 3960 vincentibus
3124 3905 3403 3959 distribuit
3453 3919 3580 3972 spn-

2009 3995 2098 4049 lia.
2132 3994 2467 4065 Dispartitur
2499 3994 2646 4048 enim
2683 3984 2886 4050 sanctis
2936 3995 3100 4048 divite
3134 4010 3293 4047 manu
3323 3995 3580 4064 spiritua-

2008 4086 2138 4140 lium
2188 4085 2453 4140 donorum
2511 4083 2774 4139 subsidia.
2833 4084 2938 4138 Alii
2987 4085 3158 4148 enim,
3192 4085 3386 4154 inquit,
3421 4088 3580 4139 datus

2007 4185 2090 4231 est
2115 4190 2208 4245 per
2229 4174 2486 4245 Spiritum
2513 4189 2692 4229 sermo
2723 4173 3020 4243 sapientiae,
3051 4175 3140 4228 alii
3190 4188 3370 4229 sermo
3398 4177 3579 4245 cogni—

2011 4268 2193 4335 tionis,
2230 4275 2284 4322 et
2313 4265 2632 4338 prophetiae,
2677 4275 2730 4320 et
2776 4263 3137 4320 discretioncs
3183 4266 3489 4334 spirituum,
3528 4277 3582 4321 et

2009 4360 2146 4416 dona
2177 4359 2518 4415 sanationum
2547 4358 2692 4412 “"7.
2740 4357 3018 4414 Sermonis
3050 4368 3226 4413 autem
3287 4361 3581 4429 potentiam

2011 4453 2220 4508 sanctis
2281 4451 2541 4522 apostolis
2605 4451 2932 4519 tribuimus,
3010 4451 3248 4520 illudque
3309 4452 3581 4508 dicimus:

319 4545 420 4608 τὰς
440 4545 726 4616 χορηγίας.
751 4537 820 4616 ᾯ
849 4545 948 4615 μὲν
971 4545 1081 4616 γὰρ
1109 4544 1330 4606 δίδοται,
1351 4541 1505 4613 φησὶ,
1527 4540 1616 4594 διὰ
1631 4540 1724 4594 τοῦ
1749 4541 1905 4595 πνεύ-

2020 4542 2189 4596 luisse
2230 4541 2376 4596 velut
2413 4541 2813 4611 possessionem
2879 4540 3094 4596 Satanae
3135 4557 3324 4598 omnes
3369 4552 3580 4612 gentes.

323 4653 500 4707 ματος
522 4636 679 4705 λόγος
710 4637 922 4705 σοφίας,
951 4637 1094 4707 ἄλλῳ
1115 4637 1171 4690 δὲ
1195 4636 1352 4704 λόγος
1375 4633 1648 4704 γνώσεως,
1693 4651 1908 4705 προφη-

318 4724 466 4779 τεῖαί
522 4742 583 4778 τε
615 4726 710 4779 καὶ
739 4726 1039 4797 διακρίσεις
1065 4724 1410 4796 πνευμάτων,
1446 4724 1539 4778 καὶ
1573 4723 1640 4777 τὰ
1691 4723 1798 4776 τῶν
1829 4725 1910 4778 ία-

322 4816 515 4886 μάτων
547 4817 885 4886 χαρίσματα.
924 4817 1362 4887 Περιστήσαντες
1410 4816 1467 4869 δὲ
1509 4815 1602 4869 τοῦ
1631 4815 1790 4884 λόγου
1811 4816 1909 4886 τὴν

315 4905 554 4976 δύναμιν
581 4908 662 4970 είς
690 4907 814 4970 τοὺς
848 4907 1033 4975 ἁγίους
1067 4907 1400 4971 ἀποστόλους
1421 4948 1438 4974 ,
1482 4908 1659 4961 ἐκεῖνό
1687 4923 1867 4977 φαμεν
1891 4922 1905 4937 ·

315 4993 463 5067 ἦσαν
497 4997 594 5066 μὲν
628 4997 736 5068 γάρ
760 4997 955 5066 κτῆσις
987 4996 1178 5070 ῶσπερ
1226 4998 1318 5052 τοῦ
1355 5001 1570 5053 Σατανᾶ
1617 4999 1794 5053 πάντα
1845 4997 1911 5051 τά

319 5087 476 5158 ἔθνη,
508 5087 622 5140 ἁλλ’
649 5089 905 5160 ἐμέρισεν
941 5089 1081 5143 αὐτὰ
1110 5093 1223 5154 τοῖς
1251 5091 1428 5158 ἁγίοις
1477 5091 1857 5162 μυσταγωγοῖς
1883 5090 1912 5142 6

2014 4629 2122 4686 Sed
2166 4629 2349 4684 divisit
2397 4644 2492 4684 eos
2539 4629 2745 4684 sanctis
2799 4631 3130 4699 mystagogis
3187 4632 3230 4684 is
3269 4633 3359 4700 qui
3387 4632 3586 4686 multos

2013 4722 2276 4793 possedit.
2312 4720 2416 4776 Alii
2441 4721 2585 4776 enim
2617 4735 2647 4774 a
2685 4720 2868 4776 divino
2908 4719 3073 4775 Petro
3124 4721 3298 4774 vocati
3349 4730 3476 4775 sunt
3517 4722 3584 4774 ad

2013 4815 2344 4884 agnitionem
2389 4821 2632 4868 nostrum
2690 4813 2931 4866 omnium
2970 4811 3276 4867 Servatoris
3318 4812 3520 4866 Cluiin
3568 4832 3582 4865 :

2015 4907 2105 4960 alii
2139 4921 2236 4976 per
2265 4905 2658 4976 mystagogiam
2685 4903 2860 4970 Pauli,
2901 4905 2986 4960 vel
3031 4906 3256 4961 alterius
3285 4907 3582 4975 cujuspfattt

2016 5007 2325 5053 sanctorum
2364 4999 2759 5066 apostolorum,
2787 4997 2854 5052 ad
2887 4996 3129 5052 veritatis
3164 4996 3338 5052 lucem
3368 4998 3583 5051 adducti

2015 5097 2163 5144 sunt.
2209 5087 2402 5143 Divisit
2442 5102 2573 5158 ergo
2623 5088 2730 5144 illis
2768 5087 3031 5144 Servator
3065 5089 3217 5158 quasi
3244 5089 3412 5157 spolia
3442 5104 3585 5157 qua»

318 5181 740 5252 κληρονομήσας
767 5181 1015 5245 πολλούς.
1044 5184 1105 5235 υἱ
1131 5182 1230 5253 μὲν
1249 5183 1378 5253 γὰρ,
1402 5182 1490 5236 διὰ
1510 5181 1604 5235 τοῦ
1622 5181 1905 5246 θεσπεσίου

2015 5181 2162 5245 dam,
2192 5179 2243 5233 id
2269 5188 2374 5245 est,
2405 5179 2527 5234 belli
2551 5181 2781 5250 praedas,
2807 5194 2993 5236 eorum
3023 5180 3114 5249 qui
3142 5179 3418 5250 quondam
3444 5194 3586 5233 erra-

321 5271 534 5341 Πέτρου
562 5271 858 5341 κέκληνται
885 5273 1024 5344 πρὸς
1057 5273 1352 5343 ὶπίγνωσιν
1378 5272 1470 5327 τοῦ
1502 5273 1718 5327 πάντων
1748 5274 1782 5342 ὴ
1791 5271 1905 5342 μῶν

2007 5277 2132 5325 runt
2159 5269 2569 5326 conversionem
2593 5281 2648 5327 et
2676 5273 3034 5328 vocationem.
3063 5271 3378 5342 Oportuisse
3399 5283 3582 5326 autem

320 5363 577 5433 Σωτῆρος
611 5364 874 5435 Χριστοῦ·
907 5367 957 5418 οἱ
978 5366 1034 5418 δὲ
1064 5366 1154 5420 διὰ
1184 5369 1282 5438 τῆς
1309 5365 1402 5419 τοῦ
1440 5365 1728 5418 θεσπεσίου
1775 5364 1905 5417 Παύ-

2013 5380 2166 5429 eum.
2193 5367 2284 5436 qui
2311 5381 2409 5437 pro
2435 5367 2689 5423 omnibus
2734 5377 2982 5423 mortuus
3027 5377 3132 5432 est,
3176 5368 3416 5424 omnium
3451 5381 3583 5420 con-

319 5455 415 5509 λου
447 5458 856 5526 μυσταγωγίας,
881 5457 1050 5528 ἤγουν
1073 5458 1261 5530 ἑτέρου
1284 5459 1430 5521 τινὸς
1453 5457 1561 5510 τῶν
1579 5456 1752 5526 ἁγίων
1779 5456 1905 5509 ἀπο·

2015 5459 2148 5530 Spici
2186 5459 2498 5526 Dominum,
2527 5461 2842 5531 persuadet,
2895 5461 3145 5531 inquiens
3173 5480 3186 5516 :
3218 5462 3321 5515 Pro
3350 5475 3415 5515 eo
3443 5463 3582 5529 quod

321 5545 550 5612 στόλων,
570 5547 650 5610 τίς
672 5547 846 5618 τὸτῆς
866 5548 1123 5618 ἀληθείας
1146 5547 1587 5620 ὲσαγηνεύθησαν
1606 5547 1740 5617 φῶς.
1760 5546 1905 5617 Ἐμέ·

2022 5550 2220 5604 tradita
2267 5559 2351 5606 est
2401 5551 2454 5606 in
2505 5559 2736 5606 mortem
2771 5551 2952 5606 anima
2982 5551 3122 5620 ejus,
3153 5562 3209 5609 et
3243 5551 3402 5622 755
3446 5552 3587 5607 inter

397 5779 444 5810 ⁸³
474 5780 632 5839 Ilom.
696 5799 815 5851 vur,
841 5785 1022 5842 29.50.
1138 5788 1184 5820 ”
1217 5786 1405 5841 Matth.
1436 5803 1526 5856 xx,
1557 5787 1646 5842 28.

1756 5786 1802 5817 ⁸⁸
1846 5786 1886 5839 ll
1918 5787 2042 5842 Cor.
2082 5802 2163 5849 tit,
2205 5787 2257 5841 9.
2387 5785 2502 5819 “"7
2553 5784 2568 5838 Ι
2605 5783 2729 5839 Cor.
2763 5799 2861 5852 xu,
2893 5784 2989 5840 10.
