4092 6296
381 346 520 403 H93

1495 340 1563 398 IN
1601 339 1841 399 ISAIAM
1882 340 2016 396 LIB.
2058 339 2126 396 γ.
2169 338 2407 398 τυκυε
2444 338 2509 395 ιι.

3518 317 3654 378 ΠΜ

377 444 488 506 λος.
529 441 595 495 Ἦ
627 435 723 495 οὖν
745 442 935 512 στεῖρα
960 439 1039 511 τῷ
1070 439 1163 493 ἐπὶ
1205 437 1414 504 πάντας
1434 438 1557 511 Θεῷ
1580 439 1837 495 τίκτουσα
1866 457 1970 511 μη-

2081 436 2236 493 [idem
2264 444 2321 494 et
2351 437 2632 493 virtutem.
2679 434 2787 492 Sed
2831 449 2962 493 ecce
3000 433 3212 507 justum
3249 442 3336 490 est
3373 450 3659 506 erumpere

328 602 333 609 O
377 533 505 588 δένα
536 531 647 586 τῶν
675 531 1018 602 ὀφειλόντων,
1056 530 1090 602 ἦ
1120 529 1437 604 δυναμένων
1466 533 1523 586 ἐν
1562 532 1776 597 τέκνοις
1806 532 1972 587 αὐτοῦ

320 622 328 635 ’
384 625 865 697 καταλογισθῆναι,
903 625 997 679 καὶ
1047 622 1223 677 τελεῖν
1267 624 1358 678 διά
1380 640 1441 676 τε
1489 623 1673 677 πίστιν
1700 624 1795 678 καὶ
1841 625 1971 694 ἀρε·

380 723 502 792 τήν.
565 718 707 772 Ἀλλ’
736 719 846 771 ίδοὺ
891 717 1299 788 προστέτακται
1335 716 1500 787 ῥῆξαί
1543 733 1603 769 τε
1632 718 1726 771 καὶ
1756 715 1971 788 βοῆσαι.

383 809 546 874 "lilio;
566 809 621 862 δὲ
636 807 794 861 τοῦτο
811 808 944 878 δρᾷν
963 809 1084 871 ταῖς
1103 807 1198 859 ἐπὶ
1216 806 1394 878 δίφρῳ
1419 808 1605 861 λοιπὸν
1627 810 1721 862 καὶ
1765 807 1977 861 τικτού-

381 918 505 965 σαις
553 899 822 970 γυναιξὶν,
862 898 929 962 ἀς
957 899 1022 969 δή
1071 915 1207 968 φασι
1258 899 1622 969 παροτρύνειν
1660 897 1756 962 τάς
1807 899 1976 971 μαίας

382 994 592 1048 ἐντονόν
614 1010 668 1047 τι
692 992 789 1048 καὶ
819 991 979 1064 τορὸν
1009 991 1271 1064 ἀναϐοᾴν,
1304 992 1372 1045 ἵν’
1400 992 1706 1046 ἐκθλίϐοιτο
1735 994 1835 1064 τῆς
1869 994 1977 1065 μή·

376 1104 512 1160 τρας
534 1086 595 1139 τὸ
624 1085 845 1157 βρέφος,
869 1085 1231 1156 εύρυνομένου
1261 1084 1356 1139 τοῦ
1379 1085 1691 1156 σπλάγχνου
1719 1085 1856 1157 πρὸς
1875 1086 1975 1158 τὴν

381 1176 535 1248 βοήν.
557 1174 750 1239 Τοῦτο,
787 1170 959 1245 οἶμαι,
988 1175 1107 1228 ἐστὶ
1142 1173 1225 1238 τὸ,
1271 1193 1293 1225 ι
1329 1172 1543 1243 Ῥῆξον,
1571 1172 1664 1225 καὶ
1709 1171 1920 1242 βόησον,
1948 1188 1968 1221 ι

383 1268 578 1341 Ἀρξαι
597 1266 664 1338 δὴ
692 1261 899 1335 οὖντοῦ
914 1265 1144 1328 τίκτειν,
1168 1265 1324 1336 φησὶ,
1347 1263 1443 1318 καὶ
1468 1263 1822 1334 ὼςξώδίνουσα
1846 1261 1976 1318 πολ-

316 1406 319 1409 ,
379 1362 528 1423 λοὺς,
563 1359 710 1412 δίδου
736 1358 947 1428 συχνῶς
979 1359 1222 1444 τὴνοταῖς
1251 1357 1563 1422 τικτούσαις
1595 1358 1685 1411 ἀεὶ
1724 1356 1975 1429 πρέπου-

383 1469 486 1505 σαν
519 1450 680 1522 βοήν·
712 1448 789 1514 ὡς
821 1448 1055 1519 ἐσομένη
1084 1449 1142 1503 δὲ
1174 1450 1357 1520 μήτηρ
1386 1447 1776 1520 ἀναριθμήτων
1809 1446 1975 1510 λαῶν,

384 1541 728 1613 εὖφροσύνην
779 1540 934 1610 δέχου
983 1540 1084 1609 τὴν
1131 1541 1530 1611 πνευματικήν.
1567 1537 1887 1610 Σαφηνίζων
1917 1538 1978 1592 δὲ

384 1636 481 1690 τοῦ
502 1634 864 1706 προκειμένου
894 1635 1060 1705 ρητοῦ
1086 1633 1187 1705 τὴν
1214 1634 1501 1688 διάνοιανό
1522 1632 1632 1687 τῶν
1659 1632 1795 1686 ὅλων
1819 1631 1973 1697 Θεὸς,

388 1728 640 1798 ἐπιφέρει
695 1726 909 1795 λέγων’
967 1730 1064 1779 Οτι
1100 1726 1272 1780 πολλά
1324 1725 1393 1780 τά
1426 1726 1591 1780 τέκνα
1621 1727 1720 1796 τῆς
1767 1725 1976 1797 ἐρήμου

2073 541 2128 586 et
2205 529 2465 585 clamare.
2537 527 2728 584 Solent
2786 538 2970 583 autem
3034 527 3091 583 id
3153 527 3334 583 facere
3407 529 3663 583 utulicres

2074 639 2198 694 quae
2226 624 2280 679 in
2322 624 2452 679 sella
2489 632 2636 690 sunt,
2667 633 2721 678 et
2767 624 3022 693 pariunt:
3053 636 3192 695 quas
3232 624 3391 679 aiunt
3429 625 3671 681 excitare

2073 715 2421 780 obstetrices,
2461 715 2714 770 interrita
2765 726 2821 771 et
2867 715 2977 770 alta
3029 730 3161 770 voce
3186 717 3515 782 exclamare,
3559 732 3667 787 quo

2076 807 2259 863 infans
2287 822 2319 860 e
2349 810 2579 863 matrice
2622 808 2969 874 extrahatur,
3019 808 3325 864 visceribus
3357 811 3423 863 ad
3456 809 3664 865 clamo-

2084 913 2198 952 rem
2225 899 2482 956 dilatatis.
2508 898 2643 963 lloc,
2673 899 2887 969 opinor,
2925 909 3030 965 est,
3060 900 3330 971 «Erumpe
3350 911 3403 956 et
3432 904 3626 957 clama.
3646 928 3662 955 ο

2076 987 2282 1060 Incipe,
2325 991 2528 1059 inquit,
2574 1006 2789 1060 parere,
2826 1002 2881 1047 et
2909 992 3066 1063 quasi
3104 995 3411 1065 parturiens
3443 994 3666 1061 multos;

2074 1083 2419 1151 pat'iettlibtls
2460 1086 2877 1142 convenientem
2927 1100 3148 1156 semper
3194 1088 3489 1145 clamorem
3538 1091 3670 1146 sub-

2078 1175 2203 1229 inde
2242 1178 2382 1239 ede;
2422 1188 2677 1247 tanquam
2710 1189 2885 1234 mater
2919 1194 3050 1236 vero
3082 1180 3261 1236 futura
3295 1181 3665 1239 innumerabi-

2077 1264 2209 1318 lium
2262 1267 2613 1339 populorum,
2660 1269 2995 1339 voluptatem
3037 1270 3258 1340 percipe
3308 1270 3665 1342 spiritualem.

2080 1355 2374 1413 Declarans
2432 1372 2566 1414 vero
2620 1357 2782 1429 hujus
2826 1360 2955 1415 dicti
2991 1377 3234 1429 sensum,
3289 1364 3667 1419 universorum

2078 1444 2223 1501 Deus
2274 1446 2465 1512 infert,
2525 1448 2714 1503 dicens
2761 1467 2774 1503 :
2843 1450 2979 1517 Quia
3028 1451 3210 1519 plures
3258 1451 3352 1507 lilii
3404 1454 3667 1519 desertae,

2078 1552 2241 1608 quam
2293 1538 2547 1595 habentis
2588 1541 2788 1596 virum.
2824 1539 3122 1598 Familiare
3172 1552 3255 1597 est
3297 1544 3461 1614 igitur
3506 1543 3660 1599 Scri—

2079 1640 2252 1702 ptura:
2293 1629 2554 1686 divinitus
2602 1630 2901 1702 inspirata,
2949 1633 3219 1688 desertam
3271 1634 3543 1704 appellare
3590 1637 3664 1690 vi-

2080 1722 2263 1775 duam.
2314 1719 2490 1777 Vidua
2542 1731 2721 1778 autem
2767 1722 2872 1778 fuit
2891 1725 3148 1794 'gentium
3192 1725 3499 1781 multitudo.
3554 1725 3669 1781 Non

391 1820 614 1891 μᾶλλον,
654 1817 687 1889 ἢ
719 1818 818 1889 τῆς
849 1817 1080 1890 ἐχούσης
1110 1817 1204 1871 τὸν
1234 1818 1423 1891 ἄνδρα.
1457 1818 1619 1884 Ἔθος
1660 1820 1760 1890 μὲν
1789 1814 1884 1873 οὖν
1910 1821 1976 1890 τῇ

2081 1815 2225 1868 enim
2257 1813 2554 1883 quidquam
2599 1816 2646 1870 ei
2686 1815 3002 1871 commercii
3054 1817 3154 1871 fuit
3217 1832 3341 1871 cum
3377 1828 3670 1885 sermone;

386 1911 733 1982 θεοπνεύστῳ
778 1911 971 1982 Γραφῇ
1029 1911 1235 1983 ἔρημον
1291 1912 1594 1966 ἀποκαλεῖν
1637 1913 1738 1984 τὴν
1781 1913 1977 1985 χήραν.

399 2002 697 2074 Ἐχήοευσε
714 2003 770 2056 δὲ
782 2001 891 2055 τῶν
904 2002 1074 2057 ἐθνῶν
1095 2004 1128 2074 ή
1150 2003 1380 2075 πληθύς.
1396 2005 1475 2058 Οὐ
1488 2005 1597 2075 γάρ
1611 2003 1862 2058 ἐπλούτει
1882 2003 1982 2076 τὴν

383 2094 671 2149 κοινωνίαν
722 2093 820 2166 τὴν
850 2093 990 2165 πρός
1040 2110 1128 2163 γε,
1149 2097 1316 2165 φημὶ,
1345 2094 1437 2148 τὸν
1481 2096 1702 2167 ἀπάσης
1728 2094 1982 2165 γνώσεως

382 2185 638 2258 ἀληθοῦς,
669 2187 763 2240 καὶ
808 2185 901 2239 τὸν
934 2187 1042 2239 τῶν
1082 2188 1163 2251 είς
1213 2184 1498 2240 εὐσέϐειαν
1545 2184 1980 2257 σπουδασμάῑων

385 2278 597 2343 σπορέα
646 2279 833 2348 λόγον,
881 2279 941 2332 ὃν
986 2278 1052 2333 ἄν
1099 2297 1183 2343 τις
1235 2279 1406 2334 είπὼν
1452 2279 1713 2350 γηπόνον,
1740 2278 1815 2342 ὡς
1847 2279 1981 2350 περὶ

384 2372 565 2434 πάσης
595 2372 828 2434 κτίσεως
854 2370 1104 2444 λογικῆς,
1134 2373 1234 2425 οὐκ
1274 2372 1340 2427 ἂν
1376 2372 1614 2444 ἁμάρτοι
1650 2372 1697 2425 τ’
1723 2369 1976 2442 ἀληθοῦς.

384 2464 464 2517 Δι’
504 2463 671 2517 αὐτοῦ
716 2465 826 2534 γὰρ
871 2465 1022 2517 πᾶσα
1070 2464 1421 2536 καρποφορία
1457 2463 1801 2535 πνευματικὴ
1839 2462 1894 2516 ἐν
1920 2481 1979 2517 τε

383 2560 499 2619 τοῖς
536 2557 712 2625 ἁγίοις
743 2556 998 2624 ἀγγέλοις
1025 2557 1120 2609 καὶ
1165 2559 1299 2628 ἡμῖν
1327 2558 1511 2621 αὐτοῖς
1544 2557 1834 2628 ἐμφύεται.
1872 2558 1978 2611 Οὐ-

358 2647 518 2717 ,κοῦν
552 2638 697 2718 χὴρᾶ
735 2646 836 2716 μὲν
873 2641 944 2717 ἦν
973 2646 1078 2718 πρὸ
1120 2646 1220 2718 τῆς
1252 2646 1346 2700 τοῦ
1380 2647 1633 2718 Σωτῆρος
1662 2648 1976 2719 ἐπιδημίας,

387 2737 580 2805 ἄγονός
619 2753 676 2790 τε
713 2737 801 2791 διά
834 2739 994 2791 τοῦτο
1045 2738 1142 2792 καὶ
1185 2737 1334 2804 aug.
1384 2739 1604 2811 Ἐπειδὴ
1649 2738 1707 2792 δὲ
1750 2739 1980 2812 παρεδέ-

389 2825 520 2893 ξατο
541 2827 630 2881 διὰ
662 2827 897 2894 πίστεως
921 2829 1012 2884 τὸν
1050 2829 1110 2895 ἐξ
1143 2830 1376 2901 οὐρανοῦ
1411 2831 1665 2902 νυμφίον,
1690 2830 1862 2886 πολλά
1888 2833 1978 2902 γέο

388 2937 545 2989 γονεν
577 2920 746 2992 αὐτῆς
778 2920 849 2974 τά
868 2921 1033 2974 τέκνα
1065 2922 1288 2992 μᾶλλον.
1319 2923 1351 2995 ἢ
1378 2921 1479 2993 τῆς
1511 2923 1742 2995 ἐχούσης
1772 2923 1861 2978 τὸν
1884 2924 1979 2977 ἆν-

388 3012 509 3085 δρα.
558 3011 806 3066 τουτέστι
866 3013 967 3083 τῆς
1019 3013 1127 3064 τῶν
1176 3012 1449 3067 Ἰουδαίων
1496 3014 1848 3088 Συναγωγῆς,
1909 3016 1961 3088 ῆι

386 3103 452 3177 δὴ
503 3105 886 3176 προσηγάγετο
937 3103 1067 3168 Θεὸς
1116 3104 1205 3160 διὰ
1248 3104 1343 3160 τοῦ
1393 3107 1673 3177 πανσόφου
1730 3108 1977 3173 Μωσέως

388 3197 528 3269 πρὸς
558 3198 866 3267 οίκειότητα
891 3196 990 3270 τὴν
1020 3198 1418 3271 πνευματικὴν,
1450 3200 1545 3255 καὶ
1569 3199 1761 3272 ῶσπερ
1794 3200 1973 3255 σύνοιο

383 3306 483 3345 κον
511 3289 606 3342 καὶ
650 3288 858 3342 πολλῶν
890 3289 1186 3360 ἐποιήσατο
1216 3290 1312 3343 καὶ
1339 3290 1588 3363 ἀπέφηνε
1617 3292 1834 3365 μητέρα
1877 3295 1975 3347 καὶ

381 3381 608 3453 τροφόν,
626 3379 769 3433 Ἀλλι
791 3379 1071 3453 ὴτεκνὼθη
1099 3380 1187 3435 διὰ
1208 3381 1672 3453 Χριστὸν,καίτοι,
1705 3384 1847 3438 καθά
1870 3404 1975 3454 φη-

384 3490 472 3526 σιν
514 3475 542 3526 ὁ
578 3473 865 3545 προφήτης
926 3472 1231 3544 Ἱερεμίας,
1292 3471 1547 3539 εὖτεκνος
1594 3471 1727 3529 οὖσα
1779 3476 1968 3548 πολλή.

381 3567 611 3631 Πλείους
657 3567 786 3639 γὰρ,
832 3567 908 3631 ὡς
954 3566 1111 3638 ἔφην,
1158 3568 1208 3621 oi
1241 3568 1341 3639 τῆς
1398 3586 1530 3623 ποτε
1575 3569 1793 3643 στείρας
1846 3571 1971 3634 υἱοὶ,

383 3659 524 3729 πρὸς
552 3661 617 3729 ἢν
640 3658 733 3711 καί
760 3676 894 3729 φησι
908 3658 991 3723 τὸ,
1025 3678 1042 3711 ι
1056 3659 1331 3714 Πλάτυνον
1353 3661 1442 3716 τὸν
1464 3662 1628 3717 τόπον
1649 3664 1749 3735 τῆς
1769 3665 1975 3737 σκηνῆς

388 3769 486 3807 σου
522 3752 616 3804 καὶ
647 3750 754 3804 τῶν
778 3752 1021 3805 αὐλαιῶν
1054 3769 1201 3807 σου.»
1248 3753 1467 3828 Ἐπειδὴ
1501 3755 1613 3828 γὰρ
1660 3754 1855 3821 εὔπαις
1913 3775 1974 3811 τε

384 3845 484 3900 καὶ
537 3843 809 3908 πειλύπαις
840 3844 1123 3916 ἀδοκήτως
1153 3846 1322 3916 ἀνέφυ
1355 3847 1447 3901 τὸν
1488 3846 1550 3916 ἐξ
1602 3849 1834 3920 ούρανοῦ
1876 3850 1974 3905 λα-

284 3957 291 3963 ·
385 3934 560 3990 δοῦσα
603 3935 778 4003 λόγον,
811 3936 931 4008 ἦτοι
968 3939 1223 4009 νυμφίον,
1251 3940 1568 4010 ἀναγκαίως
1593 3942 1856 3998 ἐκτείνειν
1894 3946 1973 4008 είς

382 4024 543 4099 εὖρός
567 4045 630 4081 τε
682 4030 775 4082 καὶ
807 4030 980 4100 μῆκος
1005 4031 1102 4094 τάς
1129 4031 1326 4104 ἐαυτῆς
1348 4034 1518 4100 αὐλὰς
1550 4037 1971 4107 προστέτακται,

384 4118 484 4171 καὶ
511 4117 925 4189 καταπηγνύναι
965 4120 1092 4184 τοὺς
1118 4123 1452 4192 πασσάλους,
1496 4125 1581 4180 ἵνα
1609 4126 1672 4189 τὸ
1703 4128 1975 4200 ἀκράδαν-

385 4226 482 4263 τον
507 4207 608 4278 τῆς
634 4206 697 4275 ἐξ
737 4209 904 4265 ἐθνῶν
942 4212 1265 4284 Ἐκκλησίᾱς
1308 4215 1401 4270 διὰ
1435 4216 1629 4274 τούτου
1682 4221 1831 4290 νοῇς·
1882 4221 1975 4274 καὶ

383 4299 449 4354 τὸ
485 4299 861 4371 μακρύνεσθαι
893 4303 950 4357 δὲ
975 4304 1044 4358 τὰ
1071 4306 1453 4378 σχοινίσματα,
1480 4308 1541 4363 τὸ
1569 4311 1974 4384 ἀπαραὸλήτως

383 4389 646 4446 πλούσιον
699 4394 780 4457 είς
826 4396 1170 4469 εὐρυγωρίαν
1228 4398 1342 4455 τῶν
1401 4398 1573 4469 άγίων
1637 4402 1973 4475 Ἐκκλησιῶν

2083 1919 2210 1958 cum
2258 1920 2536 1972 sermone,
2566 1907 2810 1978 inquam,
2860 1908 3043 1963 omnis
3081 1922 3224 1964 verae
3259 1908 3586 1976 cognitionis
3615 1922 3672 1963 et

2083 1995 2386 2051 studiorum
2478 1998 2546 2052 ad
2621 1999 2883 2070 pietatem
2952 2001 3340 2070 pertinentium
3414 2010 3667 2055 satore:

2083 2103 2247 2156 quem
2292 2088 2338 2143 si
2375 2090 2499 2159 quis
2526 2091 2680 2161 quasi
2729 2092 3023 2162 agricolam
3060 2091 3240 2148 omnis
3278 2103 3544 2148 creaturae
3583 2107 3673 2147 ra-

2084 2182 2233 2236 tione
2279 2181 2519 2251 praditte
2571 2183 2752 2249 dicat,
2794 2198 2823 2238 a
2877 2198 3009 2240 vero
3061 2186 3377 2254 neutiquam
3444 2186 3672 2240 aberra-

2082 2275 2178 2330 bit.
2210 2273 2315 2329 Per
2342 2276 2519 2344 ipsum
2548 2276 2692 2330 enim
2727 2278 2906 2332 omnis
2951 2276 3298 2333 fructiﬁcatio
3338 2276 3666 2349 spiritualis,

2085 2376 2195 2420 tum
2233 2367 2286 2420 in
2335 2367 2542 2424 sanctis
2593 2368 2822 2438 angelis,
2862 2378 2973 2424 tum
3025 2371 3078 2426 in
3123 2372 3284 2426 nobis
3328 2371 3461 2441 ipsis
3505 2369 3667 2426 insita

2082 2469 2187 2514 (ει.
2218 2456 2407 2530 itaque
2467 2470 2596 2516 ante
2656 2457 2963 2517 Servatoris
3003 2462 3294 2517 adventum
3339 2462 3498 2517 vidua
3549 2474 3672 2518 erat

2081 2541 2137 2605 et
2186 2551 2410 2618 sterilis,
2451 2550 2522 2607 ob
2581 2566 2812 2622 eamque
2860 2568 3083 2609 causam
3131 2554 3263 2610 orba
3308 2552 3516 2609 liberis.
3559 2556 3668 2609 Sed

2083 2654 2371 2717 postquam
2435 2660 2533 2716 per
2609 2645 2767 2700 ﬁdem
2835 2645 3115 2703 cmlestem
3187 2661 3445 2717 sponsum
3513 2661 3670 2701 acce-

2082 2738 2198 2808 pit,
2240 2737 2422 2811 plures
2482 2737 2684 2794 liberos
2746 2739 2987 2809 suscepit
3054 2753 3216 2809 quam
3277 2755 3339 2795 ea
3396 2755 3516 2809 qua:
3577 2739 3668 2794 vi-

2083 2845 2202 2884 rtnn
2293 2830 2530 2896 habuit,
2624 2831 2679 2886 id
2758 2827 3262 2896 est,'.|ud:corum
3340 2829 3665 2904 Synagoga,

2080 2922 2244 2995 757
2275 2939 2437 2994 quam
2479 2924 2620 2979 Deus
2643 2923 2865 2979 adduxit
2896 2938 2993 2995 per
3023 2923 3485 2994 sapientissimum
3519 2922 3671 2991 Moy-

2080 3030 2193 3070 Seni
2238 3014 2307 3068 ad
2373 3014 2815 3084 coniunctionem
2858 3013 3194 3084 spiritualem
3230 3051 3247 3079 ,
3298 3028 3465 3084 quam
3518 3013 3670 3067 velut

2080 3105 2527 3173 cohaliitatricem
2573 3112 2631 3159 et
2681 3104 3125 3160 contubernalem
3173 3102 3324 3171 fecit,
3361 3120 3427 3161 ac
3480 3105 3672 3161 multo-

2087 3211 2205 3250 rum
2289 3194 2585 3250 liherorum
2645 3183 2871 3249 matrem
2918 3203 2973 3249 et
3048 3196 3341 3251 nutricem.
3383 3197 3494 3252 Sed
3554 3203 3672 3253 haec

2083 3284 2272 3340 liberis
2318 3295 2475 3339 aucta
2524 3296 2605 3341 est
2637 3299 2733 3355 per
2760 3281 3061 3350 Christum,
3105 3293 3181 3352 et,
3216 3284 3376 3340 sicuti
3407 3286 3668 3356 prapheta

2080 3376 2350 3434 Jeremias
2388 3379 2507 3446 ait,
2543 3378 2742 3433 multos
2796 3378 2957 3433 habet
2994 3376 3218 3433 liberos.
3263 3375 3457 3433 Plures
3497 3379 3668 3446 enim,

2084 3481 2142 3524 ut
2187 3471 2319 3538 dixi,
2354 3471 2471 3543 ejus
2508 3486 2631 3543 quae
2653 3472 2922 3543 quondam
2947 3468 3163 3539 Sterilis,
3196 3477 3336 3535 erat,
3385 3470 3477 3525 lilii
3506 3481 3665 3530 sunt.

2082 3566 2168 3619 cui
2219 3574 2270 3620 et
2329 3563 2458 3618 illud
2513 3564 2688 3617 dicit:
2727 3559 2947 3617 «Dilata
2990 3561 3170 3616 locum
3227 3562 3442 3617 teutorii
3502 3564 3577 3618 tui
3617 3574 3672 3617 et

2095 3657 2574 3714 tabernaculorum
2628 3667 2863 3712 tuorum.
2890 3672 2910 3707 ι
2948 3653 3084 3710 Nam
3121 3654 3248 3725 quia
3278 3656 3418 3710 bona
3459 3668 3516 3710 et
3568 3672 3669 3711 nu—

2087 3770 2297 3810 tnerosa
2356 3753 2542 3810 sobole
2603 3761 2800 3824 praeter
2856 3749 3167 3822 opinionem
3241 3751 3468 3817 praedita
3534 3749 3669 3813 fuit,

2083 3856 2308 3914 accepto
2350 3847 2419 3901 de
2468 3846 2608 3901 cano
2645 3859 2898 3900 sermone
2948 3845 3064 3900 sive
3120 3857 3353 3913 sponso,
3404 3857 3661 3898 necessa-

2084 3941 2165 3994 rio
2225 3938 2444 4009 jubetur
2514 3935 2866 3991 tabernacula
2946 3948 3044 3990 sua
3100 3934 3154 3988 in
3207 3933 3546 3989 latitudinem
3612 3951 3670 3992 et

2083 4031 2468 4102 longitudinem
2520 4028 2835 4094 extendere,
2866 4037 2921 4082 et
2947 4027 3128 4082 clavos
3165 4026 3353 4098 ﬁgere,
3383 4038 3441 4080 ut
3475 4026 3664 4084 incon-

2080 4138 2297 4181 cussam
2355 4121 2612 4178 Ecclesia:
2673 4123 2918 4193 gentium
2969 4120 3142 4175 basim
3202 4121 3327 4175 inde
3372 4121 3661 4192 intelligas.

2081 4217 2413 4275 Pretentlere
2479 4215 2769 4280 funiculus,
2818 4215 3111 4285 spatiosam
3167 4223 3218 4269 et
3271 4213 3667 4287 incomparabi-

2082 4313 2207 4368 liter
2251 4311 2475 4367 divitem
2511 4319 2827 4366 sanctarum
2862 4307 3222 4363 Ecclesiarum
3257 4308 3665 4378 amplitudinem

2082 4403 2412 4467 subindicat,
2442 4401 2659 4457 etiamsi
2705 4400 2938 4471 primum
2972 4400 3259 4456 tentorium
3292 4400 3515 4455 omnino
3545 4416 3668 4472 par-

383 4484 699 4553 ὑποφαίνει,
731 4487 910 4541 καίτοι
942 4490 1041 4561 τῆς
1084 4490 1321 4562 ἀρχαίας
1352 4493 1557 4565 σκηνῆς
1596 4492 1784 4566 ὀλίγης
1806 4494 1974 4566 οὔσης

2084 4514 2209 4553 vum
2258 4493 2445 4561 fuerit,
2483 4504 2539 4551 et
2595 4496 2734 4551 atria
2798 4494 3053 4550 habuerit
3110 4494 3520 4566 augustissima.
3564 4494 3667 4549 Ve-

382 4576 688 4641 παντελῶς,
725 4578 821 4632 καὶ
852 4580 1181 4645 στενοτάτας
1212 4582 1445 4656 ἐχούσης
1477 4584 1667 4650 αὐλάς.
1703 4587 1848 4659 Πλὴν
1878 4591 1975 4643 καὶ

382 4667 446 4719 ἐν
474 4667 669 4738 ἐκείνῳ
706 4667 785 4739 τῷ
827 4673 1128 4743 τεχνήματι
1158 4674 1366 4728 κατίδοι
1394 4693 1476 4739 τις
1513 4674 1582 4731 ἂν
1618 4677 1694 4742 ὡς
1729 4678 1788 4733 ἐν
1819 4678 1975 4753 τύπῳ

384 4759 736 4833 γραφόμενον
782 4760 884 4837 τῆς
911 4761 972 4828 ἐξ
1016 4761 1185 4817 ἐθνῶν
1229 4766 1558 4837 Ἐκκλησίας
1608 4768 1671 4824 τὸ
1709 4772 1790 4835 είς
1816 4766 1975 4843 εὖρός

380 4865 448 4903 τε
490 4851 585 4904 καὶ
644 4852 822 4924 μῆκος
877 4852 1211 4925 ἀμφιλαφές.
1253 4857 1388 4931 Περὶ
1433 4861 1542 4933 γάρ
1583 4878 1666 4916 τοι
1715 4861 1814 4926 τὰς
1843 4864 1976 4918 δέκα

382 4940 559 5006 αὑλάς
584 4943 681 5008 τάς
712 4945 780 4998 ἐκ
806 4944 1010 5018 δέρεων
1042 4948 1300 5019 τριχίνων
1320 4953 1859 5025 κατεσκευασμένας,
1885 4956 1980 5009 αὺο

382 5032 479 5088 λαὶ
512 5034 776 5105 τετάχατο
803 5035 991 5109 κύκλῳ
1021 5038 1308 5113 τέσσαρες,
1341 5038 1453 5097 οἷον
1502 5046 1583 5110 είς
1625 5045 1855 5102 ἕκαστον
1881 5047 1983 5119 τῆς
2040 5040 2043 5047 ’

383 5125 716 5197 οίκουμένης
751 5127 1022 5199 τρέχουσα
1071 5131 1261 5203 μέρος,
1301 5134 1383 5199 είς
1416 5135 1593 5207 μῆκος
1633 5137 1734 5209 μὲν
1762 5138 1979 5202 ἑκατὸν,

388 5217 734 5288 πεντήκοντα
759 5219 816 5273 δὲ
845 5222 925 5284 είς
947 5221 1170 5288 πλάτος.
1212 5224 1312 5280 Διά
1336 5226 1497 5282 τοῦτό
1535 5242 1722 5300 φησιν·
1754 5230 1871 5285 Ἔτι
1901 5232 1984 5296 είς

386 5307 458 5361 τά
482 5308 634 5375 δεξιά
668 5311 767 5364 καὶ
790 5315 871 5376 είς
896 5317 966 5371 τά
994 5317 1259 5393 ἀριστερὰ
1308 5322 1642 5388 ἐκπέτασον,
1673 5312 1975 5390 τουτέστιν,

390 5399 425 5452 ἀ
438 5399 564 5453 πλού
572 5401 787 5457 σθωσαν
803 5410 1080 5480 πανταχοῦ
1096 5411 1167 5467 τά
1186 5413 1256 5468 σά
1271 5414 1845 5489 σχοινίσματα.Μεο-τὴ
1868 5416 1978 5490 γὰρ

391 5493 567 5559 ὰΥίων
601 5495 987 5573 Ἐκκλησιῶνή
1006 5503 1099 5557 ὑπ’
1127 5501 1377 5577 οὐρανὸν,
1408 5508 1515 5563 elei
1533 5507 1590 5561 δέ
1618 5507 1713 5563 καὶ
1740 5508 1976 5581 εὐμεγέ-

392 5584 533 5651 θεις,
561 5587 770 5660 εὐρείαί
791 5602 851 5645 τε
890 5593 987 5648 καὶ
1012 5595 1275 5667 εὐμήκεις
1305 5595 1607 5672 πανταχοῦ,
1654 5601 1748 5655 καὶ
1775 5601 1977 5668 παντὸς

2083 4601 2387 4647 rumtamen
2417 4589 2501 4646 vel
2553 4587 2608 4645 in
2665 4587 2757 4644 illo
2783 4587 3000 4656 opilicio
3034 4586 3217 4643 videre
3256 4587 3380 4642 licet
3409 4600 3665 4657 tanquam

2083 4685 2136 4740 in
2186 4683 2358 4755 ﬁgura
2405 4697 2471 4738 ac
2534 4692 2661 4754 typo
2711 4681 3035 4751 descriptam
3092 4679 3349 4736 Ecclesiae
3409 4680 3653 4748 gentium

2081 4775 2447 4838 latitudinem,
2481 4772 2871 4844 longitudinem
2928 4781 2983 4828 et
3016 4771 3316 4831 laxitatem.
3349 4768 3481 4826 Nam
3516 4771 3662 4826 circa

2083 4867 2267 4922 decem
2293 4865 2494 4922 aulaeas
2517 4863 2597 4937 (ι)
2621 4877 2687 4919 ex
2713 4862 2945 4934 pellibus
2974 4863 3208 4918 eilicinis
3228 4860 3531 4928 confectas,
3563 4879 3665 4917 an-

2083 4958 2149 5015 ιω
2179 4958 2371 5028 posin
2431 4963 2592 5012 erant
2651 4956 2895 5027 undique
2939 4966 3197 5024 quatuor,
3229 4953 3391 5011 veluti
3426 4954 3670 5025 singulas

2080 5042 2229 5105 orbis
2281 5058 2466 5120 partes
2511 5055 2784 5113 secantes,
2814 5046 3149 5120 longitudine
3193 5057 3438 5109 centum.
3479 5049 3664 5103 latitu—
3700 5089 3707 5093 .

2081 5141 2211 5198 dine
2274 5141 2690 5213 quinquaginta.
2760 5140 3060 5210 Propterea
3116 5140 3250 5196 dicit
3293 5154 3310 5195 :
3362 5140 3559 5196 Adhuc
3612 5143 3665 5197 in

2085 5233 2296 5289 dextris
2338 5233 2475 5289 etin
2527 5230 2765 5290 sinistris
2810 5233 3091 5304 expende,
3134 5233 3188 5287 id
3236 5244 3341 5298 est,
3386 5234 3668 5306 unde-quei-

2087 5339 2193 5396 que
2246 5322 2479 5381 funiculi
2524 5324 2601 5380 lui
2664 5325 3016 5394 amplienlur.
3059 5324 3258 5381 Plenus
3310 5337 3396 5382 est
3452 5333 3672 5382 san-ta-

2086 5430 2208 5483 rum
2258 5414 2631 5472 Ecclesiarum
2694 5416 2846 5472 orbis
2921 5422 3190 5474 terrarum
3221 5434 3237 5472 :
3269 5412 3469 5474 etenim
3537 5428 3670 5473 sunt

2084 5525 2301 5582 quoque
2369 5510 2506 5566 bene
2582 5522 2815 5580 magna,
2866 5512 3126 5583 spatiosa
3197 5522 3254 5568 et
3317 5512 3673 5582 ὕειιοιειοωκιιι

2088 5602 2330 5673 undique
2378 5610 2433 5659 et
2484 5601 2885 5674 pulcherrimae.
2916 5603 3016 5661 Sic‘
3057 5604 3202 5663 enim
3256 5606 3391 5662 dicit
3451 5608 3670 5662 univero

466 5759 545 5834 (l)
574 5760 749 5822 Locus
778 5770 1064 5839 obscurus,
1096 5785 1150 5829 et
1182 5776 1233 5828 ni
1265 5774 1424 5833 fallor
1455 5790 1768 5849 corruptus,
1798 5780 1972 5851 inquit
2015 5758 2344 5834 llunlredusi

718 5860 987 5925 l’nuon.
1019 5866 1140 5926 (in.
1189 5865 1351 5927 LXX

3300 5877 3374 5939 38
