4092 6296
545 321 690 379 N95
1004 317 1035 350 ⁹

1533 318 1592 374 S.
1611 319 1906 417 .CYRILLI
1946 320 2411 378 ALEXANDRINI
2453 320 2770 376 ARCIIIEP.

3659 326 3801 383 H95

545 450 727 492 eorum
742 434 908 502 Deus,
938 435 1134 505 templo
1159 432 1657 506 Hierosolymitano
1685 446 2104 508 exstructo,posl

2216 441 2295 502 εἰς
2321 439 2471 509 λῆξιν
2501 437 2673 492 ίοῦσαι
2699 437 2948 501 κάλλους.
2983 439 3140 492 Οὕτω
3169 437 3277 510 γάρ
3318 438 3421 492 πού
3457 455 3617 511 φησιν
3643 443 3672 493 ό
3691 443 3800 495 τῶν

545 528 777 596 primum
828 525 1079 583 manibus
1117 525 1462 596 Assyriorum
1494 537 1744 581 exustum
1777 546 1789 582 :
1829 546 1847 580 ι
1888 527 2020 594 Quis
2045 543 2112 584 ex

543 617 696 672 vobis
741 627 826 672 est
881 617 969 684 qui
1020 615 1152 668 vidit
1204 617 1422 670 domum
1470 616 1632 670 hanc
1673 617 1724 670 in
1789 617 1957 686 gloria
2011 634 2108 674 sua

544 701 764 778 priore?
795 703 861 757 Et
910 703 1178 772 quomodo
1225 719 1388 770 nunc,
1442 703 1636 774 inquit,
1671 707 1866 762 videtis
1917 709 2108 776 ipsam,

549 781 706 864 quasi
773 811 878 850 non
919 805 1066 852 esset
1102 796 1156 849 in
1179 797 1349 851 oculis
1383 798 1619 852 vestris?
1653 799 1786 854 Vivo
1827 815 1949 868 ego,
1983 800 2115 854 dicit

542 883 1001 955 Dominus:quia
1064 884 1238 954 major
1291 887 1396 942 erit
1451 887 1618 956 gloria
1687 888 1880 943 domus
1955 887 2113 954 hujus

542 978 770 1044 ultimae,
825 992 986 1046 quam
1064 977 1276 1046 primm,
1329 978 1461 1033 dicit
1523 979 1782 1033 Dominus
1848 979 2110 1048 omnipo-

545 1079 663 1124 tens
684 1067 784 1123 ".r
821 1066 954 1122 Nam
998 1068 1196 1136 templo
1217 1069 1360 1138 quod
1387 1069 1775 1140 Hierosolymis
1806 1067 1907 1122 l‘uit
1942 1068 2110 1122 multo

542 1162 693 1228 plura
725 1169 781 1214 et
831 1157 1169 1228 opulentiora
1225 1173 1323 1228 per
1382 1160 1694 1214 universum
1756 1159 1941 1214 orbem
1998 1167 2110 1213 ter-

539 1266 722 1307 rarum
777 1249 1042 1306 mdiﬁcata
1098 1260 1229 1308 sunt
1273 1251 1492 1320 templa,
1548 1252 1600 1306 id
1661 1260 1775 1317 est,
1827 1250 2106 1318 ecclesiae,

539 1344 803 1399 habentes
879 1343 1051 1397 altare
1129 1342 1182 1396 in
1236 1341 1459 1411 gloriam
1525 1340 1731 1396 Christi
1800 1350 2107 1411 augustum.

539 1435 709 1488 Dilata
751 1434 935 1502 igitur,
968 1433 1163 1502 inquit,
1196 1432 1373 1486 locum
1421 1433 1636 1486 tentorii
1696 1431 1796 1496 tui,
1841 1439 1894 1484 et
1923 1433 2110 1485 taber-

539 1524 858 1578 naculorum
939 1531 1173 1576 tuorum.
1239 1519 1435 1574 Semen
1509 1521 1653 1573 enim
1715 1530 1862 1574 tuum
1924 1529 2110 1588 gentes

539 1615 870 1686 possidebit,
897 1624 952 1668 et
977 1614 1228 1668 civitates
1259 1620 1500 1668 vastatas
1546 1614 1900 1668 inhabitabis.
1936 1614 2112 1667 Pluri-

538 1723 748 1762 nmrum
787 1721 1026 1775 namque
1069 1707 1305 1758 virorum
1356 1715 1667 1759 sanctorum
1715 1705 1882 1775 758
1930 1715 1984 1759 et
2014 1705 2110 1760 bo-

2213 531 2348 584 ὃλων
2378 529 2508 592 Θεὸς
2555 528 2927 598 ὲγηγερμένου
2975 528 3065 582 τοῦ
3102 528 3232 584 ναοῦ
3268 528 3366 582 τοῦ
3407 531 3465 582 ἐν
3505 530 3798 602 Ἰεροσολύ-

2210 636 2357 690 μοις,
2399 620 2540 689 μετά
2580 636 2641 686 γε
2676 619 2738 672 τὸ
2769 619 2859 672 διὰ
2901 621 2999 689 τῆς
3045 621 3346 689 Ἀσσυριων
3385 620 3566 690 χειρὸς
3592 639 3799 693 κατεμ-

2214 711 2522 780 πρησθῆναι
2577 709 2669 762 τὸν
2715 710 3098 780 πρῶτον.‹Τίς
3131 711 3192 774 ἐξ
3235 712 3409 781 ὑμῶν,
3437 713 3496 776 ὃς
3546 709 3653 766 εἶδε
3706 715 3797 767 τὸν

2213 796 2360 854 οἷκον
2397 800 2586 854 τοῦτον
2630 803 2687 853 ὲν
2735 803 2801 870 τῇ
2837 801 2967 872 δόξῃ
3008 801 3172 854 αὑτοῦ
3201 805 3266 873 τῇ
3311 802 3657 874 ἐμπροσθενς
3688 807 3798 860 Καὶ

2213 891 2332 954 πῶς
2356 891 2470 955 νῦν,
2506 891 2690 960 φησὶν,
2719 892 2885 961 ὁρᾶτε
2915 890 3100 956 αὑτὸν,
3132 891 3314 955 καθὼς
3348 893 3447 962 οὐχ
3483 894 3799 965 ὑπάρχοντα

2213 982 2441 1036 ἐνώπιον
2479 982 2654 1052 ὑμῶν;
2736 983 2822 1036 Ζῶ
2855 981 2988 1051 ἐγὼ,
3013 983 3164 1050 λέγει
3207 983 3428 1054 Κύριος,
3459 985 3542 1038 ὅτι
3581 987 3796 1057 μεγάλη

2212 1077 2363 1130 ἔσται
2393 1079 2426 1146 ή
2459 1077 2587 1142 δόξα
2615 1075 2710 1129 τοῦ
2758 1077 2907 1129 οἴκου
2953 1076 3168 1140 τούτου,
3199 1077 3232 1146 ή
3270 1075 3470 1146 ἐσχάτη
3506 1077 3647 1147 ὑπὲρ
3693 1079 3798 1148 τὴν

2214 1165 2457 1239 πρώτην,
2477 1167 2624 1235 λέγει
2648 1167 2851 1238 Κύριος
2874 1167 3289 1238 παντοκράτωρ.
3312 1166 3447 1219 »Τοῦ
3473 1167 3582 1236 γὰρ
3605 1169 3665 1221 ὲν
3685 1171 3798 1232 τοῖς

2225 1257 2616 1330 Ἰεροσολύμοις
2642 1258 2793 1320 ὄντος
2838 1257 2990 1322 ναοῦ,
3023 1256 3203 1326 πολλῷ
3239 1257 3476 1327 μείζους,
3504 1259 3599 1311 καὶ
3632 1258 3794 1311 πλού-

2214 1364 2317 1400 σιοι
2343 1349 2479 1400 κατὰ
2515 1349 2687 1401 πᾶσαν
2721 1348 2818 1417 τὴν
2867 1348 2958 1400 ὑπ’
3002 1346 3229 1417 οὐρανὸν
3267 1345 3608 1416 ὠρθώθησαν
3655 1347 3793 1410 ναοὶ,

2211 1439 2486 1491 τουτέστιν
2538 1437 2850 1508 ἐκκλησίαι,
2891 1437 2952 1489 τὸ
2992 1437 3187 1488 σεπτὸν
3226 1436 3446 1506 ἔχουσαι
3497 1437 3797 1507 θυσιαστή-

2215 1547 2325 1600 ριον
2357 1532 2434 1594 είς
2478 1529 2634 1596 δόξαν
2664 1527 2920 1598 Χριστοῦ.
2968 1527 3240 1580 Πλὰτυνον
3268 1526 3332 1598 δὴ
3372 1523 3487 1591 οὖν,
3515 1528 3670 1598 φησὶ,
3703 1529 3795 1580 τὸν

2210 1621 2373 1675 τόπον
2400 1621 2496 1692 τῆς
2533 1621 2737 1690 σκηνῆς
2767 1636 2860 1672 σου
2909 1619 3004 1671 καὶ
3029 1617 3135 1670 τῶν
3166 1617 3404 1670 αὑλαιῶν
3437 1635 3555 1673 σου.
3587 1619 3662 1670 Τὸ
3687 1619 3796 1688 γὰρ

2213 1709 2436 1780 σπέρμα
2468 1725 2561 1760 σου
2600 1709 2726 1778 ἔθνη
2764 1707 3186 1777 κληρονομήσει,
3218 1707 3313 1759 καὶ
3343 1706 3526 1769 πόλεις
3561 1707 3797 1777 ἡρημωο

538 1815 730 1854 norum
804 1809 976 1853 mater
1041 1801 1221 1850 nutrix
1267 1796 1506 1850 Ecclesia
1563 1797 1804 1867 gentium
1837 1792 1996 1862 ‘l‘uit,
2045 1811 2104 1851 ac

2216 1798 2383 1870 μένας
2422 1801 2737 1860 κατοικιείς.
2776 1798 3050 1850 Πλείστων
3091 1800 3190 1867 μὲν
3239 1796 3350 1867 γὰρ
3397 1798 3537 1850 ὅσων
3583 1797 3795 1867 ἀνδρῶν

542 1891 743 1945 multos
793 1889 1064 1958 principes
1109 1887 1608 1956 atque.praefectos
1649 1888 1967 1956 populorum
2009 1900 2105 1956 pe-

538 1981 886 2054 perit:adeo
936 1988 992 2033 ut
1058 1978 1240 2032 multis
1282 1978 1534 2047 gentibus
1595 1978 1986 2043 dominaretur,
2041 1989 2108 2032 eo

536 2074 677 2143 quod
756 2071 1018 2124 illibatum
1089 2068 1438 2140 mystagogiae
1513 2082 1818 2122 sermonem
1894 2068 2109 2124 tradere

525 2162 727 2233 potuit,
765 2171 820 2216 et
875 2159 1104 2214 artilicio
1155 2159 1415 2229 pascendi
1473 2173 1579 2213 non
1657 2159 1854 2212 caruit.
1901 2159 2107 2225 Quibus

526 2259 696 2311 etiam
740 2257 854 2325 ipse
881 2253 1160 2320 Servator,
1197 2262 1260 2306 ut
1295 2251 1387 2320 qui
1424 2251 1695 2306 laudatam
1719 2260 1771 2306 et
1825 2253 2107 2320 probatam

536 2349 697 2401 vitam
745 2349 1117 2412 traduxerant,
1151 2352 1350 2400 sortem
1419 2343 1699 2413 promittit,
1731 2350 1785 2396 et
1845 2343 1897 2395 in
1948 2356 2109 2397 omne

528 2451 749 2508 tempus
805 2436 1044 2491 futurum
1097 2435 1386 2504 imperium
1434 2433 1772 2504 p0pulorum.
1815 2431 2027 2487 Etenim
2051 2431 2104 2486 in

537 2531 857 2584 talentorum
903 2526 1301 2590 distributione,
1350 2525 1435 2579 his
1462 2525 1551 2592 qui
1604 2523 2106 2592 duplicatumattu-

536 2625 713 2677 lerunt
755 2620 896 2691 quod
945 2621 1132 2674 datum
1184 2628 1344 2672 erat:
1381 2636 1403 2669 ‹
1433 2616 1606 2685 Supra
1636 2615 1821 2670 decem
1859 2615 2106 2694 civitates

531 2715 646 2770 eris
675 2713 744 2778 ’³,
783 2732 802 2764 r
837 2713 1044 2780 inquit;
1078 2709 1230 2763 alteri
1265 2725 1321 2761 :i
1356 2708 1472 2762 Eris
1520 2722 1682 2776 supra
1713 2707 1953 2774 quinque
1981 2706 2106 2758 civi-

541 2817 681 2860 tates
709 2804 778 2857 ”.
810 2821 830 2854 ›
862 2801 1056 2857 Semen
1117 2813 1246 2870 ergo
1294 2809 1442 2852 tutnn
1489 2796 1832 2851 haereditario
1873 2796 2108 2866 posside-

495 2883 615 2951 ibit
669 2904 876 2966 gentes.
932 2891 1236 2947 Uonvenire
1287 2899 1465 2958 potest
1519 2893 1643 2952 hoc,
1704 2891 1917 2956 utijam
1962 2888 2099 2954 dixi,

535 2985 806 3059 praefectis
857 2983 1242 3047 Ecclesiarum,
1277 2982 1366 3050 qui
1411 2983 1574 3034 etiam
1607 2994 1718 3048 prae
1761 2995 1954 3050 magno
1979 2995 2108 3049 gau-

536 3081 626 3136 dio
665 3079 849 3133 dicunt
875 3093 888 3128 :
928 3094 948 3126 ι
981 3074 1223 3142 Sulijeeit
1256 3072 1480 3142 papulos
1510 3073 1684 3136 nobis,
1712 3082 1764 3126 et
1795 3081 1982 3142 gentes
2008 3087 2102 3142 pe-

2207 1891 2378 1957 ἁγίων
2419 1889 2514 1942 καὶ
2552 1889 2774 1958 ἀγαθῶν
2823 1891 3005 1960 μήτηρ
3052 1889 3147 1941 καὶ
3198 1887 3398 1957 τροφὸς
3437 1890 3470 1958 η
3518 1887 3576 1954 ἐξ
3623 1888 3795 1941 ἐθνῶν

2209 1983 2431 2050 γέγονεν
2471 1980 2791 2051 Ἐκκλησία,
2841 1980 3093 2032 ὲκτέτοκε
3137 1977 3196 2032 δὲ
3253 1978 3480 2042 πολλοὺς
3527 1979 3794 2049 ἄρχοντάς

2205 2091 2268 2126 τε
2300 2073 2394 2126 καὶ
2433 2073 2770 2144 ἡγουμένους
2816 2071 2991 2125 λαῶν·
3023 2070 3163 2124 ὥστε
3198 2071 3290 2124 καὶ
3323 2070 3492 2123 ἐθνῶν
3530 2071 3792 2142 καθηγεῖ-

2209 2163 2331 2218 σθαι
2365 2163 2599 2226 πολλῶν,
2633 2162 2721 2215 διά
2745 2179 2828 2215 τοι
2854 2163 2914 2214 τὸ
2945 2162 3201 2215 δύνασθαι
3236 2162 3326 2215 τὸν
3360 2162 3661 2232 ἀμώμητον
3692 2166 3794 2234 τῆς

2215 2254 2602 2324 μυσταγωγίας
2641 2251 2913 2305 ποιεῖσθαι
2955 2251 3132 2320 λόγον,
3161 2253 3258 2306 καὶ
3289 2253 3610 2323 ποιμνικῆς
3637 2253 3790 2306 εὐτε-

2207 2347 2362 2416 χνίας
2395 2347 2494 2399 οὐκ
2520 2347 2788 2416 ἀμοιρεῖν.
2837 2341 2931 2409 Οἷς
2958 2347 3052 2398 καὶ
3086 2345 3249 2408 αὐτὸς
3286 2348 3314 2398 ὁ
3342 2348 3558 2417 Σωτὴρ,
3586 2347 3680 2400 ἆτε
3725 2347 3792 2418 δὴ

2205 2439 2304 2507 τὴν
2329 2437 2525 2490 εὐκλεᾶ
2554 2437 2646 2488 καὶ
2675 2435 2958 2506 εὐδόκιμον
2985 2436 3376 2506 κατωρθωκόσι
3401 2437 3573 2507 ζωὴν,
3592 2437 3793 2508 κλῆρον

2207 2526 2624 2594 ἐπαγγέλλεται,
2658 2527 2753 2579 καὶ
2783 2528 2863 2589 είς
2917 2527 3090 2580 αἰῶνα
3114 2527 3203 2578 τὸν
3264 2525 3526 2595 μέλλοντα
3559 2527 3620 2578 τὸ
3659 2528 3794 2580 καθ-

2207 2619 2454 2689 ηγείσθαι
2485 2617 2648 2671 λαῶν.
2669 2617 2757 2670 Ἐν
2775 2618 2882 2688 γάρ
2905 2635 2986 2669 τοι
3008 2620 3082 2687 ,τῇ
3109 2616 3216 2670 τῶν
3244 2616 3521 2670 ταλάντων
3539 2617 3792 2690 διανομῇ,

2205 2715 2317 2772 τοῖς
2351 2710 2716 2778 προσάγουσιν
2770 2711 2829 2760 ὲν
2869 2708 3039 2778 διπλῷ
3069 2709 3126 2760 τὸ
3168 2707 3338 2770 δοθὲν,
3371 2725 3389 2758 t
3418 2707 3572 2772 Ἐσο,
3607 2710 3792 2779 φησὶν,

2207 2803 2392 2854 ἐπάνω
2415 2803 2546 2854 δέκα
2569 2800 2796 2853 πόλεων·
2827 2800 3026 2870 »ἑτέρῳ
3047 2799 3103 2852 δὲ
3126 2795 3246 2860 αῦ,ι
3263 2799 3394 2850 "Eoo
3411 2800 3598 2852 ἐπάνω
3631 2801 3792 2853 πέντε

2207 2893 2468 2944 πόλεων.δ
2499 2890 2706 2944 Οὐκοῦν
2736 2890 2865 2960 ἒθνη
2912 2890 3309 2960 κληρονομήσει
3338 2889 3398 2941 τὸ
3419 2890 3646 2960 σπέρμα
3675 2908 3788 2944 σου.

2207 2984 2414 3054 Πρέποι
2433 2983 2477 3036 δ’
2507 2983 2571 3035 ἂν
2593 2983 2769 3045 τοῦτο,
2802 2981 3055 3051 καθάπερ
3081 2980 3216 3049 ἔφην
3241 2980 3466 3052 ἀρτίως,
3492 2984 3604 3045 τοῖς
3626 2985 3790 3052 ἡγου-

2213 3075 2393 3146 μένοις
2421 3073 2619 3145 Ἐκκλη
2629 3074 2774 3138 σιῶν,
2795 3073 2843 3125 οἳ
2858 3072 2922 3142 δὴ
2940 3073 3031 3125 καί
3050 3088 3211 3140 φασιν
3233 3073 3295 3125 ἐκ
3319 3075 3676 3144 περιχαρείας
3694 3075 3791 3143 τῆς

535 3169 695 3224 dibus
725 3167 951 3222 nostris.
985 3167 1158 3236 Elegit
1210 3167 1363 3220 nobis
1397 3166 1766 3220 brereditatem
1803 3179 1957 3220 suam
1981 3164 2100 3216 ω.»

2211 3131 2409 3236 δγανίι
2441 3131 2702 3230 ’Υπέτοιξε
2715 3131 2877 3227 λαοὺς
2910 3131 3178 3234 ημίνξκαὶ
3204 3163 3332 3233 ἔθνη
3362 3131 3608 3228 τοὺς

533 3262 820 3318 Sorsenim
861 3268 944 3316 est
984 3273 1102 3328 quae
1124 3258 1224 3314 soli
1241 3267 1304 3313 et
1321 3273 1443 3313 vere
1463 3258 1919 3326 quadrathristo
1944 3255 2108 3310 maxi-

535 3367 644 3414 me,
689 3364 925 3420 pra'esse
962 3348 1247 3401 universis.
1275 3346 1567 3415 PrOpterea
1605 3346 1858 3414 praecepit
1900 3346 2102 3408 dicere,

537 3439 971 3507 Rabbi,ncnrini:
1005 3455 1022 3488 ι
1050 3436 1202 3494 Unus
1221 3438 1366 3491 enim
1385 3446 1488 3501 est,
1522 3454 1539 3486 ι
1563 3435 1785 3504 inquit,c
1811 3443 2106 3504 praeceptor

435 3559 437 3562 ‹
535 3543 709 3584 vcs1er
731 3527 1095 3582 Christus”“.
1113 3525 1248 3581 rSed
1266 3527 1714 3595 quemadmodum
1735 3542 1856 3580 cum
1880 3527 1993 3596 ipse
2014 3526 2103 3579 lux

533 3624 605 3676 sit
659 3635 805 3686 vera,
832 3619 1006 3674 lucem
1029 3621 1236 3674 vocavit
1265 3628 1480 3672 sanctos
1505 3618 1794 3685 apostolos,
1820 3627 1875 3671 et
1901 3627 1958 3671 ut
1990 3618 2106 3685 ipse

531 3724 728 3768 natura
768 3723 821 3767 et
857 3711 1006 3767 solus
1040 3727 1167 3766 vere
1203 3710 1370 3766 Filius
1393 3751 1409 3775 ,
1459 3711 1638 3764 nobis.
1668 3709 1719 3764 in
1765 3709 1937 3780 ipsum
1983 3726 2103 3765 cre-

531 3805 784 3861 dentibus
823 3810 1142 3874 potestatem
1186 3801 1332 3855 dedit
1365 3799 1581 3854 Patrem
1625 3801 1853 3854 vocandi
1909 3799 2101 3867 Deum,

531 3901 714 3965 utpote
750 3892 842 3962 qui
887 3893 1145 3963 dignitate
1180 3890 1301 3944 Filii
1345 3890 1734 3961 locupletamur
1766 3909 1779 3944 :
1822 3893 1902 3947 sic
1938 3892 2100 3947 etiam

529 3987 645 4054 ipse
709 4000 830 4040 cum
890 3987 964 4039 sit
1017 3986 1390 4040 universorum
1437 3991 1849 4055 praeceptor,et
1909 3987 2100 4039 sortito

530 4076 729 4130 habeat
757 4075 1250 4138 orbemterrarum,
1277 4074 1378 4128 hoc
1401 4073 1547 4128 dedit
1576 4073 1798 4138 sanctis,
1825 4087 1920 4128 eos
1942 4087 2102 4130 coro-

529 4183 667 4222 nans
720 4182 815 4222 sua
865 4167 1056 4237 gloria,
1095 4166 1222 4236 quia
1272 4165 1442 4236 ipsius
1513 4164 1811 4235 cooperarii
1873 4166 2099 4221 exstite-

532 4261 657 4324 rint,
684 4269 738 4313 et
775 4259 994 4330 ingenui
1057 4273 1121 4312 ac
1164 4257 1404 4329 germani
1445 4256 1760 4326 populorum
1796 4258 2100 4311 moderato-

529 4365 640 4412 res,
671 4349 869 4403 multos
907 4349 1105 4402 lucrati
1151 4347 1368 4413 fuerint,
1397 4346 1642 4400 abductis
1692 4345 1776 4400 his
1824 4361 1919 4415 per
1940 4345 2097 4401 fidem

2212 3258 2400 3328 ἡμῶν.
2451 3256 2758 3322 Ἐξελέξατο
2799 3256 2930 3325 ἡμῖν
2973 3254 3071 3324 τὴν
3118 3253 3484 3325 κληρονομίαν
3541 3256 3733 3308 ἑαυτοῦ
3767 3275 3784 3306 r

2216 3347 2332 3414 Κλῆ
2343 3361 2431 3415 ρος
2471 3344 2568 3414 μὲν
2604 3345 2712 3412 γὰρ
2737 3346 2764 3396 ὁ
2800 3344 2948 3414 μόνῳ
2977 3343 3073 3395 καὶ
3097 3341 3312 3412 ἀληθῶς
3339 3344 3788 3411 πρεπωδέστατος

2215 3435 2432 3506 Χριστῷ
2451 3435 2506 3488 τὸ
2520 3435 2874 3503 καθηγεῖσθαι
2891 3435 3001 3487 τῶν
3024 3433 3217 3487 ἄλλων.
3237 3435 3335 3486 Διὰ
3349 3433 3603 3487 τοῦτοκαὶ
3621 3452 3789 3506 προσ-

2209 3527 2400 3596 τέταχε
2420 3527 2608 3597 μηδενὶ
2628 3527 2807 3595 λέγειν
2826 3544 2840 3556 ·
2877 3526 3064 3579 Ῥα66ί
3079 3542 3096 3557 ο
3124 3544 3141 3576 ι
3166 3522 3259 3588 Εἷς
3276 3527 3375 3595 γάρ
3396 3527 3529 3588 ἐστι,
3543 3545 3562 3576 ι
3592 3529 3784 3595 φησὶν,

2217 3636 2234 3668 ι
2266 3617 2418 3688 ὑμῶν
2431 3617 2746 3688 καθηγητὴς
2762 3620 2788 3670 ό
2807 3619 3059 3688 Χριστός.
3075 3636 3093 3668 r
3113 3616 3256 3669 Ἀλλ’
3271 3616 3450 3686 ῶσπερ
3465 3617 3576 3685 φῶς
3593 3618 3777 3688 ὑπάρ-

2207 3729 2318 3781 χων
2357 3710 2517 3773 αὐτὸς
2559 3711 2618 3762 τὸ
2664 3709 2940 3781 ἀληθινὸν,
2988 3709 3104 3778 φῶς
3152 3710 3378 3763 ἐκάλεσε
3425 3711 3544 3772 τοὺς
3592 3710 3784 3776 ἁγίους

2208 3801 2568 3866 ἀποστόλους,
2609 3801 2705 3854 καὶ
2749 3800 2936 3873 ὥσπερ
2977 3799 3137 3863 αὐτὸς
3180 3799 3255 3852 ῶν
3289 3799 3450 3868 φύσει
3489 3801 3580 3852 καὶ
3625 3801 3787 3870 μόνος

2207 3892 2421 3964 ἀληθῶς
2445 3892 2592 3956 Υἱὸς,
2611 3892 2840 3945 δέδωκεν
2868 3893 2999 3961 ἡμῖν
3025 3891 3271 3958 ἐξουσίαν
3291 3896 3404 3956 τοῖς
3439 3891 3787 3945 πιστεύσασιν

2208 3985 2285 4048 είς
2311 3985 2495 4044 αὑτὸν.
2532 3985 2752 4056 Πατέρα
2781 3983 2964 4036 καλεῖν
3010 3984 3100 4036 τὸν
3141 3985 3292 4051 Θεὸν,
3345 3985 3441 4038 ἆτε
3494 3983 3558 4053 δὴ
3582 3985 3641 4036 τὸ
3685 3985 3785 4052 τῆς

2214 4078 2457 4148 υίότητος
2490 4075 2812 4130 πλουτοῦσιν
2853 4076 3100 4147 ἀξίωμαο
3126 4077 3269 4129 οὕτω
3301 4077 3397 4129 καὶ
3429 4075 3592 4139 αὐτὸς
3615 4076 3787 4145 ὐπάρο

2207 4182 2315 4235 χων
2344 4165 2450 4219 τῶν
2477 4165 2614 4219 ὅλων
2646 4166 2985 4236 καθηγητὴς,
3034 4166 3130 4218 καὶ
3166 4166 3368 4236 κλῆρον
3397 4165 3537 4234 ἔχων
3569 4165 3666 4233 τὴν
3694 4164 3782 4215 ὑπ’

2206 4256 2454 4326 οὐρανὸν,
2483 4256 2682 4309 δέδωκε
2719 4259 2832 4320 τοῖς
2868 4257 3045 4324 ἁγίοις
3072 4257 3134 4310 τὸ
3177 4260 3387 4328 χρῆμα,
3415 4255 3541 4328 δόξῃ
3567 4257 3634 4325 τῇ
3679 4254 3782 4324 ἰδίᾳ

2209 4347 2487 4418 στεφανῶν
2535 4347 2732 4411 αὐτούς
2753 4363 2768 4376 θ
2802 4349 2884 4400 ὅτι
2923 4348 3249 4420 συνεργάται
3281 4348 3567 4416 γεγόνασιν
3597 4345 3778 4409 αὑτοῦ,

525 4443 620 4513 qui
660 4451 965 4494 creaturam
1032 4455 1192 4509 supra
1259 4439 1434 4508 ipsum
1493 4437 1798 4500 coluerunt,
1838 4446 1892 4491 et
1956 4439 2096 4492 viam

2209 4439 2301 4491 καὶ
2342 4440 2553 4508 γνήσιοι
2604 4438 2747 4491 λαῶν
2795 4438 3092 4509 κηδεμόνες
3145 4437 3507 4508 κεκερδήκασι
3533 4436 3776 4498 πολλοὺς,

527 4530 851 4608 ρτωειυὸίιῑε
877 4531 1004 4585 vita:
1056 4545 1160 4584 non
1195 4530 1532 4600 ignorarunt.
1581 4525 1715 4582 Illud
1753 4543 1914 4594 vero,
1953 4528 2098 4583 Civi-

530 4636 666 4678 tates
691 4633 928 4677 vastatas
953 4621 1304 4687 inhabitabis,
1332 4619 1412 4674 sic
1436 4617 1728 4689 intelliges:
1751 4617 1924 4673 Tanta
1953 4621 2096 4674 enim

527 4718 719 4786 inquit,
783 4713 1072 4769 multitudo
1136 4713 1362 4769 seminis
1407 4713 1482 4765 tui
1539 4711 1679 4777 erit,
1732 4719 1794 4765 ut
1848 4711 2098 4768 civitates

525 4809 694 4872 plena:
737 4804 1136 4860 habitatoribus
1172 4818 1281 4858 non
1321 4799 1664 4867 suﬁ‘ecerint,
1690 4800 1782 4856 sed
1825 4811 1882 4855 ut
1914 4813 2097 4858 vastas

529 4897 738 4968 replere
771 4897 994 4966 possint.

2207 4531 2673 4601 προσκομίσαντες
2727 4529 2875 4599 αὐτῷ
2923 4529 3012 4583 διὰ
3057 4530 3293 4592 πίστεως
3339 4530 3464 4590 τοῦς
3500 4531 3564 4598 τῇ
3612 4529 3785 4581 κτίσει

2206 4623 2336 4692 παρ’
2384 4623 2543 4675 αὑτὸν
2578 4621 3004 4692 λατρεύσαντας,
3057 4621 3278 4690 καὶτῆς
3311 4620 3593 4691 ἐξαιρέτου
3642 4617 3783 4686 ζωῆς

2203 4713 2304 4766 οὐκ
2344 4712 2550 4775 εἰδότας
2582 4712 2681 4782 τὴν
2707 4711 2842 4764 ὁδόν.
2881 4712 2952 4764 Τὸ
2981 4711 3039 4763 δέ
3060 4727 3144 4779 γε,
3183 4711 3372 4772 Πόλεις
3413 4711 3784 4779 ἠρημωμένας

2201 4805 2531 4866 κατοικιεῖς,
2597 4802 2820 4856 τοιῶσδε
2862 4803 3135 4873 συνήσεις·
3166 4800 3414 4867 Τοσαύτη
3463 4800 3572 4869 γὰρ
3607 4800 3780 4861 ἔσται,

2203 4896 2359 4965 φησὶ,
2411 4891 2504 4945 τοῦ
2557 4892 2648 4945 σοῦ
2716 4892 3029 4964 σπέρματος
3071 4891 3104 4961 ἡ
3169 4891 3418 4960 πληθὺς,
3459 4889 3600 4942 ὥστε
3648 4888 3780 4958 μηδὲ

522 4988 754 5058 ἀρκέσαι
817 4986 914 5050 τὰς
971 4985 1152 5048 πόλεις
1197 4984 1396 5047 αὐτοῖς,
1434 4980 1528 5045 τὰς
1570 4980 1678 5034 τῶν
1747 4982 2046 5052 οἰκητόρων
2095 4985 2545 5056 μεμεστωμένας,
2603 4981 2737 5036 ἀλλὰ
2774 4980 2883 5052 γὰρ
2937 4981 3030 5034 καὶ
3082 4980 3183 5042 τὰς
3232 4980 3475 5049 ἐρήμους
3524 4975 3779 5030 δύνασθαι

522 5075 786 5147 πληροῦν.

596 5210 836 5273 νηλέι,
865 5207 919 5264 5.
958 5205 1084 5262 Noli
1119 5205 1320 5266 timere,
1370 5203 1494 5272 quia
1550 5201 1771 5270 confusa
1804 5218 1856 5255 es
1884 5218 1903 5255 :
1934 5219 2094 5274 neque

522 5304 887 5378 confundam,
917 5299 1040 5369 quia
1102 5294 1473 5365 exprobratum
1526 5295 1621 5346 tibi
1663 5306 1784 5348 est:
1825 5294 2097 5363 confusio-

524 5418 637 5454 nem
685 5399 822 5454 enim
870 5405 1123 5450 a'ternam
1173 5389 1510 5452 oblirisccris,
1549 5401 1596 5442 et
1638 5389 1899 5457 approbrii
1929 5391 2097 5443 vidui-

520 5495 647 5548 tatis
691 5505 794 5545 tua:
853 5505 953 5542 nou
1002 5483 1396 5546 recordaberis;
1427 5481 1550 5548 quia
1609 5478 1864 5534 Dominus
1896 5481 1984 5551 qui
2015 5480 2096 5547 fa-

2271 5207 2366 5275 Μὶρ
2400 5208 2608 5275 φοϐοῦ,
2648 5208 2738 5262 ὅτι
2786 5208 3234 5274 κατῃσχύνθης,
3263 5203 3421 5273 μηδὲ
3452 5202 3776 5270 ὲντραπῇς,

2199 5297 2287 5351 ὅτι
2319 5300 2674 5366 ιὺνειδίσθης
2699 5316 2712 5329 °
2738 5299 2827 5354 ὅτι
2875 5300 3177 5367 αἰσχύνην
3214 5297 3456 5350 αἰώνιον
3487 5292 3776 5358 ἐπιλήσῃ,

2197 5390 2298 5444 καί
2350 5389 2415 5444 τὸ
2457 5389 2686 5456 ὄνειδος
2742 5390 2854 5459 τῆς
2909 5393 3154 5460 χηρειάς
3213 5406 3330 5444 σου
3372 5389 3445 5440 οὐ
3489 5386 3577 5455 μὴ
3627 5401 3777 5454 pri].

2198 5479 2432 5548 σθήστΓ
2467 5480 2554 5534 ὅτι
2601 5483 2816 5549 Κύριος
2850 5485 2881 5534 d
2920 5479 3107 5534 ποιῶν
3155 5495 3249 5547 σε,
3287 5481 3502 5546 Κύριος
3541 5474 3779 5530 Σαϐαὼθ

591 5715 637 5748 ’³
670 5712 1084 5782 Λςις.,ιι,4,10.
1175 5712 1220 5745 ’⁸
1261 5711 1388 5767 Luc.
1422 5728 1534 5778 nx,
1561 5711 1643 5765 17.
1721 5712 1768 5742 ³⁸
1809 5708 1942 5764 ibid.
1980 5707 2062 5762 19.

2240 5705 2380 5762 Psal.
2413 5725 2555 5776 aut,
2588 5711 2639 5776 4,
2667 5711 2719 5764 5.
2757 5709 2843 5741 ⁸⁸⁸⁸
2878 5709 3062 5763 Matth.
3103 5722 3260 5773 nm,
3300 5706 3352 5760 8.
