4092 6296
475 350 500 405 ί
511 349 614 407 199

1465 351 1522 406 3.
1564 348 1836 407 CYRILLI
1879 347 2349 406 ALEXANDBINI
2393 348 2714 406 ARCHIEP.

3593 349 3734 406 {200

474 463 923 518 'l‘ransmutamur
961 463 1102 516 enim
1141 462 1192 516 in
1225 461 1440 517 Christo
1481 462 1549 516 ad
1590 462 1882 517 novitatem
1923 461 2044 514 vit-:e

2152 445 2560 531 σωιχειοῗὺμεθα
2601 459 2711 531 γὰρ
2761 460 2818 512 ἐν
2868 459 3088 530 Χριστῷ
3120 461 3198 524 εἰς
3250 457 3544 529 καινότητα
3590 455 3737 526 ζωῆς

473 564 674 608 sancta:
711 567 775 608 ac
825 553 1166 622 evangelicm,
1205 553 1608 608 auliolesceutes
1658 553 1722 607 ad
1772 552 1888 622 ejus
1937 552 2047 606 for-

397 699 406 707 κ
475 660 575 698 ιιιιο
624 643 1072 712 pulchritudinem
1099 658 1194 711 per
1223 641 1471 712 spiritum
1495 652 1591 706 ,ut
1636 643 1891 710 deinceps
1950 655 2047 695 nos

473 737 562 789 alii
593 751 656 788 cx
692 733 809 788 aliis
845 734 1142 788 videamttr.
1184 733 1329 786 Dixit
1388 734 1640 787 nimirum
1679 733 1744 788 de
1798 732 2048 801 gentibus

474 841 606 880 voce
659 826 999 881 Ezechielis:
1055 845 1072 878 ι
1112 828 1350 882 Evcllam
1385 841 1479 880 cor
1510 840 1698 880 eorum
1767 825 2044 894 lapideum

469 936 500 972 a
566 935 730 974 carne
795 935 1006 985 eorum,
1045 920 1288 974 et‘daho
1351 917 1457 973 illis
1503 932 1598 971 cor
1652 931 1930 980 carneum,
1988 923 2048 969 ut

475 1030 559 1067 me
606 1021 964 1082 cognoscant,
1007 1013 1149 1080 quod
1202 1027 1303 1080 ego
1361 1010 1461 1064 sim
1514 1009 1769 1063 Dominus
1803 1009 1877 1062 ¹.ι
1909 1006 2048 1061 Ven-

474 1117 648 1158 turam
684 1115 864 1158 autem
885 1115 1102 1159 mtatem
1137 1115 1189 1158 et
1219 1102 1473 1172 populum
1516 1102 1830 1162 creandum,
1865 1114 1958 1152 eos
1982 1113 2047 1152 ex

470 1197 719 1266 gentibus
760 1212 902 1266 saepe
946 1197 1188 1250 nominat
1219 1196 1430 1250 divinus
1461 1195 1622 1249 etiam
1680 1192 1867 1246 David.
1909 1191 2046 1256 Quin

469 1300 524 1343 et
562 1289 994 1360 sapientissimus
1025 1287 1222 1342 Paulus
1255 1304 1268 1340 :
1298 1305 1317 1340 ι
1375 1285 1484 1340 Nos
1531 1299 1758 1350 omnes,
1799 1303 1816 1335 ι
1851 1283 2045 1350 inquit,

477 1400 497 1430 ι
543 1391 751 1437 retecta
781 1380 920 1434 facie
949 1380 1176 1450 gloriam
1213 1377 1425 1433 Domini
1458 1377 1823 1446 speculantes,
1859 1375 1925 1427 ad
1977 1374 2050 1444 ip-

469 1491 584 1528 sam
623 1474 912 1544 imaginem
963 1457 1477 1526 transformamur'a
1525 1469 1692 1539 gloria
1735 1467 1788 1521 in
1821 1466 2046 1534 gloriam

473 1578 728 1634 tauquam
760 1582 789 1618 a
821 1564 1033 1618 Domini
1087 1563 1281 1631 spiritu
1305 1562 1348 1615 ³.
1375 1579 1394 1613 ι
1425 1559 1679 1616 COndidit
1728 1559 1892 1628 igitttr
1949 1573 2047 1613 nos

470 1659 745 1719 Christus,
776 1669 873 1709 ceu
903 1655 1037 1708 duos
1067 1653 1312 1722 populos,
1347 1651 1399 1705 in
1429 1667 1593 1704 unum
1647 1664 1840 1704 novum
1875 1649 2051 1704 homi-

472 1761 618 1809 nem,
677 1745 886 1798 laciens
934 1758 1147 1812 pacem,
1199 1751 1252 1796 et
1309 1752 1598 1809 utrumque
1639 1741 1778 1809 apud
1831 1739 2044 1795 Patrem

2151 549 2311 617 ἀγίας
2343 551 2434 602 καὶ
2463 550 2845 622 εὐαγγελικῆς,
2880 551 3264 615 ἀναϐαίνοντες
3308 551 3388 614 εἰς
3431 550 3734 622 εὐμορφίαν

2149 641 2314 693 αὑτοῦ
2371 641 2460 695 διὰ
2517 642 2847 712 πνεύματος,
2883 640 3024 695 ὥστε
3069 641 3165 696 καὶ
3221 641 3443 712 ἐτέρους
3487 641 3632 710 ἡμᾶς
3678 639 3734 704 ἐξ

2149 733 2351 802 ἐτέρων
2382 733 2612 804 δρᾶσθαι
2645 733 3006 804 λοιπόν.Ἐφη
3049 732 3181 802 γοῦν
3229 734 3358 802 περὶ
3406 731 3514 784 τῶν
3566 731 3735 785 ἐθνῶν

2147 824 2235 877 διὰ
2262 826 2446 896 φωνῆς
2481 825 2758 897 Ἰεζεχιὴλ,
2786 827 2868 879 ὅτι
2897 844 2915 877 ι
2949 826 3058 880 Καὶ
3090 827 3351 880 ὲκσπάσω
3379 825 3478 896 τὴν
3510 823 3738 894 καρδίαν

2149 917 2327 971 αὐτῶν
2373 919 2472 988 τὴν
2514 917 2723 987 λιθίνην
2765 920 2828 970 ἐκ
2855 918 2952 989 τῆς
2997 917 3199 987 σαρκὸς
3229 917 3428 980 αὐτῶν,
3459 918 3553 971 καὶ
3580 917 3736 971 δώσω

2150 1007 2334 1070 αὐτοῖς
2356 1007 2588 1077 καρδίαν
2619 1008 2882 1078 σαρκίνην
2917 1007 3008 1061 τοῦ
3039 1007 3236 1061 εἰδέναι
3262 1009 3460 1071 αὐτοὺς
3496 1008 3618 1078 ἐμὲ,
3653 1008 3735 1061 δτι

2151 1097 2261 1166 ἐγὼ
2288 1098 2510 1168 Κύριος.
2544 1117 2560 1148 ι
2584 1099 2916 1170 Ἐρχομένην
2959 1098 3017 1150 δὲ
3051 1100 3245 1168 γενεὰν
3275 1099 3368 1152 καὶ
3395 1098 3520 1150 λαὸν
3555 1097 3737 1160 κτυζόο

2153 1207 2313 1261 μενον
2345 1193 2473 1254 τοὺς
2514 1191 2574 1256 ἐξ
2621 1191 2791 1244 ἐθνῶν
2823 1192 3250 1263 ἐπιστρέφοντας
3295 1190 3553 1260 ὀνομάζει
3585 1191 3736 1243 πλει-

2152 1279 2376 1349 σταχοῦ.
2422 1281 2574 1333 Καίό
2591 1281 2875 1346 θεσπέσιος
2897 1282 3122 1345 Παῦλοςο
3156 1301 3172 1332 ι
3195 1282 3386 1352 Ἡμεῖς
3408 1281 3464 1333 δὲ
3479 1280 3730 1342 minqu

2153 1373 2337 1441 φησὶν,
2359 1391 2377 1423 ι
2412 1373 2920 1445 ἀνακεκαλυμμένῳ
2936 1373 3211 1444 προσώπῳ
3225 1374 3324 1444 τὴν
3350 1373 3508 1438 δόξαν
3527 1371 3733 1444 Κυρίου

2152 1464 2662 1534 κατοπτριζόμενοι,
2689 1467 2788 1537 τὴν
2820 1466 2990 1534 αὐτὴν
3019 1465 3204 1519 εἰκόνα
3241 1464 3738 1535 μεταμορφούμεθα

2151 1550 2260 1604 ἀπὸ
2295 1552 2452 1624 δόξης
2486 1556 2564 1617 εἰς
2615 1555 2788 1621 δόξαν,
2821 1555 3072 1625 καθάπερ
3104 1554 3213 1607 άπὸ
3255 1556 3462 1623 Κυρίου
3495 1553 3738 1624 πνεύμα-

2149 1660 2261 1707 τος.
2293 1646 2548 1699 »Ἔκτισε
2575 1647 2752 1700 τοίνυν
2789 1649 2936 1718 ἡμᾶς
2987 1649 3015 1700 6
3059 1647 3312 1718 Χριστὸς,
3340 1649 3457 1718 ἢτοι
3494 1647 3620 1710 τοὺς
3647 1647 3741 1701 δυο

2151 1737 2310 1799 λαοὺς
2337 1739 2415 1800 εἰς
2449 1738 2546 1792 ἕνα
2581 1739 2766 1792 καινὸν
2808 1739 3115 1808 ἄνθρωπον,
3151 1740 3319 1794 ποιῶν
3359 1741 3602 1811 εἰρήνην,
3644 1757 3742 1794 και

473 1836 831 1890 reconcilians
878 1835 930 1888 in
964 1849 1071 1888 uno
1112 1831 1640 1902 corporeJubemur
1663 1833 1920 1887 nimirum
1953 1849 2044 1888 ve-

2152 1827 2648 1882 άποκαταλλάσσων
2673 1831 2797 1892 τοὺς
2821 1830 3162 1902 ἀμφοτέρους
3183 1833 3239 1884 ἐν
3265 1832 3343 1883 ἐνὶ
3368 1829 3581 1900 σώματι
3604 1833 3741 1902 πρὸς

475 1941 643 1983 terein
687 1928 958 1982 hominem
1007 1940 1230 1990 exuere,
1286 1935 1599 1995 corruptum
1651 1926 2040 1995 cupiditatibus

471 2023 799 2087 erroris;et
832 2036 1028 2075 novum
1085 2019 1332 2085 induere,
1369 2019 1459 2086 qui
1527 2030 1814 2072 renovatus
1856 2026 1938 2073 est
1982 2019 2048 2072 ad

472 2113 763 2183 imaginem
800 2111 917 2180 ejus
961 2111 1051 2179 qui
1099 2111 1272 2177 ipsum
1301 2109 1564 2172 condidit,
1621 2109 1822 2164 Christi
1849 2095 2050 2163 videli-

471 2220 575 2262 cet.
617 2207 726 2276 Ego
767 2205 930 2272 igitur
971 2218 1089 2257 sum
1125 2197 1384 2257 Dominus
1442 2202 1684 2258 Sabaoth
1736 2202 1945 2257 faciens
1976 2212 2046 2266 te,

470 2299 669 2370 inquit,
733 2297 785 2351 id
843 2305 948 2361 est,
998 2295 1237 2348 condens
1291 2303 1346 2348 et
1397 2294 1692 2364 reﬁngens.
1741 2294 1816 2350 Ne
1867 2302 2048 2349 autem

471 2393 689 2458 quidam
724 2396 944 2459 promer
986 2388 1063 2442 rei
1094 2385 1552 2456 magniﬁcentiam
1584 2386 1912 2454 diuiderent,
1941 2387 2050 2442 Do-

473 2483 679 2536 minum
713 2481 1046 2534 exercituum
1089 2491 1211 2532 sese
1244 2478 1436 2532 iterum
1471 2478 1736 2540 nominat,
1765 2487 1820 2531 et
1846 2479 2052 2533 utiliter

470 2584 523 2626 et
555 2572 884 2628 necessario.
909 2569 1063 2636 Quod
1090 2570 1253 2623 etiam
1293 2568 1786 2624 transformationis
1819 2585 1913 2624 seu
1961 2571 2049 2624 in-

471 2664 816 2718 staurationis
863 2671 1074 2730 tempus
1103 2661 1194 2726 sit,
1249 2659 1565 2726 declaravit,
1607 2658 1850 2728 inquiens
1891 2676 1904 2711 :
1947 2659 2049 2726 Qui

470 2758 618 2810 eruit
653 2767 727 2818 te,
783 2756 896 2822 ipse
937 2753 1082 2806 Deus
1125 2751 1290 2805 Israel
1340 2751 1487 2804 omni
1537 2763 1692 2804 terra:
1750 2749 2048 2804 vocabitur.

470 2851 542 2901 At
587 2845 804 2916 quando
855 2845 960 2898 hoc
1010 2841 1262 2896 eﬂ'eetum
1321 2842 1454 2896 est?
1503 2841 1768 2895 adventus
1844 2851 2047 2910 tempo-

469 2955 531 2993 te
614 2938 840 2993 scilicet.
903 2933 1196 3004 Imperavit
1265 2935 1408 2989 enim
1482 2932 1730 2989 Christus
1797 2936 2052 2990 omnibus

471 3029 743 3099 gentibus,
775 3029 935 3097 idque
975 3025 1241 3095 Propheta
1282 3024 1461 3090 docet,
1497 3025 1786 3094 inquiens:
1830 3026 1895 3080 Et
1947 3027 2053 3080 erit

2147 1919 2238 1974 τὸν
2282 1921 2522 1992 Πατέρα.
2559 1922 2667 1975 Καὶ
2697 1921 2827 1990 γοῦν
2857 1922 3313 1994 προστετάγμεθα
3356 1924 3448 1977 τὸν
3496 1925 3596 1995 μὲν
3637 1943 3740 1980 πα-

2148 2009 2296 2064 λαιδν
2319 2011 2606 2082 ἄνθρωπον
2625 2011 2946 2077 ἀποθέσθαι,
2973 2013 3062 2066 τὸν
3091 2014 3449 2085 φθειρόμενον
3477 2017 3617 2070 κατὰ
3640 2018 3741 2081 τὰς

2151 2101 2447 2171 ἐπιθυμίας
2486 2103 2585 2172 τῆς
2624 2103 2870 2175 ἀπάτης,
2914 2103 3237 2157 ἐνδύσασθαι
3279 2105 3336 2158 δέ
3370 2105 3461 2158 τὸν
3493 2107 3609 2160 νέον
3647 2107 3742 2162 τδν

2149 2194 2610 2264 ἀνακαινούμενον
2633 2196 2753 2248 κατ’
2787 2197 2977 2249 εἰκόνα
3003 2194 3097 2248 τοῦ
3129 2195 3410 2261 κτίσαντος
3443 2199 3623 2259 αὑτδν.
3649 2201 3744 2271 δῆ-

2149 2287 2238 2340 λον
2263 2287 2317 2341 δὲ
2343 2289 2424 2342 ὅτι
2451 2288 2710 2361 Χριστοῦ.
2733 2288 2872 2357 Ἐγὼ
2909 2289 3087 2342 τοίνυν
3117 2289 3235 2360 εἰμὶ
3272 2291 3480 2362 Κύριος
3511 2293 3738 2346 Σαϐαὼθ

2150 2381 2179 2432 6
2211 2381 2380 2434 ποιῶν
2428 2399 2507 2446 σε,
2551 2382 2683 2453 φησί
2711 2423 2725 2447 ,
2770 2382 3048 2435 τουτέστιν
3081 2383 3109 2434 6
3141 2384 3340 2448 κτίζων
3373 2387 3466 2438 καὶ
3501 2387 3742 2458 ἀναμορ-

2151 2474 2412 2541 φῶν.”ινα
2438 2473 2494 2527 δὲ
2527 2475 2602 2545 μὴ
2631 2474 2924 2544 ἀηστῆται
2955 2474 3091 2545 πρός
3117 2492 3279 2528 τινων
3308 2477 3396 2530 διὰ
3419 2477 3478 2530 τὸ
3509 2480 3743 2548 μεγαλο-

2151 2567 2358 2639 πρεπὲς
2387 2566 2482 2620 τοῦ
2513 2568 2856 2639 πράγματος,
2882 2567 3087 2638 Κύριον
3111 2569 3220 2621 τῶν
3240 2569 3524 2639 δυνάμεων
3550 2570 3744 2622 ἑαυτὸν

2149 2660 2405 2729 ὀνομάζει
2438 2661 2620 2722 πάλιν,
2651 2661 2935 2731 χρησίμως
2965 2679 3024 2714 τε
3053 2662 3148 2715 καὶ
3177 2664 3510 2730 ἀναγκαίως.
3556 2663 3652 2726 Τίς
3680 2662 3738 2716 δέ

2151 2755 2244 2805 καὶ
2269 2755 2296 2806 ό
2325 2752 2422 2822 τῆς
2452 2753 2947 2831 μεταμοριεώσεως,
2977 2754 3146 2824 ἤγουν
3176 2756 3204 2807 6
3228 2753 3322 2806 τοῦ
3351 2754 3744 2819 ἀνακτίζεσθαι

2150 2845 2360 2916 καιρὸς,
2382 2845 2678 2916 διεσάφησε
2705 2846 2900 2913 λέγων,
2925 2847 3006 2899 ὃτι
3039 2847 3097 2898 '0
3128 2847 3435 2919 ῥυσάμενός
3469 2865 3556 2914 σε,
3584 2848 3747 2911 αὐτὸς

2150 2937 2282 3001 Θεὸς
2307 2939 2524 3010 Ἰσραὴλ
2549 2939 2697 3010 πάσῃ
2727 2941 2791 3010 τῇ
2815 2940 2887 3010 γῇ
2912 2939 3270 3010 κληθήσεται.
3298 2941 3516 3010 Πηνίκα
3531 2940 3586 2992 δὲ
3606 2940 3746 3003 ὅλως

2151 3031 2246 3083 καὶ
2266 3030 2425 3082 τοῦτο
2452 3029 2810 3098 κατώρθωται
2825 3048 2840 3096 ;
2857 3031 3000 3085 κατά
3015 3033 3104 3086 τὸν
3124 3033 3220 3103 τῆς
3242 3033 3536 3103 ἐπιδημίας
3553 3034 3744 3105 καιρὸν

473 3122 733 3176 Dominus
777 3134 938 3182 unus,
961 3127 1016 3172 et
1045 3132 1240 3172 nomen
1289 3113 1405 3184 ejus
1445 3133 1608 3170 unum
1642 3116 1908 3172 circuiens
1931 3133 2050 3171 om-

2153 3122 2415 3192 δηλονότι.
2469 3122 2830 3175 Βεϐασίλευκε
2860 3122 2970 3195 γὰρ
3001 3125 3030 3177 6
3063 3124 3298 3195 Χριστὸς
3327 3125 3420 3176 ἐπὶ
3455 3127 3635 3180 πάντα
3675 3127 3743 3178 τά

471 3227 593 3266 nem
648 3220 864 3265 terram.
906 3209 1046 3265 Olim
1091 3209 1233 3264 enim
1283 3207 1337 3261 in
1369 3207 1481 3262 sola
1526 3206 1710 3262 Judaaa
1749 3221 1908 3263 uetus
1936 3217 2051 3262 erat

2152 3215 2308 3284 ἔθνη,
2329 3214 2419 3268 καί
2441 3214 2598 3268 τοῦτο
2621 3214 3046 3283 sesumam
3063 3217 3091 3266 6
3111 3217 3424 3289 Προφήτης·
3463 3219 3571 3271 Καὶ
3589 3218 3742 3272 ἔσται

473 3303 693 3357 Deus".
714 3304 779 3355 At
807 3311 1160 3370 posteaquam
1190 3309 1376 3355 vocata
1403 3307 1484 3354 est
1514 3315 1611 3368 per
1643 3299 1800 3352 ﬁdem
1816 3300 1880 3352 ad
1903 3301 2056 3368 agni-

474 3396 674 3448 tionem
721 3395 837 3461 ejus
880 3394 1166 3448 multitudo
1215 3394 1496 3462 gentium:
1537 3393 1610 3444 illi
1651 3393 1843 3446 deinde
1872 3391 2052 3446 ﬂectet

470 3487 632 3557 76],
662 3502 720 3541 se
740 3500 899 3539 omne
935 3501 1100 3554 genu,
1163 3495 1216 3540 et
1255 3485 1432 3539 omnis
1471 3483 1652 3554 lingua
1711 3485 2052 3538 conﬁtebitur

470 3595 589 3630 esse
635 3577 917 3631 Dominum
974 3575 1155 3630 Jesum
1220 3575 1520 3642 Christum,
1569 3575 1624 3628 in
1672 3575 1902 3644 gloriam
1953 3576 2048 3630 Dei

470 3671 646 3725 Patris
672 3669 711 3723 ³.
754 3667 892 3723 Deus
934 3668 1100 3738 igitur
1157 3667 1209 3721 itt
1240 3669 1386 3722 omni
1421 3678 1560 3722 terra
1606 3669 1907 3735 vocabitur,
1954 3668 2047 3738 qui

472 3763 612 3816 eruit
646 3777 762 3824 nos,
805 3770 858 3814 et
885 3776 913 3814 a
944 3760 1146 3816 szcvitia
1191 3759 1388 3813 diaboli
1432 3760 1656 3826 exemit,
1708 3761 2048 3831 pr0priisqne

469 3853 698 3923 sceptris
722 3852 979 3907 subdidit.
998 3851 1162 3921 quue
1187 3851 1344 3906 docet
1367 3852 1556 3907 beatus
1579 3852 1767 3920 David,
1797 3853 2048 3924 inquiens

470 3945 696 3998 ειίιριιίιὶε
731 3963 748 3995 ι
779 3942 980 4000 Omnes
1002 3955 1212 4013 gentes,
1239 3944 1477 4013 plaudite
1519 3945 1791 4013 manibus,
1817 3945 2047 4014 juhilate

469 4039 580 4092 Deo
606 4037 806 4092 Jac-ob:
839 4036 964 4105 quia
997 4037 1256 4091 Dominus
1282 4035 1602 4103 altissimus,
1628 4039 1902 4101 terribilis,
1947 4052 2045 4090 rex

473 4143 700 4198 uaguus
733 4143 898 4196 super
928 4144 1142 4182 omnem
1169 4136 1372 4182 terratn
1401 4129 1464 4183 ".
1499 4148 1517 4180 ι
1553 4130 1765 4185 Alicubi
1803 4145 1993 4185 rursus
2021 4146 2040 4182 :

473 4241 490 4268 ι
533 4221 790 4274 Dominus
818 4221 1080 4289 regnavit,
1112 4220 1345 4275 exsultet
1378 4230 1519 4276 terra
1558 4221 1597 4273 ⁵.
1640 4241 1658 4272 ι

2161 3307 2366 3378 Κύριος
2384 3303 2586 3371 εἷς,κα“ι
2601 3307 2690 3360 ὅνο
2697 3325 2772 3377 μα
2791 3308 2956 3360 αὑτοῦ
2968 3309 3028 3361 ἐν
3041 3309 3277 3361 κυκλοῦν
3298 3311 3477 3362 πᾶσαν
3493 3311 3591 3380 τὴν
3617 3311 3736 3380 γῆν.

2160 3400 2334 3452 Πάλαι
2359 3401 2456 3469 μὲν
2480 3401 2590 3470 γὰρ
2616 3395 2683 3469 ἧν
2701 3399 2842 3453 κατά
2857 3399 3026 3470 μόνην
3043 3399 3142 3471 τὴν
3177 3400 3433 3454 Ἰουδαίαν
3453 3416 3691 3468 γνωστος
3709 3404 3740 3455 ό

2155 3489 2306 3553 Θεός.
2326 3489 2543 3560 Ἐπειδὴ
2575 3489 2630 3542 δὲ
2663 3490 2923 3562 κέκληται
2954 3489 3044 3543 διὰ
3069 3490 3305 3554 πίστεως
3336 3493 3411 3551 εἰς
3437 3491 3738 3556 ἐπίγνωσιν

2155 3580 2321 3634 αὐτοῦ
2359 3581 2467 3635 τῶν
2491 3583 2660 3637 ἐθνῶν
2686 3584 2719 3654 ἡ
2755 3582 2982 3654 πληθὺς,
3019 3583 3167 3653 αὐτῷ
3195 3582 3369 3636 λοιπὸν
3397 3580 3598 3651 κάμψει
3617 3583 3729 3634 πᾶν

2154 3673 2305 3741 γόνυ,
2335 3675 2428 3728 καὶ
2467 3677 2614 3729 πᾶσα
2658 3676 2878 3745 γλῶσσα
2910 3675 3364 3747 ἐξομολογήσεται
3388 3694 3399 3705 ·
3426 3676 3505 3728 ὅτι
3530 3674 3730 3746 Κύριος

2169 3765 2375 3836 Ἰησοῦς
2410 3768 2664 3837 Χριστὸς,
2690 3770 2768 3832 εἰς
2819 3767 2976 3832 δόξαν
3026 3767 3161 3821 Θεοῦ
3212 3769 3444 3838 Πατρός.
3479 3765 3607 3830 Θεδς
3646 3761 3745 3820 οὖν

2155 3860 2264 3930 ἄρα
2297 3862 2354 3913 ἐν
2401 3859 2549 3932 πάσῃ
2585 3863 2651 3932 τῇ
2682 3863 2752 3932 γῇ
2785 3860 3118 3932 κληθήσεται
3161 3862 3190 3914 6
3226 3860 3529 3931 ῥυσάμενος
3571 3857 3740 3929 ἡμᾶς,

2163 3952 2258 4004 καὶ
2305 3952 2402 4022 τῆς
2450 3952 2542 4005 τοῦ
2589 3951 2834 4006 διαϐόλου
2877 3953 3196 4023 σκαιότητος
3236 3951 3458 4015 ἐξελὼν,
3490 3950 3583 4003 καὶ
3629 3949 3739 4010 τοῖς

2159 4043 2308 4108 ἰδίοις
2352 4047 2651 4115 σκήπτροις
2689 4045 3025 4114 ὐπενεγκών.
3057 4046 3168 4099 Καὶ
3199 4043 3361 4096 τοῦτο
3385 4043 3625 4096 διδάσκει
3649 4039 3735 4092 λέο

2154 4151 2268 4203 γων
2294 4139 2320 4190 6
2353 4139 2621 4208 μακάριος
2647 4138 2830 4200 Δαϐὶδ,
2851 4138 2980 4190 ποτὲ
3011 4137 3222 4207 μὲν,ὃτι
3255 4135 3473 4188 «Πάντα
3494 4133 3562 4186 τὰ
3591 4132 3738 4198 ἔθνη.

2155 4230 2456 4300 κροτήσατε
2502 4233 2723 4302 χεῖρας,
2769 4228 3081 4294 ἀλαλάξατε
3125 4228 3202 4300 τῷ
3232 4228 3350 4299 Θεῴ
3387 4225 3620 4282 Ἰακώϐ’
3662 4224 3740 4277 ὅτι

466 4313 670 4382 Κύριος
701 4313 946 4382 ὕψιστος,
974 4313 1223 4384 φοϐερὸς.
1255 4314 1508 4385 βασιλεὺς
1547 4315 1722 4385 μέγας
1786 4316 1878 4368 ἐπὶ
1926 4319 2106 4373 πᾶσαν
2140 4322 2237 4393 τὴν
2272 4323 2404 4394 γῆνο
2438 4343 2456 4375 ι
2499 4326 2628 4378 ποτέ
2657 4325 2713 4378 δέ
2740 4324 2924 4388 πάλιν,
2958 4342 2976 4376 ι
3017 4323 3074 4378 '0
3107 4324 3314 4394 Κύριος
3360 4321 3723 4382 ἐϐασίλευσεν,

467 4405 818 4476 ἁγαλλιάσθω
847 4407 880 4474 ἡ
915 4408 1007 4475 γῆ.
1039 4424 1058 4457 s

538 4494 704 4552 Vens.
751 4492 875 4546 6-8.
935 4490 1056 4546 Non
1113 4493 1266 4562 quasi
1322 4493 1592 4547 mulierem
1646 4495 1945 4549 derelictam
2001 4507 2048 4550 et

2229 4503 2354 4568 Οὐχ
2399 4503 2480 4566 ὡς
2515 4501 2769 4570 γυναῖκα
2816 4499 3446 4571 ἐγκαταλελειμμένην
3479 4500 3575 4552 καὶ
3618 4501 3737 4554 (5.1:-

464 4587 856 4656 rusillanimrm
879 4586 1073 4639 vocarit
1097 4595 1144 4638 te
1167 4583 1420 4639 Dominus
1443 4601 1463 4639 :
1492 4602 1582 4640 nec
1606 4587 1760 4656 quasi
1783 4588 2052 4641 mulierem

466 4701 496 4731 α
526 4681 804 4750 juvenlule
840 4678 961 4731 odio
996 4678 1255 4743 habitam,
1285 4677 1418 4732 dixit
1459 4677 1593 4731 Deus
1631 4689 1771 4732 tuus.
1805 4678 2053 4749 Tempore

468 4773 673 4836 modica
707 4769 962 4841 dereliqui
995 4782 1063 4835 te,
1091 4779 1140 4824 et
1175 4787 1292 4824 cum
1329 4771 1690 4825 misericordia
1727 4787 1917 4841 magna
1953 4772 2052 4826 mi-

466 4867 675 4917 serebor
703 4864 799 4916 tui.
835 4861 930 4916 Ira
964 4863 1102 4917 brevi
1130 4863 1294 4916 averti
1327 4862 1517 4932 [aciem
1554 4879 1721 4917 meam
1755 4880 1786 4916 a
1821 4874 1889 4928 te,
1918 4875 1965 4918 et
1994 4865 2050 4917 in

467 4955 830 5009 misericordia
860 4959 1173 5024 sempiterna
1202 4956 1484 5009 miserebor
1511 4955 1607 5021 tui,
1633 4955 1772 5008 dixit
1796 4957 1885 5024 qui
1911 4955 2046 5009 eruit

469 5058 517 5100 te
551 5047 824 5102 Dominus.

541 5137 692 5194 Solet
755 5139 1038 5209 Scriptura
1102 5141 1362 5194 divinitus
1417 5139 1678 5210 inspirata
1733 5140 2050 5196 derelictam
2135 5163 2139 5166 ·

470 5231 773 5297 mulierem,
809 5232 1077 5303 aliquibus
1112 5233 1178 5288 de
1215 5232 1396 5288 causis
1435 5232 1721 5302 abjectam,
1755 5232 2050 5304 appellare,

469 5324 554 5374 cui
591 5323 707 5393 lege
741 5323 976 5380 Moesica
1032 5325 1242 5380 libellus
1277 5325 1484 5394 repudii
1516 5325 1675 5379 datus
1708 5333 1791 5380 est
1832 5326 1898 5380 ab
1932 5324 2048 5393 ejus

469 5415 733 5485 conjuge,
781 5419 906 5470 odio
959 5417 1197 5472 habitam
1252 5433 1465 5484 rursus,
1511 5417 1578 5473 de
1621 5417 1954 5487 turpitudine
1996 5427 2050 5471 et

471 5505 691 5559 levitate
717 5511 836 5563 vitae
866 5510 1255 5566 insimulatam.
1275 5510 1376 5566 Cui
1406 5510 1569 5567 etiam
1599 5510 1852 5564 convenit
1882 5511 2048 5576 pusil-

472 5601 790 5656 lanimitatis
831 5606 1060 5674 crimen,
1099 5618 1154 5662 ut
1197 5623 1317 5677 qua:
1357 5610 1554 5664 durare
1601 5623 1706 5661 non
1751 5618 1954 5678 posset,
1992 5617 2044 5661 et

541 5713 560 5744 ¹
593 5713 788 5767 Ezech.
825 5732 894 5772 si.
929 5718 1012 5773 l9.
1088 5725 1110 5756 ’
1139 5724 1179 5778 ll
1209 5726 1332 5780 Cor.
1369 5740 1450 5780 ιη.
1486 5724 1567 5779 l8.
1645 5725 1686 5754 "
1713 5719 1850 5776 Psal.
1882 5735 2047 5776 μιν.
2079 5717 2116 5773 2

473 5783 498 5812 ‘
527 5779 674 5838 Psal.
709 5797 848 5848 xcvi,
891 5786 937 5838 ι.

2160 4593 2434 4661 γόψυχον
2465 4593 2725 4660 κέκληκέ
2753 4609 2826 4646 σε
2853 4595 3085 4661 Κύριος,
3111 4591 3254 4646 οὐδὲ
3277 4592 3357 4657 ὡς
3393 4591 3643 4659 γυναῖκα
3671 4592 3739 4644 ἐκ

2154 4684 2438 4750 νεότητος
2459 4683 2897 4752 μεμισημένην,
2929 4679 3098 4736 εἶπεν
3123 4684 3154 4735 ό
3182 4681 3347 4752 Gedr-
3381 4680 3615 4749 Χρόνον
3647 4699 3742 4749 ,ιιι-

2153 4749 2832 4839 κρὸνίκατέλιπόν-σες
2879 4773 2978 4825 καὶ
3019 4769 3172 4839 μετὰ
3201 4749 3429 4835 ἑὲλέους
3472 4769 3742 4839 μεγάλου

2133 4865 2384 4934 ἐλεῆσαι
2419 4882 2512 4919 σε.
2532 4866 2629 4918 Ἐν
2669 4863 2834 4934 θυμῷ
2867 4862 3058 4933 μικρῷ
3084 4861 3440 4929 ἀπέστρεψα
3467 4860 3534 4913 t6
3560 4862 3743 4928 πρόσ-

2152 4958 2316 5011 ωπόν
2357 4975 2474 5026 μου
2519 4957 2638 5011 ἀπὸ
2677 4956 2817 5021 σοῦ,
2848 4955 2946 5010 καὶ
2975 4957 3046 5009 ἐν
3083 4954 3240 5008 ἐλέει
3267 4951 3486 5016 αἰωνίῳ
3510 4951 3740 5017 suum

2155 5064 2250 5111 σε,
2281 5043 2452 5101 εἶπεν
2487 5050 2518 5100 ὁ
2542 5044 2888 5115 ρυσάμενός
2919 5061 2993 5099 σε
3027 5047 3264 5114 Κύριος.

2231 5126 2392 5204 Ἐθος
2416 5142 2482 5210 τῇ
2516 5137 2860 5209 θεοπνεύστῳ
2886 5139 3075 5210 Γραφῇ
3107 5139 3611 5210 καταλελειμμένην
3643 5151 3738 5204 γυ-

2158 5236 2320 5286 ναῖκα
2345 5233 2446 5302 τὴν
2473 5231 2564 5286 ἐπί
2587 5248 2727 5286 τισιν
2753 5231 2952 5294 αἰτίαις
2980 5231 3393 5303 ἐκϐεϐλημένην
3423 5229 3735 5285 ἀποκαλεῖν.

2157 5317 2658 5395 ᾗπροσεῤῥίπτετο
2710 5321 2852 5375 κατά
2895 5322 2989 5375 τὸν
3019 5323 3264 5386 Μωσέως
3311 5321 3475 5392 νόμον
3520 5321 3615 5372 καὶ
3657 5317 3736 5388 βι-

2157 5416 2304 5470 ϐλίον
2339 5415 2671 5470 ἀποστασίου
2721 5415 2872 5485 ποιρά
2916 5415 3010 5468 τοῦ
3052 5412 3428 5476 συνοῖκοῦντος
3455 5413 3616 5484 αὐτῇ,
3646 5427 3737 5482 με·

2159 5509 2467 5581 μισημένην
2505 5509 2564 5563 δὲ
2605 5508 2768 5563 πάλιν
2820 5508 2907 5562 ἐπ’
2934 5508 3176 5578 ἀκοσμίᾳ
3220 5506 3317 5560 καὶ
3361 5505 3585 5575 ἀσέμνῳ
3627 5504 3737 5572 ζωῇ

2153 5601 2610 5671 διαϐεϐλημένην,
2650 5594 2836 5672 ᾞπερ
2864 5600 2929 5654 ἂν
2953 5599 3151 5669 πρέποι
3178 5597 3272 5654 καὶ
3290 5597 3352 5650 τὸ
3367 5596 3467 5666 τῆς
3490 5592 3740 5664 ὀλιγοψυ-

2215 5718 2234 5748 ³
2261 5715 2393 5770 Rom
2426 5705 2534 5766 ma
2575 5710 2672 5774 ll;
2716 5707 2905 5776 Philip.
2935 5724 2992 5774 ι’,
3017 5706 3100 5763 ll.
3181 5702 3389 5762 "Psal.
3427 5716 3573 5766 ιινι,
3604 5699 3734 5766 9,5.
