4078 6292
439 322 578 381 1201
680 326 683 331 ’

1588 324 1657 380 IN
1694 326 1926 383 ISAIAI
1966 327 2095 385 LIB.
2138 331 2201 387 Υ.
2243 325 2477 385 ΤΟΜΗΞ
2501 324 2563 380 ΙΙ.

3560 333 3696 391 1301

438 445 563 517 χίας
589 443 840 514 αίτιαμα,
873 442 946 506 ὥς
980 442 1050 495 οὐ·
1072 443 1355 518 δυναμένῃ
1381 446 1780 521 διακαρτερεῖν,
1806 453 1898 507 καὶ
1922 453 2017 506 τῶι

2134 450 2574 524 nuptialejngum
2604 448 2875 519 amplecti,
2895 448 2990 503 sed
3016 449 3084 502 ad
3117 463 3180 503 ea
3206 462 3325 517 qua:
3352 446 3433 503 fas
3460 466 3563 505 non
3593 462 3701 520 est,

438 534 697 607 γαμικῶν
724 533 1012 604 ἀνέχεσθαι
1043 533 1246 604 ζυγῶν.
1284 536 1316 608 ἢ
1348 538 1751 613 μεθισταμένην
1773 545 1859 613 ἐφ’
1886 544 1922 599 ἂ
1950 545 2025 617 μὴ

440 625 622 698 θέμις,
659 626 754 679 καὶ
802 624 1083 693 ὀλιγώρως
1133 626 1364 697 ἔχουσαν
1410 633 1539 702 περὶ
1589 632 1649 685 τὸ
1694 633 1933 707 πληροῦν
1957 635 2027 689 τὰ

440 718 651 789 ὅσαπέρ
693 719 810 771 ἐστι
857 717 1117 772 τελοῦντα
1161 719 1297 788 πρὸς
1324 720 1644 791 εὐκοσμίαν.
1672 725 1906 796 Τοιαύτη
1940 743 2027 790 τις

442 811 664 880 γέγονεν
689 809 848 880 ἡτῶν
881 810 1152 864 Ἰουδαίων
1173 811 1471 884 Συναγωγῇ
1491 831 1559 868 πε
1568 816 1621 885 pi.
1646 815 1739 869 τὸν
1755 818 1863 870 τῶν
1887 818 2025 871 ὅλων

442 899 741 972 κρατοῦντα
781 900 934 954 Θεόν.
970 902 1361 973 Προσηγάγετο
1397 904 1493 975 μέν
1521 907 1631 976 γὰρ
1678 907 1846 977 αὐτὴν
1889 908 2025 978 πρὸς

440 991 744 1061 οἰκειότητα
774 994 1157 1064 πνευματικὴν
1189 993 1278 1047 διὰ
1313 994 1409 1049 τοῦ
1444 997 1717 1066 πανσόφου
1752 998 2022 1064 Μωσέως,

354 1122 359 1125 ι
439 1080 533 1134 καὶ
564 1079 639 1144 ὥς
680 1097 804 1134 τινα
847 1084 1083 1148 γυναῖκα
1127 1084 1507 1155 πορνεύσασαν
1541 1088 1600 1139 ἐν
1629 1088 1908 1157 Αἰγύπτῳ,
1936 1089 2026 1142 διά

435 1187 499 1239 γε
526 1170 620 1224 τοῦ
651 1171 719 1225 τὰ
749 1170 928 1224 αὐτῶν
957 1172 1171 1226 ἑλέσθαι
1202 1168 1439 1245 φρονεῖν,
1475 1176 1570 1230 καὶ
1589 1177 1772 1231 αὒτόθι
1795 1177 2025 1251 λατρεῦ-

438 1276 527 1315 σαι
562 1260 728 1326 θεοῖς,
777 1265 1059 1334 μονονουχὶ
1105 1264 1202 1317 καὶ
1248 1266 1702 1336 εἰσοικισάμενος.
1736 1265 1869 1321 Εἶτα
1911 1271 2023 1334 τοῖς

438 1352 689 1423 ἀρχαίοις
730 1353 993 1420 τέλμασιν
1035 1356 1587 1427 ἐγκαταπηδήσασαν,
1612 1360 1709 1412 καὶ
1742 1359 2025 1431 παλινδρο-

443 1445 562 1512 μεῖν
593 1440 884 1499 ἐθέλουσαν
932 1446 1015 1509 είς
1062 1446 1360 1501 ἀπόστασιν
1427 1449 1861 1522 (προσκεκύνηκε
1915 1451 2024 1522 γὰρ

439 1536 552 1595 τοῖς
593 1531 777 1605 ἔργοις
814 1536 923 1590 τῶν
959 1537 1103 1591 ἰδίων
1131 1538 1373 1611 χειρῶν),
1405 1540 1695 1596 ἀπεώσατό
1720 1560 1778 1595 τε
1805 1542 1900 1597 καὶ
1930 1544 2025 1597 ἀλ-

440 1619 657 1692 λοτρίαν
685 1625 930 1696 ἀπέφηνε
964 1627 1061 1698 τῆς
1091 1628 1227 1698 πρὸς
1261 1629 1422 1685 αὐτὸν
1453 1631 1804 1705 οίκειότητος,
1828 1635 1922 1687 καὶ
1950 1633 2025 1697 ὥς

441 1731 563 1767 τινα
605 1719 833 1783 γυναῖκα
880 1721 1258 1792 μεμισημένην
1282 1722 1377 1775 καὶ
1421 1723 1762 1795 ὀλιγόψυχον,
1814 1725 2023 1791 ἐξοικον

440 1806 755 1877 ἐποιήσατο.
787 1809 896 1862 Καὶ
926 1788 1055 1880 γοῦν
1074 1788 1184 1883 ⁷ἔφη
1214 1788 1287 1867 δι’
1322 1815 1439 1880 ἐνὸς
1463 1788 1775 1885 των-ἁγίων
1810 1788 1991 1890 προφη
2055 1788 2095 1843 Β

438 1898 546 1953 τῶν
569 1900 704 1972 πρὸς
722 1903 847 1967 τοὺς
869 1902 927 1969 ἐξ
944 1903 1173 1974 αἵματος
1200 1905 1422 1979 Ἰσραήλ
1441 1908 1749 1980 ὀιΚρίθητε
1770 1908 1904 1980 πρὸς
1924 1909 2022 1980 τὴν

440 1990 654 2062 μητέρα
686 1993 859 2063 ὑμῶν,
893 1993 1140 2068 κρίθητε,
1164 1996 1246 2049 ὅτι
1275 1995 1416 2066 αὕτη
1442 1997 1500 2051 οὐ
1534 2000 1672 2069 γυνή
1709 2015 1834 2069 μου,
1868 1998 2024 2068 κάγὼ

435 2080 536 2135 οὐκ
564 2083 703 2155 ἀνὴρ
732 2085 925 2156 αὐτῆς.
952 2087 1061 2140 Καὶ
1087 2087 1266 2160 ἐξαρῶ
1296 2088 1398 2156 τὴν
1429 2090 1684 2161 πορνείαν
1720 2092 1891 2163 αὐτῆς
1917 2092 2024 2164 πρὸ

435 2170 728 2241 προσώπου
754 2191 878 2245 μου,
897 2177 992 2228 καὶ
1014 2175 1118 2246 τὴν
1148 2177 1396 2248 μοιχείαν
1432 2179 1603 2247 αὐτῆς
1637 2182 1700 2232 ἐκ
1723 2180 1888 2250 μέσου
1914 2180 2022 2235 τῶν

437 2261 657 2330 μαστῶν
679 2264 871 2334 αὐτῆς,
900 2265 996 2319 καὶ
1033 2267 1321 2321 ἀποκτενῶ
1356 2268 1528 2339 αὐτὴν
1563 2271 1620 2322 ἐν
1644 2269 1807 2338 δίψει,
1837 2270 1932 2325 καὶ
1956 2270 2023 2325 τὰ

430 2352 599 2406 τέκνα
621 2354 791 2423 αὐτῆς
819 2357 880 2408 οὐ
911 2357 986 2427 μὴ
1016 2358 1243 2428 ἐλεήσω,
1264 2360 1346 2412 ὅτι
1366 2359 1535 2413 τέκνα
1559 2362 1812 2430 πορνείας
1842 2363 2013 2417 ἐστίν’

431 2443 513 2496 δτι
530 2443 966 2517 ἐξεπόρνευσενή
988 2449 1169 2518 μήτηρ
1186 2449 1725 2521 αὐτῶν,κατῄσχυνεν
1740 2455 1771 2522 ἡ
1784 2453 2024 2508 ’τεκοῦσα

434 2530 592 2587 αὐτὰ.
608 2552 627 2584 ι
664 2534 880 2599 Ὀποῖος
904 2536 960 2589 δέ
984 2538 1205 2604 γέγονεν
1225 2540 1361 2609 αὐτῇ
1375 2541 1472 2610 τῆς
1489 2542 1785 2611 πορνείαςό
1801 2544 2018 2615 τρόπος,

431 2624 732 2696 διεσάφησε
757 2627 931 2695 λέγων
968 2629 1055 2683 διὰ
1086 2631 1272 2701 φωνῆς
1322 2633 1600 2704 Ἰεζεχιήλ·
1630 2653 1648 2685 ι
1677 2634 1770 2688 re
1813 2635 2023 2707 ἀνθρὼ-

436 2731 560 2777 που,
585 2717 650 2768 οὐ
679 2720 882 2787 κρινεῖς
904 2719 1205 2789 τὴνὈολὰν
1231 2723 1325 2775 καὶ
1351 2723 1447 2794 τὴν
1481 2724 1725 2778 Ὀολιϐὰν
1749 2726 2017 2793 (τουτέστι

434 2805 531 2877 τὴν
565 2807 917 2880 Ἰερουσαλὴμ
938 2811 1029 2863 καὶ
1051 2812 1150 2883 τὴν
1179 2814 1543 2886 Σαμάρειαν),
1583 2817 1678 2870 καὶ
1701 2818 2020 2887 ἀναγγελεῖς

435 2898 626 2962 αὑταῖς
652 2900 750 2965 τὰς
793 2901 1023 2972 ἀνομίας
1054 2903 1264 2971 αὐτῶν,
1282 2906 1364 2959 ὅτι
1402 2908 1721 2978 ἐμοιχῶντο,
1749 2910 1841 2963 καὶ
1879 2905 2018 2980 αἷμα

433 2992 490 3042 ἐν
534 2993 654 3054 ταῖς
704 2993 892 3062 χερσὶν
949 2994 1167 3061 αὐτῶν;
1208 2995 1325 3067 ΙΤὰ
1388 2998 1754 3069 ἐνθυμήματα
1802 3002 2017 3075 αὐτῶν]

2125 543 2496 604 convertitur,
2564 551 2619 595 et
2673 537 2958 610 parvifttcit
3025 538 3453 607 perfttnctlenettt
3512 556 3698 599 eorum

2125 649 2245 703 qua:
2288 634 2354 686 ad
2398 632 2718 702 dignitatem
2764 630 3035 700 decusque
3078 631 3373 699 pertinent.
3411 629 3556 687 Talis
3598 635 3701 689 fuit

2127 726 2241 781 haec
2316 723 2621 780 Iudaeorum
2682 722 2979 801 Synagoga'
3031 738 3159 792 erga
3236 723 3401 780 Deum
3461 726 3699 781 omnium

2128 827 2412 870 rectorem.
2443 814 2680 870 Adduxit
2705 814 2850 869 enim
2877 828 2996 868 eam
3029 816 3095 869 ad
3127 815 3561 883 coniunctionem
3591 819 3703 885 spi-

2130 907 2405 972 ritualem,
2437 921 2532 974 per
2568 906 3030 975 sapientissimum
3073 905 3335 978 Moysem,
3367 909 3529 963 etiam
3576 924 3700 965 cum

2126 999 2274 1053 velut
2299 998 2489 1052 mulier
2513 999 2754 1067 quaedam
2785 1006 3019 1053 scortatu
3049 998 3243 1054 fuisset
3273 999 3326 1054 in
3354 998 3612 1072 Egypto,
3636 1017 3701 1054 eo

2124 1088 2268 1159 quod
2296 1087 2482 1142 eadem
2513 1101 2636 1143 cum
2664 1088 2772 1143 illis
2802 1090 3051 1156 sentiret,
3080 1096 3135 1145 et
3167 1089 3270 1145 diis
3305 1091 3415 1146 illic
3446 1093 3697 1153 serviret.

2124 1193 2243 1232 eam
2294 1186 2470 1232 tamen
2520 1187 2725 1233 tantum
2763 1194 2866 1234 non
2902 1179 2955 1235 in
2994 1180 3214 1235 domum
3247 1182 3469 1252 recepit.
3502 1184 3701 1238 Deinde

2124 1281 2247 1322 cum
2297 1267 2349 1321 in
2399 1268 2655 1336 pristinas
2706 1267 2926 1325 lacunas
2976 1269 3282 1337 insiliisset,
3314 1281 3370 1327 et
3423 1273 3603 1328 denuo
3647 1274 3698 1328 in

2125 1358 2445 1426 apostasiam
2499 1375 2780 1415 recurrere
2834 1354 3017 1428 vellet,
3059 1363 3308 1419 adoravit
3337 1366 3483 1420 enim
3534 1381 3697 1435 opera

2126 1462 2379 1501 manuum
2415 1464 2634 1503 suarum
2674 1450 2722 1515 ⁸,
2775 1452 2992 1522 repulit,
3033 1465 3089 1508 et
3132 1470 3160 1509 a
3192 1458 3572 1524 conjunctione
3602 1473 3698 1513 sua

2125 1538 2407 1605 alienavit,
2439 1551 2492 1596 et
2528 1551 2778 1611 tanquam
2815 1544 3096 1598 mulierem
3131 1549 3417 1614 quamdam
3452 1549 3696 1604 odiosam

2125 1641 2180 1687 et
2238 1631 2634 1700 pusillanimem
2700 1632 2851 1691 foras
2910 1635 3164 1691 exclusit.
3219 1636 3497 1705 Siquidem
3559 1641 3700 1710 apud

2124 1721 2410 1789 quemdam
2462 1731 2772 1777 sanctorum
2832 1725 3221 1794 prophetarum
3268 1727 3407 1781 dixit
3455 1730 3523 1783 ad
3575 1744 3700 1783 san-

2122 1813 2282 1881 guine
2323 1810 2618 1867 Israelitico
2658 1816 2916 1871 oriundos
2959 1831 2975 1871 :
3023 1835 3042 1870 t
3090 1816 3323 1886 Litigate
3360 1834 3481 1874 cum
3525 1830 3701 1876 matre

2123 1915 2323 1970 vestra,
2351 1903 2577 1975 litigate,
2606 1907 2731 1975 quia
2763 1906 2875 1976 ipsa
2911 1923 3016 1965 non
3052 1925 3189 1965 uxor
3224 1926 3365 1978 mea,
3395 1925 3568 1982 neque
3599 1927 3700 1979 ego

2123 2008 2240 2050 sum
2268 1994 2494 2052 maritus
2519 1995 2654 2064 ejus.
2681 1998 2939 2054 Auleram
2962 2004 3344 2058 scortatiouem
3369 2004 3487 2073 ejus
3509 2019 3538 2058 a
3560 2003 3700 2059 facie

2108 2099 2277 2150 'mea,
2324 2095 2377 2140 et
2409 2086 2729 2143 adulterium
2776 2088 2892 2158 ejus
2921 2091 3083 2162 762
3128 2092 3195 2147 de
3245 2094 3422 2149 medio
3473 2095 3697 2149 uberum

2122 2176 2262 2246 ejus.
2289 2185 2344 2231 et
2390 2178 2712 2233 interﬁciam
2751 2194 2871 2234 eam
2917 2183 3030 2248 siti,
3071 2191 3125 2237 et
3164 2183 3394 2239 ﬁliorum
3434 2184 3551 2253 ejus
3594 2197 3697 2239 non

2124 2268 2442 2335 miserebor,
2469 2269 2592 2337 quia
2621 2269 2712 2324 lilii
2738 2273 3087 2328 scortationis
3117 2283 3276 2332 sunt:
3313 2279 3509 2345 quippe
3529 2288 3700 2331 mater

2121 2371 2306 2412 eorum
2327 2370 2561 2414 scortata
2597 2371 2702 2428 est,
2734 2362 2997 2419 dedecore
3022 2373 3204 2419 notata
3232 2376 3334 2431 est,
3353 2383 3472 2435 qua
3493 2369 3700 2438 peperit

2121 2462 2215 2503 eos
2240 2449 2314 2503 ⁶;ι
2347 2445 2659 2519 Cujnsmodi
2694 2461 2872 2505 autem
2902 2452 3060 2507 fuerit
3086 2454 3433 2509 scortationis
3476 2454 3695 2518 modus.

2122 2540 2417 2597 declaravit
2461 2558 2593 2598 voce
2628 2545 2946 2611 Ezechielis,
2978 2548 3165 2604 dicens
3215 2567 3229 2604 :
3262 2567 3280 2601 ι
3308 2549 3404 2604 Fili
3442 2550 3694 2618 hominis,

2120 2646 2185 2685 an
2217 2647 2322 2686 non
2341 2631 2613 2702 iudicabis
2636 2632 2823 2689 Oolam
2849 2648 2902 2692 et
2928 2637 3163 2704 Olibam,
3184 2641 3234 2695 ld
3264 2649 3369 2706 est,
3400 2638 3698 2697 Jerusalem

2119 2732 2173 2777 et
2212 2723 2544 2789 Samariam,
2587 2734 2640 2780 et
2676 2728 3022 2782 annuntiabis
3068 2731 3148 2784 eis
3182 2730 3493 2799 iniquitates
3538 2745 3698 2794 Suus,

2119 2815 2245 2884 quia
2273 2817 2600 2872 meretricati
2627 2828 2772 2883 sunt,
2808 2826 2862 2872 et
2886 2820 3107 2889 sanguis
3134 2822 3187 2876 in
3215 2823 3461 2877 manibus
3484 2837 3697 2889 eorum,

2117 2915 2173 2961 et
2220 2908 2549 2963 meretricati
2604 2918 2733 2965 sunt
2781 2912 3200 2982 cogitationibus
3253 2915 3394 2979 suis,
3452 2922 3507 2969 et
3556 2914 3698 2970 ﬁlios

2118 3013 2245 3053 suos
2271 3014 2408 3069 quos
2436 3001 2567 3055 mihi
2604 3011 2924 3071 genuerunt,
2959 3005 3057 3073 ipsi
3095 3020 3192 3074 per
3224 3005 3400 3076 ignem
3439 3006 3698 3062 traduxe-

433 3082 887 3152 ἐμοιχῶντοικαὶ
931 3085 999 3139 τὰ
1046 3086 1212 3141 τέκνα
1261 3088 1461 3153 αὐτῶν,
1500 3089 1536 3143 ἃ
1565 3092 1864 3163 ἐγέννησάν
1902 3112 2014 3166 μοι,

2122 3099 2267 3144 runt.
2288 3090 2354 3146 Et
2381 3093 2493 3145 haec
2517 3091 2760 3147 fecerunt
2787 3092 2918 3147 mihi
2945 3112 2959 3147 :
2991 3094 3188 3149 Sancta
3219 3111 3335 3150 mea
3368 3097 3694 3167 polluerunt,

432 3171 694 3245 διήγαγον
707 3174 863 3228 αὐτοὶ
879 3174 947 3230 δι’
968 3177 1114 3246 ἐμπύ
1122 3180 1406 3250 ρων.”Εως
1432 3181 1527 3235 καὶ
1552 3183 1725 3237 ταῦτα
1752 3185 2016 3258 ἐποίησάν

434 3279 553 3332 μοι·
586 3262 667 3317 Τὰ
697 3264 826 3333 ἅγιά
855 3282 956 3336 μου
985 3267 1233 3339 ἐμίαναν,
1263 3271 1358 3324 καὶ
1379 3271 1447 3325 τὰ
1476 3273 1731 3328 Σάϐϐατά
1755 3293 1858 3346 μου
1883 3277 2016 3329 ἐδε-

429 3351 647 3423 όήλουν,
680 3355 775 3407 καὶ
808 3356 866 3408 ἐν
897 3356 977 3428 τῷ
1027 3359 1254 3427 σφάζειν
1282 3362 1479 3425 αὐτοὺς
1508 3363 1578 3417 τὰ
1619 3365 1782 3419 τέκνα
1836 3367 2017 3422 αὐτῶν

426 3444 539 3505 τοῖς
572 3444 809 3508 εἰδώλοις
850 3447 1048 3510 αὐτῶν,
1077 3450 1171 3503 καὶ
1213 3454 1623 3525 εἰσεπορεύοντο
1654 3445 1744 3521 ἐίς
1787 3458 1855 3512 τὰ
1884 3460 2017 3529 ἅγιά

433 3550 536 3603 μου
573 3534 669 3589 τοῦ
714 3536 976 3607 βεϐηλοῦν
1010 3541 1169 3596 αὑτά.
1208 3563 1227 3595 ι
1255 3535 1436 3598 1Ἡσσίν
1462 3546 1561 3617 μὲν
1588 3549 1697 3620 γὰρ
1726 3553 1783 3604 ἐν
1808 3555 1873 3623 τῇ
1908 3554 2011 3606 Σα-

436 3629 637 3699 μαρείᾳ
660 3628 791 3683 δέκα
822 3631 1005 3700 φυλαὶ,
1030 3632 1127 3686 καὶ
1164 3634 1223 3687 τὸ
1251 3636 1424 3709 ἥμισυ
1453 3638 1625 3707 φυλῆς
1659 3641 1894 3713 Ἐφραῖμ
1913 3658 1929 3675 ⁶
1957 3645 2014 3698 ἐν

431 3718 489 3771 δέ
523 3735 586 3786 γε
617 3724 728 3785 τοῖς
765 3721 1156 3795 Ἰεροσολύμοις
1190 3729 1357 3782 Ἰούδα
1405 3731 1568 3802 φυλὴ,
1601 3732 1696 3785 καὶ
1740 3734 1800 3786 τὸ
1837 3735 2010 3805 ἥμισυ

430 3806 603 3877 φυλῆς
633 3808 887 3880 Βενιαμίν
906 3831 919 3844 ’
952 3813 1065 3867 ἀλλ’
1092 3807 1237 3869 οὗτοί
1256 3833 1316 3868 τε
1347 3818 1588 3871 κάκεῖνοι
1615 3820 2015 3892 δεδυσσεϐήκα-

429 3913 513 3951 σιν
536 3900 595 3951 οὐ
629 3903 884 3972 μετρίως,
915 3905 1114 3974 μᾶλλον
1151 3907 1208 3961 δὲ
1234 3909 1314 3970 είς
1342 3908 1495 3977 λῆξιν
1525 3910 1745 3982 ἁπάσης
1775 3913 2009 3986 ἐμϐρον-

424 4005 491 4059 τη
500 3990 619 4054 σίας
637 3992 960 4058 ἀκαθέκτοις
975 3998 1554 4067 ὁρμαῖςἜιελάσαντες,
1571 4001 1636 4055 τὰ
1652 4003 2011 4076 ἐνθυμήματα

424 4081 604 4134 αὐτῶν
659 4084 993 4154 ἐμοιχῶντοο
1022 4088 1320 4153 τουτέστιν,
1354 4091 1536 4162 ’Ἄπερ
1583 4092 1890 4165 ἐπένθησαν
1934 4096 2010 4168 (l)

425 4171 580 4224 αὐτοὶ
611 4172 824 4239 εἴδωλα,
852 4174 1032 4230 ταῦτα
1052 4179 1299 4249 μοιχείας
1336 4179 1526 4253 ὥσπερ
1554 4182 1698 4246 τινδς
1727 4186 1822 4239 καὶ
1870 4205 2007 4259 πορ-

424 4261 573 4326 νείας
616 4264 815 4335 νοητῆς
839 4267 1071 4323 ’ἐποίουν
1113 4270 1406 4341 πρόφασιν,
1433 4273 1843 4344 ἀποστήσαντες
1880 4280 2006 4332 ἐαυ-

420 4351 532 4405 τῶν
553 4353 650 4417 τὰς
672 4355 899 4427 καρδίας
924 4358 1018 4410 τοῦ
1047 4361 1104 4413 ἐν
1132 4360 1283 4427 τάξει
1309 4364 1570 4430 γυναικὸς
1597 4366 2007 4435 παραλαϐόντος

2120 3178 2357 3235 Sabbata
2406 3197 2524 3236 mea
2580 3183 2937 3252 profanarum
2985 3204 3000 3238 :
3052 3201 3172 3239 cum
3222 3187 3539 3263 jugularent
3597 3189 3696 3258 ipsi

2121 3272 2258 3327 ﬁlios
2303 3288 2430 3328 suos
2479 3273 2634 3330 idolis
2677 3276 2810 3341 suis,
2850 3286 2904 3329 et
2951 3276 3363 3346 ingrederentur
3409 3279 3461 3332 in
3505 3290 3694 3335 sancta

2119 3379 2236 3417 mea
2264 3364 2329 3418 ad
2361 3365 2639 3433 pollnemla
2664 3381 2727 3421 ea
2752 3366 2795 3419 ⁷.
2829 3385 2846 3420 ι
2877 3364 3116 3422 Fuerunt
3141 3369 3339 3423 etenim
3369 3371 3419 3423 in
3449 3368 3694 3426 Samaria

2117 3456 2301 3510 decem
2333 3458 2527 3521 tribus,
2550 3467 2604 3512 et
2630 3458 2855 3513 dimidia
2886 3459 3060 3515 tribus
3084 3460 3359 3529 Epltraim.
3388 3460 3693 3534 Hierosoly-

2119 3545 2244 3613 mis,
2274 3544 2407 3601 Jnda
2445 3548 2636 3613 tribus,
2673 3558 2727 3604 et
2758 3550 2980 3605 dimidia
3050 3551 3221 3605 tribus
3255 3550 3549 3620 Be’njamiu.
3586 3554 3691 3610 Sed

2121 3644 2231 3688 tmn
2264 3636 2341 3699 bi,
2376 3646 2484 3690 tum
2517 3637 2590 3692 illi
2625 3639 2768 3694 baud
2802 3640 3150 3695 mediocriter
3175 3641 3508 3710 impietatem
3534 3656 3692 3696 excr-

2116 3736 2363 3793 cuerunt,
2394 3727 2501 3784 imo
2527 3729 2595 3785 ad
2624 3731 2799 3784 omnis
2827 3731 3161 3801 stupiditatis
3188 3732 3401 3788 culmen
3431 3732 3694 3789 effrenato

2118 3819 2317 3888 impetu
2367 3830 2750 3887 pervenerunt.
2786 3822 3214 3892 cogitationibus
3262 3823 3380 3878 suis
3421 3823 3694 3893 adultera-

2117 3919 2261 3973 runt,
2298 3909 2350 3962 id
2398 3918 2673 3977 est,.quze-
2702 3911 2797 3979 ipsi
2843 3913 3218 3980 exeogitarunt
3274 3913 3434 3978 idola,
3472 3914 3586 3970 haec
3636 3917 3691 3972 in

2117 4000 2365 4055 adulterii
2393 4012 2455 4055 et
2469 4002 2816 4057 seortationis
2842 4002 3121 4072 cujusdam
3152 4003 3508 4076 intelligibilis
3529 4022 3690 4063 oeca-

2117 4091 2660 4157 simtemverterunt,
2696 4093 2860 4148 corde
2893 4106 3004 4147 suo.
3029 4094 3340 4150 deﬁcientes
3372 4113 3402 4149 a
3439 4095 3566 4165 Deo,
3596 4100 3686 4167 qni

2115 4196 2208 4237 eos
2237 4181 2353 4237 loco
2381 4183 2563 4238 uxoris
2590 4184 2900 4251 assumpsit.
2922 4181 3055 4239 Nam
3089 4185 3226 4240 dixit
3247 4186 3314 4241 ad
3342 4185 3683 4259 Synagogam

2112 4273 2453 4339 Iudaeorum,
2514 4275 2887 4331 universorum
2951 4278 3122 4343 Deus,
3178 4292 3307 4332 voce
3361 4275 3607 4334 Jeremia:
3667 4298 3682 4335 :

2118 4382 2136 4416 ι
2192 4364 2381 4420 Facies
2433 4368 2737 4422 meretricis
2782 4366 2923 4422 facta
2975 4381 3060 4424 est
3112 4369 3229 4436 tibi,
3262 4370 3563 4441 depuduisti
3614 4376 3681 4427 ad

421 4440 576 4496 Θεοῦ.
604 4444 713 4497 Καὶ
742 4446 872 4514 γοῦν
900 4447 1004 4520 ἔφη
1036 4450 1172 4520 πρὸς
1198 4450 1295 4522 τὴν
1321 4451 1429 4505 τῶν
1458 4454 1725 4508 Ἰουδαίων
1750 4456 2003 4526 Συναγω-

2118 4472 2314 4511 omnes.
2355 4457 2542 4513 Nonne
2575 4460 2641 4512 ad
2675 4460 2775 4513 hoc
2809 4474 2978 4530 usque
3015 4469 3224 4531 tempus
3259 4478 3343 4517 me
3376 4464 3600 4530 vocasti,
3629 4476 3683 4518 et

419 4531 522 4602 γὴν
563 4534 591 4587 ὁ
633 4534 742 4588 τῶν
769 4536 907 4590 ὅλων
954 4539 1084 4603 Θεὸς
1121 4541 1209 4595 διὰ
1239 4545 1423 4614 φωνῆς
1460 4545 1725 4616 Ἰερεμίου
1754 4563 1766 4577 ο
1809 4549 2004 4619 ι’(λμις

423 4622 628 4693 πόρνης
664 4627 879 4694 ἐγένετό
914 4647 1015 4693 σοι,
1054 4632 1572 4706 ἀπηναισχύντησας
1600 4638 1736 4709 πρὸς
1762 4640 2000 4703 πάντας·

421 4712 518 4783 οὐχ
549 4713 624 4779 ὡς
650 4712 798 4772 οἶκόν
826 4720 893 4790 μὲ
922 4722 1208 4787 ἐκάλεσας.
1241 4727 1333 4778 καὶ
1368 4728 1600 4799 πατέρα,
1642 4731 1735 4783 καὶ
1760 4733 2003 4803 ἀρχηγὸν

418 4806 520 4875 τῆς
586 4807 879 4878 παρθενίας
939 4830 1056 4888 eos;
1089 4834 1106 4865 ι
1148 4816 1624 4888 Ἐκπορνεύσασαν
1670 4821 1849 4876 τοίνυν
1911 4824 2010 4897 τὴν

418 4894 528 4949 τῶν
575 4897 838 4954 Ἰουδαίων
884 4906 1133 4977 μητέρα,
1188 4911 1690 4983 καταλελειμμένην
1744 4918 2001 4982 γυναῖκα,

418 4988 510 5042 καὶ
567 4990 993 5065 ὀλιγόψυχον,ἐκ
1036 4999 1288 5070 νεότητος
1349 5005 1729 5074 μεμισημένην
1781 5007 2005 5072 εἰκότως

416 5080 684 5136 ἀποκαλεῖ
701 5101 715 5113 '
742 5085 1050 5155 διαλέγεται
1079 5089 1136 5144 δέ
1161 5095 1295 5164 πρὸς
1318 5093 1387 5146 τὰ
1413 5093 1559 5164 ἔθνη,
1589 5096 1681 5149 καί
1717 5114 1879 5167 φησιν
1904 5100 2002 5170 οὐχ

412 5170 557 5225 οὕτω
589 5174 885 5245 κεκλῆσθαι
925 5180 1018 5232 καὶ
1046 5181 1182 5236 αὐτὰ
1231 5184 1365 5253 πρὸς
1402 5185 1699 5252 ἐπίγνωσιν
1742 5188 1833 5240 τοῦ
1861 5190 1999 5258 Χρι-

418 5261 566 5324 στοῦ,
614 5263 868 5335 καθάπερ
916 5268 1108 5337 ἀμέλει
1148 5272 1240 5324 καὶ
1282 5272 1315 5341 ή
1362 5274 1854 5346 καταλελειμμένη,
1903 5278 1995 5330 καὶ

413 5348 768 5421 ὀλιγόψυχος,
796 5357 889 5409 καὶ
939 5359 1001 5410 ἐκ
1045 5361 1293 5432 νεότητος
1344 5365 1692 5435 μεμισημένη
1735 5367 1994 5438 κέκληται

487 5522 509 5555 ⁸
546 5525 647 5579 lsa.
676 5542 736 5594 ιι,
767 5529 817 5586 8.
895 5534 916 5566 ⁸
943 5531 1068 5590 Ose.
1102 5551 1160 5600 ιι,
1189 5536 1311 5591 2-5.
1388 5540 1406 5568 τ
1434 5538 1629 5594 Ezeclt.
1666 5544 2024 5605 διαμενεῖ-⁸59.

498 5679 576 5748 (l)
610 5680 827 5751 Legisse
859 5686 1071 5742 videtur
1098 5690 1354 5747 llunl'red.
1394 5693 1827 5770 ἐπενοῇθηισανη

2108 4557 2316 4615 patrem
2351 4557 2405 4603 et
2435 4550 2625 4604 ducem
2656 4552 2984 4621 virginitatis
3015 4561 3118 4608 tua:
3140 4552 3197 4607 ‘?
3237 4573 3256 4606 ι
3294 4553 3517 4610 Matrem
3551 4571 3682 4623 ergo

2105 4636 2411 4696 Judaeorum
2442 4656 2565 4711 quae
2587 4652 2819 4697 scortata
2846 4652 2950 4710 est,
2978 4644 3290 4700 derelictam
3324 4647 3601 4701 mulierem
3628 4656 3683 4702 et

2110 4731 2526 4798 pusillanimem,
2546 4735 2992 4794 abadolescentia
3013 4737 3279 4802 odiosam,
3295 4739 3486 4794 merito
3503 4748 3678 4794 vocat.

2111 4822 2244 4878 Cum
2277 4827 2526 4895 gentibus
2556 4835 2734 4881 autem
2763 4829 3023 4898 disputet,
3050 4830 3233 4898 aitque
3256 4845 3362 4884 non
3390 4831 3468 4886 sic
3491 4845 3584 4888 eas
3612 4835 3677 4887 ad

2110 4916 2433 4983 agnitionem
2494 4916 2691 4971 Christi
2752 4926 2970 4973 vocatas
3027 4934 3177 4984 esse,
3228 4922 3677 4989 quemadmodum

2106 5008 2355 5063 videlicet
2387 5010 2502 5064 bme
2534 5011 2812 5077 derelicta,
2839 5022 2893 5066 et
2930 5029 3096 5082 parvo
3129 5012 3309 5067 animo
3346 5016 3593 5082 praedita,
3624 5029 3678 5070 et

2107 5098 2176 5151 ab
2227 5100 2587 5155 adolescentia
2641 5103 2767 5157 odio
2822 5102 3002 5158 habita
3055 5103 3278 5168 mulier,
3332 5116 3516 5160 vocata
3568 5116 3672 5160 est.

2105 5187 2333 5243 Maxima
2374 5192 2516 5245 enim
2558 5201 2651 5247 est
2674 5194 2974 5250 vocationis
3015 5188 3337 5251 diﬂ'erentia.
3366 5195 3671 5273 Jlndmorum

2102 5293 2335 5348 namque
2382 5279 2677 5351 Synagnga'.
2714 5286 3008 5339 excmcatio
3074 5284 3213 5339 facta
3258 5295 3343 5340 est
3380 5303 3445 5341 ex
3489 5298 3672 5355 parte,

2098 5371 2237 5424 sicut
2282 5372 2455 5439 inquit
2499 5373 2936 5441 sapientissimus
2975 5373 3175 5430 Paulus
3214 5375 3256 5431 '.
3314 5375 3380 5431 Et
3452 5377 3675 5432 obtene-

2108 5546 2129 5577 ⁸
2153 5545 2260 5602 Jer.
2302 5564 2380 5615 ιιι,
2407 5548 2458 5617 5,
2494 5549 2546 5603 4.
2626 5549 2647 5580 ⁹
2678 5549 2832 5607 Rom.
2869 5567 2941 5621 ιι,
2970 5552 3060 5608 25.
