4092 6296
461 296 598 349 1205
685 311 688 318 '

1448 297 1506 354 S.
1546 296 1821 354 CYRILLI
1860 299 2326 357 ALEXANDRIM
2365 303 2685 359 ARCHIEP.

3585 299 3722 357 19.οι

458 408 598 462 brati
647 415 776 460 sunt
822 408 964 463 oculi
1017 421 1205 463 eorum
1257 421 1322 461 ne
1366 409 1612 472 videant,
1647 419 1702 464 et
1753 410 2027 464 incurvata

2135 413 2287 482 γυνή.
2319 411 2552 482 Πλείστη
2599 411 2706 481 γὰρ
2747 413 2844 479 ἀτη
2875 413 2971 480 τῆς
3005 409 3250 479 κλήσέως
3286 409 3319 477 ἡ
3355 407 3604 476 διαφορά.
3639 407 3722 478 Τῇ

457 503 617 556 dorsa
637 501 705 566 ’⁸,
737 500 786 554 id
818 510 920 564 est,
955 507 1188 556 mentem
1218 514 1435 554 curvam
1467 502 1797 566 habuerunt,
1823 517 2034 572 semper

459 595 711 648 deorsum
756 600 1108 660 spectantem,
1144 603 1198 647 et
1225 592 1278 646 in
1322 607 1409 649 rrs
1449 603 1692 648 terrenas
1721 595 2030 663 proclivem.

459 691 522 742 At
558 688 806 756 gentibus
850 686 984 740 nihil
1026 685 1291 756 ejusmodi
1337 688 1538 742 evenit.
1567 687 1682 741 Non
1714 689 1856 743 enim
1891 688 2030 743 oculi

457 792 644 830 earum
677 777 1015 831 obtenebrati
1047 785 1195 842 sunt,
1241 778 1334 832 sed
1368 779 1548 848 potius
1581 780 1833 834 illustrati
1861 797 1875 845 ;
1926 797 2030 835 non

457 868 796 920 incurvatum
818 877 903 923 est
922 869 1163 934 dorsum,
1180 870 1272 923 sed
1297 869 1706 940 intelligibiliter
1726 871 1885 942 763
1908 886 2033 927 ere-

456 957 634 1022 rrtum';
695 973 795 1013 nec
837 969 1068 1014 servatae
1133 967 1258 1015 sunt
1300 961 1464 1016 totius
1535 961 1772 1029 reliquiae
1835 962 2029 1026 solum,

459 1056 516 1098 ut
562 1048 614 1101 iu
670 1047 867 1114 Israel,
932 1048 1026 1103 sed
1077 1048 1324 1104 universa
1374 1064 1564 1105 eorum
1616 1050 1901 1104 multitudo
1939 1065 2034 1119 per

454 1140 730 1194 Christum
761 1140 970 1195 irretita
999 1150 1054 1195 et
1082 1150 1238 1211 capta
1266 1149 1372 1206 est,
1403 1151 1459 1197 et
1497 1142 1563 1197 ad
1602 1139 1834 1196 salutem
1864 1143 2032 1198 addu-

455 1239 572 1293 cta,
607 1242 768 1299 atque
815 1232 884 1287 ab
933 1233 1138 1288 erroris
1187 1232 1508 1288 criminibus
1553 1232 1856 1298 vindicata,
1888 1247 1952 1288 ac
2001 1248 2034 1290 e

459 1321 772 1388 laqueorum
823 1325 1029 1392 peccati
1079 1323 1333 1380 violentia
1379 1325 1586 1392 elapsa.
1619 1323 1822 1379 Vocata
1869 1324 2034 1394 igitur

457 1423 563 1476 est,
597 1428 704 1467 non
737 1424 796 1469 ut
823 1415 1032 1493 abiecta
1064 1427 1120 1472 et
1150 1417 1335 1473 odiosa
1379 1416 1573 1471 mulier
1618 1435 1633 1471 :
1679 1418 1796 1481 sed,
1826 1417 2032 1473 Modico

461 1515 725 1572 tempore,
759 1505 952 1572 inquit,
983 1505 1242 1572 dereliqui
1283 1516 1353 1571 te,
1383 1516 1440 1561 et
1483 1507 1536 1562 in
1581 1523 1775 1578 magna
1823 1508 2032 1563 miseri-

457 1594 642 1647 cordia
693 1595 993 1653 miserebor
1037 1595 1130 1649 tui.
1169 1595 1379 1651 Etenim
1423 1597 1702 1668 superiore
1749 1599 2029 1663 memoria,

459 1693 532 1735 uti
563 1683 638 1737 ait
679 1682 878 1737 Christi
925 1683 1241 1752 discipulus,
1269 1685 1516 1753 permisit
1557 1686 1698 1740 Deus
1739 1695 1928 1758 gentes
1973 1687 2027 1742 in

459 1774 564 1828 viis
583 1774 698 1830 suis
730 1774 1102 1839 mnbulare'°‘,
1138 1785 1298 1844 atque
1313 1790 1376 1830 ea
1397 1785 1500 1840 est,
1535 1776 1748 1845 opinor,
1781 1776 1847 1830 ad
1869 1778 2032 1832 breve

457 1873 512 1919 et
552 1866 805 1934 exiguum
849 1872 1060 1933 tempus
1098 1865 1379 1921 derelictio
1406 1866 1469 1920 ¹¹.
1511 1866 1731 1920 Etiamsi
1772 1867 1917 1921 enim
1963 1866 2030 1921 ad

458 1953 683 2007 mtdtum
731 1954 987 2022 temporis
1032 1953 1262 2009 durasse
1317 1955 1598 2021 videatur,
1640 1963 1820 2009 tamen
1858 1954 1938 2010 sic
1974 1956 2028 2008 in

455 2041 617 2095 breve
643 2047 698 2095 et
716 2042 968 2112 exiguum
986 2052 1319 2098 momentum
1342 2043 1700 2097 contrahitur.
1731 2041 1894 2096 Multo
1923 2042 2025 2113 igi-

456 2140 542 2184 tur
568 2129 779 2200 longius
805 2141 887 2186 est
911 2129 1523 2200 tempusimisericordiae
1537 2145 1648 2187 suae
1667 2139 1721 2186 et
1743 2131 2024 2197 lninfiuita

453 2220 648 2276 sucula
675 2221 964 2291 procurrit.
992 2221 1084 2278 Sic
1107 2223 1269 2278 etiam
1305 2223 1568 2292 intelliges
1598 2223 1649 2277 id
1679 2226 1821 2293 quod
1847 2225 2028 2294 sequi~

455 2321 564 2378 tur,
597 2313 874 2377 nimirum,
912 2313 965 2381 lu
1001 2314 1078 2370 ira
1109 2315 1317 2370 modica
1367 2317 1538 2371 averti
1572 2314 1764 2371 faciem
1795 2331 1968 2370 meam
1997 2332 2026 2370 a

458 2415 540 2468 te,
583 2413 639 2460 et
685 2405 737 2460 in
787 2406 1164 2462 misericordia
1216 2408 1546 2478 sempiterna
1594 2407 1888 2462 miserebor
1933 2407 2028 2462 tui.

451 2495 622 2552 Breve
638 2498 779 2552 enim
803 2508 857 2552 et
880 2506 1218 2553 contractum
1241 2507 1326 2553 est
1343 2500 1434 2553 irae
1460 2507 1691 2566 tempus,
1710 2499 1753 2552 si
1772 2497 1837 2552 ad
1865 2497 2035 2567 longi-

455 2587 694 2643 tudinem
720 2589 1072 2644 humanitatis
1114 2604 1386 2659 nunquam
1413 2589 1656 2643 ﬁnienda:
1687 2590 1840 2646 nobis
1861 2605 1894 2645 a
1925 2590 2033 2645 Deo

454 2679 592 2734 data:
621 2679 953 2744 conferatur,
982 2681 1074 2749 qui
1109 2696 1208 2736 nos
1237 2688 1292 2735 et
1322 2697 1350 2734 a
1380 2689 1648 2750 potestate
1685 2681 2028 2735 tenebrarum

452 2772 615 2836 eruit,
655 2783 711 2826 et
735 2772 800 2825 ad
828 2788 1051 2842 regnum
1096 2773 1215 2828 Filii
1265 2772 1567 2829 dilectionis
1607 2788 1738 2840 sum,
1770 2774 1821 2828 in
1861 2774 2030 2828 lucem

455 2863 822 2922 transtulit’".
846 2863 1034 2934 Magna
1056 2873 1233 2920 autem
1255 2863 1368 2918 hanc
1382 2865 1747 2920 misericordia
1769 2881 1863 2934 per
1877 2867 2030 2921 Chri-

453 2963 596 3008 stum
627 2955 822 3010 merito
853 2956 1074 3026 intelligi
1108 2958 1286 3022 debet,
1318 2957 1410 3025 qui
1454 2956 1520 3011 ab
1555 2955 1809 3011 omnibus
1841 2957 2032 3012 liberat

2147 503 2246 570 μὲν
2277 504 2384 572 γὰρ
2428 502 2696 555 Ἰουδαίων
2721 502 3017 572 Συναγωγῇ
3050 502 3144 554 καὶ
3179 501 3418 571 πύρωσις
3463 499 3572 551 ἀπὸ
3623 499 3722 568 μέ-

2137 610 2265 663 ρους
2319 593 2534 660 γέγονε,
2569 592 2711 644 καθά
2745 608 2908 660 φησιν
2931 593 2958 644 ὁ
2998 591 3271 658 πάνσοφος
3295 587 3504 651 Παῦλος
3523 606 3540 620 ο
3567 590 3725 641 ἐσκο-

2133 684 2394 753 τίσθησαν
2432 683 2488 736 δὲ
2525 685 2618 736 καὶ
2668 683 2715 734 οί
2743 680 3012 750 ὀφθαλμοὶ
3044 680 3223 734 αὐτῶν
3253 679 3346 732 τοῦ
3379 679 3453 750 μὴ
3483 678 3720 747 βλέπειν,

2137 773 2490 844 συνεκάμφθη
2529 773 2584 826 δὲ
2611 774 2705 826 καὶ
2724 772 2792 826 τὰ
2827 772 2990 828 νῶτα,
3016 771 3280 833 τουτέστι,
3304 770 3395 823 τδν
3415 768 3537 821 νοῦν
3563 770 3720 837 saxi;-

2135 883 2292 919 κασιν
2322 866 2408 918 ἀεὶ
2433 866 2582 919 κάτω
2620 866 2906 936 βλέποντα,
2942 865 3037 919 καὶ
3071 868 3183 928 τοῖς
3209 865 3417 932 γηῖνοις
3451 862 3725 933 ἐνορῶντα

2137 959 2442 1029 πράγμασι.
2522 959 2644 1022 Τοῖς
2697 975 2759 1025 γε
2810 958 2917 1028 μὴν
2959 956 3018 1023 ἐξ
3072 955 3241 1009 ἐθνῶν
3297 954 3446 1007 οὐδὲν
3521 953 3724 1025 συνέὸη

2133 1051 2390 1104 τοιοῦτον.
2421 1051 2498 1104 Οὐ
2528 1051 2635 1120 γὰρ
2668 1051 3060 1122 ἐσκοτίσθησαν
3107 1048 3285 1103 αὐτῶν
3333 1049 3381 1100 οἱ
3427 1046 3719 1116 ὀφθαλμοὶ,

2135 1141 2245 1195 ἀλλ’
2290 1141 2668 1210 ὲφωτίσθησαν
2717 1141 2937 1209 μᾶλλον,
2974 1141 3069 1193 καὶ⁵
3121 1139 3182 1192 οὐ
3232 1135 3586 1206 συνεκάμφθη
3659 1139 3724 1194 τὸ

2135 1230 2324 1289 νῶτον,
2356 1230 2470 1283 ἀλλ’
2501 1229 2732 1301 ὠρθώθη
2760 1229 2966 1299 νοητῶς
3033 1228 3148 1282 ἀλλ’
3173 1227 3295 1281 οὐδὲ
3324 1227 3590 1280 σέσωσται
3628 1237 3726 1278 και

2136 1322 2264 1393 παρ’
2303 1323 2483 1382 αὐτοῖς
2513 1322 2572 1375 τὸ
2607 1323 2955 1392 κατάλειμμα
2985 1321 3081 1374 τοῦ
3116 1321 3338 1384 παντὸς,
3369 1318 3512 1373 καθὰ
3547 1319 3641 1372 καὶ
3664 1319 3724 1370 ἐν

2132 1410 2209 1480 τῷ
2251 1411 2496 1482 Ἰσραήλ⁸
2522 1412 2670 1465 πᾶσα
2705 1412 2760 1464 δὲ
2800 1411 3000 1480 μᾶλλον
3034 1408 3214 1464 αὐτῶν
3246 1411 3279 1480 ἡ
3314 1409 3522 1480 πληθὺς
3557 1425 3725 1460 σεσα-

2133 1503 2392 1572 γήνευται
2431 1501 2520 1554 διὰ
2551 1501 2808 1573 Χριστοῦ,
2841 1503 2933 1556 καὶ
2959 1502 3225 1573 ἐκομίσθη
3259 1501 3395 1571 πρὸς
3427 1499 3722 1570 σωτηρίαν,

2135 1593 2227 1645 καὶ
2271 1592 2377 1644 τῶν
2425 1597 2524 1663 τῆς
2575 1592 2784 1663 πλάνης
2835 1593 3179 1662 αἰτιαμάτων
3225 1591 3587 1662 ἀπήλλακται,
3628 1589 3727 1642 καὶ

2133 1683 2240 1734 τῶν
2267 1682 2364 1752 τῆς
2399 1683 2672 1754 ἁμαρτίας
2707 1683 2918 1754 βρόχων
2948 1683 3132 1752 διέδρα
3156 1682 3253 1751 τὴν
3288 1682 3574 1751 ἐπήρειαν.
3620 1681 3730 1733 Κέ-

2133 1774 2327 1842 κληται
2370 1773 2551 1826 τοίνυν
2597 1775 2696 1844 οὐχ
2733 1773 2928 1837 οῦτως,
2977 1774 3115 1842 ὠςή
3150 1771 3457 1841 ἀπόϐλητος
3495 1769 3590 1822 καὶ
3617 1785 3717 1837 με·

2138 1863 2421 1934 μισημένη
2447 1866 2600 1933 γυνή·
2675 1860 2811 1928 ἀλλ’,
2838 1864 2933 1926 Εἰς
2965 1863 3153 1934 χρόνον
3175 1862 3391 1934 μικρὸν,
3416 1862 3569 1931 amat,
3587 1879 3725 1915 xar-

2137 1955 2322 2030 έλιπόν
2355 1972 2436 2020 σε,
2470 1956 2562 2008 καὶ
2610 1955 2747 2025 μετὰ
2783 1955 2968 2020 ἐλέους
3015 1955 3247 2026 μεγάλου
3292 1953 3500 2022 ἐλεήσω
3535 1971 3612 2006 σε.
3633 1955 3726 2006 Ἐν

2142 2047 2239 2116 μὲν
2279 2047 2388 2117 γὰρ
2420 2048 2542 2109 ταῖς
2586 2047 3013 2118 παρῳχημέναις
3039 2049 3275 2113 γενεαῖς,
3308 2044 3451 2099 καθά
3493 2045 3726 2114 φησινςὸ

2137 2137 2374 2207 Χριστοῦ
2423 2136 2695 2208 μαθητὴς,
2724 2136 3116 2208 συγκεχώρηκε
3160 2135 3296 2198 Θεὸς
3340 2135 3408 2188 τὰ
3455 2135 3582 2205 ἔθνη
3627 2152 3727 2189 που

2141 2227 2390 2299 ρεύεσθαι
2408 2231 2526 2292 ταῖς
2541 2230 2679 2292 ὁδοῖς
2708 2230 2886 2283 αὐτῶν
2908 2247 2920 2259 ·
2963 2230 3057 2282 καὶ
3093 2228 3272 2293 τοῦτο,
3302 2225 3478 2298 οἶμαι,
3506 2229 3658 2280 ἐστὶν
3687 2229 3720 2298 ἡ

2137 2320 2520 2390 ὲγκατὰλειψις
2553 2322 2585 2392 ἡ
2613 2322 2692 2384 είς
2720 2321 2912 2391 χρόνον
2943 2321 3158 2390 μικρόν.
3189 2320 3252 2372 Et
3295 2318 3404 2390 γὰρ
3443 2320 3538 2372 καὶ
3579 2317 3727 2370 δοκεῖ

2136 2429 2252 2475 πως
2307 2415 2387 2476 είς
2436 2413 2680 2483 μακροὺς
2723 2412 2976 2478 γενέσθαι
3011 2413 3254 2483 καιροὺς,
3289 2411 3426 2465 ἀλλά
3457 2410 3552 2463 καὶ
3583 2408 3726 2462 οῦτω

2135 2503 2481 2556 συστέλλεται
2507 2503 2643 2574 πρὸς
2672 2504 2733 2556 τὸ
2757 2503 2952 2575 βραχύ.
2980 2502 3403 2556 Πολλαπλασίων
3439 2502 3547 2571 ἀρα
3573 2503 3600 2553 ὁ
3631 2499 3724 2553 τοῦ

2134 2593 2318 2657 ἐλέους
2367 2593 2576 2662 καιρὸς,
2612 2594 2706 2647 καὶ
2760 2595 2839 2658 εἰς
2881 2595 3218 2667 ἀπεράντους
3275 2592 3478 2654 αἰῶνας
3516 2592 3722 2662 τρέχει.

2133 2682 2290 2738 Οῦτω
2336 2685 2591 2754 συνήσεις
2633 2685 2726 2739 καὶ
2750 2685 2810 2738 τὸ
2847 2685 3064 2756 ἐφεξῆς,
3096 2685 3396 2750 τουτέστιν,
3445 2685 3534 2736 Ἐν
3564 2681 3725 2753 θυμῷ

2136 2775 2317 2847 μικρῷ
2351 2775 2669 2848 ἀπέστρεψα
2695 2776 2756 2829 τδ
2791 2777 3085 2848 πρόσωπον
3119 2794 3218 2846 μου
3251 2777 3359 2828 ἀπὸ
3395 2774 3512 2837 σοῦ,
3543 2776 3637 2827 καὶ
3669 2776 3728 2826 ὲν

2131 2869 2272 2922 ἐλέει
2317 2868 2522 2939 αίωνίῳ
2559 2867 2766 2940 ὲλεήσω
2805 2886 2894 2939 σε’
2933 2867 3140 2941 βραχὺς
3165 2867 3275 2937 γὰρ
3313 2869 3406 2920 καὶ
3441 2865 3726 2919 συνεσταλ-

2139 2960 2302 3029 μένος
2333 2961 2431 3031 τῆς
2463 2960 2635 3030 ὀργῆς
2668 2961 2696 3012 ὁ
2731 2961 2942 3031 καιρὸς,
2971 2961 3047 3024 ὡς
3081 2960 3218 3030 πρός
3250 2976 3314 3027 γε
3343 2959 3402 3012 τὸ
3437 2959 3607 3030 μῆκος
3626 2958 3726 3026 τῆς

453 3047 725 3112 sordibus,
757 3062 787 3100 a
815 3047 1079 3116 supplicio
1105 3058 1160 3104 et
1186 3063 1346 3117 pains
1377 3048 1558 3116 eripit,
1590 3049 1655 3102 ad
1689 3047 2026 3115 conjunctio-

2135 3051 2511 3122 ἀκαταλήκτου
2555 3051 2962 3122 φιλανθρωπίας
2989 3051 3088 3122 τῆς
3114 3050 3362 3121 δοθείσης
3391 3051 3526 3120 ἡμῖν
3570 3049 3722 3120 παρά

456 3153 576 3191 nem
620 3152 739 3191 cum
779 3138 896 3206 ipso
935 3152 1029 3206 per
1063 3137 1546 3194 sanetilicationem
1581 3137 1805 3202 reducit,
1837 3146 1892 3191 et
1931 3138 2025 3190 ad-

453 3229 688 3297 optionis
733 3229 963 3284 filiorum
1009 3232 1344 3286 ornamentis
1389 3236 1646 3293 coronat,
1680 3229 2030 3298 baeredesque

457 3320 604 3388 regni
637 3320 894 3376 ctelorum
926 3331 1164 3390 praestat.

2135 3140 2270 3195 Θεοῦ
2289 3160 2300 3172 ⁸
2335 3141 2392 3204 ὃς
2421 3140 2485 3212 δὴ
2511 3143 2604 3195 καὶ
2642 3142 2908 3214 ὲῤῥῦσατο
2940 3143 3086 3213 ἡμᾶς
3115 3142 3178 3193 ἐκ
3213 3141 3312 3211 τῆς
3339 3139 3588 3207 ἐξουσίας
3629 3139 3721 3193 τοῦ

2139 3233 2383 3297 σκότους,
2408 3235 2504 3287 καὶ
2533 3234 2867 3306 μετέστησεν
2905 3235 2986 3298 είς
3021 3234 3122 3304 τὴν
3163 3232 3440 3304 βασιλείαν
3472 3231 3566 3284 τοῦ
3591 3229 3718 3284 Υίοῦ

2138 3322 2236 3392 τῆς
2287 3323 2509 3395 ἀγάπης
2537 3324 2699 3377 αὐτοῦ
2728 3325 2784 3378 ὲν
2832 3323 2992 3394 φωτί.
3037 3324 3223 3386 Ἔλεος
3269 3322 3325 3375 δὲ
3373 3323 3515 3393 μέγα
3547 3320 3607 3373 τὸ
3633 3319 3719 3372 διὰ

455 3413 690 3483 Χριστοῦ
730 3417 902 3468 νοοῖτο
929 3415 995 3468 ἀν
1022 3415 1268 3481 είκὸτως,
1328 3415 1357 3467 δ
1389 3415 1484 3468 καὶ
1521 3414 1720 3476 παντὸς
1777 3395 2107 3470 ἀπαλλάττει
2149 3417 2340 3488 ῥύπου,
2369 3419 2640 3482 κολάσεώς
2691 3437 2754 3473 τε
2803 3421 2898 3474 καὶ
2935 3419 3090 3489 δίκης
3127 3417 3374 3489 ἐκφέρει,
3398 3417 3489 3470 καὶ
3521 3417 3719 3468 ἀνακο-

458 3502 604 3572 μίζει
635 3503 770 3574 πρὸς
797 3505 1108 3574 οἰκειότητα
1135 3505 1231 3575 τὴν
1261 3505 1396 3576 πρὸς
1436 3504 1600 3558 αὐτὸν
1639 3506 1706 3558 δι’
1770 3507 2064 3577 ἀγιασμοῦ,
2105 3509 2198 3562 καὶ
2241 3513 2354 3574 τοῖς
2397 3511 2496 3582 τῆς
2536 3511 2807 3577 υἱοθεσίας
2852 3512 3135 3583 αὐχήμασι
3193 3511 3458 3580 στεφανοῖ,
3492 3505 3715 3574 καὶτῆς

456 3591 566 3650 1τῶν
593 3596 838 3668 οὐρανῶν
870 3597 1147 3667 βασιλείας
1172 3597 1460 3669 καθίστησι
1490 3597 1882 3670 κληρονόμους.

531 3689 691 3743 Vens.
723 3690 776 3756 9,
808 3691 896 3744 l0.
921 3690 1000 3744 Ab
1027 3707 1189 3761 aqua,
1215 3707 1333 3761 qua
1362 3691 1462 3760 fuit
1489 3693 1581 3745 sub
1616 3690 1750 3758 Noe,
1779 3691 1874 3745 hoc
1904 3692 2032 3746 mihi

455 3793 530 3835 est
570 3795 589 3834 :
623 3783 758 3836 sicut
792 3783 974 3852 iuravi
1016 3783 1064 3836 ei
1103 3785 1156 3836 in
1206 3792 1431 3852 tempore
1472 3783 1565 3838 illo
1623 3793 1887 3838 terrwme
1929 3800 2032 3838 non

455 3890 825 3928 succensnmm
861 3876 956 3928 tibi
992 3875 1252 3944 amplius,
1290 3893 1381 3930 nec
1415 3877 1468 3929 in
1501 3876 1904 3931 comminatione
1935 3887 2030 3930 tria

455 3973 656 4016 montes
693 3963 1106 4030 translaturum,
1139 3981 1300 4031 neque
1331 3965 1484 4021 colles
1519 3967 2030 4033 transmovebunmr,

455 4059 530 4113 sic
565 4074 726 4128 neque
761 4060 1119 4115 misericordia
1153 4077 1266 4114 mea
1301 4071 1350 4115 ts
1406 4059 1640 4128 deﬁciet,
1677 4073 1836 4129 neque
1870 4067 2031 4112 testa-

454 4162 682 4206 msntttnt
713 4152 859 4219 pacis
891 4167 1018 4207 mea
1045 4153 1332 4222 auferetur.

527 4329 578 4382 In
634 4328 786 4383 libris
841 4327 1040 4398 Moysis
1098 4329 1356 4400 scriptum
1383 4336 1496 4382 -est
1543 4325 1861 4391 manifeste,
1908 4340 2031 4382 cum

2225 3689 2356 3744 Ἀπὸ
2393 3690 2499 3745 τοῦ
2535 3691 2752 3758 ὕδατος
2785 3692 2891 3747 τοῦ
2920 3691 3019 3745 ἐπὶ
3047 3691 3175 3746 Νῶε
3205 3689 3379 3745 τοῦτό
3405 3689 3503 3758 μοί
3520 3688 3706 3742 ἐστιν’

2138 3779 2224 3834 ὅτι
2271 3778 2480 3847 ὤμοσα
2511 3781 2671 3846 αὐτῷ
2713 3782 2784 3835 ἐν
2813 3779 2893 3847 τῷ
2921 3784 3118 3852 χρόνῳ
3145 3781 3356 3846 ἐκείνῳ
3399 3796 3431 3832 τ
3439 3778 3474 3847 ἦ
3502 3777 3600 3848 τῆν
3628 3777 3714 3848 μὴ

2137 3875 2595 3941 θυμωθιὶσεσθαι
2626 3872 2724 3926 ἐπὶ
2766 3872 2867 3926 σοι
2910 3873 3020 3936 ἔτι,
3055 3871 3213 3941 μηδὲ
3245 3872 3316 3924 ἐν
3346 3869 3566 3938 ἀπειλῇ
3603 3887 3716 3924 σου

2101 3963 2212 4018 -τὰ
2248 3965 2352 4033 ὄρη
2383 3964 2895 4034 μεταστήσεσθαι,
2944 3967 2999 4018 οὶ
3046 3964 3114 4017 δὲ
3168 3967 3224 4018 οὶ
3259 3962 3479 4029 ,ϐουνοί
3527 3964 3596 4016 οὐ
3640 3962 3715 4028 (l)

2133 4056 2736 4124 μετακινηθήσονται.
2775 4055 2973 4120 Οὕτως
3005 4053 3148 4109 οὐδὲ
3168 4054 3268 4108 σοὶ
3300 4054 3369 4107 τὸ
3411 4053 3546 4120 παρ’
3572 4049 3716 4121 ἐμοῦ

2136 4147 2308 4213 ἕλεος
2335 4148 2628 4216 ἐκλείψει,
2668 4146 2809 4202 οὐδὲ
2834 4149 2873 4217 ή
2902 4146 3156 4218 διαθήκη
3199 4145 3311 4216 τῆς
3337 4147 3583 4216 είρήνης
3602 4161 3718 4214 μου

2139 4241 2210 4294 οὐ
2233 4238 2320 4308 μὴ
2341 4239 2690 4310 μετασταθῇ
2721 4239 2819 4310 (2).

2223 4329 2312 4383 Ἐν
2341 4333 2463 4393 ταῖς
2512 4331 2756 4393 Μωσέως
2791 4329 2992 4400 βίϐλοις
3024 4330 3336 4400 γέγραπται
3393 4329 3598 4396 σαφῶς,
3643 4329 3716 4390 ὡς

455 4429 647 4473 cuncta
682 4427 823 4472 terra
852 4420 916 4472 ad
946 4419 1300 4475 defectionem
1334 4435 1362 4473 a
1391 4417 1501 4473 Deo
1530 4418 1872 4482 declinasset,
1899 4425 1954 4471 et
1981 4418 2030 4472 in

2139 4422 2356 4493 ἀπάσης
2377 4423 2474 4494 τῆς
2502 4422 2607 4491 γῆς
2640 4422 3018 4492 ἀπονευσάσης
3048 4422 3128 4484 είς
3157 4420 3466 4492 ἀπόστασιν
3485 4419 3583 4489 τὴν
3611 4418 3717 4472 ἀπὸ

454 4510 605 4564 varia
634 4525 832 4579 genera
862 4511 1066 4580 peccati
1095 4511 1523 4581 intemperanter
1549 4509 1792 4578 prolapsa
1822 4509 2032 4575 fuisset,

453 4607 508 4653 et
531 4600 582 4653 in
609 4600 772 4654 studii
801 4601 1052 4655 curanda!
1078 4601 1256 4656 carnis
1282 4616 1496 4657 ctenmn
1525 4599 1824 4665 incidisset,
1845 4601 2031 4668 Deum,

456 4689 549 4760 qui
589 4705 750 4762 supra
789 4692 969 4746 omnia
1016 4701 1122 4757 est,
1154 4693 1304 4747 hisce
1335 4694 1400 4747 de
1429 4690 1589 4747 rebus
1613 4691 1738 4761 jure
1766 4689 2030 4745 oll'eusum

454 4783 694 4839 dixisse:
733 4802 753 4836 ι
782 4782 898 4839 Non
931 4785 1266 4854 permanebit
1292 4785 1514 4853 spiritus
1539 4797 1689 4838 meus
1709 4781 1762 4836 in
1790 4780 2028 4837 homini-

457 4874 555 4930 bus
572 4874 837 4944 istis,quia
863 4890 990 4930 caro
1005 4886 1134 4932 sunt
1149 4877 1216 4942 ι’,
1231 4878 1310 4932 »ιιι
1329 4886 1431 4943 est,
1452 4876 1624 4931 solum
1647 4889 1766 4944 qua:
1788 4873 2027 4929 carnalia

455 4974 580 5019 sunt
605 4967 842 5033 sapiunt.
873 4966 1024 5034 Quod
1050 4967 1409 5023 abominabile
1434 4976 1548 5032 est,
1573 4977 1627 5020 et
1656 4965 1729 5021 illi
1777 4965 2029 5032 invisum,

456 5071 520 5112 ac
546 5055 710 5129 764
733 5058 876 5112 omni
908 5058 1218 5127 impuritate
1250 5057 1531 5113 refertum.
1561 5055 1718 5123 Hinc,
1741 5065 1799 5109 ut
1825 5065 1880 5109 et
1905 5053 2032 5111 Ser-

453 5148 656 5201 vatoris
685 5147 983 5217 discipulus
1008 5148 1082 5201 ait
1109 5163 1125 5205 :
1156 5167 1175 5200 ι
1207 5146 1394 5202 Prisco
1415 5147 1616 5202 mundo
1643 5161 1744 5202 non
1772 5145 2028 5216 pepercit,

454 5239 544 5290 sed
591 5253 781 5293 omnes
833 5238 1063 5304 perdidit
1111 5238 1382 5304 funditus,
1416 5253 1478 5294 ac
1521 5237 1778 5293 diluvium
1831 5236 2030 5291 mundo

447 5328 736 5398 .itltpim'tlttl
781 5329 991 5385 induxit
1021 5334 1104 5386 η’.
1147 5350 1167 5384 ι
1210 5331 1368 5388 Solus
1392 5340 1572 5388 autem
1600 5330 1713 5388 Noe
1751 5343 1873 5386 cum
1919 5337 2028 5385 tota

530 5507 575 5538 ⁸⁸
604 5507 760 5563 hom.
797 5528 874 5575 XI,
905 5514 989 5566 ll).
1066 5515 1130 5547 ¹⁸⁶
1157 5514 1278 5569 Act.
1316 5529 1424 5581 xtv,
1465 5513 1551 5568 15.

526 5687 604 5759 (1)
637 5684 804 5754 LXX,
843 5689 962 5744 οὐδὲ
1004 5693 1048 5745 οἱ
1089 5691 1268 5761 βουνοί
1312 5708 1420 5749 σου,

1657 5514 1697 5547 ¹¹
1732 5513 1886 5570 Rom.
1922 5526 2000 5582 xl,
2029 5510 2120 5568 32.

2135 4513 2293 4580 Θεοῦ,
2330 4514 2425 4568 καὶ
2463 4513 2708 4584 ἀσχέτως
2735 4512 3211 4584 κατενηνεγμένης
3256 4512 3338 4574 είς
3381 4511 3719 4581 πολύτροπον

2131 4604 2428 4676 ἁμαρτίαν,
2455 4604 2550 4656 καὶ
2575 4605 2684 4666 τοῖς
2712 4603 2808 4673 τῆς
2839 4600 3197 4672 φιλοσαρκίας
3224 4600 3571 4671 ὲμπαρείσης
3602 4599 3720 4651 τέλ-

2134 4713 2336 4766 μασιν·
2373 4696 2403 4749 ό
2451 4694 2546 4747 ἐπὶ
2592 4695 2811 4750 πάντων
2859 4695 3012 4758 Θεὸς,
3040 4694 3126 4747 ἐπ’
3153 4693 3340 4756 αὐτοῖς
3391 4692 3456 4763 δὴ
3509 4692 3719 4753 τούτοις

2127 4785 2350 4849 είκότως
2368 4784 2788 4854 λελυπημένοςμ
2809 4784 2884 4838 Οὐ
2907 4784 2982 4855 μὴ
3012 4783 3338 4856 καταμείνῃ,
3371 4797 3391 4832 s
3423 4783 3577 4854 φησι,
3607 4803 3626 4834 r
3659 4782 3724 4833 τὸ

2139 4875 2357 4946 πνεῦμά
2391 4893 2492 4946 μου
2524 4877 2581 4929 ὲν
2619 4878 2732 4939 τοῖς
2773 4875 3080 4945 ἀνθρώποις
3109 4875 3340 4937 τούτοις,
3373 4873 3464 4928 διὰ
3494 4872 3554 4926 τὸ
3583 4867 3721 4926 εἶναι

2143 4969 2340 5032 αὐτοὺς
2366 4969 2938 5040 σάρκαςρτουτέστιν,
2975 4969 3032 5022 ὲν
3069 4967 3213 5039 μόνῳ
3248 4967 3557 5037 φρονήματι
3584 4981 3718 5034 trap-

2140 5057 2314 5128 κικιῖν
2366 5057 2624 5130 βδελυρὸν
2665 5059 2724 5112 δὲ
2775 5059 2934 5112 τοῦτο
2974 5058 3071 5111 καὶ
3117 5056 3510 5128 ἀπηχθημένον
3550 5053 3716 5124 αὐτῷ,

2140 5151 2234 5203 καὶ
2283 5150 2626 5220 ἀκαθαρσίας
2672 5150 2894 5220 ἁπάσης
2942 5149 3213 5219 ἔμπλεων.
3250 5148 3542 5221 Ταύτῃτοι,
3578 5145 3720 5200 καθά

2139 5257 2273 5310 φησι
2299 5240 2391 5292 τοῦ
2431 5241 2681 5311 Σωτῆρος
2713 5243 2741 5293 ὁ
2767 5240 3037 5311 μαθητὴς,
3067 5259 3084 5289 ι
3115 5238 3223 5292 Καὶ
3253 5239 3484 5310 ἀρχαίου
3515 5237 3720 5306 κόσμου

2137 5331 2234 5384 οὑκ
2287 5332 2559 5400 ἐφείσατο,
2591 5330 2763 5402 ἄρδην
2809 5330 2867 5384 δὲ
2915 5330 3128 5394 πάντας
3161 5328 3498 5390 ἀπολώλεκε,
3551 5343 3721 5380 κατα-

2755 5508 2957 5564 “Gen.
2993 5523 3067 5574 vr,
3104 5509 3157 5563 3.

2232 5509 2292 5540 ⁸⁸⁸
2327 5509 2443 5563 Col.
2483 5525 2521 5574 I,
2563 5510 2644 5563 ιδ.
2755 5510 2798 5541 ¹³
2821 5508 2957 5564 Gen.
2993 5523 3067 5574 vt,
3104 5509 3157 5563 5.
3228 5510 3294 5538 ¹¹⁹
3324 5507 3363 5562 Η
3397 5507 3543 5563 Pelr.
3574 5519 3636 5570 ﬂ,
3662 5503 3724 5571 6.

2216 5687 2292 5757 (9.)
2326 5687 2506 5752 Iidem,
2543 5702 2635 5738 σου
2663 5685 2722 5739 οὐ
2764 5685 2838 5756 μὴ
2867 5688 3125 5757 μεταστῇ.
