4078 6292
365 341 507 399 1905

1508 339 1572 394 IN
1618 339 1849 398 iSAlAM
1886 343 2017 398 LIB.
2056 343 2118 397 ν.
2158 339 2400 398 TOMUS
2438 336 2503 394 ιι.

3476 334 3610 390 im

360 456 603 527 κλυσμδν
636 456 823 526 κόσμῳ
853 451 1066 508 ἀσεϐῶν
1095 453 1301 518 ἐπάξας
1322 472 1333 485 ·
1365 474 1382 506 ι
1420 455 1703 510 σέσωσται
1723 456 1779 510 δὲ
1807 474 1938 511 nave

2043 455 2243 510 familia
2282 461 2532 511 servatus
2573 460 2676 515 est,
2711 452 2928 504 xenium
2965 448 3118 517 quasi
3151 460 3216 500 ar.
3260 461 3452 499 munus
3483 447 3610 502 obe-

359 550 470 602 οικὶ
503 549 666 619 μόνος
690 551 718 602 ὁ
756 547 900 612 Νῶε,
930 545 1100 611 ξένιον
1126 546 1437 611 εὐπειθείας
1458 549 1562 618 ,καὶ
1610 549 1856 619 ὑπακοῆς
1879 548 1949 603 τδι

363 641 557 711 χρῆμα
594 637 911 711 κερδαίνων.
959 636 1182 706 Ἐπειδὴ
1220 638 1278 689 δὲ
1316 637 1666 709 λωφήσαντος
1707 638 1802 692 τοῦ
1835 656 1939 693 κα..

361 729 696 798 τακλυσμοῦ,
728 729 820 783 καὶ
848 727 951 798 τῆς
978 728 1089 782 τῶν
1132 729 1339 784 ὑδάτων
1385 729 1623 800 πληθύος
1652 729 1941 784 συνεσταλ-

367 821 556 893 μένης,
574 819 766 888 ἐξῆλθε
786 818 887 889 τῆς
904 818 1160 883 κιϐωτοῦ,
1179 819 1376 873 τέθυκέ
1396 837 1456 873 τε
1500 822 1594 874 καὶ
1618 821 1939 893 ὼσφράνθαι

364 913 528 982 φησὶν
544 912 703 964 αὐτὸν
731 911 906 982 ὀσμὴν
928 910 1157 975 εὐωδίας
1183 911 1243 964 τὸ
1264 911 1500 983 Γράμμα
1524 912 1585 965 τὸ
1614 912 1755 982 ίερόν
1775 927 1788 940 ’
1819 907 1945 967 εἶτα·

362 1003 438 1072 τῷ
467 1003 658 1072 δικαίῳ
683 1001 1224 1069 κατεπαγγείλασθαι
1251 1003 1321 1054 eo
1337 1000 1532 1072 μηκέτι
1548 1000 1938 1072 κατακλυσμὸν

359 1090 580 1157 ἐπάξειν
611 1092 707 1162 ὅλῃ
734 1093 799 1161 τῇ
848 1094 943 1163 γῇ.
986 1089 1195 1146 Οὐκοῦν
1220 1092 1328 1144 ἀπὸ
1368 1089 1464 1144 τοῦ
1494 1090 1684 1155 ὓδατος
1722 1090 1816 1145 τοῦ
1845 1091 1939 1145 ἐπὶ

358 1183 503 1247 Νῶε,
541 1186 695 1255 φησι,
726 1182 883 1237 τοῦτό
918 1182 1007 1254 μοί
1029 1186 1169 1247 ἐστι,
1193 1183 1493 1248 τουτέστιν,
1520 1181 1727 1254 ὡρίσθη
1757 1182 1934 1248 τοῦτο,

359 1274 452 1328 καὶ
493 1274 805 1345 κεκράτηκε
843 1276 971 1345 παρ’
1020 1276 1144 1344 ἐμοὶ
1174 1273 1233 1327 τὺ
1284 1273 1480 1344 μηκέτι
1517 1271 1936 1343 θυμωθήσεσθαι

359 1364 511 1435 πάσῃ
535 1367 601 1435 τῇ
624 1367 718 1436 γῇ,
750 1366 887 1436 μήτε
911 1366 1017 1435 μὴν
1042 1366 1155 1428 τοῖς
1175 1364 1535 1436 ἀνθρωπίνοις
1565 1363 1935 1434 φιλονεικῆσσι

359 1456 691 1524 πταίσμασι,
744 1456 839 1508 καὶ
891 1456 1019 1525 μίαν
1070 1454 1213 1509 κατά
1261 1456 1479 1510 πάντων
1525 1454 1704 1526 ὁρίσαι
1755 1455 1933 1523 δίκην.

371 1544 736 1616 Ὑπεμφαίνει
773 1546 832 1600 δὲ
876 1545 965 1599 διὰ
996 1545 1196 1600 τούτων
1239 1546 1347 1599 τῶν
1390 1546 1588 1615 λόγων,
1633 1547 1716 1600 ὅτι
1751 1546 1844 1598 καὶ
1878 1547 1935 1599 ἐν

360 1635 540 1706 καιρῷ
587 1636 707 1689 καθ’
753 1635 814 1690 ὃν
858 1636 1173 1706 ἐπέλαμψεν
1222 1639 1280 1692 ἐν
1328 1636 1406 1707 τῷ
1444 1638 1632 1707 κόσμῳ
1681 1635 1933 1708 Χριστὸς,

363 1730 582 1798 ἀπάσης
614 1727 803 1798 ὥσπερ
843 1732 956 1791 τοῖς
983 1730 1082 1800 τῆς
1114 1731 1328 1799 ἀπάτης
1363 1730 1578 1799 βρόχοις
1610 1728 1935 1800 ἐνειλημμέ-

361 1837 481 1890 νης,
514 1821 606 1873 καὶ
638 1820 853 1873 πάντων
901 1820 1338 1885 ἐκκεκλικὸτων,⁴
1362 1823 1457 1874 καὶ
1499 1820 1590 1874 τὸν
1636 1821 1745 1891 μὲν,
1776 1820 1959 1890 φύσει,

358 1908 493 1961 Θεὸν
516 1910 616 1962 οὐκ
648 1909 886 1973 εἰδότων,
914 1910 1347 1982 λελατρευκότων
1378 1909 1433 1962 δὲ
1475 1912 1587 1974 τοῖς
1616 1908 1797 1981 ἔργοις
1828 1909 1937 1964 τῶν

361 1996 507 2049 ἰδίων
539 1996 762 2067 χειρῶν,
795 1998 891 2049 καὶ
914 2000 1035 2060 ταῖς
1064 1996 1173 2049 τῶν
1230 1996 1522 2067 δαιμονίων
1560 1996 1784 2066 ἀγέλαις
1832 1997 1938 2050 ὐπ-

356 2088 720 2157 εςευγμένων,
777 2089 897 2159 θείᾳ
938 2088 1106 2160 ψήφῳ
1136 2088 1346 2150 πάντας
1375 2089 1540 2159 ἐχρῆν
1575 2088 1673 2160 τὴν
1703 2087 1938 2159 ἀρχαίαν

262 2176 267 2181 ’
355 2182 571 2250 ἐκείνην
604 2183 894 2251 ὑπομεῖναι
920 2182 1162 2236 κόλασιν.
1199 2180 1368 2234 Ἔνθα
1393 2180 1502 2252 γὰρ
1528 2181 1665 2245 ὅλως
1705 2181 1934 2251 ἰσοπαλῆ

353 2276 422 2329 τά
454 2276 790 2345 ἐγκλήματα,
822 2276 941 2329 ἐκεῖ
969 2291 1071 2326 που
1105 2272 1321 2336 πάντως
1347 2274 1431 2343 εἰη
1456 2273 1522 2327 ἂν
1552 2272 1651 2326 οὐκ
1681 2274 1936 2339 ἀπεοικὸς

355 2364 417 2418 τὸ
488 2365 794 2436 ἰσορρόπως
861 2362 1185 2427 κολάζεσθαι
1247 2365 1374 2427 τοὺς
1433 2364 1934 2434 κατεγνωσμένους.

369 2456 533 2509 Ἀλλὰ
560 2456 800 2526 παρίημι
833 2453 1011 2518 τοῦτο,
1057 2454 1210 2523 φησι,
1250 2455 1347 2508 καὶ
1388 2454 1537 2524 μένει
1567 2452 1781 2523 βέϐαιον
1809 2456 1935 2526 παρ’

357 2547 484 2617 ἐμοὶ
511 2547 570 2599 τὸ
601 2545 1009 2615 ἐπηγγελμένον
1030 2562 1043 2577 ο
1073 2544 1263 2616 ῶσπερ
1289 2543 1346 2598 δέ
1372 2561 1536 2616 φησιν
1559 2562 1574 2576 ·
1620 2545 1753 2607 υῦκ,
1781 2546 1856 2599 ἂν.
1876 2548 1935 2601 έν

359 2636 516 2708 θυμῷ
547 2638 949 2707 μεταστήσαιμι
977 2636 1043 2690 τά
1069 2635 1193 2706 ὅρη,
1225 2636 1334 2688 οὐδ’
1359 2634 1426 2689 ἂν
1452 2635 1778 2706 σαλεύσαιμι
1809 2637 1937 2701 τοὺς

361 2730 604 2801 βουνοὺς,
636 2729 931 2789 τουτέστιν,
980 2728 1080 2781 οὐκ
1124 2728 1205 2792 είς
1234 2727 1420 2799 ἕτερόν
1462 2744 1513 2779 τι
1543 2728 1725 2798 σχῆμα
1770 2745 1935 2799 μετα-

359 2820 508 2876 ϐαλῶ
529 2821 627 2891 τὴν
660 2821 784 2890 γῆν,
808 2820 927 2874 οὐδὲ
955 2819 1201 2892 πρόωρον
1226 2819 1426 2873 ἐποίσω
1452 2818 1549 2890 τὴν
1583 2821 1936 2889 καινουργίαν

358 2915 496 2984 αὐτῇ
519 2928 532 2943 ⁶
570 2911 742 2974 οὕτως
788 2912 909 2964 οὐδὲ
937 2911 1001 2965 τὸ
1035 2911 1163 2982 παρ’
1196 2909 1330 2980 ἐμοῦ
1370 2926 1450 2963 σοι
1482 2902 1627 2973 ἕλεος
1669 2909 1932 2980 ἐκλείψει,

358 3004 479 3058 οὐδὲ
505 3005 537 3072 ὴ
564 3003 795 3074 διαθήκη
817 3004 914 3073 τῆς
937 3004 1156 3074 εἰρήνης
1180 3021 1280 3074 μου
1306 3000 1495 3076 οὒ[μὴ]
1513 3001 1842 3073 ’μετασταθῇ
1867 3018 1880 3031 ’
1905 3002 1935 3053 ὁ

357 3094 415 3149 δὲ
446 3095 546 3164 τῆς
579 3095 803 3165 εἰρήνης
851 3094 1176 3165 βραϐευτὴς,
1207 3095 1304 3147 καὶ
1324 3094 1421 3164 τῆς
1447 3094 1712 3165 διαθήκης
1750 3094 1837 3162 εἰη
1864 3093 1930 3147 ἂν
1958 3124 2001 3182 C

357 3186 541 3255 ἔτερος
589 3186 762 3248 οὐδεὶς
797 3187 947 3257 παρά
993 3187 1082 3239 τὸν
1129 3186 1331 3254 Κύριον
1375 3185 1532 3256 ἡμῶν
1590 3186 1800 3256 Ἰησοῦν
1839 3185 1931 3238 τὸν

357 3276 619 3346 Χριστόν⁸
657 3277 819 3340 αὐτὸς
846 3278 954 3348 γάρ
986 3279 1133 3330 ἐστιν
1160 3280 1191 3346 ἡ
1223 3278 1412 3348 εἰρήνη
1460 3276 1635 3347 ἡμῶν,
1662 3277 1804 3331 κατά
1833 3276 1932 3340 τὰς

356 3365 601 3436 Γραφάς,
622 3368 716 3421 καὶ
744 3370 846 3437 τὴν
876 3369 1011 3438 πρὸς
1040 3370 1202 3422 αὑτὸν
1228 3369 1534 3437 οἰκειότητα
1558 3370 1655 3438 τὴν
1687 3385 1933 3439 πνευμα-

353 3459 510 3529 τικὴν
533 3458 886 3521 πλουτοῦντες
914 3454 1346 3529 ἐμπεπλήσμεθα
1365 3460 1559 3522 παντὸς
1575 3458 1803 3526 ἀγαθοῦ.
1824 3459 1936 3513 Καὶ

353 3546 512 3602 τοῦτο
538 3544 605 3618 ἦν
632 3548 736 3619 ἄρα
762 3547 822 3601 τὸ
859 3547 945 3601 διὰ
985 3548 1205 3601 Ἡσαΐου
1234 3548 1421 3616 σαφῶς
1463 3550 1751 3620 εἰρημένον
1800 3548 1935 3617 πρὸς

354 3638 447 3691 τδν
493 3639 550 3691 ὲν
597 3637 844 3709 οὐρανοῖς
885 3638 1102 3709 Πατέρα
1150 3637 1245 3690 καὶ
1294 3638 1425 3690 Θεόν
1448 3654 1462 3670 ο
1501 3657 1519 3688 ι
1548 3638 1716 3710 Κύριε
1744 3640 1773 3692 ὁ
1803 3637 1936 3701 Θεὸς

356 3726 890 3798 ἡμῶν,,εἰρηνηνηδδς
908 3729 1059 3798 ἡμῖν’
1083 3727 1260 3781 πάντα
1282 3729 1391 3799 γὰρ
1420 3729 1711 3792 ἀπέδωκας
1731 3731 1888 3798 ἡμῖν.
1906 3748 1924 3779 ι

359 3816 569 3870 Οὐκοῦν
616 3818 685 3873 ἐν,
720 3817 939 3889 Χριστῷ
967 3817 1232 3889 διαθήκην
1273 3819 1498 3888 εἰρήνης
1527 3818 1936 3889 κεκερδήκαμεν

355 3905 456 3977 τὴν
504 3906 656 3978 παρά
683 3907 782 3960 τοῦ
817 3907 1091 3962 Θεοῦοκαὶ
1134 3908 1375 3978 Πατρός*
1417 3907 1766 3977 συνήφθημεν
1816 3906 1923 3980 γὰρ

356 3999 507 4070 αὐτῷ
536 4000 625 4054 διὰ
651 4001 818 4071 μέσου
849 4000 940 4054 τοῦ
972 4000 1229 4073 Χριστοῦ,
1261 4001 1354 4054 καὶ
1384 3999 1544 4063 αὐτὸς
1575 4000 1673 4071 τὴν
1706 4000 1938 4054 διασπά-

359 4108 532 4145 σασαν
561 4092 705 4161 ἡμᾶς
737 4092 800 4144 ἐκ
832 4091 998 4162 μέσου
1030 4091 1276 4144 τέθεικεν
1310 4092 1602 4161 ἁμαρτίαν,
1649 4091 1735 4144 ἵνα
1771 4090 1936 4160 μηδὲν

356 4180 534 4238 κέοιτο
580 4183 692 4244 τοῖς
727 4182 859 4251 πρὸς
905 4181 1035 4233 Θεὸν
1087 4180 1254 4233 ἰοῦσιν
1304 4181 1573 4251 ἐμποδών.
1622 4180 1934 4251 Γέγραπται

2040 548 2252 603 dientite
2276 555 2330 601 et
2357 540 2833 613 obtemperationis
2863 539 3225 596 lucrifacieus.
3253 540 3323 592 At
3365 535 3453 590 ubi
3496 551 3611 591 ces-

2038 644 2212 692 sasset
2242 634 2527 699 diluvium,
2548 646 2813 701 aquarum
2842 630 2890 685 vi
2922 630 3208 694 diminuta,
3235 641 3487 698 egressus
3528 636 3612 681 est

2038 726 2469 790 acsacriﬁcavit,
2492 730 2573 789 et,
2594 728 2889 779 utnarrant
2905 735 3074 776 sacras
3095 718 3329 784 Litterae,
3356 718 3612 772 odoratus

2041 820 2367 874 cst-.odorem
2393 813 2679 872 suavitatis
2709 831 2723 868 :
2754 810 2950 871 deinde
2968 811 3117 882 justo
3144 808 3271 865 huic
3306 808 3609 871 denuntiat,

2036 925 2097 966 se
2125 924 2230 964 non
2249 909 2592 964 inducturum
2613 905 2878 964 universas
2906 910 3064 966 terrae
3078 898 3606 968 diluvium".llaquc

2037 1002 2104 1055 al)
2134 1014 2294 1069 aqua,
2324 998 2517 1068 inquit,
2544 1006 2788 1066 tempore
2815 993 2930 1051 Noe
2958 992 3100 1048 istud
3128 991 3257 1046 mihi
3285 999 3392 1057 est,
3422 988 3475 1044 id
3504 1000 3608 1050 est.

2036 1091 2317 1147 deﬁnitum
2345 1100 2400 1145 et
2426 1099 2602 1145 ratum
2629 1095 2713 1145 est
2739 1087 2880 1159 apud
2926 1100 3034 1152 me,
3064 1097 3170 1139 non
3213 1082 3442 1152 amplius
3487 1095 3612 1135 suc-

2036 1197 2261 1239 censere
2293 1182 2557 1238 universae
2589 1186 2779 1247 terra,
2810 1193 2909 1234 nec
2942 1176 3195 1233 humanis
3226 1172 3494 1247 indignari
3528 1170 3609 1225 la-

2037 1272 2241 1340 psibus,
2266 1284 2365 1325 nec
2390 1284 2554 1324 unum
2583 1268 2639 1324 in
2666 1282 2856 1323 omnes
2879 1265 3200 1336 supplicium
3231 1272 3491 1320 statuere.
3516 1261 3610 1316 liis

2036 1361 2216 1416 verbis
2244 1360 2572 1426 subindicat,
2602 1367 2846 1428 tempore
2877 1372 2984 1429 quo
3012 1356 3191 1413 illuxit
3219 1356 3419 1411 mundo
3448 1352 3612 1409 Chri-

2035 1463 2176 1519 stus,
2205 1461 2316 1507 tota
2360 1460 2501 1506 terra
2539 1449 2687 1505 velut
2726 1447 2934 1519 laqueis
2977 1448 3184 1503 erroris
3229 1455 3513 1517 occupata,
3544 1459 3610 1499 ac

2036 1544 2289 1601 omnibus
2323 1541 2725 1606 deﬁcientibus,
2761 1553 2826 1594 ac
2868 1546 3062 1593 natura
3103 1537 3271 1593 Deum
3313 1536 3611 1607 ignoranti-

2038 1636 2158 1700 bus,
2190 1632 2654 1702 servientibusque
2696 1645 2950 1686 manuum
2991 1643 3212 1686 suarum
3242 1628 3518 1696 operibus,
3548 1640 3611 1681 ac
3654 1683 3664 1689 ,

2038 1723 2184 1796 gregi
2240 1721 2623 1779 daemoniorum
2677 1719 3016 1790 subiugatis,
3068 1716 3373 1790 oportuisse
3429 1715 3612 1770 divino

2037 1816 2247 1872 calculo
2289 1828 2476 1870 omnes
2514 1820 2750 1869 veterem
2796 1811 2942 1867 illam
2982 1820 3037 1868 et
3079 1810 3355 1880 antiquam
3396 1820 3610 1878 poenam

2037 1908 2242 1963 subire.
2272 1906 2371 1962 Ubi
2416 1906 2561 1961 enim
2609 1904 2760 1976 paria
2813 1901 3039 1959 omnino
3088 1909 3214 1958 sunt
3254 1898 3509 1963 crimina,
3535 1896 3610 1952 ibi

2039 1998 2227 2068 utique
2268 1982 2686 2052 consentaneum
2717 2002 2803 2051 est
2826 1993 3210 2053 condemnatos
3231 1990 3420 2060 mquali
3453 2000 3611 2059 pinna

2037 2086 2195 2143 afﬁci.
2241 2085 2539 2152 Caeterum,
2585 2084 2786 2154 inquit,
2828 2084 2932 2140 hoc
2980 2096 3081 2153 ego
3127 2080 3511 2151 praetermitto,
3555 2088 3611 2133 et

2039 2183 2252 2238 ﬁrmum
2299 2189 2481 2235 manet
2525 2181 2666 2250 apud
2718 2194 2807 2236 me
2852 2178 2995 2249 quod
3040 2176 3368 2247 promissum
3411 2182 3514 2240 est,
3546 2190 3613 2231 ac

2037 2273 2168 2330 dicit
2196 2272 2591 2340 quodammodo
2634 2288 2650 2326 :
2695 2270 2812 2327 Non
2843 2269 3077 2341 amplius
3103 2267 3156 2323 in
3189 2267 3371 2326 furore
3398 2275 3610 2320 montes

2039 2360 2536 2427 transferanthon
2579 2360 2743 2417 colles
2787 2361 3127 2426 concutiam,
3163 2359 3215 2413 id
3258 2366 3369 2423 est,
3410 2371 3514 2411 non
3557 2355 3610 2410 in

2036 2453 2196 2513 aliam
2230 2451 2458 2507 formam
2495 2453 2715 2509 mutabo
2753 2462 2987 2515 terram,
3016 2465 3117 2507 nec
3148 2450 3524 2518 intempestam
3560 2447 3610 2501 ci

2040 2542 2391 2597 mutationem
2425 2540 2695 2595 inducam.
2745 2539 2841 2595 Sic
2877 2553 3051 2610 neque
3085 2552 3203 2593 mea
3254 2536 3466 2592 deﬁciet
3511 2533 3614 2587 mi-

2034 2634 2350 2701 sericordia,
2372 2649 2471 2690 nec
2495 2642 2870 2689 testamentum
2892 2632 3040 2701 pacis
3063 2643 3196 2685 mea:
3225 2626 3604 2683 transferetur.

2036 2727 2191 2784 Pacis
2220 2739 2398 2783 autem
2434 2727 2752 2782 administer
2784 2736 2838 2781 et
2868 2723 3087 2781 foederis
3118 2722 3255 2777 alius
3284 2735 3404 2777 csse
3440 2730 3605 2773 nemo

2036 2826 2240 2886 pdtest,
2271 2830 2469 2888 praeter
2500 2806 2784 2871 Dominum
2814 2823 3055 2871 nostrum
3086 2810 3270 2868 Jesum
3305 2808 3607 2864 Chrismm.

2033 2908 2147 2977 Ipse
2168 2910 2311 2963 enim
2345 2916 2428 2962 est
2450 2922 2553 2976 pax
2575 2917 2782 2973 nostra,
2809 2905 3105 2963 secundum
3129 2896 3528 2971 Scripturas“',
3556 2905 3612 2953 ct

2035 3013 2154 3052 cum
2187 2999 2302 3068 ipso
2332 2998 2762 3067 conjunctionem
2799 2995 3139 3067 spiritualem
3179 2991 3393 3047 abunde
3435 2987 3610 3061 possi-

2035 3092 2254 3154 demus,
2290 3090 2543 3157 omnique
2584 3089 2724 3142 bono
2770 3086 2958 3156 repleti
2998 3098 3184 3140 sumus
3224 3097 3286 3136 ac
3329 3077 3605 3134 cumulati.

2038 3185 2211 3254 Atque
2257 3184 2358 3237 hoc
2395 3192 2478 3236 est
2518 3182 2661 3251 quod
2703 3194 2800 3250 per
2836 3176 3025 3233 lsaiam
3072 3173 3270 3227 dictum
3315 3177 3397 3223 est
3440 3168 3614 3223 mani~

2040 3280 2174 3333 feste
2236 3276 2300 3331 ad
2350 3274 2623 3330 cmleslem
2669 3272 2886 3326 Patrem
2931 3282 2996 3322 ac
3040 3265 3206 3320 Deum
3254 3281 3266 3317 :
3315 3279 3334 3312 ι
3386 3258 3610 3312 Domine

2043 3369 2180 3421 Deus
2209 3375 2632 3434 noster,.pacem
2660 3362 2726 3417 da
2778 3358 2946 3415 nobis.
2992 3354 3187 3411 Omnia
3229 3350 3371 3407 enim
3415 3347 3610 3403 dedisti

2042 3460 2195 3513 nobis
2224 3458 2284 3511 ".
2324 3475 2342 3508 ι
2377 3456 2565 3524 Itaque
2594 3468 2689 3522 per
2727 3449 2998 3520 Christum
3026 3441 3397 3499 lucrifecimus
3437 3445 3606 3491 testa-

2043 3561 2279 3606 mentum
2315 3549 2460 3620 pacis
2495 3545 2635 3615 apud
2679 3544 2847 3599 Deum
2885 3549 2943 3595 et
2979 3537 3191 3593 Patrem
3234 3551 3248 3589 :
3290 3532 3339 3620 ei
3381 3542 3613 3596 namque

2041 3640 2315 3710 conjuncti
2345 3653 2531 3694 sumus
2560 3644 2612 3689 et
2640 3631 2871 3704 ecpulati
2906 3643 3003 3703 per
3029 3624 3265 3681 medium
3307 3619 3608 3711 Christum,

2040 3707 2442 3801 qui-peccatum
2482 3727 2624 3797 quod
2664 3740 2761 3780 nos
2801 3720 3056 3791 seiunxit,
3089 3732 3120 3773 e
3159 3715 3335 3769 medio
3374 3707 3610 3772 sustulit,

2041 3820 2201 3891 765
2232 3834 2298 3872 ne
2330 3817 2494 3872 ullum
2526 3814 2778 3869 euntibus
2807 3813 2873 3865 ad
2903 3809 3070 3863 Deum
3104 3804 3415 3872 inliceretur
3439 3800 3610 3866 impe-

2036 3911 2353 3963 dimentum.
2389 3903 2659 3971 Scriptum
2693 3909 2776 3954 est
2806 3897 2948 3953 enim
2982 3914 2995 3950 :
3036 3912 3055 3946 ι
3088 3892 3187 3947 Via
3219 3891 3430 3960 piorum
3465 3893 3610 3940 recta

2036 3998 2173 4051 facta
2204 4005 2315 4057 est.
2345 4007 2401 4050 et
2432 3999 2729 4065 praeparata
2756 3988 2840 4042 via
2871 3987 3081 4057 piorum
3106 3984 3231 4047 η’,ι
3269 3977 3601 4035 currentium

2035 4091 2238 4144 ειοίιίυει
2266 4089 2332 4141 ad
2361 4087 2531 4148 hanc,
2560 4097 2681 4152 qua:
2709 4095 2828 4135 cum
2861 4077 2967 4132 Deo
3000 4083 3111 4142 est,
3140 4069 3609 4142 coniunctionem,

2036 4179 2404 4234 intercedente
2433 4176 2498 4228 ad
2528 4174 2630 4227 hoc
2657 4169 2895 4227 omnium
2928 4180 3079 4236 pace,
3099 4162 3346 4219 videlicet
3370 4155 3608 4213 Christo.

356 4274 510 4346 γοῦν,
544 4275 626 4329 ὅτι
658 4295 674 4327 ι
713 4276 861 4339 Ὀδδς
886 4274 1126 4328 εὐσεϐῶν
1189 4276 1373 4330 εὐθεῖα
1442 4275 1673 4343 ἐγένετο,
1744 4275 1840 4329 καὶ
1903 4271 2389 4346 παρεσκευασμένη
2430 4272 2463 4342 ὴ
2508 4267 2625 4331 ὁδὸς
2653 4265 2762 4320 τῶν
2808 4260 3072 4325 εὐσεϐῶν,
3121 4278 3142 4313 ι
3187 4255 3488 4328 τρεχὸνῖῳν
3521 4252 3614 4346 ξτΓ

356 4340 537 4420 icit;th
559 4367 677 4420 κατ’
707 4367 1013 4438 οἰκειότητα
1052 4368 1150 4438 τὴν
1213 4367 1350 4437 πρὸς
1393 4340 1541 4423 Θεδν.
1577 4340 1996 4438 μεσιτευοῦσηςί
2040 4369 2119 4432 εἰς
2178 4340 2336 4420 τοῦτο
2378 4340 2495 4436 της
2556 4358 2809 4416 ἁπάντων
2874 4355 3130 4427 εἰρήνης,
3185 4349 3342 4422 δῆλον
3406 4346 3464 4399 δὲ
3528 4343 3610 4398 ὅτι

357 4457 616 4527 Χριστοῦ.

433 4548 578 4604 Eius
600 4550 709 4619 γὰρ
736 4552 970 4620 Κύριος,
992 4553 1200 4617 Ἵλεώς
1223 4568 1341 4607 σοι.
1373 4554 1627 4622 Timavi;
1669 4552 1769 4606 καὶ
1793 4554 1936 4608 ἀκα-

2117 4544 2260 4598 Dixit
2291 4542 2428 4595 enim
2453 4537 2756 4609 ﬂaminia,
2793 4530 3064 4602 Propitius
3105 4542 3193 4585 ero
3231 4521 3349 4579 tibi.
3384 4523 3612 4580 Humilis

362 4638 658 4704 τάστατος
700 4642 771 4694 οὐ
807 4642 1152 4708 παρεκλήθη
1162 4662 1210 4706 ς.

446 4729 674 4796 Ἀγαθδς
720 4730 794 4784 ὣν
825 4731 982 4801 φύσει
1023 4733 1117 4786 καί⁸
1161 4732 1523 4804 ἀσυγκρίτωςν
1552 4732 1937 4803 φιλάνθρωπος

361 4820 392 4874 ὁ
410 4820 521 4873 τῶν
542 4821 678 4874 ὅλων
701 4821 849 4887 Θεὸς,
877 4822 1131 4894 ἀφορμὰς
1158 4823 1242 4876 ἀεί
1278 4840 1395 4887 πως
1434 4822 1679 4891 συλλέγει
1715 4822 1852 4894 πρός
1876 4838 1941 4891 γε

360 4911 424 4965 τὸ
451 4912 559 4965 δεῖν
590 4912 983 4984 ἀμνησικάκως
1022 4914 1207 4984 χάριτι
1241 4913 1498 4968 δικαιοῦν.
1523 4914 1651 4977 τοὺς
1683 4916 1939 4985 ἡμαρτη-

363 5002 653 5066 κότας.,οὐ
695 5004 819 5074 γὰρ
839 5004 1086 5074 βούλεται
1119 5006 1208 5057 τὸν
1235 5005 1462 5058 Οὰνατον
1489 5005 1583 5057 τοῦ
1613 5003 1937 5075 ἁμαρτωλοῦ

364 5090 587 5160 μᾶλλον,
635 5092 712 5156 ὠς
751 5094 811 5146 τὸ
842 5094 1182 5164 ἀποστρέψαι
1218 5095 1378 5147 αὐτὸν
1411 5095 1518 5149 ἀπὸ
1546 5094 1643 5163 τῆς
1679 5091 1799 5144 ὁδοῦ
1839 5092 1939 5161 τῆς

362 5184 629 5254 πονηρᾶς,
676 5187 774 5237 καὶ
807 5186 915 5256 ζῇν
951 5187 1377 5248 αὐτόνηούκοῦν
1417 5187 1575 5247 αὐτὸς
1617 5186 1645 5237 ὁ
1673 5185 1781 5238 τῶν
1808 5185 1944 5238 ὅλων

360 5272 493 5335 Θεὸς
544 5273 701 5338 ἵλεως
732 5276 887 5329 ἔσται
920 5294 1023 5342 σοι,
1056 5278 1209 5348 φησι.
1251 5278 1360 5335 Καὶ
1397 5276 1485 5331 διὰ
1530 5277 1688 5329 ποίαν
1727 5274 1941 5339 αἰτίαν;

365 5361 609 5430 Πρῶτον,
644 5365 728 5416 ὅτι
764 5367 998 5436 Χριστός
1044 5371 1159 5421 ἐστι
1200 5370 1294 5423 καὶ
1325 5369 1592 5437 ἐπιεικὴς,
1642 5366 1845 5435 ἀγαθός
1884 5384 1944 5418 τε

364 5449 459 5503 καὶ
484 5450 787 5516 πολυέλεοξο
824 5452 941 5508 εἶτα
973 5458 1052 5510 ὅτι
1083 5459 1311 5526 γέγονας
1340 5461 1571 5528 ταπεινὴ
1606 5458 1698 5511 καὶ
1742 5456 1944 5510 ἀκατά-

368 5556 583 5603 στατος.
619 5542 834 5599 Ἐνεστι
858 5547 912 5600 δὲ
940 5544 1109 5602 ταῦτα
1149 5549 1275 5601 ἰδεῖν
1302 5552 1419 5611 ταῖς
1444 5548 1549 5602 τῶν
1579 5548 1945 5616 πλανωμένων

2038 4650 2084 4694 et
2115 4634 2403 4695 instabilis,
2438 4649 2538 4686 non
2581 4628 2813 4683 habuisti
2832 4623 3261 4679 consolationem.

2108 4730 2288 4783 Bonus
2336 4736 2525 4780 natura
2564 4732 2620 4776 et
2669 4713 3163 4787 incomparabiliter
3194 4710 3462 4770 humanus
3489 4706 3614 4761 uni-

2039 4835 2319 4875 versorqu
2378 4815 2521 4873 Deus
2583 4811 2905 4868 occasiones.
2960 4816 3174 4873 semper
3220 4796 3491 4867 conquirit
3553 4805 3614 4850 ut

2038 4911 2208 4984 gratia
2247 4923 2367 4980 quze
2424 4907 2743 4960 oblivionem
2793 4896 3016 4956 inducit,
3071 4891 3331 4965 justiﬁcct
3519 4889 3614 4984 qui

2046 4977 2422 5072 peccaverunt.
2448 4996 2562 5052 Non
2588 4995 2730 5050 enim
2779 4990 2889 5045 vult
2914 4993 3137 5042 mortem
3163 4979 3486 5054 peccatoris,
3519 4977 3612 5033 sed

2046 5071 2105 5147 ut
2140 5100 2347 5144 avertat
2391 5105 2448 5142 se
2491 5105 2518 5141 a
2555 5086 2638 5139 via
2679 5084 2841 5147 utala,
2897 5094 2961 5136 ac
2994 5078 3138 5132 vivat
3165 5072 3229 5128 ¹⁸ο
3264 5071 3404 5126 Dicit
3432 5081 3559 5147 ergo
3596 5086 3610 5123 ε

2043 5186 2160 5256 Ipse
2187 5184 2561 5235 universorum
2600 5178 2740 5231 Deus
2767 5173 3028 5245 propitius
3052 5168 3156 5223 erit
3184 5162 3300 5221 tibi.
3331 5163 3398 5216 At
3417 5174 3520 5256 qua
3548 5158 3639 5213 dc'

2044 5251 2243 5330 causa?
2265 5272 2499 5326 Primum
2532 5269 2655 5337 quia
2686 5266 2947 5332 benignus
2973 5267 3057 5316 est
3079 5267 3133 5313 et
3151 5256 3406 5317 clemens,
3440 5251 3613 5307 bonus

2043 5376 2097 5421 et
2133 5364 2355 5419 multum
2385 5361 2691 5416 misericors
2723 5374 2737 5423 ;
2773 5355 2916 5421 dein,
2948 5353 3071 5422 quia
3102 5346 3355 5404 exstitisti
3393 5339 3613 5398 humilis

2045 5470 2096 5511 et
2124 5453 2410 5510 instabilis.
2453 5453 2579 5504 limo
2611 5458 2793 5503 autem
2824 5447 3008 5499 videre
3045 5447 3147 5505 est,
3184 5446 3390 5493 mentes
3423 5444 3610 5488 erran-

2048 5550 2175 5600 tium
2196 5556 2449 5614 tanquam
2484 5526 2728 5596 nimbum
2759 5536 3041 5608 quemdam
3073 5531 3349 5588 infestare.
3374 5524 3615 5595 Alijcctas

445 5723 486 5753 Η
520 5722 654 5778 Gen.
687 5739 803 5787 ΗΠ,
838 5724 928 5789 20,
965 5726 1054 5783 2!.
1137 5725 1194 5755 ¹³⁶
1238 5722 1429 5792 [ζρζιεε.
1474 5738 1531 5789 ιιν
1571 5723 1650 5776 Η.
1736 5721 1779 5751 ιδ
1809 5719 1925 5774 '53..

2050 5737 2085 5785 ι,
2122 5719 2202 5772 l2.
2288 5716 2349 5747 ’δ’
2390 5715 2545 5770 Prov.
2578 5728 2647 5781 tv,
2685 5710 2776 5766 27.
2857 5709 2899 5741 "
2931 5706 3129 5764 Ezech.
3168 5692 3320 5769 nni,
3361 5698 3450 5755 ζ’ιὲ.
