4078 6292
546 355 684 417 1207

1533 364 1588 419 5.
1629 361 1902 420 ειιιιιιι
1944 365 2412 423 ALEXANDRIM
2451 366 2772 423 ARCHIEP.

3676 365 3815 423 ηοε

543 487 670 550 sunt
695 478 839 532 enim
866 478 1036 545 valde,
1072 479 1122 532 il
1167 488 1266 542 est,
1300 479 1549 545 humiles,
1586 491 1638 535 et
1669 483 2014 552 proculcatte,
2057 494 2112 538 et

2225 487 2493 552 Βιανοίαις,
2517 487 2769 558 καθάπερ
2796 487 2917 540 τινὰ
2942 486 3096 538 νόσον
3130 484 3501 554 ἐνσκήψαντα.
3535 484 3813 539 Ταπειναὶ

541 581 798 639 tanquam
832 569 976 623 humi
1026 557 1292 637 repentes,
1337 584 1399 623 ac
1447 571 1766 626 conculcare
1815 573 2116 627 volentibus

544 661 865 726 prostitutae,
901 673 1022 714 cum
1045 671 1056 682 "
1080 659 1390 712 Sanctorum
1435 674 1530 714 cor
1574 676 1678 714 non
1711 661 1782 714 ita
1814 676 1872 715 se
1901 663 2114 717 habeat.

543 749 650 803 Nec
672 750 814 803 enim
837 756 960 803 sunt
992 763 1176 803 eorum
1200 749 1363 803 animi
1390 752 1690 803 daemonum
1713 753 2112 809 incursionibus

540 841 732 908 pervii,
757 856 849 895 seu
875 841 1024 907 elati,
1061 851 1113 896 et
1141 841 1296 897 Redis
1321 843 1706 912 cupiditatibus
1731 861 1835 899 non
1859 846 2116 914 subjecti.

541 930 646 984 Sed
688 929 956 998 abiectum
987 941 1095 994 est,
1128 941 1184 983 ut
1210 930 1342 994 dixi,
1393 946 1489 985 cor
1515 933 1813 986 errantium
1850 951 1863 985 :
1896 943 1945 987 et
1981 949 2117 1003 prte-

542 1034 686 1077 terea
711 1023 872 1076 etiam
930 1023 1198 1090 instabile,
1248 1038 1312 1078 eo
1342 1027 1484 1093 quod
1521 1023 1656 1078 ebrii
1695 1025 1804 1079 sint
1853 1027 2120 1096 quodam-

542 1113 720 1176 modo,
757 1122 810 1168 et
839 1113 1114 1179 vacillent,
1147 1114 1496 1184 l‘eranturque
1519 1116 1824 1185 prmcipites
1868 1117 1919 1170 itt
1967 1117 2120 1184 cupi-

539 1206 735 1257 ditatcs
775 1205 891 1274 lege
926 1206 1101 1259 divina
1136 1217 1349 1261 n0tatas
1383 1222 1446 1260 ac
1480 1214 1713 1270 taxatas,
1755 1223 1816 1262 ac
1846 1222 1941 1276 pro
1973 1211 2120 1264 vitiis

539 1299 949 1352 condemnatus.
981 1298 1454 1352 Circutnl'crnntur
1498 1301 1640 1352 enim
1691 1309 1944 1369 tanquam
1971 1303 2115 1354 umni

540 1387 663 1443 ﬂatu
687 1400 763 1455 ct,
784 1399 839 1442 ut
862 1387 1248 1444 Parcemiastes
1271 1391 1494 1457 dicit‘”,
1516 1392 1917 1447 ﬂuctuationem
1969 1395 2120 1462 cupi-

538 1482 767 1534 ditatum
801 1482 1610 1547 subeunt.Quoduniversorum
1633 1485 1771 1537 Deus
1803 1484 2118 1539 criminatus

538 1583 621 1627 est
669 1575 915 1628 evenisse
941 1573 1260 1638 Jerusalem,
1307 1589 1372 1629 eo
1418 1577 1557 1645 quod
1591 1578 1642 1628 in
1675 1591 1890 1631 errores
1917 1578 2115 1630 daemo-

541 1680 665 1718 num
709 1664 957 1732 prolapsa
1003 1675 1167 1729 esset,
1213 1665 1397 1720 dicens
1439 1683 1452 1719 :
1504 1666 1901 1736 Cupiditatibus
1923 1669 2118 1722 anima:

539 1773 650 1811 sua:
682 1767 938 1825 tanquam
964 1765 1124 1812 vento
1149 1757 1346 1826 agitata
1371 1766 1472 1813 est.
1505 1756 1673 1813 Vento
1697 1758 1860 1826 igitur
1887 1759 2117 1813 circum-

2221 581 2328 650 γὰρ
2356 580 2496 642 λίαν,
2529 578 2771 631 τουτέστι
2812 575 3090 647 χθαμαλαὶ
3129 575 3224 630 καὶ
3257 575 3667 645 πεπατημέναι,
3716 577 3812 628 καὶ

2219 666 2331 722 οἷον
2359 670 2749 740 χαμαιρῤιφεῖς
2771 662 2949 725 αὗται,
2977 667 3068 719 καὶ
3089 669 3200 729 τοῖς
3224 665 3502 718 ἐθέλουσιν
3524 666 3808 732 ἐγκεῖσθαι

2221 764 2358 832 πρὸς
2384 761 2778 831 καταπὰτημα,
2807 761 2904 829 τῆς
2947 758 3055 812 τῶν
3084 759 3254 825 ἁγίων
3296 758 3527 828 καρδίας
3579 758 3655 821 ὡς
3706 761 3804 829 οὔχ

2217 855 2396 917 οὕτως
2431 853 2662 923 ἐχούσης
2693 853 2876 906 ποθέν.
2905 853 2978 904 Οὐ
3013 852 3121 921 γάρ
3162 853 3266 903 είσι
3301 849 3524 920 βάσιμοι
3551 853 3673 912 ταῖς
3701 851 3809 902 τῶν

2219 945 2511 1014 δαιμονίων
2558 944 2785 1013 ἐφόδοις,
2834 943 3206 1012 ἀνῳκισμέναι
3241 942 3297 994 δὲ
3329 941 3521 1011 ῶσπερ
3547 942 3642 994 καὶ
3687 945 3808 1004 ταῖς

2220 1035 2472 1100 ἐκτόποις
2519 1037 2627 1088 τῶν
2667 1033 2973 1105 ἐπιθυμιῶν
3001 1033 3321 1086 ὑποκεῖσθαι
3351 1035 3424 1103 μὴ
3452 1033 3805 1102 ἀνεχόμεναι.

2219 1127 2463 1199 Ταπεινὴ
2490 1128 2565 1192 δὲ,
2592 1127 2665 1190 ὡς
2692 1126 2846 1194 ἔφην,
2879 1127 2912 1195 ἡ
2940 1125 3048 1178 τῶν
3074 1123 3444 1193 πλανωμένων
3469 1124 3689 1194 καρδία,
3715 1125 3812 1176 καὶ

2220 1221 2356 1290 πρός
2389 1237 2452 1289 γε
2481 1219 2656 1289 τούτῳ
2685 1221 2778 1272 καὶ
2808 1218 3204 1282 ἀκατάστατος,
3248 1217 3336 1270 διά
3366 1233 3449 1269 τοι
3490 1217 3549 1268 τὸ
3585 1215 3810 1285 μεθύειν

2219 1313 2417 1384 τρόπον
2460 1311 2600 1375 τινὰ,
2646 1311 2736 1366 καὶ
2767 1310 3151 1364 κατασείεσθαι
3180 1309 3316 1380 πρὸς
3364 1307 3666 1377 ἐπιθυμίας
3711 1308 3811 1370 τὰς

2218 1401 2296 1474 τῷ
2342 1403 2469 1473 θείῳ
2511 1401 2660 1472 νόμῳ
2703 1399 3157 1469 διαϐεϐλημένας,
3191 1399 3283 1452 καὶ
3324 1401 3446 1462 ταῖς
3494 1399 3576 1460 εἰς
3609 1397 3810 1464 φαυλὸο

2219 1510 2357 1564 τητα
2402 1493 2604 1563 ψήφοις
2647 1490 3197 1560 καταδεδικασμένας.
3256 1489 3654 1560 Περιφέρονται
3703 1489 3808 1558 γὰρ

2219 1581 2407 1652 ὥσπερ
2435 1580 2595 1634 παντὶ
2630 1580 2920 1651 πνεύματι,
2962 1577 3231 1639 καὶνκαθά
3253 1595 3415 1650 φησιν
3441 1580 3468 1630 ὁ
3497 1580 3805 1648 Παροιμια-

2221 1674 2373 1743 στῆς,
2444 1671 2763 1745 ρεμὸασμὸν
2828 1671 3134 1742 ἐπιθυμιῶν
3192 1669 3578 1740 ὑπομένουσιν.
3632 1671 3809 1739 Ὅπερ

2221 1765 2500 1820 παθοῦσαν
2543 1764 2642 1834 τὴν
2675 1763 3055 1833 Ἰερουσαλὴμ,
3097 1762 3184 1816 διά
3218 1763 3282 1814 τὸ
3321 1763 3654 1834 προσνεῦσαι
3689 1765 3806 1825 ταῖς

540 1847 643 1901 lata
676 1849 880 1913 anima,
926 1849 1110 1931 utique
1142 1855 1226 1902 est
1279 1847 1443 1902 etiam
1474 1849 1807 1904 inconstans.
1842 1848 1943 1916 Qui
1990 1849 2117 1902 vero

2225 1860 2333 1912 τῶν
2379 1859 2670 1929 δαιμονίων
2695 1856 2954 1919 ἀπάταις,
2993 1857 3184 1928 ᾐτιᾶτο
3231 1855 3405 1923 λέγων
3441 1855 3468 1906 ὁ
3519 1855 3630 1907 τῶν
3671 1855 3805 1908 ’ὅλων

541 1939 823 1992 adhaerent
875 1937 1004 1999 Deo,
1038 1940 1283 1993 morbum
1324 1939 1467 1992 hunc
1515 1939 1746 2009 fugiunt,
1794 1950 1846 1992 ut
1882 1940 1971 2009 qui
2003 1954 2119 2008 per-

541 2031 734 2086 niricm
767 2030 975 2094 all'erat,
1020 2041 1073 2085 ct
1097 2030 1483 2098 gratulatorias
1517 2033 1649 2086 odas
1691 2030 1955 2097 referunt,
1991 2042 2115 2086 tan-

539 2140 698 2192 quam
736 2138 764 2176 a
797 2123 938 2178 malo
989 2123 1217 2178 liberati.
1259 2123 1458 2178 Dicunt
1497 2124 1682 2178 enim:
1728 2142 1746 2176 ι
1790 2123 1992 2178 Statuit
2022 2141 2117 2179 su-

546 2230 643 2284 per
659 2224 869 2284 petram
888 2213 1052 2282 pedes
1069 2229 1238 2278 mens,
1256 2223 1310 2282 et
1327 2213 1526 2270 direxit
1552 2231 1770 2284 gressus
1790 2231 1942 2271 meos
1965 2215 2076 2271 ¹⁸·⁶.
2092 2234 2110 2268 ι

540 2302 579 2361 Ἀ
612 2309 719 2361 Deo
744 2321 957 2377 quoque
973 2306 1176 2362 dictum
1201 2317 1284 2362 est
1303 2306 1458 2360 matri
1487 2305 1796 2362 Judaeorum
1821 2323 1843 2386 ,ι
1879 2326 1898 2359 ι
1927 2306 2119 2364 Statue

543 2401 792 2469 teipsam,
833 2414 868 2454 ο
900 2398 1031 2454 Sion
1062 2398 1125 2452 ".
1156 2417 1174 2450 ι
1217 2398 1279 2452 Ει
1313 2397 1510 2453 Paulus
1573 2399 2007 2468 sapientissimus
2064 2400 2118 2454 in

538 2489 779 2562 Epistula
843 2491 1033 2546 scribit
1079 2491 1144 2545 ad
1191 2491 1502 2560 quosdam:
1541 2508 1560 2541 ι
1602 2487 1705 2556 Qui
1762 2490 1863 2544 sibi
1909 2489 2121 2544 videtur

539 2595 708 2649 stare,
739 2584 916 2638 videat
944 2598 1011 2639 ne
1047 2583 1308 2637 c‘adat‘”.
1347 2599 1364 2633 ι
1400 2581 1565 2653 766
1601 2580 1764 2635 Caret
1787 2596 1917 2650 ergo
1949 2580 2122 2635 sacris

539 2674 878 2747 ornamentis
929 2674 1226 2728 errantium
1266 2674 1462 2727 anima.
1517 2671 1626 2728 Nec
1661 2673 1806 2727 enim
1849 2685 1932 2728 est
1985 2689 2118 2728 con-

540 2775 712 2821 stans.
752 2765 880 2832 Sed,
910 2774 967 2818 ut
997 2765 1130 2835 disi,
1153 2765 1410 2835 quoniam
1440 2764 1754 2820 misericors
1783 2773 1868 2820 est
1899 2766 2118 2820 univer-

542 2871 726 2910 sorum
758 2854 1042 2921 Conditor,
1105 2855 1347 2910 defendit
1405 2857 1800 2926 quodannnodo
1871 2872 1988 2911 eam
2033 2858 2119 2912 cui

541 2946 645 3001 hoc
693 2946 911 3012 accidit,
970 2957 1025 3003 et
1060 2947 1236 3018 inquit
1267 2967 1281 3004 :
1320 2947 1708 3004 Consolatione
1740 2949 2001 3004 desntuta
2039 2965 2121 3005 es.

545 3039 838 3094 Plurimum
868 3041 1012 3094 enim
1061 3040 1450 3097 consolationis
1493 3041 1762 3096 habebant
1803 3043 2062 3096 Israelitze
2091 3059 2118 3096 a

541 3129 678 3195 Deo,
717 3146 836 3200 quae
871 3131 989 3186 illos
1038 3131 1306 3202 spirituali
1359 3133 1554 3188 robore
1588 3132 1950 3199 conﬁrmavit,
1978 3139 2029 3187 ct
2057 3135 2120 3186 ad

541 3224 906 3293 cognitionem
930 3224 1046 3291 ejus
1077 3225 1218 3292 quod
1245 3224 1378 3278 utile
1402 3233 1482 3279 est
1505 3234 1559 3278 et
1585 3225 1650 3277 ad
1679 3223 1903 3280 salutem
1935 3239 2122 3279 neces-

551 3316 755 3371 sarium
789 3316 1033 3370 adduxit.
1050 3314 1183 3370 Nam
1215 3316 1336 3370 data
1367 3327 1450 3370 est
1480 3315 1587 3369 illis
1619 3315 1702 3369 lex
1729 3331 1825 3385 per
1857 3315 2118 3387 Moysem,

540 3416 596 3463 et
643 3418 960 3464 sanctorum
1012 3407 1392 3478 prophetarum
1425 3407 1624 3470 chorus
1687 3409 1960 3463 exhibitus
2012 3419 2120 3472 est,

543 3498 857 3554 caelestibus
888 3498 1075 3553 rivulis
1105 3513 1201 3554 cos
1225 3498 1458 3553 influens
1485 3507 1538 3552 et
1570 3498 1859 3563 inundans,
1892 3501 1998 3552 Deo
2019 3500 2125 3554 illis

545 3590 875 3644 uberrimam
942 3588 1369 3644 consolationem
1437 3589 1607 3643 instar
1664 3589 1862 3657 pluvizn
1919 3591 2124 3648 immit-

550 3690 716 3736 tente.
765 3679 870 3735 Sed
925 3694 1084 3734 nemo
1118 3690 1433 3738 sanctorum
1483 3696 1721 3752 unquam
1756 3692 1943 3752 gentes
1993 3682 2126 3738 allo-

547 3781 704 3828 cutus
745 3781 860 3837 est,
904 3785 1001 3824 nec
1036 3769 1170 3841 legis
1220 3769 1470 3826 Mosaicae
1511 3771 1818 3842 paedagoga
1871 3773 2126 3827 institutae

545 3873 691 3930 sunt,
715 3867 810 3921 sed
850 3874 906 3920 et
937 3863 1376 3935 proplteticarum
1407 3865 1713 3919 orationum
1737 3875 1984 3933 expertes
2006 3880 2124 3920 om-

547 3959 673 4014 nino
712 3964 1052 4014 manserunt.
1089 3955 1274 4025 Itaque
1327 3954 1696 4009 consolatione
1722 3954 1979 4010 destituta
2021 3966 2125 4011 est.

548 4049 710 4118 quue
741 4049 890 4104 clare
935 4049 1364 4103 demonstratum
1409 4058 1490 4100 est
1527 4046 1579 4101 in
1608 4047 1918 4116 evangelica
1967 4062 2126 4116 para-

549 4142 668 4196 bola
717 4156 821 4211 qua
851 4155 978 4195 usus
1001 4147 1087 4195 est
1125 4137 1405 4202 Christus,
1445 4147 1504 4192 ut
1536 4138 1627 4208 qui
1669 4140 2129 4208 conducitOpera-

551 4233 658 4288 rios
686 4232 738 4288 itt
779 4231 993 4288 vineam
1050 4245 1229 4295 suam,
1260 4231 1402 4300 quod
1451 4231 1583 4286 hora
1623 4229 1821 4298 prima,
1852 4237 1906 4283 et
1944 4230 2125 4294 tertia,

547 4333 704 4380 sexta
727 4333 783 4379 et
805 4338 944 4379 nona
977 4323 1126 4378 fecit.
1175 4322 1256 4377 Ad
1289 4323 1477 4377 horam
1527 4331 1710 4376 autem
1761 4321 2126 4388 undecimam,

548 4431 670 4470 cum
733 4415 871 4470 alios
932 4425 1140 4470 stantes
1181 4414 1387 4471 otiosos
1439 4414 1754 4481 invenisset,
1817 4413 1953 4468 dixit
1997 4414 2124 4469 eis:

2223 1951 2388 2014 Θεὸς·
2433 1953 2523 2004 Ἐν
2584 1951 2903 2020 ἐπιθυμίαις
2951 1948 3131 2019 ψυχῆς
3186 1947 3356 2018 αὐτῆς
3403 1948 3806 2016 ἐπνευματοφο-

2225 2040 2394 2110 ρεττο.
2453 2036 3053 2108 Πνευματοφορουμένη
3099 2036 3157 2089 δὲ
3203 2035 3385 2105 ψυχὴ,
3424 2035 3646 2098 πάντως
3702 2052 3804 2087 που

2225 2127 2319 2182 καὶ
2345 2127 2735 2190 ἀκατάστατος.
2763 2126 2873 2180 Καὶ
2892 2124 3023 2194 γοῦν
3045 2127 3093 2178 οἱ
3116 2123 3233 2192 Θεῷ
3263 2124 3650 2195 προσκείμενοι
3679 2121 3805 2189 φεῦ-

2224 2239 2380 2294 γουσι
2426 2221 2524 2291 τὴν
2562 2221 2736 2285 νόσον,
2785 2218 2860 2283 ὠς
2899 2217 3120 2290 ὀλέθρου
3167 2217 3447 2288 πρόξενον,
3480 2217 3574 2270 καὶ
3618 2216 3680 2286 δὴ
3713 2215 3804 2268 καὶ

2225 2315 2610 2388 χαριστηρίους
2660 2313 2804 2383 ᾡδάς
2853 2311 3238 2382 ἀναφέρουσιν,
3279 2311 3357 2373 ὡς
3397 2309 3803 2380 ἀπηλλαγμένοι

2191 2399 2196 2403 ’
2223 2403 2319 2457 τοῦ
2355 2400 2546 2456 κακοῖν
2583 2400 2715 2470 φασὶ
2738 2398 2968 2470 γάρ,ὄτι
2997 2416 3014 2449 ι
3055 2396 3322 2466 Ἔστησεν
3346 2397 3438 2450 ἐπὶ
3471 2395 3573 2466 τὴν
3603 2395 3805 2464 πέτραν

2224 2497 2352 2560 τοὺς
2391 2493 2554 2557 πόδας
2590 2510 2711 2564 μου,
2748 2491 2842 2544 καὶ
2869 2488 3164 2542 κατεῦθυνε
3189 2488 3256 2541 τὰ
3277 2486 3596 2556 διαδήματά
3629 2503 3746 2554 μου.
3781 2504 3798 2537 ι

2226 2587 2454 2657 Εἴρηται
2487 2585 2544 2637 δὲ
2585 2583 2734 2654 παρά
2765 2580 2901 2635 Θεοῦ
2957 2582 3050 2635 καὶ
3089 2580 3226 2652 πρὸς
3256 2579 3356 2649 τὴν
3390 2579 3500 2632 τῶν
3541 2577 3804 2631 Ἰουδαίων

2230 2677 2447 2750 μητέρα
2471 2693 2483 2705 ·
2509 2675 2742 2745 «Στῆσον
2771 2674 3023 2742 σεαυτὴν,
3049 2671 3361 2726 Σιών.›Καὶ
3375 2672 3482 2742 μὴν
3509 2672 3607 2724 καὶ
3624 2671 3654 2722 ὁ
3680 2670 3807 2723 πάνυ

2229 2787 2390 2840 σοφος
2417 2767 2626 2831 Παῦλος
2652 2765 2954 2820 ἐπιστέλλει
2975 2764 3112 2819 τισίν
3135 2780 3149 2795 ·
3178 2765 3374 2817 «Ὥστε
3397 2766 3427 2817 ὁ
3453 2763 3631 2817 δοκῶν
3661 2763 3806 2815 ἐστά-

2228 2882 2336 2927 ναι,
2359 2863 2602 2932 βλεπέτω
2628 2859 2704 2931 μὴ
2733 2858 3086 2931 πέσῃΑἝΕω
3113 2859 3176 2927 δὴ
3202 2855 3299 2911 οῦν
3323 2858 3430 2912 τῶν
3459 2855 3808 2928 ἀγιοπρεπιῖιν

2229 2956 2564 3027 αὐχημάτων
2594 2956 2627 3025 ἡ
2662 2953 2770 3006 τῶν
2801 2951 3166 3022 πλανωμένων
3184 2951 3353 3021 ψυχή.
3392 2951 3504 3004 Καὶ
3536 2950 3647 3020 γάρ
3672 2950 3809 3001 ἐστιν

2229 3048 2626 3108 ἀκατάστατος.
2669 3044 2888 3115 Ἐπειδὴ
2921 3044 2978 3097 δὲ
3007 3044 3306 3114 οἰκτίρμων
3331 3042 3500 3102 ἐστὶν,
3537 3041 3614 3103 ὡς
3655 3039 3808 3108 ἔφην.

2229 3144 2256 3195 ὁ
2283 3140 2389 3193 τῶν
2414 3139 2548 3192 ὅλων
2571 3137 2924 3208 δημιουργὸς,
2949 3135 3445 3203 ὑπεραπολογεῖται
3467 3133 3674 3203 τρόπον
3695 3129 3812 3183 τινὰ

2224 3230 2324 3298 τῆς
2356 3229 2515 3283 τοῦτο
2571 3227 2868 3297 παθούσης,
2919 3224 3009 3278 καί
3058 3241 3221 3295 φησιν
3259 3239 3274 3254 ⁶
3304 3224 3378 3277 Οὐ
3436 3221 3806 3293 παρεκλήθης.

2225 3307 2350 3383 Τοῖς
2382 3320 2480 3389 μὲν
2515 3319 2626 3390 γὰρ
2657 3319 2716 3384 ἐξ
2758 3317 2973 3388 Ἰσραὴλ
3006 3317 3232 3386 πλείστη
3256 3315 3449 3384 γέγονε
3479 3314 3630 3384 παρά
3676 3309 3810 3364 Θεοῦ

2226 3411 2595 3484 παράκλησις,
2645 3412 2727 3472 εἰς
2773 3408 3072 3482 εὐρωστίαν
3104 3407 3302 3471 αὐτοὺς
3323 3405 3668 3476 ἀναφέρουσα
3709 3401 3810 3470 τὴν

2225 3502 2620 3574 πνευματικὴν,
2653 3503 2746 3556 καὶ
2789 3501 2889 3572 τὴν
2931 3501 3024 3554 τοῦ
3055 3500 3328 3572 χρησίμου
3371 3500 3458 3550 καὶ
3498 3494 3806 3560 ἀναγκαίου

2227 3596 2363 3667 πρὸς
2395 3594 2665 3664 σωτηρίαν
2694 3591 3024 3662 εἰσφέρουσα
3053 3589 3277 3658 γνῶσιν.
3313 3589 3512 3641 Δέδοται
3543 3585 3652 3653 γάρ
3695 3582 3801 3635 αὑ-

2225 3688 2340 3748 τοῖς
2377 3685 2540 3754 νόμος
2589 3683 2616 3735 ὁ
2667 3682 2755 3737 διὰ
2809 3677 3073 3745 Μωσέως,
3139 3682 3235 3735 καὶ
3295 3677 3572 3751 προφητῶν
3625 3673 3800 3742 ἁγίων

2227 3775 2510 3846 ἀνεδείχθη
2543 3774 2722 3846 χορὸς,
2746 3775 2859 3837 τοῖς
2890 3772 2950 3840 ἐξ
2980 3772 3211 3844 οὐρανοῦ
3243 3772 3475 3843 νάμασιν
3499 3765 3807 3828 ἐπικλύζων

2228 3868 2446 3932 αὐτοὺς,
2495 3867 2590 3920 καὶ
2625 3865 2971 3938 παράκλησιν
3018 3864 3392 3935 ἁφθονοτάτην
3451 3860 3607 3915 ὑετοῦ
3653 3858 3810 3927 δίκην

2229 3958 2507 4021 καθιέντος
2537 3957 2720 4020 αὐτοῖς
2752 3957 2847 4010 τοῦ
2871 3955 3007 4009 Θεοῦ
3029 3971 3044 3986 ο
3069 3957 3180 4018 τοῖς
3207 3971 3270 4022 γε
3304 3952 3412 4023 μὴν
3441 3951 3615 4005 ἔθνεσι
3648 3964 3811 4018 προσ-

2229 4048 2522 4118 λελάληκεν
2565 4048 2741 4110 οὐδεὶς
2790 4047 2898 4100 τῶν
2948 4045 3119 4115 ἁγίων
3179 4044 3480 4107 παντελῶς·
3538 4041 3660 4094 οὔτε
3705 4039 3810 4110 γάρ

2230 4139 2720 4212 πεπαιδαγώγηται
2743 4139 2894 4209 νόμῳ
2923 4137 3000 4208 τῷ
3023 4137 3111 4191 διά
3139 4136 3410 4199 Μωσέως,
3448 4132 3736 4201 ἀπείρατοι
3758 4129 3812 4181 δέ

2231 4231 2508 4296 παντελῶς
2541 4231 2637 4284 καὶ
2669 4228 3024 4302 προφητικῶν
3061 4229 3406 4300 μεμενήκασι
3443 4224 3640 4292 λόγων.
3675 4220 3813 4274 Οὐκ-

2229 4323 2325 4376 οῦν
2369 4323 2430 4376 οὐ
2455 4321 2823 4394 ,παρεκλήθη.
2855 4319 2966 4374 Καὶ
3009 4319 3168 4373 τοῦτο
3207 4318 3477 4372 δέδεικται
3514 4311 3702 4381 σαφῶς
3728 4307 3813 4362 διὰ

2231 4414 2332 4486 τῆς
2358 4414 2721 4484 εὐαγγελικῆς
2761 4411 3096 4483 παραϐολῆςο
3140 4409 3244 4480 ἔφη
3279 4409 3387 4479 γάρ
3432 4423 3536 4459 που
3563 4401 3812 4475 Χριστὸς.

553 4527 572 4560 ι
595 4507 735 4576 Quid
767 4507 855 4563 hic
883 4506 1043 4562 statis
1071 4516 1243 4562 totum
1275 4507 1415 4562 diem
1435 4505 1641 4562 otiosi?
1670 4504 1768 4561 tiui
1799 4504 1879 4560 illi
1903 4525 1918 4561 :
1940 4504 2120 4573 Nemo,

2233 4503 2310 4567 ὡς
2341 4504 2370 4558 ὁ
2415 4501 2776 4573 μισθούμενος
2822 4499 2947 4565 τοὺς
2995 4501 3232 4572 ἐργάτας
3276 4499 3358 4560 είς
3390 4497 3484 4550 τὸν
3520 4490 3814 4584 ἀμπελῶνα

549 4601 922 4670 inquiunt,nos
937 4597 1312 4654 conduxitw'.
1326 4615 1346 4651 ι
1358 4596 1468 4652 Nec
1483 4597 1628 4653 enim
1652 4596 1939 4666 quisquam
1961 4612 2124 4652 voca—

551 4693 880 4763 vitgeutium
914 4691 1339 4756 multitudinem,
1366 4689 1467 4745 nisi
1493 4688 1640 4745 solus
1667 4687 1837 4744 vinea?
1865 4687 2126 4744 Dominus

549 4782 860 4840 novissimis
899 4783 1254 4857 temporibus.

2233 4596 2420 4661 αὑτοῦ,
2445 4596 2695 4667 πέπραχε
2730 4596 2827 4665 μὲν
2855 4593 3014 4648 τοῦτο
3044 4593 3171 4664 περὶ
3198 4590 3444 4662 πρώτην,
3479 4588 3577 4641 καὶ
3608 4583 3815 4655 τρίτην,

2233 4689 2397 4760 ἕκτην
2428 4706 2485 4741 τε
2537 4689 2632 4741 καὶ
2663 4687 2892 4759 ἐννάτην
2918 4687 3087 4758 ὥραν.
3123 4686 3258 4756 Περὶ
3295 4685 3354 4737 δέ
3388 4699 3454 4750 γε
3473 4681 3574 4750 τήν
3604 4675 3822 4731 ἑνδεκα-

2231 4799 2330 4852 την
2364 4782 2533 4854 ὥραν,
2564 4779 2739 4853 εὑρὼν
2769 4780 2988 4852 ἐτέρους
3010 4778 3250 4840 ἑστῶτας
3283 4776 3510 4847 ἀργοὺς,
3548 4772 3653 4838 ἔφη
3687 4765 3820 4835 πρὸς

545 4875 768 4942 αὐτούς·
797 4877 895 4931 «Τί
921 4871 1026 4934 ὧδε
1054 4877 1320 4948 ἑστήκατε
1349 4875 1476 4946 ὃλην
1504 4875 1602 4948 τὴν
1628 4873 1846 4947 ἡμέραν
1868 4876 2026 4948 ἀργοί
2050 4893 2064 4939 ;
2090 4893 2108 4924 ι
2137 4878 2200 4930 Οἱ
2227 4875 2285 4930 δέ
2312 4877 2448 4947 πρὸς
2471 4875 2629 4930 τοῦτο
2658 4873 2864 4943 ἔφασαν
2886 4874 2964 4938 τὸ,
2994 4871 3216 4935 (Οὐδεὶς
3241 4871 3388 4941 ἡμᾶς
3419 4863 3814 4938 ἐμισθώσατο.»

561 4968 815 5026 Ἐκὰλεσε
864 4969 973 5042 γάρ
1003 4969 1181 5032 οὐδεὶς
1209 4968 1317 5022 τῶν
1363 4968 1533 5022 ἐθνῶν
1578 4967 1675 5038 τὴν
1729 4967 1958 5040 πληθὺν,
2033 4969 2171 5042 πλὴν
2244 4973 2326 5025 ὅτι
2373 4971 2530 5044 μόνος
2562 4971 2620 5022 ἐν
2655 4967 2905 5039 ἐσχάτοις
2936 4967 3148 5038 καιροῖς
3190 4965 3218 5017 δ
3251 4963 3343 5018 τοῦ
3373 4958 3698 5032 ἀμπελῶνος
3721 4955 3822 5009 Δια

550 5079 778 5134 σποτης.

624 5156 785 5213 Vnus.
815 5157 1005 5212 11-15.
1046 5154 1179 5209 Ecce
1209 5171 1302 5222 ego
1329 5170 1570 5222 ιιι-(εραιό
1607 5155 1702 5209 tibi
1735 5155 2111 5208 carbunculum

549 5248 778 5316 lapidem
849 5256 1020 5308 tuum,
1069 5254 1115 5298 et
1158 5243 1502 5312 fundamenta
1560 5252 1653 5298 tua
1695 5245 2022 5312 sapphirum,
2079 5253 2125 5298 el

546 5320 738 5402 ponam
779 5334 1172 5406 propugnacula
1202 5345 1293 5388 tua
1326 5333 1525 5401 inspin,
1567 5343 1614 5387 ει
1640 5344 1817 5402 portas
1842 5344 1960 5386 tuas
1990 5333 2130 5401 lapi-

549 5431 640 5483 des
681 5427 946 5498 crystalli,
992 5436 1040 5489 sl
1103 5441 1312 5480 murum
1372 5436 1520 5477 tuum
1575 5423 1774 5494 lapides
1825 5424 2037 5488 electos,
2082 5431 2132 5477 cl

515 5549 518 5552 η
550 5533 728 5572 omnes
744 5518 884 5585 ﬁlios
910 5527 1026 5570 tuos
1055 5515 1344 5586 discipulos
1372 5513 1488 5580 Dei,
1513 5525 1561 5568 et
1589 5517 1640 5568 in
1673 5515 1837 5568 multa
1866 5531 1994 5583 pace
2029 5513 2132 5584 ﬁlii

551 5607 647 5662 tui.

635 5784 701 5818 ⁸³·
746 5783 871 5852 Sap.
907 5798 976 5845 tv,
1010 5783 1063 5835 l.
1145 5785 1228 5818 "”
1262 5784 1403 5839 Psal.
1438 5801 1624 5851 xxxix,
1657 5785 1708 5838 5.

1789 5786 1831 5816 ¹⁸
1859 5785 2088 5850 Baruch,
2110 5799 2162 5852 τ’,
2192 5786 2243 5838 ις.

2306 5150 2450 5205 Ἰδοὺ
2503 5148 2617 5218 ἐγὼ
2649 5145 2928 5214 ἑτοιμάζω
2942 5161 3042 5202 σοι
3075 5145 3344 5214 ἄνθρακα
3369 5145 3476 5198 τόν
3500 5145 3698 5202 λίθον,
3721 5141 3820 5194 καὶ

2233 5241 2306 5295 τὰ
2353 5238 2597 5308 θεμέλιὰ
2643 5252 2761 5293 σου
2805 5238 3178 5308 σάπφειρον,
3215 5236 3315 5290 καὶ
3353 5234 3521 5300 θήσω
3570 5234 3678 5299 τὰς
3714 5232 3822 5285 ἐπ-

2235 5330 2442 5396 άλξεις
2474 5347 2591 5384 σου
2626 5331 2860 5393 κασπιν,
2894 5329 2993 5382 καὶ
3045 5330 3154 5394 τὰς
3205 5327 3405 5391 πύλας
3439 5321 3556 5380 σοὺ
3611 5325 3827 5388 λίθους

2237 5423 2656 5490 κρυστάλλου,
2711 5422 2808 5475 καὶ
2876 5421 2984 5474 τὸν
3047 5421 3371 5488 περίϐολόν
3427 5435 3545 5472 σου
3613 5418 3830 5480 λίθους

2237 5515 2582 5580 ἐκλεκτοὺς,
2640 5513 2738 5568 καὶ
2788 5513 3020 5577 πάντας
3076 5512 3219 5576 τοὺς
3265 5512 3436 5577 υἱούς
3485 5527 3604 5564 σου
3656 5507 3828 5562 616a-

2243 5607 2424 5672 κτοὺς
2459 5605 2628 5670 Θεοῦ,
2661 5606 2761 5660 καὶ
2789 5607 2858 5659 ἐν
2883 5602 3087 5672 πολλῆ
3115 5604 3325 5672 εἰρήνῃ
3358 5605 3428 5659 τὰ
3461 5604 3640 5656 τέχνα
3681 5615 3827 5655 σου.

2326 5785 2387 5814 ’θ’
2423 5785 2436 5839 l
2468 5783 2590 5839 Cor.
2617 5802 2664 5850 τ,
2700 5785 2780 5838 ιε.
2863 5785 2943 5815 ⁸⁸⁸⁸
2975 5782 3166 5839 Matth.
3197 5797 3291 5846 xx,
3329 5781 3382 5836 ϐ.
