4092 6296
304 300 445 359 ιευο

1438 299 1506 354 l.‘i
1545 298 1782 356 lSAIAM
1821 301 1951 359 LIB.
1995 303 2059 360 Υ.
2102 303 2336 363 τοιιυε
2375 305 2437 362 11.

3414 306 3557 367 Ηίύ

379 416 572 488 Ἀθρει
603 415 669 487 δή
718 433 808 488 μοι
861 416 1022 471 πάλιν
1042 416 1135 471 τοῦ
1179 416 1336 486 λόγου
1382 418 1444 471 τδ
1485 419 1757 489 εύτεχνὲς,
1792 420 1883 473 καὶ

2058 422 2254 494 Specta
2308 423 2440 477 mihi
2479 436 2670 479 rursus
2695 421 2961 477 orationis
3005 418 3322 489 artiﬁcium,
3352 431 3410 478 et
3442 424 3560 480 bel-

299 505 415 561 τῶν
470 506 691 561 ἐννοιῶν
749 506 811 561 τὸ
870 508 1199 578 εὐμήχανον.
1249 507 1567 578 Διαλέγεται
1623 510 1720 578 μὲν
1777 509 1887 580 γὰρ

300 595 384 652 ὡς
456 597 581 665 ὅσον
657 596 868 650 οὐδέπω
931 597 1139 659 πόλεως
1212 596 1593 669 ὀφθησομένης
1655 599 1754 669 τῆς
1827 599 1887 666 ἐξ

300 685 479 740 ἐθνῶν
549 687 874 757 Ἑκκλησίας
935 686 1385 758 μεγαλοπρεποῦς
1447 704 1507 740 τε
1587 688 1683 740 καὶ
1734 704 1891 760 περι-

301 778 697 849 καλλεστάτης,
750 779 918 842 λίθοις
950 794 1016 845 γε
1069 778 1176 848 μὴν
1206 781 1321 841 τοῖς
1354 779 1436 832 ὃτι
1494 779 1728 848 μάλιστα
1767 779 1888 833 δια-

301 870 704 939 πρεπεστάτυις
760 869 1172 942 ἑξωραῖσμένην
1241 870 1723 939 ἀποφανθήσεσθαι
1797 870 1888 924 λέ-

298 977 416 1028 γει.
485 963 647 1030 Θήσω
706 961 836 1032 γὰρ,
890 961 1077 1032 φησὶν,
1126 960 1378 1032 ἄνθρακα
1431 962 1523 1015 τὸν
1574 960 1719 1014 λίθον
1770 979 1887 1018 σου.

300 1052 495 1106 Ἕοικε
522 1053 579 1105 δὲ
606 1051 693 1106 διὰ
721 1051 926 1106 τούτων
977 1053 1408 1122 κατασημαίνειν
1455 1043 1742 1121 βούλεσθαι
1797 1053 1889 1107 τὸν

309 1142 548 1213 Ἰησοῦν,
612 1144 672 1196 ὃν
740 1143 805 1214 δὴ
871 1142 1145 1197 τεθεῖσθαί
1208 1160 1342 1214 φησι
1405 1144 1466 1198 τὸ
1528 1145 1768 1215 Γράμμα
1829 1144 1891 1199 τὸ

301 1234 454 1305 ἱερὸν
478 1237 559 1297 εἰς
583 1234 654 1288 τὰ
678 1235 906 1302 θεμέλια
935 1234 1095 1297 Σιὼν,
1127 1239 1205 1298 είς
1237 1236 1295 1288 δν
1333 1236 1388 1289 εί
1411 1253 1497 1299 τις
1526 1235 1888 1300 πιστεύσειεν,

299 1326 364 1378 οὐ
425 1325 502 1395 μὴ
547 1324 942 1396 καταισχυνθῇ.
974 1325 1258 1397 ’Λνθρακα
1307 1326 1404 1394 μὲν
1456 1325 1616 1378 αὑτὸν
1660 1324 1718 1377 ὲν
1764 1324 1890 1377 τούς·

298 1433 423 1479 τοις
464 1416 742 1486 ὀνομάζει.
796 1417 1174 1487 Διαμέμνηται
1221 1418 1278 1471 δὲ
1332 1417 1424 1470 καὶ
1479 1417 1681 1486 ἑτέρως
1725 1416 1890 1471 αὐτοῦ

301 1506 395 1559 διὰ
426 1505 726 1576 προφητῶν
759 1507 950 1575 ἁγίων.
980 1508 1121 1578 Ἔφη
1169 1507 1301 1575 γοῦν
1327 1507 1415 1559 διὰ
1446 1507 1631 1576 φωνῆς
1667 1505 1851 1576 ’Δμώς
1873 1523 1888 1538 °

310 1613 329 1644 ι
355 1595 493 1646 Ἰδοὺ
542 1591 654 1660 ἐγὼ
698 1594 944 1647 ὲντάσσω
985 1595 1267 1663 ἀδάμαντα
1310 1596 1368 1647 ὲν
1412 1595 1564 1665 μέσῳ
1610 1594 1740 1648 λαοῦ
1786 1611 1889 1664 μου

318 1686 597 1754 Ἰσραήλ.»
625 1685 725 1738 Διά
755 1685 812 1738 δέ
840 1701 903 1753 γε
933 1686 1114 1756 φωνῆς
1143 1686 1449 1754 Ζαχαρίουρ
1491 1704 1509 1736 ι
1531 1684 1662 1739 Ἰδοὺ
1697 1685 1806 1738 έπά
1820 1702 1890 1751 {to

304 1775 403 1829 ἐπὶ
433 1776 523 1829 τὸν
553 1776 737 1830 δοῦλόν
771 1793 875 1846 μου
905 1777 1169 1847 ἀνατολήν
1192 1793 1205 1807 ·
1237 1777 1368 1829 διότι
1402 1775 1550 1839 λίθος
1582 1776 1641 1830 ὃν
1683 1777 1889 1830 δέδωκα

304 1865 421 1936 προ
456 1848 751 1934 προσώπου
796 1865 993 1936 Ἰησοῦ,
1034 1866 1127 1918 ἐπὶ
1168 1865 1261 1919 τὸν
1305 1864 1456 1919 λίθον
1487 1864 1577 1917 τὸν
1615 1865 1710 1918 ἕνα
1752 1864 1891 1919 ἐπτά

302 1955 580 2025 ὀφθαλμοί
613 1958 770 2010 είσιν.
799 1975 819 2007 t
849 1957 1067 2009 Ἐνεστι
1098 1954 1207 2026 γὰρ
1228 1954 1299 2009 τὰ
1321 1955 1596 2024 πανταχοῦ
1629 1954 1890 2008 δύνασθαι

297 2046 553 2118 καθορᾷν
584 2046 662 2117 τῷ
697 2046 1051 2117 παντεπόπιῃ
1093 2044 1335 2116 Χριστῷ.
1372 2045 1623 2099 Τέθειται
1651 2045 1828 2099 τοίνυν
1861 2047 1891 2098 ὁ

303 2139 513 2209 ἄνθραξ
551 2139 630 2202 εἰς
665 2138 812 2192 λίθον
853 2139 948 2193 καὶ
987 2138 1383 2193 ἀκατάσειστον
1417 2136 1735 2209 ὑποόάθραν
1786 2139 1890 2208 τῆς

304 2230 519 2294 πόλεως
556 2231 657 2299 τῆς
697 2231 876 2297 ἁγίας.
924 2228 1044 2282 Ἐπ’
1086 2229 1235 2299 αύτῷ
1278 2228 1334 2282 δὲ
1372 2227 1510 2282 λίθοι
1557 2229 1884 2300 σαπφείρου,

303 2322 450 2392 τάχα
476 2338 580 2375 που
606 2322 666 2374 τὸ
687 2321 794 2374 τῶν
826 2322 998 2389 ἁγίων
1025 2319 1340 2374 ἀποστόλων
1358 2322 1549 2388 στῖφος
1577 2320 1887 2390 ὑποσημαί-

305 2430 514 2477 νοντες.
544 2411 862 2482 Ἐγγύτεροι
889 2411 998 2480 γὰρ
1026 2403 1175 2463 οὗτοι
1203 2410 1464 2480 Χριστοῦ.
1497 2412 1592 2463 καὶ
1615 2405 1725 2463 οἷόν
1746 2428 1889 2476 τινες

307 2502 553 2571 θεμέλιοι
588 2500 709 2571 μετ’
734 2500 896 2553 αὑτὸν
926 2500 1183 2568 γεγόνασι
1215 2503 1312 2571 τῆς
1341 2500 1433 2552 ὑπ’
1457 2500 1706 2571 οὐρανόν.
1734 2501 1889 2554 Οὕτω

308 2592 415 2644 πού
462 2608 624 2660 φησιν
675 2593 705 2645 ὁ
751 2590 915 2645 Δαὸὶδ
953 2593 1010 2646 ἐν
1055 2592 1504 2662 ἑπτακαιδεκάτῳ
1547 2591 1768 2663 ψαλμῷ,
1807 2592 1888 2646 ὃτι

313 2700 334 2733 ι
378 2681 662 2749 Ὠφθησαν
686 2682 744 2735 αἰ
775 2685 950 2752 πηγαὶ
977 2681 1083 2734 τῶν
1112 2682 1340 2744 ὑδάτων,
1382 2682 1473 2734 καὶ
1506 2682 1887 2752 ἀνεκαλύφθη-

310 2786 415 2825 σαν
454 2770 522 2823 τὰ
568 2769 792 2841 θεμέλια
837 2771 937 2842 τῆς
968 2772 1326 2841 οἰκουμένης,
1372 2773 1478 2825 ἀπὸ
1515 2772 1888 2845 ἐπιτιμήσεώς

310 2876 430 2922 σου,
464 2861 658 2932 Κύριε,
683 2861 790 2915 ἀπὸ
806 2861 1157 2931 έμπνεύσεως
1187 2862 1498 2931 πνεύματος
1528 2863 1698 2933 ὀργῆς
1731 2880 1880 2918 σου.»

320 2951 800 3022 Ἐπιτημηθέντων
838 2950 948 3022 γὰρ
976 2951 1086 3005 τῶν
1119 2952 1177 3018 ἐξ
1215 2953 1451 3023 Ἰσραὴλ,
1484 2955 1578 3007 καὶ
1617 2952 1693 3025 τῷ
1722 2955 1886 3007 πνεύ-

309 3059 443 3113 ματι
475 3043 572 3113 τῆς
611 3042 764 3107 θείας
794 3043 965 3115 ὀργῆς
1002 3045 1477 3114 ύπενηνεγμένων,
1513 3046 1634 3098 ἐπεί
1675 3064 1755 3099 τοι
1788 3064 1884 3100 πε-

305 3135 704 3206 παρῳνήκασιν
736 3135 818 3197 είς
848 3134 1116 3205 Χριστὸν,
1160 3133 1422 3204 ὤφθησαν
1454 3136 1510 3187 αἰ
1540 3135 1648 3189 τῶν
1675 3136 1884 3193 ὑδάτων

303 3225 519 3295 πηγαὶ,
571 3224 848 3278 τουτέστιν
901 3226 935 3296 ή
982 3224 1070 3277 διὰ
1129 3223 1225 3277 τοῦ
1290 3226 1445 3292 ἁγίου
1501 3226 1881 3297 βαπτίσματος

302 3316 591 3386 κάθαρσις,
626 3316 845 3388 ἐμφανῆ
874 3316 931 3370 δὲ
962 3316 1220 3391 γεγόνασι
1265 3319 1356 3372 καὶ
1396 3318 1466 3372 τά
1511 3317 1737 3389 θεμέλια
1786 3321 1884 3392 τῆς

299 3407 662 3478 οἰκουμένης,
699 3407 943 3489 τουτέστι
1008 3407 1173 3462 πάλιν
1218 3410 1268 3462 οἰ
1317 3409 1594 3463 θεσπέσιοι
1644 3410 1883 3481 μαθηταὶ

298 3499 589 3560 ἀπόστολοί
635 3516 697 3552 τε
726 3499 821 3553 καὶ
848 3500 1257 3568 εύαγγελισταί.
1287 3500 1457 3571 Θήσω
1482 3501 1563 3564 δὲ,
1592 3504 1747 3572 φησί,
1787 3503 1883 3557 καὶ

296 3591 400 3655 τὰς
433 3591 689 3657 ἐπάλξεις
720 3607 814 3645 σου
848 3590 1067 3652 ίασπιν,
1102 3590 1200 3643 καὶ
1228 3591 1329 3654 τὰς
1364 3590 1542 3657 πύλας
1572 3608 1668 3645 σου
1699 3592 1883 3658 λίθους

297 3683 771 3754 κρυστάλλου,καὶ
800 3681 892 3734 τὸν
921 3681 1209 3753 περίϐολόν
1242 3698 1333 3735 σου
1359 3681 1541 3746 λίθους
1566 3681 1877 3747 ἐκλεκτούς.

312 3774 624 3840 Ἑπάλξεις,
656 3775 749 3828 καὶ
792 3772 984 3836 πύλας,
1029 3774 1122 3826 καὶ
1144 3774 1428 3844 περίϐολον
1464 3774 1743 3845 ὀνομάζων
1772 3775 1882 3829 τῶν

300 3867 474 3936 ἁγίων
506 3865 881 3938 μυσταγωγῶν
922 3866 985 3919 τὸ
1016 3865 1279 3935 θεοφιλὲς,
1318 3867 1412 3920 καὶ
1447 3868 1758 3936 σοφώτατον
1789 3869 1884 3922 σύ-

300 3975 508 4029 στημα,
536 3958 587 4011 οἶ
621 3956 715 4010 καὶ
757 3956 1115 4029 προμαχῶνές
1165 3959 1272 4010 εἰσι
1316 3959 1412 4013 καὶ
1444 3958 1610 4012 πύλαι
1644 3960 1743 4031 τῆς
1779 3960 1881 4013 πό-

296 4047 438 4113 λεως
462 4049 564 4120 τῆς
605 4047 792 4116 ἁγίας,
832 4047 1109 4120 περίὸολοί
1133 4066 1194 4103 τε
1244 4050 1340 4104 κού⁹
1367 4052 1564 4121 τεῖχος.
1600 4052 1882 4122 Μάχονται

302 4140 406 4210 μὲν
455 4143 572 4203 τοῖς
612 4137 869 4208 πολεμεῖν
916 4138 1191 4194 ἐθέλουσιν
1239 4142 1432 4214 αὐτὴν,
1488 4144 1609 4214 ήτοι
1654 4145 1780 4209 τοὺς
1822 4147 1882 4198 ὲν

299 4232 440 4303 αὐτῇ
467 4272 482 4295 ,
516 4232 764 4286 τουτέστι
810 4231 908 4304 τὴν
950 4233 1058 4285 τῶν
1098 4232 1186 4286 διὰ
1222 4233 1462 4298 πίστεως
1518 4235 1880 4305 σεσωσμένων

299 4322 512 4393 πληθὺν
551 4323 938 4393 ἀντεξάγοντες
981 4324 1270 4396 ἐμφρόνως
1309 4328 1424 4389 τοῖς
1486 4324 1597 4379 τῶν
1644 4326 1878 4382 ἀνοσίων

1988 511 2094 567 lam
2189 513 2584 569 sententiarum
2674 520 3031 567 structuram.
3119 511 3346 567 Disserit
3411 513 3558 567 enim

1987 602 2056 657 de
2120 602 2339 657 civitate
2399 603 2547 657 velut
2619 617 2740 672 quae
2819 603 2978 656 modo
3048 617 3156 657 non
3234 601 3415 655 futura
3476 613 3559 657 est

1989 694 2227 750 Ecclesia
2262 696 2525 765 gentium,
2565 708 2688 776 quae
2743 692 3026 763 magnifica
3068 693 3351 762 apparebit
3383 702 3438 747 et
3495 692 3560 745 il-

1987 787 2308 843 lustrissitna
2369 807 2382 842 :
2429 801 2589 855 quam
2645 786 2777 841 dicit
2834 786 3102 854 lapidibus
3178 784 3562 853 insignissimis

1988 878 2376 933 exornandam.
2426 874 2629 930 Ponant
2684 875 2854 940 enim,
2917 876 3115 944 inquit,
3170 874 3560 929 carbunculum

1988 968 2218 1039 lapidem
2252 977 2420 1022 luum.
2450 964 2680 1021 Videtur
2714 976 2896 1021 autem
2948 967 3098 1021 hisce
3143 966 3324 1020 verbis
3375 965 3560 1020 Jesunt

1991 1060 2124 1115 velle
2181 1059 2509 1130 signiﬁcare,
2569 1074 2728 1128 quem
2781 1058 3062 1126 Scriptura
3130 1073 3286 1111 sacra
3344 1057 3475 1112 dicit
3507 1057 3558 1109 in

1991 1151 2335 1207 fundamenta
2380 1150 2509 1205 Sion
2563 1164 2684 1205 esse
2718 1150 2951 1218 positum
2984 1167 2998 1203 :
3034 1147 3087 1202 itt
3123 1163 3283 1217 quem
3341 1147 3384 1201 si
3414 1148 3562 1225 .qnis

1988 1242 2299 1306 crediderit,
2332 1258 2440 1295 non
2476 1241 2710 1310 pudefiet
2742 1240 2809 1295 "’.
2846 1239 2997 1293 Ilunc
3035 1241 3279 1292 nominat
3313 1240 3398 1292 hic
3441 1254 3561 1293 car-

1992 1332 2306 1385 bunculum.
2340 1331 2511 1385 Aliter
2561 1345 2778 1400 quoque
2836 1330 2952 1398 ejus
2989 1330 3149 1400 767
3183 1330 3240 1382 (it
3276 1331 3481 1385 mentio
3504 1331 3557 1384 in

1989 1417 2197 1488 sanctis
2257 1417 2557 1484 prophetis.
2625 1415 2903 1484 Siquidem
2965 1417 3099 1470 dixit
3159 1431 3291 1470 voce
3344 1420 3558 1472 Amos:

1995 1526 2014 1559 ι
2054 1508 2192 1561 Ecce
2219 1521 2319 1577 ego
2347 1507 2616 1561 constituo
2663 1507 3010 1562 adamantem
3057 1509 3108 1561 in
3157 1510 3333 1563 medio
3380 1509 3562 1579 papuli

1991 1601 2092 1653 mei
2117 1598 2278 1654 Israel
2300 1599 2387 1652 η’.
2410 1616 2431 1650 t
2465 1598 2529 1653 Et
2554 1613 2686 1653 voce
2704 1598 3016 1653 Zachariae:
3038 1619 3056 1650 ι
3085 1598 3222 1654 Ecce
3239 1615 3339 1669 ego
3356 1602 3565 1655 adduco
3649 1641 3659 1648 .

1992 1699 2154 1752 super
2207 1698 2423 1738 servum
2465 1698 2644 1738 meum
2687 1683 2998 1751 Orientem,
3040 1686 3167 1755 quia
3216 1686 3354 1755 lapis
3405 1703 3562 1754 quent

1922 1755 1963 1809 Β
1993 1775 2111 1829 dedi
2142 1781 2268 1828 ante
2293 1774 2481 1829 faciem
2505 1773 2655 1838 Jcsu,
2686 1790 2852 1846 super
2874 1776 3107 1845 lapidem
3135 1793 3326 1844 unum,
3356 1787 3562 1845 septem

1991 1864 2131 1920 oculi
2180 1866 2431 1920 sttntii“.
2468 1884 2486 1917 t
2524 1864 2707 1920 Potest
2741 1867 2882 1920 enim
2912 1868 3091 1920 omnia
3132 1869 3330 1935 passim
3381 1867 3566 1935 perlu-

1990 1965 2165 2009 strare
2188 1955 2234 2009 is
2262 1956 2351 2024 qui
2379 1964 2464 2012 est
2492 1956 2768 2024 inspector
2783 1958 3023 2011 omnium
3048 1958 3321 2013 Christus.
3350 1958 3567 2014 Positus

1991 2053 2075 2100 est
2125 2044 2290 2114 igitur
2359 2044 2720 2099 carbunculus
2781 2047 2833 2100 in
2904 2046 3132 2115 lapidem
3180 2058 3234 2102 et
3285 2050 3561 2102 immotam

1989 2145 2191 2187 sancta:
2217 2134 2452 2188 civitatis
2483 2134 2675 2188 basim.
2716 2135 2894 2203 Super
2931 2137 3105 2204 ipsum
3139 2149 3314 2190 autent
3362 2138 3566 2206 lapides

1991 2224 2251 2292 sapphiri,
2295 2222 2541 2278 fortassis
2590 2235 2901 2278 sanctorum
2958 2227 3332 2293 apostolorum
3373 2242 3562 2299 agmen

1990 2317 2267 2372 denotant.
2295 2316 2428 2371 Sunt
2474 2317 2615 2371 enim
2649 2317 2721 2370 illi
2751 2317 2967 2372 Christo
2991 2320 3301 2384 viciniores,
3358 2330 3410 2374 et
3440 2331 3563 2374 tan-

1989 2422 2150 2476 quam
2180 2406 2528 2463 fundamenta
2573 2409 2820 2475 quaedam
2860 2409 3159 2463 Secundum
3209 2409 3381 2478 ipsum
3415 2410 3565 2463 orbis

1993 2509 2260 2552 terrarum
2291 2500 2638 2553 exstiterunt.
2676 2498 2765 2553 Sic
2801 2500 2873 2552 ait
2901 2498 3066 2553 David
3096 2500 3305 2568 psalmo
3348 2500 3562 2554 decimo

1989 2590 2222 2657 septimo
2259 2607 2273 2644 :
2312 2607 2331 2640 ι
2363 2589 2744 2658 Apparnerunt
2788 2589 2963 2645 fontes
3005 2607 3288 2661 aquarum,
3313 2599 3365 2643 et
3408 2605 3566 2644 reve-

1988 2679 2096 2733 lata
2141 2688 2266 2733 sunt
2310 2678 2655 2733 fundamenta
2702 2688 2881 2743 terrm,
2920 2682 2986 2735 ah
3021 2682 3392 2750 increpatione
3432 2690 3519 2733 tua
3544 2718 3561 2742 ,

1991 2769 2235 2834 Domine,
2268 2769 2336 2823 ab
2371 2767 2736 2824 insulllatione
2765 2771 2984 2839 spiritus
3037 2772 3131 2826 ira:
3177 2781 3280 2824 tua:
3305 2771 3367 2825 ".
3403 2788 3422 2822 t
3460 2769 3565 2823 Re-

1988 2861 2272 2929 prehensis
2301 2861 2446 2915 ettim
2494 2861 2772 2929 Israelitis,
2819 2869 2873 2915 et
2910 2860 3056 2915 ﬂuttti
3082 2862 3275 2916 divinat
3306 2862 3400 2916 ira:
3433 2863 3565 2915 sub-

1981 2953 2161 3022 jectis,
2192 2967 2312 3007 cum
2347 2953 2400 3006 in
2431 2953 2705 3007 Christum
2748 2954 3064 3008 debaccltati
3125 2954 3566 3023 fuissent,‘appa-

1988 3046 2410 3100 rueruntl'ontes
2453 3059 2735 3113 aquarum,
2768 3045 2949 3107 idest,
3008 3060 3101 3113 per
3145 3055 3559 3099 sacrosanctum

1986 3139 2250 3206 baptisma
2283 3136 2621 3204 puriﬁcatio;
2671 3144 2725 3188 et
2773 3136 3063 3204 conspicua
3093 3135 3231 3189 facta
3278 3147 3402 3189 sunt
3435 3135 3557 3189 fun-

1984 3228 2233 3281 damenta
2285 3226 2456 3289 orbis,
2514 3225 2566 3278 id
2602 3233 2707 3288 est,
2750 3223 2916 3276 divini
2950 3223 3222 3292 discipuli,
3254 3224 3477 3290 apostoli
3506 3231 3563 3278 et

1983 3318 2353 3387 cvangelistre.
2407 3315 2609 3371 Ponant
2646 3328 2884 3382 quoque.
2947 3313 3141 3383 inqttit,
3167 3323 3220 3367 et
3252 3328 3561 3382 propugna-

1983 3410 2099 3465 cula
2123 3420 2210 3463 tua
2227 3408 2518 3478 iaspidem,
2549 3417 2601 3462 et
2624 3415 2810 3477 portas
2837 3414 2959 3460 tuas
2992 3405 3197 3474 lapides
3226 3405 3562 3476 crystalli,et
3622 3474 3631 3479 γ

1984 3515 2193 3556 murum
2221 3510 2370 3554 ttttttn
2391 3498 2595 3569 lapides
2621 3499 2842 3553 electos.
2872 3496 3277 3568 Propugnacula
3309 3507 3363 3551 et
3378 3507 3562 3565 portas

1982 3604 2037 3648 et
2068 3592 2458 3648 tttuttitnentuttt
2489 3594 2750 3659 nominat,
2781 3603 3093 3647 sanctorum
3126 3602 3560 3663 mystagogorum

1986 3686 2093 3739 Deo
2136 3686 2369 3739 anticum
2396 3694 2450 3740 et
2475 3684 2943 3751 sapientissimum
2969 3692 3166 3737 emtum
3196 3701 3209 3737 :
3246 3685 3337 3753 qui
3393 3683 3556 3736 etiam

1983 3775 2378 3845 propugnacula
2402 3784 2553 3838 sunt,
2575 3784 2629 3829 et
2658 3784 2827 3843 portae
2855 3784 3057 3829 sanctae
3086 3775 3342 3837 civitatis,
3368 3786 3421 3827 et
3444 3789 3561 3826 mu-

1984 3867 2220 3920 ttimenta
2251 3881 2314 3920 ac
2352 3869 2513 3921 ttturi.
2547 3864 2958 3934 Pugnantenim
2989 3880 3110 3921 cum
3148 3865 3230 3918 his
3248 3865 3341 3936 qui
3363 3863 3558 3917 bellum

1984 3956 2219 4011 inferunt
2248 3955 2345 4019 illi,
2394 3955 2445 4008 id
2485 3964 2590 4020 est,
2617 3955 2702 4008 his
2742 3955 2915 4022 quiin
2951 3970 3011 4009 ea
3051 3964 3198 4019 sunt,
3227 3953 3559 4008 multitudini

1983 4059 2176 4114 nempe
2221 4058 2409 4098 eorum
2443 4042 2534 4111 qui
2580 4058 2679 4112 per
2722 4042 2883 4097 [idem
2927 4042 3125 4096 servati
3150 4052 3308 4105 sunt;
3339 4049 3394 4096 et
3431 4058 3559 4111 prtt-
3610 4036 3627 4049 ⁸

1982 4136 2172 4191 denter
2204 4134 2460 4189 resistunt
2512 4132 2796 4202 impiarum
2828 4143 3102 4189 sectarum
3161 4133 3555 4199 inventoribus,

1980 4242 2045 4282 ac
2074 4224 2273 4281 diaboli
2335 4226 2556 4280 malitia:
2613 4225 2907 4291 obsistunt,
2943 4241 3042 4281 nec
3075 4239 3403 4295 quemquam
3444 4239 3558 4279 ser-

1982 4327 2229 4372 vatorum
2259 4317 2580 4387 permittunt
2607 4317 2659 4370 in
2696 4315 2814 4385 ejus
2864 4317 3110 4372 incidere
3164 4315 3441 4370 sinistram
3477 4321 3559 4383 ty-

297 4414 560 4487 αίρέσεων
588 4418 860 4488 εὑρεταῖς,
909 4417 1004 4470 καὶ
1054 4419 1176 4481 ταῖς
1218 4414 1314 4469 τοῦ
1359 4414 1609 4468 διαϐόλου
1656 4415 1880 4486 δυστροο

1985 4410 2290 4476 rannidem,
2328 4409 2586 4464 continuo
2642 4423 2707 4465 ac
2760 4411 2865 4463 rite
2917 4408 2984 4463 ad
3044 4406 3138 4462 Dei
3193 4405 3557 4473 cognitionem

298 4505 451 4570 πίαις
498 4507 917 4577 ἀνθιστάμενοι,
974 4508 1070 4560 καὶ
1120 4506 1233 4560 τῶν
1284 4506 1649 4577 σεσωσμένων
1691 4506 1881 4561 οὐδένα

298 4598 653 4667 περιπίπτειν
678 4615 780 4651 που
810 4601 912 4667 τῆς
943 4586 1271 4667 σκαιότητος
1294 4596 1533 4666 συνεχῶς
1556 4596 1880 4668 ἐπιτρέπονο

296 4703 408 4751 τες,
440 4689 535 4741 καὶ
563 4684 675 4742 οἷον
711 4690 770 4741 ὲν
795 4686 947 4753 τάξει
978 4686 1389 4759 εἰσκομίζοντες
1426 4689 1507 4751 εἰς
1548 4687 1879 4758 θεογνωσίαν

295 4779 420 4843 τοὺς
448 4781 506 4847 ἐξ
535 4781 756 4855 ἀπάτης
803 4782 1156 4853 Ἑλληνικῆς,
1186 4780 1649 4851 περιφράττοντές
1679 4797 1739 4833 τε
1785 4782 1880 4834 καὶ

296 4870 716 4940 περιϐάλλοντες
787 4872 1094 4935 νουθεσίαις
1157 4871 1356 4935 αὐτοὺς
1420 4874 1513 4926 καὶ
1582 4889 1873 4942 μυσταγωο

294 4958 462 5024 γίαις,
490 4961 632 5015 ῶστε
667 4960 759 5013 καὶ
792 4960 1069 5030 ἀλήπτους
1091 4956 1253 5023 εἶναι,
1291 4961 1385 5015 καὶ
1418 4961 1682 5031 δυνάμεσι
1708 4978 1874 5031 πονη-

298 5051 439 5114 ραῖς.
463 5051 558 5104 καί⁸
581 5050 941 5123 βωμολοχίαις
966 5052 1483 5122 ψευδοδιδασκάλων,
1514 5054 1564 5106 οἶ
1587 5056 1686 5124 τῆς
1710 5052 1875 5123 ψευδ-

292 5137 514 5221 ωνύμου
554 5142 809 5211 γνώσεως
833 5144 924 5198 τὸν
944 5144 1024 5197 ίδν
1056 5144 1306 5214 ἐκχέουσι
1336 5147 1455 5208 ταῖς
1478 5144 1589 5198 τῶν
1619 5146 1877 5214 ἀκεραιο-

293 5229 469 5298 τέρων
498 5232 889 5304 ψυχαῖς.Ἔθος
923 5236 982 5289 δὲ
1012 5238 1078 5305 τῇ
1113 5236 1454 5307 θεοπνεύστῳ
1483 5236 1676 5307 Γραφῇ
1704 5234 1877 5298 λίθοις

302 5319 777 5389 πολυτελεστάτοις
806 5326 1108 5397 ἀφομοιοῦν
1142 5327 1265 5381 ἐσθ’
1293 5328 1381 5381 ὅτε
1410 5328 1536 5387 τοὺς
1563 5326 1660 5397 τὴν
1706 5324 1876 5394 ἁγίαν

300 5408 524 5479 ἔχοντας
547 5415 714 5487 ζωὴν,
733 5419 828 5471 καὶ
854 5419 1189 5473 πολυειδέσιν
1212 5420 1435 5490 ἀρεταῖς
1464 5418 1870 5492 ἐμπρέποντας.

301 5501 413 5555 Καὶ
448 5506 581 5572 γοῦν
622 5509 726 5579 ἔφη
769 5529 870 5565 που
907 5513 1034 5584 περί
1073 5512 1185 5566 τῶν
1223 5513 1396 5584 ἁγίων
1424 5512 1758 5579 ἀποστόλων,
1793 5513 1874 5566 ὅτι

380 5679 423 5712 ⁸⁷
462 5679 767 5751 Isinxxtttt,
805 5688 889 5743 16.
972 5691 1037 5721 ¹⁷⁸
1074 5691 1258 5758 Amos,
1290 5708 1389 5758 τιι,
1416 5690 1465 5746 8.

1986 4503 2304 4558 iaducentes
2344 4501 2560 4556 etltnica
2595 4500 2783 4555 fraude
2829 4500 3090 4565 irretitos,
3140 4498 3469 4567 monitisque
3507 4503 3556 4550 et

1984 4593 2334 4665 tttystagogiis
2388 4607 2484 4647 eos
2543 4590 2882 4647 obvallantes
2934 4599 2989 4644 et
3036 4590 3446 4650 obmuttientes,
3503 4597 3560 4639 ut

1984 4703 2090 4742 non
2138 4688 2250 4743 sint
2298 4687 2528 4757 expositi
2590 4685 2748 4741 malis
2796 4687 3156 4755 potestatibus
3198 4695 3251 4739 et
3300 4684 3557 4737 falsorum

1982 4779 2261 4833 doctorum
2321 4776 2642 4832 scurrilibus
2692 4775 2869 4845 nugis,
2922 4777 3012 4843 qui
3062 4774 3198 4828 falso
3265 4774 3561 4828 nominatae

1981 4867 2219 4921 scientiae
2265 4880 2529 4921 venenum
2583 4865 2783 4920 animis
2832 4863 3223 4932 sitnpliciorum
3255 4861 3556 4916 oﬂ'endunt.

1984 4956 2081 5011 Est
2110 4957 2273 5009 etiam
2309 4955 2550 5011 solemne
2600 4954 2896 5025 Scriptura:
2942 4956 3199 5009 divinitus
3257 4954 3599 5031 inspiratth

1980 5047 2252 5117 lapidibus
2316 5046 2728 5116 pretiosissimis
2776 5046 3085 5101 assintilare
3142 5045 3411 5101 interdum
3465 5058 3560 5097 eos

1982 5141 2081 5207 qui'
2099 5147 2290 5194 sancte
2337 5138 2506 5193 vitam
2559 5138 2867 5200 instituunt,
2917 5149 2965 5191 el
3006 5138 3171 5192 variis
3208 5137 3415 5207 fulgent
3453 5135 3560 5189 vir-

1983 5231 2207 5285 tutibus.
2241 5229 2384 5283 Dixit
2412 5228 2681 5298 siquidem
2715 5230 2983 5300 dc‘768
3023 5228 3233 5283 sanctis
3260 5225 3556 5297 apostolis:

1982 5319 2217 5391 Lapides
2249 5319 2424 5374 sancti
2453 5319 2741 5374 volvuntur
2771 5335 2936 5389 super
2956 5317 3203 5374 terra"‘.
3231 5315 3361 5371 Nam
3388 5313 3557 5368 divini

1983 5412 2230 5483 discipuli
2249 5411 2432 5466 urbem
2453 5421 2720 5464 terrarum
2740 5408 3488 5479 peragrabant,prmdicantes
3504 5414 3562 5464 et

1927 5531 1935 5540 ο
1983 5505 2415 5575 evangelizantes
2432 5503 2629 5571 ubique
2649 5501 2888 5570 gentium
2906 5501 3156 5555 omnibus
3172 5498 3402 5571 gratiam
3416 5496 3562 5552 salu-

1587 5693 1672 5725 ”"
1709 5690 1876 5747 laclt.
1920 5704 2001 5759 In,
2042 5687 2094 5755 8,
2124 5689 2177 5745 9.
2260 5688 2302 5720 "
2333 5680 2476 5743 Ps'al.
2511 5701 2642 5751 xt'tt,
2684 5682 2765 5737 ιο.
2845 5684 2908 5715 ¹⁸⁹
2942 5680 3172 5738 lat-Itur.
3213 5698 3289 5747 ιιι,
3328 5680 3415 5736 lli.
