4078 6292
568 369 699 425 1211

1552 359 1609 411 S.
1649 354 1924 412 οιιιιιιι
1968 351 2436 409 ALEXANDRINI
2475 352 2799 409 ARCHIEP.

3700 352 3848 408 ιαιει

567 487 638 540 tis
662 498 759 555 per
787 481 1088 539 Christum.
1105 476 1311 531 Rursus
1337 473 1598 544 propheta
1616 475 1779 529 etiam
1802 473 1968 529 lsztias
1988 474 2142 540 dixit,

2251 471 2381 526 λίθοι
2421 473 2569 541 άγιοι
2615 472 2889 525 κυλίονται
2937 470 3028 522 ἐπὶ
3073 469 3171 538 τῆς
3221 468 3344 538 γῆς.
3387 465 3841 540 Περιεφοίτησαν

566 573 717 630 velut
737 575 835 628 sub
861 586 1088 643 persona
1115 567 1207 622 Dei
1232 584 1245 619 :
1274 583 1292 617 ι
1318 564 1547 620 Perdant
1571 564 1912 619 insolentiam
1933 565 2146 634 iniquo-

568 681 711 729 rum,
737 673 789 719 et
811 661 1147 717 insolentiam
1188 655 1543 725 superborum
1568 655 1890 724 deprimam,
1912 665 1966 709 et
1989 662 2148 709 erunt

576 754 825 810 derelicti
852 752 1199 820 pretiosiores
1218 762 1351 802 auro
1376 747 1601 818 obryzo,
1628 756 1681 801 et
1710 749 1871 801 homo
1891 749 1999 802 erit
2027 760 2147 817 pre-

567 845 944 913 tiosiorlapide
958 859 1021 897 ex
1039 841 1263 910 souphir
1279 841 1322 873 ¹⁹
1348 837 1427 913 (1)
1475 858 1494 892 ι
1515 837 1821 894 Iudaeorum
1851 840 1993 894 enim
2010 853 2147 908 prte-

564 934 689 990 l‘ccti
719 937 810 1005 qui
845 936 897 988 in
919 934 1192 989 Christum
1213 929 1552 1000 praevaricati
1572 938 1717 996 sunt,
1752 931 2048 998 perierunt.
2077 930 2147 986 At

563 1027 881 1096 superstites
905 1040 1001 1095 per
1015 1024 1194 1088 iidem,
1211 1022 1359 1077 omni
1381 1036 1513 1076 auro
1528 1032 1583 1076 et
1604 1021 1779 1089 lapide
1796 1023 2148 1090 pretiosiores

568 1116 765 1171 merito
794 1117 1006 1170 censeri
1044 1124 1289 1183 possunt.
1324 1112 1520 1166 Paulus
1543 1121 1691 1168 certe
1707 1113 2145 1182 sapientissimus

567 1204 974 1261 fundamentum
1001 1206 1189 1261 dicens
1216 1218 1336 1259 esse
1355 1200 1541 1258 Jesum
1584 1202 1881 1269 Christum,
1919 1204 2145 1259 creden-

566 1305 646 1353 tes
670 1297 723 1351 in
759 1298 953 1367 ipsum,
990 1297 1135 1351 velut
1164 1296 1370 1364 lapides
1398 1296 1666 1366 pretiosos
1701 1296 2001 1364 superstrui
2040 1296 2143 1362 ait,

568 1389 621 1443 in
647 1400 895 1445 sanctum
940 1387 1218 1457 templum,
1248 1388 1300 1440 in
1323 1386 1610 1441 azdilicium
1652 1384 1745 1440 Dei
1772 1386 1826 1441 in
1850 1385 2053 1455 Spiritu
2073 1389 2141 1442 ’°.

562 1477 799 1534 Proinde
850 1488 1075 1533 sanctos
1126 1486 1489 1548 mystagogos,
1556 1478 1817 1531 virtutum
1878 1478 2145 1533 varietate

563 1575 618 1621 et
664 1566 1061 1637 pulchritudine
1093 1564 1415 1634 intelligibili
1449 1562 1969 1632 resplendescentes,
2000 1563 2142 1633 lapi-

2246 563 2356 635 γάρ
2379 563 2479 634 τὴν
2521 565 2613 617 ὑπ’
2642 563 2870 634 οὐρανὸν
2922 563 2971 615 οἱ
3016 559 3298 614 θεσπέσιοι
3334 560 3599 631 μαθηταὶ,
3638 560 3839 631 διακη-

2249 652 2535 725 ρύττοντές
2582 669 2642 706 τε
2691 653 2786 709 καὶ
2825 648 3458 720 εὐαγγελιζόμενοι,τοῖς
3508 651 3837 720 ἁπανταχοῦ

2244 744 2348 815 τῆς
2372 743 2460 798 διὰ
2485 744 2722 815 Χριστοῦ
2757 743 3031 814 σωτηρίας
3055 742 3155 813 τὴν
3186 741 3372 814 χάριν.
3398 742 3545 812 Ἔφη
3580 742 3640 795 δὲ
3670 743 3839 796 πάλιν

2247 837 2341 889 καὶ
2397 837 2427 889 ό
2486 837 2773 907 προφήτης
2829 835 3085 898 Ἠσαίας,
3137 834 3213 896 ὡς
3261 836 3326 887 ὲκ
3372 834 3676 903 προσώπου
3739 831 3836 887 τοῦ

2245 924 2381 980 Θεοῦ
2400 944 2414 959 ο
2456 944 2475 978 ι
2512 927 2622 979 Καὶ
2649 926 2836 979 ἀπολῶ
2874 925 3034 996 ὓϐριν
3063 925 3303 996 ἀνόμων,
3346 926 3441 978 καὶ
3468 924 3630 996 ὕϐριν
3659 926 3839 995 ὕπερ-

2245 1017 2471 1088 ηφάνων
2497 1015 2844 1082 ταπεινὼσω,
2882 1016 2977 1070 καὶ
3007 1015 3218 1070 ἔσονται
3239 1017 3290 1070 οί
3326 1015 3841 1086 ἐγκαταλελειμμὲ-

2246 1125 2327 1163 νοι
2354 1107 2562 1179 ἔντιμοι
2596 1109 2817 1179 μᾶλλον,
2861 1108 2983 1180 ἧτδ
3009 1108 3235 1179 χρυσίον
3270 1107 3333 1161 τὸ
3377 1107 3613 1178 ἄπυρον,
3666 1108 3768 1160 καὶ
3810 1110 3839 1161 ό

2246 1200 2530 1271 ἄνθρωπος
2568 1200 2786 1271 ἔντιμος
2819 1200 3040 1270 μᾶλλον,
3069 1202 3102 1270 ἢ
3130 1202 3158 1253 ό
3188 1199 3335 1263 λίθος
3363 1201 3393 1253 ὁ
3419 1202 3485 1252 ἐκ
3517 1200 3771 1270 σουφείρ.
3810 1219 3831 1252 ι

2259 1289 2595 1344 ’Δπολώλασι
2621 1291 2719 1362 μὲν
2749 1291 2860 1361 γάρ
2891 1291 3382 1362 παρανομήσαντες
3406 1291 3487 1353 εἰς
3512 1291 3562 1342 Χ
3572 1290 3759 1360 ριστὸν
3780 1292 3841 1344 οἱ·

2244 1381 2354 1436 τῶν
2396 1381 2669 1437 Ἰουδαίων
2719 1381 3032 1452 καθηγηταὶ
3057 1420 3071 1442 .
3123 1381 3173 1434 οἰ
3226 1381 3286 1434 δέ
3331 1398 3409 1448 γε
3449 1381 3543 1440 διὰ
3591 1382 3837 1444 πίστεως

2245 1472 2710 1543 άνασεσωσμένοι,
2756 1472 2978 1543 χρυσίου
3015 1470 3217 1536 παντὸς
3260 1473 3355 1525 καὶ
3381 1472 3536 1526 λίθου
3571 1472 3835 1542 τιμιώτεο

2251 1578 2332 1632 ροι
2380 1562 2826 1633 καταλογισθεῖεν
2856 1565 2922 1618 ἂν
2954 1564 3212 1627 εἰκότως·
3240 1568 3329 1617 ναὶ
3362 1563 3472 1634 μὴν
3510 1564 3611 1617 καὶ
3640 1565 3673 1616 ό
3702 1566 3835 1618 πάν-

562 1657 723 1711 dibns
806 1657 1216 1727 pretiosissimis
1277 1663 1604 1724 comparat:
1644 1663 1699 1707 et
1735 1654 1872 1709 alios
1918 1653 2144 1709 dicit-in

2251 1668 2413 1722 σοφος
2440 1653 2673 1719 Παῦλος,
2698 1652 2948 1725 θεμέλιον
2977 1653 3152 1722 λέγων
3193 1653 3403 1723 Ἰησοῦν
3431 1653 3527 1706 τὸν
3562 1654 3830 1724 Χριστὸν,

564 1747 911 1803 fundamenta
970 1747 1178 1819 positos
1225 1760 1345 1801 esse
1384 1755 1586 1800 sanctae
1634 1746 1860 1809 civitati,
1904 1746 2040 1802 alios
2085 1745 2137 1800 in

2251 1747 2373 1810 τοὺς
2402 1748 2484 1810 εἰς
2518 1746 2680 1801 αὑτὸν
2720 1746 3148 1811 πιστεύσαντας,
3193 1745 3270 1810 ὡς
3306 1745 3492 1809 λίθους
3537 1747 3835 1811 ἐκλεκτῡδς

562 1837 987 1908 prapugnacula,
1037 1839 1172 1893 alios
1234 1846 1515 1907 portarum
1550 1845 1603 1891 et
1637 1836 1932 1891 munitonis
1980 1850 2137 1890 usum

2251 1837 2709 1907 ἑποικοδομεῖσθαί
2742 1855 2905 1909 φησιν
2940 1839 3020 1902 εἰς
3057 1837 3185 1890 ναδν
3228 1836 3409 1904 ἆγιον,
3447 1838 3529 1901 εἰς
3563 1854 3828 1908 κατοικη-

564 1944 629 1983 ac
650 1930 825 1983 locum
881 1928 1150 1999 supplere.
1184 1929 1360 1998 Atque
1406 1929 1523 1983 haec
1551 1929 1767 1999 quidem
1795 1929 1862 1983 de
1890 1928 2139 1984 civitatis

2251 1930 2432 2000 τήριον
2477 1929 2571 1982 τοῦ
2602 1930 2736 1983 Θεοῦ
2772 1930 2830 1982 ὲν
2859 1928 3151 1999 πνεύματι.
3187 1926 3398 1981 Οὐκοῦν
3441 1930 3509 1998 τῇ
3552 1928 3668 1981 τῶν
3712 1931 3832 1999 ἀρί-

561 2022 855 2091 prtel’ectis,
883 2036 1044 2091 quam
1096 2020 1252 2075 nobis
1277 2021 1389 2076 hzec
1434 2020 1693 2074 describit
1720 2020 1918 2073 oratio.
1952 2019 2024 2075 De
2053 2020 2141 2076 his

2251 2036 2382 2074 στων
2420 2019 2698 2091 πολυειδίᾳ
2732 2020 2826 2073 καὶ
2865 2019 3053 2073 κάλλει
3089 2016 3167 2088 τῷ
3199 2017 3377 2088 νοητῷ
3416 2017 3825 2089 διαπρέποντας

565 2127 692 2167 vero
711 2112 800 2180 qui
831 2126 948 2166 eam
973 2111 1296 2177 inhabitant,
1325 2110 1452 2179 quid
1480 2110 1695 2164 tandem
1723 2110 1839 2164 ait?
1861 2110 1925 2164 Et
1952 2126 2143 2167 omnes

2251 2111 2367 2174 τοὺς
2412 2108 2600 2178 ἁγίους
2659 2111 3056 2181 μυσταγωγοὺς
3116 2109 3445 2181 παρεικάζει
3495 2108 3669 2174 λίθοις
3713 2115 3858 2174 ταῖς·

565 2200 704 2255 lilios
737 2211 854 2255 tuos
891 2201 1080 2254 doctos
1114 2214 1142 2252 a
1174 2197 1305 2253 Deo.
1343 2196 1485 2252 Olim
1540 2212 1775 2267 namque
1801 2212 1898 2267 per
1928 2196 2142 2265 sapien-

2251 2201 2598 2271 τιμιωτάταις
2628 2212 2642 2229 ⁸
2681 2201 2774 2255 καὶ
2799 2201 2927 2264 τοὺς
2953 2202 3052 2272 μὲν
3084 2202 3165 2263 εἰς
3203 2200 3433 2272 θεμέλια
3463 2200 3747 2255 τεθεῖσθαι
3770 2205 3832 2271 τῇ

568 2292 832 2345 tissimum
893 2288 1112 2361 Moysen
1162 2297 1215 2344 et
1281 2289 1575 2358 prophetas
1649 2296 1867 2342 sanctos
1914 2288 2143 2342 instituit

2251 2291 2374 2362 ἁγίᾳ
2417 2290 2571 2345 πόλει
2618 2292 2774 2361 φησὶ,
2817 2292 2946 2356 τοὺς
2981 2292 3038 2346 δὲ
3072 2293 3153 2356 εἰς
3183 2291 3447 2357 ιπάὶξεις
3470 2310 3484 2323 ·
3525 2293 3752 2360 ἑτέρους
3780 2293 3833 2346 δὲ

566 2380 840 2436 lsraclem.
918 2380 1189 2434 Estremis
1287 2386 1466 2432 autem
1525 2376 1710 2432 saeculi
1786 2374 2140 2445 temporibus,

567 2471 708 2526 docti
734 2471 933 2525 luimus
961 2486 990 2524 a
1027 2471 1155 2528 Deo.
1182 2468 1348 2540 Cujus
1368 2469 1524 2523 testis
1545 2477 1627 2523 est
1658 2466 1877 2535 Paulus,
1908 2468 2094 2525 dicens
2125 2487 2138 2523 :

571 2581 591 2615 ι
628 2561 971 2617 Multifariam
995 2577 1058 2617 ac
1084 2561 1266 2614 multis
1315 2559 1487 2614 modis
1514 2557 1640 2613 olim
1682 2557 1827 2614 Deus
1875 2559 2144 2614 allocutus

568 2663 649 2709 est
677 2655 970 2747 patres.in
1020 2651 1299 2722 prophetis
1343 2669 1355 2705 :
1408 2649 1697 2719 postremis
1773 2663 1902 2704 vero
1956 2650 2147 2704 diebus

570 2740 718 2799 hisce
774 2738 988 2799 locutus
1024 2751 1109 2797 est
1143 2742 1297 2796 nobis
1341 2741 1396 2794 in
1425 2738 1566 2797 Filio
1591 2740 1659 2794 ".
1700 2758 1719 2791 ι
1752 2739 2145 2809 Ρνωοοριοτοιιι

568 2834 711 2890 enim
747 2835 926 2890 sortiti
949 2847 1161 2899 sumus,
1187 2848 1292 2887 non
1329 2832 1641 2901 prophetam
1671 2829 1901 2900 aliquem
1955 2845 2148 2899 seque-

574 2918 773 2990 strem,
821 2933 876 2979 et
907 2924 1104 2980 divinis
1149 2923 1490 2979 sermonibus
1522 2922 1940 2987 ministrantem,
1986 2923 2147 2978 sicuti

566 3013 693 3070 otim
729 3031 744 3067 :
788 3014 881 3069 sed
936 3012 1111 3084 ipsum
1146 3013 1326 3083 p0tius
1367 3026 1433 3066 ex
1469 3010 1578 3067 Deo
1619 3021 1673 3066 et
1718 3010 1882 3066 Patre
1908 3012 2147 3080 genitum

571 3120 902 3171 sermonem,
934 3106 1027 3176 qui
1074 3105 1127 3158 in
1185 3106 1365 3174 specie
1398 3114 1582 3159 nostra
1631 3104 1806 3159 factus
1843 3112 1949 3168 est,
1977 3112 2031 3159 et
2056 3103 2147 3175 qui

569 3202 622 3257 in
658 3211 821 3252 carne
850 3197 1116 3268 apparuit.
1146 3196 1436 3266 Propterea
1488 3210 1591 3266 pax
1624 3197 1791 3250 multa
1819 3204 1903 3250 cst
1950 3194 2143 3250 Eccle-

571 3290 663 3342 siae
701 3288 848 3354 (iliis,
904 3297 1080 3345 matre
1141 3300 1327 3344 nostra
1385 3288 1649 3342 aediﬁcata
1685 3288 2000 3358 iujustitia.
2039 3287 2145 3356 Qui.

572 3379 715 3435 enim
749 3396 874 3435 vere
913 3397 942 3434 a
977 3380 1088 3435 Deo
1138 3380 1282 3435 docti
1326 3387 1475 3444 sunt,
1507 3394 1601 3433 eos
1629 3394 1786 3432 nemo
1816 3378 2011 3432 laedere
2045 3392 2146 3447 po-

576 3476 674 3520 test
704 3481 891 3521 eorum
926 3467 1017 3536 qui
1056 3467 1320 3521 inanitate
1384 3465 1670 3520 verborum
1703 3468 1778 3520 ttli
1802 3467 1978 3521 solent
2008 3484 2022 3520 :
2050 3466 2143 3520 sed

574 3568 755 3623 pacem
779 3556 980 3611 habent
1005 3557 1145 3625 apud
1170 3557 1359 3622 Deum,
1389 3571 1573 3611 amore
1590 3571 1711 3610 cum
1739 3556 1858 3625 ipso
1882 3555 2141 3626 colligati,

573 3652 627 3700 et
673 3645 938 3717 justitiam
986 3640 1252 3703 'colentes.
1304 3645 1419 3702 Hoc
1469 3646 1703 3702 :edilicat
1744 3646 2147 3715 Ecclesiam,et

571 3749 690 3791 eam
737 3745 941 3791 sartam
998 3745 1208 3793 tectam.
1247 3746 1532 3793 conservat
1599 3737 1771 3811 769
1819 3753 1887 3794 ne
1940 3748 2095 3794 nutet
2124 3778 2141 3805 ,

571 3824 789 3883 Christo
827 3836 1143 3900 protegente
1185 3838 1241 3884 et
1294 3831 1645 3896 concedente,
1698 3838 1758 3884 ut
1824 3830 2144 3886 inconcussa

570 3918 644 3976 sit
672 3928 724 3972 et
751 3917 996 3974 immota.
1043 3920 1342 3974 Adversum
1369 3919 1513 3973 enim
1554 3919 1717 3985 hanc,
1752 3920 1948 3990 inquit,
1974 3931 2143 3990 porta:

571 4009 867 4065 inferorum
893 4026 996 4064 non
1024 4010 1393 4078 praevalebunt
1415 4011 1502 4065 η’.
1542 4010 1617 4066 De
1656 4026 1717 4066 ea
1746 4012 1980 4079 namque
2010 4012 2145 4066 scri-

570 4110 718 4171 ptum
742 4110 823 4156 est
852 4102 1016 4156 etiam
1048 4102 1257 4156 inlibro
1283 4101 1622 4158 Psalmorum
1653 4120 1667 4157 :
1710 4122 1730 4154 ι
1763 4101 1829 4157 Ει
1857 4104 2146 4160 ωιιίῆριιὺίι

569 4189 1014 4247 velutunicornis
1036 4193 1402 4247 sanctuarium
1429 4210 1585 4248 suum
1630 4196 1683 4248 in
1709 4203 1871 4263 terra,
1901 4196 2145 4251 fundavit

571 4279 698 4335 illud
734 4282 787 4336 in
820 4283 1259 4339 aeternitatem".
1312 4304 1331 4337 ι
1368 4284 1747 4341 Sanctuarinm
1777 4285 1915 4356 ejus,
1948 4287 2139 4343 Eccle—

571 4373 706 4426 siam
768 4388 889 4429 esse
934 4376 1184 4440 dicimus,
1212 4391 1334 4446 qum
1388 4376 1637 4432 hostibus
1670 4379 1929 4433 horribile
1975 4394 2141 4433 cornu

2250 2383 2435 2438 πυλῶν
2484 2383 2580 2437 καὶ
2603 2383 2891 2455 περιϐόλου
2923 2382 3113 2455 χρείαν
3140 2381 3514 2453 ἀναπληροῦν.
3542 2384 3660 2437 Καὶ
3682 2383 3835 2437 ταυτὶ

2252 2475 2351 2547 μὲν
2383 2475 2509 2544 περί
2537 2473 2647 2528 τῶν
2680 2474 2778 2544 τῆς
2805 2473 3015 2538 πόλεως
3048 2475 3494 2545 προεστηκότων,
3525 2475 3600 2546 ἣν
3624 2475 3654 2527 ό
3675 2474 3830 2542 λόγος

2248 2569 2381 2637 ἡμῖν
2413 2563 2713 2636 ζωγραφεῖ.
2744 2565 2881 2635 Περὶ
2916 2564 2974 2618 δέ
3008 2580 3073 2633 γε
3105 2564 3211 2618 τῶν
3243 2564 3546 2618 οἰκούντων
3576 2565 3749 2635 αὐτὴν
3782 2565 3831 2617 τί

2251 2658 2360 2729 ἄρα
2417 2655 2584 2726 φησί;
2616 2655 2728 2709 Καὶ
2777 2655 2986 2718 πάντας
3030 2655 3159 2718 τοὺς
3203 2654 3354 2718 υἰούς
3403 2671 3502 2707 σου
3557 2653 3837 2716 ὁιδακτοίις

2245 2746 2402 2802 Θεοῦ.
2443 2745 2616 2799 Πάλαι
2663 2744 2760 2816 μὲν
2806 2743 2914 2815 γὰρ
2959 2743 3048 2797 διὰ
3094 2741 3190 2796 τοῦ
3252 2741 3539 2810 πανσόφου
3593 2742 3835 2804 Μωσέως

2254 2839 2347 2893 κοιλ⁸
2390 2836 2687 2908 προφητῶν
2726 2835 2895 2904 ἁγίων
2953 2832 3414 2904 πεπαιδαγώγηκε
3457 2817 3554 2887 τδν
3602 2833 3832 2904 Ἰσραήλ.

2267 2929 2355 2984 Ἔν
2382 2928 2632 2998 ἐσχάτοις
2660 2927 2717 2980 δὲ
2745 2926 2839 2980 τοῦ
2871 2925 3066 2989 αἰῶνος
3095 2926 3307 2995 καιροῖς
3335 2923 3587 2977 διδακτοὶ
3611 2924 3836 2992 γεγόνα-

2254 3025 2352 3093 μεν
2389 3018 2524 3073 Θεοῦ
2549 3036 2562 3050 ·
2617 3019 2712 3074 καὶ
2761 3016 2952 3070 τούτου
3008 3016 3221 3088 μάρτυς
3263 3016 3293 3069 ὀ
3348 3013 3571 3077 Παῦλος
3632 3014 3834 3082 λέγων·

2261 3131 2280 3164 ι
2309 3108 2641 3181 Πολύμερῶς
2667 3108 2761 3162 καὶ
2791 3107 3145 3179 πολυτρόπως
3168 3107 3333 3161 πάλαι
3367 3108 3397 3159 ὁ
3424 3106 3563 3169 Θεὸς
3598 3105 3837 3176 λαλήσας

2252 3206 2364 3268 τοῖς
2392 3202 2662 3271 πατράσιν
2706 3202 2903 3263 ἐντοῖς
2954 3200 3280 3272 προφήταις,
3325 3200 3416 3251 ἐπ’
3446 3197 3690 3268 ἐσχάτου

2253 3293 2477 3366 ἡμερῶν
2504 3292 2708 3346 τούτων
2735 3291 2999 3361 ἐλάλησεν
3025 3292 3158 3360 ἡμῖν
3186 3291 3243 3341 ὲν
3273 3288 3410 3360 Υίῷ.
3452 3307 3473 3341 ι
3499 3289 3837 3360 Καθηγητὴν

2254 3385 2363 3455 γάρ
2399 3383 2681 3454 ἐλάχομεν,
2726 3383 2786 3435 ού
2836 3382 3119 3453 προφήτην
3150 3378 3275 3433 τινὰ
3316 3379 3693 3450 μεσιτεύοντα,
3742 3378 3833 3432 κο.)

2250 3477 2362 3539 τοῖς
2394 3475 2544 3546 παρά
2574 3472 2707 3528 Θεοῦ
2746 3473 2924 3542 λόγοις
2950 3470 3322 3538 διακονοῦντα,
3341 3470 3475 3524 καθά
3496 3470 3589 3522 καὶ
3620 3469 3827 3523 πάλαι·

2254 3566 2414 3621 αὑτὸν
2440 3565 2497 3620 δὲ
2529 3566 2730 3638 μᾶλλον
2760 3565 2852 3620 τὸν
2879 3565 2943 3641 ἐκ
2967 3563 3101 3617 Θεοῦ
3138 3565 3235 3617 καὶ
3257 3560 3456 3634 Πατρὺς
3482 3558 3835 3629 γεννηθέντα

2250 3659 2442 3728 Λόγον,
2466 3659 2524 3711 ὲν
2551 3657 2683 3713 εἴδει
2708 3657 2785 3727 τῷ
2817 3656 2937 3710 καθ’
2960 3656 3111 3726 ἡμᾶς
3139 3654 3421 3725 γεγονότα,
3446 3652 3537 3706 καὶ
3564 3653 3624 3704 ὲν
3651 3651 3822 3722 σαρκὶ

2251 3748 2554 3820 πεφηνότα.
2609 3747 2708 3802 Διὰ
2742 3746 2902 3800 τοῦτο
2947 3747 3041 3802 καὶ
3079 3748 3153 3800 ὲν.
3183 3745 3377 3818 εἰρήνῃ
3420 3742 3585 3814 πολλῇ
3619 3741 3688 3795 τὰ
3725 3741 3831 3810 τῆς

2263 3842 2595 3913 Ἐκκλησίας
2612 3839 2726 3894 εἰσὶ
2749 3840 2934 3905 τέκνα,
2968 3840 3069 3908 τῆς
3100 3837 3307 3909 μητρὸς
3331 3835 3489 3906 ήμῶν
3516 3833 3831 3902 οἰκοδομου-

2256 3933 2426 4003 μένης
2458 3931 2516 3982 ὲν
2546 3927 3046 3999 δικαιοσύνητοὺς
3080 3927 3191 3997 γὰρ
3221 3926 3358 3989 ὅλως
3384 3923 3521 3978 Θεοῦ
3546 3922 3832 3985 διδακτοῦς

2252 4021 2573 4097 γεγονότας,
2598 4017 3043 4090 καταλωὸήσαιτο
3068 4018 3113 4072 δ’
3142 4018 3209 4073 ἂν
3239 4018 3412 4080 οὐδεὶς
3442 4014 3553 4069 τῶν
3593 4030 3834 4082 κενοφω-

2254 4115 2365 4168 νεῖν
2405 4111 2693 4173 εἰωθότων,
2737 4108 3077 4181 εἰρηνεύουσι
3107 4109 3163 4162 δὲ
3194 4108 3331 4179 πρὸς
3370 4107 3507 4162 Θεὸν
3538 4106 3729 4177 ἀγάπῃ
3768 4107 3835 4174 τῇ

2256 4204 2392 4274 πρὸς
2438 4203 2599 4256 αὐτὸν
2653 4200 3006 4271 συνδούμενα,
3054 4201 3150 4255 καὶ
3187 4204 3317 4263 τοὺς
3357 4201 3456 4269 τῆς
3488 4196 3833 4265 δικαιοσύνης

2250 4293 2492 4364 τιμῶντα
2514 4293 2747 4363 τρόπους
2765 4306 2793 4325 ’ί
2808 4291 3156 4361 οἰκοδομεῖήδὲ
3173 4290 3330 4344 τοῦτο
3350 4290 3451 4361 τὴν
3472 4289 3823 4357 Ἐκκλησίαν,

2254 4386 2346 4439 καὶ
2386 4386 2446 4439 τὸ
2474 4383 2825 4455 ἀκραδάντως
2856 4382 3000 4454 ἔχειν
3026 4382 3163 4452 αὐτῇ
3198 4377 3676 4452 πραγματεύεται,
3704 4376 3831 4445 Χρι-

569 4463 750 4533 erigit,
807 4469 1259 4534 quemadmodum
1309 4468 1560 4524 videlicet
1603 4470 1878 4525 unicornis
1930 4471 2144 4526 caeteris

2254 4476 2379 4530 στοῦ
2418 4473 2862 4541 συνασπίζοντος,
2902 4474 2995 4528 καὶ
3032 4473 3092 4530 τὸ
3124 4472 3438 4542 άκλονήτως
3475 4471 3621 4541 ἔχειν
3648 4468 3832 4537 νέμον-

571 4552 734 4607 etiam
760 4555 1141 4614 animantibus.
1178 4558 1421 4613 Fundata
1458 4568 1540 4614 est
1586 4560 1727 4615 enim
1768 4562 1819 4614 in
1867 4564 2141 4617 aeternita-

573 4653 680 4699 tem
714 4662 740 4698 a
771 4646 1010 4704 Christo.

2248 4584 2339 4631 τος
2367 4569 2538 4637 αὐτῇ*
2572 4567 2745 4620 Πύλαι
2776 4567 2886 4638 γὰρ
2920 4565 3067 4636 ᾆδον,
3103 4563 3289 4635 φησὶν,
3318 4563 3378 4616 οὐ
3410 4559 3833 4631 κατισχύσουσιν

2262 4656 2448 4726 αὐτῆς.
2482 4654 2796 4729 Γέγραπται
2842 4656 2949 4726 γάρ
2985 4654 3087 4707 καὶ
3124 4655 3180 4705 ἐν
3214 4651 3382 4721 βίϐλῳ
3410 4650 3661 4720 Ψαλμῶν

570 4736 773 4808 αὐτῆςο
802 4757 819 4789 ι
851 4739 963 4791 Καὶ
1032 4740 1380 4812 ᾠκοδόμησεν
1413 4741 1490 4804 ὡς
1530 4742 1901 4811 μονοκέρωτος
1968 4743 2030 4795 τὸ
2098 4743 2346 4815 άγίασμα
2387 4745 2577 4811 αὐτοῦ,
2620 4746 2700 4808 εἰς
2740 4745 2839 4816 τὴν
2881 4745 2987 4814 γῆν
3038 4740 3400 4812 ὲθεμελίωσεν
3429 4738 3599 4808 αὐτὴν
3632 4738 3713 4799 εἰς
3746 4735 3833 4787 τὸν

572 4831 763 4888 αἰῶνα.
801 4852 820 4885 ι
864 4834 1140 4905 Ἀγίασμα
1187 4834 1245 4888 δὲ
1288 4835 1451 4888 αὑτοῦ
1499 4835 1596 4907 τὴν
1644 4836 1973 4902 Ἐκκλησίαν
2040 4832 2181 4891 εἶναι
2245 4857 2445 4910 φαμεν,
2479 4839 2515 4910 ἢ
2564 4840 2659 4892 καὶ
2683 4838 2989 4907 ἀπόϐλητον
3020 4836 3226 4906 ἐγείρει
3259 4835 3372 4894 τοῖς
3409 4831 3626 4901 ἐχθροῖς
3657 4828 3722 4880 τὺ
3745 4826 3832 4881 κέ-

578 4941 703 4997 ρας,
749 4924 845 4978 καὶ
890 4925 1141 4997 καθάπερ
1197 4926 1388 4996 ἀμέλει
1435 4928 1527 4980 καὶ
1571 4928 1601 4979 ό
1654 4927 1963 4999 μονόκερως
2009 4933 2123 4995 τοῖς
2163 4912 2395 5023 ἑτέροις
2431 4929 2542 4984 τῶν
2604 4928 2779 4994 ζώων.
2817 4928 3219 5000 Τεθεμελίωται
3257 4925 3365 4997 γὰρ
3405 4923 3484 4986 εἰς
3525 4920 3621 4975 τὸν
3656 4918 3828 4972 αἰῶνα

585 5014 740 5085 παρὰ
765 5016 1025 5087 Χριστοῦ.

646 5105 811 5161 Vnus.
865 5109 953 5163 Η.
1008 5109 1208 5165 Recede
1253 5112 1319 5164 ab
1351 5112 1552 5181 iniquo,
1587 5123 1636 5166 et
1684 5131 1781 5167 non
1817 5117 2051 5179 timebis,
2099 5123 2148 5168 et

579 5208 770 5253 tremor
799 5215 900 5254 non
928 5201 1367 5272 appropinquabit
1398 5203 1512 5256 tibi.
1548 5202 1684 5257 Ecce
1713 5205 1968 5275 proselytt‘
1996 5221 2146 5260 acce-

575 5286 696 5342 dent
727 5289 797 5341 ad
824 5298 874 5342 te
900 5304 992 5358 per
1013 5306 1114 5356 me,
1145 5301 1190 5345 et
1227 5292 1295 5344 ad
1322 5301 1370 5345 te
1401 5291 1719 5362 confugient.

647 5547 692 5579 “
723 5549 826 5602 lsa.
860 5564 979 5617 χιιι,
1018 5551 1105 5615 ll,
1146 5551 1230 5605 12.
1331 5552 1376 5583 ’°
1415 5551 1583 5608 lCor.
1629 5570 1710 5619 ιιι,
1750 5556 1928 5609 Η-ἰῦ.

2008 5557 2050 5587 ²¹
2089 5555 2250 5612 llcbr.
2289 5575 2341 5622 ι,
2385 5559 2516 5624 1,2.

2339 5106 2585 5176 Ἀπέχου
2627 5106 2746 5162 ἀπὸ
2788 5106 3023 5168 ἀδίκου,
3066 5101 3165 5157 καί
3212 5102 3284 5155 οὐ
3343 5099 3689 5170 φοϐηοιξσα,
3736 5097 3830 5151 και

2256 5197 2471 5266 τρόμος
2513 5199 2625 5252 οὐκ
2678 5197 2865 5267 ἐγγιεῖ
2901 5211 3023 5250 σοι.
3085 5192 3242 5248 Ἰδοὺ
3300 5190 3678 5259 προσήλυτοι
3753 5190 3829 5242 δι-

2257 5289 2626 5343 ελεύσοηαί
2662 5289 2738 5360 (2)
2771 5305 2870 5342 σοι
2892 5287 2970 5341 δι’
2999 5284 3167 5353 ἐμοῦ,
3195 5283 3293 5337 καὶ
3313 5282 3410 5336 ἐπὶ
3442 5281 3519 5337 σὲ
3536 5281 3833 5350 καταφεύ-

2262 5381 2487 5445 ἕξονται.

2595 5562 2659 5591 ²¹⁶
2690 5558 2877 5612 Matth.
2913 5573 3024 5625 xu,
3064 5558 3149 5613 18.
3228 5558 3274 5588 "
3307 5554 3447 5610 Psal.
3480 5569 3685 5614 nxvtt.
3740 5548 3830 5605 69.

656 5704 730 5769 (l)
767 5704 1015 5774 Sapphir.
1054 5708 1214 5765 llcbr.
1253 5712 1433 5780 0;:1n'r.
1480 5711 1575 5781 (2).
1610 5712 1770 5777 LXX,
1804 5711 2269 5783 προτεὶεὺσονται.
