4092 6296
133 324 137 328 ’
234 348 366 403 I223

1358 335 1425 392 IN
1465 334 1696 391 lSAlAM
1736 333 1868 390 LIB.
1913 333 1973 389 ν.
2004 331 2242 388 TOMUS
2279 331 2340 386 ll.

3345 317 3482 378 12H

294 458 497 525 Εἰπὼν,
515 457 597 511 ὅτι
629 456 811 527 τίθησι
839 455 936 526 μὲν
991 452 1082 505 τὸν
1119 449 1402 521 περίϐολον
1432 448 1598 516 αὐτῆς
1626 445 1808 507 λίθους

1984 445 2117 499 Cum
2149 444 2368 506 dixerit,
2401 457 2602 512 ponere
2635 456 2693 495 se
2727 439 3078 493 munitionem
3114 437 3230 504 ejus
3277 437 3481 505 lapides

226 548 541 614 ἐκλεκτοὺς,
595 552 802 610 πάντας
845 546 901 598 δὲ
943 544 1068 605 τοὺς
1106 543 1261 604 υίοὺς
1309 541 1479 610 αὐτῆς
1525 537 1808 600 διδακτοῦς

141 707 151 714 ,
227 641 386 704 Θεοῦ,
435 640 793 695 διαδείκνυσιν
835 635 995 699 εὐθὺς
1040 636 1120 697 είς
1183 633 1355 702 πέρας
1400 630 1699 699 ὲκὸεϐηκδς
1747 628 1808 680 τὸ

231 730 664 804 ἐπηγγελμένον.
711 725 1078 793 Μυσταγωγεῖ
1105 721 1214 794 γὰρ
1244 721 1455 790 ὥσπερ,
1488 721 1549 773 οὐ
1592 720 1679 773 διὰ
1711 738 1808 790 με·

230 827 380 878 σίτου
426 824 590 886 τινὸς,
645 820 786 874 καθά
833 819 930 871 καὶ
976 816 1143 870 πάλαι
1187 812 1276 867 διὰ
1320 813 1583 878 Μωσέως,
1639 812 1808 883 ἤγουν

226 916 428 986 ἑτέρων
471 913 579 966 τῶν
614 911 783 979 ἁγίων
811 905 1130 980 προφητῶν,
1156 905 1222 958 δι’
1259 893 1457 956 ἑαυτοῦ.
1482 903 1539 956 δὲ
1573 903 1796 974 μᾶλλον,

222 1006 341 1077 ἦτοι
370 1005 554 1074 φωνῆς
583 995 851 1064 ίδίαςῙΗν
873 998 982 1068 γὰρ
1022 996 1181 1051 τοῦτο
1200 995 1584 1060 τὺ,ιἜσονται
1609 995 1808 1058 πάντες

221 1095 464 1150 διδακτοὶ
488 1092 644 1147 Θεοῦ.
675 1111 693 1144 ι
711 1090 967 1161 Γέγραφε
989 1088 1045 1141 δὲ
1067 1087 1162 1142 καὶ
1185 1089 1214 1141 ό
1240 1085 1548 1154 σοφώτατος
1573 1083 1805 1149 Παῦλος,

217 1189 301 1240 ὅτι
330 1182 696 1255 (Πολυμερῶς
753 1181 846 1235 καὶ
880 1178 1237 1249 πολυτρόπως
1292 1176 1464 1230 πάλαι
1497 1175 1525 1226 ὁ
1547 1173 1679 1236 Θεὸς
1712 1175 1807 1226 λα-

218 1277 390 1350 λήσας
402 1278 518 1338 τοῖς
545 1273 822 1344 πατράσιν
857 1273 914 1324 ἐν
948 1271 1061 1332 τοῖς
1090 1269 1424 1338 προφήταις,
1453 1265 1542 1318 ἐπ’
1573 1264 1806 1333 ἐσχάτου

219 1367 328 1422 τῶν
354 1365 588 1438 ἡμερῶν
618 1364 825 1418 τούτων
857 1361 1120 1431 ἐλάλησεν
1146 1361 1278 1429 ἡμῖν
1313 1360 1369 1411 ὲν
1395 1356 1530 1426 Υξῷ,
1548 1355 1608 1409 ὃν
1633 1355 1800 1424 ἔθηκε

219 1458 564 1528 κληρονόμον
609 1455 850 1518 πάντων,
882 1452 949 1506 δι’
979 1445 1042 1504 οὗ
1081 1450 1174 1503 καὶ
1215 1449 1344 1510 τοὺς
1374 1447 1574 1509 αἰῶνας
1619 1446 1808 1516 ἐποίη-

220 1563 336 1600 σεν.
376 1563 397 1595 ι
455 1542 666 1596 Οὐκοῦν
723 1541 790 1594 δι’
845 1537 1039 1594 ἑαυτοῦ
1086 1536 1196 1590 τῶν
1241 1534 1452 1588 αἰώνων
1503 1535 1533 1586 ό
1578 1533 1809 1603 ποιητὴς

221 1634 510 1703 ἐξυφαίνει
555 1632 654 1695 τὰς
692 1630 1081 1699 μυσταγωγίας
1107 1629 1221 1691 τοῖς
1247 1626 1315 1680 δι’
1341 1624 1508 1680 αὐτοῦ
1537 1623 1809 1694 κεκλημέ-

219 1741 334 1789 νοις
365 1727 447 1788 είς
473 1725 572 1793 τὴν
600 1723 690 1777 διὰ
719 1723 956 1784 πίστεως
999 1719 1184 1790 χάριν.
1227 1717 1327 1770 Διὰ
1366 1716 1533 1770 τοῦτο
1563 1715 1658 1768 καὶ
1685 1717 1719 1784 ἡ
1750 1717 1808 1768 ὲν

218 1808 302 1880 τῷ
324 1809 568 1882 ’ᾼσματι
597 1809 706 1863 τῶν
751 1807 1012 1881 ᾀσμάτων
1051 1805 1376 1876 γραφομένη
1438 1804 1626 1874 νύμφη
1680 1802 1807 1874 περὶ

220 1902 390 1956 αὐτοῦ
443 1900 545 1954 πού
593 1918 726 1971 φησι
762 1919 777 1932 -
814 1919 833 1952 ι
863 1899 1152 1970 Φιλησὼτω
1203 1914 1272 1968 με
1329 1895 1438 1949 ἀπὸ
1486 1893 1806 1964 φιλημάτων

220 1993 496 2062 στόματος
559 1991 747 2045 αὐτοῦ.
786 2009 806 2044 ι
861 1989 1256 2061 Κατησπάζετο
1298 1986 1399 2056 μὲν
1444 1984 1555 2056 γὰρ
1606 1982 1799 2054 ὥσπερ

205 2075 316 2133 ’καὶ
345 2079 516 2134 πάλαι
547 2079 636 2134 διὰ
665 2081 932 2150 στόματος
955 2077 1120 2132 αὐτοῦ
1149 2074 1445 2148 προφητῶν
1475 2073 1667 2144 ἁγίων,
1701 2090 1807 2128 κα-

217 2169 326 2223 λῶν
353 2171 436 2234 εἰς
463 2171 762 2240 συνάφειαν
789 2170 888 2240 τὴν
926 2170 1063 2240 πρὸς
1094 2167 1256 2222 αὐτὸν
1293 2167 1360 2218 δι’
1404 2154 1677 2236 ἁγιασμοῦ
1706 2163 1803 2219 καὶ

217 2259 590 2330 δικαιοσύνης.
631 2260 851 2331 Ἐπειδὴ
891 2260 947 2313 δὲ
981 2258 1249 2330 προῆλθεν
1295 2256 1580 2326 ἅνθρωπος
1613 2257 1678 2309 ἐκ
1711 2272 1811 2323 γυ-

218 2351 431 2418 ναικὸς,
460 2350 568 2404 ἀπὸ
607 2350 930 2421 φιλημάτων
954 2349 1219 2418 στόματος
1245 2344 1410 2400 αὑτοῦ
1437 2345 1638 2414 πεφιλή
1649 2344 1806 2413 μεθα.

221 2442 413 2512 Στόμα
449 2442 560 2512 γὰρ
586 2441 724 2512 πρὸς
755 2440 930 2510 στόμα
961 2439 1224 2508 λελάληκε
1265 2436 1403 2507 πρὸς
1439 2437 1606 2507 ἡμᾶς.
1641 2435 1812 2488 Ὂταν

219 2531 404 2585 τοίνυν
433 2531 671 2600 ἀπόσχῃ,
698 2531 881 2600 φησὶν,
907 2530 1015 2582 ἀπὸ
1051 2527 1252 2590 παντὸς
1284 2527 1472 2580 ἀδίκου
1524 2526 1618 2580 καὶ
1647 2542 1812 2595 πονη-

224 2619 324 2691 ροῦ
362 2620 714 2690 πράγματος,
757 2618 877 2672 τότε
907 2620 969 2670 οὐ
1001 2617 1308 2689 φοϐηθήσῃ,
1351 2617 1446 2670 xui.
1471 2617 1673 2687 τρόμος
1707 2615 1809 2669 οὐκ

221 2711 407 2780 ἐγγιεῖ
437 2727 541 2764 σοι’
567 2709 666 2780 ἔσῃ
690 2708 801 2781 γὰρ
831 2709 1104 2772 ἀνάλωτος
1127 2711 1240 2772 τοῖς
1268 2708 1502 2780 ἐχθροῖς,
1544 2707 1638 2759 καὶ
1669 2706 1813 2777 πέρα

226 2799 405 2869 φόϐου
433 2799 654 2862 παντὸς,
690 2800 794 2853 κᾶν
821 2799 1210 2866 ὲξοπλίζωνταί
1243 2816 1324 2851 σοι
1356 2796 1662 2870 καταδηοῦν
1691 2797 1811 2852 ἐθέ-

227 2889 418 2953 λοντες
447 2889 552 2944 τῶν
578 2890 635 2942 ὲν
662 2891 850 2960 κόσμῳ
883 2890 1027 2952 τινὲς
1046 2931 1060 2956 ,
1101 2889 1362 2960 πλείστην
1391 2890 1522 2958 ὅσην
1560 2889 1814 2959 λαχόντες

225 2980 332 3051 τὴν
379 2980 714 3042 δυναστείαν,
751 2981 918 3051 Ιἤγουν
964 2980 1019 3033 αἱ
1057 2981 1426 3050 ἀντικείμεναί
1459 2997 1517 3034 τε
1580 2982 1672 3033 καὶ
1710 2997 1811 3033 πο-

226 3071 398 3140 νηραὶ
451 3071 787 3142 δυνάμεις,ἢ
821 3071 961 3142 τάχα
993 3089 1093 3125 που
1135 3073 1227 3125 καὶ
1268 3071 1406 3125 αὐτὰ
1444 3073 1542 3142 τῆς
1581 3072 1811 3126 ὲκτόπου

222 3162 321 3217 καὶ
354 3164 605 3233 μυσαρᾶς
640 3163 832 3234 ἡδονῆς
867 3163 935 3216 τὰ
976 3162 1215 3232 κύματα,
1245 3162 1482 3233 φέροντα
1513 3164 1638 3225 τοὺς
1684 3162 1806 3230 φιλ-

223 3254 631 3324 αμαρτὴμονας
675 3255 754 3318 είς
804 3253 930 3324 ᾅδου
977 3253 1248 3323 πυθμένα,
1299 3252 1393 3305 καὶ
1435 3254 1513 3315 είς
1546 3252 1678 3306 αὐτὸ
1710 3251 1809 3320 τῆς

221 3343 508 3407 ἀπωλείας
546 3343 607 3397 τὸ
631 3344 780 3397 κάτω
810 3342 1106 3415 βάραθρον.
1153 3344 1208 3397 Ἀ
1220 3343 1481 3414 ξιόληπτα
1503 3342 1684 3397 τοίνυν
1711 3344 1810 3412 τῆς

222 3434 578 3502 δικαιοσύνης
617 3435 686 3488 τά
730 3436 888 3507 γέρα,
935 3436 1030 3489 καὶ
1057 3435 1300 3506 λαμπροὶ
1335 3435 1434 3506 μὲν
1463 3435 1582 3488 λίαν
1614 3436 1662 3486 οἱ
1692 3433 1812 3488 στέ-

219 3543 418 3593 φανοι,
461 3525 888 3597 τεθαυμασμὲνη
939 3527 996 3580 δὲ
1053 3526 1206 3596 παρά
1251 3543 1314 3594 γε
1366 3527 1478 3588 τοῖς
1521 3526 1812 3596 άρτίφροσι

217 3616 333 3670 τῶν
365 3617 754 3686 πνευματικῶν
781 3617 1135 3687 χαρισμάτων
1163 3619 1196 3687 ἡ
1229 3618 1444 3686 κτῆσις.
1463 3616 1812 3687 Προσεπάγει

217 3708 279 3763 δέ
301 3727 362 3766 τι
386 3709 482 3762 καὶ
499 3708 684 3776 ἕτερον
700 3725 713 3739 ·
745 3709 878 3762 Ἰδοὺ
899 3707 1226 3778 προσήλυτοι
1244 3705 1695 3779 προσελεύσονταί
1719 3723 1800 3760 σοι

221 3800 295 3853 δι’
325 3797 489 3868 ἐμοῦ,
515 3799 610 3850 καὶ
639 3798 731 3852 ἐπὶ
771 3798 831 3851 σὲ
865 3797 1314 3866 καταφεύξονται.
1337 3795 1721 3868 Προσηλύτους
1750 3797 1811 3850 δέ

225 3907 424 3964 φησιν,
459 3890 645 3960 ἢτοὺς
674 3892 733 3944 ὲν
764 3889 978 3960 ἑκάστῳ
1016 3889 1192 3959 καιρῷ
1240 3889 1563 3958 προσιόντας
1598 3887 1694 3959 τὴν
1729 3887 1814 3942 πί-

222 4000 349 4037 στιν
402 3983 496 4036 καὶ
535 3981 900 4052 καλουμένους
947 3981 1004 4048 ἐξ
1061 3982 1251 4043 ἐθνων,
1299 3981 1332 4052 ἢ
1371 3981 1512 4050 τάχα
1561 3997 1664 4033 που
1720 3980 1816 4033 καὶ

220 4076 432 4138 αὐτοὺς
463 4075 592 4136 τοὺς
643 4074 701 4140 ἐξ
753 4073 990 4144 Ἰσραὴλ,
1032 4073 1082 4126 οἳ
1121 4072 1351 4126 κατόπιν
1391 4073 1663 4126 τέθεινται
1707 4071 1814 4124 τῶν

221 4165 425 4228 ὲθνῶν,
473 4164 650 4218 καίτοι
702 4163 800 4234 τὴν
852 4162 1074 4234 πρώτην
1120 4163 1334 4232 ἔχοντες
1393 4162 1568 4226 τάξιν,
1621 4163 1712 4216 καὶ
1764 4165 1819 4220 οἳ

221 4253 610 4326 προσηλύτους
663 4255 942 4324 δεχόμενοι
981 4255 1107 4317 τοὺς
1140 4255 1203 4307 ὲκ
1245 4253 1453 4323 πλάνης
1492 4254 1812 4325 Ἑλληνικῆς

221 4345 372 4416 πρὸς
423 4344 555 4398 Θεὸν
595 4345 1054 4416 ἐπιστρέφοντας,
1091 4345 1244 4399 αὐτοὶ
1279 4345 1612 4416 προσήλυτοι
1653 4346 1810 4413 γεγό⁹

1911 535 2130 597 electos,
2167 550 2462 604 onmesqne
2501 532 2638 586 filios
2672 529 2787 598 ejus
2819 530 3003 582 doctos
3036 543 3066 580 a
3101 530 3241 582 Deo:
3279 528 3460 581 statim

1911 630 2140 683 ostendit
2171 631 2312 698 quod
2343 627 2666 697 promissum
2691 633 2793 685 est,
2824 623 2890 674 ad
2914 621 3115 673 exitum
3141 620 3476 688 pervenisse.

1912 719 2179 791 Mysteriis
2216 721 2358 773 enim
2411 719 2525 772 suis
2558 717 2735 770 initiat
2769 726 2821 767 et
2855 712 3168 778 eruilil,non
3223 722 3482 778 tanquam

1913 828 2011 881 per
2058 811 2296 864 medium
2349 811 2648 879 quoddam,
2699 807 2856 861 siculi
2901 805 3028 858 olim
3079 819 3172 872 per
3221 804 3482 874 Moysem,

1911 912 2005 957 aut
2064 903 2228 955 alium
2277 915 2308 956 e
2358 899 2559 954 sanctis
2615 897 2915 967 prophetis,
2962 895 3057 948 sed
3102 910 3197 957 per
3240 895 3482 962 seipsum

1909 993 2107 1063 potius,
2141 1008 2234 1047 seu
2265 1007 2395 1047 voce
2428 991 2667 1060 propria.
2712 987 2847 1041 Illud
2889 986 3030 1040 enim
3072 986 3175 1040 hoc
3208 985 3483 1048 significa-

1910 1085 1998 1138 bat
2031 1104 2046 1139 :
2077 1103 2095 1136 ι
2135 1084 2307 1138 Erunt
2343 1097 2532 1137 omnes
2561 1080 2704 1135 docti
2739 1094 2768 1131 a
2799 1078 2907 1131 Deo
2929 1077 2996 1130 ".
3029 1096 3049 1127 ›
3083 1076 3313 1144 Scripsit
3351 1076 3478 1128 item

1909 1176 2344 1244 sapientissimus
2396 1173 2596 1227 Paulus
2643 1185 2660 1225 :
2712 1189 2731 1222 ι
2788 1168 3136 1223 Multifariam
3189 1166 3479 1233 multisque

1910 1268 2084 1321 modis
2115 1267 2240 1321 olim
2267 1268 2406 1322 Deus
2437 1265 2647 1318 locutus
2673 1269 2754 1316 est
2782 1259 3046 1329 patribus,
3080 1258 3132 1312 in
3159 1257 3436 1328 pr0phetis
3462 1274 3478 1310 :

1909 1360 2172 1414 extremis
2203 1369 2382 1413 autem
2425 1359 2574 1412 hisce
2606 1357 2798 1410 diebus
2837 1355 3050 1408 locutus
3089 1361 3172 1406 est
3219 1350 3376 1405 nobis
3424 1349 3479 1404 in

1909 1450 2082 1514 Filio,
2119 1465 2278 1518 quem
2323 1448 2504 1518 posuit
2554 1444 2818 1500 hmredem
2869 1444 3131 1506 omnium,
3179 1457 3274 1509 per
3320 1454 3478 1505 quem

1911 1540 2073 1596 etiam
2125 1539 2254 1594 fecit
2306 1539 2502 1593 smcula
2532 1538 2598 1591 ".
2653 1555 2671 1588 ι
2715 1534 2947 1589 Proinde
2985 1547 3082 1609 per
3133 1532 3479 1599 semetipsum

1919 1629 2144 1685 cll‘ector
2188 1628 2510 1684 sa‘culorum
2567 1625 2803 1697 pertexit
2845 1622 3210 1696 mystagogias
3253 1621 3336 1675 his
3389 1622 3481 1689 qui
3543 1634 3546 1637 ‘

1913 1737 2008 1790 per
2041 1726 2216 1790 ipsum
2249 1721 2423 1775 vocati
2470 1727 2598 1774 sunt
2629 1718 2708 1772 ad‘
2740 1718 2882 1772 hanc
2911 1730 3007 1784 per
3039 1713 3198 1768 [idem
3225 1711 3478 1782 gratiam.

1910 1811 2205 1881 Propterea
2238 1826 2439 1880 sponsa
2475 1825 2593 1880 qum
2627 1810 2678 1862 in
2710 1807 2936 1862 Cantico
2969 1804 3305 1859 canticorum
3372 1803 3470 1856 de-

1910 1902 2109 1970 scripta
2139 1912 2242 1966 est,
2276 1901 2341 1956 de
2364 1915 2429 1956 eo
2452 1899 2618 1955 dicit:
2645 1917 2664 1950 ι
2703 1896 2989 1958 Qsculetur
3041 1911 3128 1950 me
3159 1893 3341 1949 osculo
3369 1890 3482 1945 oris

1911 1992 1993 2046 sui
2022 1993 2090 2046 ".
2123 2011 2142 2044 ι
2191 1991 2540 2060 Amplexalus
2589 1999 2673 2045 est
2715 1990 2859 2042 enim
2911 1987 3073 2041 veluti
3111 2003 3207 2042 ore
3257 2000 3481 2038 suorum

1914 2090 2226 2138 sanctorum
2259 2082 2665 2150 prophetarum,
2696 2093 2900 2132 vocans
2928 2079 2993 2131 ad
3018 2075 3328 2130 aliinitatem
3357 2089 3480 2127 cum

1912 2175 2054 2243 ipso,
2082 2187 2180 2243 per
2205 2172 2694 2232 sanctiﬁcationem
2725 2179 2777 2224 et
2801 2169 3089 2238 justitiam.
3123 2166 3481 2233 Posteaquam

1910 2280 2042 2322 vero
2073 2265 2274 2334 prodiit
2311 2264 2474 2318 homo
2505 2263 2571 2318 de
2607 2261 2851 2324 muliere,
2891 2258 3080 2314 osculo
3114 2258 3226 2312 oris
3261 2256 3345 2311 sui
3387 2269 3505 2310 nos.

1910 2356 2184 2412 osculatus
2226 2363 2328 2410 est.
2377 2353 2484 2408 Ore
2539 2354 2681 2407 enim
2715 2353 2781 2407 ad
2831 2366 2894 2406 os
2928 2365 3026 2404 nos
3069 2355 3154 2404 est
3197 2348 3482 2401 allocutus.

1912 2447 2138 2516 Quando
2160 2447 2344 2516 igitur,
2367 2445 2563 2516 inquit,
2587 2443 2654 2497 ab
2681 2443 2824 2498 omni
2849 2440 3114 2510 iniustitia
3167 2437 3481 2503 recesseris,

1913 2547 1965 2593 el
1993 2554 2025 2593 a
2057 2538 2219 2592 rebus
2255 2517 2411 2591 malis
2441 2554 2454 2590 :
2487 2547 2596 2588 tum
2630 2544 2734 2587 non
2777 2531 3012 2595 timebis,
3046 2539 3096 2584 el
3144 2538 3347 2582 tremor
3378 2542 3481 2579 non

1912 2628 2365 2698 appmpinquabit
2416 2625 2535 2679 tibi.
2582 2623 2694 2679 Nec
2719 2624 2861 2678 enim
2898 2622 3007 2677 eris
3041 2619 3288 2676 hostibus
3317 2630 3483 2684 expo-

1913 2722 2070 2784 situs,
2104 2729 2157 2774 et
2184 2730 2336 2773 extra
2363 2733 2576 2772 omnem
2606 2725 2809 2770 metum
2843 2715 2973 2778 eris,
3007 2713 3220 2767 etiamsi
3261 2711 3483 2780 quidam

1914 2811 1968 2863 in
2017 2811 2220 2864 mundo
2251 2817 2534 2862 armentur
2570 2817 2758 2862 contra
2795 2815 2868 2871 te,
2903 2815 2957 2860 et
2997 2805 3178 2859 delere
3220 2809 3485 2866 statuant,

1920 2917 2130 2956 summa
2165 2909 2437 2969 potestate
2479 2900 2689 2967 praediti
2716 2915 2730 2951 :
2761 2897 2843 2952 vel
2869 2897 3033 2952 etiam
3067 2894 3394 2950 adversaria:
3425 2907 3489 2946 ac

1915 2991 2069 3045 mala:
2095 2999 2429 3059 potestates;
2465 2991 2548 3043 vel
2587 2990 2837 3044 fortassis
2869 2990 3023 3044 foed-.0
3055 3004 3120 3050 ac
3155 2986 3488 3054 detestandae

1917 3082 2211 3149 voluptatis
2256 3079 2469 3144 ﬂuctus,
2515 3081 2680 3149 770
2705 3079 2793 3148 qui
2821 3079 2964 3133 vitiis
3010 3079 3218 3132 deditos
3268 3079 3320 3130 in
3370 3075 3488 3131 orci

1917 3173 2268 3242 profundum,
2299 3181 2354 3226 et
2380 3171 2431 3224 in
2462 3173 2633 3240 ipsum
2661 3170 2812 3226 exitii
2843 3170 3160 3224 barathrum
3187 3167 3484 3233 abripiunt.

1909 3265 2136 3320 Justiti-.1:
2172 3279 2301 3333 ergo
2331 3264 2621 3316 honoraria
2669 3263 2826 3330 digna
2859 3269 2987 3316 sunt
3021 3275 3144 3328 qua:
3183 3258 3489 3326 apprehen-

1913 3359 2134 3420 dantur,
2165 3368 2221 3412 et
2252 3372 2468 3412 coronre
2505 3355 2887 3411 illustrissimaa
2919 3367 2934 3405 :
2964 3363 3019 3407 et
3056 3350 3377 3405 admiranda
3403 3355 3490 3402 est

1911 3449 2149 3506 conlatis
2187 3449 2500 3508 hominibus
2549 3446 2911 3516 spiritualium
2961 3445 3225 3498 donorum
3273 3455 3490 3510 posses-

1913 3539 2014 3594 sio.
2085 3538 2320 3594 Adducit
2374 3547 2431 3592 et
2486 3538 2630 3592 aliud
2681 3535 2984 3606 quiddam:
3035 3533 3172 3586 Ecce
3225 3528 3486 3598 proselyti

1914 3630 2174 3684 accedent
2201 3631 2270 3684 ad
2307 3640 2358 3684 te
2397 3644 2492 3698 per
2523 3643 2628 3693 me,
2659 3637 2716 3683 et
2752 3627 2820 3681 ad
2852 3634 2904 3680 te
2931 3623 3262 3693 confugient.
3296 3619 3489 3675 Prose«

1915 3723 2055 3792 lytos
2081 3731 2262 3785 vocat,
2280 3721 2368 3776 vel
2391 3722 2584 3790 quovis
2606 3729 2848 3788 tempore
2876 3717 3200 3772 accedentes
3218 3714 3283 3766 ad
3308 3713 3488 3772 Iidem,

1914 3821 1969 3868 et
2001 3822 2226 3868 vocatos
2269 3827 2336 3868 ex
2383 3813 2662 3880 gentibus,
2693 3811 2775 3864 vel
2811 3810 2976 3863 etiam
3025 3806 3165 3860 forte
3213 3801 3492 3855 lsraelitas

1916 3903 2086 3972 ipsos,
2111 3905 2202 3972 qui
2236 3904 2487 3972 gentibus
2519 3900 2804 3970 postpositi
2835 3907 2981 3962 sunt,
3009 3894 3221 3951 etiamsi
3255 3893 3489 3962 primum

1916 3996 2159 4050 ordinem
2189 4002 2476 4059 tenerent;
2515 4001 2570 4046 et
2601 3993 2692 4060 qui
2721 3997 3047 4058 acceperunt
3081 3985 3383 4055 proselytos
3421 3982 3491 4034 ab

1918 4101 2107 4144 errore
2147 4067 2334 4155 ξοηιίιί
2383 4088 2453 4141 ad
2498 4087 2664 4141 Deum
2718 4098 3000 4148 reversos,
3035 4081 3139 4150 ipsi
3191 4077 3318 4131 facti
3363 4083 3492 4130 sunt

1918 4175 2178 4244 proselyti
2217 4177 2456 4245 gentium
2487 4192 2503 4232 :
2537 4184 2780 4228 attamen
2811 4171 2974 4225 etiam
3010 4184 3104 4237 per
3131 4168 3406 4222 Christum
3439 4164 3492 4219 id

1919 4265 2198 4319 consecuti
2251 4276 2398 4319 sunt.
2437 4264 2549 4319 Hoc
2574 4264 2719 4319 enim
2756 4260 3027 4332 signiﬁcat
3067 4259 3216 4322 illud,
3254 4272 3349 4326 per
3383 4269 3490 4310 tne.

1918 4353 2023 4409 Per
2049 4355 2224 4425 ipsum
2248 4356 2515 4425 siquidem
2539 4355 2782 4408 omnium
2811 4362 2896 4408 est
2923 4350 3162 4406 reversio
3187 4358 3239 4402 et
3262 4346 3491 4411 vacatio,

222 4454 352 4490 νασι
394 4436 502 4490 τῶν
541 4437 741 4499 ἐθνῶν,
773 4439 912 4503 πλὴν
946 4439 1040 4492 καὶ
1073 4438 1232 4492 τοῦτο
1275 4437 1366 4491 διὰ
1413 4437 1674 4508 Χριστοῦ.
1710 4438 1809 4508 Ση-

1915 4453 1967 4498 et
1989 4445 2056 4498 ad
2090 4445 2253 4498 Deum
2283 4461 2348 4500 ac
2371 4445 2582 4499 Patrem
2616 4457 2886 4498 accessus.
2922 4459 2940 4492 ι
2973 4439 3139 4495 Nemo
3167 4439 3335 4502 enim,
3361 4456 3380 4490 ι
3415 4435 3494 4489 in-

226 4529 414 4600 μαίνει
439 4530 548 4600 γὰρ
570 4529 727 4583 τοῦτο
749 4530 829 4594 τὸ,
849 4530 914 4584 δι’
940 4530 1096 4600 ἐμοῦ.
1118 4531 1196 4584 Δι’
1224 4528 1388 4582 αὑτοῦ
1412 4529 1520 4600 γὰρ
1536 4531 1570 4598 ἡ
1601 4529 1816 4584 πάντων

233 4622 545 4691 ἐπιστροφή
587 4638 646 4673 τε
689 4622 785 4674 καὶ
847 4621 1073 4690 κλῆσις,
1120 4621 1215 4674 καὶ
1259 4622 1291 4688 ἡ
1340 4621 1475 4691 πρὸς
1523 4620 1670 4673 Θεδντ
1721 4621 1817 4674 καὶ

1923 4537 2062 4606 quit,
2087 4556 2105 4590 ι
2129 4538 2270 4593 venit
2291 4540 2357 4592 ad
2377 4538 2609 4598 Patrem.
2632 4537 2733 4592 nisi
2765 4550 2860 4602 per
2874 4550 2960 4589 me
2997 4534 3063 4588 ".
3091 4553 3108 4586 ι
3141 4533 3208 4586 Ει
3231 4546 3446 4586 rursum
3475 4544 3489 4581 :

1924 4643 1941 4676 ι
1979 4626 2090 4698 Ego
2116 4645 2235 4683 sum
2266 4631 2455 4689 via“'.
2495 4648 2514 4681 ι
2552 4639 2626 4692 et,
2667 4645 2686 4679 ι
2723 4626 2836 4696 Ego
2864 4625 3059 4680 ostium
3109 4624 3250 4674 ²⁶⁴“.›

235 4710 462 4782 Πατέρα
479 4711 732 4781 πρόσοδος
760 4710 858 4782 [αι.
881 4709 1143 4781 πρόοδος1ο
1180 4709 1400 4773 (οὐδεὶς
1429 4709 1789 4780 γὰρέρχεται,
1823 4730 1842 4764 ι
1875 4718 2029 4786 φησι,
2067 4738 2084 4770 ι
2116 4719 2248 4788 πρὸς
2275 4720 2366 4772 τὸν
2397 4719 2632 4791 Πατέρα,
2665 4719 2714 4770 εἰ
2747 4715 2822 4787 μὴ
2853 4716 2901 4768 δι
2943 4711 3130 4783 ἐμοῦ.»
3165 4711 3272 4764 Καὶ
3298 4702 3460 4762 πάλιν
3479 4723 3493 4737 ο

233 4825 252 4857 ι
309 4804 454 4871 Ἐγώ
483 4807 651 4876 είμιὴ
681 4805 826 4868 ὁδός·
859 4825 878 4858 ι
905 4805 1019 4867 καὶ,
1056 4822 1076 4856 ι
1097 4803 1294 4875 Ἐγὼὴ
1329 4804 1488 4876 θύρα.
1529 4825 1547 4858 ι

315 4893 476 4947 Ἰδοὺ
512 4894 627 4964 ἐγὼ
665 4893 834 4954 κτίζω
875 4894 953 4966 (1)
989 4910 1098 4959 σε,
1137 4894 1235 4948 καὶ
1276 4897 1387 4964 οὐχ
1420 4895 1503 4962 ὡς
1552 4895 1819 4963 χαλκεὺς

227 4986 453 5056 φυσῶν
489 4985 807 5054 ἄνθρακας,
849 4987 946 5040 καὶ
995 4987 1267 5056 ἐκφέρων
1295 4989 1487 5055 σκεύη
1521 4990 1610 5054 εὶς
1649 4988 1814 5057 ἔργα.

240 5075 390 5144 Ἐγὼ
427 5075 497 5128 δὲ
539 5074 750 5130 ἕκτισά
795 5092 870 5131 σε
914 5079 1025 5132 οὐκ
1074 5082 1162 5144 εἰς
1208 5078 1512 5133 ἀπώλειαν
1557 5079 1811 5149 φθεῖραι.

227 5168 366 5220 Πᾶν
396 5166 629 5232 σκεῦος
665 5168 930 5236 φθαρτὸν
963 5168 1040 5239 (9.)
1093 5169 1194 5228 ἐπὶ
1234 5169 1310 5224 σὲ
1359 5172 1468 5224 οὐκ
1516 5167 1818 5234 εὐοδώσω,

221 5254 332 5309 καὶ
367 5254 534 5309 πάσα
562 5257 733 5324 φωνὴ
766 5259 1175 5325 ἀναστήσεται
1215 5259 1315 5312 ἐπὶ
1359 5259 1436 5313 σὲ
1471 5244 1566 5325 sic:
1593 5259 1816 5328 κρίσιν,

227 5347 474 5412 πάντας
498 5347 719 5413 αὐτοὺς
755 5349 1058 5417 ᾐττήσεις,
1086 5356 1140 5406 oi
1168 5351 1236 5405 δὲ
1265 5351 1470 5419 ἔνοχοί
1497 5368 1612 5405 σου
1639 5349 1816 5404 ἔσον-

305 5520 357 5553 "
383 5521 482 5574 lsi.
517 5520 732 5585 t.tv,l3;
759 5521 914 5576 Juan.
952 5541 1025 5589 vr,
1058 5526 1144 5579 ιδ.
1222 5527 1266 5557 ’⁸
1301 5526 1434 5581 lleb.
1468 5543 1504 5591 l,
1547 5532 1593 5590 l,
1631 5528 1685 5581 ξ’..

309 5686 387 5754 (1)
423 5685 582 5749 LXX,
616 5689 820 5756 37.1131,
862 5706 909 5748 et
952 5711 1092 5758 ηυρλ,
1133 5697 1318 5761 τκῶης
1362 5701 1435 5760 εἰς
1470 5698 1644 5770 "pg-07.

2003 4900 2165 4952 Vens.
2202 4899 2292 4964 16,
2329 4899 2416 4953 l7.
2461 4897 2594 4951 Ecrc
2626 4913 2716 4964 ego
2746 4911 2865 4950 creo
2892 4903 2961 4958 le,
2982 4903 3028 4947 et
3069 4907 3171 4945 non
3195 4900 3247 4943 ut
3275 4887 3497 4941 a'rarius

1926 4989 2151 5058 aufﬂims
2179 5005 2395 5057 prunas,
2429 4996 2478 5040 et
2510 4985 2777 5054 proferens
2809 4999 2937 5038 casa
2970 4983 3024 5035 in
3059 4997 3207 5049 aptis.
3245 4978 3355 5048 Ego
3397 4994 3498 5030 au-

1925 5093 2023 5135 tem
2059 5079 2230 5132 (τετινί
2259 5087 2329 5143 le,
2366 5095 2467 5130 non
2503 5080 2557 5130 in
2589 5065 2930 5144 perditionem
2989 5072 3300 5139 interﬁcere.
3328 5068 3492 5122 Omne

1919 5189 2006 5226 vas
2039 5179 2344 5237 corruptum
2379 5169 2431 5222 in
2474 5179 2521 5221 le
2567 5185 2668 5221 nou
2709 5167 3071 5230 prosperabo:
3099 5173 3145 5217 et
3191 5162 3357 5215 omnis
3401 5175 3500 5213 v0.2:

1918 5269 2092 5326 surget
2140 5267 2321 5310 contra
2371 5257 2504 5310 lein
2545 5256 2843 5325 judicium;
2887 5270 3062 5307 omnes
3110 5267 3197 5306 eos
3231 5251 3422 5310 vium,
3450 5256 3498 5300 et

1916 5347 2126 5400 obnoxii
2179 5345 2256 5398 tui
2297 5354 2447 5398 erunt
2490 5345 2543 5396 in
2604 5361 2700 5399 ea.
2753 5343 2844 5397 Eat
2887 5341 3170 5395 hwreditas
3211 5337 3500 5391 colentibus

1764 5527 1809 5558 "
1835 5525 1991 5582 Cant.
2029 5541 2064 5578 t.
2103 5525 2152 5580 1.
2227 5521 2454 5575 "le31].
2484 5537 2594 5586 xw,
2633 5522 2684 5572 ii.
2756 5520 2817 5548 π’
2843 5518 2973 5572 Ibid.
3055 5512 3319 5571 ""Joau.
3359 5527 3413 5580 κ,
3439 5508 3497 5568 9ο

1991 5697 2063 5766 (2)
2097 5695 2180 5749 LX
2195 5694 2255 5750 ἶ.
2291 5692 2598 5747 σκευαπτὸν.
