4092 6296
588 338 727 395 HIS

1570 330 1629 386 8.
1672 324 1946 384 CYBILU
1989 317 2452 378 ALEXANDBINI
2490 316 2812 374 ABCHIEP.

3701 299 3857 359 ιιισ

592 452 878 507 Dominum
924 466 943 506 :
981 458 1030 506 et
1076 463 1161 503 τοι
1213 446 1363 501 erilis
1419 444 1548 496 mihi
1585 442 1746 513 justi,
1794 441 1924 494 dicit
1960 436 2159 521 ‘Domi-

2278 451 2360 489 rae
2380 433 2452 487 ἐν
2495 430 2672 499 αὐτῇ,
2697 432 2863 483 Ἔστι
2889 423 3259 494 κληρονομία
3288 418 3857 521 τοῖςὶθεραπεύοιισι

663 713 849 769 Creari
895 710 1123 766 dicimus
1163 709 1216 762 iu
1266 709 1351 763 his
1395 707 1614 773 verbis,
1664 706 2009 777 significare,
2055 719 2161 757 non

591 805 777 871 utique
800 803 866 855 ab
893 816 957 855 eo
989 801 1130 868 quod
1177 816 1281 853 non
1307 809 1414 867 est,
1442 802 1509 854 ad
1550 800 1608 853 id
1633 798 1775 868 quod
1811 806 1915 859 est,
1947 809 2165 862 proces-

592 910 733 950 sum.
762 892 1011 961 Disputat
1039 890 1183 944 enim
1217 890 1380 944 veluti
1420 906 1541 944 cum
1577 890 1659 944 his
1693 889 1782 958 qui
1815 897 1938 942 sunt
1959 887 2074 957 jam
2105 893 2159 939 et

593 984 898 1038 subsistunt
930 1001 944 1039 :
979 981 1071 1037 sed
1107 982 1286 1051 potius
1324 982 1741 1035 renovationem
1774 979 2026 1048 designat
2069 992 2167 1046 per

596 1074 857 1142 Spiritum
904 1082 1155 1127 sanctum
1180 1111 1195 1137 ,
1235 1080 1688 1124 transmutan—teut
1736 1068 1947 1136 aliquos
1978 1068 2044 1120 ad
2086 1067 2166 1119 in-

595 1162 868 1231 culpatam
900 1172 957 1216 et
995 1170 1245 1215 sanctam
1281 1159 1749 1215 conversationem
1780 1168 1944 1226 atque
1977 1159 2164 1211 vitam.

602 1252 693 1308 Sic
732 1254 876 1308 enim
918 1266 1108 1307 creare
1154 1253 1354 1307 dicitur
1392 1252 1646 1307 Christus
1672 1252 1806 1305 duos
1846 1251 2068 1319 populos
2112 1250 2165 1302 in

600 1359 763 1396 unum
792 1358 990 1397 novum
1031 1342 1305 1397 hominem
1327 1382 1342 1407 ,
1385 1342 1595 1396 faciens
1627 1355 1850 1411 pacem,
1884 1348 1938 1393 et
1979 1354 2170 1393 recou-

598 1433 794 1488 cilians
824 1433 1013 1487 ambos
1043 1431 1097 1485 in
1134 1447 1243 1487 uno
1277 1447 1506 1500 corpore
1533 1446 1661 1487 cum
1693 1431 1877 1486 Patre.
1911 1430 2170 1486 Hortatur

597 1525 760 1580 etiam
817 1537 915 1579 nos
965 1522 1401 1592 sapientissimus
1445 1522 1676 1587 Paulus,
1747 1522 1826 1576 sic
1873 1523 2165 1579 scribens:

563 1610 573 1618 ’
606 1632 627 1666 ι
674 1613 851 1668 Nolite
881 1614 1208 1669 conformari
1255 1600 1456 1668 seculo
1486 1611 1635 1676 huic,
1673 1614 1767 1666 sed
1812 1613 2168 1667 transformao

602 1705 734 1759 mini
775 1708 1128 1759 renovatione
1169 1706 1368 1758 mentis
1408 1712 1621 1768 vestrm,
1662 1712 1721 1756 ut
1765 1704 2005 1772 probetis
2047 1718 2165 1767 vos,

601 1809 721 1864 quae
752 1795 823 1849 sit
864 1794 1114 1849 voluntas
1150 1793 1245 1848 Dei
1275 1795 1413 1849 bona
1438 1801 1493 1850 et
1523 1802 1740 1864 accepta
1760 1795 1825 1848 ".
1862 1812 1880 1846 ι
1907 1793 2166 1849 lubemur

600 1888 760 1941 etiam
791 1899 991 1940 exuere
1022 1895 1260 1940 veterem
1290 1885 1587 1950 hominem,
1615 1895 1669 1940 et
1695 1886 1919 1940 induere
1941 1901 2167 1953 novum,

604 1986 920 2028 renovatum
960 1974 1028 2029 ad
1076 1975 1365 2043 imaginem
1406 1974 1524 2043 ejus
1564 1975 1654 2043 qui
1703 1990 1823 2029 eum
1871 1974 2170 2029 creavit”.

603 2060 744 2116 Creo
778 2062 963 2131 igitur,
1012 2062 1209 2129 inquit,
1252 2071 1324 2129 te,
1356 2068 1480 2118 'non
1509 2074 1568 2119 ut
1605 2064 1768 2119 homo
1809 2064 2056 2129 aerarius,
2103 2080 2171 2118 ex

604 2153 827 2206 materia
869 2168 996 2208 vasa
1025 2153 1321 2209 conficiens
1350 2154 1510 2224 771
1542 2154 1914 2209 instrumentis
1939 2164 1993 2210 et
2019 2155 2127 2225 igni
2158 2175 2171 2211 :

603 2245 696 2298 sed
730 2243 984 2298 ineffabili
1016 2246 1247 2315 quadam
1285 2257 1340 2301 et
1367 2246 1688 2316 intelligibili
1722 2248 2176 2301 transmutatione

605 2344 655 2386 et
711 2333 1130 2401 reformatione,
1176 2346 1232 2391 et
1271 2337 1418 2391 velut
1459 2338 1808 2393 renovatione
1856 2339 2172 2408 spirituali:

606 2438 768 2493 quam
795 2426 961 2479 etiam
998 2426 1113 2495 ipse
1152 2427 1411 2483 Servator
1450 2429 1741 2499 aliquando
1779 2431 2050 2500 expressit
2084 2431 2178 2488 Ni-

606 2517 852 2584 codemo,
904 2519 1091 2573 dicens
1123 2533 1141 2574 :
1172 2538 1193 2572 ι
1222 2520 1426 2585 Amen,
1471 2537 1629 2577 amen
1677 2523 1799 2579 dico
1843 2525 2028 2588 vobis,
2072 2525 2176 2581 nisi

609 2608 732 2675 quis
765 2618 925 2662 natus
952 2610 1022 2663 sit
1048 2626 1113 2664 ex
1145 2626 1283 2680 aqua
1315 2623 1370 2667 et
1397 2612 1627 2684 Spiritu,
1658 2630 1764 2669 non
1790 2624 1965 2686 potest
1993 2618 2178 2673 videre

609 2714 832 2768 regnum
870 2701 1047 2757 Dei”.
1084 2721 1103 2756 ι
1140 2703 1260 2758 Nati
1306 2719 1496 2761 smnus
1533 2708 1679 2761 enim
1728 2724 1832 2764 non
1869 2725 1935 2764 ex
1974 2711 2178 2766 semine

610 2801 885 2860 corrupto,
919 2794 1011 2846 sed
1034 2808 1133 2862 per
1150 2792 1380 2849 Verbum
1415 2795 1509 2850 Dei
1539 2797 1773 2852 viventis
1798 2810 1855 2853 et
1886 2801 2173 2855 manentis.

612 2879 705 2934 Sic
738 2890 885 2936 creat
912 2880 1186 2950 Christus,
1216 2886 1520 2943 reformans
1566 2901 1664 2956 per
1690 2889 2177 2945 sanctificationem

611 2985 707 3027 eos
739 2974 832 3043 qui
866 2974 921 3029 in
958 2976 1130 3045 ipsum
1156 2977 1407 3043 credunt,
1442 2989 1498 3032 et
1529 2979 1596 3033 ad
1624 2979 1857 3034 salutem
1890 2982 2175 3037 reducens.

2267 526 2519 592 Κύριον.
2563 522 2662 576 καί
2717 519 2884 590 ὑμεῖς
2931 513 3161 572 ἔσεσθέ·
3213 530 3319 582 μοι·
3371 511 3631 577 δίκαιοι,
3672 509 3867 578 λέγει

2263 617 2499 683 Κύριος.

2335 706 2408 759 Τὸ
2439 701 2720 768 κτίζεσθαί
2759 716 2939 771 φαμεν
2972 699 3030 751 ἐν
3066 696 3277 759 τούτοις
3328 691 3695 763 καταδηλοῦν,
3720 692 3858 761 οὐχὶ

2262 799 2431 868 δήπου
2471 797 2688 857 πάντως
2735 793 2833 865 τὴν
2874 795 2940 846 ὲκ
2981 789 3074 844 τοῦ
3141 791 3215 860 μὴ
3261 787 3414 849 ὄντος
3462 787 3545 849 είς
3583 784 3646 838 τὸ
3702 779 3857 838 εῖναι

2267 888 2520 959 πάροδον.
2582 885 2897 953 Διαλέγεται
2938 880 3045 951 γὰρ
3086 883 3163 941 ὡς
3208 879 3345 949 πρὸς
3398 876 3556 938 ὄντας
3602 875 3705 946 ἤδη
3752 876 3858 928 καὶ

2267 977 2659 1048 ύφεστηκότας,
2698 972 3090 1042 ἀνακαινισμὸν
3131 971 3187 1024 δὲ
3223 968 3422 1039 μᾶλλον
3456 965 3718 1033 ὑποδηλοῖ
3748 964 3856 1017 τὸν

2265 1070 2354 1123 διὰ
2382 1069 2475 1123 τοῦ
2512 1068 2667 1136 ἀγίου
2708 1065 3025 1135 Πνεύματος
3073 1057 3550 1141 ἀναστοιχειοῦντά
3577 1073 3734 1120 τινας
3768 1058 3858 1119 είς

2268 1162 2429 1231 ἁγίαν
2476 1160 2571 1214 καὶ
2615 1158 2913 1228 ἀμώμητον
2955 1155 3232 1208 πολιτείαν
3318 1142 3413 1204 καὶ
3459 1149 3629 1220 ζωήν.
3681 1147 3854 1202 Οῦτω

2267 1254 2375 1324 γάρ
2403 1253 2587 1306 κτίσαι
2627 1250 2846 1317 λέγεται
2889 1247 3123 1318 Χριστὸς
3172 1244 3305 1307 τοὺς.
3325 1243 3419 1296 δύο
3441 1242 3606 1302 λαοὺς
3637 1240 3723 1302 είς
3751 1238 3857 1292 ἕνα

2267 1343 2453 1397 καινὸν
2475 1341 2778 1412 ἄνθρωπον,
2814 1336 3263 1406 ποιῶνείρὴνην,
3296 1334 3392 1387 καὶ
3424 1330 3856 1386 ἀποκαταλλάσο

2270 1449 2381 1487 σων
2422 1433 2547 1494 τοὺς
2580 1429 2923 1500 ἀμφοτέρους
2966 1429 3025 1480 ἐν
3054 1426 3135 1477 ἐν).
3163 1422 3378 1493 σώματι
3420 1422 3557 1493 πρὶς
3588 1420 3681 1474 τδν
3726 1421 3848 1475 Πα-

2265 1525 2421 1594 τέρα.
2447 1522 2746 1593 Παρεγγυᾷ
2767 1520 2825 1574 δὲ
2855 1520 2989 1589 ἡμῖν
3015 1517 3109 1570 καὶ
3125 1503 3165 1569 ό
3182 1514 3460 1582 πάνσοφος
3485 1512 3698 1574 Παῦλος
3750 1512 3853 1565 ὡδὶ

2267 1614 2590 1688 γεγραφώς·
2629 1632 2648 1665 ι
2688 1614 2779 1680 Μὴ
2816 1608 3287 1681 συσχηματίζεσθε
3317 1606 3395 1677 τῷ
3442 1605 3600 1658 αίῶνι
3648 1604 3855 1673 τούτῳ,

2269 1707 2405 1761 ἀλλά
2437 1699 2885 1776 μεταμορφοῦσθε
2912 1703 2979 1770 τῇ
3018 1695 3383 1753 ἀνακαινώσει
3407 1693 3500 1747 τοῦ
3531 1694 3652 1756 νοὸς
3696 1693 3857 1762 ὑμῶν

2272 1800 2352 1862 είς
2382 1798 2442 1850 τὸ
2486 1793 2800 1864 δοκιμάζειν
2834 1792 3011 1861 ὑμᾶς,
3048 1790 3101 1843 τί
3133 1789 3196 1841 τὸ
3222 1787 3436 1858 θέλημα
3478 1784 3573 1837 τοῦ
3624 1783 3771 1836 εδεοῦ
3794 1785 3862 1837 τδ

2269 1887 2469 1956 ἀγαθὸν
2521 1886 2615 1939 καὶ
2669 1885 2980 1955 εὐάρεστον.
3024 1899 3043 1932 ι
3108 1877 3570 1949 Προστετάγμεθα
3632 1877 3693 1928 δὲ
3756 1876 3858 1930 καὶ

2271 1976 2645 2033 ἀπολύσασθαι
2680 1974 2778 2045 μὲν
2801 1974 2890 2027 τὸν
2919 1972 3148 2026 παλαιὸν
3179 1971 3485 2042 ἄνθρωπον,
3518 1969 3860 2022 ἐνδύσασθαι

2271 2068 2330 2122 δὲ
2374 2066 2465 2121 τὸν
2509 2066 2650 2133 νέον,
2706 2064 2798 2117 τὸν
2839 2062 3295 2133 ἀνακαινούμενον
3344 2061 3467 2114 κατ’
3521 2059 3715 2113 είκὸνα
3762 2058 3862 2113 τοῦ

2272 2157 2556 2219 κτίσαντος
2586 2155 2768 2208 αὐτόν.
2804 2153 2999 2217 Κτίζω
3027 2170 3087 2205 σε
3116 2153 3299 2205 τοίνυν
3343 2148 3477 2219 ἐγὼ,
3521 2151 3715 2217 φησὶν.
3759 2149 3863 2219 οὐχ

2273 2251 2351 2314 ὡς
2384 2248 2672 2320 ἄνθρωπος
2712 2245 3054 2317 χαλκουργὸς
3102 2243 3171 2297 τά
3200 2240 3262 2306 ἑξ
3308 2241 3442 2311 ὕλης
3466 2240 3638 2312 σκεύη
3680 2238 3865 2295 ποιῶν

2272 2340 2340 2395 δι’
2376 2337 2620 2410 ὀργάνων
2669 2336 2764 2389 καὶ
2802 2335 2994 2405 πυρὸς,
3039 2332 3175 2387 ἀλλὰ
3226 2330 3427 2403 μᾶλλον
3465 2331 3694 2402 ἀρρήτῳ
3750 2330 3869 2385 τινὶ

2274 2432 2369 2487 καί⁸
2400 2431 2572 2500 νοητῇ-
2589 2425 3085 2500 μεταστοιχειώσει,
3103 2424 3205 2479 καὶτ
3226 2421 3595 2493 ἀναπΜσμῷ,
3616 2422 3717 2475 καὶ
3746 2414 3865 2474 οἷον

2275 2525 2626 2595 ἀναγεννήσει
2670 2523 3034 2591 πνευματικῇ,
3062 2523 3128 2592 ἢν
3166 2519 3231 2591 δὴ
3260 2518 3357 2573 καὶ
3386 2517 3551 2581 αὐτὸς
3583 2518 3615 2568 ό
3650 2516 3848 2587 Σωτὴο

2275 2615 2570 2685 Νικοδήμῳ
2597 2612 2727 2667 ποτὲ
2758 2610 3232 2681 διεσάφει,λὲγων·
3265 2628 3284 2661 ι
3308 2608 3504 2679 Ἀμὴν,
3535 2608 3686 2678 ἀμὴν
3707 2606 3877 2675 λέγω

2276 2706 2424 2777 ὑμῖν,
2467 2704 2562 2757 ἐὰν
2597 2705 2670 2774 μή
2695 2720 2778 2766 τις
2802 2701 3042 2774 γεννηθῇ
3080 2700 3141 2766 ἐξ
3168 2702 3361 2762 ὕδατος
3393 2700 3488 2754 καὶ
3518 2699 3869 2769 Πνεῦματος,

2275 2799 2335 2851 οὐ
2374 2797 2594 2851 δύναται
2629 2796 2755 2849 ίδεϊν
2784 2795 2884 2864 τὴν
2914 2794 3191 2865 βασιλείαν
3219 2792 3314 2846 τοῦ
3344 2791 3504 2846 Θεοῦ.
3534 2811 3552 2843 ι
3591 2791 3863 2860 Γεγεννή-

2280 2889 2418 2960 μεθα
2444 2888 2553 2958 γὰρ
2581 2886 2681 2940 οὐκ
2721 2886 2791 2939 ὲκ
2819 2887 3024 2955 σπορᾶς
3070 2884 3366 2955 φθαρτῆς,,
3388 2883 3535 2938 ἀλλὰ
3562 2883 3654 2936 διὰ
3684 2883 3863 2950 Λόγου

2281 2978 2483 3044 ζῶντος
2523 2977 2659 3032 Θεοῦ
2725 2977 2820 3030 καὶ
2854 2976 3135 3047 μένοντος.
3165 2973 3323 3028 Οὒτω
3374 2973 3552 3038 κτίζει
3599 2973 3860 3043 Χριστὸς,

608 3057 775 3118 Creat
817 3066 960 3118 enim
1000 3081 1099 3121 nos
1130 3083 1235 3123 non
1284 3068 1350 3120 ad
1393 3068 1694 3137 interitum,
1747 3069 1800 3124 id
1836 3080 1939 3137 est,
1972 3086 2079 3126 non
2110 3071 2176 3127 ad

2279 3072 2609 3145 ἀναμορφῶν
2636 3068 3003 3140 δι”ἀγιασμοῦ
3036 3068 3173 3140 πρὸς
3195 3065 3389 3121 ἑαυτὸν
3411 3066 3540 3127 τοὺς
3571 3062 3864 3118 πιστεύον-

610 3152 1010 3220 corruptionem
1063 3165 1116 3210 et
1169 3166 1433 3224 mortem,
1485 3160 1579 3215 sed
1644 3161 1711 3214 ad
1761 3160 2063 3232 longaevam
2125 3170 2180 3216 et

611 3254 872 3299 aeternam
901 3247 1092 3303 vitam.
1135 3249 1290 3315 Quod
1324 3261 1511 3305 autem
1547 3252 1629 3306 his
1659 3252 1758 3322 qui
1781 3254 1948 3309 semel
1981 3254 2046 3308 ad
2078 3254 2179 3309 hoc

610 3335 913 3404 splendoris
969 3340 1187 3394 adducti
1231 3351 1390 3409 sunt,
1445 3351 1501 3397 et
1570 3343 1711 3398 hanc
1777 3344 2179 3401 innovationem

611 3440 709 3494 per
752 3427 1029 3483 Christum
1077 3431 1264 3486 sortiti
1313 3441 1461 3498 sunt,
1511 3433 1729 3489 dabitur
1777 3436 1943 3490 etiam
1998 3437 2068 3490 ab
2116 3450 2182 3491 eo

612 3518 914 3586 spiritualis
960 3520 1296 3577 fortitudinis
1338 3523 1540 3578 invicta
1584 3526 1800 3595 gratia,
1847 3533 1903 3581 et
1946 3526 2192 3596 cognitio

614 3609 700 3661 cui
732 3609 916 3664 hostes
947 3612 1194 3667 veritatis
1220 3628 1329 3668 non
1354 3623 1583 3684 possunt
1618 3618 1890 3683 resistere,
1922 3619 2179 3687 ostendit,

615 3714 737 3752 rum
766 3701 843 3754 ait
872 3717 888 3756 :
914 3699 1086 3757 Omne
1114 3718 1205 3757 vas
1238 3715 1577 3774 corruptum,
1609 3709 1751 3776 quod
1780 3719 1970 3764 contra
1999 3720 2050 3764 te
2073 3726 2180 3767 non

614 3793 964 3860 promovebo,
1030 3801 1086 3849 et
1128 3796 1305 3850 omnis
1359 3810 1465 3851 vox
1532 3807 1717 3867 surget
1763 3810 1961 3854 contra
2013 3811 2066 3856 te
2127 3801 2181 3856 iu

607 3881 875 3949 judicium
910 3899 926 3937 :
957 3898 1147 3940 omnes
1182 3898 1277 3940 eos
1315 3884 1522 3942 vinces.
1557 3885 1696 3943 Vasa
1733 3888 1879 3943 enim
1914 3891 2184 3960 corrupti-

612 3972 743 4027 bilia
769 3974 952 4030 dicere
996 3976 1117 4046 quis
1152 3977 1379 4047 poterit,
1423 3978 1707 4036 diabolica;
1755 3983 2010 4053 nequitiac
2055 3998 2186 4051 ope-

615 4065 811 4134 rarios,
836 4067 926 4135 qui
953 4067 1119 4121 etiam
1146 4069 1514 4138 corruptionis
1547 4078 1674 4126 sunt
1697 4081 1750 4127 et
1786 4072 2040 4129 interitus
2063 4076 2180 4129 (iiii.

615 4154 679 4210 lli
713 4167 1032 4225 grassantur
1064 4161 1116 4214 in
1146 4174 1385 4229 sanctos,
1421 4166 1695 4220 interdum
1724 4177 1779 4223 et
1809 4169 1985 4239 jaculn
2028 4172 2185 4225 emit-

617 4258 738 4302 tttnt
788 4249 1172 4319 multifariam,
1222 4256 1444 4309 smvitiae
1497 4270 1610 4311 suae
1662 4259 1767 4312 tela
1830 4260 2182 4325 ejaculantes,

615 4342 1021 4406 persecutiones
1072 4352 1127 4398 et
1174 4343 1488 4407 amictiones
1526 4357 1580 4402 et
1619 4350 1767 4403 varia
1824 4353 2182 4406 tentationuan

2279 3181 2398 3229 τας,
2423 3163 2519 3217 καὶ
2547 3159 2893 3230 ἀνακομίζων
2923 3159 3003 3223 εἰς
3032 3156 3328 3227 σωτηρίαν.
3363 3154 3553 3220 Κτίζει
3580 3156 3690 3224 γὰρ
3713 3152 3867 3221 ἡμᾶς

2278 3252 2386 3306 ούκ-
2409 3252 2489 3315 είς
2516 3249 2810 3315 ἀπώλειαν,
2843 3247 3123 3301 τουτέστιν
3160 3246 3261 3298 οὐκ
3296 3245 3376 3307 είς
3410 3242 3621 3313 φθορὰν
3651 3242 3745 3294 ἔτι
3767 3243 3863 3295 καὶ

2280 3346 2530 3399 θάνατον.
2566 3342 2681 3395 ἀλλ’
2717 3343 2799 3404 εἰς
2839 3338 3164 3410 μακραίωνα
3206 3336 3321 3408 βίον
3363 3336 3460 3389 καὶ
3498 3333 3866 3403 ἀτελεύτητον

2281 3435 2446 3506 ζωήν.
2498 3435 2620 3487 Ὅτι
2664 3433 2725 3487 δὲ
2777 3433 2889 3495 τοῖς
2940 3428 3090 3494 ἅπαξ
3147 3429 3228 3491 είς
3247 3425 3437 3480 ,τοῦτο
3475 3424 3869 3495 λαμπρότητος
3926 3460 3929 3463 ς

2280 3523 2699 3595 ἀνηνεγμένοις,
2759 3522 2857 3576 καῖ
2922 3519 3279 3590 καινουργίαν
3330 3513 3545 3585 λαχοῦσι
3604 3513 3709 3583 τὴν
3775 3512 3875 3566 διὰ

2281 3615 2542 3688 Χριστοῦ,
2600 3613 2891 3685 δοθήσεται
2937 3613 3071 3684 παρ’
3114 3609 3280 3664 αὐτοῦ
3324 3607 3414 3660 καὶ
3466 3605 3873 3674 πνευματικῆς

2283 3704 2568 3776 εὐανδρίας
2604 3700 3074 3771 ἀνανταγώνιστος
3122 3700 3321 3771 χάρις,
3357 3696 3449 3751 καὶ
3492 3694 3713 3757 σύνεσις
3763 3694 3873 3748 οὐκ

2282 3798 2572 3868 εύάντητος
2611 3797 2724 3856 τοῖς
2757 3793 2858 3863 τῆς
2876 3791 3138 3862 ἀληθείας
3153 3785 3398 3861 ἐχθροῖς,
3417 3783 3754 3839 διαδείκνυσι
3774 3782 3870 3835 λέ-

2281 3904 2392 3957 γων
2408 3903 2419 3916 ·
2450 3887 2567 3939 Πᾶν
2591 3881 2784 3946 σκεῦος
2810 3880 3068 3952 φθαρτὸν,
3093 3876 3247 3952 [καὶ]
3263 3878 3357 3931 ὲπὶ
3374 3876 3551 3930 σὲούκ
3574 3870 3856 3936 εὐοδῶσω,

2284 3977 2378 4031 καὶ
2400 3977 2545 4029 πᾶσα
2579 3973 2749 4045 φωνὴ,
2785 3969 2873 4044 [ἢ]
2904 3971 3273 4042 ἀναστήσεται·
3300 3967 3395 4022 ἐπὶ
3424 3966 3484 4020 σὲ
3522 3966 3603 4029 είς
3648 3964 3861 4035 κρίσιν,

2285 4070 2494 4131 πάντας
2518 4066 2714 4129 αὐτοὺς
2740 4064 3017 4135 ἡττήσεις.
3045 4061 3222 4133 Σκεύη
3258 4061 3357 4131 μὲν
3389 4057 3609 4130 φθαρτά
3636 4057 3775 4126 φαίη
3802 4056 3875 4109 ἂν

2284 4155 2423 4213 εἶναί
2459 4175 2543 4222 τις
2572 4158 2681 4229 τῆς
2710 4155 2803 4210 τοῦ
2842 4154 3092 4208 διαϐόλου
3122 4151 3458 4222 δυστροπίας
3494 4149 3626 4212 τοὺς
3658 4148 3868 4218 ὑπουρ-

2285 4251 2434 4318 γοὺς,
2474 4248 2525 4302 οἳ
2561 4250 2655 4302 καὶ
2686 4246 2892 4319 φθορᾶς
2917 4246 3027 4299 είσι
3059 4245 3153 4299 καὶ
3185 4243 3462 4306 ἀπωλείας
3484 4241 3675 4296 τέκνα.
3710 4234 3875 4294 Οὗτοι

2286 4341 2713 4409 κατεπιφύονται
2760 4339 2870 4392 τῶν
2917 4339 3111 4407 ἀγίων,
3159 4336 3270 4390 ἐσθ’
3319 4335 3409 4387 ὅτε
3445 4334 3542 4386 καὶ
3589 4330 3870 4396 τοξεύουσι

617 4431 833 4486 inventa
887 4435 1225 4492 inducentes.
1285 4438 1391 4493 Sed
1457 4453 1564 4493 non
1632 4444 2091 4511 prosperabuntur
2154 4462 2177 4499 a

2291 4431 2644 4503 πολυτρόπως
2684 4429 2754 4484 τά
2785 4430 2888 4500 τῆς
2930 4428 3142 4482 ἑαυτῶν
3190 4427 3512 4497 σκαιότητος
3544 4423 3871 4493 ὲπαφιέντες

616 4522 855 4588 Christo,
891 4533 948 4578 ut
978 4527 1186 4595 possint
1212 4529 1763 4585 animas-sanctorum
1795 4547 2182 4602 corrumpere:

616 4615 902 4683 impiarum
938 4617 1130 4673 deinde
1161 4619 1434 4675 haereseon
1478 4621 1805 4689 inventores,
1842 4624 2181 4695 blasphemas

614 4720 779 4761 voces
823 4714 1012 4762 contra
1052 4708 1376 4765 ineffabilem
1429 4710 1770 4781 majestatem
1816 4715 2183 4782 projicientes,

617 4807 823 4852 tantum
873 4815 979 4853 non
1024 4809 1223 4854 vocant
1258 4801 1311 4855 in
1353 4802 1443 4872 jus
1491 4813 1729 4869 sanctos,
1761 4806 1850 4873 qui
1902 4807 2184 4862 veritatem

547 4943 565 4969 ε.
615 4902 973 4961 propugnant.
1006 4901 1059 4944 et
1104 4894 1372 4946 sinceram
1420 4894 1914 4950 ecclesiasticos-um
1957 4898 2184 4967 dogma-

578 5003 583 5009 ο
616 4993 726 5038 tum
759 4986 1136 5039 rectitudinetn
1166 4984 1479 5052 juveniliter
1513 4997 1568 5041 et
1600 4989 1845 5043 animose
1877 4989 2187 5047 defensant.

616 5072 1003 5130 Verumtamen
1042 5075 1353 5142 viucuntur,
1388 5077 1606 5131 Christo
1642 5082 1805 5133 etiam
1837 5081 1938 5135 hoc
1975 5083 2201 5138 sanctis.

616 5166 897 5238 largiente.
930 5168 1028 5220 .Ah
1068 5183 1132 5221 eo
1171 5167 1316 5221 enim
1372 5169 1737 5239 proficiscitur
1775 5171 1917 5240 quod
1960 5182 2185 5240 possunt

613 5267 828 5306 Omnem
867 5254 1099 5308 hostium
1135 5256 1414 5324 impetmn,
1456 5271 1783 5327 omnemque
1826 5260 2004 5329 impize
2037 5261 2184 5316 vocis

615 5346 1030 5400 I‘t‘.ltlt1;tll0[lf£lll
1084 5336 1345 5417 superare
1397 5364 1460 5403 ac
1510 5350 1827 5415 confutare,
1870 5361 1929 5404 ut
1982 5349 2186 5406 l’saltes

617 5437 691 5491 ait
726 5457 781 5494 ει
820 5437 873 5492 In
900 5438 1007 5494 Deo
1037 5439 1294 5493 faciemus
1332 5441 1604 5501 virtutem.
1636 5452 1691 5496 et
1721 5442 1835 5511 ipSe
1875 5442 1927 5495 in
1959 5443 2183 5496 nihilum

556 5566 559 5569 ι
617 5532 822 5602 rediget
848 5548 942 5588 eos
964 5532 1054 5602 qui
1078 5532 1319 5604 allligunt
1343 5547 1445 5588 uos
1468 5532 1535 5587 ³⁰.
1564 5551 1581 5584 ι
1614 5533 1813 5587 Verum
1843 5533 2058 5589 obnoxii
2092 5533 2186 5588 tibi

694 5709 738 5743 ³⁷
780 5709 933 5765 Rom.
971 5727 1065 5779 xu,
1089 5713 1142 5766 2.
1222 5715 1267 5746 "
1295 5715 1408 5772 Col.
1439 5734 1520 5787 ιιι,
1551 5717 1602 5770 9.
1682 5716 1725 5747 ι’
1757 5712 1911 5767 Ιοέιιι.
1941 5725 2025 5776 ιιι,
2062 5710 2112 5765 5.

2286 4525 2435 4596 βέλη,
2478 4522 2749 4593 διωγμοὺς
2800 4521 2897 4575 καὶ
2939 4519 3149 4589 θλίψεις
3199 4518 3522 4586 ἐπάγοντες,
3562 4517 3662 4570 καὶ
3699 4512 3862 4567 πολύ-

2285 4628 2463 4687 τροποι
2504 4610 2828 4682 πειρασμῶν
2855 4609 3157 4681 εύρέματα.
3197 4607 3342 4661 Ἀλλ’
3368 4607 3479 4660 ούκι
3504 4602 3870 4673 εύοδωθήσον-

2288 4727 2377 4764 ται
2410 4708 2561 4779 παρὰ
2584 4704 2846 4778 Χριστοῦ,
2871 4703 3012 4757 ὥστε
3045 4702 3140 4756 καὶ
3170 4700 3388 4771 ἰσχύσαι
3423 4697 3526 4761 τὰς
3560 4695 3674 4748 τῶν
3704 4693 3870 4762 ἁγίων

2292 4801 2657 4872 καταφθεῖραι
2693 4798 2873 4870 ψυχάς
2892 4814 2906 4829 ο
2939 4798 2989 4850 οἱ
3016 4794 3072 4848 δέ
3095 4811 3159 4865 γε
3188 4793 3298 4847 τῶν
3335 4791 3569 4845 ἀνοσίων
3601 4789 3869 4859 αἱρέσεων

2292 4893 2514 4965 εὑρεταὶ
2556 4890 2954 4962 παλιμφήμους
2982 4885 3165 4957 φωνάς
3199 4883 3343 4938 κατά
3379 4882 3478 4953 τῆς
3515 4881 3764 4954 ἀρρήτου
3791 4877 3871 4930 δό-

2293 4985 2388 5057 ξης
2425 4985 2596 5047 ἱέντες
2631 4968 2914 5054 μονονουχὶ
2958 4978 3267 5044 δικάζονται
3299 4976 3412 5037 τοῖς
3445 4973 3645 5042 ἀγίοις,
3680 4971 3736 5024 οἳ
3776 4970 3870 5038 τῆς

2292 5076 2551 5148 ἀληθείας
2586 5075 2998 5147 προμάχονται,
3043 5071 3139 5126 καὶ⁴
3184 5068 3559 5140 προεστήκασι
3607 5060 3872 5124 νεανικῶς

2293 5169 2390 5238 τῆς
2442 5164 2777 5239 ἀκραιφνοῦς
2817 5163 3111 5236 ὀρθότητος
3141 5160 3249 5214 τῶν
3274 5154 3755 5227 ὲκκλησιαστικῶν
3789 5152 3875 5205 δο-

2293 5257 2538 5328 γμάτων.
2559 5255 2703 5327 Πλὴν
2718 5253 3009 5325 ἡττῶνται,
3031 5250 3269 5323 Χριστοῦ
3286 5248 3543 5317 νέμοντος
3558 5248 3673 5308 τοῖς
3695 5241 3873 5310 ἁγίοις

2295 5350 2388 5403 καὶ
2421 5348 2597 5402 τοῦτο.
2644 5347 2784 5417 Παρ’
2817 5345 2981 5400 αὑτοῦ
3016 5343 3125 5414 γὰρ
3165 5343 3225 5395 τὸ
3270 5338 3529 5393 δύνασθαι
3560 5337 3743 5405 νικᾷν,
3778 5333 3876 5386 καὶ

2293 5442 2475 5495 πᾶσαν
2523 5438 2732 5509 ἐχθρῶν
2783 5436 3169 5497 ἐπανάστασιν,
3213 5432 3309 5485 καὶ
3339 5432 3519 5484 πᾶσαν
3558 5427 3875 5481 ἀντίστασιν

2291 5531 2505 5586 ἀνοσίου
2545 5530 2762 5600 φωνῆς’
2809 5530 2885 5593 ὡς
2932 5528 3040 5597 γὰρ
3063 5527 3090 5578 ὁ
3126 5524 3361 5579 Ψὰλλων
3395 5520 3559 5590 φησίν
3581 5537 3595 5551 ο
3629 5537 3648 5569 ι
3674 5517 3764 5570 Ἑν
3794 5513 3876 5585 τῷ

2191 5708 2232 5739 ⁸ο
2264 5708 2403 5764 ινδειι.
2443 5724 2551 5773 ιιι,
2598 5708 2682 5761 ιδ.
