4092 6296
241 377 381 432 I‘ZI'I

1367 370 1430 424 IN
1475 369 1704 424 lSAIAM
1747 369 1872 426 LIB.
1918 373 1981 428 Υ.
2023 370 2262 429 TOMUS
2301 369 2364 424 ll.

3361 374 3497 430 1218

235 477 358 553 Θεῷ
393 483 691 555 ποιήσομεν
717 480 967 550 δύναμιν,
1006 479 1097 532 καί
1131 478 1289 541 αὐτὸς
1326 477 1665 545 ὲξουδενὼσει
1696 480 1820 543 τοὺς

1930 490 2088 534 erunt
2144 479 2198 532 in
2249 493 2333 532 ea.
2391 476 2562 546 liuius
2611 492 2797 534 versus
2843 477 2971 535 nulli
3021 480 3112 536 alii
3172 491 3500 553 .nterpretes

239 575 522 637 θλίϐοντας
549 575 715 644 ἡμᾶς.
739 590 758 623 ι
790 571 935 641 Πλὴν
967 572 1016 622 οι
1045 568 1217 638 ἔνοχοί
1250 585 1363 632 σου,
1388 571 1572 638 φησὶν,
1609 570 1822 622 ἔσονται

247 669 298 719 ὲν
328 665 490 734 αὐτῇ.
533 664 640 717 Καὶ
669 661 777 714 τῶν
819 665 916 731 μὲν
956 660 1157 730 ἑτέρων
1205 659 1617 729 ἑρμηνευόντων
1654 659 1825 720 οὐδεὶς

241 758 334 810 τοῦ
373 753 732 826 προκειμένου
762 749 1185 820 διαμνημονεύει
1241 749 1455 818 στίχου,
1493 750 1632 818 πλὴν
1670 745 1824 818 οἶμαι

243 844 435 915 δηλοῦν
464 843 637 896 ὲκείνό
666 859 766 894 που
794 841 964 910 τάχα*
1000 840 1298 910 Κρείττους
1342 839 1440 908 μὲν
1463 839 1570 911 γὰρ
1592 839 1823 910 ἐχθρῶν,

243 935 338 987 καὶ
369 934 585 1003 ἁπάσης
619 931 804 1001 φωνῆς
849 932 900 982 οἱ
933 929 1288 1001 καινουργιαν
1327 929 1583 998 λαχόντες
1610 930 1706 999 τὴν
1737 929 1826 982 διὰ

241 1024 482 1094 Χριστοῦ
511 1024 851 1092 γενήσονται,
879 1013 1026 1073 οὗτοι
1060 1019 1113 1071 δέ
1141 1021 1284 1072 εἰσιν
1325 1021 1374 1072 ci
1406 1019 1829 1090 ἁναμορφούμε-

243 1129 326 1166 νοι
369 1113 507 1183 πρὸς
541 1110 810 1180 ἁγιασμὺν
835 1111 892 1161 ἐν
922 1109 1224 1178 Πνεύματι,
1257 1109 1350 1162 καὶ
1375 1110 1500 1170 τοὺς
1524 1108 1622 1178 τῆς
1652 1097 1828 1178 ίμαρ⁴

239 1203 363 1267 τίας
392 1202 761 1272 διαπηδῶντες
794 1200 1039 1270 βόθρους.
1075 1198 1213 1250 Ἀλλ’
1238 1200 1287 1250 οἱ
1318 1199 1488 1268 ἔνοχοί
1522 1216 1638 1262 σου,
1665 1199 1825 1269 φησὶ,

241 1293 544 1357 τουτέστιν,
575 1293 734 1361 οἵπερ
766 1291 831 1343 ἂν
869 1286 977 1342 εἷεν
1009 1289 1182 1359 ἔνοχοι
1213 1293 1332 1353 ταῖς
1377 1291 1710 1360 ἁμαρτίαις,,
1734 1289 1829 1342 καὶ

245 1386 386 1456 μετᾶ
449 1384 549 1454 τὴν
609 1382 802 1450 κλῆσιν
862 1381 957 1433 καὶ
999 1381 1099 1452 τὴν
1148 1383 1205 1433 ὲν
1256 1381 1476 1452 Χριστῷ
1526 1380 1827 1444 δικαίωσιν,

244 1476 466 1528 ἔσονται
514 1475 570 1525 ὲν
609 1474 767 1541 αὐτῇ.
815 1472 902 1525 Ἐν
946 1472 1080 1543 αὐτῇ
1120 1473 1197 1533 δὲ,
1243 1466 1476 1535 τίνι;⁷Η
1510 1471 1724 1533 πάντως
1755 1472 1821 1540 τῇ

246 1565 443 1636 φθορᾷ.
496 1564 594 1617 Διὰ
640 1565 798 1616 τοῦτο
837 1563 944 1633 γὰρ
983 1564 1284 1634 ἐπήνεγκεν
1327 1560 1507 1622 εὐθὺς,
1547 1561 1627 1613 ὅτι
1662 1559 1822 1614 Ἐστι

247 1655 585 1726 κληρονομία
623 1657 735 1716 τοῖς
783 1654 1145 1722 θεραπεύουσι
1195 1651 1417 1722 Κύριον.
1451 1651 1526 1703 Οὐ
1575 1651 1680 1718 γὰρ
1717 1654 1830 1714 τοῖς

247 1746 467 1800 εἰωθόσι
500 1744 827 1798 καταλυπείν
866 1743 952 1794 διὰ
996 1741 1088 1794 τοῦ
1132 1739 1432 1811 τετράφθαι
1487 1739 1581 1791 καὶ
1612 1737 1830 1808 βλέπειν

1927 566 2260 621 mentionem
2309 564 2548 629 faciunt,
2602 575 2656 619 at
2693 565 2820 622 illud
2857 577 2988 636 puto
3023 569 3327 638 signiﬁcare
3354 590 3368 627 :
3399 574 3500 628 Su-

1926 659 2168 726 periores
2196 669 2355 711 erunt
2397 657 2673 724 hostibus,
2708 668 2762 713 et
2793 660 2937 713 omni
2979 674 3111 715 voce
3142 663 3497 728 potentiores.

1927 748 1982 802 hi
2033 748 2124 817 qui
2183 748 2322 800 hanc
2379 748 2779 801 innovationem
2848 764 2946 816 per
2990 749 3267 805 Christum
3321 754 3498 806 sortitl

1927 851 2077 901 sunt,
2104 838 2196 907 qui
2221 837 2427 892 scilicet
2454 837 2728 892 reformati
2764 850 2894 894 sunt
2917 841 2982 893 ad
3014 844 3498 898 sanctiticationem

1928 931 1981 983 in
2008 930 2236 995 Spiritu,
2259 939 2314 982 et
2339 931 2544 997 peccati
2577 930 2760 984 foveas
2785 929 3045 1000 ell‘ugiunt
3075 947 3137 986 ac
3170 935 3500 989 transiliunt.

1930 1021 2091 1090 772
2118 1020 2222 1074 Sed
2266 1021 2486 1075 obnoxii
2531 1021 2626 1085 tui,
2665 1023 2860 1092 inquit,
2893 1024 2943 1077 id
2981 1035 3089 1086 est,
3126 1027 3361 1093 peccatis
3397 1027 3501 1080 im-

1930 1111 2124 1177 pliciti,
2161 1111 2323 1162 etiam
2361 1121 2483 1179 post
2512 1113 2852 1166 vocationem
2883 1121 2938 1167 et
2964 1115 3412 1183 justitirationem
3447 1117 3502 1172 in

1930 1201 2167 1263 Christo,
2199 1211 2358 1256 erunt
2389 1203 2439 1254 in
2478 1217 2562 1256 ea.
2600 1201 2656 1256 In
2685 1205 2824 1272 qua?
2857 1203 3016 1258 Certe
3050 1207 3100 1258 in
3134 1208 3499 1274 corruptione,

1931 1307 2053 1344 nam
2107 1293 2307 1346 idcirco
2340 1308 2463 1348 mox
2499 1295 2782 1347 subintulit
2813 1312 2827 1348 :
2861 1293 2955 1348 Εκι
2992 1296 3278 1350 luere-ditas
3313 1300 3501 1352 colen-

1933 1379 2074 1433 tibus
2111 1379 2416 1433 Dominum.
2452 1383 2567 1436 Non
2601 1384 2744 1435 enim
2775 1398 2893 1436 sors
2923 1400 2950 1437 a
2983 1387 3090 1439 Deo
3123 1389 3226 1440 illis
3289 1390 3504 1443 dabitur

1931 1469 2022 1536 qui
2061 1485 2182 1522 eum
2219 1468 2516 1538 offendunt,
2562 1482 2616 1525 et
2665 1473 2716 1526 in
2762 1473 3018 1529 ell'renem
3071 1492 3134 1530 ac
3180 1478 3500 1532 dissolutam

1932 1558 2097 1612 vitam
2145 1571 2408 1627 proruunt
2442 1578 2454 1614 :
2487 1562 2581 1614 sed
2630 1562 2713 1615 his
2751 1563 2840 1630 qui
2881 1565 3030 1616 illum
3069 1568 3369 1628 delectant,
3420 1571 3502 1623 vel

1933 1650 2140 1716 colunt,
2168 1652 2220 1703 id
2249 1660 2352 1714 est,
2383 1652 2429 1705 ei
2457 1653 2722 1707 serviunt.
2752 1655 2914 1708 Erilis
2941 1659 3100 1726 igitur
3124 1660 3277 1724 mihi,
3307 1663 3502 1728 inquit,

1929 1739 2084 1808 justi,
2124 1754 2231 1808 quo
2276 1737 2433 1806 hujus
2479 1741 2672 1803 sortis,
2723 1757 2843 1810 quae
2890 1746 3188 1798 cultoribus
3236 1749 3501 1814 promissa

249 1839 330 1901 εἰς
362 1837 425 1890 τὸ
465 1836 672 1906 ὲξήνιον
700 1839 727 1888 ὁ
758 1835 908 1904 παρὰ
949 1832 1084 1886 Θεοῦ
1117 1832 1402 1903 δοθήσεται
1434 1830 1655 1900 κλῆρος,
1692 1827 1823 1882 ἀλλὰ

1929 1840 2012 1882 est
2041 1840 2094 1883 et
2124 1845 2220 1882 suo
2257 1840 2499 1897 tempore
2530 1830 2766 1895 dabitur,
2799 1833 2918 1885 sitis
2943 1837 3252 1902 participes.

248 1932 361 1993 τοῖς
406 1930 821 2000 εὐφραίνουσιν,
871 1927 1036 1997 ἤγουν
1095 1924 1490 1995 θεραπεύουσι,
1541 1924 1788 1977 τουτέστι
1839 1921 2197 1976 δουλεύουσιν.
2236 1920 2462 1974 Ἔσεσθε
2526 1923 2706 1976 τοίνυν
2751 1924 2872 1994 ἐμοὶ
2915 1925 3130 1990 δίκαιοι,
3173 1928 3338 1995 φησὶν
3364 1967 3380 1991 ,
3415 1929 3501 1981 ἵνα

245 2019 342 2073 τοῦ
391 2019 596 2089 κλήρου
649 2015 944 2089 γενήσεσθε
1001 2015 1248 2085 μέτοχοι,
1305 2014 1403 2067 τοῦ
1461 2017 1569 2078 τοῖς
1627 2013 2020 2085 θεραπεύουσιν
2073 2011 2489 2082 ὲπηγγελμένου
2547 2028 2608 2065 τε
2672 2015 2766 2068 καὶ
2827 2015 2934 2086 μὴν
2979 2017 3073 2070 καὶ
3134 2017 3498 2089 δοθησομένου

245 2114 388 2166 κατὰ
418 2113 658 2183 καιρούς.

322 2207 385 2258 Oi
429 2201 740 2271 διψῶντες,
775 2205 1103 2271 πορεύεσθε
1155 2202 1246 2270 ἐρ’
1304 2201 1494 2268 ὕδωρ’
1545 2200 1643 2255 καί
1696 2199 1829 2254 ὅσοι

238 2295 326 2365 μὴ
366 2295 535 2363 ἔχετε
580 2296 886 2364 ἀργύριον,
914 2295 1284 2360 βαδίσαντες
1326 2292 1682 2359 ἀγοράσατε,
1731 2290 1827 2343 καὶ

244 2388 409 2440 πίετε
455 2388 529 2456 (1)
581 2387 728 2440 ἄνευ
789 2387 1072 2454 ἀργυρίου
1123 2384 1222 2438 καὶ
1279 2381 1456 2450 τιμῆς
1517 2378 1686 2434 οἶνον
1731 2381 1827 2434 καὶ

245 2479 452 2545 στέαρ.
475 2477 610 2532 Ἵνα
643 2479 702 2530 τί
730 2475 978 2546 τιμᾶσθε
1005 2476 1311 2544 ἀργυρίου,
1342 2472 1441 2526 καὶ
1473 2473 1579 2526 τὸν
1598 2471 1831 2541 μόχθον

247 2566 415 2637 ὑμῶν
444 2570 554 2622 οὐκ
591 2570 678 2632 εὶς
716 2569 1118 2635 πλησμονήν;
1149 2566 1486 2626 Ἀκούσατε,
1517 2563 1614 2616 καὶ
1651 2563 1831 2632 φάγε-

246 2662 358 2712 σθε
405 2657 616 2724 ἀγαθὰ,
653 2657 749 2710 καὶ
794 2655 1156 2724 ὲντρυφιξσει
1193 2656 1263 2707 ἐν
1296 2653 1534 2724 ἀγαθοῖς
1577 2655 1615 2721 ἠ
1653 2653 1824 2721 ψυχὴ

248 2746 434 2816 ὑμῶν.
469 2747 800 2814 Προσέχετε
840 2747 964 2814 τοῖς
1003 2747 1194 2812 ὼτίοις
1247 2745 1430 2815 ὑμῶν,
1474 2745 1572 2798 καὶ
1606 2747 1826 2798 ἐπακοη

247 2837 592 2902 ,ιουθήσατε
619 2838 746 2903 ταῖς
767 2837 926 2903 ὁδοῖς
956 2855 1089 2906 μου.
1129 2837 1537 2891 Ἐαακούσατέ
1551 2855 1690 2906 μου,
1723 2837 1822 2892 καὶ

249 2927 486 2996 ζήσεται
519 2931 588 2982 ἐν
625 2929 864 2999 ἀγαθοῖς
889 2929 926 2995 ή
967 2928 1137 2997 ψυχὴ
1172 2928 1356 2997 ὑμῶν.

318 3023 376 3075 ⁸0
401 3024 684 3086 θεσπέσιος
707 3023 890 3086 Δαϐὶδ,
916 3026 980 3092 τῇ
1011 3022 1098 3074 διὰ
1120 3021 1213 3074 τοῦ
1236 3020 1550 3090 Πνεύματος
1567 3021 1824 3094 δᾳδουχίᾳ
1852 3045 1893 3102 C

250 3113 765 3182 καταλαμπόμενος,
803 3112 900 3173 τὰς
935 3110 1070 3178 πρὸς
1106 3109 1238 3163 Θεὸν
1275 3109 1537 3178 μελῳδίας
1571 3112 1821 3175 ἐποιεῖτο,

245 3198 422 3264 λέγων
477 3200 602 3269 περὶ
648 3198 742 3251 τοῦ
791 3199 1007 3250 πάντων
1044 3197 1200 3266 ήμῶν
1249 3197 1501 3266 Σωτῆρος
1545 3198 1780 3268 Χριστοῦ
1805 3213 1820 3230 ο

251 3307 272 3341 e
293 3289 379 3352 Ὠς
407 3290 712 3360 ἐπλήθυνας
745 3289 805 3340 τὸ
835 3288 982 3350 ἔλεός
1011 3305 1122 3352 σου,
1158 3291 1184 3340 ὁ
1210 3287 1342 3349 Θεός
1369 3289 1381 3339 l
1423 3289 1470 3340 οἱ
1500 3288 1556 3340 δὲ
1579 3290 1684 3340 υἱοὶ
1717 3288 1824 3341 τῶν

242 3381 546 3451 ἀνθρώπων
611 3381 669 3432 ἐν
709 3379 886 3451 σκέπῃ
929 3380 1038 3432 τῶν
1083 3381 1369 3450 πτερύγων
1413 3397 1506 3432 σου
1553 3380 1821 3452 ἐλπιοῦσι.

243 3473 693 3542 Μεθυσθήσονται
722 3471 830 3525 ἀπὸ
864 3471 1118 3542 πιότητος
1144 3470 1238 3523 τοῦ
1261 3471 1409 3524 οἴκου
1454 3488 1570 3533 σου,
1599 3472 1692 3524 καὶ
1733 3472 1823 3527 τὸν

241 3565 577 3636 χειμάρρουν
602 3565 699 3634 τῆς
719 3564 930 3634 τρυφῆς
965 3580 1057 3616 σου
1087 3565 1291 3625 ποτιεῖς
1316 3562 1532 3625 αὐτοὺς,
1557 3563 1638 3615 ὅτι
1673 3564 1824 3632 παρὰ

242 3656 325 3708 σοὶ
363 3657 515 3724 πηγὴ
546 3654 711 3725 ζωῆς·
743 3673 760 3706 ι
796 3654 890 3707 καὶ
927 3654 1154 3724 ἑτέρωθί
1189 3670 1289 3706 που
1329 3653 1509 3718 πάλιν,
1541 3672 1559 3704 t
1588 3653 1694 3706 Τοῦ
1728 3671 1823 3707 που

239 3745 417 3813 ταμοῦ
441 3744 511 3795 τὰ
528 3744 670 3812 ὁρμή
681 3760 826 3812 ματα
845 3743 1194 3812 εὐφραίνουσι
1217 3742 1314 3814 τὴν
1335 3744 1486 3796 πόλιν
1513 3743 1605 3796 τοῦ
1628 3743 1776 3796 Θεοῦ.
1797 3763 1815 3796 ι

242 3835 353 3888 Καὶ
385 3834 492 3904 μὴν
536 3835 630 3886 καὶ
656 3835 742 3888 διὰ
778 3835 961 3904 φωνῆς
995 3829 1288 3906 προφητῶν
1313 3836 1473 3898 αὑτός
1524 3835 1624 3888 πού
1657 3852 1821 3907 φησιν

240 3929 269 3979 ὀ
300 3925 429 3988 Υἱὸς
464 3928 496 3995 ή
526 3925 722 3987 παντὸς
747 3925 950 3993 ἀγαθοῦ
982 3927 1152 3996 πηγὴ,
1172 3925 1233 3978 τὸ
1266 3929 1329 3979 ἐκ
1354 3927 1451 3997 τῆς
1480 3925 1574 3978 τοῦ
1606 3927 1820 3996 Πατρὸς

240 4017 430 4079 οὐσίας
463 4017 824 4087 προχεόμενον
852 4018 997 4086 νᾶμα
1035 4018 1294 4082 ζωοποιόν
1316 4033 1330 4047 °
1371 4037 1389 4069 t
1427 4018 1555 4071 Ἰδοὺ
1586 4017 1696 4087 ἐγὼ
1729 4020 1820 4072 ὲκο

241 4106 410 4159 κλίνω
434 4105 520 4157 ἐπ’
559 4104 758 4165 αὐτοὺς
789 4103 866 4166 ὡς
891 4105 1130 4175 ποταμὸς
1185 4107 1427 4176 εἰρήνης,
1467 4107 1562 4160 καὶ
1589 4107 1664 4168 ὡς
1709 4125 1821 4177 χει-

246 4197 490 4266 μάρῲυς
539 4195 845 4257 ἐπικλύζων
890 4196 1047 4262 δόξαν
1095 4197 1282 4252 ἐθνῶν.
1312 4216 1330 4248 ι
1363 4197 1508 4268 Ἔφη
1545 4198 1601 4251 δὲ
1649 4201 1743 4252 καὶ
1792 4201 1820 4253 ὁ

243 4285 531 4355 προφήτης
563 4285 857 4354 Ζαχαρίας,
886 4285 964 4338 ὅτι
993 4305 1011 4338 ι
1040 4287 1196 4358 Πηγὴ
1231 4288 1290 4351 ἐξ
1319 4287 1470 4340 οἴκου
1493 4289 1696 4358 Κυρίου
1734 4287 1820 4354 ἐξ·

2006 2194 2136 2248 CAP.
2167 2193 2274 2248 LV.
2309 2195 2468 2250 Vens.
2501 2195 2553 2258 1,
2581 2195 2636 2249 2.
2663 2195 2768 2262 Qui
2799 2198 2983 2262 sititis,
3004 2200 3168 2253 venite
3192 2203 3262 2254 ad
3285 2219 3499 2273 aquam,

1934 2295 1986 2340 et
2027 2295 2280 2354 quotquot
2329 2297 2601 2354 argentum
2636 2303 2738 2339 non
2782 2289 3011 2355 habetis,
3045 2303 3224 2346 euntes
3258 2299 3412 2349 eruite
3449 2308 3500 2350 et

1935 2376 2093 2430 bibite
2142 2378 2335 2444 absque
2379 2387 2591 2444 urgeam
2641 2387 2688 2430 et
2738 2379 2904 2446 pretio
2959 2383 3128 2434 vinum
3176 2396 3221 2436 et
3270 2389 3495 2454 adipem.

1938 2467 2114 2532 Quare
2157 2469 2328 2521 emitia
2369 2470 2622 2536 pecunia,
2668 2481 2715 2522 et
2765 2470 2995 2526 laborem
3042 2484 3267 2529 vestrum
3298 2495 3398 2531 non
3431 2485 3498 2531 ad

1935 2559 2266 2612 satietatem?
2300 2561 2510 2622 Audite,
2536 2570 2584 2612 et
2609 2563 2862 2615 concedite
2892 2564 3048 2628 bona,
3079 2578 3125 2619 et
3154 2568 3500 2621 delectabitur

1931 2652 1987 2705 in
2023 2653 2170 2705 bonis
2205 2654 2383 2704 anima
2416 2662 2610 2706 vestra.
2656 2655 2919 2707 Attendite
2957 2658 3172 2710 auribus
3223 2663 3421 2723 reatris,
3449 2674 3498 2715 et

1931 2744 2208 2812 sequimini
2237 2746 2346 2797 vias
2379 2759 2540 2797 meas.
2589 2743 2854 2799 Exaudite
2884 2763 2982 2812 me,
3013 2758 3059 2800 et
3097 2750 3222 2802 viret
3265 2752 3320 2803 in
3353 2754 3498 2804 bouis

1929 2835 2106 2885 anima
2139 2843 2327 2886 vestra.

2001 3009 2224 3063 Divinus
2255 3009 2442 3070 David.
2478 3009 2714 3079 Spiritus
2742 3011 2857 3067 face
2892 3013 3212 3080 illustratus,
3239 3017 3304 3070 ad
3333 3017 3496 3072 Deum

1931 3100 2192 3156 melodias
2243 3102 2440 3155 cecinit
2490 3104 2555 3154 de
2611 3105 2852 3156 omnium
2909 3117 3152 3159 nostrum
3210 3107 3498 3164 Servatum

1925 3192 2166 3258 Christo,
2213 3193 2442 3248 (licens:
2482 3212 2499 3244 ι
2546 3194 2715 3259 Quam
2768 3195 3135 3263 multiplicasti
3182 3200 3494 3254 misericor-

1928 3281 2072 3336 diam
2103 3293 2272 3344 tuam,
2301 3283 2472 3338 Deus!
2505 3283 2624 3336 Filii
2662 3284 2935 3338 hominum
2969 3285 3018 3338 in
3044 3288 3356 3342 utnbraeulo
3385 3289 3498 3342 ala-

1928 3391 2047 3428 rum
2086 3391 2300 3428 tuarum
2335 3377 2654 3445 sperabunt.
2692 3375 3105 3430 lnebriabuntur
3135 3380 3204 3430 ab
3249 3381 3497 3433 ubertate

1926 3465 2118 3520 donius
2146 3474 2268 3530 tute,
2313 3476 2368 3518 et
2399 3475 2640 3520 torrente
2681 3467 2992 3521 deliciarum
3037 3479 3244 3522 tuarum
3291 3471 3499 3539 potabis

1927 3569 2039 3613 eos,
2062 3555 2187 3622 quia
2219 3555 2358 3622 apud
2396 3563 2446 3606 te
2476 3566 2558 3609 est
2586 3553 2708 3608 fons
2737 3557 2858 3609 vita:
2880 3556 2946 3609 ³³.
2977 3575 2997 3607 ι
3026 3557 3091 3610 Ει
3116 3559 3242 3612 alibi
3271 3577 3495 3618 rursus:

1933 3662 1950 3696 t
1990 3643 2258 3698 Fluminis
2314 3646 2543 3714 impetus
2602 3647 2877 3702 ltetilicant
2924 3649 3199 3704 civitatem
3251 3651 3430 3706 Dei".
3471 3672 3492 3704 ι

1923 3732 2067 3788 Dicit
2096 3749 2313 3806 quoque
2343 3752 2472 3790 voce
2503 3737 2885 3806 prophetarum
2921 3740 3147 3808 ipsemet
3178 3738 3364 3804 Filius,
3402 3743 3493 3809 qui

1922 3825 2044 3880 fons
2075 3836 2158 3880 est
2207 3827 2384 3880 omnis
2431 3827 2589 3889 boni.
2643 3838 2697 3882 et
2747 3831 2891 3882 rivus
2941 3831 3010 3882 ab
3047 3831 3279 3884 essentia
3320 3830 3498 3884 Patris

1922 3929 2206 3982 emanans,
2236 3926 2288 3971 et
2320 3919 2484 3970 vitam
2515 3917 2788 3972 all‘erens:
2825 3939 2843 3970 ι
2876 3919 3014 3972 Ecce
3055 3936 3155 3989 ego
3184 3921 3397 3974 declino
3438 3921 3492 3973 ia

1922 4022 2038 4074 eos,
2073 4007 2217 4061 velut
2250 4008 2444 4060 ﬂumen
2477 4008 2647 4076 pacis,
2695 4018 2748 4060 et
2789 4008 2934 4061 Velut
2981 4018 3192 4062 torrens
3227 4010 3496 4063 itnmdans

1923 4100 2149 4169 gloriam
2185 4098 2425 4166 gentium
2451 4098 2514 4152 ³³.
2548 4115 2569 4150 ι
2601 4096 2744 4152 Dixit
2777 4101 2945 4152 etiam
2993 4101 3254 4167 pr0pheta
3285 4099 3494 4154 Zacha-

1924 4188 2068 4240 rias:
2105 4205 2123 4239 ι
2173 4186 2317 4240 Fons
2347 4188 2412 4240 de
2453 4187 2611 4238 domo
2653 4184 2860 4240 Domini
2905 4190 3232 4257 egredietur,
3281 4201 3338 4244 et
3373 4191 3496 4242 irri-

1921 4279 2068 4348 gabit
2099 4287 2390 4332 torrentem
2428 4277 2716 4342 juncorum
2740 4277 2807 4334 “.
2843 4296 2862 4328 ι
2893 4279 3046 4348 Saepe
3093 4296 3220 4334 vero
3251 4282 3302 4335 in
3347 4282 3494 4337 Scri—

242 4376 544 4441 ελεύσεται,
586 4377 680 4429 καὶ
703 4379 875 4429 ποτιεῖ
900 4375 990 4429 τὸν
1016 4378 1346 4448 χειμάρρουν
1377 4377 1485 4430 τῶν
1519 4378 1764 4446 σχοίνων.
1792 4397 1810 4428 ι

1925 4381 2078 4438 plura
2132 4369 2388 4424 divinitus
2440 4369 2698 4438 inspirata
2741 4370 3074 4427 inveniemus
3117 4373 3206 4427 Dei
3255 4374 3490 4428 Verbum

245 4468 578 4540 Πλεισταχοῦ
619 4469 673 4522 δὲ
700 4470 799 4541 τῆς
830 4469 1187 4524 θεοπνεύστου
1249 4470 1493 4542 Γραφῆς,
1535 4472 1719 4541 πηγήν
1759 4489 1817 4525 τε

241 4563 333 4614 καὶ
359 4563 598 4632 ποταμὸν
622 4564 712 4617 τὸν
736 4563 831 4616 τοῦ
865 4563 1000 4616 Θεοῦ
1031 4564 1202 4631 Λόγον
1240 4561 1625 4633 ὠνομασμένον
1655 4565 1820 4636 εὑρή-

244 4666 427 4721 σομεν.
444 4653 542 4706 Διὰ
558 4653 714 4706 τοῦτο
729 4655 823 4707 καὶ
843 4653 1004 4717 αὐτὸς
1023 4655 1134 4716 τοῖς
1168 4653 1441 4716 Ἰουδαίοις
1458 4652 1818 4726 προ[σ]διελέ-

240 4759 385 4808 γετο,
411 4745 503 4796 καί⁷
527 4745 591 4815 δὴ
621 4746 716 4798 καὶ
749 4747 884 4817 πρὸς
917 4745 1109 4798 ἑαυτὸν
1131 4745 1316 4798 ἐκάλει
1351 4746 1522 4814 λέγων
1541 4761 1556 4775 ⁸
1593 4765 1612 4796 ι
1641 4747 1709 4801 Εἴ
1732 4764 1818 4810 τις

235 4833 387 4906 διψᾷ,
414 4836 656 4905 ἐρχέσθω
683 4837 820 4908 πρός
848 4854 936 4908 με,
968 4836 1060 4889 καὶ
1089 4835 1313 4889 πινέτω.
1352 4837 1410 4889 ὐ
1440 4837 1709 4893 πιστεύων
1735 4841 1815 4902 εἰς

238 4924 360 4994 ἐμὲ,
412 4925 596 4990 καθὼς
629 4921 786 4981 εἶπεν
811 4929 844 4998 ή
885 4925 1093 4996 Γραφὴ,
1134 4928 1367 4995 ποταμοὶ
1392 4929 1456 4980 ἑκ
1485 4929 1582 4998 τῆς
1607 4929 1817 4993 κοιλίας

238 5013 401 5067 αὐτοῦ
434 5015 718 5086 ῥεύσουσιν
757 5015 947 5080 ὕδατος
987 5015 1149 5086 ζωῆς.
1179 5035 1198 5069 ι
1237 5017 1564 5082 Ποιούμενος
1598 5017 1656 5072 δὲ
1687 5021 1813 5084 τοὺς

236 5102 426 5173 λόγους
456 5105 592 5177 πρὸς
619 5107 717 5178 τὴν
751 5109 811 5162 ὲν
840 5110 908 5179 τῇ
939 5108 1224 5179 Σαμαρείᾳ
1252 5111 1502 5175 γυναῖκα,
1529 5109 1687 5162 πάλιν
1711 5103 1815 5164 ὧδέ

238 5209 406 5265 φησιο
451 5215 469 5246 ⁸
509 5198 627 5260 Πᾶς
663 5199 695 5254 δ
727 5197 899 5252 πίνων
936 5199 1000 5252 ὲκ
1030 5198 1125 5251 τοῦ
1175 5196 1364 5260 ὕδατος
1405 5195 1598 5250 τούτου
1656 5196 1812 5270 διψή-

239 5301 320 5338 σει
349 5286 531 5344 πὰλιν.
563 5289 659 5350 ⁸ος
683 5287 728 5341 δ’
748 5287 815 5342 ἂν
841 5289 942 5361 πίῃ
971 5290 1035 5342 ὲκ
1067 5286 1164 5343 τοῦ
1192 5287 1402 5350 ὓδατος,
1434 5280 1495 5341 οὗ
1523 5284 1634 5354 ἐγὼ
1658 5285 1814 5342 δώσω

237 5373 402 5444 αὐτῷ,
441 5379 730 5446 γενήσεται
749 5380 808 5434 ἐν
830 5378 979 5450 αὐτῷ
1018 5379 1167 5450 πηγὴ
1197 5378 1388 5441 ὓδατος
1413 5377 1707 5448 ἁλλομένου
1731 5381 1810 5442 είς

308 5523 350 5556 ³³
381 5524 521 5580 Psal.
585 5543 746 5593 xxxv,
775 5529 922 5592 8,l0.
1037 5532 1076 5563 "
1106 5531 1244 5583 Psztl.
1282 5546 1402 5594 ην,
1444 5530 1498 5583 5.

1611 5529 1656 5560 ⁸³
1688 5527 1788 5582 Isti.
1855 5543 2000 5589 LXVI,
2047 5528 2132 5582 19..

1917 4464 2120 4517 dictum
2149 4477 2271 4517 esse
2295 4461 2494 4517 fontem
2528 4477 2590 4516 ac
2611 4461 2810 4518 ﬂumen
2835 4480 2850 4527 ;
2884 4465 3110 4534 ideoque
3138 4466 3253 4535 ipse
3277 4464 3492 4522 Iuda-os

1918 4558 2313 4628 alloquebatur,
2367 4568 2422 4614 et
2467 4559 2533 4612 ad
2579 4573 2638 4612 se
2671 4558 2919 4622 vocabat,
2951 4557 3138 4614 dicens
3173 4577 3184 4612 :
3226 4577 3244 4611 ι
3281 4559 3337 4613 Si
3369 4559 3492 4628 quis

1916 4652 2054 4719 sitit,
2083 4654 2261 4706 veniat
2296 4651 2361 4705 ad
2418 4665 2522 4718 me,
2583 4659 2638 4705 et
2702 4651 2872 4706 bibat.
2924 4650 3022 4716 Qui
3058 4651 3230 4705 credit
3282 4651 3334 4704 in
3383 4666 3488 4714 me,

1915 4743 2369 4811 quemadmodum
2400 4741 2535 4796 dicit
2581 4740 2884 4812 Scriptura,
2935 4740 3154 4795 ﬂumina
3194 4743 3260 4795 de
3302 4749 3492 4793 ventre

1920 4833 2039 4902 ejus
2083 4832 2251 4887 liuent
2290 4849 2446 4904 aqua:
2491 4834 2696 4888 vita".
2730 4851 2748 4886 ι
2785 4832 2922 4886 Cum
2975 4834 3137 4887 etiam
3183 4845 3488 4886 sermonem

1921 4921 2084 4977 habet
2133 4921 2294 4992 773
2336 4937 2459 4976 cum
2509 4922 2848 4977 Samaritana
2894 4922 3141 4995 muliere,
3179 4936 3367 4976 rursus
3413 4921 3491 4976 sic

1919 5013 1996 5068 ait
2027 5029 2043 5068 :
2077 5030 2097 5064 ι
2133 5013 2322 5068 Omnis
2349 5017 2440 5082 qui
2474 5014 2610 5069 bibit
2649 5015 2715 5069 de
2743 5028 2883 5084 aqua
2923 5013 3046 5080 hac,
3089 5013 3230 5067 sitiet
3281 5025 3487 5066 rursus.

1915 5105 1987 5161 At
2031 5106 2120 5176 qui
2173 5106 2372 5160 biberit
2403 5106 2470 5160 de
2510 5121 2650 5177 aqua
2683 5122 2844 5177 quant
2892 5121 2994 5177 ego
3023 5104 3160 5160 dabo
3198 5104 3271 5169 ei,
3313 5103 3404 5157 liet
3436 5102 3486 5157 in

1918 5197 2009 5252 illo
2058 5196 2180 5252 lous
2245 5211 2398 5266 aqua:
2450 5197 2694 5254 salientis
2755 5197 2808 5252 in
2854 5199 3020 5252 vitam
3066 5205 3323 5253 aeternam
3357 5193 3424 5249 ³⁸.
3463 5211 3484 5243 ι

1916 5286 2105 5359 Itaque
2135 5287 2311 5359 inquit
2343 5306 2357 5344 :
2387 5287 2445 5345 Si
2479 5290 2600 5358 quis
2637 5290 2774 5356 sitit,
2813 5290 3038 5345 accedat
3077 5289 3144 5343 ad
3186 5287 3486 5350 Christum,

1915 5388 1973 5435 et
2003 5380 2172 5446 bibat,
2213 5379 2556 5449 accipiatque
2580 5379 2800 5436 uberem
2829 5393 2924 5450 per
2948 5388 3194 5434 sanctum
3220 5377 3484 5448 Spiritum

2247 5530 2292 5560 "
2322 5529 2457 5586 Jocl.
2532 5547 2612 5594 nt,
2651 5531 2730 5586 ιθ.
2849 5529 2892 5562 ³⁸
2921 5528 3075 5585 Joan.
3146 5545 3242 5596 \‘ll,
3281 5528 3370 5596 57,
3396 5526 3488 5598 σεε

240 5593 338 5648 lsa.
378 5611 524 5664 xuv,
555 5597 609 5662 3,
637 5607 691 5652 et
723 5614 878 5662 um,
918 5601 1007 5663 ll;
1041 5601 1178 5666 λινε,
1211 5616 1269 5663 ιι,
1296 5602 1406 5666 28;
1442 5599 1562 5654 Act.
1592 5614 1652 5665 lt,
1688 5597 1769 5652 ΓΙ.

1925 5599 2078 5653 Joan.
2109 5615 2179 5665 tv,
2216 5599 2300 5660 l3,
2336 5601 2419 5658 ιι.

306 5750 380 5807 (ll
423 5750 588 5812 LXX.
621 5751 842 5814 θάγετε.
