4092 6296
1414 360 1480 415 ιΝ
1522 361 1755 417 ιεΑιΑιι
1799 362 1925 417 LIB.
1970 363 2032 417 ι’.
2064 363 2302 420 τοιιυδ
2340 365 2406 419 11.

3405 367 3426 421 Ι
3437 366 3543 422 Ξῖιξ

278 481 449 551 αὐτὴν
494 481 603 532 τῶν
641 479 899 548 ὀλεθρίων
950 480 1236 546 δογμάτων
1271 481 1304 549 ἡ
1356 479 1608 550 συλλογή.
1663 478 1868 550 Ὀρθῶς

1973 483 2260 552 inspirata,
2301 484 2591 538 stultitiam
2633 481 3033 551 praedicationis
3080 489 3258 535 vocat.
3299 481 3547 538 Omitttte

275 569 369 626 οῦν
400 572 510 644 ἄρα
537 572 631 624 καὶ
664 573 692 624 6
723 571 996 638 πάνσοφος
1026 569 1236 632 Παῦλος
1271 587 1406 640 φησι
1431 587 1445 602 ο
1476 587 1495 620 ι
1527 570 1636 623 Ποῦ
1667 571 1864 639 σοφός;

279 663 379 716 ποῦ
405 662 767 734 γραμματεύς
790 679 803 724 ς
842 661 944 714 ποῦ
969 660 1273 732 συζητητὴς
1299 662 1392 714 τοῦ
1421 663 1615 724 αἰῶνος
1638 661 1827 715 τούτου
1849 680 1864 728 ;

280 753 421 821 Οὐχὶ
459 751 743 820 ἐμώρανεν
787 751 814 802 6
843 749 972 811 Θεὸς
1002 748 1100 817 τὴν
1147 749 1338 816 σοφίαν
1370 749 1465 802 τοῦ
1495 750 1704 817 κόσμου
1744 749 1868 802 τού-

277 857 371 892 του
397 859 410 906 ;
438 860 455 890 ι
488 841 597 892 Καὶ
623 839 780 892 πάλιν
805 855 818 868 ·
869 837 1088 907 Ἐπειδὴ
1117 838 1226 907 γὰρ
1256 840 1314 890 ἐν
1343 841 1407 908 τῇ
1434 839 1596 908 σοφία
1621 839 1714 891 τοῦ
1731 837 1866 892 Θεοῦ

279 932 378 983 οὐκ
413 932 552 998 ἔγνω
578 931 606 982 6
637 932 840 999 κόσμος
869 930 956 982 διὰ
987 931 1083 999 τῆς
1111 928 1304 998 σοφίας
1336 929 1426 981 τὸν
1458 929 1611 991 Θεὸν,
1640 929 1865 998 εύδὸκη-

280 1039 370 1074 σεν
401 1025 428 1074 ὁ
460 1023 590 1085 Θεὸς
621 1021 709 1074 διά
739 1022 837 1091 τῆς
874 1021 1084 1091 μωρίας
1113 1019 1206 1073 τοῦ
1238 1019 1593 1090 κηρύγματος
1621 1020 1748 1081 τοὺς
1776 1035 1865 1073 πι-

281 1113 610 1175 στεύσαντας
649 1110 844 1164 σῶσαι.
886 1111 1116 1181 Μωρίαν
1151 1110 1206 1162 δὲ
1244 1109 1338 1162 τοῦ
1378 1107 1736 1178 κηρύγματος
1769 1109 1868 1178 τὴν

279 1204 568 1274 κοινότητα
596 1203 697 1272 τῆς
753 1202 952 1268 λέξεως
993 1201 1092 1271 τῆς
1138 1201 1363 1270 ἐνούσης
1415 1203 1480 1270 τῇ
1528 1199 1868 1268 θεοπνεύστῳ

279 1296 472 1367 Γραφῇ
556 1293 742 1363 φησίν.
805 1291 1059 1360 ’Δφέντες
1107 1287 1199 1344 οὖν
1247 1291 1306 1343 τὸ
1353 1291 1476 1359 είκῆ
1517 1293 1728 1353 πονεῖν,
1775 1288 1868 1342 καὶ

278 1383 560 1452 ἀκαρπίαν
590 1380 896 1447 συλλέγειν,
923 1379 1014 1431 καὶ
1048 1379 1296 1448 δαπανᾷν
1345 1379 1631 1448 ἀνέχεσθαι
1676 1379 1869 1440 πόνους

279 1476 367 1528 ἐπ’
398 1473 704 1541 ἀνωφελέσι
734 1473 1044 1542 πράγμασι,
1077 1471 1277 1540 μᾶλλον
1319 1469 1585 1522 ἀκούσατέ
1621 1486 1745 1539 μου,
1776 1471 1870 1523 καὶ

281 1565 524 1635 φάγεσθε
563 1563 743 1630 ἀγαθὰ
790 1562 856 1616 τά
897 1562 986 1615 διὰ
1025 1561 1132 1614 τῶν
1189 1560 1564 1628 εὐαγγελικῶν
1606 1560 1868 1629 δηλονότι,

279 1653 362 1718 οἷς
392 1655 457 1725 δὴ
485 1656 579 1706 καὶ
623 1651 928 1724 περιττῶς,
963 1653 1126 1722 φησὶν
1148 1693 1162 1718 ,
1214 1652 1604 1722 ὲντρυφήσειεν
1648 1653 1680 1720 ἡ
1725 1650 1871 1720 ψυχὴ

283 1744 462 1814 ὑμῶν.
520 1744 666 1795 Ἐκεῖ
703 1740 904 1809 γ·.ὦσις
952 1740 1156 1810 ἀληθὴς
1202 1739 1295 1793 τοῦ
1341 1739 1482 1793 κατά
1509 1739 1670 1807 φύσιν
1711 1738 1868 1806 Θεοῦ,

1971 573 2133 641 igitur
2165 572 2366 626 frustra
2404 575 2672 636 laborare,
2710 582 2765 626 et
2798 571 2974 626 nullos
3015 572 3223 625 fructus
3266 571 3544 640 colligere,

1969 677 2032 714 ac
2066 662 2118 714 in
2158 663 2320 716 rebus
2353 661 2686 730 inl'rngileris
2713 661 2926 714 labores
2952 660 3244 724 collocare,
3275 675 3339 714 ac
3365 661 3545 729 potius

1970 753 2153 806 audite
2179 767 2285 819 me,
2313 763 2368 806 et
2399 752 2701 808 comedetis
2723 753 2883 816 bona,
2909 767 2972 805 ex
3003 753 3314 820 evangelica
3341 751 3546 804 scilicet

1969 847 2360 912 praedicatione
2389 863 2402 899 :
2435 844 2488 898 in
2524 859 2627 912 qua
2657 845 2837 897 anima
2871 855 3072 905 \‘CSll’a,
3104 843 3301 909 inquit,
3331 842 3545 895 abunde

1971 934 2285 1002 acquiescet
2319 942 2374 988 et
2420 935 2783 990 deliciabitnr.
2840 932 2956 986 illic
2989 934 3229 1001 cognitio
3283 947 3448 996 vera,
3490 942 3547 986 et

1970 1025 2064 1079 Dei
2103 1025 2400 1079 secundum
2432 1035 2705 1091 naturam,
2739 1033 2795 1078 et
2821 1024 3002 1078 omnis
3041 1024 3260 1078 virtutis
3285 1033 3342 1077 et
3373 1024 3543 1077 sancti

1970 1117 2186 1171 decoris
2241 1116 2525 1184 disciplina
2581 1125 2784 1170 esLac
2845 1114 3235 1184 intelligentia,
3273 1129 3407 1188 ante
3458 1130 3546 1170 rcs

1977 1221 2226 1276 quasque
2274 1207 2512 1276 agendas
2543 1206 2865 1260 mirabiliter
2909 1220 2972 1258 ac
3011 1214 3158 1258 recte
3185 1205 3464 1270 discernit,
3493 1211 3548 1257 et

1971 1306 2206 1348 mentem
2247 1297 2511 1349 bonorum
2543 1311 2768 1365 operum
2804 1295 3131 1350 ellectricem
3168 1293 3377 1357 reddit;
3410 1295 3547 1348 adeo

1971 1393 2027 1435 ut
2078 1384 2331 1436 omnibus
2378 1399 2499 1452 qur
2541 1385 2814 1438 intellectu
2859 1385 3232 1452 percipiuntur
3293 1385 3546 1437 adha‘re-

1975 1482 2158 1536 scunt,
2190 1482 2246 1525 et
2287 1472 2357 1525 ob
2382 1472 2528 1525 omni
2562 1475 2760 1541 probro
2791 1475 3066 1535 recedant,
3095 1474 3256 1526 etiam
3286 1473 3376 1542 qui
3421 1482 3548 1526 ante

1972 1562 2229 1630 gravibus
2264 1564 2589 1618 criminibus
2627 1562 2846 1618 fuerunt
2883 1562 3090 1617 aﬂittes.
3133 1564 3410 1616 Attendite
3443 1563 3546 1615 ita-

1970 1668 2077 1722 que
2121 1655 2344 1709 auribus
2387 1656 2605 1718 vestris,
2652 1655 2703 1708 id
2751 1663 2867 1718 est,
2921 1665 3068 1708 recte
3109 1663 3165 1706 et
3209 1654 3526 1707 obedienter

1959 1745 2276 1812 .scquimini
2307 1747 2424 1800 vias
2459 1761 2632 1801 meas.
2667 1744 2756 1799 Sic
2779 1745 2924 1798 enim
2951 1745 3090 1798 dixit
3118 1742 3411 1798 Christus:
3442 1761 3462 1794 ι
3489 1742 3546 1796 Si

283 1837 378 1890 καὶ
422 1835 623 1904 ἀρετῆς
658 1832 875 1902 ἀπάσης
903 1831 997 1885 καὶ
1037 1829 1410 1900 ἀγιοπρεποῦς
1441 1829 1738 1900 εὐκοσμίας
1765 1831 1868 1898 μά-

1970 1833 2090 1902 quis
2121 1834 2245 1886 velit
2292 1844 2416 1903 post
2461 1851 2545 1889 me
2573 1835 2782 1898 venire,
2816 1837 3048 1901 abneget
3085 1834 3465 1900 semetipsum,
3492 1840 3550 1886 et.

285 1926 350 1995 θη
362 1943 439 1995 μα
483 1926 576 1978 καὶ
611 1923 844 1986 σύνεσις,
872 1921 1202 1992 θαυμαστῶς
1225 1921 1427 1974 ἕκαστα
1448 1920 1556 1974 τῶν
1586 1921 1875 1989 πρακτέων

249 1993 457 2088 ὶόρθῶς
509 2014 890 2084 διακρίνοντα,
933 2014 1028 2064 καὶ
1079 2011 1329 2082 τεχνίτην
1379 2013 1459 2074 είς
1501 2010 1874 2082 ἀγαθουργίαν

278 2106 617 2160 ἀποτελοῦσα
633 2105 724 2157 τὸν
747 2104 872 2158 νοῦν
901 2119 916 2135 ο
940 2103 1082 2156 ὥστε
1105 2103 1202 2156 καὶ
1232 2102 1404 2155 ἅπασι
1436 2102 1535 2172 μὲν
1563 2119 1683 2154 νοου
1693 2101 1874 2172 μένοις

281 2197 635 2267 προσκεῖσθαι
677 2195 874 2263 φιλεῖν,
909 2195 1211 2264 ἀποφοιτᾷν
1239 2193 1296 2245 δὲ
1320 2192 1429 2245 τῶν
1475 2193 1576 2244 ὃσα
1609 2193 1726 2244 ἐστὶ
1757 2192 1872 2244 δια-

279 2289 615 2359 ϐεϐλημένα,
645 2289 741 2341 καὶ
779 2290 878 2358 τῆς
905 2287 1240 2356 φαυλότητος
1277 2286 1426 2338 αἴτια
1463 2283 1574 2355 [γρ.
1607 2283 1781 2354 αἰτίᾳ]
1811 2283 1870 2335 οὐ

283 2381 519 2451 μετρίως
553 2379 965 2449 ὲνισχημένους.
1021 2376 1327 2448 Προσέχετε
1367 2375 1550 2427 τοίνυν
1587 2377 1698 2436 τοῖς
1739 2375 1871 2426 ὠσὶν

280 2471 471 2542 ὑμῶν’
504 2471 751 2522 τουτέστι
781 2509 794 2534 ,
832 2469 906 2520 Τὸ
944 2467 1001 2520 δὲ
1037 2467 1100 2520 τὸ
1131 2465 1287 2528 εύθὲς
1326 2465 1420 2517 καὶ
1457 2465 1686 2535 εύήκοον
1713 2507 1727 2530 ,
1771 2465 1871 2516 ἐπ-

283 2564 703 2634 ακουληθήσατε
734 2564 855 2624 ταῖς
888 2559 1026 2622 ὁδοῖς
1057 2557 1303 2630 μου.Καὶ
1337 2559 1446 2628 γὰρ
1467 2556 1571 2624 ἔφη
1596 2555 1828 2626 Χριστός
1853 2571 1867 2586 ·

287 2674 307 2708 ι
347 2654 415 2707 Εἴ
441 2672 523 2717 τις
550 2654 694 2707 θέλει
720 2653 896 2706 ὀπίσω
929 2668 1029 2721 μου
1057 2650 1253 2715 ἐλθεῖν,
1297 2649 1625 2720 ἀρνησάσθω
1656 2648 1866 2712 ἑαυτὸν,

1978 1925 2131 1978 tollat
2158 1940 2375 1979 crucem
2404 1940 2582 1989 suam,
2611 1934 2662 1980 et
2691 1933 2951 1992 sequatur
2983 1939 3068 1977 tne
3089 1923 3156 1976 ³⁸.
3190 1941 3210 1976 ι
3237 1924 3418 1989 Quare
3451 1923 3547 1992 qui

1973 2025 2102 2070 sunt
2130 2016 2270 2084 ejus,
2304 2031 2398 2071 eos
2429 2027 2639 2083 oportet
2672 2016 2916 2086 vestigiis
2941 2016 3062 2081 ejus
3094 2015 3367 2068 insistere.
3408 2012 3547 2079 Quid

1974 2116 2158 2162 autem
2191 2109 2296 2162 erit
2330 2108 2438 2171 his,
2469 2107 2559 2177 qui
2589 2108 2669 2161 sic
2691 2108 2878 2161 volunt
2906 2105 3118 2160 facere?
3148 2103 3324 2169 Vivet,
3351 2104 3547 2174 inquit,

1975 2200 2030 2254 in
2070 2199 2228 2254 bonis
2275 2199 2452 2252 anima
2497 2210 2700 2254 vestra.
2747 2197 2909 2270 775
2951 2195 3348 2268 Sempiteruam
3397 2211 3546 2265 spem

1975 2293 2182 2344 sanctis
2227 2294 2548 2344 destinatam
2584 2289 2800 2342 videtur
2837 2289 2994 2342 nobis
3021 2289 3168 2342 hisce
3192 2287 3373 2341 verbis
3415 2287 3546 2341 sub-

1969 2380 2228 2432 iudicare.
2280 2377 2352 2432 Ut
2407 2379 2550 2431 enim
2596 2378 2792 2432 Paulus
2834 2377 3010 2445 inquit
3059 2393 3075 2430 :
3123 2395 3142 2427 ι
3191 2375 3391 2431 Oculus
3442 2389 3546 2428 non

1969 2473 2125 2533 vidit,
2173 2471 2322 2524 auris
2355 2484 2463 2524 non
2507 2465 2735 2535 atidiVit,
2768 2479 2823 2522 et
2852 2484 2946 2523 cor
2987 2469 3225 2523 hominis
3260 2483 3365 2524 non
3396 2481 3547 2522 com-

1967 2561 2253 2628 prehendit
2320 2577 2442 2630 quae
2489 2561 2811 2631 praparavit
2855 2558 2999 2614 Deus
3051 2561 3135 2614 bis
3177 2560 3269 2626 qui
3317 2559 3547 2626 diligunt

1967 2664 2090 2704 eum
2111 2651 2155 2682 ³³
2169 2691 2180 2703 .
2221 2669 2241 2704 ι

282 2750 378 2800 καὶ
407 2748 594 2817 ἀράτω
629 2747 718 2798 τὸν
743 2745 972 2816 σταυρὸν
997 2743 1182 2809 αὑτοῦ,
1211 2746 1304 2798 καὶ
1335 2743 1694 2797 ἀκολουθείτω
1751 2760 1862 2812 μοι.
1914 2762 1933 2796 ι
1975 2745 2094 2817 Χρὴ
2145 2746 2431 2817 τοιγαροῦν
2513 2749 2628 2811 τοῖς
2688 2749 2889 2819 ῐχνεσιν
2923 2745 3088 2801 αὐτοῦ
3127 2743 3547 2800 κατακολουθετν

283 2841 605 2909 ἐπείγεσθαι
653 2843 780 2902 τοὺς
845 2841 1004 2904 ὄντας
1041 2841 1226 2894 αὑτοῦ.
1273 2840 1380 2892 Καὶ
1421 2840 1474 2891 τί
1527 2838 1758 2908 ὑπάρξει
1807 2843 1918 2902 τοῖς
1957 2841 2201 2895 ἐθέλουσι
2247 2842 2408 2896 τοῦτο
2451 2843 2618 2916 δρᾷν;
2655 2845 2910 2914 Ζήσεται,
2940 2843 3125 2911 φησὶν,
3154 2843 3213 2893 ὲν
3257 2838 3479 2908 ἀγαθοῖς
3507 2837 3544 2908 ἠ

284 2941 435 3010 ψυχὴ
463 2938 634 3008 ὑμῶν·
668 2938 780 3008 Τὴν
814 2937 1167 3008 ἀτελεύτητον
1217 2935 1429 2999 ἐλπίδα,
1459 2935 1554 3005 τὴν
1583 2939 1694 2998 τοῖς
1762 2936 1939 3004 ἁγίοις
1977 2939 2439 3010 ηὐτρεπισμένην,
2480 2940 2624 2993 ἔοικε
2655 2940 2741 2993 διὰ
2801 2940 3006 2993 τούτων
3036 2941 3168 3009 ἡμῖν
3223 2932 3542 3006 ὑποδηλοῦν.

297 3032 386 3096 Ὠς
413 3034 519 3103 γὰρ
540 3034 567 3084 ὁ
604 3031 811 3096 Παῦλος
843 3047 1024 3101 φησιν,
1059 3049 1078 3082 ι
1117 3029 1422 3100 Ὀφθαλμὺς
1480 3030 1580 3082 οὐκ
1611 3025 1772 3094 εἶδεν,
1839 3028 1932 3094 οῦς
1966 3033 2068 3086 οὐκ
2101 3034 2319 3102 1ίξκουσε,
2348 3037 2439 3088 καὶ
2461 3037 2553 3088 ἐπὶ
2596 3037 2823 3107 καρδίαν
2857 3036 3143 3106 ἀνθρώπου
3165 3037 3266 3089 οὒκ
3291 3033 3476 3100 ἀνέϐη,
3507 3030 3545 3086 ἃ

285 3125 581 3197 ἡτοίμασεν
617 3126 644 3176 6
683 3125 813 3187 Θεὸς
837 3128 949 3188 τοῖς
976 3125 1262 3193 ἀγαπῶσιν
1282 3125 1463 3180 αὐτόν.
1489 3143 1506 3174 ι

357 3215 466 3269 Καὶ
491 3215 846 3283 διαθήσομαι
869 3215 1008 3284 ὑμῖν
1034 3215 1330 3285 διαθήκην
1350 3216 1610 3278 αἰώνιον,
1634 3217 1704 3270 τὰ
1725 3215 1866 3271 ὅσια

2042 3217 2393 3273 Vens.5—5.
2425 3215 2492 3271 Et
2537 3219 2853 3271 constituam
2885 3216 3141 3272 vobiscum
3179 3226 3542 3270 testamentum

283 3305 467 3359 Δαεὶδ
512 3306 585 3360 τὰ
629 3305 832 3360 πιστά.
871 3306 1025 3361 Ἰδοὺ
1063 3309 1391 3375 μαρτύριον
1426 3308 1496 3360 ἐν
1543 3307 1744 3360 ἔθνεσι
1775 3308 1870 3361 δέ-

283 3397 448 3450 δωκα
489 3397 696 3462 αὑτὸν,
729 3397 1009 3465 ἄρχοντα,
1051 3398 1148 3450 καὶ
1196 3395 1663 3466 προστάσσοντα
1709 3401 1870 3452 ἔθνεα

282 3498 406 3541 σιν.
436 3487 590 3542 Ἰδοὺ
620 3487 764 3554 ἔθνη
797 3486 974 3554 (Latine
1003 3487 1254 3556 ᾖδεισάν
1281 3504 1374 3550 σε,
1405 3488 1870 3543 ἐπικαλέσονταί

281 3595 357 3631 σε
377 3594 392 3609 ’
424 3578 521 3631 καί
552 3581 712 3642 λαοὶ,
744 3577 802 3631 οἵ
832 3580 942 3631 οὐκ
963 3579 1304 3646 ἠπίσταντό
1329 3594 1424 3640 σε,
1458 3578 1554 3630 ἐπὶ
1592 3579 1666 3630 σὲ
1697 3596 1870 3633 κατα-

281 3670 852 3738 φεύξονται,ἐνεκεν
873 3670 1093 3736 ΚιῬίου
1119 3669 1225 3722 τοῦ
1246 3667 1392 3722 Θεοῦ
1414 3683 1551 3732 σου,
1569 3667 1673 3721 τοῦ
1695 3669 1867 3739 ἁγίου

297 3763 564 3829 Ἰσραὴλ,
592 3761 680 3814 ὅτι
711 3761 968 3824 ἐδόξασέ
1002 3777 1096 3814 σε.

371 3851 796 3920 Ὑποσχόμενος,
820 3853 902 3903 ὅτι
926 3851 1168 3920 Φάγεσθε
1191 3850 1390 3918 ἀγαθὰ,
1416 3852 1507 3903 καὶ
1542 3852 1627 3903 ὲντ
1639 3853 1868 3922 ρυφήσει

288 3943 347 3994 ἐν
385 3941 670 4011 ἀγαθοῖςὴ
725 3941 872 4013 ψυχὴ
916 3942 1090 4013 ὑμῶν,
1130 3942 1487 3996 διαδείκνυσιν
1531 3943 1693 4006 εὐθὺς
1745 3943 1868 3996 τίνα

283 4031 491 4103 τρόπον
521 4033 706 4094 αὐτοῖς
736 4034 814 4096 είς
843 4032 1016 4101 πέρας
1042 4033 1330 4103 ἐκϐήσεται
1354 4033 1414 4085 τὸ
1437 4033 1864 4104 ἐπηγγελμένον.

284 4126 504 4178 mecm
533 4125 642 4194 γὰρ
690 4125 1080 4193 ἐπαγγέλλεται
1124 4126 1392 4197 διαθήκην
1445 4126 1661 4180 αἰώνιον
1697 4129 1774 4198 (1)
1807 4122 1865 4180 εὖ

288 4217 437 4286 μάλα
468 4215 656 4285 φησίν.
739 4217 812 4269 Ού
843 4215 952 4286 γὰρ
978 4211 1120 4285 εἶχεν
1139 4217 1166 4266 6
1202 4217 1365 4288 νόμος
1394 4217 1454 4269 τὸ
1479 4217 1726 4286 διηνεκὲς
1775 4218 1868 4270 καὶ

283 4306 620 4372 ἀσάλευτον,
665 4305 841 4360 ἔκειτο
885 4306 940 4359 δὲ
984 4307 1144 4378 μέχρι
1193 4308 1388 4379 καιροῦ
1433 4308 1802 4378 διορθώσεως,

283 4397 430 4452 καθά
467 4415 633 4468 φησιν
660 4399 688 4450 6
717 4399 990 4466 πάνσοφος
1037 4398 1268 4462 Παῦλος,
1322 4399 1416 4451 καὶ
1464 4398 1866 4470 παλαιωθείσης

281 4488 384 4557 τῆς
413 4489 651 4561 ἀρχαίας
695 4488 912 4558 ἐντολῆς
951 4489 1026 4552 ὠς
1059 4491 1158 4542 οὐκ
1192 4488 1424 4559 ἐχούσης
1453 4489 1511 4541 τὸ
1557 4489 1862 4559 ἄμεμπτον,

1972 3317 2248 3371 retentum,
2279 3319 2462 3360 sancta
2522 3306 2692 3360 David
2715 3306 2915 3370 ﬁdelia.
2945 3305 3075 3358 Ecce
3106 3307 3454 3358 testimonium
3489 3307 3548 3358 in

1968 3400 2204 3468 gentibus
2228 3401 2497 3464 dedieum,
2520 3399 2800 3467 principem
2818 3409 2863 3450 et
2886 3396 3266 3465 pra'cipientem
3284 3397 3338 3448 in
3373 3396 3543 3466 genti-

1973 3493 2088 3547 bus.
2111 3492 2301 3546 Centes
2323 3506 2437 3562 qua:
2454 3491 2746 3544 nesciebant
2774 3500 2841 3551 te,
2859 3490 3167 3541 invocabant
3186 3496 3265 3549 te;
3295 3497 3344 3539 et
3369 3487 3544 3555 poputi

1968 3586 2056 3654 qui
2080 3584 2391 3653 ignorabant
2427 3581 2578 3648 te,ad
2625 3590 2673 3634 te
2720 3579 3038 3647 confugient,
3097 3589 3306 3645 propter
3365 3577 3546 3630 Domi-

1969 3667 2092 3726 nuni
2146 3673 2315 3728 Deum
2403 3683 2572 3739 tuum,
2624 3683 2862 3726 sanctum
2921 3668 3134 3735 Israel,
3194 3669 3320 3738 quia
3384 3670 3549 3738 936τὶ-

1969 3767 2143 3834 ﬁcavit
2183 3778 2249 3820 te.

2039 3859 2174 3913 Cum
2205 3873 2266 3912 ea
2292 3857 2652 3925 promissione
2669 3857 2738 3909 sit
2768 3871 2896 3910 usus
2921 3871 2936 3908 :
2967 3852 3270 3908 Comcdetis
3297 3852 3460 3915 bona,
3487 3860 3543 3904 et

1969 3950 2329 4004 delectabitur
2353 3948 2506 4002 bonis
2538 3947 2716 3999 anima
2747 3953 2951 4008 vestra,
2976 3945 3158 3996 statim
3196 3943 3546 4009 quemadmo-

1969 4041 2094 4094 dum
2149 4041 2215 4091 ad
2272 4037 2432 4090 linem
2477 4034 2754 4106 perveniet
2785 4035 2926 4102 quod
2955 4032 3276 4101 promissum
3313 4037 3416 4091 est,
3446 4031 3544 4084 dc-

1969 4137 2258 4185 monstrat.
2287 4127 2580 4181 Pollicetur
2607 4125 2750 4178 enim
2797 4124 2927 4177 dare
2963 4128 3342 4176 testamentum
3375 4129 3540 4172 reter-

1969 4239 2121 4287 num,
2149 4219 2516 4288 evangelicam
2545 4215 2798 4270 videlicet
2830 4224 2885 4267 et
2925 4213 3214 4267 salutarem
3275 4212 3538 4279 przedica-

1971 4317 2191 4372 tionem.
2247 4311 2400 4379 Quod
2454 4309 2656 4378 optimc
2708 4305 2841 4360 dicit
2905 4313 3026 4360 esse
3071 4313 3355 4357 attentum.
3434 4302 3544 4359 Nec

1969 4408 2113 4462 enim
2149 4414 2407 4474 perpetua
2437 4410 2555 4454 erat
2586 4409 2640 4454 et
2671 4398 2994 4452 inconcussa
3030 4396 3138 4462 lex,
3167 4397 3260 4450 sed
3304 4395 3369 4449 ad
3401 4403 3538 4448 tem-

1972 4513 2072 4566 pus
2115 4495 2528 4552 instaurationis
2576 4493 2750 4562 posita
2799 4499 2885 4544 est
2915 4489 2986 4555 “,
3023 4489 3177 4544 sicuti
3225 4489 3300 4542 ait
3329 4489 3540 4556 sapien-

278 4581 541 4653 δευτέρας
569 4581 804 4652 ἐζητήθη
837 4582 1020 4644 τόπος,
1062 4581 1220 4652 δῆλον
1256 4581 1312 4632 δὲ
1346 4582 1427 4634 ὃτι
1460 4581 1556 4652 τῆς
1588 4581 1736 4643 νέας,
1771 4582 1862 4634 καὶ

1971 4588 2211 4642 tissimus
2240 4584 2458 4646 Paulus.
2503 4591 2558 4636 et
2589 4589 2768 4634 vetere
2806 4589 3072 4647 princepto
3113 4578 3412 4645 antiquato,
3457 4584 3538 4628 ut-

281 4674 340 4724 ὲν
385 4672 612 4743 Χριστῷ
656 4673 790 4725 πολὺ
827 4673 888 4726 τὸ
939 4672 1396 4745 παρηλλαγμένον
1447 4671 1676 4743 ἐχούσης
1716 4673 1869 4742 παρὰ

277 4759 383 4835 est
413 4765 662 4835 πρώτην.
703 4765 768 4818 Ἥ
821 4766 920 4834 μὲν
968 4767 1077 4835 γὰρ
1129 4761 1197 4835 ἦν
1243 4766 1301 4817 ἐν
1343 4767 1620 4834 σκιαῖς,ὴ
1667 4765 1724 4816 δὲ
1769 4766 1867 4834 τῆς

278 4857 546 4926 ἀληθείας
567 4857 628 4910 τὸ
651 4857 843 4920 κάλλος
871 4857 1252 4926 ἁπαστράπτει
1283 4856 1685 4926 πνευματικῶς.
1722 4857 1866 4925 Ἔφη

275 4947 410 5016 γοῦν
432 4952 460 5002 6
487 4948 599 5000 τῶν
630 4949 768 5002 ὅλων
797 4948 928 5010 Θεὸς
953 4948 1020 4999 δι’
1063 4948 1180 5010 ἑνὸς
1204 4949 1310 5000 τῶν
1345 4948 1514 5016 ἁγίων
1549 4946 1864 5018 προφητῶν·

284 5059 302 5090 ι
327 5041 462 5093 Ἰδοὺ
491 5040 698 5110 ἡμέραι
730 5038 997 5109 ἔρχονται,
1031 5034 1178 5106 λέγει
1212 5037 1545 5109 Κύριος,καὶ
1571 5038 1872 5091 συντελέσω

277 5133 373 5184 ἐπὶ
418 5132 511 5185 τὸν
543 5126 692 5184 οἷκον
743 5129 936 5185 Ἰακὼϐ
969 5129 1186 5184 καὶῒπὶ
1211 5131 1304 5184 τὸν
1331 5126 1478 5183 οἶκον
1507 5128 1723 5200 Ἰσραὴλ
1748 5127 1866 5182 δια-

278 5225 462 5295 θήκην
485 5225 699 5292 καινὴν,
722 5225 782 5276 ού
809 5225 950 5277 κατᾶ
977 5225 1077 5294 τὴν
1091 5224 1380 5295 διαθήκην,
1397 5225 1466 5296 ἢν
1487 5224 1745 5295 διεθέμην
1761 5226 1870 5286 τοῖς

280 5316 560 5386 πατράσιν
581 5315 758 5367 αὐτῶν
796 5319 854 5368 ὲν
881 5316 1066 5388 ἡμέρᾳ
1089 5315 1599 5386 ὲπιλαμὸανομένου
1638 5332 1739 5384 μου
1772 5314 1872 5384 τῆς

278 5405 468 5475 χειρὸς
497 5404 676 5456 αὐτῶν
697 5403 786 5456 τοῦ
815 5404 1099 5474 ἐξαγαγεῖν
1124 5405 1321 5468 αὐτοὺς
1347 5405 1411 5458 ὲκ
1433 5405 1537 5474 γῆς
1562 5403 1836 5471 Αἰγύπτου
1852 5419 1869 5436 ο

353 5573 399 5608 ⁸⁸
440 5572 634 5626 Matth.
671 5590 781 5640 xvi,
810 5577 901 5631 26.
979 5579 1024 5612 ³⁸
1054 5581 1071 5632 l
1112 5579 1239 5633 Cor.
1274 5595 1337 5646 ιι,
1359 5580 1412 5635 9.
1489 5581 1532 5613 “
1561 5579 1722 5635 llebr.
1755 5595 1830 5647 ix,
1852 5574 1953 5634 Ἰθ.

357 5725 433 5798 (1)
467 5723 848 5780 Desiderantur
885 5729 968 5781 hic
993 5727 1270 5783 nonnulla.

1967 4687 2090 4747 pote
2133 4678 2186 4730 in
2239 4689 2347 4743 quo
2400 4672 2600 4742 aliquid
2661 4669 3092 4732 desiderabatur,
3120 4667 3270 4720 locus
3305 4674 3422 4720 erat
3455 4678 3541 4718 σοι

1965 4765 2160 4828 eundo,
2195 4777 2334 4816 novo
2394 4762 2622 4821 scilicet,
2665 4758 2806 4827 quod
2861 4757 2912 4810 in
2951 4755 3172 4809 Christo
3228 4753 3452 4806 multum
3505 4767 3538 4808 a

1967 4853 2135 4924 priori
2175 4853 2542 4918 discrepabat.
2577 4848 2709 4902 lllud
2759 4848 2902 4902 enim
2949 4854 3065 4899 erat
3094 4845 3146 4897 iu
3173 4843 3401 4905 umbris,
3433 4842 3538 4895 hoc

1968 4943 2216 4999 veritatis
2282 4940 2732 5010 pulchritudinem
2784 4938 2963 4992 elucet
2988 4935 3365 5006 spiritualitcr.
3397 4933 3540 4986 Dixit

1962 5038 2146 5105 itaque
2186 5035 2563 5088 universorqu
2615 5032 2755 5086 Deus
2783 5046 2878 5100 per
2905 5045 3068 5083 unum
3122 5041 3153 5081 e
3187 5026 3390 5080 sanctis
3417 5037 3542 5092 pro-

1966 5125 2146 5197 phetis
2171 5141 2185 5176 :
2225 5142 2244 5174 ι
2279 5122 2415 5175 Ecce
2441 5121 2557 5175 dies
2591 5121 2835 5183 veniunt,
2862 5118 2994 5173 dicit
3023 5116 3300 5179 Dominus,
3331 5123 3385 5168 et
3413 5128 3542 5166 ron-

1967 5216 2254 5272 summabo
2287 5229 2450 5284 super
2483 5214 2700 5268 domum
2729 5211 2919 5279 Iacob,
2945 5223 3000 5265 et
3027 5221 3188 5278 super
3219 5207 3435 5261 domum
3466 5204 3538 5260 Is.

1969 5308 2082 5363 racl
2115 5315 2496 5362 testamentum
2532 5318 2754 5369 novum,
2788 5319 2892 5357 non
2919 5300 3212 5356 secundum
3241 5305 3534 5351 testamen-

1971 5411 2081 5455 tum
2119 5399 2262 5469 quod
2293 5397 2537 5469 percussi
2565 5413 2684 5452 cum
2718 5395 2962 5466 patribus
2996 5407 3209 5459 eorum,
3235 5391 3320 5446 die
3344 5401 3410 5443 eo
3431 5400 3540 5460 quo
3589 5449 3598 5457 ε
