  <div class='ocr_page' id='page_1' title='image "/cluster/home/n/w/nwhite01/storage/ocr_20150623/70/mdp.39015078384453/619.png"; bbox 0 0 4092 6296; ppageno 0'>
   <div class='ocr_carea' id='block_1_1' title="bbox 575 347 718 405">
    <p class='ocr_par' dir='ltr' id='par_1_1' title="bbox 575 347 718 405">
     <span class='ocr_line' id='line_1_1' title="bbox 575 347 718 405; baseline -0.021 0"><span class='ocrx_word' id='word_1_1' title='bbox 575 349 601 405; x_wconf 74' lang='grc' dir='ltr'><strong>ί</strong></span> <span class='ocrx_word' id='word_1_2' title='bbox 610 347 718 403; x_wconf 67' lang='lat'><strong>993</strong></span> 
     </span>
    </p>
   </div>
   <div class='ocr_carea' id='block_1_2' title="bbox 1563 329 2810 398">
    <p class='ocr_par' dir='ltr' id='par_1_2' title="bbox 1563 329 2810 398">
     <span class='ocr_line' id='line_1_2' title="bbox 1563 329 2810 398; baseline -0.01 0"><span class='ocrx_word' id='word_1_3' title='bbox 1563 344 1624 398; x_wconf 91' lang='lat' dir='ltr'><strong>S.</strong></span> <span class='ocrx_word' id='word_1_4' title='bbox 1669 333 1946 394; x_wconf 74' lang='lat' dir='ltr'><strong>CYRILLI</strong></span> <span class='ocrx_word' id='word_1_5' title='bbox 1982 329 2452 387; x_wconf 73' lang='lat' dir='ltr'><strong>ALEXANDRINI</strong></span> <span class='ocrx_word' id='word_1_6' title='bbox 2491 329 2810 386; x_wconf 73' lang='lat' dir='ltr'><strong>ARCHIEP.</strong></span> 
     </span>
    </p>
   </div>
   <div class='ocr_carea' id='block_1_3' title="bbox 3703 323 3855 378">
    <p class='ocr_par' dir='ltr' id='par_1_3' title="bbox 3703 323 3855 378">
     <span class='ocr_line' id='line_1_3' title="bbox 3703 323 3855 378; baseline -0.007 0"><span class='ocrx_word' id='word_1_7' title='bbox 3703 323 3855 378; x_wconf 69' lang='grc'><strong>1224</strong></span> 
     </span>
    </p>
   </div>
   <div class='ocr_carea' id='block_1_4' title="bbox 575 440 2173 533">
    <p class='ocr_par' dir='ltr' id='par_1_4' title="bbox 575 454 2153 533">
     <span class='ocr_line' id='line_1_4' title="bbox 575 454 2153 533; baseline -0.009 -15"><span class='ocrx_word' id='word_1_8' title='bbox 575 460 906 533; x_wconf 70' lang='lat' dir='ltr'><strong>apprehendi</strong></span> <span class='ocrx_word' id='word_1_9' title='bbox 941 474 1156 514; x_wconf 83' lang='lat' dir='ltr'><strong>manum</strong></span> <span class='ocrx_word' id='word_1_10' title='bbox 1183 472 1394 520; x_wconf 84' lang='lat' dir='ltr'><strong>eorum,</strong></span> <span class='ocrx_word' id='word_1_11' title='bbox 1430 466 1490 510; x_wconf 92' lang='lat' dir='ltr'><strong>ut</strong></span> <span class='ocrx_word' id='word_1_12' title='bbox 1515 454 1803 510; x_wconf 81' lang='lat' dir='ltr'><strong>educerem</strong></span> <span class='ocrx_word' id='word_1_13' title='bbox 1827 466 1921 507; x_wconf 90' lang='lat' dir='ltr'><strong>eos</strong></span> <span class='ocrx_word' id='word_1_14' title='bbox 1945 470 1976 506; x_wconf 92' lang='lat' dir='ltr'><strong>e</strong></span> <span class='ocrx_word' id='word_1_15' title='bbox 2005 459 2153 504; x_wconf 78' lang='lat' dir='ltr'><strong>terra</strong></span> 
     </span>
    </p>
   </div>
   <div class='ocr_carea' id='block_1_5' title="bbox 2278 440 3854 533">
    <p class='ocr_par' dir='ltr' id='par_1_5' title="bbox 2278 440 3854 516">
     <span class='ocr_line' id='line_1_5' title="bbox 2278 440 3854 516; baseline -0.006 -16"><span class='ocrx_word' id='word_1_16' title='bbox 2278 451 2338 502; x_wconf 64' lang='grc' dir='ltr'>ἑτι</span> <span class='ocrx_word' id='word_1_17' title='bbox 2373 449 2523 503; x_wconf 75' lang='grc' dir='ltr'>αὐτοὶ</span> <span class='ocrx_word' id='word_1_18' title='bbox 2558 449 2659 502; x_wconf 71' lang='grc' dir='ltr'><strong>οὐκ</strong></span> <span class='ocrx_word' id='word_1_19' title='bbox 2713 449 2994 516; x_wconf 81' lang='grc' dir='ltr'>ἐνέμειναν</span> <span class='ocrx_word' id='word_1_20' title='bbox 3025 449 3082 499; x_wconf 78' lang='grc' dir='ltr'><strong>ὲν</strong></span> <span class='ocrx_word' id='word_1_21' title='bbox 3134 448 3200 516; x_wconf 69' lang='grc' dir='ltr'>τῇ</span> <span class='ocrx_word' id='word_1_22' title='bbox 3238 443 3470 513; x_wconf 63' lang='grc' dir='ltr'>διαθήκῃ</span> <span class='ocrx_word' id='word_1_23' title='bbox 3505 458 3627 511; x_wconf 80' lang='grc' dir='ltr'>μου,</span> <span class='ocrx_word' id='word_1_24' title='bbox 3684 440 3854 508; x_wconf 72' lang='grc' dir='ltr'><strong>κάγὼ</strong></span> 
     </span>
    </p>
   </div>
   <div class='ocr_carea' id='block_1_6' title="bbox 576 544 2151 623">
    <p class='ocr_par' dir='ltr' id='par_1_6' title="bbox 576 544 2151 623">
     <span class='ocr_line' id='line_1_6' title="bbox 576 544 2151 623; baseline -0.011 -13"><span class='ocrx_word' id='word_1_25' title='bbox 576 553 836 623; x_wconf 59' lang='lat' dir='ltr'><strong>Egypt‘i;</strong></span> <span class='ocrx_word' id='word_1_26' title='bbox 874 551 997 619; x_wconf 98' lang='lat' dir='ltr'><strong>quia</strong></span> <span class='ocrx_word' id='word_1_27' title='bbox 1035 551 1108 603; x_wconf 89' lang='lat' dir='ltr'><strong>illi</strong></span> <span class='ocrx_word' id='word_1_28' title='bbox 1141 565 1244 602; x_wconf 86' lang='lat' dir='ltr'><strong>non</strong></span> <span class='ocrx_word' id='word_1_29' title='bbox 1295 554 1715 617; x_wconf 66' lang='lat' dir='ltr'><strong>pern&#39;ianserunt</strong></span> <span class='ocrx_word' id='word_1_30' title='bbox 1745 544 1800 598; x_wconf 85' lang='lat' dir='ltr'><strong>in</strong></span> <span class='ocrx_word' id='word_1_31' title='bbox 1830 549 2151 596; x_wconf 88' lang='lat' dir='ltr'><strong>testamento</strong></span> 
     </span>
    </p>
   </div>
   <div class='ocr_carea' id='block_1_7' title="bbox 574 633 2153 708">
    <p class='ocr_par' dir='ltr' id='par_1_7' title="bbox 574 633 2153 708">
     <span class='ocr_line' id='line_1_7' title="bbox 574 633 2153 708; baseline -0.009 -10"><span class='ocrx_word' id='word_1_32' title='bbox 574 649 721 698; x_wconf 81' lang='lat' dir='ltr'><strong>ineo.</strong></span> <span class='ocrx_word' id='word_1_33' title='bbox 753 642 817 696; x_wconf 90' lang='lat' dir='ltr'><strong>Et</strong></span> <span class='ocrx_word' id='word_1_34' title='bbox 871 656 969 708; x_wconf 85' lang='lat' dir='ltr'><strong>ego</strong></span> <span class='ocrx_word' id='word_1_35' title='bbox 1029 639 1237 706; x_wconf 78' lang='lat' dir='ltr'><strong>neglexi</strong></span> <span class='ocrx_word' id='word_1_36' title='bbox 1269 653 1385 703; x_wconf 86' lang='lat' dir='ltr'><strong>eos,</strong></span> <span class='ocrx_word' id='word_1_37' title='bbox 1419 636 1552 692; x_wconf 87' lang='lat' dir='ltr'><strong>dicit</strong></span> <span class='ocrx_word' id='word_1_38' title='bbox 1579 635 1857 688; x_wconf 82' lang='lat' dir='ltr'><strong>Dominus.</strong></span> <span class='ocrx_word' id='word_1_39' title='bbox 1889 633 2022 687; x_wconf 84' lang='lat' dir='ltr'><strong>Nam</strong></span> <span class='ocrx_word' id='word_1_40' title='bbox 2051 633 2153 686; x_wconf 91' lang='lat' dir='ltr'><strong>hoc</strong></span> 
     </span>
    </p>
   </div>
   <div class='ocr_carea' id='block_1_8' title="bbox 581 724 2155 797">
    <p class='ocr_par' dir='ltr' id='par_1_8' title="bbox 581 724 2155 797">
     <span class='ocr_line' id='line_1_8' title="bbox 581 724 2155 797; baseline -0.008 -8"><span class='ocrx_word' id='word_1_41' title='bbox 581 743 960 789; x_wconf 71' lang='lat' dir='ltr'><strong>testamentum</strong></span> <span class='ocrx_word' id='word_1_42' title='bbox 992 740 1074 784; x_wconf 87' lang='lat' dir='ltr'><strong>est</strong></span> <span class='ocrx_word' id='word_1_43' title='bbox 1106 730 1250 797; x_wconf 87' lang='lat' dir='ltr'><strong>quod</strong></span> <span class='ocrx_word' id='word_1_44' title='bbox 1285 729 1472 783; x_wconf 80' lang='lat' dir='ltr'><strong>feriam</strong></span> <span class='ocrx_word' id='word_1_45' title='bbox 1497 743 1627 780; x_wconf 81' lang='lat' dir='ltr'><strong>cum</strong></span> <span class='ocrx_word' id='word_1_46' title='bbox 1661 727 1820 779; x_wconf 87' lang='lat' dir='ltr'><strong>domo</strong></span> <span class='ocrx_word' id='word_1_47' title='bbox 1851 724 2011 779; x_wconf 83' lang='lat' dir='ltr'><strong>Israel</strong></span> <span class='ocrx_word' id='word_1_48' title='bbox 2036 731 2155 790; x_wconf 86' lang='lat' dir='ltr'><strong>post</strong></span> 
     </span>
    </p>
   </div>
   <div class='ocr_carea' id='block_1_9' title="bbox 581 814 2152 888">
    <p class='ocr_par' dir='ltr' id='par_1_9' title="bbox 581 814 2152 888">
     <span class='ocr_line' id='line_1_9' title="bbox 581 814 2152 888; baseline -0.008 -9"><span class='ocrx_word' id='word_1_49' title='bbox 581 827 696 879; x_wconf 89' lang='lat' dir='ltr'><strong>dies</strong></span> <span class='ocrx_word' id='word_1_50' title='bbox 724 825 858 888; x_wconf 85' lang='lat' dir='ltr'><strong>illus,</strong></span> <span class='ocrx_word' id='word_1_51' title='bbox 881 823 1012 876; x_wconf 85' lang='lat' dir='ltr'><strong>dicit</strong></span> <span class='ocrx_word' id='word_1_52' title='bbox 1054 821 1352 875; x_wconf 85' lang='lat' dir='ltr'><strong>Dominus;</strong></span> <span class='ocrx_word' id='word_1_53' title='bbox 1384 821 1521 872; x_wconf 85' lang='lat' dir='ltr'><strong>dabo</strong></span> <span class='ocrx_word' id='word_1_54' title='bbox 1565 819 1709 885; x_wconf 80' lang='lat' dir='ltr'><strong>leges</strong></span> <span class='ocrx_word' id='word_1_55' title='bbox 1737 832 1881 870; x_wconf 88' lang='lat' dir='ltr'><strong>meas</strong></span> <span class='ocrx_word' id='word_1_56' title='bbox 1917 814 1970 868; x_wconf 90' lang='lat' dir='ltr'><strong>in</strong></span> <span class='ocrx_word' id='word_1_57' title='bbox 2003 829 2152 866; x_wconf 86' lang='lat' dir='ltr'><strong>men-</strong></span> 
     </span>
    </p>
   </div>
   <div class='ocr_carea' id='block_1_10' title="bbox 587 905 2148 978">
    <p class='ocr_par' dir='ltr' id='par_1_10' title="bbox 587 905 2148 978">
     <span class='ocr_line' id='line_1_10' title="bbox 587 905 2148 978; baseline -0.009 -8"><span class='ocrx_word' id='word_1_58' title='bbox 587 928 695 970; x_wconf 86' lang='lat' dir='ltr'><strong>tem</strong></span> <span class='ocrx_word' id='word_1_59' title='bbox 739 932 950 978; x_wconf 87' lang='lat' dir='ltr'><strong>eorum,</strong></span> <span class='ocrx_word' id='word_1_60' title='bbox 984 923 1039 967; x_wconf 92' lang='lat' dir='ltr'><strong>et</strong></span> <span class='ocrx_word' id='word_1_61' title='bbox 1076 912 1335 966; x_wconf 86' lang='lat' dir='ltr'><strong>cordibus</strong></span> <span class='ocrx_word' id='word_1_62' title='bbox 1362 925 1550 964; x_wconf 86' lang='lat' dir='ltr'><strong>eorum</strong></span> <span class='ocrx_word' id='word_1_63' title='bbox 1586 909 1876 964; x_wconf 75' lang='lat' dir='ltr'><strong>inscribam</strong></span> <span class='ocrx_word' id='word_1_64' title='bbox 1909 922 2002 961; x_wconf 90' lang='lat' dir='ltr'><strong>eas</strong></span> <span class='ocrx_word' id='word_1_65' title='bbox 2030 905 2094 958; x_wconf 78' lang='lat'><strong>“.</strong></span> <span class='ocrx_word' id='word_1_66' title='bbox 2130 924 2148 956; x_wconf 72' lang='grc' dir='ltr'><strong>ι</strong></span> 
     </span>
    </p>
   </div>
   <div class='ocr_carea' id='block_1_11' title="bbox 584 999 2154 1065">
    <p class='ocr_par' dir='ltr' id='par_1_11' title="bbox 584 999 2154 1065">
     <span class='ocr_line' id='line_1_11' title="bbox 584 999 2154 1065; baseline -0.01 0"><span class='ocrx_word' id='word_1_67' title='bbox 584 1009 955 1065; x_wconf 79' lang='lat' dir='ltr'><strong>Diﬂ&#39;erentiam</strong></span> <span class='ocrx_word' id='word_1_68' title='bbox 993 1007 1155 1060; x_wconf 91' lang='lat' dir='ltr'><strong>etiam</strong></span> <span class='ocrx_word' id='word_1_69' title='bbox 1214 1005 1412 1058; x_wconf 88' lang='lat' dir='ltr'><strong>veteris</strong></span> <span class='ocrx_word' id='word_1_70' title='bbox 1458 1013 1513 1057; x_wconf 91' lang='lat' dir='ltr'><strong>et</strong></span> <span class='ocrx_word' id='word_1_71' title='bbox 1570 1001 1692 1055; x_wconf 93' lang='lat' dir='ltr'><strong>novi</strong></span> <span class='ocrx_word' id='word_1_72' title='bbox 1727 999 2034 1054; x_wconf 74' lang='lat' dir='ltr'><strong>tesmmenti</strong></span> <span class='ocrx_word' id='word_1_73' title='bbox 2064 1013 2154 1063; x_wconf 83' lang='lat' dir='ltr'><strong>os-</strong></span> 
     </span>
    </p>
   </div>
   <div class='ocr_carea' id='block_1_12' title="bbox 586 1090 2158 1167">
    <p class='ocr_par' dir='ltr' id='par_1_12' title="bbox 586 1090 2158 1167">
     <span class='ocr_line' id='line_1_12' title="bbox 586 1090 2158 1167; baseline -0.01 -9"><span class='ocrx_word' id='word_1_74' title='bbox 586 1104 756 1158; x_wconf 78' lang='lat' dir='ltr'><strong>tendit</strong></span> <span class='ocrx_word' id='word_1_75' title='bbox 810 1101 967 1157; x_wconf 81' lang='lat' dir='ltr'><strong>nohis</strong></span> <span class='ocrx_word' id='word_1_76' title='bbox 1019 1099 1233 1167; x_wconf 83' lang='lat' dir='ltr'><strong>sapiens</strong></span> <span class='ocrx_word' id='word_1_77' title='bbox 1279 1096 1536 1158; x_wconf 82' lang='lat' dir='ltr'><strong>Joannes,</strong></span> <span class='ocrx_word' id='word_1_78' title='bbox 1583 1095 1806 1147; x_wconf 90' lang='lat' dir='ltr'><strong>dicens:</strong></span> <span class='ocrx_word' id='word_1_79' title='bbox 1841 1109 1860 1142; x_wconf 76' lang='grc' dir='ltr'><strong>ι</strong></span> <span class='ocrx_word' id='word_1_80' title='bbox 1888 1090 1997 1144; x_wconf 81' lang='lat' dir='ltr'><strong>Lex</strong></span> <span class='ocrx_word' id='word_1_81' title='bbox 2063 1105 2158 1158; x_wconf 85' lang='lat' dir='ltr'><strong>per</strong></span> 
     </span>
    </p>
   </div>
   <div class='ocr_carea' id='block_1_13' title="bbox 583 1180 2155 1264">
    <p class='ocr_par' dir='ltr' id='par_1_13' title="bbox 583 1180 2155 1264">
     <span class='ocr_line' id='line_1_13' title="bbox 583 1180 2155 1264; baseline -0.012 -13"><span class='ocrx_word' id='word_1_82' title='bbox 583 1195 804 1264; x_wconf 78' lang='lat' dir='ltr'><strong>Moysen</strong></span> <span class='ocrx_word' id='word_1_83' title='bbox 833 1195 956 1246; x_wconf 89' lang='lat' dir='ltr'><strong>data</strong></span> <span class='ocrx_word' id='word_1_84' title='bbox 984 1201 1087 1249; x_wconf 90' lang='lat' dir='ltr'><strong>est.</strong></span> <span class='ocrx_word' id='word_1_85' title='bbox 1115 1190 1286 1256; x_wconf 87' lang='lat' dir='ltr'><strong>gratia</strong></span> <span class='ocrx_word' id='word_1_86' title='bbox 1317 1199 1369 1243; x_wconf 90' lang='lat' dir='ltr'><strong>et</strong></span> <span class='ocrx_word' id='word_1_87' title='bbox 1407 1187 1610 1240; x_wconf 85' lang='lat' dir='ltr'><strong>veritas</strong></span> <span class='ocrx_word' id='word_1_88' title='bbox 1644 1200 1738 1254; x_wconf 89' lang='lat' dir='ltr'><strong>per</strong></span> <span class='ocrx_word' id='word_1_89' title='bbox 1763 1181 1947 1237; x_wconf 69' lang='lat' dir='ltr'><strong>Iesum</strong></span> <span class='ocrx_word' id='word_1_90' title='bbox 1997 1180 2155 1233; x_wconf 84' lang='lat' dir='ltr'><strong>Chri-</strong></span> 
     </span>
    </p>
   </div>
   <div class='ocr_carea' id='block_1_14' title="bbox 585 1272 2158 1342">
    <p class='ocr_par' dir='ltr' id='par_1_14' title="bbox 585 1272 2158 1342">
     <span class='ocr_line' id='line_1_14' title="bbox 585 1272 2158 1342; baseline -0.008 -4"><span class='ocrx_word' id='word_1_91' title='bbox 585 1296 726 1338; x_wconf 83' lang='lat' dir='ltr'><strong>stum</strong></span> <span class='ocrx_word' id='word_1_92' title='bbox 794 1283 931 1334; x_wconf 80' lang='lat' dir='ltr'><strong>iacta</strong></span> <span class='ocrx_word' id='word_1_93' title='bbox 965 1289 1050 1334; x_wconf 87' lang='lat' dir='ltr'><strong>est</strong></span> <span class='ocrx_word' id='word_1_94' title='bbox 1078 1279 1145 1334; x_wconf 74' lang='grc' dir='ltr'>δ’.</span> <span class='ocrx_word' id='word_1_95' title='bbox 1171 1298 1190 1330; x_wconf 69' lang='grc' dir='ltr'><strong>ι</strong></span> <span class='ocrx_word' id='word_1_96' title='bbox 1221 1277 1460 1332; x_wconf 84' lang='lat' dir='ltr'><strong>Gratiam</strong></span> <span class='ocrx_word' id='word_1_97' title='bbox 1491 1284 1546 1330; x_wconf 91' lang='lat' dir='ltr'><strong>et</strong></span> <span class='ocrx_word' id='word_1_98' title='bbox 1590 1275 1871 1329; x_wconf 85' lang='lat' dir='ltr'><strong>veritatem</strong></span> <span class='ocrx_word' id='word_1_99' title='bbox 1926 1272 2158 1342; x_wconf 81' lang='lat' dir='ltr'><strong>appellat</strong></span> 
     </span>
    </p>
   </div>
   <div class='ocr_carea' id='block_1_15' title="bbox 588 1367 2157 1439">
    <p class='ocr_par' dir='ltr' id='par_1_15' title="bbox 588 1367 2157 1439">
     <span class='ocr_line' id='line_1_15' title="bbox 588 1367 2157 1439; baseline -0.006 -11"><span class='ocrx_word' id='word_1_100' title='bbox 588 1375 983 1428; x_wconf 83' lang='lat' dir='ltr'><strong>institutionem</strong></span> <span class='ocrx_word' id='word_1_101' title='bbox 1025 1371 1138 1426; x_wconf 86' lang='lat' dir='ltr'><strong>veri</strong></span> <span class='ocrx_word' id='word_1_102' title='bbox 1170 1380 1224 1423; x_wconf 92' lang='lat' dir='ltr'><strong>et</strong></span> <span class='ocrx_word' id='word_1_103' title='bbox 1275 1369 1574 1439; x_wconf 88' lang='lat' dir='ltr'><strong>spiritualis</strong></span> <span class='ocrx_word' id='word_1_104' title='bbox 1603 1367 1779 1421; x_wconf 87' lang='lat' dir='ltr'><strong>cultus</strong></span> <span class='ocrx_word' id='word_1_105' title='bbox 1804 1380 1900 1433; x_wconf 91' lang='lat' dir='ltr'><strong>per</strong></span> <span class='ocrx_word' id='word_1_106' title='bbox 1923 1379 2157 1433; x_wconf 87' lang='lat' dir='ltr'><strong>evange-</strong></span> 
     </span>
    </p>
   </div>
   <div class='ocr_carea' id='block_1_16' title="bbox 588 1460 2159 1530">
    <p class='ocr_par' dir='ltr' id='par_1_16' title="bbox 588 1460 2159 1530">
     <span class='ocr_line' id='line_1_16' title="bbox 588 1460 2159 1530; baseline -0.005 -12"><span class='ocrx_word' id='word_1_107' title='bbox 588 1466 688 1517; x_wconf 85' lang='lat' dir='ltr'><strong>lica</strong></span> <span class='ocrx_word' id='word_1_108' title='bbox 728 1463 944 1516; x_wconf 81' lang='lat' dir='ltr'><strong>oracula</strong></span> <span class='ocrx_word' id='word_1_109' title='bbox 963 1501 978 1524; x_wconf 92' lang='lat'><strong>,</strong></span> <span class='ocrx_word' id='word_1_110' title='bbox 1039 1478 1159 1530; x_wconf 76' lang='lat' dir='ltr'><strong>qua:</strong></span> <span class='ocrx_word' id='word_1_111' title='bbox 1185 1476 1306 1514; x_wconf 91' lang='lat' dir='ltr'><strong>cum</strong></span> <span class='ocrx_word' id='word_1_112' title='bbox 1340 1461 1538 1514; x_wconf 88' lang='lat' dir='ltr'><strong>virtute</strong></span> <span class='ocrx_word' id='word_1_113' title='bbox 1563 1473 1626 1513; x_wconf 87' lang='lat' dir='ltr'><strong>ac</strong></span> <span class='ocrx_word' id='word_1_114' title='bbox 1655 1460 1892 1527; x_wconf 90' lang='lat' dir='ltr'><strong>potentia</strong></span> <span class='ocrx_word' id='word_1_115' title='bbox 1919 1467 2002 1512; x_wconf 87' lang='lat' dir='ltr'><strong>est</strong></span> <span class='ocrx_word' id='word_1_116' title='bbox 2031 1473 2159 1512; x_wconf 87' lang='lat' dir='ltr'><strong>cou-</strong></span> 
     </span>
    </p>
   </div>
   <div class='ocr_carea' id='block_1_17' title="bbox 584 1551 2157 1624">
    <p class='ocr_par' dir='ltr' id='par_1_17' title="bbox 584 1551 2157 1624">
     <span class='ocr_line' id='line_1_17' title="bbox 584 1551 2157 1624; baseline -0.002 -17"><span class='ocrx_word' id='word_1_117' title='bbox 584 1553 1030 1624; x_wconf 76' lang='lat' dir='ltr'><strong>jnncta.Moysen</strong></span> <span class='ocrx_word' id='word_1_118' title='bbox 1057 1554 1223 1616; x_wconf 88' lang='lat' dir='ltr'><strong>enim,</strong></span> <span class='ocrx_word' id='word_1_119' title='bbox 1252 1568 1373 1607; x_wconf 89' lang='lat' dir='ltr'><strong>cum</strong></span> <span class='ocrx_word' id='word_1_120' title='bbox 1403 1551 1634 1604; x_wconf 83' lang='lat' dir='ltr'><strong>famulus</strong></span> <span class='ocrx_word' id='word_1_121' title='bbox 1658 1562 1823 1616; x_wconf 85' lang='lat' dir='ltr'><strong>esset,</strong></span> <span class='ocrx_word' id='word_1_122' title='bbox 1852 1552 2157 1605; x_wconf 90' lang='lat' dir='ltr'><strong>ministrum</strong></span> 
     </span>
    </p>
   </div>
   <div class='ocr_carea' id='block_1_18' title="bbox 589 1645 2160 1715">
    <p class='ocr_par' dir='ltr' id='par_1_18' title="bbox 589 1645 2160 1715">
     <span class='ocr_line' id='line_1_18' title="bbox 589 1645 2160 1715; baseline -0.004 -13"><span class='ocrx_word' id='word_1_123' title='bbox 589 1663 710 1702; x_wconf 85' lang='lat' dir='ltr'><strong>esse</strong></span> <span class='ocrx_word' id='word_1_124' title='bbox 733 1649 941 1700; x_wconf 75' lang='lat' dir='ltr'><strong>umth</strong></span> <span class='ocrx_word' id='word_1_125' title='bbox 979 1661 1083 1698; x_wconf 88' lang='lat' dir='ltr'><strong>non</strong></span> <span class='ocrx_word' id='word_1_126' title='bbox 1118 1647 1420 1710; x_wconf 88' lang='lat' dir='ltr'><strong>manentis;</strong></span> <span class='ocrx_word' id='word_1_127' title='bbox 1454 1645 1776 1715; x_wconf 76' lang='lat' dir='ltr'><strong>776jngis</strong></span> <span class='ocrx_word' id='word_1_128' title='bbox 1801 1660 1930 1698; x_wconf 87' lang='lat' dir='ltr'><strong>vero</strong></span> <span class='ocrx_word' id='word_1_129' title='bbox 1965 1657 2016 1697; x_wconf 88' lang='lat' dir='ltr'><strong>et</strong></span> <span class='ocrx_word' id='word_1_130' title='bbox 2048 1660 2160 1696; x_wconf 87' lang='lat' dir='ltr'><strong>ma-</strong></span> 
     </span>
    </p>
   </div>
   <div class='ocr_carea' id='block_1_19' title="bbox 591 1732 2163 1803">
    <p class='ocr_par' dir='ltr' id='par_1_19' title="bbox 591 1732 2163 1803">
     <span class='ocr_line' id='line_1_19' title="bbox 591 1732 2163 1803; baseline -0.004 -11"><span class='ocrx_word' id='word_1_131' title='bbox 591 1739 772 1792; x_wconf 84' lang='lat' dir='ltr'><strong>nentis</strong></span> <span class='ocrx_word' id='word_1_132' title='bbox 803 1737 976 1790; x_wconf 86' lang='lat' dir='ltr'><strong>cultus</strong></span> <span class='ocrx_word' id='word_1_133' title='bbox 1016 1736 1262 1788; x_wconf 86' lang='lat' dir='ltr'><strong>nuntium</strong></span> <span class='ocrx_word' id='word_1_134' title='bbox 1296 1751 1419 1789; x_wconf 90' lang='lat' dir='ltr'><strong>eum</strong></span> <span class='ocrx_word' id='word_1_135' title='bbox 1449 1737 1540 1803; x_wconf 85' lang='lat' dir='ltr'><strong>qui</strong></span> <span class='ocrx_word' id='word_1_136' title='bbox 1609 1746 1842 1788; x_wconf 67' lang='lat' dir='ltr'><strong>aeternus</strong></span> <span class='ocrx_word' id='word_1_137' title='bbox 1869 1745 1970 1798; x_wconf 90' lang='lat' dir='ltr'><strong>est,</strong></span> <span class='ocrx_word' id='word_1_138' title='bbox 2007 1732 2163 1787; x_wconf 82' lang='lat' dir='ltr'><strong>Citri-</strong></span> 
     </span>
    </p>
   </div>
   <div class='ocr_carea' id='block_1_20' title="bbox 2257 530 3826 611">
    <p class='ocr_par' dir='ltr' id='par_1_20' title="bbox 2257 530 3826 611">
     <span class='ocr_line' id='line_1_20' title="bbox 2257 530 3826 611; baseline -0.009 -16"><span class='ocrx_word' id='word_1_139' title='bbox 2257 540 2509 611; x_wconf 76' lang='grc' dir='ltr'>ὴμέλησα</span> <span class='ocrx_word' id='word_1_140' title='bbox 2536 539 2736 604; x_wconf 71' lang='grc' dir='ltr'>αὐτῶν,</span> <span class='ocrx_word' id='word_1_141' title='bbox 2765 539 2914 607; x_wconf 67' lang='grc' dir='ltr'>λέγει</span> <span class='ocrx_word' id='word_1_142' title='bbox 2945 538 3148 606; x_wconf 79' lang='grc' dir='ltr'>Κύριος</span> <span class='ocrx_word' id='word_1_143' title='bbox 3177 552 3189 564; x_wconf 89' lang='grc'><strong>·</strong></span> <span class='ocrx_word' id='word_1_144' title='bbox 3234 537 3318 589; x_wconf 86' lang='grc' dir='ltr'>ὅτι</span> <span class='ocrx_word' id='word_1_145' title='bbox 3350 533 3490 602; x_wconf 83' lang='grc' dir='ltr'>αῦτη</span> <span class='ocrx_word' id='word_1_146' title='bbox 3513 533 3548 601; x_wconf 77' lang='grc' dir='ltr'>ὴ</span> <span class='ocrx_word' id='word_1_147' title='bbox 3581 530 3826 601; x_wconf 76' lang='grc' dir='ltr'><strong>διαθήκη</strong></span> 
     </span>
    </p>
   </div>
   <div class='ocr_carea' id='block_1_21' title="bbox 2258 621 3851 700">
    <p class='ocr_par' dir='ltr' id='par_1_21' title="bbox 2258 621 3851 700">
     <span class='ocr_line' id='line_1_21' title="bbox 2258 621 3851 700; baseline -0.007 -18"><span class='ocrx_word' id='word_1_148' title='bbox 2258 629 2324 700; x_wconf 78' lang='grc' dir='ltr'>ἢν</span> <span class='ocrx_word' id='word_1_149' title='bbox 2369 630 2696 700; x_wconf 81' lang='grc' dir='ltr'>διαθήσομαι</span> <span class='ocrx_word' id='word_1_150' title='bbox 2740 628 2818 698; x_wconf 82' lang='grc' dir='ltr'>τῷ</span> <span class='ocrx_word' id='word_1_151' title='bbox 2846 629 2978 698; x_wconf 75' lang='grc' dir='ltr'>οἴκῳ</span> <span class='ocrx_word' id='word_1_152' title='bbox 3030 626 3248 695; x_wconf 73' lang='grc' dir='ltr'>Ἰσραὴλ</span> <span class='ocrx_word' id='word_1_153' title='bbox 3302 623 3441 694; x_wconf 87' lang='grc' dir='ltr'><strong>μετά</strong></span> <span class='ocrx_word' id='word_1_154' title='bbox 3485 622 3582 684; x_wconf 74' lang='grc' dir='ltr'>τὰς</span> <span class='ocrx_word' id='word_1_155' title='bbox 3628 621 3851 693; x_wconf 68' lang='grc' dir='ltr'>ἡμέρας</span> 
     </span>
    </p>
   </div>
   <div class='ocr_carea' id='block_1_22' title="bbox 2260 711 3852 787">
    <p class='ocr_par' dir='ltr' id='par_1_22' title="bbox 2260 711 3852 787">
     <span class='ocr_line' id='line_1_22' title="bbox 2260 711 3852 787; baseline -0.006 -16"><span class='ocrx_word' id='word_1_156' title='bbox 2260 719 2493 781; x_wconf 88' lang='grc' dir='ltr'>ἐκείνας,</span> <span class='ocrx_word' id='word_1_157' title='bbox 2524 718 2673 786; x_wconf 81' lang='grc' dir='ltr'><strong>λέγει</strong></span> <span class='ocrx_word' id='word_1_158' title='bbox 2697 719 2922 787; x_wconf 83' lang='grc' dir='ltr'>Κύριος,</span> <span class='ocrx_word' id='word_1_159' title='bbox 2944 717 3118 780; x_wconf 77' lang='grc' dir='ltr'>διδοὺς</span> <span class='ocrx_word' id='word_1_160' title='bbox 3142 716 3337 779; x_wconf 82' lang='grc' dir='ltr'>νόμους</span> <span class='ocrx_word' id='word_1_161' title='bbox 3371 730 3472 776; x_wconf 87' lang='grc' dir='ltr'><strong>μου</strong></span> <span class='ocrx_word' id='word_1_162' title='bbox 3497 713 3576 772; x_wconf 85' lang='grc' dir='ltr'><strong>είς</strong></span> <span class='ocrx_word' id='word_1_163' title='bbox 3606 712 3708 767; x_wconf 76' lang='grc' dir='ltr'>τὴν</span> <span class='ocrx_word' id='word_1_164' title='bbox 3731 711 3852 762; x_wconf 74' lang='grc' dir='ltr'>δια-</span> 
     </span>
    </p>
   </div>
   <div class='ocr_carea' id='block_1_23' title="bbox 2235 800 3857 877">
    <p class='ocr_par' dir='ltr' id='par_1_23' title="bbox 2235 800 3857 877">
     <span class='ocr_line' id='line_1_23' title="bbox 2235 800 3857 877; baseline -0.007 -15"><span class='ocrx_word' id='word_1_165' title='bbox 2235 809 2408 863; x_wconf 83' lang='grc' dir='ltr'>’νοιαν</span> <span class='ocrx_word' id='word_1_166' title='bbox 2451 808 2654 871; x_wconf 78' lang='grc' dir='ltr'>αὐτῶν,</span> <span class='ocrx_word' id='word_1_167' title='bbox 2689 810 2782 862; x_wconf 78' lang='grc' dir='ltr'>καὶ</span> <span class='ocrx_word' id='word_1_168' title='bbox 2816 809 2908 860; x_wconf 69' lang='grc' dir='ltr'>ἐπὶ</span> <span class='ocrx_word' id='word_1_169' title='bbox 2933 808 3030 870; x_wconf 81' lang='grc' dir='ltr'>τὰς</span> <span class='ocrx_word' id='word_1_170' title='bbox 3077 805 3304 877; x_wconf 79' lang='grc' dir='ltr'><strong>καρδίας</strong></span> <span class='ocrx_word' id='word_1_171' title='bbox 3334 804 3512 858; x_wconf 80' lang='grc' dir='ltr'>αὐτῶν</span> <span class='ocrx_word' id='word_1_172' title='bbox 3551 800 3857 869; x_wconf 60' lang='grc' dir='ltr'>ἐπιγρᾶσζνω</span> 
     </span>
    </p>
   </div>
   <div class='ocr_carea' id='block_1_24' title="bbox 2260 893 3854 968">
    <p class='ocr_par' dir='ltr' id='par_1_24' title="bbox 2260 893 3854 968">
     <span class='ocr_line' id='line_1_24' title="bbox 2260 893 3854 968; baseline -0.006 -16"><span class='ocrx_word' id='word_1_173' title='bbox 2260 899 2479 964; x_wconf 80' lang='grc' dir='ltr'>αὐτούς.</span> <span class='ocrx_word' id='word_1_174' title='bbox 2505 919 2522 952; x_wconf 75' lang='grc' dir='ltr'>ι</span> <span class='ocrx_word' id='word_1_175' title='bbox 2557 902 2667 968; x_wconf 80' lang='grc' dir='ltr'><strong>Τὴν</strong></span> <span class='ocrx_word' id='word_1_176' title='bbox 2721 900 2779 952; x_wconf 89' lang='grc' dir='ltr'><strong>δέ</strong></span> <span class='ocrx_word' id='word_1_177' title='bbox 2831 917 2894 967; x_wconf 86' lang='grc' dir='ltr'><strong>γε</strong></span> <span class='ocrx_word' id='word_1_178' title='bbox 2931 897 3194 967; x_wconf 78' lang='grc' dir='ltr'>διαφορὰν</span> <span class='ocrx_word' id='word_1_179' title='bbox 3247 895 3344 965; x_wconf 78' lang='grc' dir='ltr'><strong>τῆς</strong></span> <span class='ocrx_word' id='word_1_180' title='bbox 3374 910 3431 946; x_wconf 84' lang='grc' dir='ltr'><strong>τε</strong></span> <span class='ocrx_word' id='word_1_181' title='bbox 3471 893 3710 950; x_wconf 80' lang='grc' dir='ltr'>παλαιᾶς</span> <span class='ocrx_word' id='word_1_182' title='bbox 3750 893 3854 942; x_wconf 84' lang='grc' dir='ltr'>καὶ</span> 
     </span>
    </p>
   </div>
   <div class='ocr_carea' id='block_1_25' title="bbox 2260 983 3856 1061">
    <p class='ocr_par' dir='ltr' id='par_1_25' title="bbox 2260 983 3856 1061">
     <span class='ocr_line' id='line_1_25' title="bbox 2260 983 3856 1061; baseline -0.006 -18"><span class='ocrx_word' id='word_1_183' title='bbox 2260 992 2360 1061; x_wconf 81' lang='grc' dir='ltr'>τῆς</span> <span class='ocrx_word' id='word_1_184' title='bbox 2388 992 2511 1054; x_wconf 89' lang='grc' dir='ltr'><strong>νέας</strong></span> <span class='ocrx_word' id='word_1_185' title='bbox 2536 990 2800 1060; x_wconf 83' lang='grc' dir='ltr'>διαθήκης</span> <span class='ocrx_word' id='word_1_186' title='bbox 2829 989 3082 1054; x_wconf 81' lang='grc' dir='ltr'>διέδειξεν</span> <span class='ocrx_word' id='word_1_187' title='bbox 3110 989 3241 1056; x_wconf 73' lang='grc' dir='ltr'>ἡμῖν</span> <span class='ocrx_word' id='word_1_188' title='bbox 3282 987 3378 1038; x_wconf 69' lang='grc' dir='ltr'>καὶ</span> <span class='ocrx_word' id='word_1_189' title='bbox 3410 986 3438 1036; x_wconf 85' lang='grc' dir='ltr'>ὁ</span> <span class='ocrx_word' id='word_1_190' title='bbox 3466 984 3627 1051; x_wconf 72' lang='grc' dir='ltr'>σοφὸς</span> <span class='ocrx_word' id='word_1_191' title='bbox 3661 983 3856 1035; x_wconf 77' lang='grc' dir='ltr'><strong>ἰωὰνο</strong></span> 
     </span>
    </p>
   </div>
   <div class='ocr_carea' id='block_1_26' title="bbox 2263 1074 3855 1150">
    <p class='ocr_par' dir='ltr' id='par_1_26' title="bbox 2263 1074 3855 1150">
     <span class='ocr_line' id='line_1_26' title="bbox 2263 1074 3855 1150; baseline -0.006 -17"><span class='ocrx_word' id='word_1_192' title='bbox 2263 1097 2360 1150; x_wconf 85' lang='grc' dir='ltr'><strong>νης</strong></span> <span class='ocrx_word' id='word_1_193' title='bbox 2387 1079 2668 1148; x_wconf 80' lang='grc' dir='ltr'>λέγων,ὅτι</span> <span class='ocrx_word' id='word_1_194' title='bbox 2705 1097 2722 1130; x_wconf 78' lang='grc' dir='ltr'>ι</span> <span class='ocrx_word' id='word_1_195' title='bbox 2756 1079 2813 1132; x_wconf 88' lang='lat'><strong>&#39;0</strong></span> <span class='ocrx_word' id='word_1_196' title='bbox 2844 1079 3005 1148; x_wconf 80' lang='grc' dir='ltr'>νόμος</span> <span class='ocrx_word' id='word_1_197' title='bbox 3025 1078 3112 1130; x_wconf 80' lang='grc' dir='ltr'>διὰ</span> <span class='ocrx_word' id='word_1_198' title='bbox 3138 1077 3381 1138; x_wconf 80' lang='grc' dir='ltr'>Μωσέως</span> <span class='ocrx_word' id='word_1_199' title='bbox 3429 1074 3610 1143; x_wconf 77' lang='grc' dir='ltr'>ἐδόθη,</span> <span class='ocrx_word' id='word_1_200' title='bbox 3633 1075 3669 1143; x_wconf 81' lang='grc' dir='ltr'><strong>ἡ</strong></span> <span class='ocrx_word' id='word_1_201' title='bbox 3688 1074 3855 1142; x_wconf 78' lang='grc' dir='ltr'>χάρις</span> 
     </span>
    </p>
   </div>
   <div class='ocr_carea' id='block_1_27' title="bbox 2265 1161 3853 1241">
    <p class='ocr_par' dir='ltr' id='par_1_27' title="bbox 2265 1161 3853 1241">
     <span class='ocr_line' id='line_1_27' title="bbox 2265 1161 3853 1241; baseline -0.008 -17"><span class='ocrx_word' id='word_1_202' title='bbox 2265 1172 2358 1224; x_wconf 80' lang='grc' dir='ltr'><strong>καὶ</strong></span> <span class='ocrx_word' id='word_1_203' title='bbox 2404 1171 2434 1241; x_wconf 76' lang='grc' dir='ltr'>ἡ</span> <span class='ocrx_word' id='word_1_204' title='bbox 2467 1169 2691 1239; x_wconf 72' lang='grc' dir='ltr'>ἀλήθεια</span> <span class='ocrx_word' id='word_1_205' title='bbox 2717 1168 2803 1221; x_wconf 81' lang='grc' dir='ltr'>διὰ</span> <span class='ocrx_word' id='word_1_206' title='bbox 2853 1167 3023 1237; x_wconf 81' lang='grc' dir='ltr'>Ἰησοῦ</span> <span class='ocrx_word' id='word_1_207' title='bbox 3061 1163 3298 1236; x_wconf 83' lang='grc' dir='ltr'><strong>Χριστοῦ</strong></span> <span class='ocrx_word' id='word_1_208' title='bbox 3329 1163 3567 1230; x_wconf 85' lang='grc' dir='ltr'>ἐγένετο.</span> <span class='ocrx_word' id='word_1_209' title='bbox 3612 1181 3629 1213; x_wconf 75' lang='grc' dir='ltr'><strong>ι</strong></span> <span class='ocrx_word' id='word_1_210' title='bbox 3671 1161 3853 1232; x_wconf 78' lang='grc' dir='ltr'>Χάριν</span> 
     </span>
    </p>
   </div>
   <div class='ocr_carea' id='block_1_28' title="bbox 2263 1251 3854 1330">
    <p class='ocr_par' dir='ltr' id='par_1_28' title="bbox 2263 1251 3854 1330">
     <span class='ocr_line' id='line_1_28' title="bbox 2263 1251 3854 1330; baseline -0.008 -16"><span class='ocrx_word' id='word_1_211' title='bbox 2263 1261 2320 1314; x_wconf 83' lang='grc' dir='ltr'>δὲ</span> <span class='ocrx_word' id='word_1_212' title='bbox 2337 1262 2429 1314; x_wconf 70' lang='grc' dir='ltr'><strong>καὶ</strong></span> <span class='ocrx_word' id='word_1_213' title='bbox 2449 1260 2706 1330; x_wconf 80' lang='grc' dir='ltr'>ἀλήθειαν</span> <span class='ocrx_word' id='word_1_214' title='bbox 2722 1260 2819 1329; x_wconf 83' lang='grc' dir='ltr'><strong>τὴν</strong></span> <span class='ocrx_word' id='word_1_215' title='bbox 2839 1259 2928 1310; x_wconf 73' lang='grc' dir='ltr'>διὰ</span> <span class='ocrx_word' id='word_1_216' title='bbox 2943 1257 3050 1310; x_wconf 75' lang='grc' dir='ltr'><strong>τῶν</strong></span> <span class='ocrx_word' id='word_1_217' title='bbox 3069 1253 3440 1324; x_wconf 79' lang='grc' dir='ltr'>εὐαγγελικῶν</span> <span class='ocrx_word' id='word_1_218' title='bbox 3461 1251 3854 1322; x_wconf 76' lang='grc' dir='ltr'>θεσπισμάτων</span> 
     </span>
    </p>
   </div>
   <div class='ocr_carea' id='block_1_29' title="bbox 2265 1343 3856 1417">
    <p class='ocr_par' dir='ltr' id='par_1_29' title="bbox 2265 1343 3856 1417">
     <span class='ocr_line' id='line_1_29' title="bbox 2265 1343 3856 1417; baseline -0.006 -13"><span class='ocrx_word' id='word_1_219' title='bbox 2265 1351 2528 1404; x_wconf 86' lang='grc' dir='ltr'>ἀποκαλεῖ</span> <span class='ocrx_word' id='word_1_220' title='bbox 2548 1351 2846 1413; x_wconf 84' lang='grc' dir='ltr'>παίδευσιν,</span> <span class='ocrx_word' id='word_1_221' title='bbox 2876 1349 2973 1416; x_wconf 74' lang='grc' dir='ltr'>τῆς</span> <span class='ocrx_word' id='word_1_222' title='bbox 2994 1348 3227 1417; x_wconf 78' lang='grc' dir='ltr'><strong>ἀληθοῦς</strong></span> <span class='ocrx_word' id='word_1_223' title='bbox 3256 1347 3350 1400; x_wconf 71' lang='grc' dir='ltr'><strong>καὶ</strong></span> <span class='ocrx_word' id='word_1_224' title='bbox 3367 1348 3423 1398; x_wconf 84' lang='grc' dir='ltr'><strong>ἐν</strong></span> <span class='ocrx_word' id='word_1_225' title='bbox 3457 1343 3728 1414; x_wconf 85' lang='grc' dir='ltr'>πνεύματι</span> <span class='ocrx_word' id='word_1_226' title='bbox 3753 1344 3856 1396; x_wconf 87' lang='grc' dir='ltr'>λα-</span> 
     </span>
    </p>
   </div>
   <div class='ocr_carea' id='block_1_30' title="bbox 2264 1434 3855 1509">
    <p class='ocr_par' dir='ltr' id='par_1_30' title="bbox 2264 1434 3855 1509">
     <span class='ocr_line' id='line_1_30' title="bbox 2264 1434 3855 1509; baseline -0.004 -17"><span class='ocrx_word' id='word_1_227' title='bbox 2264 1441 2454 1509; x_wconf 88' lang='grc' dir='ltr'>τρείας</span> <span class='ocrx_word' id='word_1_228' title='bbox 2492 1439 2589 1509; x_wconf 81' lang='grc' dir='ltr'>τὴν</span> <span class='ocrx_word' id='word_1_229' title='bbox 2621 1439 2847 1509; x_wconf 77' lang='grc' dir='ltr'>δύναμιν</span> <span class='ocrx_word' id='word_1_230' title='bbox 2882 1437 3143 1506; x_wconf 61' lang='grc' dir='ltr'>ἔχουσανι</span> <span class='ocrx_word' id='word_1_231' title='bbox 3175 1438 3288 1491; x_wconf 66' lang='grc' dir='ltr'>ἔδει</span> <span class='ocrx_word' id='word_1_232' title='bbox 3319 1444 3459 1507; x_wconf 63' lang='grc' dir='ltr'>γὰρ,</span> <span class='ocrx_word' id='word_1_233' title='bbox 3493 1436 3712 1503; x_wconf 68' lang='grc' dir='ltr'>οἰκέτην</span> <span class='ocrx_word' id='word_1_234' title='bbox 3751 1434 3855 1504; x_wconf 80' lang='grc' dir='ltr'>μὲν</span> 
     </span>
    </p>
   </div>
   <div class='ocr_carea' id='block_1_31' title="bbox 2265 1527 3854 1600">
    <p class='ocr_par' dir='ltr' id='par_1_31' title="bbox 2265 1527 3854 1600">
     <span class='ocr_line' id='line_1_31' title="bbox 2265 1527 3854 1600; baseline -0.004 -16"><span class='ocrx_word' id='word_1_235' title='bbox 2265 1532 2394 1585; x_wconf 78' lang='grc' dir='ltr'>ὄντα</span> <span class='ocrx_word' id='word_1_236' title='bbox 2423 1531 2646 1590; x_wconf 79' lang='grc' dir='ltr'>Μωσέα,</span> <span class='ocrx_word' id='word_1_237' title='bbox 2671 1531 2768 1598; x_wconf 80' lang='grc' dir='ltr'><strong>τῆς</strong></span> <span class='ocrx_word' id='word_1_238' title='bbox 2800 1530 2874 1599; x_wconf 83' lang='grc' dir='ltr'>μὴ</span> <span class='ocrx_word' id='word_1_239' title='bbox 2908 1529 3172 1600; x_wconf 81' lang='grc' dir='ltr'>μενούσης</span> <span class='ocrx_word' id='word_1_240' title='bbox 3202 1531 3356 1589; x_wconf 83' lang='grc' dir='ltr'>σκιᾶς</span> <span class='ocrx_word' id='word_1_241' title='bbox 3386 1527 3638 1596; x_wconf 82' lang='grc' dir='ltr'>γενέσθαι</span> <span class='ocrx_word' id='word_1_242' title='bbox 3665 1527 3854 1578; x_wconf 75' lang='grc' dir='ltr'>διάκο-</span> 
     </span>
    </p>
   </div>
   <div class='ocr_carea' id='block_1_32' title="bbox 2267 1616 3856 1688">
    <p class='ocr_par' dir='ltr' id='par_1_32' title="bbox 2267 1616 3856 1688">
     <span class='ocr_line' id='line_1_32' title="bbox 2267 1616 3856 1688; baseline -0.004 -15"><span class='ocrx_word' id='word_1_243' title='bbox 2267 1637 2384 1673; x_wconf 89' lang='grc' dir='ltr'>νον·</span> <span class='ocrx_word' id='word_1_244' title='bbox 2412 1619 2706 1687; x_wconf 75' lang='grc' dir='ltr'>ἐξαγγελέα</span> <span class='ocrx_word' id='word_1_245' title='bbox 2751 1619 2806 1670; x_wconf 84' lang='grc' dir='ltr'>δὲ</span> <span class='ocrx_word' id='word_1_246' title='bbox 2857 1620 2954 1688; x_wconf 75' lang='grc' dir='ltr'>τῆς</span> <span class='ocrx_word' id='word_1_247' title='bbox 3001 1617 3283 1688; x_wconf 77' lang='grc' dir='ltr'><strong>διηνεκοῦς</strong></span> <span class='ocrx_word' id='word_1_248' title='bbox 3321 1617 3412 1671; x_wconf 80' lang='grc' dir='ltr'><strong>καὶ</strong></span> <span class='ocrx_word' id='word_1_249' title='bbox 3449 1616 3717 1688; x_wconf 81' lang='grc' dir='ltr'>μενούσης</span> <span class='ocrx_word' id='word_1_250' title='bbox 3758 1617 3856 1668; x_wconf 79' lang='grc' dir='ltr'>λα-</span> 
     </span>
    </p>
   </div>
   <div class='ocr_carea' id='block_1_33' title="bbox 2266 1707 3856 1781">
    <p class='ocr_par' dir='ltr' id='par_1_33' title="bbox 2266 1707 3856 1781">
     <span class='ocr_line' id='line_1_33' title="bbox 2266 1707 3856 1781; baseline -0.001 -19"><span class='ocrx_word' id='word_1_251' title='bbox 2266 1711 2475 1781; x_wconf 81' lang='grc' dir='ltr'>τρείας,</span> <span class='ocrx_word' id='word_1_252' title='bbox 2493 1710 2582 1762; x_wconf 77' lang='grc' dir='ltr'><strong>τὸν</strong></span> <span class='ocrx_word' id='word_1_253' title='bbox 2610 1708 2846 1770; x_wconf 72' lang='grc' dir='ltr'>αἰώνιον,</span> <span class='ocrx_word' id='word_1_254' title='bbox 2877 1711 3018 1779; x_wconf 73' lang='grc' dir='ltr'>φημὶ</span> <span class='ocrx_word' id='word_1_255' title='bbox 3040 1710 3104 1778; x_wconf 86' lang='grc' dir='ltr'>δὴ</span> <span class='ocrx_word' id='word_1_256' title='bbox 3126 1709 3215 1761; x_wconf 70' lang='grc' dir='ltr'>τὸν</span> <span class='ocrx_word' id='word_1_257' title='bbox 3241 1708 3494 1781; x_wconf 84' lang='grc' dir='ltr'>Χριστόν.</span> <span class='ocrx_word' id='word_1_258' title='bbox 3514 1707 3652 1761; x_wconf 78' lang='grc' dir='ltr'>Ποία</span> <span class='ocrx_word' id='word_1_259' title='bbox 3674 1709 3856 1760; x_wconf 80' lang='grc' dir='ltr'>τοίνυν</span> 
     </span>
    </p>
   </div>
   <div class='ocr_carea' id='block_1_34' title="bbox 593 1800 2173 1896">
    <p class='ocr_par' dir='ltr' id='par_1_34' title="bbox 593 1800 2166 1896">
     <span class='ocr_line' id='line_1_34' title="bbox 593 1800 2166 1896; baseline -0.006 -11"><span class='ocrx_word' id='word_1_260' title='bbox 593 1842 734 1885; x_wconf 82' lang='lat' dir='ltr'><strong>stum</strong></span> <span class='ocrx_word' id='word_1_261' title='bbox 761 1832 902 1892; x_wconf 86' lang='lat' dir='ltr'><strong>dico,</strong></span> <span class='ocrx_word' id='word_1_262' title='bbox 936 1829 1200 1896; x_wconf 79' lang='lat' dir='ltr'><strong>oportuit.</strong></span> <span class='ocrx_word' id='word_1_263' title='bbox 1236 1827 1404 1892; x_wconf 85' lang='lat' dir='ltr'><strong>Quale</strong></span> <span class='ocrx_word' id='word_1_264' title='bbox 1435 1800 1504 1880; x_wconf 84' lang='lat' dir='ltr'><strong>sit</strong></span> <span class='ocrx_word' id='word_1_265' title='bbox 1536 1827 1697 1896; x_wconf 82' lang='lat' dir='ltr'><strong>igitur</strong></span> <span class='ocrx_word' id='word_1_266' title='bbox 1731 1827 1857 1880; x_wconf 90' lang='lat' dir='ltr'><strong>illud</strong></span> <span class='ocrx_word' id='word_1_267' title='bbox 1907 1835 2166 1879; x_wconf 66' lang='lat' dir='ltr'><strong>aeternum</strong></span> 
     </span>
    </p>
   </div>
   <div class='ocr_carea' id='block_1_35' title="bbox 2278 1800 3858 1896">
    <p class='ocr_par' dir='ltr' id='par_1_35' title="bbox 2278 1800 3858 1872">
     <span class='ocr_line' id='line_1_35' title="bbox 2278 1800 3858 1872; baseline -0.003 -18"><span class='ocrx_word' id='word_1_268' title='bbox 2278 1802 2414 1854; x_wconf 61' lang='grc' dir='ltr'>ἐστὶν</span> <span class='ocrx_word' id='word_1_269' title='bbox 2448 1800 2662 1863; x_wconf 69' lang='grc' dir='ltr'>αἰώνιος</span> <span class='ocrx_word' id='word_1_270' title='bbox 2691 1801 2948 1871; x_wconf 81' lang='grc' dir='ltr'>διαθήκη,</span> <span class='ocrx_word' id='word_1_271' title='bbox 2985 1803 3050 1871; x_wconf 76' lang='grc' dir='ltr'><strong>ἦν</strong></span> <span class='ocrx_word' id='word_1_272' title='bbox 3091 1803 3154 1872; x_wconf 75' lang='grc' dir='ltr'>δὴ</span> <span class='ocrx_word' id='word_1_273' title='bbox 3191 1801 3496 1854; x_wconf 85' lang='grc' dir='ltr'>συντελέσει</span> <span class='ocrx_word' id='word_1_274' title='bbox 3540 1804 3654 1862; x_wconf 86' lang='grc' dir='ltr'>τοῖς</span> <span class='ocrx_word' id='word_1_275' title='bbox 3687 1817 3858 1868; x_wconf 78' lang='grc' dir='ltr'>προσο</span> 
     </span>
    </p>
   </div>
   <div class='ocr_carea' id='block_1_36' title="bbox 595 1914 2165 1988">
    <p class='ocr_par' dir='ltr' id='par_1_36' title="bbox 595 1914 2165 1988">
     <span class='ocr_line' id='line_1_36' title="bbox 595 1914 2165 1988; baseline -0.006 -12"><span class='ocrx_word' id='word_1_276' title='bbox 595 1922 1154 1988; x_wconf 84' lang='lat' dir='ltr'><strong>testamentum,un</strong></span> <span class='ocrx_word' id='word_1_277' title='bbox 1185 1918 1569 1973; x_wconf 79' lang='lat' dir='ltr'><strong>accedentibus</strong></span> <span class='ocrx_word' id='word_1_278' title='bbox 1597 1917 1661 1969; x_wconf 88' lang='lat' dir='ltr'><strong>ad</strong></span> <span class='ocrx_word' id='word_1_279' title='bbox 1687 1917 1858 1984; x_wconf 89' lang='lat' dir='ltr'><strong>ipsum</strong></span> <span class='ocrx_word' id='word_1_280' title='bbox 1889 1931 1985 1985; x_wconf 90' lang='lat' dir='ltr'><strong>per</strong></span> <span class='ocrx_word' id='word_1_281' title='bbox 2009 1914 2165 1968; x_wconf 74' lang='lat' dir='ltr'><strong>[idem</strong></span> 
     </span>
    </p>
   </div>
   <div class='ocr_carea' id='block_1_37' title="bbox 591 2007 2165 2082">
    <p class='ocr_par' dir='ltr' id='par_1_37' title="bbox 591 2007 2165 2082">
     <span class='ocr_line' id='line_1_37' title="bbox 591 2007 2165 2082; baseline -0.007 -12"><span class='ocrx_word' id='word_1_282' title='bbox 591 2014 1010 2078; x_wconf 86' lang='lat' dir='ltr'><strong>consummabit,</strong></span> <span class='ocrx_word' id='word_1_283' title='bbox 1071 2013 1287 2082; x_wconf 90' lang='lat' dir='ltr'><strong>planum</strong></span> <span class='ocrx_word' id='word_1_284' title='bbox 1353 2009 1482 2062; x_wconf 81' lang='lat' dir='ltr'><strong>facit</strong></span> <span class='ocrx_word' id='word_1_285' title='bbox 1521 2023 1645 2062; x_wconf 90' lang='lat' dir='ltr'><strong>cum</strong></span> <span class='ocrx_word' id='word_1_286' title='bbox 1704 2008 1886 2062; x_wconf 88' lang='lat' dir='ltr'><strong>subdit</strong></span> <span class='ocrx_word' id='word_1_287' title='bbox 1938 2007 2165 2060; x_wconf 89' lang='lat' dir='ltr'><strong>statim:</strong></span> 
     </span>
    </p>
   </div>
   <div class='ocr_carea' id='block_1_38' title="bbox 596 2097 2168 2166">
    <p class='ocr_par' dir='ltr' id='par_1_38' title="bbox 596 2097 2168 2166">
     <span class='ocr_line' id='line_1_38' title="bbox 596 2097 2168 2166; baseline -0.006 -6"><span class='ocrx_word' id='word_1_288' title='bbox 596 2105 795 2160; x_wconf 80' lang='lat' dir='ltr'><strong>Sancta</strong></span> <span class='ocrx_word' id='word_1_289' title='bbox 843 2103 1058 2157; x_wconf 88' lang='lat' dir='ltr'><strong>Davidis</strong></span> <span class='ocrx_word' id='word_1_290' title='bbox 1097 2101 1297 2155; x_wconf 82' lang='lat' dir='ltr'><strong>ﬁdelia.</strong></span> <span class='ocrx_word' id='word_1_291' title='bbox 1360 2097 1456 2153; x_wconf 74' lang='lat' dir='ltr'><strong>Vel</strong></span> <span class='ocrx_word' id='word_1_292' title='bbox 1505 2099 1650 2153; x_wconf 87' lang='lat' dir='ltr'><strong>enim</strong></span> <span class='ocrx_word' id='word_1_293' title='bbox 1719 2098 2168 2166; x_wconf 85' lang='lat' dir='ltr'><strong>pollicitationem</strong></span> 
     </span>
    </p>
   </div>
   <div class='ocr_carea' id='block_1_39' title="bbox 596 2185 2171 2256">
    <p class='ocr_par' dir='ltr' id='par_1_39' title="bbox 596 2185 2171 2256">
     <span class='ocr_line' id='line_1_39' title="bbox 596 2185 2171 2256; baseline -0.006 -10"><span class='ocrx_word' id='word_1_294' title='bbox 596 2194 794 2249; x_wconf 71' lang='lat' dir='ltr'><strong>tactam</strong></span> <span class='ocrx_word' id='word_1_295' title='bbox 828 2194 1011 2246; x_wconf 84' lang='lat' dir='ltr'><strong>divino</strong></span> <span class='ocrx_word' id='word_1_296' title='bbox 1041 2190 1256 2256; x_wconf 88' lang='lat' dir='ltr'><strong>Davidi,</strong></span> <span class='ocrx_word' id='word_1_297' title='bbox 1281 2189 1348 2244; x_wconf 91' lang='lat' dir='ltr'><strong>de</strong></span> <span class='ocrx_word' id='word_1_298' title='bbox 1399 2188 1642 2241; x_wconf 90' lang='lat' dir='ltr'><strong>omnium</strong></span> <span class='ocrx_word' id='word_1_299' title='bbox 1700 2197 1942 2240; x_wconf 87' lang='lat' dir='ltr'><strong>nostrum</strong></span> <span class='ocrx_word' id='word_1_300' title='bbox 1978 2185 2171 2239; x_wconf 85' lang='lat' dir='ltr'><strong>Serva-</strong></span> 
     </span>
    </p>
   </div>
   <div class='ocr_carea' id='block_1_40' title="bbox 598 2275 2168 2344">
    <p class='ocr_par' dir='ltr' id='par_1_40' title="bbox 598 2275 2168 2344">
     <span class='ocr_line' id='line_1_40' title="bbox 598 2275 2168 2344; baseline -0.004 -12"><span class='ocrx_word' id='word_1_301' title='bbox 598 2291 716 2333; x_wconf 87' lang='lat' dir='ltr'><strong>tore</strong></span> <span class='ocrx_word' id='word_1_302' title='bbox 770 2279 1008 2342; x_wconf 84' lang='lat' dir='ltr'><strong>Christo,</strong></span> <span class='ocrx_word' id='word_1_303' title='bbox 1045 2278 1305 2344; x_wconf 82' lang='lat' dir='ltr'><strong>gentibus.</strong></span> <span class='ocrx_word' id='word_1_304' title='bbox 1360 2275 1760 2330; x_wconf 80' lang='lat' dir='ltr'><strong>revertentibus</strong></span> <span class='ocrx_word' id='word_1_305' title='bbox 1811 2275 2168 2343; x_wconf 65' lang='lat' dir='ltr'><strong>prmstandam</strong></span> 
     </span>
    </p>
   </div>
   <div class='ocr_carea' id='block_1_41' title="bbox 596 2362 2168 2434">
    <p class='ocr_par' dir='ltr' id='par_1_41' title="bbox 596 2362 2168 2434">
     <span class='ocr_line' id='line_1_41' title="bbox 596 2362 2168 2434; baseline -0.006 -10"><span class='ocrx_word' id='word_1_306' title='bbox 596 2370 862 2434; x_wconf 81' lang='lat' dir='ltr'><strong>dicit;vel</strong></span> <span class='ocrx_word' id='word_1_307' title='bbox 898 2370 1076 2422; x_wconf 88' lang='lat' dir='ltr'><strong>divina</strong></span> <span class='ocrx_word' id='word_1_308' title='bbox 1111 2377 1262 2420; x_wconf 85' lang='lat' dir='ltr'><strong>vocat</strong></span> <span class='ocrx_word' id='word_1_309' title='bbox 1287 2376 1343 2419; x_wconf 91' lang='lat' dir='ltr'><strong>et</strong></span> <span class='ocrx_word' id='word_1_310' title='bbox 1367 2380 1522 2419; x_wconf 87' lang='lat' dir='ltr'><strong>sacra</strong></span> <span class='ocrx_word' id='word_1_311' title='bbox 1553 2364 1808 2418; x_wconf 88' lang='lat' dir='ltr'><strong>vaticinia</strong></span> <span class='ocrx_word' id='word_1_312' title='bbox 1843 2365 1908 2418; x_wconf 92' lang='lat' dir='ltr'><strong>de</strong></span> <span class='ocrx_word' id='word_1_313' title='bbox 1933 2362 2168 2428; x_wconf 86' lang='lat' dir='ltr'><strong>Christo,</strong></span> 
     </span>
    </p>
   </div>
   <div class='ocr_carea' id='block_1_42' title="bbox 598 2456 2169 2530">
    <p class='ocr_par' dir='ltr' id='par_1_42' title="bbox 598 2456 2169 2530">
     <span class='ocr_line' id='line_1_42' title="bbox 598 2456 2169 2530; baseline -0.002 -20"><span class='ocrx_word' id='word_1_314' title='bbox 598 2462 690 2530; x_wconf 83' lang='lat' dir='ltr'><strong>qui</strong></span> <span class='ocrx_word' id='word_1_315' title='bbox 716 2475 781 2513; x_wconf 83' lang='lat' dir='ltr'><strong>ex</strong></span> <span class='ocrx_word' id='word_1_316' title='bbox 827 2460 1033 2513; x_wconf 88' lang='lat' dir='ltr'><strong>semine</strong></span> <span class='ocrx_word' id='word_1_317' title='bbox 1069 2458 1234 2510; x_wconf 88' lang='lat' dir='ltr'><strong>David</strong></span> <span class='ocrx_word' id='word_1_318' title='bbox 1266 2456 1562 2512; x_wconf 87' lang='lat' dir='ltr'><strong>secundum</strong></span> <span class='ocrx_word' id='word_1_319' title='bbox 1599 2470 1819 2510; x_wconf 85' lang='lat' dir='ltr'><strong>carnem</strong></span> <span class='ocrx_word' id='word_1_320' title='bbox 1851 2463 2012 2508; x_wconf 89' lang='lat' dir='ltr'><strong>natus</strong></span> <span class='ocrx_word' id='word_1_321' title='bbox 2064 2463 2169 2507; x_wconf 88' lang='lat' dir='ltr'><strong>est.</strong></span> 
     </span>
    </p>
   </div>
   <div class='ocr_carea' id='block_1_43' title="bbox 601 2544 2174 2609">
    <p class='ocr_par' dir='ltr' id='par_1_43' title="bbox 601 2544 2174 2609">
     <span class='ocr_line' id='line_1_43' title="bbox 601 2544 2174 2609; baseline -0.004 -7"><span class='ocrx_word' id='word_1_322' title='bbox 601 2548 801 2602; x_wconf 84' lang='lat' dir='ltr'><strong>Sancta</strong></span> <span class='ocrx_word' id='word_1_323' title='bbox 831 2549 961 2601; x_wconf 86' lang='lat' dir='ltr'><strong>dicit</strong></span> <span class='ocrx_word' id='word_1_324' title='bbox 1012 2547 1098 2600; x_wconf 72' lang='lat' dir='ltr'><strong>illa</strong></span> <span class='ocrx_word' id='word_1_325' title='bbox 1137 2560 1278 2609; x_wconf 89' lang='lat' dir='ltr'><strong>esse,</strong></span> <span class='ocrx_word' id='word_1_326' title='bbox 1317 2547 1460 2600; x_wconf 88' lang='lat' dir='ltr'><strong>velut</strong></span> <span class='ocrx_word' id='word_1_327' title='bbox 1491 2554 1712 2601; x_wconf 89' lang='lat' dir='ltr'><strong>sanctos</strong></span> <span class='ocrx_word' id='word_1_328' title='bbox 1753 2544 2028 2598; x_wconf 86' lang='lat' dir='ltr'><strong>reddentia</strong></span> <span class='ocrx_word' id='word_1_329' title='bbox 2079 2558 2174 2596; x_wconf 88' lang='lat' dir='ltr'><strong>eos</strong></span> 
     </span>
    </p>
   </div>
   <div class='ocr_carea' id='block_1_44' title="bbox 600 2634 2174 2708">
    <p class='ocr_par' dir='ltr' id='par_1_44' title="bbox 600 2634 2174 2708">
     <span class='ocr_line' id='line_1_44' title="bbox 600 2634 2174 2708; baseline -0.005 -14"><span class='ocrx_word' id='word_1_330' title='bbox 600 2640 655 2694; x_wconf 89' lang='lat' dir='ltr'><strong>in</strong></span> <span class='ocrx_word' id='word_1_331' title='bbox 690 2639 886 2708; x_wconf 87' lang='lat' dir='ltr'><strong>quibus</strong></span> <span class='ocrx_word' id='word_1_332' title='bbox 917 2640 1138 2691; x_wconf 88' lang='lat' dir='ltr'><strong>insunt:</strong></span> <span class='ocrx_word' id='word_1_333' title='bbox 1173 2637 1624 2704; x_wconf 87' lang='lat' dir='ltr'><strong>quemadmodum</strong></span> <span class='ocrx_word' id='word_1_334' title='bbox 1657 2634 1902 2690; x_wconf 85' lang='lat' dir='ltr'><strong>videlicet</strong></span> <span class='ocrx_word' id='word_1_335' title='bbox 1927 2635 2174 2688; x_wconf 88' lang='lat' dir='ltr'><strong>timorem</strong></span> 
     </span>
    </p>
   </div>
   <div class='ocr_carea' id='block_1_45' title="bbox 601 2727 2171 2800">
    <p class='ocr_par' dir='ltr' id='par_1_45' title="bbox 601 2727 2171 2800">
     <span class='ocr_line' id='line_1_45' title="bbox 601 2727 2171 2800; baseline -0.005 -13"><span class='ocrx_word' id='word_1_336' title='bbox 601 2733 695 2787; x_wconf 87' lang='lat' dir='ltr'><strong>Dei</strong></span> <span class='ocrx_word' id='word_1_337' title='bbox 727 2747 918 2800; x_wconf 76' lang='lat' dir='ltr'><strong>parum</strong></span> <span class='ocrx_word' id='word_1_338' title='bbox 953 2730 1256 2783; x_wconf 84' lang='lat' dir='ltr'><strong>nominavit</strong></span> <span class='ocrx_word' id='word_1_339' title='bbox 1287 2728 1380 2796; x_wconf 93' lang='lat' dir='ltr'><strong>qui</strong></span> <span class='ocrx_word' id='word_1_340' title='bbox 1408 2727 1678 2798; x_wconf 79' lang='lat' dir='ltr'><strong>puriﬁcat,</strong></span> <span class='ocrx_word' id='word_1_341' title='bbox 1717 2736 1772 2781; x_wconf 88' lang='lat' dir='ltr'><strong>et</strong></span> <span class='ocrx_word' id='word_1_342' title='bbox 1807 2728 1972 2780; x_wconf 86' lang='lat' dir='ltr'><strong>vitam</strong></span> <span class='ocrx_word' id='word_1_343' title='bbox 2005 2742 2171 2782; x_wconf 86' lang='lat' dir='ltr'><strong>evan-</strong></span> 
     </span>
    </p>
   </div>
   <div class='ocr_carea' id='block_1_46' title="bbox 601 2815 2173 2891">
    <p class='ocr_par' dir='ltr' id='par_1_46' title="bbox 601 2815 2173 2891">
     <span class='ocr_line' id='line_1_46' title="bbox 601 2815 2173 2891; baseline -0.004 -17"><span class='ocrx_word' id='word_1_344' title='bbox 601 2823 832 2891; x_wconf 83' lang='lat' dir='ltr'><strong>gelicum</strong></span> <span class='ocrx_word' id='word_1_345' title='bbox 863 2820 1107 2888; x_wconf 74' lang='lat' dir='ltr'><strong>verbum,</strong></span> <span class='ocrx_word' id='word_1_346' title='bbox 1135 2818 1289 2887; x_wconf 86' lang='lat' dir='ltr'><strong>quasi</strong></span> <span class='ocrx_word' id='word_1_347' title='bbox 1317 2817 1615 2873; x_wconf 73' lang='grc' dir='ltr'>νίνίίὶεειιιε.</span> <span class='ocrx_word' id='word_1_348' title='bbox 1650 2816 1794 2870; x_wconf 84' lang='lat' dir='ltr'><strong>Dixit</strong></span> <span class='ocrx_word' id='word_1_349' title='bbox 1821 2818 1964 2871; x_wconf 88' lang='lat' dir='ltr'><strong>enim</strong></span> <span class='ocrx_word' id='word_1_350' title='bbox 2020 2815 2173 2870; x_wconf 87' lang='lat' dir='ltr'><strong>Chri-</strong></span> 
     </span>
    </p>
   </div>
   <div class='ocr_carea' id='block_1_47' title="bbox 609 2907 2177 2976">
    <p class='ocr_par' dir='ltr' id='par_1_47' title="bbox 609 2907 2177 2976">
     <span class='ocr_line' id='line_1_47' title="bbox 609 2907 2177 2976; baseline -0.004 -9"><span class='ocrx_word' id='word_1_351' title='bbox 609 2923 765 2967; x_wconf 77' lang='lat' dir='ltr'><strong>stus:</strong></span> <span class='ocrx_word' id='word_1_352' title='bbox 813 2930 831 2962; x_wconf 79' lang='grc' dir='ltr'><strong>ι</strong></span> <span class='ocrx_word' id='word_1_353' title='bbox 860 2909 1033 2962; x_wconf 71' lang='lat' dir='ltr'><strong>Verba</strong></span> <span class='ocrx_word' id='word_1_354' title='bbox 1063 2923 1181 2976; x_wconf 63' lang='lat' dir='ltr'><strong>qua:</strong></span> <span class='ocrx_word' id='word_1_355' title='bbox 1213 2921 1313 2976; x_wconf 86' lang='lat' dir='ltr'><strong>ego</strong></span> <span class='ocrx_word' id='word_1_356' title='bbox 1370 2907 1578 2961; x_wconf 88' lang='lat' dir='ltr'><strong>loculus</strong></span> <span class='ocrx_word' id='word_1_357' title='bbox 1609 2923 1724 2961; x_wconf 85' lang='lat' dir='ltr'><strong>sum</strong></span> <span class='ocrx_word' id='word_1_358' title='bbox 1755 2908 1926 2973; x_wconf 74' lang='lat' dir='ltr'><strong>vobis,</strong></span> <span class='ocrx_word' id='word_1_359' title='bbox 1956 2907 2177 2976; x_wconf 76' lang='lat' dir='ltr'><strong>Spiritus</strong></span> 
     </span>
    </p>
   </div>
   <div class='ocr_carea' id='block_1_48' title="bbox 603 2999 2172 3068">
    <p class='ocr_par' dir='ltr' id='par_1_48' title="bbox 603 2999 2172 3068">
     <span class='ocr_line' id='line_1_48' title="bbox 603 2999 2172 3068; baseline -0.003 -11"><span class='ocrx_word' id='word_1_360' title='bbox 603 3010 733 3058; x_wconf 76' lang='lat' dir='ltr'><strong>sunt.</strong></span> <span class='ocrx_word' id='word_1_361' title='bbox 792 3013 846 3055; x_wconf 86' lang='grc' dir='ltr'>ει</span> <span class='ocrx_word' id='word_1_362' title='bbox 903 3001 1010 3061; x_wconf 83' lang='lat' dir='ltr'><strong>vita</strong></span> <span class='ocrx_word' id='word_1_363' title='bbox 1044 3001 1159 3063; x_wconf 67' lang='lat' dir='ltr'><strong>&quot;,r</strong></span> <span class='ocrx_word' id='word_1_364' title='bbox 1198 3000 1250 3052; x_wconf 90' lang='lat' dir='ltr'><strong>id</strong></span> <span class='ocrx_word' id='word_1_365' title='bbox 1304 3008 1408 3062; x_wconf 89' lang='lat' dir='ltr'><strong>est,</strong></span> <span class='ocrx_word' id='word_1_366' title='bbox 1470 2999 1770 3068; x_wconf 78' lang='lat' dir='ltr'><strong>Spiritualia</strong></span> <span class='ocrx_word' id='word_1_367' title='bbox 1824 3008 1878 3052; x_wconf 84' lang='lat' dir='ltr'><strong>et</strong></span> <span class='ocrx_word' id='word_1_368' title='bbox 1943 2999 2172 3052; x_wconf 85' lang='lat' dir='ltr'><strong>vivilica.</strong></span> 
     </span>
    </p>
   </div>
   <div class='ocr_carea' id='block_1_49' title="bbox 2271 1890 3859 1961">
    <p class='ocr_par' dir='ltr' id='par_1_49' title="bbox 2271 1890 3859 1961">
     <span class='ocr_line' id='line_1_49' title="bbox 2271 1890 3859 1961; baseline -0.003 -16"><span class='ocrx_word' id='word_1_369' title='bbox 2271 1891 2442 1945; x_wconf 87' lang='grc' dir='ltr'>ιοῦσιν</span> <span class='ocrx_word' id='word_1_370' title='bbox 2476 1891 2624 1961; x_wconf 82' lang='grc' dir='ltr'>αύτῷ</span> <span class='ocrx_word' id='word_1_371' title='bbox 2662 1891 2752 1944; x_wconf 80' lang='grc' dir='ltr'>διὰ</span> <span class='ocrx_word' id='word_1_372' title='bbox 2790 1892 3058 1955; x_wconf 77' lang='grc' dir='ltr'>πίστεως,</span> <span class='ocrx_word' id='word_1_373' title='bbox 3098 1891 3419 1961; x_wconf 80' lang='grc' dir='ltr'><strong>καθίστησιν</strong></span> <span class='ocrx_word' id='word_1_374' title='bbox 3460 1890 3716 1960; x_wconf 81' lang='grc' dir='ltr'>ἐναργὲς,</span> <span class='ocrx_word' id='word_1_375' title='bbox 3756 1892 3859 1942; x_wconf 63' lang='lat'><strong>£7:-</strong></span> 
     </span>
    </p>
   </div>
   <div class='ocr_carea' id='block_1_50' title="bbox 2268 1981 3862 2051">
    <p class='ocr_par' dir='ltr' id='par_1_50' title="bbox 2268 1981 3862 2051">
     <span class='ocr_line' id='line_1_50' title="bbox 2268 1981 3862 2051; baseline -0.002 -16"><span class='ocrx_word' id='word_1_376' title='bbox 2268 1982 2506 2051; x_wconf 78' lang='grc' dir='ltr'>ενεγκὼν</span> <span class='ocrx_word' id='word_1_377' title='bbox 2535 1981 2696 2046; x_wconf 84' lang='grc' dir='ltr'>εὐθύς</span> <span class='ocrx_word' id='word_1_378' title='bbox 2722 1999 2736 2013; x_wconf 77' lang='grc' dir='ltr'><strong><em>ο</em></strong></span> <span class='ocrx_word' id='word_1_379' title='bbox 2768 1983 2850 2037; x_wconf 84' lang='grc' dir='ltr'><strong>Τά</strong></span> <span class='ocrx_word' id='word_1_380' title='bbox 2877 1984 3000 2037; x_wconf 84' lang='grc' dir='ltr'>ὅσια</span> <span class='ocrx_word' id='word_1_381' title='bbox 3028 1982 3192 2035; x_wconf 78' lang='grc' dir='ltr'>Δαϐὶδ</span> <span class='ocrx_word' id='word_1_382' title='bbox 3216 1981 3285 2034; x_wconf 80' lang='grc' dir='ltr'>τὰ</span> <span class='ocrx_word' id='word_1_383' title='bbox 3308 1984 3491 2035; x_wconf 87' lang='grc' dir='ltr'>πιστά.</span> <span class='ocrx_word' id='word_1_384' title='bbox 3521 1983 3589 2034; x_wconf 84' lang='grc' dir='ltr'><em>Ἥ</em></span> <span class='ocrx_word' id='word_1_385' title='bbox 3615 1981 3729 2050; x_wconf 79' lang='grc' dir='ltr'>γὰρ</span> <span class='ocrx_word' id='word_1_386' title='bbox 3758 1983 3862 2050; x_wconf 82' lang='grc' dir='ltr'>τὴν</span> 
     </span>
    </p>
   </div>
   <div class='ocr_carea' id='block_1_51' title="bbox 2267 2073 3860 2146">
    <p class='ocr_par' dir='ltr' id='par_1_51' title="bbox 2267 2073 3860 2146">
     <span class='ocr_line' id='line_1_51' title="bbox 2267 2073 3860 2146; baseline -0.001 -18"><span class='ocrx_word' id='word_1_387' title='bbox 2267 2076 2346 2146; x_wconf 83' lang='grc' dir='ltr'>τῷ</span> <span class='ocrx_word' id='word_1_388' title='bbox 2375 2075 2645 2145; x_wconf 78' lang='grc' dir='ltr'>θεσπεσίῳ</span> <span class='ocrx_word' id='word_1_389' title='bbox 2677 2076 2842 2128; x_wconf 75' lang='grc' dir='ltr'>Δαϐὶδ</span> <span class='ocrx_word' id='word_1_390' title='bbox 2885 2075 3131 2130; x_wconf 81' lang='grc' dir='ltr'>δοθεῖσαν</span> <span class='ocrx_word' id='word_1_391' title='bbox 3169 2073 3532 2142; x_wconf 83' lang='grc' dir='ltr'>ἐπαγγελλίαν</span> <span class='ocrx_word' id='word_1_392' title='bbox 3592 2075 3728 2145; x_wconf 80' lang='grc' dir='ltr'><strong>περὶ</strong></span> <span class='ocrx_word' id='word_1_393' title='bbox 3759 2073 3860 2127; x_wconf 83' lang='grc' dir='ltr'><strong>τοῦ</strong></span> 
     </span>
    </p>
   </div>
   <div class='ocr_carea' id='block_1_52' title="bbox 2271 2163 3862 2236">
    <p class='ocr_par' dir='ltr' id='par_1_52' title="bbox 2271 2163 3862 2236">
     <span class='ocr_line' id='line_1_52' title="bbox 2271 2163 3862 2236; baseline 0.001 -20"><span class='ocrx_word' id='word_1_394' title='bbox 2271 2165 2489 2218; x_wconf 79' lang='grc' dir='ltr'>πάντων</span> <span class='ocrx_word' id='word_1_395' title='bbox 2536 2166 2696 2236; x_wconf 81' lang='grc' dir='ltr'>ἡμῶν</span> <span class='ocrx_word' id='word_1_396' title='bbox 2748 2165 2999 2236; x_wconf 75' lang='grc' dir='ltr'><strong>Σωτῆρος</strong></span> <span class='ocrx_word' id='word_1_397' title='bbox 3041 2163 3281 2235; x_wconf 78' lang='grc' dir='ltr'>Χριστοῦ</span> <span class='ocrx_word' id='word_1_398' title='bbox 3353 2163 3678 2236; x_wconf 80' lang='grc' dir='ltr'>δοθήσεσθαί</span> <span class='ocrx_word' id='word_1_399' title='bbox 3724 2182 3862 2235; x_wconf 70' lang='grc' dir='ltr'>φησι</span> 
     </span>
    </p>
   </div>
   <div class='ocr_carea' id='block_1_53' title="bbox 2269 2253 3862 2324">
    <p class='ocr_par' dir='ltr' id='par_1_53' title="bbox 2269 2253 3862 2324">
     <span class='ocr_line' id='line_1_53' title="bbox 2269 2253 3862 2324; baseline 0 -19"><span class='ocrx_word' id='word_1_400' title='bbox 2269 2255 2380 2316; x_wconf 86' lang='grc' dir='ltr'>τοῖς</span> <span class='ocrx_word' id='word_1_401' title='bbox 2414 2254 2471 2319; x_wconf 78' lang='grc' dir='ltr'>ἐξ</span> <span class='ocrx_word' id='word_1_402' title='bbox 2511 2253 2681 2306; x_wconf 82' lang='grc' dir='ltr'>ἐθνῶν</span> <span class='ocrx_word' id='word_1_403' title='bbox 2733 2254 3192 2324; x_wconf 74' lang='grc' dir='ltr'>ἐπιστρέφουσιν,</span> <span class='ocrx_word' id='word_1_404' title='bbox 3243 2253 3410 2322; x_wconf 66' lang='grc' dir='ltr'>ἤγουν</span> <span class='ocrx_word' id='word_1_405' title='bbox 3444 2255 3562 2306; x_wconf 85' lang='grc' dir='ltr'>θεία</span> <span class='ocrx_word' id='word_1_406' title='bbox 3612 2255 3770 2306; x_wconf 85' lang='grc' dir='ltr'>καλεί</span> <span class='ocrx_word' id='word_1_407' title='bbox 3794 2255 3862 2306; x_wconf 70' lang='grc' dir='ltr'><strong>τα</strong></span> 
     </span>
    </p>
   </div>
   <div class='ocr_carea' id='block_1_54' title="bbox 2274 2343 3862 2414">
    <p class='ocr_par' dir='ltr' id='par_1_54' title="bbox 2274 2343 3862 2414">
     <span class='ocr_line' id='line_1_54' title="bbox 2274 2343 3862 2414; baseline -0.002 -17"><span class='ocrx_word' id='word_1_408' title='bbox 2274 2345 2394 2414; x_wconf 68' lang='grc' dir='ltr'>ἱερὰ</span> <span class='ocrx_word' id='word_1_409' title='bbox 2431 2344 2778 2413; x_wconf 81' lang='grc' dir='ltr'>θεσπίσματα</span> <span class='ocrx_word' id='word_1_410' title='bbox 2826 2343 2920 2396; x_wconf 92' lang='grc' dir='ltr'><strong>τοῦ</strong></span> <span class='ocrx_word' id='word_1_411' title='bbox 2955 2344 3019 2395; x_wconf 88' lang='grc' dir='ltr'><strong>ἐκ</strong></span> <span class='ocrx_word' id='word_1_412' title='bbox 3076 2343 3391 2412; x_wconf 86' lang='grc' dir='ltr'>σπέρματος</span> <span class='ocrx_word' id='word_1_413' title='bbox 3419 2343 3584 2394; x_wconf 79' lang='grc' dir='ltr'>Δαϐὶδ</span> <span class='ocrx_word' id='word_1_414' title='bbox 3613 2343 3676 2394; x_wconf 75' lang='grc' dir='ltr'>τὸ</span> <span class='ocrx_word' id='word_1_415' title='bbox 3721 2345 3862 2396; x_wconf 67' lang='grc' dir='ltr'>κατα</span> 
     </span>
    </p>
   </div>
   <div class='ocr_carea' id='block_1_55' title="bbox 2273 2434 3864 2506">
    <p class='ocr_par' dir='ltr' id='par_1_55' title="bbox 2273 2434 3864 2506">
     <span class='ocr_line' id='line_1_55' title="bbox 2273 2434 3864 2506; baseline -0.001 -18"><span class='ocrx_word' id='word_1_416' title='bbox 2273 2436 2454 2506; x_wconf 81' lang='grc' dir='ltr'>σάρκα</span> <span class='ocrx_word' id='word_1_417' title='bbox 2479 2434 2746 2506; x_wconf 75' lang='grc' dir='ltr'>Χριστοῦ·</span> <span class='ocrx_word' id='word_1_418' title='bbox 2780 2435 2903 2488; x_wconf 80' lang='grc' dir='ltr'>ὅσια</span> <span class='ocrx_word' id='word_1_419' title='bbox 2931 2434 2988 2486; x_wconf 87' lang='grc' dir='ltr'><strong>δέ</strong></span> <span class='ocrx_word' id='word_1_420' title='bbox 3015 2451 3179 2504; x_wconf 80' lang='grc' dir='ltr'>φησιν</span> <span class='ocrx_word' id='word_1_421' title='bbox 3215 2435 3374 2498; x_wconf 72' lang='grc' dir='ltr'>αὐτὰ,</span> <span class='ocrx_word' id='word_1_422' title='bbox 3407 2435 3481 2496; x_wconf 82' lang='grc' dir='ltr'>ὡς</span> <span class='ocrx_word' id='word_1_423' title='bbox 3510 2434 3694 2494; x_wconf 80' lang='grc' dir='ltr'>ὁσίους</span> <span class='ocrx_word' id='word_1_424' title='bbox 3727 2436 3864 2486; x_wconf 76' lang='grc' dir='ltr'>απο-</span> 
     </span>
    </p>
   </div>
   <div class='ocr_carea' id='block_1_56' title="bbox 2275 2523 3863 2596">
    <p class='ocr_par' dir='ltr' id='par_1_56' title="bbox 2275 2523 3863 2596">
     <span class='ocr_line' id='line_1_56' title="bbox 2275 2523 3863 2596; baseline -0.001 -16"><span class='ocrx_word' id='word_1_425' title='bbox 2275 2527 2534 2581; x_wconf 77' lang='grc' dir='ltr'>τελοῦντα</span> <span class='ocrx_word' id='word_1_426' title='bbox 2573 2530 2696 2591; x_wconf 74' lang='grc' dir='ltr'>τοὺς</span> <span class='ocrx_word' id='word_1_427' title='bbox 2729 2529 2784 2580; x_wconf 80' lang='grc' dir='ltr'><strong>ἐν</strong></span> <span class='ocrx_word' id='word_1_428' title='bbox 2825 2523 2906 2589; x_wconf 79' lang='grc' dir='ltr'>οἷς</span> <span class='ocrx_word' id='word_1_429' title='bbox 2950 2527 3016 2580; x_wconf 84' lang='grc' dir='ltr'>ἂν</span> <span class='ocrx_word' id='word_1_430' title='bbox 3055 2527 3318 2595; x_wconf 85' lang='grc' dir='ltr'>γένοιντο,</span> <span class='ocrx_word' id='word_1_431' title='bbox 3370 2525 3624 2596; x_wconf 72' lang='grc' dir='ltr'>καθάπερ</span> <span class='ocrx_word' id='word_1_432' title='bbox 3666 2526 3863 2594; x_wconf 68' lang='grc' dir='ltr'>ἀμέλει</span> 
     </span>
    </p>
   </div>
   <div class='ocr_carea' id='block_1_57' title="bbox 2273 2617 3863 2686">
    <p class='ocr_par' dir='ltr' id='par_1_57' title="bbox 2273 2617 3863 2686">
     <span class='ocr_line' id='line_1_57' title="bbox 2273 2617 3863 2686; baseline -0.004 -11"><span class='ocrx_word' id='word_1_433' title='bbox 2273 2624 2367 2676; x_wconf 76' lang='grc' dir='ltr'><strong>καὶ</strong></span> <span class='ocrx_word' id='word_1_434' title='bbox 2397 2619 2485 2673; x_wconf 77' lang='grc' dir='ltr'>τὸν</span> <span class='ocrx_word' id='word_1_435' title='bbox 2508 2620 2598 2673; x_wconf 89' lang='grc' dir='ltr'><strong>τοῦ</strong></span> <span class='ocrx_word' id='word_1_436' title='bbox 2623 2618 2757 2672; x_wconf 83' lang='grc' dir='ltr'>Θεοῦ</span> <span class='ocrx_word' id='word_1_437' title='bbox 2781 2619 2942 2686; x_wconf 77' lang='grc' dir='ltr'>φόϐον</span> <span class='ocrx_word' id='word_1_438' title='bbox 2973 2618 3134 2686; x_wconf 79' lang='grc' dir='ltr'>ἁγνὸν</span> <span class='ocrx_word' id='word_1_439' title='bbox 3153 2617 3424 2686; x_wconf 87' lang='grc' dir='ltr'>ὠνόμασε,</span> <span class='ocrx_word' id='word_1_440' title='bbox 3449 2618 3545 2670; x_wconf 79' lang='grc' dir='ltr'><strong>καὶ</strong></span> <span class='ocrx_word' id='word_1_441' title='bbox 3572 2617 3863 2684; x_wconf 69' lang='grc' dir='ltr'>ἀγνοποιιν</span> 
     </span>
    </p>
   </div>
   <div class='ocr_carea' id='block_1_58' title="bbox 2274 2707 3860 2781">
    <p class='ocr_par' dir='ltr' id='par_1_58' title="bbox 2274 2707 3860 2781">
     <span class='ocr_line' id='line_1_58' title="bbox 2274 2707 3860 2781; baseline -0.003 -15"><span class='ocrx_word' id='word_1_442' title='bbox 2274 2713 2427 2775; x_wconf 75' lang='grc' dir='ltr'>ὄντα,</span> <span class='ocrx_word' id='word_1_443' title='bbox 2467 2713 2560 2764; x_wconf 73' lang='grc' dir='ltr'><strong>καὶ</strong></span> <span class='ocrx_word' id='word_1_444' title='bbox 2577 2711 2720 2781; x_wconf 75' lang='grc' dir='ltr'><strong>ζωὴν</strong></span> <span class='ocrx_word' id='word_1_445' title='bbox 2751 2710 2809 2763; x_wconf 77' lang='grc' dir='ltr'>τὸ</span> <span class='ocrx_word' id='word_1_446' title='bbox 2837 2711 2988 2780; x_wconf 77' lang='grc' dir='ltr'>ῥῆμα</span> <span class='ocrx_word' id='word_1_447' title='bbox 3014 2710 3074 2763; x_wconf 78' lang='grc' dir='ltr'><strong>τὸ</strong></span> <span class='ocrx_word' id='word_1_448' title='bbox 3095 2709 3449 2776; x_wconf 67' lang='grc' dir='ltr'>εὐαγγελικον</span> <span class='ocrx_word' id='word_1_449' title='bbox 3473 2710 3548 2771; x_wconf 81' lang='grc' dir='ltr'><strong>ὡς</strong></span> <span class='ocrx_word' id='word_1_450' title='bbox 3576 2707 3860 2772; x_wconf 57' lang='lat' dir='ltr'><strong>(testati-&#39;1.</strong></span> 
     </span>
    </p>
   </div>
   <div class='ocr_carea' id='block_1_59' title="bbox 2280 2801 3865 2874">
    <p class='ocr_par' dir='ltr' id='par_1_59' title="bbox 2280 2801 3865 2874">
     <span class='ocr_line' id='line_1_59' title="bbox 2280 2801 3865 2874; baseline -0.003 -16"><span class='ocrx_word' id='word_1_451' title='bbox 2280 2806 2422 2874; x_wconf 65' lang='grc' dir='ltr'><strong>Ἔφη</strong></span> <span class='ocrx_word' id='word_1_452' title='bbox 2445 2803 2552 2872; x_wconf 81' lang='grc' dir='ltr'><strong>γάρ</strong></span> <span class='ocrx_word' id='word_1_453' title='bbox 2581 2820 2681 2854; x_wconf 85' lang='grc' dir='ltr'><strong>που</strong></span> <span class='ocrx_word' id='word_1_454' title='bbox 2709 2802 2966 2872; x_wconf 80' lang='grc' dir='ltr'>Χριστὸς,</span> <span class='ocrx_word' id='word_1_455' title='bbox 2988 2801 3070 2855; x_wconf 82' lang='grc' dir='ltr'>ὅτι</span> <span class='ocrx_word' id='word_1_456' title='bbox 3109 2820 3127 2852; x_wconf 77' lang='lat' dir='ltr'><strong>r</strong></span> <span class='ocrx_word' id='word_1_457' title='bbox 3151 2801 3233 2854; x_wconf 83' lang='grc' dir='ltr'><strong>Τὰ</strong></span> <span class='ocrx_word' id='word_1_458' title='bbox 3265 2802 3506 2871; x_wconf 74' lang='grc' dir='ltr'>ῥήματα,</span> <span class='ocrx_word' id='word_1_459' title='bbox 3541 2801 3579 2854; x_wconf 77' lang='grc' dir='ltr'>ἃ.</span> <span class='ocrx_word' id='word_1_460' title='bbox 3605 2803 3721 2868; x_wconf 76' lang='grc' dir='ltr'>ἐγὼ</span> <span class='ocrx_word' id='word_1_461' title='bbox 3747 2802 3865 2854; x_wconf 75' lang='grc' dir='ltr'>ἐλα-</span> 
     </span>
    </p>
   </div>
   <div class='ocr_carea' id='block_1_60' title="bbox 2275 2891 3860 2965">
    <p class='ocr_par' dir='ltr' id='par_1_60' title="bbox 2275 2891 3860 2965">
     <span class='ocr_line' id='line_1_60' title="bbox 2275 2891 3860 2965; baseline -0.003 -18"><span class='ocrx_word' id='word_1_462' title='bbox 2275 2895 2416 2965; x_wconf 83' lang='grc' dir='ltr'>λησα</span> <span class='ocrx_word' id='word_1_463' title='bbox 2445 2895 2597 2963; x_wconf 80' lang='grc' dir='ltr'>ὑμῖν,</span> <span class='ocrx_word' id='word_1_464' title='bbox 2632 2892 2858 2962; x_wconf 83' lang='grc' dir='ltr'>πνεῦμά</span> <span class='ocrx_word' id='word_1_465' title='bbox 2879 2892 2998 2944; x_wconf 83' lang='grc' dir='ltr'>ἐστι</span> <span class='ocrx_word' id='word_1_466' title='bbox 3026 2892 3120 2944; x_wconf 76' lang='grc' dir='ltr'>καὶ</span> <span class='ocrx_word' id='word_1_467' title='bbox 3137 2891 3270 2962; x_wconf 78' lang='grc' dir='ltr'><strong>ζωὴ,</strong></span> <span class='ocrx_word' id='word_1_468' title='bbox 3303 2911 3322 2943; x_wconf 71' lang='grc' dir='ltr'><strong>ι</strong></span> <span class='ocrx_word' id='word_1_469' title='bbox 3343 2891 3589 2944; x_wconf 76' lang='grc' dir='ltr'>τουτέστι</span> 
     </span>
    </p>
   </div>
   <div class='ocr_carea' id='block_1_61' title="bbox 2276 2979 3864 3054">
    <p class='ocr_par' dir='ltr' id='par_1_61' title="bbox 2276 2979 3864 3054">
     <span class='ocr_line' id='line_1_61' title="bbox 2276 2979 3864 3054; baseline -0.002 -15"><span class='ocrx_word' id='word_1_470' title='bbox 2276 2987 2402 3039; x_wconf 72' lang='grc' dir='ltr'>τικίι</span> <span class='ocrx_word' id='word_1_471' title='bbox 2445 2986 2538 3038; x_wconf 85' lang='grc' dir='ltr'>καί</span> <span class='ocrx_word' id='word_1_472' title='bbox 2573 2984 2831 3048; x_wconf 78' lang='grc' dir='ltr'>ζωοποιά.</span> <span class='ocrx_word' id='word_1_473' title='bbox 2862 2985 3025 3038; x_wconf 85' lang='grc' dir='ltr'>Ὀσια</span> <span class='ocrx_word' id='word_1_474' title='bbox 3065 2983 3130 3054; x_wconf 81' lang='grc' dir='ltr'>δὴ</span> <span class='ocrx_word' id='word_1_475' title='bbox 3157 2979 3252 3037; x_wconf 84' lang='grc' dir='ltr'><strong>οῦν</strong></span> <span class='ocrx_word' id='word_1_476' title='bbox 3300 2983 3368 3036; x_wconf 73' lang='grc' dir='ltr'>τὰ</span> <span class='ocrx_word' id='word_1_477' title='bbox 3425 2985 3729 3054; x_wconf 74' lang='grc' dir='ltr'>δσιουργὰ,</span> <span class='ocrx_word' id='word_1_478' title='bbox 3773 2987 3864 3038; x_wconf 80' lang='grc' dir='ltr'><strong>καὶ</strong></span> 
     </span>
    </p>
   </div>
   <div class='ocr_carea' id='block_1_62' title="bbox 606 3075 2173 3181">
    <p class='ocr_par' dir='ltr' id='par_1_62' title="bbox 606 3091 2173 3162">
     <span class='ocr_line' id='line_1_62' title="bbox 606 3091 2173 3162; baseline -0.003 -13"><span class='ocrx_word' id='word_1_479' title='bbox 606 3096 805 3149; x_wconf 85' lang='lat' dir='ltr'><strong>Sancta</strong></span> <span class='ocrx_word' id='word_1_480' title='bbox 833 3094 1020 3162; x_wconf 76' lang='lat' dir='ltr'><strong>.igitur</strong></span> <span class='ocrx_word' id='word_1_481' title='bbox 1069 3103 1212 3158; x_wconf 90' lang='lat' dir='ltr'><strong>sunt,</strong></span> <span class='ocrx_word' id='word_1_482' title='bbox 1250 3107 1371 3161; x_wconf 63' lang='lat' dir='ltr'><strong>qua</strong></span> <span class='ocrx_word' id='word_1_483' title='bbox 1420 3091 1783 3154; x_wconf 88' lang='lat' dir='ltr'><strong>sanctilicant,</strong></span> <span class='ocrx_word' id='word_1_484' title='bbox 1824 3100 1877 3144; x_wconf 92' lang='lat' dir='ltr'><strong>et</strong></span> <span class='ocrx_word' id='word_1_485' title='bbox 1909 3091 2084 3160; x_wconf 88' lang='lat' dir='ltr'><strong>justos</strong></span> <span class='ocrx_word' id='word_1_486' title='bbox 2113 3105 2173 3144; x_wconf 90' lang='lat' dir='ltr'><strong>ac</strong></span> 
     </span>
    </p>
   </div>
   <div class='ocr_carea' id='block_1_63' title="bbox 2278 3075 3866 3181">
    <p class='ocr_par' dir='ltr' id='par_1_63' title="bbox 2291 3075 3866 3148">
     <span class='ocr_line' id='line_1_63' title="bbox 2291 3075 3866 3148; baseline -0.003 -16"><span class='ocrx_word' id='word_1_487' title='bbox 2291 3078 2529 3140; x_wconf 79' lang='grc' dir='ltr'>δικαίους</span> <span class='ocrx_word' id='word_1_488' title='bbox 2581 3079 2673 3134; x_wconf 69' lang='grc' dir='ltr'>καὶ</span> <span class='ocrx_word' id='word_1_489' title='bbox 2727 3075 2991 3147; x_wconf 82' lang='grc' dir='ltr'>ἀμώμους</span> <span class='ocrx_word' id='word_1_490' title='bbox 3038 3075 3407 3144; x_wconf 80' lang='grc' dir='ltr'>ἀποφαίνοντα</span> <span class='ocrx_word' id='word_1_491' title='bbox 3452 3078 3578 3140; x_wconf 76' lang='grc' dir='ltr'>τοὺς</span> <span class='ocrx_word' id='word_1_492' title='bbox 3640 3078 3866 3148; x_wconf 72' lang='grc' dir='ltr'>δεχομέο</span> 
     </span>
    </p>
   </div>
   <div class='ocr_carea' id='block_1_64' title="bbox 607 3179 2174 3252">
    <p class='ocr_par' dir='ltr' id='par_1_64' title="bbox 607 3179 2174 3252">
     <span class='ocr_line' id='line_1_64' title="bbox 607 3179 2174 3252; baseline -0.003 -13"><span class='ocrx_word' id='word_1_493' title='bbox 607 3183 1107 3252; x_wconf 74' lang='lat' dir='ltr'><strong>irreprehensibiles</strong></span> <span class='ocrx_word' id='word_1_494' title='bbox 1139 3183 1365 3236; x_wconf 88' lang='lat' dir='ltr'><strong>reddunt</strong></span> <span class='ocrx_word' id='word_1_495' title='bbox 1412 3198 1506 3236; x_wconf 88' lang='lat' dir='ltr'><strong>eos</strong></span> <span class='ocrx_word' id='word_1_496' title='bbox 1536 3183 1626 3250; x_wconf 86' lang='lat' dir='ltr'><strong>qui</strong></span> <span class='ocrx_word' id='word_1_497' title='bbox 1659 3181 1745 3235; x_wconf 89' lang='lat' dir='ltr'><strong>illa</strong></span> <span class='ocrx_word' id='word_1_498' title='bbox 1775 3181 2046 3249; x_wconf 89' lang='lat' dir='ltr'><strong>accipiunt</strong></span> <span class='ocrx_word' id='word_1_499' title='bbox 2071 3197 2084 3246; x_wconf 90' lang='lat'>;</span> <span class='ocrx_word' id='word_1_500' title='bbox 2112 3179 2174 3234; x_wconf 81' lang='lat' dir='ltr'><strong>ii-</strong></span> 
     </span>
    </p>
   </div>
   <div class='ocr_carea' id='block_1_65' title="bbox 605 3272 2175 3344">
    <p class='ocr_par' dir='ltr' id='par_1_65' title="bbox 605 3272 2175 3344">
     <span class='ocr_line' id='line_1_65' title="bbox 605 3272 2175 3344; baseline -0.004 -12"><span class='ocrx_word' id='word_1_501' title='bbox 605 3278 743 3332; x_wconf 87' lang='lat' dir='ltr'><strong>delia</strong></span> <span class='ocrx_word' id='word_1_502' title='bbox 781 3290 1017 3344; x_wconf 89' lang='lat' dir='ltr'><strong>quoque,</strong></span> <span class='ocrx_word' id='word_1_503' title='bbox 1043 3274 1167 3344; x_wconf 87' lang='lat' dir='ltr'><strong>quia</strong></span> <span class='ocrx_word' id='word_1_504' title='bbox 1193 3274 1351 3327; x_wconf 82' lang='lat' dir='ltr'><strong>ﬁdem</strong></span> <span class='ocrx_word' id='word_1_505' title='bbox 1387 3272 1612 3337; x_wconf 79' lang='lat' dir='ltr'><strong>faciunt,</strong></span> <span class='ocrx_word' id='word_1_506' title='bbox 1652 3283 1706 3328; x_wconf 91' lang='lat' dir='ltr'><strong>et</strong></span> <span class='ocrx_word' id='word_1_507' title='bbox 1737 3273 2086 3328; x_wconf 83' lang='lat' dir='ltr'><strong>stabilitatem</strong></span> <span class='ocrx_word' id='word_1_508' title='bbox 2110 3272 2175 3326; x_wconf 76' lang='lat' dir='ltr'><strong>[i-</strong></span> 
     </span>
    </p>
   </div>
   <div class='ocr_carea' id='block_1_66' title="bbox 607 3361 2174 3431">
    <p class='ocr_par' dir='ltr' id='par_1_66' title="bbox 607 3361 2174 3431">
     <span class='ocr_line' id='line_1_66' title="bbox 607 3361 2174 3431; baseline -0.006 -11"><span class='ocrx_word' id='word_1_509' title='bbox 607 3367 777 3420; x_wconf 77' lang='lat' dir='ltr'><strong>deiet</strong></span> <span class='ocrx_word' id='word_1_510' title='bbox 830 3366 951 3418; x_wconf 69' lang='lat' dir='ltr'><strong>vitae</strong></span> <span class='ocrx_word' id='word_1_511' title='bbox 999 3365 1250 3431; x_wconf 86' lang='lat' dir='ltr'><strong>pietatem</strong></span> <span class='ocrx_word' id='word_1_512' title='bbox 1298 3363 1382 3416; x_wconf 90' lang='lat' dir='ltr'><strong>his</strong></span> <span class='ocrx_word' id='word_1_513' title='bbox 1435 3361 1526 3430; x_wconf 88' lang='lat' dir='ltr'><strong>qui</strong></span> <span class='ocrx_word' id='word_1_514' title='bbox 1570 3376 1632 3414; x_wconf 92' lang='lat' dir='ltr'><strong>ea</strong></span> <span class='ocrx_word' id='word_1_515' title='bbox 1684 3361 2174 3429; x_wconf 82' lang='lat' dir='ltr'><strong>apprehenderunt,</strong></span> 
     </span>
    </p>
   </div>
   <div class='ocr_carea' id='block_1_67' title="bbox 608 3451 2178 3524">
    <p class='ocr_par' dir='ltr' id='par_1_67' title="bbox 608 3451 2178 3524">
     <span class='ocr_line' id='line_1_67' title="bbox 608 3451 2178 3524; baseline -0.006 -12"><span class='ocrx_word' id='word_1_516' title='bbox 608 3455 946 3524; x_wconf 82' lang='lat' dir='ltr'><strong>ingenerant.</strong></span> <span class='ocrx_word' id='word_1_517' title='bbox 983 3454 1106 3508; x_wconf 63' lang='lat' dir='ltr'><strong>llzec</strong></span> <span class='ocrx_word' id='word_1_518' title='bbox 1131 3462 1216 3506; x_wconf 90' lang='lat' dir='ltr'><strong>est</strong></span> <span class='ocrx_word' id='word_1_519' title='bbox 1255 3454 1398 3506; x_wconf 89' lang='lat' dir='ltr'><strong>enim</strong></span> <span class='ocrx_word' id='word_1_520' title='bbox 1434 3451 1810 3508; x_wconf 86' lang='lat' dir='ltr'><strong>vaticiniorum</strong></span> <span class='ocrx_word' id='word_1_521' title='bbox 1839 3452 2040 3506; x_wconf 86' lang='lat' dir='ltr'><strong>Christi</strong></span> <span class='ocrx_word' id='word_1_522' title='bbox 2073 3451 2178 3504; x_wconf 83' lang='lat' dir='ltr'><strong>vir-</strong></span> 
     </span>
    </p>
   </div>
   <div class='ocr_carea' id='block_1_68' title="bbox 611 3540 2176 3608">
    <p class='ocr_par' dir='ltr' id='par_1_68' title="bbox 611 3540 2176 3608">
     <span class='ocr_line' id='line_1_68' title="bbox 611 3540 2176 3608; baseline -0.004 -10"><span class='ocrx_word' id='word_1_523' title='bbox 611 3553 698 3598; x_wconf 87' lang='lat' dir='ltr'><strong>tus</strong></span> <span class='ocrx_word' id='word_1_524' title='bbox 724 3555 778 3597; x_wconf 91' lang='lat' dir='ltr'><strong>et</strong></span> <span class='ocrx_word' id='word_1_525' title='bbox 809 3545 1118 3596; x_wconf 77' lang='lat' dir='ltr'><strong>elticacitas.</strong></span> <span class='ocrx_word' id='word_1_526' title='bbox 1147 3540 1282 3594; x_wconf 90' lang='lat' dir='ltr'><strong>Cum</strong></span> <span class='ocrx_word' id='word_1_527' title='bbox 1324 3542 1487 3608; x_wconf 81' lang='lat' dir='ltr'><strong>igitur</strong></span> <span class='ocrx_word' id='word_1_528' title='bbox 1532 3540 1786 3594; x_wconf 87' lang='lat' dir='ltr'><strong>Davidem</strong></span> <span class='ocrx_word' id='word_1_529' title='bbox 1823 3541 2176 3605; x_wconf 84' lang='lat' dir='ltr'><strong>nominasset,</strong></span> 
     </span>
    </p>
   </div>
   <div class='ocr_carea' id='block_1_69' title="bbox 610 3629 2180 3699">
    <p class='ocr_par' dir='ltr' id='par_1_69' title="bbox 610 3629 2180 3699">
     <span class='ocr_line' id='line_1_69' title="bbox 610 3629 2180 3699; baseline -0.002 -12"><span class='ocrx_word' id='word_1_530' title='bbox 610 3634 906 3694; x_wconf 79' lang='lat' dir='ltr'><strong>Christum,</strong></span> <span class='ocrx_word' id='word_1_531' title='bbox 932 3647 996 3685; x_wconf 85' lang='lat' dir='ltr'><strong>ex</strong></span> <span class='ocrx_word' id='word_1_532' title='bbox 1025 3632 1231 3684; x_wconf 89' lang='lat' dir='ltr'><strong>semine</strong></span> <span class='ocrx_word' id='word_1_533' title='bbox 1258 3629 1474 3684; x_wconf 86' lang='lat' dir='ltr'><strong>Davidis</strong></span> <span class='ocrx_word' id='word_1_534' title='bbox 1505 3631 1799 3683; x_wconf 86' lang='lat' dir='ltr'><strong>secundum</strong></span> <span class='ocrx_word' id='word_1_535' title='bbox 1848 3645 2090 3699; x_wconf 88' lang='lat' dir='ltr'><strong>carnem,</strong></span> <span class='ocrx_word' id='word_1_536' title='bbox 2111 3630 2180 3684; x_wconf 90' lang='lat' dir='ltr'><strong>de</strong></span> 
     </span>
    </p>
   </div>
   <div class='ocr_carea' id='block_1_70' title="bbox 611 3720 2179 3790">
    <p class='ocr_par' dir='ltr' id='par_1_70' title="bbox 611 3720 2179 3790">
     <span class='ocr_line' id='line_1_70' title="bbox 611 3720 2179 3790; baseline 0 -14"><span class='ocrx_word' id='word_1_537' title='bbox 611 3738 678 3776; x_wconf 89' lang='lat' dir='ltr'><strong>eo</strong></span> <span class='ocrx_word' id='word_1_538' title='bbox 702 3723 830 3776; x_wconf 86' lang='lat' dir='ltr'><strong>dicit</strong></span> <span class='ocrx_word' id='word_1_539' title='bbox 860 3723 1149 3777; x_wconf 86' lang='lat' dir='ltr'><strong>continuo:</strong></span> <span class='ocrx_word' id='word_1_540' title='bbox 1179 3740 1196 3772; x_wconf 77' lang='grc' dir='ltr'>ι</span> <span class='ocrx_word' id='word_1_541' title='bbox 1225 3721 1360 3774; x_wconf 80' lang='lat' dir='ltr'><strong>Ecce</strong></span> <span class='ocrx_word' id='word_1_542' title='bbox 1385 3720 1752 3774; x_wconf 88' lang='lat' dir='ltr'><strong>testimonium</strong></span> <span class='ocrx_word' id='word_1_543' title='bbox 1780 3721 2028 3790; x_wconf 73' lang='lat' dir='ltr'><strong>gentibus</strong></span> <span class='ocrx_word' id='word_1_544' title='bbox 2057 3722 2179 3776; x_wconf 89' lang='lat' dir='ltr'><strong>dedi</strong></span> 
     </span>
    </p>
   </div>
   <div class='ocr_carea' id='block_1_71' title="bbox 611 3812 2175 3882">
    <p class='ocr_par' dir='ltr' id='par_1_71' title="bbox 611 3812 2175 3882">
     <span class='ocr_line' id='line_1_71' title="bbox 611 3812 2175 3882; baseline -0.003 -14"><span class='ocrx_word' id='word_1_545' title='bbox 611 3815 788 3877; x_wconf 85' lang='lat' dir='ltr'><strong>illum,</strong></span> <span class='ocrx_word' id='word_1_546' title='bbox 823 3813 1119 3882; x_wconf 80' lang='lat' dir='ltr'><strong>principem</strong></span> <span class='ocrx_word' id='word_1_547' title='bbox 1171 3822 1224 3865; x_wconf 90' lang='lat' dir='ltr'><strong>et</strong></span> <span class='ocrx_word' id='word_1_548' title='bbox 1287 3821 1674 3881; x_wconf 69' lang='lat' dir='ltr'><strong>praeceptorem</strong></span> <span class='ocrx_word' id='word_1_549' title='bbox 1734 3812 1874 3866; x_wconf 92' lang='lat' dir='ltr'><strong>inter</strong></span> <span class='ocrx_word' id='word_1_550' title='bbox 1917 3820 2125 3880; x_wconf 84' lang='lat' dir='ltr'><strong>gentes.</strong></span> <span class='ocrx_word' id='word_1_551' title='bbox 2155 3829 2175 3864; x_wconf 72' lang='grc' dir='ltr'><strong>ι</strong></span> 
     </span>
    </p>
   </div>
   <div class='ocr_carea' id='block_1_72' title="bbox 610 3901 2181 3972">
    <p class='ocr_par' dir='ltr' id='par_1_72' title="bbox 610 3901 2181 3972">
     <span class='ocr_line' id='line_1_72' title="bbox 610 3901 2181 3972; baseline 0 -14"><span class='ocrx_word' id='word_1_552' title='bbox 610 3904 925 3964; x_wconf 87' lang='lat' dir='ltr'><strong>Obtestatnr</strong></span> <span class='ocrx_word' id='word_1_553' title='bbox 986 3904 1138 3972; x_wconf 87' lang='lat' dir='ltr'><strong>quasi</strong></span> <span class='ocrx_word' id='word_1_554' title='bbox 1191 3903 1454 3958; x_wconf 89' lang='lat' dir='ltr'><strong>Dominus</strong></span> <span class='ocrx_word' id='word_1_555' title='bbox 1512 3913 1697 3957; x_wconf 89' lang='lat' dir='ltr'><strong>noster</strong></span> <span class='ocrx_word' id='word_1_556' title='bbox 1726 3901 1884 3958; x_wconf 80' lang='lat' dir='ltr'><strong>Jesns</strong></span> <span class='ocrx_word' id='word_1_557' title='bbox 1912 3902 2181 3968; x_wconf 87' lang='lat' dir='ltr'><strong>Christus,</strong></span> 
     </span>
    </p>
   </div>
   <div class='ocr_carea' id='block_1_73' title="bbox 613 3993 2184 4066">
    <p class='ocr_par' dir='ltr' id='par_1_73' title="bbox 613 3993 2184 4066">
     <span class='ocr_line' id='line_1_73' title="bbox 613 3993 2184 4066; baseline 0.001 -19"><span class='ocrx_word' id='word_1_558' title='bbox 613 4011 801 4066; x_wconf 73' lang='lat' dir='ltr'><strong>greges</strong></span> <span class='ocrx_word' id='word_1_559' title='bbox 851 3994 1112 4064; x_wconf 90' lang='lat' dir='ltr'><strong>gentium,</strong></span> <span class='ocrx_word' id='word_1_560' title='bbox 1149 3995 1290 4064; x_wconf 91' lang='lat' dir='ltr'><strong>quod</strong></span> <span class='ocrx_word' id='word_1_561' title='bbox 1331 3993 1442 4048; x_wconf 90' lang='lat' dir='ltr'><strong>sint</strong></span> <span class='ocrx_word' id='word_1_562' title='bbox 1498 3993 1599 4047; x_wconf 68' lang='lat' dir='ltr'><strong>illa:</strong></span> <span class='ocrx_word' id='word_1_563' title='bbox 1632 4008 1884 4062; x_wconf 87' lang='lat' dir='ltr'><strong>capaces,</strong></span> <span class='ocrx_word' id='word_1_564' title='bbox 1915 3994 2184 4064; x_wconf 83' lang='lat' dir='ltr'><strong>liceatque</strong></span> 
     </span>
    </p>
   </div>
   <div class='ocr_carea' id='block_1_74' title="bbox 612 4086 2184 4156">
    <p class='ocr_par' dir='ltr' id='par_1_74' title="bbox 612 4086 2184 4156">
     <span class='ocr_line' id='line_1_74' title="bbox 612 4086 2184 4156; baseline 0 -15"><span class='ocrx_word' id='word_1_565' title='bbox 612 4087 934 4148; x_wconf 74' lang='lat' dir='ltr'><strong>volentibus,</strong></span> <span class='ocrx_word' id='word_1_566' title='bbox 997 4086 1147 4141; x_wconf 87' lang='lat' dir='ltr'><strong>nullo</strong></span> <span class='ocrx_word' id='word_1_567' title='bbox 1194 4087 1533 4153; x_wconf 87' lang='lat' dir='ltr'><strong>prohibente,</strong></span> <span class='ocrx_word' id='word_1_568' title='bbox 1566 4101 1706 4141; x_wconf 74' lang='lat' dir='ltr'><strong>vera:</strong></span> <span class='ocrx_word' id='word_1_569' title='bbox 1733 4087 1828 4140; x_wconf 91' lang='lat' dir='ltr'><strong>Dei</strong></span> <span class='ocrx_word' id='word_1_570' title='bbox 1859 4087 2184 4156; x_wconf 86' lang='lat' dir='ltr'><strong>cognitionis</strong></span> 
     </span>
    </p>
   </div>
   <div class='ocr_carea' id='block_1_75' title="bbox 615 4177 2186 4248">
    <p class='ocr_par' dir='ltr' id='par_1_75' title="bbox 615 4177 2186 4248">
     <span class='ocr_line' id='line_1_75' title="bbox 615 4177 2186 4248; baseline 0 -15"><span class='ocrx_word' id='word_1_571' title='bbox 615 4181 737 4234; x_wconf 88' lang='lat' dir='ltr'><strong>luce</strong></span> <span class='ocrx_word' id='word_1_572' title='bbox 767 4178 949 4234; x_wconf 89' lang='lat' dir='ltr'><strong>ditari.</strong></span> <span class='ocrx_word' id='word_1_573' title='bbox 981 4177 1121 4231; x_wconf 87' lang='lat' dir='ltr'><strong>Dixit</strong></span> <span class='ocrx_word' id='word_1_574' title='bbox 1153 4179 1335 4248; x_wconf 79' lang='lat' dir='ltr'><strong>itaque</strong></span> <span class='ocrx_word' id='word_1_575' title='bbox 1366 4194 1460 4246; x_wconf 89' lang='lat' dir='ltr'><strong>per</strong></span> <span class='ocrx_word' id='word_1_576' title='bbox 1487 4177 1656 4248; x_wconf 79' lang='lat' dir='ltr'><strong>lyram</strong></span> <span class='ocrx_word' id='word_1_577' title='bbox 1683 4177 1971 4233; x_wconf 83' lang='lat' dir='ltr'><strong>Psallentis</strong></span> <span class='ocrx_word' id='word_1_578' title='bbox 2000 4200 2012 4235; x_wconf 88' lang='lat'><strong>:</strong></span> <span class='ocrx_word' id='word_1_579' title='bbox 2049 4180 2186 4233; x_wconf 67' lang='lat' dir='ltr'><strong>«Au-</strong></span> 
     </span>
    </p>
   </div>
   <div class='ocr_carea' id='block_1_76' title="bbox 614 4271 2185 4338">
    <p class='ocr_par' dir='ltr' id='par_1_76' title="bbox 614 4271 2185 4338">
     <span class='ocr_line' id='line_1_76' title="bbox 614 4271 2185 4338; baseline 0.001 -14"><span class='ocrx_word' id='word_1_580' title='bbox 614 4271 726 4324; x_wconf 85' lang='lat' dir='ltr'><strong>dite</strong></span> <span class='ocrx_word' id='word_1_581' title='bbox 776 4273 908 4330; x_wconf 65' lang='lat' dir='ltr'><strong>haac,</strong></span> <span class='ocrx_word' id='word_1_582' title='bbox 933 4284 1122 4323; x_wconf 83' lang='lat' dir='ltr'><strong>omnes</strong></span> <span class='ocrx_word' id='word_1_583' title='bbox 1165 4279 1373 4337; x_wconf 86' lang='lat' dir='ltr'><strong>gentes,</strong></span> <span class='ocrx_word' id='word_1_584' title='bbox 1405 4271 1629 4325; x_wconf 89' lang='lat' dir='ltr'><strong>auribus</strong></span> <span class='ocrx_word' id='word_1_585' title='bbox 1665 4271 1947 4338; x_wconf 89' lang='lat' dir='ltr'><strong>percipite,</strong></span> <span class='ocrx_word' id='word_1_586' title='bbox 1995 4285 2185 4326; x_wconf 88' lang='lat' dir='ltr'><strong>omnes</strong></span> 
     </span>
    </p>
   </div>
   <div class='ocr_carea' id='block_1_77' title="bbox 617 4357 2184 4430">
    <p class='ocr_par' dir='ltr' id='par_1_77' title="bbox 617 4357 2184 4430">
     <span class='ocr_line' id='line_1_77' title="bbox 617 4357 2184 4430; baseline 0.003 -19"><span class='ocrx_word' id='word_1_587' title='bbox 617 4361 707 4428; x_wconf 90' lang='lat' dir='ltr'><strong>qui</strong></span> <span class='ocrx_word' id='word_1_588' title='bbox 765 4359 1022 4430; x_wconf 82' lang='lat' dir='ltr'><strong>habitatis</strong></span> <span class='ocrx_word' id='word_1_589' title='bbox 1070 4357 1256 4412; x_wconf 90' lang='lat' dir='ltr'><strong>orbem</strong></span> <span class='ocrx_word' id='word_1_590' title='bbox 1307 4367 1604 4424; x_wconf 83' lang='lat' dir='ltr'><strong>terrarum,-</strong></span> <span class='ocrx_word' id='word_1_591' title='bbox 1645 4362 1949 4430; x_wconf 75' lang='lat' dir='ltr'><strong>terrigenae,</strong></span> <span class='ocrx_word' id='word_1_592' title='bbox 1976 4368 2030 4414; x_wconf 92' lang='lat' dir='ltr'><strong>et</strong></span> <span class='ocrx_word' id='word_1_593' title='bbox 2091 4360 2184 4416; x_wconf 75' lang='lat' dir='ltr'><strong>filii</strong></span> 
     </span>
    </p>
   </div>
   <div class='ocr_carea' id='block_1_78' title="bbox 2278 3167 3866 3233">
    <p class='ocr_par' dir='ltr' id='par_1_78' title="bbox 2278 3167 3866 3233">
     <span class='ocr_line' id='line_1_78' title="bbox 2278 3167 3866 3233; baseline 0 -11"><span class='ocrx_word' id='word_1_594' title='bbox 2278 3187 2401 3233; x_wconf 91' lang='grc' dir='ltr'>νους</span> <span class='ocrx_word' id='word_1_595' title='bbox 2441 3169 2612 3222; x_wconf 78' lang='grc' dir='ltr'>αὑτά·</span> <span class='ocrx_word' id='word_1_596' title='bbox 2649 3167 2817 3222; x_wconf 75' lang='grc' dir='ltr'>πιστὰ</span> <span class='ocrx_word' id='word_1_597' title='bbox 2851 3167 2928 3231; x_wconf 83' lang='grc' dir='ltr'><strong>δὲ,</strong></span> <span class='ocrx_word' id='word_1_598' title='bbox 2959 3169 3040 3220; x_wconf 80' lang='grc' dir='ltr'><strong>ὅτι</strong></span> <span class='ocrx_word' id='word_1_599' title='bbox 3078 3168 3240 3220; x_wconf 77' lang='grc' dir='ltr'>πάλιν</span> <span class='ocrx_word' id='word_1_600' title='bbox 3271 3169 3568 3221; x_wconf 79' lang='grc' dir='ltr'>πιστοποιά</span> <span class='ocrx_word' id='word_1_601' title='bbox 3603 3171 3736 3233; x_wconf 84' lang='grc' dir='ltr'>εἶσι,</span> <span class='ocrx_word' id='word_1_602' title='bbox 3773 3172 3866 3222; x_wconf 75' lang='grc' dir='ltr'><strong>καὶ</strong></span> 
     </span>
    </p>
   </div>
   <div class='ocr_carea' id='block_1_79' title="bbox 2278 3259 3865 3332">
    <p class='ocr_par' dir='ltr' id='par_1_79' title="bbox 2278 3259 3865 3332">
     <span class='ocr_line' id='line_1_79' title="bbox 2278 3259 3865 3332; baseline 0 -18"><span class='ocrx_word' id='word_1_603' title='bbox 2278 3262 2338 3314; x_wconf 77' lang='grc' dir='ltr'>τὸ</span> <span class='ocrx_word' id='word_1_604' title='bbox 2361 3260 2646 3332; x_wconf 85' lang='grc' dir='ltr'>ἱδρυμένον</span> <span class='ocrx_word' id='word_1_605' title='bbox 2674 3261 2729 3312; x_wconf 89' lang='grc' dir='ltr'><strong>ἐν</strong></span> <span class='ocrx_word' id='word_1_606' title='bbox 2755 3259 2934 3311; x_wconf 87' lang='grc' dir='ltr'>πίστει</span> <span class='ocrx_word' id='word_1_607' title='bbox 2958 3259 3050 3311; x_wconf 88' lang='grc' dir='ltr'><strong>καὶ</strong></span> <span class='ocrx_word' id='word_1_608' title='bbox 3065 3261 3132 3329; x_wconf 80' lang='grc' dir='ltr'>τῇ</span> <span class='ocrx_word' id='word_1_609' title='bbox 3172 3259 3290 3312; x_wconf 85' lang='grc' dir='ltr'>κατ’</span> <span class='ocrx_word' id='word_1_610' title='bbox 3315 3259 3597 3312; x_wconf 76' lang='grc' dir='ltr'>εὐσέϐειαν</span> <span class='ocrx_word' id='word_1_611' title='bbox 3621 3261 3736 3331; x_wconf 75' lang='grc' dir='ltr'><strong>ζωῇ</strong></span> <span class='ocrx_word' id='word_1_612' title='bbox 3754 3263 3865 3323; x_wconf 86' lang='grc' dir='ltr'>τοῖς</span> 
     </span>
    </p>
   </div>
   <div class='ocr_carea' id='block_1_80' title="bbox 2275 3349 3867 3420">
    <p class='ocr_par' dir='ltr' id='par_1_80' title="bbox 2275 3349 3867 3420">
     <span class='ocr_line' id='line_1_80' title="bbox 2275 3349 3867 3420; baseline 0.001 -17"><span class='ocrx_word' id='word_1_613' title='bbox 2275 3351 2530 3404; x_wconf 84' lang='grc' dir='ltr'>λαϐοῦσιν</span> <span class='ocrx_word' id='word_1_614' title='bbox 2572 3350 2946 3418; x_wconf 72' lang='grc' dir='ltr'><strong>ἐνεργάζεται.</strong></span> <span class='ocrx_word' id='word_1_615' title='bbox 2989 3349 3228 3420; x_wconf 76' lang='grc' dir='ltr'>Δύναμις</span> <span class='ocrx_word' id='word_1_616' title='bbox 3266 3350 3375 3420; x_wconf 72' lang='grc' dir='ltr'>γὰρ</span> <span class='ocrx_word' id='word_1_617' title='bbox 3431 3350 3570 3420; x_wconf 70' lang='grc' dir='ltr'>αὕτη</span> <span class='ocrx_word' id='word_1_618' title='bbox 3626 3352 3736 3404; x_wconf 80' lang='grc' dir='ltr'><strong>τῶν</strong></span> <span class='ocrx_word' id='word_1_619' title='bbox 3775 3352 3867 3404; x_wconf 72' lang='grc' dir='ltr'><strong>δια</strong></span> 
     </span>
    </p>
   </div>
   <div class='ocr_carea' id='block_1_81' title="bbox 2277 3441 3872 3514">
    <p class='ocr_par' dir='ltr' id='par_1_81' title="bbox 2277 3441 3872 3514">
     <span class='ocr_line' id='line_1_81' title="bbox 2277 3441 3872 3514; baseline 0.001 -17"><span class='ocrx_word' id='word_1_620' title='bbox 2277 3443 2932 3514; x_wconf 74' lang='grc' dir='ltr'>Χριστοῦθεσπισμὰτων.</span> <span class='ocrx_word' id='word_1_621' title='bbox 2955 3441 3164 3495; x_wconf 78' lang='grc' dir='ltr'>Οὐκοῦν</span> <span class='ocrx_word' id='word_1_622' title='bbox 3189 3441 3350 3495; x_wconf 68' lang='grc' dir='ltr'>Δαϐὶδ</span> <span class='ocrx_word' id='word_1_623' title='bbox 3371 3443 3670 3513; x_wconf 77' lang='grc' dir='ltr'>ὀνομάσας,</span> <span class='ocrx_word' id='word_1_624' title='bbox 3686 3444 3776 3495; x_wconf 66' lang='grc' dir='ltr'>τὸν</span> <span class='ocrx_word' id='word_1_625' title='bbox 3799 3445 3872 3498; x_wconf 76' lang='grc' dir='ltr'><strong>ἐκ</strong></span> 
     </span>
    </p>
   </div>
   <div class='ocr_carea' id='block_1_82' title="bbox 2280 3535 3872 3608">
    <p class='ocr_par' dir='ltr' id='par_1_82' title="bbox 2280 3535 3872 3608">
     <span class='ocr_line' id='line_1_82' title="bbox 2280 3535 3872 3608; baseline 0.003 -20"><span class='ocrx_word' id='word_1_626' title='bbox 2280 3535 2590 3605; x_wconf 84' lang='grc' dir='ltr'>σπέρματος</span> <span class='ocrx_word' id='word_1_627' title='bbox 2607 3535 2770 3587; x_wconf 76' lang='grc' dir='ltr'>Δαϐὶδ</span> <span class='ocrx_word' id='word_1_628' title='bbox 2785 3537 2925 3589; x_wconf 85' lang='grc' dir='ltr'><strong>κατά</strong></span> <span class='ocrx_word' id='word_1_629' title='bbox 2939 3536 3116 3605; x_wconf 82' lang='grc' dir='ltr'>σάρκα</span> <span class='ocrx_word' id='word_1_630' title='bbox 3137 3537 3387 3606; x_wconf 81' lang='grc' dir='ltr'>Χριστὸν,</span> <span class='ocrx_word' id='word_1_631' title='bbox 3403 3537 3524 3606; x_wconf 75' lang='grc' dir='ltr'>περὶ</span> <span class='ocrx_word' id='word_1_632' title='bbox 3539 3537 3712 3589; x_wconf 81' lang='grc' dir='ltr'>αὐτοῦ</span> <span class='ocrx_word' id='word_1_633' title='bbox 3729 3556 3872 3608; x_wconf 59' lang='grc' dir='ltr'>φησι</span> 
     </span>
    </p>
   </div>
   <div class='ocr_carea' id='block_1_83' title="bbox 2281 3626 3874 3698">
    <p class='ocr_par' dir='ltr' id='par_1_83' title="bbox 2281 3626 3874 3698">
     <span class='ocr_line' id='line_1_83' title="bbox 2281 3626 3874 3698; baseline 0.003 -20"><span class='ocrx_word' id='word_1_634' title='bbox 2281 3627 2640 3696; x_wconf 78' lang='grc' dir='ltr'>παραχρῆμα·</span> <span class='ocrx_word' id='word_1_635' title='bbox 2681 3646 2700 3679; x_wconf 79' lang='grc' dir='ltr'><strong>ι</strong></span> <span class='ocrx_word' id='word_1_636' title='bbox 2733 3628 2864 3680; x_wconf 83' lang='grc' dir='ltr'>Ἰδοὺ</span> <span class='ocrx_word' id='word_1_637' title='bbox 2901 3626 3203 3698; x_wconf 80' lang='grc' dir='ltr'>μαρτύριον</span> <span class='ocrx_word' id='word_1_638' title='bbox 3236 3628 3404 3679; x_wconf 78' lang='grc' dir='ltr'>ἔθνεσι</span> <span class='ocrx_word' id='word_1_639' title='bbox 3431 3626 3638 3678; x_wconf 76' lang='grc' dir='ltr'>δέδωκα</span> <span class='ocrx_word' id='word_1_640' title='bbox 3665 3629 3874 3697; x_wconf 78' lang='grc' dir='ltr'>αὑτὸν,</span> 
     </span>
    </p>
   </div>
   <div class='ocr_carea' id='block_1_84' title="bbox 2280 3716 3874 3790">
    <p class='ocr_par' dir='ltr' id='par_1_84' title="bbox 2280 3716 3874 3790">
     <span class='ocr_line' id='line_1_84' title="bbox 2280 3716 3874 3790; baseline 0.002 -19"><span class='ocrx_word' id='word_1_641' title='bbox 2280 3716 2537 3788; x_wconf 79' lang='grc' dir='ltr'>ἄρχοντα,</span> <span class='ocrx_word' id='word_1_642' title='bbox 2561 3720 2654 3772; x_wconf 73' lang='grc' dir='ltr'><strong>καὶ</strong></span> <span class='ocrx_word' id='word_1_643' title='bbox 2676 3719 3086 3789; x_wconf 75' lang='grc' dir='ltr'>προστάσσοντα</span> <span class='ocrx_word' id='word_1_644' title='bbox 3125 3718 3301 3771; x_wconf 77' lang='grc' dir='ltr'>ἔθνεσι</span> <span class='ocrx_word' id='word_1_645' title='bbox 3328 3760 3339 3771; x_wconf 94' lang='grc'><strong>.</strong></span> <span class='ocrx_word' id='word_1_646' title='bbox 3374 3737 3391 3770; x_wconf 78' lang='grc' dir='ltr'>ι</span> <span class='ocrx_word' id='word_1_647' title='bbox 3425 3719 3874 3790; x_wconf 78' lang='grc' dir='ltr'>Διαμαρτύρεται</span> 
     </span>
    </p>
   </div>
   <div class='ocr_carea' id='block_1_85' title="bbox 2281 3808 3874 3880">
    <p class='ocr_par' dir='ltr' id='par_1_85' title="bbox 2281 3808 3874 3880">
     <span class='ocr_line' id='line_1_85' title="bbox 2281 3808 3874 3880; baseline 0.002 -18"><span class='ocrx_word' id='word_1_648' title='bbox 2281 3808 2466 3878; x_wconf 76' lang='grc' dir='ltr'>ὥσπερ</span> <span class='ocrx_word' id='word_1_649' title='bbox 2490 3810 2517 3862; x_wconf 82' lang='grc' dir='ltr'>ὁ</span> <span class='ocrx_word' id='word_1_650' title='bbox 2549 3809 2750 3880; x_wconf 80' lang='grc' dir='ltr'>Κύριος</span> <span class='ocrx_word' id='word_1_651' title='bbox 2782 3810 2938 3880; x_wconf 81' lang='grc' dir='ltr'>ἡμῶν</span> <span class='ocrx_word' id='word_1_652' title='bbox 2969 3808 3175 3879; x_wconf 80' lang='grc' dir='ltr'>Ἰησοῦς</span> <span class='ocrx_word' id='word_1_653' title='bbox 3212 3810 3444 3880; x_wconf 79' lang='grc' dir='ltr'>Χριστὸς</span> <span class='ocrx_word' id='word_1_654' title='bbox 3471 3809 3569 3872; x_wconf 78' lang='grc' dir='ltr'><strong>τὰς</strong></span> <span class='ocrx_word' id='word_1_655' title='bbox 3608 3809 3667 3876; x_wconf 78' lang='grc' dir='ltr'>ἐξ</span> <span class='ocrx_word' id='word_1_656' title='bbox 3695 3813 3874 3865; x_wconf 76' lang='grc' dir='ltr'>ἐθνῶν</span> 
     </span>
    </p>
   </div>
   <div class='ocr_carea' id='block_1_86' title="bbox 2281 3894 3872 3971">
    <p class='ocr_par' dir='ltr' id='par_1_86' title="bbox 2281 3894 3872 3971">
     <span class='ocr_line' id='line_1_86' title="bbox 2281 3894 3872 3971; baseline 0.003 -19"><span class='ocrx_word' id='word_1_657' title='bbox 2281 3901 2503 3968; x_wconf 80' lang='grc' dir='ltr'><strong>ἀγέλας,</strong></span> <span class='ocrx_word' id='word_1_658' title='bbox 2531 3901 2615 3953; x_wconf 85' lang='grc' dir='ltr'>ὅτι</span> <span class='ocrx_word' id='word_1_659' title='bbox 2659 3901 2848 3954; x_wconf 72' lang='grc' dir='ltr'>δεκταὶ</span> <span class='ocrx_word' id='word_1_660' title='bbox 2878 3901 3134 3970; x_wconf 81' lang='grc' dir='ltr'>γεγόνασι</span> <span class='ocrx_word' id='word_1_661' title='bbox 3176 3903 3270 3954; x_wconf 72' lang='grc' dir='ltr'><strong>καὶ</strong></span> <span class='ocrx_word' id='word_1_662' title='bbox 3297 3894 3482 3965; x_wconf 72' lang='grc' dir='ltr'>αὗται,</span> <span class='ocrx_word' id='word_1_663' title='bbox 3506 3901 3601 3954; x_wconf 72' lang='grc' dir='ltr'><strong>καὶ</strong></span> <span class='ocrx_word' id='word_1_664' title='bbox 3647 3903 3872 3971; x_wconf 80' lang='grc' dir='ltr'>μέτεστι</span> 
     </span>
    </p>
   </div>
   <div class='ocr_carea' id='block_1_87' title="bbox 2281 3991 3872 4064">
    <p class='ocr_par' dir='ltr' id='par_1_87' title="bbox 2281 3991 3872 4064">
     <span class='ocr_line' id='line_1_87' title="bbox 2281 3991 3872 4064; baseline 0.001 -20"><span class='ocrx_word' id='word_1_665' title='bbox 2281 3995 2396 4055; x_wconf 85' lang='grc' dir='ltr'>τοῖς</span> <span class='ocrx_word' id='word_1_666' title='bbox 2429 3991 2701 4046; x_wconf 81' lang='grc' dir='ltr'>ἐθέλουσιν</span> <span class='ocrx_word' id='word_1_667' title='bbox 2743 3992 3103 4064; x_wconf 83' lang='grc' dir='ltr'>ἀπείργοντος</span> <span class='ocrx_word' id='word_1_668' title='bbox 3148 3992 3362 4055; x_wconf 79' lang='grc' dir='ltr'>οὐδενὸς</span> <span class='ocrx_word' id='word_1_669' title='bbox 3398 3993 3460 4044; x_wconf 85' lang='grc' dir='ltr'><strong>τὸ</strong></span> <span class='ocrx_word' id='word_1_670' title='bbox 3496 3992 3596 4063; x_wconf 77' lang='grc' dir='ltr'>τῆς</span> <span class='ocrx_word' id='word_1_671' title='bbox 3634 3992 3872 4064; x_wconf 75' lang='grc' dir='ltr'>ἀληθοῦς</span> 
     </span>
    </p>
   </div>
   <div class='ocr_carea' id='block_1_88' title="bbox 2284 4083 3871 4156">
    <p class='ocr_par' dir='ltr' id='par_1_88' title="bbox 2284 4083 3871 4156">
     <span class='ocr_line' id='line_1_88' title="bbox 2284 4083 3871 4156; baseline 0.002 -20"><span class='ocrx_word' id='word_1_672' title='bbox 2284 4083 2616 4150; x_wconf 84' lang='grc' dir='ltr'>θεογνωσίας</span> <span class='ocrx_word' id='word_1_673' title='bbox 2642 4083 3088 4155; x_wconf 77' lang='grc' dir='ltr'>καταπλουτῆσαι</span> <span class='ocrx_word' id='word_1_674' title='bbox 3125 4083 3260 4152; x_wconf 79' lang='grc' dir='ltr'>φῶς.</span> <span class='ocrx_word' id='word_1_675' title='bbox 3295 4085 3441 4154; x_wconf 85' lang='grc' dir='ltr'><strong>Ἔφη</strong></span> <span class='ocrx_word' id='word_1_676' title='bbox 3478 4084 3612 4151; x_wconf 88' lang='grc' dir='ltr'>γοῦν</span> <span class='ocrx_word' id='word_1_677' title='bbox 3645 4085 3736 4139; x_wconf 74' lang='grc' dir='ltr'><strong>διὰ</strong></span> <span class='ocrx_word' id='word_1_678' title='bbox 3775 4087 3871 4156; x_wconf 72' lang='grc' dir='ltr'>τῆς</span> 
     </span>
    </p>
   </div>
   <div class='ocr_carea' id='block_1_89' title="bbox 2283 4174 3872 4246">
    <p class='ocr_par' dir='ltr' id='par_1_89' title="bbox 2283 4174 3872 4246">
     <span class='ocr_line' id='line_1_89' title="bbox 2283 4174 3872 4246; baseline 0 -18"><span class='ocrx_word' id='word_1_679' title='bbox 2283 4175 2377 4228; x_wconf 89' lang='grc' dir='ltr'><strong>τοῦ</strong></span> <span class='ocrx_word' id='word_1_680' title='bbox 2403 4175 2708 4239; x_wconf 80' lang='grc' dir='ltr'>Ψάλλοντος</span> <span class='ocrx_word' id='word_1_681' title='bbox 2738 4174 2935 4246; x_wconf 82' lang='grc' dir='ltr'>λύρας·</span> <span class='ocrx_word' id='word_1_682' title='bbox 2977 4194 2995 4227; x_wconf 78' lang='grc' dir='ltr'><strong>ι</strong></span> <span class='ocrx_word' id='word_1_683' title='bbox 3040 4176 3336 4229; x_wconf 78' lang='grc' dir='ltr'>Ἀκούσατε</span> <span class='ocrx_word' id='word_1_684' title='bbox 3368 4176 3566 4242; x_wconf 87' lang='grc' dir='ltr'>ταῦτα,</span> <span class='ocrx_word' id='word_1_685' title='bbox 3595 4177 3777 4230; x_wconf 76' lang='grc' dir='ltr'>πάντα</span> <span class='ocrx_word' id='word_1_686' title='bbox 3807 4179 3872 4230; x_wconf 70' lang='grc' dir='ltr'><strong>τὰ</strong></span> 
     </span>
    </p>
   </div>
   <div class='ocr_carea' id='block_1_90' title="bbox 2287 4265 3871 4338">
    <p class='ocr_par' dir='ltr' id='par_1_90' title="bbox 2287 4265 3871 4338">
     <span class='ocr_line' id='line_1_90' title="bbox 2287 4265 3871 4338; baseline 0.001 -20"><span class='ocrx_word' id='word_1_687' title='bbox 2287 4265 2434 4336; x_wconf 81' lang='grc' dir='ltr'>έθνη⁶</span> <span class='ocrx_word' id='word_1_688' title='bbox 2460 4265 2803 4333; x_wconf 85' lang='grc' dir='ltr'>ἐνωτίσασθε,</span> <span class='ocrx_word' id='word_1_689' title='bbox 2844 4265 3044 4328; x_wconf 84' lang='grc' dir='ltr'>πάντες</span> <span class='ocrx_word' id='word_1_690' title='bbox 3063 4267 3111 4318; x_wconf 84' lang='grc' dir='ltr'>οἱ</span> <span class='ocrx_word' id='word_1_691' title='bbox 3141 4266 3522 4328; x_wconf 82' lang='grc' dir='ltr'>κατοικοῦντες</span> <span class='ocrx_word' id='word_1_692' title='bbox 3554 4266 3653 4338; x_wconf 78' lang='grc' dir='ltr'>τὴν</span> <span class='ocrx_word' id='word_1_693' title='bbox 3695 4270 3871 4320; x_wconf 71' lang='grc' dir='ltr'>οίκοιιο</span> 
     </span>
    </p>
   </div>
   <div class='ocr_carea' id='block_1_91' title="bbox 2291 4357 3872 4430">
    <p class='ocr_par' dir='ltr' id='par_1_91' title="bbox 2291 4357 3872 4430">
     <span class='ocr_line' id='line_1_91' title="bbox 2291 4357 3872 4430; baseline 0.001 -20"><span class='ocrx_word' id='word_1_694' title='bbox 2291 4360 2480 4428; x_wconf 82' lang='grc' dir='ltr'>μένην,</span> <span class='ocrx_word' id='word_1_695' title='bbox 2512 4361 2561 4412; x_wconf 85' lang='lat' dir='ltr'><strong>oi</strong></span> <span class='ocrx_word' id='word_1_696' title='bbox 2591 4361 2866 4429; x_wconf 78' lang='grc' dir='ltr'>γηγενεῖς,</span> <span class='ocrx_word' id='word_1_697' title='bbox 2897 4359 2990 4412; x_wconf 77' lang='grc' dir='ltr'>καὶ</span> <span class='ocrx_word' id='word_1_698' title='bbox 3023 4359 3129 4412; x_wconf 70' lang='grc' dir='ltr'>υἱοὶ</span> <span class='ocrx_word' id='word_1_699' title='bbox 3169 4359 3278 4413; x_wconf 84' lang='grc' dir='ltr'><strong>τῶν</strong></span> <span class='ocrx_word' id='word_1_700' title='bbox 3321 4357 3649 4430; x_wconf 79' lang='grc' dir='ltr'>ἀνθρώπων,</span> <span class='ocrx_word' id='word_1_701' title='bbox 3689 4360 3783 4412; x_wconf 70' lang='grc' dir='ltr'><strong>ἐπὶ</strong></span> <span class='ocrx_word' id='word_1_702' title='bbox 3817 4362 3872 4412; x_wconf 81' lang='grc' dir='ltr'>τὸ</span> 
     </span>
    </p>
   </div>
   <div class='ocr_carea' id='block_1_92' title="bbox 620 4445 2173 4521">
    <p class='ocr_par' dir='ltr' id='par_1_92' title="bbox 620 4449 2173 4520">
     <span class='ocr_line' id='line_1_92' title="bbox 620 4449 2173 4520; baseline 0.001 -18"><span class='ocrx_word' id='word_1_703' title='bbox 620 4449 916 4514; x_wconf 85' lang='lat' dir='ltr'><strong>hominum,</strong></span> <span class='ocrx_word' id='word_1_704' title='bbox 944 4451 1094 4504; x_wconf 77' lang='lat' dir='ltr'><strong>diVes</strong></span> <span class='ocrx_word' id='word_1_705' title='bbox 1140 4449 1298 4503; x_wconf 89' lang='lat' dir='ltr'><strong>simul</strong></span> <span class='ocrx_word' id='word_1_706' title='bbox 1329 4459 1384 4502; x_wconf 90' lang='lat' dir='ltr'><strong>et</strong></span> <span class='ocrx_word' id='word_1_707' title='bbox 1419 4464 1642 4518; x_wconf 90' lang='lat' dir='ltr'><strong>pauper.</strong></span> <span class='ocrx_word' id='word_1_708' title='bbox 1674 4449 1747 4506; x_wconf 90' lang='lat' dir='ltr'><strong>Os</strong></span> <span class='ocrx_word' id='word_1_709' title='bbox 1781 4466 1958 4505; x_wconf 88' lang='lat' dir='ltr'><strong>meum</strong></span> <span class='ocrx_word' id='word_1_710' title='bbox 1997 4451 2173 4520; x_wconf 47' lang='lat' dir='ltr'><strong>loquel</strong></span> 
     </span>
    </p>
   </div>
   <div class='ocr_carea' id='block_1_93' title="bbox 2278 4445 3873 4521">
    <p class='ocr_par' dir='ltr' id='par_1_93' title="bbox 2290 4449 3873 4521">
     <span class='ocr_line' id='line_1_93' title="bbox 2290 4449 3873 4521; baseline 0.001 -21"><span class='ocrx_word' id='word_1_711' title='bbox 2290 4451 2422 4503; x_wconf 73' lang='grc' dir='ltr'>αὐτὸ</span> <span class='ocrx_word' id='word_1_712' title='bbox 2482 4449 2737 4512; x_wconf 83' lang='grc' dir='ltr'>πλούσιος</span> <span class='ocrx_word' id='word_1_713' title='bbox 2783 4451 2875 4504; x_wconf 83' lang='grc' dir='ltr'><strong>καὶ</strong></span> <span class='ocrx_word' id='word_1_714' title='bbox 2930 4449 3118 4520; x_wconf 81' lang='grc' dir='ltr'>πένης.</span> <span class='ocrx_word' id='word_1_715' title='bbox 3162 4450 3234 4502; x_wconf 85' lang='grc' dir='ltr'>Τὸ</span> <span class='ocrx_word' id='word_1_716' title='bbox 3289 4451 3466 4521; x_wconf 79' lang='grc' dir='ltr'>στόμα</span> <span class='ocrx_word' id='word_1_717' title='bbox 3508 4469 3610 4520; x_wconf 87' lang='grc' dir='ltr'><strong>μου</strong></span> <span class='ocrx_word' id='word_1_718' title='bbox 3650 4451 3873 4521; x_wconf 66' lang='grc' dir='ltr'>λαλήσει</span> 
     </span>
    </p>
   </div>
   <div class='ocr_carea' id='block_1_94' title="bbox 621 4525 2189 4614">
    <p class='ocr_par' dir='ltr' id='par_1_94' title="bbox 621 4525 2189 4614">
     <span class='ocr_line' id='line_1_94' title="bbox 621 4525 2189 4614; baseline 0.003 -21"><span class='ocrx_word' id='word_1_719' title='bbox 621 4525 708 4594; x_wconf 67' lang='lat' dir='ltr'><strong>tur</strong></span> <span class='ocrx_word' id='word_1_720' title='bbox 750 4539 1090 4608; x_wconf 82' lang='lat' dir='ltr'><strong>sapientiam,</strong></span> <span class='ocrx_word' id='word_1_721' title='bbox 1127 4551 1182 4595; x_wconf 91' lang='lat' dir='ltr'><strong>et</strong></span> <span class='ocrx_word' id='word_1_722' title='bbox 1215 4541 1492 4596; x_wconf 87' lang='lat' dir='ltr'><strong>meditatio</strong></span> <span class='ocrx_word' id='word_1_723' title='bbox 1521 4542 1700 4597; x_wconf 89' lang='lat' dir='ltr'><strong>cordis</strong></span> <span class='ocrx_word' id='word_1_724' title='bbox 1727 4543 1830 4596; x_wconf 90' lang='lat' dir='ltr'><strong>mei</strong></span> <span class='ocrx_word' id='word_1_725' title='bbox 1882 4543 2189 4614; x_wconf 80' lang='lat' dir='ltr'><strong>intelligen-</strong></span> 
     </span>
    </p>
   </div>
   <div class='ocr_carea' id='block_1_95' title="bbox 623 4629 2190 4702">
    <p class='ocr_par' dir='ltr' id='par_1_95' title="bbox 623 4629 2190 4702">
     <span class='ocr_line' id='line_1_95' title="bbox 623 4629 2190 4702; baseline 0.005 -19"><span class='ocrx_word' id='word_1_726' title='bbox 623 4632 752 4684; x_wconf 89' lang='lat' dir='ltr'><strong>tiam</strong></span> <span class='ocrx_word' id='word_1_727' title='bbox 785 4630 852 4683; x_wconf 73' lang='lat'><strong>“.</strong></span> <span class='ocrx_word' id='word_1_728' title='bbox 885 4649 904 4684; x_wconf 67' lang='grc' dir='ltr'>ι</span> <span class='ocrx_word' id='word_1_729' title='bbox 936 4629 1082 4700; x_wconf 89' lang='lat' dir='ltr'><strong>Opus</strong></span> <span class='ocrx_word' id='word_1_730' title='bbox 1109 4633 1276 4696; x_wconf 89' lang='lat' dir='ltr'><strong>enim,</strong></span> <span class='ocrx_word' id='word_1_731' title='bbox 1304 4647 1440 4702; x_wconf 86' lang='lat' dir='ltr'><strong>opus</strong></span> <span class='ocrx_word' id='word_1_732' title='bbox 1463 4641 1582 4686; x_wconf 87' lang='lat' dir='ltr'><strong>erat</strong></span> <span class='ocrx_word' id='word_1_733' title='bbox 1612 4633 1957 4702; x_wconf 86' lang='lat' dir='ltr'><strong>sapientia&#39;et</strong></span> <span class='ocrx_word' id='word_1_734' title='bbox 1988 4634 2190 4691; x_wconf 85' lang='lat' dir='ltr'><strong>intelli-</strong></span> 
     </span>
    </p>
   </div>
   <div class='ocr_carea' id='block_1_96' title="bbox 620 4722 2192 4793">
    <p class='ocr_par' dir='ltr' id='par_1_96' title="bbox 620 4722 2192 4793">
     <span class='ocr_line' id='line_1_96' title="bbox 620 4722 2192 4793; baseline 0.004 -18"><span class='ocrx_word' id='word_1_735' title='bbox 620 4722 800 4793; x_wconf 86' lang='lat' dir='ltr'><strong>gentia</strong></span> <span class='ocrx_word' id='word_1_736' title='bbox 856 4722 942 4776; x_wconf 91' lang='lat' dir='ltr'><strong>his</strong></span> <span class='ocrx_word' id='word_1_737' title='bbox 973 4723 1063 4792; x_wconf 83' lang='lat' dir='ltr'><strong>qui</strong></span> <span class='ocrx_word' id='word_1_738' title='bbox 1111 4734 1386 4789; x_wconf 87' lang='lat' dir='ltr'><strong>errarunt,</strong></span> <span class='ocrx_word' id='word_1_739' title='bbox 1427 4724 1520 4793; x_wconf 91' lang='lat' dir='ltr'><strong>qui</strong></span> <span class='ocrx_word' id='word_1_740' title='bbox 1560 4739 1627 4779; x_wconf 80' lang='lat' dir='ltr'><strong>ex</strong></span> <span class='ocrx_word' id='word_1_741' title='bbox 1686 4725 1878 4793; x_wconf 88' lang='lat' dir='ltr'><strong>insigni</strong></span> <span class='ocrx_word' id='word_1_742' title='bbox 1943 4725 2192 4782; x_wconf 79' lang='lat' dir='ltr'><strong>fatuitate</strong></span> 
     </span>
    </p>
   </div>
   <div class='ocr_carea' id='block_1_97' title="bbox 621 4813 2192 4886">
    <p class='ocr_par' dir='ltr' id='par_1_97' title="bbox 621 4813 2192 4886">
     <span class='ocr_line' id='line_1_97' title="bbox 621 4813 2192 4886; baseline 0.002 -16"><span class='ocrx_word' id='word_1_743' title='bbox 621 4825 926 4870; x_wconf 87' lang='lat' dir='ltr'><strong>creaturam</strong></span> <span class='ocrx_word' id='word_1_744' title='bbox 955 4830 1066 4882; x_wconf 70' lang='lat' dir='ltr'><strong>prze</strong></span> <span class='ocrx_word' id='word_1_745' title='bbox 1099 4813 1359 4870; x_wconf 87' lang='lat' dir='ltr'><strong>Creatore</strong></span> <span class='ocrx_word' id='word_1_746' title='bbox 1386 4818 1706 4880; x_wconf 86' lang='lat' dir='ltr'><strong>adorarunt,</strong></span> <span class='ocrx_word' id='word_1_747' title='bbox 1731 4817 1822 4884; x_wconf 92' lang='lat' dir='ltr'><strong>qui</strong></span> <span class='ocrx_word' id='word_1_748' title='bbox 1858 4815 2001 4886; x_wconf 87' lang='lat' dir='ltr'><strong>ligna</strong></span> <span class='ocrx_word' id='word_1_749' title='bbox 2032 4827 2085 4872; x_wconf 90' lang='lat' dir='ltr'><strong>et</strong></span> <span class='ocrx_word' id='word_1_750' title='bbox 2114 4818 2192 4872; x_wconf 85' lang='lat' dir='ltr'><strong>la-</strong></span> 
     </span>
    </p>
   </div>
   <div class='ocr_carea' id='block_1_98' title="bbox 621 4903 2193 4975">
    <p class='ocr_par' dir='ltr' id='par_1_98' title="bbox 621 4903 2193 4975">
     <span class='ocr_line' id='line_1_98' title="bbox 621 4903 2193 4975; baseline 0.006 -18"><span class='ocrx_word' id='word_1_751' title='bbox 621 4906 774 4975; x_wconf 87' lang='lat' dir='ltr'><strong>pides</strong></span> <span class='ocrx_word' id='word_1_752' title='bbox 822 4905 954 4960; x_wconf 89' lang='lat' dir='ltr'><strong>deos</strong></span> <span class='ocrx_word' id='word_1_753' title='bbox 987 4903 1391 4974; x_wconf 85' lang='lat' dir='ltr'><strong>nuncuparunt.</strong></span> <span class='ocrx_word' id='word_1_754' title='bbox 1421 4905 1689 4960; x_wconf 62' lang='lat' dir='ltr'><strong>Praeterea</strong></span> <span class='ocrx_word' id='word_1_755' title='bbox 1715 4907 2051 4962; x_wconf 83' lang='lat' dir='ltr'><strong>incarnatum</strong></span> <span class='ocrx_word' id='word_1_756' title='bbox 2109 4919 2193 4966; x_wconf 89' lang='lat' dir='ltr'><strong>est</strong></span> 
     </span>
    </p>
   </div>
   <div class='ocr_carea' id='block_1_99' title="bbox 623 4993 2190 5068">
    <p class='ocr_par' dir='ltr' id='par_1_99' title="bbox 623 4993 2190 5068">
     <span class='ocr_line' id='line_1_99' title="bbox 623 4993 2190 5068; baseline 0.004 -18"><span class='ocrx_word' id='word_1_757' title='bbox 623 4993 884 5064; x_wconf 81' lang='lat' dir='ltr'><strong>Verbum,</strong></span> <span class='ocrx_word' id='word_1_758' title='bbox 947 5011 1109 5065; x_wconf 86' lang='lat' dir='ltr'><strong>quam</strong></span> <span class='ocrx_word' id='word_1_759' title='bbox 1145 4997 1214 5050; x_wconf 91' lang='lat' dir='ltr'><strong>ob</strong></span> <span class='ocrx_word' id='word_1_760' title='bbox 1270 5011 1488 5050; x_wconf 85' lang='lat' dir='ltr'><strong>causam</strong></span> <span class='ocrx_word' id='word_1_761' title='bbox 1547 4997 1722 5051; x_wconf 88' lang='lat' dir='ltr'><strong>innuit</strong></span> <span class='ocrx_word' id='word_1_762' title='bbox 1780 4999 1927 5068; x_wconf 83' lang='lat' dir='ltr'><strong>ipsis,</strong></span> <span class='ocrx_word' id='word_1_763' title='bbox 1964 4999 2190 5056; x_wconf 89' lang='lat' dir='ltr'><strong>dicens:</strong></span> 
     </span>
    </p>
   </div>
   <div class='ocr_carea' id='block_1_100' title="bbox 627 5087 2190 5159">
    <p class='ocr_par' dir='ltr' id='par_1_100' title="bbox 627 5087 2190 5159">
     <span class='ocr_line' id='line_1_100' title="bbox 627 5087 2190 5159; baseline 0.003 -19"><span class='ocrx_word' id='word_1_764' title='bbox 627 5107 648 5140; x_wconf 74' lang='grc' dir='ltr'>ι</span> <span class='ocrx_word' id='word_1_765' title='bbox 694 5089 929 5158; x_wconf 78' lang='lat' dir='ltr'><strong>Spiritus</strong></span> <span class='ocrx_word' id='word_1_766' title='bbox 974 5087 1184 5142; x_wconf 86' lang='lat' dir='ltr'><strong>Domini</strong></span> <span class='ocrx_word' id='word_1_767' title='bbox 1221 5102 1382 5156; x_wconf 84' lang='lat' dir='ltr'><strong>super</strong></span> <span class='ocrx_word' id='word_1_768' title='bbox 1421 5104 1526 5142; x_wconf 90' lang='lat' dir='ltr'><strong>me.</strong></span> <span class='ocrx_word' id='word_1_769' title='bbox 1579 5088 1865 5159; x_wconf 82' lang='lat' dir='ltr'><strong>Propterea</strong></span> <span class='ocrx_word' id='word_1_770' title='bbox 1890 5093 2044 5146; x_wconf 75' lang='lat' dir='ltr'><strong>unxit</strong></span> <span class='ocrx_word' id='word_1_771' title='bbox 2085 5107 2190 5158; x_wconf 88' lang='lat' dir='ltr'><strong>me,</strong></span> 
     </span>
    </p>
   </div>
   <div class='ocr_carea' id='block_1_101' title="bbox 627 5179 2192 5254">
    <p class='ocr_par' dir='ltr' id='par_1_101' title="bbox 627 5179 2192 5254">
     <span class='ocr_line' id='line_1_101' title="bbox 627 5179 2192 5254; baseline 0.001 -18"><span class='ocrx_word' id='word_1_772' title='bbox 627 5181 688 5236; x_wconf 72' lang='lat' dir='ltr'><strong>ad</strong></span> <span class='ocrx_word' id='word_1_773' title='bbox 719 5179 1199 5251; x_wconf 81' lang='lat' dir='ltr'><strong>evangelizandum</strong></span> <span class='ocrx_word' id='word_1_774' title='bbox 1233 5181 1564 5248; x_wconf 87' lang='lat' dir='ltr'><strong>pauperibus</strong></span> <span class='ocrx_word' id='word_1_775' title='bbox 1592 5183 1740 5237; x_wconf 90' lang='lat' dir='ltr'><strong>misit</strong></span> <span class='ocrx_word' id='word_1_776' title='bbox 1771 5198 1880 5249; x_wconf 88' lang='lat' dir='ltr'><strong>tne,</strong></span> <span class='ocrx_word' id='word_1_777' title='bbox 1904 5187 1972 5238; x_wconf 89' lang='lat' dir='ltr'><strong>ad</strong></span> <span class='ocrx_word' id='word_1_778' title='bbox 2003 5185 2192 5254; x_wconf 63' lang='lat' dir='ltr'><strong>pradi-</strong></span> 
     </span>
    </p>
   </div>
   <div class='ocr_carea' id='block_1_102' title="bbox 619 5269 2189 5340">
    <p class='ocr_par' dir='ltr' id='par_1_102' title="bbox 619 5269 2189 5340">
     <span class='ocr_line' id='line_1_102' title="bbox 619 5269 2189 5340; baseline 0.002 -17"><span class='ocrx_word' id='word_1_779' title='bbox 619 5271 855 5334; x_wconf 73' lang='lat' dir='ltr'><strong>candom</strong></span> <span class='ocrx_word' id='word_1_780' title='bbox 898 5269 1128 5337; x_wconf 85' lang='lat' dir='ltr'><strong>captivis</strong></span> <span class='ocrx_word' id='word_1_781' title='bbox 1189 5269 1582 5338; x_wconf 87' lang='lat' dir='ltr'><strong>liberationem,</strong></span> <span class='ocrx_word' id='word_1_782' title='bbox 1610 5277 1666 5324; x_wconf 88' lang='lat' dir='ltr'><strong>et</strong></span> <span class='ocrx_word' id='word_1_783' title='bbox 1693 5271 1852 5327; x_wconf 74' lang='lat' dir='ltr'><strong>czecis</strong></span> <span class='ocrx_word' id='word_1_784' title='bbox 1896 5274 2095 5340; x_wconf 84' lang='lat' dir='ltr'><strong>visum,</strong></span> <span class='ocrx_word' id='word_1_785' title='bbox 2124 5274 2189 5326; x_wconf 86' lang='lat' dir='ltr'><strong>ad</strong></span> 
     </span>
    </p>
   </div>
   <div class='ocr_carea' id='block_1_103' title="bbox 627 5359 2191 5418">
    <p class='ocr_par' dir='ltr' id='par_1_103' title="bbox 627 5359 2191 5418">
     <span class='ocr_line' id='line_1_103' title="bbox 627 5359 2191 5418; baseline 0.002 -3"><span class='ocrx_word' id='word_1_786' title='bbox 627 5361 920 5416; x_wconf 82' lang='lat' dir='ltr'><strong>sanandum</strong></span> <span class='ocrx_word' id='word_1_787' title='bbox 973 5360 1234 5416; x_wconf 91' lang='lat' dir='ltr'><strong>contritos</strong></span> <span class='ocrx_word' id='word_1_788' title='bbox 1281 5361 1447 5415; x_wconf 87' lang='lat' dir='ltr'><strong>corde</strong></span> <span class='ocrx_word' id='word_1_789' title='bbox 1476 5359 1542 5414; x_wconf 80' lang='lat'><strong>&quot;.</strong></span> <span class='ocrx_word' id='word_1_790' title='bbox 1574 5379 1593 5413; x_wconf 75' lang='grc' dir='ltr'><strong>ι</strong></span> <span class='ocrx_word' id='word_1_791' title='bbox 1663 5361 1726 5416; x_wconf 87' lang='lat' dir='ltr'><strong>lli</strong></span> <span class='ocrx_word' id='word_1_792' title='bbox 1772 5363 1915 5418; x_wconf 90' lang='lat' dir='ltr'><strong>enim</strong></span> <span class='ocrx_word' id='word_1_793' title='bbox 1973 5362 2191 5418; x_wconf 73' lang='lat' dir='ltr'><strong>fuerunt</strong></span> 
     </span>
    </p>
   </div>
   <div class='ocr_carea' id='block_1_104' title="bbox 626 5453 2186 5524">
    <p class='ocr_par' dir='ltr' id='par_1_104' title="bbox 626 5453 2186 5524">
     <span class='ocr_line' id='line_1_104' title="bbox 626 5453 2186 5524; baseline 0.001 -20"><span class='ocrx_word' id='word_1_794' title='bbox 626 5454 798 5507; x_wconf 84' lang='lat' dir='ltr'><strong>morbi</strong></span> <span class='ocrx_word' id='word_1_795' title='bbox 826 5455 1089 5522; x_wconf 81' lang='lat' dir='ltr'><strong>gentium,</strong></span> <span class='ocrx_word' id='word_1_796' title='bbox 1120 5453 1212 5508; x_wconf 87' lang='lat' dir='ltr'><strong>sed</strong></span> <span class='ocrx_word' id='word_1_797' title='bbox 1245 5469 1342 5524; x_wconf 88' lang='lat' dir='ltr'><strong>per</strong></span> <span class='ocrx_word' id='word_1_798' title='bbox 1366 5453 1512 5508; x_wconf 91' lang='lat' dir='ltr'><strong>illum</strong></span> <span class='ocrx_word' id='word_1_799' title='bbox 1541 5454 1832 5524; x_wconf 68' lang='lat' dir='ltr'><strong>retlemptze</strong></span> <span class='ocrx_word' id='word_1_800' title='bbox 1859 5464 2002 5510; x_wconf 90' lang='lat' dir='ltr'><strong>sunt.</strong></span> <span class='ocrx_word' id='word_1_801' title='bbox 2056 5453 2186 5508; x_wconf 81' lang='lat' dir='ltr'><strong>Nam</strong></span> 
     </span>
    </p>
   </div>
   <div class='ocr_carea' id='block_1_105' title="bbox 625 5546 2192 5616">
    <p class='ocr_par' dir='ltr' id='par_1_105' title="bbox 625 5546 2192 5616">
     <span class='ocr_line' id='line_1_105' title="bbox 625 5546 2192 5616; baseline -0.001 -14"><span class='ocrx_word' id='word_1_802' title='bbox 625 5546 884 5614; x_wconf 76' lang='lat' dir='ltr'><strong>sapientia</strong></span> <span class='ocrx_word' id='word_1_803' title='bbox 912 5548 1064 5603; x_wconf 84' lang='lat' dir='ltr'><strong>dilati</strong></span> <span class='ocrx_word' id='word_1_804' title='bbox 1093 5559 1219 5602; x_wconf 90' lang='lat' dir='ltr'><strong>sunt</strong></span> <span class='ocrx_word' id='word_1_805' title='bbox 1247 5547 1314 5600; x_wconf 89' lang='lat' dir='ltr'><strong>ab</strong></span> <span class='ocrx_word' id='word_1_806' title='bbox 1345 5562 1432 5612; x_wconf 87' lang='lat' dir='ltr'><strong>eo,</strong></span> <span class='ocrx_word' id='word_1_807' title='bbox 1464 5557 1516 5601; x_wconf 89' lang='lat' dir='ltr'><strong>et</strong></span> <span class='ocrx_word' id='word_1_808' title='bbox 1556 5546 1682 5600; x_wconf 79' lang='lat' dir='ltr'><strong>facti</strong></span> <span class='ocrx_word' id='word_1_809' title='bbox 1711 5556 1837 5601; x_wconf 89' lang='lat' dir='ltr'><strong>sunt</strong></span> <span class='ocrx_word' id='word_1_810' title='bbox 1888 5546 2192 5616; x_wconf 82' lang='lat' dir='ltr'><strong>intelligen-</strong></span> 
     </span>
    </p>
   </div>
   <div class='ocr_carea' id='block_1_106' title="bbox 699 5719 1788 5787">
    <p class='ocr_par' dir='ltr' id='par_1_106' title="bbox 699 5719 1788 5787">
     <span class='ocr_line' id='line_1_106' title="bbox 699 5719 1788 5787; baseline 0.001 -11"><span class='ocrx_word' id='word_1_811' title='bbox 699 5720 740 5752; x_wconf 74' lang='lat'>”</span> <span class='ocrx_word' id='word_1_812' title='bbox 771 5719 880 5776; x_wconf 57' lang='grc' dir='ltr'><strong>δεῖ.</strong></span> <span class='ocrx_word' id='word_1_813' title='bbox 913 5738 1058 5786; x_wconf 74' lang='lat' dir='ltr'><strong>xxiii,</strong></span> <span class='ocrx_word' id='word_1_814' title='bbox 1087 5725 1268 5777; x_wconf 76' lang='lat' dir='ltr'><strong>5l-35.</strong></span> <span class='ocrx_word' id='word_1_815' title='bbox 1351 5725 1392 5754; x_wconf 77' lang='lat'>&quot;</span> <span class='ocrx_word' id='word_1_816' title='bbox 1431 5721 1583 5776; x_wconf 79' lang='lat' dir='ltr'><strong>Joan.</strong></span> <span class='ocrx_word' id='word_1_817' title='bbox 1626 5737 1662 5787; x_wconf 84' lang='lat' dir='ltr'><strong>I,</strong></span> <span class='ocrx_word' id='word_1_818' title='bbox 1705 5721 1788 5777; x_wconf 83' lang='lat' dir='ltr'><strong>i7.</strong></span> 
     </span>
    </p>
   </div>
   <div class='ocr_carea' id='block_1_107' title="bbox 1865 5719 2322 5790">
    <p class='ocr_par' dir='ltr' id='par_1_107' title="bbox 1865 5719 2322 5790">
     <span class='ocr_line' id='line_1_107' title="bbox 1865 5719 2322 5790; baseline 0.002 -15"><span class='ocrx_word' id='word_1_819' title='bbox 1865 5721 1910 5753; x_wconf 72' lang='lat'>&quot;</span> <span class='ocrx_word' id='word_1_820' title='bbox 1939 5719 2094 5778; x_wconf 84' lang='lat' dir='ltr'><strong>Joan.</strong></span> <span class='ocrx_word' id='word_1_821' title='bbox 2128 5736 2200 5790; x_wconf 79' lang='lat' dir='ltr'><strong>\‘I,</strong></span> <span class='ocrx_word' id='word_1_822' title='bbox 2233 5720 2322 5778; x_wconf 65' lang='lat' dir='ltr'><strong>6L.</strong></span> 
     </span>
    </p>
   </div>
   <div class='ocr_carea' id='block_1_108' title="bbox 2300 4540 3868 4613">
    <p class='ocr_par' dir='ltr' id='par_1_108' title="bbox 2300 4540 3868 4613">
     <span class='ocr_line' id='line_1_108' title="bbox 2300 4540 3868 4613; baseline -0.002 -18"><span class='ocrx_word' id='word_1_823' title='bbox 2300 4540 2512 4609; x_wconf 77' lang='grc' dir='ltr'>σοφίαν,</span> <span class='ocrx_word' id='word_1_824' title='bbox 2545 4540 2640 4594; x_wconf 73' lang='grc' dir='ltr'><strong>καὶ</strong></span> <span class='ocrx_word' id='word_1_825' title='bbox 2695 4542 2727 4610; x_wconf 84' lang='grc' dir='ltr'>ἡ</span> <span class='ocrx_word' id='word_1_826' title='bbox 2761 4541 2957 4612; x_wconf 77' lang='grc' dir='ltr'>μελέτη</span> <span class='ocrx_word' id='word_1_827' title='bbox 2998 4541 3099 4610; x_wconf 80' lang='grc' dir='ltr'>τῆς</span> <span class='ocrx_word' id='word_1_828' title='bbox 3149 4542 3376 4613; x_wconf 85' lang='grc' dir='ltr'>καρδίας</span> <span class='ocrx_word' id='word_1_829' title='bbox 3422 4560 3525 4613; x_wconf 83' lang='grc' dir='ltr'><strong>μου</strong></span> <span class='ocrx_word' id='word_1_830' title='bbox 3576 4543 3812 4596; x_wconf 84' lang='grc' dir='ltr'>σύνεσιν.</span> <span class='ocrx_word' id='word_1_831' title='bbox 3851 4563 3868 4592; x_wconf 74' lang='grc' dir='ltr'><strong>ι</strong></span> 
     </span>
    </p>
   </div>
   <div class='ocr_carea' id='block_1_109' title="bbox 2299 4631 3872 4702">
    <p class='ocr_par' dir='ltr' id='par_1_109' title="bbox 2299 4631 3872 4702">
     <span class='ocr_line' id='line_1_109' title="bbox 2299 4631 3872 4702; baseline -0.001 -17"><span class='ocrx_word' id='word_1_832' title='bbox 2299 4632 2450 4685; x_wconf 79' lang='grc' dir='ltr'>Ἔδει</span> <span class='ocrx_word' id='word_1_833' title='bbox 2485 4632 2614 4700; x_wconf 73' lang='grc' dir='ltr'>γὰρ,</span> <span class='ocrx_word' id='word_1_834' title='bbox 2647 4631 2752 4684; x_wconf 78' lang='grc' dir='ltr'>ἔδει</span> <span class='ocrx_word' id='word_1_835' title='bbox 2785 4632 2978 4699; x_wconf 68' lang='grc' dir='ltr'>σοφίας</span> <span class='ocrx_word' id='word_1_836' title='bbox 3009 4632 3104 4684; x_wconf 71' lang='grc' dir='ltr'>καὶ</span> <span class='ocrx_word' id='word_1_837' title='bbox 3147 4632 3415 4696; x_wconf 87' lang='grc' dir='ltr'>συνέσεως</span> <span class='ocrx_word' id='word_1_838' title='bbox 3442 4636 3555 4695; x_wconf 85' lang='grc' dir='ltr'>τοῖς</span> <span class='ocrx_word' id='word_1_839' title='bbox 3595 4635 3872 4702; x_wconf 74' lang='grc' dir='ltr'>πεπλανηο</span> 
     </span>
    </p>
   </div>
   <div class='ocr_carea' id='block_1_110' title="bbox 2302 4721 3872 4794">
    <p class='ocr_par' dir='ltr' id='par_1_110' title="bbox 2302 4721 3872 4794">
     <span class='ocr_line' id='line_1_110' title="bbox 2302 4721 3872 4794; baseline 0 -19"><span class='ocrx_word' id='word_1_840' title='bbox 2302 4722 2504 4793; x_wconf 85' lang='grc' dir='ltr'>μένοις.</span> <span class='ocrx_word' id='word_1_841' title='bbox 2547 4722 2595 4774; x_wconf 81' lang='grc' dir='ltr'>οἳ</span> <span class='ocrx_word' id='word_1_842' title='bbox 2636 4721 2724 4774; x_wconf 71' lang='grc' dir='ltr'><strong>διὰ</strong></span> <span class='ocrx_word' id='word_1_843' title='bbox 2768 4721 2967 4791; x_wconf 79' lang='grc' dir='ltr'>πολλὴν</span> <span class='ocrx_word' id='word_1_844' title='bbox 2993 4721 3322 4794; x_wconf 79' lang='grc' dir='ltr'>ἀϐελτηρίαν</span> <span class='ocrx_word' id='word_1_845' title='bbox 3365 4724 3790 4794; x_wconf 75' lang='grc' dir='ltr'>προσεκύνησαν</span> <span class='ocrx_word' id='word_1_846' title='bbox 3816 4727 3872 4794; x_wconf 71' lang='grc' dir='ltr'>τῇ</span> 
     </span>
    </p>
   </div>
   <div class='ocr_carea' id='block_1_111' title="bbox 2301 4811 3875 4887">
    <p class='ocr_par' dir='ltr' id='par_1_111' title="bbox 2301 4811 3875 4887">
     <span class='ocr_line' id='line_1_111' title="bbox 2301 4811 3875 4887; baseline 0.001 -20"><span class='ocrx_word' id='word_1_847' title='bbox 2301 4814 2475 4867; x_wconf 79' lang='grc' dir='ltr'>κτίσει</span> <span class='ocrx_word' id='word_1_848' title='bbox 2503 4811 2654 4883; x_wconf 86' lang='grc' dir='ltr'><strong>παρὰ</strong></span> <span class='ocrx_word' id='word_1_849' title='bbox 2681 4813 2768 4865; x_wconf 80' lang='grc' dir='ltr'>τὸν</span> <span class='ocrx_word' id='word_1_850' title='bbox 2797 4814 3097 4877; x_wconf 73' lang='grc' dir='ltr'>κτίσαντα,</span> <span class='ocrx_word' id='word_1_851' title='bbox 3124 4812 3300 4879; x_wconf 79' lang='grc' dir='ltr'>ξύλοις</span> <span class='ocrx_word' id='word_1_852' title='bbox 3322 4815 3414 4868; x_wconf 76' lang='grc' dir='ltr'>καὶ</span> <span class='ocrx_word' id='word_1_853' title='bbox 3439 4813 3610 4879; x_wconf 85' lang='grc' dir='ltr'>λίθοις</span> <span class='ocrx_word' id='word_1_854' title='bbox 3639 4815 3875 4887; x_wconf 82' lang='grc' dir='ltr'>ἐπεγρὰ-</span> 
     </span>
    </p>
   </div>
   <div class='ocr_carea' id='block_1_112' title="bbox 2299 4901 3876 4978">
    <p class='ocr_par' dir='ltr' id='par_1_112' title="bbox 2299 4901 3876 4978">
     <span class='ocr_line' id='line_1_112' title="bbox 2299 4901 3876 4978; baseline 0.001 -22"><span class='ocrx_word' id='word_1_855' title='bbox 2299 4921 2459 4974; x_wconf 83' lang='grc' dir='ltr'>φοντο</span> <span class='ocrx_word' id='word_1_856' title='bbox 2497 4904 2672 4966; x_wconf 82' lang='grc' dir='ltr'>θεοὺς.</span> <span class='ocrx_word' id='word_1_857' title='bbox 2715 4901 3134 4974; x_wconf 85' lang='grc' dir='ltr'>Ἐνηνθρώπησε</span> <span class='ocrx_word' id='word_1_858' title='bbox 3167 4905 3223 4958; x_wconf 85' lang='grc' dir='ltr'>δὲ</span> <span class='ocrx_word' id='word_1_859' title='bbox 3255 4908 3284 4958; x_wconf 88' lang='grc' dir='ltr'>ὀ</span> <span class='ocrx_word' id='word_1_860' title='bbox 3324 4907 3516 4974; x_wconf 81' lang='grc' dir='ltr'>Λόγος,</span> <span class='ocrx_word' id='word_1_861' title='bbox 3553 4908 3682 4961; x_wconf 81' lang='grc' dir='ltr'>ὅτου</span> <span class='ocrx_word' id='word_1_862' title='bbox 3725 4912 3876 4978; x_wconf 75' lang='grc' dir='ltr'>χάριν</span> 
     </span>
    </p>
   </div>
   <div class='ocr_carea' id='block_1_113' title="bbox 2301 4993 3876 5068">
    <p class='ocr_par' dir='ltr' id='par_1_113' title="bbox 2301 4993 3876 5068">
     <span class='ocr_line' id='line_1_113' title="bbox 2301 4993 3876 5068; baseline 0.001 -21"><span class='ocrx_word' id='word_1_863' title='bbox 2301 4993 2394 5048; x_wconf 81' lang='grc' dir='ltr'>καὶ</span> <span class='ocrx_word' id='word_1_864' title='bbox 2441 4993 2730 5046; x_wconf 78' lang='grc' dir='ltr'>ἐπένευσεν</span> <span class='ocrx_word' id='word_1_865' title='bbox 2771 4993 2975 5058; x_wconf 78' lang='grc' dir='ltr'>αὐτοῖς,</span> <span class='ocrx_word' id='word_1_866' title='bbox 3005 4993 3208 5062; x_wconf 82' lang='grc' dir='ltr'>λέγων·</span> <span class='ocrx_word' id='word_1_867' title='bbox 3238 5015 3257 5047; x_wconf 78' lang='grc' dir='ltr'><strong>ι</strong></span> <span class='ocrx_word' id='word_1_868' title='bbox 3294 4995 3518 5066; x_wconf 85' lang='grc' dir='ltr'>Πνεῦμα</span> <span class='ocrx_word' id='word_1_869' title='bbox 3557 4998 3770 5068; x_wconf 81' lang='grc' dir='ltr'>Κυρίου</span> <span class='ocrx_word' id='word_1_870' title='bbox 3800 4998 3876 5049; x_wconf 73' lang='grc' dir='ltr'>ἐπ’</span> 
     </span>
    </p>
   </div>
   <div class='ocr_carea' id='block_1_114' title="bbox 2303 5082 3882 5159">
    <p class='ocr_par' dir='ltr' id='par_1_114' title="bbox 2303 5082 3882 5159">
     <span class='ocr_line' id='line_1_114' title="bbox 2303 5082 3882 5159; baseline -0.001 -19"><span class='ocrx_word' id='word_1_871' title='bbox 2303 5089 2424 5159; x_wconf 84' lang='grc' dir='ltr'>ἐμὲ,</span> <span class='ocrx_word' id='word_1_872' title='bbox 2459 5082 2520 5142; x_wconf 75' lang='grc' dir='ltr'><strong>οῦ</strong></span> <span class='ocrx_word' id='word_1_873' title='bbox 2549 5089 2754 5141; x_wconf 80' lang='grc' dir='ltr'>εἵνεκεν</span> <span class='ocrx_word' id='word_1_874' title='bbox 2785 5086 2971 5158; x_wconf 80' lang='grc' dir='ltr'>ἒχρισέ</span> <span class='ocrx_word' id='word_1_875' title='bbox 3016 5105 3083 5156; x_wconf 88' lang='grc' dir='ltr'><strong>με</strong></span> <span class='ocrx_word' id='word_1_876' title='bbox 3104 5104 3116 5117; x_wconf 92' lang='grc'><strong>·</strong></span> <span class='ocrx_word' id='word_1_877' title='bbox 3149 5088 3609 5158; x_wconf 78' lang='grc' dir='ltr'>εὐαγγελίσασθαι</span> <span class='ocrx_word' id='word_1_878' title='bbox 3645 5091 3882 5158; x_wconf 76' lang='grc' dir='ltr'>πτωχοῖς</span> 
     </span>
    </p>
   </div>
   <div class='ocr_carea' id='block_1_115' title="bbox 2301 5179 3885 5250">
    <p class='ocr_par' dir='ltr' id='par_1_115' title="bbox 2301 5179 3885 5250">
     <span class='ocr_line' id='line_1_115' title="bbox 2301 5179 3885 5250; baseline -0.002 -15"><span class='ocrx_word' id='word_1_879' title='bbox 2301 5180 2610 5235; x_wconf 82' lang='grc' dir='ltr'>ἀπέσταλκέ</span> <span class='ocrx_word' id='word_1_880' title='bbox 2643 5197 2732 5250; x_wconf 84' lang='grc' dir='ltr'><strong>με,</strong></span> <span class='ocrx_word' id='word_1_881' title='bbox 2762 5179 2998 5250; x_wconf 81' lang='grc' dir='ltr'>κηρύξαι</span> <span class='ocrx_word' id='word_1_882' title='bbox 3023 5180 3389 5250; x_wconf 81' lang='grc' dir='ltr'>αἰχμαλώτοις</span> <span class='ocrx_word' id='word_1_883' title='bbox 3412 5181 3628 5249; x_wconf 74' lang='grc' dir='ltr'>ἄφεσιν,</span> <span class='ocrx_word' id='word_1_884' title='bbox 3663 5181 3761 5235; x_wconf 72' lang='grc' dir='ltr'><strong>καὶ</strong></span> <span class='ocrx_word' id='word_1_885' title='bbox 3795 5197 3885 5232; x_wconf 77' lang='grc' dir='ltr'>τυο</span> 
     </span>
    </p>
   </div>
   <div class='ocr_carea' id='block_1_116' title="bbox 2305 5271 3886 5343">
    <p class='ocr_par' dir='ltr' id='par_1_116' title="bbox 2305 5271 3886 5343">
     <span class='ocr_line' id='line_1_116' title="bbox 2305 5271 3886 5343; baseline -0.003 -18"><span class='ocrx_word' id='word_1_886' title='bbox 2305 5273 2457 5342; x_wconf 77' lang='grc' dir='ltr'>φλοίς</span> <span class='ocrx_word' id='word_1_887' title='bbox 2483 5271 2796 5341; x_wconf 74' lang='grc' dir='ltr'>ἀνάϐλεψιν,</span> <span class='ocrx_word' id='word_1_888' title='bbox 2829 5271 3078 5325; x_wconf 76' lang='grc' dir='ltr'>ἰάσασθαι</span> <span class='ocrx_word' id='word_1_889' title='bbox 3107 5274 3234 5335; x_wconf 83' lang='grc' dir='ltr'>τοὺς</span> <span class='ocrx_word' id='word_1_890' title='bbox 3258 5274 3760 5343; x_wconf 84' lang='grc' dir='ltr'>συντετριμμένους</span> <span class='ocrx_word' id='word_1_891' title='bbox 3787 5274 3886 5340; x_wconf 61' lang='grc' dir='ltr'>τὴν</span> 
     </span>
    </p>
   </div>
   <div class='ocr_carea' id='block_1_117' title="bbox 2298 5358 3879 5433">
    <p class='ocr_par' dir='ltr' id='par_1_117' title="bbox 2298 5358 3879 5433">
     <span class='ocr_line' id='line_1_117' title="bbox 2298 5358 3879 5433; baseline -0.002 -15"><span class='ocrx_word' id='word_1_892' title='bbox 2298 5363 2544 5432; x_wconf 79' lang='grc' dir='ltr'>καρδίαν.</span> <span class='ocrx_word' id='word_1_893' title='bbox 2587 5382 2605 5414; x_wconf 71' lang='grc' dir='ltr'><strong>ι</strong></span> <span class='ocrx_word' id='word_1_894' title='bbox 2649 5363 2836 5416; x_wconf 88' lang='grc' dir='ltr'>Ταῦτα</span> <span class='ocrx_word' id='word_1_895' title='bbox 2871 5363 2980 5432; x_wconf 79' lang='grc' dir='ltr'><strong>γὰρ</strong></span> <span class='ocrx_word' id='word_1_896' title='bbox 3019 5358 3088 5433; x_wconf 76' lang='grc' dir='ltr'>ἦν</span> <span class='ocrx_word' id='word_1_897' title='bbox 3121 5363 3188 5415; x_wconf 82' lang='grc' dir='ltr'>τὰ</span> <span class='ocrx_word' id='word_1_898' title='bbox 3217 5363 3325 5415; x_wconf 80' lang='grc' dir='ltr'><strong>τῶν</strong></span> <span class='ocrx_word' id='word_1_899' title='bbox 3370 5362 3538 5415; x_wconf 85' lang='grc' dir='ltr'>ἐθνῶν</span> <span class='ocrx_word' id='word_1_900' title='bbox 3591 5364 3879 5432; x_wconf 60' lang='grc' dir='ltr'>ἀρρωστὴ-</span> 
     </span>
    </p>
   </div>
   <div class='ocr_carea' id='block_1_118' title="bbox 2301 5452 3885 5528">
    <p class='ocr_par' dir='ltr' id='par_1_118' title="bbox 2301 5452 3885 5528">
     <span class='ocr_line' id='line_1_118' title="bbox 2301 5452 3885 5528; baseline -0.003 -20"><span class='ocrx_word' id='word_1_901' title='bbox 2301 5473 2472 5528; x_wconf 85' lang='grc' dir='ltr'>ματα,</span> <span class='ocrx_word' id='word_1_902' title='bbox 2503 5454 2839 5526; x_wconf 83' lang='grc' dir='ltr'>λελύτρωται</span> <span class='ocrx_word' id='word_1_903' title='bbox 2875 5457 2929 5510; x_wconf 85' lang='grc' dir='ltr'>δὲ</span> <span class='ocrx_word' id='word_1_904' title='bbox 2970 5456 3038 5509; x_wconf 81' lang='grc' dir='ltr'>δι’</span> <span class='ocrx_word' id='word_1_905' title='bbox 3082 5453 3276 5508; x_wconf 75' lang='grc' dir='ltr'>αὑτοῦ·</span> <span class='ocrx_word' id='word_1_906' title='bbox 3320 5452 3736 5524; x_wconf 73' lang='grc' dir='ltr'>πεπλουτήκασι</span> <span class='ocrx_word' id='word_1_907' title='bbox 3773 5453 3885 5521; x_wconf 72' lang='grc' dir='ltr'><strong>γὰρ</strong></span> 
     </span>
    </p>
   </div>
   <div class='ocr_carea' id='block_1_119' title="bbox 2296 5544 3890 5618">
    <p class='ocr_par' dir='ltr' id='par_1_119' title="bbox 2296 5544 3890 5618">
     <span class='ocr_line' id='line_1_119' title="bbox 2296 5544 3890 5618; baseline -0.002 -18"><span class='ocrx_word' id='word_1_908' title='bbox 2296 5548 2394 5618; x_wconf 81' lang='grc' dir='ltr'><strong>τὴν</strong></span> <span class='ocrx_word' id='word_1_909' title='bbox 2439 5546 2567 5617; x_wconf 80' lang='grc' dir='ltr'>παρ’</span> <span class='ocrx_word' id='word_1_910' title='bbox 2602 5546 2767 5600; x_wconf 83' lang='grc' dir='ltr'>αὑτοῦ</span> <span class='ocrx_word' id='word_1_911' title='bbox 2815 5545 3006 5616; x_wconf 66' lang='grc' dir='ltr'>σοφίαν</span> <span class='ocrx_word' id='word_1_912' title='bbox 3029 5588 3043 5612; x_wconf 93' lang='grc'><strong>,</strong></span> <span class='ocrx_word' id='word_1_913' title='bbox 3086 5545 3179 5600; x_wconf 78' lang='grc' dir='ltr'><strong>καὶ</strong></span> <span class='ocrx_word' id='word_1_914' title='bbox 3222 5544 3434 5597; x_wconf 71' lang='grc' dir='ltr'>συνετοὶ</span> <span class='ocrx_word' id='word_1_915' title='bbox 3469 5545 3760 5614; x_wconf 83' lang='grc' dir='ltr'>γεγόνασι,</span> <span class='ocrx_word' id='word_1_916' title='bbox 3793 5545 3890 5597; x_wconf 78' lang='grc' dir='ltr'>καὶ</span> 
     </span>
    </p>
   </div>
   <div class='ocr_carea' id='block_1_120' title="bbox 2398 5719 3456 5790">
    <p class='ocr_par' dir='ltr' id='par_1_120' title="bbox 2398 5719 3456 5790">
     <span class='ocr_line' id='line_1_120' title="bbox 2398 5719 3456 5790; baseline 0.003 -14"><span class='ocrx_word' id='word_1_917' title='bbox 2398 5723 2443 5754; x_wconf 69' lang='grc'>⁸⁸</span> <span class='ocrx_word' id='word_1_918' title='bbox 2466 5719 2608 5779; x_wconf 82' lang='lat' dir='ltr'><strong>Psal.</strong></span> <span class='ocrx_word' id='word_1_919' title='bbox 2643 5739 2828 5790; x_wconf 68' lang='lat' dir='ltr'><strong>XLVI&quot;,</strong></span> <span class='ocrx_word' id='word_1_920' title='bbox 2855 5723 2971 5780; x_wconf 64' lang='lat'><strong>9-4.</strong></span> <span class='ocrx_word' id='word_1_921' title='bbox 3050 5725 3095 5756; x_wconf 77' lang='grc'><strong>⁸⁸</strong></span> <span class='ocrx_word' id='word_1_922' title='bbox 3125 5723 3220 5777; x_wconf 85' lang='lat' dir='ltr'><strong>lsa.</strong></span> <span class='ocrx_word' id='word_1_923' title='bbox 3256 5736 3368 5788; x_wconf 77' lang='lat' dir='ltr'><strong>ut,</strong></span> <span class='ocrx_word' id='word_1_924' title='bbox 3405 5722 3456 5780; x_wconf 79' lang='grc' dir='ltr'>ι.</span> 
     </span>
    </p>
   </div>
  </div>
