4078 6292
255 387 276 443 l
286 386 393 442 225

1381 383 1450 438 IN
1487 383 1718 440 ISAIAM
1760 385 1890 442 LIB.
1935 384 2001 439 ν.
2045 383 2384 441 TOMUS-ll.

3373 379 3508 435 12116

252 502 452 571 ἀσθενῆ
479 503 572 553 καὶ
617 499 1090 568 συντετριμμένην
1104 496 1288 554 οὐκέτι
1311 497 1406 569 τὴν
1429 499 1666 554 διάνοιαν
1691 499 1838 570 ἔχου.

1946 509 2039 565 les,
2074 510 2128 556 ct
2163 501 2434 555 inlirmuru
2461 512 2525 553 ac
2557 497 2893 554 confractum
2937 498 3175 549 animum
3209 493 3369 562 777
3405 495 3507 545 nun

255 611 360 658 σιν,
408 589 570 663 [ἀλλ’]
610 589 736 660 ὑγιῆ
789 605 847 641 τε
894 588 988 640 καὶ
1017 589 1359 660 ἐρρωμένην,
1399 591 1491 644 καὶ
1521 591 1838 662 ἐπιτηδείως

255 686 484 755 ἔχουσαν
503 681 635 755 πρὸς
652 680 983 752 παραδοχὴν,
1013 681 1107 734 καὶ
1123 681 1460 754 κατόρθωσιν
1483 683 1688 751 ἀγαθοῦ
1705 701 1839 737 παν-

254 777 347 839 τὸς
372 776 466 828 καὶ
505 768 767 842 σωτηρίου
801 772 1148 842 πράγματος.
1169 771 1314 840 Πλὴν
1339 771 1494 841 ἄθρει
1521 773 1582 825 τὸ
1612 772 1839 844 ἁκριῦἐς

258 868 351 920 τοῦ
366 865 732 935 λόγου.Είπὼν
745 863 853 934 γάρ
864 906 876 922 ,
889 863 984 926 Εἰς
1002 861 1299 933 μαρτύριον
1316 864 1428 925 τοῖς
1443 862 1618 916 ἔθνεσι
1634 864 1840 917 δέδωκα

259 959 442 1019 αὑτὸν,
487 957 572 1009 ἵνα
605 958 679 1026 μή
711 955 796 1018 τίς
834 972 958 1006 τινα
997 954 1106 1007 τῶν
1149 954 1320 1021 ἁγίων
1351 953 1648 1030 προφητῶν
1677 955 1840 1010 αὐτὸν

263 1049 524 1117 ὑπάρχειν
543 1045 956 1114 ὐποτοπήσειεν,
982 1043 1210 1113 ἐνειδείη
1233 1043 1289 1096 δὲ
1313 1044 1514 1114 μᾶλλον
1541 1048 1647 1109 πᾶς
1662 1048 1842 1101 ὁστισ-

257 1139 368 1199 οῦν,
395 1141 476 1191 ὅτι
503 1140 567 1208 τῇ
601 1137 700 1207 τῆς
738 1136 1061 1209 κυριότητος
1089 1135 1382 1208 διαπρέπει
1407 1136 1704 1208 δόξῃοΘεὸς
1731 1139 1840 1210 γὰρ

257 1230 330 1281 ὢν
365 1228 634 1298 ἐπέφανεν
668 1230 830 1298 ἡμῖν·
862 1229 920 1281 οὐ
958 1227 1118 1297 μόνον
1163 1227 1325 1281 αὐτὸν
1371 1228 1669 1300 μαρτύριον
1697 1231 1840 1284 δεδό-

261 1321 380 1373 σθαι
408 1318 594 1389 φησιν,
620 1318 756 1371 ἀλλὰ
790 1316 899 1388 γὰρ
925 1317 1020 1370 καὶ
1043 1316 1281 1388 ἄρχοντα
1315 1318 1410 1372 καὶ
1431 1320 1840 1390 προστάσσοντα

260 1413 490 1465 ἔθνεσιν.
527 1412 590 1464 Οἱ
624 1409 723 1480 μὲν
771 1410 880 1480 γὰρ
935 1410 1196 1481 μακάριοι
1240 1410 1554 1481 προφῆται,
1598 1414 1694 1466 καὶ
1734 1415 1841 1485 πρὸ

258 1505 437 1558 αὐτῶν
479 1503 560 1556 ἐτι
580 1502 803 1572 Μωσῆς,
842 1501 1038 1573 μέτρον
1077 1501 1290 1572 ἔχοντες
1323 1500 1385 1556 τὸ
1429 1503 1723 1568 οἰκετικὸν,
1755 1504 1836 1570 τὸ,

271 1617 288 1648 ι
327 1596 468 1650 Τάδε
509 1594 656 1662 λέγει
694 1591 918 1663 Κύριος,
949 1610 969 1643 ι
1006 1592 1318 1662 ἐπεφώνουν
1353 1593 1442 1646 ἀεὶ
1485 1597 1596 1657 τοῖς
1629 1596 1841 1666 ἀκροω-

269 1687 473 1757 μένοις,
504 1685 604 1756 οὐχ
626 1684 700 1749 ὡς
723 1685 1153 1755 προστάσσοντες
1185 1684 1408 1756 μᾶλλον,
1429 1684 1541 1737 ἀλλ’
1565 1686 1638 1748 ὡς
1668 1685 1836 1749 θείαις

266 1776 638 1840 διακονοῦντες
664 1778 867 1844 φωναῖς
886 1792 898 1804 ·
941 1778 970 1829 6
997 1775 1054 1829 δέ
1090 1793 1154 1845 γε
1185 1775 1391 1848 Κύριος
1424 1775 1578 1848 ἡμῶν
1634 1775 1839 1845 Ἰησοῦς

1945 591 2139 644 habent
2197 590 2449 660 amplius,
2498 590 2792 645 at‘sanum
2817 597 2872 645 et
2900 589 2966 642 ad
3013 586 3413 655 SUStipiendum
3449 599 3512 638 ac

1941 681 2328 750 perliciendum
2401 697 2562 738 omne
2619 683 2818 738 bonum
2875 695 2937 735 ac
2969 695 3055 734 res
3087 679 3350 734 salutares
3403 679 3513 732 ido-

1941 789 2123 828 neum.
2153 772 2257 829 Sed
2289 775 2516 829 observa
2553 773 2816 851 orationis
2841 772 3168 826 elaboratam
3199 769 3512 839 dispositio-

1939 877 2085 918 nem.
2111 863 2258 919 Dixit
2299 865 2441 920 enim
2474 884 2486 920 :
2517 864 2575 918 In
2620 863 2985 920 testimonium
3017 862 3139 918 dedi
3179 876 3300 916 eum
3337 863 3507 930 genti-

1940 952 2061 1013 bus.
2097 968 2162 1007 ne
2189 953 2312 1023 quis
2344 970 2467 1010 eum
2503 969 2534 1010 e
2563 955 2773 1012 sanctis
2803 954 3079 1024 prophetis
3126 953 3359 1021 aliquem
3389 965 3512 1005 esse

1943 1045 2324 1114 suspicaretur
2349 1063 2364 1110 ;
2393 1047 2486 1101 sed
2516 1055 2574 1100 ut
2600 1060 2791 1101 omnes
2817 1045 3128 1114 quicunque
3159 1052 3284 1098 sunt
3317 1041 3514 1098 intclii~

1940 1144 2070 1204 gant
2093 1176 2108 1201 ,
2155 1135 2543 1192 dominationis
2576 1138 2854 1208 majestate
2882 1137 3110 1206 quadam
3135 1150 3256 1190 eum
3298 1133 3514 1204 praeel-

1940 1225 2069 1282 lcre.
2109 1227 2250 1285 Deus
2307 1230 2454 1285 enim
2498 1230 2750 1299 apparuit
2784 1229 2942 1286 nobis
2990 1244 3134 1284 :nec
3174 1229 3347 1284 solum
3390 1241 3513 1283 eum

1941 1316 2124 1371 datum
2175 1332 2295 1375 esse
2351 1320 2407 1374 in
2453 1321 2822 1376 testimonium
2868 1319 3038 1384 dicit,
3081 1319 3173 1374 sed
3215 1319 3513 1388 principem

1939 1422 2060 1463 esse
2086 1423 2150 1463 ac
2181 1420 2567 1480 praceptorem
2600 1412 2742 1466 inter
2775 1419 2982 1481 gentes.
3029 1410 3178 1465 Beati
3210 1409 3352 1464 enim
3391 1423 3516 1478 pro-

1941 1502 2136 1570 pheta,
2172 1511 2225 1556 et
2253 1503 2342 1572 qui
2374 1511 2502 1558 ante
2529 1517 2621 1558 cos
2653 1502 2754 1558 fuit
2780 1502 3013 1572 Moyses,
3045 1518 3167 1557 cuin
3196 1501 3516 1556 famulorum

1943 1593 2118 1646 vicem
2160 1591 2444 1658 haberent,
2473 1607 2690 1661 semper
2739 1592 3110 1647 acclamabant
3136 1592 3513 1646 auditoribus:

1947 1701 1964 1732 σ
1993 1682 2120 1736 liae
2150 1683 2278 1738 dicit
2303 1683 2564 1738 Dominus
2589 1701 2603 1739 :
2631 1702 2650 1735 ι
2687 1698 2793 1739 non
2818 1683 2962 1737 velut
2989 1682 3384 1752 pracipientes,
3422 1683 3518 1737 sed

1945 1773 2090 1828 velut
2123 1775 2321 1832 divinis
2368 1776 2591 1832 vocibus
2621 1776 3019 1831 ministrantes.
3049 1773 3314 1830 Dominus
3339 1784 3519 1828 autem

267 1872 295 1922 6
323 1868 557 1941 Χριστὸς
589 1867 1088 1939 θεοπρεπεστάτους
1123 1869 1360 1923 ἐποιεῖτο
1396 1867 1608 1936 λόγους.
1647 1867 1838 1920 Ἐθαυ-

1946 1872 2123 1920 uoster
2166 1863 2334 1932 Iesus
2385 1867 2636 1923 Christus
2675 1867 2840 1922 verba
2877 1865 3114 1922 faciebat
3163 1866 3273 1920 Deo
3324 1879 3521 1922 conve-

270 1959 471 2028 μάζετο
506 1957 636 2026 γοῦν
679 1959 772 2011 καὶ
811 1960 942 2029 παρ’
981 1958 1165 2022 αὐτοῖς
1199 1961 1310 2022 τοῖς
1346 1958 1634 2023 Ἰουδαίοις,
1678 1959 1759 2012 ὅτι
1788 1959 1846 2012 ἐν

265 2049 484 2120 ἐξουσίᾳ
526 2045 593 2121 ἦν
637 2050 665 2101 6
701 2049 858 2119 λόγος
893 2050 1061 2121 αὐτῷ,
1091 2051 1187 2105 καὶ
1231 2052 1313 2105 ὅτι
1345 2051 1622 2108 ἐδίδασκεν
1650 2052 1847 2116 αὐτοὺς

263 2141 338 2204 ὡς
367 2139 614 2205 ἐξουσίαν
640 2140 801 2211 ἔχων,
824 2141 919 2196 καὶ
943 2142 1042 2212 οὐχ
1065 2143 1141 2205 ὼς
1176 2143 1226 2195 οἱ
1261 2143 1300 2194 Γ
1304 2145 1610 2213 ραμματεῖς
1640 2142 1842 2198 αὐτῶν.

265 2233 338 2285 Οὐ
366 2233 474 2304 γάρ
506 2228 574 2304 ἦν
605 2233 633 2284 6
675 2232 836 2302 λόγος
873 2233 1022 2302 αὐτῷ
1053 2232 1155 2303 τῆς
1191 2233 1286 2286 τοῦ
1319 2233 1482 2304 νόμου
1517 2235 1696 2300 σκιᾶς,
1728 2234 1844 2287 ἀλλ’

262 2325 337 2387 ὡς
361 2325 523 2389 αὐτὸς
551 2323 626 2378 ὢν
665 2326 693 2378 6
730 2325 1029 2394 νομοθέτης
1062 2323 1330 2395 μετετίθει
1362 2324 1676 2396 τδγράμμα
1711 2325 1846 2396 πρὸς

264 2415 544 2486 ἀλήθειαν,
572 2416 818 2478 καὶτοὺς
861 2415 1067 2478 τύπους
1100 2418 1180 2478 είς
1215 2417 1522 2486 ἐμφάνειαν
1553 2418 1651 2487 τὴν
1686 2434 1845 2470 πνευ-

268 2505 538 2574 ματικήν·
584 2505 768 2574 ἄρχων
797 2504 906 2574 γὰρ
934 2499 1022 2574 ἦν,
1055 2504 1148 2558 καὶ
1184 2505 1279 2558 τοῦ
1315 2508 1671 2578 προστάττειν
1709 2508 1845 2578 ἔχων

264 2596 364 2665 τὴν
385 2595 654 2658 ἐξουσίαν.
684 2596 804 2648 ’Ότι
837 2595 892 2648 δὲ
930 2595 1061 2667 περὶ
1098 2596 1207 2650 τῶν
1237 2598 1406 2651 ἐθνῶν
1433 2601 1460 2652 ὁ
1492 2601 1591 2669 τῆς
1631 2617 1842 2671 προφη-

266 2687 415 2750 τείας
448 2687 798 2755 ἐξυφαίνεται
840 2687 1019 2756 λόγος,
1052 2688 1322 2749 ἀναμάθοι
1351 2707 1434 2753 τις
1464 2691 1551 2756 ἂν,
1584 2693 1676 2747 καὶ
1722 2692 1844 2747 λίαν

267 2778 534 2846 ἀμογητὶ,
561 2777 656 2830 τοῦ
678 2776 811 2831 Θεοῦ
830 2779 923 2830 καὶ
941 2779 1153 2850 [ἰατρὸς
1174 2781 1496 2851 ποιουμένου
1513 2784 1638 2848 τοὺς
1655 2783 1844 2853 λόγους

267 2869 343 2932 ὡς
373 2868 510 2937 πρὸς
543 2868 702 2922 αὑτὸν
741 2869 831 2922 τὸν
873 2869 1001 2922 ἴδιον
1034 2870 1180 2924 Υἱόν.
1211 2871 1373 2942 Ἐθνη
1407 2873 1532 2944 γάρ,
1583 2877 1768 2946 φησὶν,
1809 2876 1846 2931 ἂ

267 2959 366 3009 οὐκ
402 2957 624 3028 ᾔδεισάν
657 2975 737 3023 σε,
774 2959 1182 3014 ἐπικαλέσονταί
1233 2979 1323 3026 σε,
1357 2966 1450 3016 καὶ
1484 2964 1623 3030 λαοὶ,
1663 2967 1712 3020 οἳ
1745 2968 1844 3020 οὐκ

265 3049 563 3117 ἠπίσταντό
595 3066 654 3102 σε
687 3050 800 3114 ,ἐπὶ
833 3051 902 3131 ’σὲ
944 3053 1390 3122 καταφεύξονται.
1442 3057 1503 3109 Ol
1535 3056 1643 3127 γὰρ
1675 3057 1842 3111 πάλαι

265 3139 500 3209 Χριστὸν
529 3141 628 3193 οὐκ
655 3141 876 3209 ειδότες,
911 3143 998 3197 διὰ
1035 3145 1096 3198 τὸ
1128 3147 1185 3200 ἐν
1220 3147 1374 3215 άχλύῖ
1405 3149 1497 3200 καὶ
1523 3149 1700 3218 σκότῳ
1728 3150 1844 3204 δια-

1949 1955 2311 2013 nientissima.
2347 1958 2707 2015 Admirationi
2746 1972 2939 2027 nempe
2980 1956 3076 2011 luit
3124 1956 3258 2026 ipsis
3293 1954 3519 2021 .lndais,

1949 2049 2091 2116 quod
2118 2030 2239 2102 cum
2265 2058 2532 2119 potestate
2561 2050 2846 2120 conjuncta
2881 2058 3026 2105 esset
3072 2047 3190 2118 ejus
3229 2049 3404 2104 oratio
3430 2066 3443 2102 :
3467 2057 3523 2102 et

1949 2139 2130 2194 docuit
2157 2154 2273 2207 eos,
2307 2141 2462 2210 quasi
2493 2149 2813 2211 potestatem
2849 2139 3075 2204 habens,
3103 2148 3160 2196 et
3191 2153 3297 2194 non
3330 2149 3389 2192 ut
3429 2153 3522 2193 eo-

1949 2245 2064 2283 rum
2103 2228 2304 2286 Scriba
2326 2230 2464 2288 ⁸⁸⁸⁸⁷.
2493 2230 2608 2286 Non
2649 2233 2790 2287 enim
2832 2231 2976 2286 illius
3003 2230 3176 2285 oratio
3228 2244 3295 2283 ex
3330 2229 3521 2284 umbra

1949 2320 2080 2390 legis
2102 2331 2241 2388 erat,
2271 2323 2367 2378 sed
2399 2332 2653 2392 tanquam
2682 2323 2797 2392 ipse
2825 2321 3103 2392 legislator
3127 2320 3520 2386 cxsistens,lit-

1949 2422 2118 2468 teram
2154 2415 2221 2470 ad
2269 2416 2580 2482 veritatem,
2613 2426 2768 2486 typos
2817 2416 2883 2470 ad
2929 2415 3266 2486 spiritualem
3313 2416 3520 2484 pcrspi~-

1949 2505 2203 2561 cuilatem
2240 2507 2576 2566 traducebat.
2609 2506 2863 2576 Princeps
2891 2506 3036 2561 enim
3073 2515 3210 2572 erat,
3235 2515 3292 2562 et
3329 2507 3520 2576 praci-

1948 2599 2130 2666 piendi
2183 2606 2539 2668 potestatem,
2581 2599 2832 2655 habebat.
2899 2599 3276 2668 Propheticam
3337 2610 3518 2652 autem

1947 2689 2244 2746 orationem
2294 2691 2360 2746 de
2405 2692 2659 2761 gentibus
2699 2692 2941 2757 contexi,
2976 2691 3133 2746 facile
3167 2701 3251 2746 est
3292 2690 3420 2744 illud
3467 2701 3522 2744 et

1948 2782 2164 2852 quidem
2217 2782 2334 2838 sine
2381 2781 2567 2838 labore
2625 2782 2872 2838 discere:
2905 2797 3027 2837 cum
3076 2782 3219 2837 Deus
3265 2791 3321 2836 et
3359 2781 3523 2836 Pater

1947 2875 2108 2930 verba
2142 2873 2303 2930 faciat
2327 2876 2479 2945 quasi
2509 2891 2631 2931 cum
2666 2876 2783 2944 ipso
2806 2890 2906 2932 suo
2933 2874 3092 2932 Filio.
3124 2874 3324 2936 Gentes
3350 2874 3518 2940 enim,

1947 2965 2144 3035 inquit,
2176 2977 2371 3038 quate
2405 2983 2516 3024 non
2554 2979 2842 3034 noverunt,
2875 2970 3203 3025 invocabunt
3236 2977 3308 3034 te,
3334 2977 3387 3024 et
3423 2981 3521 3036 po-

1946 3056 2055 3124 puli
2086 3057 2177 3124 qui
2227 3071 2332 3112 non
2389 3059 2668 3113 sciverunt
2701 3067 2772 3123 te,
2813 3059 2878 3111 ad
2930 3067 2980 3113 te
3023 3058 3355 3128 confugient.
3383 3055 3520 3111 Nam

1945 3148 2037 3216 qui
2085 3149 2213 3202 olim
2262 3147 2535 3202 Christum
2598 3149 2933 3217 ignorarunt,
2986 3163 3050 3202 eo
3102 3149 3244 3217 quod
3295 3149 3344 3200 iu
3396 3147 3523 3200 culi-

264 3230 462 3296 τελεῖν,
489 3232 908 3302 ἐπεκαλέσαντο,
947 3237 1252 3302 τουτέστιν,
1291 3238 1420 3292 Θεὸν
1465 3241 1843 3312 ἐπεγράψαντο

1951 3239 2074 3309 gine
2120 3248 2175 3294 et
2227 3239 2464 3295 tenebris
2505 3249 2871 3306 versarentur,
2922 3240 3269 3303 invocabant,
3315 3239 3364 3292 id
3416 3247 3518 3305 est,

261 3319 354 3370 τὸν
383 3320 610 3390 Ἰησοῦν,
657 3323 749 3375 καὶ
789 3324 875 3375 ἐπ’
914 3325 1075 3380 αὐτὸν
1120 3327 1456 3396 κατέφυγον,
1491 3332 1715 3399 ἐλπίδα,
1753 3334 1850 3389 καὶ

264 3411 602 3482 σκεπαστὴν,
635 3415 728 3466 καὶ
762 3417 1035 3488 σωτηρίας
1063 3420 1318 3488 πρόξενον
1341 3422 1719 3492 ὀνομάζοντες,
1755 3427 1849 3480 καὶ

263 3501 334 3565 ὠς
355 3502 485 3556 Θεὸν
509 3505 948 3577 ἐπικαλούμενον
977 3509 1069 3563 καὶ
1093 3510 1180 3564 διὰ
1210 3512 1366 3566 ποίαν
1389 3513 1566 3567 αἰτίαν
1586 3531 1600 3582 ;
1622 3516 1848 3573 Ἕνεκεν

262 3595 467 3666 Κυρίου
492 3596 585 3651 τοῦ
631 3597 766 3651 Θεοῦ
810 3615 926 3663 σου,
973 3602 1130 3672 φησι,
1161 3603 1253 3656 τοῦ
1295 3605 1452 3672 ἁγίου
1487 3607 1726 3678 Ἰσραὴλ,
1767 3610 1849 3664 ὅτι

266 3688 482 3754 ἐδόξασέ
505 3706 582 3742 σε*
603 3691 851 3761 πρόσεισι
873 3693 971 3762 μὲν
991 3695 1101 3764 γὰρ
1125 3695 1203 3767 τῷ
1225 3697 1337 3768 Υίῷ
1353 3698 1664 3764 δοξάζοντες
1687 3702 1847 3756 αὐτὸν

265 3778 341 3840 ὡς
375 3781 437 3832 ἐκ
471 3779 603 3834 Θεοῦ
641 3783 848 3854 Πατρὸς
877 3786 1208 3858 γεννηθέντα
1242 3791 1384 3842 κατὰ
1411 3793 1594 3860 φύσιν,
1618 3793 1713 3846 καὶ
1748 3794 1846 3864 τὴν

268 3868 431 3921 αὑτοῦ
460 3871 554 3923 τοῦ
585 3873 832 3937 τεκόντος
863 3875 1056 3945 ἔχοντα
1089 3878 1266 3942 δόξαν.
1283 3881 1342 3933 Ὀ
1374 3881 1481 3950 γὰρ
1503 3881 1741 3949 δοξάζων
1756 3885 1845 3938 τὸν

268 3960 486 4030 Πατέρα
513 3963 720 4030 δοξάζει
741 3965 831 4020 τὸν
855 3967 914 4032 ἐξ
935 3968 1122 4033 αὐτοῦ,
1151 3970 1244 4023 καὶ
1272 3972 1300 4023 ό
1321 3970 1559 4035 δοξάζων
1596 3973 1688 4027 τὸν
1719 3974 1844 4028 Υιὸν

268 4048 578 4115 συνδοξάζει
625 4053 840 4118 πάντως
879 4055 1028 4126 αὐτῴ
1079 4058 1171 4110 καὶ
1212 4059 1303 4110 τὸν
1333 4058 1390 4124 ἐξ
1429 4054 1490 4112 οὗ
1527 4060 1845 4131 γεγέννηται

267 4138 406 4192 κατὰ
433 4141 612 4207 φύσιν·
636 4143 802 4212 ἤγουν
831 4147 924 4199 καὶ
959 4146 1081 4200 καθ’
1107 4148 1313 4219 ἓτερον,
1333 4151 1380 4202 εί
1413 4149 1613 4219 βούλει,
1643 4153 1845 4222 τρόπον

265 4233 376 4293 τοῖς
410 4233 718 4304 εἰρημένοις
745 4237 1089 4308 προσϐάλῃςο
1123 4259 1140 4291 ι
1177 4242 1464 4312 Ὑπάρχων
1493 4245 1593 4312 μὲν
1632 4246 1739 4317 γὰρ
1787 4249 1845 4301 ἐν

271 4323 452 4392 μορφῇ
483 4322 576 4376 τοῦ
614 4325 771 4391 Θεοῦ,
810 4329 904 4380 καὶ
942 4329 1154 4400 Πατρὺς
1184 4334 1212 4385 ό
1242 4332 1388 4396 Υἱὸς,
1422 4334 1519 4404 οὑχ
1551 4337 1844 4408 ἁρπαγμὸν

265 4411 509 4501 ἡγήσατο
537 4414 596 4466 τὸ
626 4410 764 4468 εἶναι
795 4417 884 4471 ίσα
913 4418 1050 4490 Θεῷ,
1080 4421 1196 4474 ἀλλ’
1231 4424 1422 4476 ἐαυτὸν
1444 4426 1680 4480 ἐκένωσε
1720 4446 1845 4501 μορ-

268 4497 371 4565 φὴν
406 4498 591 4553 δούλου
622 4503 896 4573 λαϐὼν,ἐν
931 4508 1240 4579 ὁμοιώματι
1279 4512 1581 4582 ἀνθρώπων
1617 4497 1842 4591 γενόμε-

1953 3332 2119 3386 Deum
2151 3333 2534 3401 nuncupabant
2561 3332 2768 3397 Jesum,
2803 3341 2855 3387 et
2879 3331 2945 3386 ad
2971 3346 3092 3386 eum
3117 3328 3519 3400 confugiebant,

1951 3439 2099 3494 spem
2142 3433 2197 3479 et
2227 3434 2610 3495 protectorem,
2654 3435 2708 3481 et
2739 3424 2930 3480 salutis
2959 3423 3366 3480 conciliatorem
3398 3437 3521 3476 eum

1950 3517 2386 3582 nominantes,et
2415 3528 2666 3587 tanquam
2702 3516 2870 3573 Deum
2893 3517 3228 3573 invocantes.
3259 3515 3326 3570 Et
3359 3530 3521 3585 quam

1949 3608 2019 3663 oh
2040 3608 2306 3664 causam?
2337 3607 2562 3680 Pr0pter
2605 3607 2889 3664 Dominum
2921 3607 3090 3662 Deum
3120 3616 3291 3672 tuum,
3327 3607 3523 3676 inquit,

1950 3711 2194 3757 sanctum
2246 3703 2432 3772 lsrael,
2466 3702 2591 3773 quia
2625 3701 2915 3771 gloriosum
2966 3709 3017 3754 te
3053 3698 3205 3756 fecit.
3245 3696 3525 3752 Accedunt

1949 3793 2095 3846 enim
2120 3794 2187 3846 ad
2218 3792 2413 3847 Filium
2438 3806 2668 3861 eumque
2695 3792 3009 3860 pradicant,
3036 3789 3193 3860 quasi
3226 3797 3420 3842 natura
3454 3803 3518 3840 ex

1951 3881 2059 3935 Deo
2083 3879 2248 3934 Patre
2274 3891 2480 3944 natum,
2497 3880 2850 3947 eamdemque
2879 3892 3000 3932 cum
3030 3878 3271 3946 genitore
3295 3875 3522 3944 gloriam

1947 3973 2259 4028 habentem.
2299 3972 2402 4038 Qui
2441 3972 2583 4026 enim
2643 3971 2875 4026 illustrat
2905 3971 3143 4034 Patrem,
3178 3979 3232 4023 et
3275 3983 3396 4021 eum
3429 3972 3521 4038 qui

1947 4076 2013 4117 ex
2045 4063 2163 4132 ipso
2193 4072 2278 4118 est
2308 4063 2580 4126 illustrat;
2613 4070 2665 4116 et
2707 4061 2797 4129 qui
2844 4061 3076 4114 illustrat
3113 4059 3330 4124 Filium,
3362 4058 3522 4134 simul

1946 4168 2069 4208 cum
2095 4167 2160 4209 eo
2199 4166 2414 4224 semper
2469 4153 2703 4208 illustrat
2743 4163 2798 4206 et
2832 4152 2977 4206 illum
3009 4168 3073 4207 ex
3120 4168 3226 4222 quo
3259 4153 3522 4206 naturali-

1945 4254 2028 4300 ter
2063 4245 2274 4315 genitus
2303 4254 2407 4303 est.
2434 4244 2547 4309 Vel,
2582 4245 2626 4299 si
2661 4246 2858 4315 placet,
2892 4244 2998 4298 alio
3026 4245 3184 4299 modo
3215 4244 3327 4313 jam
3363 4244 3524 4299 dictis

1946 4337 2120 4391 adde:
2159 4354 2176 4387 ι
2201 4335 2372 4392 Filius
2403 4336 2546 4392 enim
2573 4350 2694 4391 cum
2721 4336 2771 4390 in
2814 4334 2982 4389 forma
3019 4334 3113 4388 Dei
3149 4342 3202 4388 ct
3231 4333 3407 4389 Patris
3445 4349 3523 4387 es-

1945 4435 2046 4491 set,
2100 4443 2205 4482 non
2257 4427 2505 4497 rapinam
2556 4428 2856 4482 arbitratus
2889 4436 2972 4480 est
3008 4438 3127 4480 esse
3173 4441 3229 4479 se
3259 4425 3520 4495 aqualem

1947 4518 2089 4582 Deo;
2138 4519 2233 4574 sed
2289 4518 2517 4574 inanivit
2563 4519 2826 4589 seipsuin,
2877 4517 3051 4572 forma
3093 4519 3236 4573 servi
3284 4528 3518 4587 sumpta,

265 4605 372 4652 νος,
401 4591 494 4643 καὶ
527 4595 763 4664 σχήματι
787 4597 1030 4668 εὑρεθεὶς
1059 4600 1133 4662 ὡς
1154 4603 1458 4673 ἄνθρωπος,
1481 4607 1840 4668 ἐταπείνωσεν

1947 4611 2114 4680 773
2136 4611 2187 4664 in
2219 4611 2572 4666 similitudine
2606 4587 2884 4666 hominum
2913 4609 3110 4676 factus,
3135 4623 3189 4666 et
3217 4611 3402 4666 habitu
3429 4626 3520 4666 re-

265 4679 453 4732 ἑαυτὸν
473 4684 760 4753 γενόμενος
786 4688 1024 4760 ὑπήκοος
1059 4691 1220 4763 μέχρι
1238 4694 1491 4764 θανάτου,
1522 4699 1750 4756 θανάτου
1777 4705 1836 4758 δέ

266 4769 525 4840 σταυροῦ.
549 4773 637 4824 Διὸ
663 4774 754 4828 καὶ
777 4779 804 4829 6
823 4778 953 4841 Θεὸς
976 4780 1136 4836 αὐτὸν
1161 4782 1508 4855 ύπερύψωσε,
1537 4793 1630 4845 καὶ
1650 4795 1834 4864 ἐχαρίο

265 4876 397 4952 σατο
411 4861 559 4952 αύτῷ
579 4862 748 4934 ὄνομα
766 4865 825 4918 τὸ
846 4868 984 4939 ὑπὲρ
1004 4872 1107 4923 πᾶν
1127 4871 1316 4944 ὄνομα,
1337 4875 1422 4929 ἵνα
1443 4880 1499 4932 ἐν
1516 4880 1592 4950 τῷ
1607 4861 1832 4952 ὀνόματι
1877 4906 1883 4912 ·

275 4951 448 5020 Ἰησοῦ
463 4953 697 5023 Χριστοῦ
723 4959 830 5010 πᾶν
855 4961 982 5025 γόνυ
1015 4962 1226 5034 κάμψῃ,
1244 4951 1711 5037 ἐπουρανίωνμαι
1729 4977 1844 5028 ἐπι-

260 5043 444 5110 γείων,
464 5048 556 5098 καὶ
582 5049 974 5120 καταχθονίων,
991 5055 1085 5108 καὶ
1117 5058 1263 5109 πᾶσα
1283 5060 1502 5126 γλῶσσα
1525 5064 1845 5138 ἐξομολογή-

261 5141 432 5202 σεται,
461 5139 542 5191 ὅτι
588 5141 790 5211 Κύριος
846 5145 1050 5215 Ἰησοῦς
1089 5149 1341 5220 Χριστὸς,
1394 5157 1471 5217 είς
1521 5157 1676 5220 δόξαν
1707 5161 1841 5214 Θεοῦ

258 5223 488 5320 Πατρός.
509 5230 699 5311 ’ᾼμήν.
717 5252 735 5283 ι
759 5234 976 5307 Ἐπειδὴ
994 5239 1098 5312 γὰρ
1121 5240 1208 5294 διὰ
1232 5242 1291 5294 τὸ
1309 5245 1403 5314 τῆς
1424 5247 1842 5320 ἁνθρωπότητος

259 5317 457 5414 μέτρον
490 5321 696 5414 Δἀκλεής
724 5323 970 5414 τιςλεῖναι
1005 5330 1264 5403 ἐνομίσθη
1286 5317 1541 5404 Χριστὸς,
1571 5317 1838 5414 ἀναφοιτᾷ

257 5408 424 5460 πάλιν
455 5411 535 5471 είς
566 5411 666 5479 τὴν
706 5411 932 5467 ἐνοῦσαν
967 5416 1115 5487 αὐτῷ
1144 5418 1424 5492 θεοπρεπῆ
1458 5441 1515 5475 τε
1557 5428 1647 5478 καὶ
1675 5408 1842 5498 ὕπερ.-

255 5496 428 5586 τάτην
460 5499 736 5586 ύπεροχήν
769 5521 829 5556 τε
860 5506 954 5557 καλ¹
985 5507 1162 5576 δόξαν,
1203 5514 1294 5565 καὶ
1321 5519 1457 5583 μετὰ
1491 5518 1706 5586 σαρκός.
1733 5496 1842 5573 Καὶ

252 5581 432 5653 τοῦτο,
453 5585 627 5657 οἶμαι,
655 5593 770 5644 ἐστὶ
809 5595 867 5646 τὸ
882 5595 1121 5652 δεδόσθαι
1139 5581 1416 5674 λέγειν-τῷ
1442 5581 1720 5678 Υίιῇ-παρὰ
1751 5610 1841 5663 τοῦ

321 5778 438 5811 ⁸⁸’δτ
474 5779 641 5834 Marc.
684 5797 721 5844 ι,
749 5781 839 5834 ‘22.
917 5782 962 5813 ⁸⁸
1000 5781 1228 5850 Philipp.
1267 5797 1325 5846 ιι,
1353 5780 1504 5838 6-H.

578 5878 856 5940 Parnm.
900 5880 1015 5939 Gn.
1048 5878 1229 5940 LXX.

1944 4711 2128 4767 pertus
2167 4709 2224 4754 ut
2273 4701 2434 4756 homo
2471 4743 2487 4771 ,
2519 4699 2716 4770 dejecit
2748 4701 2862 4770 ipse
2887 4715 2947 4756 se
2980 4745 2995 4769 ,
3038 4701 3209 4755 luctus
3264 4701 3520 4756 obediens

1942 4804 2108 4859 usque
2134 4793 2202 4844 ad
2231 4800 2480 4858 mortem,
2521 4799 2573 4845 et
2617 4791 2836 4860 quidem
2886 4802 3114 4846 mortem
3170 4790 3522 4860 οιυοίεηΡιὉ-

1939 4890 2056 4950 pter
2083 4884 2224 4952 quod
2245 4885 2452 4940 etDeus
2481 4883 2740 4939 exaltavit
2761 4890 2978 4948 eum,et
3001 4882 3217 4936 donavit
3246 4882 3292 4936 ei
3326 4897 3516 4936 nomen

1952 4989 2324 5043 supra-omne
2389 4991 2605 5042 nomen,
2642 4985 2710 5030 ut,
2754 4976 2806 5030 in
2867 4975 3084 5030 nomine
3140 4973 3267 5029 Jesu
3314 4975 3514 5029 Christi

1951 5081 2110 5122 omne
2143 5083 2282 5130 genu
2344 5082 2401 5123 se
2449 5066 2652 5132 licetat,
2695 5067 3022 5130 calestium,
3070 5067 3406 5121 terrestrium
3465 5077 3522 5118 et

1952 5157 2444 5223 subterraneorum,
2471 5165 2525 5210 et
2570 5157 2747 5210 omnis
2795 5156 2978 5224 lingua
3025 5153 3348 5208 conﬁteatur
3395 5151 3521 5221 quia

1952 5247 2212 5302 Dominus
2254 5246 2410 5302 Jesus
2461 5246 2711 5302 Christus
2754 5255 2836 5302 est
2883 5246 2934 5300 in
2982 5245 3146 5314 gloria
3201 5245 3292 5297 Dei
3324 5243 3517 5298 Patris.

1948 5336 2116 5390 Amen
2143 5336 2207 5390 ⁸⁸.
2238 5356 2257 5389 ι
2292 5336 2428 5403 Quia
2455 5336 2599 5391 enim
2625 5345 2842 5406 propter
2878 5333 3228 5388 humanitatis
3260 5331 3522 5386 conditio.

1950 5444 2070 5483 nem
2127 5428 2373 5498 ignobilis
2415 5429 2688 5498 quispiam
2732 5442 2851 5483 esse
2898 5427 3147 5482 Christus
3190 5423 3513 5495 putabatur,

1952 5535 2137 5574 rursus
2159 5521 2225 5572 ad
2253 5520 2487 5574 divinam
2516 5534 2668 5574 suam
2694 5527 2747 5572 et
2777 5531 3041 5572 summam
3071 5515 3438 5584 prastantiam
3467 5507 3525 5566 et

1952 5610 2174 5679 gloriam
2206 5625 2327 5665 cum
2364 5624 2526 5666 carne
2558 5609 2720 5664 etiam
2761 5609 2916 5662 redit.
2954 5609 3138 5677 quue,
3173 5604 3384 5674 opinor,
3415 5615 3516 5671 est,

3049 5883 3122 5944 39
