4092 6296
588 360 731 419 teet
1597 360 1655 414 s.
1695 355 1972 414 cum.”
2013 354 2475 411 ALEXANDIHNI
2517 357 2837 415 ARCIIIEP.
3720 368 3868 423 19,33

592 485 776 537 datum
800 497 922 538 esse.
943 483 1077 538 Filio
1096 498 1123 536 a
1139 480 1297 538 Patre
1323 497 1518 537 nomen
1544 484 1686 551 quod
1716 492 1797 537 est
1823 495 1983 551 supra
2008 495 2146 535 0mm

2272 479 2484 549 Πατρὸς
2512 482 2573 533 τὸ
2607 482 2777 553 ὄνομα
2816 484 2877 536 τὸ
2902 484 3044 556 ὑπὲρ
3079 487 3185 538 πᾶν
3212 486 3403 555 ὄνομα.
3445 485 3556 538 Καὶ
3589 486 3722 555 γοῦν
3751 489 3862 560 ἔφη

494 574 499 579 ’
592 588 810 629 nomen.
848 574 1124 643 Siquidem
1168 575 1305 628 dixit
1343 575 1428 629 ei:
1472 593 1490 627 ι
1522 574 1699 640 Pater,
1733 573 1942 629 illustra
1977 586 2061 625 me
2104 587 2146 627 e:

2271 571 2408 642 πρὸς
2429 572 2611 627 αὐτόν·
2641 593 2660 625 ι
2688 576 2889 644 Πάτερ,
2912 575 3134 641 δόξασόν
3163 593 3228 647 με
3253 580 3318 648 τῇ
3345 577 3494 648 δόξῃ,
3577 576 3721 650 εἶχον
3750 582 3864 650 πρὸ

591 671 762 740 gloria
809 683 970 737 quam
1002 666 1189 735 habui,
1234 677 1522 736 antequam
1554 669 1786 722 mundus
1830 672 1994 729 esset,
2026 663 2165 734 apud

591 778 643 815 te
670 762 737 815 δ’.
766 779 785 814 ι

665 851 826 906 Vens.
857 849 912 916 6,
938 850 992 904 7.
1023 850 1253 916 Quaerite
1291 850 1478 918 Deum,
1507 861 1555 905 et
1589 851 1645 905 in
1682 847 1993 905 inveniendo
2020 863 2163 915 eum,

587 944 837 997 invocato.
870 941 937 996 Et
978 953 1254 1013 postquam
1293 945 1435 1000 vobis
1461 943 1975 1014 appropinquaoerit,
2004 941 2164 995 relin-

584 1044 710 1102 quat
758 1033 952 1102 impius
1005 1034 1143 1088 riam
1201 1049 1374 1101 suam,
1412 1043 1460 1089 et
1506 1033 1587 1089 oir
1623 1034 1835 1103 iniquus
1884 1032 2162 1087 consilium

588 1141 763 1186 suum,
801 1132 850 1178 et
880 1132 1216 1178 convertatur
1242 1124 1311 1177 ad
1341 1122 1643 1189 Dominum,
1669 1135 1717 1178 et
1742 1123 2162 1179 misericordiam

581 1226 946 1286 rmtsequetur,
970 1217 1103 1286 quia
1129 1217 1352 1271 multum
1374 1216 1616 1272 dimittet
1649 1226 1863 1286 peccata
1887 1225 2075 1272 vestra.

627 1397 788 1453 'Cum
813 1397 933 1453 lidei
968 1397 1021 1451 in
1050 1411 1109 1452 se
1132 1396 1276 1451 viam
1308 1396 1653 1464 exposuisset
1680 1396 1944 1453 Dominus
1974 1407 2161 1454 noster

582 1489 739 1545 :lesus
761 1489 1033 1557 Christus,
1058 1492 1195 1547 dixit
1218 1492 1419 1548 Iudaeis
1445 1508 1513 1547 τε(
1544 1490 1624 1546 Ne
1657 1500 1993 1546 murmurate
2018 1491 2161 1546 inter

582 1595 699 1635 vos.
718 1579 886 1636 Nemo
913 1589 1090 1650 potest
1112 1582 1301 1638 venire
1318 1583 1384 1637 ad
1413 1596 1516 1648 me,
1550 1583 1655 1639 nisi
1675 1583 1863 1649 Pater,
1895 1582 1989 1651 qui
2013 1582 2161 1636 misit

584 1687 694 1735 me,
740 1672 976 1728 traxerit
1018 1687 1142 1729 eum
1174 1675 1246 1729 ”.
1280 1693 1299 1726 ι
1329 1674 1696 1731 lntroducitur
1738 1675 1901 1729 etiam
1920 1687 2156 1745 persona

582 1763 756 1831 ipsius
787 1760 992 1830 Patris,
1027 1763 1109 1820 sic
1151 1764 1347 1819 Filium
1377 1765 1660 1835 alloquens
1686 1783 1700 1819 :
1734 1783 1754 1817 ι
1785 1764 1926 1820 Sede
1960 1780 1990 1820 a
2021 1765 2156 1820 dex-

2266 663 2361 717 τοῦ
2389 664 2477 718 τὸν
2506 664 2711 736 κόσμον
2738 661 2875 720 εἶναι
2903 667 3054 739 παρὰ
3086 669 3186 722 σοί.
3217 687 3235 719 ι

2341 839 2652 905 Ζητήσατε
2674 841 2781 895 τὸν
2803 840 2972 906 Θεὸν,
2997 840 3094 894 καὶ
3113 842 3185 895 ἐν
3205 842 3288 908 τῷ
3310 846 3621 911 εὑρίσκειν
3638 849 3855 911 αὑτὸν.

2264 928 2730 985 ἐπικαλέσασθε.
2769 931 2971 989 Ἡνίκα
2999 932 3053 985 δ’
3082 932 3166 988 ἂν
3194 933 3393 1003 ὲττίζξη
3423 937 3583 1006 ὑμῖν,
3632 940 3857 994 ἀπολι-

2265 1019 2422 1074 κέτω
2455 1024 2487 1075 ό
2517 1022 2746 1091 ἀσεϐὴς
2764 1022 2881 1093 τὴν
2903 1024 3051 1079 ὀδόν
3080 1025 3289 1092 αὐτοῦ,
3313 1027 3415 1081 καὶ
3439 1029 3597 1098 ἀνὴρ
3625 1030 3859 1101 ἄνομος

2265 1111 2379 1184 τὴν
2418 1114 2667 1183 βουλὴν
2695 1115 2905 1181 αὐτοῦ,
2941 1115 3043 1171 καὶ
3089 1118 3513 1188 ἐπιστραφήτω
3551 1122 3704 1190 πρὸς
3741 1127 3859 1177 Κύο

2256 1224 2413 1276 ριον,
2444 1208 2545 1263 καὶ
2578 1209 2994 1279 ἐλεηθήσεται,
3029 1209 3116 1264 ὅτι
3156 1210 3255 1265 ἐπὶ
3283 1212 3445 1267 πολὺ
3478 1213 3705 1281 ἀφήσει
3744 1217 3855 1281 τὰς

2258 1300 2549 1370 ἁμαρτίας
2563 1302 2748 1373 ὑμῶν.

2333 1393 2445 1463 Τῆς
2470 1395 2551 1458 εἰς
2584 1393 2746 1448 αὑτὸν
2775 1394 3009 1459 πίστεως
3038 1397 3136 1468 τὴν
3167 1397 3285 1450 ὁδὸν
3310 1398 3513 1469 ἐναργῆ
3537 1399 3803 1461 καθιστὰς
3824 1403 3858 1455 6

2262 1484 2468 1556 Κύριος
2484 1485 2646 1557 ἡμῶν
2690 1486 3215 1575 ἸησοῦςὸΧριστὸς,
3247 1487 3351 1559 ἔφη
3383 1505 3484 1541 που
3523 1489 3661 1560 πρὸς
3716 1491 3853 1543 ’1ου-

2259 1575 2467 1639 δαίους·
2514 1596 2533 1628 ι
2564 1577 2656 1647 Μὴ
2688 1576 2988 1647 γογγύζετε
3029 1580 3148 1648 μετ’
3173 1579 3437 1650 ἀλλήλων.
3467 1580 3658 1644 Οὐδεὶς
3688 1582 3855 1635 δύνα-

2259 1683 2348 1722 ται
2374 1667 2548 1721 ἐλθεῖν
2571 1667 2707 1738 πρὸς
2737 1668 2826 1739 μὲ,
2853 1668 2950 1723 ὲάν
2980 1669 3054 1741 μὴ
3076 1670 3311 1741 όΠατὴρ
3344 1671 3566 1741 πέμψας
3601 1689 3669 1742 με
3692 1672 3856 1726 ἐλκύ-

2262 1773 2332 1830 σῃ
2368 1758 2559 1812 αὐτόν.
2607 1779 2626 1812 ι
2668 1760 2991 1832 Εἰσφέρεται
3035 1761 3093 1815 δὲ
3124 1762 3220 1816 καὶ
3252 1763 3315 1817 τὸ
3343 1763 3511 1817 αὐτοῦ
3552 1764 3855 1834 πρόσωπον

577 1854 683 1908 tris
712 1855 865 1921 meis,
889 1854 1061 1911 donec
1082 1870 1276 1924 ponam
1306 1834 1557 1912 inimicos
1589 1864 1710 1911 tuos
1742 1854 2032 1912 scabellum
2061 1868 2146 1925 pe-

2256 1848 2352 1901 τοῦ
2381 1849 2615 1921 Πατρὸς,
2640 1850 2786 1905 οὓτω
2824 1851 2982 1920 λέγον
3018 1852 3158 1923 πρὸς
3185 1853 3278 1907 τὸν
3317 1853 3442 1907 Υἱόν
3462 1869 3479 1885 '
3521 1873 3539 1905 ι
3568 1855 3759 1908 Κάθου
3788 1857 3854 1908 ἐκ

578 1946 708 1998 dum
753 1952 965 2000 tuorum
995 1946 1115 1999 ⁸⁸.-ι
1166 1946 1273 2001 Εοε
1329 1948 1473 2003 enim
1518 1948 1610 2017 qui
1648 1955 1928 2011 errarunt,
1970 1946 2154 2001 hostes

579 2033 895 2106 aliquando,
928 2036 1119 2091 mundi
1147 2037 1430 2094 elementa
1457 2039 1719 2106 colentes,
1749 2046 1803 2091 et
1834 2038 2041 2108 peccati
2073 2038 2153 2092 la-

577 2131 735 2199 queis
780 2130 1170 2186 inevitabiliter
1203 2131 1477 2199 irretitos,
1521 2131 1682 2186 Pater
1722 2130 2147 2201 subjecitFilio.

577 2223 764 2294 Neque
789 2238 920 2280 vero
946 2224 1087 2280 dicat
1114 2224 1401 2296 quispiam,
1427 2225 1527 2279 hoc
1554 2225 1626 2279 illi
1654 2224 1806 2294 quasi
1830 2239 2027 2296 parum
2057 2239 2153 2295 po-

575 2316 714 2370 tenti
756 2323 809 2369 et
838 2314 1109 2370 imbecillo
1139 2314 1394 2371 tribuisse
1424 2333 1438 2370 :
1471 2315 1654 2370 omnia
1686 2315 1830 2369 enim
1873 2321 2150 2383 operatur,

575 2415 633 2461 et
661 2406 776 2477 ipse
796 2413 879 2462 est
907 2404 1159 2461 Parentis
1174 2406 1363 2462 dextra
1378 2407 1722 2476 omnipotens
1751 2414 1806 2461 et
1833 2404 2148 2461 fortissima.

469 2505 476 2519 '
571 2499 687 2554 Sed
720 2499 844 2569 quia
880 2498 1140 2570 singulari
1173 2496 1577 2568 dispensatione
1594 2497 1661 2552 ad
1699 2496 2019 2566 capiendam
2048 2496 2149 2548 bu-

573 2590 858 2645 manitatis
910 2604 1219 2645 mensuram
1263 2603 1387 2644 eum
1432 2598 1655 2644 vocarat
1693 2605 1707 2641 :
1741 2587 1944 2643 idcirco
1991 2585 2151 2640 Pater

498 2676 508 2687 '
573 2680 779 2736 dicitur
810 2693 999 2735 omnes
1028 2693 1141 2734 suae
1166 2679 1323 2750 quasi
1366 2677 1623 2748 potentiae
1666 2687 1723 2733 et
1756 2677 2034 2747 sapientia:
2059 2676 2151 2730 Fi-

573 2775 649 2828 lio
676 2772 926 2829 subdere.
954 2770 1153 2827 Potens
1180 2773 1324 2827 enim
1364 2769 1526 2826 eﬂicit
1555 2784 1651 2840 per
1681 2771 1855 2838 ipsum
1898 2769 2038 2838 quod
2067 2778 2149 2825 est

575 2864 874 2928 inﬁrmum,
905 2872 961 2920 et
992 2862 1314 2933 sapientiam
1351 2862 1489 2917 indit
1510 2861 1558 2918 ei
1588 2862 1731 2931 quod
1752 2869 1831 2916 est
1865 2859 2144 2931 insipiens.

576 2955 688 3011 Nec
721 2955 1006 3025 quisquam
1047 2966 1229 3010 mente
1274 2953 1531 3024 praeditus
1585 2966 1821 3023 unquam
1853 2951 2146 3016 existimet,

574 3063 681 3103 non
718 3047 951 3103 valuisse
979 3046 1174 3102 Filium
1211 3046 1422 3115 aliquos
1459 3044 1562 3100 sibi
1600 3044 1901 3115 subjicere:
1938 3043 2032 3099 sed
2058 3058 2148 3098 co-

572 3139 710 3208 gitet
740 3139 941 3210 potius,
970 3149 1028 3192 ut
1055 3138 1165 3209 jam
1201 3138 1334 3203 dixi,
1366 3152 1464 3208 per
1499 3137 1649 3192 illum
1680 3136 1864 3192 omnia
1888 3135 2054 3191 Deum
2092 3142 2147 3189 et

570 3232 792 3287 Patrem
826 3230 1065 3286 ellicere.
1107 3229 1275 3301 779
1301 3229 1439 3296 Quid
1461 3243 1592 3300 ergo
1630 3227 1717 3283 hic
1749 3226 1849 3282 sibi
1883 3226 1997 3281 vult
2024 3241 2149 3296 pro-

572 3321 772 3389 pbetia:
802 3320 1029 3375 oratio?
1065 3319 1272 3374 luducit
1312 3332 1599 3389 personam
1633 3316 1831 3379 Patris,
1868 3315 2148 3386 alloquens

570 3422 627 3467 et
679 3411 1010 3482 compellans
1056 3425 1274 3482 gregem
1326 3411 1572 3481 gentium
1614 3425 1628 3463 :
1683 3407 1918 3474 Quaerite
1949 3406 2145 3469 Deum,

548 3520 730 3575 quem
778 3505 933 3558 modo
960 3502 1176 3559 dicebat
1207 3500 1574 3556 testimonium
1604 3499 1791 3554 datum
1818 3512 1939 3555 esse
1971 3497 2147 3565 genti—

569 3596 696 3661 bus,
722 3603 771 3648 et
806 3594 1102 3665 principem
1158 3607 1345 3648 eorum
1399 3605 1462 3646 ac
1489 3599 1872 3661 praeceptorem
1889 3591 1974 3644 “z
2007 3591 2148 3645 hunc

547 3685 716 3740 'illico
754 3680 1024 3738 et~Deum
1073 3680 1331 3752 appellat,
1360 3690 1414 3735 et
1455 3679 1624 3750 quaeri
1658 3678 1834 3750 iubet.
1864 3679 2147 3748 Inquisitio

570 3784 757 3831 autem
783 3788 889 3830 non
940 3773 1057 3829 loco
1086 3773 1500 3843 circumscripta
1529 3779 1645 3827 est:
1678 3771 1945 3826 Divinitas
1986 3771 2132 3827 enim

568 3872 886 3939 incorporea
911 3877 1015 3932 est,
1045 3881 1143 3923 nec
1178 3867 1230 3921 in
1256 3865 1375 3922 loco
1405 3864 1748 3934 intelligitur.
1781 3863 1972 3934 Implet
1994 3879 2145 3918 nam-

566 3977 673 4030 que
702 3961 907 4024 omnia,
934 3973 1033 4015 nec
1062 3974 1092 4013 a
1124 3973 1184 4015 re
1206 3957 1312 4013 ulla
1338 3956 1512 4023 abest,
1536 3958 1628 4014 sed
1657 3956 1710 4012 in
1741 3955 1921 4013 studio
1948 3956 2145 4012 anima:

566 4050 964 4123 quodammodo
994 4050 1097 4107 sita
1121 4059 1225 4118 est,
1243 4064 1364 4121 quas
1387 4064 1485 4120 per
1510 4049 1723 4119 pietatis
1751 4048 1951 4116 studia,
1979 4057 2034 4104 et
2056 4063 2145 4104 ve-

566 4161 682 4201 rum
733 4145 826 4201 Dei
869 4142 1258 4213 cognitionem,
1291 4142 1407 4199 sitit
1454 4156 1572 4197 eam
1605 4138 1726 4212 quae
1756 4155 1881 4197 cum
1916 4140 2033 4210 ipso
2062 4150 2145 4195 est

564 4239 1030 4311 coniunctionem.
1077 4235 1321 4303 Quadrat
1369 4235 1487 4291 haec
1530 4234 1857 4305 conquisitio
1920 4232 2004 4288 bis
2050 4234 2139 4304 qui

563 4331 752 4399 procul
788 4331 851 4383 ab
900 4343 969 4384 eo
994 4327 1246 4397 disiuncti
1286 4327 1465 4382 adhuc
1494 4335 1640 4392 sunt,
1667 4325 2038 4382 intercedente
2065 4325 2143 4380 ni-

564 4422 762 4474 mirum
818 4430 1063 4488 peccato,
1094 4427 1152 4474 et
1196 4427 1463 4488 operante
1515 4418 1569 4471 in
1624 4417 1755 4488 ipsis
1798 4418 2136 4489 ignorantia:

2257 1940 2447 2006 δεξιιῖιν
2493 1960 2617 2013 μου,
2646 1943 2751 2008 ἕως
2779 1944 2846 1999 ἂν
2873 1944 2951 1999 θῶ
2979 1948 3107 2010 τοὺς
3149 1947 3379 2019 ἐχθρούς
3424 1965 3518 2001 σου
3554 1948 3855 2004 ὑποπόδιον

2259 2033 2367 2087 τῶν
2397 2034 2573 2088 ποδῶν
2607 2053 2719 2090 σου.
2752 2056 2770 2089 ι
2792 2038 3050 2109 Ἐχθροὺς
3077 2040 3188 2111 γὰρ
3218 2040 3377 2104 ὄντας
3398 2042 3524 2105 τοὺς
3565 2041 3853 2114 πεπλανη-

2263 2124 2455 2191 μένους
2480 2126 2632 2191 ποτὲ,
2656 2128 2753 2182 καὶ
2776 2132 2889 2195 τοῖς
2903 2130 2997 2184 τοῦ
3024 2130 3232 2201 κόσμου
3256 2133 3540 2204 στοιχείοις
3556 2132 3852 2203 λατρεύονο

2257 2232 2377 2279 τας,
2434 2218 2528 2270 καὶ
2574 2220 2688 2284 τοῖς
2732 2219 2836 2290 τῆς
2886 2220 3162 2293 ἁμαρτίας
3204 2223 3419 2294 βρόχοις
3456 2225 3724 2294 ἀφύκτως
3763 2229 3851 2279 ἐν·

2258 2309 2609 2380 ισχημένους,
2646 2311 2922 2384 ὑπέθηκεν
2956 2317 2985 2368 6
3014 2315 3203 2387 Πατὴρ
3245 2315 3325 2388 τῷ
3370 2317 3503 2385 Υἱῷ.
3548 2319 3658 2372 Καὶ
3687 2320 3751 2371 οὗ
3782 2320 3847 2390 δή

2258 2415 2361 2453 που
2397 2400 2528 2471 φαίη
2568 2419 2652 2466 τις
2698 2402 2786 2467 ἂν,
2841 2404 2918 2469 ὡς
2970 2406 3248 2472 ἀδυνάτως
3293 2409 3473 2479 ἔχοντι
3515 2410 3849 2481 προσνέμων

2259 2491 2369 2565 [Ion
2406 2495 2758 2569 προσνέμειν]
2784 2496 2846 2550 τὸ
2873 2497 3085 2569 χρῆμα.
3116 2499 3304 2554 Πάντα
3330 2500 3441 2572 γάρ
3473 2504 3708 2574 ἐνεργεῖ,
3750 2502 3848 2557 καὶ

2257 2586 2421 2650 αὐτός
2478 2589 2625 2641 ἐστιν
2676 2588 2710 2659 ἡ
2751 2588 2846 2641 τοῦ
2890 2589 3140 2654 τεκόντος
3189 2590 3341 2658 δεξιά
3395 2593 3707 2666 πανσθενὴς
3751 2596 3845 2651 καὶ

2256 2679 2632 2752 ἀλκιμωτάτη.
2676 2680 2896 2750 Ἐπειδὴ
2942 2682 3001 2737 δὲ
3036 2680 3097 2736 τὸ
3132 2682 3235 2753 τῆς
3280 2683 3707 2757 ἀνθρωπότητος
3750 2689 3846 2758 μὲ-

2255 2785 2403 2840 τρον,
2429 2770 2524 2823 καὶ
2553 2771 2633 2833 εἰς
2663 2770 2724 2824 τὸ
2752 2771 2953 2842 χρῆναι
2980 2771 3162 2827 λαϐεῖν
3190 2774 3461 2847 κέκληκεν
3499 2778 3665 2831 αὑτὸν
3700 2781 3845 2834 οἰκο-

2256 2860 2516 2932 νομικῶς,
2545 2861 2750 2933 ταύτης
2778 2863 2941 2919 ἕνεκα
2971 2867 3072 2937 τῆς
3096 2866 3279 2931 αἰτίας
3315 2869 3344 2921 6
3381 2868 3576 2939 Πατὴρ
3619 2868 3843 2939 λέγεται

2256 2952 2464 3019 πάντας
2511 2955 2824 3026 ὑποφέρειν,
2857 2957 2934 3020 ὡς
2982 2957 3088 3029 ἰδίᾳ
3132 2957 3382 3029 δυνάμει,
3432 2962 3532 3014 καὶ
3573 2963 3842 3035 σοφίαιτῷ

2258 3047 2370 3119 Υιῴ
2390 3065 2407 3081 ·
2449 3049 2678 3119 δυναμοῖ
2703 3050 2812 3120 γὰρ
2833 3049 2901 3104 δι’
2930 3049 3095 3103 αὐτοῦ
3115 3051 3176 3103 τὸ
3201 3051 3523 3123 ἡσθενηκὸς,
3559 3055 3654 3107 καὶ
3686 3059 3845 3123 copo?

2255 3138 2315 3192 τὸ
2342 3138 2629 3193 ἀσύνετον’
2662 3139 2756 3193 καὶ
2787 3140 2891 3194 οὐκ
2919 3142 2984 3195 ἄν
3005 3158 3088 3205 τις
3118 3142 3243 3196 νοῦν
3274 3141 3415 3213 ἔχων
3461 3144 3674 3216 οἰηθεὶη
3707 3146 3841 3198 ποτὲ

2255 3229 2330 3302 μὴ
2353 3229 2672 3301 δεδυνῆσθαι
2698 3232 2792 3285 τὸν
2817 3232 2946 3286 Υἱὸν
2975 3233 3240 3300 ὑποτάξαι
3263 3235 3387 3289 τινὰ
3412 3237 3624 3308 ἐαυτῷ·
3659 3238 3842 3292 διαλο·

2249 3323 2449 3389 γιεῖται
2479 3322 2537 3377 δὲ
2564 3322 2765 3393 μᾶλλον
2784 3323 2867 3378 δτι
2887 3323 3065 3378 πάντα
3084 3325 3151 3377 δι’
3182 3325 3371 3391 αὐτοῦ,
3413 3327 3663 3398 καθάπερ
3696 3329 3841 3398 ἔφην

2248 3411 2470 3485 ἀρτίως,
2499 3415 2528 3467 6
2554 3412 2688 3477 Θεὸς
2743 3416 2838 3468 καὶ
2886 3415 3075 3487 Πατὴρ
3117 3416 3426 3489 ἐργάζεται.
3485 3419 3551 3471 Τί
3592 3416 3688 3473 οὖν
3726 3420 3837 3491 ἄρα

2250 3506 2343 3557 καὶ
2370 3503 2464 3557 νῦν
2496 3503 2746 3574 βούλεται
2771 3506 2870 3578 τῆς
2900 3506 3241 3579 προφητείας
3262 3510 3291 3562 6
3319 3508 3510 3576 λόγος-ς
3558 3509 3842 3582 Εἰσκομέ-

2247 3596 2331 3661 ζει
2360 3598 2420 3651 τὸ
2446 3597 2542 3651 τοῦ
2586 3598 2797 3669 Πατρὸς
2839 3592 3151 3670 πρόσωποιῖ,
3198 3597 3475 3668 ὲπιφωνῶν
3514 3597 3607 3651 καὶ
3646 3599 3848 3669 λέγων

2245 3691 2364 3751 ταῖς
2390 3690 2500 3741 τῶν
2541 3688 2710 3742 ἐθνῶν
2760 3689 2980 3757 ἀγέλαις
3007 3705 3021 3720 ο
3079 3691 3360 3760 Ζητήσατε
3411 3688 3502 3742 τὸν
3558 3689 3719 3754 Θεὸν,
3775 3692 3846 3745 ὃν

2246 3783 2449 3853 ἀρτίως
2471 3782 2574 3853 ἔφη
2603 3782 2903 3853 μαρτύριον
2932 3781 3177 3836 δεδόσθαι
3203 3787 3316 3847 τοῖς
3338 3783 3565 3847 ἔθνεσιν,
3594 3784 3846 3854 ἄρχοντά

2246 3890 2304 3927 τε
2331 3871 2530 3933 αὐτῶν,
2557 3873 2652 3924 καὶ
2695 3871 3101 3940 προστάττοντα
3123 3889 3136 3902 ⁸
3166 3871 3356 3924 τοῦτον
3390 3871 3553 3933 εὐθὺς
3581 3873 3676 3925 καὶ
3699 3872 3840 3925 Θεὸν

2244 3966 2527 4029 ἀποκαλεῖ,
2557 3966 2653 4018 καὶ
2687 3962 2964 4034 ζητεῖσθαι
2993 3963 3381 4034 προσ-τέταχεν.
3427 3963 3489 4015 'H
3518 3962 3578 4015 δὲ
3604 3962 3841 4033 ζήτησις

2252 4058 2314 4111 οὺ
2347 4057 2569 4135 τοπική·
2590 4055 2651 4109 τὸ
2679 4056 2788 4127 γάρ
2818 4056 2972 4109 Θεῖον
2993 4056 3305 4126 ἀσώματον,
3344 4056 3441 4109 καὶ
3466 4058 3567 4109 οὐκ
3600 4058 3659 4108 ἐν
3682 4058 3840 4128 τόπῳ

2243 4151 2463 4205 νοεῖται.
2507 4150 2715 4220 Πληροί
2733 4148 2842 4219 γὰρ
2882 4147 3116 4213 ἅπαντα,
3153 4149 3247 4202 καὶ
3274 4149 3488 4212 οὐδενὸς
3519 4149 3628 4203 τῶν
3663 4151 3837 4203 ὄντων

2242 4243 2544 4313 ἀποδημεῖν
2593 4239 2708 4294 ἀλλ’
2734 4240 2810 4304 ὡς
2854 4241 2909 4293 ἒν
2963 4241 3242 4313 προθυμίᾳ
3287 4240 3469 4313 ψυχῆς
3520 4244 3833 4312 οἰκειότητα

2240 4332 2481 4403 διψώσης
2501 4332 2599 4403 τὴν
2634 4331 2771 4404 πρὸς
2800 4329 2961 4385 αὑτὸν
2985 4330 3074 4385 διὰ
3101 4330 3211 4383 τῶν
3234 4333 3315 4394 εἰς
3344 4332 3632 4385 εὐσέθειαν
3662 4350 3830 4385 σπου-

2242 4425 2555 4496 δασμάτων,
2584 4422 2680 4477 καὶ
2717 4421 3043 4491 θεογνωσίας
3066 4421 3167 4493 τῆς
3184 4421 3440 4492 ἀληθοῦς.
3485 4423 3693 4492 Πρέποι
3719 4423 3833 4494 γὰρ

562 4513 762 4581 quibus
792 4527 827 4566 e
859 4510 1035 4565 medio
1066 4510 1317 4575 sublatis,
1352 4522 1520 4579 prope
1552 4509 1621 4563 ad
1664 4507 1831 4563 Deum
1860 4506 2136 4564 accedent.

2251 4519 2309 4574 iv
2338 4519 2373 4589 ἡ
2410 4514 2633 4586 τοιαύτη
2656 4514 2887 4587 ζήτησις
2922 4516 3036 4578 τοῖς
3063 4513 3143 4567 ἐτι
3187 4515 3427 4584 μακρὰν,
3464 4515 3560 4568 καὶ
3596 4517 3833 4583 ἀφεστη-

564 4611 657 4665 Sic
678 4608 821 4663 enim
853 4607 1051 4662 Paulus
1083 4605 1517 4676 sapientissimus
1552 4603 1638 4657 bis
1669 4602 1761 4673 qui
1793 4616 1859 4657 ex
1892 4600 2140 4673 gentibus

562 4712 692 4759 sunt
743 4701 953 4764 scribit,
984 4699 1215 4755 dicens:
1249 4716 1268 4750 ι
1296 4697 1448 4752 Nunc
1497 4703 1678 4750 autem
1731 4693 1822 4764 qui
1870 4693 2138 4765 quondam

562 4796 751 4868 procul
781 4792 1131 4861 eratis,‘facti
1165 4791 1298 4847 estis
1330 4788 1614 4859 propinqui
1635 4788 1701 4842 ⁵³.
1742 4805 1761 4839 ι
1815 4786 1908 4843 Sic
1939 4788 2139 4856 quteri-

543 4902 651 4943 -tur
683 4903 714 4941 ιι
736 4888 887 4942 vobis
914 4887 1291 4941 universorum
1313 4883 1476 4938 Deus.
1503 4880 1610 4937 Sed
1670 4881 1899 4944 interea,
1943 4879 2141 4948 inquit,

564 4985 689 5036 dum
715 4980 1023 5044 invenietis,
1041 4980 1310 5033 iuvocate.
1342 4976 1612 5037 lnvocate,
1642 4972 1786 5029 aliud
1812 4971 1946 5026 nihil
1974 4972 2134 5041 signi~

551 5077 710 5138 ticat,
750 5089 936 5143 quam,
958 5070 1039 5127 ‘Ut
1088 5072 1256 5126 Deum
1298 5067 1589 5134 celebrate,
1624 5075 1678 5120 et
1715 5064 1944 5134 quaerite
1971 5063 2040 5116 ab
2073 5077 2140 5116 eo

564 5168 707 5220 vires
736 5174 790 5220 et
825 5146 1305 5236 promptitudinent
1361 5168 1590 5220 tantam,
1629 5166 1829 5227 quanta
1862 5155 1993 5210 satis
2018 5169 2140 5209 esse

556 5257 719 5313 'vobis
738 5258 810 5313 ad
838 5254 1246 5312 conversiouem
1281 5247 1698 5323 poterit.-Petite
1724 5247 1796 5303 ab
1819 5246 1911 5301 illo
1943 5245 2140 5301 libera-

565 5362 790 5418 tionem,
815 5361 872 5407 et
909 5348 1218 5405 facultatem
1248 5343 1538 5415 eﬂ’ugiendi
1581 5339 1789 5414 peccati
1819 5337 2139 5404 vincula,>et

558 5460 781 5499 manum
810 5443 926 5513 ejus
951 5440 1042 5513 qui
1068 5438 1371 5511 occupavit,
1397 5437 1449 5492 id
1474 5444 1580 5501 est,
1601 5433 1840 5489 Satanae.
1859 5430 2135 5499 Scriptum

563 5545 646 5588 est
676 5536 856 5588 enim:
893 5552 912 5587 ι
939 5534 1191 5589 Laudans
1226 5528 1488 5586 invocabo
1518 5526 1823 5586 Dominum,
1856 5532 1912 5577 et
1939 5523 2008 5576 ab
2033 5521 2139 5574 ini-

558 5624 719 5676 micis
773 5626 907 5679 meis
964 5625 1145 5678 salvus
1196 5637 1292 5677 ero
1317 5622 1385 5673 “.
1417 5636 1436 5670 ι
1486 5617 1552 5679 Ει
1594 5620 1720 5671 dum
1775 5612 2030 5668 invenitis
2082 5622 2138 5665 et

2248 4612 2403 4666 κόσιν
2429 4607 2618 4672 αὑτοῦ,
2651 4605 3060 4678 μεσολαθούσης
3105 4605 3353 4676 δηλονότι
3387 4605 3486 4676 τῆς
3528 4607 3836 4676 ἁμαρτίας,

2249 4704 2342 4757 καὶ
2385 4702 2487 4771 τῆς
2515 4699 2842 4770 ἐνεργούσης
2864 4698 3049 4760 αὐτοῖς
3080 4695 3325 4766 ἀγνοίας,
3348 4690 3422 4750 ὧν
3447 4697 3512 4749 ὲκ
3543 4697 3716 4767 μέσου
3749 4715 3837 4765 γει

2248 4812 2378 4866 γενη
2388 4795 2563 4865 μένων
2582 4792 2749 4861 ἐγγὺς
2771 4790 2985 4844 ἔσονται
3006 4788 3162 4843 Θεοῦ.
3192 4789 3350 4843 Οὕτω
3382 4789 3492 4861 γάρ
3513 4805 3619 4842 που
3672 4790 3768 4842 καὶ
3807 4791 3836 4841 6

2252 4888 2527 4956 πάνσοφος
2575 4882 2786 4947 Παῦλος
2814 4884 2928 4946 τοῖς
2954 4880 3013 4949 ἐξ
3039 4880 3209 4934 ἐθνῶν
3248 4880 3528 4934 ὲπιστέλλε
3539 4898 3574 4944 ι,
3610 4881 3793 4948 λέγων
3818 4898 3832 4911 ν

2243 4997 2261 5028 ι
2298 4976 2436 5029 Νυνὶ
2465 4975 2523 5028 δὲ
2551 4973 2606 5027 οῖ
2632 4988 2764 5025 ποτε
2798 4971 2952 5035 ὄντες
2987 4970 3204 5040 μακρὰν
3235 4968 3529 5040 ἐγενήθητε
3578 4969 3777 5038 ἐγγύς.
3810 4988 3829 5018 ι

2237 5067 2393 5121 Οὕτω
2425 5067 2667 5136 ζητεῖται
2694 5064 2829 5135 πρὸς
2867 5062 3022 5134 ὑμῶν
3066 5063 3096 5114 6
3137 5060 3247 5114 τῶν
3289 5061 3427 5115 ὅλων
3468 5060 3627 5122 Θεός.
3687 5060 3832 5112 Ἀλλ’

2240 5163 2296 5213 ὲν
2349 5158 2428 5229 τῷ
2480 5157 2775 5230 εὑρίσκειν,
2806 5153 3228 5218 ὲπικαλέσασθε,
3263 5154 3419 5225 φησί.
3462 5153 3537 5205 Τὸ
3576 5152 3671 5215 δὲ,
3707 5154 3834 5205 ὲπιο

2239 5250 2563 5307 καλέσασθε.
2618 5249 3055 5318 κατασημήνειεν
3103 5245 3170 5299 ἂν
3221 5246 3408 5316 ἕτερον
3455 5244 3635 5309 οὐδὲν,
3688 5243 3836 5311 πλὴν

2246 5345 2326 5397 ὅτι
2370 5343 2452 5405 τὸ,
2498 5343 2573 5405 ὡς
2606 5341 2738 5394 Θεὸν
2767 5341 3066 5411 ὑμνήσατε,
3103 5338 3196 5391 καὶ
3228 5336 3440 5407 ζητεῖτε
3485 5335 3619 5406 παρ’
3658 5333 3836 5387 αὑτοῦ

2244 5434 2473 5503 δύναμίν
2523 5449 2581 5485 τε
2634 5431 2728 5484 καὶ
2792 5429 3099 5502 προθυμίαν
3164 5428 3496 5497 ἀποχρῶσαν
3559 5427 3693 5496 ὑμῖν
3749 5427 3839 5485 εἰς

2246 5524 2596 5594 ἐπιστροφήν.
2620 5523 2886 5593 Λίτήσατε
2918 5521 3046 5592 παρ’
3072 5519 3237 5573 αὑτοῦ
3263 5521 3362 5590 τὴν
3400 5518 3695 5590 λύτρωσιν,
3735 5518 3839 5570 καὶ

2244 5616 2303 5669 τὸ
2361 5616 2621 5669 δύνασθαι
2680 5615 2963 5684 διαφυγεῖν
3014 5612 3084 5666 τὰ
3134 5611 3231 5682 τῆς
3283 5611 3562 5681 ἁμαρτίας
3609 5608 3839 5680 δεσμὰ,

620 5800 852 5857 MJuan.
881 5816 1010 5870 xm,
1038 5801 1090 5857 Si.
1170 5802 1214 5832 '°
1239 5799 1396 5855 Joan.
1436 5812 1507 5866 γι,
1543 5796 1632 5865 45,
1662 5794 1751 5849 Η.
1791 5794 1862 5871 ,υ
1891 5790 2030 5850 Psal.
2061 5806 2146 5849 cu

2251 5831 2260 5845 .
2342 5794 2383 5824 ⁵³
2408 5793 2513 5849 lsa.
2546 5807 2628 5859 ιιι,
2664 5792 2715 5845 4.
2785 5792 3045 5865 "Eph-es.
3077 5805 3136 5857 ιι,
3176 5789 3261 5845 ἱῧ.
3336 5786 3562 5864 "_Psal.
3599 5800 3734 5857 xm,
3766 5791 3830 5846 4.

3856 5920 3893 5939 -κ
