4092 6296
338 375 360 431 l
373 376 475 432 “229

1468 364 1534 419 ΙΝ
1573 362 1810 421 ISAIAM
1850 361 1998 434 ,LlB.
2042 363 2107 419 Ὺ.
2151 360 2391 421 TOMUS
2426 362 2493 419 ll.

3462 365 3600 423 1250

337 494 433 549 ml.
500 494 599 566 τὴν
663 491 760 546 τοῦ
828 489 1323 559 πλεονεκτήσαντος
1372 489 1554 559 χεῖρα,
1598 487 1745 542 τοῦτ’
1778 487 1915 553 ἐστι,

2023 496 2306 558 postquam
2341 485 2496 541 vobis
2531 483 3065 555 appr0pinquaverit,
3094 483 3363 550 relinquat
3402 484 3602 554 impius

336 587 433 641 τοῦ
475 587 710 641 Σατανᾶ.
764 583 1077 653 Γέγραπται
1130 580 1262 651 γὰρ,
1319 580 1403 634 ὅτι
1446 600 1464 632 ι
1494 579 1672 635 Λίνῶν
1716 582 1920 655 sputa-

277 716 289 730 .
337 680 568 750 λέσομαι
606 678 697 732 τὸν
734 676 958 747 Κύριον,
984 674 1079 726 καὶ
1116 674 1181 726 ὲκ
1210 673 1319 727 τῶν
1351 673 1564 744 ἐχθρῶν
1606 690 1707 743 μου
1739 672 1919 744 σωθή-

341 789 524 843 σομαι.
559 790 578 821 ι
618 771 704 823 Ἐν
743 768 802 821 δὲ
844 766 924 836 τῷ
971 766 1269 836 εὑρίσκειν,
1303 765 1554 832 γενέσθαι
1589 766 1648 819 δὲ
1683 765 1780 819 καὶ
1828 766 1923 832 ἑγ-

244 894 255 899 ο
337 865 458 935 γὺς,
490 860 810 917 ἁπολιπὲτω
838 861 868 912 ὁ
895 857 1097 928 ἀσεϐὴς
1134 856 1237 927 τὴν
1278 855 1397 910 ὁδὸν
1438 855 1626 919 αὑτοῦ,
1661 857 1754 909 καὶ
1781 854 1921 927 ἀνὴρ

337 954 535 1023 ἄνομος
582 951 683 1023 τῂν
737 948 933 1020 βουλὴν
982 945 1149 1002 αὑτοῦ
1175 988 1190 1013 ,
1238 949 1334 1001 καὶ
1392 948 1785 1018 ἐπιστραφήτω
1829 948 1921 1001 ἐπὶ

337 1044 576 1116 Κύριον,
613 1043 708 1097 καὶ
757 1039 1133 1112 ὲλεηθήσεται.
1173 1040 1237 1093 Οἱ
1269 1038 1379 1111 γὰρ
1419 1040 1557 1102 ὅλως
1599 1038 1922 1106 ἀξιωθέντες

336 1133 580 1206 κλήσεώς
600 1152 660 1187 τε
690 1134 787 1187 καὶ
809 1130 1171 1203 ιπιστροφῆς,
1206 1133 1302 1185 καὶ
1330 1130 1439 1184 τῶν
1462 1133 1592 1202 παρ’
1624 1128 1791 1184 αὑτοῦ
1824 1148 1920 1201 χα-

337 1226 640 1296 ρισμάτων,
696 1223 1102 1296 προσδοκῶντες
1162 1223 1263 1294 τὴν
1313 1223 1552 1295 μέθεξιν,
1619 1224 1921 1295 ἀποφοιτᾷν

333 1318 610 1387 ὀφείλουσι
630 1316 740 1371 τῶν
762 1316 1010 1386 ἀρχαίων
1031 1315 1501 1386 ἐπιτηδευμάτων,
1527 1314 1741 1387 καὶτῆς
1759 1317 1840 1378 είς
1862 1316 1923 1368 τὸ

336 1408 539 1476 φαῦλον
569 1406 713 1472 ὁδοῦ,
742 1407 837 1461 καὶ
873 1406 1047 1478 ῥοπῆς
1081 1407 1177 1477 τῆς
1212 1409 1294 1469 είς
1324 1407 1620 1481 ἁμαρτίαν,
1648 1407 1746 1462 καὶ
1766 1407 1922 1479 φιλη-
1972 1428 1973 1431 η

334 1498 514 1561 δονίας
555 1497 846 1568 σαρκικῆς.
904 1496 1286 1568 Ἐλεηθήσεται
1308 1496 1420 1569 γὰρ
1449 1498 1625 1562 οὓτως
1651 1498 1712 1563 ἐξ
1733 1498 1922 1569 ἀληθι-

336 1588 432 1657 νῆς
463 1587 691 1658 καρδίας
721 1586 1089 1657 ποιησάμενος
1116 1587 1215 1656 τὴν
1237 1587 1596 1659 ἐπιστροφὴν,
1618 1587 1703 1641 ὅτι
1719 1587 1921 1659 ἀφήσει

338 1679 429 1732 ἐπὶ
452 1678 586 1732 πολὺ
619 1677 719 1742 τὰς
763 1678 1035 1751 ἁμαρτίας
1064 1675 1238 1748 ὑμῶν.
1272 1677 1347 1731 Τὸ
1374 1677 1452 1744 δὲ,
1483 1678 1575 1733 ἐπὶ
1597 1677 1754 1742 πολὺ,
1788 1679 1924 1747 φησι

337 1769 459 1820 ἀντὶ
476 1765 590 1833 τοῦ,
610 1764 888 1830 παντελῶς
917 1765 1015 1818 καὶ
1034 1764 1267 1820 είσάπαν
1288 1781 1302 1796 ⁸
1336 1758 1441 1819 «οὑ
1463 1763 1573 1835 γὰρ
1598 1763 1922 1818 ἐπλεόνασεν

2029 577 2171 631 viam
2211 592 2387 643 suam,
2424 589 2482 632 et
2519 577 2605 632 vir
2650 578 2870 648 iniquus
2901 577 3286 648 cogitationem
3334 591 3511 643 suam,
3546 588 3603 632 et

2029 674 2334 722 revertatur
2358 667 2423 722 ad
2453 666 2763 732 Dominum,
2803 681 2868 722 ac
2895 676 3264 737 consequetur
3291 668 3603 723 misericor-

2028 757 2194 812 diam.
2225 757 2328 824 Qui
2353 756 2499 812 enim
2535 770 2658 812 vere
2683 755 2832 826 digni
2873 755 3045 811 habiti
3086 755 3522 810 sunt.vocatione
3547 765 3606 810 et

2026 848 2420 914 conversione,
2472 858 2528 905 et
2580 848 3053 919 participationem
3132 847 3401 902 donorum
3482 847 3602 917 ejus

2026 937 2439 1006 exspectabant,
2492 938 2690 995 debent
2739 952 2768 991 a
2796 937 3042 1008 pristinis
3089 939 3212 993 vitae
3251 937 3533 1002 institutis,
3569 951 3602 992 ε

2028 1029 2112 1083 via
2156 1030 2224 1085 ad
2268 1028 2588 1099 nequitiam,
2621 1029 2691 1085 ab
2737 1028 3060 1099 impulsione
3110 1030 3176 1083 ad
3223 1038 3529 1098 peccatum,
3568 1041 3601 1081 a

2027 1119 2233 1176 carnali
2292 1119 2587 1188 voluptatis
2645 1120 2825 1176 studio
2901 1121 3174 1177 recedere.
3226 1121 3603 1192 Consequetur
3646 1109 3657 1119 ’

2026 1212 2172 1267 enim
2232 1212 2333 1268 hoc
2369 1221 2528 1283 pacto
2567 1212 2994 1269 misericordiam
3054 1220 3296 1278 sanctus,
3354 1228 3422 1269 ex
3472 1226 3602 1268 vero

2025 1303 2192 1359 corde
2212 1318 2510 1361 conversus
2529 1342 2546 1370 ,
2573 1306 2829 1376 quoniam
2865 1306 3091 1360 multum
3116 1305 3353 1361 dimittet
3377 1314 3601 1375 peccata

2025 1404 2227 1450 vestra.
2279 1394 2509 1457 Multum
2552 1397 2708 1466 dicit,
2758 1412 2895 1467 pro,
2932 1397 3157 1453 omnino
3190 1407 3246 1453 et
3293 1397 3347 1453 in
3402 1407 3595 1453 totum.

2033 1506 2053 1540 ι
2078 1487 2180 1545 Ubi
2211 1488 2356 1545 enim
2387 1489 2689 1545 abundavit
2714 1499 3018 1561 peccatum,
3056 1491 3520 1562 superabundavit
3546 1499 3603 1547 et

2025 1582 2197 1650 gratia
2228 1582 2297 1650 ⁸⁸,
2323 1600 2341 1633 ι
2374 1582 2668 1638 secundum
2695 1582 2751 1638 id
2775 1566 2917 1653 quod
2946 1582 3205 1654 scriptum
3238 1591 3345 1639 est.
3385 1581 3600 1637 Nullum

2026 1675 2168 1728 enim
2207 1675 2415 1730 crimen
2454 1676 2505 1728 in
2554 1676 2722 1746 nobis;
2752 1675 3043 1732 indelebile
3084 1683 3187 1739 est,
3212 1675 3259 1731 si
3292 1673 3418 1729 velit
3461 1674 3605 1729 Deus

2026 1766 2358 1836 abstergere.
2391 1766 2666 1838 Scriptum
2700 1779 2784 1824 est
2812 1769 2958 1825 enim
2992 1770 3060 1824 de
3088 1767 3329 1823 omnium
3354 1776 3599 1821 nostrum

338 1862 371 1929 ἡ
398 1859 639 1931 ἁμαρτία
656 1857 1190 1929 ὑπερεπερίσσευσεν
1237 1859 1270 1929 ὴ
1311 1857 1492 1929 χάρις,
1521 1876 1542 1908 ι
1570 1854 1712 1910 κατὰ
1740 1855 1803 1908 τὸ
1838 1871 1923 1923 γε·

2024 1857 2316 1913 Servatore
2356 1858 2575 1914 Christo
2613 1877 2626 1914 :
2659 1877 2678 1911 ι
2704 1858 2841 1915 Ecce
2893 1859 3010 1929 ipse
3077 1860 3387 1928 egredietur
3446 1858 3600 1928 quasi

337 1952 657 2020 γραμμένον
680 1966 693 1979 '
730 1948 1131 2002 δυσαπόνιπτον
1156 1948 1266 2019 γὰρ
1289 1947 1399 1999 τῶν
1426 1948 1487 2000 ὲν
1509 1946 1640 2016 ὑμῖν
1668 1942 1924 2015 αἰτιαμάο

333 2059 443 2095 των
461 2039 636 2106 οὐδὲν,
664 2040 931 2111 διασμήχε
940 2055 987 2093 ιν
1004 2037 1280 2102 ἐθέλοντος
1301 2037 1458 2091 Θεοῦ.
1476 2037 1791 2107 Γέγραπται
1814 2036 1925 2106 γὰρ

335 2134 461 2203 περὶ
491 2132 587 2189 τοῦ
609 2131 827 2185 πάντων
862 2130 1115 2201 Σωτῆρος
1134 2131 1167 2200 ἡ
1178 2128 1295 2200 μῶν
1348 2128 1524 2201 Ἰησοῦ
1554 2129 1817 2200 Χριστοῦ,
1840 2129 1923 2183 ὅτι

338 2244 356 2277 ι
389 2224 522 2277 Ἰδοὺ
553 2222 717 2286 αὑτὸς
737 2220 1123 2294 εἰσπορεύεται
1141 2220 1219 2285 ὡς
1248 2219 1359 2290 πῦρ
1384 2218 1776 2291 χωνευὲηρίου,
1827 2221 1924 2274 καὶ

343 2317 420 2381 ὼς
468 2318 576 2370 πόα
638 2314 975 2370 πλυνόντων.
1037 2314 1147 2367 Καὶ
1194 2312 1466 2367 καθιεῖται
1508 2311 1782 2383 χωνεύων,
1828 2313 1925 2367 καὶ

334 2407 647 2479 καθαρίζων
666 2407 742 2470 ὡς
766 2405 830 2459 τὸ
853 2403 1119 2476 ἀργύριον
1140 2404 1235 2459 καὶ
1256 2404 1319 2456 τὸ
1346 2388 1587 2474 χρυσίον.
1604 2421 1623 2454 ι
1663 2401 1923 2467 Βαπτίςει

2021 1948 2161 2018 ignis
2219 1946 2522 2004 conﬂatorii
2552 1988 2568 2015 ,
2619 1960 2674 2004 et
2726 1950 2874 2005 velut
2924 1949 3091 2005 herba
3144 1950 3462 2004 lavantium.
3538 1948 3604 2002 Et

2019 2038 2186 2110 780
2231 2039 2439 2095 sedebit
2481 2039 2746 2109 conﬂans,
2780 2049 2835 2096 et
2867 2043 3167 2098 emundans
3214 2051 3469 2113 tanquam
3509 2056 3600 2095 ar-

2018 2138 2239 2199 gentum
2285 2138 2343 2184 et
2383 2144 2577 2184 aurum
2603 2130 2671 2186 ⁸⁸.
2705 2150 2724 2184 ι
2762 2130 3011 2202 Baptizat
3049 2132 3193 2187 enim
3242 2146 3342 2187 nos
3393 2130 3599 2201 Spiritu

2018 2229 2207 2277 sancto
2238 2229 2294 2277 et
2318 2220 2443 2292 igne
2467 2222 2558 2274 ⁸⁸⁸.
2588 2220 2768 2293 Ignem
2809 2232 2989 2277 autem
3023 2238 3146 2279 esse
3181 2223 3412 2277 dicimus
3454 2218 3599 2274 velut

2027 2310 2200 2366 sancti
2225 2310 2458 2381 Spiritus
2486 2312 2592 2367 vim
2648 2297 3079 2383 abstergentem,
3111 2315 3280 2369 instar
3301 2314 3443 2384 ignis
3475 2326 3597 2367 sor-

2030 2402 2125 2458 des
2154 2403 2474 2458 delictorum
2504 2403 2556 2458 in
2580 2404 2738 2461 nobis
2766 2404 3060 2474 liquantem
3085 2413 3138 2460 et
3163 2414 3595 2459 consumentem.

340 2501 451 2572 γὰρ
500 2503 651 2574 ἡμᾶς
691 2499 975 2569 Πνεύματι
1022 2499 1165 2568 ἁγίῳ
1202 2497 1300 2552 καὶ
1351 2496 1504 2569 πυρί.
1549 2495 1670 2567 Πῦρ
1715 2496 1773 2549 δὲ
1819 2491 1959 2551 εἷναί
2012 2513 2194 2568 φαμεν
2238 2497 2339 2568 τὴν
2387 2492 2499 2553 οἷον
2546 2499 2856 2571 σμηκτικὴν
2905 2499 2999 2553 τοῦ
3060 2499 3215 2569 ἁγίου
3277 2497 3599 2569 Πνεύματος

333 2592 585 2663 δύναμιν,
616 2591 786 2663 πυρὸς
811 2591 968 2663 δίκην
1014 2592 1356 2663 ὲκτήκουσαν
1395 2589 1506 2644 τῶν
1535 2591 1594 2642 ὲν
1629 2591 1763 2661 ἡμῖν
1786 2588 2275 2661 πλημμελημάτων
2300 2589 2394 2645 τὸν
2421 2590 2614 2662 ῥύπον.

410 2691 494 2743 Οὐ
526 2686 637 2756 γάρ
669 2689 827 2741 εἰσιν
844 2689 904 2741 al
929 2684 1158 2752 βουλαί
1200 2702 1321 2755 μου
1374 2683 1578 2753 ὥσπερ
1607 2687 1668 2739 αἱ
1690 2682 1919 2749 βουλαὶ

335 2779 523 2850 ὑμῶν,
572 2776 719 2832 οὐδὲ
766 2777 969 2856 «suam
1018 2779 1079 2831 al
1112 2775 1243 2831 ὁδοί
1273 2792 1416 2845 μου,
1454 2778 1513 2830 at
1552 2773 1680 2828 deat
1727 2773 1916 2844 ὑμῶν,

335 2871 476 2928 ἀλλ’
518 2869 721 2939 ὥσπερ
747 2867 955 2937 ἀπέχει
988 2871 1020 2922 ὀ
1054 2867 1312 2935 οὐρανὸς
1340 2864 1460 2920 ἀπὸ
1490 2864 1604 2934 τῆς
1634 2863 1767 2934 γῆς,
1813 2863 1917 2918 οὕ-

336 2972 450 3022 τως
477 2953 686 3023 ἀπέχει
712 2952 751 3020 ii
770 2951 911 3018 ὁδός
941 2969 1062 3022 μου
1095 2950 1215 3005 ἀπὸ
1244 2948 1365 3004 τῶν
1402 2948 1560 3004 ὁδῶν
1586 2948 1775 3019 ὑμῶν,
1813 2947 1915 3003 καί

336 3049 410 3101 τὰ
433 3045 807 3116 διανοήματα
834 3043 1000 3114 ὑμῶν
1026 3042 1146 3098 ἀπὸ
1170 3041 1284 3111 τῆς
1304 3040 1576 3107 διανοίας
1596 3058 1737 3109 μου.

420 3139 696 3192 Ἀπιστείν
717 3136 818 3189 οὑκ
844 3137 910 3207 ἑᾷ
937 3135 1028 3191 διὰ
1068 3133 1307 3205 Χριστοῦ
1337 3133 1524 3205 χάριτι
1557 3132 1684 3195 τοὺς
1724 3130 1921 3185 καλου-

340 3232 536 3302 μένους
567 3231 647 3294 ei;
678 3228 1033 3301 ἐπιστροφὴν,
1062 3228 1156 3281 καὶ
1179 3226 1466 3298 λύτρωσιν,
1485 3225 1580 3280 καὶ
1602 3222 1920 3295 ἀποκάθαρ-

336 3344 420 3381 σιν
474 3325 771 3397 ἁμαρτὶας.
834 3320 1007 3376 Τοῦτο
1062 3318 1400 3373 πεπόνθασιν
1456 3317 1507 3371 oi
1565 3316 1627 3381 ἐξ
1689 3315 1919 3386 αἵματος

346 3418 600 3490 Ἰσραήλ’
649 3415 787 3470 Θεοῦ
820 3414 929 3485 γὰρ
973 3410 1266 3475 καλοῦντος
1314 3412 1396 3474 εἰς
1447 3406 1787 3480 ἐπιστροφὴν
1824 3404 1919 3460 καὶ

338 3511 702 3582 μετάγνωσιν,
733 3508 846 3571 τοῖς
869 3505 961 3560 τοῦ
990 3504 1291 3567 συνειδότος
1316 3502 1560 3573 ἐλέγχοις
1581 3499 1917 3555 καταδακνό-

338 3617 513 3670 μενοι,
541 3598 637 3653 καὶ
658 3596 1017 3651 δυσέκνιπτον
1050 3593 1250 3664 κομιδῇ
1283 3590 1376 3646 τὸν
1400 3591 1498 3661 τῆς
1531 3588 1741 3643 ἑαυτῶν
1774 3606 1913 3659 φαυ-

333 3688 565 3758 λότητος.
599 3684 770 3755 ῥύπον
800 3681 1136 3754 λογιζόμενοι
1161 3720 1177 3746 ,
1226 3683 1291 3735 Al
1325 3680 1524 3735 πλάναι
1572 3679 1751 3750 ἡμῶν,
1785 3677 1918 3749 ἔφα-

338 3797 489 3842 σκον,
520 3780 577 3830 ὲν
605 3777 739 3847 ἡμῖν
764 3777 924 3839 εἰσιν,
955 3773 1051 3828 καὶ
1082 3774 1140 3826 ὲν
1175 3773 1368 3837 αὑταῖς
1394 3774 1556 3843 ἡμεῖς
1595 3769 1914 3841 τικτόμεθα.

336 3871 450 3924 Καὶ
488 3868 605 3932 πῶς
632 3865 945 3938 {quota-.00.;
972 3867 1085 3920 Kal.
1110 3866 1164 3919 τί
1206 3865 1341 3936 πρὸς
1367 3864 1536 3918 ταῦτα
1566 3862 1734 3928 Θεός;
1775 3861 1919 3916 Ἐπι·

2101 2682 2262 2740 Vsus.
2293 2683 2348 2749 8,
2382 2682 2439 2739 9.
2474 2683 2597 2738 Non
2627 2684 2764 2739 enim
2792 2692 2915 2738 sunt
2961 2682 3306 2753 cogitatione:
3336 2698 3467 2736 mea:
3497 2684 3601 2736 sic-

2023 2785 2082 2830 ut
2129 2776 2476 2845 cogitationes
2522 2783 2738 2841 vestrae;
2774 2791 2936 2845 neque
2983 2774 3080 2831 via:
3134 2791 3263 2829 mea:
3315 2775 3452 2829 sicut
3499 2775 3599 2830 via:

2022 2873 2228 2920 vestrm.
2263 2864 2393 2932 Sed,
2418 2874 2474 2918 ut
2504 2864 2664 2919 distat
2692 2865 2879 2919 caelum
2907 2883 2939 2918 a
2969 2873 3134 2931 terra,
3182 2864 3260 2918 sic
3310 2864 3471 2917 distat
3514 2863 3599 2917 via

2022 2973 2138 3011 mea
2173 2972 2204 3008 a
2231 2940 2328 3010 uiis
2360 2956 2564 3021 vestris,
2621 2966 2673 3010 et
2697 2957 3039 3025 cogitationes
3070 2965 3251 3011 vestrae
3274 2972 3305 3010 a
3330 2955 3599 3026 cogitatio-

1943 3057 1990 3120 ς
2023 3060 2087 3099 ne
2110 3059 2251 3098 mea.

2092 3137 2325 3194 Vocates
2358 3136 2427 3191 ad
2473 3137 2884 3193 conversionem
2931 3144 2987 3191 et
3040 3134 3472 3205 redemptionem
3531 3147 3597 3188 ac

2019 3228 2457 3284 emendationem
2513 3236 2859 3297 peccatorum
2913 3240 3019 3280 non
3076 3224 3209 3280 sinit
3261 3225 3449 3295 gratiae
3498 3237 3596 3293 per

2016 3319 2289 3375 Christum
2333 3318 2596 3375 difﬁdere.
2624 3318 2777 3386 Quod
2827 3318 3072 3374 fecerunt
3132 3317 3411 3373 Israelitze.
3479 3316 3592 3371 Deo

2020 3426 2256 3481 namque
2287 3411 2353 3466 ad
2381 3411 2793 3466 conversionem
2816 3418 2871 3465 et
2894 3409 3322 3478 resipiscentiam
3339 3417 3595 3475 vocante,

2019 3502 2459 3558 accusationibus
2488 3500 2835 3557 conscientiae
2857 3500 3166 3571 compuncti
3193 3508 3248 3555 et
3277 3500 3594 3563 commorsi,

2017 3595 2315 3666 sordesque
2351 3608 2464 3650 sua;
2493 3593 2811 3649 vitiositatis
2840 3592 2932 3647 vix
2980 3590 3086 3648 elui
3144 3606 3314 3662 posse
3371 3591 3593 3647 omnino

2018 3687 2339 3756 cogitantes,
2359 3686 2585 3742 Errores
2606 3685 2800 3751 nostri,
2818 3683 3156 3754 inquiebant,
3181 3683 3234 3737 in
3266 3684 3420 3737 nobis
3445 3691 3593 3746 sunt,

2018 3790 2073 3835 et
2109 3795 2206 3835 nos
2232 3780 2286 3834 in
2318 3778 2425 3835 illis
2449 3778 2563 3833 nati
2601 3791 2811 3833 sumus.
2852 3775 2914 3829 Et
2965 3774 3235 3845 quomodo
3303 3775 3546 3827 vivemus
3569 3773 3595 3825 ?

2016 3873 2095 3927 Ad
2112 3886 2231 3942 qua:
2254 3872 2395 3926 Deus
2424 3890 2438 3926 :
2463 3869 2620 3924 Serio
2645 3867 2992 3923 revertamini
3018 3880 3049 3920 a
3074 3866 3161 3918 via
3191 3864 3591 3928 vestra,domns

341 3961 546 4030 στροφῇ
591 3954 970 4026 ἁποστρέψατε
1013 3954 1120 4009 ἀπὸ
1154 3955 1253 4026 τῆς
1281 3953 1400 4008 ὁδοῦ
1440 3953 1616 4024 ὑμῶν,
1644 3947 1792 4015 οἷκος
1820 3952 1916 4005 τοῦ

2024 3962 2220 4027 Israel,
2250 3970 2308 4018 et
2331 3975 2441 4016 non
2473 3961 2669 4016 cedent
2709 3958 2861 4013 vobis
2888 3957 2944 4011 in
3003 3954 3325 4026 supplicium
3378 3952 3591 4018 injusti-

351 4049 583 4122 Ἰσραὴλ,
619 4049 713 4104 καὶ
744 4049 846 4101 οὑκ
874 4046 1087 4102 ἔσονται
1137 4048 1263 4118 ὑμῖν
1296 4048 1375 4110 εἰς
1406 4046 1630 4101 κόλασιν
1679 4044 1913 4109 ἀδικίας.

2023 4058 2125 4111 tite.
2154 4054 2380 4122 Quando
2410 4053 2574 4124 igitur
2609 4065 2727 4116 vos,
2771 4048 2964 4118 inquit,
3041 4045 3302 4113 diﬂiditis,
3353 4060 3439 4099 me
3494 4044 3588 4115 qui

340 4141 510 4195 Ὀταν
535 4139 714 4194 τοίνυν
736 4138 999 4210 ἁπιστῆτε
1045 4138 1139 4192 καὶ
1159 4138 1335 4208 ὑμεῖς.
1367 4135 1528 4200 αὑτός
1554 4152 1707 4206 φησι,
1738 4133 1919 4188 διαϐε-

2023 4148 2197 4202 omnia
2235 4159 2475 4215 possum,
2525 4142 2826 4198 afﬁrmante
2876 4148 2933 4194 et
2966 4139 3216 4194 dicente:
3281 4136 3440 4193 Omni
3490 4152 3588 4193 vos

339 4229 666 4299 6αιουμένου
691 4245 750 4281 τε
777 4227 871 4282 καὶ
905 4226 1154 4297 λέγοντος
1182 4225 1315 4298 ἐμοῦ
1346 4224 1439 4279 τοῦ
1483 4226 1658 4279 πάντα
1683 4223 1918 4295 Ιὶσχύον-

2023 4237 2226 4292 macula
2254 4236 2515 4302 liberabo,
2546 4233 2695 4290 etab
2719 4230 3035 4288 inveteratis
3058 4228 3277 4301 ﬂagitiis
3316 4230 3586 4286 immunes

339 4340 447 4387 τος,
480 4322 563 4376 ὅτι
607 4320 796 4390 Πάσης
850 4320 995 4392 ὑμᾶς
1046 4317 1339 4384 ἀπαλλάξω
1400 4317 1641 4389 κηλῖδος,
1688 4318 1785 4372 καὶ
1808 4318 1917 4371 τῶν

2023 4329 2280 4392 reddam;
2322 4335 2449 4382 tunc
2495 4323 2636 4396 apud
2665 4337 2770 4393 vos
2796 4322 3032 4394 cogitate
3060 4320 3183 4392 quis
3225 4334 3327 4390 ego
3359 4320 3485 4387 sim,
3534 4331 3590 4377 et
3664 4366 3669 4371 .

338 4411 948 4484 παλαιδιεπταισμένων
972 4411 1288 4483 ἐλευθέρους
1327 4409 1613 4479 ἀποφανῶ,
1642 4410 1762 4463 τότε
1790 4409 1913 4463 καθ’

2023 4421 2109 4492 qui
2140 4435 2236 4476 vos
2263 4419 2405 4487 sitis,
2441 4426 2497 4475 et
2540 4425 2747 4472 tantum
2773 4417 2894 4472 vias
2922 4428 3073 4470 meas
3128 4427 3156 4467 a
3205 4413 3309 4469 viis
3367 4413 3587 4480 vestris,
3659 4401 3671 4419 “

337 4508 562 4571 ἑαυτοὺς
589 4506 901 4578 ἐννοήσατε,
940 4505 1022 4570 τίς
1050 4504 1149 4575 μὲν
1175 4501 1306 4571 ἐγὼ,
1336 4501 1479 4565 τίνες
1506 4502 1561 4556 δὲ
1595 4503 1688 4556 καὶ
1730 4503 1907 4572 ὑμεῖς,

2023 4529 2080 4569 ac
2120 4511 2475 4584 cogitationes
2503 4518 2766 4566 vestrasa
2805 4506 3131 4578 cogitatione
3167 4518 3287 4559 mea
3347 4503 3585 4569 diii‘erre,

332 4597 429 4652 καὶ
456 4599 536 4652 ὅτι
570 4596 824 4652 τοσοῦτον
868 4597 1216 4668 διεστήκασιν
1243 4595 1310 4648 ἐκ
1350 4594 1458 4648 τῶν
1492 4594 1625 4648 ὁδῶν
1671 4592 1823 4664 ὑμῶν
1852 4594 1910 4647 αἱ

2023 4610 2219 4671 quanta
2250 4609 2336 4657 est
2364 4601 2530 4656 etiam
2559 4609 2877 4655 naturarum
2903 4594 3226 4652 diﬂ’erentia.
3274 4593 3384 4650 Vos
3440 4597 3587 4649 enim

335 4688 441 4742 ὁδοί
472 4706 596 4761 μου,
628 4691 719 4743 καὶ
750 4689 820 4743 τὰ
853 4688 1186 4759 διανοήματα
1211 4686 1363 4758 ὑμῶν
1394 4685 1502 4740 ἀπὸ
1530 4685 1631 4756 τῆς
1674 4684 1911 4748 διανοίας

2023 4693 2266 4749 homines
2297 4692 2452 4759 estis,
2485 4706 2607 4763 ego,
2632 4690 2799 4747 Deus.
2834 4689 2976 4758 Ergo
3019 4689 3340 4743 immensum
3369 4696 3454 4741 est
3504 4686 3591 4740 iu-

339 4798 462 4850 μου,
490 4782 593 4852 ὅση
619 4780 703 4845 τίς
730 4783 847 4834 ἐστι
875 4779 968 4834 καὶ
994 4778 1102 4833 τῶν
1147 4777 1365 4848 φύσεων
1407 4778 1440 4849 ἡ
1485 4775 1737 4847 διαφορά.
1780 4778 1908 4829 Ἀν-

2023 4784 2322 4850 tervallum,
2370 4792 2427 4839 et
2462 4796 2584 4854 quae
2609 4782 2701 4838 Dei
2746 4790 2891 4847 sunt,
2926 4782 3149 4837 omnino
3190 4786 3318 4833 sunt
3382 4777 3589 4832 incom-

336 4872 541 4942 θρωποι
579 4871 677 4943 μὲν
732 4872 841 4942 γὰρ
884 4871 1063 4941 ὑμεῖς,
1100 4868 1211 4939 ἐγὼ
1238 4868 1296 4922 δὲ
1336 4869 1489 4933 Θεός.
1527 4867 1735 4923 Οὐκοῦν
1781 4867 1918 4938 ἀμέ-

2023 4874 2298 4945 parabilia.
2342 4874 2521 4929 Vincit
2562 4874 2705 4930 enim
2733 4872 3070 4937 fortitudine,
3098 4871 3292 4942 gloria,
3352 4867 3588 4924 clemen-

335 4965 532 5035 τρητὸν
554 4981 616 5016 τε
648 4963 708 5015 τὸ
731 4962 956 5034 μεταξὺ,
998 4962 1093 5015 καὶ
1131 4960 1497 5033 ἀπαράὁλητα
1530 4960 1811 5023 παντελῶς
1847 4960 1917 5013 τὰ

2023 4969 2122 5023 lia:
2176 4982 2280 5022 nec
2308 4977 2393 5022 est
2431 4967 2723 5037 quidquam
2756 4965 2810 5020 in
2848 4980 3027 5020 rerum
3077 4972 3269 5019 natura
3313 4963 3456 5032 quod
3485 4976 3585 5016 ex-

334 5056 492 5109 Θεοῦ.
520 5056 668 5126 Νικᾷ
700 5055 809 5123 γὰρ
836 5053 1000 5123 ἰσχύϊ,
1034 5052 1130 5104 καὶ
1154 5051 1302 5123 δόξῃ,
1334 5053 1428 5105 καὶ
1467 5051 1785 5121 ήμερότητι,
1821 5050 1916 5102 καὶ

2023 5057 2318 5113 cellentiam
2338 5056 2465 5125 eius
2491 5058 2796 5126 adaequare,
2825 5064 2917 5111 aut
2948 5071 3116 5128 prope
3142 5056 3303 5110 etiam
3328 5054 3588 5109 accedere

334 5148 485 5201 οὐδὲν
513 5145 629 5199 ἔστι
654 5144 933 5206 παντελῶς
961 5144 1019 5195 ὲν
1044 5145 1344 5213 γεννητοῖς,
1376 5143 1405 5195 ὃ
1440 5144 1552 5205 τοῖς
1575 5141 1785 5194 ὲνοῦσιν
1816 5142 1915 5194 αὑ-

2023 5163 2168 5220 [ιοεεε
2200 5148 2468 5204 videatur.
2513 5146 2772 5204 Homines
2811 5148 2953 5203 enim
2990 5148 3070 5202 ira
3096 5162 3201 5202 non
3237 5153 3474 5201 vacant:
3529 5153 3588 5198 at

335 5238 411 5309 τῷ
440 5238 875 5306 πλεονεκτήμασι
906 5233 1327 5298 συνεκτείνεται,
1370 5234 1538 5304 ἤγουν
1580 5233 1748 5300 ἐγγὺς
1784 5234 1914 5304 ὁρᾶ-

2023 5236 2119 5289 hoe
2147 5233 2390 5289 omnium
2431 5249 2658 5290 summa:
2691 5243 2898 5291 naturae
2928 5236 3090 5303 inest,
3131 5244 3191 5290 ut
3212 5235 3433 5305 qumira
3477 5249 3585 5288 non

339 5347 428 5382 ται
476 5330 573 5381 καὶ
600 5324 949 5397 παραϐραχύ.
991 5325 1303 5397 ’Ἄνθρωποι
1342 5324 1442 5395 μὲν
1475 5322 1584 5394 γὰρ
1615 5322 1914 5394 ἀοργησίαν

2023 5334 2281 5379 teneatur.
2312 5326 2455 5381 Acer
2502 5326 2666 5382 homo
2693 5336 2749 5382 et
2794 5342 2997 5398 pronus
3041 5328 3094 5381 in
3151 5326 3487 5396 nequitiam:
3532 5334 3589 5378 at

334 5419 435 5471 οὑκ
462 5416 676 5486 ἔχουσιν
695 5431 708 5447 ο
756 5415 931 5469 ἔνεστι
966 5415 1023 5469 δὲ
1052 5415 1210 5469 τοῦτο
1241 5418 1306 5487 τῇ
1333 5416 1470 5488 ὑπὲρ
1510 5414 1688 5468 πάντα
1730 5414 1912 5484 φύσει·

2023 5419 2184 5472 bonus
2209 5426 2400 5471 natura
2424 5417 2587 5483 Deus,
2652 5417 2762 5475 imo
2797 5418 2978 5489 potius
3027 5418 3295 5488 ipsissima
3344 5417 3583 5473 bonitas.

334 5508 394 5559 οὑ
423 5505 530 5575 γὰρ
552 5506 833 5575 κρατεῖται
851 5505 1025 5577 θυμῷ.
1049 5507 1255 5576 Πικρὸς
1280 5509 1310 5560 ὁ
1328 5506 1615 5579 ἄνθρωπος
1631 5504 1726 5558 καὶ
1748 5505 1916 5570 πολὺς

2023 5505 2271 5562 Remittet
2297 5522 2426 5578 ergo
2457 5516 2516 5563 ut
2540 5507 2702 5573 Deus,
2721 5516 2778 5562 et
2809 5506 3395 5578 justiﬁeabitimpium,
3433 5507 3587 5577 igno-

336 5600 414 5661 είς
444 5595 726 5667 πονηρίας,
761 5597 962 5665 ἀγαθὸς
992 5598 1049 5651 δὲ
1099 5601 1165 5670 τῇ
1210 5597 1368 5668 φύσει
1417 5597 1570 5662 Θεὸς,
1618 5595 1819 5668 μᾶλλον
1858 5598 1916 5650 δὲ

2023 5599 2205 5653 rantim
2235 5598 2414 5669 lapsus
2445 5599 2716 5656 oblivione
2742 5598 2998 5664 obruens,
3030 5608 3085 5654 et
3129 5598 3333 5654 erroris
3388 5601 3590 5682 sqrdes

408 5776 453 5807 "
482 5774 639 5831 Rom.
672 5792 723 5843 v,
748 5775 836 5830 ΞΟ.
915 5776 959 5809 ⁵⁸
986 5775 1175 5833 Malae.
1210 5792 1289 5845 Ill,
1319 5775 1375 5846 2,
1409 5777 1486 5851 ὅ.⁸
1534 5775 1620 5853 ,⁵⁸⁸
1644 5774 1835 5833 Matth.
1872 5775 2076 5848 ιιιηΗ.
