  <div class='ocr_page' id='page_1' title='image "/cluster/home/n/w/nwhite01/storage/ocr_20150623/70/mdp.39015078384453/623.png"; bbox 0 0 4078 6292; ppageno 0'>
   <div class='ocr_carea' id='block_1_1' title="bbox 531 347 667 406">
    <p class='ocr_par' dir='ltr' id='par_1_1' title="bbox 531 347 667 406">
     <span class='ocr_line' id='line_1_1' title="bbox 531 347 667 406; baseline -0.044 0"><span class='ocrx_word' id='word_1_1' title='bbox 531 347 667 406; x_wconf 59' lang='grc'><strong>1⁸251</strong></span> 
     </span>
    </p>
   </div>
   <div class='ocr_carea' id='block_1_2' title="bbox 1528 342 2760 405">
    <p class='ocr_par' dir='ltr' id='par_1_2' title="bbox 1528 342 2760 405">
     <span class='ocr_line' id='line_1_2' title="bbox 1528 342 2760 405; baseline -0.005 -1"><span class='ocrx_word' id='word_1_2' title='bbox 1528 349 1586 404; x_wconf 94' lang='lat' dir='ltr'><strong>S.</strong></span> <span class='ocrx_word' id='word_1_3' title='bbox 1629 347 1898 404; x_wconf 77' lang='lat' dir='ltr'><strong>CYRILLI</strong></span> <span class='ocrx_word' id='word_1_4' title='bbox 1937 345 2404 405; x_wconf 73' lang='lat' dir='ltr'><strong>ALEXANDRINI</strong></span> <span class='ocrx_word' id='word_1_5' title='bbox 2445 342 2760 402; x_wconf 79' lang='lat' dir='ltr'><strong>ABClllEP.</strong></span> 
     </span>
    </p>
   </div>
   <div class='ocr_carea' id='block_1_3' title="bbox 3679 338 3826 392">
    <p class='ocr_par' dir='ltr' id='par_1_3' title="bbox 3679 338 3826 392">
     <span class='ocr_line' id='line_1_3' title="bbox 3679 338 3826 392; baseline -0.014 0"><span class='ocrx_word' id='word_1_6' title='bbox 3679 338 3826 392; x_wconf 65' lang='lat'><strong>1252’.</strong></span> 
     </span>
    </p>
   </div>
   <div class='ocr_carea' id='block_1_4' title="bbox 534 449 2122 536">
    <p class='ocr_par' dir='ltr' id='par_1_4' title="bbox 534 459 2118 531">
     <span class='ocr_line' id='line_1_4' title="bbox 534 459 2118 531; baseline 0.003 -17"><span class='ocrx_word' id='word_1_7' title='bbox 534 463 738 516; x_wconf 80' lang='lat' dir='ltr'><strong>deletis.</strong></span> <span class='ocrx_word' id='word_1_8' title='bbox 775 459 892 515; x_wconf 82' lang='lat' dir='ltr'><strong>Alio</strong></span> <span class='ocrx_word' id='word_1_9' title='bbox 929 475 1147 531; x_wconf 91' lang='lat' dir='ltr'><strong>quoque</strong></span> <span class='ocrx_word' id='word_1_10' title='bbox 1185 461 1345 517; x_wconf 89' lang='lat' dir='ltr'><strong>ntodo</strong></span> <span class='ocrx_word' id='word_1_11' title='bbox 1389 462 1676 517; x_wconf 83' lang='lat' dir='ltr'><strong>verborum</strong></span> <span class='ocrx_word' id='word_1_12' title='bbox 1735 467 1925 519; x_wconf 85' lang='lat' dir='ltr'><strong>borum</strong></span> <span class='ocrx_word' id='word_1_13' title='bbox 1984 481 2118 521; x_wconf 86' lang='lat' dir='ltr'><strong>con-</strong></span> 
     </span>
    </p>
   </div>
   <div class='ocr_carea' id='block_1_5' title="bbox 2227 449 3828 536">
    <p class='ocr_par' dir='ltr' id='par_1_5' title="bbox 2227 449 3828 536">
     <span class='ocr_line' id='line_1_5' title="bbox 2227 449 3828 536; baseline -0.011 -17"><span class='ocrx_word' id='word_1_14' title='bbox 2227 465 2545 536; x_wconf 83' lang='grc' dir='ltr'>αὐτόχρημα</span> <span class='ocrx_word' id='word_1_15' title='bbox 2576 463 2636 516; x_wconf 84' lang='grc' dir='ltr'>τὸ</span> <span class='ocrx_word' id='word_1_16' title='bbox 2661 460 2888 531; x_wconf 85' lang='grc' dir='ltr'>ἀγαθόν.</span> <span class='ocrx_word' id='word_1_17' title='bbox 2948 458 3163 528; x_wconf 73' lang='grc' dir='ltr'>’Δνήσει</span> <span class='ocrx_word' id='word_1_18' title='bbox 3196 455 3259 526; x_wconf 85' lang='grc' dir='ltr'><strong>δὴ</strong></span> <span class='ocrx_word' id='word_1_19' title='bbox 3285 449 3376 508; x_wconf 82' lang='grc' dir='ltr'><strong>οῦν</strong></span> <span class='ocrx_word' id='word_1_20' title='bbox 3409 453 3488 516; x_wconf 79' lang='grc' dir='ltr'>ὡς</span> <span class='ocrx_word' id='word_1_21' title='bbox 3527 451 3688 516; x_wconf 80' lang='grc' dir='ltr'>Θεὸς,</span> <span class='ocrx_word' id='word_1_22' title='bbox 3731 454 3828 503; x_wconf 71' lang='grc' dir='ltr'><strong>καὶ</strong></span> 
     </span>
    </p>
   </div>
   <div class='ocr_carea' id='block_1_6' title="bbox 534 551 2117 626">
    <p class='ocr_par' dir='ltr' id='par_1_6' title="bbox 534 551 2117 626">
     <span class='ocr_line' id='line_1_6' title="bbox 534 551 2117 626; baseline 0.001 -18"><span class='ocrx_word' id='word_1_23' title='bbox 534 552 850 608; x_wconf 88' lang='lat' dir='ltr'><strong>siderationi</strong></span> <span class='ocrx_word' id='word_1_24' title='bbox 885 553 1011 607; x_wconf 90' lang='lat' dir='ltr'><strong>illud</strong></span> <span class='ocrx_word' id='word_1_25' title='bbox 1047 551 1294 620; x_wconf 84' lang='lat' dir='ltr'><strong>adjicias.</strong></span> <span class='ocrx_word' id='word_1_26' title='bbox 1329 553 1469 609; x_wconf 87' lang='lat' dir='ltr'><strong>Olim</strong></span> <span class='ocrx_word' id='word_1_27' title='bbox 1515 557 1658 608; x_wconf 89' lang='lat' dir='ltr'><strong>enim</strong></span> <span class='ocrx_word' id='word_1_28' title='bbox 1691 558 1929 626; x_wconf 75' lang='lat' dir='ltr'><strong>gentium</strong></span> <span class='ocrx_word' id='word_1_29' title='bbox 1979 557 2117 611; x_wconf 87' lang='lat' dir='ltr'><strong>utul-</strong></span> 
     </span>
    </p>
   </div>
   <div class='ocr_carea' id='block_1_7' title="bbox 543 644 2117 714">
    <p class='ocr_par' dir='ltr' id='par_1_7' title="bbox 543 644 2117 714">
     <span class='ocr_line' id='line_1_7' title="bbox 543 644 2117 714; baseline 0.003 -16"><span class='ocrx_word' id='word_1_30' title='bbox 543 645 715 699; x_wconf 89' lang='lat' dir='ltr'><strong>titudo</strong></span> <span class='ocrx_word' id='word_1_31' title='bbox 782 644 1038 713; x_wconf 76' lang='lat' dir='ltr'><strong>insipiens</strong></span> <span class='ocrx_word' id='word_1_32' title='bbox 1090 644 1248 714; x_wconf 76' lang='lat'><strong>781</strong></span> <span class='ocrx_word' id='word_1_33' title='bbox 1303 656 1422 702; x_wconf 88' lang='lat' dir='ltr'><strong>erat</strong></span> <span class='ocrx_word' id='word_1_34' title='bbox 1481 655 1534 700; x_wconf 92' lang='lat' dir='ltr'><strong>et</strong></span> <span class='ocrx_word' id='word_1_35' title='bbox 1585 645 1742 702; x_wconf 81' lang='lat' dir='ltr'><strong>facile</strong></span> <span class='ocrx_word' id='word_1_36' title='bbox 1794 651 1847 702; x_wconf 91' lang='lat' dir='ltr'><strong>in</strong></span> <span class='ocrx_word' id='word_1_37' title='bbox 1902 663 2117 703; x_wconf 72' lang='lat' dir='ltr'><strong>omnem</strong></span> 
     </span>
    </p>
   </div>
   <div class='ocr_carea' id='block_1_8' title="bbox 537 736 2121 807">
    <p class='ocr_par' dir='ltr' id='par_1_8' title="bbox 537 736 2121 807">
     <span class='ocr_line' id='line_1_8' title="bbox 537 736 2121 807; baseline 0.001 -16"><span class='ocrx_word' id='word_1_38' title='bbox 537 736 834 791; x_wconf 67' lang='lat' dir='ltr'><strong>faeditatem</strong></span> <span class='ocrx_word' id='word_1_39' title='bbox 883 736 1271 806; x_wconf 81' lang='lat' dir='ltr'><strong>abripiebatur,</strong></span> <span class='ocrx_word' id='word_1_40' title='bbox 1311 745 1364 790; x_wconf 90' lang='lat' dir='ltr'><strong>et</strong></span> <span class='ocrx_word' id='word_1_41' title='bbox 1409 737 1534 793; x_wconf 88' lang='lat' dir='ltr'><strong>totis</strong></span> <span class='ocrx_word' id='word_1_42' title='bbox 1575 737 1729 807; x_wconf 87' lang='lat' dir='ltr'><strong>quasi</strong></span> <span class='ocrx_word' id='word_1_43' title='bbox 1775 738 1906 793; x_wconf 84' lang='lat' dir='ltr'><strong>velis</strong></span> <span class='ocrx_word' id='word_1_44' title='bbox 1947 748 2121 794; x_wconf 85' lang='lat' dir='ltr'><strong>trans-</strong></span> 
     </span>
    </p>
   </div>
   <div class='ocr_carea' id='block_1_9' title="bbox 534 825 2127 898">
    <p class='ocr_par' dir='ltr' id='par_1_9' title="bbox 534 825 2127 898">
     <span class='ocr_line' id='line_1_9' title="bbox 534 825 2127 898; baseline 0.001 -19"><span class='ocrx_word' id='word_1_45' title='bbox 534 826 734 881; x_wconf 80' lang='lat' dir='ltr'><strong>versim</strong></span> <span class='ocrx_word' id='word_1_46' title='bbox 769 825 1117 880; x_wconf 80' lang='lat' dir='ltr'><strong>auferebatur</strong></span> <span class='ocrx_word' id='word_1_47' title='bbox 1156 825 1220 880; x_wconf 88' lang='lat' dir='ltr'><strong>ad</strong></span> <span class='ocrx_word' id='word_1_48' title='bbox 1255 841 1317 881; x_wconf 87' lang='lat' dir='ltr'><strong>ea</strong></span> <span class='ocrx_word' id='word_1_49' title='bbox 1352 827 1595 883; x_wconf 79' lang='lat' dir='ltr'><strong>facienda</strong></span> <span class='ocrx_word' id='word_1_50' title='bbox 1632 844 1752 898; x_wconf 81' lang='lat' dir='ltr'><strong>qua:</strong></span> <span class='ocrx_word' id='word_1_51' title='bbox 1789 828 1870 884; x_wconf 80' lang='lat' dir='ltr'><strong>las</strong></span> <span class='ocrx_word' id='word_1_52' title='bbox 1899 844 2006 884; x_wconf 90' lang='lat' dir='ltr'><strong>non</strong></span> <span class='ocrx_word' id='word_1_53' title='bbox 2041 837 2127 886; x_wconf 85' lang='lat' dir='ltr'><strong>est</strong></span> 
     </span>
    </p>
   </div>
   <div class='ocr_carea' id='block_1_10' title="bbox 536 915 2123 989">
    <p class='ocr_par' dir='ltr' id='par_1_10' title="bbox 536 915 2123 989">
     <span class='ocr_line' id='line_1_10' title="bbox 536 915 2123 989; baseline 0.002 -17"><span class='ocrx_word' id='word_1_54' title='bbox 536 917 739 972; x_wconf 84' lang='lat' dir='ltr'><strong>dicere.</strong></span> <span class='ocrx_word' id='word_1_55' title='bbox 782 915 887 972; x_wconf 88' lang='lat' dir='ltr'><strong>Sed</strong></span> <span class='ocrx_word' id='word_1_56' title='bbox 925 927 1214 987; x_wconf 74' lang='lat' dir='ltr'><strong>postquam</strong></span> <span class='ocrx_word' id='word_1_57' title='bbox 1251 933 1347 988; x_wconf 91' lang='lat' dir='ltr'><strong>per</strong></span> <span class='ocrx_word' id='word_1_58' title='bbox 1378 918 1536 976; x_wconf 84' lang='lat' dir='ltr'><strong>ﬁdem</strong></span> <span class='ocrx_word' id='word_1_59' title='bbox 1575 921 1907 989; x_wconf 64' lang='lat' dir='ltr'><strong>quaesierunt</strong></span> <span class='ocrx_word' id='word_1_60' title='bbox 1936 921 2123 985; x_wconf 86' lang='lat' dir='ltr'><strong>Deum,</strong></span> 
     </span>
    </p>
   </div>
   <div class='ocr_carea' id='block_1_11' title="bbox 539 1009 2127 1082">
    <p class='ocr_par' dir='ltr' id='par_1_11' title="bbox 539 1009 2127 1082">
     <span class='ocr_line' id='line_1_11' title="bbox 539 1009 2127 1082; baseline 0.004 -21"><span class='ocrx_word' id='word_1_61' title='bbox 539 1009 884 1073; x_wconf 87' lang='lat' dir='ltr'><strong>invocarunt,</strong></span> <span class='ocrx_word' id='word_1_62' title='bbox 919 1019 968 1061; x_wconf 92' lang='lat' dir='ltr'><strong>et</strong></span> <span class='ocrx_word' id='word_1_63' title='bbox 994 1011 1205 1078; x_wconf 85' lang='lat' dir='ltr'><strong>priores</strong></span> <span class='ocrx_word' id='word_1_64' title='bbox 1242 1026 1369 1064; x_wconf 86' lang='lat' dir='ltr'><strong>suas</strong></span> <span class='ocrx_word' id='word_1_65' title='bbox 1411 1011 1527 1066; x_wconf 82' lang='lat' dir='ltr'><strong>vias</strong></span> <span class='ocrx_word' id='word_1_66' title='bbox 1574 1019 1629 1066; x_wconf 86' lang='lat' dir='ltr'><strong>et</strong></span> <span class='ocrx_word' id='word_1_67' title='bbox 1680 1012 1863 1082; x_wconf 91' lang='lat' dir='ltr'><strong>iniqua</strong></span> <span class='ocrx_word' id='word_1_68' title='bbox 1903 1012 2127 1068; x_wconf 78' lang='lat' dir='ltr'><strong>consilia</strong></span> 
     </span>
    </p>
   </div>
   <div class='ocr_carea' id='block_1_12' title="bbox 463 1095 2127 1173">
    <p class='ocr_par' dir='ltr' id='par_1_12' title="bbox 463 1095 2127 1173">
     <span class='ocr_line' id='line_1_12' title="bbox 463 1095 2127 1173; baseline 0.003 -19"><span class='ocrx_word' id='word_1_69' title='bbox 463 1111 484 1129; x_wconf 79' lang='lat'>&#39;</span> <span class='ocrx_word' id='word_1_70' title='bbox 539 1101 904 1170; x_wconf 89' lang='lat' dir='ltr'><strong>reliquerunt;</strong></span> <span class='ocrx_word' id='word_1_71' title='bbox 935 1102 1362 1156; x_wconf 87' lang='lat' dir='ltr'><strong>misericordiam</strong></span> <span class='ocrx_word' id='word_1_72' title='bbox 1404 1104 1472 1158; x_wconf 91' lang='lat' dir='ltr'><strong>ab</strong></span> <span class='ocrx_word' id='word_1_73' title='bbox 1514 1103 1632 1173; x_wconf 84' lang='lat' dir='ltr'><strong>ipso</strong></span> <span class='ocrx_word' id='word_1_74' title='bbox 1665 1095 1944 1160; x_wconf 72' lang='lat' dir='ltr'><strong>consecuti</strong></span> <span class='ocrx_word' id='word_1_75' title='bbox 1979 1117 2127 1170; x_wconf 89' lang='lat' dir='ltr'><strong>sunt,</strong></span> 
     </span>
    </p>
   </div>
   <div class='ocr_carea' id='block_1_13' title="bbox 539 1193 2121 1267">
    <p class='ocr_par' dir='ltr' id='par_1_13' title="bbox 539 1193 2121 1267">
     <span class='ocr_line' id='line_1_13' title="bbox 539 1193 2121 1267; baseline 0.003 -21"><span class='ocrx_word' id='word_1_76' title='bbox 539 1203 595 1246; x_wconf 88' lang='lat' dir='ltr'><strong>et</strong></span> <span class='ocrx_word' id='word_1_77' title='bbox 627 1194 694 1246; x_wconf 88' lang='lat' dir='ltr'><strong>ad</strong></span> <span class='ocrx_word' id='word_1_78' title='bbox 725 1193 885 1246; x_wconf 88' lang='lat' dir='ltr'><strong>aliam</strong></span> <span class='ocrx_word' id='word_1_79' title='bbox 921 1193 1084 1247; x_wconf 85' lang='lat' dir='ltr'><strong>vitam</strong></span> <span class='ocrx_word' id='word_1_80' title='bbox 1116 1203 1241 1249; x_wconf 88' lang='lat' dir='ltr'><strong>sunt</strong></span> <span class='ocrx_word' id='word_1_81' title='bbox 1271 1195 1423 1264; x_wconf 87' lang='lat' dir='ltr'><strong>quasi</strong></span> <span class='ocrx_word' id='word_1_82' title='bbox 1463 1195 1869 1262; x_wconf 82' lang='lat' dir='ltr'><strong>trattsformati;</strong></span> <span class='ocrx_word' id='word_1_83' title='bbox 1916 1198 2121 1267; x_wconf 85' lang='lat' dir='ltr'><strong>sapien-</strong></span> 
     </span>
    </p>
   </div>
   <div class='ocr_carea' id='block_1_14' title="bbox 541 1285 2119 1360">
    <p class='ocr_par' dir='ltr' id='par_1_14' title="bbox 541 1285 2119 1360">
     <span class='ocr_line' id='line_1_14' title="bbox 541 1285 2119 1360; baseline 0.004 -25"><span class='ocrx_word' id='word_1_84' title='bbox 541 1295 621 1339; x_wconf 90' lang='lat' dir='ltr'><strong>tes</strong></span> <span class='ocrx_word' id='word_1_85' title='bbox 656 1285 780 1340; x_wconf 76' lang='lat' dir='ltr'><strong>facti</strong></span> <span class='ocrx_word' id='word_1_86' title='bbox 816 1295 962 1350; x_wconf 93' lang='lat' dir='ltr'><strong>sunt,</strong></span> <span class='ocrx_word' id='word_1_87' title='bbox 993 1296 1177 1356; x_wconf 81' lang='lat' dir='ltr'><strong>utpote</strong></span> <span class='ocrx_word' id='word_1_88' title='bbox 1202 1287 1486 1356; x_wconf 65' lang='lat' dir='ltr'><strong>sapientiae</strong></span> <span class='ocrx_word' id='word_1_89' title='bbox 1517 1289 2119 1360; x_wconf 86' lang='lat' dir='ltr'><strong>participes,outnium-</strong></span> 
     </span>
    </p>
   </div>
   <div class='ocr_carea' id='block_1_15' title="bbox 539 1379 2118 1451">
    <p class='ocr_par' dir='ltr' id='par_1_15' title="bbox 539 1379 2118 1451">
     <span class='ocr_line' id='line_1_15' title="bbox 539 1379 2118 1451; baseline 0.003 -21"><span class='ocrx_word' id='word_1_90' title='bbox 539 1391 644 1446; x_wconf 89' lang='lat' dir='ltr'><strong>que</strong></span> <span class='ocrx_word' id='word_1_91' title='bbox 681 1392 856 1432; x_wconf 90' lang='lat' dir='ltr'><strong>rerum</strong></span> <span class='ocrx_word' id='word_1_92' title='bbox 890 1380 1149 1432; x_wconf 88' lang='lat' dir='ltr'><strong>bonarum</strong></span> <span class='ocrx_word' id='word_1_93' title='bbox 1203 1379 1474 1447; x_wconf 85' lang='lat' dir='ltr'><strong>scientes;</strong></span> <span class='ocrx_word' id='word_1_94' title='bbox 1525 1379 1710 1451; x_wconf 81' lang='lat' dir='ltr'><strong>jugum</strong></span> <span class='ocrx_word' id='word_1_95' title='bbox 1766 1382 1978 1450; x_wconf 89' lang='lat' dir='ltr'><strong>pristini</strong></span> <span class='ocrx_word' id='word_1_96' title='bbox 2026 1396 2118 1434; x_wconf 88' lang='lat' dir='ltr'><strong>er-</strong></span> 
     </span>
    </p>
   </div>
   <div class='ocr_carea' id='block_1_16' title="bbox 542 1470 2119 1542">
    <p class='ocr_par' dir='ltr' id='par_1_16' title="bbox 542 1470 2119 1542">
     <span class='ocr_line' id='line_1_16' title="bbox 542 1470 2119 1542; baseline 0.004 -20"><span class='ocrx_word' id='word_1_97' title='bbox 542 1470 681 1524; x_wconf 84' lang='lat' dir='ltr'><strong>roris</strong></span> <span class='ocrx_word' id='word_1_98' title='bbox 717 1477 1094 1534; x_wconf 77' lang='lat' dir='ltr'><strong>excusserunt,</strong></span> <span class='ocrx_word' id='word_1_99' title='bbox 1129 1481 1413 1539; x_wconf 89' lang='lat' dir='ltr'><strong>peccatum</strong></span> <span class='ocrx_word' id='word_1_100' title='bbox 1444 1471 1711 1536; x_wconf 83' lang='lat' dir='ltr'><strong>vicerunt,</strong></span> <span class='ocrx_word' id='word_1_101' title='bbox 1745 1487 1844 1527; x_wconf 89' lang='lat' dir='ltr'><strong>nec</strong></span> <span class='ocrx_word' id='word_1_102' title='bbox 1887 1472 2119 1542; x_wconf 85' lang='lat' dir='ltr'><strong>amplius</strong></span> 
     </span>
    </p>
   </div>
   <div class='ocr_carea' id='block_1_17' title="bbox 543 1557 2114 1626">
    <p class='ocr_par' dir='ltr' id='par_1_17' title="bbox 543 1557 2114 1626">
     <span class='ocr_line' id='line_1_17' title="bbox 543 1557 2114 1626; baseline 0 -16"><span class='ocrx_word' id='word_1_103' title='bbox 543 1557 748 1611; x_wconf 87' lang='lat' dir='ltr'><strong>lubrico</strong></span> <span class='ocrx_word' id='word_1_104' title='bbox 777 1566 832 1612; x_wconf 88' lang='lat' dir='ltr'><strong>et</strong></span> <span class='ocrx_word' id='word_1_105' title='bbox 868 1557 1016 1611; x_wconf 88' lang='lat' dir='ltr'><strong>labili</strong></span> <span class='ocrx_word' id='word_1_106' title='bbox 1041 1559 1223 1610; x_wconf 90' lang='lat' dir='ltr'><strong>animo</strong></span> <span class='ocrx_word' id='word_1_107' title='bbox 1246 1557 1454 1626; x_wconf 67' lang='lat' dir='ltr'><strong>praediti</strong></span> <span class='ocrx_word' id='word_1_108' title='bbox 1489 1567 1637 1622; x_wconf 87' lang='lat' dir='ltr'><strong>sunt,</strong></span> <span class='ocrx_word' id='word_1_109' title='bbox 1674 1558 1770 1613; x_wconf 88' lang='lat' dir='ltr'><strong>sed</strong></span> <span class='ocrx_word' id='word_1_110' title='bbox 1804 1558 1983 1622; x_wconf 82' lang='lat' dir='ltr'><strong>ﬁrmo,</strong></span> <span class='ocrx_word' id='word_1_111' title='bbox 2056 1564 2114 1612; x_wconf 91' lang='lat' dir='ltr'><strong>et</strong></span> 
     </span>
    </p>
   </div>
   <div class='ocr_carea' id='block_1_18' title="bbox 545 1648 2117 1718">
    <p class='ocr_par' dir='ltr' id='par_1_18' title="bbox 545 1648 2117 1718">
     <span class='ocr_line' id='line_1_18' title="bbox 545 1648 2117 1718; baseline -0.002 -15"><span class='ocrx_word' id='word_1_112' title='bbox 545 1650 688 1716; x_wconf 78' lang='lat' dir='ltr'><strong>forti,</strong></span> <span class='ocrx_word' id='word_1_113' title='bbox 723 1659 778 1702; x_wconf 90' lang='lat' dir='ltr'><strong>et</strong></span> <span class='ocrx_word' id='word_1_114' title='bbox 813 1656 1001 1718; x_wconf 86' lang='lat' dir='ltr'><strong>parato</strong></span> <span class='ocrx_word' id='word_1_115' title='bbox 1035 1649 1106 1702; x_wconf 85' lang='lat' dir='ltr'><strong>ad</strong></span> <span class='ocrx_word' id='word_1_116' title='bbox 1159 1649 1560 1718; x_wconf 82' lang='lat' dir='ltr'><strong>exsequendum</strong></span> <span class='ocrx_word' id='word_1_117' title='bbox 1600 1662 1663 1703; x_wconf 89' lang='lat' dir='ltr'><strong>ea</strong></span> <span class='ocrx_word' id='word_1_118' title='bbox 1719 1648 1917 1718; x_wconf 84' lang='lat' dir='ltr'><strong>quibus</strong></span> <span class='ocrx_word' id='word_1_119' title='bbox 1977 1648 2117 1702; x_wconf 80' lang='lat' dir='ltr'><strong>Deus</strong></span> 
     </span>
    </p>
   </div>
   <div class='ocr_carea' id='block_1_19' title="bbox 543 1739 2118 1810">
    <p class='ocr_par' dir='ltr' id='par_1_19' title="bbox 543 1739 2118 1810">
     <span class='ocr_line' id='line_1_19' title="bbox 543 1739 2118 1810; baseline -0.001 -15"><span class='ocrx_word' id='word_1_120' title='bbox 543 1742 863 1796; x_wconf 85' lang='lat' dir='ltr'><strong>oblectatur.</strong></span> <span class='ocrx_word' id='word_1_121' title='bbox 899 1739 1003 1794; x_wconf 90' lang='lat' dir='ltr'><strong>Sed</strong></span> <span class='ocrx_word' id='word_1_122' title='bbox 1037 1741 1258 1808; x_wconf 82' lang='lat' dir='ltr'><strong>quando</strong></span> <span class='ocrx_word' id='word_1_123' title='bbox 1294 1740 1574 1808; x_wconf 88' lang='lat' dir='ltr'><strong>promitto,</strong></span> <span class='ocrx_word' id='word_1_124' title='bbox 1628 1740 1826 1810; x_wconf 85' lang='lat' dir='ltr'><strong>inquit,</strong></span> <span class='ocrx_word' id='word_1_125' title='bbox 1875 1740 2012 1803; x_wconf 76' lang='lat' dir='ltr'><strong>lucc,</strong></span> <span class='ocrx_word' id='word_1_126' title='bbox 2051 1752 2118 1794; x_wconf 89' lang='lat' dir='ltr'><strong>ne</strong></span> 
     </span>
    </p>
   </div>
   <div class='ocr_carea' id='block_1_20' title="bbox 2223 542 3828 621">
    <p class='ocr_par' dir='ltr' id='par_1_20' title="bbox 2223 542 3828 621">
     <span class='ocr_line' id='line_1_20' title="bbox 2223 542 3828 621; baseline -0.011 -11"><span class='ocrx_word' id='word_1_127' title='bbox 2223 547 2501 610; x_wconf 83' lang='grc' dir='ltr'>δικαιώσει</span> <span class='ocrx_word' id='word_1_128' title='bbox 2528 555 2620 608; x_wconf 87' lang='grc' dir='ltr'><strong>τὸν</strong></span> <span class='ocrx_word' id='word_1_129' title='bbox 2643 551 2838 621; x_wconf 76' lang='grc' dir='ltr'>ἀσεϐῆ,</span> <span class='ocrx_word' id='word_1_130' title='bbox 2877 547 3227 618; x_wconf 83' lang='grc' dir='ltr'>καταχωννὺς</span> <span class='ocrx_word' id='word_1_131' title='bbox 3258 544 3624 616; x_wconf 88' lang='grc' dir='ltr'>ἀμνηστείαις</span> <span class='ocrx_word' id='word_1_132' title='bbox 3661 542 3736 594; x_wconf 81' lang='grc' dir='ltr'>τὰ</span> <span class='ocrx_word' id='word_1_133' title='bbox 3769 543 3828 606; x_wconf 79' lang='grc' dir='ltr'>ἐξ</span> 
     </span>
    </p>
   </div>
   <div class='ocr_carea' id='block_1_21' title="bbox 2225 633 3826 718">
    <p class='ocr_par' dir='ltr' id='par_1_21' title="bbox 2225 633 3826 718">
     <span class='ocr_line' id='line_1_21' title="bbox 2225 633 3826 718; baseline -0.013 -14"><span class='ocrx_word' id='word_1_134' title='bbox 2225 649 2446 718; x_wconf 81' lang='grc' dir='ltr'>ἀγνοίας</span> <span class='ocrx_word' id='word_1_135' title='bbox 2493 647 2832 717; x_wconf 88' lang='grc' dir='ltr'>πταίσματα,</span> <span class='ocrx_word' id='word_1_136' title='bbox 2858 640 3147 712; x_wconf 73' lang='grc' dir='ltr'>ζάφανίζων</span> <span class='ocrx_word' id='word_1_137' title='bbox 3198 638 3255 690; x_wconf 87' lang='grc' dir='ltr'>δὲ</span> <span class='ocrx_word' id='word_1_138' title='bbox 3301 636 3396 688; x_wconf 77' lang='grc' dir='ltr'><strong>καὶ</strong></span> <span class='ocrx_word' id='word_1_139' title='bbox 3437 635 3569 698; x_wconf 80' lang='grc' dir='ltr'>τοὺς</span> <span class='ocrx_word' id='word_1_140' title='bbox 3619 635 3688 686; x_wconf 81' lang='grc' dir='ltr'>ὲκ</span> <span class='ocrx_word' id='word_1_141' title='bbox 3729 633 3826 684; x_wconf 75' lang='grc' dir='ltr'><strong>τοῦ</strong></span> 
     </span>
    </p>
   </div>
   <div class='ocr_carea' id='block_1_22' title="bbox 2227 725 3828 812">
    <p class='ocr_par' dir='ltr' id='par_1_22' title="bbox 2227 725 3828 812">
     <span class='ocr_line' id='line_1_22' title="bbox 2227 725 3828 812; baseline -0.014 -16"><span class='ocrx_word' id='word_1_142' title='bbox 2227 739 2602 812; x_wconf 79' lang='grc' dir='ltr'><strong>πεπλανῆσθαι</strong></span> <span class='ocrx_word' id='word_1_143' title='bbox 2674 736 2896 808; x_wconf 77' lang='grc' dir='ltr'><strong>ῥύπους.</strong></span> <span class='ocrx_word' id='word_1_144' title='bbox 2945 731 3055 786; x_wconf 77' lang='grc' dir='ltr'><strong>Καὶ</strong></span> <span class='ocrx_word' id='word_1_145' title='bbox 3107 728 3225 783; x_wconf 86' lang='grc' dir='ltr'>καθ’</span> <span class='ocrx_word' id='word_1_146' title='bbox 3275 727 3464 795; x_wconf 82' lang='grc' dir='ltr'>ἓτερον</span> <span class='ocrx_word' id='word_1_147' title='bbox 3516 725 3577 778; x_wconf 80' lang='grc' dir='ltr'>δὲ</span> <span class='ocrx_word' id='word_1_148' title='bbox 3617 725 3828 794; x_wconf 78' lang='grc' dir='ltr'>τρόπον</span> 
     </span>
    </p>
   </div>
   <div class='ocr_carea' id='block_1_23' title="bbox 2231 817 3828 905">
    <p class='ocr_par' dir='ltr' id='par_1_23' title="bbox 2231 817 3828 905">
     <span class='ocr_line' id='line_1_23' title="bbox 2231 817 3828 905; baseline -0.011 -18"><span class='ocrx_word' id='word_1_149' title='bbox 2231 837 2295 905; x_wconf 85' lang='grc' dir='ltr'>τῇ</span> <span class='ocrx_word' id='word_1_150' title='bbox 2334 834 2444 885; x_wconf 83' lang='grc' dir='ltr'><strong>τῶν</strong></span> <span class='ocrx_word' id='word_1_151' title='bbox 2472 829 2850 902; x_wconf 80' lang='grc' dir='ltr'><strong>προκειμένων</strong></span> <span class='ocrx_word' id='word_1_152' title='bbox 2889 825 3093 895; x_wconf 79' lang='grc' dir='ltr'>θεωρίᾳ</span> <span class='ocrx_word' id='word_1_153' title='bbox 3128 820 3475 905; x_wconf 70' lang='grc' dir='ltr'>προσϐαλεῖς.</span> <span class='ocrx_word' id='word_1_154' title='bbox 3505 818 3687 905; x_wconf 78' lang='grc' dir='ltr'>Πάλαι</span> 
     </span>
    </p>
   </div>
   <div class='ocr_carea' id='block_1_24' title="bbox 2228 902 3828 993">
    <p class='ocr_par' dir='ltr' id='par_1_24' title="bbox 2228 902 3828 993">
     <span class='ocr_line' id='line_1_24' title="bbox 2228 902 3828 993; baseline -0.017 -15"><span class='ocrx_word' id='word_1_155' title='bbox 2228 902 2338 993; x_wconf 78' lang='grc' dir='ltr'><strong>γάρ</strong></span> <span class='ocrx_word' id='word_1_156' title='bbox 2386 922 2494 975; x_wconf 86' lang='grc' dir='ltr'><strong>τῶν</strong></span> <span class='ocrx_word' id='word_1_157' title='bbox 2548 918 2718 972; x_wconf 75' lang='grc' dir='ltr'>ἐθνῶν</span> <span class='ocrx_word' id='word_1_158' title='bbox 2770 917 2804 986; x_wconf 86' lang='grc' dir='ltr'><strong>ή</strong></span> <span class='ocrx_word' id='word_1_159' title='bbox 2854 912 3062 984; x_wconf 82' lang='grc' dir='ltr'>πληθὺς</span> <span class='ocrx_word' id='word_1_160' title='bbox 3114 908 3376 970; x_wconf 87' lang='grc' dir='ltr'>ἀσύνετος</span> <span class='ocrx_word' id='word_1_161' title='bbox 3431 902 3536 976; x_wconf 79' lang='grc' dir='ltr'><strong>ἦν,</strong></span> <span class='ocrx_word' id='word_1_162' title='bbox 3599 903 3828 963; x_wconf 64' lang='lat' dir='ltr'><strong>rabucula;</strong></span> 
     </span>
    </p>
   </div>
   <div class='ocr_carea' id='block_1_25' title="bbox 2229 994 3828 1082">
    <p class='ocr_par' dir='ltr' id='par_1_25' title="bbox 2229 994 3828 1082">
     <span class='ocr_line' id='line_1_25' title="bbox 2229 994 3828 1082; baseline -0.014 -15"><span class='ocrx_word' id='word_1_163' title='bbox 2229 1017 2309 1076; x_wconf 82' lang='grc' dir='ltr'>εἰς</span> <span class='ocrx_word' id='word_1_164' title='bbox 2346 1010 2630 1082; x_wconf 78' lang='grc' dir='ltr'>ἀποφορὰν</span> <span class='ocrx_word' id='word_1_165' title='bbox 2659 1010 2756 1078; x_wconf 86' lang='grc' dir='ltr'><strong>τὴν</strong></span> <span class='ocrx_word' id='word_1_166' title='bbox 2800 1007 3032 1060; x_wconf 85' lang='grc' dir='ltr'>είσάπαν</span> <span class='ocrx_word' id='word_1_167' title='bbox 3069 999 3251 1056; x_wconf 83' lang='grc' dir='ltr'><strong>ὁτιοῦν</strong></span> <span class='ocrx_word' id='word_1_168' title='bbox 3282 998 3391 1052; x_wconf 78' lang='grc' dir='ltr'>τῶν</span> <span class='ocrx_word' id='word_1_169' title='bbox 3415 997 3695 1057; x_wconf 71' lang='grc' dir='ltr'>ἐκτόπων,</span> <span class='ocrx_word' id='word_1_170' title='bbox 3732 994 3828 1046; x_wconf 77' lang='grc' dir='ltr'><strong>καὶ</strong></span> 
     </span>
    </p>
   </div>
   <div class='ocr_carea' id='block_1_26' title="bbox 2231 1087 3826 1174">
    <p class='ocr_par' dir='ltr' id='par_1_26' title="bbox 2231 1087 3826 1174">
     <span class='ocr_line' id='line_1_26' title="bbox 2231 1087 3826 1174; baseline -0.015 -13"><span class='ocrx_word' id='word_1_171' title='bbox 2231 1108 2375 1170; x_wconf 83' lang='grc' dir='ltr'>ὅλοις</span> <span class='ocrx_word' id='word_1_172' title='bbox 2433 1104 2623 1174; x_wconf 86' lang='grc' dir='ltr'>ὥσπερ</span> <span class='ocrx_word' id='word_1_173' title='bbox 2679 1101 2870 1163; x_wconf 79' lang='grc' dir='ltr'><strong>ἱστίοις</strong></span> <span class='ocrx_word' id='word_1_174' title='bbox 2934 1094 3318 1166; x_wconf 78' lang='grc' dir='ltr'>ἀποφερομένη</span> <span class='ocrx_word' id='word_1_175' title='bbox 3374 1090 3514 1160; x_wconf 82' lang='grc' dir='ltr'>πρὸς</span> <span class='ocrx_word' id='word_1_176' title='bbox 3566 1088 3631 1140; x_wconf 84' lang='grc' dir='ltr'>τὸ</span> <span class='ocrx_word' id='word_1_177' title='bbox 3690 1087 3826 1156; x_wconf 75' lang='grc' dir='ltr'>δρᾷν</span> 
     </span>
    </p>
   </div>
   <div class='ocr_carea' id='block_1_27' title="bbox 2228 1180 3824 1265">
    <p class='ocr_par' dir='ltr' id='par_1_27' title="bbox 2228 1180 3824 1265">
     <span class='ocr_line' id='line_1_27' title="bbox 2228 1180 3824 1265; baseline -0.009 -20"><span class='ocrx_word' id='word_1_178' title='bbox 2228 1199 2466 1262; x_wconf 70' lang='grc' dir='ltr'>ἐθέλειν,</span> <span class='ocrx_word' id='word_1_179' title='bbox 2520 1196 2556 1250; x_wconf 71' lang='grc' dir='ltr'>ἃ</span> <span class='ocrx_word' id='word_1_180' title='bbox 2611 1193 2687 1265; x_wconf 82' lang='grc' dir='ltr'>μὴ</span> <span class='ocrx_word' id='word_1_181' title='bbox 2737 1192 2896 1262; x_wconf 81' lang='grc' dir='ltr'><strong>Θέμις</strong></span> <span class='ocrx_word' id='word_1_182' title='bbox 2965 1190 3160 1242; x_wconf 87' lang='grc' dir='ltr'>εἰπεῖν.</span> <span class='ocrx_word' id='word_1_183' title='bbox 3213 1182 3429 1252; x_wconf 79' lang='grc' dir='ltr'>Ἐπειδὴ</span> <span class='ocrx_word' id='word_1_184' title='bbox 3479 1180 3536 1234; x_wconf 79' lang='grc' dir='ltr'><strong>δὲ</strong></span> <span class='ocrx_word' id='word_1_185' title='bbox 3573 1180 3664 1233; x_wconf 65' lang='grc' dir='ltr'><strong>διὰ</strong></span> <span class='ocrx_word' id='word_1_186' title='bbox 3727 1180 3824 1245; x_wconf 68' lang='grc' dir='ltr'>τῆς</span> 
     </span>
    </p>
   </div>
   <div class='ocr_carea' id='block_1_28' title="bbox 2223 1272 3825 1358">
    <p class='ocr_par' dir='ltr' id='par_1_28' title="bbox 2223 1272 3825 1358">
     <span class='ocr_line' id='line_1_28' title="bbox 2223 1272 3825 1358; baseline -0.016 -12"><span class='ocrx_word' id='word_1_187' title='bbox 2223 1293 2456 1353; x_wconf 85' lang='grc' dir='ltr'>πίστεως</span> <span class='ocrx_word' id='word_1_188' title='bbox 2495 1288 2764 1358; x_wconf 73' lang='grc' dir='ltr'>ἐζήτησαν</span> <span class='ocrx_word' id='word_1_189' title='bbox 2807 1285 2898 1337; x_wconf 84' lang='grc' dir='ltr'>τὸν</span> <span class='ocrx_word' id='word_1_190' title='bbox 2950 1280 3115 1343; x_wconf 81' lang='grc' dir='ltr'>Θεὸν,</span> <span class='ocrx_word' id='word_1_191' title='bbox 3157 1273 3573 1330; x_wconf 81' lang='grc' dir='ltr'>ἀπεκαλὲσαντό</span> <span class='ocrx_word' id='word_1_192' title='bbox 3623 1288 3682 1323; x_wconf 84' lang='grc' dir='ltr'><strong>τε</strong></span> <span class='ocrx_word' id='word_1_193' title='bbox 3729 1272 3825 1323; x_wconf 74' lang='grc' dir='ltr'>καὶ</span> 
     </span>
    </p>
   </div>
   <div class='ocr_carea' id='block_1_29' title="bbox 2223 1362 3823 1443">
    <p class='ocr_par' dir='ltr' id='par_1_29' title="bbox 2223 1362 3823 1443">
     <span class='ocr_line' id='line_1_29' title="bbox 2223 1362 3823 1443; baseline -0.016 -6"><span class='ocrx_word' id='word_1_194' title='bbox 2223 1382 2490 1437; x_wconf 75' lang='grc' dir='ltr'>ἀπέλιπον</span> <span class='ocrx_word' id='word_1_195' title='bbox 2521 1378 2730 1432; x_wconf 70' lang='grc' dir='ltr'>ἑαυτῶν</span> <span class='ocrx_word' id='word_1_196' title='bbox 2760 1376 2857 1438; x_wconf 79' lang='grc' dir='ltr'>τὰς</span> <span class='ocrx_word' id='word_1_197' title='bbox 2887 1371 3108 1443; x_wconf 83' lang='grc' dir='ltr'>πρώτας</span> <span class='ocrx_word' id='word_1_198' title='bbox 3132 1369 3283 1431; x_wconf 75' lang='grc' dir='ltr'>ὁδοὺς</span> <span class='ocrx_word' id='word_1_199' title='bbox 3306 1367 3398 1420; x_wconf 77' lang='grc' dir='ltr'><strong>καὶ</strong></span> <span class='ocrx_word' id='word_1_200' title='bbox 3427 1365 3670 1433; x_wconf 77' lang='grc' dir='ltr'><strong>ἀνόμους</strong></span> <span class='ocrx_word' id='word_1_201' title='bbox 3700 1362 3823 1431; x_wconf 76' lang='grc' dir='ltr'>βου-</span> 
     </span>
    </p>
   </div>
   <div class='ocr_carea' id='block_1_30' title="bbox 2221 1456 3820 1546">
    <p class='ocr_par' dir='ltr' id='par_1_30' title="bbox 2221 1456 3820 1546">
     <span class='ocr_line' id='line_1_30' title="bbox 2221 1456 3820 1546; baseline -0.016 -16"><span class='ocrx_word' id='word_1_202' title='bbox 2221 1477 2338 1542; x_wconf 85' lang='grc' dir='ltr'>λὰς,</span> <span class='ocrx_word' id='word_1_203' title='bbox 2372 1474 2630 1546; x_wconf 78' lang='grc' dir='ltr'>ηλέηνται</span> <span class='ocrx_word' id='word_1_204' title='bbox 2683 1471 2780 1542; x_wconf 78' lang='grc' dir='ltr'><strong>μὲν</strong></span> <span class='ocrx_word' id='word_1_205' title='bbox 2825 1469 2954 1538; x_wconf 88' lang='grc' dir='ltr'>παρ’</span> <span class='ocrx_word' id='word_1_206' title='bbox 3001 1461 3192 1527; x_wconf 85' lang='grc' dir='ltr'>αὑτοῦ,</span> <span class='ocrx_word' id='word_1_207' title='bbox 3252 1456 3820 1535; x_wconf 74' lang='grc' dir='ltr'>μετεστοιχειὼθησαν</span> 
     </span>
    </p>
   </div>
   <div class='ocr_carea' id='block_1_31' title="bbox 2221 1549 3816 1636">
    <p class='ocr_par' dir='ltr' id='par_1_31' title="bbox 2221 1549 3816 1636">
     <span class='ocr_line' id='line_1_31' title="bbox 2221 1549 3816 1636; baseline -0.014 -15"><span class='ocrx_word' id='word_1_208' title='bbox 2221 1567 2276 1621; x_wconf 82' lang='grc' dir='ltr'>δὲ</span> <span class='ocrx_word' id='word_1_209' title='bbox 2309 1565 2502 1636; x_wconf 81' lang='grc' dir='ltr'>ὥσπερ</span> <span class='ocrx_word' id='word_1_210' title='bbox 2529 1565 2609 1627; x_wconf 81' lang='grc' dir='ltr'><strong>είς</strong></span> <span class='ocrx_word' id='word_1_211' title='bbox 2635 1563 2827 1632; x_wconf 78' lang='grc' dir='ltr'>ἑτέραν</span> <span class='ocrx_word' id='word_1_212' title='bbox 2871 1558 3038 1627; x_wconf 80' lang='grc' dir='ltr'>ζωὴν,</span> <span class='ocrx_word' id='word_1_213' title='bbox 3095 1554 3249 1623; x_wconf 75' lang='grc' dir='ltr'>σοφοὶ</span> <span class='ocrx_word' id='word_1_214' title='bbox 3289 1552 3584 1621; x_wconf 81' lang='grc' dir='ltr'>γεγόνασιν</span> <span class='ocrx_word' id='word_1_215' title='bbox 3629 1549 3704 1610; x_wconf 81' lang='grc' dir='ltr'><strong>ὡς</strong></span> <span class='ocrx_word' id='word_1_216' title='bbox 3736 1564 3816 1598; x_wconf 80' lang='grc' dir='ltr'>σο-</span> 
     </span>
    </p>
   </div>
   <div class='ocr_carea' id='block_1_32' title="bbox 2225 1641 3816 1729">
    <p class='ocr_par' dir='ltr' id='par_1_32' title="bbox 2225 1641 3816 1729">
     <span class='ocr_line' id='line_1_32' title="bbox 2225 1641 3816 1729; baseline -0.016 -16"><span class='ocrx_word' id='word_1_217' title='bbox 2225 1659 2356 1729; x_wconf 83' lang='grc' dir='ltr'>φίας</span> <span class='ocrx_word' id='word_1_218' title='bbox 2385 1658 2621 1728; x_wconf 77' lang='grc' dir='ltr'><strong>μέτοχοι,</strong></span> <span class='ocrx_word' id='word_1_219' title='bbox 2655 1654 2749 1707; x_wconf 76' lang='grc' dir='ltr'><strong>καὶ</strong></span> <span class='ocrx_word' id='word_1_220' title='bbox 2771 1649 2977 1720; x_wconf 80' lang='grc' dir='ltr'><strong>ἀγαθοῦ</strong></span> <span class='ocrx_word' id='word_1_221' title='bbox 3009 1646 3212 1709; x_wconf 80' lang='grc' dir='ltr'>παντὸς</span> <span class='ocrx_word' id='word_1_222' title='bbox 3233 1644 3563 1715; x_wconf 84' lang='grc' dir='ltr'>πράγματος</span> <span class='ocrx_word' id='word_1_223' title='bbox 3600 1641 3816 1708; x_wconf 70' lang='grc' dir='ltr'>ἐπιστή-</span> 
     </span>
    </p>
   </div>
   <div class='ocr_carea' id='block_1_33' title="bbox 2229 1730 3814 1818">
    <p class='ocr_par' dir='ltr' id='par_1_33' title="bbox 2229 1730 3814 1818">
     <span class='ocr_line' id='line_1_33' title="bbox 2229 1730 3814 1818; baseline -0.015 -16"><span class='ocrx_word' id='word_1_224' title='bbox 2229 1764 2407 1818; x_wconf 90' lang='grc' dir='ltr'>μονες,</span> <span class='ocrx_word' id='word_1_225' title='bbox 2435 1745 2799 1800; x_wconf 89' lang='grc' dir='ltr'>ἀπεσείσαντο</span> <span class='ocrx_word' id='word_1_226' title='bbox 2827 1741 2925 1811; x_wconf 82' lang='grc' dir='ltr'><strong>τῆς</strong></span> <span class='ocrx_word' id='word_1_227' title='bbox 2971 1737 3204 1810; x_wconf 83' lang='grc' dir='ltr'>ἀρχαίας</span> <span class='ocrx_word' id='word_1_228' title='bbox 3242 1736 3457 1802; x_wconf 81' lang='grc' dir='ltr'><strong>ἀπάτης</strong></span> <span class='ocrx_word' id='word_1_229' title='bbox 3496 1732 3594 1784; x_wconf 73' lang='grc' dir='ltr'>τὸν</span> <span class='ocrx_word' id='word_1_230' title='bbox 3632 1730 3814 1797; x_wconf 74' lang='grc' dir='ltr'>ζυγὸν,</span> 
     </span>
    </p>
   </div>
   <div class='ocr_carea' id='block_1_34' title="bbox 543 1821 2122 1910">
    <p class='ocr_par' dir='ltr' id='par_1_34' title="bbox 543 1830 2115 1901">
     <span class='ocr_line' id='line_1_34' title="bbox 543 1830 2115 1901; baseline -0.001 -15"><span class='ocrx_word' id='word_1_231' title='bbox 543 1831 798 1895; x_wconf 82' lang='lat' dir='ltr'><strong>diiiidite,</strong></span> <span class='ocrx_word' id='word_1_232' title='bbox 837 1845 934 1886; x_wconf 90' lang='lat' dir='ltr'><strong>nec</strong></span> <span class='ocrx_word' id='word_1_233' title='bbox 976 1831 1287 1886; x_wconf 81' lang='lat' dir='ltr'><strong>mutabilem</strong></span> <span class='ocrx_word' id='word_1_234' title='bbox 1323 1831 1439 1887; x_wconf 81' lang='lat' dir='ltr'><strong>fore</strong></span> <span class='ocrx_word' id='word_1_235' title='bbox 1467 1842 1702 1886; x_wconf 89' lang='lat' dir='ltr'><strong>mentem</strong></span> <span class='ocrx_word' id='word_1_236' title='bbox 1743 1830 2115 1901; x_wconf 86' lang='lat' dir='ltr'><strong>suspicamini.</strong></span> 
     </span>
    </p>
   </div>
   <div class='ocr_carea' id='block_1_35' title="bbox 2227 1821 3814 1910">
    <p class='ocr_par' dir='ltr' id='par_1_35' title="bbox 2227 1821 3814 1910">
     <span class='ocr_line' id='line_1_35' title="bbox 2227 1821 3814 1910; baseline -0.014 -17"><span class='ocrx_word' id='word_1_237' title='bbox 2227 1840 2537 1910; x_wconf 81' lang='grc' dir='ltr'><strong>νενικήκασι</strong></span> <span class='ocrx_word' id='word_1_238' title='bbox 2581 1836 2679 1908; x_wconf 80' lang='grc' dir='ltr'><strong>τὴν</strong></span> <span class='ocrx_word' id='word_1_239' title='bbox 2711 1833 3008 1905; x_wconf 81' lang='grc' dir='ltr'>ἁμαρτίαν,</span> <span class='ocrx_word' id='word_1_240' title='bbox 3050 1831 3151 1883; x_wconf 79' lang='grc' dir='ltr'><strong>οὐκ</strong></span> <span class='ocrx_word' id='word_1_241' title='bbox 3201 1824 3690 1896; x_wconf 71' lang='grc' dir='ltr'>εὐπαρακόμιστον</span> <span class='ocrx_word' id='word_1_242' title='bbox 3741 1821 3814 1871; x_wconf 78' lang='grc' dir='ltr'>ἔτι</span> 
     </span>
    </p>
   </div>
   <div class='ocr_carea' id='block_1_36' title="bbox 544 1920 2112 1987">
    <p class='ocr_par' dir='ltr' id='par_1_36' title="bbox 544 1920 2112 1987">
     <span class='ocr_line' id='line_1_36' title="bbox 544 1920 2112 1987; baseline -0.001 -13"><span class='ocrx_word' id='word_1_243' title='bbox 544 1921 658 1975; x_wconf 78' lang='lat' dir='ltr'><strong>Non</strong></span> <span class='ocrx_word' id='word_1_244' title='bbox 695 1931 822 1975; x_wconf 90' lang='lat' dir='ltr'><strong>sunt</strong></span> <span class='ocrx_word' id='word_1_245' title='bbox 874 1921 1017 1974; x_wconf 89' lang='lat' dir='ltr'><strong>enim</strong></span> <span class='ocrx_word' id='word_1_246' title='bbox 1046 1920 1273 1975; x_wconf 90' lang='lat' dir='ltr'><strong>consilia</strong></span> <span class='ocrx_word' id='word_1_247' title='bbox 1304 1935 1420 1976; x_wconf 89' lang='lat' dir='ltr'><strong>mea</strong></span> <span class='ocrx_word' id='word_1_248' title='bbox 1471 1922 1612 1975; x_wconf 87' lang='lat' dir='ltr'><strong>sicut</strong></span> <span class='ocrx_word' id='word_1_249' title='bbox 1651 1921 1876 1976; x_wconf 88' lang='lat' dir='ltr'><strong>consilia</strong></span> <span class='ocrx_word' id='word_1_250' title='bbox 1899 1929 2112 1987; x_wconf 88' lang='lat' dir='ltr'><strong>vestra;</strong></span> 
     </span>
    </p>
   </div>
   <div class='ocr_carea' id='block_1_37' title="bbox 545 2013 2119 2070">
    <p class='ocr_par' dir='ltr' id='par_1_37' title="bbox 545 2013 2119 2070">
     <span class='ocr_line' id='line_1_37' title="bbox 545 2013 2119 2070; baseline -0.001 -2"><span class='ocrx_word' id='word_1_251' title='bbox 545 2029 642 2069; x_wconf 90' lang='lat' dir='ltr'><strong>nec</strong></span> <span class='ocrx_word' id='word_1_252' title='bbox 684 2015 783 2068; x_wconf 79' lang='lat' dir='ltr'><strong>via:</strong></span> <span class='ocrx_word' id='word_1_253' title='bbox 815 2027 947 2068; x_wconf 65' lang='lat' dir='ltr'><strong>mea:</strong></span> <span class='ocrx_word' id='word_1_254' title='bbox 995 2014 1136 2068; x_wconf 88' lang='lat' dir='ltr'><strong>sicut</strong></span> <span class='ocrx_word' id='word_1_255' title='bbox 1163 2013 1262 2068; x_wconf 70' lang='lat' dir='ltr'><strong>vim</strong></span> <span class='ocrx_word' id='word_1_256' title='bbox 1297 2022 1510 2068; x_wconf 64' lang='lat' dir='ltr'><strong>vestrae.</strong></span> <span class='ocrx_word' id='word_1_257' title='bbox 1563 2013 1729 2069; x_wconf 83' lang='lat' dir='ltr'><strong>Vobis</strong></span> <span class='ocrx_word' id='word_1_258' title='bbox 1775 2014 1920 2068; x_wconf 88' lang='lat' dir='ltr'><strong>enim</strong></span> <span class='ocrx_word' id='word_1_259' title='bbox 1959 2022 2119 2070; x_wconf 81' lang='lat' dir='ltr'><strong>natu-</strong></span> 
     </span>
    </p>
   </div>
   <div class='ocr_carea' id='block_1_38' title="bbox 541 2104 2120 2176">
    <p class='ocr_par' dir='ltr' id='par_1_38' title="bbox 541 2104 2120 2176">
     <span class='ocr_line' id='line_1_38' title="bbox 541 2104 2120 2176; baseline 0.001 -16"><span class='ocrx_word' id='word_1_260' title='bbox 541 2120 602 2160; x_wconf 89' lang='lat' dir='ltr'><strong>ra</strong></span> <span class='ocrx_word' id='word_1_261' title='bbox 638 2105 946 2161; x_wconf 88' lang='lat' dir='ltr'><strong>hominibus</strong></span> <span class='ocrx_word' id='word_1_262' title='bbox 975 2104 1207 2174; x_wconf 87' lang='lat' dir='ltr'><strong>plurima</strong></span> <span class='ocrx_word' id='word_1_263' title='bbox 1241 2113 1368 2161; x_wconf 85' lang='lat' dir='ltr'><strong>sunt</strong></span> <span class='ocrx_word' id='word_1_264' title='bbox 1423 2119 1542 2175; x_wconf 82' lang='lat' dir='ltr'><strong>quae</strong></span> <span class='ocrx_word' id='word_1_265' title='bbox 1594 2105 1878 2161; x_wconf 80' lang='lat' dir='ltr'><strong>diﬂiculter</strong></span> <span class='ocrx_word' id='word_1_266' title='bbox 1927 2107 2120 2176; x_wconf 87' lang='lat' dir='ltr'><strong>acqui-</strong></span> 
     </span>
    </p>
   </div>
   <div class='ocr_carea' id='block_1_39' title="bbox 543 2195 2120 2268">
    <p class='ocr_par' dir='ltr' id='par_1_39' title="bbox 543 2195 2120 2268">
     <span class='ocr_line' id='line_1_39' title="bbox 543 2195 2120 2268; baseline 0.001 -17"><span class='ocrx_word' id='word_1_267' title='bbox 543 2198 589 2253; x_wconf 87' lang='lat' dir='ltr'><strong>ri</strong></span> <span class='ocrx_word' id='word_1_268' title='bbox 633 2197 913 2268; x_wconf 82' lang='lat' dir='ltr'><strong>acperiici</strong></span> <span class='ocrx_word' id='word_1_269' title='bbox 964 2204 1210 2266; x_wconf 86' lang='lat' dir='ltr'><strong>possunt.</strong></span> <span class='ocrx_word' id='word_1_270' title='bbox 1261 2195 1373 2252; x_wconf 87' lang='lat' dir='ltr'><strong>Nec</strong></span> <span class='ocrx_word' id='word_1_271' title='bbox 1427 2197 1572 2252; x_wconf 90' lang='lat' dir='ltr'><strong>enim</strong></span> <span class='ocrx_word' id='word_1_272' title='bbox 1636 2196 1898 2266; x_wconf 84' lang='lat' dir='ltr'><strong>quidquid</strong></span> <span class='ocrx_word' id='word_1_273' title='bbox 1958 2197 2120 2253; x_wconf 83' lang='lat' dir='ltr'><strong>vultis</strong></span> 
     </span>
    </p>
   </div>
   <div class='ocr_carea' id='block_1_40' title="bbox 543 2288 2117 2357">
    <p class='ocr_par' dir='ltr' id='par_1_40' title="bbox 543 2288 2117 2357">
     <span class='ocr_line' id='line_1_40' title="bbox 543 2288 2117 2357; baseline 0.001 -13"><span class='ocrx_word' id='word_1_274' title='bbox 543 2291 726 2345; x_wconf 77' lang='lat' dir='ltr'><strong>facere</strong></span> <span class='ocrx_word' id='word_1_275' title='bbox 771 2289 873 2343; x_wconf 90' lang='lat' dir='ltr'><strong>ltoc</strong></span> <span class='ocrx_word' id='word_1_276' title='bbox 908 2303 1125 2357; x_wconf 79' lang='lat' dir='ltr'><strong>semper</strong></span> <span class='ocrx_word' id='word_1_277' title='bbox 1161 2289 1227 2342; x_wconf 93' lang='lat' dir='ltr'><strong>ad</strong></span> <span class='ocrx_word' id='word_1_278' title='bbox 1277 2288 1434 2344; x_wconf 84' lang='lat' dir='ltr'><strong>linem</strong></span> <span class='ocrx_word' id='word_1_279' title='bbox 1481 2298 1788 2354; x_wconf 86' lang='lat' dir='ltr'><strong>procurret.</strong></span> <span class='ocrx_word' id='word_1_280' title='bbox 1852 2289 1920 2345; x_wconf 78' lang='lat' dir='ltr'><strong>At</strong></span> <span class='ocrx_word' id='word_1_281' title='bbox 1988 2292 2117 2345; x_wconf 79' lang='lat' dir='ltr'><strong>mibi</strong></span> 
     </span>
    </p>
   </div>
   <div class='ocr_carea' id='block_1_41' title="bbox 546 2381 2120 2451">
    <p class='ocr_par' dir='ltr' id='par_1_41' title="bbox 546 2381 2120 2451">
     <span class='ocr_line' id='line_1_41' title="bbox 546 2381 2120 2451; baseline -0.001 -13"><span class='ocrx_word' id='word_1_282' title='bbox 546 2383 656 2438; x_wconf 87' lang='lat' dir='ltr'><strong>Deo</strong></span> <span class='ocrx_word' id='word_1_283' title='bbox 682 2381 862 2436; x_wconf 84' lang='lat' dir='ltr'><strong>omnia</strong></span> <span class='ocrx_word' id='word_1_284' title='bbox 917 2381 1096 2436; x_wconf 76' lang='lat' dir='ltr'><strong>facilia</strong></span> <span class='ocrx_word' id='word_1_285' title='bbox 1135 2389 1296 2435; x_wconf 88' lang='lat' dir='ltr'><strong>erunt</strong></span> <span class='ocrx_word' id='word_1_286' title='bbox 1327 2390 1382 2436; x_wconf 87' lang='lat' dir='ltr'><strong>et</strong></span> <span class='ocrx_word' id='word_1_287' title='bbox 1419 2381 1704 2451; x_wconf 85' lang='lat' dir='ltr'><strong>proclivia,</strong></span> <span class='ocrx_word' id='word_1_288' title='bbox 1758 2396 1856 2436; x_wconf 91' lang='lat' dir='ltr'><strong>nec</strong></span> <span class='ocrx_word' id='word_1_289' title='bbox 1899 2383 2120 2437; x_wconf 90' lang='lat' dir='ltr'><strong>omnino</strong></span> 
     </span>
    </p>
   </div>
   <div class='ocr_carea' id='block_1_42' title="bbox 543 2471 2120 2544">
    <p class='ocr_par' dir='ltr' id='par_1_42' title="bbox 543 2471 2120 2544">
     <span class='ocr_line' id='line_1_42' title="bbox 543 2471 2120 2544; baseline -0.001 -16"><span class='ocrx_word' id='word_1_290' title='bbox 543 2473 836 2544; x_wconf 83' lang='lat' dir='ltr'><strong>quidquam</strong></span> <span class='ocrx_word' id='word_1_291' title='bbox 862 2475 1113 2527; x_wconf 88' lang='lat' dir='ltr'><strong>arduum.</strong></span> <span class='ocrx_word' id='word_1_292' title='bbox 1146 2471 1377 2526; x_wconf 87' lang='lat' dir='ltr'><strong>Tantum</strong></span> <span class='ocrx_word' id='word_1_293' title='bbox 1420 2473 1565 2528; x_wconf 91' lang='lat' dir='ltr'><strong>enim</strong></span> <span class='ocrx_word' id='word_1_294' title='bbox 1599 2474 1804 2528; x_wconf 87' lang='lat' dir='ltr'><strong>distant</strong></span> <span class='ocrx_word' id='word_1_295' title='bbox 1849 2473 1949 2528; x_wconf 73' lang='lat' dir='ltr'><strong>via:</strong></span> <span class='ocrx_word' id='word_1_296' title='bbox 1987 2487 2120 2527; x_wconf 75' lang='lat' dir='ltr'><strong>mete</strong></span> 
     </span>
    </p>
   </div>
   <div class='ocr_carea' id='block_1_43' title="bbox 543 2563 2118 2634">
    <p class='ocr_par' dir='ltr' id='par_1_43' title="bbox 543 2563 2118 2634">
     <span class='ocr_line' id='line_1_43' title="bbox 543 2563 2118 2634; baseline -0.002 -15"><span class='ocrx_word' id='word_1_297' title='bbox 543 2580 575 2619; x_wconf 90' lang='lat' dir='ltr'><strong>a</strong></span> <span class='ocrx_word' id='word_1_298' title='bbox 641 2566 743 2620; x_wconf 87' lang='lat' dir='ltr'><strong>viis</strong></span> <span class='ocrx_word' id='word_1_299' title='bbox 775 2565 1288 2634; x_wconf 79' lang='lat' dir='ltr'><strong>vestris,~quantum</strong></span> <span class='ocrx_word' id='word_1_300' title='bbox 1344 2563 1663 2632; x_wconf 82' lang='lat' dir='ltr'><strong>intelligitur</strong></span> <span class='ocrx_word' id='word_1_301' title='bbox 1724 2564 1866 2617; x_wconf 85' lang='lat' dir='ltr'><strong>inter</strong></span> <span class='ocrx_word' id='word_1_302' title='bbox 1917 2570 2118 2617; x_wconf 89' lang='lat' dir='ltr'><strong>terram</strong></span> 
     </span>
    </p>
   </div>
   <div class='ocr_carea' id='block_1_44' title="bbox 544 2656 2121 2726">
    <p class='ocr_par' dir='ltr' id='par_1_44' title="bbox 544 2656 2121 2726">
     <span class='ocr_line' id='line_1_44' title="bbox 544 2656 2121 2726; baseline -0.003 -13"><span class='ocrx_word' id='word_1_303' title='bbox 544 2671 600 2713; x_wconf 85' lang='lat' dir='ltr'><strong>et</strong></span> <span class='ocrx_word' id='word_1_304' title='bbox 634 2657 829 2712; x_wconf 66' lang='lat' dir='ltr'><strong>malum</strong></span> <span class='ocrx_word' id='word_1_305' title='bbox 852 2657 1134 2713; x_wconf 89' lang='lat' dir='ltr'><strong>interesse.</strong></span> <span class='ocrx_word' id='word_1_306' title='bbox 1164 2656 1674 2726; x_wconf 86' lang='lat' dir='ltr'><strong>lncompreltensum</strong></span> <span class='ocrx_word' id='word_1_307' title='bbox 1727 2669 1857 2711; x_wconf 89' lang='lat' dir='ltr'><strong>vero</strong></span> <span class='ocrx_word' id='word_1_308' title='bbox 1915 2656 2016 2712; x_wconf 90' lang='lat' dir='ltr'><strong>hoc</strong></span> <span class='ocrx_word' id='word_1_309' title='bbox 2065 2663 2121 2709; x_wconf 89' lang='lat' dir='ltr'><strong>et</strong></span> 
     </span>
    </p>
   </div>
   <div class='ocr_carea' id='block_1_45' title="bbox 544 2748 2116 2817">
    <p class='ocr_par' dir='ltr' id='par_1_45' title="bbox 544 2748 2116 2817">
     <span class='ocr_line' id='line_1_45' title="bbox 544 2748 2116 2817; baseline 0 -14"><span class='ocrx_word' id='word_1_310' title='bbox 544 2750 891 2813; x_wconf 88' lang='lat' dir='ltr'><strong>immensum,</strong></span> <span class='ocrx_word' id='word_1_311' title='bbox 937 2763 1035 2803; x_wconf 89' lang='lat' dir='ltr'><strong>nec</strong></span> <span class='ocrx_word' id='word_1_312' title='bbox 1093 2749 1144 2802; x_wconf 92' lang='lat' dir='ltr'><strong>id</strong></span> <span class='ocrx_word' id='word_1_313' title='bbox 1199 2748 1433 2802; x_wconf 86' lang='lat' dir='ltr'><strong>humana</strong></span> <span class='ocrx_word' id='word_1_314' title='bbox 1480 2761 1632 2802; x_wconf 87' lang='lat' dir='ltr'><strong>mens</strong></span> <span class='ocrx_word' id='word_1_315' title='bbox 1679 2762 1876 2817; x_wconf 86' lang='lat' dir='ltr'><strong>capere</strong></span> <span class='ocrx_word' id='word_1_316' title='bbox 1920 2755 2116 2817; x_wconf 80' lang='lat' dir='ltr'><strong>potest.</strong></span> 
     </span>
    </p>
   </div>
   <div class='ocr_carea' id='block_1_46' title="bbox 544 2836 2121 2908">
    <p class='ocr_par' dir='ltr' id='par_1_46' title="bbox 544 2836 2121 2908">
     <span class='ocr_line' id='line_1_46' title="bbox 544 2836 2121 2908; baseline -0.001 -13"><span class='ocrx_word' id='word_1_317' title='bbox 544 2839 693 2896; x_wconf 80' lang='lat' dir='ltr'><strong>Dixit</strong></span> <span class='ocrx_word' id='word_1_318' title='bbox 715 2839 880 2908; x_wconf 81' lang='lat' dir='ltr'><strong>igitur</strong></span> <span class='ocrx_word' id='word_1_319' title='bbox 911 2838 1127 2893; x_wconf 83' lang='lat' dir='ltr'><strong>divinus</strong></span> <span class='ocrx_word' id='word_1_320' title='bbox 1158 2838 1422 2907; x_wconf 90' lang='lat' dir='ltr'><strong>propbeta</strong></span> <span class='ocrx_word' id='word_1_321' title='bbox 1446 2836 1652 2894; x_wconf 86' lang='lat' dir='ltr'><strong>lsaias:</strong></span> <span class='ocrx_word' id='word_1_322' title='bbox 1691 2856 1710 2889; x_wconf 82' lang='grc' dir='ltr'><strong>ι</strong></span> <span class='ocrx_word' id='word_1_323' title='bbox 1741 2838 1873 2906; x_wconf 84' lang='lat' dir='ltr'><strong>Quis</strong></span> <span class='ocrx_word' id='word_1_324' title='bbox 1903 2853 2121 2894; x_wconf 81' lang='lat' dir='ltr'><strong>mensus</strong></span> 
     </span>
    </p>
   </div>
   <div class='ocr_carea' id='block_1_47' title="bbox 545 2923 2124 2999">
    <p class='ocr_par' dir='ltr' id='par_1_47' title="bbox 545 2923 2124 2999">
     <span class='ocr_line' id='line_1_47' title="bbox 545 2923 2124 2999; baseline -0.002 -13"><span class='ocrx_word' id='word_1_325' title='bbox 545 2941 630 2986; x_wconf 88' lang='lat' dir='ltr'><strong>est</strong></span> <span class='ocrx_word' id='word_1_326' title='bbox 660 2945 820 2984; x_wconf 87' lang='lat' dir='ltr'><strong>manu</strong></span> <span class='ocrx_word' id='word_1_327' title='bbox 852 2944 1070 2999; x_wconf 89' lang='lat' dir='ltr'><strong>aquam,</strong></span> <span class='ocrx_word' id='word_1_328' title='bbox 1115 2938 1170 2985; x_wconf 89' lang='lat' dir='ltr'><strong>et</strong></span> <span class='ocrx_word' id='word_1_329' title='bbox 1201 2929 1398 2986; x_wconf 58' lang='lat' dir='ltr'><strong>caelum</strong></span> <span class='ocrx_word' id='word_1_330' title='bbox 1430 2929 1632 2998; x_wconf 89' lang='lat' dir='ltr'><strong>palmo,</strong></span> <span class='ocrx_word' id='word_1_331' title='bbox 1671 2941 1730 2986; x_wconf 87' lang='lat' dir='ltr'><strong>et</strong></span> <span class='ocrx_word' id='word_1_332' title='bbox 1757 2923 1970 2986; x_wconf 83' lang='lat' dir='ltr'><strong>omnem</strong></span> <span class='ocrx_word' id='word_1_333' title='bbox 2023 2939 2124 2984; x_wconf 89' lang='lat' dir='ltr'><strong>ter-</strong></span> 
     </span>
    </p>
   </div>
   <div class='ocr_carea' id='block_1_48' title="bbox 547 3022 2123 3094">
    <p class='ocr_par' dir='ltr' id='par_1_48' title="bbox 547 3022 2123 3094">
     <span class='ocr_line' id='line_1_48' title="bbox 547 3022 2123 3094; baseline -0.002 -14"><span class='ocrx_word' id='word_1_334' title='bbox 547 3041 661 3080; x_wconf 91' lang='lat' dir='ltr'><strong>ram</strong></span> <span class='ocrx_word' id='word_1_335' title='bbox 687 3023 902 3094; x_wconf 83' lang='lat' dir='ltr'><strong>pugno?</strong></span> <span class='ocrx_word' id='word_1_336' title='bbox 933 3023 1056 3092; x_wconf 88' lang='lat' dir='ltr'><strong>quis</strong></span> <span class='ocrx_word' id='word_1_337' title='bbox 1091 3022 1346 3092; x_wconf 83' lang='lat' dir='ltr'><strong>appendit</strong></span> <span class='ocrx_word' id='word_1_338' title='bbox 1387 3031 1599 3077; x_wconf 90' lang='lat' dir='ltr'><strong>montes</strong></span> <span class='ocrx_word' id='word_1_339' title='bbox 1642 3023 1898 3093; x_wconf 89' lang='lat' dir='ltr'><strong>pondere,</strong></span> <span class='ocrx_word' id='word_1_340' title='bbox 1927 3033 1980 3078; x_wconf 92' lang='lat' dir='ltr'><strong>et</strong></span> <span class='ocrx_word' id='word_1_341' title='bbox 2033 3039 2123 3077; x_wconf 88' lang='lat' dir='ltr'><strong>ru-</strong></span> 
     </span>
    </p>
   </div>
   <div class='ocr_carea' id='block_1_49' title="bbox 2218 1914 3818 2003">
    <p class='ocr_par' dir='ltr' id='par_1_49' title="bbox 2218 1914 3818 2003">
     <span class='ocr_line' id='line_1_49' title="bbox 2218 1914 3818 2003; baseline -0.013 -18"><span class='ocrx_word' id='word_1_342' title='bbox 2218 1932 2317 2003; x_wconf 83' lang='grc' dir='ltr'>τὴν</span> <span class='ocrx_word' id='word_1_343' title='bbox 2342 1931 2580 1984; x_wconf 83' lang='grc' dir='ltr'>διάνοιαν</span> <span class='ocrx_word' id='word_1_344' title='bbox 2633 1929 2876 1999; x_wconf 76' lang='grc' dir='ltr'>ἔχοντες,</span> <span class='ocrx_word' id='word_1_345' title='bbox 2912 1922 3309 1996; x_wconf 74' lang='grc' dir='ltr'>ἐρηρεισμένην</span> <span class='ocrx_word' id='word_1_346' title='bbox 3341 1919 3398 1972; x_wconf 83' lang='grc' dir='ltr'>δὲ</span> <span class='ocrx_word' id='word_1_347' title='bbox 3443 1917 3676 1987; x_wconf 79' lang='grc' dir='ltr'>μᾶλλον,</span> <span class='ocrx_word' id='word_1_348' title='bbox 3727 1914 3818 1966; x_wconf 82' lang='grc' dir='ltr'><strong>καὶ</strong></span> 
     </span>
    </p>
   </div>
   <div class='ocr_carea' id='block_1_50' title="bbox 2221 2006 3816 2093">
    <p class='ocr_par' dir='ltr' id='par_1_50' title="bbox 2221 2006 3816 2093">
     <span class='ocr_line' id='line_1_50' title="bbox 2221 2006 3816 2093; baseline -0.013 -15"><span class='ocrx_word' id='word_1_349' title='bbox 2221 2023 2472 2093; x_wconf 60' lang='grc' dir='ltr'>εἴωθενῆ,</span> <span class='ocrx_word' id='word_1_350' title='bbox 2511 2022 2606 2076; x_wconf 61' lang='grc' dir='ltr'><strong>καλ⁵</strong></span> <span class='ocrx_word' id='word_1_351' title='bbox 2640 2022 2774 2075; x_wconf 81' lang='grc' dir='ltr'>πολὺ</span> <span class='ocrx_word' id='word_1_352' title='bbox 2807 2020 3109 2091; x_wconf 79' lang='grc' dir='ltr'>βλέπουσαν</span> <span class='ocrx_word' id='word_1_353' title='bbox 3143 2015 3235 2068; x_wconf 70' lang='grc' dir='ltr'><strong>ἐπὶ</strong></span> <span class='ocrx_word' id='word_1_354' title='bbox 3265 2013 3326 2066; x_wconf 82' lang='grc' dir='ltr'>τὸ</span> <span class='ocrx_word' id='word_1_355' title='bbox 3350 2013 3550 2082; x_wconf 77' lang='grc' dir='ltr'>χρῆναι</span> <span class='ocrx_word' id='word_1_356' title='bbox 3572 2006 3816 2077; x_wconf 70' lang='grc' dir='ltr'>πληροῦν</span> 
     </span>
    </p>
   </div>
   <div class='ocr_carea' id='block_1_51' title="bbox 2217 2099 3813 2186">
    <p class='ocr_par' dir='ltr' id='par_1_51' title="bbox 2217 2099 3813 2186">
     <span class='ocr_line' id='line_1_51' title="bbox 2217 2099 3813 2186; baseline -0.013 -18"><span class='ocrx_word' id='word_1_357' title='bbox 2217 2114 2289 2168; x_wconf 88' lang='grc' dir='ltr'><strong>τά</strong></span> <span class='ocrx_word' id='word_1_358' title='bbox 2323 2115 2406 2184; x_wconf 74' lang='grc' dir='ltr'><strong>ἐφ’</strong></span> <span class='ocrx_word' id='word_1_359' title='bbox 2438 2111 2635 2186; x_wconf 79' lang='grc' dir='ltr'>οἷσπερ</span> <span class='ocrx_word' id='word_1_360' title='bbox 2672 2113 2738 2167; x_wconf 83' lang='grc' dir='ltr'><strong>ἂν</strong></span> <span class='ocrx_word' id='word_1_361' title='bbox 2769 2110 2963 2182; x_wconf 79' lang='grc' dir='ltr'>ἡσθείη</span> <span class='ocrx_word' id='word_1_362' title='bbox 2996 2108 3148 2170; x_wconf 83' lang='grc' dir='ltr'>Θεός.</span> <span class='ocrx_word' id='word_1_363' title='bbox 3179 2105 3322 2159; x_wconf 77' lang='grc' dir='ltr'>Ἀλλ’</span> <span class='ocrx_word' id='word_1_364' title='bbox 3355 2104 3491 2156; x_wconf 80' lang='grc' dir='ltr'>ὅταν</span> <span class='ocrx_word' id='word_1_365' title='bbox 3548 2099 3813 2166; x_wconf 79' lang='grc' dir='ltr'>ὲπαγγεξ-</span> 
     </span>
    </p>
   </div>
   <div class='ocr_carea' id='block_1_52' title="bbox 2219 2185 3815 2274">
    <p class='ocr_par' dir='ltr' id='par_1_52' title="bbox 2219 2185 3815 2274">
     <span class='ocr_line' id='line_1_52' title="bbox 2219 2185 3815 2274; baseline -0.013 -18"><span class='ocrx_word' id='word_1_366' title='bbox 2219 2202 2400 2274; x_wconf 90' lang='grc' dir='ltr'>λωμαι</span> <span class='ocrx_word' id='word_1_367' title='bbox 2451 2185 2655 2264; x_wconf 83' lang='grc' dir='ltr'>ταῦτα,</span> <span class='ocrx_word' id='word_1_368' title='bbox 2717 2200 2894 2268; x_wconf 84' lang='grc' dir='ltr'>φησὶ,</span> <span class='ocrx_word' id='word_1_369' title='bbox 2958 2197 3033 2266; x_wconf 80' lang='grc' dir='ltr'>μὴ</span> <span class='ocrx_word' id='word_1_370' title='bbox 3090 2194 3470 2262; x_wconf 85' lang='grc' dir='ltr'>ἀπιστήσητε,</span> <span class='ocrx_word' id='word_1_371' title='bbox 3523 2189 3666 2260; x_wconf 63' lang='grc' dir='ltr'>μήτε</span> <span class='ocrx_word' id='word_1_372' title='bbox 3713 2185 3815 2255; x_wconf 74' lang='grc' dir='ltr'>μὴν</span> 
     </span>
    </p>
   </div>
   <div class='ocr_carea' id='block_1_53' title="bbox 2221 2279 3813 2364">
    <p class='ocr_par' dir='ltr' id='par_1_53' title="bbox 2221 2279 3813 2364">
     <span class='ocr_line' id='line_1_53' title="bbox 2221 2279 3813 2364; baseline -0.009 -17"><span class='ocrx_word' id='word_1_373' title='bbox 2221 2295 2496 2364; x_wconf 86' lang='grc' dir='ltr'>ἀμήνυτον</span> <span class='ocrx_word' id='word_1_374' title='bbox 2521 2292 2632 2364; x_wconf 83' lang='grc' dir='ltr'>[ῑσ.</span> <span class='ocrx_word' id='word_1_375' title='bbox 2670 2289 2964 2362; x_wconf 83' lang='grc' dir='ltr'>ἀνήνυτον]</span> <span class='ocrx_word' id='word_1_376' title='bbox 2993 2287 3210 2340; x_wconf 71' lang='grc' dir='ltr'>ἔσεσθαι</span> <span class='ocrx_word' id='word_1_377' title='bbox 3239 2284 3341 2354; x_wconf 81' lang='grc' dir='ltr'>τῆς</span> <span class='ocrx_word' id='word_1_378' title='bbox 3375 2282 3559 2336; x_wconf 80' lang='grc' dir='ltr'>αὐτῶν</span> <span class='ocrx_word' id='word_1_379' title='bbox 3595 2279 3813 2348; x_wconf 76' lang='grc' dir='ltr'>γνώμης</span> 
     </span>
    </p>
   </div>
   <div class='ocr_carea' id='block_1_54' title="bbox 2221 2372 3811 2458">
    <p class='ocr_par' dir='ltr' id='par_1_54' title="bbox 2221 2372 3811 2458">
     <span class='ocr_line' id='line_1_54' title="bbox 2221 2372 3811 2458; baseline -0.013 -16"><span class='ocrx_word' id='word_1_380' title='bbox 2221 2387 2316 2456; x_wconf 84' lang='grc' dir='ltr'><strong>τὴν</strong></span> <span class='ocrx_word' id='word_1_381' title='bbox 2347 2385 2651 2458; x_wconf 77' lang='grc' dir='ltr'>μεταϐολὴν</span> <span class='ocrx_word' id='word_1_382' title='bbox 2677 2383 3090 2454; x_wconf 75' lang='grc' dir='ltr'>ὑπολαμϐάνετε</span> <span class='ocrx_word' id='word_1_383' title='bbox 3108 2395 3121 2409; x_wconf 87' lang='grc'><strong>·</strong></span> <span class='ocrx_word' id='word_1_384' title='bbox 3148 2381 3208 2433; x_wconf 84' lang='grc' dir='ltr'>οὑ</span> <span class='ocrx_word' id='word_1_385' title='bbox 3233 2378 3344 2448; x_wconf 85' lang='grc' dir='ltr'><strong>γάρ</strong></span> <span class='ocrx_word' id='word_1_386' title='bbox 3373 2377 3520 2428; x_wconf 83' lang='grc' dir='ltr'>εἰσιν</span> <span class='ocrx_word' id='word_1_387' title='bbox 3555 2375 3609 2427; x_wconf 80' lang='grc' dir='ltr'>αἱ</span> <span class='ocrx_word' id='word_1_388' title='bbox 3635 2372 3811 2443; x_wconf 80' lang='grc' dir='ltr'>βουλαί</span> 
     </span>
    </p>
   </div>
   <div class='ocr_carea' id='block_1_55' title="bbox 2223 2467 3810 2546">
    <p class='ocr_par' dir='ltr' id='par_1_55' title="bbox 2223 2467 3810 2546">
     <span class='ocr_line' id='line_1_55' title="bbox 2223 2467 3810 2546; baseline -0.008 -17"><span class='ocrx_word' id='word_1_389' title='bbox 2223 2495 2327 2546; x_wconf 87' lang='grc' dir='ltr'><strong>μου</strong></span> <span class='ocrx_word' id='word_1_390' title='bbox 2361 2476 2552 2545; x_wconf 83' lang='grc' dir='ltr'>ὥσπερ</span> <span class='ocrx_word' id='word_1_391' title='bbox 2581 2477 2636 2528; x_wconf 80' lang='grc' dir='ltr'>αἱ</span> <span class='ocrx_word' id='word_1_392' title='bbox 2671 2475 2858 2544; x_wconf 78' lang='grc' dir='ltr'>βουλαὶ</span> <span class='ocrx_word' id='word_1_393' title='bbox 2889 2472 3065 2544; x_wconf 84' lang='grc' dir='ltr'>ὑμῶν,</span> <span class='ocrx_word' id='word_1_394' title='bbox 3093 2472 3213 2525; x_wconf 80' lang='grc' dir='ltr'>οὐδὲ</span> <span class='ocrx_word' id='word_1_395' title='bbox 3237 2471 3431 2540; x_wconf 83' lang='grc' dir='ltr'>ὥσπερ</span> <span class='ocrx_word' id='word_1_396' title='bbox 3462 2469 3522 2520; x_wconf 87' lang='grc' dir='ltr'>αἱ</span> <span class='ocrx_word' id='word_1_397' title='bbox 3550 2467 3662 2520; x_wconf 82' lang='grc' dir='ltr'>ὁδοί</span> <span class='ocrx_word' id='word_1_398' title='bbox 3691 2482 3810 2534; x_wconf 85' lang='grc' dir='ltr'>μου,</span> 
     </span>
    </p>
   </div>
   <div class='ocr_carea' id='block_1_56' title="bbox 2222 2555 3814 2637">
    <p class='ocr_par' dir='ltr' id='par_1_56' title="bbox 2222 2555 3814 2637">
     <span class='ocr_line' id='line_1_56' title="bbox 2222 2555 3814 2637; baseline -0.009 -15"><span class='ocrx_word' id='word_1_399' title='bbox 2222 2571 2276 2622; x_wconf 82' lang='grc' dir='ltr'>αἱ</span> <span class='ocrx_word' id='word_1_400' title='bbox 2336 2569 2446 2621; x_wconf 79' lang='grc' dir='ltr'>ὁδοὶ</span> <span class='ocrx_word' id='word_1_401' title='bbox 2498 2567 2672 2637; x_wconf 80' lang='grc' dir='ltr'>ὑμῶν.</span> <span class='ocrx_word' id='word_1_402' title='bbox 2727 2567 2886 2635; x_wconf 82' lang='grc' dir='ltr'>Ὑμῖν</span> <span class='ocrx_word' id='word_1_403' title='bbox 2935 2567 3044 2636; x_wconf 74' lang='grc' dir='ltr'><strong>γὰρ</strong></span> <span class='ocrx_word' id='word_1_404' title='bbox 3103 2562 3412 2632; x_wconf 87' lang='grc' dir='ltr'>ἀνθρώποις</span> <span class='ocrx_word' id='word_1_405' title='bbox 3471 2555 3597 2613; x_wconf 82' lang='grc' dir='ltr'>οὖσι</span> <span class='ocrx_word' id='word_1_406' title='bbox 3664 2557 3814 2627; x_wconf 66' lang='grc' dir='ltr'>φύσει</span> 
     </span>
    </p>
   </div>
   <div class='ocr_carea' id='block_1_57' title="bbox 2223 2650 3813 2728">
    <p class='ocr_par' dir='ltr' id='par_1_57' title="bbox 2223 2650 3813 2728">
     <span class='ocr_line' id='line_1_57' title="bbox 2223 2650 3813 2728; baseline -0.009 -15"><span class='ocrx_word' id='word_1_407' title='bbox 2223 2660 2448 2714; x_wconf 82' lang='grc' dir='ltr'>πλεῖστά</span> <span class='ocrx_word' id='word_1_408' title='bbox 2489 2659 2549 2712; x_wconf 78' lang='grc' dir='ltr'>τέ</span> <span class='ocrx_word' id='word_1_409' title='bbox 2601 2660 2719 2711; x_wconf 77' lang='grc' dir='ltr'>ἐστι</span> <span class='ocrx_word' id='word_1_410' title='bbox 2765 2658 2873 2710; x_wconf 85' lang='grc' dir='ltr'>τῶν</span> <span class='ocrx_word' id='word_1_411' title='bbox 2925 2658 3268 2728; x_wconf 81' lang='grc' dir='ltr'>πραγμάτων</span> <span class='ocrx_word' id='word_1_412' title='bbox 3301 2653 3369 2706; x_wconf 89' lang='grc' dir='ltr'>τὰ</span> <span class='ocrx_word' id='word_1_413' title='bbox 3424 2653 3680 2723; x_wconf 75' lang='grc' dir='ltr'>δυσεργῆ</span> <span class='ocrx_word' id='word_1_414' title='bbox 3730 2650 3813 2703; x_wconf 80' lang='grc' dir='ltr'>καὶ</span> 
     </span>
    </p>
   </div>
   <div class='ocr_carea' id='block_1_58' title="bbox 2221 2741 3810 2821">
    <p class='ocr_par' dir='ltr' id='par_1_58' title="bbox 2221 2741 3810 2821">
     <span class='ocr_line' id='line_1_58' title="bbox 2221 2741 3810 2821; baseline -0.008 -17"><span class='ocrx_word' id='word_1_415' title='bbox 2221 2753 2478 2821; x_wconf 87' lang='grc' dir='ltr'>ἀνήνυτα.</span> <span class='ocrx_word' id='word_1_416' title='bbox 2503 2750 2578 2803; x_wconf 81' lang='grc' dir='ltr'><strong>Οὐ</strong></span> <span class='ocrx_word' id='word_1_417' title='bbox 2608 2749 2716 2819; x_wconf 80' lang='grc' dir='ltr'><strong>γὰρ</strong></span> <span class='ocrx_word' id='word_1_418' title='bbox 2740 2751 2868 2813; x_wconf 82' lang='grc' dir='ltr'>πᾶν,</span> <span class='ocrx_word' id='word_1_419' title='bbox 2895 2750 3030 2817; x_wconf 79' lang='grc' dir='ltr'>ὅπερ</span> <span class='ocrx_word' id='word_1_420' title='bbox 3047 2745 3254 2798; x_wconf 70' lang='grc' dir='ltr'>ἕλοισθε</span> <span class='ocrx_word' id='word_1_421' title='bbox 3272 2745 3430 2815; x_wconf 83' lang='grc' dir='ltr'>δρᾷν,</span> <span class='ocrx_word' id='word_1_422' title='bbox 3457 2742 3625 2796; x_wconf 87' lang='grc' dir='ltr'>τοῦτο</span> <span class='ocrx_word' id='word_1_423' title='bbox 3646 2741 3810 2809; x_wconf 73' lang='grc' dir='ltr'>πάντη</span> 
     </span>
    </p>
   </div>
   <div class='ocr_carea' id='block_1_59' title="bbox 2220 2837 3811 2912">
    <p class='ocr_par' dir='ltr' id='par_1_59' title="bbox 2220 2837 3811 2912">
     <span class='ocr_line' id='line_1_59' title="bbox 2220 2837 3811 2912; baseline -0.005 -17"><span class='ocrx_word' id='word_1_424' title='bbox 2220 2859 2281 2895; x_wconf 86' lang='grc' dir='ltr'><strong>τε</strong></span> <span class='ocrx_word' id='word_1_425' title='bbox 2309 2842 2402 2895; x_wconf 79' lang='grc' dir='ltr'><strong>καὶ</strong></span> <span class='ocrx_word' id='word_1_426' title='bbox 2436 2842 2652 2905; x_wconf 81' lang='grc' dir='ltr'>πάντως</span> <span class='ocrx_word' id='word_1_427' title='bbox 2691 2842 2979 2912; x_wconf 85' lang='grc' dir='ltr'>δραμεῖται</span> <span class='ocrx_word' id='word_1_428' title='bbox 3025 2841 3164 2910; x_wconf 81' lang='grc' dir='ltr'>πρὸς</span> <span class='ocrx_word' id='word_1_429' title='bbox 3206 2839 3415 2910; x_wconf 78' lang='grc' dir='ltr'>πέραςο</span> <span class='ocrx_word' id='word_1_430' title='bbox 3461 2839 3590 2907; x_wconf 77' lang='grc' dir='ltr'>ἐμοὶ</span> <span class='ocrx_word' id='word_1_431' title='bbox 3621 2837 3681 2888; x_wconf 84' lang='grc' dir='ltr'>δὲ</span> <span class='ocrx_word' id='word_1_432' title='bbox 3711 2837 3811 2888; x_wconf 73' lang='grc' dir='ltr'>ὁντι</span> 
     </span>
    </p>
   </div>
   <div class='ocr_carea' id='block_1_60' title="bbox 2223 2929 3815 3004">
    <p class='ocr_par' dir='ltr' id='par_1_60' title="bbox 2223 2929 3815 3004">
     <span class='ocr_line' id='line_1_60' title="bbox 2223 2929 3815 3004; baseline -0.006 -20"><span class='ocrx_word' id='word_1_433' title='bbox 2223 2932 2341 3004; x_wconf 79' lang='grc' dir='ltr'>Θεῷ</span> <span class='ocrx_word' id='word_1_434' title='bbox 2381 2933 2497 2986; x_wconf 80' lang='grc' dir='ltr'>λεῖα</span> <span class='ocrx_word' id='word_1_435' title='bbox 2537 2933 2716 3001; x_wconf 81' lang='grc' dir='ltr'>πάντη</span> <span class='ocrx_word' id='word_1_436' title='bbox 2774 2932 2867 2986; x_wconf 78' lang='grc' dir='ltr'><strong>καὶ</strong></span> <span class='ocrx_word' id='word_1_437' title='bbox 2927 2931 3187 3002; x_wconf 79' lang='grc' dir='ltr'>εὐήλατα,</span> <span class='ocrx_word' id='word_1_438' title='bbox 3237 2930 3332 2982; x_wconf 76' lang='grc' dir='ltr'>καὶ</span> <span class='ocrx_word' id='word_1_439' title='bbox 3387 2929 3543 2981; x_wconf 76' lang='grc' dir='ltr'>οὐδὲν</span> <span class='ocrx_word' id='word_1_440' title='bbox 3595 2929 3815 2986; x_wconf 81' lang='grc' dir='ltr'>ἄναντες</span> 
     </span>
    </p>
   </div>
   <div class='ocr_carea' id='block_1_61' title="bbox 2223 3016 3816 3093">
    <p class='ocr_par' dir='ltr' id='par_1_61' title="bbox 2223 3016 3816 3093">
     <span class='ocr_line' id='line_1_61' title="bbox 2223 3016 3816 3093; baseline -0.006 -15"><span class='ocrx_word' id='word_1_441' title='bbox 2223 3025 2380 3088; x_wconf 83' lang='grc' dir='ltr'>ὅλως.</span> <span class='ocrx_word' id='word_1_442' title='bbox 2439 3024 2705 3078; x_wconf 80' lang='grc' dir='ltr'>Τοσοῦτον</span> <span class='ocrx_word' id='word_1_443' title='bbox 2759 3025 2868 3093; x_wconf 84' lang='grc' dir='ltr'><strong>γὰρ</strong></span> <span class='ocrx_word' id='word_1_444' title='bbox 2905 3024 3282 3092; x_wconf 83' lang='grc' dir='ltr'>ἀφεστήκασιν</span> <span class='ocrx_word' id='word_1_445' title='bbox 3320 3023 3378 3073; x_wconf 79' lang='grc' dir='ltr'>αἱ</span> <span class='ocrx_word' id='word_1_446' title='bbox 3417 3020 3530 3072; x_wconf 82' lang='grc' dir='ltr'>ὁδοί</span> <span class='ocrx_word' id='word_1_447' title='bbox 3570 3036 3680 3089; x_wconf 84' lang='grc' dir='ltr'><strong>μου</strong></span> <span class='ocrx_word' id='word_1_448' title='bbox 3717 3016 3816 3070; x_wconf 68' lang='grc' dir='ltr'><strong>ἀπο</strong></span> 
     </span>
    </p>
   </div>
   <div class='ocr_carea' id='block_1_62' title="bbox 544 3110 2122 3191">
    <p class='ocr_par' dir='ltr' id='par_1_62' title="bbox 544 3110 2117 3188">
     <span class='ocr_line' id='line_1_62' title="bbox 544 3110 2117 3188; baseline -0.005 -12"><span class='ocrx_word' id='word_1_449' title='bbox 544 3132 642 3188; x_wconf 85' lang='lat' dir='ltr'><strong>pcs</strong></span> <span class='ocrx_word' id='word_1_450' title='bbox 666 3125 866 3171; x_wconf 81' lang='lat' dir='ltr'><strong>statera</strong></span> <span class='ocrx_word' id='word_1_451' title='bbox 895 3114 918 3168; x_wconf 88' lang='lat'><strong>?</strong></span> <span class='ocrx_word' id='word_1_452' title='bbox 959 3110 1052 3171; x_wconf 79' lang='lat' dir='ltr'><strong>aut</strong></span> <span class='ocrx_word' id='word_1_453' title='bbox 1084 3114 1207 3184; x_wconf 89' lang='lat' dir='ltr'><strong>quis</strong></span> <span class='ocrx_word' id='word_1_454' title='bbox 1237 3114 1384 3169; x_wconf 87' lang='lat' dir='ltr'><strong>novit</strong></span> <span class='ocrx_word' id='word_1_455' title='bbox 1426 3124 1659 3170; x_wconf 90' lang='lat' dir='ltr'><strong>mentem</strong></span> <span class='ocrx_word' id='word_1_456' title='bbox 1707 3115 1916 3170; x_wconf 86' lang='lat' dir='ltr'><strong>Domini</strong></span> <span class='ocrx_word' id='word_1_457' title='bbox 1969 3116 2063 3169; x_wconf 64' lang='lat'><strong>&#39;7?</strong></span> <span class='ocrx_word' id='word_1_458' title='bbox 2099 3134 2117 3168; x_wconf 81' lang='grc' dir='ltr'><strong>ι</strong></span> 
     </span>
    </p>
   </div>
   <div class='ocr_carea' id='block_1_63' title="bbox 2227 3110 3818 3191">
    <p class='ocr_par' dir='ltr' id='par_1_63' title="bbox 2227 3113 3818 3191">
     <span class='ocr_line' id='line_1_63' title="bbox 2227 3113 3818 3191; baseline -0.006 -20"><span class='ocrx_word' id='word_1_459' title='bbox 2227 3118 2331 3170; x_wconf 79' lang='grc' dir='ltr'><strong>τῶν</strong></span> <span class='ocrx_word' id='word_1_460' title='bbox 2359 3117 2494 3171; x_wconf 80' lang='grc' dir='ltr'>ὁδῶν</span> <span class='ocrx_word' id='word_1_461' title='bbox 2519 3118 2548 3170; x_wconf 85' lang='grc' dir='ltr'>ὑ</span> <span class='ocrx_word' id='word_1_462' title='bbox 2558 3117 2696 3189; x_wconf 84' lang='grc' dir='ltr'>μῶν,</span> <span class='ocrx_word' id='word_1_463' title='bbox 2737 3117 2860 3170; x_wconf 84' lang='grc' dir='ltr'>ὅσον</span> <span class='ocrx_word' id='word_1_464' title='bbox 2886 3115 2952 3191; x_wconf 82' lang='grc' dir='ltr'>ἂν</span> <span class='ocrx_word' id='word_1_465' title='bbox 2977 3119 3151 3169; x_wconf 87' lang='grc' dir='ltr'>νοοῖτο</span> <span class='ocrx_word' id='word_1_466' title='bbox 3179 3115 3240 3167; x_wconf 86' lang='grc' dir='ltr'><strong>τὸ</strong></span> <span class='ocrx_word' id='word_1_467' title='bbox 3272 3113 3476 3186; x_wconf 76' lang='grc' dir='ltr'>μεταξὺ</span> <span class='ocrx_word' id='word_1_468' title='bbox 3507 3113 3612 3182; x_wconf 79' lang='grc' dir='ltr'><strong>γῆς</strong></span> <span class='ocrx_word' id='word_1_469' title='bbox 3640 3128 3701 3163; x_wconf 89' lang='grc' dir='ltr'><strong>τε</strong></span> <span class='ocrx_word' id='word_1_470' title='bbox 3733 3113 3818 3162; x_wconf 77' lang='grc' dir='ltr'>καὶ</span> 
     </span>
    </p>
   </div>
   <div class='ocr_carea' id='block_1_64' title="bbox 544 3199 3820 3283">
    <p class='ocr_par' dir='ltr' id='par_1_64' title="bbox 544 3199 3820 3283">
     <span class='ocr_line' id='line_1_64' title="bbox 544 3199 3820 3283; baseline -0.002 -19"><span class='ocrx_word' id='word_1_471' title='bbox 544 3209 775 3283; x_wconf 87' lang='grc' dir='ltr'>οὐρανοῦ</span> <span class='ocrx_word' id='word_1_472' title='bbox 805 3226 818 3240; x_wconf 90' lang='grc'><strong>·</strong></span> <span class='ocrx_word' id='word_1_473' title='bbox 867 3207 1252 3278; x_wconf 76' lang='grc' dir='ltr'>ἀκατάληπτον</span> <span class='ocrx_word' id='word_1_474' title='bbox 1283 3208 1339 3261; x_wconf 83' lang='grc' dir='ltr'>δὲ</span> <span class='ocrx_word' id='word_1_475' title='bbox 1379 3207 1535 3262; x_wconf 89' lang='grc' dir='ltr'>τοῦτο</span> <span class='ocrx_word' id='word_1_476' title='bbox 1585 3208 1885 3276; x_wconf 85' lang='grc' dir='ltr'>παντελῶς,</span> <span class='ocrx_word' id='word_1_477' title='bbox 1942 3210 2038 3263; x_wconf 78' lang='grc' dir='ltr'><strong>καὶ</strong></span> <span class='ocrx_word' id='word_1_478' title='bbox 2077 3210 2275 3280; x_wconf 81' lang='grc' dir='ltr'>μέτρου</span> <span class='ocrx_word' id='word_1_479' title='bbox 2331 3211 2494 3282; x_wconf 81' lang='grc' dir='ltr'>πέρα,</span> <span class='ocrx_word' id='word_1_480' title='bbox 2541 3212 2635 3264; x_wconf 79' lang='grc' dir='ltr'>καὶ</span> <span class='ocrx_word' id='word_1_481' title='bbox 2675 3214 2794 3274; x_wconf 84' lang='grc' dir='ltr'>ταῖς</span> <span class='ocrx_word' id='word_1_482' title='bbox 2837 3209 3141 3281; x_wconf 81' lang='grc' dir='ltr'>ἀνθρώπων</span> <span class='ocrx_word' id='word_1_483' title='bbox 3171 3208 3435 3271; x_wconf 79' lang='grc' dir='ltr'>διανοίαις</span> <span class='ocrx_word' id='word_1_484' title='bbox 3473 3208 3574 3275; x_wconf 72' lang='grc' dir='ltr'>οὐχ</span> <span class='ocrx_word' id='word_1_485' title='bbox 3627 3199 3820 3257; x_wconf 76' lang='grc' dir='ltr'>ἁλώσι-</span> 
     </span>
    </p>
   </div>
   <div class='ocr_carea' id='block_1_65' title="bbox 549 3297 3818 3376">
    <p class='ocr_par' dir='ltr' id='par_1_65' title="bbox 549 3297 3818 3376">
     <span class='ocr_line' id='line_1_65' title="bbox 549 3297 3818 3376; baseline -0.008 -4"><span class='ocrx_word' id='word_1_486' title='bbox 549 3320 671 3373; x_wconf 75' lang='grc' dir='ltr'><strong>μονο</strong></span> <span class='ocrx_word' id='word_1_487' title='bbox 704 3304 850 3373; x_wconf 81' lang='grc' dir='ltr'>Ἔφη</span> <span class='ocrx_word' id='word_1_488' title='bbox 894 3300 1024 3372; x_wconf 77' lang='grc' dir='ltr'>γοῦν</span> <span class='ocrx_word' id='word_1_489' title='bbox 1059 3302 1153 3355; x_wconf 62' lang='grc' dir='ltr'><strong>καὶ</strong></span> <span class='ocrx_word' id='word_1_490' title='bbox 1182 3302 1212 3353; x_wconf 72' lang='grc' dir='ltr'>ὁ</span> <span class='ocrx_word' id='word_1_491' title='bbox 1237 3301 1524 3364; x_wconf 75' lang='grc' dir='ltr'>θεσπέσιος</span> <span class='ocrx_word' id='word_1_492' title='bbox 1563 3303 1850 3372; x_wconf 85' lang='grc' dir='ltr'>προφήτης</span> <span class='ocrx_word' id='word_1_493' title='bbox 1891 3301 2303 3369; x_wconf 68' lang='grc' dir='ltr'>Ἦσαῖας’·‹Τίς</span> <span class='ocrx_word' id='word_1_494' title='bbox 2348 3305 2619 3376; x_wconf 81' lang='grc' dir='ltr'>ὲμὲτρησε</span> <span class='ocrx_word' id='word_1_495' title='bbox 2653 3306 2718 3373; x_wconf 83' lang='grc' dir='ltr'>τῇ</span> <span class='ocrx_word' id='word_1_496' title='bbox 2767 3303 2912 3373; x_wconf 76' lang='grc' dir='ltr'>χειρὶ</span> <span class='ocrx_word' id='word_1_497' title='bbox 2947 3301 3009 3354; x_wconf 81' lang='grc' dir='ltr'>τὸ</span> <span class='ocrx_word' id='word_1_498' title='bbox 3058 3301 3234 3372; x_wconf 81' lang='grc' dir='ltr'>ὕδωρ,</span> <span class='ocrx_word' id='word_1_499' title='bbox 3269 3299 3378 3370; x_wconf 50' lang='grc' dir='ltr'>λκαὶ</span> <span class='ocrx_word' id='word_1_500' title='bbox 3430 3300 3516 3351; x_wconf 77' lang='grc' dir='ltr'>τὸν</span> <span class='ocrx_word' id='word_1_501' title='bbox 3579 3297 3818 3367; x_wconf 73' lang='grc' dir='ltr'>οὐρανὸν</span> 
     </span>
    </p>
   </div>
   <div class='ocr_carea' id='block_1_66' title="bbox 550 3387 3810 3469">
    <p class='ocr_par' dir='ltr' id='par_1_66' title="bbox 550 3387 3810 3469">
     <span class='ocr_line' id='line_1_66' title="bbox 550 3387 3810 3469; baseline -0.002 -20"><span class='ocrx_word' id='word_1_502' title='bbox 550 3395 824 3466; x_wconf 84' lang='grc' dir='ltr'>σπιθαμῇ,</span> <span class='ocrx_word' id='word_1_503' title='bbox 869 3395 962 3448; x_wconf 78' lang='grc' dir='ltr'><strong>καί</strong></span> <span class='ocrx_word' id='word_1_504' title='bbox 1002 3395 1183 3448; x_wconf 84' lang='grc' dir='ltr'>πᾶσαν</span> <span class='ocrx_word' id='word_1_505' title='bbox 1213 3395 1311 3464; x_wconf 86' lang='grc' dir='ltr'>τὴν</span> <span class='ocrx_word' id='word_1_506' title='bbox 1349 3395 1454 3464; x_wconf 82' lang='grc' dir='ltr'><strong>γῆν</strong></span> <span class='ocrx_word' id='word_1_507' title='bbox 1483 3394 1674 3465; x_wconf 79' lang='grc' dir='ltr'>δρακί;</span> <span class='ocrx_word' id='word_1_508' title='bbox 1729 3394 1826 3459; x_wconf 88' lang='grc' dir='ltr'>Τίς</span> <span class='ocrx_word' id='word_1_509' title='bbox 1863 3395 2059 3466; x_wconf 75' lang='grc' dir='ltr'>ἔστησε</span> <span class='ocrx_word' id='word_1_510' title='bbox 2105 3397 2174 3450; x_wconf 84' lang='grc' dir='ltr'>τὰ</span> <span class='ocrx_word' id='word_1_511' title='bbox 2213 3397 2340 3469; x_wconf 84' lang='grc' dir='ltr'>ὅρια</span> <span class='ocrx_word' id='word_1_512' title='bbox 2374 3397 2620 3468; x_wconf 83' lang='grc' dir='ltr'>σταθμῷ,</span> <span class='ocrx_word' id='word_1_513' title='bbox 2651 3397 2746 3450; x_wconf 75' lang='grc' dir='ltr'><strong>καί</strong></span> <span class='ocrx_word' id='word_1_514' title='bbox 2779 3397 2877 3459; x_wconf 87' lang='grc' dir='ltr'>τὰς</span> <span class='ocrx_word' id='word_1_515' title='bbox 2909 3396 3085 3460; x_wconf 80' lang='grc' dir='ltr'>νάπας</span> <span class='ocrx_word' id='word_1_516' title='bbox 3114 3394 3302 3466; x_wconf 80' lang='grc' dir='ltr'>ζυγῷ;</span> <span class='ocrx_word' id='word_1_517' title='bbox 3330 3393 3358 3462; x_wconf 75' lang='grc' dir='ltr'><strong>ἦ</strong></span> <span class='ocrx_word' id='word_1_518' title='bbox 3391 3391 3467 3453; x_wconf 77' lang='grc' dir='ltr'><strong>τίς</strong></span> <span class='ocrx_word' id='word_1_519' title='bbox 3494 3389 3634 3457; x_wconf 77' lang='grc' dir='ltr'>ἔγνω</span> <span class='ocrx_word' id='word_1_520' title='bbox 3677 3387 3810 3440; x_wconf 76' lang='grc' dir='ltr'>νοῦν</span> 
     </span>
    </p>
   </div>
   <div class='ocr_carea' id='block_1_67' title="bbox 544 3487 850 3558">
    <p class='ocr_par' dir='ltr' id='par_1_67' title="bbox 544 3487 850 3558">
     <span class='ocr_line' id='line_1_67' title="bbox 544 3487 850 3558; baseline -0.007 -18"><span class='ocrx_word' id='word_1_521' title='bbox 544 3489 565 3540; x_wconf 80' lang='grc'><strong>1</strong></span> <span class='ocrx_word' id='word_1_522' title='bbox 604 3487 796 3558; x_wconf 88' lang='grc' dir='ltr'>υρίου;</span> <span class='ocrx_word' id='word_1_523' title='bbox 831 3507 850 3538; x_wconf 73' lang='grc' dir='ltr'><strong>ι</strong></span> 
     </span>
    </p>
   </div>
   <div class='ocr_carea' id='block_1_68' title="bbox 622 3575 2122 3652">
    <p class='ocr_par' dir='ltr' id='par_1_68' title="bbox 622 3577 2122 3648">
     <span class='ocr_line' id='line_1_68' title="bbox 622 3577 2122 3648; baseline 0.004 -18"><span class='ocrx_word' id='word_1_524' title='bbox 622 3578 789 3633; x_wconf 70' lang='lat' dir='ltr'><strong>Vens.</strong></span> <span class='ocrx_word' id='word_1_525' title='bbox 816 3579 905 3642; x_wconf 76' lang='grc'><strong>10,</strong></span> <span class='ocrx_word' id='word_1_526' title='bbox 936 3578 1022 3632; x_wconf 83' lang='lat' dir='ltr'><strong>ll.</strong></span> <span class='ocrx_word' id='word_1_527' title='bbox 1063 3577 1274 3632; x_wconf 75' lang='lat' dir='ltr'><strong>Etenim</strong></span> <span class='ocrx_word' id='word_1_528' title='bbox 1299 3578 1739 3648; x_wconf 74' lang='lat' dir='ltr'><strong>quemadmodum</strong></span> <span class='ocrx_word' id='word_1_529' title='bbox 1767 3595 1885 3634; x_wconf 77' lang='lat' dir='ltr'><strong>cum</strong></span> <span class='ocrx_word' id='word_1_530' title='bbox 1910 3581 2122 3636; x_wconf 74' lang='lat' dir='ltr'><strong>descen-</strong></span> 
     </span>
    </p>
   </div>
   <div class='ocr_carea' id='block_1_69' title="bbox 2227 3575 3816 3652">
    <p class='ocr_par' dir='ltr' id='par_1_69' title="bbox 2313 3575 3816 3652">
     <span class='ocr_line' id='line_1_69' title="bbox 2313 3575 3816 3652; baseline -0.005 -16"><span class='ocrx_word' id='word_1_531' title='bbox 2313 3584 2409 3649; x_wconf 84' lang='grc' dir='ltr'>Ὡς</span> <span class='ocrx_word' id='word_1_532' title='bbox 2440 3584 2550 3652; x_wconf 76' lang='grc' dir='ltr'><strong>γὰρ</strong></span> <span class='ocrx_word' id='word_1_533' title='bbox 2584 3581 2811 3650; x_wconf 75' lang='grc' dir='ltr'>καταϐῇ</span> <span class='ocrx_word' id='word_1_534' title='bbox 2839 3583 3033 3646; x_wconf 83' lang='grc' dir='ltr'>ὑετὸς,</span> <span class='ocrx_word' id='word_1_535' title='bbox 3058 3583 3096 3649; x_wconf 78' lang='grc' dir='ltr'>ἢ</span> <span class='ocrx_word' id='word_1_536' title='bbox 3127 3580 3276 3650; x_wconf 81' lang='grc' dir='ltr'><strong>χιὼν</strong></span> <span class='ocrx_word' id='word_1_537' title='bbox 3307 3579 3374 3632; x_wconf 79' lang='grc' dir='ltr'>ἐκ</span> <span class='ocrx_word' id='word_1_538' title='bbox 3397 3575 3501 3630; x_wconf 75' lang='grc' dir='ltr'><strong>τοῦ</strong></span> <span class='ocrx_word' id='word_1_539' title='bbox 3524 3575 3816 3643; x_wconf 66' lang='grc' dir='ltr'>οὐρανοῦ,</span> 
     </span>
    </p>
   </div>
   <div class='ocr_carea' id='block_1_70' title="bbox 549 3668 2122 3745">
    <p class='ocr_par' dir='ltr' id='par_1_70' title="bbox 549 3668 2122 3739">
     <span class='ocr_line' id='line_1_70' title="bbox 549 3668 2122 3739; baseline 0.003 -15"><span class='ocrx_word' id='word_1_540' title='bbox 549 3672 626 3724; x_wconf 83' lang='lat' dir='ltr'><strong>dit</strong></span> <span class='ocrx_word' id='word_1_541' title='bbox 660 3669 834 3739; x_wconf 83' lang='lat' dir='ltr'><strong>pluvia</strong></span> <span class='ocrx_word' id='word_1_542' title='bbox 861 3669 938 3722; x_wconf 80' lang='lat' dir='ltr'><strong>vel</strong></span> <span class='ocrx_word' id='word_1_543' title='bbox 973 3669 1064 3722; x_wconf 76' lang='lat' dir='ltr'><strong>nia:</strong></span> <span class='ocrx_word' id='word_1_544' title='bbox 1102 3669 1166 3723; x_wconf 87' lang='lat' dir='ltr'><strong>de</strong></span> <span class='ocrx_word' id='word_1_545' title='bbox 1205 3668 1353 3735; x_wconf 73' lang='lat' dir='ltr'><strong>calo,</strong></span> <span class='ocrx_word' id='word_1_546' title='bbox 1395 3678 1441 3723; x_wconf 88' lang='lat' dir='ltr'><strong>et</strong></span> <span class='ocrx_word' id='word_1_547' title='bbox 1489 3685 1594 3723; x_wconf 80' lang='lat' dir='ltr'><strong>non</strong></span> <span class='ocrx_word' id='word_1_548' title='bbox 1637 3672 1917 3726; x_wconf 78' lang='lat' dir='ltr'><strong>revertitur</strong></span> <span class='ocrx_word' id='word_1_549' title='bbox 1960 3672 2122 3727; x_wconf 79' lang='lat' dir='ltr'><strong>donec</strong></span> 
     </span>
    </p>
   </div>
   <div class='ocr_carea' id='block_1_71' title="bbox 2227 3668 3808 3745">
    <p class='ocr_par' dir='ltr' id='par_1_71' title="bbox 2231 3669 3808 3745">
     <span class='ocr_line' id='line_1_71' title="bbox 2231 3669 3808 3745; baseline -0.006 -15"><span class='ocrx_word' id='word_1_550' title='bbox 2231 3675 2328 3730; x_wconf 77' lang='grc' dir='ltr'><strong>καί</strong></span> <span class='ocrx_word' id='word_1_551' title='bbox 2359 3677 2431 3730; x_wconf 85' lang='grc' dir='ltr'><strong>οὑ</strong></span> <span class='ocrx_word' id='word_1_552' title='bbox 2450 3674 2536 3745; x_wconf 79' lang='grc' dir='ltr'>μὴ</span> <span class='ocrx_word' id='word_1_553' title='bbox 2576 3673 2936 3744; x_wconf 71' lang='grc' dir='ltr'>ἀποστραςρῇ</span> <span class='ocrx_word' id='word_1_554' title='bbox 2983 3673 3095 3740; x_wconf 76' lang='grc' dir='ltr'>ἕως</span> <span class='ocrx_word' id='word_1_555' title='bbox 3132 3673 3209 3727; x_wconf 78' lang='grc' dir='ltr'><strong>ἂν</strong></span> <span class='ocrx_word' id='word_1_556' title='bbox 3238 3673 3471 3743; x_wconf 74' lang='grc' dir='ltr'>μεθύση</span> <span class='ocrx_word' id='word_1_557' title='bbox 3521 3671 3639 3738; x_wconf 68' lang='grc' dir='ltr'><strong>τὴν</strong></span> <span class='ocrx_word' id='word_1_558' title='bbox 3673 3669 3808 3738; x_wconf 68' lang='grc' dir='ltr'><strong>γῆν,</strong></span> 
     </span>
    </p>
   </div>
   <div class='ocr_carea' id='block_1_72' title="bbox 549 3757 3813 3836">
    <p class='ocr_par' dir='ltr' id='par_1_72' title="bbox 549 3757 3813 3836">
     <span class='ocr_line' id='line_1_72' title="bbox 549 3757 3813 3836; baseline -0.001 -21"><span class='ocrx_word' id='word_1_559' title='bbox 549 3760 767 3815; x_wconf 77' lang='lat' dir='ltr'><strong>inebriet</strong></span> <span class='ocrx_word' id='word_1_560' title='bbox 801 3769 1014 3824; x_wconf 76' lang='lat' dir='ltr'><strong>terram,</strong></span> <span class='ocrx_word' id='word_1_561' title='bbox 1042 3766 1091 3814; x_wconf 83' lang='lat' dir='ltr'><strong>et</strong></span> <span class='ocrx_word' id='word_1_562' title='bbox 1118 3767 1343 3829; x_wconf 73' lang='lat' dir='ltr'><strong>generet,</strong></span> <span class='ocrx_word' id='word_1_563' title='bbox 1376 3765 1426 3812; x_wconf 71' lang='lat' dir='ltr'><strong>et</strong></span> <span class='ocrx_word' id='word_1_564' title='bbox 1455 3757 1729 3827; x_wconf 82' lang='lat' dir='ltr'><strong>germinet,</strong></span> <span class='ocrx_word' id='word_1_565' title='bbox 1757 3768 1805 3814; x_wconf 74' lang='lat' dir='ltr'><strong>et</strong></span> <span class='ocrx_word' id='word_1_566' title='bbox 1845 3757 1930 3813; x_wconf 87' lang='lat' dir='ltr'><strong>det</strong></span> <span class='ocrx_word' id='word_1_567' title='bbox 1953 3775 2127 3813; x_wconf 77' lang='lat' dir='ltr'><strong>semen</strong></span> <span class='ocrx_word' id='word_1_568' title='bbox 2229 3766 2332 3821; x_wconf 75' lang='grc' dir='ltr'>καὶ</span> <span class='ocrx_word' id='word_1_569' title='bbox 2371 3767 2582 3836; x_wconf 78' lang='grc' dir='ltr'>ἐκτέκῃ</span> <span class='ocrx_word' id='word_1_570' title='bbox 2623 3767 2723 3820; x_wconf 77' lang='grc' dir='ltr'>καὶ</span> <span class='ocrx_word' id='word_1_571' title='bbox 2764 3765 3112 3832; x_wconf 72' lang='grc' dir='ltr'>βλαστήσει</span> <span class='ocrx_word' id='word_1_572' title='bbox 3135 3805 3150 3829; x_wconf 92' lang='grc'><strong>,</strong></span> <span class='ocrx_word' id='word_1_573' title='bbox 3201 3763 3297 3817; x_wconf 80' lang='grc' dir='ltr'>καὶ</span> <span class='ocrx_word' id='word_1_574' title='bbox 3329 3761 3412 3826; x_wconf 84' lang='grc' dir='ltr'>δῷ</span> <span class='ocrx_word' id='word_1_575' title='bbox 3446 3761 3687 3830; x_wconf 68' lang='grc' dir='ltr'>σπέρμα</span> <span class='ocrx_word' id='word_1_576' title='bbox 3737 3758 3813 3824; x_wconf 84' lang='grc' dir='ltr'>τῷ</span> 
     </span>
    </p>
   </div>
   <div class='ocr_carea' id='block_1_73' title="bbox 549 3849 2122 3928">
    <p class='ocr_par' dir='ltr' id='par_1_73' title="bbox 549 3849 2122 3921">
     <span class='ocr_line' id='line_1_73' title="bbox 549 3849 2122 3921; baseline -0.001 -15"><span class='ocrx_word' id='word_1_577' title='bbox 549 3850 741 3906; x_wconf 78' lang='lat' dir='ltr'><strong>serenti</strong></span> <span class='ocrx_word' id='word_1_578' title='bbox 794 3859 841 3904; x_wconf 87' lang='lat' dir='ltr'><strong>et</strong></span> <span class='ocrx_word' id='word_1_579' title='bbox 873 3865 1060 3919; x_wconf 83' lang='lat' dir='ltr'><strong>partem</strong></span> <span class='ocrx_word' id='word_1_580' title='bbox 1091 3850 1160 3904; x_wconf 84' lang='lat' dir='ltr'><strong>ad</strong></span> <span class='ocrx_word' id='word_1_581' title='bbox 1186 3865 1361 3905; x_wconf 69' lang='lat' dir='ltr'><strong>escam</strong></span> <span class='ocrx_word' id='word_1_582' title='bbox 1409 3864 1430 3904; x_wconf 92' lang='lat'><strong><em>:</em></strong></span> <span class='ocrx_word' id='word_1_583' title='bbox 1467 3849 1543 3904; x_wconf 69' lang='lat' dir='ltr'><strong>sic</strong></span> <span class='ocrx_word' id='word_1_584' title='bbox 1585 3849 1682 3904; x_wconf 82' lang='lat' dir='ltr'><strong>erit</strong></span> <span class='ocrx_word' id='word_1_585' title='bbox 1717 3849 1925 3906; x_wconf 65' lang='lat' dir='ltr'><strong>verbum</strong></span> <span class='ocrx_word' id='word_1_586' title='bbox 1987 3850 2122 3921; x_wconf 75' lang='lat' dir='ltr'><strong>quod</strong></span> 
     </span>
    </p>
   </div>
   <div class='ocr_carea' id='block_1_74' title="bbox 2227 3849 3810 3928">
    <p class='ocr_par' dir='ltr' id='par_1_74' title="bbox 2231 3851 3810 3928">
     <span class='ocr_line' id='line_1_74' title="bbox 2231 3851 3810 3928; baseline -0.008 -15"><span class='ocrx_word' id='word_1_587' title='bbox 2231 3858 2562 3928; x_wconf 76' lang='grc' dir='ltr'>σπείροντι,</span> <span class='ocrx_word' id='word_1_588' title='bbox 2591 3858 2690 3912; x_wconf 76' lang='grc' dir='ltr'><strong>καί</strong></span> <span class='ocrx_word' id='word_1_589' title='bbox 2722 3859 2907 3927; x_wconf 76' lang='grc' dir='ltr'>ἄρτον</span> <span class='ocrx_word' id='word_1_590' title='bbox 2938 3859 3024 3922; x_wconf 88' lang='grc' dir='ltr'><strong>είς</strong></span> <span class='ocrx_word' id='word_1_591' title='bbox 3039 3854 3305 3926; x_wconf 64' lang='grc' dir='ltr'>βρῶσιν·</span> <span class='ocrx_word' id='word_1_592' title='bbox 3339 3855 3533 3918; x_wconf 81' lang='grc' dir='ltr'>οὕτως</span> <span class='ocrx_word' id='word_1_593' title='bbox 3557 3854 3728 3906; x_wconf 82' lang='grc' dir='ltr'>ἔσται</span> <span class='ocrx_word' id='word_1_594' title='bbox 3753 3851 3810 3903; x_wconf 70' lang='grc' dir='ltr'>τὸ</span> 
     </span>
    </p>
   </div>
   <div class='ocr_carea' id='block_1_75' title="bbox 550 3940 2122 4019">
    <p class='ocr_par' dir='ltr' id='par_1_75' title="bbox 550 3940 2122 4011">
     <span class='ocr_line' id='line_1_75' title="bbox 550 3940 2122 4011; baseline 0 -13"><span class='ocrx_word' id='word_1_595' title='bbox 550 3941 731 3998; x_wconf 70' lang='lat' dir='ltr'><strong>exierit</strong></span> <span class='ocrx_word' id='word_1_596' title='bbox 753 3941 816 3996; x_wconf 85' lang='lat' dir='ltr'><strong>de</strong></span> <span class='ocrx_word' id='word_1_597' title='bbox 850 3955 941 3996; x_wconf 87' lang='lat' dir='ltr'><strong>ore</strong></span> <span class='ocrx_word' id='word_1_598' title='bbox 974 3957 1086 3995; x_wconf 85' lang='lat' dir='ltr'><strong>meo</strong></span> <span class='ocrx_word' id='word_1_599' title='bbox 1112 3956 1130 4006; x_wconf 86' lang='lat'><strong><em>;</em></strong></span> <span class='ocrx_word' id='word_1_600' title='bbox 1159 3956 1261 3996; x_wconf 83' lang='lat' dir='ltr'><strong>non</strong></span> <span class='ocrx_word' id='word_1_601' title='bbox 1287 3948 1596 4007; x_wconf 78' lang='lat' dir='ltr'><strong>revertetur,</strong></span> <span class='ocrx_word' id='word_1_602' title='bbox 1618 3940 1783 3996; x_wconf 78' lang='lat' dir='ltr'><strong>donec</strong></span> <span class='ocrx_word' id='word_1_603' title='bbox 1841 3941 2122 4011; x_wconf 77' lang='lat' dir='ltr'><strong>compleve-</strong></span> 
     </span>
    </p>
   </div>
   <div class='ocr_carea' id='block_1_76' title="bbox 2227 3940 3807 4019">
    <p class='ocr_par' dir='ltr' id='par_1_76' title="bbox 2227 3943 3807 4019">
     <span class='ocr_line' id='line_1_76' title="bbox 2227 3943 3807 4019; baseline -0.003 -17"><span class='ocrx_word' id='word_1_604' title='bbox 2227 3949 2388 4019; x_wconf 82' lang='grc' dir='ltr'>ῥῆμα</span> <span class='ocrx_word' id='word_1_605' title='bbox 2431 3949 2463 4002; x_wconf 80' lang='grc' dir='ltr'>ὃ</span> <span class='ocrx_word' id='word_1_606' title='bbox 2494 3949 2602 4003; x_wconf 74' lang='grc' dir='ltr'><strong>ἐὰν</strong></span> <span class='ocrx_word' id='word_1_607' title='bbox 2643 3947 2861 4017; x_wconf 77' lang='grc' dir='ltr'><strong>ἐξέλθῃ</strong></span> <span class='ocrx_word' id='word_1_608' title='bbox 2885 3949 2954 4002; x_wconf 83' lang='grc' dir='ltr'>ἐκ</span> <span class='ocrx_word' id='word_1_609' title='bbox 2975 3947 3084 4002; x_wconf 88' lang='grc' dir='ltr'><strong>τοῦ</strong></span> <span class='ocrx_word' id='word_1_610' title='bbox 3106 3947 3403 4016; x_wconf 82' lang='grc' dir='ltr'>στόματός</span> <span class='ocrx_word' id='word_1_611' title='bbox 3431 3963 3553 4015; x_wconf 83' lang='grc' dir='ltr'><strong>μου</strong></span> <span class='ocrx_word' id='word_1_612' title='bbox 3577 3961 3590 3976; x_wconf 88' lang='grc'><strong>·</strong></span> <span class='ocrx_word' id='word_1_613' title='bbox 3619 3945 3690 3997; x_wconf 84' lang='grc' dir='ltr'><strong>οὐ</strong></span> <span class='ocrx_word' id='word_1_614' title='bbox 3726 3943 3807 4012; x_wconf 79' lang='grc' dir='ltr'>μὴ</span> 
     </span>
    </p>
   </div>
   <div class='ocr_carea' id='block_1_77' title="bbox 552 4034 1156 4104">
    <p class='ocr_par' dir='ltr' id='par_1_77' title="bbox 552 4034 1156 4104">
     <span class='ocr_line' id='line_1_77' title="bbox 552 4034 1156 4104; baseline 0.002 -19"><span class='ocrx_word' id='word_1_615' title='bbox 552 4034 620 4088; x_wconf 80' lang='lat' dir='ltr'><strong>rit</strong></span> <span class='ocrx_word' id='word_1_616' title='bbox 647 4048 970 4104; x_wconf 74' lang='lat' dir='ltr'><strong>quteeunque</strong></span> <span class='ocrx_word' id='word_1_617' title='bbox 995 4034 1156 4088; x_wconf 73' lang='lat' dir='ltr'><strong>volui.</strong></span> 
     </span>
    </p>
   </div>
   <div class='ocr_carea' id='block_1_78' title="bbox 630 4123 2132 4194">
    <p class='ocr_par' dir='ltr' id='par_1_78' title="bbox 630 4123 2132 4194">
     <span class='ocr_line' id='line_1_78' title="bbox 630 4123 2132 4194; baseline -0.001 -13"><span class='ocrx_word' id='word_1_618' title='bbox 630 4123 786 4181; x_wconf 78' lang='lat' dir='ltr'><strong>Velut</strong></span> <span class='ocrx_word' id='word_1_619' title='bbox 818 4123 1068 4194; x_wconf 82' lang='lat' dir='ltr'><strong>exemplo</strong></span> <span class='ocrx_word' id='word_1_620' title='bbox 1109 4125 1397 4194; x_wconf 86' lang='lat' dir='ltr'><strong>perspicuo</strong></span> <span class='ocrx_word' id='word_1_621' title='bbox 1437 4135 1494 4182; x_wconf 88' lang='lat' dir='ltr'><strong>et</strong></span> <span class='ocrx_word' id='word_1_622' title='bbox 1543 4128 1796 4183; x_wconf 78' lang='lat' dir='ltr'><strong>omnibus</strong></span> <span class='ocrx_word' id='word_1_623' title='bbox 1847 4125 2132 4182; x_wconf 87' lang='lat' dir='ltr'><strong>notissimo</strong></span> 
     </span>
    </p>
   </div>
   <div class='ocr_carea' id='block_1_79' title="bbox 551 4215 2131 4286">
    <p class='ocr_par' dir='ltr' id='par_1_79' title="bbox 551 4215 2131 4286">
     <span class='ocr_line' id='line_1_79' title="bbox 551 4215 2131 4286; baseline -0.001 -13"><span class='ocrx_word' id='word_1_624' title='bbox 551 4216 882 4286; x_wconf 81' lang='lat' dir='ltr'><strong>persuadere</strong></span> <span class='ocrx_word' id='word_1_625' title='bbox 938 4215 1128 4273; x_wconf 84' lang='lat' dir='ltr'><strong>nititur</strong></span> <span class='ocrx_word' id='word_1_626' title='bbox 1185 4225 1386 4286; x_wconf 87' lang='lat' dir='ltr'><strong>quanta</strong></span> <span class='ocrx_word' id='word_1_627' title='bbox 1441 4219 1512 4274; x_wconf 84' lang='lat' dir='ltr'><strong>sit</strong></span> <span class='ocrx_word' id='word_1_628' title='bbox 1542 4226 1772 4274; x_wconf 91' lang='lat' dir='ltr'><strong>nutuum</strong></span> <span class='ocrx_word' id='word_1_629' title='bbox 1809 4217 1978 4286; x_wconf 84' lang='lat' dir='ltr'><strong>ipsius</strong></span> <span class='ocrx_word' id='word_1_630' title='bbox 2032 4231 2131 4286; x_wconf 89' lang='lat' dir='ltr'><strong>po-</strong></span> 
     </span>
    </p>
   </div>
   <div class='ocr_carea' id='block_1_80' title="bbox 555 4307 2131 4377">
    <p class='ocr_par' dir='ltr' id='par_1_80' title="bbox 555 4307 2131 4377">
     <span class='ocr_line' id='line_1_80' title="bbox 555 4307 2131 4377; baseline -0.001 -15"><span class='ocrx_word' id='word_1_631' title='bbox 555 4311 743 4365; x_wconf 83' lang='lat' dir='ltr'><strong>tentia.</strong></span> <span class='ocrx_word' id='word_1_632' title='bbox 770 4307 926 4364; x_wconf 83' lang='lat' dir='ltr'><strong>Cadit</strong></span> <span class='ocrx_word' id='word_1_633' title='bbox 965 4307 1108 4362; x_wconf 87' lang='lat' dir='ltr'><strong>enim</strong></span> <span class='ocrx_word' id='word_1_634' title='bbox 1140 4309 1318 4377; x_wconf 84' lang='lat' dir='ltr'><strong>pluvia</strong></span> <span class='ocrx_word' id='word_1_635' title='bbox 1356 4308 1440 4364; x_wconf 81' lang='lat' dir='ltr'><strong>vel</strong></span> <span class='ocrx_word' id='word_1_636' title='bbox 1484 4309 1577 4363; x_wconf 83' lang='lat' dir='ltr'><strong>nix</strong></span> <span class='ocrx_word' id='word_1_637' title='bbox 1618 4308 1874 4375; x_wconf 72' lang='lat' dir='ltr'><strong>etnlitus;</strong></span> <span class='ocrx_word' id='word_1_638' title='bbox 1928 4307 2131 4362; x_wconf 86' lang='lat' dir='ltr'><strong>demis-</strong></span> 
     </span>
    </p>
   </div>
   <div class='ocr_carea' id='block_1_81' title="bbox 554 4398 2131 4469">
    <p class='ocr_par' dir='ltr' id='par_1_81' title="bbox 554 4398 2131 4469">
     <span class='ocr_line' id='line_1_81' title="bbox 554 4398 2131 4469; baseline -0.001 -15"><span class='ocrx_word' id='word_1_639' title='bbox 554 4415 671 4454; x_wconf 89' lang='lat' dir='ltr'><strong>sam</strong></span> <span class='ocrx_word' id='word_1_640' title='bbox 703 4412 834 4453; x_wconf 80' lang='lat' dir='ltr'><strong>vero</strong></span> <span class='ocrx_word' id='word_1_641' title='bbox 869 4413 898 4459; x_wconf 70' lang='grc' dir='ltr'>ο</span> <span class='ocrx_word' id='word_1_642' title='bbox 935 4398 1046 4454; x_wconf 89' lang='lat' dir='ltr'><strong>Deo</strong></span> <span class='ocrx_word' id='word_1_643' title='bbox 1079 4414 1239 4454; x_wconf 90' lang='lat' dir='ltr'><strong>nemo</strong></span> <span class='ocrx_word' id='word_1_644' title='bbox 1281 4401 1542 4469; x_wconf 87' lang='lat' dir='ltr'><strong>impedire</strong></span> <span class='ocrx_word' id='word_1_645' title='bbox 1570 4401 1787 4468; x_wconf 88' lang='lat' dir='ltr'><strong>poterit,</strong></span> <span class='ocrx_word' id='word_1_646' title='bbox 1817 4401 1913 4456; x_wconf 85' lang='lat' dir='ltr'><strong>sed</strong></span> <span class='ocrx_word' id='word_1_647' title='bbox 1937 4400 2131 4455; x_wconf 86' lang='lat' dir='ltr'><strong>demit-</strong></span> 
     </span>
    </p>
   </div>
   <div class='ocr_carea' id='block_1_82' title="bbox 557 4490 2126 4560">
    <p class='ocr_par' dir='ltr' id='par_1_82' title="bbox 557 4490 2126 4560">
     <span class='ocr_line' id='line_1_82' title="bbox 557 4490 2126 4560; baseline 0.001 -17"><span class='ocrx_word' id='word_1_648' title='bbox 557 4490 722 4544; x_wconf 85' lang='lat' dir='ltr'><strong>tentis</strong></span> <span class='ocrx_word' id='word_1_649' title='bbox 769 4503 964 4557; x_wconf 90' lang='lat' dir='ltr'><strong>scopus</strong></span> <span class='ocrx_word' id='word_1_650' title='bbox 1019 4504 1084 4546; x_wconf 87' lang='lat' dir='ltr'><strong>ac</strong></span> <span class='ocrx_word' id='word_1_651' title='bbox 1128 4495 1461 4560; x_wconf 80' lang='lat' dir='ltr'><strong>propositum</strong></span> <span class='ocrx_word' id='word_1_652' title='bbox 1537 4491 1695 4546; x_wconf 87' lang='lat' dir='ltr'><strong>linem</strong></span> <span class='ocrx_word' id='word_1_653' title='bbox 1757 4492 2126 4560; x_wconf 88' lang='lat' dir='ltr'><strong>consequitur.</strong></span> 
     </span>
    </p>
   </div>
   <div class='ocr_carea' id='block_1_83' title="bbox 555 4580 2130 4653">
    <p class='ocr_par' dir='ltr' id='par_1_83' title="bbox 555 4580 2130 4653">
     <span class='ocr_line' id='line_1_83' title="bbox 555 4580 2130 4653; baseline 0.001 -19"><span class='ocrx_word' id='word_1_654' title='bbox 555 4581 866 4637; x_wconf 81' lang='lat' dir='ltr'><strong>Fecundam</strong></span> <span class='ocrx_word' id='word_1_655' title='bbox 885 4580 1042 4634; x_wconf 80' lang='lat' dir='ltr'><strong>enim</strong></span> <span class='ocrx_word' id='word_1_656' title='bbox 1076 4582 1254 4636; x_wconf 88' lang='lat' dir='ltr'><strong>reddit</strong></span> <span class='ocrx_word' id='word_1_657' title='bbox 1277 4596 1494 4637; x_wconf 89' lang='lat' dir='ltr'><strong>omnem</strong></span> <span class='ocrx_word' id='word_1_658' title='bbox 1537 4589 1758 4648; x_wconf 87' lang='lat' dir='ltr'><strong>terram,</strong></span> <span class='ocrx_word' id='word_1_659' title='bbox 1809 4583 1882 4637; x_wconf 90' lang='lat' dir='ltr'><strong>ita</strong></span> <span class='ocrx_word' id='word_1_660' title='bbox 1909 4591 1967 4638; x_wconf 91' lang='lat' dir='ltr'><strong>ut</strong></span> <span class='ocrx_word' id='word_1_661' title='bbox 1987 4582 2130 4653; x_wconf 73' lang='lat' dir='ltr'><strong>agri-</strong></span> 
     </span>
    </p>
   </div>
   <div class='ocr_carea' id='block_1_84' title="bbox 559 4671 2127 4744">
    <p class='ocr_par' dir='ltr' id='par_1_84' title="bbox 559 4671 2127 4744">
     <span class='ocr_line' id='line_1_84' title="bbox 559 4671 2127 4744; baseline 0 -17"><span class='ocrx_word' id='word_1_662' title='bbox 559 4671 690 4728; x_wconf 68' lang='lat' dir='ltr'><strong>cola:</strong></span> <span class='ocrx_word' id='word_1_663' title='bbox 726 4681 835 4728; x_wconf 89' lang='lat' dir='ltr'><strong>tum</strong></span> <span class='ocrx_word' id='word_1_664' title='bbox 867 4673 1092 4728; x_wconf 80' lang='lat' dir='ltr'><strong>seminis</strong></span> <span class='ocrx_word' id='word_1_665' title='bbox 1116 4682 1228 4728; x_wconf 87' lang='lat' dir='ltr'><strong>tum</strong></span> <span class='ocrx_word' id='word_1_666' title='bbox 1257 4675 1365 4730; x_wconf 87' lang='lat' dir='ltr'><strong>cibi</strong></span> <span class='ocrx_word' id='word_1_667' title='bbox 1414 4673 1579 4744; x_wconf 73' lang='lat'><strong>782</strong></span> <span class='ocrx_word' id='word_1_668' title='bbox 1616 4688 1862 4743; x_wconf 76' lang='lat' dir='ltr'><strong>magnam</strong></span> <span class='ocrx_word' id='word_1_669' title='bbox 1893 4674 2127 4729; x_wconf 88' lang='lat' dir='ltr'><strong>habeant</strong></span> 
     </span>
    </p>
   </div>
   <div class='ocr_carea' id='block_1_85' title="bbox 557 4762 2124 4834">
    <p class='ocr_par' dir='ltr' id='par_1_85' title="bbox 557 4762 2124 4834">
     <span class='ocr_line' id='line_1_85' title="bbox 557 4762 2124 4834; baseline 0 -16"><span class='ocrx_word' id='word_1_670' title='bbox 557 4763 788 4833; x_wconf 84' lang='lat' dir='ltr'><strong>copiam.</strong></span> <span class='ocrx_word' id='word_1_671' title='bbox 843 4762 978 4819; x_wconf 88' lang='lat' dir='ltr'><strong>Cum</strong></span> <span class='ocrx_word' id='word_1_672' title='bbox 1003 4763 1152 4818; x_wconf 84' lang='lat' dir='ltr'><strong>enim</strong></span> <span class='ocrx_word' id='word_1_673' title='bbox 1188 4765 1344 4820; x_wconf 88' lang='lat' dir='ltr'><strong>adest</strong></span> <span class='ocrx_word' id='word_1_674' title='bbox 1383 4773 1594 4834; x_wconf 82' lang='lat' dir='ltr'><strong>tempus</strong></span> <span class='ocrx_word' id='word_1_675' title='bbox 1648 4779 1754 4833; x_wconf 93' lang='lat' dir='ltr'><strong>quo</strong></span> <span class='ocrx_word' id='word_1_676' title='bbox 1812 4764 1968 4832; x_wconf 90' lang='lat' dir='ltr'><strong>plena</strong></span> <span class='ocrx_word' id='word_1_677' title='bbox 2012 4765 2124 4833; x_wconf 87' lang='lat' dir='ltr'><strong>spi-</strong></span> 
     </span>
    </p>
   </div>
   <div class='ocr_carea' id='block_1_86' title="bbox 557 4853 2131 4924">
    <p class='ocr_par' dir='ltr' id='par_1_86' title="bbox 557 4853 2131 4924">
     <span class='ocr_line' id='line_1_86' title="bbox 557 4853 2131 4924; baseline -0.001 -14"><span class='ocrx_word' id='word_1_678' title='bbox 557 4869 619 4910; x_wconf 89' lang='lat' dir='ltr'><strong>ca</strong></span> <span class='ocrx_word' id='word_1_679' title='bbox 670 4864 830 4911; x_wconf 85' lang='lat' dir='ltr'><strong>terrae</strong></span> <span class='ocrx_word' id='word_1_680' title='bbox 890 4855 1168 4920; x_wconf 87' lang='lat' dir='ltr'><strong>reddatur,</strong></span> <span class='ocrx_word' id='word_1_681' title='bbox 1208 4871 1312 4910; x_wconf 88' lang='lat' dir='ltr'><strong>non</strong></span> <span class='ocrx_word' id='word_1_682' title='bbox 1367 4855 1540 4911; x_wconf 89' lang='lat' dir='ltr'><strong>solum</strong></span> <span class='ocrx_word' id='word_1_683' title='bbox 1579 4865 1831 4924; x_wconf 67' lang='lat' dir='ltr'><strong>quaerunt</strong></span> <span class='ocrx_word' id='word_1_684' title='bbox 1851 4853 2131 4924; x_wconf 60' lang='lat' dir='ltr'><strong>.agricola:</strong></span> 
     </span>
    </p>
   </div>
   <div class='ocr_carea' id='block_1_87' title="bbox 558 4947 2132 5017">
    <p class='ocr_par' dir='ltr' id='par_1_87' title="bbox 558 4947 2132 5017">
     <span class='ocr_line' id='line_1_87' title="bbox 558 4947 2132 5017; baseline 0 -16"><span class='ocrx_word' id='word_1_685' title='bbox 558 4959 680 5014; x_wconf 70' lang='lat' dir='ltr'><strong>qua:</strong></span> <span class='ocrx_word' id='word_1_686' title='bbox 705 4947 773 5001; x_wconf 90' lang='lat' dir='ltr'><strong>ad</strong></span> <span class='ocrx_word' id='word_1_687' title='bbox 804 4947 1005 5001; x_wconf 84' lang='lat' dir='ltr'><strong>victum</strong></span> <span class='ocrx_word' id='word_1_688' title='bbox 1037 4947 1400 5016; x_wconf 88' lang='lat' dir='ltr'><strong>suppeditent,</strong></span> <span class='ocrx_word' id='word_1_689' title='bbox 1451 4947 1548 5002; x_wconf 81' lang='lat' dir='ltr'><strong>sed</strong></span> <span class='ocrx_word' id='word_1_690' title='bbox 1573 4947 1736 5002; x_wconf 89' lang='lat' dir='ltr'><strong>etiam</strong></span> <span class='ocrx_word' id='word_1_691' title='bbox 1794 4960 2132 5017; x_wconf 62' lang='lat' dir='ltr'><strong>quaecunque</strong></span> 
     </span>
    </p>
   </div>
   <div class='ocr_carea' id='block_1_88' title="bbox 561 5037 2128 5109">
    <p class='ocr_par' dir='ltr' id='par_1_88' title="bbox 561 5037 2128 5109">
     <span class='ocr_line' id='line_1_88' title="bbox 561 5037 2128 5109; baseline -0.001 -17"><span class='ocrx_word' id='word_1_692' title='bbox 561 5038 691 5105; x_wconf 91' lang='lat' dir='ltr'><strong>illis,</strong></span> <span class='ocrx_word' id='word_1_693' title='bbox 722 5049 966 5109; x_wconf 88' lang='lat' dir='ltr'><strong>tempore</strong></span> <span class='ocrx_word' id='word_1_694' title='bbox 1009 5047 1239 5094; x_wconf 89' lang='lat' dir='ltr'><strong>vocante</strong></span> <span class='ocrx_word' id='word_1_695' title='bbox 1289 5039 1356 5094; x_wconf 90' lang='lat' dir='ltr'><strong>ad</strong></span> <span class='ocrx_word' id='word_1_696' title='bbox 1401 5039 1774 5104; x_wconf 87' lang='lat' dir='ltr'><strong>laborandum,</strong></span> <span class='ocrx_word' id='word_1_697' title='bbox 1845 5037 2128 5094; x_wconf 78' lang='lat' dir='ltr'><strong>sufﬁciant.</strong></span> 
     </span>
    </p>
   </div>
   <div class='ocr_carea' id='block_1_89' title="bbox 561 5127 2130 5199">
    <p class='ocr_par' dir='ltr' id='par_1_89' title="bbox 561 5127 2130 5199">
     <span class='ocr_line' id='line_1_89' title="bbox 561 5127 2130 5199; baseline -0.001 -16"><span class='ocrx_word' id='word_1_698' title='bbox 561 5127 658 5192; x_wconf 88' lang='lat' dir='ltr'><strong>Ita,</strong></span> <span class='ocrx_word' id='word_1_699' title='bbox 685 5130 878 5199; x_wconf 89' lang='lat' dir='ltr'><strong>inquit,</strong></span> <span class='ocrx_word' id='word_1_700' title='bbox 911 5144 1071 5185; x_wconf 89' lang='lat' dir='ltr'><strong>nemo</strong></span> <span class='ocrx_word' id='word_1_701' title='bbox 1110 5144 1288 5185; x_wconf 88' lang='lat' dir='ltr'><strong>meum</strong></span> <span class='ocrx_word' id='word_1_702' title='bbox 1313 5143 1621 5185; x_wconf 83' lang='lat' dir='ltr'><strong>sermonem</strong></span> <span class='ocrx_word' id='word_1_703' title='bbox 1659 5127 1988 5198; x_wconf 86' lang='lat' dir='ltr'><strong>prohibebit,</strong></span> <span class='ocrx_word' id='word_1_704' title='bbox 2031 5143 2130 5182; x_wconf 89' lang='lat' dir='ltr'><strong>nec</strong></span> 
     </span>
    </p>
   </div>
   <div class='ocr_carea' id='block_1_90' title="bbox 559 5220 2130 5292">
    <p class='ocr_par' dir='ltr' id='par_1_90' title="bbox 559 5220 2130 5292">
     <span class='ocr_line' id='line_1_90' title="bbox 559 5220 2130 5292; baseline -0.001 -17"><span class='ocrx_word' id='word_1_705' title='bbox 559 5230 858 5288; x_wconf 71' lang='lat' dir='ltr'><strong>avertetur,</strong></span> <span class='ocrx_word' id='word_1_706' title='bbox 890 5223 942 5278; x_wconf 90' lang='lat' dir='ltr'><strong>id</strong></span> <span class='ocrx_word' id='word_1_707' title='bbox 995 5231 1102 5289; x_wconf 88' lang='lat' dir='ltr'><strong>est,</strong></span> <span class='ocrx_word' id='word_1_708' title='bbox 1131 5237 1238 5276; x_wconf 78' lang='lat' dir='ltr'><strong>non</strong></span> <span class='ocrx_word' id='word_1_709' title='bbox 1267 5222 1499 5288; x_wconf 85' lang='lat' dir='ltr'><strong>desinet,</strong></span> <span class='ocrx_word' id='word_1_710' title='bbox 1533 5222 1706 5279; x_wconf 89' lang='lat' dir='ltr'><strong>donec</strong></span> <span class='ocrx_word' id='word_1_711' title='bbox 1729 5221 1871 5292; x_wconf 92' lang='lat' dir='ltr'><strong>quod</strong></span> <span class='ocrx_word' id='word_1_712' title='bbox 1895 5221 2026 5275; x_wconf 88' lang='lat' dir='ltr'><strong>mihi</strong></span> <span class='ocrx_word' id='word_1_713' title='bbox 2049 5220 2130 5274; x_wconf 89' lang='lat' dir='ltr'><strong>vi-</strong></span> 
     </span>
    </p>
   </div>
   <div class='ocr_carea' id='block_1_91' title="bbox 561 5311 2125 5383">
    <p class='ocr_par' dir='ltr' id='par_1_91' title="bbox 561 5311 2125 5383">
     <span class='ocr_line' id='line_1_91' title="bbox 561 5311 2125 5383; baseline -0.001 -19"><span class='ocrx_word' id='word_1_714' title='bbox 561 5326 679 5367; x_wconf 91' lang='lat' dir='ltr'><strong>sum</strong></span> <span class='ocrx_word' id='word_1_715' title='bbox 708 5322 812 5379; x_wconf 74' lang='lat' dir='ltr'><strong>eet,</strong></span> <span class='ocrx_word' id='word_1_716' title='bbox 853 5314 1014 5370; x_wconf 84' lang='lat' dir='ltr'><strong>linem</strong></span> <span class='ocrx_word' id='word_1_717' title='bbox 1048 5313 1247 5383; x_wconf 86' lang='lat' dir='ltr'><strong>capiat.</strong></span> <span class='ocrx_word' id='word_1_718' title='bbox 1306 5311 1375 5367; x_wconf 85' lang='lat' dir='ltr'><strong>Et</strong></span> <span class='ocrx_word' id='word_1_719' title='bbox 1426 5326 1553 5368; x_wconf 87' lang='lat' dir='ltr'><strong>vera</strong></span> <span class='ocrx_word' id='word_1_720' title='bbox 1604 5319 1688 5368; x_wconf 89' lang='lat' dir='ltr'><strong>est</strong></span> <span class='ocrx_word' id='word_1_721' title='bbox 1744 5313 1860 5367; x_wconf 69' lang='lat' dir='ltr'><strong>haec</strong></span> <span class='ocrx_word' id='word_1_722' title='bbox 1927 5311 2125 5366; x_wconf 92' lang='lat' dir='ltr'><strong>oratio.</strong></span> 
     </span>
    </p>
   </div>
   <div class='ocr_carea' id='block_1_92' title="bbox 559 5399 2128 5475">
    <p class='ocr_par' dir='ltr' id='par_1_92' title="bbox 559 5399 2128 5475">
     <span class='ocr_line' id='line_1_92' title="bbox 559 5399 2128 5475; baseline 0.001 -19"><span class='ocrx_word' id='word_1_723' title='bbox 559 5399 718 5472; x_wconf 77' lang='lat' dir='ltr'><strong>Nam,</strong></span> <span class='ocrx_word' id='word_1_724' title='bbox 748 5405 916 5460; x_wconf 79' lang='lat' dir='ltr'><strong>sicuti</strong></span> <span class='ocrx_word' id='word_1_725' title='bbox 992 5405 1254 5475; x_wconf 85' lang='lat' dir='ltr'><strong>propheta</strong></span> <span class='ocrx_word' id='word_1_726' title='bbox 1322 5403 1486 5461; x_wconf 88' lang='lat' dir='ltr'><strong>Isaias</strong></span> <span class='ocrx_word' id='word_1_727' title='bbox 1549 5404 1665 5461; x_wconf 89' lang='lat' dir='ltr'><strong>ait:</strong></span> <span class='ocrx_word' id='word_1_728' title='bbox 1718 5421 1739 5456; x_wconf 82' lang='grc' dir='ltr'><strong>ι</strong></span> <span class='ocrx_word' id='word_1_729' title='bbox 1817 5402 1946 5470; x_wconf 58' lang='lat' dir='ltr'><strong>Quae</strong></span> <span class='ocrx_word' id='word_1_730' title='bbox 1989 5402 2128 5457; x_wconf 89' lang='lat' dir='ltr'><strong>Deus</strong></span> 
     </span>
    </p>
   </div>
   <div class='ocr_carea' id='block_1_93' title="bbox 623 5573 1182 5643">
    <p class='ocr_par' dir='ltr' id='par_1_93' title="bbox 623 5573 1182 5643">
     <span class='ocr_line' id='line_1_93' title="bbox 623 5573 1182 5643; baseline 0 -13"><span class='ocrx_word' id='word_1_731' title='bbox 623 5574 674 5607; x_wconf 76' lang='grc'><strong>’⁸⁷</strong></span> <span class='ocrx_word' id='word_1_732' title='bbox 710 5573 811 5643; x_wconf 71' lang='lat' dir='ltr'><strong>lsa.</strong></span> <span class='ocrx_word' id='word_1_733' title='bbox 845 5593 935 5642; x_wconf 74' lang='grc' dir='ltr'>ιιι,</span> <span class='ocrx_word' id='word_1_734' title='bbox 977 5575 1058 5642; x_wconf 72' lang='grc'><strong>12,</strong></span> <span class='ocrx_word' id='word_1_735' title='bbox 1094 5576 1182 5632; x_wconf 75' lang='grc'><strong>15.</strong></span> 
     </span>
    </p>
   </div>
   <div class='ocr_carea' id='block_1_94' title="bbox 622 5746 1184 5819">
    <p class='ocr_par' dir='ltr' id='par_1_94' title="bbox 622 5746 1184 5819">
     <span class='ocr_line' id='line_1_94' title="bbox 622 5746 1184 5819; baseline -0.004 -18"><span class='ocrx_word' id='word_1_736' title='bbox 622 5749 713 5819; x_wconf 69' lang='grc'><strong>(1)</strong></span> <span class='ocrx_word' id='word_1_737' title='bbox 752 5746 915 5813; x_wconf 68' lang='lat' dir='ltr'><strong>LXX,</strong></span> <span class='ocrx_word' id='word_1_738' title='bbox 946 5747 1184 5817; x_wconf 77' lang='grc' dir='ltr'>τελεσθῇ.</span> 
     </span>
    </p>
   </div>
   <div class='ocr_carea' id='block_1_95' title="bbox 2159 4357 2209 4418">
    <p class='ocr_par' dir='ltr' id='par_1_95' title="bbox 2159 4357 2209 4418">
     <span class='ocr_line' id='line_1_95' title="bbox 2159 4357 2209 4418; baseline 0 0"><span class='ocrx_word' id='word_1_739' title='bbox 2159 4357 2209 4418; x_wconf 87' lang='lat' dir='ltr'><strong>D</strong></span> 
     </span>
    </p>
   </div>
   <div class='ocr_carea' id='block_1_96' title="bbox 2228 4039 3808 4112">
    <p class='ocr_par' dir='ltr' id='par_1_96' title="bbox 2228 4039 3808 4112">
     <span class='ocr_line' id='line_1_96' title="bbox 2228 4039 3808 4112; baseline -0.004 -15"><span class='ocrx_word' id='word_1_740' title='bbox 2228 4041 2613 4112; x_wconf 59' lang='lat' dir='ltr'><strong>Moatpageﬁ,</strong></span> <span class='ocrx_word' id='word_1_741' title='bbox 2645 4043 2756 4109; x_wconf 79' lang='grc' dir='ltr'>ἕως</span> <span class='ocrx_word' id='word_1_742' title='bbox 2777 4044 2853 4097; x_wconf 83' lang='grc' dir='ltr'><strong>ἂν</strong></span> <span class='ocrx_word' id='word_1_743' title='bbox 2882 4041 3228 4110; x_wconf 77' lang='grc' dir='ltr'><strong>συντελέσῃ</strong></span> <span class='ocrx_word' id='word_1_744' title='bbox 3261 4040 3337 4112; x_wconf 74' lang='grc'><strong>(1)</strong></span> <span class='ocrx_word' id='word_1_745' title='bbox 3374 4040 3493 4093; x_wconf 81' lang='grc' dir='ltr'>ὅσα</span> <span class='ocrx_word' id='word_1_746' title='bbox 3516 4039 3808 4105; x_wconf 70' lang='grc' dir='ltr'>ἠθέλησα.</span> 
     </span>
    </p>
   </div>
   <div class='ocr_carea' id='block_1_97' title="bbox 2307 4131 3813 4204">
    <p class='ocr_par' dir='ltr' id='par_1_97' title="bbox 2307 4131 3813 4204">
     <span class='ocr_line' id='line_1_97' title="bbox 2307 4131 3813 4204; baseline -0.005 -19"><span class='ocrx_word' id='word_1_747' title='bbox 2307 4132 2400 4196; x_wconf 81' lang='grc' dir='ltr'>Ὠς</span> <span class='ocrx_word' id='word_1_748' title='bbox 2425 4134 2490 4186; x_wconf 81' lang='grc' dir='ltr'>ὲκ</span> <span class='ocrx_word' id='word_1_749' title='bbox 2521 4133 2961 4204; x_wconf 85' lang='grc' dir='ltr'>παραδείγματος</span> <span class='ocrx_word' id='word_1_750' title='bbox 2994 4131 3258 4202; x_wconf 75' lang='grc' dir='ltr'>ἐναργοῦς</span> <span class='ocrx_word' id='word_1_751' title='bbox 3287 4132 3384 4184; x_wconf 74' lang='grc' dir='ltr'>καὶ</span> <span class='ocrx_word' id='word_1_752' title='bbox 3424 4131 3561 4183; x_wconf 81' lang='grc' dir='ltr'>πᾶσι</span> <span class='ocrx_word' id='word_1_753' title='bbox 3617 4144 3813 4197; x_wconf 80' lang='grc' dir='ltr'>γνωρι-</span> 
     </span>
    </p>
   </div>
   <div class='ocr_carea' id='block_1_98' title="bbox 2233 4221 3810 4296">
    <p class='ocr_par' dir='ltr' id='par_1_98' title="bbox 2233 4221 3810 4296">
     <span class='ocr_line' id='line_1_98' title="bbox 2233 4221 3810 4296; baseline -0.004 -19"><span class='ocrx_word' id='word_1_754' title='bbox 2233 4223 2480 4295; x_wconf 83' lang='grc' dir='ltr'>μωτάτου</span> <span class='ocrx_word' id='word_1_755' title='bbox 2527 4227 2784 4296; x_wconf 76' lang='grc' dir='ltr'>πειρᾶται</span> <span class='ocrx_word' id='word_1_756' title='bbox 2833 4226 3215 4296; x_wconf 76' lang='grc' dir='ltr'>πληροφορείν,</span> <span class='ocrx_word' id='word_1_757' title='bbox 3256 4225 3356 4294; x_wconf 82' lang='grc' dir='ltr'><strong>ὅση</strong></span> <span class='ocrx_word' id='word_1_758' title='bbox 3406 4223 3494 4285; x_wconf 91' lang='grc' dir='ltr'><strong>τίς</strong></span> <span class='ocrx_word' id='word_1_759' title='bbox 3542 4223 3660 4274; x_wconf 75' lang='grc' dir='ltr'>ἐστι</span> <span class='ocrx_word' id='word_1_760' title='bbox 3709 4221 3810 4271; x_wconf 80' lang='grc' dir='ltr'>τῶν</span> 
     </span>
    </p>
   </div>
   <div class='ocr_carea' id='block_1_99' title="bbox 2232 4312 3810 4386">
    <p class='ocr_par' dir='ltr' id='par_1_99' title="bbox 2232 4312 3810 4386">
     <span class='ocr_line' id='line_1_99' title="bbox 2232 4312 3810 4386; baseline -0.003 -18"><span class='ocrx_word' id='word_1_761' title='bbox 2232 4314 2396 4368; x_wconf 86' lang='grc' dir='ltr'>αὑτοῦ</span> <span class='ocrx_word' id='word_1_762' title='bbox 2442 4317 2726 4386; x_wconf 86' lang='grc' dir='ltr'>νευμάτων</span> <span class='ocrx_word' id='word_1_763' title='bbox 2764 4319 2798 4386; x_wconf 85' lang='grc' dir='ltr'><strong>ή</strong></span> <span class='ocrx_word' id='word_1_764' title='bbox 2833 4317 3079 4386; x_wconf 87' lang='grc' dir='ltr'>δύναμις.</span> <span class='ocrx_word' id='word_1_765' title='bbox 3129 4316 3326 4368; x_wconf 88' lang='grc' dir='ltr'>Πίπτει</span> <span class='ocrx_word' id='word_1_766' title='bbox 3379 4314 3480 4384; x_wconf 82' lang='grc' dir='ltr'><strong>μὲν</strong></span> <span class='ocrx_word' id='word_1_767' title='bbox 3511 4313 3622 4383; x_wconf 78' lang='grc' dir='ltr'><strong>γὰρ</strong></span> <span class='ocrx_word' id='word_1_768' title='bbox 3668 4312 3810 4373; x_wconf 55' lang='lat'><strong>651%;</strong></span> 
     </span>
    </p>
   </div>
   <div class='ocr_carea' id='block_1_100' title="bbox 2237 4405 3810 4478">
    <p class='ocr_par' dir='ltr' id='par_1_100' title="bbox 2237 4405 3810 4478">
     <span class='ocr_line' id='line_1_100' title="bbox 2237 4405 3810 4478; baseline -0.006 -16"><span class='ocrx_word' id='word_1_769' title='bbox 2237 4407 2270 4477; x_wconf 80' lang='grc' dir='ltr'>ἢ</span> <span class='ocrx_word' id='word_1_770' title='bbox 2306 4405 2438 4477; x_wconf 84' lang='grc' dir='ltr'>χιὼν</span> <span class='ocrx_word' id='word_1_771' title='bbox 2478 4407 2538 4472; x_wconf 81' lang='grc' dir='ltr'>ἐξ</span> <span class='ocrx_word' id='word_1_772' title='bbox 2563 4407 2815 4478; x_wconf 79' lang='grc' dir='ltr'>οὐρανοῦ,</span> <span class='ocrx_word' id='word_1_773' title='bbox 2837 4408 3167 4478; x_wconf 84' lang='grc' dir='ltr'>καθιεμένην</span> <span class='ocrx_word' id='word_1_774' title='bbox 3202 4409 3259 4461; x_wconf 82' lang='grc' dir='ltr'>δὲ</span> <span class='ocrx_word' id='word_1_775' title='bbox 3286 4406 3435 4476; x_wconf 84' lang='grc' dir='ltr'><strong>παρά</strong></span> <span class='ocrx_word' id='word_1_776' title='bbox 3468 4407 3608 4459; x_wconf 86' lang='grc' dir='ltr'>Θεοῦ</span> <span class='ocrx_word' id='word_1_777' title='bbox 3629 4405 3810 4457; x_wconf 78' lang='grc' dir='ltr'>διακω-</span> 
     </span>
    </p>
   </div>
   <div class='ocr_carea' id='block_1_101' title="bbox 2239 4496 3810 4572">
    <p class='ocr_par' dir='ltr' id='par_1_101' title="bbox 2239 4496 3810 4572">
     <span class='ocr_line' id='line_1_101' title="bbox 2239 4496 3810 4572; baseline -0.003 -20"><span class='ocrx_word' id='word_1_778' title='bbox 2239 4497 2451 4552; x_wconf 86' lang='grc' dir='ltr'>λύσειεν</span> <span class='ocrx_word' id='word_1_779' title='bbox 2482 4499 2547 4554; x_wconf 81' lang='grc' dir='ltr'>ἂν</span> <span class='ocrx_word' id='word_1_780' title='bbox 2591 4499 2801 4564; x_wconf 83' lang='grc' dir='ltr'>οὐδείς·</span> <span class='ocrx_word' id='word_1_781' title='bbox 2847 4502 3029 4572; x_wconf 78' lang='grc' dir='ltr'>τρέχει</span> <span class='ocrx_word' id='word_1_782' title='bbox 3073 4501 3130 4554; x_wconf 81' lang='grc' dir='ltr'>δὲ</span> <span class='ocrx_word' id='word_1_783' title='bbox 3181 4499 3382 4571; x_wconf 79' lang='grc' dir='ltr'>μᾶλλον</span> <span class='ocrx_word' id='word_1_784' title='bbox 3410 4500 3494 4563; x_wconf 87' lang='grc' dir='ltr'><strong>είς</strong></span> <span class='ocrx_word' id='word_1_785' title='bbox 3520 4500 3695 4568; x_wconf 76' lang='grc' dir='ltr'>πέρας</span> <span class='ocrx_word' id='word_1_786' title='bbox 3721 4496 3810 4549; x_wconf 78' lang='grc' dir='ltr'><strong>τοῦ</strong></span> 
     </span>
    </p>
   </div>
   <div class='ocr_carea' id='block_1_102' title="bbox 2235 4588 3811 4662">
    <p class='ocr_par' dir='ltr' id='par_1_102' title="bbox 2235 4588 3811 4662">
     <span class='ocr_line' id='line_1_102' title="bbox 2235 4588 3811 4662; baseline -0.003 -21"><span class='ocrx_word' id='word_1_787' title='bbox 2235 4588 2514 4653; x_wconf 84' lang='grc' dir='ltr'>καθιέντος</span> <span class='ocrx_word' id='word_1_788' title='bbox 2545 4590 2707 4642; x_wconf 81' lang='grc' dir='ltr'>αὑτὸν</span> <span class='ocrx_word' id='word_1_789' title='bbox 2740 4591 2766 4642; x_wconf 83' lang='grc' dir='ltr'><strong>ὁ</strong></span> <span class='ocrx_word' id='word_1_790' title='bbox 2798 4591 2999 4653; x_wconf 82' lang='grc' dir='ltr'>σκοπός</span> <span class='ocrx_word' id='word_1_791' title='bbox 3023 4607 3034 4619; x_wconf 92' lang='grc'><strong>·</strong></span> <span class='ocrx_word' id='word_1_792' title='bbox 3072 4589 3348 4662; x_wconf 78' lang='grc' dir='ltr'>εὔκαρπον</span> <span class='ocrx_word' id='word_1_793' title='bbox 3379 4589 3488 4658; x_wconf 82' lang='grc' dir='ltr'><strong>γὰρ</strong></span> <span class='ocrx_word' id='word_1_794' title='bbox 3524 4588 3811 4656; x_wconf 67' lang='grc' dir='ltr'>ἀποφαίνει</span> 
     </span>
    </p>
   </div>
   <div class='ocr_carea' id='block_1_103' title="bbox 2234 4679 3811 4754">
    <p class='ocr_par' dir='ltr' id='par_1_103' title="bbox 2234 4679 3811 4754">
     <span class='ocr_line' id='line_1_103' title="bbox 2234 4679 3811 4754; baseline -0.001 -22"><span class='ocrx_word' id='word_1_795' title='bbox 2234 4679 2454 4734; x_wconf 76' lang='grc' dir='ltr'>ἅπασαν</span> <span class='ocrx_word' id='word_1_796' title='bbox 2499 4680 2598 4752; x_wconf 84' lang='grc' dir='ltr'><strong>τὴν</strong></span> <span class='ocrx_word' id='word_1_797' title='bbox 2653 4681 2789 4750; x_wconf 78' lang='grc' dir='ltr'><strong>γῆν,</strong></span> <span class='ocrx_word' id='word_1_798' title='bbox 2831 4681 2971 4734; x_wconf 78' lang='grc' dir='ltr'>ὥστε</span> <span class='ocrx_word' id='word_1_799' title='bbox 3013 4683 3138 4746; x_wconf 81' lang='grc' dir='ltr'>τοὺς</span> <span class='ocrx_word' id='word_1_800' title='bbox 3175 4683 3446 4754; x_wconf 78' lang='grc' dir='ltr'>γηπόνους</span> <span class='ocrx_word' id='word_1_801' title='bbox 3478 4683 3536 4734; x_wconf 84' lang='grc' dir='ltr'><strong>ὲν</strong></span> <span class='ocrx_word' id='word_1_802' title='bbox 3577 4680 3811 4751; x_wconf 65' lang='grc' dir='ltr'>ἀμφιλα-</span> 
     </span>
    </p>
   </div>
   <div class='ocr_carea' id='block_1_104' title="bbox 2235 4771 3807 4845">
    <p class='ocr_par' dir='ltr' id='par_1_104' title="bbox 2235 4771 3807 4845">
     <span class='ocr_line' id='line_1_104' title="bbox 2235 4771 3807 4845; baseline -0.001 -21"><span class='ocrx_word' id='word_1_803' title='bbox 2235 4773 2365 4842; x_wconf 78' lang='grc' dir='ltr'>φείᾳ</span> <span class='ocrx_word' id='word_1_804' title='bbox 2411 4773 2665 4839; x_wconf 84' lang='grc' dir='ltr'>γενέσθαι</span> <span class='ocrx_word' id='word_1_805' title='bbox 2715 4774 2879 4844; x_wconf 84' lang='grc' dir='ltr'>πολλῇ</span> <span class='ocrx_word' id='word_1_806' title='bbox 2940 4777 3031 4827; x_wconf 75' lang='grc' dir='ltr'><strong>καὶ</strong></span> <span class='ocrx_word' id='word_1_807' title='bbox 3068 4775 3419 4845; x_wconf 76' lang='grc' dir='ltr'>σπερμάτων,</span> <span class='ocrx_word' id='word_1_808' title='bbox 3457 4775 3552 4825; x_wconf 72' lang='grc' dir='ltr'><strong>καὶ</strong></span> <span class='ocrx_word' id='word_1_809' title='bbox 3586 4771 3807 4843; x_wconf 62' lang='grc' dir='ltr'>τροφῆς.</span> 
     </span>
    </p>
   </div>
   <div class='ocr_carea' id='block_1_105' title="bbox 2236 4862 3811 4934">
    <p class='ocr_par' dir='ltr' id='par_1_105' title="bbox 2236 4862 3811 4934">
     <span class='ocr_line' id='line_1_105' title="bbox 2236 4862 3811 4934; baseline -0.003 -18"><span class='ocrx_word' id='word_1_810' title='bbox 2236 4863 2446 4932; x_wconf 88' lang='grc' dir='ltr'>Καιροῦ</span> <span class='ocrx_word' id='word_1_811' title='bbox 2473 4863 2580 4934; x_wconf 83' lang='grc' dir='ltr'><strong>γὰρ</strong></span> <span class='ocrx_word' id='word_1_812' title='bbox 2612 4864 2764 4926; x_wconf 79' lang='grc' dir='ltr'>ὄντος</span> <span class='ocrx_word' id='word_1_813' title='bbox 2785 4865 2906 4919; x_wconf 83' lang='grc' dir='ltr'>καθ’</span> <span class='ocrx_word' id='word_1_814' title='bbox 2931 4865 2990 4918; x_wconf 86' lang='grc' dir='ltr'>ὃν</span> <span class='ocrx_word' id='word_1_815' title='bbox 3012 4866 3076 4919; x_wconf 78' lang='grc' dir='ltr'><strong>ἂν</strong></span> <span class='ocrx_word' id='word_1_816' title='bbox 3103 4864 3380 4934; x_wconf 77' lang='grc' dir='ltr'>εὐτραφὴς</span> <span class='ocrx_word' id='word_1_817' title='bbox 3404 4866 3431 4916; x_wconf 85' lang='grc' dir='ltr'>ὁ</span> <span class='ocrx_word' id='word_1_818' title='bbox 3460 4863 3665 4931; x_wconf 70' lang='grc' dir='ltr'>στάχυς</span> <span class='ocrx_word' id='word_1_819' title='bbox 3693 4862 3811 4913; x_wconf 60' lang='lat' dir='ltr'><strong>dva-</strong></span> 
     </span>
    </p>
   </div>
   <div class='ocr_carea' id='block_1_106' title="bbox 2236 4953 3812 5027">
    <p class='ocr_par' dir='ltr' id='par_1_106' title="bbox 2236 4953 3812 5027">
     <span class='ocr_line' id='line_1_106' title="bbox 2236 4953 3812 5027; baseline -0.004 -18"><span class='ocrx_word' id='word_1_820' title='bbox 2236 4953 2415 5024; x_wconf 84' lang='grc' dir='ltr'>δοθείη</span> <span class='ocrx_word' id='word_1_821' title='bbox 2460 4955 2561 5024; x_wconf 81' lang='grc' dir='ltr'><strong>τῆς</strong></span> <span class='ocrx_word' id='word_1_822' title='bbox 2587 4955 2710 5025; x_wconf 79' lang='grc' dir='ltr'>γῆς,</span> <span class='ocrx_word' id='word_1_823' title='bbox 2757 4957 2878 5026; x_wconf 70' lang='grc' dir='ltr'>οὐχὶ</span> <span class='ocrx_word' id='word_1_824' title='bbox 2916 4957 3051 5027; x_wconf 87' lang='grc' dir='ltr'>μόνα</span> <span class='ocrx_word' id='word_1_825' title='bbox 3101 4955 3171 5009; x_wconf 82' lang='grc' dir='ltr'>τὰ</span> <span class='ocrx_word' id='word_1_826' title='bbox 3201 4955 3488 5026; x_wconf 83' lang='grc' dir='ltr'>διαρκέσαι</span> <span class='ocrx_word' id='word_1_827' title='bbox 3543 4953 3812 5022; x_wconf 78' lang='grc' dir='ltr'>δυνάμενα</span> 
     </span>
    </p>
   </div>
   <div class='ocr_carea' id='block_1_107' title="bbox 2235 5043 3810 5117">
    <p class='ocr_par' dir='ltr' id='par_1_107' title="bbox 2235 5043 3810 5117">
     <span class='ocr_line' id='line_1_107' title="bbox 2235 5043 3810 5117; baseline -0.012 -7"><span class='ocrx_word' id='word_1_828' title='bbox 2235 5044 2371 5115; x_wconf 73' lang='grc' dir='ltr'>πρὸς</span> <span class='ocrx_word' id='word_1_829' title='bbox 2415 5045 2622 5116; x_wconf 81' lang='grc' dir='ltr'>τροφὴν</span> <span class='ocrx_word' id='word_1_830' title='bbox 2669 5046 2891 5116; x_wconf 79' lang='grc' dir='ltr'>ζητοῦσι</span> <span class='ocrx_word' id='word_1_831' title='bbox 2943 5047 3193 5117; x_wconf 77' lang='grc' dir='ltr'>γηπόνοι,</span> <span class='ocrx_word' id='word_1_832' title='bbox 3229 5045 3364 5098; x_wconf 87' lang='grc' dir='ltr'><strong>ἀλλά</strong></span> <span class='ocrx_word' id='word_1_833' title='bbox 3423 5043 3532 5114; x_wconf 82' lang='grc' dir='ltr'><strong>γὰρ</strong></span> <span class='ocrx_word' id='word_1_834' title='bbox 3573 5045 3669 5096; x_wconf 78' lang='grc' dir='ltr'><strong>καὶ</strong></span> <span class='ocrx_word' id='word_1_835' title='bbox 3717 5044 3810 5094; x_wconf 74' lang='grc' dir='ltr'>ὅσα</span> 
     </span>
    </p>
   </div>
   <div class='ocr_carea' id='block_1_108' title="bbox 2234 5135 3811 5207">
    <p class='ocr_par' dir='ltr' id='par_1_108' title="bbox 2234 5135 3811 5207">
     <span class='ocr_line' id='line_1_108' title="bbox 2234 5135 3811 5207; baseline -0.004 -19"><span class='ocrx_word' id='word_1_836' title='bbox 2234 5135 2395 5188; x_wconf 87' lang='grc' dir='ltr'>πάλιν</span> <span class='ocrx_word' id='word_1_837' title='bbox 2429 5136 2794 5207; x_wconf 85' lang='grc' dir='ltr'>ἀποχρήσειεν</span> <span class='ocrx_word' id='word_1_838' title='bbox 2827 5138 2894 5191; x_wconf 82' lang='grc' dir='ltr'>ἂν</span> <span class='ocrx_word' id='word_1_839' title='bbox 2924 5139 3105 5202; x_wconf 83' lang='grc' dir='ltr'>αὐτοῖς</span> <span class='ocrx_word' id='word_1_840' title='bbox 3127 5177 3143 5203; x_wconf 89' lang='grc'><strong>,</strong></span> <span class='ocrx_word' id='word_1_841' title='bbox 3174 5137 3367 5206; x_wconf 86' lang='grc' dir='ltr'>καιροῦ</span> <span class='ocrx_word' id='word_1_842' title='bbox 3403 5135 3697 5196; x_wconf 78' lang='grc' dir='ltr'>καλοῦντος</span> <span class='ocrx_word' id='word_1_843' title='bbox 3723 5135 3811 5185; x_wconf 77' lang='grc' dir='ltr'>ἐπὶ</span> 
     </span>
    </p>
   </div>
   <div class='ocr_carea' id='block_1_109' title="bbox 2232 5226 3812 5302">
    <p class='ocr_par' dir='ltr' id='par_1_109' title="bbox 2232 5226 3812 5302">
     <span class='ocr_line' id='line_1_109' title="bbox 2232 5226 3812 5302; baseline -0.006 -17"><span class='ocrx_word' id='word_1_844' title='bbox 2232 5228 2292 5280; x_wconf 83' lang='grc' dir='ltr'><strong>τὸ</strong></span> <span class='ocrx_word' id='word_1_845' title='bbox 2315 5228 2511 5299; x_wconf 76' lang='grc' dir='ltr'>χρῆναι</span> <span class='ocrx_word' id='word_1_846' title='bbox 2541 5233 2743 5284; x_wconf 85' lang='grc' dir='ltr'>πονεῖν.</span> <span class='ocrx_word' id='word_1_847' title='bbox 2764 5229 2942 5296; x_wconf 75' lang='grc' dir='ltr'>Οὕτω,</span> <span class='ocrx_word' id='word_1_848' title='bbox 2971 5232 3134 5302; x_wconf 80' lang='grc' dir='ltr'>φησὶν</span> <span class='ocrx_word' id='word_1_849' title='bbox 3158 5273 3170 5296; x_wconf 88' lang='grc'><strong>,</strong></span> <span class='ocrx_word' id='word_1_850' title='bbox 3208 5231 3308 5284; x_wconf 72' lang='grc' dir='ltr'><strong>οὐκ</strong></span> <span class='ocrx_word' id='word_1_851' title='bbox 3336 5231 3402 5284; x_wconf 78' lang='grc' dir='ltr'><strong>ἄν</strong></span> <span class='ocrx_word' id='word_1_852' title='bbox 3433 5246 3521 5292; x_wconf 86' lang='grc' dir='ltr'><strong>τις</strong></span> <span class='ocrx_word' id='word_1_853' title='bbox 3558 5227 3654 5280; x_wconf 77' lang='grc' dir='ltr'><strong>τὸν</strong></span> <span class='ocrx_word' id='word_1_854' title='bbox 3684 5226 3812 5296; x_wconf 78' lang='grc' dir='ltr'>ἐμὸν</span> 
     </span>
    </p>
   </div>
   <div class='ocr_carea' id='block_1_110' title="bbox 2231 5315 3811 5390">
    <p class='ocr_par' dir='ltr' id='par_1_110' title="bbox 2231 5315 3811 5390">
     <span class='ocr_line' id='line_1_110' title="bbox 2231 5315 3811 5390; baseline -0.001 -21"><span class='ocrx_word' id='word_1_855' title='bbox 2231 5315 2385 5386; x_wconf 73' lang='grc' dir='ltr'>εἵρξῃ</span> <span class='ocrx_word' id='word_1_856' title='bbox 2403 5315 2580 5384; x_wconf 80' lang='grc' dir='ltr'>λόγον,</span> <span class='ocrx_word' id='word_1_857' title='bbox 2610 5317 2718 5371; x_wconf 78' lang='grc' dir='ltr'>οὐδ’</span> <span class='ocrx_word' id='word_1_858' title='bbox 2740 5319 2807 5373; x_wconf 81' lang='grc' dir='ltr'>ἂν</span> <span class='ocrx_word' id='word_1_859' title='bbox 2836 5321 3236 5390; x_wconf 80' lang='grc' dir='ltr'>ἀποστραφείη,</span> <span class='ocrx_word' id='word_1_860' title='bbox 3266 5320 3564 5384; x_wconf 87' lang='grc' dir='ltr'>τουτέστιν,</span> <span class='ocrx_word' id='word_1_861' title='bbox 3598 5319 3659 5371; x_wconf 69' lang='grc' dir='ltr'>οὐ</span> <span class='ocrx_word' id='word_1_862' title='bbox 3683 5315 3811 5369; x_wconf 79' lang='grc' dir='ltr'>παύ-</span> 
     </span>
    </p>
   </div>
   <div class='ocr_carea' id='block_1_111' title="bbox 2234 5409 3812 5490">
    <p class='ocr_par' dir='ltr' id='par_1_111' title="bbox 2234 5409 3812 5490">
     <span class='ocr_line' id='line_1_111' title="bbox 2234 5409 3812 5490; baseline 0.003 -32"><span class='ocrx_word' id='word_1_863' title='bbox 2234 5424 2405 5488; x_wconf 79' lang='grc' dir='ltr'>σεται,</span> <span class='ocrx_word' id='word_1_864' title='bbox 2441 5409 2600 5480; x_wconf 79' lang='grc' dir='ltr'>ἄχρις</span> <span class='ocrx_word' id='word_1_865' title='bbox 2635 5409 2700 5464; x_wconf 82' lang='grc' dir='ltr'><strong>ἂν</strong></span> <span class='ocrx_word' id='word_1_866' title='bbox 2730 5413 2810 5476; x_wconf 87' lang='grc' dir='ltr'><strong>είς</strong></span> <span class='ocrx_word' id='word_1_867' title='bbox 2845 5413 3013 5476; x_wconf 80' lang='grc' dir='ltr'>πέρας</span> <span class='ocrx_word' id='word_1_868' title='bbox 3043 5413 3191 5480; x_wconf 80' lang='grc' dir='ltr'>ἔλθοι·</span> <span class='ocrx_word' id='word_1_869' title='bbox 3229 5415 3288 5467; x_wconf 80' lang='grc' dir='ltr'><strong>τὸ</strong></span> <span class='ocrx_word' id='word_1_870' title='bbox 3318 5412 3510 5490; x_wconf 84' lang='grc' dir='ltr'>δοκοῦν</span> <span class='ocrx_word' id='word_1_871' title='bbox 3533 5411 3678 5483; x_wconf 85' lang='grc' dir='ltr'>ὲμοί.</span> <span class='ocrx_word' id='word_1_872' title='bbox 3707 5411 3812 5465; x_wconf 69' lang='grc' dir='ltr'>Καὶ</span> 
     </span>
    </p>
   </div>
  </div>
