4078 6292
323 384 465 440 1255

1452 380 1522 438 ΙΝ
1558 381 1803 439 lSAlAM‘
1831 381 1958 438 LIB.
1992 379 2058 439 Υ.
2099 378 2338 439 TOMUS
2376 377 2440 437 Il.

3450 380 3587 437 12ζῦ

322 501 532 571 ἀληθὴς
552 498 582 552 ὁ
603 498 761 567 λόγος
779 514 796 531 ο
824 498 899 562 ὡς
929 498 1040 569 γὰρ
1069 499 1100 550 6
1137 500 1427 573 προφήτης
1456 502 1622 572 φησιν
1659 503 1900 568 Ἡσαΐας,

2013 509 2236 557 sanctus
2282 498 2540 567 decrevit,
2568 497 2693 568 quis
2746 497 3072 569 dissipabit?
3102 498 3168 555 Et
3220 512 3436 554 manum
3492 515 3589 554 ex-

330 613 348 645 ι
367 594 437 646 Ἀ
459 593 491 647 ὁ
518 591 654 655 Θεὸς
682 593 711 644 ὁ
744 590 897 660 ἅγιος
921 589 1389 660 βεΰούλευται,τίς
1419 592 1784 658 διασκεδάσει,
1815 596 1910 649 καὶ

325 683 425 753 τὴν
477 684 635 755 χεῖρα
670 681 773 754 τὴν
815 680 1026 752 ὑψηλὴν
1070 681 1153 745 τίς
1205 682 1569 755 ἀποστρέψεις
1608 703 1628 737 ι
1667 684 1763 750 Τίς
1800 685 1911 755 γὰρ

326 773 481 827 ἔσται
501 773 775 837 τοσοῦτος,
807 772 887 834 ὡς
906 770 1079 835 θείαις
1103 772 1421 843 ἀντιστῆναι
1438 773 1662 845 ψήφοις,
1691 773 1789 828 καὶ
1821 773 1909 828 θε-

327 862 564 934 λήμασιν
582 862 986 932 ἀνταναστῆναι
1004 862 1374 930 demortuis;
1393 864 1585 927 Οὐδεὶς
1605 864 1904 927 παντελῶς.

329 954 539 1008 Οὐκοῦν
571 956 710 1025 ὅπερ
737 953 809 1008 ἂν
835 954 902 1009 ἐκ
927 953 1196 1025 στόματος
1227 953 1431 1021 ιξέλθοι
1472 954 1567 1009 τοῦ
1599 955 1743 1009 κατά
1782 954 1909 1027 ἀλή-

326 1046 479 1100 θειαν
505 1045 658 1108 ὄντος
702 1043 864 1110 Θεοῦ,
893 1044 1053 1100 τοῦτο
1083 1044 1263 1117 πάντη
1290 1063 1349 1100 τε
1395 1045 1490 1100 καὶ
1517 1045 1736 1111 πάντως
1780 1046 1908 1118 δρα-

328 1141 504 1207 μεῖται
548 1136 689 1208 πρὸς
738 1136 917 1208 πέρας
943 1155 957 1169 ·
996 1127 1176 1191 ἔνεστι
1201 1136 1313 1208 γάρ
1356 1136 1420 1191 τὸ
1442 1136 1621 1192 πάντα
1646 1135 1909 1193 δύνασθαι

325 1228 620 1301 κατορθοῦν
672 1227 842 1300 αὐτῷ,
885 1229 982 1284 καὶ
1026 1230 1163 1300 πρός
1204 1246 1271 1299 γε
1305 1230 1481 1300 τούτῳ
1530 1230 1594 1285 τὸ
1634 1229 1905 1301 ἀψευδεῖν.

322 1319 471 1388 Πλὴν
499 1317 856 1390 κατέπεμψεν
883 1306 1016 1390 ἡμῖν
1036 1321 1151 1384 τοῖς
1184 1320 1279 1373 ἐπὶ
1311 1319 1417 1390 γῆς
1453 1321 1483 1373 ό
1503 1318 1636 1385 Θεὸς
1662 1321 1757 1375 καὶ
1792 1322 1898 1374 lla-

319 1408 426 1479 τὴρ
451 1407 609 1462 ὑετὸν
633 1407 826 1481 ὥσπερ
869 1409 993 1464 τινά
1026 1409 1170 1465 θεῖόν
1222 1427 1281 1464 τε
1330 1410 1424 1465 καὶ
1469 1410 1657 1481 νοητὸν
1686 1411 1786 1482 τὴν
1818 1410 1907 1466 διά

320 1498 563 1569 Χριστοῦ
596 1498 960 1570 παράκλησιν,
990 1499 1108 1570 ἦτοι
1139 1499 1248 1554 τῶν
1286 1499 1660 1568 εὐαγγελικῶν
1693 1518 1906 1573 κηρυγ-

326 1590 515 1659 μάτων
556 1588 657 1659 τὴν
702 1591 986 1661 χορηγίαν,
1026 1589 1093 1643 δι’
1119 1585 1189 1663 ῆς
1216 1590 1492 1663 εὔκαρπος
1536 1593 1632 1646 καὶ
1678 1609 1906 1664 γονιμω-

323 1680 464 1749 τάτη
490 1679 714 1749 γέγονεν
739 1682 773 1750 ἡ
804 1680 1065 1751 σύμπασα
1087 1679 1401 1750 γῆ.Ψάλλει
1422 1680 1552 1749 γοῦν
1572 1683 1601 1735 ό
1620 1681 1905 1745 θεσπέσιος

324 1770 510 1839 Δαὸὶδ,
536 1771 632 1825 καί
668 1786 858 1842 φησιν·
898 1786 919 1822 ι
950 1771 1268 1841 Ἐπεσκέψω
1292 1772 1393 1845 τὴν
1425 1773 1552 1842 γῆν,
1583 1773 1679 1827 καὶ
1710 1771 1906 1843 ἐμέθυ-

2010 592 2214 650 celsam
2271 591 2394 659 quis
2431 597 2639 647 avertet
2661 589 2754 646 ⁸⁸2
2795 609 2815 644 ι
2854 589 2989 657 Quis
3041 590 3201 645 enim
3242 590 3348 644 erit
3405 597 3599 644 tantus.

2010 693 2070 740 ut
2113 683 2299 739 divino
2333 682 2551 738 resistat
2591 680 2822 747 calculo,
2852 690 2908 736 et
2931 681 3142 737 Domini
3173 681 3451 736 voluntati
3488 680 3578 734 ob-

2008 772 2259 829 nitatur?
2300 773 2530 830 Prorsus
2555 787 2738 829 nemo.
2800 770 2987 843 Itaque
3012 771 3278 842 quidquid
3333 769 3584 843 egredie-

2009 875 2098 922 tur
2134 865 2205 921 de
2250 879 2347 920 ore
2399 864 2514 937 ejus
2550 863 2642 935 qui
2687 877 2815 919 vere
2870 863 3014 920 Deus
3064 872 3169 929 est,
3217 863 3320 918 hoc
3363 863 3586 919 omnino

2005 971 2070 1014 ac
2097 970 2313 1028 semper
2343 956 2413 1012 ad
2438 956 2598 1014 tinem
2634 955 2842 1013 tendet.
2882 953 3035 1015 Inest
3059 955 3223 1021 enim?
3276 954 3373 1020 illi,
3416 962 3473 1010 et
3525 963 3588 1009 ut

2004 1046 2188 1103 omnia
2241 1052 2502 1115 praestare
2563 1044 2759 1114 possit,
2798 1052 2856 1099 et
2878 1048 3161 1114 praeterea“
3186 1043 3348 1098 etiam
3385 1050 3443 1097 ut
3468 1056 3576 1098 non

2006 1136 2320 1192 mentiatur.
2382 1134 2489 1191 Sed
2552 1135 2697 1191 enim
2779 1134 3002 1191 demisit
3054 1136 3211 1191 nobis
3264 1134 3582 1190 mortalibus

2007 1229 2152 1284 Deus
2196 1237 2251 1283 et
2273 1218 2460 1295 Pater,
2503 1228 2658 1297 quasi
2706 1227 2944 1296 pluviam
2983 1228 3274 1297 quamdam
3335 1212 3582 1281 divinam

2005 1328 2061 1375 et
2083 1319 2187 1375 sub
2213 1317 2622 1389 intelligentiam
2653 1317 2962 1384 cadentem,
3002 1318 3429 1374 consolationem
3481 1332 3590 1388 per.

2002 1410 2302 1474 Christum,
2335 1409 2452 1464 sive
2479 1408 2806 1480 evangeliea:
2875 1409 3288 1480 praedicationis
3349 1408 3587 1465 admini-

2003 1501 2346 1565 strationem,
2383 1514 2483 1569 per
2507 1500 2953 1570 quam'universa
2997 1510 3140 1557 terra
3184 1500 3426 1557 redditur
3456 1501 3573 1556 frus

2005 1593 2177 1664 gilera
2209 1600 2266 1649 et
2337 1590 2746 1648 fecundissima.
2800 1591 2991 1647 Psallit
3049 1593 3306 1649 nimirum
3366 1595 3582 1651 divinus

2007 1684 2199 1752 David,
2223 1690 2279 1738 et
2308 1682 2524 1752 inquit:
2568 1701 2589 1736 ι
2633 1682 2879 1740 Visitasti
2911 1691 3135 1753 terram,
3174 1694 3231 1741 et
3298 1685 3580 1762 inebriasti

2005 1788 2151 1840 eam,
2199 1773 2570 1843 multiplicasti
2625 1772 2958 1846 locupletare
3021 1789 3161 1830 eam.
3230 1774 3399 1831 Divos
3464 1775 3583 1845 ejus

325 1876 427 1921 σας
474 1858 682 1931 αὐτὴν,
714 1858 1017 1930 ἐπλήθυνας
1065 1861 1161 1914 τοῦ
1208 1861 1493 1916 πλουτίσαι
1544 1862 1738 1933 αύτήψ
1782 1862 1900 1926 τοὺς

2008 1863 2242 1930 inebria,
2272 1862 2569 1932 multiplica
2658 1862 2904 1934 germina
2957 1862 3103 1934 ejus,
3163 1863 3218 1919 in
3294 1862 3583 1919 stillicidiis

323 1951 573 2014 αὔλακας
618 1951 788 2022 αὐτῆς
840 1951 1092 2022 μέθυσον,
1143 1952 1412 2024 πλήθυνον
1468 1953 1538 2008 τά
1586 1954 1902 2025 γεννήματα

322 2037 513 2107 αὐτῆς,
543 2038 602 2090 ὲν
633 2040 753 2102 ταῖς
778 2039 1032 2109 σταγόσιν
1076 2042 1246 2112 αὐτῆς
1293 2041 1729 2115 εὐφρανθήσεται
1779 2043 1904 2099 ἀνα-

320 2127 598 2181 τέλλουσα.
625 2151 644 2180 ι
670 2130 781 2183 Καὶ
806 2129 912 2202 μὴν
941 2132 1036 2184 καὶ
1061 2130 1151 2185 διὰ
1166 2133 1349 2204 φωνῆς
1369 2134 1633 2199 Μωσέως,
1667 2153 1688 2187 t
1711 2135 1899 2190 Κατα-

281 2208 284 2212 Α
319 2220 544 2290 ὁήσεται
566 2261 581 2288 ,
619 2220 807 2292 φησὶν,
842 2222 919 2287 ὼς
971 2222 1127 2285 ὑετὸς
1169 2224 1232 2278 τὸ
1267 2225 1602 2296 ἀπόφθεγμα
1647 2243 1772 2297 μου,
1804 2228 1901 2281 καὶ

318 2311 615 2383 καταϐήτω
639 2311 715 2376 ὡς
740 2313 931 2384 δρόσος
958 2314 1027 2368 τὰ
1060 2315 1287 2386 ῥήματά.
1304 2334 1460 2387 μου.»
1480 2317 1815 2372 Ἐπιστὲλλει
1841 2320 1899 2374 δέ

318 2416 426 2453 τισι
456 2400 554 2453 καὶ
574 2402 605 2453 ὁ
630 2401 905 2469 πάνσοφος
933 2402 1167 2466 Παῦλος
1195 2422 1215 2456 ι
1237 2405 1296 2458 '0
1315 2404 1374 2458 δὲ
1393 2405 1526 2470 Θεὸς
1551 2407 1653 2477 τῆς
1676 2408 1901 2480 εἰρήνης

319 2491 554 2572 αὑξήσαι
579 2490 671 2545 τὸν
709 2492 911 2563 σπόρον
965 2492 1143 2563 ὑμῶν,
1175 2495 1270 2549 καὶ
1313 2496 1581 2567 πληθύναι
1624 2499 1699 2553 τά
1716 2502 1905 2572 γεννὴ·

325 2598 472 2650 ματα
519 2581 622 2651 τῆς
665 2581 1012 2654 δικαιοσύνης
1060 2583 1235 2654 ὑμῶν.
1274 2605 1293 2638 ι
1332 2587 1541 2641 Οὐκοῦν
1597 2589 1900 2662 εὐκαρπίαν

324 2672 639 2741 ἐσχήκαμεν
672 2671 768 2744 τὴν
800 2675 1197 2747 πνευματικὴν,
1218 2675 1316 2748 τὴν
1344 2676 1432 2732 διά
1476 2679 1716 2750 Χριστοῦ
1743 2699 1899 2755 χορη-

324 2762 449 2829 γίαν
500 2763 757 2830 λαΰόντες
802 2768 881 2830 είς
938 2766 1085 2833 νοῦν,
1122 2767 1263 2821 ὥστε
1293 2768 1368 2839 μὴ
1412 2770 1572 2841 μόνον
1596 2771 1695 2844 τὴν
1745 2774 1899 2846 ἱεράν

326 2853 574 2921 συλλέξαι
607 2856 835 2929 τροφὴν,
852 2858 969 2928 ῆτοι
998 2858 1090 2912 τὸν
1111 2858 1276 2932 ἄρτον
1300 2861 1446 2931 ἔχειν
1478 2864 1628 2933 ἡμᾶς
1653 2863 1744 2919 τὸν
1770 2865 1898 2930 ζωο-

328 2944 496 3007 ποιὸν,
532 2945 666 2999 ἀλλά
698 2946 805 3017 γὰρ
836 2947 932 2999 καὶ
967 2946 1188 3017 σπέρμα
1237 2948 1315 3018 τῷ
1359 2949 1660 3021 σπείροντι.
1693 2953 1757 3005 Οἱ
1785 2953 1896 3025 γάρ

326 3054 405 3090 τοι
437 3037 580 3092 λαῶν
617 3038 1035 3110 προεστηκότες,
1068 3040 1161 3093 καὶ
1187 3040 1472 3112 δογμάτων
1493 3042 1654 3113 ίερῶν
1678 3045 1897 3123 ἐπιστή-

2003 1955 2119 2026 ejus
2144 1954 2415 2011 laetabitur
2450 1953 2759 2024 germinans
2785 1953 2855 2010 δ’.
2889 1972 2911 2007 ι
2936 1954 3077 2021 Quin
3100 1963 3156 2010 et
3179 1968 3309 2010 voce
3336 1954 3541 2025 Moysis
3563 1995 3582 2017 ,

2010 2062 2031 2096 ι
2066 2043 2390 2109 Descendet,
2426 2044 2620 2114 inquit,
2655 2052 2910 2115 tanquam
2956 2043 3137 2115 pluvia
3191 2059 3359 2101 sonus
3404 2059 3581 2112 meus,

2001 2144 2056 2193 et
2097 2135 2427 2193 descendant
2454 2151 2553 2193 ceu
2589 2151 2682 2193 ros
2699 2137 2863 2193 verba
2890 2152 3008 2193 mea
3030 2137 3153 2189 η’..
3185 2136 3390 2192 Scribit
3411 2137 3579 2192 etiam

2002 2228 2070 2283 ad
2105 2227 2366 2297 quosdam
2431 2226 2873 2297 sapientissimus
2899 2225 3141 2284 Paulus:
3179 2244 3200 2279 ι
3262 2227 3405 2283 Deus
3428 2228 3598 2297 pacis

2003 2329 2199 2392 augeat
2224 2328 2521 2376 sementem
2555 2324 2818 2386 vestram,
2846 2331 2901 2376 et
2957 2320 3278 2390 multiplicet
3328 2320 3577 2391 germina

1998 2410 2224 2481 iustitiae
2247 2418 2438 2467 vestra:
2467 2411 2536 2466 “.
2577 2428 2601 2465 ι
2633 2410 2937 2469 Habuimus
2997 2412 3179 2482 itaque
3225 2412 3279 2466 in
3337 2412 3578 2467 animum

1999 2503 2335 2570 ubertatem,
2380 2513 2605 2576 accepta
2656 2503 2888 2574 spiritali
2936 2519 3036 2575 per
3087 2505 3363 2562 Christum
3418 2504 3579 2575 largi-

1999 2594 2169 2660 tione,
2204 2594 2279 2649 ita
2304 2602 2493 2651 utnon
2521 2594 2696 2651 mlum
2728 2608 2946 2651 sacrum
2969 2596 3149 2653 cibum
3174 2595 3573 2666 collegerimus,

1998 2701 2063 2742 ac
2104 2701 2297 2758 panem
2340 2685 2611 2742 viviﬁeum
2644 2702 2745 2742 nos
2785 2686 3101 2753 habeamus,
3129 2688 3225 2744 sed
3274 2694 3436 2743 etiam
3476 2702 3580 2744 se-

1998 2793 2122 2834 men
2144 2777 2368 2834 serenti.
2425 2777 2601 2834 Duces
2649 2778 2796 2834 enim
2822 2779 3164 2849 pOpulorum,
3196 2789 3253 2835 et
3288 2793 3574 2857 sacrorum

1999 2871 2315 2938 dogmatum
2341 2869 2520 2940 periti,
2559 2869 2763 2940 quique
2810 2871 3083 2941 paedagogi
3120 2870 3240 2926 aliis
3264 2883 3387 2926 esse
3445 2886 3583 2942 pos-

2000 2971 2147 3028 sunt,
2189 2969 2246 3017 et
2275 2961 2624 3033 mystagogiae
2655 2975 2960 3017 sermonem
2976 2961 3172 3033 populo
3204 2963 3420 3018 subdito
3444 2978 3580 3031 pra;-

2001 3062 2209 3118 texere,
2243 3062 2433 3107 serunt
2467 3052 2519 3106 in
2548 3053 2803 3109 cordibus
2835 3069 3024 3109 eorum
3077 3069 3265 3110 semen
3299 3056 3442 3124 quod
3497 3070 3579 3110 re-

328 3145 506 3195 μονες,
540 3129 634 3182 καὶ
659 3129 1278 3219 παιδαγωγεῖνὶέτέρους
1314 3129 1416 3187 οἷοί
1452 3151 1511 3187 τε
1554 3136 1650 3189 καὶ
1675 3136 1767 3189 τὸν
1795 3137 1894 3207 τῆς

2004 3145 2374 3210 condiderunt,
2406 3144 2662 3215 quodque
2704 3145 2854 3214 prius
2899 3145 2953 3199 in
2977 3145 3174 3201 animis
3212 3147 3325 3203 suis
3350 3162 3593 3217 conges-

327 3223 721 3291 μυσταγωγίας
756 3225 868 3286 τοῖς
915 3197 1019 3277 ύπὸ
1042 3197 1200 3298 ’χεῖρα
1237 3225 1382 3291 λαοῖς
1405 3225 1783 3297 ἐξυφαίνοντες

2004 3245 2210 3292 serunt.
2268 3234 2337 3290 Ut
2379 3197 2524 3291 enim
2561 3197 3016 3304 “sapientissimus
3046 3234 3245 3297 Paulus
3287 3237 3401 3291 ait:
3439 3197 3580 3291 «anei

322 3326 438 3379 γον,
468 3313 785 3384 σπείρουσιν
814 3316 873 3367 ἐν
905 3317 1027 3378 ταῖς
1052 3316 1300 3387 καρδίαις
1333 3318 1532 3385 αὐτῶν,
1567 3319 1627 3373 ὃν
1664 3320 1897 3392 ἐθησαύ-

2005 3328 2316 3397 agricolatio
2342 3342 2532 3384 sumus
2556 3327 2621 3382 “.
2657 3346 2677 3380 ι
2729 3326 3042 3395 Ceoperarii
3097 3342 3333 3399 namque
3390 3342 3589 3382 sumus

323 3422 479 3475 ρισαν
523 3405 708 3468 αὐτοῖς
754 3405 986 3477 σπόρον,
1020 3410 1646 3482 προκατασωρεύσαντες
1690 3415 1755 3466 ὲν
1777 3417 1895 3476 ταῖς

2006 3421 2122 3487 Dei,
2173 3421 2263 3492 qui
2306 3421 2461 3477 nobis
2498 3422 2811 3491 dogmatum
2840 3420 3202 3490 cognitionem
3236 3429 3502 3484 exactam,
3523 3430 3584 3476 et

320 3498 529 3551 ἑαυτῶν
560 3497 779 3569 ψυχαῖς.
827 3500 913 3562 Ὠς
939 3500 1049 3570 γάρ
1085 3504 1113 3555 ό
1149 3503 1422 3573 πάνσοφος
1458 3505 1667 3570 Παῦλός
1702 3524 1890 3578 φησιν,

2004 3521 2204 3568 sanetae
2224 3511 2654 3568 conversationis
2675 3510 2978 3573 scientiam,
3007 3518 3063 3565 et
3089 3510 3266 3564 omnis
3277 3508 3438 3580 783
3456 3507 3582 3563 boui

326 3590 496 3643 ιθεοῦ
537 3590 1046 3665 γεώργιόν-ὲσμεν·
1108 3612 1126 3646 ι
1180 3596 1432 3666 συνεργοὶ
1464 3596 1574 3668 γάρ
1616 3598 1751 3652 Θεοῦ
1797 3600 1889 3652 τοῦ

2004 3603 2324 3661 desiderium
2364 3602 2575 3659 inserit.
2608 3599 2706 3657 Hic
2754 3608 2933 3656 autem
2982 3610 3066 3656 est
3093 3601 3365 3666 Christus,
3398 3601 3490 3670 qui
3516 3599 3584 3653 de

323 3682 632 3752 σπείροντας
660 3683 717 3734 ὲν
742 3682 892 3753 ἡμῖν,
916 3683 1010 3736 καὶ
1029 3684 1364 3756 δογματικῆς
1383 3687 1664 3758 εὐτεχνίας
1692 3688 1891 3756 γνῶσιν

2004 3711 2058 3751 se
2084 3696 2200 3765 ipso
2229 3696 2359 3752 dicit
2394 3710 2409 3750 :
2455 3713 2474 3748 ι
2507 3693 2652 3750 Exiit
2677 3694 2768 3763 qui
2809 3692 2943 3750 serit
2970 3692 3038 3748 ad
3071 3694 3360 3749 serendum
3394 3706 3579 3748 semen

321 3774 543 3845 ἀκριϐῆ,
571 3775 663 3827 καὶ
696 3774 968 3840 πολιτείας
998 3776 1227 3845 εύαγοῦς
1255 3778 1589 3850 ἐπιστήμην,
1633 3781 1726 3834 καὶ
1752 3798 1890 3836 παν·
1999 3801 2154 3840 suum
2186 3788 2254 3839 θ’.
2292 3806 2312 3840 ι
3054 3797 3059 3802 ’

322 3868 415 3930 τὸς
444 3868 625 3935 ἔφεσιν
650 3868 854 3935 ἀγαθοῦ
898 3871 1239 3941 πράγματος
1265 3865 1418 3934 οὗτος
1446 3872 1503 3925 δέ
1540 3875 1687 3927 ἐστιν
1722 3876 1751 3927 ὁ
1782 3875 2036 3945 Χριστὸς,
2059 3879 2117 3942 ὃς
2153 3879 2219 3948 δὴ
2242 3880 2334 3932 καὶ
2357 3879 2485 3950 περὶ
2521 3877 2686 3931 αὑτοῦ
2713 3894 2875 3946 φησιν
2896 3893 2910 3907 ⁸
2961 3895 2978 3926 ι
3002 3877 3257 3947 Ἐξῆλθεν
3283 3878 3309 3930 ὁ
3333 3874 3580 3943 σπείρων

321 3959 414 4012 τοῦ
435 3960 652 4030 σπεῖραι
677 3959 769 4012 τὸν
793 3959 992 4031 σπόρον
1020 3959 1205 4014 αὐτοῦ.
1240 3978 1259 4010 ι

390 4052 498 4107 Καὶ
535 4052 810 4107 εὑοδώσω
828 4053 934 4119 τὰς
960 4054 1139 4119 ὁδούς
1164 4071 1303 4121 μου,
1326 4054 1424 4108 καὶ
1458 4053 1531 4108 τὰ
1554 4056 1897 4126 ὲντάλματά

317 4164 454 4214 μου.
485 4144 582 4198 Ἐν
597 4145 704 4214 γὰρ
729 4145 1075 4215 εὐφροσύνῃ
1093 4143 1508 4212 ἐξελεύσεσθε,
1533 4147 1631 4202 καὶ
1656 4148 1726 4203 ἐν
1743 4147 1898 4218 χαρᾷ

322 4235 785 4304 διδαχθήσεσθε.

402 4328 802 4399 Ὑποσχόμενος
830 4327 913 4380 ὅτι
934 4325 1108 4398 πάντη
1130 4343 1191 4380 τε
1217 4328 1312 4381 καὶ
1338 4329 1553 4393 πάντως
1574 4329 1895 4402 ἐλεηθήσον-

325 4436 413 4473 ται
450 4419 574 4482 τοὺς
610 4419 710 4488 τῆς
760 4417 1033 4488 ἁμαρτίας
1066 4419 1457 4490 ἀπονιψάμενοι
1492 4420 1733 4491 ῥύπους,
1776 4419 1895 4477 εἷτα

328 4511 557 4581 καθαροὶ
575 4512 855 4581 γεγονότες
872 4512 1021 4581 αύτῷ
1043 4511 1472 4581 συναφθήσονται
1493 4513 1895 4583 πνευματικῶς,

328 4603 537 4656 ἔσονται
566 4604 621 4656 δὲ
642 4605 690 4656 οἱ
715 4603 930 4675 μακράν
959 4604 1143 4672 ἐγγὺς,
1169 4605 1264 4657 καὶ
1302 4606 1419 4667 ταῖς
1456 4604 1586 4675 παρ’
1610 4604 1772 4658 αὐτοῦ
1808 4623 1896 4675 φι-

329 4693 591 4763 λοτιμίαις
618 4697 1165 4767 καταπιανθήσονται,
1194 4698 1286 4752 καὶ
1307 4697 1393 4750 διὰ
1416 4697 1580 4766 μέσου
1609 4698 1896 4769 παρενθεὶς

327 4785 391 4838 τά
416 4786 484 4839 δι’
512 4779 588 4840 ὧν
603 4782 670 4857 ἦν
685 4786 938 4842 δύνασθαι
969 4788 1243 4844 πιστεύειν
1270 4790 1486 4854 αὐτοὺς,
1507 4791 1591 4844 ὅτι
1619 4791 1713 4845 καὶ
1735 4790 1894 4861 ἀψευ-

325 4879 420 4949 δὴς
453 4874 508 4950 ᾗ,
543 4879 676 4943 Θεὸς
720 4881 797 4935 ὢν
834 4881 1016 4949 φύσει,
1071 4883 1164 4937 καὶ⁸
1201 4882 1309 4935 τῶν
1339 4882 1621 4954 δυνάμεων
1672 4884 1892 4955 Κύριος,

321 4969 502 5040 ἔχεται
537 4971 699 5025 πάλιν
742 4972 855 5025 τῶν
893 4971 1108 5043 ἐφεξῆς,
1163 4974 1280 5044 ῆτοι
1312 4974 1410 5044 τῆς
1464 4972 1896 5045 άπαριθμήσεως

320 5063 426 5115 τῶν
449 5063 823 5134 δοθησομένων
853 5064 1037 5129 αὐτοῖς
1089 5065 1473 5135 πνευματικῶν
1521 5066 1891 5136 χαρισμάτων.

322 5153 585 5207 Ιοίὐοδὼσω
628 5155 756 5224 γάρ,
789 5157 946 5224 φησι.
993 5155 1089 5218 τὰς
1125 5155 1275 5216 ὁδούς
1303 5173 1430 5225 μου,
1457 5157 1552 5209 καὶ
1593 5158 1660 5209 τὰ
1705 5158 1893 5210 ἐντάλ-

322 5247 466 5316 ματά
522 5261 643 5319 μου·
695 5248 838 5317 μέγα
864 5246 1018 5300 τοῦτο
1046 5247 1140 5301 καὶ
1167 5248 1488 5318 ἀξιόληπτον
1529 5249 1752 5318 ἀγαθὸν,
1802 5251 1896 5303 καὶ

321 5338 493 5400 ξένιον
525 5338 756 5410 ούρανοῦ
781 5353 796 5368 ·
833 5339 926 5391 καὶ
948 5338 1069 5392 τίνα
1099 5339 1319 5409 τρόπον,
1349 5339 1600 5410 ἐροῦμεν.
1639 5341 1763 5404 Τοῖς
1798 5341 1896 5410 μὲν

320 5431 427 5498 γὰρ
454 5430 519 5481 ἐκ
543 5430 852 5499 φιληδονίας
873 5430 1140 5500 κοσμικῆς
1160 5432 1236 5494 εἰς
1254 5430 1564 5501 εὐσχήμονα
1592 5431 1733 5500 ζωὴν
1765 5432 1896 5502 μεθ-

320 5519 641 5588 ορμίζεσθαι
681 5519 1021 5589 βουλομένοις
1057 5521 1157 5573 οὐκ
1187 5520 1392 5591 ἄτραχυ
1425 5520 1484 5572 τὸ
1517 5522 1702 5591 χρῆμά
1729 5522 1894 5584 ἐστιν,

320 5610 434 5663 ἀλλ’
456 5610 577 5663 οὐδὲ
604 5610 829 5680 βάσιμον
860 5611 916 5662 ἐν
942 5612 1153 5681 ἀρχαῖς.
1220 5612 1625 5666 Ἀντανίσταται
1666 5611 1771 5681 γάρ
1801 5612 1894 5665 αύ-

394 5728 438 5757 δ⁸
476 5727 578 5781 lsa.
612 5742 725 5787 xw,
760 5727 849 5776 Ἦ.
958 5728 1000 5757 ³³
1034 5727 1171 5783 i‘sal.
1211 5746 1358 5794 LXIV,
1423 5730 1501 5786 l0.
1545 5730 1624 5783 ll.

325 5797 365 5829 θ’
399 5797 583 5853 Matth.
617 5811 737 5861 xm,
776 5794 829 5848 5.

1742 5730 1803 5757 θ’θ’
1839 5730 1988 5785 Dcut.
2055 5748 2229 5798 χχχιι,
2278 5730 2329 5783 ‘2.

2073 4056 2236 4111 Vsus.
2296 4055 2384 4108 l2.
2442 4053 2508 4107 Et
2536 4050 2851 4123 prosperabo
2885 4051 2997 4123 vias
3041 4067 3182 4106 meas
3226 4062 3274 4106 et
3320 4067 3581 4125 prwcepta
3688 4114 3697 4123 ι

2002 4164 2136 4202 mea.
2178 4144 2320 4199 Nam
2350 4161 2470 4199 cum
2498 4143 2682 4199 lwtitia
2710 4140 3064 4212 egrediemiui,
3104 4153 3154 4198 et
3216 4160 3336 4198 cum
3383 4149 3582 4216 gaudio

2001 4236 2338 4292 docebimini.

2072 4330 2204 4384 Cum
2232 4328 2303 4383 sit
2332 4325 2601 4397 pollicitus
2639 4326 3007 4397 plenissimam
3046 4337 3432 4383 consecuturos
3458 4342 3581 4383 esse

2001 4417 2449 4482 misericordiam,
2477 4417 2569 4487 qui
2602 4418 2809 4487 peccati
2851 4418 3041 4473 sordes
3081 4417 3331 4482 cluerint,
3367 4428 3421 4473 et
3463 4420 3576 4488 qui,

2010 4510 2196 4567 mundi
2227 4508 2374 4574 iacti,
2404 4506 2609 4563 fuerint
2641 4506 2917 4578 conjuncti
2955 4524 3078 4564 eum
3115 4523 3182 4564 eo
3208 4509 3579 4578 spiritualiter.

2004 4618 2067 4658 ac
2089 4603 2205 4656 fore
2225 4599 2554 4669 propinquos
2585 4600 2674 4669 qui
2703 4597 3244 4669 longinqui'l‘uerunt,
3270 4616 3333 4655 ac
3365 4603 3581 4654 munitis

2005 4695 2180 4750 centia
2208 4693 2326 4764 ejus
2355 4692 2682 4762 saginandos
2703 4704 2767 4746 ac
2788 4693 3146 4756 recreandos;
3167 4693 3585 4758 cumqneinmc-

2002 4788 2089 4841 dio
2115 4783 2494 4854 interposuerit
2522 4798 2585 4837 ea
2622 4783 2763 4837 unde
2790 4783 2947 4837 ﬁdem
2980 4781 3161 4838 facere
3201 4792 3462 4850 possetse
3491 4798 3585 4835 vc-

1997 4891 2114 4930 rum
2136 4890 2257 4930 esse
2288 4883 2476 4929 natura
2499 4872 2665 4927 Deum
2694 4885 2759 4926 ac
2775 4872 3058 4926 Dominum
3071 4873 3407 4926 exercituum
3436 4890 3447 4927 :
3474 4889 3588 4927 rur-

1999 4980 2092 5021 sus
2107 4979 2228 5034 qua:
2256 4971 2556 5032 sequuntur
2577 4961 2942 5032 prosequitur,
2972 4972 3027 5017 et
3047 4963 3327 5017 continuat
3354 4964 3580 5016 cnumc-

1998 5055 2268 5110 rationem
2303 5053 2664 5122 spiritualium
2694 5052 2955 5107 donorum
2983 5068 3101 5122 quae
3132 5053 3240 5107 illis
3287 5052 3580 5107 dabuntur.

1999 5146 2355 5216 l‘rosperabo,
2387 5146 2594 5213 inquit,
2615 5146 2729 5200 vias
2761 5160 2907 5199 meas
2933 5156 2986 5198 et
3006 5153 3268 5215 praecepta
3299 5160 3434 5199 mea.
3468 5145 3587 5200 Ma-

2005 5254 2167 5310 gnum
2191 5239 2385 5304 hoc,et
2405 5250 2507 5290 non
2524 5235 2917 5304 aspernandum
2942 5235 3284 5301 beneﬁcium,
3313 5246 3366 5292 et
3386 5239 3582 5292 donum

2006 5332 2225 5387 caeleste
2248 5347 2264 5385 :
2288 5327 2557 5399 quomodo
2589 5334 2790 5389 autem,
2819 5327 3080 5383 dicemus.
3093 5327 3192 5394 Qui
3221 5330 3365 5383 enim
3383 5346 3411 5383 ιι
3431 5318 3602 5383 muth

2005 5427 2157 5479 danae
2168 5423 2455 5492 voluptatis
2472 5435 2654 5475 amore
2674 5421 2740 5477 ad
2763 5421 3041 5475 honestam
3060 5421 3222 5474 vitam
3252 5423 3479 5477 transire
3499 5438 3589 5477 vo-

2005 5517 2141 5582 lunt,
2163 5516 2215 5570 hi
2236 5515 2466 5584 primum
2488 5513 2539 5567 in
2562 5527 2751 5583 aspera
2771 5527 2828 5567 re
2849 5527 2911 5566 ac
2938 5528 3042 5568 non
3065 5513 3136 5567 ita
3160 5529 3324 5583 prona
3338 5525 3390 5569 et
3405 5517 3587 5584 pervia

2006 5623 2307 5671 versantur.
2339 5613 2672 5668 Adversatur
2701 5609 2844 5663 enim
2888 5609 2991 5666 illis
3019 5611 3157 5664 tritae
3182 5610 3333 5681 quasi
3358 5624 3591 5664 consue‘

2446 5728 2490 5760 ⁸ο
2533 5724 2573 5781 ιι
2616 5724 2737 5780 Cor.
2790 5739 2866 5792 ιχ,
2903 5725 2986 5780 l0.
3098 5726 3137 5757 εί
3181 5724 3196 5779 l
3235 5726 3355 5782 Cor.
3394 5737 3475 5786 ιιι,
3535 5721 3587 5774 9.
