  <div class='ocr_page' id='page_1' title='image "/cluster/home/n/w/nwhite01/storage/ocr_20150623/70/mdp.39015078384453/625.png"; bbox 0 0 4078 6292; ppageno 0'>
   <div class='ocr_carea' id='block_1_1' title="bbox 394 352 3778 447">
    <p class='ocr_par' dir='ltr' id='par_1_1' title="bbox 394 352 3778 447">
     <span class='ocr_line' id='line_1_1' title="bbox 394 352 3778 447; baseline -0.003 -29"><span class='ocrx_word' id='word_1_1' title='bbox 394 438 401 447; x_wconf 33' lang='grc'>¹</span> <span class='ocrx_word' id='word_1_2' title='bbox 498 363 640 422; x_wconf 69' lang='grc' dir='ltr'><strong>ηδε</strong></span> <span class='ocrx_word' id='word_1_3' title='bbox 1488 358 1545 413; x_wconf 91' lang='lat' dir='ltr'><strong>S.</strong></span> <span class='ocrx_word' id='word_1_4' title='bbox 1588 357 1860 416; x_wconf 74' lang='lat' dir='ltr'><strong>CYRILLI</strong></span> <span class='ocrx_word' id='word_1_5' title='bbox 1902 354 2367 413; x_wconf 71' lang='lat' dir='ltr'><strong>ALEXANDRINI</strong></span> <span class='ocrx_word' id='word_1_6' title='bbox 2408 353 2723 414; x_wconf 76' lang='lat' dir='ltr'><strong>ARCHIEP.</strong></span> <span class='ocrx_word' id='word_1_7' title='bbox 3622 352 3778 408; x_wconf 59' lang='lat'><strong>13.36</strong></span> 
     </span>
    </p>
   </div>
   <div class='ocr_carea' id='block_1_2' title="bbox 497 472 2107 547">
    <p class='ocr_par' dir='ltr' id='par_1_2' title="bbox 497 475 2107 544">
     <span class='ocr_line' id='line_1_2' title="bbox 497 475 2107 544; baseline 0 -9"><span class='ocrx_word' id='word_1_8' title='bbox 497 478 706 535; x_wconf 81' lang='lat' dir='ltr'><strong>tudinis</strong></span> <span class='ocrx_word' id='word_1_9' title='bbox 745 479 992 544; x_wconf 81' lang='lat' dir='ltr'><strong>dulcedo,</strong></span> <span class='ocrx_word' id='word_1_10' title='bbox 1046 486 1101 534; x_wconf 90' lang='lat' dir='ltr'><strong>et</strong></span> <span class='ocrx_word' id='word_1_11' title='bbox 1150 484 1384 533; x_wconf 79' lang='lat' dir='ltr'><strong>mentem</strong></span> <span class='ocrx_word' id='word_1_12' title='bbox 1429 490 1617 532; x_wconf 91' lang='lat' dir='ltr'><strong>eorum</strong></span> <span class='ocrx_word' id='word_1_13' title='bbox 1665 476 1886 532; x_wconf 91' lang='lat' dir='ltr'><strong>tristitia</strong></span> <span class='ocrx_word' id='word_1_14' title='bbox 1922 475 2107 535; x_wconf 46' lang='lat' dir='ltr'><strong>velut;</strong></span> 
     </span>
    </p>
   </div>
   <div class='ocr_carea' id='block_1_3' title="bbox 2168 472 3778 547">
    <p class='ocr_par' dir='ltr' id='par_1_3' title="bbox 2168 472 3778 547">
     <span class='ocr_line' id='line_1_3' title="bbox 2168 472 3778 547; baseline -0.004 -17"><span class='ocrx_word' id='word_1_15' title='bbox 2168 479 2277 541; x_wconf 80' lang='grc' dir='ltr'>τοῖς</span> <span class='ocrx_word' id='word_1_16' title='bbox 2319 476 2507 547; x_wconf 84' lang='grc' dir='ltr'>ὥσπερ</span> <span class='ocrx_word' id='word_1_17' title='bbox 2537 477 2634 546; x_wconf 85' lang='grc' dir='ltr'>τῆς</span> <span class='ocrx_word' id='word_1_18' title='bbox 2675 473 2957 545; x_wconf 80' lang='grc' dir='ltr'>ἐντριὸοῦς</span> <span class='ocrx_word' id='word_1_19' title='bbox 2996 472 3285 544; x_wconf 76' lang='grc' dir='ltr'><strong>συνηθείας</strong></span> <span class='ocrx_word' id='word_1_20' title='bbox 3326 473 3387 525; x_wconf 73' lang='grc' dir='ltr'><strong>τὸ</strong></span> <span class='ocrx_word' id='word_1_21' title='bbox 3428 472 3629 541; x_wconf 68' lang='grc' dir='ltr'>γλυκὺ,</span> <span class='ocrx_word' id='word_1_22' title='bbox 3672 482 3778 525; x_wconf 80' lang='grc' dir='ltr'><strong>και</strong></span> 
     </span>
    </p>
   </div>
   <div class='ocr_carea' id='block_1_4' title="bbox 498 563 2108 639">
    <p class='ocr_par' dir='ltr' id='par_1_4' title="bbox 498 563 2073 621">
     <span class='ocr_line' id='line_1_4' title="bbox 498 563 2073 621; baseline -0.001 0"><span class='ocrx_word' id='word_1_23' title='bbox 498 565 756 621; x_wconf 80' lang='lat' dir='ltr'><strong>inebriat.</strong></span> <span class='ocrx_word' id='word_1_24' title='bbox 781 565 890 621; x_wconf 82' lang='lat' dir='ltr'><strong>Nec</strong></span> <span class='ocrx_word' id='word_1_25' title='bbox 916 567 1060 620; x_wconf 87' lang='lat' dir='ltr'><strong>enim</strong></span> <span class='ocrx_word' id='word_1_26' title='bbox 1082 563 1528 621; x_wconf 78' lang='lat' dir='ltr'><strong>carnis&#39;atl‘cctus</strong></span> <span class='ocrx_word' id='word_1_27' title='bbox 1557 564 1718 621; x_wconf 79' lang='lat' dir='ltr'><strong>lacile</strong></span> <span class='ocrx_word' id='word_1_28' title='bbox 1750 574 1878 621; x_wconf 89' lang='lat' dir='ltr'><strong>sunt</strong></span> <span class='ocrx_word' id='word_1_29' title='bbox 1906 565 2073 620; x_wconf 87' lang='lat' dir='ltr'><strong>evita-</strong></span> 
     </span>
    </p>
   </div>
   <div class='ocr_carea' id='block_1_5' title="bbox 2165 563 3775 639">
    <p class='ocr_par' dir='ltr' id='par_1_5' title="bbox 2172 563 3775 639">
     <span class='ocr_line' id='line_1_5' title="bbox 2172 563 3775 639; baseline -0.004 -17"><span class='ocrx_word' id='word_1_30' title='bbox 2172 567 2578 639; x_wconf 82' lang='grc' dir='ltr'>καταμεθύσκει</span> <span class='ocrx_word' id='word_1_31' title='bbox 2606 569 2725 630; x_wconf 82' lang='grc' dir='ltr'>ταῖς</span> <span class='ocrx_word' id='word_1_32' title='bbox 2752 566 2951 629; x_wconf 78' lang='grc' dir='ltr'><strong>λύπαις</strong></span> <span class='ocrx_word' id='word_1_33' title='bbox 3003 565 3093 617; x_wconf 82' lang='grc' dir='ltr'>τὸν</span> <span class='ocrx_word' id='word_1_34' title='bbox 3126 567 3183 618; x_wconf 85' lang='grc' dir='ltr'><strong>ἐν</strong></span> <span class='ocrx_word' id='word_1_35' title='bbox 3213 564 3416 627; x_wconf 81' lang='grc' dir='ltr'>αὐτοῖς’</span> <span class='ocrx_word' id='word_1_36' title='bbox 3448 564 3583 617; x_wconf 71' lang='grc' dir='ltr'>ὄντα</span> <span class='ocrx_word' id='word_1_37' title='bbox 3612 563 3775 616; x_wconf 80' lang='grc' dir='ltr'>νοῦν.</span> 
     </span>
    </p>
   </div>
   <div class='ocr_carea' id='block_1_6' title="bbox 499 651 2109 726">
    <p class='ocr_par' dir='ltr' id='par_1_6' title="bbox 499 656 2075 726">
     <span class='ocr_line' id='line_1_6' title="bbox 499 656 2075 726; baseline -0.001 -14"><span class='ocrx_word' id='word_1_38' title='bbox 499 656 658 723; x_wconf 81' lang='lat' dir='ltr'><strong>biles,</strong></span> <span class='ocrx_word' id='word_1_39' title='bbox 683 671 784 711; x_wconf 89' lang='lat' dir='ltr'><strong>nec</strong></span> <span class='ocrx_word' id='word_1_40' title='bbox 808 657 1045 726; x_wconf 76' lang='lat' dir='ltr'><strong>proclive</strong></span> <span class='ocrx_word' id='word_1_41' title='bbox 1095 666 1178 713; x_wconf 87' lang='lat' dir='ltr'><strong>est</strong></span> <span class='ocrx_word' id='word_1_42' title='bbox 1198 656 1524 723; x_wconf 81' lang='lat' dir='ltr'><strong>volentibus,</strong></span> <span class='ocrx_word' id='word_1_43' title='bbox 1559 660 1628 713; x_wconf 88' lang='lat' dir='ltr'><strong>ad</strong></span> <span class='ocrx_word' id='word_1_44' title='bbox 1665 657 1920 713; x_wconf 76' lang='lat' dir='ltr'><strong>virtutem</strong></span> <span class='ocrx_word' id='word_1_45' title='bbox 1949 671 2075 712; x_wconf 88' lang='lat' dir='ltr'><strong>cur-</strong></span> 
     </span>
    </p>
   </div>
   <div class='ocr_carea' id='block_1_7' title="bbox 2167 651 3777 726">
    <p class='ocr_par' dir='ltr' id='par_1_7' title="bbox 2175 651 3777 726">
     <span class='ocr_line' id='line_1_7' title="bbox 2175 651 3777 726; baseline -0.004 -15"><span class='ocrx_word' id='word_1_46' title='bbox 2175 658 2289 711; x_wconf 83' lang='grc' dir='ltr'><strong>Οὑκ</strong></span> <span class='ocrx_word' id='word_1_47' title='bbox 2326 656 2656 726; x_wconf 82' lang='grc' dir='ltr'>εύδιάφυκτα</span> <span class='ocrx_word' id='word_1_48' title='bbox 2690 656 2800 725; x_wconf 79' lang='grc' dir='ltr'>γὰρ</span> <span class='ocrx_word' id='word_1_49' title='bbox 2834 655 2902 709; x_wconf 80' lang='grc' dir='ltr'>τὰ</span> <span class='ocrx_word' id='word_1_50' title='bbox 2925 654 3026 725; x_wconf 83' lang='grc' dir='ltr'>τῆς</span> <span class='ocrx_word' id='word_1_51' title='bbox 3062 654 3264 724; x_wconf 75' lang='grc' dir='ltr'>σαρκὸς</span> <span class='ocrx_word' id='word_1_52' title='bbox 3294 652 3467 720; x_wconf 69' lang='grc' dir='ltr'>παθη,</span> <span class='ocrx_word' id='word_1_53' title='bbox 3503 651 3631 706; x_wconf 73' lang='grc' dir='ltr'>οὔτε</span> <span class='ocrx_word' id='word_1_54' title='bbox 3655 654 3777 721; x_wconf 71' lang='grc' dir='ltr'>μὴν</span> 
     </span>
    </p>
   </div>
   <div class='ocr_carea' id='block_1_8' title="bbox 501 744 2111 821">
    <p class='ocr_par' dir='ltr' id='par_1_8' title="bbox 501 749 2072 821">
     <span class='ocr_line' id='line_1_8' title="bbox 501 749 2072 821; baseline 0.001 -20"><span class='ocrx_word' id='word_1_55' title='bbox 501 763 657 804; x_wconf 89' lang='lat' dir='ltr'><strong>rere.</strong></span> <span class='ocrx_word' id='word_1_56' title='bbox 685 749 756 803; x_wconf 79' lang='lat' dir='ltr'><strong>At</strong></span> <span class='ocrx_word' id='word_1_57' title='bbox 782 759 1135 818; x_wconf 81' lang='lat' dir='ltr'><strong>prosperante</strong></span> <span class='ocrx_word' id='word_1_58' title='bbox 1163 766 1230 807; x_wconf 85' lang='lat' dir='ltr'><strong>ac</strong></span> <span class='ocrx_word' id='word_1_59' title='bbox 1267 760 1619 821; x_wconf 83' lang='lat' dir='ltr'><strong>promovente</strong></span> <span class='ocrx_word' id='word_1_60' title='bbox 1668 751 1802 813; x_wconf 89' lang='lat' dir='ltr'><strong>Deo,</strong></span> <span class='ocrx_word' id='word_1_61' title='bbox 1844 759 1899 804; x_wconf 88' lang='lat' dir='ltr'><strong>et</strong></span> <span class='ocrx_word' id='word_1_62' title='bbox 1953 751 2072 805; x_wconf 84' lang='lat' dir='ltr'><strong>loca</strong></span> 
     </span>
    </p>
   </div>
   <div class='ocr_carea' id='block_1_9' title="bbox 2160 744 3770 821">
    <p class='ocr_par' dir='ltr' id='par_1_9' title="bbox 2173 744 3770 817">
     <span class='ocr_line' id='line_1_9' title="bbox 2173 744 3770 817; baseline -0.004 -16"><span class='ocrx_word' id='word_1_63' title='bbox 2173 750 2286 812; x_wconf 85' lang='grc' dir='ltr'>τοῖς</span> <span class='ocrx_word' id='word_1_64' title='bbox 2329 748 2602 802; x_wconf 81' lang='grc' dir='ltr'>ἐθέλουσιν</span> <span class='ocrx_word' id='word_1_65' title='bbox 2644 745 2891 817; x_wconf 79' lang='grc' dir='ltr'>εύτριδές</span> <span class='ocrx_word' id='word_1_66' title='bbox 2921 745 2984 799; x_wconf 83' lang='grc' dir='ltr'>τὸ</span> <span class='ocrx_word' id='word_1_67' title='bbox 3016 746 3228 816; x_wconf 76' lang='grc' dir='ltr'><strong>τρέχειν</strong></span> <span class='ocrx_word' id='word_1_68' title='bbox 3274 747 3356 808; x_wconf 77' lang='grc' dir='ltr'>εἰς</span> <span class='ocrx_word' id='word_1_69' title='bbox 3395 744 3621 814; x_wconf 79' lang='grc' dir='ltr'>ἀρετήν,</span> <span class='ocrx_word' id='word_1_70' title='bbox 3661 744 3770 795; x_wconf 76' lang='grc' dir='ltr'><strong>Εὑ-</strong></span> 
     </span>
    </p>
   </div>
   <div class='ocr_carea' id='block_1_10' title="bbox 502 834 2112 911">
    <p class='ocr_par' dir='ltr' id='par_1_10' title="bbox 502 839 2075 911">
     <span class='ocr_line' id='line_1_10' title="bbox 502 839 2075 911; baseline 0.002 -18"><span class='ocrx_word' id='word_1_71' title='bbox 502 839 644 894; x_wconf 89' lang='lat' dir='ltr'><strong>invia</strong></span> <span class='ocrx_word' id='word_1_72' title='bbox 680 847 735 895; x_wconf 86' lang='lat' dir='ltr'><strong>et</strong></span> <span class='ocrx_word' id='word_1_73' title='bbox 755 851 1023 910; x_wconf 72' lang='lat' dir='ltr'><strong>prterupta</strong></span> <span class='ocrx_word' id='word_1_74' title='bbox 1081 841 1365 898; x_wconf 87' lang='lat' dir='ltr'><strong>alleviante</strong></span> <span class='ocrx_word' id='word_1_75' title='bbox 1409 851 1464 899; x_wconf 90' lang='lat' dir='ltr'><strong>et</strong></span> <span class='ocrx_word' id='word_1_76' title='bbox 1496 841 1892 911; x_wconf 87' lang='lat' dir='ltr'><strong>complanante,</strong></span> <span class='ocrx_word' id='word_1_77' title='bbox 1922 841 2075 896; x_wconf 77' lang='lat' dir='ltr'><strong>facil—</strong></span> 
     </span>
    </p>
   </div>
   <div class='ocr_carea' id='block_1_11' title="bbox 2166 834 3776 911">
    <p class='ocr_par' dir='ltr' id='par_1_11' title="bbox 2173 834 3776 910">
     <span class='ocr_line' id='line_1_11' title="bbox 2173 834 3776 910; baseline -0.006 -15"><span class='ocrx_word' id='word_1_78' title='bbox 2173 840 2417 905; x_wconf 85' lang='grc' dir='ltr'>οδοῦντός</span> <span class='ocrx_word' id='word_1_79' title='bbox 2468 857 2531 909; x_wconf 84' lang='grc' dir='ltr'><strong>γε</strong></span> <span class='ocrx_word' id='word_1_80' title='bbox 2568 839 2675 910; x_wconf 83' lang='grc' dir='ltr'>μὴν</span> <span class='ocrx_word' id='word_1_81' title='bbox 2714 837 2807 892; x_wconf 92' lang='grc' dir='ltr'><strong>τοῦ</strong></span> <span class='ocrx_word' id='word_1_82' title='bbox 2836 836 2993 901; x_wconf 83' lang='grc' dir='ltr'><strong>Θεοῦ,</strong></span> <span class='ocrx_word' id='word_1_83' title='bbox 3046 837 3142 891; x_wconf 70' lang='grc' dir='ltr'>καὶ</span> <span class='ocrx_word' id='word_1_84' title='bbox 3171 836 3239 891; x_wconf 81' lang='grc' dir='ltr'>τὰ</span> <span class='ocrx_word' id='word_1_85' title='bbox 3283 836 3632 907; x_wconf 86' lang='grc' dir='ltr'>δυσπόρευτα</span> <span class='ocrx_word' id='word_1_86' title='bbox 3668 834 3776 887; x_wconf 75' lang='grc' dir='ltr'>καὶ</span> 
     </span>
    </p>
   </div>
   <div class='ocr_carea' id='block_1_12' title="bbox 503 926 2113 1004">
    <p class='ocr_par' dir='ltr' id='par_1_12' title="bbox 503 928 2109 1004">
     <span class='ocr_line' id='line_1_12' title="bbox 503 928 2109 1004; baseline 0.003 -22"><span class='ocrx_word' id='word_1_87' title='bbox 503 928 630 984; x_wconf 88' lang='lat' dir='ltr'><strong>lime</strong></span> <span class='ocrx_word' id='word_1_88' title='bbox 650 931 771 1000; x_wconf 87' lang='lat' dir='ltr'><strong>quis</strong></span> <span class='ocrx_word' id='word_1_89' title='bbox 793 929 1078 986; x_wconf 74' lang='lat' dir='ltr'><strong>affectuum</strong></span> <span class='ocrx_word' id='word_1_90' title='bbox 1104 933 1341 990; x_wconf 76' lang='lat' dir='ltr'><strong>assultus</strong></span> <span class='ocrx_word' id='word_1_91' title='bbox 1364 933 1549 1004; x_wconf 68' lang='lat' dir='ltr'><strong>fugere</strong></span> <span class='ocrx_word' id='word_1_92' title='bbox 1578 933 1794 1003; x_wconf 89' lang='lat' dir='ltr'><strong>poterit,</strong></span> <span class='ocrx_word' id='word_1_93' title='bbox 1811 941 1865 989; x_wconf 90' lang='lat' dir='ltr'><strong>et</strong></span> <span class='ocrx_word' id='word_1_94' title='bbox 1888 932 2073 986; x_wconf 82' lang='lat' dir='ltr'><strong>fnrtis-</strong></span> <span class='ocrx_word' id='word_1_95' title='bbox 2104 966 2109 971; x_wconf 94' lang='lat'><strong><em>-</em></strong></span> 
     </span>
    </p>
   </div>
   <div class='ocr_carea' id='block_1_13' title="bbox 2166 926 3776 1004">
    <p class='ocr_par' dir='ltr' id='par_1_13' title="bbox 2174 926 3776 1002">
     <span class='ocr_line' id='line_1_13' title="bbox 2174 926 3776 1002; baseline -0.006 -15"><span class='ocrx_word' id='word_1_96' title='bbox 2174 932 2375 1002; x_wconf 83' lang='grc' dir='ltr'><strong>ἀνάντη</strong></span> <span class='ocrx_word' id='word_1_97' title='bbox 2410 931 2543 1001; x_wconf 79' lang='grc' dir='ltr'><strong>ψιλά</strong></span> <span class='ocrx_word' id='word_1_98' title='bbox 2589 929 2828 992; x_wconf 82' lang='grc' dir='ltr'><strong>τιθέντος</strong></span> <span class='ocrx_word' id='word_1_99' title='bbox 2853 929 2949 982; x_wconf 81' lang='grc' dir='ltr'>καὶ</span> <span class='ocrx_word' id='word_1_100' title='bbox 2974 928 3233 999; x_wconf 77' lang='grc' dir='ltr'><strong>εὐήλατα,</strong></span> <span class='ocrx_word' id='word_1_101' title='bbox 3271 927 3433 996; x_wconf 83' lang='grc' dir='ltr'>φύγοι</span> <span class='ocrx_word' id='word_1_102' title='bbox 3462 944 3547 990; x_wconf 83' lang='grc' dir='ltr'><strong>τις</strong></span> <span class='ocrx_word' id='word_1_103' title='bbox 3576 927 3645 980; x_wconf 77' lang='grc' dir='ltr'>ἂν</span> <span class='ocrx_word' id='word_1_104' title='bbox 3671 926 3776 978; x_wconf 81' lang='grc' dir='ltr'>καὶ</span> 
     </span>
    </p>
   </div>
   <div class='ocr_carea' id='block_1_14' title="bbox 503 1017 2113 1094">
    <p class='ocr_par' dir='ltr' id='par_1_14' title="bbox 503 1019 2070 1093">
     <span class='ocr_line' id='line_1_14' title="bbox 503 1019 2070 1093; baseline 0.001 -20"><span class='ocrx_word' id='word_1_105' title='bbox 503 1019 640 1073; x_wconf 88' lang='lat' dir='ltr'><strong>sime</strong></span> <span class='ocrx_word' id='word_1_106' title='bbox 660 1020 727 1074; x_wconf 86' lang='lat' dir='ltr'><strong>ad</strong></span> <span class='ocrx_word' id='word_1_107' title='bbox 746 1019 1001 1075; x_wconf 89' lang='lat' dir='ltr'><strong>virtutum</strong></span> <span class='ocrx_word' id='word_1_108' title='bbox 1020 1022 1234 1078; x_wconf 85' lang='lat' dir='ltr'><strong>culmen</strong></span> <span class='ocrx_word' id='word_1_109' title='bbox 1256 1023 1486 1079; x_wconf 85' lang='lat' dir='ltr'><strong>assilire.</strong></span> <span class='ocrx_word' id='word_1_110' title='bbox 1505 1023 1774 1093; x_wconf 85' lang='lat' dir='ltr'><strong>Scriptum</strong></span> <span class='ocrx_word' id='word_1_111' title='bbox 1793 1031 1876 1079; x_wconf 85' lang='lat' dir='ltr'><strong>est</strong></span> <span class='ocrx_word' id='word_1_112' title='bbox 1894 1021 2036 1077; x_wconf 89' lang='lat' dir='ltr'><strong>enim</strong></span> <span class='ocrx_word' id='word_1_113' title='bbox 2056 1039 2070 1075; x_wconf 91' lang='lat'><strong>:</strong></span> 
     </span>
    </p>
   </div>
   <div class='ocr_carea' id='block_1_15' title="bbox 2164 1017 3774 1094">
    <p class='ocr_par' dir='ltr' id='par_1_15' title="bbox 2178 1017 3774 1094">
     <span class='ocr_line' id='line_1_15' title="bbox 2178 1017 3774 1094; baseline -0.005 -16"><span class='ocrx_word' id='word_1_114' title='bbox 2178 1023 2323 1094; x_wconf 84' lang='grc' dir='ltr'>μάλα</span> <span class='ocrx_word' id='word_1_115' title='bbox 2352 1023 2550 1094; x_wconf 77' lang='grc' dir='ltr'>ῥᾳδίως</span> <span class='ocrx_word' id='word_1_116' title='bbox 2575 1021 2670 1076; x_wconf 73' lang='grc' dir='ltr'>καὶ</span> <span class='ocrx_word' id='word_1_117' title='bbox 2701 1021 2799 1085; x_wconf 79' lang='grc' dir='ltr'>τὰς</span> <span class='ocrx_word' id='word_1_118' title='bbox 2821 1020 2930 1075; x_wconf 81' lang='grc' dir='ltr'>τῶν</span> <span class='ocrx_word' id='word_1_119' title='bbox 2968 1020 3156 1075; x_wconf 83' lang='grc' dir='ltr'>παθῶν</span> <span class='ocrx_word' id='word_1_120' title='bbox 3199 1019 3524 1090; x_wconf 77' lang='grc' dir='ltr'>προσϐολὰς,</span> <span class='ocrx_word' id='word_1_121' title='bbox 3566 1017 3774 1071; x_wconf 75' lang='grc' dir='ltr'>εὐσθε-</span> 
     </span>
    </p>
   </div>
   <div class='ocr_carea' id='block_1_16' title="bbox 509 1103 2119 1183">
    <p class='ocr_par' dir='ltr' id='par_1_16' title="bbox 509 1103 2076 1183">
     <span class='ocr_line' id='line_1_16' title="bbox 509 1103 2076 1183; baseline 0.003 -21"><span class='ocrx_word' id='word_1_122' title='bbox 509 1129 529 1161; x_wconf 81' lang='grc' dir='ltr'><strong>ι</strong></span> <span class='ocrx_word' id='word_1_123' title='bbox 580 1110 789 1167; x_wconf 76' lang='lat' dir='ltr'><strong>Montes</strong></span> <span class='ocrx_word' id='word_1_124' title='bbox 839 1114 1039 1169; x_wconf 80' lang='lat' dir='ltr'><strong>excelsi</strong></span> <span class='ocrx_word' id='word_1_125' title='bbox 1082 1115 1259 1170; x_wconf 86' lang='lat' dir='ltr'><strong>cervis</strong></span> <span class='ocrx_word' id='word_1_126' title='bbox 1284 1115 1351 1170; x_wconf 78' lang='lat'><strong>“.</strong></span> <span class='ocrx_word' id='word_1_127' title='bbox 1384 1103 1595 1182; x_wconf 42' lang='lat' dir='ltr'><strong>{Quid</strong></span> <span class='ocrx_word' id='word_1_128' title='bbox 1640 1128 1770 1181; x_wconf 78' lang='lat' dir='ltr'><strong>ergo</strong></span> <span class='ocrx_word' id='word_1_129' title='bbox 1827 1112 2076 1183; x_wconf 84' lang='lat' dir='ltr'><strong>promisit</strong></span> 
     </span>
    </p>
   </div>
   <div class='ocr_carea' id='block_1_17' title="bbox 2163 1103 3773 1183">
    <p class='ocr_par' dir='ltr' id='par_1_17' title="bbox 2177 1109 3773 1182">
     <span class='ocr_line' id='line_1_17' title="bbox 2177 1109 3773 1182; baseline -0.004 -14"><span class='ocrx_word' id='word_1_130' title='bbox 2177 1114 2411 1169; x_wconf 77' lang='grc' dir='ltr'>νέστατα</span> <span class='ocrx_word' id='word_1_131' title='bbox 2446 1113 2504 1168; x_wconf 85' lang='grc' dir='ltr'>δὲ</span> <span class='ocrx_word' id='word_1_132' title='bbox 2552 1113 2648 1167; x_wconf 72' lang='grc' dir='ltr'>καὶ</span> <span class='ocrx_word' id='word_1_133' title='bbox 2673 1114 2753 1175; x_wconf 80' lang='grc' dir='ltr'><strong>είς</strong></span> <span class='ocrx_word' id='word_1_134' title='bbox 2783 1112 2853 1166; x_wconf 81' lang='grc' dir='ltr'>τὰ</span> <span class='ocrx_word' id='word_1_135' title='bbox 2876 1111 2986 1165; x_wconf 87' lang='grc' dir='ltr'><strong>τῶν</strong></span> <span class='ocrx_word' id='word_1_136' title='bbox 3014 1110 3228 1182; x_wconf 80' lang='grc' dir='ltr'><strong>ἀρετῶν</strong></span> <span class='ocrx_word' id='word_1_137' title='bbox 3260 1110 3531 1180; x_wconf 72' lang='grc' dir='ltr'>ὑψώματα</span> <span class='ocrx_word' id='word_1_138' title='bbox 3560 1109 3773 1179; x_wconf 77' lang='grc' dir='ltr'>διαπη-</span> 
     </span>
    </p>
   </div>
   <div class='ocr_carea' id='block_1_18' title="bbox 517 1186 2127 1276">
    <p class='ocr_par' dir='ltr' id='par_1_18' title="bbox 517 1201 2072 1274">
     <span class='ocr_line' id='line_1_18' title="bbox 517 1201 2072 1274; baseline 0 -18"><span class='ocrx_word' id='word_1_139' title='bbox 517 1201 659 1256; x_wconf 87' lang='lat' dir='ltr'><strong>Deus</strong></span> <span class='ocrx_word' id='word_1_140' title='bbox 685 1201 740 1255; x_wconf 92' lang='lat' dir='ltr'><strong>in</strong></span> <span class='ocrx_word' id='word_1_141' title='bbox 767 1203 943 1270; x_wconf 88' lang='lat' dir='ltr'><strong>ipsum</strong></span> <span class='ocrx_word' id='word_1_142' title='bbox 966 1204 1358 1260; x_wconf 80' lang='lat' dir='ltr'><strong>credentibus?</strong></span> <span class='ocrx_word' id='word_1_143' title='bbox 1386 1204 1724 1274; x_wconf 85' lang='lat' dir='ltr'><strong>Prosperabo</strong></span> <span class='ocrx_word' id='word_1_144' title='bbox 1759 1204 1875 1258; x_wconf 83' lang='lat' dir='ltr'><strong>vias</strong></span> <span class='ocrx_word' id='word_1_145' title='bbox 1903 1216 2072 1267; x_wconf 87' lang='lat' dir='ltr'><strong>meas,</strong></span> 
     </span>
    </p>
   </div>
   <div class='ocr_carea' id='block_1_19' title="bbox 2196 1186 3806 1276">
    <p class='ocr_par' dir='ltr' id='par_1_19' title="bbox 2196 1201 3774 1276">
     <span class='ocr_line' id='line_1_19' title="bbox 2196 1201 3774 1276; baseline -0.008 -20"><span class='ocrx_word' id='word_1_146' title='bbox 2196 1205 2408 1276; x_wconf 73' lang='grc' dir='ltr'>ἱήσειεν.</span> <span class='ocrx_word' id='word_1_147' title='bbox 2439 1204 2751 1275; x_wconf 72' lang='grc' dir='ltr'><strong>Γέγραπται</strong></span> <span class='ocrx_word' id='word_1_148' title='bbox 2791 1204 2933 1274; x_wconf 84' lang='grc' dir='ltr'>γάρ·</span> <span class='ocrx_word' id='word_1_149' title='bbox 2967 1203 3138 1272; x_wconf 82' lang='grc' dir='ltr'>ιὈρη</span> <span class='ocrx_word' id='word_1_150' title='bbox 3166 1202 3234 1255; x_wconf 86' lang='grc' dir='ltr'>τὰ</span> <span class='ocrx_word' id='word_1_151' title='bbox 3264 1201 3447 1271; x_wconf 78' lang='grc' dir='ltr'>ὑψηλά</span> <span class='ocrx_word' id='word_1_152' title='bbox 3486 1203 3610 1263; x_wconf 81' lang='grc' dir='ltr'>ταῖς</span> <span class='ocrx_word' id='word_1_153' title='bbox 3636 1201 3774 1254; x_wconf 73' lang='grc' dir='ltr'>ἐλά-</span> 
     </span>
    </p>
   </div>
   <div class='ocr_carea' id='block_1_20' title="bbox 506 1291 2116 1366">
    <p class='ocr_par' dir='ltr' id='par_1_20' title="bbox 506 1292 2073 1365">
     <span class='ocr_line' id='line_1_20' title="bbox 506 1292 2073 1365; baseline 0.001 -19"><span class='ocrx_word' id='word_1_154' title='bbox 506 1301 562 1347; x_wconf 91' lang='lat' dir='ltr'><strong>et</strong></span> <span class='ocrx_word' id='word_1_155' title='bbox 584 1294 837 1349; x_wconf 85' lang='lat' dir='ltr'><strong>mandata</strong></span> <span class='ocrx_word' id='word_1_156' title='bbox 867 1309 1010 1360; x_wconf 83' lang='lat' dir='ltr'><strong>mea,</strong></span> <span class='ocrx_word' id='word_1_157' title='bbox 1055 1303 1241 1350; x_wconf 88' lang='lat' dir='ltr'><strong>etnon</strong></span> <span class='ocrx_word' id='word_1_158' title='bbox 1272 1310 1394 1349; x_wconf 91' lang='lat' dir='ltr'><strong>cum</strong></span> <span class='ocrx_word' id='word_1_159' title='bbox 1430 1296 1648 1350; x_wconf 85' lang='lat' dir='ltr'><strong>tristitia</strong></span> <span class='ocrx_word' id='word_1_160' title='bbox 1699 1292 2073 1365; x_wconf 70' lang='lat' dir='ltr'><strong>eg’rcdiemini,</strong></span> 
     </span>
    </p>
   </div>
   <div class='ocr_carea' id='block_1_21' title="bbox 2164 1291 3774 1366">
    <p class='ocr_par' dir='ltr' id='par_1_21' title="bbox 2177 1291 3774 1366">
     <span class='ocr_line' id='line_1_21' title="bbox 2177 1291 3774 1366; baseline -0.006 -15"><span class='ocrx_word' id='word_1_161' title='bbox 2177 1313 2317 1366; x_wconf 83' lang='grc' dir='ltr'>φοις.</span> <span class='ocrx_word' id='word_1_162' title='bbox 2360 1315 2379 1347; x_wconf 74' lang='grc' dir='ltr'><strong>ι</strong></span> <span class='ocrx_word' id='word_1_163' title='bbox 2407 1295 2473 1349; x_wconf 91' lang='grc' dir='ltr'>Τί</span> <span class='ocrx_word' id='word_1_164' title='bbox 2514 1295 2694 1349; x_wconf 80' lang='grc' dir='ltr'>τοίνυν</span> <span class='ocrx_word' id='word_1_165' title='bbox 2737 1294 2869 1358; x_wconf 75' lang='grc' dir='ltr'>Θεὸς</span> <span class='ocrx_word' id='word_1_166' title='bbox 2894 1292 3288 1360; x_wconf 84' lang='grc' dir='ltr'>ἐπαγγέλλεται</span> <span class='ocrx_word' id='word_1_167' title='bbox 3325 1294 3438 1355; x_wconf 85' lang='grc' dir='ltr'>τοῖς</span> <span class='ocrx_word' id='word_1_168' title='bbox 3479 1293 3560 1354; x_wconf 87' lang='grc' dir='ltr'><strong>εἰς</strong></span> <span class='ocrx_word' id='word_1_169' title='bbox 3600 1291 3774 1343; x_wconf 74' lang='grc' dir='ltr'>αὑτὸν</span> 
     </span>
    </p>
   </div>
   <div class='ocr_carea' id='block_1_22' title="bbox 511 1382 2121 1454">
    <p class='ocr_par' dir='ltr' id='par_1_22' title="bbox 511 1382 2074 1454">
     <span class='ocr_line' id='line_1_22' title="bbox 511 1382 2074 1454; baseline 0 -16"><span class='ocrx_word' id='word_1_170' title='bbox 511 1382 607 1438; x_wconf 90' lang='lat' dir='ltr'><strong>sed</strong></span> <span class='ocrx_word' id='word_1_171' title='bbox 639 1397 762 1438; x_wconf 88' lang='lat' dir='ltr'><strong>cum</strong></span> <span class='ocrx_word' id='word_1_172' title='bbox 781 1384 975 1451; x_wconf 75' lang='lat' dir='ltr'><strong>gaudio</strong></span> <span class='ocrx_word' id='word_1_173' title='bbox 992 1384 1337 1441; x_wconf 81' lang='lat' dir='ltr'><strong>docebimini.</strong></span> <span class='ocrx_word' id='word_1_174' title='bbox 1363 1384 1474 1441; x_wconf 82' lang='lat' dir='ltr'><strong>Hoc</strong></span> <span class='ocrx_word' id='word_1_175' title='bbox 1499 1386 1713 1441; x_wconf 88' lang='lat' dir='ltr'><strong>demum</strong></span> <span class='ocrx_word' id='word_1_176' title='bbox 1740 1394 1843 1451; x_wconf 86' lang='lat' dir='ltr'><strong>est,</strong></span> <span class='ocrx_word' id='word_1_177' title='bbox 1862 1385 2074 1454; x_wconf 84' lang='lat' dir='ltr'><strong>opinor,</strong></span> 
     </span>
    </p>
   </div>
   <div class='ocr_carea' id='block_1_23' title="bbox 2162 1382 3772 1454">
    <p class='ocr_par' dir='ltr' id='par_1_23' title="bbox 2178 1382 3772 1453">
     <span class='ocr_line' id='line_1_23' title="bbox 2178 1382 3772 1453; baseline -0.004 -13"><span class='ocrx_word' id='word_1_178' title='bbox 2178 1387 2561 1452; x_wconf 81' lang='grc' dir='ltr'>πιστεύσασιν;</span> <span class='ocrx_word' id='word_1_179' title='bbox 2594 1384 2857 1439; x_wconf 85' lang='grc' dir='ltr'>Εὐοδώσω</span> <span class='ocrx_word' id='word_1_180' title='bbox 2879 1384 2978 1448; x_wconf 76' lang='grc' dir='ltr'>τὰς</span> <span class='ocrx_word' id='word_1_181' title='bbox 3005 1382 3159 1446; x_wconf 81' lang='grc' dir='ltr'>ὁδούς</span> <span class='ocrx_word' id='word_1_182' title='bbox 3183 1400 3312 1453; x_wconf 87' lang='grc' dir='ltr'>μου,</span> <span class='ocrx_word' id='word_1_183' title='bbox 3342 1384 3437 1437; x_wconf 83' lang='grc' dir='ltr'><strong>καί</strong></span> <span class='ocrx_word' id='word_1_184' title='bbox 3473 1383 3543 1435; x_wconf 75' lang='grc' dir='ltr'>τὰ</span> <span class='ocrx_word' id='word_1_185' title='bbox 3574 1382 3772 1435; x_wconf 71' lang='grc' dir='ltr'>ἐντάλ-</span> 
     </span>
    </p>
   </div>
   <div class='ocr_carea' id='block_1_24' title="bbox 504 1471 2114 1547">
    <p class='ocr_par' dir='ltr' id='par_1_24' title="bbox 504 1474 2076 1547">
     <span class='ocr_line' id='line_1_24' title="bbox 504 1474 2076 1547; baseline 0.003 -20"><span class='ocrx_word' id='word_1_186' title='bbox 504 1474 647 1541; x_wconf 91' lang='lat' dir='ltr'><strong>quod</strong></span> <span class='ocrx_word' id='word_1_187' title='bbox 682 1474 808 1530; x_wconf 84' lang='lat' dir='ltr'><strong>alibi</strong></span> <span class='ocrx_word' id='word_1_188' title='bbox 832 1490 1017 1531; x_wconf 84' lang='lat' dir='ltr'><strong>rursus</strong></span> <span class='ocrx_word' id='word_1_189' title='bbox 1050 1475 1189 1532; x_wconf 81' lang='lat' dir='ltr'><strong>dixit</strong></span> <span class='ocrx_word' id='word_1_190' title='bbox 1218 1475 1496 1547; x_wconf 84' lang='lat' dir='ltr'><strong>Scriptura</strong></span> <span class='ocrx_word' id='word_1_191' title='bbox 1525 1476 1842 1547; x_wconf 85' lang='lat' dir='ltr'><strong>prophetica</strong></span> <span class='ocrx_word' id='word_1_192' title='bbox 1871 1494 1885 1530; x_wconf 88' lang='lat'><strong>:</strong></span> <span class='ocrx_word' id='word_1_193' title='bbox 1924 1495 1942 1528; x_wconf 82' lang='grc' dir='ltr'><strong>ι</strong></span> <span class='ocrx_word' id='word_1_194' title='bbox 1977 1474 2076 1531; x_wconf 83' lang='lat' dir='ltr'><strong>Via</strong></span> 
     </span>
    </p>
   </div>
   <div class='ocr_carea' id='block_1_25' title="bbox 2165 1471 3775 1547">
    <p class='ocr_par' dir='ltr' id='par_1_25' title="bbox 2180 1471 3775 1544">
     <span class='ocr_line' id='line_1_25' title="bbox 2180 1471 3775 1544; baseline -0.003 -17"><span class='ocrx_word' id='word_1_195' title='bbox 2180 1473 2328 1544; x_wconf 83' lang='grc' dir='ltr'>ματά</span> <span class='ocrx_word' id='word_1_196' title='bbox 2362 1490 2485 1544; x_wconf 84' lang='grc' dir='ltr'>μου,</span> <span class='ocrx_word' id='word_1_197' title='bbox 2509 1473 2604 1527; x_wconf 78' lang='grc' dir='ltr'>καὶ</span> <span class='ocrx_word' id='word_1_198' title='bbox 2627 1474 2727 1527; x_wconf 83' lang='grc' dir='ltr'>οὐκ</span> <span class='ocrx_word' id='word_1_199' title='bbox 2749 1473 2807 1527; x_wconf 86' lang='grc' dir='ltr'><strong>ἐν</strong></span> <span class='ocrx_word' id='word_1_200' title='bbox 2834 1472 2979 1544; x_wconf 80' lang='grc' dir='ltr'>λύπῃ</span> <span class='ocrx_word' id='word_1_201' title='bbox 3006 1471 3377 1539; x_wconf 77' lang='grc' dir='ltr'>ἐξελεύσεσθε,</span> <span class='ocrx_word' id='word_1_202' title='bbox 3405 1471 3522 1526; x_wconf 83' lang='grc' dir='ltr'>ἀλλ’</span> <span class='ocrx_word' id='word_1_203' title='bbox 3544 1473 3606 1524; x_wconf 83' lang='grc' dir='ltr'>ὲν</span> <span class='ocrx_word' id='word_1_204' title='bbox 3627 1474 3775 1541; x_wconf 78' lang='grc' dir='ltr'>χαρᾷ</span> 
     </span>
    </p>
   </div>
   <div class='ocr_carea' id='block_1_26' title="bbox 507 1559 2117 1639">
    <p class='ocr_par' dir='ltr' id='par_1_26' title="bbox 507 1565 2072 1639">
     <span class='ocr_line' id='line_1_26' title="bbox 507 1565 2072 1639; baseline 0.003 -21"><span class='ocrx_word' id='word_1_205' title='bbox 507 1565 719 1628; x_wconf 85' lang='lat' dir='ltr'><strong>piorum</strong></span> <span class='ocrx_word' id='word_1_206' title='bbox 750 1575 897 1622; x_wconf 83' lang='lat' dir='ltr'><strong>recta</strong></span> <span class='ocrx_word' id='word_1_207' title='bbox 922 1566 1067 1623; x_wconf 82' lang='lat' dir='ltr'><strong>facta</strong></span> <span class='ocrx_word' id='word_1_208' title='bbox 1089 1576 1189 1633; x_wconf 86' lang='lat' dir='ltr'><strong>est,</strong></span> <span class='ocrx_word' id='word_1_209' title='bbox 1221 1577 1276 1623; x_wconf 89' lang='lat' dir='ltr'><strong>et</strong></span> <span class='ocrx_word' id='word_1_210' title='bbox 1299 1576 1599 1637; x_wconf 74' lang='lat' dir='ltr'><strong>przeparata</strong></span> <span class='ocrx_word' id='word_1_211' title='bbox 1630 1569 1713 1624; x_wconf 86' lang='lat' dir='ltr'><strong>via</strong></span> <span class='ocrx_word' id='word_1_212' title='bbox 1744 1571 1954 1639; x_wconf 83' lang='lat' dir='ltr'><strong>piorum</strong></span> <span class='ocrx_word' id='word_1_213' title='bbox 1972 1568 2072 1622; x_wconf 69' lang='lat' dir='ltr'><strong>“.s</strong></span> 
     </span>
    </p>
   </div>
   <div class='ocr_carea' id='block_1_27' title="bbox 2165 1559 3775 1639">
    <p class='ocr_par' dir='ltr' id='par_1_27' title="bbox 2175 1559 3775 1638">
     <span class='ocr_line' id='line_1_27' title="bbox 2175 1559 3775 1638; baseline -0.001 -20"><span class='ocrx_word' id='word_1_214' title='bbox 2175 1564 2589 1638; x_wconf 76' lang='grc' dir='ltr'><strong>διδαχθήσεσθε.⁸</strong></span> <span class='ocrx_word' id='word_1_215' title='bbox 2618 1563 2812 1630; x_wconf 86' lang='grc' dir='ltr'>Τοῦτο,</span> <span class='ocrx_word' id='word_1_216' title='bbox 2846 1559 3024 1635; x_wconf 76' lang='grc' dir='ltr'>οἶμαι,</span> <span class='ocrx_word' id='word_1_217' title='bbox 3064 1565 3236 1630; x_wconf 76' lang='grc' dir='ltr'>ἐστὶν,</span> <span class='ocrx_word' id='word_1_218' title='bbox 3266 1566 3406 1635; x_wconf 84' lang='grc' dir='ltr'>ὅπερ</span> <span class='ocrx_word' id='word_1_219' title='bbox 3443 1564 3551 1634; x_wconf 69' lang='grc' dir='ltr'>ἔφη</span> <span class='ocrx_word' id='word_1_220' title='bbox 3608 1566 3775 1617; x_wconf 73' lang='grc' dir='ltr'>πάλιν</span> 
     </span>
    </p>
   </div>
   <div class='ocr_carea' id='block_1_28' title="bbox 506 1654 2116 1729">
    <p class='ocr_par' dir='ltr' id='par_1_28' title="bbox 506 1654 2078 1728">
     <span class='ocr_line' id='line_1_28' title="bbox 506 1654 2078 1728; baseline 0.003 -18"><span class='ocrx_word' id='word_1_221' title='bbox 506 1654 606 1712; x_wconf 83' lang='lat' dir='ltr'><strong>Via</strong></span> <span class='ocrx_word' id='word_1_222' title='bbox 647 1657 790 1713; x_wconf 90' lang='lat' dir='ltr'><strong>enim</strong></span> <span class='ocrx_word' id='word_1_223' title='bbox 819 1659 1030 1715; x_wconf 90' lang='lat' dir='ltr'><strong>Domini</strong></span> <span class='ocrx_word' id='word_1_224' title='bbox 1073 1658 1355 1728; x_wconf 85' lang='lat' dir='ltr'><strong>judicium.</strong></span> <span class='ocrx_word' id='word_1_225' title='bbox 1391 1659 1548 1715; x_wconf 85' lang='lat' dir='ltr'><strong>Alius</strong></span> <span class='ocrx_word' id='word_1_226' title='bbox 1599 1661 1763 1714; x_wconf 88' lang='lat' dir='ltr'><strong>etiam</strong></span> <span class='ocrx_word' id='word_1_227' title='bbox 1813 1675 1845 1716; x_wconf 90' lang='lat' dir='ltr'><strong>e</strong></span> <span class='ocrx_word' id='word_1_228' title='bbox 1873 1661 2078 1715; x_wconf 85' lang='lat' dir='ltr'><strong>sanctis</strong></span> 
     </span>
    </p>
   </div>
   <div class='ocr_carea' id='block_1_29' title="bbox 2164 1654 3774 1729">
    <p class='ocr_par' dir='ltr' id='par_1_29' title="bbox 2178 1654 3774 1729">
     <span class='ocr_line' id='line_1_29' title="bbox 2178 1654 3774 1729; baseline -0.002 -19"><span class='ocrx_word' id='word_1_229' title='bbox 2178 1656 2404 1729; x_wconf 78' lang='grc' dir='ltr'>ἑτέρωθί</span> <span class='ocrx_word' id='word_1_230' title='bbox 2435 1673 2536 1710; x_wconf 89' lang='grc' dir='ltr'><strong>που</strong></span> <span class='ocrx_word' id='word_1_231' title='bbox 2568 1656 2631 1709; x_wconf 85' lang='grc' dir='ltr'>τὸ</span> <span class='ocrx_word' id='word_1_232' title='bbox 2649 1657 2883 1728; x_wconf 84' lang='grc' dir='ltr'>γράμμα</span> <span class='ocrx_word' id='word_1_233' title='bbox 2906 1657 2969 1709; x_wconf 86' lang='grc' dir='ltr'>τὸ</span> <span class='ocrx_word' id='word_1_234' title='bbox 2996 1655 3335 1727; x_wconf 77' lang='grc' dir='ltr'>προφητικόν</span> <span class='ocrx_word' id='word_1_235' title='bbox 3354 1673 3371 1687; x_wconf 73' lang='grc' dir='ltr'><strong><em>ο</em></strong></span> <span class='ocrx_word' id='word_1_236' title='bbox 3390 1674 3409 1706; x_wconf 84' lang='grc' dir='ltr'><strong>ι</strong></span> <span class='ocrx_word' id='word_1_237' title='bbox 3429 1654 3585 1717; x_wconf 80' lang='grc' dir='ltr'>ὐδδς</span> <span class='ocrx_word' id='word_1_238' title='bbox 3610 1656 3774 1708; x_wconf 76' lang='grc' dir='ltr'>εὐσε-</span> 
     </span>
    </p>
   </div>
   <div class='ocr_carea' id='block_1_30' title="bbox 507 1746 2117 1822">
    <p class='ocr_par' dir='ltr' id='par_1_30' title="bbox 507 1750 2117 1822">
     <span class='ocr_line' id='line_1_30' title="bbox 507 1750 2117 1822; baseline 0.002 -19"><span class='ocrx_word' id='word_1_239' title='bbox 507 1751 820 1819; x_wconf 71' lang='lat' dir='ltr'><strong>proplietis,</strong></span> <span class='ocrx_word' id='word_1_240' title='bbox 843 1769 861 1803; x_wconf 80' lang='grc' dir='ltr'><strong>ι</strong></span> <span class='ocrx_word' id='word_1_241' title='bbox 893 1750 1096 1820; x_wconf 80' lang='lat' dir='ltr'><strong>Rectae,</strong></span> <span class='ocrx_word' id='word_1_242' title='bbox 1134 1770 1154 1804; x_wconf 70' lang='grc' dir='ltr'><strong>ι</strong></span> <span class='ocrx_word' id='word_1_243' title='bbox 1201 1751 1396 1822; x_wconf 81' lang='lat' dir='ltr'><strong>inquit,</strong></span> <span class='ocrx_word' id='word_1_244' title='bbox 1429 1767 1449 1802; x_wconf 85' lang='grc' dir='ltr'><strong>ι</strong></span> <span class='ocrx_word' id='word_1_245' title='bbox 1481 1761 1609 1806; x_wconf 89' lang='lat' dir='ltr'><strong>sunt</strong></span> <span class='ocrx_word' id='word_1_246' title='bbox 1634 1752 1736 1808; x_wconf 77' lang='lat' dir='ltr'><strong>vite</strong></span> <span class='ocrx_word' id='word_1_247' title='bbox 1766 1751 2001 1819; x_wconf 89' lang='lat' dir='ltr'><strong>Domini,</strong></span> <span class='ocrx_word' id='word_1_248' title='bbox 2023 1761 2079 1807; x_wconf 90' lang='lat' dir='ltr'><strong>et</strong></span> <span class='ocrx_word' id='word_1_249' title='bbox 2110 1813 2117 1822; x_wconf 41' lang='grc' dir='ltr'>ι</span> 
     </span>
    </p>
   </div>
   <div class='ocr_carea' id='block_1_31' title="bbox 2167 1746 3777 1822">
    <p class='ocr_par' dir='ltr' id='par_1_31' title="bbox 2179 1746 3777 1818">
     <span class='ocr_line' id='line_1_31' title="bbox 2179 1746 3777 1818; baseline -0.003 -17"><span class='ocrx_word' id='word_1_250' title='bbox 2179 1748 2288 1802; x_wconf 75' lang='grc' dir='ltr'><strong>ϐῶν</strong></span> <span class='ocrx_word' id='word_1_251' title='bbox 2316 1748 2501 1802; x_wconf 83' lang='grc' dir='ltr'>εὐθεῖα</span> <span class='ocrx_word' id='word_1_252' title='bbox 2525 1746 2760 1816; x_wconf 79' lang='grc' dir='ltr'>ἐγένετο,</span> <span class='ocrx_word' id='word_1_253' title='bbox 2780 1747 2877 1801; x_wconf 76' lang='grc' dir='ltr'><strong>καὶ</strong></span> <span class='ocrx_word' id='word_1_254' title='bbox 2911 1747 3407 1818; x_wconf 81' lang='grc' dir='ltr'><strong>παρεσκευασμένη</strong></span> <span class='ocrx_word' id='word_1_255' title='bbox 3447 1749 3481 1816; x_wconf 77' lang='grc' dir='ltr'><strong>ἡ</strong></span> <span class='ocrx_word' id='word_1_256' title='bbox 3511 1746 3636 1809; x_wconf 82' lang='grc' dir='ltr'>ὁδὸς</span> <span class='ocrx_word' id='word_1_257' title='bbox 3664 1746 3777 1798; x_wconf 78' lang='grc' dir='ltr'>τών</span> 
     </span>
    </p>
   </div>
   <div class='ocr_carea' id='block_1_32' title="bbox 501 1812 2111 1914">
    <p class='ocr_par' dir='ltr' id='par_1_32' title="bbox 501 1812 2111 1914">
     <span class='ocr_line' id='line_1_32' title="bbox 501 1812 2111 1914; baseline 0.002 -20"><span class='ocrx_word' id='word_1_258' title='bbox 501 1812 634 1911; x_wconf 64' lang='lat' dir='ltr'><strong>justi</strong></span> <span class='ocrx_word' id='word_1_259' title='bbox 661 1812 1012 1897; x_wconf 84' lang='lat' dir='ltr'><strong>ambulabunt</strong></span> <span class='ocrx_word' id='word_1_260' title='bbox 1048 1812 1101 1897; x_wconf 77' lang='lat' dir='ltr'><strong>in</strong></span> <span class='ocrx_word' id='word_1_261' title='bbox 1125 1843 1206 1898; x_wconf 88' lang='lat' dir='ltr'><strong>eis</strong></span> <span class='ocrx_word' id='word_1_262' title='bbox 1229 1861 1245 1897; x_wconf 86' lang='lat'><strong>:</strong></span> <span class='ocrx_word' id='word_1_263' title='bbox 1270 1812 1418 1914; x_wconf 75' lang='lat' dir='ltr'><strong>impii</strong></span> <span class='ocrx_word' id='word_1_264' title='bbox 1442 1851 1621 1899; x_wconf 85' lang='lat' dir='ltr'><strong>autem</strong></span> <span class='ocrx_word' id='word_1_265' title='bbox 1661 1812 2079 1899; x_wconf 60' lang='lat' dir='ltr'><strong>inllrmabmttur</strong></span> <span class='ocrx_word' id='word_1_266' title='bbox 2108 1814 2111 1868; x_wconf 50' lang='grc' dir='ltr'><strong>λ</strong></span> 
     </span>
    </p>
   </div>
   <div class='ocr_carea' id='block_1_33' title="bbox 2166 1812 3776 1914">
    <p class='ocr_par' dir='ltr' id='par_1_33' title="bbox 2180 1812 3776 1911">
     <span class='ocr_line' id='line_1_33' title="bbox 2180 1812 3776 1911; baseline -0.002 -17"><span class='ocrx_word' id='word_1_267' title='bbox 2180 1840 2438 1896; x_wconf 84' lang='grc' dir='ltr'>εὐσεϐῶν.</span> <span class='ocrx_word' id='word_1_268' title='bbox 2460 1861 2480 1893; x_wconf 73' lang='grc' dir='ltr'><strong>ι</strong></span> <span class='ocrx_word' id='word_1_269' title='bbox 2518 1812 2581 1895; x_wconf 71' lang='grc' dir='ltr'><strong><em>Ἡ</em></strong></span> <span class='ocrx_word' id='word_1_270' title='bbox 2607 1840 2717 1911; x_wconf 83' lang='grc' dir='ltr'>γὰρ</span> <span class='ocrx_word' id='word_1_271' title='bbox 2745 1840 2861 1904; x_wconf 85' lang='grc' dir='ltr'>ὁδὸς</span> <span class='ocrx_word' id='word_1_272' title='bbox 2888 1812 3097 1911; x_wconf 79' lang='grc' dir='ltr'>Κυρίου</span> <span class='ocrx_word' id='word_1_273' title='bbox 3120 1812 3556 1911; x_wconf 77' lang='grc' dir='ltr'>κρίσις.Ἒτερος</span> <span class='ocrx_word' id='word_1_274' title='bbox 3581 1838 3644 1892; x_wconf 82' lang='grc' dir='ltr'>δὲ</span> <span class='ocrx_word' id='word_1_275' title='bbox 3662 1838 3776 1892; x_wconf 76' lang='grc' dir='ltr'><strong>τῶν</strong></span> 
     </span>
    </p>
   </div>
   <div class='ocr_carea' id='block_1_34' title="bbox 507 1929 2117 2007">
    <p class='ocr_par' dir='ltr' id='par_1_34' title="bbox 507 1933 2080 2007">
     <span class='ocr_line' id='line_1_34' title="bbox 507 1933 2080 2007; baseline 0.004 -22"><span class='ocrx_word' id='word_1_276' title='bbox 507 1934 561 1986; x_wconf 91' lang='lat' dir='ltr'><strong>in</strong></span> <span class='ocrx_word' id='word_1_277' title='bbox 586 1933 743 1987; x_wconf 79' lang='lat' dir='ltr'><strong>eis“.</strong></span> <span class='ocrx_word' id='word_1_278' title='bbox 774 1951 795 1985; x_wconf 71' lang='grc' dir='ltr'><strong>ι</strong></span> <span class='ocrx_word' id='word_1_279' title='bbox 823 1933 932 1989; x_wconf 88' lang='lat' dir='ltr'><strong>Deo</strong></span> <span class='ocrx_word' id='word_1_280' title='bbox 949 1934 1093 1989; x_wconf 91' lang='lat' dir='ltr'><strong>enim</strong></span> <span class='ocrx_word' id='word_1_281' title='bbox 1120 1933 1226 1990; x_wconf 82' lang='lat' dir='ltr'><strong>illis</strong></span> <span class='ocrx_word' id='word_1_282' title='bbox 1252 1935 1369 1991; x_wconf 88' lang='lat' dir='ltr'><strong>vias</strong></span> <span class='ocrx_word' id='word_1_283' title='bbox 1398 1950 1503 1992; x_wconf 90' lang='lat' dir='ltr'><strong>non</strong></span> <span class='ocrx_word' id='word_1_284' title='bbox 1531 1933 1821 2007; x_wconf 76' lang='lat' dir='ltr'><strong>levigante,</strong></span> <span class='ocrx_word' id='word_1_285' title='bbox 1839 1949 1937 2006; x_wconf 92' lang='lat' dir='ltr'><strong>per</strong></span> <span class='ocrx_word' id='word_1_286' title='bbox 1960 1935 2080 1991; x_wconf 84' lang='lat' dir='ltr'><strong>illas</strong></span> 
     </span>
    </p>
   </div>
   <div class='ocr_carea' id='block_1_35' title="bbox 2160 1929 3770 2007">
    <p class='ocr_par' dir='ltr' id='par_1_35' title="bbox 2182 1929 3770 2004">
     <span class='ocr_line' id='line_1_35' title="bbox 2182 1929 3770 2004; baseline -0.003 -17"><span class='ocrx_word' id='word_1_287' title='bbox 2182 1933 2350 2002; x_wconf 84' lang='grc' dir='ltr'>ἁγίων</span> <span class='ocrx_word' id='word_1_288' title='bbox 2406 1931 2724 2004; x_wconf 75' lang='grc' dir='ltr'>προφητῶν,</span> <span class='ocrx_word' id='word_1_289' title='bbox 2764 1949 2783 1983; x_wconf 86' lang='grc' dir='ltr'><strong>ι</strong></span> <span class='ocrx_word' id='word_1_290' title='bbox 2808 1931 3048 1996; x_wconf 83' lang='grc' dir='ltr'>Εὐθεῖαι,</span> <span class='ocrx_word' id='word_1_291' title='bbox 3081 1929 3268 2001; x_wconf 80' lang='grc' dir='ltr'>φησὶν,</span> <span class='ocrx_word' id='word_1_292' title='bbox 3302 1930 3359 1983; x_wconf 86' lang='grc' dir='ltr'><strong>αί</strong></span> <span class='ocrx_word' id='word_1_293' title='bbox 3396 1929 3505 1983; x_wconf 68' lang='grc' dir='ltr'>ὁδοὶ</span> <span class='ocrx_word' id='word_1_294' title='bbox 3534 1929 3770 1997; x_wconf 76' lang='grc' dir='ltr'>Κυρίου,</span> 
     </span>
    </p>
   </div>
   <div class='ocr_carea' id='block_1_36' title="bbox 507 2020 2117 2094">
    <p class='ocr_par' dir='ltr' id='par_1_36' title="bbox 507 2021 2078 2094">
     <span class='ocr_line' id='line_1_36' title="bbox 507 2021 2078 2094; baseline 0.003 -20"><span class='ocrx_word' id='word_1_295' title='bbox 507 2021 638 2077; x_wconf 82' lang='lat' dir='ltr'><strong>ferri</strong></span> <span class='ocrx_word' id='word_1_296' title='bbox 700 2038 808 2078; x_wconf 91' lang='lat' dir='ltr'><strong>non</strong></span> <span class='ocrx_word' id='word_1_297' title='bbox 874 2032 1150 2094; x_wconf 90' lang='lat' dir='ltr'><strong>poterunt.</strong></span> <span class='ocrx_word' id='word_1_298' title='bbox 1183 2022 1337 2093; x_wconf 84' lang='lat' dir='ltr'><strong>Quod</strong></span> <span class='ocrx_word' id='word_1_299' title='bbox 1379 2026 1548 2090; x_wconf 87' lang='lat' dir='ltr'><strong>enim,</strong></span> <span class='ocrx_word' id='word_1_300' title='bbox 1599 2034 1659 2079; x_wconf 90' lang='lat' dir='ltr'><strong>ut</strong></span> <span class='ocrx_word' id='word_1_301' title='bbox 1714 2024 1847 2092; x_wconf 80' lang='lat' dir='ltr'><strong>dixi,</strong></span> <span class='ocrx_word' id='word_1_302' title='bbox 1877 2024 2078 2080; x_wconf 89' lang='lat' dir='ltr'><strong>donum</strong></span> 
     </span>
    </p>
   </div>
   <div class='ocr_carea' id='block_1_37' title="bbox 2162 2020 3772 2094">
    <p class='ocr_par' dir='ltr' id='par_1_37' title="bbox 2181 2020 3772 2094">
     <span class='ocr_line' id='line_1_37' title="bbox 2181 2020 3772 2094; baseline -0.004 -15"><span class='ocrx_word' id='word_1_303' title='bbox 2181 2025 2274 2080; x_wconf 71' lang='grc' dir='ltr'><strong>καὶ</strong></span> <span class='ocrx_word' id='word_1_304' title='bbox 2297 2024 2495 2077; x_wconf 85' lang='grc' dir='ltr'>δίκαιοι</span> <span class='ocrx_word' id='word_1_305' title='bbox 2522 2021 2884 2094; x_wconf 83' lang='grc' dir='ltr'>πορεύσονται</span> <span class='ocrx_word' id='word_1_306' title='bbox 2911 2023 2970 2077; x_wconf 88' lang='grc' dir='ltr'><strong>ἐν</strong></span> <span class='ocrx_word' id='word_1_307' title='bbox 2990 2022 3204 2085; x_wconf 79' lang='grc' dir='ltr'>αὐταῖς,</span> <span class='ocrx_word' id='word_1_308' title='bbox 3222 2022 3271 2074; x_wconf 83' lang='grc' dir='ltr'>οἱ</span> <span class='ocrx_word' id='word_1_309' title='bbox 3291 2020 3347 2074; x_wconf 82' lang='grc' dir='ltr'>δὲ</span> <span class='ocrx_word' id='word_1_310' title='bbox 3365 2021 3583 2083; x_wconf 72' lang='grc' dir='ltr'>ἀσεϐεῖς</span> <span class='ocrx_word' id='word_1_311' title='bbox 3607 2020 3772 2073; x_wconf 76' lang='grc' dir='ltr'>ἀσθε-</span> 
     </span>
    </p>
   </div>
   <div class='ocr_carea' id='block_1_38' title="bbox 509 2113 2119 2188">
    <p class='ocr_par' dir='ltr' id='par_1_38' title="bbox 509 2114 2077 2187">
     <span class='ocr_line' id='line_1_38' title="bbox 509 2114 2077 2187; baseline 0.002 -19"><span class='ocrx_word' id='word_1_312' title='bbox 509 2114 731 2171; x_wconf 83' lang='lat' dir='ltr'><strong>coeleste</strong></span> <span class='ocrx_word' id='word_1_313' title='bbox 755 2117 850 2182; x_wconf 85' lang='lat' dir='ltr'><strong>sit,</strong></span> <span class='ocrx_word' id='word_1_314' title='bbox 880 2117 998 2172; x_wconf 84' lang='lat' dir='ltr'><strong>vias</strong></span> <span class='ocrx_word' id='word_1_315' title='bbox 1024 2117 1234 2173; x_wconf 87' lang='lat' dir='ltr'><strong>divinas</strong></span> <span class='ocrx_word' id='word_1_316' title='bbox 1278 2118 1356 2172; x_wconf 90' lang='lat' dir='ltr'><strong>ire</strong></span> <span class='ocrx_word' id='word_1_317' title='bbox 1389 2131 1568 2187; x_wconf 88' lang='lat' dir='ltr'><strong>posse,</strong></span> <span class='ocrx_word' id='word_1_318' title='bbox 1599 2125 1655 2171; x_wconf 89' lang='lat' dir='ltr'><strong>et</strong></span> <span class='ocrx_word' id='word_1_319' title='bbox 1683 2116 1910 2187; x_wconf 90' lang='lat' dir='ltr'><strong>implere</strong></span> <span class='ocrx_word' id='word_1_320' title='bbox 1935 2131 2077 2171; x_wconf 87' lang='lat' dir='ltr'><strong>man-</strong></span> 
     </span>
    </p>
   </div>
   <div class='ocr_carea' id='block_1_39' title="bbox 2159 2113 3769 2188">
    <p class='ocr_par' dir='ltr' id='par_1_39' title="bbox 2181 2113 3769 2188">
     <span class='ocr_line' id='line_1_39' title="bbox 2181 2113 3769 2188; baseline -0.005 -15"><span class='ocrx_word' id='word_1_321' title='bbox 2181 2119 2433 2188; x_wconf 80' lang='grc' dir='ltr'>νήσουσιν</span> <span class='ocrx_word' id='word_1_322' title='bbox 2459 2117 2516 2170; x_wconf 93' lang='grc' dir='ltr'><strong>ἐν</strong></span> <span class='ocrx_word' id='word_1_323' title='bbox 2541 2117 2752 2177; x_wconf 82' lang='grc' dir='ltr'>αὑταῖς.</span> <span class='ocrx_word' id='word_1_324' title='bbox 2787 2134 2807 2168; x_wconf 73' lang='grc' dir='ltr'><strong>ι</strong></span> <span class='ocrx_word' id='word_1_325' title='bbox 2844 2114 2980 2169; x_wconf 85' lang='grc' dir='ltr'>Θεοῦ</span> <span class='ocrx_word' id='word_1_326' title='bbox 3024 2114 3134 2185; x_wconf 78' lang='grc' dir='ltr'><strong>γὰρ</strong></span> <span class='ocrx_word' id='word_1_327' title='bbox 3168 2115 3351 2177; x_wconf 80' lang='grc' dir='ltr'>αὐτοῖς</span> <span class='ocrx_word' id='word_1_328' title='bbox 3382 2113 3483 2176; x_wconf 81' lang='grc' dir='ltr'><strong>τὰς</strong></span> <span class='ocrx_word' id='word_1_329' title='bbox 3516 2114 3674 2176; x_wconf 70' lang='grc' dir='ltr'>ὁδοὺς</span> <span class='ocrx_word' id='word_1_330' title='bbox 3705 2113 3769 2165; x_wconf 72' lang='grc' dir='ltr'>οὐ</span> 
     </span>
    </p>
   </div>
   <div class='ocr_carea' id='block_1_40' title="bbox 506 2205 2116 2279">
    <p class='ocr_par' dir='ltr' id='par_1_40' title="bbox 506 2206 2080 2279">
     <span class='ocr_line' id='line_1_40' title="bbox 506 2206 2080 2279; baseline 0 -17"><span class='ocrx_word' id='word_1_331' title='bbox 506 2209 631 2262; x_wconf 81' lang='lat' dir='ltr'><strong>data</strong></span> <span class='ocrx_word' id='word_1_332' title='bbox 662 2207 858 2277; x_wconf 88' lang='lat' dir='ltr'><strong>quibus</strong></span> <span class='ocrx_word' id='word_1_333' title='bbox 892 2208 960 2264; x_wconf 88' lang='lat' dir='ltr'><strong>ad</strong></span> <span class='ocrx_word' id='word_1_334' title='bbox 1005 2209 1172 2265; x_wconf 91' lang='lat' dir='ltr'><strong>Deum</strong></span> <span class='ocrx_word' id='word_1_335' title='bbox 1214 2208 1411 2279; x_wconf 85' lang='lat' dir='ltr'><strong>aliquis</strong></span> <span class='ocrx_word' id='word_1_336' title='bbox 1437 2207 1664 2271; x_wconf 77' lang='lat' dir='ltr'><strong>feratur,</strong></span> <span class='ocrx_word' id='word_1_337' title='bbox 1696 2206 1900 2273; x_wconf 87' lang='lat' dir='ltr'><strong>docuit,</strong></span> <span class='ocrx_word' id='word_1_338' title='bbox 1955 2222 2080 2262; x_wconf 87' lang='lat' dir='ltr'><strong>cum</strong></span> 
     </span>
    </p>
   </div>
   <div class='ocr_carea' id='block_1_41' title="bbox 2153 2205 3763 2279">
    <p class='ocr_par' dir='ltr' id='par_1_41' title="bbox 2180 2205 3763 2278">
     <span class='ocr_line' id='line_1_41' title="bbox 2180 2205 3763 2278; baseline -0.005 -13"><span class='ocrx_word' id='word_1_339' title='bbox 2180 2209 2780 2273; x_wconf 86' lang='grc' dir='ltr'>καταλειαίνοντος,ούκ</span> <span class='ocrx_word' id='word_1_340' title='bbox 2803 2207 2869 2261; x_wconf 81' lang='grc' dir='ltr'>ἂν</span> <span class='ocrx_word' id='word_1_341' title='bbox 2892 2208 3170 2278; x_wconf 86' lang='grc' dir='ltr'>ίσχύσειαν</span> <span class='ocrx_word' id='word_1_342' title='bbox 3196 2206 3459 2277; x_wconf 80' lang='grc' dir='ltr'>φέρεσθαι</span> <span class='ocrx_word' id='word_1_343' title='bbox 3481 2205 3551 2258; x_wconf 87' lang='grc' dir='ltr'><strong>δι’</strong></span> <span class='ocrx_word' id='word_1_344' title='bbox 3567 2205 3763 2258; x_wconf 72' lang='grc' dir='ltr'>αὐτῶν.</span> 
     </span>
    </p>
   </div>
   <div class='ocr_carea' id='block_1_42' title="bbox 505 2298 2115 2376">
    <p class='ocr_par' dir='ltr' id='par_1_42' title="bbox 505 2299 2082 2372">
     <span class='ocr_line' id='line_1_42' title="bbox 505 2299 2082 2372; baseline 0.002 -19"><span class='ocrx_word' id='word_1_345' title='bbox 505 2299 654 2355; x_wconf 89' lang='lat' dir='ltr'><strong>velut</strong></span> <span class='ocrx_word' id='word_1_346' title='bbox 675 2299 742 2355; x_wconf 91' lang='lat' dir='ltr'><strong>de</strong></span> <span class='ocrx_word' id='word_1_347' title='bbox 767 2299 1050 2372; x_wconf 75' lang='lat' dir='ltr'><strong>Synagoga</strong></span> <span class='ocrx_word' id='word_1_348' title='bbox 1086 2301 1415 2366; x_wconf 68' lang='lat' dir='ltr'><strong>Iudaeorum,</strong></span> <span class='ocrx_word' id='word_1_349' title='bbox 1445 2299 1611 2372; x_wconf 66' lang='grc'><strong>784</strong></span> <span class='ocrx_word' id='word_1_350' title='bbox 1632 2299 1924 2371; x_wconf 87' lang='lat' dir='ltr'><strong>Propterea</strong></span> <span class='ocrx_word' id='word_1_351' title='bbox 1952 2315 2082 2357; x_wconf 89' lang='lat' dir='ltr'><strong>ecce</strong></span> 
     </span>
    </p>
   </div>
   <div class='ocr_carea' id='block_1_43' title="bbox 2159 2298 3769 2376">
    <p class='ocr_par' dir='ltr' id='par_1_43' title="bbox 2182 2298 3769 2376">
     <span class='ocr_line' id='line_1_43' title="bbox 2182 2298 3769 2376; baseline -0.006 -18"><span class='ocrx_word' id='word_1_352' title='bbox 2182 2306 2305 2358; x_wconf 83' lang='grc' dir='ltr'><strong>Ὅτι</strong></span> <span class='ocrx_word' id='word_1_353' title='bbox 2328 2305 2436 2376; x_wconf 79' lang='grc' dir='ltr'><strong>γὰρ</strong></span> <span class='ocrx_word' id='word_1_354' title='bbox 2458 2303 2631 2371; x_wconf 81' lang='grc' dir='ltr'>ξένιόν</span> <span class='ocrx_word' id='word_1_355' title='bbox 2657 2304 2824 2369; x_wconf 88' lang='grc' dir='ltr'>ἐστιν,</span> <span class='ocrx_word' id='word_1_356' title='bbox 2852 2301 2928 2366; x_wconf 81' lang='grc' dir='ltr'><strong>ὡς</strong></span> <span class='ocrx_word' id='word_1_357' title='bbox 2960 2302 3116 2371; x_wconf 78' lang='grc' dir='ltr'>ἔφην,</span> <span class='ocrx_word' id='word_1_358' title='bbox 3146 2299 3380 2371; x_wconf 83' lang='grc' dir='ltr'>ούρανοῦ</span> <span class='ocrx_word' id='word_1_359' title='bbox 3404 2299 3465 2352; x_wconf 81' lang='grc' dir='ltr'>τὸ</span> <span class='ocrx_word' id='word_1_360' title='bbox 3496 2298 3597 2362; x_wconf 71' lang='grc' dir='ltr'><strong>τὰς</strong></span> <span class='ocrx_word' id='word_1_361' title='bbox 3623 2298 3769 2361; x_wconf 81' lang='grc' dir='ltr'>θείας</span> 
     </span>
    </p>
   </div>
   <div class='ocr_carea' id='block_1_44' title="bbox 506 2387 2116 2465">
    <p class='ocr_par' dir='ltr' id='par_1_44' title="bbox 506 2390 2082 2463">
     <span class='ocr_line' id='line_1_44' title="bbox 506 2390 2082 2463; baseline 0.002 -19"><span class='ocrx_word' id='word_1_362' title='bbox 506 2406 631 2459; x_wconf 76' lang='lat' dir='ltr'><strong>ego,</strong></span> <span class='ocrx_word' id='word_1_363' title='bbox 668 2390 860 2462; x_wconf 89' lang='lat' dir='ltr'><strong>inquit,</strong></span> <span class='ocrx_word' id='word_1_364' title='bbox 893 2393 1171 2448; x_wconf 90' lang='lat' dir='ltr'><strong>obstruam</strong></span> <span class='ocrx_word' id='word_1_365' title='bbox 1206 2393 1322 2449; x_wconf 88' lang='lat' dir='ltr'><strong>vias</strong></span> <span class='ocrx_word' id='word_1_366' title='bbox 1350 2392 1463 2461; x_wconf 69' lang='lat' dir='ltr'><strong>eius</strong></span> <span class='ocrx_word' id='word_1_367' title='bbox 1485 2393 1727 2460; x_wconf 87' lang='lat' dir='ltr'><strong>sudibus,</strong></span> <span class='ocrx_word' id='word_1_368' title='bbox 1760 2401 1815 2448; x_wconf 89' lang='lat' dir='ltr'><strong>et</strong></span> <span class='ocrx_word' id='word_1_369' title='bbox 1876 2403 2082 2463; x_wconf 69' lang='lat' dir='ltr'><strong>quaeret</strong></span> 
     </span>
    </p>
   </div>
   <div class='ocr_carea' id='block_1_45' title="bbox 2154 2387 3764 2465">
    <p class='ocr_par' dir='ltr' id='par_1_45' title="bbox 2180 2387 3764 2465">
     <span class='ocr_line' id='line_1_45' title="bbox 2180 2387 3764 2465; baseline -0.006 -16"><span class='ocrx_word' id='word_1_370' title='bbox 2180 2394 2442 2450; x_wconf 85' lang='grc' dir='ltr'>δύνασθαι</span> <span class='ocrx_word' id='word_1_371' title='bbox 2479 2394 2716 2465; x_wconf 80' lang='grc' dir='ltr'><strong>βαδίζειν</strong></span> <span class='ocrx_word' id='word_1_372' title='bbox 2740 2393 2915 2457; x_wconf 82' lang='grc' dir='ltr'>ὁδοὺς,</span> <span class='ocrx_word' id='word_1_373' title='bbox 2937 2392 3034 2446; x_wconf 76' lang='grc' dir='ltr'>καὶ</span> <span class='ocrx_word' id='word_1_374' title='bbox 3055 2388 3298 2460; x_wconf 82' lang='grc' dir='ltr'>πληροῦν</span> <span class='ocrx_word' id='word_1_375' title='bbox 3337 2387 3764 2456; x_wconf 70' lang='grc' dir='ltr'>τάἐντὰλματα,</span> 
     </span>
    </p>
   </div>
   <div class='ocr_carea' id='block_1_46' title="bbox 505 2477 2115 2554">
    <p class='ocr_par' dir='ltr' id='par_1_46' title="bbox 505 2481 2081 2554">
     <span class='ocr_line' id='line_1_46' title="bbox 505 2481 2081 2554; baseline 0.004 -21"><span class='ocrx_word' id='word_1_376' title='bbox 505 2481 644 2546; x_wconf 88' lang='lat' dir='ltr'><strong>vias,</strong></span> <span class='ocrx_word' id='word_1_377' title='bbox 670 2490 725 2537; x_wconf 89' lang='lat' dir='ltr'><strong>et</strong></span> <span class='ocrx_word' id='word_1_378' title='bbox 749 2498 856 2538; x_wconf 88' lang='lat' dir='ltr'><strong>non</strong></span> <span class='ocrx_word' id='word_1_379' title='bbox 880 2482 1153 2538; x_wconf 87' lang='lat' dir='ltr'><strong>inveniet.</strong></span> <span class='ocrx_word' id='word_1_380' title='bbox 1199 2481 1387 2554; x_wconf 86' lang='lat' dir='ltr'><strong>Itaque</strong></span> <span class='ocrx_word' id='word_1_381' title='bbox 1437 2498 1545 2547; x_wconf 91' lang='lat' dir='ltr'><strong>me,</strong></span> <span class='ocrx_word' id='word_1_382' title='bbox 1613 2484 1806 2553; x_wconf 83' lang='lat' dir='ltr'><strong>inquit,</strong></span> <span class='ocrx_word' id='word_1_383' title='bbox 1855 2498 2081 2554; x_wconf 88' lang='lat' dir='ltr'><strong>prospe-</strong></span> 
     </span>
    </p>
   </div>
   <div class='ocr_carea' id='block_1_47' title="bbox 2157 2477 3767 2554">
    <p class='ocr_par' dir='ltr' id='par_1_47' title="bbox 2181 2477 3767 2552">
     <span class='ocr_line' id='line_1_47' title="bbox 2181 2477 3767 2552; baseline -0.006 -13"><span class='ocrx_word' id='word_1_384' title='bbox 2181 2486 2247 2539; x_wconf 88' lang='grc' dir='ltr'><strong>δι’</strong></span> <span class='ocrx_word' id='word_1_385' title='bbox 2272 2479 2346 2538; x_wconf 84' lang='grc' dir='ltr'>ὧν</span> <span class='ocrx_word' id='word_1_386' title='bbox 2386 2485 2452 2538; x_wconf 84' lang='grc' dir='ltr'>ἄν</span> <span class='ocrx_word' id='word_1_387' title='bbox 2495 2501 2580 2547; x_wconf 89' lang='grc' dir='ltr'><strong>τις</strong></span> <span class='ocrx_word' id='word_1_388' title='bbox 2627 2482 2822 2536; x_wconf 77' lang='grc' dir='ltr'>ἐλάσαι</span> <span class='ocrx_word' id='word_1_389' title='bbox 2851 2482 2988 2552; x_wconf 80' lang='grc' dir='ltr'>πρὸς</span> <span class='ocrx_word' id='word_1_390' title='bbox 3018 2482 3171 2547; x_wconf 84' lang='grc' dir='ltr'>Θεὸν,</span> <span class='ocrx_word' id='word_1_391' title='bbox 3201 2478 3439 2546; x_wconf 82' lang='grc' dir='ltr'>ἐδίδαξεν</span> <span class='ocrx_word' id='word_1_392' title='bbox 3485 2477 3664 2530; x_wconf 76' lang='grc' dir='ltr'>εἰπὼν</span> <span class='ocrx_word' id='word_1_393' title='bbox 3695 2477 3767 2538; x_wconf 78' lang='grc' dir='ltr'>ὡς</span> 
     </span>
    </p>
   </div>
   <div class='ocr_carea' id='block_1_48' title="bbox 509 2564 2119 2648">
    <p class='ocr_par' dir='ltr' id='par_1_48' title="bbox 509 2574 2079 2644">
     <span class='ocr_line' id='line_1_48' title="bbox 509 2574 2079 2644; baseline 0.003 -18"><span class='ocrx_word' id='word_1_394' title='bbox 509 2583 664 2629; x_wconf 87' lang='lat' dir='ltr'><strong>rante</strong></span> <span class='ocrx_word' id='word_1_395' title='bbox 726 2575 1001 2640; x_wconf 83' lang='lat' dir='ltr'><strong>mandata,</strong></span> <span class='ocrx_word' id='word_1_396' title='bbox 1046 2590 1168 2630; x_wconf 89' lang='lat' dir='ltr'><strong>cum</strong></span> <span class='ocrx_word' id='word_1_397' title='bbox 1221 2574 1407 2630; x_wconf 68' lang='lat' dir='ltr'><strong>laetitia</strong></span> <span class='ocrx_word' id='word_1_398' title='bbox 1465 2575 1929 2644; x_wconf 73' lang='lat' dir='ltr'><strong>egredieminizid</strong></span> <span class='ocrx_word' id='word_1_399' title='bbox 1972 2584 2079 2639; x_wconf 87' lang='lat' dir='ltr'><strong>est,</strong></span> 
     </span>
    </p>
   </div>
   <div class='ocr_carea' id='block_1_49' title="bbox 2154 2564 3764 2648">
    <p class='ocr_par' dir='ltr' id='par_1_49' title="bbox 2183 2564 3764 2648">
     <span class='ocr_line' id='line_1_49' title="bbox 2183 2564 3764 2648; baseline -0.009 -17"><span class='ocrx_word' id='word_1_400' title='bbox 2183 2576 2313 2648; x_wconf 68' lang='grc' dir='ltr'>περὶ</span> <span class='ocrx_word' id='word_1_401' title='bbox 2337 2576 2437 2646; x_wconf 83' lang='grc' dir='ltr'>τῆς</span> <span class='ocrx_word' id='word_1_402' title='bbox 2471 2574 2740 2629; x_wconf 83' lang='grc' dir='ltr'>Ἰουδαίων</span> <span class='ocrx_word' id='word_1_403' title='bbox 2766 2573 3115 2643; x_wconf 80' lang='grc' dir='ltr'><strong>Συναγωγῆς·</strong></span> <span class='ocrx_word' id='word_1_404' title='bbox 3159 2570 3260 2624; x_wconf 80' lang='grc' dir='ltr'><strong>Διὰ</strong></span> <span class='ocrx_word' id='word_1_405' title='bbox 3290 2568 3449 2622; x_wconf 86' lang='grc' dir='ltr'>τοῦτο</span> <span class='ocrx_word' id='word_1_406' title='bbox 3487 2567 3602 2620; x_wconf 72' lang='grc' dir='ltr'>ἰδοὺ</span> <span class='ocrx_word' id='word_1_407' title='bbox 3642 2564 3764 2633; x_wconf 77' lang='grc' dir='ltr'>ἐγὼ,</span> 
     </span>
    </p>
   </div>
   <div class='ocr_carea' id='block_1_50' title="bbox 505 2658 2115 2739">
    <p class='ocr_par' dir='ltr' id='par_1_50' title="bbox 505 2665 2082 2737">
     <span class='ocr_line' id='line_1_50' title="bbox 505 2665 2082 2737; baseline 0.002 -17"><span class='ocrx_word' id='word_1_408' title='bbox 505 2665 675 2721; x_wconf 87' lang='lat' dir='ltr'><strong>dolori</strong></span> <span class='ocrx_word' id='word_1_409' title='bbox 722 2681 826 2721; x_wconf 91' lang='lat' dir='ltr'><strong>non</strong></span> <span class='ocrx_word' id='word_1_410' title='bbox 879 2666 1261 2732; x_wconf 87' lang='lat' dir='ltr'><strong>succumbetis,</strong></span> <span class='ocrx_word' id='word_1_411' title='bbox 1292 2681 1392 2722; x_wconf 88' lang='lat' dir='ltr'><strong>nec</strong></span> <span class='ocrx_word' id='word_1_412' title='bbox 1431 2667 1597 2722; x_wconf 90' lang='lat' dir='ltr'><strong>corde</strong></span> <span class='ocrx_word' id='word_1_413' title='bbox 1643 2666 1981 2737; x_wconf 80' lang='lat' dir='ltr'><strong>pungemini,</strong></span> <span class='ocrx_word' id='word_1_414' title='bbox 2026 2677 2082 2723; x_wconf 93' lang='lat' dir='ltr'><strong>et</strong></span> 
     </span>
    </p>
   </div>
   <div class='ocr_carea' id='block_1_51' title="bbox 2161 2658 3771 2739">
    <p class='ocr_par' dir='ltr' id='par_1_51' title="bbox 2182 2658 3771 2739">
     <span class='ocr_line' id='line_1_51' title="bbox 2182 2658 3771 2739; baseline -0.006 -19"><span class='ocrx_word' id='word_1_415' title='bbox 2182 2670 2339 2739; x_wconf 80' lang='grc' dir='ltr'>φησὶ,</span> <span class='ocrx_word' id='word_1_416' title='bbox 2373 2667 2600 2738; x_wconf 82' lang='grc' dir='ltr'>φράσσω</span> <span class='ocrx_word' id='word_1_417' title='bbox 2617 2666 2716 2729; x_wconf 84' lang='grc' dir='ltr'><strong>τὰς</strong></span> <span class='ocrx_word' id='word_1_418' title='bbox 2744 2664 2897 2727; x_wconf 73' lang='grc' dir='ltr'>ὀδοὺς</span> <span class='ocrx_word' id='word_1_419' title='bbox 2917 2663 3088 2732; x_wconf 80' lang='grc' dir='ltr'>αὐτῆς</span> <span class='ocrx_word' id='word_1_420' title='bbox 3116 2663 3177 2716; x_wconf 90' lang='grc' dir='ltr'><strong>ἐν</strong></span> <span class='ocrx_word' id='word_1_421' title='bbox 3205 2660 3451 2730; x_wconf 76' lang='grc' dir='ltr'>σκόλοψι.</span> <span class='ocrx_word' id='word_1_422' title='bbox 3483 2660 3584 2713; x_wconf 69' lang='grc' dir='ltr'>καὶ</span> <span class='ocrx_word' id='word_1_423' title='bbox 3612 2658 3771 2728; x_wconf 80' lang='grc' dir='ltr'>ζητή-</span> 
     </span>
    </p>
   </div>
   <div class='ocr_carea' id='block_1_52' title="bbox 507 2747 2117 2826">
    <p class='ocr_par' dir='ltr' id='par_1_52' title="bbox 507 2755 2082 2824">
     <span class='ocr_line' id='line_1_52' title="bbox 507 2755 2082 2824; baseline 0.003 -16"><span class='ocrx_word' id='word_1_424' title='bbox 507 2755 789 2812; x_wconf 78' lang='lat' dir='ltr'><strong>aﬂ‘ectibus</strong></span> <span class='ocrx_word' id='word_1_425' title='bbox 810 2758 965 2812; x_wconf 84' lang='lat' dir='ltr'><strong>vacui</strong></span> <span class='ocrx_word' id='word_1_426' title='bbox 997 2757 1171 2824; x_wconf 88' lang='lat' dir='ltr'><strong>eritis,</strong></span> <span class='ocrx_word' id='word_1_427' title='bbox 1193 2765 1248 2812; x_wconf 87' lang='lat' dir='ltr'><strong>et</strong></span> <span class='ocrx_word' id='word_1_428' title='bbox 1301 2758 1369 2812; x_wconf 86' lang='lat' dir='ltr'><strong>ad</strong></span> <span class='ocrx_word' id='word_1_429' title='bbox 1395 2758 1672 2813; x_wconf 88' lang='lat' dir='ltr'><strong>meliorem</strong></span> <span class='ocrx_word' id='word_1_430' title='bbox 1714 2768 1770 2813; x_wconf 92' lang='lat' dir='ltr'><strong>et</strong></span> <span class='ocrx_word' id='word_1_431' title='bbox 1801 2758 2082 2814; x_wconf 85' lang='lat' dir='ltr'><strong>admiran-</strong></span> 
     </span>
    </p>
   </div>
   <div class='ocr_carea' id='block_1_53' title="bbox 2157 2747 3767 2826">
    <p class='ocr_par' dir='ltr' id='par_1_53' title="bbox 2184 2747 3767 2826">
     <span class='ocr_line' id='line_1_53' title="bbox 2184 2747 3767 2826; baseline -0.01 -12"><span class='ocrx_word' id='word_1_432' title='bbox 2184 2778 2265 2815; x_wconf 90' lang='grc' dir='ltr'><strong>σει</strong></span> <span class='ocrx_word' id='word_1_433' title='bbox 2292 2760 2390 2823; x_wconf 84' lang='grc' dir='ltr'><strong>τὰς</strong></span> <span class='ocrx_word' id='word_1_434' title='bbox 2423 2759 2574 2820; x_wconf 73' lang='grc' dir='ltr'>ὀδοὺς</span> <span class='ocrx_word' id='word_1_435' title='bbox 2600 2757 2791 2826; x_wconf 76' lang='grc' dir='ltr'>αὐτῆς,</span> <span class='ocrx_word' id='word_1_436' title='bbox 2839 2757 2932 2809; x_wconf 75' lang='grc' dir='ltr'>καὶ</span> <span class='ocrx_word' id='word_1_437' title='bbox 2955 2756 3016 2807; x_wconf 80' lang='grc' dir='ltr'>οὐ</span> <span class='ocrx_word' id='word_1_438' title='bbox 3042 2755 3116 2826; x_wconf 84' lang='grc' dir='ltr'>μὴ</span> <span class='ocrx_word' id='word_1_439' title='bbox 3146 2753 3305 2825; x_wconf 76' lang='grc' dir='ltr'>εὕρῃ.</span> <span class='ocrx_word' id='word_1_440' title='bbox 3352 2750 3573 2807; x_wconf 81' lang='grc' dir='ltr'>Οὐκοῦν</span> <span class='ocrx_word' id='word_1_441' title='bbox 3615 2747 3767 2819; x_wconf 78' lang='grc' dir='ltr'>ἐμοῦ,</span> 
     </span>
    </p>
   </div>
   <div class='ocr_carea' id='block_1_54' title="bbox 508 2839 2118 2925">
    <p class='ocr_par' dir='ltr' id='par_1_54' title="bbox 508 2846 2083 2919">
     <span class='ocr_line' id='line_1_54' title="bbox 508 2846 2083 2919; baseline 0.003 -19"><span class='ocrx_word' id='word_1_442' title='bbox 508 2846 631 2900; x_wconf 89' lang='lat' dir='ltr'><strong>dam</strong></span> <span class='ocrx_word' id='word_1_443' title='bbox 667 2846 834 2901; x_wconf 89' lang='lat' dir='ltr'><strong>vitam</strong></span> <span class='ocrx_word' id='word_1_444' title='bbox 868 2847 1277 2903; x_wconf 88' lang='lat' dir='ltr'><strong>transcurretis.</strong></span> <span class='ocrx_word' id='word_1_445' title='bbox 1302 2847 1638 2902; x_wconf 84' lang='lat' dir='ltr'><strong>Docebimini</strong></span> <span class='ocrx_word' id='word_1_446' title='bbox 1670 2848 1817 2903; x_wconf 89' lang='lat' dir='ltr'><strong>enim</strong></span> <span class='ocrx_word' id='word_1_447' title='bbox 1845 2849 2083 2919; x_wconf 80' lang='lat' dir='ltr'><strong>gauden-</strong></span> 
     </span>
    </p>
   </div>
   <div class='ocr_carea' id='block_1_55' title="bbox 2160 2839 3770 2925">
    <p class='ocr_par' dir='ltr' id='par_1_55' title="bbox 2183 2839 3770 2925">
     <span class='ocr_line' id='line_1_55' title="bbox 2183 2839 3770 2925; baseline -0.013 -16"><span class='ocrx_word' id='word_1_448' title='bbox 2183 2854 2367 2925; x_wconf 76' lang='grc' dir='ltr'>φησὶν,</span> <span class='ocrx_word' id='word_1_449' title='bbox 2389 2851 2693 2914; x_wconf 87' lang='grc' dir='ltr'>εύοδοῦντος</span> <span class='ocrx_word' id='word_1_450' title='bbox 2714 2849 2782 2903; x_wconf 79' lang='grc' dir='ltr'>τὰ</span> <span class='ocrx_word' id='word_1_451' title='bbox 2802 2849 3130 2919; x_wconf 73' lang='grc' dir='ltr'>ἐντάλματα,</span> <span class='ocrx_word' id='word_1_452' title='bbox 3153 2848 3210 2899; x_wconf 82' lang='grc' dir='ltr'><strong>ἐν</strong></span> <span class='ocrx_word' id='word_1_453' title='bbox 3226 2842 3538 2915; x_wconf 76' lang='grc' dir='ltr'>εὐφροσύνῃ</span> <span class='ocrx_word' id='word_1_454' title='bbox 3563 2839 3770 2907; x_wconf 73' lang='grc' dir='ltr'>ἐξελεόο</span> 
     </span>
    </p>
   </div>
   <div class='ocr_carea' id='block_1_56' title="bbox 508 2932 2118 3013">
    <p class='ocr_par' dir='ltr' id='par_1_56' title="bbox 508 2937 2076 3001">
     <span class='ocr_line' id='line_1_56' title="bbox 508 2937 2076 3001; baseline 0.003 -13"><span class='ocrx_word' id='word_1_455' title='bbox 508 2945 614 3001; x_wconf 88' lang='lat' dir='ltr'><strong>tes,</strong></span> <span class='ocrx_word' id='word_1_456' title='bbox 643 2943 698 2990; x_wconf 92' lang='lat' dir='ltr'><strong>et</strong></span> <span class='ocrx_word' id='word_1_457' title='bbox 722 2937 1085 2992; x_wconf 81' lang='lat' dir='ltr'><strong>sacrosanctis</strong></span> <span class='ocrx_word' id='word_1_458' title='bbox 1116 2938 1457 2993; x_wconf 87' lang='lat' dir='ltr'><strong>sermonibus</strong></span> <span class='ocrx_word' id='word_1_459' title='bbox 1485 2944 1696 2994; x_wconf 87' lang='lat' dir='ltr'><strong>vosmet</strong></span> <span class='ocrx_word' id='word_1_460' title='bbox 1723 2937 2076 2995; x_wconf 83' lang='lat' dir='ltr'><strong>oblectantes.</strong></span> 
     </span>
    </p>
   </div>
   <div class='ocr_carea' id='block_1_57' title="bbox 2162 2932 3772 3013">
    <p class='ocr_par' dir='ltr' id='par_1_57' title="bbox 2183 2932 3772 3013">
     <span class='ocr_line' id='line_1_57' title="bbox 2183 2932 3772 3013; baseline -0.009 -14"><span class='ocrx_word' id='word_1_461' title='bbox 2183 2946 2361 3011; x_wconf 89' lang='grc' dir='ltr'>σεσθε,</span> <span class='ocrx_word' id='word_1_462' title='bbox 2392 2944 2690 3007; x_wconf 83' lang='grc' dir='ltr'>τουτέστιν,</span> <span class='ocrx_word' id='word_1_463' title='bbox 2718 2940 2977 3013; x_wconf 84' lang='grc' dir='ltr'>ἀμείνους</span> <span class='ocrx_word' id='word_1_464' title='bbox 3007 2938 3194 2992; x_wconf 81' lang='grc' dir='ltr'>ἔσεσθε</span> <span class='ocrx_word' id='word_1_465' title='bbox 3220 2937 3419 3007; x_wconf 87' lang='grc' dir='ltr'>λύπης,</span> <span class='ocrx_word' id='word_1_466' title='bbox 3444 2935 3507 2988; x_wconf 80' lang='grc' dir='ltr'><strong>ού</strong></span> <span class='ocrx_word' id='word_1_467' title='bbox 3538 2932 3772 3000; x_wconf 79' lang='grc' dir='ltr'>καταδη-</span> 
     </span>
    </p>
   </div>
   <div class='ocr_carea' id='block_1_58' title="bbox 508 3025 2118 3109">
    <p class='ocr_par' dir='ltr' id='par_1_58' title="bbox 508 3025 2078 3100">
     <span class='ocr_line' id='line_1_58' title="bbox 508 3025 2078 3100; baseline 0.004 -21"><span class='ocrx_word' id='word_1_468' title='bbox 508 3025 778 3082; x_wconf 77' lang='lat' dir='ltr'><strong>Nimirum</strong></span> <span class='ocrx_word' id='word_1_469' title='bbox 802 3028 1019 3085; x_wconf 86' lang='lat' dir='ltr'><strong>divinus</strong></span> <span class='ocrx_word' id='word_1_470' title='bbox 1053 3028 1260 3083; x_wconf 86' lang='lat' dir='ltr'><strong>David:</strong></span> <span class='ocrx_word' id='word_1_471' title='bbox 1299 3047 1318 3081; x_wconf 85' lang='grc' dir='ltr'><strong>ι</strong></span> <span class='ocrx_word' id='word_1_472' title='bbox 1355 3028 1527 3096; x_wconf 86' lang='lat' dir='ltr'><strong>Quam</strong></span> <span class='ocrx_word' id='word_1_473' title='bbox 1555 3029 1758 3097; x_wconf 88' lang='lat' dir='ltr'><strong>dulcia,</strong></span> <span class='ocrx_word' id='word_1_474' title='bbox 1781 3048 1803 3084; x_wconf 72' lang='grc' dir='ltr'><strong>ι</strong></span> <span class='ocrx_word' id='word_1_475' title='bbox 1879 3031 2078 3100; x_wconf 89' lang='lat' dir='ltr'><strong>inquit,</strong></span> 
     </span>
    </p>
   </div>
   <div class='ocr_carea' id='block_1_59' title="bbox 2163 3025 3773 3109">
    <p class='ocr_par' dir='ltr' id='par_1_59' title="bbox 2182 3026 3773 3109">
     <span class='ocr_line' id='line_1_59' title="bbox 2182 3026 3773 3109; baseline -0.009 -18"><span class='ocrx_word' id='word_1_476' title='bbox 2182 3037 2447 3109; x_wconf 88' lang='grc' dir='ltr'>χθήσεσθε</span> <span class='ocrx_word' id='word_1_477' title='bbox 2475 3036 2573 3107; x_wconf 79' lang='grc' dir='ltr'>τὴν</span> <span class='ocrx_word' id='word_1_478' title='bbox 2607 3034 2853 3106; x_wconf 83' lang='grc' dir='ltr'>καρδίαν,</span> <span class='ocrx_word' id='word_1_479' title='bbox 2894 3033 2998 3098; x_wconf 75' lang='grc' dir='ltr'><strong>ἔξω</strong></span> <span class='ocrx_word' id='word_1_480' title='bbox 3034 3031 3322 3101; x_wconf 81' lang='grc' dir='ltr'>γεγονότες</span> <span class='ocrx_word' id='word_1_481' title='bbox 3342 3027 3557 3091; x_wconf 81' lang='grc' dir='ltr'>παθῶν,</span> <span class='ocrx_word' id='word_1_482' title='bbox 3577 3028 3675 3079; x_wconf 70' lang='grc' dir='ltr'>καὶ</span> <span class='ocrx_word' id='word_1_483' title='bbox 3695 3026 3773 3087; x_wconf 82' lang='grc' dir='ltr'><strong>είς</strong></span> 
     </span>
    </p>
   </div>
   <div class='ocr_carea' id='block_1_60' title="bbox 512 3115 2122 3204">
    <p class='ocr_par' dir='ltr' id='par_1_60' title="bbox 512 3116 2122 3201">
     <span class='ocr_line' id='line_1_60' title="bbox 512 3116 2122 3201; baseline 0.004 -32"><span class='ocrx_word' id='word_1_484' title='bbox 512 3134 533 3169; x_wconf 79' lang='grc' dir='ltr'><strong>ι</strong></span> <span class='ocrx_word' id='word_1_485' title='bbox 570 3116 815 3174; x_wconf 81' lang='lat' dir='ltr'><strong>faucibus</strong></span> <span class='ocrx_word' id='word_1_486' title='bbox 858 3118 993 3175; x_wconf 87' lang='lat' dir='ltr'><strong>meis</strong></span> <span class='ocrx_word' id='word_1_487' title='bbox 1040 3119 1258 3174; x_wconf 88' lang='lat' dir='ltr'><strong>oracula</strong></span> <span class='ocrx_word' id='word_1_488' title='bbox 1288 3121 1413 3174; x_wconf 85' lang='lat' dir='ltr'><strong>tua!</strong></span> <span class='ocrx_word' id='word_1_489' title='bbox 1455 3118 1630 3190; x_wconf 84' lang='lat' dir='ltr'><strong>Supra</strong></span> <span class='ocrx_word' id='word_1_490' title='bbox 1659 3119 1766 3175; x_wconf 90' lang='lat' dir='ltr'><strong>mel</strong></span> <span class='ocrx_word' id='word_1_491' title='bbox 1797 3129 1853 3176; x_wconf 92' lang='lat' dir='ltr'><strong>et</strong></span> <span class='ocrx_word' id='word_1_492' title='bbox 1899 3121 2122 3201; x_wconf 46' lang='lat' dir='ltr'><strong>favum,</strong></span> 
     </span>
    </p>
   </div>
   <div class='ocr_carea' id='block_1_61' title="bbox 2156 3115 3766 3204">
    <p class='ocr_par' dir='ltr' id='par_1_61' title="bbox 2184 3115 3766 3197">
     <span class='ocr_line' id='line_1_61' title="bbox 2184 3115 3766 3197; baseline -0.008 -18"><span class='ocrx_word' id='word_1_493' title='bbox 2184 3125 2280 3197; x_wconf 83' lang='grc' dir='ltr'>τὴν</span> <span class='ocrx_word' id='word_1_494' title='bbox 2301 3124 2509 3195; x_wconf 85' lang='grc' dir='ltr'>ἀμείνω</span> <span class='ocrx_word' id='word_1_495' title='bbox 2534 3124 2628 3177; x_wconf 77' lang='grc' dir='ltr'>καὶ</span> <span class='ocrx_word' id='word_1_496' title='bbox 2648 3122 3109 3193; x_wconf 81' lang='grc' dir='ltr'>τεθαυμασμένην</span> <span class='ocrx_word' id='word_1_497' title='bbox 3150 3135 3317 3190; x_wconf 85' lang='grc' dir='ltr'>μετατ</span> <span class='ocrx_word' id='word_1_498' title='bbox 3329 3117 3583 3188; x_wconf 82' lang='grc' dir='ltr'>ρέχοντες</span> <span class='ocrx_word' id='word_1_499' title='bbox 3602 3115 3766 3184; x_wconf 75' lang='grc' dir='ltr'>ζωήν.</span> 
     </span>
    </p>
   </div>
   <div class='ocr_carea' id='block_1_62' title="bbox 506 3206 2116 3287">
    <p class='ocr_par' dir='ltr' id='par_1_62' title="bbox 506 3206 2074 3280">
     <span class='ocr_line' id='line_1_62' title="bbox 506 3206 2074 3280; baseline 0.003 -16"><span class='ocrx_word' id='word_1_500' title='bbox 506 3208 590 3264; x_wconf 92' lang='lat' dir='ltr'><strong>ori</strong></span> <span class='ocrx_word' id='word_1_501' title='bbox 610 3223 730 3265; x_wconf 87' lang='lat' dir='ltr'><strong>meo</strong></span> <span class='ocrx_word' id='word_1_502' title='bbox 753 3208 818 3274; x_wconf 82' lang='grc'><strong>⁸⁸,</strong></span> <span class='ocrx_word' id='word_1_503' title='bbox 849 3226 870 3261; x_wconf 72' lang='grc' dir='ltr'><strong>ι</strong></span> <span class='ocrx_word' id='word_1_504' title='bbox 901 3222 966 3264; x_wconf 91' lang='lat' dir='ltr'><strong>ac</strong></span> <span class='ocrx_word' id='word_1_505' title='bbox 984 3209 1404 3279; x_wconf 85' lang='lat' dir='ltr'><strong>prudentissime</strong></span> <span class='ocrx_word' id='word_1_506' title='bbox 1421 3206 1709 3265; x_wconf 75' lang='lat' dir='ltr'><strong>afﬁrmavit</strong></span> <span class='ocrx_word' id='word_1_507' title='bbox 1726 3210 2074 3280; x_wconf 80' lang='lat' dir='ltr'><strong>gaudendum</strong></span> 
     </span>
    </p>
   </div>
   <div class='ocr_carea' id='block_1_63' title="bbox 2162 3206 3772 3287">
    <p class='ocr_par' dir='ltr' id='par_1_63' title="bbox 2184 3209 3772 3287">
     <span class='ocr_line' id='line_1_63' title="bbox 2184 3209 3772 3287; baseline -0.009 -17"><span class='ocrx_word' id='word_1_508' title='bbox 2184 3216 2578 3287; x_wconf 86' lang='grc' dir='ltr'>Διδαχθήσεσθε</span> <span class='ocrx_word' id='word_1_509' title='bbox 2613 3215 2722 3287; x_wconf 80' lang='grc' dir='ltr'>γὰρ</span> <span class='ocrx_word' id='word_1_510' title='bbox 2760 3214 3080 3286; x_wconf 82' lang='grc' dir='ltr'>χαίροντες,</span> <span class='ocrx_word' id='word_1_511' title='bbox 3114 3213 3210 3266; x_wconf 79' lang='grc' dir='ltr'>καὶ</span> <span class='ocrx_word' id='word_1_512' title='bbox 3247 3212 3362 3273; x_wconf 86' lang='grc' dir='ltr'>τοῖς</span> <span class='ocrx_word' id='word_1_513' title='bbox 3391 3210 3557 3280; x_wconf 78' lang='grc' dir='ltr'>ἱεροῖς</span> <span class='ocrx_word' id='word_1_514' title='bbox 3587 3209 3772 3273; x_wconf 80' lang='grc' dir='ltr'>ἐντρυ-</span> 
     </span>
    </p>
   </div>
   <div class='ocr_carea' id='block_1_64' title="bbox 506 3297 2116 3378">
    <p class='ocr_par' dir='ltr' id='par_1_64' title="bbox 506 3298 2078 3372">
     <span class='ocr_line' id='line_1_64' title="bbox 506 3298 2078 3372; baseline 0.004 -21"><span class='ocrx_word' id='word_1_515' title='bbox 506 3300 563 3352; x_wconf 87' lang='lat' dir='ltr'><strong>in</strong></span> <span class='ocrx_word' id='word_1_516' title='bbox 593 3298 700 3355; x_wconf 88' lang='lat' dir='ltr'><strong>illis</strong></span> <span class='ocrx_word' id='word_1_517' title='bbox 743 3300 916 3370; x_wconf 79' lang='lat' dir='ltr'><strong>magis</strong></span> <span class='ocrx_word' id='word_1_518' title='bbox 946 3316 1106 3369; x_wconf 86' lang='lat' dir='ltr'><strong>quam</strong></span> <span class='ocrx_word' id='word_1_519' title='bbox 1145 3300 1200 3357; x_wconf 89' lang='lat' dir='ltr'><strong>in</strong></span> <span class='ocrx_word' id='word_1_520' title='bbox 1227 3301 1479 3356; x_wconf 88' lang='lat' dir='ltr'><strong>omnibus</strong></span> <span class='ocrx_word' id='word_1_521' title='bbox 1512 3299 1736 3358; x_wconf 87' lang='lat' dir='ltr'><strong>divitiis.</strong></span> <span class='ocrx_word' id='word_1_522' title='bbox 1769 3300 1906 3357; x_wconf 90' lang='lat' dir='ltr'><strong>Cum</strong></span> <span class='ocrx_word' id='word_1_523' title='bbox 1946 3318 2078 3372; x_wconf 78' lang='lat' dir='ltr'><strong>gau-</strong></span> 
     </span>
    </p>
   </div>
   <div class='ocr_carea' id='block_1_65' title="bbox 2155 3297 3765 3378">
    <p class='ocr_par' dir='ltr' id='par_1_65' title="bbox 2185 3297 3765 3378">
     <span class='ocr_line' id='line_1_65' title="bbox 2185 3297 3765 3378; baseline -0.011 -15"><span class='ocrx_word' id='word_1_524' title='bbox 2185 3309 2395 3378; x_wconf 78' lang='grc' dir='ltr'>φῶντες</span> <span class='ocrx_word' id='word_1_525' title='bbox 2443 3307 2647 3375; x_wconf 86' lang='grc' dir='ltr'>λόγοις.</span> <span class='ocrx_word' id='word_1_526' title='bbox 2678 3307 2791 3360; x_wconf 79' lang='lat' dir='ltr'><strong>Kal.</strong></span> <span class='ocrx_word' id='word_1_527' title='bbox 2835 3304 2968 3375; x_wconf 88' lang='grc' dir='ltr'>γοῦν</span> <span class='ocrx_word' id='word_1_528' title='bbox 2995 3306 3023 3358; x_wconf 92' lang='grc' dir='ltr'>ὁ</span> <span class='ocrx_word' id='word_1_529' title='bbox 3055 3301 3342 3364; x_wconf 83' lang='grc' dir='ltr'>θεσπέσιος</span> <span class='ocrx_word' id='word_1_530' title='bbox 3392 3298 3555 3352; x_wconf 78' lang='grc' dir='ltr'>Δαόίδ</span> <span class='ocrx_word' id='word_1_531' title='bbox 3573 3314 3586 3326; x_wconf 91' lang='grc'><strong>·</strong></span> <span class='ocrx_word' id='word_1_532' title='bbox 3632 3316 3652 3345; x_wconf 83' lang='grc' dir='ltr'><strong>ι</strong></span> <span class='ocrx_word' id='word_1_533' title='bbox 3679 3297 3765 3359; x_wconf 77' lang='grc' dir='ltr'>Ὠς</span> 
     </span>
    </p>
   </div>
   <div class='ocr_carea' id='block_1_66' title="bbox 510 3386 2120 3470">
    <p class='ocr_par' dir='ltr' id='par_1_66' title="bbox 510 3390 2077 3462">
     <span class='ocr_line' id='line_1_66' title="bbox 510 3390 2077 3462; baseline 0.004 -19"><span class='ocrx_word' id='word_1_534' title='bbox 510 3390 600 3445; x_wconf 91' lang='lat' dir='ltr'><strong>dio</strong></span> <span class='ocrx_word' id='word_1_535' title='bbox 615 3405 903 3446; x_wconf 87' lang='lat' dir='ltr'><strong>accurrere</strong></span> <span class='ocrx_word' id='word_1_536' title='bbox 926 3392 1149 3462; x_wconf 72' lang='lat' dir='ltr'><strong>intelligi</strong></span> <span class='ocrx_word' id='word_1_537' title='bbox 1167 3401 1391 3462; x_wconf 81' lang='lat' dir='ltr'><strong>possunt</strong></span> <span class='ocrx_word' id='word_1_538' title='bbox 1402 3401 1458 3448; x_wconf 89' lang='lat' dir='ltr'><strong>et</strong></span> <span class='ocrx_word' id='word_1_539' title='bbox 1471 3393 1651 3448; x_wconf 85' lang='lat' dir='ltr'><strong>aliter.</strong></span> <span class='ocrx_word' id='word_1_540' title='bbox 1672 3392 1910 3449; x_wconf 81' lang='lat' dir='ltr'><strong>Liberali</strong></span> <span class='ocrx_word' id='word_1_541' title='bbox 1932 3395 2077 3450; x_wconf 88' lang='lat' dir='ltr'><strong>enim</strong></span> 
     </span>
    </p>
   </div>
   <div class='ocr_carea' id='block_1_67' title="bbox 2138 3386 3748 3470">
    <p class='ocr_par' dir='ltr' id='par_1_67' title="bbox 2183 3386 3748 3470">
     <span class='ocr_line' id='line_1_67' title="bbox 2183 3386 3748 3470; baseline -0.013 -16"><span class='ocrx_word' id='word_1_542' title='bbox 2183 3401 2408 3470; x_wconf 80' lang='grc' dir='ltr'>γλυκέα,</span> <span class='ocrx_word' id='word_1_543' title='bbox 2439 3399 2594 3469; x_wconf 81' lang='grc' dir='ltr'>φησὶ,</span> <span class='ocrx_word' id='word_1_544' title='bbox 2627 3397 2706 3468; x_wconf 84' lang='grc' dir='ltr'><strong>τῷ</strong></span> <span class='ocrx_word' id='word_1_545' title='bbox 2742 3397 2978 3467; x_wconf 84' lang='grc' dir='ltr'>λάρυγγί</span> <span class='ocrx_word' id='word_1_546' title='bbox 3013 3413 3116 3468; x_wconf 88' lang='grc' dir='ltr'><strong>μου</strong></span> <span class='ocrx_word' id='word_1_547' title='bbox 3145 3394 3214 3448; x_wconf 73' lang='grc' dir='ltr'>τὰ</span> <span class='ocrx_word' id='word_1_548' title='bbox 3251 3392 3402 3462; x_wconf 84' lang='grc' dir='ltr'>λόγιά</span> <span class='ocrx_word' id='word_1_549' title='bbox 3447 3389 3574 3442; x_wconf 66' lang='lat' dir='ltr'><strong>seu!</strong></span> <span class='ocrx_word' id='word_1_550' title='bbox 3607 3386 3748 3454; x_wconf 78' lang='grc' dir='ltr'>ὑπὲρ</span> 
     </span>
    </p>
   </div>
   <div class='ocr_carea' id='block_1_68' title="bbox 508 3473 2118 3561">
    <p class='ocr_par' dir='ltr' id='par_1_68' title="bbox 508 3482 2079 3552">
     <span class='ocr_line' id='line_1_68' title="bbox 508 3482 2079 3552; baseline 0.003 -17"><span class='ocrx_word' id='word_1_551' title='bbox 508 3498 539 3535; x_wconf 89' lang='lat' dir='ltr'><strong>a</strong></span> <span class='ocrx_word' id='word_1_552' title='bbox 576 3483 804 3550; x_wconf 87' lang='lat' dir='ltr'><strong>pristino</strong></span> <span class='ocrx_word' id='word_1_553' title='bbox 828 3497 1036 3548; x_wconf 89' lang='lat' dir='ltr'><strong>errore,</strong></span> <span class='ocrx_word' id='word_1_554' title='bbox 1058 3482 1351 3552; x_wconf 78' lang='lat' dir='ltr'><strong>gaudentes</strong></span> <span class='ocrx_word' id='word_1_555' title='bbox 1376 3483 1712 3538; x_wconf 84' lang='lat' dir='ltr'><strong>vocationem</strong></span> <span class='ocrx_word' id='word_1_556' title='bbox 1743 3498 1772 3538; x_wconf 91' lang='lat' dir='ltr'><strong>a</strong></span> <span class='ocrx_word' id='word_1_557' title='bbox 1802 3482 1911 3539; x_wconf 90' lang='lat' dir='ltr'><strong>Deo</strong></span> <span class='ocrx_word' id='word_1_558' title='bbox 1937 3485 2079 3539; x_wconf 84' lang='lat' dir='ltr'><strong>arri-</strong></span> 
     </span>
    </p>
   </div>
   <div class='ocr_carea' id='block_1_69' title="bbox 2140 3473 3750 3561">
    <p class='ocr_par' dir='ltr' id='par_1_69' title="bbox 2188 3473 3750 3561">
     <span class='ocr_line' id='line_1_69' title="bbox 2188 3473 3750 3561; baseline -0.013 -17"><span class='ocrx_word' id='word_1_559' title='bbox 2188 3490 2310 3561; x_wconf 82' lang='grc' dir='ltr'>μέλι</span> <span class='ocrx_word' id='word_1_560' title='bbox 2332 3489 2427 3542; x_wconf 69' lang='grc' dir='ltr'>καὶ</span> <span class='ocrx_word' id='word_1_561' title='bbox 2447 3488 2639 3559; x_wconf 89' lang='grc' dir='ltr'>κηρίον</span> <span class='ocrx_word' id='word_1_562' title='bbox 2662 3486 2743 3557; x_wconf 83' lang='grc' dir='ltr'><strong>τῷ</strong></span> <span class='ocrx_word' id='word_1_563' title='bbox 2768 3485 2997 3557; x_wconf 87' lang='grc' dir='ltr'>στόματί</span> <span class='ocrx_word' id='word_1_564' title='bbox 3023 3503 3147 3555; x_wconf 89' lang='grc' dir='ltr'>μου.</span> <span class='ocrx_word' id='word_1_565' title='bbox 3177 3502 3196 3535; x_wconf 75' lang='grc' dir='ltr'><strong>ι</strong></span> <span class='ocrx_word' id='word_1_566' title='bbox 3233 3483 3445 3554; x_wconf 82' lang='grc' dir='ltr'>Χαίρειν</span> <span class='ocrx_word' id='word_1_567' title='bbox 3471 3476 3525 3530; x_wconf 67' lang='grc' dir='ltr'>δὲ</span> <span class='ocrx_word' id='word_1_568' title='bbox 3546 3473 3750 3544; x_wconf 54' lang='lat' dir='ltr'><strong>palos</strong></span> 
     </span>
    </p>
   </div>
   <div class='ocr_carea' id='block_1_70' title="bbox 507 3566 2117 3645">
    <p class='ocr_par' dir='ltr' id='par_1_70' title="bbox 507 3572 2078 3641">
     <span class='ocr_line' id='line_1_70' title="bbox 507 3572 2078 3641; baseline 0.003 -16"><span class='ocrx_word' id='word_1_569' title='bbox 507 3573 680 3641; x_wconf 90' lang='lat' dir='ltr'><strong>piunt.</strong></span> <span class='ocrx_word' id='word_1_570' title='bbox 711 3572 863 3638; x_wconf 86' lang='lat' dir='ltr'><strong>Quod</strong></span> <span class='ocrx_word' id='word_1_571' title='bbox 900 3587 1087 3626; x_wconf 88' lang='lat' dir='ltr'><strong>verum</strong></span> <span class='ocrx_word' id='word_1_572' title='bbox 1118 3584 1260 3632; x_wconf 84' lang='lat' dir='ltr'><strong>esse.</strong></span> <span class='ocrx_word' id='word_1_573' title='bbox 1284 3587 1348 3627; x_wconf 78' lang='lat' dir='ltr'><strong>ex</strong></span> <span class='ocrx_word' id='word_1_574' title='bbox 1370 3572 1504 3641; x_wconf 91' lang='lat' dir='ltr'><strong>ipsis</strong></span> <span class='ocrx_word' id='word_1_575' title='bbox 1539 3573 1702 3628; x_wconf 91' lang='lat' dir='ltr'><strong>rebus</strong></span> <span class='ocrx_word' id='word_1_576' title='bbox 1724 3573 1907 3629; x_wconf 90' lang='lat' dir='ltr'><strong>videre</strong></span> <span class='ocrx_word' id='word_1_577' title='bbox 1928 3573 2078 3629; x_wconf 88' lang='lat' dir='ltr'><strong>licet.</strong></span> 
     </span>
    </p>
   </div>
   <div class='ocr_carea' id='block_1_71' title="bbox 2146 3566 3756 3645">
    <p class='ocr_par' dir='ltr' id='par_1_71' title="bbox 2184 3566 3756 3645">
     <span class='ocr_line' id='line_1_71' title="bbox 2184 3566 3756 3645; baseline -0.01 -14"><span class='ocrx_word' id='word_1_578' title='bbox 2184 3577 2272 3631; x_wconf 79' lang='grc' dir='ltr'><strong>ἐπ’</strong></span> <span class='ocrx_word' id='word_1_579' title='bbox 2305 3576 2488 3639; x_wconf 80' lang='grc' dir='ltr'>αὐτοῖς</span> <span class='ocrx_word' id='word_1_580' title='bbox 2527 3574 2914 3637; x_wconf 81' lang='grc' dir='ltr'>διεϐεϐαιοῦτο,</span> <span class='ocrx_word' id='word_1_581' title='bbox 2944 3575 3040 3629; x_wconf 79' lang='grc' dir='ltr'>καὶ</span> <span class='ocrx_word' id='word_1_582' title='bbox 3072 3574 3217 3645; x_wconf 86' lang='grc' dir='ltr'>μάλα</span> <span class='ocrx_word' id='word_1_583' title='bbox 3246 3570 3518 3644; x_wconf 76' lang='grc' dir='ltr'>ἐμφρόνως</span> <span class='ocrx_word' id='word_1_584' title='bbox 3545 3567 3618 3630; x_wconf 82' lang='grc' dir='ltr'>ὼς</span> <span class='ocrx_word' id='word_1_585' title='bbox 3655 3566 3756 3618; x_wconf 80' lang='grc' dir='ltr'>ἐπὶ</span> 
     </span>
    </p>
   </div>
   <div class='ocr_carea' id='block_1_72' title="bbox 506 3658 3757 3740">
    <p class='ocr_par' dir='ltr' id='par_1_72' title="bbox 506 3658 3757 3740">
     <span class='ocr_line' id='line_1_72' title="bbox 506 3658 3757 3740; baseline 0.001 -24"><span class='ocrx_word' id='word_1_586' title='bbox 506 3660 670 3716; x_wconf 79' lang='grc' dir='ltr'>παντὶ</span> <span class='ocrx_word' id='word_1_587' title='bbox 704 3659 932 3730; x_wconf 74' lang='grc' dir='ltr'><strong>πλούτῳ⁸</strong></span> <span class='ocrx_word' id='word_1_588' title='bbox 957 3663 1014 3714; x_wconf 80' lang='grc' dir='ltr'><strong>ἐν</strong></span> <span class='ocrx_word' id='word_1_589' title='bbox 1045 3662 1191 3733; x_wconf 82' lang='grc' dir='ltr'>χαρᾷ</span> <span class='ocrx_word' id='word_1_590' title='bbox 1212 3661 1269 3713; x_wconf 87' lang='grc' dir='ltr'><strong>δέ</strong></span> <span class='ocrx_word' id='word_1_591' title='bbox 1295 3660 1390 3714; x_wconf 77' lang='grc' dir='ltr'>καὶ</span> <span class='ocrx_word' id='word_1_592' title='bbox 1417 3660 1616 3734; x_wconf 77' lang='grc' dir='ltr'>ἑτέρως</span> <span class='ocrx_word' id='word_1_593' title='bbox 1643 3661 1884 3734; x_wconf 88' lang='grc' dir='ltr'>νοηθεῖεν</span> <span class='ocrx_word' id='word_1_594' title='bbox 1921 3664 1988 3719; x_wconf 82' lang='grc' dir='ltr'>ἂν</span> <span class='ocrx_word' id='word_1_595' title='bbox 2045 3666 2413 3740; x_wconf 78' lang='grc' dir='ltr'>ἐκτρέχοντεςο</span> <span class='ocrx_word' id='word_1_596' title='bbox 2453 3665 2916 3737; x_wconf 82' lang='grc' dir='ltr'>ἀπαλλαττόμενοι</span> <span class='ocrx_word' id='word_1_597' title='bbox 2960 3663 3068 3737; x_wconf 86' lang='grc' dir='ltr'><strong>γὰρ</strong></span> <span class='ocrx_word' id='word_1_598' title='bbox 3115 3664 3217 3733; x_wconf 83' lang='grc' dir='ltr'>τῆς</span> <span class='ocrx_word' id='word_1_599' title='bbox 3267 3661 3494 3734; x_wconf 79' lang='grc' dir='ltr'>ἀρχαίας</span> <span class='ocrx_word' id='word_1_600' title='bbox 3520 3658 3757 3730; x_wconf 69' lang='grc' dir='ltr'>ἀπάτης»</span> 
     </span>
    </p>
   </div>
   <div class='ocr_carea' id='block_1_73' title="bbox 509 3752 3762 3832">
    <p class='ocr_par' dir='ltr' id='par_1_73' title="bbox 509 3752 3762 3832">
     <span class='ocr_line' id='line_1_73' title="bbox 509 3752 3762 3832; baseline -0.001 -25"><span class='ocrx_word' id='word_1_601' title='bbox 509 3752 813 3825; x_wconf 68' lang='grc' dir='ltr'>ἁρπάζουσι</span> <span class='ocrx_word' id='word_1_602' title='bbox 853 3752 1133 3825; x_wconf 88' lang='grc' dir='ltr'>χαίροντες</span> <span class='ocrx_word' id='word_1_603' title='bbox 1164 3753 1263 3825; x_wconf 81' lang='grc' dir='ltr'>τὴν</span> <span class='ocrx_word' id='word_1_604' title='bbox 1305 3753 1456 3826; x_wconf 83' lang='grc' dir='ltr'>παρὰ</span> <span class='ocrx_word' id='word_1_605' title='bbox 1476 3754 1611 3809; x_wconf 81' lang='grc' dir='ltr'>Θεοῦ</span> <span class='ocrx_word' id='word_1_606' title='bbox 1661 3755 1876 3827; x_wconf 82' lang='grc' dir='ltr'>κλῆσιν,</span> <span class='ocrx_word' id='word_1_607' title='bbox 1919 3760 2013 3812; x_wconf 79' lang='grc' dir='ltr'>καὶ</span> <span class='ocrx_word' id='word_1_608' title='bbox 2063 3759 2262 3832; x_wconf 76' lang='grc' dir='ltr'>ἀληθὲς</span> <span class='ocrx_word' id='word_1_609' title='bbox 2293 3761 2453 3815; x_wconf 88' lang='grc' dir='ltr'>τοῦτο</span> <span class='ocrx_word' id='word_1_610' title='bbox 2480 3759 2725 3830; x_wconf 81' lang='grc' dir='ltr'>ὑπάρχον</span> <span class='ocrx_word' id='word_1_611' title='bbox 2768 3759 2827 3827; x_wconf 83' lang='grc' dir='ltr'>ἐξ</span> <span class='ocrx_word' id='word_1_612' title='bbox 2867 3758 3045 3813; x_wconf 80' lang='grc' dir='ltr'>αὐτῶν</span> <span class='ocrx_word' id='word_1_613' title='bbox 3078 3757 3256 3811; x_wconf 77' lang='grc' dir='ltr'>ἔνεστι</span> <span class='ocrx_word' id='word_1_614' title='bbox 3287 3755 3395 3810; x_wconf 82' lang='grc' dir='ltr'><strong>τῶν</strong></span> <span class='ocrx_word' id='word_1_615' title='bbox 3423 3753 3762 3825; x_wconf 72' lang='grc' dir='ltr'>πραγμάτων</span> 
     </span>
    </p>
   </div>
   <div class='ocr_carea' id='block_1_74' title="bbox 510 3844 654 3899">
    <p class='ocr_par' dir='ltr' id='par_1_74' title="bbox 510 3844 654 3899">
     <span class='ocr_line' id='line_1_74' title="bbox 510 3844 654 3899; baseline -0.007 -1"><span class='ocrx_word' id='word_1_616' title='bbox 510 3844 654 3899; x_wconf 80' lang='grc' dir='ltr'>ἰδεῖν.</span> 
     </span>
    </p>
   </div>
   <div class='ocr_carea' id='block_1_75' title="bbox 544 3931 2154 4015">
    <p class='ocr_par' dir='ltr' id='par_1_75' title="bbox 544 3939 2078 4015">
     <span class='ocr_line' id='line_1_75' title="bbox 544 3939 2078 4015; baseline 0.004 -20"><span class='ocrx_word' id='word_1_617' title='bbox 544 3980 547 3987; x_wconf 59' lang='grc' dir='ltr'><strong>η</strong></span> <span class='ocrx_word' id='word_1_618' title='bbox 583 3939 746 3997; x_wconf 76' lang='lat' dir='ltr'><strong>Vens.</strong></span> <span class='ocrx_word' id='word_1_619' title='bbox 783 3939 867 3995; x_wconf 77' lang='lat' dir='ltr'><strong>ll.</strong></span> <span class='ocrx_word' id='word_1_620' title='bbox 911 3939 1118 3996; x_wconf 76' lang='lat' dir='ltr'><strong>Montes</strong></span> <span class='ocrx_word' id='word_1_621' title='bbox 1147 3941 1284 3996; x_wconf 85' lang='lat' dir='ltr'><strong>enim</strong></span> <span class='ocrx_word' id='word_1_622' title='bbox 1323 3953 1371 3996; x_wconf 83' lang='lat' dir='ltr'><strong>et</strong></span> <span class='ocrx_word' id='word_1_623' title='bbox 1400 3941 1553 3996; x_wconf 73' lang='lat' dir='ltr'><strong>colles</strong></span> <span class='ocrx_word' id='word_1_624' title='bbox 1586 3943 1851 4010; x_wconf 76' lang='lat' dir='ltr'><strong>exsilient,</strong></span> <span class='ocrx_word' id='word_1_625' title='bbox 1896 3961 2078 4015; x_wconf 72' lang='lat' dir='ltr'><strong>exspe-</strong></span> 
     </span>
    </p>
   </div>
   <div class='ocr_carea' id='block_1_76' title="bbox 2154 3931 3764 4015">
    <p class='ocr_par' dir='ltr' id='par_1_76' title="bbox 2263 3931 3764 4015">
     <span class='ocr_line' id='line_1_76' title="bbox 2263 3931 3764 4015; baseline -0.01 -15"><span class='ocrx_word' id='word_1_626' title='bbox 2263 3946 2339 4000; x_wconf 82' lang='grc' dir='ltr'><strong>Τὰ</strong></span> <span class='ocrx_word' id='word_1_627' title='bbox 2367 3947 2478 4015; x_wconf 73' lang='grc' dir='ltr'>γὰρ</span> <span class='ocrx_word' id='word_1_628' title='bbox 2508 3946 2614 4013; x_wconf 80' lang='grc' dir='ltr'>ὄρη</span> <span class='ocrx_word' id='word_1_629' title='bbox 2652 3943 2751 3997; x_wconf 79' lang='grc' dir='ltr'>καὶ</span> <span class='ocrx_word' id='word_1_630' title='bbox 2784 3944 2839 3997; x_wconf 84' lang='lat' dir='ltr'><strong>ol</strong></span> <span class='ocrx_word' id='word_1_631' title='bbox 2852 3941 3074 4007; x_wconf 71' lang='grc' dir='ltr'>,βουνοί</span> <span class='ocrx_word' id='word_1_632' title='bbox 3111 3939 3475 4005; x_wconf 60' lang='grc' dir='ltr'>ἐξωοῦνται</span> <span class='ocrx_word' id='word_1_633' title='bbox 3510 3931 3764 4005; x_wconf 73' lang='grc' dir='ltr'>προσδε-</span> 
     </span>
    </p>
   </div>
   <div class='ocr_carea' id='block_1_77' title="bbox 508 4026 2118 4109">
    <p class='ocr_par' dir='ltr' id='par_1_77' title="bbox 508 4032 2081 4106">
     <span class='ocr_line' id='line_1_77' title="bbox 508 4032 2081 4106; baseline 0.006 -23"><span class='ocrx_word' id='word_1_634' title='bbox 508 4040 711 4084; x_wconf 78' lang='lat' dir='ltr'><strong>ctautes</strong></span> <span class='ocrx_word' id='word_1_635' title='bbox 737 4048 827 4084; x_wconf 79' lang='lat' dir='ltr'><strong>vos</strong></span> <span class='ocrx_word' id='word_1_636' title='bbox 856 4048 974 4085; x_wconf 82' lang='lat' dir='ltr'><strong>cum</strong></span> <span class='ocrx_word' id='word_1_637' title='bbox 1007 4032 1225 4103; x_wconf 76' lang='lat' dir='ltr'><strong>gaudio,</strong></span> <span class='ocrx_word' id='word_1_638' title='bbox 1248 4043 1300 4087; x_wconf 64' lang='lat' dir='ltr'><strong>et</strong></span> <span class='ocrx_word' id='word_1_639' title='bbox 1338 4035 1514 4088; x_wconf 82' lang='lat' dir='ltr'><strong>omnia</strong></span> <span class='ocrx_word' id='word_1_640' title='bbox 1542 4033 1685 4104; x_wconf 81' lang='lat' dir='ltr'><strong>ligna</strong></span> <span class='ocrx_word' id='word_1_641' title='bbox 1713 4037 1830 4106; x_wconf 84' lang='lat' dir='ltr'><strong>agri</strong></span> <span class='ocrx_word' id='word_1_642' title='bbox 1864 4037 2081 4106; x_wconf 69' lang='lat' dir='ltr'><strong>applau-</strong></span> 
     </span>
    </p>
   </div>
   <div class='ocr_carea' id='block_1_78' title="bbox 2155 4026 3765 4109">
    <p class='ocr_par' dir='ltr' id='par_1_78' title="bbox 2187 4026 3765 4109">
     <span class='ocr_line' id='line_1_78' title="bbox 2187 4026 3765 4109; baseline -0.006 -18"><span class='ocrx_word' id='word_1_643' title='bbox 2187 4040 2410 4109; x_wconf 82' lang='grc' dir='ltr'>χόμενα</span> <span class='ocrx_word' id='word_1_644' title='bbox 2463 4034 2617 4105; x_wconf 83' lang='grc' dir='ltr'>ὑμᾶς</span> <span class='ocrx_word' id='word_1_645' title='bbox 2662 4034 2732 4088; x_wconf 80' lang='grc' dir='ltr'><strong>ἐν</strong></span> <span class='ocrx_word' id='word_1_646' title='bbox 2777 4032 2954 4103; x_wconf 83' lang='grc' dir='ltr'>χαρᾷ,</span> <span class='ocrx_word' id='word_1_647' title='bbox 2987 4032 3085 4087; x_wconf 78' lang='grc' dir='ltr'>καὶ</span> <span class='ocrx_word' id='word_1_648' title='bbox 3127 4030 3325 4085; x_wconf 80' lang='grc' dir='ltr'>πάντα</span> <span class='ocrx_word' id='word_1_649' title='bbox 3357 4029 3432 4084; x_wconf 73' lang='grc' dir='ltr'>τὰ</span> <span class='ocrx_word' id='word_1_650' title='bbox 3469 4028 3626 4094; x_wconf 77' lang='grc' dir='ltr'>ξύλα</span> <span class='ocrx_word' id='word_1_651' title='bbox 3659 4026 3765 4081; x_wconf 82' lang='grc' dir='ltr'><strong>τοῦ</strong></span> 
     </span>
    </p>
   </div>
   <div class='ocr_carea' id='block_1_79' title="bbox 507 4116 2117 4198">
    <p class='ocr_par' dir='ltr' id='par_1_79' title="bbox 507 4124 2079 4197">
     <span class='ocr_line' id='line_1_79' title="bbox 507 4124 2079 4197; baseline 0.004 -20"><span class='ocrx_word' id='word_1_652' title='bbox 507 4124 628 4178; x_wconf 83' lang='lat' dir='ltr'><strong>deut</strong></span> <span class='ocrx_word' id='word_1_653' title='bbox 656 4126 837 4178; x_wconf 78' lang='lat' dir='ltr'><strong>ramis.</strong></span> <span class='ocrx_word' id='word_1_654' title='bbox 883 4124 953 4178; x_wconf 82' lang='lat' dir='ltr'><strong>Et</strong></span> <span class='ocrx_word' id='word_1_655' title='bbox 986 4141 1082 4196; x_wconf 86' lang='lat' dir='ltr'><strong>pro</strong></span> <span class='ocrx_word' id='word_1_656' title='bbox 1121 4126 1283 4181; x_wconf 71' lang='lat' dir='ltr'><strong>stmba</strong></span> <span class='ocrx_word' id='word_1_657' title='bbox 1324 4135 1612 4180; x_wconf 74' lang='lat' dir='ltr'><strong>succrescat</strong></span> <span class='ocrx_word' id='word_1_658' title='bbox 1649 4129 1972 4197; x_wconf 70' lang='lat' dir='ltr'><strong>cyparissus,</strong></span> <span class='ocrx_word' id='word_1_659' title='bbox 2032 4140 2079 4183; x_wconf 81' lang='lat' dir='ltr'><strong>et</strong></span> 
     </span>
    </p>
   </div>
   <div class='ocr_carea' id='block_1_80' title="bbox 2158 4116 3768 4198">
    <p class='ocr_par' dir='ltr' id='par_1_80' title="bbox 2185 4116 3768 4198">
     <span class='ocr_line' id='line_1_80' title="bbox 2185 4116 3768 4198; baseline -0.008 -14"><span class='ocrx_word' id='word_1_660' title='bbox 2185 4129 2369 4198; x_wconf 79' lang='grc' dir='ltr'>ἀγροῦ</span> <span class='ocrx_word' id='word_1_661' title='bbox 2416 4127 2798 4196; x_wconf 79' lang='grc' dir='ltr'>ἑπικροτήσει</span> <span class='ocrx_word' id='word_1_662' title='bbox 2839 4124 2965 4191; x_wconf 85' lang='grc' dir='ltr'>τοῖς</span> <span class='ocrx_word' id='word_1_663' title='bbox 3022 4122 3291 4189; x_wconf 70' lang='grc' dir='ltr'>κλάδοις,</span> <span class='ocrx_word' id='word_1_664' title='bbox 3332 4120 3434 4174; x_wconf 71' lang='grc' dir='ltr'>καὶ</span> <span class='ocrx_word' id='word_1_665' title='bbox 3483 4120 3622 4175; x_wconf 75' lang='grc' dir='ltr'>ἀντὶ</span> <span class='ocrx_word' id='word_1_666' title='bbox 3660 4116 3768 4186; x_wconf 81' lang='grc' dir='ltr'>τῆς</span> 
     </span>
    </p>
   </div>
   <div class='ocr_carea' id='block_1_81' title="bbox 507 4207 2117 4288">
    <p class='ocr_par' dir='ltr' id='par_1_81' title="bbox 507 4216 2082 4288">
     <span class='ocr_line' id='line_1_81' title="bbox 507 4216 2082 4288; baseline 0.003 -19"><span class='ocrx_word' id='word_1_667' title='bbox 507 4232 603 4284; x_wconf 78' lang='lat' dir='ltr'><strong>pro</strong></span> <span class='ocrx_word' id='word_1_668' title='bbox 655 4233 853 4287; x_wconf 77' lang='lat' dir='ltr'><strong>conyza</strong></span> <span class='ocrx_word' id='word_1_669' title='bbox 908 4227 1103 4273; x_wconf 81' lang='lat' dir='ltr'><strong>crescet</strong></span> <span class='ocrx_word' id='word_1_670' title='bbox 1155 4228 1376 4288; x_wconf 84' lang='lat' dir='ltr'><strong>myrtus.</strong></span> <span class='ocrx_word' id='word_1_671' title='bbox 1445 4216 1511 4272; x_wconf 81' lang='lat' dir='ltr'><strong>Et</strong></span> <span class='ocrx_word' id='word_1_672' title='bbox 1558 4220 1656 4272; x_wconf 79' lang='lat' dir='ltr'><strong>erit</strong></span> <span class='ocrx_word' id='word_1_673' title='bbox 1713 4219 1964 4274; x_wconf 80' lang='lat' dir='ltr'><strong>Dominus</strong></span> <span class='ocrx_word' id='word_1_674' title='bbox 2027 4223 2082 4275; x_wconf 78' lang='lat' dir='ltr'><strong>in</strong></span> 
     </span>
    </p>
   </div>
   <div class='ocr_carea' id='block_1_82' title="bbox 2158 4207 3768 4288">
    <p class='ocr_par' dir='ltr' id='par_1_82' title="bbox 2186 4207 3768 4288">
     <span class='ocr_line' id='line_1_82' title="bbox 2186 4207 3768 4288; baseline -0.009 -14"><span class='ocrx_word' id='word_1_675' title='bbox 2186 4218 2434 4288; x_wconf 79' lang='grc' dir='ltr'>στοιὸἦς</span> <span class='ocrx_word' id='word_1_676' title='bbox 2458 4217 2823 4285; x_wconf 77' lang='grc' dir='ltr'>ἀναϐήσεται</span> <span class='ocrx_word' id='word_1_677' title='bbox 2864 4213 3267 4284; x_wconf 77' lang='grc' dir='ltr'>κυπάρισσος,</span> <span class='ocrx_word' id='word_1_678' title='bbox 3290 4210 3426 4266; x_wconf 74' lang='grc' dir='ltr'>ἀντὶ</span> <span class='ocrx_word' id='word_1_679' title='bbox 3449 4208 3521 4263; x_wconf 81' lang='grc' dir='ltr'>δὲ</span> <span class='ocrx_word' id='word_1_680' title='bbox 3548 4207 3658 4277; x_wconf 81' lang='grc' dir='ltr'>τῆς</span> <span class='ocrx_word' id='word_1_681' title='bbox 3681 4224 3768 4260; x_wconf 75' lang='grc' dir='ltr'>κο-</span> 
     </span>
    </p>
   </div>
   <div class='ocr_carea' id='block_1_83' title="bbox 511 4301 2121 4380">
    <p class='ocr_par' dir='ltr' id='par_1_83' title="bbox 511 4310 1874 4380">
     <span class='ocr_line' id='line_1_83' title="bbox 511 4310 1874 4380; baseline 0.004 -20"><span class='ocrx_word' id='word_1_682' title='bbox 511 4324 719 4375; x_wconf 78' lang='lat' dir='ltr'><strong>nomen,</strong></span> <span class='ocrx_word' id='word_1_683' title='bbox 751 4319 800 4364; x_wconf 79' lang='lat' dir='ltr'><strong>et</strong></span> <span class='ocrx_word' id='word_1_684' title='bbox 829 4310 1101 4380; x_wconf 78' lang='lat' dir='ltr'><strong>insignum</strong></span> <span class='ocrx_word' id='word_1_685' title='bbox 1130 4318 1404 4375; x_wconf 66' lang='lat' dir='ltr'><strong>(uernum,</strong></span> <span class='ocrx_word' id='word_1_686' title='bbox 1432 4320 1479 4364; x_wconf 83' lang='lat' dir='ltr'><strong>et</strong></span> <span class='ocrx_word' id='word_1_687' title='bbox 1513 4327 1617 4365; x_wconf 82' lang='lat' dir='ltr'><strong>non</strong></span> <span class='ocrx_word' id='word_1_688' title='bbox 1646 4311 1874 4380; x_wconf 73' lang='lat' dir='ltr'><strong>deﬁciet.</strong></span> 
     </span>
    </p>
   </div>
   <div class='ocr_carea' id='block_1_84' title="bbox 2158 4301 3768 4380">
    <p class='ocr_par' dir='ltr' id='par_1_84' title="bbox 2186 4301 3768 4380">
     <span class='ocr_line' id='line_1_84' title="bbox 2186 4301 3768 4380; baseline -0.009 -14"><span class='ocrx_word' id='word_1_689' title='bbox 2186 4310 2366 4380; x_wconf 80' lang='grc' dir='ltr'>νύζης</span> <span class='ocrx_word' id='word_1_690' title='bbox 2393 4310 2762 4380; x_wconf 81' lang='grc' dir='ltr'>ἀναϐήσεται</span> <span class='ocrx_word' id='word_1_691' title='bbox 2776 4307 3066 4379; x_wconf 77' lang='grc' dir='ltr'>μυρσίνη.</span> <span class='ocrx_word' id='word_1_692' title='bbox 3099 4305 3211 4360; x_wconf 70' lang='grc' dir='ltr'><strong>Καὶ</strong></span> <span class='ocrx_word' id='word_1_693' title='bbox 3237 4305 3411 4359; x_wconf 75' lang='grc' dir='ltr'>ἔσται</span> <span class='ocrx_word' id='word_1_694' title='bbox 3443 4302 3662 4370; x_wconf 85' lang='grc' dir='ltr'>Κύριος</span> <span class='ocrx_word' id='word_1_695' title='bbox 3684 4301 3768 4363; x_wconf 79' lang='grc' dir='ltr'><strong>είς</strong></span> 
     </span>
    </p>
   </div>
   <div class='ocr_carea' id='block_1_85' title="bbox 2112 4394 3758 4493">
    <p class='ocr_par' dir='ltr' id='par_1_85' title="bbox 2112 4394 3758 4493">
     <span class='ocr_line' id='line_1_85' title="bbox 2112 4394 3758 4493; baseline -0.007 -38"><span class='ocrx_word' id='word_1_696' title='bbox 2112 4437 2160 4493; x_wconf 66' lang='grc' dir='ltr'><strong>ι)</strong></span> <span class='ocrx_word' id='word_1_697' title='bbox 2189 4401 2395 4471; x_wconf 80' lang='grc' dir='ltr'>ὄνομα,</span> <span class='ocrx_word' id='word_1_698' title='bbox 2424 4401 2524 4455; x_wconf 78' lang='grc' dir='ltr'>καὶ</span> <span class='ocrx_word' id='word_1_699' title='bbox 2544 4402 2631 4466; x_wconf 84' lang='grc' dir='ltr'>εὶς</span> <span class='ocrx_word' id='word_1_700' title='bbox 2653 4399 2905 4493; x_wconf 71' lang='grc' dir='ltr'>σημεῖον</span> <span class='ocrx_word' id='word_1_701' title='bbox 2923 4399 3185 4493; x_wconf 53' lang='lat' dir='ltr'><strong>alibi-tor,</strong></span> <span class='ocrx_word' id='word_1_702' title='bbox 3210 4395 3441 4493; x_wconf 36' lang='lat' dir='ltr'><strong>ara-10in»:</strong></span> <span class='ocrx_word' id='word_1_703' title='bbox 3475 4394 3758 4493; x_wconf 44' lang='grc' dir='ltr'>ἐκλείψει.</span> 
     </span>
    </p>
   </div>
   <div class='ocr_carea' id='block_1_86' title="bbox 579 4483 2189 4563">
    <p class='ocr_par' dir='ltr' id='par_1_86' title="bbox 579 4483 2154 4558">
     <span class='ocr_line' id='line_1_86' title="bbox 579 4483 2154 4558; baseline 0.003 -19"><span class='ocrx_word' id='word_1_704' title='bbox 579 4484 789 4541; x_wconf 83' lang='lat' dir='ltr'><strong>Montes</strong></span> <span class='ocrx_word' id='word_1_705' title='bbox 821 4487 907 4542; x_wconf 85' lang='lat' dir='ltr'><strong>hic</strong></span> <span class='ocrx_word' id='word_1_706' title='bbox 948 4487 1081 4542; x_wconf 88' lang='lat' dir='ltr'><strong>dicit</strong></span> <span class='ocrx_word' id='word_1_707' title='bbox 1106 4502 1331 4558; x_wconf 87' lang='lat' dir='ltr'><strong>superas</strong></span> <span class='ocrx_word' id='word_1_708' title='bbox 1363 4499 1419 4544; x_wconf 90' lang='lat' dir='ltr'><strong>et</strong></span> <span class='ocrx_word' id='word_1_709' title='bbox 1460 4489 1711 4544; x_wconf 81' lang='lat' dir='ltr'><strong>caelestes</strong></span> <span class='ocrx_word' id='word_1_710' title='bbox 1765 4497 2081 4558; x_wconf 85' lang='lat' dir='ltr'><strong>potestates,</strong></span> <span class='ocrx_word' id='word_1_711' title='bbox 2116 4483 2154 4493; x_wconf 88' lang='grc'><em>”</em></span> 
     </span>
    </p>
   </div>
   <div class='ocr_carea' id='block_1_87' title="bbox 2152 4483 3762 4563">
    <p class='ocr_par' dir='ltr' id='par_1_87' title="bbox 2152 4483 3762 4563">
     <span class='ocr_line' id='line_1_87' title="bbox 2152 4483 3762 4563; baseline -0.009 -16"><span class='ocrx_word' id='word_1_712' title='bbox 2152 4483 2154 4486; x_wconf 42' lang='grc'>’</span> <span class='ocrx_word' id='word_1_713' title='bbox 2260 4495 2399 4563; x_wconf 73' lang='grc' dir='ltr'><strong>ὐρη</strong></span> <span class='ocrx_word' id='word_1_714' title='bbox 2425 4491 2589 4561; x_wconf 74' lang='grc' dir='ltr'>φησὶν</span> <span class='ocrx_word' id='word_1_715' title='bbox 2614 4493 2673 4545; x_wconf 90' lang='grc' dir='ltr'><strong>ἐν</strong></span> <span class='ocrx_word' id='word_1_716' title='bbox 2700 4489 2910 4549; x_wconf 87' lang='grc' dir='ltr'>τούτοις</span> <span class='ocrx_word' id='word_1_717' title='bbox 2935 4488 3076 4559; x_wconf 86' lang='grc' dir='ltr'>τάχα</span> <span class='ocrx_word' id='word_1_718' title='bbox 3106 4504 3208 4540; x_wconf 87' lang='grc' dir='ltr'><strong>που</strong></span> <span class='ocrx_word' id='word_1_719' title='bbox 3242 4486 3342 4550; x_wconf 82' lang='grc' dir='ltr'>τὰς</span> <span class='ocrx_word' id='word_1_720' title='bbox 3370 4485 3486 4539; x_wconf 78' lang='grc' dir='ltr'>ἄνω</span> <span class='ocrx_word' id='word_1_721' title='bbox 3503 4502 3565 4537; x_wconf 91' lang='grc' dir='ltr'><strong>τε</strong></span> <span class='ocrx_word' id='word_1_722' title='bbox 3584 4483 3673 4537; x_wconf 77' lang='grc' dir='ltr'>καὶ</span> <span class='ocrx_word' id='word_1_723' title='bbox 3708 4483 3762 4534; x_wconf 86' lang='grc' dir='ltr'><strong>ἐν</strong></span> 
     </span>
    </p>
   </div>
   <div class='ocr_carea' id='block_1_88' title="bbox 508 4572 2118 4655">
    <p class='ocr_par' dir='ltr' id='par_1_88' title="bbox 508 4576 2080 4646">
     <span class='ocr_line' id='line_1_88' title="bbox 508 4576 2080 4646; baseline 0.003 -17"><span class='ocrx_word' id='word_1_724' title='bbox 508 4592 676 4646; x_wconf 71' lang='lat' dir='ltr'><strong>qnzea</strong></span> <span class='ocrx_word' id='word_1_725' title='bbox 708 4576 817 4634; x_wconf 90' lang='lat' dir='ltr'><strong>Deo</strong></span> <span class='ocrx_word' id='word_1_726' title='bbox 850 4578 1154 4633; x_wconf 65' lang='lat' dir='ltr'><strong>constitutae</strong></span> <span class='ocrx_word' id='word_1_727' title='bbox 1183 4588 1309 4634; x_wconf 89' lang='lat' dir='ltr'><strong>sunt</strong></span> <span class='ocrx_word' id='word_1_728' title='bbox 1342 4580 1394 4633; x_wconf 91' lang='lat' dir='ltr'><strong>in</strong></span> <span class='ocrx_word' id='word_1_729' title='bbox 1425 4580 1727 4636; x_wconf 87' lang='lat' dir='ltr'><strong>subsidium</strong></span> <span class='ocrx_word' id='word_1_730' title='bbox 1752 4581 2080 4636; x_wconf 87' lang='lat' dir='ltr'><strong>mortalium.</strong></span> 
     </span>
    </p>
   </div>
   <div class='ocr_carea' id='block_1_89' title="bbox 2155 4572 3765 4655">
    <p class='ocr_par' dir='ltr' id='par_1_89' title="bbox 2182 4572 3765 4655">
     <span class='ocr_line' id='line_1_89' title="bbox 2182 4572 3765 4655; baseline -0.009 -17"><span class='ocrx_word' id='word_1_731' title='bbox 2182 4582 2395 4655; x_wconf 77' lang='grc' dir='ltr'>ούρανῷ</span> <span class='ocrx_word' id='word_1_732' title='bbox 2438 4583 2694 4652; x_wconf 87' lang='grc' dir='ltr'>δυνάμεις</span> <span class='ocrx_word' id='word_1_733' title='bbox 2716 4620 2733 4646; x_wconf 89' lang='grc'><strong>,</strong></span> <span class='ocrx_word' id='word_1_734' title='bbox 2770 4581 2827 4634; x_wconf 87' lang='grc' dir='ltr'>αἳ</span> <span class='ocrx_word' id='word_1_735' title='bbox 2874 4580 2938 4650; x_wconf 84' lang='grc' dir='ltr'>δὴ</span> <span class='ocrx_word' id='word_1_736' title='bbox 2970 4579 3064 4634; x_wconf 74' lang='grc' dir='ltr'>καὶ</span> <span class='ocrx_word' id='word_1_737' title='bbox 3099 4578 3393 4648; x_wconf 80' lang='grc' dir='ltr'>τετάχαται</span> <span class='ocrx_word' id='word_1_738' title='bbox 3440 4575 3599 4646; x_wconf 83' lang='grc' dir='ltr'><strong>παρά</strong></span> <span class='ocrx_word' id='word_1_739' title='bbox 3635 4572 3765 4626; x_wconf 81' lang='grc' dir='ltr'><strong>Θεοῦ</strong></span> 
     </span>
    </p>
   </div>
   <div class='ocr_carea' id='block_1_90' title="bbox 510 4667 2120 4748">
    <p class='ocr_par' dir='ltr' id='par_1_90' title="bbox 510 4667 2080 4740">
     <span class='ocr_line' id='line_1_90' title="bbox 510 4667 2080 4740; baseline 0.003 -19"><span class='ocrx_word' id='word_1_740' title='bbox 510 4668 649 4721; x_wconf 79' lang='lat' dir='ltr'><strong>Sunt</strong></span> <span class='ocrx_word' id='word_1_741' title='bbox 673 4668 815 4722; x_wconf 91' lang='lat' dir='ltr'><strong>cnim</strong></span> <span class='ocrx_word' id='word_1_742' title='bbox 881 4667 1106 4737; x_wconf 83' lang='lat' dir='ltr'><strong>spiritus</strong></span> <span class='ocrx_word' id='word_1_743' title='bbox 1146 4669 1475 4734; x_wconf 90' lang='lat' dir='ltr'><strong>administri,</strong></span> <span class='ocrx_word' id='word_1_744' title='bbox 1542 4669 1636 4739; x_wconf 88' lang='lat' dir='ltr'><strong>qui</strong></span> <span class='ocrx_word' id='word_1_745' title='bbox 1695 4669 1947 4740; x_wconf 82' lang='lat' dir='ltr'><strong>legantur</strong></span> <span class='ocrx_word' id='word_1_746' title='bbox 2014 4671 2080 4725; x_wconf 86' lang='lat' dir='ltr'><strong>ad</strong></span> 
     </span>
    </p>
   </div>
   <div class='ocr_carea' id='block_1_91' title="bbox 2156 4667 3766 4748">
    <p class='ocr_par' dir='ltr' id='par_1_91' title="bbox 2183 4667 3766 4748">
     <span class='ocr_line' id='line_1_91' title="bbox 2183 4667 3766 4748; baseline -0.008 -18"><span class='ocrx_word' id='word_1_747' title='bbox 2183 4678 2321 4748; x_wconf 79' lang='grc' dir='ltr'>πρὸς</span> <span class='ocrx_word' id='word_1_748' title='bbox 2358 4676 2674 4746; x_wconf 79' lang='grc' dir='ltr'>ἐπικουρίαν</span> <span class='ocrx_word' id='word_1_749' title='bbox 2697 4673 2805 4727; x_wconf 82' lang='grc' dir='ltr'>τῶν</span> <span class='ocrx_word' id='word_1_750' title='bbox 2826 4674 2920 4726; x_wconf 77' lang='grc' dir='ltr'>ἐπὶ</span> <span class='ocrx_word' id='word_1_751' title='bbox 2940 4673 3041 4742; x_wconf 80' lang='grc' dir='ltr'>τῆς</span> <span class='ocrx_word' id='word_1_752' title='bbox 3066 4672 3190 4742; x_wconf 80' lang='grc' dir='ltr'>γῆς.</span> <span class='ocrx_word' id='word_1_753' title='bbox 3212 4670 3354 4725; x_wconf 69' lang='grc' dir='ltr'>Πνεύ</span> <span class='ocrx_word' id='word_1_754' title='bbox 3361 4688 3508 4740; x_wconf 89' lang='grc' dir='ltr'>ματα</span> <span class='ocrx_word' id='word_1_755' title='bbox 3533 4670 3643 4739; x_wconf 80' lang='grc' dir='ltr'>γάρ</span> <span class='ocrx_word' id='word_1_756' title='bbox 3663 4667 3766 4719; x_wconf 85' lang='grc' dir='ltr'>εἱσι</span> 
     </span>
    </p>
   </div>
   <div class='ocr_carea' id='block_1_92' title="bbox 510 4758 2120 4840">
    <p class='ocr_par' dir='ltr' id='par_1_92' title="bbox 510 4760 2080 4830">
     <span class='ocr_line' id='line_1_92' title="bbox 510 4760 2080 4830; baseline 0.001 -17"><span class='ocrx_word' id='word_1_757' title='bbox 510 4760 892 4826; x_wconf 86' lang='lat' dir='ltr'><strong>ministerium,</strong></span> <span class='ocrx_word' id='word_1_758' title='bbox 921 4769 1141 4830; x_wconf 90' lang='lat' dir='ltr'><strong>propter</strong></span> <span class='ocrx_word' id='word_1_759' title='bbox 1171 4774 1266 4815; x_wconf 89' lang='lat' dir='ltr'><strong>eos</strong></span> <span class='ocrx_word' id='word_1_760' title='bbox 1294 4761 1383 4830; x_wconf 90' lang='lat' dir='ltr'><strong>qui</strong></span> <span class='ocrx_word' id='word_1_761' title='bbox 1420 4760 1649 4815; x_wconf 89' lang='lat' dir='ltr'><strong>salutem</strong></span> <span class='ocrx_word' id='word_1_762' title='bbox 1695 4761 2080 4830; x_wconf 86' lang='lat' dir='ltr'><strong>adipiscentur,</strong></span> 
     </span>
    </p>
   </div>
   <div class='ocr_carea' id='block_1_93' title="bbox 2160 4758 3770 4840">
    <p class='ocr_par' dir='ltr' id='par_1_93' title="bbox 2182 4758 3770 4840">
     <span class='ocr_line' id='line_1_93' title="bbox 2182 4758 3770 4840; baseline -0.007 -18"><span class='ocrx_word' id='word_1_763' title='bbox 2182 4768 2530 4840; x_wconf 76' lang='grc' dir='ltr'>λειτουργικὰ</span> <span class='ocrx_word' id='word_1_764' title='bbox 2560 4767 2894 4837; x_wconf 85' lang='grc' dir='ltr'>πεμπόμενα</span> <span class='ocrx_word' id='word_1_765' title='bbox 2914 4764 3048 4836; x_wconf 78' lang='grc' dir='ltr'>πρὸς</span> <span class='ocrx_word' id='word_1_766' title='bbox 3076 4762 3355 4818; x_wconf 79' lang='grc' dir='ltr'>διακονίαν</span> <span class='ocrx_word' id='word_1_767' title='bbox 3382 4761 3471 4815; x_wconf 75' lang='grc' dir='ltr'>διὰ</span> <span class='ocrx_word' id='word_1_768' title='bbox 3498 4761 3626 4823; x_wconf 84' lang='grc' dir='ltr'>τοὺς</span> <span class='ocrx_word' id='word_1_769' title='bbox 3651 4758 3770 4827; x_wconf 80' lang='grc' dir='ltr'><strong>μὲλ-</strong></span> 
     </span>
    </p>
   </div>
   <div class='ocr_carea' id='block_1_94' title="bbox 510 4851 2120 4929">
    <p class='ocr_par' dir='ltr' id='par_1_94' title="bbox 510 4853 2079 4925">
     <span class='ocr_line' id='line_1_94' title="bbox 510 4853 2079 4925; baseline 0.002 -17"><span class='ocrx_word' id='word_1_770' title='bbox 510 4863 567 4908; x_wconf 87' lang='lat' dir='ltr'><strong>et</strong></span> <span class='ocrx_word' id='word_1_771' title='bbox 583 4853 991 4925; x_wconf 77' lang='lat' dir='ltr'><strong>gaudentsuper</strong></span> <span class='ocrx_word' id='word_1_772' title='bbox 1010 4868 1115 4908; x_wconf 92' lang='lat' dir='ltr'><strong>uno</strong></span> <span class='ocrx_word' id='word_1_773' title='bbox 1132 4863 1419 4922; x_wconf 86' lang='lat' dir='ltr'><strong>peccatore</strong></span> <span class='ocrx_word' id='word_1_774' title='bbox 1441 4854 1888 4923; x_wconf 80' lang='lat' dir='ltr'><strong>resipiscente“‘.</strong></span> <span class='ocrx_word' id='word_1_775' title='bbox 1912 4855 2079 4925; x_wconf 85' lang='lat' dir='ltr'><strong>Equi-</strong></span> 
     </span>
    </p>
   </div>
   <div class='ocr_carea' id='block_1_95' title="bbox 2156 4851 3766 4929">
    <p class='ocr_par' dir='ltr' id='par_1_95' title="bbox 2180 4851 3766 4929">
     <span class='ocr_line' id='line_1_95' title="bbox 2180 4851 3766 4929; baseline -0.006 -19"><span class='ocrx_word' id='word_1_776' title='bbox 2180 4859 2370 4922; x_wconf 85' lang='grc' dir='ltr'>λοντας</span> <span class='ocrx_word' id='word_1_777' title='bbox 2417 4859 2773 4929; x_wconf 88' lang='grc' dir='ltr'>κληρονομεῖν</span> <span class='ocrx_word' id='word_1_778' title='bbox 2819 4855 3112 4927; x_wconf 86' lang='grc' dir='ltr'>σωτηρίαν,</span> <span class='ocrx_word' id='word_1_779' title='bbox 3146 4855 3401 4925; x_wconf 85' lang='grc' dir='ltr'>χαίρουσι</span> <span class='ocrx_word' id='word_1_780' title='bbox 3437 4853 3497 4906; x_wconf 81' lang='grc' dir='ltr'>δὲ</span> <span class='ocrx_word' id='word_1_781' title='bbox 3542 4851 3641 4905; x_wconf 73' lang='grc' dir='ltr'>καὶ</span> <span class='ocrx_word' id='word_1_782' title='bbox 3685 4852 3766 4917; x_wconf 73' lang='grc' dir='ltr'>ἐφ’</span> 
     </span>
    </p>
   </div>
   <div class='ocr_carea' id='block_1_96' title="bbox 511 4942 2121 5020">
    <p class='ocr_par' dir='ltr' id='par_1_96' title="bbox 511 4944 2082 5018">
     <span class='ocr_line' id='line_1_96' title="bbox 511 4944 2082 5018; baseline 0.003 -21"><span class='ocrx_word' id='word_1_783' title='bbox 511 4945 633 4999; x_wconf 87' lang='lat' dir='ltr'><strong>dem</strong></span> <span class='ocrx_word' id='word_1_784' title='bbox 661 4946 856 5001; x_wconf 88' lang='lat' dir='ltr'><strong>merito</strong></span> <span class='ocrx_word' id='word_1_785' title='bbox 887 4944 1192 5011; x_wconf 87' lang='lat' dir='ltr'><strong>comparari</strong></span> <span class='ocrx_word' id='word_1_786' title='bbox 1248 4954 1473 5013; x_wconf 86' lang='lat' dir='ltr'><strong>possunt</strong></span> <span class='ocrx_word' id='word_1_787' title='bbox 1516 4946 1816 5012; x_wconf 86' lang='lat' dir='ltr'><strong>montibus,</strong></span> <span class='ocrx_word' id='word_1_788' title='bbox 1881 4949 2082 5018; x_wconf 84' lang='lat' dir='ltr'><strong>quippe</strong></span> 
     </span>
    </p>
   </div>
   <div class='ocr_carea' id='block_1_97' title="bbox 2154 4942 3764 5020">
    <p class='ocr_par' dir='ltr' id='par_1_97' title="bbox 2187 4942 3764 5020">
     <span class='ocr_line' id='line_1_97' title="bbox 2187 4942 3764 5020; baseline -0.008 -18"><span class='ocrx_word' id='word_1_789' title='bbox 2187 4949 2269 5002; x_wconf 74' lang='grc' dir='ltr'>ἐνὶ</span> <span class='ocrx_word' id='word_1_790' title='bbox 2295 4948 2602 5020; x_wconf 81' lang='grc' dir='ltr'>ἁμαρτωλῷ</span> <span class='ocrx_word' id='word_1_791' title='bbox 2627 4945 2997 5017; x_wconf 86' lang='grc' dir='ltr'>μετανοοῦντι.</span> <span class='ocrx_word' id='word_1_792' title='bbox 3019 4944 3128 4998; x_wconf 79' lang='grc' dir='ltr'><strong>Ναὶ</strong></span> <span class='ocrx_word' id='word_1_793' title='bbox 3151 4945 3258 5015; x_wconf 81' lang='grc' dir='ltr'>μὴν</span> <span class='ocrx_word' id='word_1_794' title='bbox 3288 4943 3382 4997; x_wconf 78' lang='lat' dir='ltr'><strong>xal.</strong></span> <span class='ocrx_word' id='word_1_795' title='bbox 3404 4942 3557 5012; x_wconf 71' lang='grc' dir='ltr'>ὄρεσι</span> <span class='ocrx_word' id='word_1_796' title='bbox 3582 4956 3764 5008; x_wconf 86' lang='grc' dir='ltr'>παρει-</span> 
     </span>
    </p>
   </div>
   <div class='ocr_carea' id='block_1_98' title="bbox 509 5030 2119 5107">
    <p class='ocr_par' dir='ltr' id='par_1_98' title="bbox 509 5033 2081 5107">
     <span class='ocr_line' id='line_1_98' title="bbox 509 5033 2081 5107; baseline 0 -16"><span class='ocrx_word' id='word_1_797' title='bbox 509 5036 777 5106; x_wconf 86' lang='lat' dir='ltr'><strong>quialtam</strong></span> <span class='ocrx_word' id='word_1_798' title='bbox 805 5034 1121 5107; x_wconf 72' lang='lat' dir='ltr'><strong>dignitatem</strong></span> <span class='ocrx_word' id='word_1_799' title='bbox 1138 5033 1437 5098; x_wconf 88' lang='lat' dir='ltr'><strong>obtineant,</strong></span> <span class='ocrx_word' id='word_1_800' title='bbox 1464 5048 1562 5102; x_wconf 90' lang='lat' dir='ltr'><strong>pro</strong></span> <span class='ocrx_word' id='word_1_801' title='bbox 1586 5036 1803 5090; x_wconf 88' lang='lat' dir='ltr'><strong>virtutis</strong></span> <span class='ocrx_word' id='word_1_802' title='bbox 1836 5036 2081 5106; x_wconf 88' lang='lat' dir='ltr'><strong>ipsorum</strong></span> 
     </span>
    </p>
   </div>
   <div class='ocr_carea' id='block_1_99' title="bbox 2134 5030 3744 5107">
    <p class='ocr_par' dir='ltr' id='par_1_99' title="bbox 2187 5030 3744 5105">
     <span class='ocr_line' id='line_1_99' title="bbox 2187 5030 3744 5105; baseline -0.008 -11"><span class='ocrx_word' id='word_1_803' title='bbox 2187 5040 2438 5105; x_wconf 79' lang='grc' dir='ltr'>κὰζοιντο</span> <span class='ocrx_word' id='word_1_804' title='bbox 2461 5038 2527 5092; x_wconf 88' lang='grc' dir='ltr'>ἂν</span> <span class='ocrx_word' id='word_1_805' title='bbox 2561 5038 2785 5100; x_wconf 90' lang='grc' dir='ltr'>εἰκότως</span> <span class='ocrx_word' id='word_1_806' title='bbox 2806 5035 2882 5100; x_wconf 85' lang='grc' dir='ltr'>ὡς</span> <span class='ocrx_word' id='word_1_807' title='bbox 2910 5035 2973 5088; x_wconf 83' lang='grc' dir='ltr'>τὸ</span> <span class='ocrx_word' id='word_1_808' title='bbox 3004 5032 3139 5105; x_wconf 72' lang='grc' dir='ltr'>ὑψοῦ</span> <span class='ocrx_word' id='word_1_809' title='bbox 3174 5033 3294 5087; x_wconf 92' lang='grc' dir='ltr'>λίαν</span> <span class='ocrx_word' id='word_1_810' title='bbox 3321 5030 3459 5086; x_wconf 76' lang='grc' dir='ltr'>εῖναι</span> <span class='ocrx_word' id='word_1_811' title='bbox 3486 5030 3744 5099; x_wconf 81' lang='grc' dir='ltr'>λαχόντες</span> 
     </span>
    </p>
   </div>
   <div class='ocr_carea' id='block_1_100' title="bbox 510 5120 2120 5200">
    <p class='ocr_par' dir='ltr' id='par_1_100' title="bbox 510 5123 2084 5196">
     <span class='ocr_line' id='line_1_100' title="bbox 510 5123 2084 5196; baseline 0.002 -17"><span class='ocrx_word' id='word_1_812' title='bbox 510 5124 901 5196; x_wconf 76' lang='lat' dir='ltr'><strong>magnitudine.</strong></span> <span class='ocrx_word' id='word_1_813' title='bbox 933 5123 1031 5179; x_wconf 80' lang='lat' dir='ltr'><strong>Vel</strong></span> <span class='ocrx_word' id='word_1_814' title='bbox 1076 5123 1240 5179; x_wconf 87' lang='lat' dir='ltr'><strong>etiam</strong></span> <span class='ocrx_word' id='word_1_815' title='bbox 1296 5134 1513 5179; x_wconf 87' lang='lat' dir='ltr'><strong>montes</strong></span> <span class='ocrx_word' id='word_1_816' title='bbox 1570 5128 1806 5195; x_wconf 86' lang='lat' dir='ltr'><strong>accipies</strong></span> <span class='ocrx_word' id='word_1_817' title='bbox 1851 5142 1948 5195; x_wconf 90' lang='lat' dir='ltr'><strong>pro</strong></span> <span class='ocrx_word' id='word_1_818' title='bbox 1998 5128 2084 5182; x_wconf 84' lang='lat' dir='ltr'><strong>his</strong></span> 
     </span>
    </p>
   </div>
   <div class='ocr_carea' id='block_1_101' title="bbox 2149 5120 3759 5200">
    <p class='ocr_par' dir='ltr' id='par_1_101' title="bbox 2189 5120 3759 5200">
     <span class='ocr_line' id='line_1_101' title="bbox 2189 5120 3759 5200; baseline -0.009 -14"><span class='ocrx_word' id='word_1_819' title='bbox 2189 5136 2330 5187; x_wconf 88' lang='grc' dir='ltr'>κατὰ</span> <span class='ocrx_word' id='word_1_820' title='bbox 2383 5148 2444 5184; x_wconf 87' lang='grc' dir='ltr'><strong>τε</strong></span> <span class='ocrx_word' id='word_1_821' title='bbox 2490 5130 2589 5200; x_wconf 76' lang='grc' dir='ltr'>τῆς</span> <span class='ocrx_word' id='word_1_822' title='bbox 2647 5127 2872 5198; x_wconf 79' lang='grc' dir='ltr'>ἐνούσης</span> <span class='ocrx_word' id='word_1_823' title='bbox 2922 5127 3108 5189; x_wconf 83' lang='grc' dir='ltr'>αὐτοῖς</span> <span class='ocrx_word' id='word_1_824' title='bbox 3144 5125 3346 5197; x_wconf 88' lang='grc' dir='ltr'>ἀρετῆς</span> <span class='ocrx_word' id='word_1_825' title='bbox 3394 5123 3457 5176; x_wconf 83' lang='grc' dir='ltr'>τὸ</span> <span class='ocrx_word' id='word_1_826' title='bbox 3512 5120 3759 5193; x_wconf 82' lang='grc' dir='ltr'>μέγεθος.</span> 
     </span>
    </p>
   </div>
   <div class='ocr_carea' id='block_1_102' title="bbox 510 5212 2120 5292">
    <p class='ocr_par' dir='ltr' id='par_1_102' title="bbox 510 5213 2087 5288">
     <span class='ocr_line' id='line_1_102' title="bbox 510 5213 2087 5288; baseline 0.001 -18"><span class='ocrx_word' id='word_1_827' title='bbox 510 5217 601 5285; x_wconf 90' lang='lat' dir='ltr'><strong>qui</strong></span> <span class='ocrx_word' id='word_1_828' title='bbox 620 5215 844 5272; x_wconf 89' lang='lat' dir='ltr'><strong>docendi</strong></span> <span class='ocrx_word' id='word_1_829' title='bbox 877 5230 1071 5270; x_wconf 90' lang='lat' dir='ltr'><strong>munus</strong></span> <span class='ocrx_word' id='word_1_830' title='bbox 1095 5213 1295 5270; x_wconf 79' lang='lat' dir='ltr'><strong>habent</strong></span> <span class='ocrx_word' id='word_1_831' title='bbox 1333 5215 1387 5269; x_wconf 89' lang='lat' dir='ltr'><strong>in</strong></span> <span class='ocrx_word' id='word_1_832' title='bbox 1410 5214 1689 5282; x_wconf 86' lang='lat' dir='ltr'><strong>Ecclesiis,</strong></span> <span class='ocrx_word' id='word_1_833' title='bbox 1724 5217 1964 5288; x_wconf 86' lang='lat' dir='ltr'><strong>nihilque</strong></span> <span class='ocrx_word' id='word_1_834' title='bbox 1987 5219 2087 5273; x_wconf 82' lang='lat' dir='ltr'><strong>hu-</strong></span> 
     </span>
    </p>
   </div>
   <div class='ocr_carea' id='block_1_103' title="bbox 2151 5212 3761 5292">
    <p class='ocr_par' dir='ltr' id='par_1_103' title="bbox 2192 5212 3761 5292">
     <span class='ocr_line' id='line_1_103' title="bbox 2192 5212 3761 5292; baseline -0.008 -16"><span class='ocrx_word' id='word_1_835' title='bbox 2192 5226 2398 5291; x_wconf 86' lang='grc' dir='ltr'>Ἥγουν</span> <span class='ocrx_word' id='word_1_836' title='bbox 2448 5221 2547 5291; x_wconf 81' lang='grc' dir='ltr'>ὅρη</span> <span class='ocrx_word' id='word_1_837' title='bbox 2587 5219 2687 5292; x_wconf 82' lang='grc' dir='ltr'>μὲν</span> <span class='ocrx_word' id='word_1_838' title='bbox 2718 5218 2932 5289; x_wconf 80' lang='grc' dir='ltr'>ἐκλήψῃ</span> <span class='ocrx_word' id='word_1_839' title='bbox 2965 5217 3092 5280; x_wconf 80' lang='grc' dir='ltr'>τοὺς</span> <span class='ocrx_word' id='word_1_840' title='bbox 3147 5215 3210 5270; x_wconf 78' lang='grc' dir='ltr'>τὸ</span> <span class='ocrx_word' id='word_1_841' title='bbox 3264 5212 3647 5269; x_wconf 81' lang='grc' dir='ltr'>διδασκαλικὸν</span> <span class='ocrx_word' id='word_1_842' title='bbox 3706 5214 3761 5263; x_wconf 81' lang='grc' dir='ltr'><strong>ἐν</strong></span> 
     </span>
    </p>
   </div>
   <div class='ocr_carea' id='block_1_104' title="bbox 514 5303 2124 5385">
    <p class='ocr_par' dir='ltr' id='par_1_104' title="bbox 514 5307 2086 5380">
     <span class='ocr_line' id='line_1_104' title="bbox 514 5307 2086 5380; baseline 0.003 -19"><span class='ocrx_word' id='word_1_843' title='bbox 514 5307 641 5362; x_wconf 90' lang='lat' dir='ltr'><strong>mile</strong></span> <span class='ocrx_word' id='word_1_844' title='bbox 663 5307 902 5377; x_wconf 84' lang='lat' dir='ltr'><strong>sapiunt,</strong></span> <span class='ocrx_word' id='word_1_845' title='bbox 928 5307 1023 5362; x_wconf 89' lang='lat' dir='ltr'><strong>sed</strong></span> <span class='ocrx_word' id='word_1_846' title='bbox 1047 5322 1167 5375; x_wconf 71' lang='lat' dir='ltr'><strong>quae</strong></span> <span class='ocrx_word' id='word_1_847' title='bbox 1182 5320 1376 5375; x_wconf 76' lang='lat' dir='ltr'><strong>supera</strong></span> <span class='ocrx_word' id='word_1_848' title='bbox 1394 5316 1519 5363; x_wconf 87' lang='lat' dir='ltr'><strong>sunt</strong></span> <span class='ocrx_word' id='word_1_849' title='bbox 1549 5318 1816 5377; x_wconf 58' lang='lat' dir='ltr'><strong>quaerunt,</strong></span> <span class='ocrx_word' id='word_1_850' title='bbox 1850 5320 1904 5363; x_wconf 86' lang='lat' dir='ltr'><strong>et</strong></span> <span class='ocrx_word' id='word_1_851' title='bbox 1923 5325 2086 5380; x_wconf 90' lang='lat' dir='ltr'><strong>supra</strong></span> 
     </span>
    </p>
   </div>
   <div class='ocr_carea' id='block_1_105' title="bbox 2152 5303 3762 5385">
    <p class='ocr_par' dir='ltr' id='par_1_105' title="bbox 2195 5303 3762 5385">
     <span class='ocr_line' id='line_1_105' title="bbox 2195 5303 3762 5385; baseline -0.009 -18"><span class='ocrx_word' id='word_1_852' title='bbox 2195 5313 2540 5385; x_wconf 84' lang='grc' dir='ltr'>Ἐκκλησίαις</span> <span class='ocrx_word' id='word_1_853' title='bbox 2563 5312 2783 5383; x_wconf 78' lang='grc' dir='ltr'>ἔχοντας</span> <span class='ocrx_word' id='word_1_854' title='bbox 2810 5308 3168 5378; x_wconf 85' lang='grc' dir='ltr'>ἐπιτήδευμα,</span> <span class='ocrx_word' id='word_1_855' title='bbox 3195 5308 3292 5361; x_wconf 76' lang='grc' dir='ltr'>καὶ</span> <span class='ocrx_word' id='word_1_856' title='bbox 3315 5304 3645 5377; x_wconf 77' lang='grc' dir='ltr'>φρονοῦντας</span> <span class='ocrx_word' id='word_1_857' title='bbox 3669 5303 3762 5372; x_wconf 76' lang='grc' dir='ltr'>μὲν</span> 
     </span>
    </p>
   </div>
   <div class='ocr_carea' id='block_1_106' title="bbox 511 5395 2121 5476">
    <p class='ocr_par' dir='ltr' id='par_1_106' title="bbox 511 5398 2085 5471">
     <span class='ocr_line' id='line_1_106' title="bbox 511 5398 2085 5471; baseline 0.002 -19"><span class='ocrx_word' id='word_1_858' title='bbox 511 5413 601 5453; x_wconf 81' lang='lat' dir='ltr'><strong>res</strong></span> <span class='ocrx_word' id='word_1_859' title='bbox 645 5409 888 5455; x_wconf 88' lang='lat' dir='ltr'><strong>terrenas</strong></span> <span class='ocrx_word' id='word_1_860' title='bbox 925 5401 1253 5454; x_wconf 86' lang='lat' dir='ltr'><strong>transiliunt.</strong></span> <span class='ocrx_word' id='word_1_861' title='bbox 1286 5398 1464 5454; x_wconf 89' lang='lat' dir='ltr'><strong>Colles</strong></span> <span class='ocrx_word' id='word_1_862' title='bbox 1508 5410 1685 5455; x_wconf 85' lang='lat' dir='ltr'><strong>autem</strong></span> <span class='ocrx_word' id='word_1_863' title='bbox 1733 5416 1832 5471; x_wconf 91' lang='lat' dir='ltr'><strong>pro</strong></span> <span class='ocrx_word' id='word_1_864' title='bbox 1866 5401 1949 5456; x_wconf 88' lang='lat' dir='ltr'><strong>his</strong></span> <span class='ocrx_word' id='word_1_865' title='bbox 1996 5417 2085 5457; x_wconf 91' lang='lat' dir='ltr'><strong>su-</strong></span> 
     </span>
    </p>
   </div>
   <div class='ocr_carea' id='block_1_107' title="bbox 2147 5395 3757 5476">
    <p class='ocr_par' dir='ltr' id='par_1_107' title="bbox 2183 5395 3757 5476">
     <span class='ocr_line' id='line_1_107' title="bbox 2183 5395 3757 5476; baseline -0.008 -18"><span class='ocrx_word' id='word_1_866' title='bbox 2183 5406 2293 5458; x_wconf 86' lang='grc' dir='ltr'>τῶν</span> <span class='ocrx_word' id='word_1_867' title='bbox 2320 5404 2674 5476; x_wconf 85' lang='grc' dir='ltr'>χαμαιπετῶν</span> <span class='ocrx_word' id='word_1_868' title='bbox 2694 5402 2868 5467; x_wconf 70' lang='grc' dir='ltr'>οὐδὲν,</span> <span class='ocrx_word' id='word_1_869' title='bbox 2898 5399 3195 5471; x_wconf 83' lang='grc' dir='ltr'>ζητουντας</span> <span class='ocrx_word' id='word_1_870' title='bbox 3224 5398 3281 5451; x_wconf 80' lang='grc' dir='ltr'><strong>δέ</strong></span> <span class='ocrx_word' id='word_1_871' title='bbox 3310 5397 3513 5467; x_wconf 82' lang='grc' dir='ltr'>μᾶλλον</span> <span class='ocrx_word' id='word_1_872' title='bbox 3538 5397 3607 5448; x_wconf 77' lang='grc' dir='ltr'>τὰ</span> <span class='ocrx_word' id='word_1_873' title='bbox 3634 5395 3757 5457; x_wconf 80' lang='grc' dir='ltr'>ἄνω,</span> 
     </span>
    </p>
   </div>
   <div class='ocr_carea' id='block_1_108' title="bbox 515 5485 2125 5564">
    <p class='ocr_par' dir='ltr' id='par_1_108' title="bbox 515 5488 2081 5560">
     <span class='ocr_line' id='line_1_108' title="bbox 515 5488 2081 5560; baseline 0.003 -19"><span class='ocrx_word' id='word_1_874' title='bbox 515 5502 630 5542; x_wconf 90' lang='lat' dir='ltr'><strong>mes</strong></span> <span class='ocrx_word' id='word_1_875' title='bbox 660 5490 752 5558; x_wconf 90' lang='lat' dir='ltr'><strong>qui</strong></span> <span class='ocrx_word' id='word_1_876' title='bbox 792 5489 899 5545; x_wconf 90' lang='lat' dir='ltr'><strong>illis</strong></span> <span class='ocrx_word' id='word_1_877' title='bbox 933 5492 1257 5545; x_wconf 83' lang='lat' dir='ltr'><strong>auctoritate</strong></span> <span class='ocrx_word' id='word_1_878' title='bbox 1292 5488 1578 5544; x_wconf 78' lang='lat' dir='ltr'><strong>inferiores</strong></span> <span class='ocrx_word' id='word_1_879' title='bbox 1615 5503 1762 5559; x_wconf 86' lang='lat' dir='ltr'><strong>sunt,</strong></span> <span class='ocrx_word' id='word_1_880' title='bbox 1823 5500 1879 5545; x_wconf 88' lang='lat' dir='ltr'><strong>et</strong></span> <span class='ocrx_word' id='word_1_881' title='bbox 1926 5492 2081 5560; x_wconf 88' lang='lat' dir='ltr'><strong>quasi</strong></span> 
     </span>
    </p>
   </div>
   <div class='ocr_carea' id='block_1_109' title="bbox 2150 5485 3760 5564">
    <p class='ocr_par' dir='ltr' id='par_1_109' title="bbox 2179 5485 3760 5564">
     <span class='ocr_line' id='line_1_109' title="bbox 2179 5485 3760 5564; baseline -0.008 -15"><span class='ocrx_word' id='word_1_882' title='bbox 2179 5497 2273 5549; x_wconf 76' lang='grc' dir='ltr'><strong>καὶ</strong></span> <span class='ocrx_word' id='word_1_883' title='bbox 2318 5495 2427 5549; x_wconf 83' lang='grc' dir='ltr'><strong>τῶν</strong></span> <span class='ocrx_word' id='word_1_884' title='bbox 2473 5495 2674 5564; x_wconf 73' lang='grc' dir='ltr'>γηΐνων</span> <span class='ocrx_word' id='word_1_885' title='bbox 2732 5494 3184 5564; x_wconf 86' lang='grc' dir='ltr'>ἀναπηδήσαντας</span> <span class='ocrx_word' id='word_1_886' title='bbox 3207 5507 3220 5520; x_wconf 78' lang='grc'><em>’</em></span> <span class='ocrx_word' id='word_1_887' title='bbox 3272 5489 3495 5560; x_wconf 84' lang='grc' dir='ltr'>βουνούς</span> <span class='ocrx_word' id='word_1_888' title='bbox 3544 5505 3607 5555; x_wconf 88' lang='grc' dir='ltr'><strong>γε</strong></span> <span class='ocrx_word' id='word_1_889' title='bbox 3660 5485 3760 5556; x_wconf 78' lang='grc' dir='ltr'>μὴν</span> 
     </span>
    </p>
   </div>
   <div class='ocr_carea' id='block_1_110' title="bbox 515 5574 2125 5656">
    <p class='ocr_par' dir='ltr' id='par_1_110' title="bbox 515 5580 2078 5650">
     <span class='ocr_line' id='line_1_110' title="bbox 515 5580 2078 5650; baseline 0.001 -18"><span class='ocrx_word' id='word_1_890' title='bbox 515 5593 701 5633; x_wconf 71' lang='lat' dir='ltr'><strong>(crum</strong></span> <span class='ocrx_word' id='word_1_891' title='bbox 727 5580 909 5648; x_wconf 68' lang='lat' dir='ltr'><strong>gloria:</strong></span> <span class='ocrx_word' id='word_1_892' title='bbox 929 5581 1207 5637; x_wconf 80' lang='lat' dir='ltr'><strong>subsident</strong></span> <span class='ocrx_word' id='word_1_893' title='bbox 1231 5589 1286 5637; x_wconf 78' lang='lat' dir='ltr'><strong>et</strong></span> <span class='ocrx_word' id='word_1_894' title='bbox 1331 5583 1714 5650; x_wconf 77' lang='lat' dir='ltr'><strong>subjiciuntur.</strong></span> <span class='ocrx_word' id='word_1_895' title='bbox 1768 5582 1907 5635; x_wconf 86' lang='lat' dir='ltr'><strong>Sunt</strong></span> <span class='ocrx_word' id='word_1_896' title='bbox 1935 5584 2078 5636; x_wconf 87' lang='lat' dir='ltr'><strong>enim</strong></span> 
     </span>
    </p>
   </div>
   <div class='ocr_carea' id='block_1_111' title="bbox 2151 5574 3761 5656">
    <p class='ocr_par' dir='ltr' id='par_1_111' title="bbox 2190 5574 3761 5656">
     <span class='ocr_line' id='line_1_111' title="bbox 2190 5574 3761 5656; baseline -0.006 -17"><span class='ocrx_word' id='word_1_897' title='bbox 2190 5589 2314 5648; x_wconf 75' lang='grc' dir='ltr'>τοὺς</span> <span class='ocrx_word' id='word_1_898' title='bbox 2365 5588 2463 5655; x_wconf 83' lang='grc' dir='ltr'>τῆς</span> <span class='ocrx_word' id='word_1_899' title='bbox 2520 5587 2740 5639; x_wconf 78' lang='grc' dir='ltr'>ἐκείνων</span> <span class='ocrx_word' id='word_1_900' title='bbox 2788 5584 3061 5656; x_wconf 77' lang='grc' dir='ltr'>ὑπεροχῆς</span> <span class='ocrx_word' id='word_1_901' title='bbox 3111 5581 3476 5653; x_wconf 80' lang='grc' dir='ltr'>ἡττωμένους,</span> <span class='ocrx_word' id='word_1_902' title='bbox 3525 5584 3620 5634; x_wconf 69' lang='grc' dir='ltr'>καὶ</span> <span class='ocrx_word' id='word_1_903' title='bbox 3656 5574 3761 5631; x_wconf 73' lang='grc' dir='ltr'>οἷον</span> 
     </span>
    </p>
   </div>
   <div class='ocr_carea' id='block_1_112' title="bbox 585 5754 2195 5839">
    <p class='ocr_par' dir='ltr' id='par_1_112' title="bbox 585 5758 2124 5830">
     <span class='ocr_line' id='line_1_112' title="bbox 585 5758 2124 5830; baseline 0.003 -17"><span class='ocrx_word' id='word_1_904' title='bbox 585 5758 632 5791; x_wconf 82' lang='grc'><strong>⁸⁸</strong></span> <span class='ocrx_word' id='word_1_905' title='bbox 664 5758 949 5825; x_wconf 75' lang='lat' dir='ltr'><strong>l‘sul.cut,</strong></span> <span class='ocrx_word' id='word_1_906' title='bbox 992 5761 1071 5816; x_wconf 84' lang='lat' dir='ltr'><strong>l8.</strong></span> <span class='ocrx_word' id='word_1_907' title='bbox 1154 5764 1195 5791; x_wconf 52' lang='grc' dir='ltr'>ἐλ</span> <span class='ocrx_word' id='word_1_908' title='bbox 1221 5764 1322 5816; x_wconf 73' lang='lat' dir='ltr'><strong>lsa.</strong></span> <span class='ocrx_word' id='word_1_909' title='bbox 1359 5777 1505 5822; x_wconf 64' lang='lat' dir='ltr'><strong>uti.</strong></span> <span class='ocrx_word' id='word_1_910' title='bbox 1539 5764 1585 5816; x_wconf 79' lang='grc'><strong>7.</strong></span> <span class='ocrx_word' id='word_1_911' title='bbox 1666 5764 1706 5795; x_wconf 69' lang='grc' dir='ltr'><strong>ε’</strong></span> <span class='ocrx_word' id='word_1_912' title='bbox 1740 5764 1860 5819; x_wconf 73' lang='lat' dir='ltr'><strong>Osc.</strong></span> <span class='ocrx_word' id='word_1_913' title='bbox 1899 5779 2008 5830; x_wconf 60' lang='grc' dir='ltr'>λιν,</span> <span class='ocrx_word' id='word_1_914' title='bbox 2045 5763 2124 5820; x_wconf 87' lang='lat' dir='ltr'><strong>lO.</strong></span> 
     </span>
    </p>
   </div>
   <div class='ocr_carea' id='block_1_113' title="bbox 2094 5754 3704 5839">
    <p class='ocr_par' dir='ltr' id='par_1_113' title="bbox 2094 5754 3704 5839">
     <span class='ocr_line' id='line_1_113' title="bbox 2094 5754 3704 5839; baseline -0.002 -23"><span class='ocrx_word' id='word_1_915' title='bbox 2094 5768 2124 5817; x_wconf 64' lang='grc' dir='ltr'>ν.</span> <span class='ocrx_word' id='word_1_916' title='bbox 2204 5764 2415 5839; x_wconf 70' lang='lat' dir='ltr'><strong>“l‘sal.</strong></span> <span class='ocrx_word' id='word_1_917' title='bbox 2448 5779 2634 5833; x_wconf 76' lang='lat' dir='ltr'><strong>cxvm,</strong></span> <span class='ocrx_word' id='word_1_918' title='bbox 2666 5762 2785 5818; x_wconf 81' lang='grc'>105.</span> <span class='ocrx_word' id='word_1_919' title='bbox 2869 5762 2930 5794; x_wconf 76' lang='grc' dir='ltr'><strong>ε⁶’</strong></span> <span class='ocrx_word' id='word_1_920' title='bbox 2962 5759 3121 5815; x_wconf 84' lang='lat' dir='ltr'><strong>llcbr.</strong></span> <span class='ocrx_word' id='word_1_921' title='bbox 3157 5775 3192 5827; x_wconf 83' lang='grc' dir='ltr'><strong>ι,</strong></span> <span class='ocrx_word' id='word_1_922' title='bbox 3230 5759 3332 5825; x_wconf 80' lang='lat' dir='ltr'><strong>li;</strong></span> <span class='ocrx_word' id='word_1_923' title='bbox 3366 5757 3495 5814; x_wconf 83' lang='lat' dir='ltr'><strong>Luc.</strong></span> <span class='ocrx_word' id='word_1_924' title='bbox 3532 5773 3621 5824; x_wconf 76' lang='lat' dir='ltr'><strong>xv,</strong></span> <span class='ocrx_word' id='word_1_925' title='bbox 3651 5754 3704 5807; x_wconf 74' lang='grc'>7.</span> 
     </span>
    </p>
   </div>
  </div>
