4078 6292
224 374 358 431 1257
1300 372 1307 379 ’
1352 363 1420 418 IN
1460 362 1691 420 ISAIAM
1732 361 1834 418 LIB

1896 362 1962 417 ν.
2005 360 2239 419 TOMUS
2276 360 2362 416 ιιι
3341 354 3494 408 1ἓῇξῇ

226 486 676 558 ὑποκαθημένους
707 480 886 536 αὐτῶν
915 482 1014 552 τὴν
1042 481 1216 546 δόξαν.
1251 481 1443 552 Πέτρα
1460 482 1568 554 γὰρ
1596 483 1656 535 ὲν
1686 483 1808 535 Ἐκ-

1863 485 1881 542 t
1914 494 2177 535 mensura:
2204 490 2259 535 et
2280 478 2478 547 gradus
2534 473 2785 531 honoris.
2817 486 2882 528 ac
2941 470 3364 526 ministeriorum
3390 498 3391 501 η
3423 471 3473 522 in

232 578 486 649 κλησίαις
542 575 650 628 εἰσὶ
700 571 795 626 καὶ
845 570 1010 641 τιμῆς
1064 570 1159 622 καὶ
1200 568 1550 642 λειτουργιῶν
1577 586 1591 600 ο
1634 569 1809 624 ταῦτά

1914 570 2192 627 Ecclesiis.
2227 569 2313 634 Hi,
2342 569 2539 639 inquit,
2564 574 2775 622 montes
2801 563 2901 619 sub
2960 561 3366 630 intelligentiam
3391 576 3482 615 ca-

235 685 369 739 φησι
394 666 462 720 τὰ
487 665 588 736 ὅρη
613 663 683 717 τὰ
709 658 894 731 νοητὰ,
935 660 1031 714 καὶ
1076 660 1174 715 σὺν
1204 660 1386 724 αὐτοῖς
1430 661 1481 714 oi
1514 660 1693 731 βουνοὶ
1720 658 1809 724 ἑξ-

1915 665 2124 730 dentes,
2147 669 2337 717 etcum
2364 661 2468 716 illis
2491 659 2655 715 colles
2698 653 2970 721 exsilient,
2992 652 3045 708 id
3061 662 3163 717 est,
3183 651 3478 714 saltabunt,

238 756 799 823 αλοῦνται,τουτέστιν
809 754 1107 824 ἀνασκιρτή
1115 770 1286 819 σουσι,
1308 753 1563 825 χαίροντα
1574 752 1812 823 δηλονότι

1914 755 2204 824 gaudentes
2233 752 2519 818 videlicet,
2546 758 2771 821 pr0pter
2794 755 3033 802 vestram
3062 743 3475 799 conversionem

239 853 327 906 διὰ
354 852 459 923 τὴν
484 847 638 921 ὑμῶν
666 846 1002 917 ἐπιστροφήν
1041 862 1101 897 τε
1144 844 1240 898 καὶ¹
1267 844 1479 915 κλῆσιν,
1516 846 1611 897 καὶ
1644 862 1814 915 προσ-

1915 854 1967 900 et
2003 845 2358 908 vocationem,
2397 851 2453 897 et
2484 856 2607 896 cum
2630 838 2826 910 gaudio
2873 852 2971 895 vos
3017 835 3303 906 recipient.
3366 831 3481 886 Non

241 920 478 1008 δέξονται
526 920 675 1011 ὑμᾶς
725 938 865 1008 μετά
902 938 1106 1008 χαρᾶς·
1148 934 1558 1006 ὲπιγαννύμεθα
1589 935 1701 1006 γὰρ
1752 935 1812 988 οὐ

1920 935 2059 991 enim
2092 932 2351 989 mediocri
2384 930 2567 987 latitia
2599 929 2887 992 atiicimur,
2931 941 3053 983 cum
3100 924 3266 994 aliqui
3295 937 3484 978 eorum
3521 920 3526 933 ‘

247 1005 499 1104 μετρίως,
528 1005 661 1085 ὅταν
688 1005 833 1093 τινὲς
862 1005 991 1082 των*
1012 1005 1464 1097 πεπλανημένων,
1489 1026 1561 1080 τὸ
1580 1027 1641 1081 ἐν
1657 1005 1829 1097 ἀκλύῖη

1922 1024 2008 1094 qui
2032 1031 2369 1088 erraverunt,
2400 1021 2630 1092 caligine
2642 1030 2700 1077 et
2726 1022 2967 1078 tenebris
2994 1018 3219 1083 relictis,
3248 1015 3316 1069 ad
3342 1026 3487 1067 verae
3529 1005 3532 1013 ’

245 1124 337 1176 καὶ
353 1124 526 1192 σκότῳ
545 1120 809 1175 διατελεῖν
850 1118 932 1171 ἔτι
961 1117 1213 1187 μεθέντες
1232 1154 1247 1180 ,
1304 1118 1437 1189 πρὸς
1463 1108 1533 1172 τὸ
1551 1119 1653 1188 τῆς
1682 1117 1817 1187 ἀληρ.

1924 1116 2014 1170 Dei
2035 1112 2200 1185 785
2219 1112 2691 1184 contemplationis
2739 1112 2914 1167 lucem
2945 1110 3209 1167 emicant.
3267 1104 3358 1161 Sic
3395 1117 3490 1157 eos
3528 1122 3534 1127 κ

245 1209 371 1273 θοῦς
396 1207 648 1271 θεοπτίας
676 1208 893 1264 ἀττουσι
930 1204 1065 1274 φῶς.
1093 1205 1279 1269 Οὕτως
1300 1206 1482 1268 αὐτοῖς
1510 1208 1606 1261 καὶ
1626 1208 1658 1259 ό
1680 1206 1818 1261 πάν-

1928 1203 2079 1261 etiam
2106 1200 2300 1257 aﬂ‘atur
2336 1201 2764 1273 sapientissimus
2785 1199 3006 1267 Paulus,
3034 1199 3224 1254 dicens
3250 1215 3264 1251 :
3312 1214 3331 1246 ι
3354 1194 3494 1248 Gau—
3526 1194 3538 1207 ‘

248 1316 406 1367 σοφος
428 1297 641 1361 Παῦλος
658 1295 1018 1367 προσεφώνει,
1041 1295 1214 1363 λέγων
1235 1313 1248 1327 ⁸
1276 1314 1295 1348 ι
1317 1297 1479 1365 Χαρά
1501 1299 1593 1351 καὶ
1619 1298 1820 1366 στέφα-

1920 1296 2069 1350 dium
2107 1302 2164 1351 et
2189 1308 2389 1350 corona
2432 1306 2551 1348 mea
2567 1295 2635 1347 °'.
2672 1313 2691 1346 ›
2724 1293 2831 1348 Sed
2860 1304 2915 1347 et
2947 1291 3126 1346 omnia
3177 1289 3323 1358 ligna
3352 1285 3492 1354 agri,

248 1388 337 1453 νός
371 1405 495 1459 μου.
521 1405 540 1438 ι
597 1386 750 1442 Ἀλλά
781 1385 881 1445 καὶ⁵
915 1385 1094 1440 πάντα
1121 1386 1191 1440 τὰ
1219 1386 1353 1451 ξύλα
1380 1384 1691 1456 τοῦάγροῦ,
1715 1402 1820 1455 φη-

1923 1385 2120 1454 inquit,
2144 1382 2475 1455 applaudent
2503 1383 2690 1438 ramis.
2713 1381 2884 1453 Ligna
2916 1381 3035 1452 agri
3098 1379 3373 1449 intelliges
3400 1390 3494 1431 eos

252 1481 358 1546 :r‘tv,
382 1480 733 1550 ἐπικρατήσει
750 1481 858 1550 τοῖς
880 1477 1113 1543 κλάδοις.
1132 1479 1243 1533 Καὶ
1266 1478 1403 1546 ξύλα
1417 1480 1629 1551 νοήσεις
1649 1477 1821 1548 ἀγροῦ

1923 1479 2013 1547 qui
2043 1477 2096 1531 in
2126 1474 2654 1546 popuIO‘censentur.
2699 1473 2795 1527 Est
2842 1473 2990 1527 enim
3046 1471 3238 1525 hortus
3302 1468 3497 1523 Serva-

250 1572 379 1635 τοὺς
401 1570 689 1634 τελοῦντας
715 1571 773 1623 ὲν
794 1569 962 1634 λαοῖς.
995 1570 1239 1641 Εὐανθὴς
1263 1571 1371 1641 γὰρ
1397 1569 1497 1623 τοῦ
1523 1570 1772 1641 Σωτῆρος
1794 1571 1823 1621 ὁ

1928 1569 2060 1625 toris
2085 1566 2331 1623 ﬂoridus.
2361 1564 2427 1620 Et
2453 1564 2668 1634 quidem
2699 1564 2928 1620 viridem
2982 1576 3108 1618 esse
3153 1574 3219 1615 ac
3266 1558 3496 1630 frugife-

253 1664 453 1734 κῆπος.
479 1662 593 1717 Καὶ
617 1661 746 1731 γοῦν
777 1661 1006 1732 ἐπείπερ
1041 1662 1187 1716 ἐστὶν
1212 1661 1445 1733 εὐθαλὴς
1498 1678 1555 1715 τε
1601 1661 1697 1715 καὶ
1731 1659 1823 1713 εὖ-

1927 1677 2046 1717 rum
2076 1668 2264 1715 narrat
2323 1655 2554 1728 Sponsa,
2605 1671 2728 1728 quae
2768 1656 2823 1712 in
2872 1655 3098 1711 Cantico
3160 1651 3496 1708 canticorum

254 1771 465 1825 καρπος
516 1755 550 1825 ἡ
597 1755 655 1807 ὲν
686 1752 764 1825 τῷ
797 1754 1034 1825 Ι’ᾼσματι
1072 1753 1181 1807 τῶν
1212 1752 1474 1824 ᾀσμάτων
1505 1751 1823 1824 γραφομένη

1930 1750 2264 1807 describitur
2318 1767 2334 1804 :
2390 1766 2410 1799 ι
2442 1746 2946 1815 Descendat'nepos
2995 1757 3149 1798 meus
3194 1743 3246 1797 in
3283 1740 3499 1796 hortum

256 1847 463 1917 νύμφη,
488 1845 650 1916 φησί·
678 1866 698 1898 ι
718 1845 1025 1916 Καταόήτω
1051 1847 1080 1899 ὁ
1113 1846 1391 1916 ἀδελφιδός
1418 1864 1520 1918 μου
1545 1847 1626 1910 είς
1653 1846 1829 1915 κῆπον
1861 1829 1866 1883 Ῐ

1886 1830 2112 1910 ‘suum,
2160 1854 2220 1898 et
2274 1840 2523 1898 comedat
2578 1838 2815 1895 fructum
2868 1852 3067 1893 nucum
3117 1850 3343 1891 suarum
3370 1832 3436 1885 ⁸⁸.
3475 1848 3496 1883 ι

256 1938 441 2002 αὐτοῦ,
477 1939 573 1993 καὶ
606 1938 824 2008 φαγέτω
851 1937 1062 2013 καρπὸν
1085 1938 1399 2009 ἀκροδρύων
1427 1938 1610 1993 αὐτοῦ.
1638 1958 1661 1991 s
1694 1939 1834 1992 Οὐκ-

1932 1934 2119 2003 ltaque
2139 1934 2284 2005 ligna
2307 1932 2664 2004 intelligibilia
2686 1931 3033 2004 applaudent,
3064 1927 3262 1999 inquit,
3315 1925 3514 1981 ramis.

256 2033 350 2082 οὖν
371 2029 438 2083 τά
471 2029 603 2094 ξύλα
634 2030 702 2084 τά
727 2028 895 2099 νοητά
913 2031 1026 2093 τοῖς
1047 2029 1263 2093 κλάδοις
1284 2032 1652 2102 ὲπικροτήσει,
1678 2030 1830 2100 φησί.

1931 2027 2338 2083 Gaudentenim
2386 2029 2689 2092 credentes,
2719 2040 2828 2083 non
2859 2026 3022 2081 aliter
3052 2022 3306 2080 videlicet
3339 2035 3503 2091 quam

257 2121 654 2193 Χαίρουσιγάρ
692 2122 742 2175 οἰ
781 2122 1187 2187 πιστεύσαντες,
1228 2123 1479 2193 καθάπερ
1509 2123 1697 2194 ἀμέλει
1741 2124 1836 2176 καὶ

1936 2126 2143 2174 montes
2169 2128 2226 2175 et
2253 2119 2453 2185 colles,
2486 2120 2540 2175 id
2573 2126 2680 2188 est,
2706 2117 2797 2188 qui
2860 2125 3105 2189 presuut
3158 2113 3377 2186 pepulo.
3437 2113 3506 2167 de

258 2211 329 2264 τά
356 2212 456 2282 δρη
486 2211 581 2266 κα)⁴
618 2214 667 2266 oi
701 2211 900 2282 βουνοὶ,
929 2212 1226 2278 τουτέστιν,
1258 2213 1310 2265 οἱ
1360 2212 1720 2283 καθηγεῖσθαι
1742 2213 1841 2267 λα-

1936 2209 2107 2265 salute
2142 2225 2329 2266 eorum
2361 2212 2453 2280 qui
2488 2214 2555 2268 ad
2593 2211 2757 2267 vitam
2787 2220 2842 2267 et
2868 2213 2933 2266 ad
2965 2225 3113 2281 pura;
3162 2206 3508 2280 mystagogiae

258 2299 445 2370 χόντες
482 2299 651 2364 λαῶν,
677 2299 772 2354 ἐπὶ
815 2303 881 2370 τῇ
923 2300 1170 2372 σωτηρίᾳ
1215 2300 1325 2353 τῶν
1383 2301 1730 2372 καλουμένων
1757 2304 1838 2365 εἰς

1938 2299 2321 2369 perfectionem
2349 2302 2525 2357 vocati
2550 2310 2697 2368 sunt,
2743 2317 2839 2373 per
2867 2312 3027 2370 quam
3049 2299 3228 2355 tliviua
3279 2298 3385 2352 illis
3413 2296 3521 2351 lux:

261 2389 429 2460 ζωὴν,
460 2391 555 2444 καὶ
581 2390 686 2460 τῆς
709 2389 979 2460 άχράντου
1021 2391 1410 2460 μυσταγωγίας
1440 2394 1521 2456 εἰς
1545 2392 1737 2464 πέρας,
1772 2394 1837 2448 δι’

1938 2389 2178 2462 ati‘ulget.
2214 2390 2352 2447 Fore
2386 2400 2579 2449 autem
2601 2408 2788 2449 eorum
2825 2393 2915 2462 qui
2949 2390 3125 2446 vocati
3159 2399 3285 2444 sunt
3336 2387 3510 2442 maxi-

261 2476 329 2551 ἧς
356 2481 420 2534 τὸ
448 2481 592 2534 θεῖον
616 2482 802 2544 αὐτοῖς
822 2481 1021 2536 ὲνίεται
1051 2483 1187 2552 φῶς.
1228 2480 1361 2537 Εἶτα
1394 2485 1477 2539 ὅτι
1503 2484 1728 2557 πλείστη
1756 2505 1838 2550 τις

1939 2497 2080 2537 niam
2148 2483 2500 2539 mutationem
2577 2485 2645 2540 ad
2700 2485 2752 2539 id
2797 2484 2940 2554 quod
3004 2480 3509 2552 incomparabiliter

266 2569 419 2622 ἕσται
441 2569 549 2622 τῶν
568 2568 921 2641 κεκλημένων
945 2571 1213 2644 μεταϐολὴ
1238 2573 1376 2645 πρὸς
1404 2573 1464 2627 τὸ
1495 2575 1838 2647 ἀσυγκρίτως

1941 2583 2174 2644 praestat,
2199 2576 2439 2631 ostendit
2460 2591 2584 2633 cum
2621 2575 2770 2631 dicit:
2806 2575 2911 2631 Pro
2931 2575 3104 2631 stmba
3138 2574 3243 2629 erit
3264 2571 3507 2644 cyparis-

269 2659 514 2730 ἄμεινον,
541 2659 896 2715 διαδείκνυσιν
917 2660 1079 2725 εὐθὺς
1110 2660 1302 2731 λέγων,
1333 2664 1408 2727 ὡς
1435 2664 1555 2718 ἀντὶ
1578 2666 1674 2736 τῆς
1696 2682 1839 2720 στοι-

1940 2680 2050 2731 sus,
2084 2680 2181 2736 pro
2201 2680 2407 2737 conyza
2433 2674 2639 2722 crescet
2657 2675 2880 2738 myrtus.
2917 2665 3159 2721 Stosbam
3178 2674 3234 2719 et
3249 2678 3510 2735 conyzam

274 2750 377 2816 ϐῆς
410 2750 559 2805 ἔσται
589 2751 943 2821 κυπάρισσος,
965 2753 1086 2806 ἀντὶ
1109 2752 1165 2806 δὲ
1185 2753 1287 2824 τῆς
1318 2754 1555 2826 κονύζης.
1572 2756 1838 2828 ἀναϐήσε-

1942 2771 2156 2812 amaras
2188 2757 2372 2828 spinas
2399 2764 2452 2812 et
2482 2756 2783 2829 rejectitias
2818 2770 2938 2812 esse
2967 2757 3152 2812 dicunt
3194 2772 3208 2809 :
3260 2764 3513 2810 crescunt

275 2855 369 2890 ται
386 2840 641 2912 μυρσίνη.
664 2841 892 2911 Στοιϐὴν
909 2842 1001 2895 καὶ
1025 2841 1258 2907 κόνυζαν
1281 2844 1505 2916 πικρὰς,
1524 2845 1619 2899 καὶ
1637 2847 1839 2918 ἀπροσο

1943 2857 2119 2902 autem
2150 2847 2202 2903 in
2227 2847 2356 2903 locis
2377 2849 2442 2903 ad
2476 2847 2858 2917 agriculturam
2889 2862 2995 2904 non
3011 2845 3395 2910 accommodis,
3415 2844 3514 2900 sed

273 2929 503 3000 ϐλήτους
528 2929 633 3002 [αι.
661 2931 1023 3004 ἀποϐλήτους]
1045 2933 1286 2997 ἀκάνθας
1315 2930 1456 2988 εἷναί
1483 2952 1666 3004 φασιν,
1698 2937 1842 2990 ὲντεσ

1946 2948 2090 2991 terra
2132 2937 2334 2992 inculta
2367 2950 2422 2996 et
2462 2940 2799 3011 salsuginosa
2853 2938 3108 3007 gaudent.
3167 2935 3327 2991 Tales
3390 2943 3513 2990 sunt

275 3017 469 3089 θήλασι
498 3020 554 3072 δὲ
598 3021 818 3092 χωρίοις
852 3021 950 3091 μὲν
1000 3025 1108 3087 τοῖς
1139 3024 1243 3078 ὑπὸ
1273 3024 1841 3096 γηπόνουςρύδαμῶς,

1945 3029 2037 3094 qui
2095 3040 2300 3099 errant,
2356 3041 2411 3088 ct
2463 3044 2770 3088 creaturam
2842 3046 2954 3099 pra:
3002 3030 3263 3085 Creatore
3304 3026 3511 3082 colunt.

273 3110 456 3220 Ξέρσῳ
483 3111 540 3164 δὲ
589 3113 705 3220 καὶ,
734 3112 933 3183 ἀλμάδι
988 3114 1234 3185 χαίρουσι
1273 3117 1363 3185 γῇ.
1421 3116 1661 3170 Τοιοῦτοί
1700 3135 1844 3183 τινες
1874 3169 1883 3214 1

1906 3165 1915 3216 ι
1950 3119 2233 3191 Postquam
2269 3132 2448 3177 autem
2486 3122 2662 3178 vocati
2693 3131 2819 3177 sunt
2850 3125 2917 3176 ad
2947 3121 3279 3192 agnitionem
3316 3117 3516 3173 verita-

272 3199 416 3272 ἧσαν
450 3205 499 3257 οἱ
535 3203 907 3274 πλανώμενοι,
963 3207 1055 3259 καὶ
1091 3210 1157 3278 τῇ
1188 3210 1361 3262 κτίσει
1403 3210 1553 3282 παρά
1606 3210 1698 3265 τὸν
1732 3199 1882 3265 κτί-’

1908 3199 1915 3216 ¹
1951 3212 2040 3277 tis,
2071 3214 2245 3268 stmba
2271 3222 2326 3268 et
2345 3227 2553 3284 couyza
2583 3227 2704 3269 esse
2740 3212 3030 3277 desinunt,
3065 3226 3129 3267 ac
3156 3218 3387 3281 vergunt
3434 3208 3518 3262 in-

273 3312 444 3348 σαντα
468 3295 839 3369 λατρεύοντεςἲ
885 3297 1099 3368 Ἐπειδὴ
1148 3297 1203 3351 δὲ
1231 3298 1520 3368 κέκληνται
1555 3301 1690 3370 πρὸς
1730 3301 1848 3354 ἐπί-

1951 3302 2296 3377 telligibiliter
2349 3305 2399 3358 in
2424 3318 2707 3373 ,proceras
2745 3314 2799 3360 et
2838 3303 3234 3375 pulcherrimas
3275 3300 3517 3354 arbores.

270 3402 472 3454 γνωσιν
495 3386 771 3457 ἀληθείας,
787 3387 1014 3457 ἀφέντες
1031 3388 1093 3442 τὸ
1121 3383 1257 3444 εἶναι
1280 3391 1489 3463 στοίὸη,
1511 3394 1605 3446 καὶ
1628 3393 1845 3458 κόνυζα,

1954 3391 2083 3448 Nam
2123 3397 2434 3466 cyparissus
2466 3405 2841 3467 nuncupantur
2893 3405 2952 3451 et
3002 3404 3230 3466 myrtus.
3266 3392 3519 3462 Magnum

273 3480 769 3550 μετακεχωρήκασι
801 3480 1008 3553 νοητῶς
1038 3484 1117 3547 είς
1147 3484 1214 3537 τά
1246 3485 1463 3555 εὐμήκη
1494 3485 1588 3538 καὶ
1619 3485 1851 3556 εὐοσμό-

1953 3480 2140 3549 itaque
2167 3490 2252 3536 est
2283 3481 2600 3538 miraculum
2646 3482 2762 3551 eius
2793 3484 2885 3554 qui
2914 3482 3048 3539 colit
3100 3480 3417 3537 Ecclesiam.
3467 3474 3525 3532 id

270 3583 408 3620 τατα
446 3566 557 3619 τῶν
585 3568 789 3637 φυτῶν.
825 3571 1239 3642 Χρηματίζυυσι
1265 3573 1374 3645 γὰρ
1392 3572 1731 3644 κυπάρισσος
1758 3574 1853 3629 καὶ

1952 3579 2054 3638 est,
2101 3572 2321 3628 Christi.
2379 3573 2705 3646 Transponit
2754 3577 2903 3632 enim
2958 3576 3143 3647 spinas
3211 3576 3263 3629 in
3319 3571 3525 3628 nobiles

272 3658 538 3728 μυρσίνη.
573 3659 732 3728 Μέγα
750 3659 927 3715 τοίνυν
955 3661 1016 3715 τὸ
1043 3662 1227 3733 θαῦμα
1252 3663 1344 3717 τοῦ
1366 3664 1731 3734 γηπονοῦντος
1754 3665 1853 3738 τὴν

1955 3674 2008 3718 et
2046 3672 2363 3732 praestantes
2392 3667 2637 3735 arbores,
2664 3675 2720 3723 et
2759 3668 2896 3724 alias
2943 3682 3010 3724 ex
3042 3668 3162 3722 aliis
3192 3666 3320 3721 facit
3364 3664 3525 3734 spiri-

283 3745 640 3819 Ἐικλησίαν,
672 3752 939 3818 τουτέστι,
977 3754 1072 3808 τοῦ
1115 3755 1375 3825 Χριστοῦ.
1407 3755 1713 3827 Μεθίστησι
1747 3756 1855 3825 γὰρ

1959 3754 2194 3810 tualiter.
2221 3757 2337 3813 Hoc
2373 3757 2569 3814 factum
2606 3773 2733 3814 esse
2772 3760 3108 3816 inveniemus
3136 3758 3187 3812 in
3245 3755 3525 3811 lsraelit‘is.

267 3839 368 3903 τὰς
400 3840 652 3904 ἀκάνθας
679 3844 758 3906 εἰς
785 3843 853 3897 τὰ
876 3845 1071 3916 εὐγενῆ
1100 3848 1194 3899 καὶ
1219 3847 1471 3915 ἐξαίρετα
1496 3847 1605 3900 τῶν
1650 3847 1854 3916 φυτῶν,

1970 3843 2258 3901 Matth-mus
2284 3848 2427 3901 enim
2457 3859 2512 3902 et
2538 3850 2755 3913 Paulus,
2786 3865 3015 3919 quorum
3044 3850 3135 3903 ille
3188 3848 3526 3916 publicanus,

269 3931 361 3984 καὶ
405 3931 638 4003 ἐτέρους
684 3933 799 3989 ἀνθ’
839 3936 1042 4007 ἐτέρων
1070 3928 1362 4006 ἀποφαίνει
1411 3938 1693 4010 πατρικῶς
1730 3936 1853 4009 [γρ.

1963 3936 2050 3989 hic
2077 3946 2394 4005 persecutor
2425 3948 2480 3992 ct
2507 3938 2670 3995 fcrox-
2699 3949 2838 4007 erat,
2869 3955 2989 3994 cum
3021 3948 3204 3994 essent
3254 3937 3527 4008 quondam

264 4025 709 4098 πνευματικῶςΙ.
742 4028 1062 4100 Εὑρήσομεν
1108 4029 1166 4082 δὲ
1215 4030 1365 4083 τουτὶ
1423 4029 1641 4099 γεγονὸς
1679 4030 1774 4085 καὶ
1801 4032 1859 4083 ὲν

1963 4030 2139 4085 stoeba
2165 4038 2219 4085 et
2245 4045 2471 4101 conyza,
2501 4032 2623 4087 Facti
2666 4042 2790 4087 sunt
2821 4033 2984 4089 totius
3032 4031 3179 4087 orbis
3204 4030 3416 4098 publica
3450 4029 3527 4082 lu-

266 4113 379 4178 τοῖς
412 4114 473 4180 ἐξ
505 4113 737 4183 αἵματος
775 4117 1009 4189 Ἰσραήλ.
1030 4118 1221 4188 Στοιϐὴ
1248 4118 1357 4189 γὰρ
1375 4118 1528 4183 ὄντες
1550 4120 1641 4173 καὶ
1661 4118 1861 4184 κόνυζά

1963 4122 2128 4187 mina,
2159 4131 2216 4176 et
2239 4121 2522 4177 Christum
2567 4127 2618 4177 in
2657 4125 2803 4178 omni
2854 4123 2995 4190 loco,
3038 4122 3231 4176 tumin
3278 4120 3529 4182 servatis,

274 4220 406 4255 ποτε
446 4205 732 4269 Ματοαίος
763 4207 854 4259 καὶ
882 4206 1112 4271 Παῦλος·
1158 4208 1188 4259 ό
1226 4209 1323 4279 μὲν
1356 4210 1463 4278 γὰρ
1492 4203 1561 4278 ἦν
1605 4208 1857 4279 τελώνης,

1965 4219 2074 4265 tum
2133 4212 2185 4266 in
2228 4212 2456 4282 perditis
2537 4214 2802 4279 redolent,
2856 4214 3307 4284 quemadmodum
3360 4212 3531 4282 inquit

272 4298 302 4347 ό
339 4295 397 4348 δὲ
450 4296 692 4366 διώκτης
750 4298 843 4352 καὶ
890 4299 1180 4370 ὑϐριστής·
1241 4300 1524 4370 φωστῆρες
1573 4299 1861 4369 γεγόνασιν

1962 4301 2163 4356 Paulus
2186 4303 2564 4357 sanctissimus
2576 4304 2667 4358 ⁸⁸⁸.
2693 4305 2845 4373 Quod
2877 4315 3053 4362 autem
3081 4305 3318 4360 onmium
3342 4305 3529 4359 borum

272 4390 674 4462 οἱκουμενικοὶ,
730 4392 821 4445 καὶ
876 4391 1108 4461 Χριστὸν
1163 4390 1548 4454 εὐωδιάζουσιν
1590 4393 1650 4443 ὲν
1699 4391 1862 4444 παντὶ

1964 4392 2339 4461 suppeditator
2367 4408 2429 4448 ac
2455 4394 2680 4464 largitor
2731 4405 2929 4451 acterna
2978 4396 3147 4466 gloria
3189 4404 3243 4451 et
3300 4394 3532 4448 nominis

274 4482 444 4552 τόπῳ,
475 4482 539 4536 ἓν
570 4498 629 4533 τε
660 4484 772 4545 τοῖς
802 4481 1147 4553 σωζομένοις,
1195 4482 1289 4535 καὶ
1318 4483 1375 4534 ὲν
1394 4483 1509 4544 τοῖς
1553 4481 1861 4551 ἀπολλυμέ-

1921 4483 2322 4561 ,perpetuitate
2379 4482 2450 4537 sit
2509 4482 2799 4553 petiturus,
2851 4484 3012 4538 docet
3064 4498 3187 4538 cum
3250 4481 3376 4536 ait:
3421 4478 3531 4533 Erit

275 4589 409 4635 νοις,
444 4571 598 4626 καθά
628 4588 790 4642 φησιν
817 4575 845 4625 ὁ
871 4573 1160 4644 ἱερώτατος
1185 4571 1546 4635 Παύλος.“υτι
1580 4571 1637 4625 δὲ
1682 4573 1711 4624 ὁ
1737 4572 1860 4624 τού-

1974 4573 2230 4627 Dominus
2257 4574 2309 4628 in
2341 4589 2536 4630 nomen
2565 4575 2695 4630 etin
2746 4575 2958 4645 signum
3014 4574 3423 4643 sempiternum,
3484 4581 3534 4626 et

274 4679 384 4715 των
422 4664 649 4716 πάντων
700 4665 932 4734 χορηγὸς
983 4665 1078 4719 καὶ
1133 4664 1397 4735 πρύτανις
1431 4665 1491 4717 ἐν
1522 4663 1861 4732 ἀτελευτήτῳ

1971 4677 2076 4716 ηοιι
2125 4663 2355 4719 deﬁciet.
2389 4663 2595 4721 Nomen
2630 4665 2716 4720 hic
2772 4677 2930 4720 vocat
2979 4665 3252 4735 gloriam;
3302 4664 3534 4731 signum,

277 4754 525 4808 κείσεται
550 4752 678 4825 δόξῃ
696 4755 787 4809 καί
811 4755 1060 4827 διαμονῇ,
1085 4756 1325 4810 διδάσκει
1354 4754 1547 4824 λέγων,
1569 4756 1651 4809 ὅτι
1668 4753 1861 4807 Ἔσται

1968 4763 2026 4808 nt
2055 4770 2154 4826 ego
2183 4757 2395 4824 quidem
2429 4758 2838 4825 censeo,crucis
2861 4758 3222 4828 Splendorem,
3254 4770 3348 4824 per
3378 4768 3535 4822 quam

277 4845 488 4916 Κύριος
525 4846 611 4909 εἰς
637 4845 825 4916 ὄνομα,
860 4849 951 4901 καὶ
983 4849 1061 4911 εἰς
1100 4849 1325 4917 σημεῖον
1366 4845 1602 4911 αἰώνιον,
1634 4845 1727 4899 καὶ
1762 4847 1862 4898 ούκ

2000 4847 2129 4899 tiam
2149 4848 2345 4901 servati
2378 4863 2583 4913 sumus,
2612 4848 2667 4902 in
2691 4844 2793 4917 qua
2824 4849 2985 4902 etiam
3014 4846 3215 4917 iugiter
3246 4857 3534 4915 permane-
3595 4876 3603 4911 ,

276 4938 550 5008 ἐκλείψει·
583 4937 752 5009 ὄνομα
778 4940 836 4993 δέ
869 4957 1032 5011 φησιν
1066 4941 1122 4991 ἐν
1159 4938 1366 5001 τούτοις
1399 4937 1496 5008 τὴν
1530 4936 1686 5002 δόξαν
1708 4975 1722 4997 ,
1765 4953 1862 5004 ση-

1967 4936 2164 4991 bimus.
2196 4934 2480 5005 Nunquam
2505 4938 2648 4992 enim
2679 4937 2794 5007 ejus
2822 4938 2995 5008 gratia
3020 4937 3128 4992 ullo
3147 4944 3390 5005 tempore
3443 4940 3535 4986 aut

279 5031 431 5100 μεῖον
464 5030 544 5096 δὲ,
578 5030 653 5095 ὥς
683 5049 747 5101 γε
800 5026 974 5102 οἶμαι,
997 5031 1096 5102 τὴν
1124 5029 1213 5084 διὰ
1251 5027 1485 5099 σταυροῦ
1510 5025 1862 5096 φαιδρότητα,

901 5049 974 5096 αι,
997 5031 1096 5102 τὴν
1124 5029 1213 5084 διὰ
1251 5027 1485 5099 σταυροῦ
1510 5025 1862 5096 φαιδρότητα,
1970 5028 2128 5083 modo
2160 5042 2258 5082 nos
2280 5028 2511 5084 deﬁciet.

273 5122 343 5176 δι’
371 5113 435 5176 οὗ
464 5123 563 5177 καὶ
603 5121 925 5194 σεσώσμεθα
952 5162 968 5186 ,
1020 5120 1256 5189 ἐσόμεθα
1325 5119 1377 5171 δὲ
1419 5115 1806 5184 ἀκαταλήκτως
1875 5114 1931 5165 ἐν
1968 5115 2161 5185 τούτῳ.
2207 5118 2476 5189 Ἐκλείψιι
2520 5124 2629 5193 γὰρ
2658 5127 2786 5195 ἡμῖν
2815 5123 2847 5193 ἡ
2881 5124 3009 5191 παρ’
3037 5118 3203 5173 αὑτοῦ
3232 5118 3391 5186 χάρις
3420 5110 3535 5163 κατ’

276 5220 474 5274 οὐδένα
496 5218 688 5288 καιρὸν
712 5219 746 5288 ἢ
775 5218 997 5288 τρόπον.

802 5353 1034 5407 ΤυΜΟΣ
1089 5350 1350 5404 ΤΡΙΤΟΣ.
2348 5342 2412 5412 71

2348 5342 2513 5413 736
2551 5342 2785 5398 TOMUS
2820 5341 3161 5413 annuus.

366 5493 514 5547 Ὶάδε
553 5489 717 5559 λέγει
746 5492 986 5559 Κύριος·
1022 5488 1419 5544 Φυλάσσεσθε
1450 5485 1670 5550 κρίσιν,
1696 5478 1867 5545 ποιή-

2044 5480 2171 5534 CAP.
2202 5478 2334 5533 LVI.
2368 5477 2527 5535 Vens.
2565 5481 2614 5534 I.
2651 5478 2775 5533 Ηαέ
2799 5477 2924 5531 dicit
2950 5476 3203 5530 Dominus
3238 5472 3552 5527 :Custodi/e

282 5602 437 5639 σίιτε
468 5582 891 5651 δικαιοσύνην.
920 5585 1159 5653 "Hryth
1186 5582 1291 5652 γὰρ
1322 5580 1388 5634 τὸ
1421 5578 1714 5646 σωτήριόν
1752 5592 1864 5643 μου

1966 5572 2271 5639 judicium,
2332 5571 2486 5641 facile
2543 5571 2826 5640 justitiam.
2897 5566 3334 5638 Appropinquavit
3402 5566 3540 5616 enim

360 5768 403 5797 ε’
445 5762 644 5831 Philip.
680 5779 750 5831 ιν,
791 5765 838 5818 I’.
916 5762 958 5793 ⁸⁷³
991 5762 1147 5819 Cant.
1181 5780 1232 5832 ν,
1271 5764 1289 5816 1
1367 5751 1431 5781 ²⁸⁹
1503 5760 1539 5813 II
1571 5760 1692 5813 Cur.
1733 5772 1791 5819 ll,
1833 5757 1911 5809 IG.
