4092 6296
556 406 578 463 1
590 408 693 463 239

1547 408 1604 462 s.
1646 405 1917 464 cmeLt
1953 402 2422 461 ALEXANDRINI
2461 400 2639 458 ARCl‘.
2749 379 2758 385 ’

3670 392 3823 445 1930

558 505 794 558 salutare
838 521 1004 559 meum
1075 514 1130 557 ut
1189 503 1380 568 veniat,
1410 515 1457 559 et
1491 504 1858 559 misericordia
1887 521 2031 570 mea,
2067 514 2122 558 ut

2251 501 2668 572 ταραγενέσθαι
2691 540 2705 561 ,
2757 497 2855 550 καὶ
2907 495 2972 548 τὸ
3026 491 3200 556 ἔλεός
3271 508 3387 562 μου
3449 490 3822 556 ἁποκαλυςοο

559 595 777 664 pateﬁat
789 633 804 649 .

629 684 706 738 De
734 683 969 754 gentium
1018 685 1302 740 vocatione
1371 700 1467 754 per
1537 686 1718 752 ﬁdem,
1776 687 2028 744 videlicet
2071 689 2127 744 in

557 774 792 840 Christo,
841 775 1080 842 pluribus
1130 775 1308 832 verbis
1356 777 1468 847 egit
1524 778 1578 832 in
1628 780 1787 848 paulo
1837 780 2130 850 superiori-

558 867 662 922 bus
703 886 715 921 :
766 882 873 936 quo
911 870 1178 934 confec:o,
1209 871 1402 926 transit
1427 871 1620 926 iterum
1655 873 1723 926 ad
1753 872 2130 929 commonefa-

558 956 806 1022 ciendum
842 957 1132 1014 lsraelitas.
1182 958 1384 1014 Natura
1409 961 1552 1017 enim
1579 963 1750 1018 bonus
1775 964 1913 1019 Deus
1942 978 2133 1020 omnes

559 1047 805 1104 homines
839 1049 950 1102 vult
985 1051 1165 1106 salvos
1200 1049 1337 1118 ﬁeri,
1383 1060 1437 1107 et
1472 1054 1537 1108 ad
1568 1054 1899 1124 agnitionem
1925 1055 2129 1110 verita-

562 1139 630 1194 tis
653 1142 840 1197 venire
861 1140 975 1197 “".
1013 1142 1276 1209 Quoniam
1305 1153 1489 1200 autem
1525 1145 1772 1202 solebant
1801 1156 2022 1216 propter
2046 1161 2134 1201 no-

561 1227 823 1285 bilitatem
850 1241 1062 1300 patrum
1099 1230 1446 1302 supercilium
1492 1232 1699 1298 tollere,
1727 1242 1781 1289 et
1805 1235 1908 1290 hac
1934 1234 2046 1290 sola
2066 1235 2135 1292 de

563 1333 721 1374 causa
743 1320 909 1376 altum
940 1337 1149 1391 sapere,
1179 1332 1233 1379 et
1254 1324 1378 1392 quia
1412 1324 1514 1379 hoc
1547 1325 1650 1380 sibi
1677 1326 1945 1394 putabant
1992 1327 2129 1383 satis

562 1420 701 1474 esse,
733 1411 946 1465 etiamsi
993 1412 1136 1466 nulla
1179 1413 1357 1483 probae
1392 1413 1513 1468 vita:
1547 1414 1662 1469 laus
1712 1415 1952 1470 eluceret
1978 1456 1992 1480 ,
2039 1431 2135 1471 co-

567 1508 723 1553 natur
775 1504 1002 1568 probare
1038 1503 1250 1559 inanem
1280 1504 1397 1560 fere
1445 1505 1552 1560 illis
1609 1505 1831 1562 omnino
1886 1507 1940 1561 in
1987 1507 2137 1564 hisce

569 1589 725 1644 rebus
757 1601 1020 1646 tumorem
1046 1614 1058 1649 :
1088 1595 1179 1650 sed
1202 1609 1297 1652 eos
1329 1597 1484 1652 docet
1509 1596 1873 1652 excellentem
1907 1598 2135 1668 gloriam

569 1683 846 1751 consequi,
880 1685 974 1755 qui
999 1700 1062 1740 ea
1104 1701 1221 1756 qua:
1271 1687 1509 1757 injuneta
1566 1698 1714 1752 sunt,
1742 1701 2136 1760 exsequuntur,

569 1772 693 1826 etin
724 1775 886 1829 factis
916 1777 1253 1844 splendorem
1314 1779 1577 1835 ambiunt.
1617 1779 1900 1837 Custodite
1954 1782 2135 1851 igitur,

2233 593 2429 661 Gﬁrau

2299 684 2434 754 Περὶ
2461 684 2561 753 τῆς
2582 680 2689 734 τῶν
2710 678 2880 732 ἐθνῶν
2908 677 3152 749 κλήσεως
3190 675 3291 744 τῆς
3322 673 3410 727 διὰ
3431 671 3689 735 πίστεως,
3709 669 3818 738 δη-

2229 774 2401 827 λονότι
2429 771 2530 842 τῆς
2557 773 2614 825 ὲν
2643 769 2886 840 Χριστῷ,
2918 767 3158 838 μακροὺς
3193 764 3487 836 πεποίηται
3527 763 3720 830 λόγους
3755 763 3821 813 ἐν

2230 864 2342 927 τοῖς
2367 863 2559 916 ἀνόπιν
2584 861 2780 932 βραχὺ,
2812 858 3147 927 διαπεράνας
3164 857 3220 908 δὲ
3234 853 3392 907 τοῦτο
3414 852 3620 924 μέτεισι
3650 851 3824 905 πάλιν

2232 956 2324 1008 ἐπὶ
2355 953 2416 1008 τὸ
2451 954 2648 1024 χρῆναι
2696 950 2965 1004 νουθετεῖν
2990 949 3117 1012 τοὺς
3161 946 3220 1011 ἐξ
3274 945 3511 1015 αἵματος
3572 941 3826 1014 Ἰσραήλ.

2232 1045 2394 1098 Φύσει
2425 1043 2534 1114 γὰρ
2565 1042 2828 1113 ὑπάρχων
2856 1039 3060 1109 ἀγαθὸς
3093 1040 3298 1100 πάντας
3327 1033 3646 1106 ἀνθρώπους
3671 1034 3826 1088 θέλει

2238 1137 2495 1207 σωθῆναι,
2528 1136 2620 1189 καὶ
2647 1136 2727 1198 εἰς
2759 1133 3054 1202 ἐπίγνωσιν
3085 1129 3340 1200 ἀληθείας
3360 1128 3553 1182 ἐλθεῖν.
3597 1127 3826 1195 Ἐπειδὴ

2234 1230 2291 1283 δὲ
2313 1225 2382 1300 ἦν
2415 1227 2535 1293 ἔθος
2548 1228 2730 1291 αὐτοῖς
2761 1227 2854 1279 ἐπὶ
2880 1227 2947 1296 τῇ
2992 1224 3102 1278 τῶν
3149 1221 3404 1291 πατέρων
3436 1219 3691 1289 εὐγενείᾳ
3719 1219 3827 1288 τὴν

2237 1321 2409 1392 ὀφρὺν
2426 1319 2696 1390 ἀνασπᾷν,
2715 1317 2808 1371 καὶ
2836 1316 2980 1387 μέγα
3002 1314 3240 1385 φρονεῖν,
3263 1311 3349 1364 ἐπ’
3375 1309 3522 1381 αὐτῷ
3537 1309 3600 1380 δὴ
3621 1310 3823 1378 τούτῳ,

2237 1414 2334 1467 καὶ
2365 1413 2532 1483 μόνῳ,
2575 1409 2670 1464 καὶ
2697 1407 3031 1478 ἀποχρήσειν
3064 1405 3248 1466 αὐτοῖς
3277 1401 3483 1456 οἴεσθαι
3514 1399 3694 1462 ταυτὶ,
3725 1401 3829 1452 καὶ

2239 1505 2288 1556 εἰ
2316 1505 2388 1574 μὴ
2432 1503 2590 1575 μετὸν
2618 1501 2791 1573 ὁρῷτο
2809 1497 2911 1568 τῆς
2935 1497 3170 1561 εὐζωῖας
3193 1497 3256 1548 τὸ
3291 1492 3571 1564 καύχημα,
3622 1493 3826 1562 πειρᾶ-

2237 1613 2328 1649 ται
2357 1595 2745 1666 πληροφορεῖν,
2786 1592 2861 1656 ὡς
2885 1592 3094 1644 εἰκαῖον
3141 1589 3323 1650 αὐτοῖς
3357 1586 3509 1640 ἔσται
3546 1584 3829 1645 παντελῶς

2239 1687 2300 1741 τὸ
2334 1689 2426 1741 ἐπὶ
2470 1687 2651 1756 τούτῳ
2700 1685 2949 1754 φύσημα,
3000 1681 3155 1746 δόξαν
3186 1680 3242 1733 δὲ
3286 1679 3485 1748 μᾶλλον
3534 1675 3832 1744 ἀποφαίνει

2240 1779 2500 1850 λαχόντας
2532 1777 2829 1849 θεοπρεπῆ,
2854 1774 2915 1828 τὸ
2948 1771 3188 1843 πληροῦν
3215 1770 3429 1823 ἑλέσθαι
3449 1768 3515 1822 τὰ
3539 1768 3833 1832 διατεταγ-

569 1864 765 1932 inquit,
793 1866 1078 1933 judicium,
1111 1869 1162 1923 id
1195 1877 1298 1933 est,
1329 1881 1536 1924 rectum
1591 1870 1875 1939 judicium,
1915 1873 1997 1926 vel
2053 1873 2136 1928 di-

2251 1871 2395 1941 μένα,
2449 1870 2542 1924 καὶ
2573 1870 2634 1922 τὸ
2679 1869 2778 1939 τὴν
2819 1868 2876 1920 ἐν
2913 1866 3094 1937 ἔργοις
3130 1861 3466 1932 φαιδρότητα
3515 1859 3836 1929 μεταποιεῖ-

571 1955 695 2006 vina
743 1955 966 2023 judicia,
1029 1957 1236 2018 scilicet
1289 1961 1562 2016 mandata.
1618 1961 1802 2018 Facite
1851 1963 2138 2034 justitiam.

572 2040 688 2094 Non
718 2045 860 2098 enim
892 2046 1049 2101 modo
1063 2047 1259 2103 divinis
1293 2048 1496 2119 legibus
1513 2050 1649 2105 velle
1670 2052 1950 2107 adhaerere
2009 2054 2141 2110 satis

570 2139 673 2194 est,
706 2141 760 2187 et
793 2147 824 2186 a
856 2135 1146 2203 praestandi
1181 2153 1243 2192 ac
1272 2139 1587 2208 perficiendi
1625 2140 1801 2198 oﬂicio
1839 2142 2137 2210 discedere,

571 2224 666 2277 sed
723 2234 935 2294 oportet
992 2241 1154 2296 porro
1203 2244 1482 2290 sacrorum
1525 2230 1855 2300 iudiciorum
1893 2236 2145 2290 custodes

577 2327 860 2382 apparere,
904 2325 958 2369 el.
986 2319 1130 2374 omni
1164 2321 1426 2375 bonorum
1450 2334 1674 2390 Operum
1703 2337 1901 2393 genere
1963 2325 2143 2381 excel-

577 2405 707 2458 lere.
742 2403 821 2460 Ne
846 2420 973 2460 vero
999 2407 1121 2476 quis
1153 2417 1398 2478 nostrum
1431 2416 1582 2478 putet
1623 2411 1705 2466 his
1736 2413 1916 2491 verbis
1969 2411 2146 2469 Israe-

576 2492 698 2546 litas
713 2492 778 2547 ad
806 2492 1241 2550 observationem
1269 2496 1422 2566 legis,
1440 2512 1559 2567 quae
1583 2498 1634 2551 in
1661 2499 1870 2554 umbris
1886 2499 2143 2553 nimirum

575 2584 676 2638 sita
731 2594 816 2640 est
854 2593 908 2640 et.
959 2586 1012 2640 in
1068 2589 1226 2658 typis,
1289 2587 1513 2643 excitari
1561 2607 1576 2643 :
1617 2589 1948 2658 justiﬁcatur
2004 2591 2146 2646 enim

581 2690 740 2730 nemo
786 2676 843 2731 in
892 2677 1012 2747 lege
1057 2679 1196 2747 apud
1248 2680 1438 2747 Deum,
1465 2681 1916 2750 quemadmodum
1954 2682 2150 2738 Paulus

577 2764 666 2819 ille
691 2774 772 2820 ter
804 2767 1038 2836 optimus
1067 2769 1379 2838 scripsit":
1409 2785 1577 2838 prope
1606 2785 1727 2827 esse
1755 2772 1886 2826 dicit
1915 2773 2152 2830 salutare

579 2871 762 2922 suum,
797 2866 852 2925 et
887 2859 1310 2916 misericordiam
1336 2863 1790 2932 patefaciendam.
1839 2865 2149 2924 Misericor-

581 2949 722 3002 diam
757 2959 810 3004 et
841 2951 1081 3008 salutare
1102 2967 1261 3013 vocat
1289 2955 1562 3011 Christum
1596 2976 1609 3012 :
1638 2973 1737 3028 per
1773 2958 1949 3026 ipsum
2004 2960 2149 3015 enim

575 3039 1010 3096 misericordiam
1055 3044 1234 3114 adepti
1300 3061 1509 3114 sumus,
1555 3058 1609 3103 et
1667 3050 2041 3104 remissionem
2085 3066 2151 3107 ac

577 3131 807 3188 salutem
839 3149 934 3204 per
969 3137 1126 3192 ﬁdem
1151 3137 1343 3192 lucrati
1370 3158 1383 3193 :
1420 3137 1608 3195 Simile
1640 3154 1760 3196 esse
1785 3141 2016 3198 dicimus
2053 3143 2154 3198 hoc

2245 1962 2368 2015 σθαι
2401 1961 2595 2031 φιλεῖν.
2630 1959 2838 2013 Οὐκοῦν
2878 1956 3239 2027 φυλάσσεσθε,
3270 1954 3423 2026 φησὶ,
3449 1952 3650 2022 κρίσιν,
3671 1967 3840 2002 τουτ-

2244 2055 2380 2117 ἐστι,
2401 2053 2498 2123 τὴν
2519 2051 2892 2124 όρθοκρισίαν,
2916 2051 3035 2120 ἦτοι
3058 2048 3125 2102 τὰ
3150 2049 3270 2102 θεῖα
3295 2045 3562 2118 κρίματα,
3590 2040 3753 2111 δῆλον
3774 2039 3838 2092 δὲ

2243 2145 2323 2197 ὅτι
2351 2141 2450 2205 τὰς
2475 2142 2714 2205 ἐντολάς.
2753 2141 2962 2194 Ποιεῖτε
2985 2137 3351 2207 δικαιοσύνηνο
3378 2135 3440 2188 οὑ
3473 2132 3581 2204 γὰρ
3606 2132 3836 2202 ἀρκέσει

2249 2235 2406 2305 μόνον
2438 2233 2500 2287 τὸ
2529 2233 2817 2303 βούλεσθαι
2850 2233 2950 2300 μὲν
2991 2233 3102 2294 τοῖς
3147 2229 3314 2290 θείοις
3357 2224 3714 2297 προσκεῖσθαι
3746 2223 3840 2276 νό-

2249 2339 2388 2391 μοις,
2417 2322 2716 2392 ἀποφοιτᾷν
2742 2321 2797 2373 δὲ
2829 2319 2924 2373 τοῦ
2960 2319 3160 2390 χρῆναι
3191 2315 3565 2387 διαπεραίνειν
3594 2313 3797 2372 αὐτούς
3820 2327 3834 2340 ·

2245 2413 2325 2466 δεῖ
2352 2413 2409 2466 δὲ
2433 2411 2679 2482 φύλακας
2702 2412 2931 2483 ὁρᾶσθαι
2957 2411 3064 2464 τῶν
3085 2409 3244 2481 ἱερῶν
3269 2407 3577 2478 χριμάτων,
3610 2404 3841 2474 διαπρέ-

2247 2523 2368 2559 πειν
2394 2523 2453 2558 τε
2483 2505 2618 2574 πρὸς
2642 2503 2816 2574 τούτῳ
2845 2502 2933 2557 διὰ
2977 2502 3158 2574 πάσης
3207 2497 3597 2570 ἀγαθουργίας.
3630 2495 3746 2550 Ἰνα
3779 2496 3841 2550 δὲ

2252 2599 2323 2667 μή
2365 2613 2449 2659 τις
2472 2595 2650 2667 οἴηται
2679 2596 2787 2649 τῶν
2811 2595 2930 2648 καθ’
2972 2595 3122 2664 ἡμᾶς
3158 2594 3249 2646 ἐπὶ
3281 2592 3378 2663 τὴν
3418 2590 3514 2644 τοῦ
3548 2590 3719 2660 νόμου
3745 2590 3841 2660 τή-

2252 2705 2427 2760 ρησιν,
2464 2689 2562 2759 τὴν
2584 2689 2660 2752 ὡς
2699 2689 2757 2740 ἕν
2782 2689 2846 2755 γέ
2877 2705 3019 2758 φημι
3047 2687 3227 2750 σκιαῖς
3269 2703 3326 2740 τε
3374 2685 3469 2737 καὶ
3497 2683 3691 2746 τύποις
3733 2699 3838 2735 πα-

2252 2779 2583 2850 ραθήγεσθαι
2625 2779 2712 2832 διὰ
2761 2778 2967 2832 τούτων
3001 2780 3123 2842 τοὺς
3149 2777 3208 2842 ἐξ
3250 2775 3500 2848 Ἰσραήλο
3535 2774 3841 2828 δικαιοῦται

2249 2871 2356 2942 γὰρ
2377 2870 2547 2932 οὐδεὶς
2572 2871 2629 2922 ἐν
2651 2870 2800 2940 νόμῳ
2839 2870 2988 2941 παρὰ
3032 2869 3172 2939 Θεῷ,
3219 2868 3364 2922 καθᾶ
3405 2867 3652 2938 γέγραφὲ
3695 2882 3839 2918 τισιν

2249 2963 2278 3014 ὁ
2302 2962 2632 3033 πανάριστος
2666 2961 2904 3024 Παῦλος·
2929 2963 3094 3030 ἐγγὺς
3127 2955 3265 3014 εἷναί
3297 2977 3428 3030 φησι
3459 2959 3521 3012 τὸ
3551 2958 3836 3029 σωτήριον,

2251 3053 2345 3107 καὶ
2379 3053 2440 3105 τὸ
2487 3051 2634 3115 ἔλεος
2678 3051 2845 3106 αὐτοῦ
2895 3050 3372 3121 ἀποκαλυφθῆναι.
3437 3045 3628 3112 Ἔλεος
3659 3049 3716 3100 δὲ
3747 3049 3840 3100 καὶ

2254 3145 2518 3215 σωτήριον
2548 3143 2802 3214 ὀνομάζει
2822 3143 3080 3214 Χριστόνο
3113 3143 3393 3213 ἡλεήμεθα
3428 3142 3537 3213 γὰρ
3559 3142 3626 3194 δι’
3650 3140 3836 3204 αὐτοῦ,

581 3222 655 3276 illi
702 3224 847 3294 quod
871 3240 900 3278 a
932 3225 1040 3281 Deo
1061 3227 1263 3283 dictum
1293 3237 1378 3286 est
1431 3230 1498 3284 ad
1549 3231 1766 3287 beatum
1827 3231 2103 3288 Abbacum
2134 3251 2148 3286 :

2253 3234 2353 3304 τὴν
2400 3233 2489 3288 διὰ
2514 3233 2748 3298 πίστεως
2774 3236 2968 3305 ἄφεσιν
2995 3234 3088 3288 καὶ
3119 3233 3390 3306 σωτηρίαν
3419 3232 3837 3303 ἀποκερδαίνον-

588 3333 607 3363 ι
644 3315 836 3372 Adhuc
859 3318 1156 3387 paululum,
1187 3321 1276 3390 qui
1310 3321 1457 3377 venit
1477 3323 1686 3400 veniet‘
1708 3332 1763 3378 et
1786 3339 1890 3380 non
1946 3340 2154 3381 moram

583 3409 762 3464 trahet
787 3410 854 3464 7°.
891 3429 911 3464 ι
960 3411 1231 3481 Pateﬁeri,
1275 3414 1404 3470 dicit
1433 3429 1530 3484 pro
1557 3416 1916 3474 manifestari.
1977 3417 2158 3488 Siqui-

584 3502 706 3556 dem
784 3505 1210 3572 pratnuntiarunt
1295 3508 1435 3562 beati
1505 3509 1783 3579 prophetae
1851 3511 2157 3568 Servatoris

584 3593 910 3658 adventum,
970 3595 1132 3664 787
1195 3605 1249 3650 et
1307 3598 1607 3665 patefactus
1659 3609 1740 3656 est
1798 3602 2155 3668 mortalibus,

585 3685 808 3754 quando
853 3687 1419 3755 potentLdominatori
1454 3691 1626 3746 visum
1656 3700 1764 3748 est.
1795 3692 1948 3760 Quod
1993 3695 2158 3750 etiam

585 3776 802 3831 divinus
842 3777 1008 3832 David
1032 3777 1266 3844 docebit,
1297 3779 1517 3837 dicens:
1578 3801 1598 3836 ι
1629 3783 1827 3841 Notum
1858 3785 1992 3842 fecit
2057 3787 2160 3842 Do-

585 3869 766 3925 minus
793 3870 1029 3927 salutare
1059 3888 1237 3938 suum,
1263 3874 1316 3928 in
1351 3887 1642 3946 conspectu
1686 3877 1926 3947 gentium
1951 3879 2159 3935 revela-

584 3962 944 4033 vitjustitiam
963 3979 1114 4019 suam
1145 3966 1212 4020 τί.
1239 3983 1256 4017 ι
1284 3965 1661 4025 Manifestatus
1685 3971 1830 4025 enim
1884 3978 1969 4026 est
2003 3971 2160 4026 Chri-

592 4065 710 4111 stus
749 4059 1027 4128 gentibus,
1067 4059 1158 4130 qui
1193 4068 1278 4116 est
1321 4060 1558 4116 salutare
1605 4073 1658 4117 ct
1687 4064 1897 4134 justitia
1920 4103 1936 4129 ,
1963 4063 2160 4134 quippe

587 4147 642 4200 in
681 4147 816 4217 ipso,
841 4148 1028 4220 utjam
1057 4150 1186 4216 dixi,
1222 4152 1362 4209 Deus
1403 4169 1467 4208 ac
1501 4154 1660 4210 Pater
1711 4172 1811 4212 nos
1843 4155 2077 4211 servavit
2106 4163 2157 4210 et

584 4243 922 4310 justiﬁeavit.

666 4505 829 4562 Vens.
881 4507 936 4562 2.
970 4508 1165 4562 Beatus
1194 4509 1271 4564 vir
1321 4510 1408 4579 qui
1461 4509 1736 4577 facithwe,
1764 4518 1813 4563 et
1856 4509 2009 4562 homo
2073 4512 2168 4578 qui

2259 3343 2369 3389 τες.
2404 3326 2612 3390 Ἐοικὸς
2627 3320 2768 3380 εἷναί
2791 3327 3161 3396 φαμενζτούτῳ
3179 3327 3238 3378 τὸ
3261 3325 3549 3396 εἰρημένον
3573 3325 3663 3397 [aL
3681 3323 3839 3376 τοῦτο

2259 3417 2336 3487 τῷ
2373 3417 2668 3488 εἰρημένῳ]
2697 3418 2848 3488 παρὰ
2877 3415 3013 3472 Θεοῦ
3041 3417 3180 3488 πρὸς
3207 3415 3297 3469 τὸν
3330 3417 3595 3485 μακάριον
3640 3412 3836 3466 Ἀϐδα-

2259 3511 2420 3582 κούμ·
2445 3529 2462 3562 ι
2479 3511 2600 3579 "En
2631 3510 2846 3581 μικρὸν,
2865 3513 2892 3563 6
2917 3509 3208 3580 ἐρχόμενος
3225 3507 3362 3579 ἥξει,
3379 3507 3467 3560 καὶ
3487 3507 3545 3558 ού
3571 3508 3798 3575 χρονιεῖ.
3816 3524 3833 3555 ι

2261 3601 2336 3655 Τὸ
2359 3603 2418 3655 δέ
2445 3620 2508 3670 γε
2537 3601 2990 3671 ἀποκαλυφθῆναί
3028 3618 3214 3672 φησιν,
3250 3600 3367 3654 ἀντὶ
3401 3597 3490 3650 τοῦ
3517 3597 3832 3667 φανερωθῆ-

2259 3711 2374 3748 ναι’
2404 3693 2854 3766 προαπήγγελλον
2897 3693 2997 3762 μὲν
3031 3692 3140 3763 γὰρ
3177 3695 3226 3745 οἱ
3281 3691 3530 3762 μακάριοι
3559 3689 3839 3759 προφῆται

2258 3786 2352 3840 τοῦ
2385 3786 2636 3858 Σωτῆρος
2664 3785 2762 3856 τὴν
2789 3785 2972 3855 ἄφιξιν
2997 3799 3010 3814 ⁸
3046 3783 3237 3853 γέγονε
3261 3785 3316 3836 δὲ
3345 3786 3459 3846 τοῖς
3488 3783 3578 3834 ἐπὶ
3617 3782 3715 3851 τῆς
3738 3783 3840 3850 γῆς

2261 3875 2499 3946 ἐναργὴς
2522 3878 2578 3929 ἐν
2621 3877 2834 3946 καιροῖς
2854 3913 2868 3937 ,
2910 3874 3034 3928 καθ’
3067 3873 3162 3937 οὒς
3195 3873 3463 3943 ἠθέλησεν
3487 3874 3515 3924 6
3535 3870 3798 3939 δυνάστης
3822 3885 3835 3897 ο

2261 3968 2356 4022 καὶ
2381 3968 2538 4020 τοῦτο
2565 3967 2766 4033 διδάξει
2797 3966 2969 4035 λέγων
2995 3967 3022 4019 6
3047 3965 3333 4028 θεσπέσιος
3355 3963 3518 4019 Δαῦίδ
3542 3979 3556 3993 ·
3598 3981 3615 4013 ι
3645 3959 3839 4028 Ἐγνὼ-

2265 4072 2379 4126 ρισε
2413 4056 2617 4127 Κύριος
2638 4057 2698 4110 τὺ
2726 4058 2992 4128 σωτήριον
3017 4055 3202 4119 αὐτοῦ,
3256 4055 3502 4110 ἐναντίον
3533 4053 3640 4106 τῶν
3673 4049 3836 4104 ἐθνῶν

2261 4147 2578 4216 ἀπεκάλυψε
2628 4147 2726 4219 τὴν
2757 4147 3107 4218 δικαιοσύνην
3145 4147 3331 4200 αὐτοῦ.
3371 4166 3390 4199 s
3455 4145 3837 4215 Πεφανέρωται

2261 4241 2369 4311 γὰρ
2399 4243 2510 4304 τοῖς
2543 4239 2718 4294 ἔθνεσι
2757 4241 3016 4314 Χριστὸς,
3047 4242 3106 4304 ὃς
3149 4242 3266 4293 ἐστι
3317 4240 3603 4311 σωτήριον,
3631 4237 3724 4290 καὶ
3759 4236 3833 4288 δι-

2263 4331 2543 4404 καιοσύνη·
2577 4333 2652 4396 ὡς
2683 4333 2789 4406 γὰρ
2818 4333 2953 4404 ἔφην
3002 4334 3222 4404 ἀρτίως,
3257 4335 3466 4386 σέσωκέ
3502 4351 3559 4386 τε
3584 4333 3675 4387 καὶ
3703 4333 3835 4386 δεδι-

2263 4424 2500 4478 καίωκεν
2531 4426 2677 4496 ἡμᾶς
2711 4427 2740 4477 ὁ
2769 4426 2901 4490 Θεὸς
2929 4427 3021 4480 καὶ
3061 4406 3250 4497 Πατὴρ
3274 4427 3331 4478 ὲν
3364 4423 3535 4495 αὐτῷ.

2333 4515 2634 4586 Μακάριος
2667 4517 2823 4585 ἀνὴρ
2855 4522 2887 4572 0'
2927 4515 3110 4572 ποιῶν
3143 4519 3353 4584 ταῦτα,
3391 4517 3493 4571 καὶ
3536 4517 3838 4582 ἄνθρωπε-ς

590 4602 778 4657 retinet
808 4602 940 4666 haec,
975 4611 1021 4654 et
1049 4601 1276 4656 custodit
1317 4602 1568 4667 Sabbata,
1592 4611 1646 4656 ut
1689 4619 1790 4656 non
1817 4603 2056 4672 profanet
2076 4619 2148 4669 ea1

2263 4607 2296 4657 ό
2319 4605 2719 4674 ἀντεχόμενος
2747 4606 2964 4669 αὐτῶν,
2991 4605 3086 4659 καὶ
3117 4606 3461 4674 φυλάσσων
3488 4607 3561 4659 τὰ
3577 4603 3845 4658 Σάϐϐατὰ

487 4767 490 4770 ρ
589 4706 636 4751 et
658 4703 827 4752 servat
856 4713 1042 4751 manus
1065 4713 1212 4760 suas,
1235 4712 1298 4750 ne
1327 4696 1525 4764 faciant
1551 4695 1887 4762 iniustitiam.

658 4871 898 4940 Cognata
927 4880 1053 4927 sunt
1076 4872 1190 4925 haec
1207 4871 1318 4939 jam
1352 4871 1531 4934 dictis,
1575 4879 1631 4925 et
1669 4871 1856 4924 eodem
1889 4872 2112 4925 tendunt
2147 4888 2160 4925 :

590 4964 686 5020 sed
756 4963 920 5019 habet
978 4964 1156 5017 oratio
1215 4963 1460 5031 quaedam
1530 4962 1916 5017 observatione
1981 4963 2161 5032 digna.

590 5057 887 5112 Considera
916 5057 1058 5111 enim
1096 5070 1201 5124 quo
1241 5064 1399 5124 pacto
1435 5053 1580 5108 dicat
1603 5069 1726 5109 eum
1777 5056 1991 5110 beatum
2022 5069 2166 5120 esse,

589 5165 700 5206 non
735 5148 1054 5220 simpliciter
1078 5147 1168 5217 qui
1202 5163 1268 5202 ex
1297 5146 1506 5201 semine
1550 5147 1780 5202 Abrahae
1801 5158 1906 5211 est,
1939 5163 2046 5203 non
2075 5149 2167 5216 qui

589 5240 796 5295 carnali
827 5240 1111 5295 nobilitate
1150 5245 1351 5308 turget,
1410 5247 1466 5292 et
1515 5238 1568 5291 in
1605 5253 1671 5292 eo
1722 5238 1866 5292 inani
1917 5241 2166 5308 superbia

591 5332 892 5395 insolescit,
951 5331 1043 5386 sed
1095 5329 1252 5383 illum
1285 5328 1337 5382 in
1365 5342 1474 5398 quo
1508 5328 1660 5383 bonae
1699 5337 1754 5383 et
1799 5328 2017 5384 illibata:
2045 5329 2168 5382 vine

590 5422 739 5477 velut
759 5421 1040 5492 splendida
1078 5430 1132 5475 et
1157 5419 1386 5476 illustris
1427 5420 1660 5492 dignitas
1701 5420 1882 5476 inesse
1927 5420 2170 5475 cernitur

573 5520 650 5566 ‘et
669 5513 988 5569 enitescere.
1021 5512 1153 5568 Tale
1178 5511 1430 5581 quiddam
1468 5511 1657 5568 beatus
1678 5509 1912 5566 Joannes
1930 5510 2166 5580 Baptista

2263 4714 2382 4765 μου
2404 4695 2491 4765 μὴ
2529 4697 2856 4764 βεϐηλοῦν,
2894 4698 2991 4751 καὶ
3031 4696 3326 4766 διατηρῶν
3355 4698 3460 4763 τὰς
3507 4696 3712 4766 χεῖρας
3744 4696 3843 4749 αὐ-

2268 4786 2374 4840 τοῦ
2396 4786 2481 4856 μὴ
2507 4791 2699 4841 ποιεῖν
2723 4789 2982 4858 ἀδίκημα
3009 4789 3108 4859 (1).

2352 4881 2581 4950 ’Λδελφὰ
2614 4881 2910 4936 καὶταῦτα
2944 4883 3054 4944 τοῖς
3096 4882 3300 4954 ἀρτίως
3339 4884 3470 4953 ἡμῖν
3512 4880 3844 4951 εἰρημένοις,

2273 4973 2366 5026 καὶ
2394 4971 2481 5024 διὰ
2502 4971 2609 5024 τῶν
2635 4974 2764 5025 ῐσων
2788 4973 3026 5043 ἔρχεται,
3050 4972 3374 5044 ἐπιτήρησίν
3403 4988 3465 5039 γε
3501 4971 3608 5042 μὴν
3634 4973 3664 5022 ό
3694 4971 3848 5037 λόγος

2275 5064 2386 5133 ἔχει
2413 5062 2832 5135 πολλήν.”Αθρει
2860 5065 2968 5134 γὰρ
3001 5065 3147 5127 ὅπως
3182 5063 3451 5132 μακάριον
3486 5058 3630 5114 εἷναί
3661 5079 3844 5131 φησιν,

2261 5155 2381 5224 οὐχὶ
2405 5153 2578 5224 δήπου
2603 5156 2821 5215 πάντως
2856 5156 2946 5208 τὸν
2980 5156 3043 5209 ἐκ
3078 5156 3392 5224 σπέρματος
3425 5151 3704 5222 Ἀϐραὰμ,
3727 5151 3847 5204 οὔτε

2266 5245 2372 5316 μὴν
2412 5246 2504 5298 τὸν
2549 5247 2713 5318 σαρκὶ
2756 5247 2850 5300 καὶ
2899 5247 3197 5314 εὐγενείαις
3241 5243 3710 5314 ὲπικομπάξοντα,
3757 5243 3850 5295 καὶ

2263 5339 2468 5391 εἰκαῖον
2514 5338 2704 5408 ἔχοντα
2744 5339 2805 5390 τὸ
2859 5339 2950 5391 ἐπὶ
2989 5338 3164 5408 τούτῳ
3211 5337 3495 5411 φρόνημα,
3537 5336 3748 5388 ἐκεῖνον
3792 5334 3848 5387 δὲ

2269 5428 2488 5496 μᾶλλον,
2516 5427 2705 5497 ὥσπερ
2751 5428 2817 5481 ἂν
2869 5428 3177 5498 ἐνυπάρχον
3211 5427 3384 5498 ὁρῷτο
3427 5426 3489 5478 τὸ
3527 5425 3852 5495 διαπρέπειν

2281 5521 2337 5571 ἐν
2371 5519 2614 5586 ἀγαθοῖς,
2650 5521 2744 5571 καὶ
2772 5518 2870 5587 τῆς
2900 5518 3164 5588 ἀϐεὸἠλου
3192 5518 3332 5586 ζωῆς
3359 5516 3419 5570 τὸ
3443 5516 3718 5587 λαμπρὸν,
3759 5514 3854 5569 καὶ

668 5690 757 5722 ⁶⁸⁶⁶
789 5694 806 5744 |
837 5695 977 5749 'Iim.
1005 5711 1064 5759 II,
1095 5699 1148 5752 4.
1228 5698 1269 5730 ⁸³
1305 5697 1479 5754 Calai.
1512 5712 1589 5765 Ill.
1633 5695 1729 5764 “i
1769 5694 1922 5752 Rom-
1953 5712 1992 5765 ¹›
2033 5697 2133 5764 Πῖ

2253 5697 2336 5754 br.
2375 5715 2429 5769 Χ,
2466 5700 2553 5755 58.
2632 5702 2675 5731 ⁷ο
2702 5699 2905 5756 llabac.
2947 5716 3008 5769 ιι,
3037 5702 3087 5756 5.
3165 5700 3208 5732 ⁷⁸
3250 5697 3388 5754 Psal.
3420 5713 3564 5751 xcvn
3618 5697 3674 5750 ‘2.

669 5851 744 5919 (1)
782 5847 941 5913 LXX,
981 5849 1154 5902 ἆθλα.
