4078 6292
305 402 436 458 1241

1396 390 1471 446 ΙΝ
1503 388 1736 447 ιδΑιΑιι
1775 389 1905 446 LIB;
1944 386 2009 445 ν.
2047 382 2285 445 TOIIUS
2314 382 2414 442 Ill.

3439 376 3573 436 1262

306 516 609 591 περιφανὲς
637 514 877 585 ἀξίωμα.
896 511 1156 567 Τοιοῦτόν
1183 528 1237 565 τι
1295 512 1392 566 καὶ
1425 513 1456 566 ὁ
1494 511 1768 583 μακάριος
1790 509 1898 564 Βα-

2002 509 2207 565 dixisse
2233 506 2450 561 videtur
2480 498 2788 556 ludatorum
2841 497 3032 552 turbae.
3082 494 3449 551 Accesserant
3502 500 3570 553 ad

306 610 542 681 ⁴ιιιειςιστὴς
577 609 832 679 Ἰωάννης
853 609 971 672 ταῖς
1005 604 1274 661 Ἰουδαίων
1300 605 1524 675 ἀγέλαις
1541 604 1895 677 ἐπιφωνήσας

307 699 534 770 ὁρᾶται·
571 697 880 769 προσῄεσαν
904 695 1004 766 μὲν
1025 693 1135 766 γὰρ
1171 695 1231 748 τὸ
1265 696 1395 766 παρ’
1417 693 1585 752 αὐτοῦ
1622 694 1896 764 τιμῶντες

314 790 620 861 βάπτισμα,
654 787 943 858 μετανοίας
969 786 1027 840 δὲ
1048 782 1142 857 ἧν,
1173 786 1268 841 καὶ
1305 787 1537 858 πικροὺς
1576 786 1741 849 ὄντας
1773 783 1895 839 λίαν

311 882 561 954 διήλεγχε
590 881 791 949 λέγων’
826 897 845 931 ι
892 880 1217 951 Γεννήματα
1239 877 1485 950 ἐχιδνῶν,
1506 877 1590 942 τίς
1615 875 1893 942 ὑπέδειξεν

310 973 440 1044 ὑμῖν
497 973 688 1042 φυγεῖν
735 969 844 1025 ἀπὸ
888 972 988 1042 τῆς
1033 969 1335 1041 μελλούσης
1375 970 1573 1042 όργῆς;
1625 969 1896 1040 Ποιήσατε

311 1056 404 1116 οὖν
439 1060 684 1132 καρποὺς
728 1058 916 1125 ἀξίους
961 1060 1063 1131 τῆς
1099 1059 1408 1132 μετανοίας,
1440 1061 1537 1116 καὶ
1589 1059 1664 1131 μὴ
1705 1059 1897 1131 δόξητε

311 1148 490 1217 λέγειν
532 1149 593 1203 ἐν
635 1150 877 1213 ἑαυτοῖςο
905 1148 1129 1221 Πατέρα
1158 1148 1354 1220 ἔχομεν
1391 1147 1482 1203 τὸν
1515 1148 1817 1220 Ἁϐραάμ.»
1838 1148 1896 1202 '0

308 1241 367 1295 δέ
397 1256 592 1312 φησιν’
633 1260 653 1294 ι
681 1243 747 1296 El
776 1241 992 1314 πατέρα
1018 1242 1195 1314 εἴχετε
1225 1241 1317 1295 τὸν
1349 1239 1622 1313 Ἀϐραὰμ,
1652 1239 1724 1294 τὰ
1757 1240 1896 1314 ἔργα

309 1329 405 1387 τοῦ
441 1332 696 1405 Ἀϐραὰμ
720 1335 953 1388 ἐποιεῖτε
984 1333 1070 1388 ἄν.
1099 1352 1119 1386 ι
1151 1333 1438 1405 Μακάριος
1469 1330 1667 1395 τοίνυν,
1705 1334 1893 1402 φησὶν,

252 1446 269 1452 ε
310 1424 413 1478 οὐκ
465 1425 520 1478 el
570 1442 656 1488 τις
712 1424 827 1490 υἱός
880 1427 1027 1479 ἐστιν
1063 1424 1339 1496 ’Δϐραάμ,
1388 1423 1507 1478 ἀλλ’
1538 1425 1568 1476 ό
1603 1423 1894 1493 φυλάσσων

312 1515 487 1570 ταῦτα
502 1533 521 1572 ·,
551 1518 679 1570 ποῖα
718 1515 778 1569 δὲ
803 1514 1013 1580 causa;
1047 1514 1238 1584 Κρίμα
1270 1514 1367 1568 καὶ
1391 1512 1765 1584 δικαιοσύνην,
1800 1513 1895 1567 καὶ

314 1608 452 1680 πρός
501 1625 565 1677 γε
607 1608 784 1678 τούτῳ
819 1606 1099 1677 φυλάττων
1148 1608 1241 1663 καὶ
1278 1606 1562 1678 κατορθῶν
1604 1606 1766 1672 αὐτὰ,
1798 1607 1895 1661 καὶ

316 1701 672 1771 ἀντεχόμενος
704 1698 904 1777 αὐτῶν,
933 1699 1229 1769 τουτέστιν,
1271 1700 1331 1754 οὐ
1361 1699 1656 1772 παρέργως
1687 1700 1720 1771 ἢ
1760 1714 1898 1771 παρ-

317 1791 563 1865 ειμένως,
584 1792 670 1844 ἐπ’
691 1789 830 1846 αὐτὰ
860 1790 1075 1862 χωρῶν,
1101 1790 1217 1846 ἀλλ’
1245 1787 1358 1846 οἷον
1383 1793 1442 1845 ἐν
1476 1792 1628 1864 πάσῃ
1661 1791 1889 1863 σπουδῇ,

1994 603 2113 674 ejus
2142 598 2435 670 baptisma,
2460 592 2608 665 quod
2637 599 2758 648 erat
2779 587 3138 662 pauitantia,
3183 594 3239 642 et
3286 585 3341 641 in
3398 588 3573 656 pretio

1994 694 2340 751 habuerant:
2366 681 2505 759 quos
2533 693 2596 742 ut
2617 681 3005 740 acerbissimos
3044 678 3295 735 homines
3321 686 3379 734 et
3401 692 3574 735 saevos

1992 783 2360 860 reprehendit,
2386 781 2582 837 dicens
2602 792 2623 854 ι
2657 795 2677 829 ι
2704 774 3000 847 Progenies
3061 771 3396 841 viperarum,
3449 770 3572 840 quis

1995 876 2319 937 monstravit
2348 873 2505 931 vobis
2550 879 2609 926 ut
2632 868 2892 940 fugeretis
2944 880 2977 921 a
3035 863 3218 920 i‘utura
3285 863 3411 918 ira?
3465 860 3572 917 Fa-
3668 912 3677 916 _

1994 978 2103 1034 cite
2140 974 2302 1045 igitur
2326 966 2541 1027 fructus
2571 966 2765 1036 dignos
2802 959 3145 1033 poenitentia,
3172 967 3227 1017 et
3249 972 3319 1015 ne
3356 957 3483 1014 sitis
3508 969 3574 1012 ea

1994 1070 2251 1140 opinione
2283 1072 2347 1121 ut
2396 1059 2597 1119 dicatis
2639 1055 2783 1130 apud
2832 1068 2977 1112 vos:
3031 1052 3249 1108 Patrem
3314 1050 3577 1107 habemus

1994 1160 2270 1219 Abraham
2294 1159 2395 1212 ἠδ
2431 1154 2536 1228 [(2)
2557 1153 2716 1209 Certe
2735 1160 2952 1222 quoque
2990 1145 3251 1203 Servator
3283 1144 3425 1201 idem
3454 1156 3578 1214 per-

1996 1262 2214 1312 secutus
2233 1259 2339 1314 est,
2373 1255 2427 1303 et
2456 1242 2654 1300 alatus
2697 1248 2783 1297 est
2836 1252 2931 1295 eos
2977 1235 3178 1292 obnixe
3209 1246 3427 1303 semper
3474 1231 3577 1287 hoc

1994 1341 2392 1418 praetendentes
2413 1338 2769 1404 dicentesque
2799 1348 2812 1386 :
2845 1348 2866 1385 ι
2906 1329 3016 1389 Nos
3048 1338 3256 1400 patrem
3312 1325 3577 1381 habemus

1994 1414 2267 1492 Abraham
2293 1428 2387 1501 ⁷³.]
2448 1424 2542 1483 ille
2588 1438 2767 1482 vero:
2806 1422 2907 1478 «εἰ
2951 1429 3179 1492 patrem,
3234 1415 3437 1501 inquit,
3479 1414 3578 1469 ha-

1993 1524 2199 1583 beretis
2223 1500 2496 1576 Abraham
2514 1557 2531 1584 ,
2556 1512 2826 1570 fecissetis
2851 1521 3015 1580 epera
3041 1508 3292 1565 Abrahae.
3318 1523 3339 1557 ι
3381 1500 3578 1559 Beatus

1995 1625 2079 1672 est
2108 1614 2293 1685 igitur,
2329 1608 2528 1678 inquit,
2553 1618 2664 1662 non
2694 1604 2741 1659 si
2769 1601 2892 1672 quis
2913 1600 2984 1656 sit
3015 1598 3158 1653 ﬁlius
3196 1596 3446 1660 Abrahae,
3484 1595 3579 1649 scd

1996 1706 2090 1778 qui
2118 1702 2350 1761 custodit
2373 1701 2509 1756 hac.
2538 1697 2794 1766 Quaenam
2827 1692 2853 1748 ἰ
2884 1690 3180 1753 Iudicium,
3206 1686 3497 1759 justitiam,
3525 1692 3581 1740 et

1996 1776 2257 1869 praeterea
2306 1793 2400 1863 qui
2444 1788 2682 1847 custodit
2723 1785 2840 1852 illa,
2889 1792 2947 1839 et
2976 1779 3143 1837 efﬁcit
3165 1792 3231 1833 ac
3279 1777 3499 1843 retinet,
3526 1776 3579 1830 id

316 1883 410 1936 καὶ
442 1881 726 1948 νεανικῶς,
760 1881 900 1937 ὥστε
932 1883 1024 1937 καὶ
1060 1883 1381 1954 ἀντέχεσθαι
1414 1884 1536 1939 λίαν
1570 1883 1774 1950 αὐτῶν,
1802 1883 1900 1937 καὶ

2002 1896 2105 1957 est,
2124 1888 2215 1957 qui
2244 1899 2352 1941 non
2383 1882 2571 1939 leviter
2595 1888 2690 1936 aut
2708 1877 2957 1942 remisse,
2985 1876 3082 1930 sed
3108 1871 3259 1930 omni
3288 1869 3437 1926 velut
3466 1875 3582 1924 stu-

316 1972 610 2043 φυλάσσειν
638 1974 711 2027 τὰ
741 1974 992 2029 Σάϐϐατα
1015 1974 1090 2045 μὴ
1108 1975 1368 2048 βεϐηλοῦν
1396 1976 1562 2031 αὑτά.
1583 1974 1704 2030 Ἵνα
1727 1974 1896 2029 πάλιν

312 2064 525 2120 τοιοῦτο
563 2070 710 2139 νοῇςο
747 2069 849 2124 οὐκ
882 2067 1010 2141 ἐξῆν
1046 2071 1106 2123 ἐν
1134 2069 1399 2141 Σαϐϐάτῳ
1433 2070 1691 2142 φροντίδα
1730 2071 1898 2124 ποιεῖ-

315 2158 439 2213 σθαί
464 2177 587 2213 τινα
606 2161 717 2215 τῶν
750 2162 880 2232 περὶ
915 2161 1014 2233 τὴν
1046 2162 1229 2234 σάρκα
1267 2163 1444 2217 πόνων
1478 2162 1512 2234 ἢ
1546 2161 1896 2233 σπουδασμά-

311 2250 596 2305 των.Ἐδει
632 2252 690 2305 δὲ
722 2251 926 2320 μᾶλλον
950 2252 1144 2323 άργεῖν
1184 2251 1345 2306 τοῦτο
1391 2252 1489 2306 τοῦ
1540 2252 1687 2308 θείου
1732 2267 1897 2324 προσ-

311 2341 605 2406 τάσσοντος
635 2342 826 2412 νόμου,
867 2341 1007 2414 πλὴν
1044 2342 1343 2414 ἀργοῦντες
1372 2342 1472 2408 τὰς
1504 2343 1897 2415 νενομισμένας

314 2431 506 2498 θυσίας
544 2433 943 2504 προσεκόμιζον
974 2432 1052 2504 τῷ
1079 2433 1220 2504 Θεῷ,
1246 2434 1341 2489 τοῦ
1379 2435 1607 2508 νομικοῠ
1636 2436 1898 2508 γράμμα-

313 2540 407 2587 τος
440 2524 858 2595 αἰνιγματωδῶς
887 2524 1299 2593 ὑποφαίνοντος,
1329 2527 1412 2580 ὅτι
1457 2527 1734 2598 φροντίδος
1764 2544 1897 2599 σαρ-

318 2613 480 2682 κικῆς
522 2612 932 2684 ἀποσχομένους
976 2613 1265 2684 ἐμφρόνως
1300 2615 1601 2688 ἱερουργεῖν
1630 2617 1896 2687 προσήκει

318 2704 396 2774 τῷ
422 2704 542 2774 Θεῷ
590 2702 782 2767 θυσίας
810 2703 1207 2775 πνευματικὰς,
1233 2707 1326 2759 καὶ
1351 2706 1451 2770 τὰς
1481 2708 1561 2771 είς
1594 2707 1770 2779 ὀσμὴν
1803 2708 1897 2761 εὐ-

318 2797 482 2861 ωδίας
518 2798 616 2868 τῆς
658 2797 872 2867 νοητῆς.
893 2797 1113 2867 ’Δργίας
1139 2793 1232 2851 οὖν
1258 2797 1368 2870 ἄρα
1400 2801 1496 2869 τῆς
1529 2799 1588 2864 ἐξ
1617 2799 1899 2870 ἁμαρτιῶν

319 2892 413 2943 καὶ
464 2888 742 2959 σαρκικῶν
774 2888 1079 2959 ἐπιθυμιῶν
1110 2888 1277 2943 τύπον
1325 2889 1563 2960 ἐπλήρου
1608 2891 1709 2959 τῆς
1756 2890 1899 2946 κατὰ

318 2979 378 3032 τὸ
409 2978 685 3031 Σάϐϐατον
712 2977 910 3048 ἀργίας
959 2979 991 3048 ἡ
1038 2977 1265 3048 δύναμις
1288 2996 1302 3009 ·
1336 2978 1480 3033 οὕτω
1506 2979 1775 3050 προσήκει
1801 2997 1900 3049 φυ-

318 3069 608 3125 λάττεσθαι
634 3068 736 3123 καὶ
777 3070 923 3139 ἡμᾶς
963 3068 1058 3121 τοῦ
1108 3069 1184 3140 μὴ
1213 3069 1474 3140 βεϐηλοῦν
1500 3069 1570 3122 τά
1606 3069 1860 3129 Σάϐϐατα
1881 3086 1894 3099 °

317 3161 766 3233 ἀποπαυσάμενοι
792 3158 921 3231 γάρ,
942 3159 1018 3222 ὡς
1048 3157 1203 3231 ἔφην,
1223 3160 1499 3231 φροντίδος
1518 3159 1738 3230 ἁπάσης
1763 3159 1902 3228 γεώο

315 3256 438 3317 δους
472 3254 566 3308 καὶ
600 3253 888 3325 σαρκικῆς,
928 3251 1135 3321 νοητῶς
1167 3251 1587 3322 σαϐϐατίζομεν,
1614 3253 1675 3305 οὐ
1707 3251 1806 3315 τὰς
1830 3250 1899 3304 δι’

314 3347 566 3416 αἱμάτων
598 3346 693 3399 καὶ
733 3343 954 3398 καπνῶν
994 3342 1276 3406 τελοῦντες
1322 3341 1543 3407 θυσίας,
1590 3342 1708 3398 ἀλλ’
1737 3343 1903 3412 ἱεροῖς

316 3439 694 3508 σπουδάσμασι
731 3435 1216 3506 κατευφραίνοντες
1246 3433 1430 3499 αὐτὸν,
1472 3433 1569 3487 καὶ
1607 3435 1691 3496 είς
1727 3431 1903 3503 ὀσμὴν

314 3531 542 3596 εὐωδίας
575 3530 802 3593 ἑαυτοὺς
832 3527 1214 3599 ἀναφέροντες.
1239 3525 1528 3587 Τοιαύταις
1555 3524 1663 3594 γὰρ
1693 3524 1905 3588 θυσίαις

315 3615 689 3696 εὐαρεστεῖται
713 3624 742 3675 ὁ
766 3621 919 3684 Θεὸς,
942 3619 1084 3675 καθὰ
1111 3619 1440 3690 γέγραπται.
1471 3619 1564 3670 Δεῖ
1587 3617 1651 3688 δὴ
1684 3611 1777 3670 οὖν
1797 3616 1904 3687 ἄρα

320 3716 396 3785 μὴ
430 3713 691 3785 βεϐηλοῦν
718 3711 788 3766 τά
816 3710 1089 3774 Σάϐϐατα,
1120 3710 1398 3780 διατηρεῖν
1446 3708 1505 3761 δὲ
1549 3708 1689 3772 πρὸς
1731 3708 1931 3778 τούτῳ.

320 3804 413 3857 καὶ
448 3802 547 3866 τὰς
578 3801 766 3873 χεῖρας
793 3799 1211 3871 κεκαθαρμένας
1237 3817 1250 3831 ·
1281 3800 1376 3852 καὶ
1405 3799 1531 3852 τίνα
1556 3798 1785 3869 τρόπον.
1807 3797 1907 3850 αὐ-

319 3895 411 3959 τὸς
441 3894 677 3960 ἐδίδαξεν
704 3894 903 3948 είπών-
932 3892 1041 3947 Τοῦ
1078 3893 1153 3965 μὴ
1185 3894 1358 3946 ποιεῖν
1394 3889 1637 3960 ἀδίκημα
1702 3890 1765 3943 οὐ
1796 3889 1908 3959 γάρ

318 3986 436 4039 ἔστι
465 3985 758 4054 φυλάσσειν
784 3983 1047 4038 δύνασθαι
1074 3983 1276 4054 κρίσιν,
1310 3982 1405 4035 καὶ
1428 3982 1603 4033 ποιεῖν
1630 3979 1908 4033 δικαιοσύ-

317 4092 417 4145 νην
454 4075 661 4129 ἀδικεῖν
684 4073 990 4138 ἐθέλοντας,
1017 4073 1112 4126 καὶ
1138 4074 1250 4134 τοῖς
1275 4070 1376 4140 τῆς
1409 4068 1686 4140 ἁμαρτίας
1712 4067 1908 4141 ρύποις

318 4170 420 4241 τὴν
451 4170 609 4240 χεῖρα
626 4165 1104 4239 καταμιαίνοντας.
1132 4166 1306 4235 Χεῖρα
1335 4164 1392 4216 δὲ
1416 4163 1538 4232 οὐχὶ
1564 4162 1783 4225 πάντως
1808 4161 1908 4233 τὴν

321 4259 416 4313 τοῦ
448 4258 718 4329 σώματος,
757 4257 880 4311 ἀντὶ
918 4255 978 4310 δέ
1011 4273 1076 4325 γε
1122 4256 1222 4325 τῆς
1250 4255 1430 4328 χειρὸς
1457 4254 1559 4324 τὴν
1597 4253 1908 4325 πρακτικὴν

322 4352 535 4423 νοήσεις
586 4349 867 4420 ἐνέργειαν
891 4388 906 4414 ,
957 4346 1082 4402 καθ’
1112 4347 1179 4418 ἢν
1230 4346 1447 4417 ἑκάστῳ
1490 4346 1759 4419 πρόσιμεν
1801 4345 1908 4399 τῶν

321 4444 685 4518 πραγμάτων.
746 4506 747 4515 χ

1995 1956 2095 2039 dio
2116 1956 2180 2036 ac
2204 1978 2438 2035 viriliter
2464 1990 2528 2031 ea
2564 1972 2900 2045 aggreditur,
2931 1976 2991 2024 ut
3037 1982 3101 2025 ea
3121 1956 3414 2036 diligenter
3452 1961 3582 2017 reti—

1996 2082 2146 2139 neat,
2179 2080 2234 2128 et
2284 2068 2538 2137 custodit,
2560 2064 2799 2123 Sabbata
2831 2072 2892 2118 ut
2956 2074 3065 2118 non
3100 2058 3351 2130 profanet
3395 2069 3480 2112 ea.
3514 2053 3584 2110 Ut

1996 2180 2188 2223 rursus
2217 2162 2350 2219 illud
2374 2160 2645 2230 intelligas
2670 2172 2687 2212 :
2714 2170 2822 2213 non
2847 2154 3043 2211 licebat
3080 2152 3133 2207 in
3170 2148 3410 2205 Sabbato
3435 2145 3585 2201 labo-

1996 2271 2118 2312 rum
2155 2262 2210 2312 et
2238 2252 2544 2309 studiorum
2593 2249 2662 2304 ad
2712 2259 2939 2302 carnem
2973 2239 3362 2315 pertinentium
3395 2248 3581 2292 curam

1997 2346 2237 2416 aliquam
2281 2356 2467 2415 agere.
2498 2339 2610 2397 Sed
2642 2339 2805 2395 otiari
2854 2337 3036 2409 potius
3065 2332 3371 2403 oportebat,
3401 2326 3583 2382 divina

1998 2439 2116 2510 lege
2146 2442 2249 2494 hoc
2264 2435 2542 2493 sanciente
2568 2445 2586 2485 :
2613 2430 2853 2486 otiantes
2882 2435 3066 2481 tamen
3121 2428 3266 2479 stata
3312 2416 3583 2475 sacriﬁcia

1998 2507 2110 2584 Deo
2158 2524 2456 2583 oﬂ'erebaut
2493 2541 2507 2579 :
2546 2518 2705 2591 legali
2765 2516 2946 2573 littera
2995 2509 3338 2584 aenigmatice
3385 2507 3579 2563 subin-

1998 2627 2220 2685 nuente,
2248 2608 2594 2674 carnis‘cura
2651 2610 2986 2667 abstinentes
3024 2602 3226 2662 debere
3278 2599 3587 2672 spirituales

1999 2714 2226 2778 hostias,
2258 2710 2318 2764 in
2375 2708 2600 2764 odorem
2647 2703 2804 2757 bona;
2840 2698 3150 2769 fragrantia:
3197 2689 3583 2762 intelligibiiis,

1999 2803 2169 2875 738
2200 2802 2311 2856 Deo
2339 2798 2634 2870 prudenter
2658 2793 2991 2848 ministrare.
3031 2787 3200 2855 Hujus
3249 2784 3415 2854 igitur
3460 2796 3576 2837 ces-

1999 2874 2223 2955 sationis
2246 2894 2302 2949 in
2341 2890 2581 2947 Sabbato
2629 2889 2804 2943 virtus
2837 2884 3006 2941 otium
3058 2888 3118 2934 et
3167 2874 3527 2934 cessationem
3557 2888 3585 2926 a

2000 2996 2227 3061 peccato
2244 2994 2302 3042 et
2338 2984 2522 3041 carnis
2570 2976 2956 3049 cupiditatibus
2996 2970 3282 3042 ﬁgurabat.
3317 2969 3411 3024 Sic
3440 2979 3589 3021 eam-

2000 3059 2122 3137 dem
2150 3092 2337 3135 curam
2364 3090 2463 3132 nos
2495 3072 2771 3141 suscipere
2809 3069 3092 3128 debemus,
3126 3077 3194 3117 ne
3219 3060 3455 3115 Sabbata
3477 3059 3590 3112 vio-

2009 3173 2203 3228 lemus.
2241 3165 2673 3238 Supersedentes
2700 3159 2870 3224 enim,
2894 3164 2952 3210 ut
2977 3151 3278 3220 dixi,omni
3310 3163 3440 3205 cura
3480 3157 3591 3202 ter-

2010 3279 2136 3321 rena
2158 3272 2215 3319 et
2243 3258 2475 3323 carnali,
2509 3251 2920 3325 intelligibiliter
2978 3245 3423 3304 sabbatizamus:
3483 3255 3589 3294 non

2006 3374 2106 3431 per
2135 3356 2455 3426 sanguinem
2490 3359 2546 3406 et
2578 3348 2756 3403 fumos
2812 3342 3149 3399 celebrantes
3183 3333 3471 3398 sacriﬁcia,
3497 3331 3591 3386 sed

2006 3428 2197 3508 studiis
2229 3445 2433 3505 sanctis
2469 3443 2622 3499 illum
2648 3436 3034 3498 esbilarantes,
3060 3437 3114 3486 et
3133 3433 3188 3484 iu
3214 3428 3435 3483 odorem
3465 3438 3594 3480 aua-

2005 3542 2190 3599 vitatis
2216 3545 2445 3596 «nosmet
2484 3533 2796 3591 oﬁ'erentes.
2825 3525 3047 3582 Talibus
3106 3520 3251 3576 enim
3293 3512 3584 3572 sacriﬁciis

2005 3637 2246 3706 placatur
2276 3632 2438 3696 Deus,
2465 3625 2626 3684 sicuti
2651 3620 2912 3690 scriptum
2931 3613 3118 3672 est"'.
3149 3613 3378 3678 Oportet
3409 3606 3596 3675 itaque

2008 3730 2246 3787 Sabbata
2275 3740 2381 3781 non
2414 3721 2643 3785 violare,
2689 3717 2782 3773 sed
2815 3714 2878 3768 ad
2906 3711 3020 3766 hme
3068 3716 3262 3762 manus
3287 3713 3451 3772 puras
3485 3711 3600 3762 ινιτ-
3713 3752 3717 3756 ,

2008 3833 2165 3874 vare.
2204 3813 2487 3883 Quomodo
2534 3818 2734 3873 autem,
2765 3806 2996 3875 ipsemet
3056 3797 3262 3857 docuit,
3300 3792 3593 3861 inquiens:

2009 3909 2087 3965 Ne
2112 3881 2317 3962 faciant
2348 3903 2624 3972 iniuriam.
2668 3896 2780 3952 Nec
2806 3894 2951 3949 enim
2979 3887 3257 3945 custodire
3305 3881 3599 3953 judicium,

2008 4015 2109 4057 nec
2135 3998 2316 4054 colere
2341 3993 2609 4066 justitiam
2645 3993 2871 4059 possunt
2899 3985 2952 4038 hi
2983 3981 3077 4052 qui
3125 3975 3385 4047 injuriam
3412 3973 3602 4027 volunt

2011 4091 2237 4155 inferre,
2255 4096 2312 4143 et
2341 4062 2567 4141 manum
2609 4077 2819 4150 peccati
2846 4072 3098 4131 sordibus
3148 4066 3455 4138 inquinare.
3485 4062 3597 4117 Ma-

2009 4196 2139 4239 num
2161 4189 2343 4235 autem
2382 4190 2486 4231 non
2516 4170 2840 4242 simpliciter
2880 4179 3007 4232 eam
3037 4177 3157 4233 quas
3196 4167 3281 4216 est
3332 4155 3597 4225 corporis,

2009 4276 2102 4333 sed
2144 4286 2243 4344 pro
2307 4282 2472 4325 manu
2532 4276 2805 4321 actuosam
2857 4256 3147 4330 quamdam
3227 4253 3337 4305 vim
3406 4245 3606 4302 intelli-

2009 4340 2273 4440 ges,-per
2320 4370 2484 4435 quam
2537 4359 2604 4414 ad
2648 4370 2738 4413 res
2774 4365 3021 4426 quasque
3070 4344 3335 4421 gerendas
3380 4340 3600 4395 accedi-

2010 4477 2151 4517 IDUS.

393 4557 491 4625 Μὴ
520 4557 738 4626 λεγέτω
783 4559 818 4610 ό
857 4553 1199 4623 ἀλλογενὴς
1227 4556 1260 4608 ό
1291 4554 1723 4622 προσκείμενος
1754 4554 1904 4623 πρὸς

2080 4551 2248 4607 Vsus.
2281 4548 2402 4606 3-5.
2436 4546 2518 4602 Ne
2544 4544 2687 4599 dicat
2753 4539 3047 4609 alienigena
3086 4533 3177 4604 qui
3222 4528 3494 4599 appositus
3530 4534 3606 4578 est

326 4652 566 4717 Κύριον·
595 4646 841 4717 Ἀφοριεῖ
888 4664 963 4716 με
1010 4646 1124 4715 ἄρα
1176 4645 1392 4713 Κύριος
1437 4644 1557 4699 ἀπὸ
1603 4646 1710 4700 τοῦ
1750 4645 1904 4700 ,2αοῦ

328 4740 570 4832 τούτου.
605 4739 713 4793 Kal
742 4739 829 4808 μὴ
858 4737 1079 4807 λεγέτω
1106 4738 1139 4790 ό
1167 4735 1482 4805 εὐνοῦχος,
1515 4735 1766 4806 ὅτιἘγώ
1788 4735 1906 4806 ειμι

329 4827 522 4897 ξύλον
547 4829 756 4900 ξηρόν.
791 4830 938 4885 Τάδε
964 4829 1123 4897 λέγει
1147 4828 1361 4895 Κύριος
1399 4827 1524 4893 τοῖς
1555 4828 1871 4897 εὐνούχοις
1889 4843 1902 4857 ’

329 4925 503 4978 Ὅσοι
531 4922 609 4977 ἂν
634 4921 1022 4992 φυλάξωνται
1048 4919 1125 4974 τὰ
1152 4917 1422 4973 Σάϐϐατά
1445 4935 1587 4987 μου,
1612 4918 1711 4972 καὶ
1739 4917 1911 4971 ἐκλέ-

328 5017 543 5080 ξωνται
569 5014 608 5068 ἆ
635 5014 752 5082 ἐγὼ
785 5013 958 5075 θέλω,
983 5010 1080 5064 καὶ
1101 5009 1463 5078 ἁντέχωνται
1489 5006 1599 5076 τῆς
1623 5007 1916 5075 διαθήκης

323 5123 462 5174 μου,
492 5102 666 5156 δώσω
691 5100 896 5166 αὐτοῖς
927 5100 998 5154 ἐν
1028 5097 1110 5164 τῷ
1134 5099 1275 5165 οἴκῳ
1310 5115 1431 5167 μου
1466 5098 1565 5151 καὶ
1599 5096 1669 5150 ἐν
1691 5096 1772 5161 τῷ
1796 5097 1916 5149 τεί-

330 5213 419 5264 χει
444 5211 565 5264 μου
598 5194 789 5247 τόπον
820 5189 1178 5260 ὀνομαστὸν,
1225 5188 1518 5258 κρεῖσσον
1541 5188 1618 5256 (l)
1647 5186 1794 5241 υἱῶν
1817 5187 1916 5241 καὶ

332 5285 691 5353 θυγατέρων,
726 5283 915 5352 ὄνομα
942 5279 1183 5336 αἰώνιον
1208 5279 1381 5334 δώσω
1409 5278 1636 5345 αὐτοῖς,
1666 5278 1765 5333 καὶ
1804 5280 1916 5333 οὐκ

332 5375 624 5442 ἐκλείψει.
684 5406 691 5410 -

415 5467 644 5538 Ἑτέραν
685 5467 857 5536 ὀφρὺν
904 5464 1014 5518 τῶν
1061 5465 1121 5529 ἐξ
1162 5465 1393 5534 αἵματος
1434 5462 1650 5534 Ἰσραὴλ
1677 5502 1692 5529 ,
1751 5463 1918 5534 ἤγουν

411 5621 458 5651 ⁷⁸
494 5617 686 5673 Matth.
718 5634 799 5683 ιιι,
830 5618 942 5673 7-9.

415 5776 494 5843 (ί)
528 5772 691 5835 LXX,
720 5770 970 5841 κρείττω.

2014 4645 2236 4700 Domino
2267 4659 2284 4697 :
2315 4637 2594 4711 Separabit
2621 4651 2702 4688 me
2728 4633 2908 4701 utique
2935 4627 3187 4681 Dominus
3216 4640 3247 4676 a
3273 4618 3464 4690 populo
3491 4631 3606 4669 suo.

2018 4736 2201 4806 Neque
2254 4708 2395 4787 dicat
2438 4727 2754 4785 eunuchus:
2809 4720 2924 4792 Ego
2945 4735 3061 4774 sum
3115 4717 3315 4785 lignum
3375 4708 3604 4762 aridum.

2018 4828 2148 4882 lla'c
2174 4826 2300 4879 dicit
2354 4821 2613 4877 Dominus
2664 4815 2918 4871 eunuclus
2956 4826 2976 4866 :
3013 4807 3322 4875 Quicunque
3346 4798 3608 4855 custodie-

2018 4919 2122 4971 rint
2153 4912 2387 4970 Sabbata
2414 4928 2550 4975 mea,
2581 4919 2628 4963 et
2673 4903 2920 4977 elegerint
2965 4915 3084 4972 qua:
3116 4912 3209 4967 ego
3257 4892 3397 4956 colo,
3446 4899 3494 4959 et
3532 4900 3609 4942 te-

2018 5008 2224 5062 nuerint
2251 5011 2616 5059 testamentum
2662 5013 2857 5063 meum,
2894 4993 3031 5049 dabo
3074 4989 3182 5045 illis
3229 4988 3288 5042 in
3313 4985 3468 5038 dumo
3497 4998 3607 5035 mea

2017 5111 2068 5154 et
2119 5102 2263 5154 intra
2308 5095 2534 5166 parietes
2571 5109 2712 5148 meos
2775 5089 2947 5144 locum
2998 5083 3269 5146 celebrem,
3340 5076 3609 5132 meliorem

2018 5193 2146 5263 ﬁliis
2172 5208 2234 5247 ac
2289 5190 2521 5260 ﬁliabus,
2554 5201 2744 5241 nomen
2787 5191 3038 5239 wiernum
3094 5176 3230 5230 dabo
3275 5170 3474 5238 illis,et
3503 5181 3606 5221 non

2021 5285 2245 5355 deﬁciet.

2096 5461 2253 5518 Aliud
2309 5454 2655 5528 supercilium
2725 5448 3093 5508 israclitarum
3177 5450 3231 5497 et
3291 5431 3611 5506 arrogantiae

1019 5618 1063 5650 ⁷³
1087 5618 1244 5672 Joan.
1286 5631 1400 5684 vm,
1431 5617 1518 5679 '59,.
1595 5617 1662 5649 ⁷³⁸
1696 5617 1861 5672 Hebr.
1898 5633 2017 5683 XIII,
2064 5616 2148 5672 16.

416 5838 493 5917 (‘2)
527 5846 657 5912 Quae
690 5838 840 5897 uncis
877 5843 1079 5899 inclusa
1114 5848 1260 5907 sunt,
1290 5838 1511 5897 Grmcus
1544 5840 1714 5898 codex
1745 5857 1851 5900 non
1877 5843 2057 5901 habet.
