4092 6296
250 385 392 441 19.ιὸ

1387 380 1457 437 ΙΝ
1492 380 1731 437 lSAlAM
1772 379 1901 434 LIB.
1947 380 2012 436 ν.
2050 379 2289 439 TOMUS
2321 382 2412 439 Ill.

3378 380 3513 439 Ιέίϐ

246 502 463 558 πολλῶν
495 502 739 573 πατέρας
773 500 904 554 υίῶν
938 499 1032 553 καὶ
1059 497 1409 570 θυγατέρων;
1441 500 1595 571 Μηδὲ
1620 499 1846 569 λεγέτω,

1954 499 2120 572 790
2142 501 2346 569 lignum
2386 500 2624 555 aridum.
2661 497 2803 554 Nihil
2831 506 3011 553 autem
3046 506 3228 564 nocet,
3259 498 3365 553 imo
3389 511 3516 552 vero

246 596 439 665 φησὶν,
462 593 491 646 ὁ
520 593 716 656 παῖδας
739 592 839 646 οὐκ
863 590 1023 662 ἔχων,
1039 591 1121 644 ὅτι
1145 589 1289 660 Ἐγώ
1320 592 1433 662 εἰμι
1465 590 1620 656 ξύλον
1649 591 1832 662 ξηρόν.

246 688 431 742 Λυπεῖ
465 686 523 740 δὲ
549 685 721 748 οὐδὲν,
755 682 955 754 μᾶλλον
982 682 1038 735 δὲ
1060 683 1356 751 ἀναγκαῖον
1380 677 1520 736 εἷναί
1553 700 1697 754 φημι
1717 683 1835 737 δια-⁹

250 777 629 849 μνημονεῦσαι
662 777 756 830 καὶ
782 775 878 830 νῦν
905 773 1017 828 τῶν
1047 774 1474 845 εὐνουχισάντων
1502 776 1728 838 ἑαυτοὺς
1748 774 1837 829 διά

245 869 350 940 τὴν
385 869 660 939 βασιλείαν
702 867 811 922 τῶν
856 866 1120 938 οὐρανῶν,
1152 866 1294 921 κατά
1321 867 1421 939 τὴν
1450 866 1544 921 τοῦ
1582 867 1836 939 Σωτῆρος

246 960 454 1031 φωνὴν,
480 954 562 1023 οἷς
586 958 653 1014 ἂν
679 957 1013 1028 ὲφαρμόσειέ
1039 975 1143 1023 τις,
1180 958 1276 1013 καὶ
1303 957 1448 1029 μάλα
1465 959 1713 1025 είκότως,
1742 958 1836 1014 τὸν

243 1050 303 1102 ἔν
342 1066 407 1117 γε
444 1049 655 1112 τούτοις
699 1048 869 1120 παρὸί
895 1047 1032 1102 Θεοῦ
1075 1047 1253 1117 λόγον.
1285 1048 1453 1104 Δώσω
1485 1049 1593 1122 γὰρ
1628 1051 1833 1115 αὐτοῖς,

243 1141 534 1209 φησὶν,¹ὲν
560 1140 637 1211 τῷ
662 1139 796 1211 οἴκῳ
826 1157 951 1211 μου,
984 1139 1078 1193 καὶ
1120 1142 1179 1193 ὲν
1218 1138 1298 1210 τῷ
1327 1139 1495 1209 τείχει
1530 1156 1631 1211 μου
1668 1139 1835 1192 τόπον

239 1232 562 1303 ὀνομαστόν.
594 1229 758 1286 Οἷκον
781 1232 841 1286 δὲ
881 1232 978 1286 καὶ
1017 1232 1215 1302 τεῖχος,
1247 1232 1368 1302 ἦτοι
1411 1231 1506 1285 τὸν
1549 1230 1835 1303 περίϐολον

242 1324 340 1378 καὶ
382 1323 685 1393 ἀσφάλειαν
713 1322 1009 1377 ἀποκαλεῖν
1047 1322 1189 1377 ἔοικε
1214 1324 1313 1391 τὴν
1356 1322 1702 1393 Ἐκκλησίαν,
1733 1322 1835 1394 τὴν

240 1415 359 1469 ἄνω
393 1431 499 1468 που
543 1415 688 1484 τάχα
730 1414 825 1467 καὶ
869 1414 929 1468 ὲν
958 1414 1229 1484 οὐρανοῖς,
1259 1414 1427 1483 ἦγουν
1451 1412 1550 1484 τὴν
1583 1413 1677 1467 ἐπὶ
1709 1414 1831 1484 γῆς.

243 1508 325 1570 είς
382 1506 450 1576 ἥν
481 1504 877 1574 διαπρέπουσιν
918 1503 1113 1575 ἄνδρες
1162 1503 1356 1575 ἁγνείᾳ
1405 1503 1500 1557 καὶ⁸
1546 1504 1834 1576 σεμνότητι

247 1597 563 1668 σύντροφοι,
609 1597 706 1649 καὶ
748 1596 811 1649 τὸ
837 1597 938 1668 τῆς
967 1595 1288 1667 ἐγκρατείας
1322 1595 1676 1667 ἀναδούμενοι
1703 1597 1836 1651 καύ-

246 1709 317 1761 χη
327 1707 426 1761 μα,
450 1690 543 1743 καὶ
568 1688 927 1752 πολυπαιδίας
946 1689 1230 1760 κρείττονα
1255 1689 1354 1759 τὴν
1375 1688 1467 1742 ἐπὶ
1486 1688 1660 1759 τούτῳ
1679 1687 1836 1755 δόξαν

248 1781 568 1852 ἡγούμενοι,
596 1781 691 1834 καὶ
719 1780 783 1833 τό
807 1797 870 1849 γε
896 1774 1034 1852 ἧκον
1065 1783 1148 1844 είς
1191 1779 1499 1851 σεμνότητα
1557 1779 1837 1844 πολιτείας

249 1840 521 1942 ε’ὐνούχων
554 1840 716 1927 ⁷οὐδὲν
761 1840 1140 1943 διαφέροντες,
1180 1840 1340 1926 Οὗτοι
1385 1840 1630 1943 δέχονται
1867 1840 1911 1896 Β

249 1965 388 2019 Θεοῦ
414 1965 572 2030 δόξαν
599 1963 814 2019 αἰώνιον
835 1982 847 1993 ·
876 1964 1028 2035 δηλοῖ
1054 1964 1111 2017 δὲ
1143 1965 1300 2019 τοῦτο
1330 1962 1590 2034 τοῦνομα,
1615 1963 1710 2018 καὶ
1738 1963 1840 2018 οὐκ

248 2056 316 2109 ἂν
344 2054 585 2124 ἐκλείψοι
613 2056 671 2107 ἐν
703 2055 887 2118 αὐτοῖς
927 2056 961 2125 ἡ
1002 2055 1132 2125 παρ’
1159 2052 1327 2108 αὐτοῦ
1364 2054 1556 2125 χάρις·
1582 2052 1840 2124 ἐξαίρετα

248 2146 360 2218 γὰρ
411 2146 511 2214 τῆς
558 2144 881 2217 ἐγκρατείας
912 2144 982 2199 τὰ
1011 2146 1168 2217 γέρα,
1210 2144 1352 2216 πλὴν
1401 2145 1498 2215 οὐχ
1529 2145 1719 2209 ἁπλοῖς
1745 2131 1840 2197 εὐέ

248 2237 464 2307 νούχοις
486 2235 583 2308 τὴν
608 2236 716 2291 τῶν
748 2236 892 2291 οὕτω
915 2236 1185 2308 λαμπρῶν
1218 2236 1546 2309 ἀξιωμάτων
1571 2234 1841 2305 ἐπαγγέλ-

248 2331 404 2383 λεται
458 2329 741 2400 χορηγίαν,
770 2328 907 2383 ἀλλά
948 2331 1062 2392 τοῖς
1116 2328 1446 2397 φυλάττουσι
1482 2328 1552 2382 τά
1584 2326 1841 2382 Σάϐϐατα

249 2421 444 2484 αὐτοῦ,
474 2421 713 2492 Χριστοῦ
741 2420 798 2474 δὲ
825 2421 1100 2493 δηλονότι·
1142 2421 1307 2494 ἕτερα
1349 2421 1427 2485 δὲ,
1458 2421 1534 2485 ὡς
1575 2420 1735 2492 ἔφην,
1770 2419 1842 2474 τὰ

252 2514 421 2567 αὐτοῦ
455 2513 898 2579 Σάϐϐαταπαρά
936 2513 1029 2566 τοῦ
1063 2515 1256 2583 νόμου.
1287 2513 1370 2567 Τὰ
1396 2513 1496 2585 μὲν
1526 2513 1636 2585 γὰρ
1673 2509 1742 2583 ἦν
1783 2513 1842 2567 ἐν

253 2605 468 2668 τύποις,
501 2604 571 2657 τά
593 2605 650 2658 δὲ
679 2605 758 2675 τῷ
782 2605 883 2675 τῆς
908 2605 1168 2676 ἀληθείας
1201 2605 1698 2676 καταφαιδρύνεται
1721 2606 1844 2660 κάλ·

256 2698 361 2751 λει.
392 2698 504 2750 Καὶ
532 2697 652 2750 ἐπεὶ
672 2700 785 2760 τοῖς
817 2696 1226 2768 ἐπιλεξαμένοις
1252 2695 1441 2769 [άπερ]
1462 2696 1626 2761 αὐτὸς
1661 2696 1845 2767 βούλε-

258 2808 369 2853 ται,
393 2790 486 2843 καὶ
502 2790 881 2860 ἀντεχομένοις
904 2790 1003 2860 τῆς
1021 2788 1287 2860 διαθήκης
1304 2787 1492 2843 αὐτοῦ.
1512 2788 1768 2842 Βούλεται
1786 2788 1845 2847 δὲ

260 2882 495 2953 Χριστὸς
520 2882 580 2934 οὐ
600 2882 668 2936 τὰ
686 2882 745 2934 ὲν
768 2885 945 2945 σκιαῖς
978 2882 1074 2936 καὶ
1101 2882 1394 2954 γράμματι
1421 2880 1678 2953 νομικῶς,
1705 2879 1846 2935 ἀλλὰ

263 2974 358 3026 καὶ
388 2972 458 3027 τὰ
487 2974 543 3026 ὲν
563 2977 629 3045 τῇ
656 2973 887 3045 διαθήκῃ
905 2976 972 3045 τῇ
1004 2972 1133 3044 παρ’
1163 2973 1326 3027 αὐτοῦ
1348 2988 1361 3003 ·
1401 2973 1558 3045 δῆλον
1587 2972 1646 3027 δὲ
1673 2973 1844 3044 ὅτιτῇ

261 3066 361 3138 νέᾳ
386 3083 445 3119 τε
469 3065 562 3120 καὶ
596 3065 950 3137 εὐαγγελικῇ.

1939 607 2165 650 necesse
2184 607 2307 650 esse
2335 592 2482 657 dico,
2514 600 2575 647 ut
2599 591 2928 647 mentionem
2968 589 3231 644 faciamus
3259 602 3401 643 nunc
3423 600 3515 641 eo-

1937 700 2058 741 rum
2091 684 2183 754 qui
2213 699 2273 740 se
2299 691 2520 754 propter
2548 696 2772 753 regnum
2805 681 3066 738 caelorum
3090 679 3368 735 eunuchos
3390 678 3514 734 red-

1936 777 2193 834 diderunt
2219 775 2288 842 ",
2315 776 2469 845 juxta
2494 788 2682 833 vocem
2718 773 3026 830 Servatoris
3054 788 3067 825 :
3092 772 3290 841 quibus
3340 771 3515 827 oratio

1938 884 1967 923 a
1985 868 2093 923 Deo
2111 869 2213 923 hoc
2229 867 2349 923 loco
2361 866 2548 922 habita
2567 879 2675 921 non
2690 864 2791 921 abs
2817 880 2876 921 re
2896 864 3244 920 accommoda
3255 862 3293 915 ri
3313 869 3512 930 potest.

1937 959 2086 1014 Dabo
2111 959 2257 1013 enim
2288 956 2416 1022 illis,
2453 956 2649 1026 inquit,
2683 955 2738 1010 in
2764 956 2924 1011 domo
2958 969 3077 1009 mea
3141 961 3192 1007 et
3222 953 3363 1007 intra
3400 967 3515 1005 mu-

1937 1065 2056 1104 rum
2106 1064 2284 1104 meum
2334 1048 2512 1104 locum
2560 1046 2850 1104 celebrem.
2899 1046 3124 1101 Domum
3171 1052 3226 1100 et
3276 1058 3511 1105 murum,

1934 1140 2022 1196 vel
2081 1139 2430 1196 munitionem
2470 1146 2527 1193 et
2570 1138 2940 1202 securitatem,
2983 1134 3254 1206 appellare
3304 1133 3516 1187 videtur
3615 1130 3622 1137 ’

1935 1231 2253 1296 Ecclesiam,
2278 1243 2527 1300 superam
2563 1237 2618 1283 et
2655 1228 2952 1293 caelestem,
2983 1226 3067 1283 vel
3112 1226 3250 1281 hanc
3295 1239 3414 1294 qua:
3461 1223 3512 1276 in

1935 1323 2096 1379 terris
2130 1328 2380 1378 versatur
2414 1336 2429 1375 :
2462 1320 2515 1374 in
2551 1334 2656 1390 qua
2704 1319 3047 1388 resplendent
3090 1316 3192 1370 viri
3226 1314 3516 1382 sanetinm-

1938 1412 2041 1468 nia:
2086 1420 2142 1466 et
2179 1410 2428 1481 gravitati
2483 1410 2638 1478 quasi
2680 1408 2967 1474 innutriti,
3006 1417 3059 1462 et
3097 1407 3190 1476 qui
3238 1406 3514 1461 continen-

1939 1504 2025 1558 tiae
2067 1517 2265 1558 corona
2305 1490 2538 1557 redimiti
2586 1508 2734 1564 sunt,
2767 1514 2832 1555 ac
2896 1497 3120 1567 gloriam
3157 1498 3295 1551 hanc
3343 1494 3512 1565 potio-

1940 1610 2052 1650 rem
2109 1594 2441 1649 fecunditate
2485 1591 2835 1655 existimant,
2880 1597 2937 1643 et
2972 1591 3149 1657 quoad
3188 1585 3508 1655 gravitatem

1937 1702 2001 1742 ac
2038 1688 2381 1743 sanctitatem
2441 1681 2871 1742 conversationis
2938 1680 3008 1735 ab
3068 1676 3334 1734 eunuchis
3385 1675 3517 1730 nihi.

1939 1774 2212 1833 differunt.
2234 1776 2301 1832 lli
2328 1776 2602 1846 accipiunt
2628 1788 2659 1828 a
2686 1772 2797 1828 Deo
2824 1770 3052 1842 gloriam
3100 1776 3382 1830 aeternam,
3416 1765 3517 1820 hoc

1942 1869 2085 1923 enim
2117 1868 2324 1924 illustre
2362 1868 2468 1923 illis
2492 1880 2686 1921 nomen
2713 1871 2817 1928 est,
2846 1861 3075 1929 illosque
3122 1857 3297 1928 gratia
3352 1856 3519 1927 ipsius

1940 1974 2048 2013 non
2087 1958 2320 2015 deﬁciet.
2353 1957 2560 2013 Eximia
2607 1962 2736 2010 sunt
2782 1953 2926 2008 enim
2984 1946 3332 2006 continentia:
3382 1960 3520 2015 prae-

1941 2058 2067 2114 mia.
2097 2048 2296 2107 Verum
2322 2062 2430 2104 non
2463 2044 2782 2115 simpliciter
2814 2040 3078 2096 eunuchis
3124 2038 3266 2094 hanc
3294 2035 3428 2091 adeo
3449 2034 3517 2088 il~

1941 2147 2129 2205 lustris
2163 2140 2443 2213 dignitatis
2475 2132 3039 2194 subministrationem
3096 2127 3399 2199 pollicetur,
3425 2125 3517 2180 sed

1942 2234 2354 2296 observantibus
2384 2230 2623 2287 Sabbata
2658 2227 2797 2299 ejus,
2825 2224 3022 2282 Christi
3078 2222 3345 2278 videlicet.
3399 2218 3518 2272 Alia

1941 2346 2072 2387 vero
2100 2336 2244 2393 sunt,
2279 2327 2355 2379 uti
2381 2322 2514 2387 dixi,
2545 2321 2664 2390 eius
2712 2320 2972 2380 Sabbata,
2999 2330 3160 2386 quam
3213 2312 3366 2382 legis.
3395 2309 3521 2365 llmc

1943 2433 2179 2487 namque
2207 2417 2260 2470 in
2294 2415 2433 2486 typis
2461 2421 2619 2468 erant
2645 2410 2749 2465 sita
2769 2448 2785 2473 ,
2820 2407 2911 2462 illa
2953 2404 3194 2462 veritatis
3225 2399 3520 2473 pulchritu-

1950 2514 2077 2568 dine
2102 2511 2461 2566 illustrantur.
2483 2506 2665 2572 Addit,
2682 2503 2775 2573 qui
2802 2499 3063 2571 elegerint
3088 2512 3208 2567 quae
3245 2495 3360 2565 ipse
3385 2492 3516 2557 vult,

1945 2618 2009 2658 ac
2047 2598 2319 2656 tenuerint
2382 2602 2762 2651 testamentum
2806 2604 2984 2646 suum.
3044 2585 3295 2642 Christus
3341 2590 3518 2636 autem

1946 2694 2056 2749 vult
2086 2707 2190 2748 non
2221 2705 2341 2761 qua:
2372 2689 2426 2743 in
2479 2684 2686 2740 umbris
2718 2693 2774 2737 et
2810 2679 3005 2736 litteris
3035 2675 3294 2746 legalibus
3344 2669 3522 2728 consi-

1944 2793 2117 2850 stunt,
2151 2783 2245 2839 sed
2264 2795 2383 2852 qua)
2408 2778 2473 2833 ad
2509 2784 2889 2833 testamentum
2919 2785 3076 2828 suum
3100 2767 3392 2839 pertinent,
3420 2776 3521 2818 no-

1945 2893 2070 2933 vum
2114 2875 2322 2933 scilicet
2354 2881 2412 2927 et
2441 2868 2836 2941 evangelicum.

332 3157 444 3212 Kal
471 3157 595 3224 τοῖς
620 3155 981 3227 ἀλλογενέσι
1006 3156 1134 3224 τοῖς
1166 3158 1625 3227 προσκειμένοις
1647 3157 1843 3227 Κυρίῳ

2020 3161 2321 3219 \'Ens.6-8.
2359 3158 2427 3212 Et
2484 3154 2695 3221 alienis,
2724 3153 2815 3223 qui
2856 3148 3057 3205 addicti
3098 3155 3222 3200 sunt
3272 3144 3519 3204 Domino,

259 3243 762 3313 δουλεύειν-αὐτῷ,
795 3245 893 3299 καὶ
920 3244 1162 3316 ἀγαπᾷν
1186 3246 1254 3299 τὸ
1279 3247 1467 3316 ὄνομα
1494 3246 1747 3316 Κυρίου,
1776 3247 1843 3300 τὸ

257 3333 415 3391 εἶναι
467 3334 628 3402 αὐτῷ
662 3339 749 3403 εὶς
785 3337 1046 3404 δούλους
1081 3338 1182 3392 καὶ
1214 3338 1459 3405 δούλας,
1482 3341 1581 3394 καί
1615 3340 1847 3405 πάντας

255 3429 402 3495 τοὺς
422 3430 934 3500 φυλασσομένους
970 3430 1043 3484 τὰ
1083 3431 1354 3485 Σάϐϐατά
1383 3450 1504 3502 μου
1537 3432 1626 3502 μὴ
1663 3434 1847 3503 ,βεϐη-

255 3518 434 3578 λοῦν,
462 3519 560 3573 καὶ
600 3521 1047 3590 ἀντεχομένους
1084 3522 1194 3591 τῆς
1232 3523 1526 3594 διαθήκης
1556 3543 1695 3594 μου,
1722 3529 1847 3581 εισ-

256 3610 385 3676 ἁξω
401 3613 625 3678 αὐτοὺς
640 3615 728 3678 είς
756 3612 821 3666 τὸ
845 3613 983 3680 ὅρος
1004 3616 1069 3669 τὸ
1095 3614 1270 3685 ἅγιόν
1288 3634 1428 3685 μου,
1452 3617 1551 3671 καὶ
1570 3617 1848 3686 εὐφρανῶ

256 3703 487 3768 αὐτοὺς
518 3703 588 3756 ἐν
616 3703 696 3768 τῷ
725 3703 870 3769 οἴκῳ
895 3703 1008 3772 τῆς
1045 3705 1397 3775 προσευχῆς
1431 3724 1570 3777 μου.
1605 3708 1683 3763 Τὰ
1719 3712 1851 3764 ὁλο-

261 3794 624 3863 καυτώματα
663 3793 883 3878 αὐτῶν,
905 3794 1006 3847 καὶ
1047 3797 1108 3849 al
1146 3796 1353 3850 θυσίαι
1384 3796 1585 3850 αὐτῶν
1601 3795 1848 3852 ἔσονται

268 3887 476 3942 δεκταί
499 3887 599 3940 ἐπὶ
625 3886 693 3939 τὸ
726 3886 1163 3954 θυσιαστήριον
1176 3904 1317 3956 μου.
1333 3888 1387 3940 '0
1410 3889 1521 3957 γὰρ
1553 3885 1717 3957 οἷκός
1731 3909 1850 3959 μου

263 3976 434 4045 οἷκος
468 3976 819 4046 προσευχῆς
842 3977 1337 4046 προκληθήσεται-
1352 3977 1504 4035 πᾶσι
1534 3980 1659 4045 τοῖς
1688 3981 1850 4037 ἔθνε-

265 4086 393 4135 σιν,
415 4066 548 4124 εῖπε
572 4070 782 4137 Κύριος
817 4071 850 4125 ὁ
879 4068 1161 4139 συνάγων
1189 4069 1332 4137 τοὺς
1371 4070 1849 4143 διεσπαρμένους

280 4162 550 4231 Ἰσραήλ.

343 4252 648 4309 Συναπτέον
674 4255 789 4317 τοῖς
817 4252 1007 4307 ἀνόπιν
1037 4255 1128 4309 καὶ
1155 4254 1348 4318 ταῦτα,
1379 4251 1497 4330 ῖν’ᾖ
1526 4256 1767 4311 τοιοῦτον
1787 4258 1849 4312 τὸ

268 4346 583 4419 λεγόμενοντ
613 4345 749 4399 Τάδε
770 4343 917 4414 λέγει
939 4346 1142 4416 Κύριος
1160 4349 1273 4411 τοῖς
1291 4347 1585 4418 εὐνούχοις,
1611 4349 1707 4404 καὶ
1736 4353 1850 4414 τοῖς

268 4435 577 4506 ἀλλογενέσι
601 4438 717 4500 τοῖς
737 4438 1157 4508 προσκειμένοις
1178 4439 1369 4510 Κυρίῳ
1386 4440 1659 4495 δουλεύειν
1678 4441 1847 4512 αὐτῷ.

269 4528 478 4584 Οὐκοῦν
500 4527 804 4597 διαλέγεται
833 4532 946 4593 τοῖς
973 4530 1030 4596 ἐξ
1062 4529 1254 4594 ἐθνῶν,
1281 4532 1377 4584 καὶ
1397 4531 1516 4586 οὔτι
1540 4549 1644 4586 που
1669 4510 1853 4603 μόνοις
1882 4510 1927 4565 Ῑ)

267 4623 380 4684 τοῖς
417 4620 474 4686 ἐξ
522 4620 750 4689 αἵματος
796 4621 1034 4692 Ἰσραὴλ,
1069 4621 1119 4675 οἳ
1166 4622 1263 4690 τὴν
1305 4623 1476 4694 ὀφρὺν
1502 4623 1855 4687 ἀνασπῶντες

271 4708 479 4777 ὑψηλὴν
530 4709 934 4778 κατεπεφύοντο
984 4710 1095 4764 τῶν
1135 4710 1437 4781 ἀλλογενῶν
1460 4754 1475 4779 ,
1506 4715 1715 4786 -μερίδα
1763 4716 1859 4768 καὶ

271 4799 472 4868 κλῆρον
526 4798 660 4851 Θεοῦ
698 4798 792 4851 καὶ
837 4800 964 4853 λαὸν
1007 4802 1164 4870 ἆγιον
1204 4804 1431 4868 ἑαυτοὺς
1457 4806 1814 4877 ὀνομάζοντες
1838 4825 1851 4838 ⁸

272 4892 571 4959 φάσκοντες
628 4889 722 4953 τὸ,
789 4909 806 4941 ι
840 4892 1115 4963 Μακάριοι
1165 4896 1332 4966 ἐσμεν
1366 4898 1618 4969 Ἰσραὴλ,
1664 4900 1746 4953 ὅτι
1789 4899 1857 4954 τὰ

269 4980 472 5052 ἀρεστά
520 4980 709 5051 Κυρίῳ
756 4981 972 5049 γνωστά
1022 4986 1154 5053 ἡμῖν
1198 4985 1335 5040 ἐστι.
1368 5008 1386 5039 ι
1427 4990 1699 5060 Πρόδηλον
1733 4986 1846 5057 οὖν,

268 5073 349 5126 ὅτι
400 5072 462 5125 οὐ
511 5071 783 5143 σαρκικῆς
828 5073 1108 5141 εὐγενείας
1136 5076 1366 5147 δύναμις
1397 5081 1655 5134 συνάπτει
1687 5082 1808 5153 Θεῴ
1832 5100 1846 5113 ·

269 5166 330 5217 οὐ
366 5164 477 5236 γὰρ
503 5164 583 5217 ὅτι
611 5164 900 5233 γεγόνασιν
939 5165 999 5229 ἐξ
1030 5166 1301 5241 Ἀϐραὰμ,
1346 5172 1546 5243 κλῆρος
1578 5174 1712 5230 Θεοῦ
1750 5192 1849 5245 με-

274 5256 561 5324 μενήκασι,
601 5252 1044 5321 καταλογισθεῖεν
1073 5256 1118 5309 δ’
1146 5257 1214 5311 ἂν
1258 5261 1338 5322 εἰς
1383 5259 1510 5314 λαὸν
1555 5262 1718 5316 αὐτοῦ
1761 5264 1851 5319 διὰ

160 5427 173 5437 1
273 5343 564 5437 συναφείας
595 5342 697 5413 τῆς
731 5347 1107 5437 πνευματικῆς
1150 5350 1198 5401 οἱ
1241 5348 1389 5419 αὐτῷ
1442 5353 1849 5422 προσκείμενοι,

272 5434 375 5486 κᾶν
421 5435 474 5486 εἰ
515 5450 657 5498 τινες
710 5429 820 5486 εῐεν
867 5434 1194 5503 ἀλλογενείς,
1231 5438 1617 5510 προσκείμενοι
1666 5442 1724 5495 δὲ
1763 5444 1852 5499 διὰ

271 5528 505 5590 πίστεώς
551 5544 612 5580 τε
636 5566 651 5591 ,
695 5529 789 5581 καὶ
836 5527 935 5600 τὴν
978 5530 1070 5582 ὐπ’
1100 5530 1250 5600 αὐτῷ
1300 5531 1543 5586 δουλείαν
1598 5536 1849 5603 ἡγεῖσθαι

273 5619 555 5689 καύχημα,
591 5617 686 5712 καί
731 5619 956 5689 ἀγαπᾷν
1003 5619 1064 5671 τὸ
1116 5620 1283 5691 ὄνομα
1327 5623 1759 5698 αὐτοῦ·ἀγαπᾷν
1790 5628 1848 5682 δὲ

344 5802 389 5835 ⁷⁸
416 5762 612 5860 Matth;
639 5819 750 5871 xix,
784 5804 866 5858 12.
945 5806 989 5838 ⁸⁰
1020 5807 1250 5866 Baruclt.
1294 5826 1368 5881 ιν,
1396 5811 1447 5867 4.

1946 3256 2136 3311 servire
2173 3254 2239 3316 ei,
2267 3261 2316 3307 et
2349 3250 2568 3319 diligere
2594 3260 2781 3300 nomen
2833 3239 3068 3301 Domini,
3116 3245 3173 3289 ut
3210 3235 3313 3289 sint
3350 3234 3399 3287 ei
3468 3233 3524 3286 in

1947 3363 2119 3404 seruos
2138 3355 2185 3400 et
2236 3341 2478 3407 ancillas,
2517 3348 2564 3394 et
2608 3336 2900 3408 quicunque
2948 3328 3249 3384 custodiunt
3293 3322 3522 3379 Sabbata

1950 3453 2085 3499 mea,
2138 3450 2200 3487 ne
2272 3429 2550 3499 profanant
2601 3441 2685 3490 ea,
2728 3430 2779 3477 et
2816 3421 2906 3490 qui
2946 3426 3117 3473 tenent
3159 3421 3525 3468 testamentum

1948 3543 2140 3590 meum,
2173 3523 2426 3578 inducam
2462 3534 2547 3573 eos
2597 3517 2650 3569 in
2704 3520 2929 3567 montem
2963 3518 3202 3563 sanctum
3248 3519 3440 3566 meum,
3477 3511 3527 3555 et
3612 3540 3621 3549 .

1950 3616 2255 3674 exhilarabo
2290 3630 2376 3668 eos
2423 3613 2479 3665 in
2506 3611 2661 3664 domo
2696 3604 2950 3661 orationis
2994 3617 3121 3655 mea:
3156 3615 3175 3652 :
3222 3595 3530 3652 holocausta

1950 3725 2128 3767 eorum
2148 3715 2197 3761 et
2218 3705 2440 3761 uictima:
2468 3714 2646 3756 eorum
2677 3705 2828 3752 erunt
2859 3689 3195 3760 acceptabiles
3249 3702 3403 3754 super
3440 3684 3524 3738 at-

1953 3811 2066 3854 tare
2099 3813 2290 3853 meum.
2324 3793 2520 3847 Domus
2558 3790 2696 3843 enim
2731 3803 2846 3841 mea
2892 3786 3079 3838 domus
3114 3777 3369 3833 orationis
3430 3792 3518 3828 va-

1952 3890 2158 3945 cabitur
2180 3884 2378 3940 cunctis
2406 3878 2666 3950 gentibus,
2699 3876 2827 3929 dicit
2860 3874 3135 3938 Dominus,
3182 3868 3273 3938 qui
3303 3882 3521 3935 congre-

1953 3990 2039 4052 gat
2064 3979 2323 4049 dispersos
2348 3972 2540 4029 Israel.

2026 4257 2372 4316 Adnectenda
2399 4254 2661 4312 sunthaec
2692 4246 2906 4322 q‘noque
2928 4245 3314 4317 superioribus,
3347 4252 3405 4298 ut
3424 4243 3531 4298 tale

1956 4354 2085 4425 quid
2122 4352 2334 4407 dicatur
2363 4365 2379 4402 :
2414 4346 2540 4402 Haec
2567 4344 2698 4400 dicit
2725 4341 2980 4398 Dominus
3008 4336 3288 4401 eunuchis,
3321 4344 3376 4390 et
3402 4336 3530 4389 alie-

1957 4444 2191 4514 nigenis,
2225 4439 2459 4496 addictis
2486 4437 2733 4500 Domino,
2765 4443 2823 4487 ut
2850 4433 3090 4487 serviant
3116 4429 3186 4484 ei.
3212 4427 3384 4482 Habet
3403 4441 3532 4496 ergo
3630 4496 3635 4507 Ι

1955 4546 2261 4591 sermonem
2321 4544 2445 4585 cum
2480 4525 2752 4597 gentibus,
2778 4536 2884 4577 non
2923 4534 3044 4576 cum
3071 4518 3204 4575 solis
3248 4514 3528 4574 lsraelitis,

1954 4623 2113 4695 791
2132 4622 2224 4691 qui
2254 4619 2421 4675 altum
2456 4614 2803 4687 supercilium
2829 4608 3127 4681 erigebant,
3177 4616 3233 4661 et
3278 4603 3532 4672 alienige_

1958 4735 2057 4775 nas
2097 4712 2450 4784 itnpetebant,
2489 4722 2549 4763 se
2572 4705 2872 4776 portionem
2896 4712 2951 4756 et
2974 4710 3176 4756 sortem
3210 4698 3325 4764 Dei,
3357 4706 3411 4751 et
3438 4711 3532 4763 po-

1956 4811 2141 4881 pulum
2175 4811 2422 4862 sanctum
2449 4800 2809 4862 nominantes,
2835 4811 2899 4850 ac
2928 4793 3239 4849 dictitantes
3270 4805 3284 4842 :
3321 4807 3339 4840 ι
3382 4786 3529 4840 Beati

1955 4918 2143 4959 smnus
2166 4896 2354 4958 Israel,
2383 4892 2506 4962 quia
2547 4904 2668 4959 qua:
2696 4899 2824 4944 sunt
2867 4895 3087 4954 accepta
3122 4882 3370 4946 Domino,
3405 4887 3531 4933 nota

1955 5001 2083 5049 sunt
2127 4988 2280 5043 nobis
2301 4986 2369 5038 ⁸⁸.
2402 5003 2421 5036 ι
2472 4982 2700 5037 Constat
2759 4993 2890 5049 ergo
2947 4974 3183 5032 carnalis
3235 4970 3533 5026 nobilitatis

1956 5079 2211 5133 virtutem
2243 5090 2341 5129 nos
2378 5072 2490 5126 Deo
2538 5086 2644 5127 non
2690 5068 3051 5136 conjungere;
3088 5079 3191 5118 nec
3212 5063 3358 5144 e‘nim
3390 5059 3532 5128 quod

1956 5171 2067 5228 nati
2100 5178 2226 5225 sunt
2244 5166 2576 5230 Abrahamo,
2626 5176 2749 5218 sors
2797 5161 2889 5215 Dei
2933 5163 3276 5218 manserunt;
3312 5153 3528 5223 sed‘pu-

1956 5263 2081 5333 pulo
2105 5260 2199 5315 Dei
2220 5255 2611 5315 annumerandi
2632 5264 2779 5320 sunt,
2803 5251 2895 5322 qui
2917 5247 3179 5320 spirituali
3209 5245 3397 5313 copula
3429 5241 3528 5309 ipsi

1956 5354 2252 5420 adhaerent,
2281 5348 2495 5407 etiamsi
2549 5347 2864 5417 alienigena)
2910 5342 3041 5406 sint,
3067 5338 3226 5393 modo
3252 5350 3346 5405 per
3373 5334 3530 5386 tidem

1955 5448 2004 5503 ei
2029 5446 2139 5502 sint
2164 5443 2387 5509 addicti,
2424 5441 2649 5512 ejusque
2677 5436 2993 5492 servitutem
3028 5430 3212 5501 gloria:
3272 5426 3375 5480 sibi
3427 5424 3531 5477 du-

1953 5547 2097 5603 cant,
2126 5551 2190 5592 ac
2215 5550 2410 5591 nomen
2432 5533 2551 5601 ejus
2604 5529 2850 5600 diligant,
2880 5534 2936 5580 et
2970 5527 3042 5578 ita
3080 5520 3324 5588 diligant,
3351 5524 3411 5569 ut
3435 5530 3533 5584 per

1951 5628 2365 5685 submissionem
2388 5625 2439 5679 in
2473 5621 2745 5687 omnibus,
2769 5617 2915 5689 regni
2950 5610 3294 5681 illiusjugtnn
3320 5620 3533 5675 semper
