4092 6296
593 349 732 409 1947

1579 349 1636 405 8.
1676 347 1948 404 CYRILLI
1992 348 2460 404 ALEXANDRINI
2499 349 2817 406 ARCHIEI’.

3708 356 3868 413 {2H8

590 471 835 535 subeant,
871 483 975 524 non
1008 469 1074 523 ad
1115 483 1176 524 ea
1208 483 1326 538 qua:
1358 467 1442 526 fas
1488 485 1597 528 non
1636 480 1721 527 est
1765 471 2147 542 digredientes,

2258 471 2430 536 οὕτως
2457 470 2532 531 ὡς
2559 472 2647 526 διὰ
2671 473 2769 543 τῆς
2799 472 3029 526 εἰσάπαν
3060 471 3340 542 ὑποταγῆς
3365 472 3465 542 τῆς
3484 474 3649 528 αὐτοῦ
3686 478 3860 546 βασι-

592 575 689 614 nec
722 559 982 630 prmci'piti
1011 563 1209 631 impetu
1237 563 1303 616 ad
1335 562 1632 618 alienorum
1681 563 1904 620 deorum
1953 564 2158 618 cultum

589 660 950 718 recurrentes,
971 653 1064 708 sed
1090 653 1248 708 ﬁxam
1271 669 1334 710 ac
1379 655 1656 710 immotam
1711 664 1942 710 mentem
1966 655 2161 710 haben-

590 751 688 804 tes,
709 751 762 795 et
786 742 858 795 ita
893 741 1125 799 Sabbata
1155 744 1292 814 ejus,
1313 747 1559 802 videlicet
1584 747 1809 812 Christi,
1859 747 2159 804 observan-

587 843 688 896 tes,
729 843 868 888 utea
897 851 1001 892 non
1037 837 1258 894 violent.
1300 838 1596 894 Sabbatum
1638 841 1782 895 enint
1839 841 2021 896 colunt
2063 840 2159 895 Ju-

585 923 683 976 dzei
715 937 778 977 ex
813 925 946 994 legis
977 929 1315 998 praescripto,
1377 945 1594 986 carnem
1641 931 1788 986 omni
1829 932 2016 986 labore
2069 947 2158 986 va-

584 1029 740 1070 cuam
763 1028 1064 1082 servantes,
1091 1030 1145 1074 et
1176 1023 1345 1076 mium
1379 1023 1542 1078 veluti
1596 1025 1649 1079 in
1715 1026 1948 1095 negotiis
1975 1041 2158 1096 corpo-

586 1106 788 1164 ralibus
809 1119 1049 1177 agentes.
1084 1113 1189 1168 Sed
1219 1113 1307 1168 hic
1336 1115 1698 1172 sabbatismus
1719 1133 1748 1170 a
1777 1118 1888 1173 Deo
1926 1119 2155 1188 rejectus

583 1206 683 1251 est.
714 1199 814 1266 Qui
845 1217 970 1258 vero
998 1206 1050 1260 in
1075 1208 1312 1275 requiem
1339 1205 1544 1264 Christi
1573 1209 1886 1280 ingreditur,
1905 1219 1961 1266 et
1975 1219 2154 1266 mente

589 1289 912 1358 sabbatizat,
941 1310 968 1348 α
1001 1296 1117 1352 suis
1174 1296 1400 1354 feriatur
1438 1299 1711 1369 operibus.
1750 1300 1843 1355 Sic
1898 1301 2151 1356 nimirum

587 1381 776 1436 scribit
805 1386 1234 1454 sapientissimus
1261 1390 1476 1446 Paulus.
1505 1393 1687 1462 itaque
1713 1394 2060 1449 inducturum
2096 1409 2153 1450 se

586 1473 866 1539 pollicetur
902 1477 1231 1549 alienigenas
1261 1482 1312 1534 in
1343 1493 1580 1538 montem
1603 1500 1758 1540 suum
1787 1501 2056 1552 sanctum,
2098 1496 2153 1543 et

585 1564 764 1620 laetitia
798 1567 1112 1624 aﬂ‘eclurum
1144 1571 1194 1625 in
1225 1573 1385 1628 domo
1408 1575 1669 1630 orationis
1725 1592 1854 1633 suze.
1894 1578 1991 1634 Hic
2020 1581 2148 1635 milii

586 1654 724 1720 vide,
761 1658 1005 1712 umbram
1031 1659 1170 1729 legis
1191 1678 1434 1718 eversam
1451 1679 1592 1730 esse,
1611 1675 1665 1720 et
1688 1667 1880 1724 littera:
1909 1680 2149 1726 vetusta-

585 1752 693 1798 tem
742 1746 853 1815 iam
911 1751 1234 1807 ineiIicacem
1297 1756 1709 1824 quodammodo.
1758 1759 1948 1816 Omnia
2005 1764 2148 1818 enim

587 1835 728 1891 facta
776 1847 899 1892 sunt
947 1841 997 1894 in
1025 1841 1240 1897 Christo
1273 1860 1445 1912 nova;
1477 1849 1850 1916 praeterierunt
1874 1860 2053 1906 vetera
2079 1855 2144 1910 ⁸¹.

584 1928 762 1983 Vetuit
783 1932 866 1984 lex
905 1932 1232 2005 alienigenas
1270 1937 1484 1993 domum
1507 1940 1594 1995 Dei
1622 1941 1858 2010 ingredi';
1890 1959 2012 1999 nam
2033 1947 2141 2002 ait:

587 2038 604 2071 ι
650 2020 766 2076 Non
795 2024 1019 2080 intrabit
1047 2028 1350 2085 Ammonita
1378 2038 1433 2086 et
1478 2031 1708 2087 Moabita
1765 2035 1816 2089 in
1851 2035 2147 2093 Ecciesiam

583 2111 790 2170 Domini
823 2115 890 2172 ”.
921 2137 941 2170 ι
972 2119 1042 2174 At
1063 2123 1438 2178 universorum
1470 2123 1727 2182 Servator
1773 2135 1827 2182 et
1869 2129 2145 2198 Dominus,

584 2206 740 2260 rebus
769 2212 970 2264 nostris
994 2213 1044 2267 in
1081 2217 1368 2271 novitatem
1415 2219 1751 2288 spirituaiem
1783 2224 2146 2290 commutatis,

581 2299 908 2372 alienigenas
940 2303 992 2357 in
1019 2305 1234 2360 domum
1260 2317 1501 2364 sanctam
1531 2325 1685 2364 suam
1718 2312 2059 2367 inducturum
2091 2329 2149 2370 se

582 2389 878 2456 pollicetur.
911 2393 1142 2451 Montem
1171 2397 1313 2452 enim
1353 2411 1596 2456 sanctum
1620 2403 1820 2457 nullum
1844 2404 2004 2459 alium
2029 2421 2148 2461 esse

581 2484 713 2538 dicit
764 2498 923 2555 quam
979 2504 1128 2543 suam
1192 2490 1486 2546 Ecclesiam
1524 2512 1536 2548 :
1573 2494 1626 2548 in
1679 2510 1838 2565 quam
1901 2497 2146 2566 ingressi,

577 2575 968 2645 exhilarantur,
997 2581 1148 2636 donis
1175 2583 1293 2651 ejus
1314 2582 1608 2650 afﬂuentes,
1639 2594 1693 2640 et
1724 2601 1818 2654 spe
1840 2596 2146 2642 sanctorum

579 2666 756 2722 ditati.
790 2668 939 2734 Quod
965 2681 1142 2724 autem
1178 2687 1308 2740 pure
1361 2683 1416 2727 et
1451 2675 1659 2745 integre
1711 2679 1973 2732 versaturi
2017 2679 2144 2744 sint,

579 2765 626 2806 et
663 2756 825 2812 Deum
857 2762 1230 2816 universorum
1278 2766 1595 2834 placabilem
1645 2783 1706 2823 ac
1737 2771 2021 2838 propitium
2049 2774 2148 2826 ha-

583 2843 764 2908 bituri,
796 2847 1123 2915 signiﬁcavit
1160 2851 1442 2920 inquiens:
1475 2873 1493 2904 ι
1533 2856 1852 2912 lioiocausta
1877 2873 2062 2915 eorum
2094 2873 2150 2917 et

580 2932 808 2987 ιίοιίιιιεο
828 2949 1015 2989 eorum
1043 2951 1201 2994 erunt
1228 2946 1583 3011 acceptabiles
1611 2947 1770 3018 792
1795 2965 1955 3018 super
1981 2951 2149 3008 altare

583 3037 787 3076 nterim.
815 3044 833 3077 ι
868 3023 1052 3082 Oratio
1087 3043 1265 3087 autem
1300 3035 1412 3090 lure
1438 3045 1690 3106 tanquam
1739 3042 1804 3094 ab
1833 3044 2076 3113 exemplo
2095 3055 2150 3100 et

2263 561 2410 626 λείας
2438 561 2758 634 ὑποτρέχειν
2783 564 2872 617 ἀεὶ
2893 563 2984 619 τὸν
3010 562 3198 632 ζυγὸν,
3231 564 3305 636 μὴ
3335 564 3724 634 ἐξισταμένους
3758 570 3856 635 ἐφ’

2259 653 2295 707 ἃ
2323 652 2398 724 μὴ
2428 653 2604 724 θέμις,
2635 655 2776 724 μήτε
2817 654 2925 726 μὴν
2968 655 3371 726 εὐπαραφόρως
3411 655 3633 725 ἔχοντας
3667 658 3746 720 εἰς
3789 657 3859 711 τὸ

2259 743 2472 798 ἑλέσθαι
2523 745 2904 816 παλινδρομεῖν
2954 747 3046 799 ἐπί
3097 758 3163 815 γε
3213 745 3276 798 τὸ
3321 747 3432 800 δεῖν
3483 749 3852 818 προσκεῖσθαι

2259 833 2400 899 θεοῖς
2441 834 2668 906 ἑτέροις,
2701 838 3099 908 ἐρηρεισμένην
3123 838 3179 891 δὲ
3213 838 3411 908 μᾶλλον
3441 841 3533 893 καὶ
3568 840 3855 910 ἀκράὸαν-

2257 941 2348 976 τον
2391 923 2612 994 ἔχοντας
2660 925 2930 990 διάνοιαν,
2984 926 3126 979 οὕτω
3168 943 3227 979 τε
3277 928 3723 998 φυλασσομένους
3780 931 3852 984 τὰ

2258 1013 2509 1068 Σάὸὁατα
2536 1015 2723 1082 αὐτοῦ,
2747 1015 2889 1069 ὥστε
2922 1016 2996 1086 μὴ
3033 1017 3296 1086 βεϐηλοῦν
3327 1019 3489 1082 αὐτὰ,
3516 1021 3761 1091 Χριστοῦ
3787 1022 3847 1073 δὲ

2255 1105 2515 1174 δηλονότι.
2541 1105 2933 1170 Σαϐϐατίζουσι
2955 1107 3066 1178 γὰρ
3099 1110 3340 1163 Ἰουδαῖοι
3370 1111 3508 1164 κατὰ
3530 1112 3621 1164 τὸν
3648 1113 3844 1180 νόμον,

2254 1196 2353 1265 τὴν
2385 1197 2562 1266 σάρκα
2591 1197 2880 1270 τηροῦντες
2916 1199 3020 1263 ἔξω
3052 1201 3216 1253 πόνου
3252 1202 3472 1265 παντὸς,
3503 1203 3597 1256 καὶ
3636 1204 3842 1271 ἀργίαν

2256 1285 2664 1357 ἐπιτηδεύοντες
2707 1287 2806 1358 τὴν
2845 1289 2918 1351 ὡς
2947 1290 3008 1342 ὲν
3042 1288 3222 1360 ἔργοις
3268 1297 3615 1360 σωματικοῖς.
3637 1294 3784 1344 Ἀλλ’
3812 1299 3842 1346 ὁ

2253 1377 2491 1441 τοιοῦτος
2524 1377 2892 1449 σαϐϐατισμὸς
2918 1381 3224 1450 ἀπόϐλητος
3251 1379 3319 1452 ἦν
3353 1383 3504 1454 παρὰ
3543 1384 3684 1453 Θεῷο
3715 1387 3743 1436 ὁ
3783 1385 3838 1436 δὲ

2254 1467 2509 1522 εἰσελθὼν
2551 1471 2633 1532 εἰς
2670 1469 2768 1541 τὴν
2793 1465 3142 1526 κατάπαυσιν
3173 1472 3267 1525 τοῦ
3297 1473 3552 1543 Χριστοῦ,
3586 1475 3682 1527 καὶ
3711 1492 3839 1544 νοη-

2252 1559 2360 1624 τῶς
2401 1559 2762 1626 σαὸὁατίζων,
2795 1564 3137 1616 κατέπαυσεν
3169 1565 3276 1617 ἀπο
3313 1565 3422 1618 τῶν
3454 1566 3600 1618 ἰδίων
3634 1566 3835 1636 ἔργων.

2253 1652 2455 1722 Γράφει
2484 1651 2608 1721 γοῦν
2636 1653 2805 1718 οὕτως
2832 1655 2860 1706 ὁ
2890 1655 3162 1723 πάνσοφος
3190 1655 3420 1720 Παῦλος.
3449 1658 3588 1722 Τοὺς
3617 1657 3718 1710 νῦν
3747 1659 3836 1711 ἀλα

2253 1742 2489 1810 λογενείς
2528 1742 2762 1807 εἰσάξειν
2801 1745 3198 1813 ἐπαγγέλλεται
3224 1748 3303 1809 εἰς
3335 1747 3394 1798 τὸ
3426 1745 3553 1814 ὅρος
3586 1748 3648 1799 τὸ
3681 1748 3846 1816 ἅγιον

2251 1833 2440 1898 αὑτοῦ,
2483 1835 2577 1888 καὶ
2621 1836 3036 1903 κατευφραίνειν
3082 1839 3280 1900 αὐτοὺς
3324 1838 3380 1891 ὲν
3423 1838 3502 1908 τῷ
3552 1841 3691 1909 οἴκῳ
3736 1840 3843 1909 τῆς

2253 1928 2558 1997 προσευχῆς
2593 1928 2779 1981 αὐτοῦ.
2809 1927 3075 1983 Ἐνταῦθά
3109 1948 3198 2000 μοι
3219 1931 3381 2000 βλέπε
3413 1932 3512 2000 τὴν
3539 1932 3634 1985 τοῦ
3667 1933 3854 2001 νόμου-

2253 2023 2412 2076 σκιὰν
2456 2023 2946 2094 ἀνατετραμμένην
2975 2066 2990 2089 ,
3043 2027 3137 2078 καὶ
3196 2028 3294 2095 τὴν
3349 2027 3689 2097 παλαιότητα
3742 2029 3844 2080 τοῦ

2249 2111 2575 2182 γράμματος
2606 2102 2991 2184 ἀπρακτοῦσαν
3019 2117 3119 2188 ἤδη
3150 2134 3284 2180 πως.
3328 2117 3510 2171 Πάντα
3540 2118 3648 2188 γὰρ
3680 2120 3847 2186 γέγο.

2251 2220 2336 2255 νεν
2363 2205 2420 2258 ὲν
2447 2205 2669 2276 Χριστῷ
2689 2205 2870 2270 καινὰ,
2902 2208 2972 2260 τὰ
3004 2209 3206 2278 ἀρχαῖα
3237 2209 3533 2279 παρῆλθεν.
3555 2211 3767 2278 ’Ᾱπέφη
3781 2229 3843 2264 σε

2253 2297 2350 2366 μὲν
2378 2298 2406 2350 ό
2440 2297 2600 2367 νόμος
2631 2299 2724 2351 τοῦ
2753 2299 2861 2352 δεῖν
2890 2299 2971 2362 εἰς
3005 2295 3154 2353 οἶκον
3184 2301 3318 2352 ἰέναι
3353 2299 3487 2352 Θεοῦ
3516 2299 3644 2363 τοὺς
3681 2301 3841 2352 ἀλλο-

2249 2389 2427 2455 γενεῖς
2445 2403 2461 2416 ο
2485 2389 2590 2459 ἔφη
2611 2389 2748 2461 γάρ·
2787 2409 2806 2441 ι
2833 2392 2946 2444 Οὐκ
2976 2390 3339 2444 εἰσελεύσεται
3375 2391 3714 2461 ’Δμμονίτης
3741 2395 3839 2444 καὶ

2249 2479 2544 2550 Μωαϐίτης
2573 2483 2650 2544 εἰς
2686 2481 3014 2553 Ἐκκλησίαν
3030 2483 3259 2552 Κυρίου.
3276 2502 3294 2534 ι
3336 2483 3394 2535 '0
3414 2483 3472 2536 δέ
3489 2500 3553 2551 γε
3573 2482 3682 2535 τῶν
3699 2483 3852 2536 ὅλων

2251 2571 2440 2641 Σωτὴρ
2489 2573 2582 2626 καὶ
2616 2573 2819 2645 Κύριος
2851 2576 2930 2639 εἰς
2977 2576 3270 2646 καινότητα
3309 2575 3407 2644 τὴν
3450 2575 3839 2644 πνευματικὴν

2249 2662 2316 2715 τὰ
2359 2663 2479 2714 καθ’
2509 2665 2655 2732 ἡμᾶς
2691 2664 2968 2733 μεθιστὰς,
2997 2665 3234 2729 εἰσάξειν
3278 2667 3358 2728 εἰς
3404 2665 3495 2718 τὸν
3541 2660 3696 2718 οἰκον
3746 2667 3840 2718 τὸν

2250 2751 2402 2818 ἅγιον
2424 2753 2616 2805 ἑαυτοῦ
2650 2755 3149 2824 κατεπαγγέλλεται
3176 2758 3306 2820 τοὺς
3329 2756 3839 2828 άλλογενείς.’ορος

2247 2843 2353 2915 γὰρ
2385 2843 2537 2911 ἇγιον
2564 2845 2716 2898 οὐδὲν
2741 2846 2925 2916 ἕτερον
2952 2844 3088 2902 εἷναί
3120 2866 3276 2917 φησι,
3310 2849 3447 2918 πλὴν
3481 2850 3565 2902 ὅτι
3593 2850 3696 2919 τὴν
3720 2851 3837 2903 ἐαυ-

2247 2937 2339 2990 τοῦ
2358 2937 2699 3007 Ἐκκλησίαν,
2729 2941 2807 3001 εἰς
2831 2941 2896 3011 ἢν
2933 2940 3310 3004 εἰσελάσαντες
3341 2942 3838 3010 κατευφραίνονται

2249 3033 2357 3092 τοῖς
2399 3030 2525 3099 παρ’
2553 3030 2716 3082 αὑτοῦ
2761 3031 3113 3102 χαρίσμασιν,
3151 3032 3520 3102 ἐντρυφῶντες
3565 3033 3834 3101 δηλονότι,

583 3124 703 3183 typo
730 3115 910 3184 legalis
939 3123 1116 3179 cultus
1143 3137 1354 3196 sumpta
1400 3139 1500 3183 est.
1527 3129 1659 3185 Nam
1713 3133 1840 3188 olim
1875 3138 2072 3193 arietes
2095 3147 2147 3193 ct

2252 3122 2344 3174 καὶ
2375 3122 2472 3192 τὴν
2503 3121 2611 3174 τῶν
2651 3121 2821 3190 ἁγίων
2863 3121 3216 3185 πλουτοῦντες
3243 3123 3458 3177 ἐλπίδα·
3487 3126 3568 3177 ὅτι
3596 3124 3653 3177 δὲ
3680 3126 3834 3178 πολι-

580 3208 760 3264 hircos
789 3210 1087 3277 incendere,
1123 3231 1187 3273 ac
1214 3220 1474 3276 sacriﬁcia
1503 3222 1696 3280 oﬂ‘erre
1716 3227 1958 3282 solebant
1976 3228 2146 3286 Israe-

581 3299 704 3354 iilm.
739 3301 842 3357 Sed
874 3308 1147 3374 quoniam,
1180 3312 1386 3377 utdixi,
1423 3317 1610 3371 umbra
1641 3320 1873 3384 transiit,
1910 3339 2017 3377 non
2051 3338 2146 3392 per

578 3395 867 3462 sanguines
904 3399 1103 3454 aditum
1139 3401 1239 3456 sibi
1303 3405 1524 3472 faciunt,
1559 3424 1623 3463 ex
1655 3412 1905 3478 gentibus
1930 3417 2142 3481 vocati;

579 3486 671 3536 sed
703 3485 860 3541 veluti
889 3491 1090 3558 seipsos
1116 3494 1224 3548 Deo
1262 3499 1602 3563 sacriﬁcant,
1653 3504 1853 3555 mundo
1908 3507 2144 3561 morien-

581 3583 680 3639 tes,
705 3575 925 3642 justitiae
960 3583 1219 3647 viventes,
1252 3587 1406 3640 sicuti
1445 3589 1702 3658 scriptum
1727 3604 1809 3648 est
1835 3595 1924 3647 δ”.
1976 3597 2145 3652 Erunt

579 3672 757 3717 auten:
787 3670 1012 3736 accepti,
1056 3681 1106 3724 et
1144 3673 1194 3726 in
1229 3676 1448 3731 odorem
1477 3681 1778 3750 suavitatis,
1807 3693 1916 3739 tum
1968 3687 2021 3741 iii
2053 3691 2142 3757 qui

581 3765 746 3810 totam
777 3761 928 3827 quasi
963 3763 1125 3816 vitam
1147 3776 1387 3821 sanctam
1423 3772 1670 3838 reddunt,
1723 3775 1865 3830 velut
1893 3779 2146 3836 holocau-

580 3857 798 3913 Ionvata,
861 3860 969 3906 tum
1011 3857 1174 3910 etiam
1225 3859 1275 3912 Ιιί
1306 3862 1395 3928 qui
1454 3863 1778 3932 particulare
1820 3871 2144 3929 sacriﬁcium

577 3938 808 3996 oderunt
837 3959 850 3996 :
902 3945 1078 4013 qualis
1103 3959 1186 4002 est
1231 3951 1337 4005 vita
1381 3967 1566 4009 eorum
1597 3957 1690 4024 qui
1723 3962 1938 4028 nuptias
1959 3963 2013 4017 in
2039 3965 2146 4020 Do-

579 4029 723 4084 mino
751 4042 1150 4105 contraxerunt,
1176 4039 1330 4095 divisi
1368 4045 1759 4111 quodammodo
1794 4050 1899 4106 Deo
1922 4064 2146 4109 etmun-

579 4118 668 4174 (lo.
724 4121 1032 4179 Animantia
1093 4130 1235 4184 enim
1291 4133 1341 4186 in
1392 4136 1717 4192 sacriﬁcium
1783 4155 1875 4196 seu
1914 4144 2143 4202 hostiam

579 4209 776 4276 oblata,
803 4228 906 4267 non
934 4215 1160 4284 integra,
1191 4222 1284 4274 sed
1336 4223 1558 4280 dimidia
1613 4228 1697 4282 vel
1758 4245 1823 4284 ex
1855 4243 2008 4302 parte
2036 4239 2146 4293 aris

580 4301 1011 4368 imponebantur.
1037 4309 1255 4378 Accepti
1294 4324 1418 4368 sunt
1447 4330 1576 4386 ergo
1624 4301 1959 4390 alienigenae,
1993 4326 2146 4397 seip-

578 4407 666 4447 sos
688 4395 737 4448 in
767 4395 1112 4462 fragrantiam
1130 4404 1460 4471 spiritualem
1484 4409 1950 4481 oil'erentesQuod
1967 4395 2141 4473 autem

579 4499 684 4538 non
727 4486 856 4542 solis
893 4489 1148 4548 lsraelitis
1174 4496 1433 4552 tributum
1483 4500 1555 4553 sit
1596 4501 1834 4556 divinum
1865 4506 2140 4576 templum,

513 4573 537 4660 ἰ
577 4593 670 4630 seu
699 4579 888 4634 domus
921 4584 1184 4639 orationis
1220 4585 1313 4640 Dei
1353 4589 1442 4656 qui
1478 4599 1564 4645 est
1615 4606 1774 4660 supra
1801 4573 2009 4657 omnes,
2049 4599 2141 4653 sed

532 4653 537 4724 ἰ
575 4671 824 4725 omnibus
857 4687 954 4740 per
981 4678 1168 4731 orbem
1205 4688 1497 4744 terrarum,
1529 4684 1882 4741 conversione
1925 4697 1981 4742 et
2042 4689 2146 4744 ﬁde

576 4762 642 4814 ad
669 4763 990 4832 agnitionem
1015 4767 1182 4835 ipsius
1199 4772 1402 4827 vocatis
1434 4771 1780 4841 patefactum,
1802 4779 2142 4847 perspicuum

578 4851 726 4917 facit,
769 4857 1056 4923 inquiens:
1089 4861 1286 4916 Domus
1330 4879 1444 4918 mea
1487 4866 1678 4921 domus
1725 4870 1986 4925 orationis
2046 4887 2140 4927 vo-

576 4945 787 5001 cabitur
827 4952 1079 5007 omnibus
1121 4952 1386 5024 gentibus.
1440 4957 1572 5023 Quis
1600 4969 1834 5029 estergo
1885 4962 1976 5030 qui
2034 4963 2149 5018 htec

575 5040 855 5106 promisit?
886 5042 1020 5098 Num
1045 5044 1259 5100 divinus
1282 5049 1538 5117 propheta
1587 5050 1774 5116 Isaias,
1800 5053 1947 5108 velut
1966 5069 2029 5109 ex
2054 5070 2148 5109 sua

519 5154 525 5160 -
577 5133 881 5188 sententia?
933 5135 1169 5192 Minime.
1227 5137 1371 5192 Dixit
1423 5141 1566 5195 enim
1624 5143 1902 5208 Dominus,
1951 5144 2144 5216 inquit,

576 5225 666 5294 qui
721 5239 1010 5298 congregat
1072 5230 1345 5300 dispersos
1399 5233 1580 5288 Israel.
1647 5235 1737 5290 lite
1809 5247 1934 5292 sunt
1986 5237 2147 5307 igitur

577 5314 867 5377 orationes,
906 5319 989 5372 ita).
1018 5333 1178 5375 voces
1227 5323 1683 5378 commiserantia.
1738 5325 1937 5380 Natura
1997 5329 2142 5382 enim

581 5407 751 5461 bonus
775 5421 897 5462 cum
920 5411 1010 5475 sit,
1035 5425 1226 5468 omnes
1249 5412 1493 5468 homines
1519 5414 1697 5469 salvos
1715 5414 1828 5471 ﬁeri
1856 5415 1988 5481 vult,
2016 5419 2147 5473 etad

581 5498 906 5565 agnitionem
939 5502 1183 5559 veritatis
1212 5505 1397 5562 venire
1417 5507 1526 5560 3’“.
1553 5507 1820 5562 Caeterum
1851 5507 2149 5563 clementia:

582 5589 1000 5658 magnitudinem
1058 5611 1162 5650 non
1210 5597 1263 5651 in
1314 5597 1442 5654 solis
1499 5599 1746 5667 gentibus
1810 5600 2125 5669 apparuisse

2256 3212 2536 3267 ’πεύσονται
2584 3213 2861 3285 καθαρῶς,
2905 3215 3108 3284 εὐμενῆ
3155 3233 3213 3268 τε
3269 3217 3364 3269 καὶ
3411 3216 3541 3268 ἵλεω
3587 3217 3685 3269 τὸν
3725 3216 3833 3268 τῶν

2255 3303 2390 3357 ὅλων
2427 3303 2605 3370 ἕξουσι
2633 3305 2785 3370 Θεὸν,
2827 3306 3233 3376 διαμεμήνυκεν
3265 3306 3456 3370 εἰπὼν,
3489 3309 3570 3360 ὅτι
3603 3308 3681 3360 Τὰ
3709 3308 3836 3360 ὀλο-

2257 3396 2587 3467 καυτώματα
2613 3398 2810 3460 αὐτῶν,
2838 3397 2932 3451 καὶ
2964 3400 3021 3451 αί
3049 3399 3228 3452 θυσίαι
3277 3399 3454 3452 αὐτῶν
3489 3400 3700 3452 ἔσονται
3743 3399 3829 3451 δε-

2257 3488 2378 3540 κ’.ταί¹
2416 3488 2598 3554 ἐπὶιτὸ
2625 3488 3008 3560 θυσιαστήριον
3051 3507 3174 3560 μου.
3208 3491 3402 3560 Γέγονε
3428 3491 3482 3543 δὲ
3507 3494 3533 3544 ὁ
3558 3491 3719 3557 λόγκ
3752 3491 3832 3554 ὼς

2256 3579 2319 3630 ἐκ
2366 3578 2806 3648 παραδείγματος
2846 3581 2940 3632 καὶ
2976 3579 3148 3633 τύπου
3194 3582 3296 3650 τῆς
3337 3581 3467 3634 κατὰ
3518 3581 3682 3649 νόμον
3727 3581 3836 3635 λαο

2254 3669 2458 3738 τρείας.
2491 3670 2667 3723 Πάλαι
2685 3671 2782 3742 μὲν
2799 3672 2905 3742 γὰρ
2931 3673 3118 3742 κριοὺς
3141 3674 3235 3726 καὶ
3251 3673 3475 3743 ταύρους
3497 3673 3836 3726 ὁλοκαυτοῦν

2254 3760 2373 3825 ἔθος
2397 3757 2465 3832 ἦν
2496 3766 2608 3826 τοϊς
2635 3761 2696 3827 ἐξ
2723 3763 2954 3834 Ἰσραὴλ,
2985 3766 3174 3829 θυσίας
3199 3782 3258 3818 τε
3281 3767 3592 3836 προσάγειν.
3610 3766 3831 3837 Ἐπειδὴ

2252 3854 2330 3916 δὲ,
2355 3855 2430 3918 ὼς
2458 3854 2614 3926 ἔφην,
2645 3855 3024 3927 παρελήλακεν
3047 3860 3078 3928 ἡ
3111 3860 3258 3920 σκιὰ,
3288 3859 3348 3912 οὐ
3369 3859 3467 3928 τὴν
3491 3859 3554 3912 δι’
3583 3861 3831 3928 αἱμάτων

2256 3946 2528 4001 ποιοῦνται
2581 3948 2842 4019 πρόσοδον
2892 3950 2942 4001 οἰ
2996 3949 3058 4013 ἐξ
3105 3950 3276 4003 ἐθνῶν
3319 3951 3667 4019 κεκλημένοι,
3713 3953 3830 4004 ἀλλ’

2251 4031 2362 4090 οἷον
2396 4038 2622 4102 ἑαυτοὺς
2668 4039 3010 4109 ἰερουργοῦσι
3049 4039 3126 4110 τῷ
3165 4032 3303 4110 Θεῷ,
3331 4043 3524 4112 κόσμῳ
3561 4043 3658 4112 μὲν
3691 4045 3828 4095 ἁπο-

2253 4129 2598 4199 θνήσκοντες,
2631 4129 2832 4194 ζῶντες
2861 4130 2916 4183 δὲ
2959 4133 3024 4201 τῇ
3071 4131 3409 4204 δικαιοσύνῃ,
3445 4134 3588 4187 καθα
3627 4135 3832 4204 γέγρα-

2253 4239 2403 4276 πται.
2442 4223 2695 4274 Ἔσονται
2715 4221 2773 4274 δὲ
2815 4221 3014 4285 δεκτοὶ,
3049 4222 3142 4274 καὶ
3172 4224 3252 4286 εἰς
3281 4223 3456 4293 ὀσμὴν
3498 4225 3744 4289 εὐωδίας,
3776 4228 3823 4278 οἱ

2257 4312 2354 4381 μὲν
2377 4313 2505 4382 ὃλην
2525 4313 2731 4366 ἑαυτῶν
2754 4313 2850 4383 τὴν
2873 4312 3016 4382 ζωὴν
3033 4312 3223 4384 ὥσπερ
3245 4314 3398 4384 ἱερὰν
3415 4316 3827 4384 ἀποφαίνοντες,

2252 4405 2327 4468 ὡς
2365 4407 2423 4458 ὲν
2465 4404 2615 4468 τάξει
2661 4404 2898 4458 νοεῖσθαι
2925 4405 3033 4458 τῶν
3065 4407 3532 4476 ὁλοκαυτωμάτων
3558 4423 3571 4438 ”
3599 4409 3646 4461 οἰ
3676 4408 3732 4461 δὲ
3755 4406 3836 4470 ὡς

2249 4496 2437 4551 θυσίαν
2487 4497 2750 4568 μερικὴν,
2784 4495 2946 4550 ὁποία
2986 4495 3069 4559 τίς
3120 4497 3268 4550 ἐστιν
3304 4500 3336 4567 ἡ
3372 4498 3480 4550 τῶν
3530 4498 3588 4550 ἐν
3644 4499 3844 4569 Κυρίῳ

2248 4589 2640 4658 γεγαμηκότων
2688 4588 2824 4660 ζωὴ,
2869 4590 3289 4659 μεμερισμένων
3319 4590 3518 4660 τρόπον
3549 4590 3671 4644 τινὰ
3716 4591 3835 4657 Θεῷ

2247 4697 2307 4732 τε
2338 4679 2432 4732 καὶ
2457 4680 2664 4748 κόσμῳ.
2691 4679 2771 4732 Τὰ
2794 4679 2903 4750 γὰρ
2931 4681 3011 4743 εἰς
3041 4679 3231 4743 θυσίας
3268 4681 3691 4752 προσφερόμενα
3728 4681 3834 4733 te};

2249 4771 2402 4834 ζώων
2440 4770 2537 4839 οὐχ
2576 4769 2846 4840 ὁλόκληρα
2886 4774 2999 4834 τοῖς
3041 4770 3448 4841 θυσιαστηρίοις
3485 4772 3834 4824 ἐναπετίθετο

2255 4862 2471 4931 μᾶλλον,
2499 4863 2612 4915 ἀλλ’
2642 4861 2702 4926 ἐξ
2746 4863 3022 4932 ἡμισείας,
3048 4863 3214 4932 ἤγουν
3262 4864 3328 4915 ἐκ
3374 4863 3591 4933 μέρους.
3645 4865 3836 4914 Δεκτοὶ

2244 4953 2528 5023 τοιγαροῦν
2557 4953 2606 5006 οἱ
2637 4953 2962 5021 ἁλλογενεῖς,
2995 4954 3223 5014 ἑαυτοὺς
3261 4953 3606 5015 ἀνατιθέντες
3634 4955 3716 5015 εἰς
3743 4953 3836 5004 εἱμ-

2243 5039 2440 5109 οσμίαν
2492 5041 2885 5110 πνευματικήν.
2925 5041 3048 5094 ’Ότι
3103 5041 3161 5095 δὲ
3209 5042 3329 5110 οὐχ).
3379 5041 3565 5110 μόνοις
3612 5041 3729 5104 τοίς
3778 5039 3838 5103 ἐξ

2257 5135 2474 5208 Ἰσραὴλ
2501 5137 2529 5189 ὁ
2563 5136 2702 5196 θεῖος
2726 5136 3083 5206 ὲκνενὲμηται
3110 5135 3264 5199 νεὼς,
3291 5137 3457 5206 ῆγουν
3491 5137 3520 5188 ὁ
3550 5131 3702 5197 οἶκος
3737 5134 3836 5202 τῆς

2248 5227 2555 5298 προσευχῆς
2603 5226 2696 5280 τοῦ
2731 5228 2824 5280 ἐπὶ
2853 5230 3056 5292 πάντας
3087 5227 3245 5293 Θεοῦ,
3281 5231 3511 5282 αἰνεῖται
3542 5228 3599 5281 δὲ
3636 5226 3838 5297 μᾶλλον

2243 5322 2358 5383 τοῖς
2388 5319 2492 5373 άνὰ
2523 5321 2700 5374 πᾶσαν
2729 5319 2824 5390 τὴν
2856 5321 2962 5390 γῆν
2995 5321 3060 5373 δι’
3086 5320 3418 5390 ἐπιστροφῆς
3451 5319 3547 5371 καὶ
3597 5319 3838 5378 πίστεως

2247 5411 2595 5480 καλουμένοις
2623 5413 2702 5475 εἰς
2724 5412 3018 5480 ἐπίγνωσιν
3047 5410 3233 5476 αὐτοῦ,
3256 5410 3577 5479 καθίστησιν
3609 5409 3840 5478 ἐναργὲς

2247 5504 2436 5565 εἰπὼν,
2471 5507 2554 5558 ὅτι
2592 5505 2651 5558 '0
2677 5501 2822 5568 οἷκός
2872 5523 2971 5575 μου
3029 5501 3176 5568 οἶκος
3222 5505 3532 5574 προσευχῆς
3568 5500 3843 5570 κληθήσε-

2246 5613 2333 5649 ται
2382 5597 2514 5648 πᾶσι
2559 5597 2671 5658 τοῖς
2716 5594 2909 5649 ἔθνεσι.
2963 5595 3054 5658 Τίς
3102 5591 3192 5648 οὖν
3240 5594 3345 5662 ἄρα
3404 5593 3553 5645 ἐστὶν
3584 5592 3613 5643 ὸ
3667 5589 3847 5644 ταῦτα

652 5760 692 5792 ⁶¹
734 5759 772 5814 ΙΙ
806 5760 933 5816 Cor.
963 5780 1014 5831 v,
1054 5767 1136 5820 t7.
1212 5770 1254 5800 ⁸³
1284 5771 1438 5826 Dcut.
1483 5787 1636 5838 χχιιι,
1673 5773 1723 5827 5.
1768 5773 2147 5855 ο⁸Π²⁶λΕοιιΙ.ῦιιῖ

2271 5789 2346 5843 vr,
2376 5774 2468 5843 li;
2497 5771 2517 5826 ι
2548 5771 2691 5829 Ιόιι.
2728 5789 2787 5842 ιι,
2821 5774 2912 5828 25.
3108 5771 3127 5826 l
3158 5771 3292 5825 Tim.
3327 5784 3388 5835 ιι,
3417 5769 3465 5822 ι.
