4078 6292
253 363 402 420 ιειο

1375 351 1441 409 ΙΝ
1492 351 1724 408 lSAlAM
1767 351 1896 408 LIB.
1936 350 2002 406 V.
2045 349 2282 410 TOMUS
2318 349 2408 408 111.

3388 354 3527 410 1250

250 477 634 553 προῦπισχνού
642 493 801 549 μενος
818 469 904 541 ;'A
912 473 960 545 ρ’
978 474 1006 527 6
1025 470 1308 534 θεσπέσιος
1326 470 1612 545 προφήτης
1626 469 1853 532 Ἡσαΐας

1956 477 2239 543 postquam
2266 467 2468 523 mundo
2524 463 2770 527 Christus
2812 462 3079 529 illuxerat,
3121 464 3218 521 sed
3265 465 3429 524 etiam
3463 484 3529 526 ex

246 574 336 636 ὡς
363 571 474 626 ἀπὸ
508 569 737 641 γνώμης
778 567 912 631 ίδίας
936 583 950 633 ;
973 566 1046 620 Θὺ
1081 563 1182 635 μὲν
1210 558 1324 617 οῦν.
1368 557 1501 615 Εἷπε
1534 561 1643 632 γὰρ
1678 562 1708 614 6
1740 559 1850 614 Κύ-

250 681 398 734 ριος,
433 662 618 733 φησὶν,
645 663 673 714 6
699 659 945 726 συνάγων
988 657 1113 719 τοὺς
1149 654 1580 726 διεσπαρμένους
1613 654 1846 725 Ἰσραήλ.

249 750 422 809 Οὗτοι
459 750 749 822 τοιγαροῦν
779 749 829 802 οἱ
855 747 1021 816 λόγοι,
1052 746 1149 799 καὶ
1179 743 1275 799 τοῦ
1302 744 1761 814 κατοικτείροντος
1795 746 1851 799 αἱ

249 847 473 917 φωναίο
506 844 666 914 φύσει
712 840 823 912 γὰρ
868 838 1130 911 ὑπάρχων
1170 835 1372 906 ἀγαθὸς
1402 835 1612 901 πάντας
1640 834 1853 908 ἀνθρώ-

247 956 397 1002 πους
430 937 571 991 θέλει
603 933 865 1005 σωθῆναι,
897 931 994 985 καὶ
1025 931 1105 993 είς
1134 928 1430 997 ἐπίγνωσιν
1478 926 1736 998 ἀληθείας
1767 924 1854 980 ὲλα

245 1031 393 1083 θεῖν.
437 1029 580 1099 Πλὴν
609 1027 693 1080 ὅτι
722 1025 785 1079 τὸ
825 1024 926 1095 τῆς
968 1021 1310 1092 ἡμερότητος
1345 1018 1573 1090 μέγεθος
1620 1016 1722 1073 οὐκ
1757 1016 1852 1070 ἐπὶ

247 1121 444 1187 μόνοις
476 1117 633 1188 ὤφθη
654 1118 769 1180 τοῖς
798 1114 857 1181 ἐξ
889 1113 1084 1173 ὲθνῶν,
1118 1109 1528 1181 ἐπιλάμψαντος
1555 1108 1635 1178 τῷ
1663 1106 1853 1177 κόσμῳ

240 1210 520 1282 Χριστοῦ,
547 1209 685 1262 ἀλλὰ
720 1208 830 1278 γὰρ
860 1205 956 1259 καὶ
986 1205 1080 1258 ἐπὶ
1108 1203 1234 1267 τοὺς
1258 1202 1319 1267 ἐξ
1344 1202 1573 1272 αἵματος
1614 1199 1850 1272 Ἰσραὴλ,

242 1302 427 1371 σαφὲς
449 1302 516 1355 ἂν
540 1302 754 1368 γένοιτο
772 1298 1070 1359 διειπόντος
1093 1293 1258 1349 αὑτοῦ
1287 1292 1369 1360 τὸ,
1401 1288 1570 1346 Εἶπεν
1591 1293 1619 1345 6
1650 1291 1855 1363 Κύριος

239 1395 273 1444 6
332 1393 587 1460 συνάγων
635 1390 762 1453 τοὺς
806 1386 1239 1458 διεσπαρμένους
1279 1383 1516 1456 Ἰσραήλ.
1533 1378 1712 1437 Ἦσαν
1761 1377 1854 1436 οῦν

239 1486 367 1554 ἄρα
401 1483 495 1536 καὶ
520 1481 674 1536 αὐτοὶ
707 1478 1217 1549 κατεσκεδασμένοι,
1244 1477 1339 1530 καὶ
1359 1474 1484 1544 οὐχὶ
1519 1473 1720 1546 μᾶλλον
1747 1489 1855 1525 σω-

249 1573 534 1645 ματικῶς,
563 1574 733 1643 ῆγουν
762 1570 870 1634 ἔξω
901 1587 1004 1622 που
1037 1568 1137 1638 τῆς
1176 1565 1436 1629 ἰουδαίας
1481 1560 1856 1634 ἀπενηνεγμέ-

1953 559 2213 630 sanguine
2241 558 2542 615 Israelitico
2581 555 2844 622 oriundis,
2896 556 3114 627 planum
3160 571 3284 614 esse
3329 567 3529 628 potest,

1952 654 2071 724 ipso
2119 653 2383 715 dicente:
2440 652 2586 708 Dixit
2629 652 2889 708 Dominus
2940 653 3032 723 qui
3104 666 3395 726 congregat
3451 657 3534 713 di-

1951 760 2167 816 spersos
2212 745 2396 802 Israel.
2453 744 2622 803 Erant
2659 745 2886 815 proinde
2912 753 2969 800 et
3033 744 3087 799 hi
3115 745 3384 816 dissipati,
3424 763 3534 805 non

1951 835 2127 893 solum
2154 850 2382 909 corpore
2416 845 2573 893 tenus
2616 844 2772 893 extra
2815 834 3055 891 Iudaeam
3093 835 3335 906 abducti,
3367 845 3422 895 et
3465 840 3535 895 ad

1953 928 2091 986 alias
2143 929 2397 986 civitates
2448 943 2548 986 seu
2595 929 2844 999 regiones
2875 929 3123 1000 evagati,
3147 932 3242 986 sed
3279 938 3534 1001 tanquam

1952 1022 2098 1090 quia
2125 1021 2233 1076 vita
2261 1019 2408 1090 iusta
2436 1030 2799 1087 recesserant,
2828 1028 2883 1077 et
2910 1036 2942 1076 a
2972 1021 3261 1079 dilectione
3284 1022 3339 1079 in
3364 1024 3534 1080 Deum

1954 1111 2283 1175 resilierant.
2316 1111 2436 1170 Non
2467 1114 2611 1171 enim
2649 1114 2966 1169 mandatum
2991 1114 3094 1170 sibi
3119 1115 3302 1170 datum
3349 1131 3533 1171 serva-

1955 1212 2120 1259 runt:
2157 1213 2214 1261 at
2246 1219 2616 1276 saepenumero
2656 1220 2752 1263 eoa
2799 1206 3139 1262 inveniemus
3174 1215 3230 1261 et
3267 1207 3320 1261 in
3360 1207 3533 1263 idolo-

1956 1297 2296 1353 rumcultum
2317 1296 2595 1368 prolapsos
2636 1312 2776 1360 esse,
2833 1307 2888 1354 et
2949 1298 3107 1355 labiis
3154 1299 3323 1355 Deum
3363 1301 3533 1356 hono-

1956 1399 2100 1450 rare,
2115 1389 2355 1443 animum
2374 1370 2551 1443 autem
2574 1388 2866 1445 alienatum
2889 1388 3050 1460 793
3076 1390 3301 1456 habere,
3322 1406 3389 1446 ac
3410 1405 3534 1446 eum

1930 1472 2156 1543 girustra
2187 1475 2388 1543 colere,
2425 1477 2808 1548 doctrinasque
2861 1487 2918 1534 et
2940 1490 3207 1551 precepts
3257 1481 3536 1538 hominum

1954 1566 2171 1623 docere.
2200 1565 2280 1624 Ne
2304 1566 2487 1638 itaque
2509 1568 2772 1640 glorietur
2796 1580 2989 1624 contra
3015 1570 3347 1640 alienigenas
3366 1573 3536 1628 refra—

245 1683 362 1728 νοι,
398 1664 495 1716 καὶ
527 1665 604 1727 είς
661 1661 845 1725 πόλεις
891 1661 1041 1724 ὄντες
1089 1659 1281 1730 ἑτέρας
1321 1658 1356 1729 ἢ
1396 1655 1600 1728 χώρας,
1636 1653 1750 1708 ἀλλ’
1779 1652 1854 1715 ὡς

1955 1656 2161 1713 clarius
2188 1657 2679 1730 lsraelJEqualem
2714 1660 2860 1715 enim
2901 1674 2933 1714 a
2962 1659 3072 1716 Deo
3106 1662 3533 1718 misericordiam

244 1758 357 1825 τῆς
408 1754 634 1824 ἐννόμου
683 1750 956 1816 πολιτείας
999 1751 1486 1820 ἀποφοιτήσαντες,
1522 1744 1747 1815 καὶτῆς
1774 1744 1854 1807 εἰς

1955 1753 2012 1805 et
2040 1745 2144 1816 ipsi
2173 1749 2452 1806 consecuti
2503 1757 2670 1816 sunt;
2705 1761 2868 1821 atque
2915 1752 3236 1823 deprehensi
3287 1762 3415 1810 sunt
3461 1755 3534 1809 illi

245 1846 396 1898 Θεὸν
428 1845 646 1914 ἀγάπης
670 1843 1146 1914 ἀποπηδήσαντες
1174 1841 1235 1893 οὐ
1256 1839 1367 1910 γὰρ
1396 1837 1735 1907 τετηρήκασι
1752 1832 1853 1904 τὴν

1955 1852 2065 1893 non
2093 1838 2226 1899 satis
2244 1839 2461 1911 ingenui
2492 1856 2559 1897 ac
2604 1842 2850 1910 stabiles,
2876 1858 2978 1899 nec
3035 1844 3087 1899 in
3142 1843 3289 1900 omni
3338 1858 3538 1914 genere

243 1936 506 1991 δοθεῖσαν
560 1935 815 2005 ἐντολήν·
875 1935 1183 2005 εὑρήσομεν
1228 1932 1286 1985 δὲ
1332 1925 1659 1997 πλεισταχοῦ
1685 1966 1701 1991 ,
1754 1924 1850 1979 καὶ

1958 1926 2281 1986 ohedientia
2332 1928 2705 1999 inculpabiles,
2737 1933 2833 1987 sed
2890 1931 3136 2003 dissipati
3227 1948 3292 1989 ac
3339 1935 3535 2004 sparsi,

242 2030 377 2091 ταῖς
403 2027 511 2080 τῶν
542 2026 775 2081 εἰδώλων
805 2025 1125 2095 θεραπείαις
1145 2019 1609 2094 προσνενευκότας
1628 2015 1850 2081 αὐτοὺς,

1958 2018 2414 2086 quemadmodum
2437 2021 2545 2089 iam
2569 2023 2702 2078 dixi.

244 2125 348 2177 ιαὶ
400 2124 603 2193 χείλεσι
655 2121 756 2191 μὲν
793 2120 1071 2190 τιμῶντας
1101 2119 1253 2183 Θεὸν,
1294 2111 1783 2185 ἁπεσχοινισμένην
1822 2109 1877 2163 δὲ
1918 2109 2097 2167 αὐτῶν
2124 2112 2222 2182 τὴν
2258 2112 2499 2169 διάνοιαν
2533 2114 2774 2187 ἔχοντας,
2821 2118 2912 2172 καὶ
2950 2120 3129 2191 μάτην
3160 2121 3323 2177 αὐτὸν
3379 2123 3536 2178 σεσο-

246 2218 475 2287 μένους,
505 2215 853 2276 διδάσκοντάς
895 2230 957 2266 τε
1002 2211 1369 2275 διδασκαλίας,
1409 2207 1718 2277 ἐντάλματα
1755 2201 2078 2275 ἀνθρώπων.
2131 2205 2341 2260 Οὐκοῦν
2381 2208 2455 2279 μὴ
2500 2208 2797 2281 καυχάσθω
2833 2208 2944 2263 τῶν
2974 2211 3297 2282 ἀλλογενῶν,
3327 2215 3357 2268 ὁ
3411 2215 3539 2268 δυσ..

246 2312 472 2379 ἀγωγος
511 2309 758 2381 Ἰσραήλ·
808 2306 1066 2379 “unum
1111 2304 1222 2375 γὰρ
1267 2304 1326 2357 ὲν
1374 2302 1475 2371 ῐσῳ
1509 2300 1697 2371 τρόπῳ
1722 2295 1818 2350 καὶ
1855 2296 2009 2351 αὐτοὶ
2049 2297 2200 2368 παρὰ
2238 2298 2375 2352 Θεοῦ
2396 2315 2410 2330 ·
2445 2302 2863 2374 κατελήφθησαν
2918 2305 3047 2376 γὰρ,
3075 2306 3179 2360 οὐκ
3204 2305 3538 2377 ἀκράδαντον

247 2400 477 2470 ἔχοντες
522 2400 584 2453 τὸ
631 2398 1030 2470 γνήσιον,ροῦτε
1073 2395 1176 2467 μὴν
1206 2392 1506 2464 ἀμώμητον
1562 2386 1889 2443 είσάπαΐτὸ
1913 2388 2166 2455 εὐπαθὲς,
2206 2392 2701 2464 κατεσκεδασμένοι
2738 2395 2794 2449 δὲ
2833 2396 3030 2467 μᾶλλον
3055 2398 3149 2452 καὶ
3179 2398 3537 2471 ἐσπαρμένοι,

254 2492 518 2563 καθάπερ
546 2491 682 2562 ἔφην
710 2491 936 2562 ἀρτίως.

331 2585 471 2636 ’Ὁτι
504 2581 752 2647 συνάξω
781 2582 875 2635 ἐπ’
913 2581 1101 2636 αὑτὸν
1133 2576 1510 2649 συναγωγήν.
1553 2575 1756 2630 Πάντα
1782 2571 1854 2626 τὰ

2032 2569 2198 2627 Valte.
2239 2571 2396 2628 942.
2440 2572 2581 2640 Quia
2623 2578 2943 2646 eongregabo
2986 2579 3054 2633 ad
3099 2595 3217 2634 eum
3257 2597 3539 2652 congrega-

255 2674 446 2741 θηρία
481 2675 554 2728 τὰ
598 2674 791 2743 ἄγρια,
823 2673 1017 2737 δεῦτε,
1059 2671 1296 2742 φάγετε,
1343 2668 1540 2723 πάντα
1567 2669 1640 2722 τὰ
1680 2666 1854 2736 θηρία

1961 2661 2179 2716 tionem.
2213 2658 2405 2717 Omnes
2440 2664 2618 2720 beatite
2650 2665 2798 2733 terte,
2834 2666 3022 2731 venite,
3054 2669 3328 2731 comedite,
3361 2687 3538 2724 omnes

260 2763 375 2816 τοῦ
416 2761 667 2831 δρυμοῦ.
727 2762 916 2818 Ἴδετε
963 2763 1053 2816 ὅτι
1087 2761 1311 2824 πάντες
1351 2759 1851 2827 ἐκτετύφλωντάι,

1960 2750 2089 2819 fera:
2147 2749 2322 2821 sylva.
2348 2751 2532 2807 Videte
2579 2755 2705 2824 quia
2760 2771 2936 2811 omnes
2975 2759 3227 2811 excmcati
3265 2769 3406 2824 sunt,
3436 2776 3538 2815 non

265 2853 371 2907 καὶ
414 2855 524 2907 οὐκ
569 2855 845 2924 ἔγνωσαν
886 2853 1210 2924 φρονῆσαι.
1258 2851 1485 2916 Πάντες
1535 2850 1716 2913 κύνες
1759 2847 1854 2900 ἐν·-

1956 2850 2150 2896 mmmt
2202 2858 2405 2913 sapere.
2434 2842 2628 2901 Omnes
2678 2862 2835 2902 canes
2885 2849 3040 2913 muti,
3070 2864 3175 2903 non
3203 2851 3430 2905 ualentes
3457 2853 3538 2904 la-

264 2945 400 3000 νεοὶ
432 2948 502 2999 οὐ
531 2945 852 3016 δυνάμενοι
877 2944 1182 3012 ὑλακτεῖν,
1213 2941 1695 3009 ἐνυπνιαζόμενοι
1726 2939 1853 2992 κοι-

1954 2932 2469 2993 trnre,somniantea
2519 2934 2575 2987 in
2625 2934 2781 3000 lecto,
2805 2945 3043 2992 amantes
3088 2938 3536 3003 dormitationent,

263 3056 405 3106 την,
443 3038 764 3107 φιλοῦντες
792 3037 1162 3106 morai-per,
1200 3035 1299 3089 καὶ
1336 3034 1416 3099 ὡς
1461 3033 1642 3097 κύνες
1689 3032 1854 3085 ἀναι-

1954 3028 2000 3071 et
2053 3020 2211 3087 quasi
2268 3036 2424 3074 canes
2475 3021 2826 3091 impudentes,
2854 3025 3032 3081 animo
3064 3029 3346 3084 nescientes
3375 3031 3535 3085 satie-

261 3130 393 3194 δεῖς
465 3128 540 3196 τῇ
593 3127 785 3198 ψυχῇ,
843 3130 954 3183 οὐκ
1017 3127 1235 3193 εἰδότες
1304 3122 1693 3193 πλησμονὴν,
1752 3122 1852 3175 καί

1954 3119 2111 3164 tatem
2154 3125 2174 3164 :
2212 3121 2259 3165 et
2322 3113 2453 3166 ntali
2517 3122 2639 3168 sunt
2673 3154 2689 3180 ,
2747 3117 3031 3171 nescientes
3082 3120 3475 3191 intelligentiam
3516 3140 3536 3178 :

260 3222 385 3275 εἰσὶ
414 3221 663 3289 πονηροὶ
695 3223 804 3274 οὐκ
835 3221 1058 3286 εἰδότες
1084 3220 1358 3278 σύνεσιν,
1384 3215 1607 3281 πάντες
1632 3216 1702 3268 ἐν
1723 3214 1851 3280 ταῖς

1956 3215 2134 3255 omnes
2162 3200 2276 3257 vias
2305 3218 2430 3261 suae
2457 3204 2623 3257 secuti
2651 3214 2804 3273 sunt,
2838 3209 3192 3279 unusquisque
3216 3211 3270 3265 in
3304 3229 3462 3266 tntum
3486 3225 3533 3268 et

260 3310 432 3375 ὁδοῖς
474 3310 674 3366 αὐτῶν
704 3311 1220 3379 ἑξηκολούθησαν,
1268 3307 1525 3373 ἕκαστος
1596 3304 1746 3359 κατὰ
1784 3305 1850 3358 τὸ
1956 3291 2117 3346 idem-

258 3405 435 3460 αὐτό.

333 3493 468 3564 Διχῆ
502 3495 614 3557 τοῖς
642 3492 1050 3564 γεγραμμένοις
1073 3490 1484 3563 προσθαλείς·ῆ
1517 3490 1626 3561 γὰρ
1662 3489 1828 3561 θηρία

259 3585 428 3654 φησὶν
506 3582 775 3636 ἀτίθασσά
808 3600 869 3636 τε
922 3582 1017 3636 κα)⁸
1063 3584 1334 3654 ἀνήμερα,
1381 3581 1510 3644 τοὺς
1556 3580 1615 3646 ἐξ
1659 3581 1851 3644 ἐθνῶν,

257 3675 355 3729 ἆτε
405 3674 471 3745 δὴ
525 3675 617 3726 ml.
666 3674 780 3753 ὑπὸ.
809 3673 1055 3744 τυράννῳ
1103 3673 1458 3744 τεθραμμένα
1498 3671 1747 3742 τοιούτῳ,
1775 3670 1853 3742 τῷ

253 3768 491 3837 διαϐόλῳ
538 3767 701 3837 φημὶ,
735 3766 829 3820 καὶ
867 3763 978 3818 οἷον
1008 3763 1493 3836 ὲκτεθηριωμένοι,
1522 3766 1618 3818 καὶ
1648 3764 1852 3830 ζῶντες

255 3860 356 3909 οὐκ
405 3856 804 3927 ἀνθρωπίνως
858 3856 1028 3927 ἡγουν
1076 3855 1243 3927 θηρία
1298 3857 1482 3909 καλεῖν
1534 3855 1678 3910 ἔοικε
1727 3857 1854 3920 τοὺς

256 3949 731 4020 καταδῃώσαντας
781 3949 873 4002 τὸν
922 3948 1158 4020 Ἰσραὴλ,
1209 3949 1301 4004 καὶ
1346 3949 1453 4020 ὅλῳ
1490 3949 1570 4020 τῷ
1623 3950 1852 4021 στόματι

253 4041 541 4111 φαγόντας
572 4040 734 4094 αὑτὸν
763 4040 852 4094 διὰ
890 4043 993 4111 τὴν
1024 4044 1105 4117 εἰς
1139 4041 1374 4113 Χριστὸν
1412 4042 1690 4097 ἀσέϐειαν.
1742 4043 1855 4097 Καὶ⁸

256 4133 305 4185 εἰ
344 4133 442 4202 μὲν
490 4132 609 4186 τῶν
656 4132 827 4186 ἐθνῶν
873 4132 949 4197 ὼς
994 4133 1196 4206 θηρίων
1240 4132 1643 4204 διαμέμνηται,
1676 4137 1854 4207 φαμὲν

260 4224 447 4287 αὐτοῖς
480 4224 985 4296 προσπεφωνῆσθαι
1026 4225 1180 4295 παρὰ
1214 4224 1352 4278 Θεοῦ
1405 4225 1490 4289 τὸ,
1524 4225 1712 4290 Δεῦτε,
1744 4227 1852 4296 φά-

259 4331 408 4381 γετε.
461 4314 729 4387 Σημαίνει
761 4315 819 4369 δὲ
868 4314 1028 4370 τοῦτο
1069 4317 1250 4370 πᾶσαν
1295 4316 1479 4381 αὐτοῖς
1509 4316 1853 4388 ἁμφιλαφίαν

258 4405 507 4460 δεδόσθαι
563 4407 697 4478 παρ’
747 4406 912 4459 αὐτοῦ
954 4407 1063 4461 τῶν
1113 4408 1275 4479 ίερῶν
1321 4409 1700 4480 χαρισμάτων,
1756 4411 1854 4464 καὶ

261 4498 697 4567 παρατεθεῖσθαι
740 4497 1020 4568 τράπεζαν
1064 4499 1162 4570 τὴν
1217 4499 1508 4563 ζωοποιόψ
1562 4500 1850 4573 κατεδηδόρ

261 4604 392 4640 κασι
416 4591 527 4661 γὰρ
558 4590 658 4643 καὶ
682 4590 836 4642 αὐτοὶ
860 4589 950 4643 τὸν
981 4591 1144 4662 ἄρτον
1176 4589 1277 4660 τῆς
1306 4590 1473 4662 ζωῆς,
1499 4591 1716 4663 μέτοχοι
1741 4592 1850 4665 γὰρ

263 4678 523 4745 γεγόνασι
570 4678 667 4732 τοῦ
710 4679 969 4749 Χριστοῦ,
1017 4681 1115 4735 καὶ
1166 4680 1443 4752 σύσσωμοι
1502 4681 1611 4735 τῶν
1654 4683 1849 4752 ἁγίων,

265 4765 408 4819 ὥστε
439 4769 534 4821 καὶ
583 4767 872 4839 χαίροντας
905 4768 1114 4838 λέγειν·
1148 4787 1167 4819 ι
1201 4767 1403 4839 Κύριος
1446 4771 1721 4840 ποιμαίνει
1760 4788 1850 4842 με,

266 4857 361 4910 καὶ
387 4858 540 4910 οὐδέν
576 4875 643 4928 με
673 4859 983 4929 ὑστερήσει,
1010 4858 1089 4920 είς
1113 4856 1276 4911 τόπον
1305 4857 1467 4928 χλόης
1491 4858 1607 4911 ἐκεῖ
1627 4874 1695 4927 με
1724 4874 1855 4910 κατ-

266 4949 599 5018 εσκήνωσεν,
668 4949 761 5002 ἐπὶ
804 4948 996 5012 ὓδατος
1042 4949 1404 5013 ἀναπαύσεως
1452 4949 1710 5021 ἐξέθρεψέ
1755 4969 1847 5022 με,

267 5036 366 5107 τὴν
404 5039 586 5111 ψυχήν
616 5058 716 5111 μου
750 5039 1104 5112 ἐπέστρεψεν.
1131 5040 1464 5112 Ἠτοίμασας
1485 5040 1714 5096 ἐνώπιόν
1744 5059 1846 5113 μου

267 5130 562 5198 τράπεζαν.
605 5152 623 5183 ι
656 5132 804 5202 Ἔφη
834 5131 891 5184 δὲ
922 5131 1014 5186 καὶ
1038 5131 1104 5184 δι’
1145 5130 1262 5194 ὲνὺς
1289 5131 1397 5185 τῶν
1428 5132 1600 5199 ἁγίων
1637 5149 1849 5202 προφη-

270 5217 396 5272 τῶν·
435 5238 452 5272 ι
489 5223 717 5290 Φάγετε,
752 5223 923 5287 πίετε,
965 5223 1060 5276 καὶ
1106 5222 1433 5294 μεθύσθητε,
1476 5225 1525 5276 οἱ
1566 5224 1844 5294 πλησίον.»

273 5308 507 5379 Μακρὰν
558 5311 667 5384 γὰρ
719 5313 870 5378 ὀντες
919 5313 1055 5367 Θεοῦ
1103 5314 1391 5383 γεγόνασιν
1434 5315 1599 5382 ἐγγὺς
1634 5314 1722 5368 διὰ
1755 5315 1853 5386 τῆς

278 5396 534 5466 πίστεως,
569 5402 618 5453 οἱ
668 5403 797 5456 ποτὲ
843 5403 1184 5475 πλανώμενοι
1228 5404 1323 5457 καὶ
1360 5404 1458 5474 τῆς
1494 5404 1644 5474 ἱερᾶς
1681 5403 1853 5474 ἐμπέ-

281 5484 509 5554 πληνται
534 5490 738 5561 τροφῆς
762 5507 776 5520 ο
811 5493 1118 5564 γέγραπται
1143 5493 1270 5565 γὰρ,
1297 5494 1378 5547 ὅτι
1406 5494 1633 5565 ι”Αρτος
1664 5494 1854 5563 στηρί-

277 5571 361 5632 ξει
392 5577 615 5646 καρδίαν
641 5580 948 5651 ἀνθρώπου.
977 5602 995 5635 ι
1025 5585 1089 5638 Εἰ
1113 5584 1168 5637 δὲ
1193 5584 1257 5655 δὴ
1290 5582 1455 5654 θηρία
1493 5587 1693 5638 νοοῖντο
1717 5583 1854 5652 πρὸς

2026 3468 2327 3539 Dupliciter
2365 3470 2636 3541 intelligas
2673 3487 2794 3543 qua:
2831 3473 3030 3542 scripta
3070 3483 3217 3530 sunt.
3256 3476 3350 3531 Vel
3390 3481 3533 3533 enim

1954 3565 2098 3622 feras
2132 3565 2424 3622 indomitas
2460 3573 2518 3622 et
2555 3566 2790 3623 immites
2823 3567 3057 3638 appellat
3094 3580 3312 3639 gentes,
3351 3580 3535 3642 utpote

1954 3659 2055 3714 sub
2112 3658 2209 3713 tali
2246 3667 2509 3730 tyranno,
2550 3659 2786 3725 diabolo,
2842 3660 3091 3731 inquam,
3140 3663 3431 3730 educatus,
3478 3675 3538 3721 et

1955 3750 2108 3820 quasi
2143 3750 2427 3820 ell‘eratas,
2457 3766 2523 3808 ac
2551 3767 2658 3808 non
2691 3752 2927 3809 humano
2957 3770 3105 3811 more
3132 3757 3375 3814 viventes
3408 3778 3421 3814 :
3452 3760 3534 3815 vel

1969 3845 2155 3900 dicere
2183 3845 2400 3900 videtur
2443 3844 2590 3900 feras
2619 3859 2714 3901 eos
2741 3846 2833 3915 qui
2863 3846 3115 3902 lsraelem
3146 3859 3449 3919 vastarunt,
3480 3862 3535 3907 et

1954 3943 2177 4004 propter
2217 3934 2551 4005 impietatem
2599 3936 2651 3989 in
2691 3936 2970 3992 Christum
3015 3947 3131 3994 toto
3171 3954 3268 3995 ore
3311 3943 3535 3999 devora-

1957 4033 2100 4081 runt.
2131 4023 2189 4080 Si
2219 4027 2461 4097 gentium
2491 4034 2550 4080 ut
2578 4024 2818 4081 ferarum
2848 4029 3114 4095 meminit,
3167 4030 3398 4088 dicimus
3429 4035 3534 4092 illis

1955 4116 2059 4173 hoc
2102 4116 2305 4173 dictum
2349 4130 2470 4174 esse
2521 4132 2552 4173 a
2612 4116 2723 4173 Deo
2774 4135 2788 4173 :
2839 4116 3053 4186 Venite,
3081 4124 3348 4180 eomedite
3380 4143 3395 4180 :
3426 4141 3534 4197 quo

1955 4222 2171 4271 omnem
2197 4218 2511 4266 sanctorum
2535 4209 2924 4273 charismatum
2951 4209 3282 4268 allluentiam
3308 4215 3416 4271 illis
3441 4218 3535 4271 da-

1958 4310 2067 4356 tam
2093 4316 2215 4358 esse
2242 4301 2531 4372 signiﬁcat,
2570 4311 2626 4358 et
2651 4317 2893 4358 mensam
2923 4316 3044 4359 esse
3086 4307 3386 4375 appositam
3411 4323 3534 4379 qua:

1955 4392 2213 4451 viviﬁcat.
2252 4394 2495 4450 Ederunt
2532 4395 2676 4450 enim
2716 4403 2772 4450 et
2813 4395 2917 4466 ipsi
2958 4410 3149 4466 panem
3187 4399 3310 4456 vita:
3351 4417 3366 4456 :
3409 4417 3533 4457 nam

1955 4486 2113 4557 panis
2142 4485 2347 4542 Christi
2381 4485 2674 4557 participes
2704 4486 2834 4544 iacti
2868 4499 3022 4557 sunt,
3052 4500 3108 4546 et
3138 4490 3378 4560 ejusdem
3410 4508 3533 4549 cum

1958 4575 2165 4634 sanctis
2188 4577 2459 4647 corporis,
2487 4577 2620 4632 adeo
2646 4585 2706 4630 ut
2730 4577 3030 4648 gaudentes
3051 4581 3273 4639 dicant:
3303 4600 3324 4635 ι
3355 4581 3536 4638 Domi-

1951 4685 2058 4726 nus
2090 4670 2265 4740 pascit
2299 4686 2403 4738 me,
2434 4679 2490 4726 et
2523 4670 2656 4726 nihil
2691 4670 2822 4726 mihi
2856 4671 3052 4740 deerit,
3083 4674 3139 4730 in
3175 4677 3292 4732 loco
3322 4691 3534 4746 pascuae

1954 4764 2028 4821 ibi
2057 4778 2144 4819 me
2174 4762 2477 4820 collocavit.
2507 4762 2684 4835 Super
2709 4781 2906 4836 aquam
2941 4766 3254 4824 relectionis
3278 4771 3533 4826 educavit

1954 4870 2062 4921 me,
2096 4856 2333 4911 animam
2372 4870 2545 4911 meam
2581 4860 2871 4913 convertit.
2905 4858 3113 4914 Parasti
3150 4862 3202 4917 in
3238 4872 3532 4931 conspectu

1954 4961 2078 5003 meo
2112 4963 2351 5003 mensam
2375 4947 2441 5003 ⁸³.
2486 4967 2505 5002 ι
2555 4949 2697 5004 Dixit
2735 4950 2897 5007 etiam
2939 4967 3035 5021 per
3065 4969 3229 5008 unum
3264 4969 3298 5011 e
3328 4957 3534 5011 sanctis

1957 5039 2232 5110 prophetis
2260 5057 2274 5093 :
2308 5058 2327 5091 ι
2358 5038 2532 5109 Edita,
2558 5041 2742 5108 bibite,
2767 5052 2820 5098 et
2846 5043 3472 5110 inebriamini,vlcini“.
3504 5066 3525 5101 ι

1957 5131 2058 5197 Qui
2086 5131 2227 5186 enim
2258 5132 2443 5202 procul
2470 5133 2699 5188 aberant
2726 5150 2755 5187 a
2786 5136 2912 5200 Deo,
2938 5136 3223 5206 propinqui
3252 5153 3348 5209 per
3372 5139 3531 5196 fidem

1957 5222 2085 5278 facti
2129 5233 2248 5279 sunt
2291 5242 2304 5279 :
2344 5225 2436 5295 qui
2482 5229 2755 5296 quondam
2795 5229 3076 5295 errabant,
3108 5240 3172 5298 et
3213 5246 3370 5288 sacro
3412 5232 3533 5288 cibo

1956 5314 2145 5384 repleti
2179 5324 2323 5370 sunt.
2353 5316 2624 5385 Scriptum
2657 5317 2800 5373 enim
2820 5327 2940 5374 est:
2975 5338 2994 5372 ι
3018 5319 3178 5377 Panis
3210 5323 3532 5379 roboratcor

1957 5406 2192 5461 hominis
2225 5405 2295 5438 ⁸⁸⁸
2324 5426 2373 5462 ,ι
2401 5407 2492 5462 Sin
2528 5408 2655 5464 ferte
2677 5410 3046 5480 intelligantur
3066 5428 3094 5466 a
3119 5413 3292 5481 nobis,
3330 5415 3419 5484 qui
3442 5417 3532 5471 de-

1958 5508 2149 5551 vorant
2169 5497 2439 5565 lsraclem,
2467 5498 2591 5554 illud
2618 5518 2630 5554 :
2659 5501 2871 5568 Venite,
2898 5504 3061 5569 edite,
3085 5516 3165 5560 est
3193 5515 3398 5560 tantum
3426 5523 3531 5564 non

1956 5586 2258 5656 ohjicieutis
2296 5588 2402 5644 illis
2443 5603 2538 5645 cos
2582 5591 2673 5660 qui
2713 5593 2875 5662 impie
2909 5608 3167 5664 egerunt,
3230 5596 3533 5670 quibusque

344 5744 388 5778 ⁸³
428 5749 567 5810 Psal.
601 5771 735 5821 χιιι,
782 5757 887 5812 1-5.
962 5761 1007 5792 ἰ
1039 5760 1195 5817 Cant.
1229 5776 1279 5827 γ,
1313 5760 1362 5813 l.
1440 5757 1506 5790 εν
1544 5760 1686 5816 Psal.
1719 5773 1837 5825 cm,
1872 5760 1959 5818 l5.
