4092 6296
607 325 741 381 1251

1599 327 1657 384 S.
1697 324 1973 385 CYBILLI
2009 324 2480 382 ALEXANDRINI
2521 324 2842 383 ARCHIEP.

3738 329 3767 384 1
3778 328 3895 386 252

607 442 801 499 merito
846 445 1072 515 contigit
1113 455 1170 500 ut
1215 445 1266 500 id
1308 446 1599 516 patiantur,
1638 447 1836 517 quippe
1878 445 2042 518 ³194
2083 447 2170 516 qui

2281 449 2314 516 ὴ
2322 445 2437 517 μῶν
2460 448 2509 499 οἱ
2543 444 2950 514 καταφαγόντες
2975 444 3066 496 τὸν
3089 443 3325 515 Ἰσραὴλ,
3355 443 3416 497 τὸ
3439 443 3627 507 Δεῦτε,
3646 444 3888 515 φάγετε.

604 537 903 606 principem
926 538 1049 591 vitae
1073 536 1484 605 interfecerunt,
1513 538 1670 593 tidem
1695 554 1799 593 non
1827 540 2184 601 admiserunt,

604 642 670 682 ac
704 628 859 698 longe
893 627 1069 683 abacti
1103 622 1233 683 sunt
1268 631 1360 698 qui
1398 644 1564 699 prope
1597 637 1786 693 erant,
1822 643 1922 684 nec
1955 628 2186 699 amplius

609 718 702 771 Dei
743 717 994 787 populus,
1029 718 1124 773 sed
1164 721 1289 775 odio
1330 720 1499 775 habiti
1539 729 1683 785 sunt,
1724 728 1912 791 utpote
1955 720 2188 776 domini-

605 808 760 862 cidae.
789 807 869 863 Ne
900 818 1080 864 autem
1111 809 1229 865 sine
1257 825 1420 866 causa
1450 812 1644 881 punire
1672 812 1917 866 videatur
1942 809 2109 876 Deus,
2131 820 2188 865 et

602 899 672 954 de
703 914 760 953 re
790 901 942 955 nihili
973 916 1161 969 pinnas
1189 903 1435 972 exigere,
1490 903 1674 958 statim
1704 902 1811 959 illis
1838 902 2065 957 crimina
2094 917 2189 971 ap-

606 991 774 1060 ponit,
805 993 1004 1060 quibus
1040 993 1330 1062 implicati,
1363 994 1474 1048 dati
1509 1003 1636 1049 sunt
1669 994 1722 1049 in
1757 994 1983 1050 exitium
2018 995 2186 1050 hosti-

604 1082 724 1145 bus,
780 1082 863 1137 vel
920 1083 972 1137 in
1031 1097 1185 1139 esum
1247 1085 1456 1140 chIiis.
1489 1083 1681 1142 Videte
1741 1087 1931 1153 enim,‘
1975 1086 2185 1156 inquit,

604 1176 727 1244 quia
782 1193 970 1233 omnes
1031 1179 1285 1234 exctecati
1347 1188 1504 1247 sunt,
1538 1194 1648 1234 non
1708 1188 1910 1234 norunt
1970 1194 2182 1249 sapere.

608 1269 742 1324 Vere
756 1269 898 1323 enim
915 1270 1044 1325 caeci
1066 1268 1329 1326 Israelita:
1351 1269 1592 1337 fuerunt,
1611 1279 1665 1327 et
1686 1287 1797 1339 prae
1813 1271 1935 1327 aliis
1954 1272 2187 1328 maxime

604 1358 807 1414 Scriba:
827 1374 891 1414 ac
913 1359 1197 1426 Pharisaei,
1221 1372 1275 1418 et
1297 1362 1541 1432 praefecti
1564 1362 1886 1435 Synagogae.
1908 1362 2017 1418 Nec
2041 1363 2184 1419 enim

602 1464 789 1504 veram
830 1449 1005 1505 lucem
1048 1451 1406 1518 admiserunt,
1447 1469 1548 1509 nec
1592 1454 1869 1509 Christum
1913 1454 2054 1509 scire
2091 1468 2185 1509 vo-

604 1539 844 1605 luerunt,
880 1539 1004 1594 licet
1034 1551 1220 1609 aperte
1250 1542 1603 1610 clamantem,
1637 1560 1780 1600 nunc
1815 1563 1829 1599 :
1866 1563 1887 1596 ‹
1922 1543 2035 1615 Ego
2066 1560 2182 1600 sum

605 1630 692 1683 lux
715 1628 1035 1696 mundi““;
1063 1650 1083 1684 ι
1117 1648 1263 1687 nunc
1282 1634 1477 1689 iterum
1503 1652 1518 1689 :
1542 1655 1560 1686 σ
1589 1635 1700 1705 Ego
1714 1636 1806 1691 lux
1840 1637 1895 1691 in
1927 1636 2184 1691 mundum

608 1721 749 1774 hunc
775 1720 893 1774 veni
927 1737 941 1773 :
975 1720 1063 1789 qui
1091 1722 1338 1791 sequitur
1364 1738 1476 1792 me,
1507 1725 1563 1778 in
1594 1725 1835 1782 tenebris
1863 1740 1968 1782 non
1994 1727 2183 1782 ambu-

2289 537 2570 609 μονονουχὶ
2596 535 3112 608 παραρριπτοῦντός
3145 537 3297 588 ἐστιν
3318 536 3500 599 αὐτοῖς
3523 537 3653 599 τοὺς
3671 537 3892 608 ἠσεϐη-

2287 630 2471 694 κότας,
2499 630 2593 682 καί
2620 623 2699 692 οἷς
2730 629 2794 681 τὸ
2823 626 3016 680 παθεῖν
3046 626 3270 696 πρέπει,
3311 628 3407 681 καὶ
3437 627 3582 697 μάλα
3614 628 3883 691 εἰκότως

2285 720 2617 775 ἀπεκτόνασι
2664 719 2774 790 γὰρ
2820 717 2913 772 τὸν
2943 718 3186 788 ἀρχηγὸν
3223 719 3322 788 τῆς
3352 719 3518 789 ζωῆς,
3553 717 3658 789 τὴν
3690 719 3887 772 πίστιν

2283 813 2345 865 ού
2376 810 2812 883 προσηκάμενοι,
2841 810 2936 863 καὶ
2959 810 3216 877 γεγόνασι
3248 808 3465 879 μακρὰν
3490 810 3541 861 οἱ
3564 809 3757 877 ἐγγὺς,
3786 809 3887 862 καὶ

2285 901 2415 963 λαὸς
2441 901 2624 954 ούκέτι
2649 898 2806 964 Θεοῦ,
2834 898 3300 968 κατεστυγημένοι
3324 899 3383 951 δὲ
3416 897 3619 968 μᾶλλον
3643 898 3722 961 ὡς
3762 899 3883 950 Κυ-

2291 993 2573 1064 ριοκτόνοι.
2622 990 2739 1045 Ἵνα
2782 990 2838 1043 δέ
2870 990 2946 1061 μὴ
2986 989 3243 1060 φαίνηται
3273 987 3403 1051 Θεὸς
3440 987 3688 1052 κολάζων
3728 987 3884 1057 εἰκῆ,

2286 1086 2379 1140 καὶ¹
2404 1085 2560 1149 δίκας
2587 1084 2756 1139 αἰτῶν
2799 1084 2899 1147 τὰς
2946 1083 3034 1136 ἐπ’
3060 1080 3267 1147 οὐδενὶ,
3315 1081 3683 1153 παρατίθησιν
3714 1080 3886 1142 εὐθὺς

2285 1178 2383 1238 τὰς
2414 1173 2615 1240 αἰτίας,
2641 1166 2729 1236 αἷς
2749 1171 2815 1243 δὴ
2844 1170 2939 1226 καὶ
2964 1170 3137 1241 ἔνοχοι
3164 1169 3445 1239 γεγονότες
3466 1168 3713 1223 δέδονται
3741 1169 3887 1238 πρὸς

2284 1264 2504 1337 ὄλεθρον
2542 1265 2657 1327 τοῖς
2697 1262 2946 1335 ἐχθροῖς,
2976 1262 3096 1333 ἦτοι
3142 1262 3257 1323 τοῖς
3298 1259 3464 1330 θηρσὶ
3504 1258 3644 1328 πρὸς
3699 1257 3883 1311 κατά-

2285 1356 2502 1426 ϐρωμα.
2534 1353 2699 1407 Ἴδετε
2721 1353 2850 1423 γὰρ,
2877 1351 3064 1422 φησὶν,
3084 1350 3165 1403 ὅτι
3188 1349 3389 1421 πάντες
3410 1345 3881 1416 ἐκτετύφλωνται,

2283 1446 2385 1498 οὐκ
2430 1444 2678 1511 ἔγνωσαν
2726 1443 3012 1512 φρονῆσαι.
3077 1437 3282 1508 Τυφλοὶ
3324 1437 3434 1507 γὰρ
3486 1436 3661 1498 ὅντως
3715 1437 3773 1488 οξ
3826 1436 3886 1499 ἐξ

2297 1536 2534 1608 Ἰσραὴλ,
2588 1534 2823 1606 μάλιστα
2875 1533 2934 1587 δὲ
2974 1533 3084 1587 τῶν
3120 1532 3295 1586 ἄλλων
3329 1531 3379 1584 οἱ
3410 1530 3449 1581 Γ
3456 1531 3780 1599 ραμματεῖς
3824 1547 3881 1581 τε

2285 1629 2380 1683 καὶ
2421 1629 2473 1681 οἱ
2498 1628 2805 1698 Φαρισαῖοι,
2839 1627 2936 1679 καὶ
2972 1627 3024 1678 οἱ
3067 1622 3427 1694 καθηγεῖσθαι
3469 1621 3731 1691 λαχόντες
3779 1620 3882 1691 τῆς

2285 1720 2632 1788 Συναγωγῆς.
2677 1717 2751 1770 Ού
2787 1715 2897 1786 γὰρ
2936 1714 3301 1786 παρεδέξαντο
3337 1713 3452 1782 φῶς
3492 1714 3556 1766 τὸ
3592 1712 3879 1783 ἀληθινὸν,

604 1811 756 1877 labit,
791 1813 885 1866 sed
908 1811 1129 1867 habebit
1158 1812 1331 1868 lucem
1362 1814 1487 1869 vitae
1504 1812 1574 1869 ⁸⁸.
1607 1833 1626 1866 ι
1663 1814 1795 1870 Cum
1811 1830 1941 1886 ergo
1973 1815 2156 1870 liceret

2288 1807 2412 1862 οὔτε
2449 1808 2554 1880 μὴν
2600 1807 2872 1879 ἠθέλησαν
2916 1806 3121 1875 γνῶναι
3162 1804 3419 1877 Χριστὸν,
3450 1803 3631 1858 καίτοι
3661 1802 3880 1873 βοῶντα

604 1902 710 1957 lide
737 1911 1016 1972 suscepta,
1045 1903 1165 1959 luce
1196 1904 1388 1970 ditari,
1421 1906 1475 1961 id
1505 1907 1722 1976 quidem
1753 1922 1861 1962 non
1895 1906 2172 1972 fecerunt,

602 2002 661 2048 ut
696 2000 751 2047 et
786 1995 1047 2064 propheta
1088 1995 1261 2065 inquit
1297 2013 1313 2051 :
1351 1997 1801 2067 Exspectantibus
1833 1998 1939 2054 illis
1976 1998 2171 2064 lucem,

602 2084 755 2140 facta:
794 2094 921 2140 sunt
962 2087 1198 2142 tenebrae
1239 2104 1253 2141 :
1297 2096 1353 2141 et
1394 2097 1772 2157 exspectantes
1814 2087 2174 2157 splendorem,

601 2171 654 2224 in
694 2171 925 2241 caligine
956 2174 1155 2229 versati
1199 2184 1346 2230 sunt.
1379 2175 1447 2230 Et
1493 2177 1607 2246 ipse
1650 2177 1907 2234 Servatur
1937 2176 2077 2232 dixit
2109 2178 2176 2232 de

601 2260 709 2316 illis
729 2269 784 2315 et
807 2262 874 2317 de
911 2261 1106 2332 populo
1133 2263 1343 2318 illorum
1371 2265 1551 2320 manui
1582 2266 1870 2321 commisso
1918 2282 1933 2321 ι
1977 2283 1998 2318 ι
2035 2265 2173 2322 (ἶωοί

600 2361 748 2419 sunt,
773 2361 828 2407 et
859 2368 1123 2408 caecorum
1149 2355 1313 2411 duces
1327 2357 1417 2411 π’.
1447 2375 1467 2409 ι
1506 2355 1708 2413 Omnes
1741 2357 1926 2428 igitur,
1963 2357 2171 2427 inquit,

600 2444 851 2498 excwcati
913 2453 1060 2509 sunt,
1105 2460 1278 2516 neque
1321 2460 1514 2518 sapere
1561 2457 1779 2504 norunt.
1846 2447 1977 2504 Erat
2029 2450 2171 2504 enim

598 2548 728 2588 vere
769 2534 1045 2589 hominum
1086 2537 1408 2605 prudentum
1452 2549 1508 2594 et
1553 2539 1991 2609 intelligentiam,
2031 2541 2173 2596 cele-

601 2628 734 2682 riter
754 2642 1000 2697 praesens
1023 2629 1214 2684 salutis
1243 2638 1454 2700 tempus
1478 2631 1901 2701 apprehendere.
1921 2630 2001 2686 Ad
2026 2632 2172 2702 quod

599 2727 656 2774 et
685 2719 898 2774 divinus
931 2719 1096 2775 David
1125 2735 1221 2776 eos
1251 2722 1566 2778 cohortatus
1596 2731 1709 2789 est,
1738 2722 1925 2779 dicens
1952 2740 1965 2775 :
2001 2740 2021 2773 ι
2058 2726 2170 2792 Ap-

600 2810 915 2878 prehendite
948 2810 1322 2879 disciplinam,
1356 2800 1434 2866 ne
1448 2815 1665 2881 quando
1689 2814 1955 2870 irascatur
1992 2815 2171 2869 Domi—

600 2916 722 2964 nus,
747 2908 801 2954 et
824 2900 1059 2968 pereatis
1085 2914 1115 2954 a
1142 2899 1227 2954 via
1252 2900 1421 2969 iusta,
1448 2916 1570 2957 cum
1598 2902 1707 2957 cito
1730 2902 1996 2958 exarserit
2025 2902 2172 2958 furor

598 2992 716 3062 ejus
755 2992 806 3045 in
844 3006 939 3046 vos
966 2990 1080 3045 ‘5“.
1118 3010 1138 3044 ι
1176 2989 1438 3059 Quoniam
1473 3008 1601 3050 vero
1621 2994 1763 3051 hanc
1783 3010 1878 3066 per
1896 2996 2167 3052 Christum

599 3083 935 3152 disciplinam
972 3097 1076 3137 non
1111 3084 1613 3156 apprehenderuut,
1645 3087 1850 3142 exarsit
1878 3087 1932 3142 in
1959 3103 2052 3144 eos
2083 3089 2168 3143 fn-

2282 1898 2470 1967 σαφῶς
2500 1898 2635 1951 ποτέ
2662 1897 2783 1968 μὲν,
2800 1897 2881 1949 ὅτι
2906 1914 2925 1946 ι
2950 1894 3092 1963 Ἐγώ
3113 1896 3228 1965 είμι
3252 1893 3314 1946 τὸ
3340 1892 3456 1961 φῶς
3475 1891 3571 1944 τοῦ
3598 1893 3871 1964 κόσμου,›

2280 1990 2413 2043 ποτέ
2434 1989 2490 2042 δὲ
2514 1988 2697 2054 πάλιν,
2723 2007 2742 2040 ε
2766 1985 2907 2055 Ἐγὼ
2929 1985 3044 2055 φῶς
3071 1987 3152 2048 είς
3182 1985 3274 2038 τὸν
3293 1985 3496 2054 κόσμον
3521 1983 3715 2037 τοῦτον
3743 1985 3877 2054 ἐλή-

2280 2082 2416 2136 λυθα
2440 2099 2454 2114 ·
2484 2083 2515 2135 6
2540 2079 2852 2136 ἀκολουθῶν
2882 2080 3028 2150 ἐμοὶ,
3056 2078 3118 2131 ού
3169 2077 3244 2148 μὴ
3294 2077 3650 2148 περιπατήσῃ
3700 2078 3760 2129 ἐν
3805 2080 3873 2147 τῇ

2282 2174 2493 2244 σκοτίᾳ,
2518 2173 2630 2228 ἀλλ’
2658 2173 2769 2240 ἕξει
2797 2173 2858 2226 τὸ
2900 2171 3014 2242 φῶς
3040 2171 3143 2241 τῆς
3187 2171 3354 2239 ζωῆς.
3392 2188 3413 2221 ι
3458 2169 3607 2235 Ἐξδν
3637 2165 3733 2223 οὖν
3761 2170 3873 2243 ἀρα

2279 2266 2724 2337 ηταπλουτῆσαι
2750 2266 2810 2319 τὸ
2853 2266 2969 2335 φῶς
3022 2264 3476 2336 προσηκαμένους
3519 2264 3618 2333 τὴν
3658 2263 3870 2327 πίστιν,

2278 2358 2434 2412 τοῦτο
2471 2357 2569 2429 μὲν
2599 2358 2661 2410 ού
2701 2357 3068 2429 πεπράκασιν,
3098 2355 3174 2419 ὡς
3196 2355 3252 2408 δέ
3285 2357 3314 2408 6
3348 2354 3635 2425 προφήτης
3678 2357 3867 2424 φησὶν,

2293 2448 2730 2519 Ὑπομεινάντων
2750 2446 2929 2501 αὐτῶν
2947 2445 3085 2514 φῶς,
3103 2447 3316 2513 ἐγένετο
3328 2443 3512 2506 αὐτοῖς
3526 2443 3738 2510 σκότος,
3751 2446 3873 2515 μεζ-

2278 2554 2466 2600 ναντες
2510 2537 2683 2608 αὐγὴν
2710 2540 2767 2591 ἐν
2808 2536 2986 2607 ἀωρίᾳ
3018 2537 3455 2607 περιεπάτησαν.
3486 2527 3636 2605 Ἔφη
3674 2535 3735 2588 δέ
3774 2537 3871 2588 καὶ

2277 2630 2439 2693 αὐτὸς
2453 2632 2481 2684 6
2502 2629 2693 2701 Σωτὴρ
2708 2629 2836 2701 περί
2854 2646 2916 2683 τε
2938 2630 3120 2683 αὐτῶν
3148 2629 3367 2684 καὶτῶν
3388 2627 3492 2681 ὑπὸ
3510 2631 3674 2699 χεῖρα
3699 2627 3866 2692 λαῶν,

2276 2720 2359 2774 ὅτι
2417 2738 2436 2772 t
2465 2720 2667 2787 Τυφλοί
2708 2722 2814 2773 εἰσι
2866 2721 2962 2773 καὶ
3008 2721 3224 2790 τυφλῶν
3286 2720 3492 2792 ὁδηγοί.
3521 2740 3541 2772 ι
3592 2723 3866 2785 Ἅπαντες

2274 2813 2453 2866 τοίνυν
2491 2812 2948 2880 ἐκτετύφλωνται,
2976 2813 3130 2884 φησὶ,
3161 2813 3255 2866 καὶ⁹
3298 2813 3399 2866 ούκ
3441 2812 3694 2881 ἔγνωσαν
3737 2830 3867 2886 φρο-

2280 2904 2459 2973 νῆσαι.
2512 2902 2622 2956 Καὶ
2652 2900 2761 2972 γὰρ
2791 2897 2859 2971 ἦν
2898 2901 3039 2955 κατὰ
3071 2901 3133 2954 τὸ
3156 2900 3353 2972 ἀληθὲς
3386 2900 3597 2971 ἀνδρῶν
3657 2903 3863 2973 ἐμφρό-

2274 3012 2380 3049 νων
2404 2995 2497 3048 καὶ
2531 2993 2786 3057 συνετῶν,
2837 2993 2899 3045 τὸ
2950 2992 3345 3063 ἐπιδράξασθαι
3374 2993 3590 3062 γοργῶς
3620 2993 3720 3045 τοῦ
3765 2994 3863 3063 τῆς

2275 3085 2548 3157 σωτηρίας
2589 3085 2855 3157 παρόντος
2898 3084 3092 3154 καιροῦ
3113 3102 3126 3114 ·
3162 3085 3467 3156 προέτρεπε
3499 3084 3630 3154 γοῦν
3665 3087 3861 3149 «15:05;

598 3190 707 3236 ror.
733 3183 791 3229 et
816 3174 882 3229 de
907 3175 989 3228 via
1015 3173 1155 3244 iusta
1182 3176 1481 3247 perierunt,
1505 3178 1558 3232 id
1581 3179 1869 3246 est,alieni
1896 3178 2021 3235 facti
2043 3190 2170 3234 sunt

2274 3178 2353 3240 εἰς
2413 3176 2569 3231 τοῦτο
2634 3175 2808 3243 λέγων
2857 3177 2886 3227 6
2934 3173 3221 3237 θεσπέσιος
3277 3174 3473 3237 Δαὸίδλ·
3524 3193 3545 3226 ί
3579 3175 3859 3245 Δράξασθε

596 3280 625 3319 a
659 3266 1067 3321 conversatione
1089 3267 1422 3334 evangelica,
1451 3283 1548 3338 per
1571 3285 1731 3339 quam
1760 3279 1814 3325 et
1840 3269 2056 3340 quidem
2084 3285 2174 3326 εον

598 3351 702 3406 lam
746 3354 936 3409 modus
962 3354 1184 3424 iustitiae
1228 3356 1337 3410 Deo
1368 3366 1535 3427 grata:
1579 3359 1773 3414 elucet.
1806 3359 2171 3429 Praeterquam

597 3442 763 3512 quod,
812 3443 1008 3511 inquit,
1054 3445 1182 3498 caeci
1230 3445 1359 3509 sint,
1403 3446 1568 3500 etiam
1612 3462 1775 3503 canes
1818 3452 1949 3505 muti
1995 3459 2170 3517 erant,

597 3550 706 3588 non
751 3534 991 3588 valentes
1038 3535 1269 3600 latrare,
1312 3536 1646 3592 somniantes
1693 3538 1749 3591 in
1796 3539 1965 3605 lecto,
2008 3541 2170 3596 dediti

596 3639 808 3680 somno.
874 3624 951 3679 De
988 3626 1092 3680 illis
1124 3627 1270 3681 velut
1303 3628 1372 3681 ab
1406 3629 1656 3698 exemplo
1690 3629 1978 3687 manifesto
2007 3633 2170 3685 verba

598 3717 747 3770 facit.
790 3715 894 3782 Qui
937 3716 1080 3771 enim
1122 3732 1341 3790 gregem
1386 3729 1694 3788 sequuntur
1725 3736 1907 3788 canes,
1937 3722 2172 3791 undique

602 3817 1005 3872 circumeuntes
1056 3832 1292 3887 semper,
1321 3832 1420 3873 nec
1448 3831 1637 3873 somno
1665 3833 1764 3874 nec
1791 3819 2170 3876 dormitatione

594 3910 901 3964 vincuntur.
937 3909 993 3963 Si
1033 3910 1176 3977 quod
1211 3908 1355 3964 enim
1396 3911 1598 3966 animal
1635 3909 1916 3966 ell'eratum
1955 3911 2170 3981 conspi-

593 4000 786 4062 ciatur,
821 3998 1077 4053 allatrant
1115 3998 1351 4065 fortiter,
1388 4008 1442 4054 et
1479 3984 1734 4056 omnibus
1770 4000 1975 4056 viribus
2011 4017 2040 4054 a
2079 4015 2169 4070 pe-

592 4104 719 4145 core
744 4106 932 4146 arcere
956 4099 1231 4160 satagunt,
1257 4101 1421 4161 atque
1450 4093 1553 4147 hoc
1579 4107 1766 4147 eorum
1796 4103 1879 4149 est
1907 4093 2164 4149 ollicium.

592 4181 702 4237 Hos
733 4181 934 4236 imitari
962 4195 1181 4237 necesse
1205 4191 1287 4238 est
1314 4183 1494 4253 guegis
1523 4183 1687 4254 795
1718 4186 1927 4239 ratione
1956 4185 2165 4253 praediti

591 4273 895 4344 praefectos,
928 4275 1095 4330 duces
1117 4274 1368 4330 videlicet
1391 4284 1446 4330 et
1468 4276 1738 4343 doctores,
1760 4285 1820 4330 ut
1850 4291 2035 4331 curam
2064 4277 2164 4332 ha-

588 4367 750 4421 beant
790 4368 1122 4422 subditorum
1144 4407 1160 4432 ,
1194 4377 1250 4422 et
1291 4367 1543 4423 omnibus
1578 4369 1750 4423 modis
1783 4384 1877 4424 eos
1910 4369 2159 4439 abigant,

587 4456 679 4525 qui
714 4456 960 4523 iniuriam
999 4468 1221 4526 parant,
1265 4459 1466 4527 quique
1507 4474 1537 4512 a
1576 4458 1866 4515 dilectione
1902 4460 1954 4514 in
1993 4459 2160 4513 Deum

2277 3270 2524 3333 παιδείας
2568 3269 2778 3341 μήποτε
2810 3267 3039 3339 όργισθῇ
3075 3267 3302 3338 Κύριος,
3342 3268 3439 3320 καὶ
3469 3267 3759 3322 ἀπολεῖσθε
3793 3269 3861 3334 ἐξ

2273 3361 2394 3416 όδοῦ
2421 3361 2658 3424 δικαίας,
2697 3360 2824 3413 ὅταν
2861 3357 3108 3430 ἐκκαυθῇ
3154 3360 3212 3412 ἐν
3247 3359 3402 3429 τάχει
3429 3361 3459 3413 6
3487 3359 3653 3430 θυμὸς
3682 3360 3853 3413 αὐτοῦ

2273 3456 2357 3523 ἐφ’
2407 3455 2571 3524 ὑμᾶς.
2628 3471 2649 3504 ι
2697 3451 2915 3522 Ἐπειδὴ
2955 3451 3013 3505 δὲ
3059 3452 3158 3504 οὐκ
3205 3451 3568 3522 ἐπεδράξαντο
3615 3452 3717 3523 τῆς
3760 3451 3857 3505 διὰ.

2269 3544 2506 3615 Χριστοῦ
2530 3544 2797 3607 παιδείας,
2820 3542 3088 3614 ἐξεκαύθη
3126 3545 3252 3596 κατ’
3277 3542 3448 3596 αὐτῶν
3468 3544 3498 3595 ὁ
3526 3542 3724 3612 θυμὸς,
3754 3545 3857 3597 καὶ

2271 3635 2612 3690 ἀπολώλασιν
2633 3637 2691 3701 ἐξ
2717 3634 2839 3689 ὁδοῦ
2868 3634 3102 3699 δικαίας,
3132 3635 3431 3699 τουτέστιν,
3452 3634 3554 3700 ἐξω
3579 3635 3856 3703 γεγόνασι

2272 3708 2543 3790 πολιτείας
2595 3725 2977 3796 εύαγγελικῆς,
3028 3725 3097 3779 δι’
3147 3721 3217 3799 ἦς
3271 3720 3367 3780 καὶ
3417 3727 3601 3797 μόνης
3644 3729 3697 3779 οἱ
3752 3729 3854 3799 τῆς

2268 3804 2612 3889 ἀρεσκούσης
2667 3816 2788 3888 Θεῷ
2837 3816 3188 3887 δικαιοσύνης
3232 3817 3579 3888 ἐκλάμπουσι
3636 3820 3847 3890 τρόποι.

2269 3911 2412 3982 Πρὸς
2451 3910 2507 3964 δέ
2549 3928 2613 3979 γε
2643 3911 2704 3963 τὸ
2741 3905 2883 3965 εἶναι
2919 3910 3133 3980 τυφλοὶ,
3177 3910 3330 3980 φησι,
3363 3913 3460 3963 καὶ
3509 3909 3672 3972 κύνες
3710 3906 3848 3981 ἦσαν

2266 4002 2459 4067 ἐννεοὶ,
2490 4002 2552 4055 ού
2582 4002 2868 4072 δυνάμενοι
2918 4001 3190 4067 ὑλακτεῖν,
3240 4002 3688 4071 ἐνυπνιαζόμενοι
3732 4003 3845 4054 κοί⁶

2264 4110 2383 4164 την,
2444 4092 2720 4162 φιλοῦντες
2775 4092 3107 4162 νυσταγμόν’
3159 4090 3236 4156 ὡς
3287 4094 3353 4146 ἐκ
3404 4092 3845 4163 παραδείγματος

2264 4183 2528 4254 ἐναργοῦς
2553 4183 2680 4247 τοὺς
2718 4182 2848 4253 περὶ
2878 4181 3060 4236 αὐτῶν
3106 4184 3339 4236 ποιεῖται
3371 4181 3587 4251 λόγους.
3637 4183 3700 4236 Oi
3747 4181 3842 4251 μὲν

2264 4274 2373 4346 γάρ
2413 4276 2534 4338 ταῖς
2566 4273 2823 4345 ποίμναις
2877 4273 3134 4344 ἐπὸμενοι
3181 4271 3345 4337 κύνες
3393 4273 3583 4345 κύκλῳ
3631 4290 3842 4347 περινο·

2265 4366 2517 4428 στοῦντες
2545 4367 2653 4431 ἀεὶ,
2689 4365 2967 4438 κρείττους
3023 4367 3130 4418 εἰσὶ
3161 4366 3256 4419 καὶ
3291 4365 3460 4421 ὕπνου
3491 4368 3590 4421 καὶ
3621 4385 3841 4437 νυσταγ-

2266 4457 2387 4529 μοῦ.
2435 4459 2499 4511 Εἰ
2526 4458 2635 4527 γάρ
2670 4456 2771 4511 πού
2806 4474 2861 4510 τι
2903 4456 3013 4510 τῶν
3050 4450 3361 4512 ἀτιθάσσων
3391 4459 3587 4530 ὀφθείη
3621 4459 3839 4531 θηρίων,

586 4546 878 4613 abducunt,
907 4552 1292 4616 persuadentes
1323 4550 1682 4604 reverentiam
1708 4566 1830 4619 qua:
1856 4565 1981 4621 erga
2011 4552 2159 4606 illum

2273 4549 2695 4606 καθυλακτοῦσιν
2724 4550 2977 4616 εὐτόνως,
3009 4550 3105 4604 καὶ
3143 4552 3308 4604 παντὶ
3347 4549 3526 4604 σθένει
3574 4550 3841 4621 χρώμενα

586 4639 830 4694 habenda
863 4648 967 4703 est,
1004 4640 1153 4709 parvi
1200 4640 1398 4705 facere,
1431 4648 1487 4695 et
1527 4641 1593 4694 ad
1634 4642 1774 4708 quod
1815 4641 1945 4710 ipsis
1986 4641 2163 4712 placet

584 4732 946 4788 attrahentes.
977 4731 1083 4787 Sed
1120 4731 1256 4786 tales
1317 4745 1440 4786 esse
1474 4730 1726 4786 nolebant
1755 4729 1989 4786 Iudaicae
2022 4730 2162 4802 Syn-

583 4837 767 4894 agoga:
797 4824 1069 4894 praepositi
1096 4841 1108 4876 :
1131 4824 1242 4878 imo
1271 4838 1437 4877 canes
1460 4833 1616 4878 erant
1649 4823 2155 4886 muti,dormitatio-

584 4931 704 4969 nem
740 4925 1004 4982 amantes,
1034 4925 1091 4969 et
1124 4914 1177 4969 in
1214 4915 1353 4970 lecto
1388 4915 1746 4970 somniantes.
1782 4915 1991 4970 Etenim
2031 4914 2157 4971 licet

583 5003 780 5072 populo
817 5019 915 5060 suo
954 5003 1105 5058 utilia
1146 5003 1470 5073 prmcipere,
1512 5018 1576 5058 ac
1616 5013 1804 5059 contra
1846 5004 2153 5060 docentium

583 5096 817 5165 impetus
843 5096 1159 5167 propulsare
1184 5095 1463 5162 deberent,
1489 5096 1539 5149 id
1568 5097 1782 5164 quidem
1812 5111 1918 5152 non
1945 5097 2153 5167 praesti-

583 5196 782 5252 terunt,
825 5189 919 5243 sed
957 5187 1059 5257 ipsi
1103 5188 1285 5260 petius
1318 5203 1412 5242 eos
1456 5189 1510 5243 in
1552 5190 1860 5259 voraginem
1908 5190 2154 5245 interitus

580 5278 1006 5346 praecipitarunt.
1037 5278 1190 5346 Quod
1219 5279 1434 5334 docebit
1464 5282 1840 5337 universorum
1868 5280 2031 5347 Deus,
2067 5284 2149 5335 in-

579 5365 771 5435 quiens
800 5386 816 5422 :
850 5387 868 5420 ι
907 5366 1231 5426 Sacerdotes
1259 5372 1336 5424 tui
1369 5386 1472 5426 nou
1503 5369 1902 5426 dixeruutzUbi
1933 5382 2016 5427 est
2048 5370 2149 5426 Do-

579 5457 795 5513 minus?
858 5468 911 5515 et
946 5461 1036 5531 qui
1076 5468 1262 5517 tenent
1295 5462 1469 5534 legem
1506 5478 1700 5528 meam,
1737 5478 1841 5516 non
1875 5463 2152 5517 sciverunt

582 5562 698 5611 me,
728 5565 790 5602 ac
830 5560 1073 5620 pastores
1107 5553 1158 5608 in
1194 5570 1278 5609 me
1309 5564 1532 5624 egerunt
1569 5555 1759 5625 impie,
1791 5565 1843 5609 et
1879 5554 2151 5624 prephetaa

2266 4643 2375 4696 τῶν
2427 4642 2759 4714 θρεμμάτων
2807 4641 3100 4695 ἀποσοϐεῖν
3147 4643 3460 4711 ἐπείγονται
3481 4683 3497 4707 ,
3551 4643 3646 4697 καὶ
3689 4642 3842 4697 τοῦτο

2266 4732 2426 4805 ἔργον
2459 4734 2661 4795 αὐτοῖς.
2709 4731 2930 4795 Τούτοις
2959 4732 3195 4786 ἐοικέναι
3234 4733 3340 4805 χρὴ
3388 4735 3514 4797 τοὺς
3557 4733 3667 4788 τῶν
3697 4734 3841 4802 λογι-

2266 4821 2379 4874 κῶν
2428 4821 2692 4891 ποιμνίων
2744 4822 3169 4894 προεστηκότας,
3215 4824 3537 4895 καθηγητὰς
3603 4824 3840 4895 δηλονότι

2264 4915 2359 4967 καὶ
2386 4913 2761 4978 διδασκάλους,
2807 4913 2949 4967 ὥστε
2999 4913 3261 4983 κήδεσθαι
3307 4916 3534 4968 καὶτῶν
3577 4916 3840 4984 ὑπεζευγ-

2255 5007 2459 5077 μένων,
2508 5022 2602 5059 και
2646 5005 2971 5060 ἀπελαύνειν
3015 5008 3141 5070 τοὺς
3207 5008 3328 5061 καθ’
3376 5008 3655 5061 ὁντιναοῦν
3722 5008 3841 5079 spvi-

2251 5114 2352 5151 πον
2375 5097 2582 5152 ἀδικεῖν
2616 5097 2921 5164 ἐθέλοντας,
2953 5100 3046 5152 καὶ
3077 5100 3451 5170 ἀποφέροντας
3486 5099 3591 5169 μὲν
3626 5101 3733 5169 τῆς
3762 5103 3838 5161 εἰς

2250 5189 2382 5242 Θεὸν
2431 5190 2673 5259 ἀγάπης,
2732 5190 3120 5261 κατολιγωρεῑν
3166 5190 3561 5254 ἀναπείθοντας
3609 5192 3712 5260 τῆς
3762 5194 3841 5254 εἰς

2250 5281 2411 5336 αὑτὸν
2442 5279 2645 5345 αἰδοῦς,
2676 5283 2756 5346 εἰς
2806 5282 2864 5335 δὲ
2910 5282 2971 5335 τὸ
3011 5282 3193 5344 αὐτοῖς
3237 5280 3428 5335 δοκοῦν
3465 5282 3835 5353 ἁρπάζοντας.

2268 5373 2409 5425 Ἀλλ’
2431 5373 2530 5427 οὐκ
2547 5373 2735 5444 ἤθελον
2752 5369 2891 5427 εἶναι
2922 5374 3130 5427 τοιοῦτο
3160 5374 3256 5444 τῆς
3290 5373 3560 5426 Ἰουδαίων
3579 5375 3838 5443 Συναγω-

2255 5463 2360 5535 γῆς
2387 5465 2437 5517 οἱ
2457 5466 2856 5535 προεστηκότες
2875 5481 2888 5495 ο
2918 5467 3113 5537 μᾶλλον
3144 5466 3251 5537 γὰρ
3281 5461 3421 5536 ἦσαν
3452 5465 3618 5528 κύνες
3644 5465 3838 5531 ἐννεοὶ,

2244 5557 2561 5627 ,νυσταγμδν
2615 5557 2914 5625 φιλοῦντες,
2969 5561 3062 5612 καὶ
3123 5560 3306 5629 κοίτην
3363 5557 3838 5627 ἐνυπνιαζόμενοι.

644 5724 738 5757 ⁸⁸⁸⁸
775 5723 927 5780 Joau.
963 5742 1078 5795 vtu,
1116 5729 1199 5782 l2.
1277 5729 1320 5763 ⁸⁵
1351 5730 1503 5786 Joau.
1542 5747 1634 5796 xu,
1668 5731 1755 5785 46.
1834 5732 1900 5763 ⁸⁵·
1930 5729 2123 5786 Matth.
2154 5747 2170 5785 ι

2282 5733 2365 5788 l0.
2445 5734 2533 5767 εν·
2572 5734 2709 5790 mo.
2747 5751 2805 5800 ιι,
2838 5735 2926 5805 ιε,
2959 5735 3042 5789 t5.
