4092 6296
323 364 464 418 ιεεδ
1453 349 1522 405 IN
1560 349 1793 405 lSAlAM
1836 348 1896 405 LI

2012 350 2071 406 ν.
2115 351 2349 411 TOMUS
2388 354 2478 412 111³.
3461 363 3596 417 iiiis

321 480 515 535 Καίτοι
562 479 671 549 γὰρ
708 477 825 530 δέον
874 477 985 538 τοῖς
1033 472 1137 526 ύπὺ
1174 474 1330 544 χεῖρα
1382 471 1531 536 λαοῖς
1569 460 1896 543 εἰσηγεῖσθαι

2013 473 2407 543 preplietarunt
2446 474 2573 530 Baal
2599 475 2665 529 ⁸⁸.
2715 493 2733 527 ι
2777 474 2958 546 Itaque
3001 478 3255 534 nolebant
3294 494 3389 535 ceu
3432 497 3598 541 canes

321 572 392 625 τὰ
421 572 692 642 χρήσιμα,
730 568 823 622 καὶ
853 566 964 619 τῶν
994 563 1491 635 ἑτεροδιδασκαλεῖν
1520 562 1788 616 εἰωθότων
1807 562 1896 626 τὰς

2009 572 2195 617 contra
2227 564 2547 621 infestantes
2577 581 2794 639 gregem
2825 567 3043 635 latrare,
3072 571 3166 625 sed
3195 585 3393 627 canum
3421 573 3594 643 impu-

323 661 545 731 ἐφόδους
575 658 882 720 ἀποσοϐεῖν,
926 655 1082 708 τοῦτο
1129 654 1228 725 μὲν
1278 655 1378 707 οὐκ
1426 653 1618 723 ἔδρων,
1667 654 1820 707 αὐτοὶ
1848 653 1896 706 δὲ

2008 652 2246 707 dentiam
2276 654 2648 720 imitabantur,
2695 664 2751 711 et
2792 658 3142 714 voracitatem
3188 661 3457 719 satietatis
3501 680 3586 718 nr‘

326 752 530 822 μᾶλλον
577 749 772 811 αὐτοὺς
801 748 915 809 τοῖς
958 745 1060 816 τῆς
1105 744 1381 808 ἀπωλείας
1416 743 1626 797 ἐνίεσαν
1671 742 1903 814 βόθροις.

324 844 432 897 Καὶ
464 843 623 896 τοῦτο
652 838 850 903 διδάξει
878 836 1054 905 λέγων
1082 838 1111 890 ὀ
1147 836 1258 889 τῶν
1287 835 1421 889 ὅλων
1455 834 1587 897 Θεός
1608 850 1621 863 ο
1660 853 1679 885 ι
1727 835 1792 887 Οἱ
1834 835 1907 888 ίε-

324 936 437 1003 ρεῖς
477 950 569 986 σου
599 932 699 984 ούκ
732 925 913 982 εἶπαν·
939 925 1051 981 Ποῦ
1073 928 1189 980 ἐστι
1220 925 1452 998 Κύριοςς
1486 925 1581 979 καί
1614 926 1663 978 oi
1683 926 1904 996 ἀντεχό-

324 1042 475 1093 μενοι
502 1024 594 1078 τοῦ
641 1023 806 1093 νόμου
836 1021 935 1074 ούκ
963 1018 1263 1090 ἠπίσταντό
1312 1036 1399 1090 με,
1447 1018 1540 1071 καῖ¹
1569 1018 1618 1070 οἰ
1650 1016 1904 1088 ποιμένες

319 1115 549 1184 ἠσέϐουν
594 1115 673 1178 εἰς
702 1111 828 1184 ἐμὲ,
868 1111 962 1165 καί⁵
1011 1112 1061 1165 οἰ
1108 1113 1385 1182 προφῆται
1417 1109 1793 1180 ἐπροφήτευον
1834 1110 1902 1180 τῇ

317 1206 487 1259 Βάαλ.
529 1224 549 1258 ι
583 1203 794 1258 Οὐκοῦν
841 1203 1034 1274 ὥσπερ
1079 1201 1239 1265 κύνες
1275 1200 1634 1254 καθυλακτείν
1671 1198 1768 1271 μὲν
1794 1197 1904 1253 τῶν

316 1302 438 1361 ταῖς
469 1297 731 1368 ποίμναις
773 1294 1189 1367 ἐπηρεαζόντων
1220 1294 1319 1347 οὐκ
1356 1292 1569 1364 ἧθελον.
1608 1292 1904 1364 ἐμιμοῦντο

316 1391 375 1444 δὲ
412 1391 520 1443 τίν
566 1387 746 1443 κυνῶν
775 1387 875 1458 τὴν
922 1384 1328 1456 ἀναισχυντίαν,
1367 1383 1465 1436 καὶ
1503 1383 1566 1436 τὸ
1601 1382 1676 1454 μὴ
1704 1381 1901 1436 εἰδέναι

248 1481 252 1485 ⁴
317 1482 662 1553 πλησμονήν.
701 1478 1050 1533 Φιλόπλουτοι
1099 1479 1209 1550 γὰρ
1246 1476 1419 1540 ὄντες,
1459 1476 1553 1529 καὶ
1597 1475 1900 1545 λημμάτων

318 1573 564 1644 αἰσχρῶν
604 1571 926 1644 ἡττώμενοι,
956 1572 1052 1624 καὶ
1091 1568 1439 1641 δωροδοκίαις
1480 1567 1899 1638 ἑπιγαννύμενοι

320 1664 695 1735 παρηνόμουν,
748 1662 797 1716 οἳ
828 1662 923 1717 καὶ
954 1659 1333 1732 αἰσχυνόμενοι
1374 1659 1554 1732 ψῆφον
1585 1658 1768 1713 ἄδικον
1798 1674 1901 1710 κα-

318 1756 651 1826 ταφέροντες
673 1754 784 1807 ἐσθ’
805 1755 893 1808 ὅτε
920 1752 1029 1807 τῶν
1058 1751 1383 1807 ἀδικούντων
1416 1750 1606 1822 μηδὲν,
1631 1747 1901 1803 δικαιοῦν-

2008 743 2196 798 sciam.
2220 743 2358 800 Nam
2384 746 2629 817 pecunia:
2654 759 2922 812 amantes,
2945 759 3001 803 et
3026 752 3164 821 turpi
3192 752 3342 809 lucro
3364 754 3588 823 addicti,

2006 843 2062 889 et
2094 851 2379 892 munerum
2414 837 2794 909 largitionibus
2825 841 3097 908 delectati,
3128 843 3299 914 legem
3333 849 3593 914 pr:evari-

2005 927 2114 982 cati
2156 937 2282 983 sunt
2316 945 2332 983 :
2370 931 2463 999 qui
2518 931 2683 987 etiam
2736 946 2857 987 cum
2897 933 3104 1002 pudore
3136 935 3406 991 interdum
3446 939 3590 1007 inju-

2006 1025 2147 1071 slum
2185 1018 2453 1074 calculum
2487 1018 2731 1077 ferebant
2763 1023 2813 1076 in
2849 1036 2943 1079 eos
2972 1025 3063 1093 qui
3099 1024 3352 1096 injuriam
3389 1027 3588 1083 nullam

2006 1108 2266 1178 iecerant,
2323 1112 2659 1184 impiumque
2680 1113 3074 1184 justillcahaut.
3106 1115 3223 1171 Non
3253 1118 3395 1172 enim
3426 1133 3590 1173 nove-

2004 1213 2131 1258 runt
2176 1204 2515 1271 satietatem,
2565 1206 2618 1261 id
2669 1216 2785 1277 est,
2832 1208 3020 1264 satiari
3072 1212 3396 1280 nequibant,
3446 1214 3588 1283 turpi

2004 1304 2215 1361 quaestu
2246 1296 2518 1352 videlicet.
2550 1297 2648 1354 His
2681 1301 2844 1355 etiam
2875 1303 2942 1356 de
2973 1301 3155 1356 causis
3188 1317 3280 1358 eos
3314 1305 3587 1359 accusavit

2005 1382 2266 1439 Scrvator
2295 1385 2437 1455 ipse,
2468 1386 2658 1443 dicens
2687 1406 2700 1442 :
2739 1407 2758 1441 ι
2800 1388 2889 1445 Vas
2916 1389 3098 1456 vobis,
3133 1390 3337 1448 Scribie
3362 1401 3418 1448 et
3447 1393 3588 1448 Pha-

2005 1476 2144 1532 risasi
2177 1477 2473 1547 hypocrita:
2506 1496 2520 1534 :
2549 1480 2834 1538 decimatis
2868 1485 3166 1551 menthain,
3210 1494 3267 1540 et
3309 1486 3584 1551 anethum,

2001 1576 2056 1623 et
2085 1570 2393 1639 cuminum,
2439 1579 2494 1626 et
2539 1586 2658 1641 quae
2690 1574 2939 1642 graviora
2974 1575 3107 1645 legis
3134 1585 3260 1631 sunt
3293 1578 3582 1643 omisistis,

1997 1658 2290 1729 judicium,
2323 1662 2752 1719 misericordiam
2791 1675 2844 1722 et
2878 1666 3035 1722 fidem
3058 1668 3128 1722 ⁸⁷.
3165 1687 3184 1721 ι
3245 1669 3320 1724 De
3352 1670 3457 1725 illis
3488 1687 3584 1727 au-

2005 1758 2110 1804 tem
2138 1751 2274 1806 dixit
2303 1752 2518 1809 divinus
2544 1757 2801 1826 propheta
2834 1757 3004 1814 Isaias
3033 1778 3046 1813 :
3081 1779 3100 1813 ‹
3137 1760 3416 1827 Quomodo
3442 1762 3583 1818 facta

317 1865 413 1909 τες
439 1847 493 1900 δὲ
523 1846 613 1901 τὸν
645 1845 838 1917 ἀσεὸἧ,
875 1845 936 1897 ού
982 1844 1091 1917 γὰρ
1120 1844 1342 1915 ᾔδεισαν
1380 1840 1717 1913 πλησμονὴν,
1745 1856 1896 1892 τουτ-

2003 1852 2085 1896 est
2125 1845 2381 1899 meretrix
2415 1845 2611 1902 civitas
2648 1847 2844 1914 ﬁdelis,
2883 1850 3034 1917 Sion,
3070 1852 3227 1922 plena
3265 1852 3492 1924 judicio,
3529 1855 3582 1907 in

317 1939 459 2002 ἐστι,
505 1937 664 2008 κόρον
715 1936 1015 2007 λημμάτων
1060 1933 1304 2005 αἰσχρῶν
1350 1932 1627 2002 δηλονότι*
1681 1932 1777 1985 καὶ
1810 1930 1904 1983 ἐπὶ

315 2027 529 2091 τούτοις
575 2028 775 2090 αὐτοὺς
823 2026 917 2080 καὶ
949 2025 1115 2089 αὐτὸς
1159 2024 1188 2077 6
1235 2023 1426 2095 Σωτὴρ
1470 2024 1660 2095 ᾐτιᾶτο
1707 2021 1901 2089 λέγων’

317 2142 339 2176 ι
375 2123 512 2176 0ύαί
550 2120 699 2191 ὑμῖν,
731 2118 1085 2189 Γραμματεῖς
1124 2115 1224 2170 καὶ
1261 2116 1542 2187 Φαρισαῖοι
1587 2112 1900 2185 ὑποκριταὶ,

314 2215 400 2267 ὅτι
441 2209 839 2266 ἀποδεκατοῦτε
883 2209 944 2262 τὸ
993 2206 1287 2279 ἡδύοσμον,
1318 2206 1414 2259 καὶ
1452 2206 1514 2259 τὸ
1557 2205 1779 2277 ἄνηθον,
1807 2204 1903 2258 καὶ

327 2301 396 2355 τὸ
444 2300 697 2372 κύμινον,
726 2298 821 2352 καὶ
857 2297 1107 2369 ἀφήκατε
1150 2295 1220 2351 τὰ
1260 2293 1535 2365 βαρύτερα
1573 2293 1666 2347 τοῦ
1710 2293 1898 2364 νόμου,

316 2391 418 2462 τὴν
447 2392 650 2463 κρίσιν,
681 2390 776 2444 καὶ
806 2389 897 2442 τὸν
930 2389 1077 2441 ἔλεον
1108 2386 1201 2439 καὶ
1229 2385 1327 2457 τὴν
1360 2385 1563 2438 πίστιν.
1598 2403 1617 2436 ι
1664 2385 1807 2456 Ἔφη
1842 2385 1900 2439 δὲ

316 2486 450 2555 περὶ
499 2482 678 2536 αὐτῶν
740 2480 835 2534 καὶ
882 2480 911 2531 ὁ
961 2478 1244 2540 θεσπέσιος
1293 2477 1579 2548 προφήτης
1636 2476 1896 2540 Ἡσαΐας⁸

324 2595 342 2627 ι
383 2572 508 2637 Πῶς
553 2573 770 2642 ἐγένετο
820 2571 992 2642 πόρνη
1050 2569 1204 2632 πόλις
1252 2567 1416 2639 πιστὴ
1462 2566 1637 2633 Σιὼν,
1686 2567 1899 2639 πλήρης

320 2664 575 2735 κρίσεως,
600 2664 659 2716 ὲν
688 2656 723 2734 ᾖ
749 2660 1060 2730 δικαιοσύνη
1084 2657 1374 2730 ἐκοιμήθη,
1405 2659 1500 2712 νῦν
1527 2658 1583 2712 δὲ
1609 2659 1895 2729 φονευταί;

324 2752 399 2807 Τίι
418 2754 676 2825 ἀργύριον
706 2751 861 2825 ὑμῶν
882 2752 1161 2822 ἀδόκιμον,
1186 2751 1234 2804 οἰ
1267 2750 1502 2822 κάπηλοι
1526 2767 1617 2804 σου
1643 2749 1896 2821 μίσγουσι

321 2845 414 2898 τὸν
437 2840 578 2898 οἶνον
611 2844 784 2909 ὕδατι,
812 2832 1147 2916 οίᾙρχοντές
1184 2858 1277 2895 σου
1315 2840 1622 2907 ἀπειθοῦσι,
1652 2841 1898 2896 κοινωνοὶ

322 2935 590 2999 κλεπτῶν,
624 2936 949 3004 ἀγαπωντες
986 2933 1156 3004 δῶρα,
1189 2931 1478 2995 διώκοντες
1522 2932 1890 3002 ἀνταπόδομα,

322 3028 576 3099 ὀρφανοῖς
597 3028 655 3083 ού
674 3027 968 3098 κρίνοντες,
997 3024 1090 3079 καὶ
1107 3025 1285 3096 κρίσει
1303 3025 1479 3096 χήρας
1504 3026 1567 3079 οὐ
1595 3025 1892 3096 προσέχονο

319 3135 464 3180 τες.»
498 3118 606 3171 Ναὶ
638 3117 744 3188 μὴν
769 3117 863 3170 καὶ
888 3118 917 3170 6
955 3114 1240 3179 θεσπέσιος
1266 3114 1597 3184 ’Δόὗακοὺμ,
1631 3115 1716 3168 ἐπ’
1743 3114 1893 3186 αὐτῷ

316 3208 382 3278 δὴ
423 3206 617 3279 τούτῳ,
639 3183 935 3279 ’μονονουχί
970 3206 1065 3259 καὶ
1102 3183 1893 3276 δεδακρυμένως,ίπροσεφώνει
1921 3183 1963 3241 C

318 3300 454 3371 πρὸς
482 3299 614 3352 Θεὸν
640 3317 651 3328 ο
677 3317 696 3351 ι
718 3299 863 3362 Ἕως
883 3297 1049 3362 τίνος,
1082 3296 1274 3369 Κύριε,
1293 3297 1488 3368 Κύριε,
1506 3295 1778 3367 κράξομαι
1798 3296 1891 3348 καὶ

317 3390 464 3465 [οὐκ]
485 3410 508 3444 ε
518 3391 703 3445 ἰσακού
711 3406 808 3463 an;
830 3390 1093 3461 βοήσομαι
1116 3389 1252 3461 πρὸς
1266 3389 1322 3443 σὲ
1337 3388 1706 3458 ἀδικούμενος,
1721 3389 1813 3442 καὶ
1828 3388 1888 3442 οὐ

314 3485 543 3549 σώσεις;
577 3477 746 3538 Ἱνᾱτί
779 3500 869 3554 μοι
904 3482 1111 3549 ἔδειξας
1136 3481 1356 3546 κόπους,
1400 3482 1494 3535 καὶ
1522 3481 1739 3545 πόνους,
1770 3483 1889 3535 ἐπι-

310 3576 534 3629 ϐλέπειν
565 3574 959 3645 ταλαιπωρίαν,
988 3572 1082 3625 καὶ
1112 3572 1396 3636 ἀσέϐειανς
1420 3571 1480 3637 ἐξ
1509 3571 1754 3634 ἐναντίας
1784 3589 1886 3641 μου

312 3669 503 3735 γέγονε
532 3666 734 3736 κρίσις,
762 3665 856 3718 καὶ
892 3667 921 3718 6
958 3663 1149 3734 κριτὴς
1182 3663 1469 3734 λαμϐάνει.
1499 3663 1598 3717 Διά
1622 3661 1780 3716 τοῦτο
1806 3663 1887 3717 δι-

313 3756 634 3809 εσκέδασται
661 3754 845 3824 νόμος,
865 3755 959 3806 καὶ
982 3754 1044 3805 οὑ
1072 3753 1373 3820 διεξάγεται
1401 3753 1481 3815 εἰς
1508 3752 1660 3816 τέλος
1688 3752 1883 3824 κρίμα,

312 3848 398 3900 ὅτι
440 3847 469 3899 6
514 3845 714 3914 ἀσεϐὴς
765 3842 1218 3898 καταδυναστεύει
1249 3843 1340 3896 τὸν
1392 3842 1619 3897 δίκαιον.
1662 3844 1887 3897 Ἕνεκεν

314 3937 503 3991 τούτου
533 3934 870 4000 ἐξελεύσεται
907 3935 969 3988 τὸ
996 3934 1171 4005 κρίμα
1199 3933 1646 4004 διεστραμμένον.
1688 3952 1708 3987 ι
1741 3936 1883 3990 Οὐκ-

202 4023 215 4037 ’
313 4031 407 4083 οῦν
445 4029 504 4082 τὸ
541 4028 637 4098 μὲν
671 4026 1063 4096 φιλογρήγορον
1091 4023 1196 4077 τῶν
1224 4026 1295 4078 ἔνι
1318 4024 1542 4092 ἀγέλαις
1583 4025 1759 4078 κυνῶν
1790 4026 1886 4098 ζη-

313 4118 439 4171 λούν
465 4118 565 4170 οὐκ
593 4115 803 4186 ἤθελον,
837 4112 1210 4185 ἀπεμιμοῦντο
1236 4115 1294 4169 δὲ
1334 4113 1494 4185 μόνον
1519 4114 1714 4180 αὐτοὺς
1744 4117 1886 4170 κατά

313 4224 376 4273 γε
404 4208 466 4259 τὸ
487 4202 626 4263 εἶναι
657 4204 1080 4276 καταφρονητάς
1105 4206 1207 4275 μὲν
1237 4204 1458 4278 ἀπάσης
1480 4205 1683 4270 αἰδοῦς,
1715 4209 1887 4276 ἐγκεῖ-

314 4298 436 4353 σθαι
462 4298 518 4352 δὲ
532 4296 839 4369 ἀκορέστως
866 4299 983 4360 ταῖς
1000 4296 1107 4349 τῶν
1123 4296 1426 4369 λημμάτων
1452 4296 1752 4366 συλλογαίς.
1773 4300 1883 4353 Καὶ

314 4390 450 4460 πρός
478 4407 541 4459 γε
570 4388 765 4460 τούτῳ,
795 4388 1062 4459 πονηροὺς
1083 4389 1278 4451 αὐτοὺς
1310 4384 1452 4442 εἶναί
1483 4405 1637 4459 φησι,
1667 4390 1762 4443 καί
1782 4391 1881 4444 οὐκ

309 4480 505 4533 εἰδέναι
538 4478 772 4531 σύνεσιν.
809 4475 1016 4530 Οὐκοῦν
1045 4476 1301 4540 ἀσύνετος
1326 4478 1354 4529 6
1397 4477 1664 4548 πονηρός·
1696 4480 1729 4548 ἠ
1771 4479 1880 4551 γὰρ

311 4571 523 4634 σύνεσις
561 4575 758 4643 πρέποι
801 4570 866 4624 ἂν
904 4568 1137 4640 μάλιστα
1181 4569 1293 4631 τοῖς
1325 4567 1574 4622 εἰωθόσιν
1605 4568 1877 4640 ἀγαθουρ-

2011 1947 2116 2000 qua
2151 1933 2361 2004 justitia
2403 1936 2675 2003 dormivit,
2713 1954 2857 1995 nunc
2899 1950 3076 1997 autem
3126 1943 3448 1999 homicidae?
3481 1945 3582 2000 Ar-

2005 2037 2222 2093 gentum
2249 2035 2484 2081 vestrum
2511 2028 2872 2085 adulteratum
2902 2050 2916 2086 :
2946 2047 3219 2103 caupones
3245 2037 3323 2091 tui
3351 2038 3583 2094 miscent

2004 2115 2186 2169 vinum
2227 2131 2388 2187 aqua,
2426 2118 2700 2190 principes
2741 2123 2817 2178 tui
2865 2139 2971 2179 non
3012 2126 3293 2193 obediunt,
3327 2130 3460 2184 socii
3500 2131 3581 2185 l'u-

2004 2222 2145 2272 rum,
2167 2207 2453 2280 diligentes
2475 2228 2722 2283 munera,
2746 2225 3130 2286 persequentes
3150 2221 3579 2293 retributionem,

2002 2300 2260 2367 orphanis
2285 2316 2390 2357 non
2415 2301 2741 2372 iudicantes,
2765 2316 2820 2362 et
2838 2308 3042 2378 judicio
3071 2310 3245 2367 vidua:
3268 2328 3373 2368 non
3401 2323 3578 2370 atten-

2001 2390 2188 2447 dentes
2211 2392 2311 2470 ‘fa
2345 2393 2483 2460 Quin
2504 2406 2559 2451 ει
2577 2396 2791 2454 divinus
2822 2397 3130 2468 Abbacum,
3165 2405 3352 2458 eadem
3388 2407 3452 2460 de
3487 2421 3574 2470 re,

2003 2487 2208 2535 tantum
2231 2467 2346 2536 'non
2385 2483 2763 2555 illaerymans,
2796 2467 3307 2558 appellabatiDeum
3334 2511 3347 2548 :
3374 2512 3395 2545 ι
3435 2467 3580 2561 Quo;

2000 2585 2191 2639 usque,
2222 2573 2467 2640 Domine,
2484 2575 2727 2641 Domine,
2759 2576 3027 2647 clamabo,
3057 2589 3112 2637 et
3141 2597 3245 2638 non
3279 2586 3578 2643 exaudies‘?

2000 2663 2335 2719 vociferabor
2362 2667 2430 2720 ad
2461 2674 2534 2734 te,
2566 2666 2759 2734 injuria
2790 2667 3046 2738 aﬂlictus,
3075 2682 3129 2728 et
3158 2688 3261 2729 non
3291 2678 3576 2734 servabis?

1998 2752 2177 2820 Quare
2204 2755 2335 2811 mihi
2364 2758 2648 2819 ostendisti
2678 2758 2895 2817 labores
2924 2772 2980 2817 et
3010 2764 3309 2831 molestias,
3337 2780 3398 2822 ut
3423 2769 3574 2826 vide-

1980 2859 2112 2899 .rem
2147 2846 2420 2903 miseriam
2451 2859 2507 2906 et
2539 2851 2907 2920 impietatem?
2928 2854 3227 2912 Adversum
3259 2874 3346 2914 me
3370 2859 3573 2918 factum

1996 2944 2079 2988 est
2110 2934 2395 3003 judicium,
2430 2948 2484 2994 et
2519 2939 2684 3009 judex
2729 2944 2947 3014 accipit.
2986 2945 3279 3016 Propterea
3316 2950 3573 3022 dissipata

1998 3024 2162 3097 796
2189 3036 2271 3082 est
2306 3027 2422 3094 lex,
2454 3038 2511 3084 et
2543 3045 2648 3086 non
2684 3032 2967 3089 deducitur
2998 3036 3051 3091 in
3088 3037 3248 3094 ﬁnem
3280 3040 3570 3110 judicium.

1996 3117 2201 3185 Impius
2231 3121 2376 3174 enim
2411 3121 2552 3177 valet
2583 3132 2769 3178 contra
2800 3125 3026 3195 justum.
3060 3129 3269 3188 Idcirco
3295 3136 3573 3203 egreditur

1992 3206 2252 3298 judicium
2295 3224 2607 3279 perversum
2632 3214 2700 3270 ".
2748 3234 2767 3267 ι
2816 3215 3003 3286 Itaque
3044 3220 3411 3294 vigilantiam,
3450 3242 3571 3298 qua:

1992 3305 2073 3351 est
2101 3297 2154 3351 in
2185 3312 2348 3370 grege
2377 3314 2575 3356 canum
2596 3343 2612 3370 ,
2643 3304 2933 3362 noluerunt
2961 3312 3205 3366 aemulari
3243 3331 3258 3368 :
3289 3317 3386 3371 sed
3418 3297 3571 3375 ineo

1991 3384 2163 3440 solum
2204 3389 2396 3445 imitati
2432 3403 2581 3458 sunt,
2621 3397 2762 3465 quod
2800 3398 2908 3453 sint
2949 3410 3353 3472 contemptores
3387 3411 3569 3466 omnis

1990 3482 2348 3547 verecundiae,
2382 3484 2803 3558 incumbautque
2832 3492 3029 3560 praedis
3061 3500 3448 3556 eoacervandis
3481 3502 3568 3556 in-

1990 3571 2331 3629 satiabiliter.
2350 3576 2442 3631 .Ad
2475 3576 2590 3634 hac
2617 3592 2712 3634 eos
2742 3579 2913 3637 malos
2942 3598 3064 3639 esse
3091 3585 3244 3653 dicit,
3273 3599 3328 3644 et
3356 3593 3569 3648 nescire

1992 3662 2422 3735 intelligentiam.
2446 3669 2635 3742 Itaque
2660 3672 2859 3731 stultus
2887 3687 2972 3732 est
3002 3679 3173 3735 malus
3202 3698 3218 3737 :
3247 3697 3371 3739 nam
3404 3685 3566 3743 intel-

1987 3754 2209 3826 ligentia
2254 3758 2322 3814 iis
2377 3762 2635 3818 convenit
2683 3765 2918 3821 maxime
2952 3769 3045 3837 qui
3087 3770 3225 3826 bene
3262 3771 3439 3831 facere
3475 3793 3568 3833 so-

1989 3844 2103 3901 lent
2138 3865 2152 3902 :
2188 3858 2246 3903 at
2285 3849 2489 3906 malitia
2533 3867 2565 3907 a
2609 3864 2789 3911 mente
2828 3857 2969 3913 bona
3007 3860 3173 3916 absit.
3208 3862 3442 3922 Perinde
3483 3883 3568 3927 est
3660 3899 3673 3908 -

1988 3936 2129 3991 enim
2181 3940 2421 3994 scabiem
2467 3950 2523 3996 et
2571 3943 2723 4000 ulcus
2762 3946 2948 4003 videre
2995 3950 3047 4004 in
3097 3966 3355 4022 corpore,
3400 3972 3465 4013 ac
3513 3960 3563 4014 in

1985 4032 2167 4088 animo
2213 4024 2496 4091 malitiam.
2544 4036 2781 4094 Stultum
2832 4044 2976 4098 enim
3027 4042 3200 4116 ipsum
3252 4050 3451 4119 reddit,
3497 4060 3563 4111 ad
3649 4077 3652 4079 λ

1985 4135 2253 4192 agrestem
2291 4126 2580 4184 ruditatem
2615 4132 2908 4201 adducens,
2941 4145 2994 4192 et
3029 4137 3265 4197 ferocem
3301 4143 3560 4203 efﬁciens.

1985 4215 2121 4280 Quia
2143 4230 2271 4271 vero
2294 4216 2417 4272 mali
2444 4217 2664 4276 luerunt
2685 4231 2740 4278 et
2763 4225 2937 4292 stulti,
2964 4228 3091 4285 hinc
3129 4232 3319 4301 etiam,
3340 4234 3560 4304 Omnes,

1986 4304 2181 4375 inquit,
2218 4306 2334 4362 vias
2374 4321 2505 4364 suas
2546 4311 2716 4366 secuti
2757 4324 2905 4382 sunt,
2939 4318 3167 4390 quisque
3208 4322 3260 4376 in
3302 4339 3467 4381 unum
3506 4340 3563 4385 et

1987 4394 2148 4450 idem.
2174 4394 2306 4451 Nam
2338 4412 2459 4453 cum
2491 4408 2637 4456 recta
2667 4402 2733 4457 ad
2760 4417 2921 4462 omne
2950 4408 3152 4466 bonum
3178 4411 3329 4482 ferri,
3353 4426 3411 4472 et
3439 4434 3562 4490 qua:

1910 4512 1954 4567 υ
1983 4488 2218 4544 oraculis
2240 4491 2450 4558 prodita
2477 4503 2627 4560 sunt,
2655 4496 2810 4566 sequi
2843 4498 3169 4560 desisterent
3196 4524 3211 4561 :
3237 4522 3348 4566 sua:
3370 4488 3561 4568 volun-

1985 4577 2077 4631 tali
2118 4587 2258 4634 totas
2293 4581 2533 4638 habenas
2569 4583 2842 4653 laxarunt,
2879 4597 2934 4644 et
2971 4590 3217 4651 fecerunt
3255 4614 3354 4668 pro
3390 4588 3558 4658 animi

308 4663 445 4727 γεῖν,
486 4661 721 4732 πονηρία
753 4661 810 4714 δὲ
843 4659 1037 4732 φρενὸς
1072 4659 1294 4750 ἀπέστω
1333 4658 1440 4750 τῆς.
1461 4659 1691 4731 ἀγαθῆς.
1734 4663 1878 4714 Ἴσον

1994 4668 2066 4723 sui
2099 4668 2353 4737 libidine;
2384 4687 2485 4730 nec
2516 4675 2691 4730 solum
2728 4677 3063 4750 singulatim,
3093 4686 3191 4742 sed
3223 4658 3276 4742 iii
3312 4705 3475 4745 unum
3506 4704 3562 4749 et

309 4747 418 4818 γὰρ
453 4748 577 4800 ἰδεῖν
636 4748 827 4819 ψώραν
857 4765 916 4801 τε
946 4748 1041 4801 καὶ
1087 4748 1242 4811 ἕλκος
1275 4748 1333 4801 ὲν
1376 4747 1610 4820 σώματι,
1645 4751 1739 4804 καὶ
1778 4769 1877 4804 πο-

1994 4758 2126 4815 idem
2147 4800 2163 4826 ,
2197 4761 2251 4815 id
2284 4771 2404 4830 est,
2440 4765 2599 4820 simul
2632 4782 2697 4823 ac
2725 4747 3010 4840 gregatim.
3042 4747 3383 4836 inveniemus
3413 4785 3557 4839 enim

309 4840 499 4909 νηρίαν
529 4842 607 4902 είς
637 4839 759 4892 νοῦν
777 4856 788 4869 ·
836 4838 1092 4892 ἀσύνετον
1133 4839 1241 4909 γὰρ
1270 4840 1432 4894 αὐτὸν
1458 4840 1750 4910 ἀποφαίνει
1781 4860 1877 4896 κα-

1994 4849 2268 4919 ρτωῐεειοε
2314 4852 2621 4912 Judaeorum
2649 4838 2789 4915 {teda
2816 4838 2872 4916 et
2898 4864 3095 4921 divinis
3120 4866 3330 4938 legibus
3352 4838 3559 4927 disseri;

308 4931 618 5002 ταφέρουσα
645 4931 782 5001 πρὸς
815 4930 1130 5001 σκαιότητα,
1158 4930 1254 4983 καὶ
1279 4930 1615 4985 ἀποτελοῦσα
1650 4932 1876 5005 δύστρο-

1994 4940 2166 4996 Lientia
2213 4943 2264 4997 in
2312 4944 2553 5018 collegiis
2593 4963 2658 5004 ac
2700 4954 3047 5011 consessibus
3091 4930 3206 5014 suis
3244 4970 3298 5014 et
3337 4963 3555 5016 consuli-

312 5039 436 5076 πον.
508 5021 726 5092 Ἐπειδὴ
775 5021 833 5074 δὲ
882 5020 1107 5091 πονηροὶ
1155 5021 1408 5090 γεγόνασι
1454 5024 1548 5076 καὶ
1605 5023 1873 5090 ἀσύνετοι,

1994 5044 2124 5085 uisse
2157 5039 2212 5084 et
2245 5031 2459 5089 fecisse.
2496 5035 2574 5091 lta
2607 5037 2751 5092 enim
2789 5038 2924 5110 lapsi
2965 5051 3091 5097 sunt
3130 5043 3182 5098 in
3217 5044 3553 5102 dominicidii
3638 5115 3642 5119 ς

305 5112 509 5184 ταύτης
553 5113 715 5166 ἕνεκα
761 5111 861 5184 τῆς
912 5111 1105 5179 αἰτίας,
1130 5112 1357 5180 Πάντες,
1406 5116 1604 5205 φησιν,
1650 5118 1709 5168 ὲν
1754 5118 1874 5182 ταῖς

1994 5120 2206 5186 :rimen,
2234 5130 2291 5177 et
2324 5121 2446 5178 aliis
2479 5134 2643 5195 atque
2677 5127 2799 5184 aliis
2833 5132 3009 5189 modis
3042 5134 3274 5205 quisque
3309 5137 3377 5191 ad
3413 5138 3553 5192 viam

304 5203 443 5265 ὁδοῖς
474 5202 655 5257 αὐτῶν
703 5201 1133 5274 ὲξηκολούθησαν
1178 5203 1405 5267 ἕκαστος
1446 5204 1587 5259 κατὰ
1618 5205 1678 5260 τὸ
1710 5208 1840 5261 αὐτό
1859 5224 1873 5240 ο

1994 5225 2135 5266 suam
2157 5214 2334 5268 aversi
2353 5223 2499 5269 sunt.
2534 5216 2879 5289 Voluptatum
2894 5223 3040 5278 enim
3058 5201 3386 5283 amantiores
3399 5238 3557 5284 erant

304 5293 528 5362 ἀφέντες
559 5295 667 5365 γάρ
698 5292 887 5365 ῶσπερ
935 5293 997 5346 τὸ
1038 5293 1168 5347 εύθῦ
1200 5295 1461 5366 φέρεσθαι
1508 5296 1706 5360 παντὸς
1737 5299 1873 5367 ἀγα-

1994 5316 2144 5372 quam
2159 5302 2276 5370 Dei,
2296 5307 2411 5360 etvi
2421 5316 2486 5361 tae
2503 5306 2663 5378 hujus
2677 5313 3123 5381 occupationibus
3135 5316 3306 5385 magis
3316 5317 3555 5374 oblecta-

304 5382 419 5449 Οοῦ,
453 5385 546 5440 καὶ
587 5386 648 5439 τὸ
694 5385 801 5439 δεῖν
832 5385 1064 5439 ἔπεσθαι
1110 5387 1223 5449 τοῖς
1255 5386 1720 5457 τεθεσπισμένοις,
1767 5393 1879 5454 τοῖς

1994 5393 2204 5459 bantur,
2232 5397 2340 5451 vita
2371 5398 2597 5457 honesta
2628 5410 2684 5457 et
2711 5403 2967 5474 praeclara
3000 5405 3053 5460 in
3083 5415 3253 5463 totum
3286 5409 3551 5481 neglecta.

308 5477 455 5546 σφῶν
483 5477 781 5550 θελήμασιν
824 5479 952 5544 ὅλας
982 5479 1169 5550 ὥσπερ
1202 5480 1430 5548 ἀφέντες
1490 5480 1670 5552 ἡνίας,
1704 5482 1971 5554 ἔπραττον
2030 5487 2091 5539 τὸ
2158 5487 2281 5540 καθ’
2337 5489 2551 5562 ἡδονὴν,
2581 5494 2675 5548 καὶ
2700 5495 2761 5548 ού
2789 5495 2911 5549 καθ’
2938 5497 3033 5551 ἕνα
3069 5497 3249 5568 μόνον,
3273 5477 3410 5556 ἀλλά
3441 5502 3552 5574 γὰρ

304 5570 396 5623 κτί
423 5569 564 5624 κατὰ
586 5571 645 5624 τὸ
675 5572 826 5635 αὐτὸ,
858 5573 1160 5637 τουτέστιν,
1187 5571 1321 5643 όμοῦ
1348 5573 1439 5626 καὶ
1468 5575 1606 5629 κατά
1676 5576 1904 5646 πληθύν.
1945 5578 2263 5650 Εὐρήσομεν
2291 5581 2346 5635 δὲ
2373 5583 2496 5646 τοὺς
2552 5584 2660 5638 τῶν
2701 5587 2969 5642 Ἰουδαίων
3000 5589 3317 5663 καθηγητὰς
3346 5569 3553 5650 ἔκτοπά

366 5770 415 5804 ⁸⁸
446 5769 558 5828 Jcr.
598 5788 655 5839 tt,
687 5771 739 5829 8.
817 5773 1083 5846 "-Mattli.
1120 5792 1274 5845 xxiii,
1307 5776 1394 5833 2').
1473 5780 1515 5810 ⁸⁸⁸
1544 5778 1646 5834 lsa.
1678 5797 1713 5847 ι,
1752 5781 1896 5835 ει-ε;

2017 5785 2060 5815 ⁸³
2100 5784 2302 5841 llabac.
2331 5800 2369 5854 t,
2399 5785 2517 5841 2-4.
