4092 6296
562 351 701 410 1253

1576 349 1632 403 S.
1675 343 1950 401 CYRILLI
1987 334 2455 395 ALEXANDRINI
2494 332 2813 391 ARCHIEP.

3676 333 3829 386 £256

555 490 613 526 τε
650 469 870 531 καὶυιοις
896 467 1058 530 θείοις
1105 466 1378 536 ἀπᾴδοντα
1407 460 1612 531 νόμοις,
1655 461 1749 513 καὶ
1787 461 1844 513 ἐν
1903 454 2179 524 συλλόγοις
2233 450 2560 514 αὐτῶν,οκαὶ
2603 447 2898 516 συνεδρίοις
2933 446 3374 516 βουλευομένους,
3413 446 3508 498 καὶ
3547 445 3825 515 πράττον-

557 575 680 621 τας.
699 560 1022 613 Πεπτώκασι
1052 560 1160 626 γὰρ
1195 555 1338 608 οὕτω
1369 555 1457 607 καὶ
1490 555 1568 617 είς
1605 553 1676 606 τὰ
1705 552 1806 622 τῆς
1843 547 2238 622 Κυριοκτονίας
2283 545 2625 614 ἐγκλήματα,
2653 542 2953 613 ἐτράποντο
2991 540 3047 592 δὲ
3087 540 3182 594 καὶ
3209 539 3409 609 ἑτέρως
3460 539 3694 600 ἕκαστος
3738 538 3829 599 εἰς

573 653 673 724 τὴν
705 655 820 708 ὁδὸν
866 651 1049 707 αὐτοῦ.
1095 650 1370 721 Φιλήδονοι
1419 652 1531 720 γὰρ
1578 643 1718 719 ἦσαν
1759 644 2028 718 μᾶλλονιή
2070 641 2325 712 φιλόθεοι,
2368 655 2442 693 κα
2511 641 2624 701 τοῖς
2659 637 2754 690 τοῦ
2797 637 3062 706 παρόντος
3102 634 3218 705 βίου
3265 635 3672 704 περισπασμοῖς
3725 632 3828 698 ἐφ-

533 724 743 818 ήδοντο
775 743 994 815 μᾶλλον,
1022 742 1120 811 τῆς
1154 743 1378 813 ἐννόμου
1406 757 1466 793 τε
1497 740 1594 794 καὶ
1621 737 1850 810 ἀρίστης
1875 735 2019 805 ζωῆς
2043 732 2277 788 είσάπαν
2307 727 2764 798 ὀλιγωρήσαντες.

617 879 744 932 Car.
789 874 945 932 LVII.
995 874 1161 931 Vens.
1200 875 1329 941 με.
1378 873 1555 928 Videte
1595 881 1652 926 ut
1687 872 1866 952 justus
1891 869 2058 936 periit,
2080 877 2128 924 et

2306 863 2494 920 Ἴδετε
2517 863 2598 928 ὡς
2631 864 2664 915 ὁ
2695 861 2926 925 δίκαιος
2956 859 3244 922 ἀπώλετο,
3279 859 3377 912 καὶ
3416 858 3616 925 οὐδεὶς
3653 861 3828 913 ἐκδέ-

566 987 695 1024 tento
743 970 933 1037 excipit
984 970 1160 1038 corde,
1196 979 1245 1022 et
1295 969 1390 1022 uiri
1417 967 1552 1038 justi
1587 964 1867 1030 tolluntur,
1899 976 1949 1018 et
1984 977 2133 1016 nemo

548 1063 938 1117 animadvertit.
964 1062 1006 1114 Α
1035 1061 1171 1130 facie
1200 1060 1337 1115 enim
1359 1058 1634 1128 injustitiw
1667 1054 1905 1111 sublatus
1939 1061 2011 1109 est
2035 1052 2132 1121 ju-

547 1163 679 1206 stus.
721 1150 839 1205 Erit
880 1153 936 1206 in
985 1167 1112 1221 pace
1167 1150 1438 1221 sepultura
1487 1148 1644 1218 ejus,
1687 1145 1923 1200 sublatus
1977 1151 2054 1196 est
2107 1157 2134 1196 ε

548 1247 740 1301 medio.

620 1379 754 1434 Cum
789 1377 1090 1435 ostenderit
1125 1389 1218 1429 eos
1252 1387 1417 1430 canes
1454 1381 1633 1426 mutos
1673 1371 1863 1436 fuisse,
1897 1375 1952 1424 et
1984 1372 2135 1423 insa-

552 1471 721 1524 tiabili
761 1470 989 1523 avaritia
1031 1467 1306 1538 praeditos,
1346 1465 1429 1519 his
1475 1465 1658 1518 verbis
1691 1478 1856 1533 porro
1917 1462 2137 1516 demon-

551 1570 688 1616 strat
719 1575 812 1615 eos
844 1560 1104 1615 socordes
1134 1571 1256 1612 esse
1283 1565 1338 1610 et
1367 1562 1766 1624 contemptores
1787 1593 1800 1618 ,
1829 1553 1965 1608 adeo
1994 1561 2052 1606 ut
2081 1552 2134 1606 in

556 1652 818 1707 extremis
845 1649 1064 1718 ﬂagitiis
1089 1649 1532 1713 obdurescerent,
1560 1654 1614 1701 et
1643 1644 1958 1714 resipiscere
1985 1658 2050 1697 ne
2080 1643 2135 1697 in

552 1745 792 1798 animum
821 1742 1036 1812 quidem
1069 1740 1329 1794 inducere
1361 1739 1534 1808 parati
1565 1745 1765 1792 essent.
1793 1736 1961 1791 Periit
1989 1734 2135 1788 enim

547 1833 745 1902 justus,
789 1834 986 1902 inquit,
1027 1841 1083 1886 et
1123 1845 1284 1886 nemo
1324 1829 1529 1900 excipit
1570 1829 1756 1894 corde,
1796 1837 1850 1883 et
1890 1828 2134 1883 homines

547 1924 678 1994 justi
712 1922 994 1987 tolluntur,
1021 1931 1077 1975 et
1108 1934 1272 1975 nemo
1301 1918 1704 1974 animadvertit.
1728 1919 1933 1985 Quibus
1956 1919 2136 1973 verbis

552 2015 898 2072 subindicare
942 2012 1158 2066 videtur
1200 2009 1444 2066 nefarios
1494 2025 1659 2065 ausus
1705 2007 1913 2063 Iudaici
1959 2009 2136 2078 gregis

552 2114 762 2171 contra
811 2102 1128 2167 Christum,
1180 2101 1341 2171 ’19⁸1
1400 2111 1454 2156 et
1504 2113 1838 2170 quaecunque
1890 2097 2136 2155 fecerunt

553 2205 743 2252 contra
781 2203 1000 2250 sanctos
1041 2193 1334 2262 apostolos.
1371 2191 1698 2251 Occiderunt
1732 2191 1877 2246 enim
1917 2188 2131 2257 Jesum,

556 2297 764 2344 tantum
800 2301 906 2340 non
941 2283 1312 2354 propheticum
1347 2283 1479 2337 illud
1513 2282 1829 2346 clamantes,
1863 2289 1918 2336 et
1949 2281 2132 2337 dicen-

555 2391 634 2436 :es
680 2398 694 2434 :
744 2396 764 2430 ι
813 2377 1064 2448 Ligemus
1101 2375 1342 2444 justum,
1385 2375 1509 2444 quia
1559 2373 1932 2429 incommodus
1980 2371 2131 2427 nobis

552 2468 742 2536 est”;
775 2487 794 2521 ι
826 2476 1162 2536 etquantum
1183 2467 1248 2521 ad
1270 2466 1509 2534 ipsorum
1545 2466 1784 2520 animum
1819 2463 2132 2520 consilium-

553 2575 659 2630 que
695 2561 910 2623 attinet,
947 2560 1106 2628 pcriit
1136 2557 1313 2626 justus
1350 2557 1458 2623 ille,
1493 2559 1545 2612 id
1584 2568 1688 2624 est,
1722 2559 1812 2626 qui
1852 2563 2132 2627 peccatum

554 2669 661 2709 non
690 2652 840 2707 noiit
867 2669 881 2706 :
909 2665 1007 2706 nec
1037 2650 1180 2704 enim
1208 2648 1368 2716 iustis
1394 2649 1459 2703 de
1486 2649 1663 2704 causis
1693 2664 1814 2705 eum
1848 2646 2133 2704 interfece-

557 2755 714 2812 runt,
754 2753 810 2799 et
847 2745 989 2798 viros
1031 2743 1200 2809 iustos
1243 2741 1481 2795 divinum
1526 2739 1634 2796 illis
1673 2749 1728 2795 et
1765 2740 2131 2811 evangelicum

555 2850 857 2892 sermonem
889 2833 1198 2903 largientes,
1224 2840 1279 2886 et
1307 2831 1374 2885 ad
1406 2829 1738 2886 crudelitatis
1766 2845 1875 2886 sua:
1905 2831 2134 2902 agnitio-

556 2943 681 2983 nem
716 2941 782 2981 a-c
820 2923 1248 2994 resipiscentiam
1284 2931 1558 2988 vocantes,
1598 2923 1650 2976 in
1696 2921 1992 2992 perieulum
2034 2923 2134 2976 im-

557 3016 937 3074 misericordes
972 3016 1330 3070 adduxerunt.
1366 3015 1621 3070 Sublatus
1657 3015 1781 3068 hinc
1815 3022 1896 3070 est
1929 3015 1995 3068 ab
2028 3014 2134 3070 lllis

556 3111 768 3164 divinus
802 3107 1129 3177 Stephanus,
1155 3121 1276 3161 cum
1309 3107 1573 3177 prolixum
1607 3107 1673 3160 ad
1706 3121 1798 3160 eos
1829 3119 2132 3161 sermonem

557 3201 854 3266 habuisset,
880 3209 934 3253 et
961 3199 1157 3268 quibus
1185 3199 1345 3254 rebus
1369 3213 1462 3254 eos
1487 3199 1768 3268 illaqueari
1799 3213 1899 3268 par
1923 3209 2040 3254 erat
2067 3199 2133 3255 ad

557 3291 1012 3360 resipiscentiam,
1040 3290 1124 3344 his
1151 3291 1280 3360 ipsis
1306 3290 1370 3344 ad
1397 3288 1749 3344 offensionem
1797 3290 2136 3346 exacueban-

559 3395 666 3438 tur.
692 3382 982 3436 Tollantur
1008 3396 1167 3450 ergo.
1202 3381 1407 3449 inquit,
1437 3381 1534 3434 viri
1564 3381 1732 3450 justi,
1765 3390 1820 3435 et
1854 3396 2010 3437 nemo
2042 3396 2136 3436 ex-

557 3474 688 3542 cipit
719 3480 904 3536 corde,
941 3472 994 3525 id
1029 3480 1134 3535 est,
1172 3485 1333 3525 nemo
1367 3471 1620 3540 dignatur
1655 3471 1837 3526 animo
1874 3485 2136 3540 reponere

2236 973 2400 1026 χεται
2424 953 2499 1024 τῇ
2528 953 2752 1022 καρδίᾳ,
2783 952 2879 1005 καὶ
2908 951 3123 1019 ἄνδρες
3155 949 3369 1003 δίκαιοι
3398 951 3690 1018 αἴρονται,
3721 952 3826 1003 καὶ

2235 1049 2435 1116 οὐδεὶς
2461 1047 2756 1102 κατανοεῖ.
2808 1044 2940 1099 Ἀπὸ
2963 1044 3073 1114 γὰρ
3105 1029 3427 1112 προσώπου
3457 1043 3696 1109 ἀδικίας
3717 1041 3828 1112 ἦρ-

2236 1156 2328 1193 ται
2361 1141 2394 1192 ὀ
2440 1136 2689 1201 δίκαιος,
2741 1135 2912 1188 ἔσται
2962 1133 3032 1186 ὲν
3069 1130 3276 1201 εὶρήνῃ
3325 1132 3364 1199 ἡ
3411 1130 3568 1201 ταφὴ
3604 1132 3826 1199 αὑτοῦ,

2235 1226 2406 1302 ἦρται
2439 1230 2507 1284 ἐκ
2538 1227 2646 1282 τοῦ
2681 1227 2900 1295 μέσου.

2320 1365 2630 1435 Ἀποφήνας
2665 1365 2746 1416 ὃτι
2783 1361 2943 1426 κύνες
2992 1361 3278 1430 γεγόνασιν
3319 1361 3507 1424 ἐννεοὶ,
3542 1366 3637 1412 καὶ
3685 1361 3826 1413 ἀκό-

2240 1474 2419 1530 ρεστοι
2452 1457 2589 1527 πρὸς
2622 1453 2986 1525 φιλοκερδίαν,
3041 1452 3558 1522 προσαποδείκνυσιν
3601 1453 3662 1504 ἐν
3690 1452 3826 1504 τού-

2234 1566 2348 1612 τοις
2387 1548 2664 1622 ῥᾳθύμους
2693 1546 2872 1610 ὂντας,
2905 1547 2997 1599 καὶ
3039 1545 3472 1616 καταφρονῃτάς,
3501 1545 3578 1607 ὼς
3601 1545 3699 1598 καὶ
3728 1544 3827 1597 ἐπὶ

2237 1647 2351 1709 τοῖς
2371 1644 2620 1714 ἐσχάτοις
2657 1642 2766 1695 τῶν
2788 1641 3274 1711 πλημμελημάτων
3329 1640 3608 1706 ἀτέγκτως
3651 1638 3826 1707 ἔχειν,

2237 1737 2331 1790 καὶ
2375 1735 2436 1788 τὸ
2483 1737 2680 1806 χρῆναι
2721 1735 3001 1803 μετανοεῖν
3073 1732 3193 1784 οὐδὲ
3239 1733 3320 1795 είς
3355 1731 3479 1784 νοῦν
3531 1729 3826 1800 βούλεσθαι

2237 1824 2736 1897 προθυμουμένους.
2806 1821 3078 1877 Ἀπώλετο
3127 1823 3268 1892 γὰρ,
3307 1823 3492 1891 φησιν,
3524 1824 3552 1874 ὁ
3583 1822 3824 1885 δίκαιος,

2236 1918 2330 1970 καὶ
2373 1916 2545 1979 οὐδεὶς
2578 1915 2856 1984 ἐκδέχεται
2890 1917 2957 1986 τῇ
3007 1914 3235 1985 καρδίᾳ,
3263 1914 3352 1966 (αἱ
3385 1912 3577 1984 ἄνδρες
3617 1912 3826 1966 δίκαιοι

2209 2014 2211 2017 ’
2237 2006 2501 2077 αἴρονται,
2532 2007 2625 2059 καὶ
2667 2005 2841 2068 οὐδεὶς
2881 2008 3150 2059 κατανοεῖ.
3191 2007 3373 2058 Ἐοικε
3406 2005 3463 2058 δέ
3494 2005 3584 2058 διά
3609 2004 3827 2058 τούτων

2238 2095 2536 2167 ύποδηλοῢν
2565 2096 2635 2150 τὰ
2662 2098 2742 2159 είς
2789 2096 3024 2168 Χριστὸν
3055 2095 3378 2166 τολμήματα
3407 2097 3505 2166 τῆς
3545 2095 3826 2150 Ἰουδαίων

2236 2188 2457 2259 ἀγέλης,
2486 2188 2582 2242 καὶ
2609 2186 2708 2240 ὅσα
2739 2187 3052 2258 πεπράχασι
3075 2186 3216 2240 κατά
3245 2186 3352 2241 τῶν
3382 2187 3554 2254 ἁγίων
3585 2187 3827 2240 ἀποστό-

2235 2281 2363 2334 λων·
2409 2280 2742 2333 ἀπεκτόνασι
2789 2279 2888 2348 μὲν
2916 2279 3024 2348 γάρ
3049 2278 3142 2332 τὸν
3186 2278 3414 2348 Ἰησοῦν,
3447 2281 3732 2350 μονονουχί
3759 2280 3825 2332 τὸ

2233 2369 2571 2442 προφητικὸν
2597 2371 2772 2423 ἐκεῖνο
2798 2369 3045 2439 βοῶντες,
3071 2369 3164 2422 καὶ
3188 2369 3438 2437 λέγοντες
3459 2388 3471 2400 ·
3505 2389 3524 2421 ι
3550 2372 3826 2441 Δήσωμεν

2233 2461 2323 2514 τὸν
2349 2462 2576 2527 δίκαιον,
2607 2463 2689 2515 ὅτι
2725 2461 3062 2532 δύσχρηστος
3113 2462 3244 2532 ἡμῖν
3277 2463 3414 2527 ἐστι,
3458 2481 3476 2514 ι
3524 2463 3620 2516 καὶ
3661 2465 3725 2516 τό
3757 2482 3826 2532 γε

2232 2548 2368 2625 ἦκον
2395 2556 2475 2618 είς
2517 2554 2608 2608 τὸν
2639 2556 2828 2608 ἐνόντα
2857 2554 3058 2607 σκοπὸν
3088 2555 3290 2620 αὐτοῖς,
3329 2555 3580 2610 ἀπώλετο
3611 2559 3825 2623 δίκαιος

2234 2643 2331 2708 ὢν,
2361 2644 2659 2710 τουτέστιν,
2691 2645 2790 2696 οὐκ
2839 2643 2995 2707 εἰδὼς
3027 2644 3303 2714 ἁμαρτίαν
3323 2662 3336 2676 ο
3383 2647 3443 2699 ού
3475 2647 3586 2719 γὰρ
3615 2650 3705 2701 ἐπ’
3736 2651 3824 2702 αἰ-

2234 2735 2376 2798 τίαις
2411 2735 2652 2803 εὐλόγοις
2704 2737 3065 2788 ἀπεκτόνασιν
3097 2735 3281 2801 αὐτὸν,
3310 2738 3512 2808 ἄνδρας
3562 2758 3617 2792 τε
3665 2741 3826 2804 ὖντας

2234 2826 2497 2892 δικαίους,
2526 2827 2652 2889 τοὺς
2680 2826 2741 2878 τὸ
2773 2825 2914 2880 θεῖον
2941 2828 3120 2891 αὐτοῖς
3154 2830 3244 2882 καὶ
3285 2830 3644 2898 εύαγγελικὺν
3694 2851 3826 2903 πρε-

2239 2917 2530 2979 σϐεύοντας
2557 2916 2737 2985 λόγον,
2766 2918 2856 2970 καὶ
2894 2917 3190 2981 καλοῦντας
3223 2921 3300 2981 είς
3337 2922 3686 2990 μετάγνωσιν
3729 2926 3825 2994 τῆς

2237 3007 2463 3078 ἐνούσης
2491 3007 2671 3070 αὐτοῖς
2715 3007 3016 3078 ὠμότητος,
3052 3011 3130 3071 είς
3177 3011 3372 3077 πεῖραν
3401 3009 3578 3063 ἐλθεῖν
3612 3013 3826 3082 ἀφιλοιο

2238 3098 2548 3171 κτιρμόνως
2581 3098 3021 3167 παρεσκεύασαν.
3069 3102 3362 3171 ’Λνῄρηται
3393 3103 3524 3170 γοῦν
3567 3107 3701 3176 παρ’
3732 3108 3825 3159 αὖ-

2238 3191 2349 3253 τοῖς
2375 3192 2404 3244 ὁ
2433 3187 2719 3252 θεσπέσιος
2744 3189 3012 3259 Στέφανος
3039 3192 3246 3262 μακρὸν
3265 3193 3406 3263 πρὸς
3421 3195 3624 3258 αὐτοὺς
3652 3215 3824 3250 καταο

2237 3280 2416 3344 τείνας
2442 3279 2621 3348 λόγον,
2651 3281 2744 3332 καὶ
2776 3279 2841 3332 δι’
2873 3273 2948 3333 ὧν
2980 3276 3048 3350 ἦν
3077 3282 3222 3344 εἰκὸς
3257 3284 3655 3353 σαγηνεύεσθαι
3685 3286 3824 3356 πρὸς

2242 3372 2602 3442 μετάγνωσιν,
2635 3370 2726 3424 διὰ
2753 3371 2958 3425 τούτων
2990 3374 3170 3427 αὐτῶν
3200 3376 3566 3445 κατεθήγοντο
3596 3378 3729 3448 πρὸς
3756 3379 3824 3430 τὸ

2238 3462 2525 3532 δυσμενές.
2563 3463 2820 3535 Αῐρονται
2852 3463 3031 3517 τοίνυν
3063 3465 3256 3536 ἀνδρες
3283 3467 3498 3530 δίκαιοι,
3535 3471 3692 3538 φησι,
3725 3471 3825 3521 καὶ

559 3563 849 3630 impietatis
875 3560 1324 3629 magnitudinem.
1351 3557 1608 3614 Sublatus
1637 3571 1721 3614 est
1748 3561 1911 3615 etiam
1938 3577 1967 3616 a
1997 3563 2135 3617 facie

2238 3553 2409 3617 οὐδεὶς
2461 3553 2740 3624 ἐκδέχεται
2789 3557 2854 3626 τῇ
2909 3555 3127 3627 καρδίᾳ.
3189 3557 3476 3621 τουτέστιν,
3523 3563 3608 3620 είς
3688 3561 3829 3613 νοῦν

559 3651 837 3720 iniustitiae
863 3651 1064 3719 justus,
1099 3650 1150 3704 id
1181 3658 1285 3714 est,
1318 3649 1503 3718 iniusti
1535 3653 1916 3722 oppugnabant
1939 3653 2132 3722 justos,

559 3756 623 3797 ac
658 3742 780 3796 mali
819 3742 1180 3797 obtinuerunt
1213 3751 1399 3796 contra
1432 3755 1555 3796 eum
1591 3743 1681 3811 qui
1719 3757 1824 3798 non
1860 3745 2007 3799 novit
2041 3746 2136 3800 de-

559 3837 822 3904 linquere.
853 3833 972 3889 Erit
1001 3833 1162 3902 igitur
1188 3834 1241 3888 in
1274 3847 1405 3903 pace
1431 3835 1706 3902 sepultura
1731 3835 1867 3906 ejus,
1896 3837 2138 3893 sublatus

556 3939 642 3984 est
677 3929 743 3982 de
780 3928 976 3982 medio.
1013 3926 1256 3982 Observa
1299 3925 1430 3981 mihi
1473 3929 1665 3982 iterum
1707 3929 1966 3984 orationis
2004 3930 2138 4001 ligu-

558 4036 698 4074 ram.
727 4018 961 4090 Scopum
991 4019 1136 4072 enim
1165 4028 1218 4073 et
1248 4019 1582 4089 prapositum
1615 4035 1802 4075 eorum
1835 4023 1924 4091 qui
1957 4032 2138 4076 sustu-

567 4111 768 4176 lerunt,
799 4126 904 4166 non
960 4125 1147 4164 revera
1177 4111 1348 4180 ipsius
1372 4111 1451 4166 rei
1476 4112 1678 4165 exitum
1705 4113 1961 4180 ostendit,
1983 4114 2136 4184 quasi

561 4205 633 4258 ita
666 4218 726 4259 se
758 4203 982 4264 haberet
1015 4210 1074 4257 nt
1103 4201 1326 4258 dicitur.
1354 4201 1472 4257 Non
1505 4205 1649 4258 enim
1684 4195 1931 4260 sublatus
1962 4211 2043 4260 est
2073 4206 2140 4260 de

560 4294 738 4350 medio
782 4293 1029 4350 Christus
1070 4311 1085 4347 :
1128 4308 1229 4348 nec
1273 4295 1326 4348 hi
1370 4296 1459 4364 qui
1506 4295 1624 4364 ejus
1667 4295 1932 4363 legatione
1972 4295 2136 4350 funCIi

561 4394 708 4451 sunt,
735 4382 866 4452 justi
898 4386 1062 4440 etiam
1095 4385 1217 4454 ipsi,
1251 4395 1438 4455 utpote
1467 4387 1536 4440 ab
1569 4386 1687 4455 ipso
1711 4387 2013 4456 justiticati.
2071 4389 2135 4442 At

561 4477 794 4544 quodam
830 4477 991 4532 modo
1023 4477 1363 4532 exterminati
1400 4486 1525 4533 sunt
1560 4493 1590 4532 e
1624 4479 1822 4544 medio,
1855 4491 2136 4548 quantum,

564 4569 806 4636 inquam,
833 4567 899 4620 ad
930 4578 1182 4622 conatum
1215 4583 1280 4624 ac
1309 4570 1620 4624 institutum
1651 4584 1838 4625 eorum
1871 4573 1962 4641 qui
1995 4574 2140 4627 occi-

498 4698 501 4701 -
564 4661 782 4724 derunt,
811 4659 1027 4715 attinet.
1048 4661 1467 4716 Accusationem
1493 4672 1674 4716 autem
1704 4663 1843 4717 hanc
1872 4665 1922 4718 in
1951 4679 2140 4720 onmes

563 4752 839 4807 occisores
871 4753 1066 4807 cadere
1103 4762 1158 4807 et
1197 4755 1495 4818 incurrere,
1533 4763 1587 4809 et
1622 4755 1890 4809 neminem
1927 4754 2140 4811 Judaco-

565 4857 686 4895 rum
718 4850 874 4896 extra
907 4841 1119 4912 culpant
1153 4857 1297 4910 esse,
1331 4843 1591 4909 insinuat,
1621 4858 1741 4899 cum
1778 4845 1950 4914 inquit
1978 4863 1991 4900 :
2024 4845 2141 4901 Erit

2237 3643 2378 3706 ἀξιοῖ
2420 3643 2677 3713 βαλέσθαι
2704 3643 2805 3714 τῆς
2836 3645 3152 3710 δυσσεϐείας
3184 3648 3244 3702 τὸ
3290 3647 3521 3718 μέγεθος·
3553 3666 3831 3721 κατηγω-

2239 3735 2454 3788 νίσαντο
2496 3737 2620 3794 τοὺς
2650 3736 2911 3806 δικαίους,
2945 3739 3038 3793 καὶ
3066 3744 3469 3813 κεκρατήκασιν
3504 3744 3554 3795 οἱ
3588 3747 3826 3814 πονηροὶ

2237 3824 2332 3880 τοῦ
2369 3827 2443 3896 μὴ
2479 3827 2679 3892 εἰδότος
2705 3827 3062 3900 πλημμελεῖν.
3099 3834 3288 3888 Ἔσται
3315 3833 3376 3903 δὴ
3423 3830 3517 3888 οὖν
3545 3836 3602 3888 ἐν
3630 3838 3825 3908 εἰρήνῃ

2239 3920 2271 3988 ἡ
2301 3919 2446 3988 ταφὴ
2479 3920 2678 3974 αὐτοῦ·
2709 3917 2872 3991 ἦρται
2918 3924 2980 3976 ἐκ
3019 3923 3109 3978 τοῦ
3163 3926 3350 3994 μέσου.
3383 3927 3575 3999 Ἀθρει
3617 3928 3682 4001 δή
3731 3949 3824 4000 μοι

2240 4009 2402 4063 πάλιν
2433 4011 2528 4063 τοῦ
2561 4011 2718 4081 λόγου
2775 4013 2835 4066 τὸ
2858 4014 3076 4085 σχῆμα⁶
3115 4017 3207 4070 τὸν
3241 4017 3435 4091 γάρτοι
3480 4021 3682 4089 σκοπὸν
3715 4024 3825 4076 τῶν

2242 4101 2619 4172 ἀνῃρηκότων,
2643 4104 2738 4156 καὶ
2763 4103 2880 4158 ούτι
2909 4122 3012 4159 που
3045 4108 3260 4172 πάντως
3287 4111 3349 4163 τὸ
3373 4109 3468 4163 τοῦ
3499 4112 3824 4183 πράγματος

2238 4190 2414 4256 οὕτως
2459 4193 2581 4263 ἔχον
2622 4195 2698 4258 ὠς
2734 4195 2950 4264 λέγεται
2999 4198 3328 4253 διαδείκνυσι
3362 4203 3559 4275 πέρας.
3597 4207 3673 4258 Ού
3717 4207 3824 4278 γὰρ

2239 4278 2405 4354 ἦρται
2445 4285 2509 4337 ἐκ
2535 4284 2627 4338 τοῦ
2663 4286 2829 4357 μέσου
2877 4290 3129 4360 Χριστος,
3159 4291 3282 4346 οὗτε
3315 4295 3424 4366 μὴν
3467 4298 3518 4349 οί
3562 4297 3631 4350 τά
3659 4299 3821 4351 αὐτοῦ

2242 4374 2663 4444 πρεσϐεύοντες,
2713 4377 2909 4432 δίκαιοι
2961 4381 3054 4434 καὶ
3098 4385 3250 4436 αὐτοὶ
3295 4388 3696 4457 τυγχάνοντες,
3745 4391 3822 4452 ὡς

2241 4465 2371 4532 παρ’
2403 4464 2568 4518 αὑτοῦ
2619 4467 3017 4540 δικαιούμενοι·
3067 4475 3322 4543 γεγόνασί
3354 4495 3419 4546 γε
3463 4479 3574 4549 μὴν
3622 4475 3731 4533 οἷον
3761 4482 3824 4532 ἐκ

2246 4556 2435 4626 μέσου,
2461 4559 2601 4612 κατά
2621 4559 2683 4627 γέ
2713 4577 2855 4632 φημι
2877 4563 2936 4617 τὸ
2963 4564 3070 4619 τῶν
3095 4568 3449 4641 ἀνῃρηκότων
3479 4574 3820 4644 ἐγχείρημα·

2243 4648 2324 4700 ὅτι
2358 4647 2412 4700 δὲ
2439 4649 2546 4702 τῶν
2576 4650 2927 4724 ἀνῃρηκότων
2974 4657 3228 4712 ἁπάντων
3262 4664 3591 4734 κατατρέχει
3611 4667 3675 4718 τὸ
3696 4683 3826 4718 κατε

2243 4738 2522 4809 ηγόρημα,
2570 4742 2666 4794 καὶ
2713 4744 2888 4809 οὐδεὶς
2919 4742 2985 4817 ἦν
3033 4749 3091 4801 ἐν
3121 4754 3234 4814 τοῖς
3297 4753 3591 4819 Ἰουδαίοις,
3623 4756 3685 4818 ὃς
3724 4757 3826 4822 ἔξω

2245 4830 2486 4885 κείσεται
2535 4833 2635 4902 τῆς
2687 4836 2885 4903 αἰτίας,
2939 4841 3236 4912 ύπέφηνεν,
3285 4846 3490 4898 εἰπὼν·
3527 4849 3723 4900 Ἔσται
3774 4852 3827 4900 ἐν

565 4934 619 4988 in
659 4948 790 5004 pace
824 4935 1098 5004 sepultura
1133 4935 1270 5006 ejus.
1309 4935 1652 5005 Sepulturam
1690 4947 1845 4992 vocat
1885 4946 2130 4994 mortem.

2240 4924 2428 4995 εἰρήνῃ
2454 4927 2487 4994 ή
2518 4927 2664 4996 ταφὴ
2713 4928 2897 4984 αὐτοῦ.
2932 4934 3040 4985 Καὶ
3083 4936 3261 5005 ταφὴν
3308 4937 3404 5007 μὲν
3433 4939 3695 5006 ὀνομάζει
3738 4941 3826 4992 τὸν

567 5023 719 5093 Illud,
750 5026 802 5080 in
835 5026 1267 5096 pace,adjectum
1301 5027 1538 5082 insinuat
1593 5031 1857 5085 neminem
1913 5047 2134 5102 prorsus

568 5117 620 5171 in
651 5117 899 5172 tribubus
925 5117 1193 5183 Judaieis,
1227 5119 1408 5188 impiis
1441 5135 1627 5175 eorum
1659 5123 1946 5178 conatibus
1977 5125 2136 5179 resti-

566 5208 720 5273 tisse,
749 5209 830 5262 vel
861 5224 920 5264 se
946 5211 1281 5279 opposuisse,
1311 5221 1365 5266 et
1394 5213 1558 5283 impie
1586 5229 1745 5285 agere
1771 5215 2014 5272 volentes
2049 5217 2134 5271 in-

566 5310 844 5367 crepasse,
893 5303 984 5355 sed
1035 5315 1144 5357 uno
1190 5319 1379 5359 omnes
1420 5317 1686 5361 consensu
1733 5315 1788 5362 et
1837 5307 2138 5376 conjunctis

567 5392 763 5448 animis
806 5402 992 5447 contra
1051 5393 1328 5449 Christum
1365 5397 1540 5452 audax
1576 5399 1679 5454 hoc
1713 5399 1922 5456 facinus
1954 5415 2138 5456 susce-

569 5483 732 5550 pisse,
777 5493 830 5538 ct
864 5500 992 5567 pace
1025 5487 1166 5542 inter
1195 5490 1398 5559 scipsos
1433 5489 1591 5559 facta,
1625 5509 1744 5548 eum
1782 5493 2136 5552 interfecisse.

641 5718 682 5749 °°
719 5718 843 5788 Sap.
871 5737 930 5787 ιι,
956 5723 1041 5779 12.

2244 5015 2490 5082 θάνατον,
2524 5018 2584 5072 τὸ
2615 5019 2692 5086 δὲ,
2725 5023 2780 5075 ἐν
2809 5026 3019 5096 εἰρήνῃ,
3064 5029 3402 5095 προστεθεὶς,
3441 5031 3720 5101 ὑπέφηνεν
3747 5033 3824 5084 ὅτι

2242 5107 2420 5171 οὐδεὶς
2455 5105 2524 5180 ἧν
2555 5110 2692 5174 ὅλως
2722 5115 2780 5166 ἐν
2807 5117 2918 5178 τοῖς
2942 5116 3048 5168 τῶν
3091 5119 3358 5173 Ἰουδαίων
3389 5121 3670 5192 τάγμασιν
3702 5123 3824 5176 ἀνθ-

2243 5199 2490 5270 εστηκὼς
2517 5205 2637 5266 ταῖς
2665 5205 2908 5270 ἀνοσίαις
2934 5208 3114 5261 αὐτῶν
3157 5210 3393 5280 βουλαῖς,
3432 5215 3601 5283 ἤγουν
3636 5217 3827 5269 ἀντανο

2248 5289 2566 5359 ιστάμενος,
2607 5295 2698 5347 καὶ
2744 5297 2856 5358 τοῖς
2908 5297 3279 5370 ἁνοσιουργεῖν
3329 5300 3604 5356 ἐθέλουσιν
3652 5307 3829 5358 ἐπιτι-

2248 5379 2403 5449 μῶνο
2460 5384 2523 5436 ἐκ
2582 5387 2710 5455 μιᾶς
2759 5387 2865 5458 γάρ
2923 5389 3162 5454 ἅπαντες
3212 5391 3402 5464 βουλῆς
3457 5397 3551 5448 καὶ
3601 5398 3829 5469 γνώμης

2241 5473 2606 5545 τετολμήκασι
2653 5479 2792 5533 κατά
2836 5481 3096 5551 Χριστοῦ,
3147 5486 3520 5556 εἰρηνεύοντές
3577 5506 3636 5542 τε

2244 5565 2502 5638 ἀλλήλους
2537 5571 2896 5628 ἀπεκτόνασιν
2927 5576 3109 5629 αὐτόν.

3696 5513 3734 5530 ρ
3743 5492 3835 5530 ea}:

3703 5523 3834 5562 ῖὶξνη
