  <div class='ocr_page' id='page_1' title='image "/cluster/home/n/w/nwhite01/storage/ocr_20150623/70/mdp.39015078384453/636.png"; bbox 0 0 4078 6292; ppageno 0'>
   <div class='ocr_carea' id='block_1_1' title="bbox 243 325 376 381">
    <p class='ocr_par' dir='ltr' id='par_1_1' title="bbox 243 325 376 381">
     <span class='ocr_line' id='line_1_1' title="bbox 243 325 376 381; baseline -0.023 -2"><span class='ocrx_word' id='word_1_1' title='bbox 243 325 376 381; x_wconf 77' lang='lat' dir='ltr'><strong>I257</strong></span> 
     </span>
    </p>
   </div>
   <div class='ocr_carea' id='block_1_2' title="bbox 1326 317 2343 380">
    <p class='ocr_par' dir='ltr' id='par_1_2' title="bbox 1326 317 2343 380">
     <span class='ocr_line' id='line_1_2' title="bbox 1326 317 2343 380; baseline -0.005 0"><span class='ocrx_word' id='word_1_2' title='bbox 1326 324 1394 380; x_wconf 84' lang='lat' dir='ltr'><strong>IN</strong></span> <span class='ocrx_word' id='word_1_3' title='bbox 1431 322 1664 379; x_wconf 77' lang='lat' dir='ltr'><strong>ISAIAM</strong></span> <span class='ocrx_word' id='word_1_4' title='bbox 1703 321 1832 380; x_wconf 85' lang='lat' dir='ltr'><strong>LIB.</strong></span> <span class='ocrx_word' id='word_1_5' title='bbox 1875 320 1940 376; x_wconf 75' lang='grc' dir='ltr'><strong>ν.</strong></span> <span class='ocrx_word' id='word_1_6' title='bbox 1982 317 2219 379; x_wconf 80' lang='lat' dir='ltr'><strong>TOMUS</strong></span> <span class='ocrx_word' id='word_1_7' title='bbox 2253 319 2343 376; x_wconf 84' lang='lat' dir='ltr'><strong>Ill.</strong></span> 
     </span>
    </p>
   </div>
   <div class='ocr_carea' id='block_1_3' title="bbox 3370 324 3509 387">
    <p class='ocr_par' dir='ltr' id='par_1_3' title="bbox 3370 324 3509 387">
     <span class='ocr_line' id='line_1_3' title="bbox 3370 324 3509 387; baseline 0.072 -10"><span class='ocrx_word' id='word_1_8' title='bbox 3370 324 3509 387; x_wconf 69' lang='lat'><strong>£258</strong></span> 
     </span>
    </p>
   </div>
   <div class='ocr_carea' id='block_1_4' title="bbox 322 432 1845 521">
    <p class='ocr_par' dir='ltr' id='par_1_4' title="bbox 322 436 1814 521">
     <span class='ocr_line' id='line_1_4' title="bbox 322 436 1814 521; baseline 0.003 -27"><span class='ocrx_word' id='word_1_9' title='bbox 322 437 514 511; x_wconf 79' lang='grc' dir='ltr'>Ὑμεῖς</span> <span class='ocrx_word' id='word_1_10' title='bbox 570 438 640 494; x_wconf 81' lang='grc' dir='ltr'>δὲ</span> <span class='ocrx_word' id='word_1_11' title='bbox 704 441 1115 513; x_wconf 75' lang='grc' dir='ltr'>προσαγάγετε</span> <span class='ocrx_word' id='word_1_12' title='bbox 1172 436 1325 512; x_wconf 82' lang='grc' dir='ltr'>ὦδε,</span> <span class='ocrx_word' id='word_1_13' title='bbox 1380 445 1498 500; x_wconf 76' lang='grc' dir='ltr'>υἱοί</span> <span class='ocrx_word' id='word_1_14' title='bbox 1566 444 1776 521; x_wconf 72' lang='grc' dir='ltr'>ἄνομοι</span> <span class='ocrx_word' id='word_1_15' title='bbox 1797 483 1814 511; x_wconf 90' lang='grc'><strong>,</strong></span> 
     </span>
    </p>
   </div>
   <div class='ocr_carea' id='block_1_5' title="bbox 1947 432 3505 521">
    <p class='ocr_par' dir='ltr' id='par_1_5' title="bbox 1990 432 3505 514">
     <span class='ocr_line' id='line_1_5' title="bbox 1990 432 3505 514; baseline -0.001 -17"><span class='ocrx_word' id='word_1_16' title='bbox 1990 440 2153 497; x_wconf 72' lang='lat' dir='ltr'><strong>Vsus.</strong></span> <span class='ocrx_word' id='word_1_17' title='bbox 2191 440 2246 505; x_wconf 75' lang='lat'><strong>5,</strong></span> <span class='ocrx_word' id='word_1_18' title='bbox 2282 440 2337 495; x_wconf 69' lang='grc'>4.</span> <span class='ocrx_word' id='word_1_19' title='bbox 2392 437 2491 495; x_wconf 81' lang='lat' dir='ltr'><strong>Vos</strong></span> <span class='ocrx_word' id='word_1_20' title='bbox 2520 448 2694 494; x_wconf 65' lang='lat' dir='ltr'><strong>autem</strong></span> <span class='ocrx_word' id='word_1_21' title='bbox 2720 438 2952 494; x_wconf 73' lang='lat' dir='ltr'><strong>accedite</strong></span> <span class='ocrx_word' id='word_1_22' title='bbox 2976 440 3099 504; x_wconf 67' lang='lat' dir='ltr'><strong>nec,</strong></span> <span class='ocrx_word' id='word_1_23' title='bbox 3140 432 3243 507; x_wconf 73' lang='lat' dir='ltr'><strong>ﬁlii</strong></span> <span class='ocrx_word' id='word_1_24' title='bbox 3298 442 3505 514; x_wconf 77' lang='lat' dir='ltr'><strong>iniqui,</strong></span> 
     </span>
    </p>
   </div>
   <div class='ocr_carea' id='block_1_6' title="bbox 239 531 1828 608">
    <p class='ocr_par' dir='ltr' id='par_1_6' title="bbox 239 531 1828 608">
     <span class='ocr_line' id='line_1_6' title="bbox 239 531 1828 608; baseline 0.004 -24"><span class='ocrx_word' id='word_1_25' title='bbox 239 531 478 601; x_wconf 81' lang='grc' dir='ltr'>σπέρμα</span> <span class='ocrx_word' id='word_1_26' title='bbox 509 531 741 602; x_wconf 80' lang='grc' dir='ltr'><strong>μοιχῶν</strong></span> <span class='ocrx_word' id='word_1_27' title='bbox 780 534 877 588; x_wconf 79' lang='grc' dir='ltr'><strong>καί</strong></span> <span class='ocrx_word' id='word_1_28' title='bbox 919 535 1171 604; x_wconf 78' lang='grc' dir='ltr'><strong>πόρνης.</strong></span> <span class='ocrx_word' id='word_1_29' title='bbox 1213 536 1308 589; x_wconf 80' lang='grc' dir='ltr'><em>Ἐν</em></span> <span class='ocrx_word' id='word_1_30' title='bbox 1339 537 1457 591; x_wconf 79' lang='grc' dir='ltr'>τίνι</span> <span class='ocrx_word' id='word_1_31' title='bbox 1501 537 1828 608; x_wconf 76' lang='grc' dir='ltr'><strong>ἐνετρυφή-</strong></span> 
     </span>
    </p>
   </div>
   <div class='ocr_carea' id='block_1_7' title="bbox 238 624 1831 697">
    <p class='ocr_par' dir='ltr' id='par_1_7' title="bbox 238 624 1831 697">
     <span class='ocr_line' id='line_1_7' title="bbox 238 624 1831 697; baseline 0.001 -16"><span class='ocrx_word' id='word_1_32' title='bbox 238 642 422 692; x_wconf 79' lang='grc' dir='ltr'>σατε;</span> <span class='ocrx_word' id='word_1_33' title='bbox 451 625 549 679; x_wconf 79' lang='grc' dir='ltr'><strong>καί</strong></span> <span class='ocrx_word' id='word_1_34' title='bbox 576 625 678 680; x_wconf 76' lang='grc' dir='ltr'><strong>ἐπὶ</strong></span> <span class='ocrx_word' id='word_1_35' title='bbox 709 627 843 682; x_wconf 74' lang='grc' dir='ltr'>τινα</span> <span class='ocrx_word' id='word_1_36' title='bbox 870 624 1154 693; x_wconf 77' lang='grc' dir='ltr'>ἠνοίξατε</span> <span class='ocrx_word' id='word_1_37' title='bbox 1181 626 1250 680; x_wconf 77' lang='grc' dir='ltr'>τὸ</span> <span class='ocrx_word' id='word_1_38' title='bbox 1280 627 1475 696; x_wconf 81' lang='grc' dir='ltr'><em>στόμα</em></span> <span class='ocrx_word' id='word_1_39' title='bbox 1503 627 1702 697; x_wconf 70' lang='grc' dir='ltr'>ὑμῶνς</span> <span class='ocrx_word' id='word_1_40' title='bbox 1732 628 1831 683; x_wconf 77' lang='grc' dir='ltr'><strong>καί</strong></span> 
     </span>
    </p>
   </div>
   <div class='ocr_carea' id='block_1_8' title="bbox 137 716 1830 799">
    <p class='ocr_par' dir='ltr' id='par_1_8' title="bbox 137 716 1830 799">
     <span class='ocr_line' id='line_1_8' title="bbox 137 716 1830 799; baseline -0.001 -24"><span class='ocrx_word' id='word_1_41' title='bbox 137 792 142 799; x_wconf 23' lang='grc' dir='ltr'>δ</span> <span class='ocrx_word' id='word_1_42' title='bbox 240 717 342 775; x_wconf 77' lang='grc' dir='ltr'><strong>ἐπὶ</strong></span> <span class='ocrx_word' id='word_1_43' title='bbox 380 717 517 771; x_wconf 79' lang='grc' dir='ltr'>τίνα</span> <span class='ocrx_word' id='word_1_44' title='bbox 568 716 912 786; x_wconf 76' lang='grc' dir='ltr'>ἐχαλάσατε</span> <span class='ocrx_word' id='word_1_45' title='bbox 960 717 1076 785; x_wconf 68' lang='grc' dir='ltr'><strong>τὴν</strong></span> <span class='ocrx_word' id='word_1_46' title='bbox 1130 717 1424 788; x_wconf 75' lang='grc' dir='ltr'>γλῶσσαν</span> <span class='ocrx_word' id='word_1_47' title='bbox 1467 718 1673 789; x_wconf 55' lang='lat' dir='ltr'><strong>tigrim;</strong></span> <span class='ocrx_word' id='word_1_48' title='bbox 1706 721 1830 790; x_wconf 87' lang='grc' dir='ltr'><strong>Οὐχ</strong></span> 
     </span>
    </p>
   </div>
   <div class='ocr_carea' id='block_1_9' title="bbox 243 807 1724 882">
    <p class='ocr_par' dir='ltr' id='par_1_9' title="bbox 243 807 1724 882">
     <span class='ocr_line' id='line_1_9' title="bbox 243 807 1724 882; baseline 0.001 -17"><span class='ocrx_word' id='word_1_49' title='bbox 243 808 418 879; x_wconf 79' lang='grc' dir='ltr'>ὑμεῖς</span> <span class='ocrx_word' id='word_1_50' title='bbox 444 808 585 863; x_wconf 80' lang='grc' dir='ltr'>ἐστε</span> <span class='ocrx_word' id='word_1_51' title='bbox 618 807 800 862; x_wconf 76' lang='grc' dir='ltr'>τέκνα</span> <span class='ocrx_word' id='word_1_52' title='bbox 838 809 1163 877; x_wconf 76' lang='grc' dir='ltr'>ἀπωλείας,</span> <span class='ocrx_word' id='word_1_53' title='bbox 1193 810 1435 881; x_wconf 80' lang='grc' dir='ltr'>σπέρμα</span> <span class='ocrx_word' id='word_1_54' title='bbox 1467 811 1724 882; x_wconf 66' lang='grc' dir='ltr'>ἄνομον-ς</span> 
     </span>
    </p>
   </div>
   <div class='ocr_carea' id='block_1_10' title="bbox 334 897 1831 974">
    <p class='ocr_par' dir='ltr' id='par_1_10' title="bbox 334 897 1831 974">
     <span class='ocr_line' id='line_1_10' title="bbox 334 897 1831 974; baseline -0.001 -23"><span class='ocrx_word' id='word_1_55' title='bbox 334 898 429 951; x_wconf 87' lang='grc' dir='ltr'>Ἐκ</span> <span class='ocrx_word' id='word_1_56' title='bbox 466 897 663 968; x_wconf 82' lang='grc' dir='ltr'>πολλῆς</span> <span class='ocrx_word' id='word_1_57' title='bbox 691 897 831 965; x_wconf 79' lang='grc' dir='ltr'>ἄγαν</span> <span class='ocrx_word' id='word_1_58' title='bbox 865 899 1141 969; x_wconf 81' lang='grc' dir='ltr'>φιλοθεῖας</span> <span class='ocrx_word' id='word_1_59' title='bbox 1166 902 1195 953; x_wconf 86' lang='grc' dir='ltr'><strong>ό</strong></span> <span class='ocrx_word' id='word_1_60' title='bbox 1231 900 1516 965; x_wconf 78' lang='grc' dir='ltr'><strong>θεσπέσιος</strong></span> <span class='ocrx_word' id='word_1_61' title='bbox 1547 902 1831 974; x_wconf 75' lang='grc' dir='ltr'><strong>προφήτης</strong></span> 
     </span>
    </p>
   </div>
   <div class='ocr_carea' id='block_1_11' title="bbox 245 989 1833 1064">
    <p class='ocr_par' dir='ltr' id='par_1_11' title="bbox 245 989 1833 1064">
     <span class='ocr_line' id='line_1_11' title="bbox 245 989 1833 1064; baseline 0.002 -21"><span class='ocrx_word' id='word_1_62' title='bbox 245 993 362 1053; x_wconf 83' lang='grc' dir='ltr'>ταῖς</span> <span class='ocrx_word' id='word_1_63' title='bbox 390 990 497 1044; x_wconf 91' lang='grc' dir='ltr'><strong>τῶν</strong></span> <span class='ocrx_word' id='word_1_64' title='bbox 529 989 797 1044; x_wconf 83' lang='grc' dir='ltr'><strong>Ἰουδαίων</strong></span> <span class='ocrx_word' id='word_1_65' title='bbox 829 990 1256 1062; x_wconf 81' lang='grc' dir='ltr'>ἀθυροστομίαις</span> <span class='ocrx_word' id='word_1_66' title='bbox 1288 992 1545 1064; x_wconf 80' lang='grc' dir='ltr'>ὲπιπηδᾷ,</span> <span class='ocrx_word' id='word_1_67' title='bbox 1578 995 1674 1048; x_wconf 74' lang='grc' dir='ltr'>καὶ</span> <span class='ocrx_word' id='word_1_68' title='bbox 1705 1010 1833 1047; x_wconf 88' lang='grc' dir='ltr'>κατ-</span> 
     </span>
    </p>
   </div>
   <div class='ocr_carea' id='block_1_12' title="bbox 241 1080 1829 1156">
    <p class='ocr_par' dir='ltr' id='par_1_12' title="bbox 241 1080 1829 1156">
     <span class='ocr_line' id='line_1_12' title="bbox 241 1080 1829 1156; baseline 0.001 -19"><span class='ocrx_word' id='word_1_69' title='bbox 241 1080 540 1149; x_wconf 82' lang='grc' dir='ltr'>αλγύνεται</span> <span class='ocrx_word' id='word_1_70' title='bbox 583 1081 706 1135; x_wconf 83' lang='grc' dir='ltr'>λίαν</span> <span class='ocrx_word' id='word_1_71' title='bbox 758 1082 852 1137; x_wconf 69' lang='grc' dir='ltr'>ἐπὶ</span> <span class='ocrx_word' id='word_1_72' title='bbox 905 1085 1025 1147; x_wconf 86' lang='grc' dir='ltr'>ταῖς</span> <span class='ocrx_word' id='word_1_73' title='bbox 1076 1083 1318 1147; x_wconf 79' lang='grc' dir='ltr'><strong>ἀνοσίαις</strong></span> <span class='ocrx_word' id='word_1_74' title='bbox 1365 1083 1545 1139; x_wconf 82' lang='grc' dir='ltr'>αὐτῶν</span> <span class='ocrx_word' id='word_1_75' title='bbox 1597 1086 1829 1156; x_wconf 82' lang='grc' dir='ltr'>φωναῖς,</span> 
     </span>
    </p>
   </div>
   <div class='ocr_carea' id='block_1_13' title="bbox 240 1173 1834 1249">
    <p class='ocr_par' dir='ltr' id='par_1_13' title="bbox 240 1173 1834 1249">
     <span class='ocr_line' id='line_1_13' title="bbox 240 1173 1834 1249; baseline 0.004 -25"><span class='ocrx_word' id='word_1_76' title='bbox 240 1180 308 1236; x_wconf 74' lang='grc' dir='ltr'>ἃς</span> <span class='ocrx_word' id='word_1_77' title='bbox 334 1174 590 1244; x_wconf 81' lang='grc' dir='ltr'>είρήκασι</span> <span class='ocrx_word' id='word_1_78' title='bbox 624 1173 768 1227; x_wconf 85' lang='grc' dir='ltr'><strong>κατά</strong></span> <span class='ocrx_word' id='word_1_79' title='bbox 801 1174 1062 1244; x_wconf 80' lang='grc' dir='ltr'><strong>Χριστοῦ.</strong></span> <span class='ocrx_word' id='word_1_80' title='bbox 1091 1175 1504 1233; x_wconf 78' lang='grc' dir='ltr'>Διατετελὲκασι</span> <span class='ocrx_word' id='word_1_81' title='bbox 1534 1176 1644 1247; x_wconf 80' lang='grc' dir='ltr'>γὰρ</span> <span class='ocrx_word' id='word_1_82' title='bbox 1671 1177 1834 1249; x_wconf 75' lang='grc' dir='ltr'>μέχρι</span> 
     </span>
    </p>
   </div>
   <div class='ocr_carea' id='block_1_14' title="bbox 249 1264 1835 1339">
    <p class='ocr_par' dir='ltr' id='par_1_14' title="bbox 249 1264 1835 1339">
     <span class='ocr_line' id='line_1_14' title="bbox 249 1264 1835 1339; baseline 0.003 -21"><span class='ocrx_word' id='word_1_83' title='bbox 249 1264 442 1328; x_wconf 80' lang='grc' dir='ltr'>παντὸς</span> <span class='ocrx_word' id='word_1_84' title='bbox 499 1265 662 1319; x_wconf 79' lang='grc' dir='ltr'>οἱονεὶ</span> <span class='ocrx_word' id='word_1_85' title='bbox 707 1265 983 1335; x_wconf 79' lang='grc' dir='ltr'>χαλῶντες</span> <span class='ocrx_word' id='word_1_86' title='bbox 1008 1268 1095 1321; x_wconf 68' lang='grc' dir='ltr'><strong>ἐπ’</strong></span> <span class='ocrx_word' id='word_1_87' title='bbox 1125 1266 1274 1339; x_wconf 81' lang='grc' dir='ltr'>αύτῷ</span> <span class='ocrx_word' id='word_1_88' title='bbox 1300 1268 1400 1338; x_wconf 81' lang='grc' dir='ltr'>τὴν</span> <span class='ocrx_word' id='word_1_89' title='bbox 1432 1267 1705 1337; x_wconf 88' lang='grc' dir='ltr'>γλῶσσαν,</span> <span class='ocrx_word' id='word_1_90' title='bbox 1740 1270 1835 1323; x_wconf 72' lang='grc' dir='ltr'><strong>καὶ</strong></span> 
     </span>
    </p>
   </div>
   <div class='ocr_carea' id='block_1_15' title="bbox 241 1356 1834 1429">
    <p class='ocr_par' dir='ltr' id='par_1_15' title="bbox 241 1356 1834 1429">
     <span class='ocr_line' id='line_1_15' title="bbox 241 1356 1834 1429; baseline -0.003 -15"><span class='ocrx_word' id='word_1_91' title='bbox 241 1358 385 1421; x_wconf 82' lang='grc' dir='ltr'>ὅλοις</span> <span class='ocrx_word' id='word_1_92' title='bbox 424 1356 617 1429; x_wconf 82' lang='grc' dir='ltr'>ὥσπερ</span> <span class='ocrx_word' id='word_1_93' title='bbox 660 1358 852 1422; x_wconf 76' lang='grc' dir='ltr'><strong>ἱστίοις</strong></span> <span class='ocrx_word' id='word_1_94' title='bbox 893 1358 994 1429; x_wconf 79' lang='grc' dir='ltr'><strong>τῆς</strong></span> <span class='ocrx_word' id='word_1_95' title='bbox 1039 1357 1263 1429; x_wconf 83' lang='grc' dir='ltr'>ὲνούσης</span> <span class='ocrx_word' id='word_1_96' title='bbox 1293 1359 1643 1426; x_wconf 68' lang='grc' dir='ltr'>ἀνεξικακίας</span> <span class='ocrx_word' id='word_1_97' title='bbox 1685 1359 1834 1429; x_wconf 81' lang='grc' dir='ltr'>αὐτῷ</span> 
     </span>
    </p>
   </div>
   <div class='ocr_carea' id='block_1_16' title="bbox 241 1449 1835 1522">
    <p class='ocr_par' dir='ltr' id='par_1_16' title="bbox 241 1449 1835 1522">
     <span class='ocr_line' id='line_1_16' title="bbox 241 1449 1835 1522; baseline -0.001 -16"><span class='ocrx_word' id='word_1_98' title='bbox 241 1449 693 1520; x_wconf 80' lang='grc' dir='ltr'>κατατρέχοντες.</span> <span class='ocrx_word' id='word_1_99' title='bbox 732 1450 798 1503; x_wconf 89' lang='grc' dir='ltr'>Τί</span> <span class='ocrx_word' id='word_1_100' title='bbox 843 1450 951 1522; x_wconf 80' lang='grc' dir='ltr'>γὰρ</span> <span class='ocrx_word' id='word_1_101' title='bbox 981 1450 1092 1504; x_wconf 88' lang='grc' dir='ltr'><strong>τῶν</strong></span> <span class='ocrx_word' id='word_1_102' title='bbox 1149 1450 1399 1505; x_wconf 74' lang='grc' dir='ltr'>ἐκτόπων</span> <span class='ocrx_word' id='word_1_103' title='bbox 1431 1452 1530 1522; x_wconf 83' lang='grc' dir='ltr'><strong>οὐχ</strong></span> <span class='ocrx_word' id='word_1_104' title='bbox 1560 1451 1735 1507; x_wconf 82' lang='grc' dir='ltr'>ἁλοῖεν</span> <span class='ocrx_word' id='word_1_105' title='bbox 1768 1451 1835 1505; x_wconf 85' lang='grc' dir='ltr'><strong>ἂν</strong></span> 
     </span>
    </p>
   </div>
   <div class='ocr_carea' id='block_1_17' title="bbox 244 1539 1838 1613">
    <p class='ocr_par' dir='ltr' id='par_1_17' title="bbox 244 1539 1838 1613">
     <span class='ocr_line' id='line_1_17' title="bbox 244 1539 1838 1613; baseline 0.001 -19"><span class='ocrx_word' id='word_1_106' title='bbox 244 1540 636 1612; x_wconf 86' lang='grc' dir='ltr'>κατειρηκότες</span> <span class='ocrx_word' id='word_1_107' title='bbox 660 1539 826 1593; x_wconf 80' lang='grc' dir='ltr'>αὐτοῦ</span> <span class='ocrx_word' id='word_1_108' title='bbox 855 1558 868 1607; x_wconf 90' lang='lat'><strong>;</strong></span> <span class='ocrx_word' id='word_1_109' title='bbox 898 1541 1264 1613; x_wconf 81' lang='grc' dir='ltr'>Σαμαρείτην,</span> <span class='ocrx_word' id='word_1_110' title='bbox 1289 1542 1385 1596; x_wconf 75' lang='grc' dir='ltr'><strong>καὶ</strong></span> <span class='ocrx_word' id='word_1_111' title='bbox 1410 1543 1718 1613; x_wconf 81' lang='grc' dir='ltr'>οἰνοπότην,</span> <span class='ocrx_word' id='word_1_112' title='bbox 1742 1542 1838 1596; x_wconf 75' lang='grc' dir='ltr'>καὶ</span> 
     </span>
    </p>
   </div>
   <div class='ocr_carea' id='block_1_18' title="bbox 247 1628 1839 1702">
    <p class='ocr_par' dir='ltr' id='par_1_18' title="bbox 247 1628 1839 1702">
     <span class='ocr_line' id='line_1_18' title="bbox 247 1628 1839 1702; baseline 0.002 -18"><span class='ocrx_word' id='word_1_113' title='bbox 247 1634 312 1684; x_wconf 85' lang='grc' dir='ltr'>ὲκ</span> <span class='ocrx_word' id='word_1_114' title='bbox 341 1628 598 1701; x_wconf 85' lang='grc' dir='ltr'>πορνείας</span> <span class='ocrx_word' id='word_1_115' title='bbox 629 1630 1021 1701; x_wconf 75' lang='grc' dir='ltr'>γεγεννημένον</span> <span class='ocrx_word' id='word_1_116' title='bbox 1051 1631 1335 1702; x_wconf 75' lang='grc' dir='ltr'>ὠνόμαζον</span> <span class='ocrx_word' id='word_1_117' title='bbox 1366 1633 1550 1697; x_wconf 68' lang='grc' dir='ltr'>αὐτὸν,</span> <span class='ocrx_word' id='word_1_118' title='bbox 1583 1633 1678 1687; x_wconf 71' lang='grc' dir='ltr'><strong>καὶ</strong></span> <span class='ocrx_word' id='word_1_119' title='bbox 1720 1633 1839 1687; x_wconf 84' lang='grc' dir='ltr'>δαι-</span> 
     </span>
    </p>
   </div>
   <div class='ocr_carea' id='block_1_19' title="bbox 251 1717 1835 1791">
    <p class='ocr_par' dir='ltr' id='par_1_19' title="bbox 251 1717 1835 1791">
     <span class='ocr_line' id='line_1_19' title="bbox 251 1717 1835 1791; baseline 0.001 -20"><span class='ocrx_word' id='word_1_120' title='bbox 251 1720 418 1788; x_wconf 75' lang='grc' dir='ltr'>μονᾷν</span> <span class='ocrx_word' id='word_1_121' title='bbox 451 1717 686 1787; x_wconf 79' lang='grc' dir='ltr'>ἔφασκον</span> <span class='ocrx_word' id='word_1_122' title='bbox 714 1718 805 1771; x_wconf 81' lang='grc' dir='ltr'><strong>τὸν</strong></span> <span class='ocrx_word' id='word_1_123' title='bbox 829 1719 1165 1789; x_wconf 78' lang='grc' dir='ltr'><strong>ἐπιτιμῶντα</strong></span> <span class='ocrx_word' id='word_1_124' title='bbox 1197 1721 1441 1791; x_wconf 86' lang='grc' dir='ltr'>δαίμοσι,</span> <span class='ocrx_word' id='word_1_125' title='bbox 1465 1721 1563 1777; x_wconf 78' lang='grc' dir='ltr'><strong>καὶ</strong></span> <span class='ocrx_word' id='word_1_126' title='bbox 1596 1722 1655 1775; x_wconf 81' lang='grc' dir='ltr'>ὲν</span> <span class='ocrx_word' id='word_1_127' title='bbox 1677 1720 1835 1774; x_wconf 76' lang='grc' dir='ltr'>Βεελ-</span> 
     </span>
    </p>
   </div>
   <div class='ocr_carea' id='block_1_20' title="bbox 1931 530 3510 600">
    <p class='ocr_par' dir='ltr' id='par_1_20' title="bbox 1931 530 3510 600">
     <span class='ocr_line' id='line_1_20' title="bbox 1931 530 3510 600; baseline 0 -11"><span class='ocrx_word' id='word_1_128' title='bbox 1931 549 2105 589; x_wconf 80' lang='lat' dir='ltr'><strong>semen</strong></span> <span class='ocrx_word' id='word_1_129' title='bbox 2153 533 2516 588; x_wconf 85' lang='lat' dir='ltr'><strong>adulterorum</strong></span> <span class='ocrx_word' id='word_1_130' title='bbox 2543 539 2592 587; x_wconf 74' lang='lat' dir='ltr'><strong>et</strong></span> <span class='ocrx_word' id='word_1_131' title='bbox 2639 532 2952 587; x_wconf 69' lang='lat' dir='ltr'><strong>meretricis.</strong></span> <span class='ocrx_word' id='word_1_132' title='bbox 3010 530 3077 586; x_wconf 87' lang='lat' dir='ltr'><strong>In</strong></span> <span class='ocrx_word' id='word_1_133' title='bbox 3117 547 3220 600; x_wconf 76' lang='lat' dir='ltr'><strong>quo</strong></span> <span class='ocrx_word' id='word_1_134' title='bbox 3266 535 3510 589; x_wconf 79' lang='lat' dir='ltr'><strong>oblectatl</strong></span> 
     </span>
    </p>
   </div>
   <div class='ocr_carea' id='block_1_21' title="bbox 1932 624 3588 695">
    <p class='ocr_par' dir='ltr' id='par_1_21' title="bbox 1932 624 3588 695">
     <span class='ocr_line' id='line_1_21' title="bbox 1932 624 3588 695; baseline 0.002 -16"><span class='ocrx_word' id='word_1_135' title='bbox 1932 626 2105 680; x_wconf 73' lang='lat' dir='ltr'><strong>estis?</strong></span> <span class='ocrx_word' id='word_1_136' title='bbox 2157 634 2207 679; x_wconf 83' lang='lat' dir='ltr'><strong>et</strong></span> <span class='ocrx_word' id='word_1_137' title='bbox 2250 640 2409 694; x_wconf 83' lang='lat' dir='ltr'><strong>super</strong></span> <span class='ocrx_word' id='word_1_138' title='bbox 2457 640 2610 695; x_wconf 79' lang='lat' dir='ltr'><strong>quem</strong></span> <span class='ocrx_word' id='word_1_139' title='bbox 2657 624 2939 694; x_wconf 78' lang='lat' dir='ltr'><strong>aperuistis</strong></span> <span class='ocrx_word' id='word_1_140' title='bbox 2974 639 3031 678; x_wconf 83' lang='lat' dir='ltr'><strong>es</strong></span> <span class='ocrx_word' id='word_1_141' title='bbox 3060 626 3331 681; x_wconf 73' lang='lat' dir='ltr'><strong>vestrum?</strong></span> <span class='ocrx_word' id='word_1_142' title='bbox 3380 635 3427 680; x_wconf 89' lang='lat' dir='ltr'><strong>et</strong></span> <span class='ocrx_word' id='word_1_143' title='bbox 3455 629 3510 682; x_wconf 83' lang='lat' dir='ltr'><strong>in</strong></span> <span class='ocrx_word' id='word_1_144' title='bbox 3581 686 3588 693; x_wconf 67' lang='grc'><strong>,</strong></span> 
     </span>
    </p>
   </div>
   <div class='ocr_carea' id='block_1_22' title="bbox 1931 714 3509 788">
    <p class='ocr_par' dir='ltr' id='par_1_22' title="bbox 1931 714 3509 788">
     <span class='ocr_line' id='line_1_22' title="bbox 1931 714 3509 788; baseline 0.001 -17"><span class='ocrx_word' id='word_1_145' title='bbox 1931 734 2081 788; x_wconf 73' lang='lat' dir='ltr'><strong>quem</strong></span> <span class='ocrx_word' id='word_1_146' title='bbox 2133 716 2359 772; x_wconf 67' lang='lat' dir='ltr'><strong>laxastt&#39;s</strong></span> <span class='ocrx_word' id='word_1_147' title='bbox 2421 716 2658 786; x_wconf 79' lang='lat' dir='ltr'><strong>linguam</strong></span> <span class='ocrx_word' id='word_1_148' title='bbox 2705 716 2968 772; x_wconf 71' lang='lat' dir='ltr'><strong>vestram!</strong></span> <span class='ocrx_word' id='word_1_149' title='bbox 3015 714 3207 771; x_wconf 83' lang='lat' dir='ltr'><strong><em>Nonne</em></strong></span> <span class='ocrx_word' id='word_1_150' title='bbox 3246 733 3336 771; x_wconf 76' lang='lat' dir='ltr'><strong>cos</strong></span> <span class='ocrx_word' id='word_1_151' title='bbox 3386 718 3509 773; x_wconf 74' lang='lat' dir='ltr'><strong>estis</strong></span> 
     </span>
    </p>
   </div>
   <div class='ocr_carea' id='block_1_23' title="bbox 1934 809 2891 880">
    <p class='ocr_par' dir='ltr' id='par_1_23' title="bbox 1934 809 2891 880">
     <span class='ocr_line' id='line_1_23' title="bbox 1934 809 2891 880; baseline 0.003 -18"><span class='ocrx_word' id='word_1_152' title='bbox 1934 809 2033 878; x_wconf 80' lang='lat' dir='ltr'><strong>ﬁlii</strong></span> <span class='ocrx_word' id='word_1_153' title='bbox 2056 809 2391 876; x_wconf 69' lang='lat' dir='ltr'><strong>perditionis,</strong></span> <span class='ocrx_word' id='word_1_154' title='bbox 2422 825 2594 862; x_wconf 79' lang='lat' dir='ltr'><strong>semen</strong></span> <span class='ocrx_word' id='word_1_155' title='bbox 2616 809 2891 880; x_wconf 80' lang='lat' dir='ltr'><strong>iniquum?</strong></span> 
     </span>
    </p>
   </div>
   <div class='ocr_carea' id='block_1_24' title="bbox 2006 889 3511 971">
    <p class='ocr_par' dir='ltr' id='par_1_24' title="bbox 2006 889 3511 971">
     <span class='ocr_line' id='line_1_24' title="bbox 2006 889 3511 971; baseline 0 -16"><span class='ocrx_word' id='word_1_156' title='bbox 2006 899 2176 971; x_wconf 70' lang='grc'><strong>798</strong></span> <span class='ocrx_word' id='word_1_157' title='bbox 2214 899 2293 955; x_wconf 80' lang='lat' dir='ltr'><strong>Ex</strong></span> <span class='ocrx_word' id='word_1_158' title='bbox 2330 899 2527 969; x_wconf 78' lang='lat' dir='ltr'><strong>insigni</strong></span> <span class='ocrx_word' id='word_1_159' title='bbox 2563 900 2780 967; x_wconf 78' lang='lat' dir='ltr'><strong>pietatis</strong></span> <span class='ocrx_word' id='word_1_160' title='bbox 2823 889 3003 953; x_wconf 76' lang='lat' dir='ltr'><strong>studio</strong></span> <span class='ocrx_word' id='word_1_161' title='bbox 3036 898 3261 954; x_wconf 85' lang='lat' dir='ltr'><strong>insultat</strong></span> <span class='ocrx_word' id='word_1_162' title='bbox 3298 900 3511 955; x_wconf 84' lang='lat' dir='ltr'><strong>divinus</strong></span> 
     </span>
    </p>
   </div>
   <div class='ocr_carea' id='block_1_25' title="bbox 1934 988 3512 1061">
    <p class='ocr_par' dir='ltr' id='par_1_25' title="bbox 1934 988 3512 1061">
     <span class='ocr_line' id='line_1_25' title="bbox 1934 988 3512 1061; baseline 0 -15"><span class='ocrx_word' id='word_1_163' title='bbox 1934 991 2201 1061; x_wconf 81' lang='lat' dir='ltr'><strong>propheta</strong></span> <span class='ocrx_word' id='word_1_164' title='bbox 2249 990 2303 1045; x_wconf 88' lang='lat' dir='ltr'><strong>in</strong></span> <span class='ocrx_word' id='word_1_165' title='bbox 2341 988 2663 1045; x_wconf 81' lang='lat' dir='ltr'><strong>eli‘renatam</strong></span> <span class='ocrx_word' id='word_1_166' title='bbox 2697 989 3009 1045; x_wconf 74' lang='lat' dir='ltr'><strong>Judteorum</strong></span> <span class='ocrx_word' id='word_1_167' title='bbox 3041 990 3417 1060; x_wconf 74' lang='lat' dir='ltr'><strong>petulantiam,</strong></span> <span class='ocrx_word' id='word_1_168' title='bbox 3456 1000 3512 1046; x_wconf 86' lang='lat' dir='ltr'><strong>et</strong></span> 
     </span>
    </p>
   </div>
   <div class='ocr_carea' id='block_1_26' title="bbox 1934 1080 3510 1152">
    <p class='ocr_par' dir='ltr' id='par_1_26' title="bbox 1934 1080 3510 1152">
     <span class='ocr_line' id='line_1_26' title="bbox 1934 1080 3510 1152; baseline 0.001 -15"><span class='ocrx_word' id='word_1_169' title='bbox 1934 1082 2118 1152; x_wconf 82' lang='lat' dir='ltr'><strong>impiis</strong></span> <span class='ocrx_word' id='word_1_170' title='bbox 2146 1081 2371 1137; x_wconf 81' lang='lat' dir='ltr'><strong>vocibus</strong></span> <span class='ocrx_word' id='word_1_171' title='bbox 2401 1096 2536 1150; x_wconf 83' lang='lat' dir='ltr'><strong>quas</strong></span> <span class='ocrx_word' id='word_1_172' title='bbox 2558 1089 2749 1136; x_wconf 90' lang='lat' dir='ltr'><strong>contra</strong></span> <span class='ocrx_word' id='word_1_173' title='bbox 2773 1080 3046 1136; x_wconf 76' lang='lat' dir='ltr'><strong>Christum</strong></span> <span class='ocrx_word' id='word_1_174' title='bbox 3074 1081 3329 1139; x_wconf 77' lang='lat' dir='ltr'><strong>dixerunt</strong></span> <span class='ocrx_word' id='word_1_175' title='bbox 3355 1084 3510 1140; x_wconf 85' lang='lat' dir='ltr'><strong>valde</strong></span> 
     </span>
    </p>
   </div>
   <div class='ocr_carea' id='block_1_27' title="bbox 1934 1171 3509 1243">
    <p class='ocr_par' dir='ltr' id='par_1_27' title="bbox 1934 1171 3509 1243">
     <span class='ocr_line' id='line_1_27' title="bbox 1934 1171 3509 1243; baseline 0.002 -16"><span class='ocrx_word' id='word_1_176' title='bbox 1934 1172 2246 1229; x_wconf 69' lang='lat' dir='ltr'><strong>offenditur.</strong></span> <span class='ocrx_word' id='word_1_177' title='bbox 2306 1171 2532 1243; x_wconf 82' lang='lat' dir='ltr'><strong>Semper</strong></span> <span class='ocrx_word' id='word_1_178' title='bbox 2582 1172 2727 1228; x_wconf 90' lang='lat' dir='ltr'><strong>enim</strong></span> <span class='ocrx_word' id='word_1_179' title='bbox 2784 1171 3042 1228; x_wconf 81' lang='lat' dir='ltr'><strong>laxabant</strong></span> <span class='ocrx_word' id='word_1_180' title='bbox 3085 1175 3231 1231; x_wconf 88' lang='lat' dir='ltr'><strong>velut</strong></span> <span class='ocrx_word' id='word_1_181' title='bbox 3284 1177 3338 1230; x_wconf 91' lang='lat' dir='ltr'><strong>in</strong></span> <span class='ocrx_word' id='word_1_182' title='bbox 3386 1191 3509 1232; x_wconf 89' lang='lat' dir='ltr'><strong>eum</strong></span> 
     </span>
    </p>
   </div>
   <div class='ocr_carea' id='block_1_28' title="bbox 1935 1260 3512 1333">
    <p class='ocr_par' dir='ltr' id='par_1_28' title="bbox 1935 1260 3512 1333">
     <span class='ocr_line' id='line_1_28' title="bbox 1935 1260 3512 1333; baseline 0.004 -19"><span class='ocrx_word' id='word_1_183' title='bbox 1935 1261 2198 1333; x_wconf 73' lang='lat' dir='ltr'><strong>linguam,</strong></span> <span class='ocrx_word' id='word_1_184' title='bbox 2248 1269 2304 1316; x_wconf 89' lang='lat' dir='ltr'><strong>et</strong></span> <span class='ocrx_word' id='word_1_185' title='bbox 2360 1260 2489 1316; x_wconf 87' lang='lat' dir='ltr'><strong>totis</strong></span> <span class='ocrx_word' id='word_1_186' title='bbox 2534 1261 2687 1332; x_wconf 85' lang='lat' dir='ltr'><strong>quasi</strong></span> <span class='ocrx_word' id='word_1_187' title='bbox 2738 1260 2878 1316; x_wconf 82' lang='lat' dir='ltr'><strong>velis</strong></span> <span class='ocrx_word' id='word_1_188' title='bbox 2926 1261 3175 1318; x_wconf 88' lang='lat' dir='ltr'><strong>insectati</strong></span> <span class='ocrx_word' id='word_1_189' title='bbox 3226 1274 3350 1318; x_wconf 87' lang='lat' dir='ltr'><strong>sunt</strong></span> <span class='ocrx_word' id='word_1_190' title='bbox 3396 1264 3512 1331; x_wconf 81' lang='lat' dir='ltr'><strong>ejus</strong></span> 
     </span>
    </p>
   </div>
   <div class='ocr_carea' id='block_1_29' title="bbox 1938 1349 3511 1423">
    <p class='ocr_par' dir='ltr' id='par_1_29' title="bbox 1938 1349 3511 1423">
     <span class='ocr_line' id='line_1_29' title="bbox 1938 1349 3511 1423; baseline 0.005 -20"><span class='ocrx_word' id='word_1_191' title='bbox 1938 1350 2275 1420; x_wconf 79' lang='lat' dir='ltr'><strong>patientiam.</strong></span> <span class='ocrx_word' id='word_1_192' title='bbox 2331 1349 2472 1417; x_wconf 83' lang='lat' dir='ltr'><strong>Quid</strong></span> <span class='ocrx_word' id='word_1_193' title='bbox 2513 1351 2657 1406; x_wconf 88' lang='lat' dir='ltr'><strong>enim</strong></span> <span class='ocrx_word' id='word_1_194' title='bbox 2706 1350 2909 1406; x_wconf 76' lang='lat' dir='ltr'><strong>lmdum</strong></span> <span class='ocrx_word' id='word_1_195' title='bbox 2955 1362 3011 1407; x_wconf 87' lang='lat' dir='ltr'><strong>et</strong></span> <span class='ocrx_word' id='word_1_196' title='bbox 3061 1354 3426 1423; x_wconf 71' lang='lat' dir='ltr'><strong>prodigiosum</strong></span> <span class='ocrx_word' id='word_1_197' title='bbox 3459 1357 3511 1412; x_wconf 90' lang='lat' dir='ltr'><strong>in</strong></span> 
     </span>
    </p>
   </div>
   <div class='ocr_carea' id='block_1_30' title="bbox 1935 1440 3510 1514">
    <p class='ocr_par' dir='ltr' id='par_1_30' title="bbox 1935 1440 3510 1514">
     <span class='ocr_line' id='line_1_30' title="bbox 1935 1440 3510 1514; baseline 0.001 -17"><span class='ocrx_word' id='word_1_198' title='bbox 1935 1456 2058 1497; x_wconf 84' lang='lat' dir='ltr'><strong>eum</strong></span> <span class='ocrx_word' id='word_1_199' title='bbox 2075 1440 2391 1496; x_wconf 86' lang='lat' dir='ltr'><strong>debacchati</strong></span> <span class='ocrx_word' id='word_1_200' title='bbox 2414 1441 2685 1496; x_wconf 82' lang='lat' dir='ltr'><strong>non&#39;sunt?</strong></span> <span class='ocrx_word' id='word_1_201' title='bbox 2701 1442 3125 1508; x_wconf 83' lang='lat' dir='ltr'><strong>Samaritanum,</strong></span> <span class='ocrx_word' id='word_1_202' title='bbox 3143 1444 3249 1500; x_wconf 89' lang='lat' dir='ltr'><strong>vini</strong></span> <span class='ocrx_word' id='word_1_203' title='bbox 3270 1456 3510 1514; x_wconf 86' lang='lat' dir='ltr'><strong>potorem</strong></span> 
     </span>
    </p>
   </div>
   <div class='ocr_carea' id='block_1_31' title="bbox 1938 1533 3508 1593">
    <p class='ocr_par' dir='ltr' id='par_1_31' title="bbox 1938 1533 3508 1593">
     <span class='ocr_line' id='line_1_31' title="bbox 1938 1533 3508 1593; baseline 0.004 -6"><span class='ocrx_word' id='word_1_204' title='bbox 1938 1542 1992 1588; x_wconf 86' lang='lat' dir='ltr'><strong>et</strong></span> <span class='ocrx_word' id='word_1_205' title='bbox 2020 1547 2087 1588; x_wconf 77' lang='lat' dir='ltr'><strong>ex</strong></span> <span class='ocrx_word' id='word_1_206' title='bbox 2129 1533 2459 1589; x_wconf 85' lang='lat' dir='ltr'><strong>scortatione</strong></span> <span class='ocrx_word' id='word_1_207' title='bbox 2493 1542 2676 1588; x_wconf 87' lang='lat' dir='ltr'><strong>natum</strong></span> <span class='ocrx_word' id='word_1_208' title='bbox 2715 1549 2838 1589; x_wconf 90' lang='lat' dir='ltr'><strong>eum</strong></span> <span class='ocrx_word' id='word_1_209' title='bbox 2869 1535 3137 1590; x_wconf 86' lang='lat' dir='ltr'><strong>vocabant</strong></span> <span class='ocrx_word' id='word_1_210' title='bbox 3165 1553 3180 1591; x_wconf 86' lang='lat'><strong>:</strong></span> <span class='ocrx_word' id='word_1_211' title='bbox 3217 1548 3271 1592; x_wconf 85' lang='lat' dir='ltr'><strong>et</strong></span> <span class='ocrx_word' id='word_1_212' title='bbox 3301 1539 3508 1593; x_wconf 83' lang='lat' dir='ltr'><strong>daemo-</strong></span> 
     </span>
    </p>
   </div>
   <div class='ocr_carea' id='block_1_32' title="bbox 1939 1624 3514 1697">
    <p class='ocr_par' dir='ltr' id='par_1_32' title="bbox 1939 1624 3514 1697">
     <span class='ocr_line' id='line_1_32' title="bbox 1939 1624 3514 1697; baseline 0.004 -18"><span class='ocrx_word' id='word_1_213' title='bbox 1939 1625 2156 1680; x_wconf 88' lang='lat' dir='ltr'><strong>niacum</strong></span> <span class='ocrx_word' id='word_1_214' title='bbox 2203 1638 2325 1680; x_wconf 87' lang='lat' dir='ltr'><strong>esse</strong></span> <span class='ocrx_word' id='word_1_215' title='bbox 2355 1624 2610 1681; x_wconf 84' lang='lat' dir='ltr'><strong>dicebant</strong></span> <span class='ocrx_word' id='word_1_216' title='bbox 2653 1640 2778 1682; x_wconf 86' lang='lat' dir='ltr'><strong>eum</strong></span> <span class='ocrx_word' id='word_1_217' title='bbox 2839 1627 2932 1697; x_wconf 91' lang='lat' dir='ltr'><strong>qui</strong></span> <span class='ocrx_word' id='word_1_218' title='bbox 2963 1627 3280 1697; x_wconf 78' lang='lat' dir='ltr'><strong>increpabat</strong></span> <span class='ocrx_word' id='word_1_219' title='bbox 3310 1630 3514 1686; x_wconf 73' lang='lat' dir='ltr'><strong>daemo-</strong></span> 
     </span>
    </p>
   </div>
   <div class='ocr_carea' id='block_1_33' title="bbox 1939 1715 3514 1790">
    <p class='ocr_par' dir='ltr' id='par_1_33' title="bbox 1939 1715 3514 1790">
     <span class='ocr_line' id='line_1_33' title="bbox 1939 1715 3514 1790; baseline 0.003 -18"><span class='ocrx_word' id='word_1_220' title='bbox 1939 1732 2076 1773; x_wconf 82' lang='lat' dir='ltr'><strong>nas:</strong></span> <span class='ocrx_word' id='word_1_221' title='bbox 2132 1724 2187 1771; x_wconf 91' lang='lat' dir='ltr'><strong>et</strong></span> <span class='ocrx_word' id='word_1_222' title='bbox 2236 1715 2288 1770; x_wconf 92' lang='lat' dir='ltr'><strong>in</strong></span> <span class='ocrx_word' id='word_1_223' title='bbox 2346 1716 2635 1772; x_wconf 84' lang='lat' dir='ltr'><strong>Beelzebul</strong></span> <span class='ocrx_word' id='word_1_224' title='bbox 2701 1719 2918 1787; x_wconf 78' lang='lat' dir='ltr'><strong>operari</strong></span> <span class='ocrx_word' id='word_1_225' title='bbox 2985 1719 3162 1790; x_wconf 75' lang='lat' dir='ltr'><strong>signa,</strong></span> <span class='ocrx_word' id='word_1_226' title='bbox 3234 1721 3325 1788; x_wconf 89' lang='lat' dir='ltr'><strong>qui</strong></span> <span class='ocrx_word' id='word_1_227' title='bbox 3383 1735 3514 1776; x_wconf 88' lang='lat' dir='ltr'><strong>con-</strong></span> 
     </span>
    </p>
   </div>
   <div class='ocr_carea' id='block_1_34' title="bbox 248 1806 1845 1885">
    <p class='ocr_par' dir='ltr' id='par_1_34' title="bbox 248 1809 1833 1885">
     <span class='ocr_line' id='line_1_34' title="bbox 248 1809 1833 1885; baseline 0.001 -21"><span class='ocrx_word' id='word_1_228' title='bbox 248 1810 442 1876; x_wconf 77' lang='grc' dir='ltr'>ζεόοὺλ</span> <span class='ocrx_word' id='word_1_229' title='bbox 456 1809 783 1881; x_wconf 79' lang='grc' dir='ltr'>ἐργάζεσθαι</span> <span class='ocrx_word' id='word_1_230' title='bbox 799 1810 895 1875; x_wconf 83' lang='grc' dir='ltr'>τὰς</span> <span class='ocrx_word' id='word_1_231' title='bbox 914 1811 1233 1883; x_wconf 85' lang='grc' dir='ltr'>θεοσημίας,</span> <span class='ocrx_word' id='word_1_232' title='bbox 1248 1813 1341 1866; x_wconf 78' lang='grc' dir='ltr'><strong>τὸν</strong></span> <span class='ocrx_word' id='word_1_233' title='bbox 1370 1812 1727 1885; x_wconf 78' lang='grc' dir='ltr'>συντρίϐοντα</span> <span class='ocrx_word' id='word_1_234' title='bbox 1740 1812 1833 1866; x_wconf 78' lang='grc' dir='ltr'><strong>τὸν</strong></span> 
     </span>
    </p>
   </div>
   <div class='ocr_carea' id='block_1_35' title="bbox 1947 1806 3519 1885">
    <p class='ocr_par' dir='ltr' id='par_1_35' title="bbox 1947 1806 3519 1879">
     <span class='ocr_line' id='line_1_35' title="bbox 1947 1806 3519 1879; baseline 0.002 -15"><span class='ocrx_word' id='word_1_235' title='bbox 1947 1808 2088 1864; x_wconf 76' lang='lat' dir='ltr'><strong>trivit</strong></span> <span class='ocrx_word' id='word_1_236' title='bbox 2148 1806 2473 1879; x_wconf 39' lang='lat' dir='ltr'><strong>Bcclzebul.‘</strong></span> <span class='ocrx_word' id='word_1_237' title='bbox 2513 1810 2644 1864; x_wconf 84' lang='lat' dir='ltr'><strong>Dein</strong></span> <span class='ocrx_word' id='word_1_238' title='bbox 2683 1810 2749 1863; x_wconf 81' lang='lat' dir='ltr'><strong>ad</strong></span> <span class='ocrx_word' id='word_1_239' title='bbox 2831 1818 3138 1865; x_wconf 70' lang='lat' dir='ltr'><strong>extremum</strong></span> <span class='ocrx_word' id='word_1_240' title='bbox 3187 1809 3361 1866; x_wconf 81' lang='lat' dir='ltr'><strong>Pilato</strong></span> <span class='ocrx_word' id='word_1_241' title='bbox 3421 1814 3519 1868; x_wconf 80' lang='lat' dir='ltr'><strong>ad-</strong></span> 
     </span>
    </p>
   </div>
   <div class='ocr_carea' id='block_1_36' title="bbox 256 1898 1838 1975">
    <p class='ocr_par' dir='ltr' id='par_1_36' title="bbox 256 1898 1838 1975">
     <span class='ocr_line' id='line_1_36' title="bbox 256 1898 1838 1975; baseline 0.001 -21"><span class='ocrx_word' id='word_1_242' title='bbox 256 1901 595 1967; x_wconf 79' lang='grc' dir='ltr'>ϐεελζεὸούλ.</span> <span class='ocrx_word' id='word_1_243' title='bbox 630 1898 763 1956; x_wconf 78' lang='grc' dir='ltr'>Εἶτα</span> <span class='ocrx_word' id='word_1_244' title='bbox 789 1901 1149 1967; x_wconf 83' lang='grc' dir='ltr'>τελευτῶντες</span> <span class='ocrx_word' id='word_1_245' title='bbox 1174 1903 1393 1974; x_wconf 85' lang='grc' dir='ltr'>Πιλάτῳ</span> <span class='ocrx_word' id='word_1_246' title='bbox 1419 1903 1720 1975; x_wconf 81' lang='grc' dir='ltr'>προσῆγον,</span> <span class='ocrx_word' id='word_1_247' title='bbox 1741 1903 1838 1958; x_wconf 75' lang='grc' dir='ltr'><strong>καὶ</strong></span> 
     </span>
    </p>
   </div>
   <div class='ocr_carea' id='block_1_37' title="bbox 256 1992 1841 2068">
    <p class='ocr_par' dir='ltr' id='par_1_37' title="bbox 256 1992 1841 2068">
     <span class='ocr_line' id='line_1_37' title="bbox 256 1992 1841 2068; baseline 0.003 -23"><span class='ocrx_word' id='word_1_248' title='bbox 256 1993 619 2064; x_wconf 80' lang='grc' dir='ltr'>κατηγόρευον</span> <span class='ocrx_word' id='word_1_249' title='bbox 670 1992 855 2062; x_wconf 78' lang='grc' dir='ltr'>αὐτοῦ,</span> <span class='ocrx_word' id='word_1_250' title='bbox 886 1995 994 2048; x_wconf 87' lang='grc' dir='ltr'><strong>τῶν</strong></span> <span class='ocrx_word' id='word_1_251' title='bbox 1034 1996 1133 2064; x_wconf 84' lang='grc' dir='ltr'><strong>μὲν</strong></span> <span class='ocrx_word' id='word_1_252' title='bbox 1182 1994 1396 2068; x_wconf 81' lang='grc' dir='ltr'>ἀληθῶν</span> <span class='ocrx_word' id='word_1_253' title='bbox 1443 1995 1616 2062; x_wconf 84' lang='grc' dir='ltr'>οὐδὲν,</span> <span class='ocrx_word' id='word_1_254' title='bbox 1647 1995 1841 2065; x_wconf 79' lang='grc' dir='ltr'>ψευδο-</span> 
     </span>
    </p>
   </div>
   <div class='ocr_carea' id='block_1_38' title="bbox 253 2082 1840 2158">
    <p class='ocr_par' dir='ltr' id='par_1_38' title="bbox 253 2082 1840 2158">
     <span class='ocr_line' id='line_1_38' title="bbox 253 2082 1840 2158; baseline 0 -20"><span class='ocrx_word' id='word_1_255' title='bbox 253 2082 464 2147; x_wconf 85' lang='grc' dir='ltr'>επείαις</span> <span class='ocrx_word' id='word_1_256' title='bbox 499 2083 555 2139; x_wconf 85' lang='grc' dir='ltr'>δὲ</span> <span class='ocrx_word' id='word_1_257' title='bbox 597 2083 795 2155; x_wconf 86' lang='grc' dir='ltr'>μᾶλλον</span> <span class='ocrx_word' id='word_1_258' title='bbox 832 2084 926 2138; x_wconf 76' lang='grc' dir='ltr'>καὶ</span> <span class='ocrx_word' id='word_1_259' title='bbox 954 2084 1840 2158; x_wconf 65' lang='grc' dir='ltr'>συκοφαντίαιςχρώμενοι.Ἔφα-</span> 
     </span>
    </p>
   </div>
   <div class='ocr_carea' id='block_1_39' title="bbox 248 2169 1840 2247">
    <p class='ocr_par' dir='ltr' id='par_1_39' title="bbox 248 2169 1840 2247">
     <span class='ocr_line' id='line_1_39' title="bbox 248 2169 1840 2247; baseline 0.002 -19"><span class='ocrx_word' id='word_1_260' title='bbox 248 2192 380 2229; x_wconf 83' lang='grc' dir='ltr'>σκον</span> <span class='ocrx_word' id='word_1_261' title='bbox 403 2174 618 2247; x_wconf 78' lang='grc' dir='ltr'>γὰρ,ὂτι</span> <span class='ocrx_word' id='word_1_262' title='bbox 650 2169 819 2240; x_wconf 73' lang='grc' dir='ltr'>Οὗτος</span> <span class='ocrx_word' id='word_1_263' title='bbox 838 2175 1085 2231; x_wconf 80' lang='grc' dir='ltr'>ἀνασείει</span> <span class='ocrx_word' id='word_1_264' title='bbox 1117 2178 1243 2240; x_wconf 83' lang='grc' dir='ltr'>τοὺς</span> <span class='ocrx_word' id='word_1_265' title='bbox 1269 2176 1479 2247; x_wconf 75' lang='grc' dir='ltr'>ὅχλους,</span> <span class='ocrx_word' id='word_1_266' title='bbox 1514 2178 1607 2232; x_wconf 67' lang='grc' dir='ltr'><strong>κα)⁸</strong></span> <span class='ocrx_word' id='word_1_267' title='bbox 1639 2175 1840 2232; x_wconf 80' lang='grc' dir='ltr'>κωλύει</span> 
     </span>
    </p>
   </div>
   <div class='ocr_carea' id='block_1_40' title="bbox 248 2254 1841 2340">
    <p class='ocr_par' dir='ltr' id='par_1_40' title="bbox 248 2254 1841 2340">
     <span class='ocr_line' id='line_1_40' title="bbox 248 2254 1841 2340; baseline 0.003 -21"><span class='ocrx_word' id='word_1_268' title='bbox 248 2265 446 2338; x_wconf 83' lang='grc' dir='ltr'>φόρους</span> <span class='ocrx_word' id='word_1_269' title='bbox 473 2265 668 2321; x_wconf 83' lang='grc' dir='ltr'>διδόναι</span> <span class='ocrx_word' id='word_1_270' title='bbox 712 2268 993 2338; x_wconf 72' lang='grc' dir='ltr'><strong>Καίσαρι⁸</strong></span> <span class='ocrx_word' id='word_1_271' title='bbox 1048 2266 1214 2340; x_wconf 75' lang='grc' dir='ltr'>ἕτερα</span> <span class='ocrx_word' id='word_1_272' title='bbox 1250 2266 1308 2322; x_wconf 79' lang='grc' dir='ltr'>δὲ</span> <span class='ocrx_word' id='word_1_273' title='bbox 1355 2267 1493 2339; x_wconf 77' lang='grc' dir='ltr'>πρὸς</span> <span class='ocrx_word' id='word_1_274' title='bbox 1542 2267 1771 2335; x_wconf 82' lang='grc' dir='ltr'>τούτοις,</span> <span class='ocrx_word' id='word_1_275' title='bbox 1801 2254 1841 2323; x_wconf 65' lang='grc' dir='ltr'><strong>ἃ</strong></span> 
     </span>
    </p>
   </div>
   <div class='ocr_carea' id='block_1_41' title="bbox 256 2358 1835 2432">
    <p class='ocr_par' dir='ltr' id='par_1_41' title="bbox 256 2358 1835 2432">
     <span class='ocr_line' id='line_1_41' title="bbox 256 2358 1835 2432; baseline 0.003 -19"><span class='ocrx_word' id='word_1_276' title='bbox 256 2358 349 2428; x_wconf 71' lang='grc' dir='ltr'>τῆς</span> <span class='ocrx_word' id='word_1_277' title='bbox 375 2359 554 2413; x_wconf 77' lang='grc' dir='ltr'>αὐτῶν</span> <span class='ocrx_word' id='word_1_278' title='bbox 575 2360 818 2430; x_wconf 84' lang='grc' dir='ltr'>κεφαλῆς</span> <span class='ocrx_word' id='word_1_279' title='bbox 837 2359 938 2431; x_wconf 81' lang='grc' dir='ltr'>τὴν</span> <span class='ocrx_word' id='word_1_280' title='bbox 962 2360 1229 2415; x_wconf 76' lang='grc' dir='ltr'>ἄσϐεστον</span> <span class='ocrx_word' id='word_1_281' title='bbox 1252 2360 1616 2432; x_wconf 82' lang='grc' dir='ltr'>καταντλήσει</span> <span class='ocrx_word' id='word_1_282' title='bbox 1642 2362 1835 2431; x_wconf 78' lang='grc' dir='ltr'>φλόγα.</span> 
     </span>
    </p>
   </div>
   <div class='ocr_carea' id='block_1_42' title="bbox 260 2450 1842 2527">
    <p class='ocr_par' dir='ltr' id='par_1_42' title="bbox 260 2450 1842 2527">
     <span class='ocr_line' id='line_1_42' title="bbox 260 2450 1842 2527; baseline 0.005 -24"><span class='ocrx_word' id='word_1_283' title='bbox 260 2450 385 2504; x_wconf 76' lang='grc' dir='ltr'>Ἐπὶ</span> <span class='ocrx_word' id='word_1_284' title='bbox 410 2453 620 2514; x_wconf 88' lang='grc' dir='ltr'>τούτοις</span> <span class='ocrx_word' id='word_1_285' title='bbox 635 2452 832 2515; x_wconf 78' lang='grc' dir='ltr'>αὐτοὺς</span> <span class='ocrx_word' id='word_1_286' title='bbox 863 2452 958 2505; x_wconf 80' lang='grc' dir='ltr'><strong>καὶ</strong></span> <span class='ocrx_word' id='word_1_287' title='bbox 988 2453 1148 2517; x_wconf 81' lang='grc' dir='ltr'>αὐτὸς</span> <span class='ocrx_word' id='word_1_288' title='bbox 1177 2454 1205 2505; x_wconf 84' lang='grc' dir='ltr'>ὁ</span> <span class='ocrx_word' id='word_1_289' title='bbox 1221 2452 1413 2525; x_wconf 82' lang='grc' dir='ltr'>Σωτὴρ</span> <span class='ocrx_word' id='word_1_290' title='bbox 1434 2455 1640 2527; x_wconf 71' lang='grc' dir='ltr'>ᾐτιᾶτο,</span> <span class='ocrx_word' id='word_1_291' title='bbox 1667 2453 1842 2524; x_wconf 80' lang='grc' dir='ltr'>λέγων</span> 
     </span>
    </p>
   </div>
   <div class='ocr_carea' id='block_1_43' title="bbox 251 2542 1842 2617">
    <p class='ocr_par' dir='ltr' id='par_1_43' title="bbox 251 2542 1842 2617">
     <span class='ocr_line' id='line_1_43' title="bbox 251 2542 1842 2617; baseline 0.004 -23"><span class='ocrx_word' id='word_1_292' title='bbox 251 2542 339 2596; x_wconf 83' lang='grc' dir='ltr'>διὰ</span> <span class='ocrx_word' id='word_1_293' title='bbox 364 2544 547 2614; x_wconf 75' lang='grc' dir='ltr'>φωνῆς</span> <span class='ocrx_word' id='word_1_294' title='bbox 585 2544 762 2614; x_wconf 71' lang='grc' dir='ltr'>Ὠσηὲ·</span> <span class='ocrx_word' id='word_1_295' title='bbox 795 2562 813 2594; x_wconf 78' lang='grc' dir='ltr'><strong>ι</strong></span> <span class='ocrx_word' id='word_1_296' title='bbox 850 2544 985 2599; x_wconf 73' lang='grc' dir='ltr'><strong>Οὐαὶ</strong></span> <span class='ocrx_word' id='word_1_297' title='bbox 1021 2545 1224 2612; x_wconf 82' lang='grc' dir='ltr'>αὐτοῖς,</span> <span class='ocrx_word' id='word_1_298' title='bbox 1245 2545 1326 2599; x_wconf 87' lang='grc' dir='ltr'><strong>ὃτι</strong></span> <span class='ocrx_word' id='word_1_299' title='bbox 1356 2544 1716 2617; x_wconf 80' lang='grc' dir='ltr'>ἀπεπήδησαν</span> <span class='ocrx_word' id='word_1_300' title='bbox 1745 2546 1842 2601; x_wconf 76' lang='grc' dir='ltr'>ἀπ’</span> 
     </span>
    </p>
   </div>
   <div class='ocr_carea' id='block_1_44' title="bbox 254 2634 1842 2709">
    <p class='ocr_par' dir='ltr' id='par_1_44' title="bbox 254 2634 1842 2709">
     <span class='ocr_line' id='line_1_44' title="bbox 254 2634 1842 2709; baseline 0.004 -23"><span class='ocrx_word' id='word_1_301' title='bbox 254 2634 385 2704; x_wconf 77' lang='grc' dir='ltr'>ἐμοῦ</span> <span class='ocrx_word' id='word_1_302' title='bbox 410 2651 424 2664; x_wconf 90' lang='grc'><strong>·</strong></span> <span class='ocrx_word' id='word_1_303' title='bbox 457 2634 678 2688; x_wconf 81' lang='grc' dir='ltr'>δείλαιοί</span> <span class='ocrx_word' id='word_1_304' title='bbox 707 2635 869 2701; x_wconf 85' lang='grc' dir='ltr'>εἰσιν,</span> <span class='ocrx_word' id='word_1_305' title='bbox 895 2636 976 2690; x_wconf 82' lang='grc' dir='ltr'><strong>ὄτι</strong></span> <span class='ocrx_word' id='word_1_306' title='bbox 1019 2636 1301 2709; x_wconf 71' lang='grc' dir='ltr'>ἠσέϐησαν</span> <span class='ocrx_word' id='word_1_307' title='bbox 1339 2638 1421 2701; x_wconf 87' lang='grc' dir='ltr'><strong>είς</strong></span> <span class='ocrx_word' id='word_1_308' title='bbox 1448 2637 1569 2709; x_wconf 74' lang='grc' dir='ltr'>ἐμέ.</span> <span class='ocrx_word' id='word_1_309' title='bbox 1610 2636 1751 2707; x_wconf 80' lang='grc' dir='ltr'>Ἐγὼ</span> <span class='ocrx_word' id='word_1_310' title='bbox 1784 2637 1842 2693; x_wconf 71' lang='grc' dir='ltr'>δὲ</span> 
     </span>
    </p>
   </div>
   <div class='ocr_carea' id='block_1_45' title="bbox 252 2725 1841 2802">
    <p class='ocr_par' dir='ltr' id='par_1_45' title="bbox 252 2725 1841 2802">
     <span class='ocr_line' id='line_1_45' title="bbox 252 2725 1841 2802; baseline 0.003 -22"><span class='ocrx_word' id='word_1_311' title='bbox 252 2725 933 2797; x_wconf 78' lang='grc' dir='ltr'>ἐλυτρωσάμην¹αὑτοὺς,</span> <span class='ocrx_word' id='word_1_312' title='bbox 982 2731 1139 2784; x_wconf 70' lang='grc' dir='ltr'>αὐτοὶ</span> <span class='ocrx_word' id='word_1_313' title='bbox 1167 2731 1226 2784; x_wconf 80' lang='grc' dir='ltr'>δὲ</span> <span class='ocrx_word' id='word_1_314' title='bbox 1284 2730 1660 2802; x_wconf 82' lang='grc' dir='ltr'>κατελάλησαν</span> <span class='ocrx_word' id='word_1_315' title='bbox 1720 2733 1841 2786; x_wconf 86' lang='grc' dir='ltr'>κατ’</span> 
     </span>
    </p>
   </div>
   <div class='ocr_carea' id='block_1_46' title="bbox 256 2816 1841 2895">
    <p class='ocr_par' dir='ltr' id='par_1_46' title="bbox 256 2816 1841 2895">
     <span class='ocr_line' id='line_1_46' title="bbox 256 2816 1841 2895; baseline 0.001 -23"><span class='ocrx_word' id='word_1_316' title='bbox 256 2816 389 2888; x_wconf 79' lang='grc' dir='ltr'>ἐμοῦ</span> <span class='ocrx_word' id='word_1_317' title='bbox 448 2817 637 2890; x_wconf 75' lang='grc' dir='ltr'>ψευδῆ.</span> <span class='ocrx_word' id='word_1_318' title='bbox 668 2838 687 2871; x_wconf 75' lang='grc' dir='ltr'><strong>ι</strong></span> <span class='ocrx_word' id='word_1_319' title='bbox 735 2820 845 2873; x_wconf 75' lang='grc' dir='ltr'>Καὶ</span> <span class='ocrx_word' id='word_1_320' title='bbox 899 2819 990 2873; x_wconf 80' lang='grc' dir='ltr'>διὰ</span> <span class='ocrx_word' id='word_1_321' title='bbox 1035 2838 1100 2889; x_wconf 85' lang='grc' dir='ltr'><strong>γε</strong></span> <span class='ocrx_word' id='word_1_322' title='bbox 1168 2822 1268 2893; x_wconf 81' lang='grc' dir='ltr'>τῆς</span> <span class='ocrx_word' id='word_1_323' title='bbox 1321 2822 1585 2894; x_wconf 85' lang='grc' dir='ltr'>Ἰερεμίου</span> <span class='ocrx_word' id='word_1_324' title='bbox 1638 2824 1841 2895; x_wconf 78' lang='grc' dir='ltr'>φωνῆς·</span> 
     </span>
    </p>
   </div>
   <div class='ocr_carea' id='block_1_47' title="bbox 263 2907 1836 2987">
    <p class='ocr_par' dir='ltr' id='par_1_47' title="bbox 263 2907 1836 2987">
     <span class='ocr_line' id='line_1_47' title="bbox 263 2907 1836 2987; baseline 0.004 -25"><span class='ocrx_word' id='word_1_325' title='bbox 263 2928 282 2961; x_wconf 82' lang='lat' dir='ltr'><strong>t</strong></span> <span class='ocrx_word' id='word_1_326' title='bbox 325 2910 784 2979; x_wconf 81' lang='grc' dir='ltr'>Ἐγκαταλέλοιπα</span> <span class='ocrx_word' id='word_1_327' title='bbox 814 2911 904 2966; x_wconf 79' lang='grc' dir='ltr'><strong>τὸν</strong></span> <span class='ocrx_word' id='word_1_328' title='bbox 934 2907 1082 2967; x_wconf 80' lang='grc' dir='ltr'>οἶκόν</span> <span class='ocrx_word' id='word_1_329' title='bbox 1114 2931 1238 2985; x_wconf 87' lang='grc' dir='ltr'>μου,</span> <span class='ocrx_word' id='word_1_330' title='bbox 1281 2915 1471 2986; x_wconf 79' lang='grc' dir='ltr'>ἀςρῆκα</span> <span class='ocrx_word' id='word_1_331' title='bbox 1500 2915 1599 2987; x_wconf 83' lang='grc' dir='ltr'>τὴν</span> <span class='ocrx_word' id='word_1_332' title='bbox 1633 2916 1836 2987; x_wconf 86' lang='grc' dir='ltr'>κληρο-</span> 
     </span>
    </p>
   </div>
   <div class='ocr_carea' id='block_1_48' title="bbox 257 3002 1847 3079">
    <p class='ocr_par' dir='ltr' id='par_1_48' title="bbox 257 3002 1847 3079">
     <span class='ocr_line' id='line_1_48' title="bbox 257 3002 1847 3079; baseline 0.004 -24"><span class='ocrx_word' id='word_1_333' title='bbox 257 3002 449 3073; x_wconf 88' lang='grc' dir='ltr'>νομίαν</span> <span class='ocrx_word' id='word_1_334' title='bbox 497 3020 621 3074; x_wconf 89' lang='grc' dir='ltr'>μου,</span> <span class='ocrx_word' id='word_1_335' title='bbox 668 3004 845 3062; x_wconf 78' lang='grc' dir='ltr'>ἔδωκα</span> <span class='ocrx_word' id='word_1_336' title='bbox 879 3005 977 3078; x_wconf 82' lang='grc' dir='ltr'><strong>τὴν</strong></span> <span class='ocrx_word' id='word_1_337' title='bbox 1022 3006 1393 3078; x_wconf 71' lang='grc' dir='ltr'>ἠγαπημένην</span> <span class='ocrx_word' id='word_1_338' title='bbox 1420 3006 1601 3077; x_wconf 77' lang='grc' dir='ltr'>ψυχήν</span> <span class='ocrx_word' id='word_1_339' title='bbox 1634 3024 1736 3079; x_wconf 87' lang='grc' dir='ltr'><strong>μου</strong></span> <span class='ocrx_word' id='word_1_340' title='bbox 1765 3009 1847 3071; x_wconf 85' lang='grc' dir='ltr'><strong>είς</strong></span> 
     </span>
    </p>
   </div>
   <div class='ocr_carea' id='block_1_49' title="bbox 260 3093 1845 3170">
    <p class='ocr_par' dir='ltr' id='par_1_49' title="bbox 260 3093 1845 3170">
     <span class='ocr_line' id='line_1_49' title="bbox 260 3093 1845 3170; baseline 0.005 -26"><span class='ocrx_word' id='word_1_341' title='bbox 260 3095 444 3164; x_wconf 76' lang='grc' dir='ltr'>χεῖρας</span> <span class='ocrx_word' id='word_1_342' title='bbox 480 3093 687 3166; x_wconf 79' lang='grc' dir='ltr'>ἐχθρῶν</span> <span class='ocrx_word' id='word_1_343' title='bbox 736 3096 926 3168; x_wconf 83' lang='grc' dir='ltr'>αὐτῆς.</span> <span class='ocrx_word' id='word_1_344' title='bbox 978 3096 1242 3170; x_wconf 89' lang='grc' dir='ltr'>Ἐγενήθη</span> <span class='ocrx_word' id='word_1_345' title='bbox 1281 3100 1314 3169; x_wconf 86' lang='grc' dir='ltr'>ὴ</span> <span class='ocrx_word' id='word_1_346' title='bbox 1347 3097 1687 3170; x_wconf 86' lang='grc' dir='ltr'>κληρονομία</span> <span class='ocrx_word' id='word_1_347' title='bbox 1742 3115 1845 3170; x_wconf 86' lang='grc' dir='ltr'><strong>μου</strong></span> 
     </span>
    </p>
   </div>
   <div class='ocr_carea' id='block_1_50' title="bbox 259 3183 1846 3265">
    <p class='ocr_par' dir='ltr' id='par_1_50' title="bbox 259 3183 1846 3265">
     <span class='ocr_line' id='line_1_50' title="bbox 259 3183 1846 3265; baseline 0.007 -29"><span class='ocrx_word' id='word_1_348' title='bbox 259 3183 398 3252; x_wconf 71' lang='grc' dir='ltr'>ἐμοὶ,</span> <span class='ocrx_word' id='word_1_349' title='bbox 429 3183 504 3246; x_wconf 84' lang='grc' dir='ltr'><strong>ὡς</strong></span> <span class='ocrx_word' id='word_1_350' title='bbox 536 3184 670 3238; x_wconf 78' lang='grc' dir='ltr'>λέων</span> <span class='ocrx_word' id='word_1_351' title='bbox 696 3187 754 3239; x_wconf 82' lang='grc' dir='ltr'>ὲν</span> <span class='ocrx_word' id='word_1_352' title='bbox 796 3186 1021 3259; x_wconf 75' lang='grc' dir='ltr'>δρυμῷο</span> <span class='ocrx_word' id='word_1_353' title='bbox 1051 3188 1250 3244; x_wconf 78' lang='grc' dir='ltr'>ἔδωκεν</span> <span class='ocrx_word' id='word_1_354' title='bbox 1283 3191 1369 3245; x_wconf 70' lang='grc' dir='ltr'><strong>ἐπ’</strong></span> <span class='ocrx_word' id='word_1_355' title='bbox 1400 3192 1501 3262; x_wconf 73' lang='grc' dir='ltr'><strong>ἐμὲ</strong></span> <span class='ocrx_word' id='word_1_356' title='bbox 1531 3192 1631 3264; x_wconf 81' lang='grc' dir='ltr'>τὴν</span> <span class='ocrx_word' id='word_1_357' title='bbox 1660 3194 1846 3265; x_wconf 81' lang='grc' dir='ltr'>φωνὴν</span> 
     </span>
    </p>
   </div>
   <div class='ocr_carea' id='block_1_51' title="bbox 259 3271 1849 3353">
    <p class='ocr_par' dir='ltr' id='par_1_51' title="bbox 259 3271 1849 3353">
     <span class='ocr_line' id='line_1_51' title="bbox 259 3271 1849 3353; baseline 0.009 -30"><span class='ocrx_word' id='word_1_358' title='bbox 259 3271 462 3338; x_wconf 74' lang='grc' dir='ltr'>αὐτῆς,</span> <span class='ocrx_word' id='word_1_359' title='bbox 507 3273 594 3327; x_wconf 79' lang='grc' dir='ltr'><strong>διὰ</strong></span> <span class='ocrx_word' id='word_1_360' title='bbox 642 3275 800 3329; x_wconf 80' lang='grc' dir='ltr'>τοῦτο</span> <span class='ocrx_word' id='word_1_361' title='bbox 832 3277 1070 3348; x_wconf 75' lang='grc' dir='ltr'>ἐμίσησα</span> <span class='ocrx_word' id='word_1_362' title='bbox 1117 3280 1309 3351; x_wconf 84' lang='grc' dir='ltr'>αὑτήν.</span> <span class='ocrx_word' id='word_1_363' title='bbox 1339 3299 1358 3333; x_wconf 77' lang='grc' dir='ltr'><strong>ι</strong></span> <span class='ocrx_word' id='word_1_364' title='bbox 1393 3281 1539 3353; x_wconf 82' lang='grc' dir='ltr'>Πρὸς</span> <span class='ocrx_word' id='word_1_365' title='bbox 1576 3283 1687 3353; x_wconf 75' lang='grc' dir='ltr'><strong>γὰρ</strong></span> <span class='ocrx_word' id='word_1_366' title='bbox 1727 3287 1849 3347; x_wconf 87' lang='grc' dir='ltr'>ταῖς</span> 
     </span>
    </p>
   </div>
   <div class='ocr_carea' id='block_1_52' title="bbox 255 3363 1848 3443">
    <p class='ocr_par' dir='ltr' id='par_1_52' title="bbox 255 3363 1848 3443">
     <span class='ocr_line' id='line_1_52' title="bbox 255 3363 1848 3443; baseline 0.008 -25"><span class='ocrx_word' id='word_1_367' title='bbox 255 3363 473 3434; x_wconf 72' lang='grc' dir='ltr'>ἑτέραις</span> <span class='ocrx_word' id='word_1_368' title='bbox 516 3367 938 3435; x_wconf 77' lang='grc' dir='ltr'>συκοφαντίαις,</span> <span class='ocrx_word' id='word_1_369' title='bbox 985 3364 1075 3434; x_wconf 73' lang='grc' dir='ltr'>αἷς</span> <span class='ocrx_word' id='word_1_370' title='bbox 1118 3372 1444 3443; x_wconf 76' lang='grc' dir='ltr'>πεποίηνται</span> <span class='ocrx_word' id='word_1_371' title='bbox 1490 3374 1611 3429; x_wconf 77' lang='grc' dir='ltr'>κατ’</span> <span class='ocrx_word' id='word_1_372' title='bbox 1659 3374 1848 3440; x_wconf 77' lang='grc' dir='ltr'>αὐτοῦ,</span> 
     </span>
    </p>
   </div>
   <div class='ocr_carea' id='block_1_53' title="bbox 254 3455 1852 3537">
    <p class='ocr_par' dir='ltr' id='par_1_53' title="bbox 254 3455 1852 3537">
     <span class='ocr_line' id='line_1_53' title="bbox 254 3455 1852 3537; baseline 0.006 -28"><span class='ocrx_word' id='word_1_373' title='bbox 254 3455 582 3526; x_wconf 82' lang='grc' dir='ltr'>πλεισταχοῦ</span> <span class='ocrx_word' id='word_1_374' title='bbox 622 3457 1026 3531; x_wconf 81' lang='grc' dir='ltr'>τετολμήκασιν</span> <span class='ocrx_word' id='word_1_375' title='bbox 1058 3463 1233 3517; x_wconf 84' lang='grc' dir='ltr'>εἰπεῖν</span> <span class='ocrx_word' id='word_1_376' title='bbox 1280 3464 1498 3535; x_wconf 82' lang='grc' dir='ltr'>Πιλάτῳ</span> <span class='ocrx_word' id='word_1_377' title='bbox 1545 3467 1852 3537; x_wconf 81' lang='grc' dir='ltr'>προσάγον-</span> 
     </span>
    </p>
   </div>
   <div class='ocr_carea' id='block_1_54' title="bbox 255 3543 1852 3625">
    <p class='ocr_par' dir='ltr' id='par_1_54' title="bbox 255 3543 1852 3625">
     <span class='ocr_line' id='line_1_54' title="bbox 255 3543 1852 3625; baseline 0.008 -26"><span class='ocrx_word' id='word_1_378' title='bbox 255 3563 363 3609; x_wconf 82' lang='grc' dir='ltr'>τες·</span> <span class='ocrx_word' id='word_1_379' title='bbox 400 3564 418 3597; x_wconf 73' lang='grc' dir='ltr'><strong>ι</strong></span> <span class='ocrx_word' id='word_1_380' title='bbox 447 3543 601 3618; x_wconf 83' lang='grc' dir='ltr'>Αἶρε,</span> <span class='ocrx_word' id='word_1_381' title='bbox 634 3545 778 3620; x_wconf 73' lang='grc' dir='ltr'>αἶρε,</span> <span class='ocrx_word' id='word_1_382' title='bbox 809 3551 1045 3623; x_wconf 86' lang='grc' dir='ltr'>σταύρου</span> <span class='ocrx_word' id='word_1_383' title='bbox 1075 3553 1261 3610; x_wconf 83' lang='grc' dir='ltr'>αὐτόν.</span> <span class='ocrx_word' id='word_1_384' title='bbox 1293 3574 1312 3605; x_wconf 75' lang='grc' dir='ltr'><strong>ι</strong></span> <span class='ocrx_word' id='word_1_385' title='bbox 1348 3557 1651 3625; x_wconf 78' lang='grc' dir='ltr'>Δεδράκασι</span> <span class='ocrx_word' id='word_1_386' title='bbox 1689 3557 1852 3611; x_wconf 81' lang='grc' dir='ltr'>τοῦτο</span> 
     </span>
    </p>
   </div>
   <div class='ocr_carea' id='block_1_55' title="bbox 257 3637 1855 3718">
    <p class='ocr_par' dir='ltr' id='par_1_55' title="bbox 257 3637 1855 3718">
     <span class='ocr_line' id='line_1_55' title="bbox 257 3637 1855 3718; baseline 0.006 -26"><span class='ocrx_word' id='word_1_387' title='bbox 257 3637 493 3708; x_wconf 79' lang='grc' dir='ltr'>μάλιστα</span> <span class='ocrx_word' id='word_1_388' title='bbox 517 3639 624 3693; x_wconf 88' lang='grc' dir='ltr'><strong>τῶν</strong></span> <span class='ocrx_word' id='word_1_389' title='bbox 656 3640 829 3697; x_wconf 79' lang='grc' dir='ltr'>ἄλλων</span> <span class='ocrx_word' id='word_1_390' title='bbox 856 3643 957 3713; x_wconf 84' lang='grc' dir='ltr'>τῆς</span> <span class='ocrx_word' id='word_1_391' title='bbox 993 3645 1260 3699; x_wconf 83' lang='grc' dir='ltr'>Ἰουδαίων</span> <span class='ocrx_word' id='word_1_392' title='bbox 1289 3647 1621 3718; x_wconf 78' lang='grc' dir='ltr'>Συναγωγῆς</span> <span class='ocrx_word' id='word_1_393' title='bbox 1645 3648 1694 3700; x_wconf 80' lang='lat' dir='ltr'><strong>oi</strong></span> <span class='ocrx_word' id='word_1_394' title='bbox 1725 3660 1855 3718; x_wconf 72' lang='grc' dir='ltr'>προ*</span> 
     </span>
    </p>
   </div>
   <div class='ocr_carea' id='block_1_56' title="bbox 256 3730 1856 3809">
    <p class='ocr_par' dir='ltr' id='par_1_56' title="bbox 256 3730 1856 3809">
     <span class='ocr_line' id='line_1_56' title="bbox 256 3730 1856 3809; baseline 0.008 -27"><span class='ocrx_word' id='word_1_395' title='bbox 256 3730 566 3798; x_wconf 85' lang='grc' dir='ltr'>εστηκότες.</span> <span class='ocrx_word' id='word_1_396' title='bbox 590 3731 784 3785; x_wconf 83' lang='grc' dir='ltr'>Καίτοι</span> <span class='ocrx_word' id='word_1_397' title='bbox 799 3732 1138 3805; x_wconf 70' lang='grc' dir='ltr'>γὰρξείδότες,</span> <span class='ocrx_word' id='word_1_398' title='bbox 1157 3738 1237 3790; x_wconf 82' lang='grc' dir='ltr'><strong>ὅτι</strong></span> <span class='ocrx_word' id='word_1_399' title='bbox 1255 3738 1417 3801; x_wconf 81' lang='grc' dir='ltr'>αὐτός</span> <span class='ocrx_word' id='word_1_400' title='bbox 1439 3741 1586 3792; x_wconf 76' lang='grc' dir='ltr'>ἐστιν</span> <span class='ocrx_word' id='word_1_401' title='bbox 1604 3740 1634 3792; x_wconf 83' lang='grc' dir='ltr'><strong>ό</strong></span> <span class='ocrx_word' id='word_1_402' title='bbox 1657 3739 1856 3809; x_wconf 86' lang='grc' dir='ltr'>κληρο-</span> 
     </span>
    </p>
   </div>
   <div class='ocr_carea' id='block_1_57' title="bbox 256 3818 1852 3901">
    <p class='ocr_par' dir='ltr' id='par_1_57' title="bbox 256 3818 1852 3901">
     <span class='ocr_line' id='line_1_57' title="bbox 256 3818 1852 3901; baseline 0.004 -25"><span class='ocrx_word' id='word_1_403' title='bbox 256 3821 443 3893; x_wconf 82' lang='grc' dir='ltr'>νόμος,</span> <span class='ocrx_word' id='word_1_404' title='bbox 464 3818 616 3877; x_wconf 80' lang='grc' dir='ltr'>εἷπον</span> <span class='ocrx_word' id='word_1_405' title='bbox 638 3824 695 3876; x_wconf 84' lang='grc' dir='ltr'>ὲν</span> <span class='ocrx_word' id='word_1_406' title='bbox 720 3826 947 3890; x_wconf 59' lang='grc' dir='ltr'>ἑαυτοῖς</span> <span class='ocrx_word' id='word_1_407' title='bbox 981 3828 1195 3894; x_wconf 75' lang='grc' dir='ltr'>«Δεῦτε,</span> <span class='ocrx_word' id='word_1_408' title='bbox 1231 3829 1639 3901; x_wconf 86' lang='grc' dir='ltr'>ἀποκτείνωμεν</span> <span class='ocrx_word' id='word_1_409' title='bbox 1667 3831 1852 3894; x_wconf 69' lang='grc' dir='ltr'>αὐτὸν,</span> 
     </span>
    </p>
   </div>
   <div class='ocr_carea' id='block_1_58' title="bbox 256 3911 1851 3992">
    <p class='ocr_par' dir='ltr' id='par_1_58' title="bbox 256 3911 1851 3992">
     <span class='ocr_line' id='line_1_58' title="bbox 256 3911 1851 3992; baseline 0.006 -25"><span class='ocrx_word' id='word_1_410' title='bbox 256 3916 350 3970; x_wconf 74' lang='grc' dir='ltr'><strong>καὶ</strong></span> <span class='ocrx_word' id='word_1_411' title='bbox 382 3914 601 3985; x_wconf 89' lang='grc' dir='ltr'>σχῶμεν</span> <span class='ocrx_word' id='word_1_412' title='bbox 638 3916 825 3981; x_wconf 72' lang='grc' dir='ltr'>αὐτοῖς</span> <span class='ocrx_word' id='word_1_413' title='bbox 862 3917 961 3990; x_wconf 81' lang='grc' dir='ltr'>τὴν</span> <span class='ocrx_word' id='word_1_414' title='bbox 1009 3919 1378 3992; x_wconf 83' lang='grc' dir='ltr'>κληρονομίαν</span> <span class='ocrx_word' id='word_1_415' title='bbox 1416 3922 1602 3977; x_wconf 81' lang='grc' dir='ltr'>αὐτοῦ.</span> <span class='ocrx_word' id='word_1_416' title='bbox 1652 3942 1671 3974; x_wconf 78' lang='lat' dir='ltr'><strong>s</strong></span> <span class='ocrx_word' id='word_1_417' title='bbox 1711 3911 1851 3976; x_wconf 82' lang='grc' dir='ltr'>Ἀλλ’</span> 
     </span>
    </p>
   </div>
   <div class='ocr_carea' id='block_1_59' title="bbox 258 4007 1850 4083">
    <p class='ocr_par' dir='ltr' id='par_1_59' title="bbox 258 4007 1850 4083">
     <span class='ocr_line' id='line_1_59' title="bbox 258 4007 1850 4083; baseline 0.002 -22"><span class='ocrx_word' id='word_1_418' title='bbox 258 4007 575 4078; x_wconf 76' lang='grc' dir='ltr'>ἡμάρτανον</span> <span class='ocrx_word' id='word_1_419' title='bbox 604 4008 704 4078; x_wconf 85' lang='grc' dir='ltr'>τῆς</span> <span class='ocrx_word' id='word_1_420' title='bbox 736 4008 971 4074; x_wconf 71' lang='grc' dir='ltr'>ἐλπίδος.</span> <span class='ocrx_word' id='word_1_421' title='bbox 1004 4010 1363 4065; x_wconf 83' lang='grc' dir='ltr'>’Δπεκτόνασι</span> <span class='ocrx_word' id='word_1_422' title='bbox 1410 4012 1507 4083; x_wconf 83' lang='grc' dir='ltr'>μὲν</span> <span class='ocrx_word' id='word_1_423' title='bbox 1545 4011 1676 4083; x_wconf 84' lang='grc' dir='ltr'>γὰρ,</span> <span class='ocrx_word' id='word_1_424' title='bbox 1709 4010 1850 4083; x_wconf 84' lang='grc' dir='ltr'>πλὴν</span> 
     </span>
    </p>
   </div>
   <div class='ocr_carea' id='block_1_60' title="bbox 257 4099 1854 4174">
    <p class='ocr_par' dir='ltr' id='par_1_60' title="bbox 257 4099 1854 4174">
     <span class='ocr_line' id='line_1_60' title="bbox 257 4099 1854 4174; baseline 0.004 -23"><span class='ocrx_word' id='word_1_425' title='bbox 257 4099 320 4152; x_wconf 85' lang='grc' dir='ltr'><strong>οὐ</strong></span> <span class='ocrx_word' id='word_1_426' title='bbox 359 4099 637 4171; x_wconf 77' lang='grc' dir='ltr'>μεμένηκε</span> <span class='ocrx_word' id='word_1_427' title='bbox 684 4100 762 4171; x_wconf 80' lang='grc' dir='ltr'>τῷ</span> <span class='ocrx_word' id='word_1_428' title='bbox 792 4101 1009 4173; x_wconf 86' lang='grc' dir='ltr'>θανάτῳ</span> <span class='ocrx_word' id='word_1_429' title='bbox 1047 4104 1309 4174; x_wconf 83' lang='grc' dir='ltr'>κάτοχος·</span> <span class='ocrx_word' id='word_1_430' title='bbox 1354 4102 1554 4158; x_wconf 76' lang='grc' dir='ltr'>ἀνεὸίω</span> <span class='ocrx_word' id='word_1_431' title='bbox 1595 4103 1724 4174; x_wconf 87' lang='grc' dir='ltr'>γὰρ,</span> <span class='ocrx_word' id='word_1_432' title='bbox 1758 4104 1854 4160; x_wconf 67' lang='grc' dir='ltr'><strong>καὶ</strong></span> 
     </span>
    </p>
   </div>
   <div class='ocr_carea' id='block_1_61' title="bbox 258 4189 1853 4266">
    <p class='ocr_par' dir='ltr' id='par_1_61' title="bbox 258 4189 1853 4266">
     <span class='ocr_line' id='line_1_61' title="bbox 258 4189 1853 4266; baseline 0.004 -24"><span class='ocrx_word' id='word_1_433' title='bbox 258 4189 350 4243; x_wconf 73' lang='grc' dir='ltr'><strong>τὸν</strong></span> <span class='ocrx_word' id='word_1_434' title='bbox 390 4191 689 4260; x_wconf 76' lang='grc' dir='ltr'>ἀμπελῶνα</span> <span class='ocrx_word' id='word_1_435' title='bbox 726 4193 929 4246; x_wconf 79' lang='grc' dir='ltr'>δέδωκε</span> <span class='ocrx_word' id='word_1_436' title='bbox 964 4197 1232 4266; x_wconf 78' lang='grc' dir='ltr'>γεωργοῖς</span> <span class='ocrx_word' id='word_1_437' title='bbox 1258 4193 1487 4266; x_wconf 80' lang='grc' dir='ltr'>ἑτέροις,</span> <span class='ocrx_word' id='word_1_438' title='bbox 1520 4195 1724 4257; x_wconf 85' lang='grc' dir='ltr'>κακοὺς</span> <span class='ocrx_word' id='word_1_439' title='bbox 1754 4211 1853 4248; x_wconf 84' lang='grc' dir='ltr'>κα·</span> 
     </span>
    </p>
   </div>
   <div class='ocr_carea' id='block_1_62' title="bbox 259 4279 1857 4356">
    <p class='ocr_par' dir='ltr' id='par_1_62' title="bbox 259 4279 1857 4356">
     <span class='ocr_line' id='line_1_62' title="bbox 259 4279 1857 4356; baseline 0.004 -24"><span class='ocrx_word' id='word_1_440' title='bbox 259 4279 373 4343; x_wconf 88' lang='grc' dir='ltr'><strong>κῶς</strong></span> <span class='ocrx_word' id='word_1_441' title='bbox 407 4281 677 4347; x_wconf 84' lang='grc' dir='ltr'>ἀπολέσας</span> <span class='ocrx_word' id='word_1_442' title='bbox 718 4285 845 4347; x_wconf 85' lang='grc' dir='ltr'>τοὺς</span> <span class='ocrx_word' id='word_1_443' title='bbox 873 4284 1197 4354; x_wconf 85' lang='grc' dir='ltr'>ἀγνώμονας</span> <span class='ocrx_word' id='word_1_444' title='bbox 1225 4286 1321 4339; x_wconf 72' lang='grc' dir='ltr'><strong>καὶ</strong></span> <span class='ocrx_word' id='word_1_445' title='bbox 1346 4284 1761 4356; x_wconf 85' lang='grc' dir='ltr'>Κυριοκτόνους.</span> <span class='ocrx_word' id='word_1_446' title='bbox 1782 4280 1857 4338; x_wconf 81' lang='grc' dir='ltr'><strong><em>Ὦ</em></strong></span> 
     </span>
    </p>
   </div>
   <div class='ocr_carea' id='block_1_63' title="bbox 261 4369 1854 4448">
    <p class='ocr_par' dir='ltr' id='par_1_63' title="bbox 261 4369 1854 4448">
     <span class='ocr_line' id='line_1_63' title="bbox 261 4369 1854 4448; baseline 0.003 -23"><span class='ocrx_word' id='word_1_447' title='bbox 261 4370 448 4425; x_wconf 87' lang='grc' dir='ltr'>τοίνυν</span> <span class='ocrx_word' id='word_1_448' title='bbox 484 4373 615 4440; x_wconf 81' lang='grc' dir='ltr'>υἱοὶ,</span> <span class='ocrx_word' id='word_1_449' title='bbox 672 4374 859 4445; x_wconf 63' lang='grc' dir='ltr'>φησὶν,</span> <span class='ocrx_word' id='word_1_450' title='bbox 909 4369 1205 4447; x_wconf 79' lang='grc' dir='ltr'>ἄνομοι,ὧ</span> <span class='ocrx_word' id='word_1_451' title='bbox 1240 4376 1462 4448; x_wconf 80' lang='grc' dir='ltr'>σπέρμα</span> <span class='ocrx_word' id='word_1_452' title='bbox 1508 4375 1712 4447; x_wconf 85' lang='grc' dir='ltr'>μοιχῶν</span> <span class='ocrx_word' id='word_1_453' title='bbox 1757 4375 1854 4430; x_wconf 79' lang='grc' dir='ltr'>καὶ</span> 
     </span>
    </p>
   </div>
   <div class='ocr_carea' id='block_1_64' title="bbox 264 4462 1845 4537">
    <p class='ocr_par' dir='ltr' id='par_1_64' title="bbox 264 4462 1845 4537">
     <span class='ocr_line' id='line_1_64' title="bbox 264 4462 1845 4537; baseline 0.002 -21"><span class='ocrx_word' id='word_1_454' title='bbox 264 4462 493 4536; x_wconf 85' lang='grc' dir='ltr'>πόρνης.</span> <span class='ocrx_word' id='word_1_455' title='bbox 534 4466 646 4519; x_wconf 81' lang='grc' dir='ltr'>Καὶ</span> <span class='ocrx_word' id='word_1_456' title='bbox 681 4466 903 4537; x_wconf 80' lang='grc' dir='ltr'>μοιχοὺς</span> <span class='ocrx_word' id='word_1_457' title='bbox 946 4468 1043 4537; x_wconf 79' lang='grc' dir='ltr'>μὲν</span> <span class='ocrx_word' id='word_1_458' title='bbox 1072 4468 1131 4521; x_wconf 82' lang='grc' dir='ltr'>ὲν</span> <span class='ocrx_word' id='word_1_459' title='bbox 1161 4466 1369 4530; x_wconf 86' lang='grc' dir='ltr'>τούτοις</span> <span class='ocrx_word' id='word_1_460' title='bbox 1395 4466 1661 4522; x_wconf 81' lang='grc' dir='ltr'>ἀποκαλεῖ</span> <span class='ocrx_word' id='word_1_461' title='bbox 1716 4466 1845 4529; x_wconf 74' lang='grc' dir='ltr'>τοὺς</span> 
     </span>
    </p>
   </div>
   <div class='ocr_carea' id='block_1_65' title="bbox 263 4554 1853 4628">
    <p class='ocr_par' dir='ltr' id='par_1_65' title="bbox 263 4554 1853 4628">
     <span class='ocr_line' id='line_1_65' title="bbox 263 4554 1853 4628; baseline 0.003 -21"><span class='ocrx_word' id='word_1_462' title='bbox 263 4554 623 4626; x_wconf 84' lang='grc' dir='ltr'>καθηγεῖσθαι</span> <span class='ocrx_word' id='word_1_463' title='bbox 670 4555 934 4626; x_wconf 82' lang='grc' dir='ltr'>λαχόντας</span> <span class='ocrx_word' id='word_1_464' title='bbox 983 4558 1338 4628; x_wconf 83' lang='grc' dir='ltr'>Γραμματεῖς</span> <span class='ocrx_word' id='word_1_465' title='bbox 1390 4574 1450 4611; x_wconf 89' lang='grc' dir='ltr'><strong>τε</strong></span> <span class='ocrx_word' id='word_1_466' title='bbox 1498 4558 1594 4611; x_wconf 76' lang='grc' dir='ltr'><strong>καὶ</strong></span> <span class='ocrx_word' id='word_1_467' title='bbox 1639 4557 1853 4628; x_wconf 85' lang='grc' dir='ltr'>νομοδι-</span> 
     </span>
    </p>
   </div>
   <div class='ocr_carea' id='block_1_66' title="bbox 262 4639 1827 4717">
    <p class='ocr_par' dir='ltr' id='par_1_66' title="bbox 262 4639 1827 4717">
     <span class='ocr_line' id='line_1_66' title="bbox 262 4639 1827 4717; baseline 0.004 -24"><span class='ocrx_word' id='word_1_468' title='bbox 262 4639 586 4706; x_wconf 83' lang='grc' dir='ltr'>δασκάλους,</span> <span class='ocrx_word' id='word_1_469' title='bbox 614 4645 666 4695; x_wconf 78' lang='grc' dir='ltr'><strong>οῖ</strong></span> <span class='ocrx_word' id='word_1_470' title='bbox 712 4644 995 4715; x_wconf 78' lang='grc' dir='ltr'>μονονουχὶ</span> <span class='ocrx_word' id='word_1_471' title='bbox 1032 4661 1438 4715; x_wconf 76' lang='grc' dir='ltr'>κατεμοιχωντο</span> <span class='ocrx_word' id='word_1_472' title='bbox 1475 4644 1574 4717; x_wconf 76' lang='grc' dir='ltr'>τὴν</span> <span class='ocrx_word' id='word_1_473' title='bbox 1604 4646 1827 4714; x_wconf 84' lang='grc' dir='ltr'>Συναγω</span> 
     </span>
    </p>
   </div>
   <div class='ocr_carea' id='block_1_67' title="bbox 264 4735 1855 4812">
    <p class='ocr_par' dir='ltr' id='par_1_67' title="bbox 264 4735 1855 4812">
     <span class='ocr_line' id='line_1_67' title="bbox 264 4735 1855 4812; baseline 0.004 -25"><span class='ocrx_word' id='word_1_474' title='bbox 264 4735 393 4806; x_wconf 85' lang='grc' dir='ltr'>γὴν,</span> <span class='ocrx_word' id='word_1_475' title='bbox 438 4735 531 4788; x_wconf 79' lang='grc' dir='ltr'><strong>καὶ</strong></span> <span class='ocrx_word' id='word_1_476' title='bbox 575 4737 644 4789; x_wconf 85' lang='grc' dir='ltr'><strong>τὰ</strong></span> <span class='ocrx_word' id='word_1_477' title='bbox 688 4741 753 4792; x_wconf 83' lang='grc' dir='ltr'>ὲκ</span> <span class='ocrx_word' id='word_1_478' title='bbox 810 4738 975 4808; x_wconf 83' lang='grc' dir='ltr'>νόμου</span> <span class='ocrx_word' id='word_1_479' title='bbox 1021 4739 1116 4792; x_wconf 83' lang='grc' dir='ltr'><strong>τοῦ</strong></span> <span class='ocrx_word' id='word_1_480' title='bbox 1152 4739 1299 4792; x_wconf 90' lang='grc' dir='ltr'>θείου</span> <span class='ocrx_word' id='word_1_481' title='bbox 1351 4737 1640 4803; x_wconf 80' lang='grc' dir='ltr'>λαλοῦντες</span> <span class='ocrx_word' id='word_1_482' title='bbox 1689 4739 1855 4812; x_wconf 79' lang='grc' dir='ltr'>αὐτῇ,</span> 
     </span>
    </p>
   </div>
   <div class='ocr_carea' id='block_1_68' title="bbox 272 4827 1857 4902">
    <p class='ocr_par' dir='ltr' id='par_1_68' title="bbox 272 4827 1857 4902">
     <span class='ocr_line' id='line_1_68' title="bbox 272 4827 1857 4902; baseline 0.006 -26"><span class='ocrx_word' id='word_1_483' title='bbox 272 4827 720 4896; x_wconf 81' lang='grc' dir='ltr'>παρατρέπονται</span> <span class='ocrx_word' id='word_1_484' title='bbox 762 4830 819 4885; x_wconf 80' lang='grc' dir='ltr'>δὲ</span> <span class='ocrx_word' id='word_1_485' title='bbox 851 4830 1048 4900; x_wconf 79' lang='grc' dir='ltr'>μᾶλλον</span> <span class='ocrx_word' id='word_1_486' title='bbox 1078 4832 1160 4898; x_wconf 76' lang='grc' dir='ltr'><strong>ἐφ’</strong></span> <span class='ocrx_word' id='word_1_487' title='bbox 1187 4830 1223 4884; x_wconf 77' lang='grc' dir='ltr'>ἃ</span> <span class='ocrx_word' id='word_1_488' title='bbox 1258 4831 1332 4901; x_wconf 86' lang='grc' dir='ltr'><strong>μὴ</strong></span> <span class='ocrx_word' id='word_1_489' title='bbox 1362 4829 1547 4902; x_wconf 82' lang='grc' dir='ltr'>θέμις,</span> <span class='ocrx_word' id='word_1_490' title='bbox 1580 4833 1674 4885; x_wconf 77' lang='grc' dir='ltr'><strong>καὶ</strong></span> <span class='ocrx_word' id='word_1_491' title='bbox 1712 4829 1857 4885; x_wconf 86' lang='grc' dir='ltr'>διδά-</span> 
     </span>
    </p>
   </div>
   <div class='ocr_carea' id='block_1_69' title="bbox 267 4920 1855 4993">
    <p class='ocr_par' dir='ltr' id='par_1_69' title="bbox 267 4920 1855 4993">
     <span class='ocr_line' id='line_1_69' title="bbox 267 4920 1855 4993; baseline 0.003 -22"><span class='ocrx_word' id='word_1_492' title='bbox 267 4934 492 4982; x_wconf 81' lang='grc' dir='ltr'>σκοντες</span> <span class='ocrx_word' id='word_1_493' title='bbox 521 4920 869 4977; x_wconf 88' lang='grc' dir='ltr'>διδασκαλίαν</span> <span class='ocrx_word' id='word_1_494' title='bbox 895 4922 1205 4990; x_wconf 69' lang='grc' dir='ltr'>ἐντάλματα</span> <span class='ocrx_word' id='word_1_495' title='bbox 1233 4921 1555 4993; x_wconf 87' lang='grc' dir='ltr'>ἀνθρώπων.</span> <span class='ocrx_word' id='word_1_496' title='bbox 1587 4923 1766 4993; x_wconf 88' lang='grc' dir='ltr'>Πόρνη</span> <span class='ocrx_word' id='word_1_497' title='bbox 1796 4922 1855 4975; x_wconf 79' lang='grc' dir='ltr'>δὲ</span> 
     </span>
    </p>
   </div>
   <div class='ocr_carea' id='block_1_70' title="bbox 267 5010 1851 5086">
    <p class='ocr_par' dir='ltr' id='par_1_70' title="bbox 267 5010 1851 5086">
     <span class='ocr_line' id='line_1_70' title="bbox 267 5010 1851 5086; baseline 0.006 -24"><span class='ocrx_word' id='word_1_498' title='bbox 267 5010 496 5075; x_wconf 84' lang='grc' dir='ltr'>εἰκότως</span> <span class='ocrx_word' id='word_1_499' title='bbox 525 5013 558 5082; x_wconf 84' lang='grc' dir='ltr'><strong>ἡ</strong></span> <span class='ocrx_word' id='word_1_500' title='bbox 590 5012 699 5066; x_wconf 86' lang='grc' dir='ltr'><strong>τῶν</strong></span> <span class='ocrx_word' id='word_1_501' title='bbox 734 5014 1001 5068; x_wconf 86' lang='grc' dir='ltr'>Ἰουδαίων</span> <span class='ocrx_word' id='word_1_502' title='bbox 1029 5014 1352 5086; x_wconf 77' lang='grc' dir='ltr'>Συναγωγή,</span> <span class='ocrx_word' id='word_1_503' title='bbox 1391 5014 1458 5067; x_wconf 69' lang='grc' dir='ltr'>τὰ</span> <span class='ocrx_word' id='word_1_504' title='bbox 1506 5014 1615 5067; x_wconf 86' lang='grc' dir='ltr'><strong>τῶν</strong></span> <span class='ocrx_word' id='word_1_505' title='bbox 1647 5026 1851 5083; x_wconf 83' lang='grc' dir='ltr'>μοιχω·</span> 
     </span>
    </p>
   </div>
   <div class='ocr_carea' id='block_1_71' title="bbox 271 5102 1852 5179">
    <p class='ocr_par' dir='ltr' id='par_1_71' title="bbox 271 5102 1852 5179">
     <span class='ocr_line' id='line_1_71' title="bbox 271 5102 1852 5179; baseline 0.001 -24"><span class='ocrx_word' id='word_1_506' title='bbox 271 5102 448 5173; x_wconf 78' lang='grc' dir='ltr'>μένων</span> <span class='ocrx_word' id='word_1_507' title='bbox 478 5104 747 5179; x_wconf 80' lang='grc' dir='ltr'>δεχομένη</span> <span class='ocrx_word' id='word_1_508' title='bbox 797 5109 1126 5178; x_wconf 84' lang='grc' dir='ltr'>σπέρματα,</span> <span class='ocrx_word' id='word_1_509' title='bbox 1174 5108 1269 5162; x_wconf 72' lang='grc' dir='ltr'>καὶ</span> <span class='ocrx_word' id='word_1_510' title='bbox 1310 5107 1403 5160; x_wconf 87' lang='grc' dir='ltr'><strong>τὸν</strong></span> <span class='ocrx_word' id='word_1_511' title='bbox 1440 5105 1533 5160; x_wconf 80' lang='grc' dir='ltr'>τοῦ</span> <span class='ocrx_word' id='word_1_512' title='bbox 1576 5104 1852 5173; x_wconf 78' lang='grc' dir='ltr'>πανσόφου</span> 
     </span>
    </p>
   </div>
   <div class='ocr_carea' id='block_1_72' title="bbox 266 5193 1857 5269">
    <p class='ocr_par' dir='ltr' id='par_1_72' title="bbox 266 5193 1857 5269">
     <span class='ocr_line' id='line_1_72' title="bbox 266 5193 1857 5269; baseline 0.001 -23"><span class='ocrx_word' id='word_1_513' title='bbox 266 5193 514 5256; x_wconf 79' lang='grc' dir='ltr'>Μωσέως</span> <span class='ocrx_word' id='word_1_514' title='bbox 558 5193 826 5250; x_wconf 84' lang='grc' dir='ltr'>ἀθετοῦσα</span> <span class='ocrx_word' id='word_1_515' title='bbox 852 5197 1038 5268; x_wconf 84' lang='grc' dir='ltr'>νόμον.</span> <span class='ocrx_word' id='word_1_516' title='bbox 1066 5197 1335 5269; x_wconf 82' lang='grc' dir='ltr'>Ταύτῃτοι</span> <span class='ocrx_word' id='word_1_517' title='bbox 1391 5198 1485 5250; x_wconf 72' lang='grc' dir='ltr'>καὶ</span> <span class='ocrx_word' id='word_1_518' title='bbox 1526 5196 1671 5266; x_wconf 80' lang='grc' dir='ltr'>μάλα</span> <span class='ocrx_word' id='word_1_519' title='bbox 1716 5196 1857 5249; x_wconf 80' lang='grc' dir='ltr'>εἰκό-</span> 
     </span>
    </p>
   </div>
   <div class='ocr_carea' id='block_1_73' title="bbox 268 5280 1857 5360">
    <p class='ocr_par' dir='ltr' id='par_1_73' title="bbox 268 5280 1857 5360">
     <span class='ocr_line' id='line_1_73' title="bbox 268 5280 1857 5360; baseline 0.003 -25"><span class='ocrx_word' id='word_1_520' title='bbox 268 5300 378 5346; x_wconf 87' lang='grc' dir='ltr'><strong>τως</strong></span> <span class='ocrx_word' id='word_1_521' title='bbox 421 5286 571 5349; x_wconf 78' lang='grc' dir='ltr'>υἱοὺς</span> <span class='ocrx_word' id='word_1_522' title='bbox 609 5286 807 5350; x_wconf 76' lang='grc' dir='ltr'>αὐτοὺς</span> <span class='ocrx_word' id='word_1_523' title='bbox 842 5287 1110 5343; x_wconf 79' lang='grc' dir='ltr'>ἀποκαλεῖ</span> <span class='ocrx_word' id='word_1_524' title='bbox 1133 5289 1391 5360; x_wconf 82' lang='grc' dir='ltr'>ἀνόμους.</span> <span class='ocrx_word' id='word_1_525' title='bbox 1430 5286 1633 5341; x_wconf 83' lang='grc' dir='ltr'>Εἴπατε</span> <span class='ocrx_word' id='word_1_526' title='bbox 1669 5286 1734 5358; x_wconf 85' lang='grc' dir='ltr'>δὴ</span> <span class='ocrx_word' id='word_1_527' title='bbox 1762 5280 1857 5340; x_wconf 85' lang='grc' dir='ltr'><strong>οὖν</strong></span> 
     </span>
    </p>
   </div>
   <div class='ocr_carea' id='block_1_74' title="bbox 269 5374 1858 5450">
    <p class='ocr_par' dir='ltr' id='par_1_74' title="bbox 269 5374 1858 5450">
     <span class='ocr_line' id='line_1_74' title="bbox 269 5374 1858 5450; baseline 0.003 -25"><span class='ocrx_word' id='word_1_528' title='bbox 269 5375 328 5426; x_wconf 77' lang='grc' dir='ltr'><strong>ἐν</strong></span> <span class='ocrx_word' id='word_1_529' title='bbox 366 5374 495 5438; x_wconf 87' lang='grc' dir='ltr'>τίνι,</span> <span class='ocrx_word' id='word_1_530' title='bbox 527 5377 712 5447; x_wconf 76' lang='grc' dir='ltr'>φησὶν,</span> <span class='ocrx_word' id='word_1_531' title='bbox 745 5379 1171 5450; x_wconf 75' lang='grc' dir='ltr'>ἑνετρυφήσατε,</span> <span class='ocrx_word' id='word_1_532' title='bbox 1205 5382 1299 5435; x_wconf 74' lang='grc' dir='ltr'><strong>καὶ</strong></span> <span class='ocrx_word' id='word_1_533' title='bbox 1332 5380 1423 5433; x_wconf 70' lang='grc' dir='ltr'>ἐπὶ</span> <span class='ocrx_word' id='word_1_534' title='bbox 1454 5378 1575 5432; x_wconf 91' lang='grc' dir='ltr'>τίνα</span> <span class='ocrx_word' id='word_1_535' title='bbox 1609 5377 1858 5447; x_wconf 78' lang='grc' dir='ltr'>ἡνοίξατε</span> 
     </span>
    </p>
   </div>
   <div class='ocr_carea' id='block_1_75' title="bbox 267 5463 1858 5543">
    <p class='ocr_par' dir='ltr' id='par_1_75' title="bbox 267 5463 1858 5543">
     <span class='ocr_line' id='line_1_75' title="bbox 267 5463 1858 5543; baseline 0.003 -26"><span class='ocrx_word' id='word_1_536' title='bbox 267 5463 330 5517; x_wconf 85' lang='grc' dir='ltr'><strong>τὸ</strong></span> <span class='ocrx_word' id='word_1_537' title='bbox 357 5464 533 5536; x_wconf 86' lang='grc' dir='ltr'>στόμα</span> <span class='ocrx_word' id='word_1_538' title='bbox 560 5467 736 5537; x_wconf 85' lang='grc' dir='ltr'>ὑμῶν,</span> <span class='ocrx_word' id='word_1_539' title='bbox 764 5470 857 5525; x_wconf 71' lang='grc' dir='ltr'><strong>καὶ</strong></span> <span class='ocrx_word' id='word_1_540' title='bbox 886 5472 978 5525; x_wconf 70' lang='grc' dir='ltr'><strong>ἐπὶ</strong></span> <span class='ocrx_word' id='word_1_541' title='bbox 1002 5472 1124 5527; x_wconf 85' lang='grc' dir='ltr'>τίνα</span> <span class='ocrx_word' id='word_1_542' title='bbox 1154 5472 1455 5543; x_wconf 71' lang='grc' dir='ltr'>ὲχαλάσατε</span> <span class='ocrx_word' id='word_1_543' title='bbox 1479 5469 1576 5543; x_wconf 84' lang='grc' dir='ltr'><strong>τὴν</strong></span> <span class='ocrx_word' id='word_1_544' title='bbox 1606 5469 1858 5539; x_wconf 85' lang='grc' dir='ltr'>γλῶσσαν</span> 
     </span>
    </p>
   </div>
   <div class='ocr_carea' id='block_1_76' title="bbox 1939 1900 3514 1967">
    <p class='ocr_par' dir='ltr' id='par_1_76' title="bbox 1939 1900 3514 1967">
     <span class='ocr_line' id='line_1_76' title="bbox 1939 1900 3514 1967; baseline 0.003 -13"><span class='ocrx_word' id='word_1_545' title='bbox 1939 1900 2161 1955; x_wconf 90' lang='lat' dir='ltr'><strong>ductum</strong></span> <span class='ocrx_word' id='word_1_546' title='bbox 2195 1901 2546 1966; x_wconf 82' lang='lat' dir='ltr'><strong>accusabant,</strong></span> <span class='ocrx_word' id='word_1_547' title='bbox 2574 1900 2706 1955; x_wconf 86' lang='lat' dir='ltr'><strong>nihil</strong></span> <span class='ocrx_word' id='word_1_548' title='bbox 2736 1902 2846 1955; x_wconf 90' lang='lat' dir='ltr'><strong>veri</strong></span> <span class='ocrx_word' id='word_1_549' title='bbox 2880 1900 3196 1967; x_wconf 86' lang='lat' dir='ltr'><strong>all‘erentes,</strong></span> <span class='ocrx_word' id='word_1_550' title='bbox 3229 1903 3324 1958; x_wconf 89' lang='lat' dir='ltr'><strong>sed</strong></span> <span class='ocrx_word' id='word_1_551' title='bbox 3358 1917 3514 1958; x_wconf 88' lang='lat' dir='ltr'><strong>men-</strong></span> 
     </span>
    </p>
   </div>
   <div class='ocr_carea' id='block_1_77' title="bbox 1940 1988 3518 2060">
    <p class='ocr_par' dir='ltr' id='par_1_77' title="bbox 1940 1988 3518 2060">
     <span class='ocr_line' id='line_1_77' title="bbox 1940 1988 3518 2060; baseline 0.003 -16"><span class='ocrx_word' id='word_1_552' title='bbox 1940 1989 2110 2044; x_wconf 84' lang='lat' dir='ltr'><strong>daciis</strong></span> <span class='ocrx_word' id='word_1_553' title='bbox 2159 1988 2242 2043; x_wconf 87' lang='lat' dir='ltr'><strong>usi</strong></span> <span class='ocrx_word' id='word_1_554' title='bbox 2284 1997 2339 2044; x_wconf 92' lang='lat' dir='ltr'><strong>et</strong></span> <span class='ocrx_word' id='word_1_555' title='bbox 2380 1989 2772 2060; x_wconf 76' lang='lat' dir='ltr'><strong>symphantiis.</strong></span> <span class='ocrx_word' id='word_1_556' title='bbox 2845 1989 3104 2046; x_wconf 86' lang='lat' dir='ltr'><strong>Dicebant</strong></span> <span class='ocrx_word' id='word_1_557' title='bbox 3154 1992 3300 2046; x_wconf 89' lang='lat' dir='ltr'><strong>enim</strong></span> <span class='ocrx_word' id='word_1_558' title='bbox 3347 2010 3360 2047; x_wconf 91' lang='lat'><strong>:</strong></span> <span class='ocrx_word' id='word_1_559' title='bbox 3405 1991 3518 2050; x_wconf 82' lang='lat' dir='ltr'><strong>Iste</strong></span> 
     </span>
    </p>
   </div>
   <div class='ocr_carea' id='block_1_78' title="bbox 1942 2080 3517 2149">
    <p class='ocr_par' dir='ltr' id='par_1_78' title="bbox 1942 2080 3517 2149">
     <span class='ocr_line' id='line_1_78' title="bbox 1942 2080 3517 2149; baseline 0.004 -14"><span class='ocrx_word' id='word_1_560' title='bbox 1942 2082 2155 2137; x_wconf 84' lang='lat' dir='ltr'><strong>turbam</strong></span> <span class='ocrx_word' id='word_1_561' title='bbox 2202 2081 2458 2148; x_wconf 82' lang='lat' dir='ltr'><strong>concitat,</strong></span> <span class='ocrx_word' id='word_1_562' title='bbox 2502 2089 2652 2136; x_wconf 81' lang='lat' dir='ltr'><strong>vetat</strong></span> <span class='ocrx_word' id='word_1_563' title='bbox 2697 2082 2828 2136; x_wconf 74' lang='lat' dir='ltr'><strong>dare</strong></span> <span class='ocrx_word' id='word_1_564' title='bbox 2876 2080 3074 2136; x_wconf 84' lang='lat' dir='ltr'><strong>tributa</strong></span> <span class='ocrx_word' id='word_1_565' title='bbox 3119 2081 3343 2149; x_wconf 75' lang='lat' dir='ltr'><strong>Caesari,</strong></span> <span class='ocrx_word' id='word_1_566' title='bbox 3382 2086 3517 2141; x_wconf 83' lang='lat' dir='ltr'><strong>alia-</strong></span> 
     </span>
    </p>
   </div>
   <div class='ocr_carea' id='block_1_79' title="bbox 1940 2172 3515 2244">
    <p class='ocr_par' dir='ltr' id='par_1_79' title="bbox 1940 2172 3515 2244">
     <span class='ocr_line' id='line_1_79' title="bbox 1940 2172 3515 2244; baseline 0.005 -18"><span class='ocrx_word' id='word_1_567' title='bbox 1940 2186 2047 2243; x_wconf 86' lang='lat' dir='ltr'><strong>que</strong></span> <span class='ocrx_word' id='word_1_568' title='bbox 2102 2182 2363 2244; x_wconf 73' lang='lat' dir='ltr'><strong>praeterea</strong></span> <span class='ocrx_word' id='word_1_569' title='bbox 2416 2188 2537 2244; x_wconf 68' lang='lat' dir='ltr'><strong>quas</strong></span> <span class='ocrx_word' id='word_1_570' title='bbox 2600 2172 2658 2227; x_wconf 85' lang='lat' dir='ltr'><strong>in</strong></span> <span class='ocrx_word' id='word_1_571' title='bbox 2725 2174 2962 2243; x_wconf 84' lang='lat' dir='ltr'><strong>ipsorum</strong></span> <span class='ocrx_word' id='word_1_572' title='bbox 3023 2183 3191 2244; x_wconf 82' lang='lat' dir='ltr'><strong>caput</strong></span> <span class='ocrx_word' id='word_1_573' title='bbox 3248 2176 3515 2234; x_wconf 74' lang='lat' dir='ltr'><strong>inexstin-</strong></span> 
     </span>
    </p>
   </div>
   <div class='ocr_carea' id='block_1_80' title="bbox 1941 2262 3513 2335">
    <p class='ocr_par' dir='ltr' id='par_1_80' title="bbox 1941 2262 3513 2335">
     <span class='ocr_line' id='line_1_80' title="bbox 1941 2262 3513 2335; baseline 0.005 -15"><span class='ocrx_word' id='word_1_574' title='bbox 1941 2273 2085 2321; x_wconf 84' lang='lat' dir='ltr'><strong>ctam</strong></span> <span class='ocrx_word' id='word_1_575' title='bbox 2116 2262 2404 2323; x_wconf 77' lang='lat' dir='ltr'><strong>ﬂammam‘.</strong></span> <span class='ocrx_word' id='word_1_576' title='bbox 2428 2264 2735 2320; x_wconf 79' lang='lat' dir='ltr'><strong>devolvent.</strong></span> <span class='ocrx_word' id='word_1_577' title='bbox 2772 2265 2850 2319; x_wconf 84' lang='lat' dir='ltr'><strong>De</strong></span> <span class='ocrx_word' id='word_1_578' title='bbox 2876 2266 3077 2335; x_wconf 77' lang='lat' dir='ltr'><strong>quibus</strong></span> <span class='ocrx_word' id='word_1_579' title='bbox 3103 2266 3384 2324; x_wconf 78' lang='lat' dir='ltr'><strong>accusavit</strong></span> <span class='ocrx_word' id='word_1_580' title='bbox 3413 2285 3513 2328; x_wconf 82' lang='lat' dir='ltr'><strong>eos</strong></span> 
     </span>
    </p>
   </div>
   <div class='ocr_carea' id='block_1_81' title="bbox 1943 2355 3520 2430">
    <p class='ocr_par' dir='ltr' id='par_1_81' title="bbox 1943 2355 3520 2430">
     <span class='ocr_line' id='line_1_81' title="bbox 1943 2355 3520 2430; baseline 0.002 -16"><span class='ocrx_word' id='word_1_581' title='bbox 1943 2355 2226 2423; x_wconf 81' lang='lat' dir='ltr'><strong>Servatur,</strong></span> <span class='ocrx_word' id='word_1_582' title='bbox 2260 2372 2394 2414; x_wconf 82' lang='lat' dir='ltr'><strong>voce</strong></span> <span class='ocrx_word' id='word_1_583' title='bbox 2412 2356 2567 2413; x_wconf 75' lang='lat' dir='ltr'><strong>Oscae</strong></span> <span class='ocrx_word' id='word_1_584' title='bbox 2596 2357 2784 2414; x_wconf 84' lang='lat' dir='ltr'><strong>dicens</strong></span> <span class='ocrx_word' id='word_1_585' title='bbox 2809 2373 2823 2411; x_wconf 88' lang='lat'><strong>:</strong></span> <span class='ocrx_word' id='word_1_586' title='bbox 2857 2357 2982 2413; x_wconf 66' lang='lat' dir='ltr'><strong>«Vm</strong></span> <span class='ocrx_word' id='word_1_587' title='bbox 3003 2358 3127 2425; x_wconf 84' lang='lat' dir='ltr'><strong>illis,</strong></span> <span class='ocrx_word' id='word_1_588' title='bbox 3150 2360 3278 2430; x_wconf 88' lang='lat' dir='ltr'><strong>quia</strong></span> <span class='ocrx_word' id='word_1_589' title='bbox 3308 2362 3520 2417; x_wconf 84' lang='lat' dir='ltr'><strong>resilie-</strong></span> 
     </span>
    </p>
   </div>
   <div class='ocr_carea' id='block_1_82' title="bbox 1943 2449 3518 2520">
    <p class='ocr_par' dir='ltr' id='par_1_82' title="bbox 1943 2449 3518 2520">
     <span class='ocr_line' id='line_1_82' title="bbox 1943 2449 3518 2520; baseline 0.001 -13"><span class='ocrx_word' id='word_1_590' title='bbox 1943 2459 2069 2507; x_wconf 86' lang='lat' dir='ltr'><strong>runt</strong></span> <span class='ocrx_word' id='word_1_591' title='bbox 2116 2465 2147 2503; x_wconf 82' lang='lat' dir='ltr'><strong>a</strong></span> <span class='ocrx_word' id='word_1_592' title='bbox 2179 2464 2278 2516; x_wconf 83' lang='lat' dir='ltr'><strong>me</strong></span> <span class='ocrx_word' id='word_1_593' title='bbox 2305 2467 2321 2517; x_wconf 91' lang='lat'><strong>;</strong></span> <span class='ocrx_word' id='word_1_594' title='bbox 2355 2449 2542 2504; x_wconf 81' lang='lat' dir='ltr'><strong>miseri</strong></span> <span class='ocrx_word' id='word_1_595' title='bbox 2572 2458 2720 2518; x_wconf 77' lang='lat' dir='ltr'><strong>sum,</strong></span> <span class='ocrx_word' id='word_1_596' title='bbox 2750 2449 2876 2518; x_wconf 81' lang='lat' dir='ltr'><strong>quia</strong></span> <span class='ocrx_word' id='word_1_597' title='bbox 2920 2450 3068 2520; x_wconf 87' lang='lat' dir='ltr'><strong>impii</strong></span> <span class='ocrx_word' id='word_1_598' title='bbox 3100 2452 3432 2507; x_wconf 78' lang='lat' dir='ltr'><strong>exstiterunt</strong></span> <span class='ocrx_word' id='word_1_599' title='bbox 3462 2453 3518 2509; x_wconf 86' lang='lat' dir='ltr'><strong>in</strong></span> 
     </span>
    </p>
   </div>
   <div class='ocr_carea' id='block_1_83' title="bbox 1944 2540 3518 2609">
    <p class='ocr_par' dir='ltr' id='par_1_83' title="bbox 1944 2540 3518 2609">
     <span class='ocr_line' id='line_1_83' title="bbox 1944 2540 3518 2609; baseline 0.001 -13"><span class='ocrx_word' id='word_1_600' title='bbox 1944 2554 2052 2596; x_wconf 88' lang='lat' dir='ltr'><strong>me.</strong></span> <span class='ocrx_word' id='word_1_601' title='bbox 2087 2540 2200 2609; x_wconf 68' lang='lat' dir='ltr'><strong>Ego</strong></span> <span class='ocrx_word' id='word_1_602' title='bbox 2225 2541 2427 2595; x_wconf 84' lang='lat' dir='ltr'><strong>redemi</strong></span> <span class='ocrx_word' id='word_1_603' title='bbox 2461 2554 2581 2606; x_wconf 86' lang='lat' dir='ltr'><strong>eos,</strong></span> <span class='ocrx_word' id='word_1_604' title='bbox 2611 2540 2688 2596; x_wconf 83' lang='lat' dir='ltr'><strong>illi</strong></span> <span class='ocrx_word' id='word_1_605' title='bbox 2716 2554 2844 2596; x_wconf 75' lang='lat' dir='ltr'><strong>vero</strong></span> <span class='ocrx_word' id='word_1_606' title='bbox 2887 2540 3125 2596; x_wconf 75' lang='lat' dir='ltr'><strong>oblocuti</strong></span> <span class='ocrx_word' id='word_1_607' title='bbox 3170 2552 3299 2598; x_wconf 89' lang='lat' dir='ltr'><strong>sunt</strong></span> <span class='ocrx_word' id='word_1_608' title='bbox 3329 2553 3518 2601; x_wconf 86' lang='lat' dir='ltr'><strong>contra</strong></span> 
     </span>
    </p>
   </div>
   <div class='ocr_carea' id='block_1_84' title="bbox 1945 2630 3518 2707">
    <p class='ocr_par' dir='ltr' id='par_1_84' title="bbox 1945 2630 3518 2707">
     <span class='ocr_line' id='line_1_84' title="bbox 1945 2630 3518 2707; baseline 0.004 -21"><span class='ocrx_word' id='word_1_609' title='bbox 1945 2644 2035 2686; x_wconf 86' lang='lat' dir='ltr'><strong>me</strong></span> <span class='ocrx_word' id='word_1_610' title='bbox 2093 2631 2379 2687; x_wconf 82' lang='lat' dir='ltr'><strong>mendacia</strong></span> <span class='ocrx_word' id='word_1_611' title='bbox 2404 2632 2474 2688; x_wconf 81' lang='lat'><strong>&quot;.</strong></span> <span class='ocrx_word' id='word_1_612' title='bbox 2508 2650 2528 2685; x_wconf 72' lang='grc' dir='ltr'><strong>ι</strong></span> <span class='ocrx_word' id='word_1_613' title='bbox 2584 2632 2656 2688; x_wconf 84' lang='lat' dir='ltr'><strong>Et</strong></span> <span class='ocrx_word' id='word_1_614' title='bbox 2690 2645 2829 2687; x_wconf 72' lang='lat' dir='ltr'><strong>voce</strong></span> <span class='ocrx_word' id='word_1_615' title='bbox 2865 2630 3119 2688; x_wconf 62' lang='lat' dir='ltr'><strong>Ieremia</strong></span> <span class='ocrx_word' id='word_1_616' title='bbox 3147 2650 3162 2688; x_wconf 91' lang='lat'><strong>:</strong></span> <span class='ocrx_word' id='word_1_617' title='bbox 3194 2634 3518 2707; x_wconf 75' lang='lat' dir='ltr'><strong>t-Dereliqui</strong></span> 
     </span>
    </p>
   </div>
   <div class='ocr_carea' id='block_1_85' title="bbox 1944 2722 3522 2793">
    <p class='ocr_par' dir='ltr' id='par_1_85' title="bbox 1944 2722 3522 2793">
     <span class='ocr_line' id='line_1_85' title="bbox 1944 2722 3522 2793; baseline 0.004 -15"><span class='ocrx_word' id='word_1_618' title='bbox 1944 2722 2164 2779; x_wconf 89' lang='lat' dir='ltr'><strong>domum</strong></span> <span class='ocrx_word' id='word_1_619' title='bbox 2218 2737 2418 2789; x_wconf 85' lang='lat' dir='ltr'><strong>meam,</strong></span> <span class='ocrx_word' id='word_1_620' title='bbox 2469 2724 2652 2779; x_wconf 86' lang='lat' dir='ltr'><strong>dimisi</strong></span> <span class='ocrx_word' id='word_1_621' title='bbox 2710 2723 3084 2780; x_wconf 65' lang='lat' dir='ltr'><strong>hereditatem</strong></span> <span class='ocrx_word' id='word_1_622' title='bbox 3135 2740 3342 2793; x_wconf 83' lang='lat' dir='ltr'><strong>meam,</strong></span> <span class='ocrx_word' id='word_1_623' title='bbox 3399 2727 3522 2784; x_wconf 80' lang='lat' dir='ltr'><strong>dedi</strong></span> 
     </span>
    </p>
   </div>
   <div class='ocr_carea' id='block_1_86' title="bbox 1945 2814 3523 2874">
    <p class='ocr_par' dir='ltr' id='par_1_86' title="bbox 1945 2814 3523 2874">
     <span class='ocr_line' id='line_1_86' title="bbox 1945 2814 3523 2874; baseline 0.003 -5"><span class='ocrx_word' id='word_1_624' title='bbox 1945 2814 2199 2870; x_wconf 86' lang='lat' dir='ltr'><strong>dilectam</strong></span> <span class='ocrx_word' id='word_1_625' title='bbox 2263 2815 2503 2870; x_wconf 85' lang='lat' dir='ltr'><strong>animam</strong></span> <span class='ocrx_word' id='word_1_626' title='bbox 2559 2829 2736 2871; x_wconf 85' lang='lat' dir='ltr'><strong>meam</strong></span> <span class='ocrx_word' id='word_1_627' title='bbox 2782 2815 2838 2870; x_wconf 89' lang='lat' dir='ltr'><strong>in</strong></span> <span class='ocrx_word' id='word_1_628' title='bbox 2897 2829 3119 2871; x_wconf 84' lang='lat' dir='ltr'><strong>manum</strong></span> <span class='ocrx_word' id='word_1_629' title='bbox 3178 2817 3523 2874; x_wconf 86' lang='lat' dir='ltr'><strong>inimicorum</strong></span> 
     </span>
    </p>
   </div>
   <div class='ocr_carea' id='block_1_87' title="bbox 1945 2903 3525 2974">
    <p class='ocr_par' dir='ltr' id='par_1_87' title="bbox 1945 2903 3525 2974">
     <span class='ocr_line' id='line_1_87' title="bbox 1945 2903 3525 2974; baseline 0.005 -15"><span class='ocrx_word' id='word_1_630' title='bbox 1945 2903 2136 2973; x_wconf 85' lang='lat' dir='ltr'><strong>ipsius.</strong></span> <span class='ocrx_word' id='word_1_631' title='bbox 2191 2906 2361 2963; x_wconf 79' lang='lat' dir='ltr'><strong>Facta</strong></span> <span class='ocrx_word' id='word_1_632' title='bbox 2393 2915 2474 2963; x_wconf 89' lang='lat' dir='ltr'><strong>est</strong></span> <span class='ocrx_word' id='word_1_633' title='bbox 2515 2907 2806 2963; x_wconf 71' lang='lat' dir='ltr'><strong>haereditas</strong></span> <span class='ocrx_word' id='word_1_634' title='bbox 2850 2921 2973 2963; x_wconf 87' lang='lat' dir='ltr'><strong>mea</strong></span> <span class='ocrx_word' id='word_1_635' title='bbox 3022 2908 3178 2974; x_wconf 88' lang='lat' dir='ltr'><strong>mihi,</strong></span> <span class='ocrx_word' id='word_1_636' title='bbox 3219 2924 3317 2965; x_wconf 89' lang='lat' dir='ltr'><strong>ceu</strong></span> <span class='ocrx_word' id='word_1_637' title='bbox 3354 2910 3437 2965; x_wconf 82' lang='lat' dir='ltr'><strong>leo</strong></span> <span class='ocrx_word' id='word_1_638' title='bbox 3469 2911 3525 2968; x_wconf 89' lang='lat' dir='ltr'><strong>in</strong></span> 
     </span>
    </p>
   </div>
   <div class='ocr_carea' id='block_1_88' title="bbox 1947 2994 3525 3073">
    <p class='ocr_par' dir='ltr' id='par_1_88' title="bbox 1947 2994 3525 3073">
     <span class='ocr_line' id='line_1_88' title="bbox 1947 2994 3525 3073; baseline 0.007 -25"><span class='ocrx_word' id='word_1_639' title='bbox 1947 2994 2104 3050; x_wconf 80' lang='lat' dir='ltr'><strong>silva.</strong></span> <span class='ocrx_word' id='word_1_640' title='bbox 2168 2998 2357 3052; x_wconf 84' lang='lat' dir='ltr'><strong>Edidit</strong></span> <span class='ocrx_word' id='word_1_641' title='bbox 2405 3006 2599 3053; x_wconf 89' lang='lat' dir='ltr'><strong>contra</strong></span> <span class='ocrx_word' id='word_1_642' title='bbox 2647 3011 2736 3052; x_wconf 91' lang='lat' dir='ltr'><strong>me</strong></span> <span class='ocrx_word' id='word_1_643' title='bbox 2783 3010 2970 3053; x_wconf 89' lang='lat' dir='ltr'><strong>vocem</strong></span> <span class='ocrx_word' id='word_1_644' title='bbox 3002 3013 3204 3054; x_wconf 88' lang='lat' dir='ltr'><strong>suam:</strong></span> <span class='ocrx_word' id='word_1_645' title='bbox 3237 3011 3525 3073; x_wconf 80' lang='lat' dir='ltr'><strong>propterea</strong></span> 
     </span>
    </p>
   </div>
   <div class='ocr_carea' id='block_1_89' title="bbox 1950 3088 3527 3169">
    <p class='ocr_par' dir='ltr' id='par_1_89' title="bbox 1950 3088 3527 3169">
     <span class='ocr_line' id='line_1_89' title="bbox 1950 3088 3527 3169; baseline 0.007 -25"><span class='ocrx_word' id='word_1_646' title='bbox 1950 3088 2042 3144; x_wconf 87' lang='lat' dir='ltr'><strong>odi</strong></span> <span class='ocrx_word' id='word_1_647' title='bbox 2070 3102 2192 3143; x_wconf 86' lang='lat' dir='ltr'><strong>eam</strong></span> <span class='ocrx_word' id='word_1_648' title='bbox 2222 3091 2290 3143; x_wconf 83' lang='lat'><strong>&quot;.</strong></span> <span class='ocrx_word' id='word_1_649' title='bbox 2321 3106 2342 3143; x_wconf 74' lang='grc' dir='ltr'><strong>ι</strong></span> <span class='ocrx_word' id='word_1_650' title='bbox 2374 3088 2510 3143; x_wconf 83' lang='lat' dir='ltr'><strong>Nam</strong></span> <span class='ocrx_word' id='word_1_651' title='bbox 2550 3099 2753 3159; x_wconf 72' lang='lat' dir='ltr'><strong>praeter</strong></span> <span class='ocrx_word' id='word_1_652' title='bbox 2792 3089 2928 3144; x_wconf 86' lang='lat' dir='ltr'><strong>alias</strong></span> <span class='ocrx_word' id='word_1_653' title='bbox 2952 3093 3360 3166; x_wconf 76' lang='lat' dir='ltr'><strong>sycophantias,</strong></span> <span class='ocrx_word' id='word_1_654' title='bbox 3388 3113 3527 3169; x_wconf 87' lang='lat' dir='ltr'><strong>quas</strong></span> 
     </span>
    </p>
   </div>
   <div class='ocr_carea' id='block_1_90' title="bbox 1952 3181 3526 3253">
    <p class='ocr_par' dir='ltr' id='par_1_90' title="bbox 1952 3181 3526 3253">
     <span class='ocr_line' id='line_1_90' title="bbox 1952 3181 3526 3253; baseline 0.007 -17"><span class='ocrx_word' id='word_1_655' title='bbox 1952 3182 2006 3236; x_wconf 87' lang='lat' dir='ltr'><strong>in</strong></span> <span class='ocrx_word' id='word_1_656' title='bbox 2041 3181 2192 3236; x_wconf 88' lang='lat' dir='ltr'><strong>illum</strong></span> <span class='ocrx_word' id='word_1_657' title='bbox 2240 3182 2639 3252; x_wconf 74' lang='lat' dir='ltr'><strong>excogitarunt,</strong></span> <span class='ocrx_word' id='word_1_658' title='bbox 2674 3196 3049 3253; x_wconf 66' lang='lat' dir='ltr'><strong>saepenumero</strong></span> <span class='ocrx_word' id='word_1_659' title='bbox 3101 3188 3422 3245; x_wconf 80' lang='lat' dir='ltr'><strong>accedentes</strong></span> <span class='ocrx_word' id='word_1_660' title='bbox 3459 3190 3526 3247; x_wconf 82' lang='lat' dir='ltr'><strong>ad</strong></span> 
     </span>
    </p>
   </div>
   <div class='ocr_carea' id='block_1_91' title="bbox 1951 3270 3530 3356">
    <p class='ocr_par' dir='ltr' id='par_1_91' title="bbox 1951 3270 3530 3356">
     <span class='ocr_line' id='line_1_91' title="bbox 1951 3270 3530 3356; baseline 0.009 -29"><span class='ocrx_word' id='word_1_661' title='bbox 1951 3270 2187 3328; x_wconf 82' lang='lat' dir='ltr'><strong>Pilatum</strong></span> <span class='ocrx_word' id='word_1_662' title='bbox 2217 3274 2492 3329; x_wconf 85' lang='lat' dir='ltr'><strong>audebant</strong></span> <span class='ocrx_word' id='word_1_663' title='bbox 2522 3274 2705 3330; x_wconf 88' lang='lat' dir='ltr'><strong>dicere</strong></span> <span class='ocrx_word' id='word_1_664' title='bbox 2736 3296 2749 3330; x_wconf 88' lang='lat'><strong>:</strong></span> <span class='ocrx_word' id='word_1_665' title='bbox 2785 3292 2806 3326; x_wconf 74' lang='grc' dir='ltr'><strong>ι</strong></span> <span class='ocrx_word' id='word_1_666' title='bbox 2826 3272 2996 3342; x_wconf 84' lang='lat' dir='ltr'><strong>Tolle,</strong></span> <span class='ocrx_word' id='word_1_667' title='bbox 3025 3276 3170 3343; x_wconf 85' lang='lat' dir='ltr'><strong>tolle,</strong></span> <span class='ocrx_word' id='word_1_668' title='bbox 3200 3283 3347 3335; x_wconf 87' lang='lat' dir='ltr'><strong>cruci</strong></span> <span class='ocrx_word' id='word_1_669' title='bbox 3377 3283 3530 3356; x_wconf 70' lang='lat' dir='ltr'><strong>alligo</strong></span> 
     </span>
    </p>
   </div>
   <div class='ocr_carea' id='block_1_92' title="bbox 1952 3366 3532 3439">
    <p class='ocr_par' dir='ltr' id='par_1_92' title="bbox 1952 3366 3532 3439">
     <span class='ocr_line' id='line_1_92' title="bbox 1952 3366 3532 3439; baseline 0.006 -19"><span class='ocrx_word' id='word_1_670' title='bbox 1952 3378 2077 3420; x_wconf 89' lang='lat' dir='ltr'><strong>eum</strong></span> <span class='ocrx_word' id='word_1_671' title='bbox 2104 3366 2170 3421; x_wconf 81' lang='lat'><strong>”.</strong></span> <span class='ocrx_word' id='word_1_672' title='bbox 2198 3384 2217 3420; x_wconf 72' lang='grc' dir='ltr'><strong>ι</strong></span> <span class='ocrx_word' id='word_1_673' title='bbox 2275 3366 2390 3423; x_wconf 80' lang='lat' dir='ltr'><strong>Hoc</strong></span> <span class='ocrx_word' id='word_1_674' title='bbox 2435 3369 2600 3423; x_wconf 87' lang='lat' dir='ltr'><strong>etiam</strong></span> <span class='ocrx_word' id='word_1_675' title='bbox 2660 3371 2897 3426; x_wconf 76' lang='lat' dir='ltr'><strong>maxime</strong></span> <span class='ocrx_word' id='word_1_676' title='bbox 2927 3366 3053 3439; x_wconf 63' lang='lat' dir='ltr'><strong>{prae</strong></span> <span class='ocrx_word' id='word_1_677' title='bbox 3115 3373 3237 3429; x_wconf 88' lang='lat' dir='ltr'><strong>aliis</strong></span> <span class='ocrx_word' id='word_1_678' title='bbox 3282 3373 3532 3431; x_wconf 81' lang='lat' dir='ltr'><strong>fecerunt</strong></span> 
     </span>
    </p>
   </div>
   <div class='ocr_carea' id='block_1_93' title="bbox 1953 3457 3537 3533">
    <p class='ocr_par' dir='ltr' id='par_1_93' title="bbox 1953 3457 3537 3533">
     <span class='ocr_line' id='line_1_93' title="bbox 1953 3457 3537 3533; baseline 0.009 -22"><span class='ocrx_word' id='word_1_679' title='bbox 1953 3457 2193 3516; x_wconf 72' lang='lat' dir='ltr'><strong>Judaicte</strong></span> <span class='ocrx_word' id='word_1_680' title='bbox 2239 3458 2538 3531; x_wconf 69' lang='lat' dir='ltr'><strong>Synagegae</strong></span> <span class='ocrx_word' id='word_1_681' title='bbox 2563 3476 2839 3531; x_wconf 86' lang='lat' dir='ltr'><strong>proceres.</strong></span> <span class='ocrx_word' id='word_1_682' title='bbox 2867 3465 3125 3533; x_wconf 82' lang='lat' dir='ltr'><strong>Quamvis</strong></span> <span class='ocrx_word' id='word_1_683' title='bbox 3157 3469 3301 3522; x_wconf 88' lang='lat' dir='ltr'><strong>enim</strong></span> <span class='ocrx_word' id='word_1_684' title='bbox 3331 3470 3537 3525; x_wconf 82' lang='lat' dir='ltr'><strong>scirent</strong></span> 
     </span>
    </p>
   </div>
   <div class='ocr_carea' id='block_1_94' title="bbox 1954 3551 3530 3630">
    <p class='ocr_par' dir='ltr' id='par_1_94' title="bbox 1954 3551 3530 3630">
     <span class='ocr_line' id='line_1_94' title="bbox 1954 3551 3530 3630; baseline 0.008 -27"><span class='ocrx_word' id='word_1_685' title='bbox 1954 3564 2080 3604; x_wconf 89' lang='lat' dir='ltr'><strong>eum</strong></span> <span class='ocrx_word' id='word_1_686' title='bbox 2120 3551 2388 3608; x_wconf 63' lang='lat' dir='ltr'><strong>haeredem</strong></span> <span class='ocrx_word' id='word_1_687' title='bbox 2446 3568 2590 3621; x_wconf 85' lang='lat' dir='ltr'><strong>esse,</strong></span> <span class='ocrx_word' id='word_1_688' title='bbox 2644 3555 2899 3612; x_wconf 78' lang='lat' dir='ltr'><strong>dixerunt</strong></span> <span class='ocrx_word' id='word_1_689' title='bbox 2957 3566 3134 3613; x_wconf 84' lang='lat' dir='ltr'><strong>tamen</strong></span> <span class='ocrx_word' id='word_1_690' title='bbox 3182 3561 3324 3630; x_wconf 88' lang='lat' dir='ltr'><strong>apud</strong></span> <span class='ocrx_word' id='word_1_691' title='bbox 3374 3570 3530 3615; x_wconf 85' lang='lat' dir='ltr'><strong>sese:</strong></span> 
     </span>
    </p>
   </div>
   <div class='ocr_carea' id='block_1_95' title="bbox 1960 3638 3535 3720">
    <p class='ocr_par' dir='ltr' id='par_1_95' title="bbox 1960 3638 3535 3720">
     <span class='ocr_line' id='line_1_95' title="bbox 1960 3638 3535 3720; baseline 0.008 -26"><span class='ocrx_word' id='word_1_692' title='bbox 1960 3658 1982 3693; x_wconf 75' lang='grc' dir='ltr'><strong>ι</strong></span> <span class='ocrx_word' id='word_1_693' title='bbox 2010 3638 2223 3708; x_wconf 79' lang='lat' dir='ltr'><strong>Venite,</strong></span> <span class='ocrx_word' id='word_1_694' title='bbox 2255 3644 2568 3702; x_wconf 84' lang='lat' dir='ltr'><strong>occidamus</strong></span> <span class='ocrx_word' id='word_1_695' title='bbox 2595 3661 2741 3712; x_wconf 88' lang='lat' dir='ltr'><strong>eum,</strong></span> <span class='ocrx_word' id='word_1_696' title='bbox 2787 3657 2843 3703; x_wconf 89' lang='lat' dir='ltr'><strong>et</strong></span> <span class='ocrx_word' id='word_1_697' title='bbox 2886 3663 3216 3720; x_wconf 86' lang='lat' dir='ltr'><strong>occupemus</strong></span> <span class='ocrx_word' id='word_1_698' title='bbox 3244 3652 3398 3708; x_wconf 82' lang='lat' dir='ltr'><strong>nobis</strong></span> <span class='ocrx_word' id='word_1_699' title='bbox 3424 3652 3535 3707; x_wconf 71' lang='lat' dir='ltr'><strong>ha:-</strong></span> 
     </span>
    </p>
   </div>
   <div class='ocr_carea' id='block_1_96' title="bbox 1958 3734 3533 3809">
    <p class='ocr_par' dir='ltr' id='par_1_96' title="bbox 1958 3734 3533 3809">
     <span class='ocr_line' id='line_1_96' title="bbox 1958 3734 3533 3809; baseline 0.006 -21"><span class='ocrx_word' id='word_1_700' title='bbox 1958 3735 2243 3789; x_wconf 86' lang='lat' dir='ltr'><strong>reditatem</strong></span> <span class='ocrx_word' id='word_1_701' title='bbox 2291 3734 2409 3803; x_wconf 83' lang='lat' dir='ltr'><strong>ejus</strong></span> <span class='ocrx_word' id='word_1_702' title='bbox 2438 3737 2554 3804; x_wconf 60' lang='grc' dir='ltr'><strong>’δν</strong></span> <span class='ocrx_word' id='word_1_703' title='bbox 2615 3738 2710 3794; x_wconf 88' lang='lat' dir='ltr'><strong>sed</strong></span> <span class='ocrx_word' id='word_1_704' title='bbox 2775 3752 2872 3809; x_wconf 85' lang='lat' dir='ltr'><strong>spe</strong></span> <span class='ocrx_word' id='word_1_705' title='bbox 2927 3755 3023 3795; x_wconf 88' lang='lat' dir='ltr'><strong>sna</strong></span> <span class='ocrx_word' id='word_1_706' title='bbox 3076 3738 3324 3797; x_wconf 79' lang='lat' dir='ltr'><strong>frustrati</strong></span> <span class='ocrx_word' id='word_1_707' title='bbox 3387 3752 3533 3798; x_wconf 89' lang='lat' dir='ltr'><strong>sunt.</strong></span> 
     </span>
    </p>
   </div>
   <div class='ocr_carea' id='block_1_97' title="bbox 1956 3821 3531 3900">
    <p class='ocr_par' dir='ltr' id='par_1_97' title="bbox 1956 3821 3531 3900">
     <span class='ocr_line' id='line_1_97' title="bbox 1956 3821 3531 3900; baseline 0.004 -21"><span class='ocrx_word' id='word_1_708' title='bbox 1956 3821 2289 3879; x_wconf 87' lang='lat' dir='ltr'><strong>Occiderunt</strong></span> <span class='ocrx_word' id='word_1_709' title='bbox 2314 3826 2485 3890; x_wconf 69' lang='lat' dir='ltr'><strong>etaim,</strong></span> <span class='ocrx_word' id='word_1_710' title='bbox 2518 3828 2613 3882; x_wconf 88' lang='lat' dir='ltr'><strong>sed</strong></span> <span class='ocrx_word' id='word_1_711' title='bbox 2648 3842 2754 3882; x_wconf 88' lang='lat' dir='ltr'><strong>non</strong></span> <span class='ocrx_word' id='word_1_712' title='bbox 2799 3830 2998 3883; x_wconf 79' lang='lat' dir='ltr'><strong>mansit</strong></span> <span class='ocrx_word' id='word_1_713' title='bbox 3041 3830 3291 3885; x_wconf 82' lang='lat' dir='ltr'><strong>detentus</strong></span> <span class='ocrx_word' id='word_1_714' title='bbox 3336 3841 3531 3900; x_wconf 84' lang='lat' dir='ltr'><strong>morte,</strong></span> 
     </span>
    </p>
   </div>
   <div class='ocr_carea' id='block_1_98' title="bbox 1958 3912 3537 3986">
    <p class='ocr_par' dir='ltr' id='par_1_98' title="bbox 1958 3912 3537 3986">
     <span class='ocr_line' id='line_1_98' title="bbox 1958 3912 3537 3986; baseline 0.008 -21"><span class='ocrx_word' id='word_1_715' title='bbox 1958 3919 2016 3965; x_wconf 88' lang='lat' dir='ltr'><strong>at</strong></span> <span class='ocrx_word' id='word_1_716' title='bbox 2049 3912 2267 3976; x_wconf 80' lang='lat' dir='ltr'><strong>revixit,</strong></span> <span class='ocrx_word' id='word_1_717' title='bbox 2302 3913 2540 3983; x_wconf 82' lang='lat' dir='ltr'><strong>aliisque</strong></span> <span class='ocrx_word' id='word_1_718' title='bbox 2601 3915 2857 3986; x_wconf 76' lang='lat' dir='ltr'><strong>agricolis</strong></span> <span class='ocrx_word' id='word_1_719' title='bbox 2898 3917 3051 3972; x_wconf 86' lang='lat' dir='ltr'><strong>dedit</strong></span> <span class='ocrx_word' id='word_1_720' title='bbox 3103 3918 3340 3985; x_wconf 86' lang='lat' dir='ltr'><strong>vineam,</strong></span> <span class='ocrx_word' id='word_1_721' title='bbox 3368 3924 3371 3925; x_wconf 66' lang='grc'><strong><em>⁷</em></strong></span> <span class='ocrx_word' id='word_1_722' title='bbox 3397 3921 3537 3979; x_wconf 78' lang='lat' dir='ltr'><strong>male</strong></span> 
     </span>
    </p>
   </div>
   <div class='ocr_carea' id='block_1_99' title="bbox 1956 4003 3531 4081">
    <p class='ocr_par' dir='ltr' id='par_1_99' title="bbox 1956 4003 3531 4081">
     <span class='ocr_line' id='line_1_99' title="bbox 1956 4003 3531 4081; baseline 0.006 -24"><span class='ocrx_word' id='word_1_723' title='bbox 1956 4003 2130 4059; x_wconf 87' lang='lat' dir='ltr'><strong>malos</strong></span> <span class='ocrx_word' id='word_1_724' title='bbox 2175 4004 2432 4074; x_wconf 83' lang='lat' dir='ltr'><strong>perdens,</strong></span> <span class='ocrx_word' id='word_1_725' title='bbox 2480 4015 2724 4061; x_wconf 79' lang='lat' dir='ltr'><strong>amentes</strong></span> <span class='ocrx_word' id='word_1_726' title='bbox 2756 4015 2810 4061; x_wconf 86' lang='lat' dir='ltr'><strong>et</strong></span> <span class='ocrx_word' id='word_1_727' title='bbox 2841 4007 3223 4065; x_wconf 86' lang='lat' dir='ltr'><strong>dominicidas.</strong></span> <span class='ocrx_word' id='word_1_728' title='bbox 3271 4011 3316 4066; x_wconf 92' lang='grc' dir='ltr'>Ο</span> <span class='ocrx_word' id='word_1_729' title='bbox 3345 4012 3531 4081; x_wconf 80' lang='lat' dir='ltr'><strong>igitur,</strong></span> 
     </span>
    </p>
   </div>
   <div class='ocr_carea' id='block_1_100' title="bbox 1956 4096 3525 4165">
    <p class='ocr_par' dir='ltr' id='par_1_100' title="bbox 1956 4096 3525 4165">
     <span class='ocr_line' id='line_1_100' title="bbox 1956 4096 3525 4165; baseline 0.006 -16"><span class='ocrx_word' id='word_1_730' title='bbox 1956 4096 2158 4165; x_wconf 88' lang='lat' dir='ltr'><strong>inquit,</strong></span> <span class='ocrx_word' id='word_1_731' title='bbox 2188 4096 2285 4151; x_wconf 83' lang='lat' dir='ltr'><strong>lilii</strong></span> <span class='ocrx_word' id='word_1_732' title='bbox 2321 4097 2513 4165; x_wconf 85' lang='lat' dir='ltr'><strong>iniqui,</strong></span> <span class='ocrx_word' id='word_1_733' title='bbox 2553 4111 2587 4152; x_wconf 88' lang='grc' dir='ltr'><strong>ο</strong></span> <span class='ocrx_word' id='word_1_734' title='bbox 2621 4110 2805 4152; x_wconf 89' lang='lat' dir='ltr'><strong>semen</strong></span> <span class='ocrx_word' id='word_1_735' title='bbox 2846 4098 3216 4155; x_wconf 85' lang='lat' dir='ltr'><strong>adulterorum</strong></span> <span class='ocrx_word' id='word_1_736' title='bbox 3259 4111 3315 4157; x_wconf 90' lang='lat' dir='ltr'><strong>et</strong></span> <span class='ocrx_word' id='word_1_737' title='bbox 3355 4116 3525 4159; x_wconf 82' lang='lat' dir='ltr'><strong>mere-</strong></span> 
     </span>
    </p>
   </div>
   <div class='ocr_carea' id='block_1_101' title="bbox 1958 4187 3535 4261">
    <p class='ocr_par' dir='ltr' id='par_1_101' title="bbox 1958 4187 3535 4261">
     <span class='ocr_line' id='line_1_101' title="bbox 1958 4187 3535 4261; baseline 0.004 -19"><span class='ocrx_word' id='word_1_738' title='bbox 1958 4187 2145 4243; x_wconf 84' lang='lat' dir='ltr'><strong>tricis!</strong></span> <span class='ocrx_word' id='word_1_739' title='bbox 2207 4187 2502 4243; x_wconf 78' lang='lat' dir='ltr'><strong>Adulteros</strong></span> <span class='ocrx_word' id='word_1_740' title='bbox 2561 4188 2652 4242; x_wconf 88' lang='lat' dir='ltr'><strong>bic</strong></span> <span class='ocrx_word' id='word_1_741' title='bbox 2703 4188 2943 4260; x_wconf 89' lang='lat' dir='ltr'><strong>appellat</strong></span> <span class='ocrx_word' id='word_1_742' title='bbox 2996 4189 3088 4257; x_wconf 77' lang='lat' dir='ltr'><strong>qui</strong></span> <span class='ocrx_word' id='word_1_743' title='bbox 3145 4192 3535 4261; x_wconf 64' lang='lat' dir='ltr'><strong>praesidebant,</strong></span> 
     </span>
    </p>
   </div>
   <div class='ocr_carea' id='block_1_102' title="bbox 1957 4278 3539 4349">
    <p class='ocr_par' dir='ltr' id='par_1_102' title="bbox 1957 4278 3539 4349">
     <span class='ocr_line' id='line_1_102' title="bbox 1957 4278 3539 4349; baseline 0.004 -16"><span class='ocrx_word' id='word_1_744' title='bbox 1957 4278 2180 4334; x_wconf 79' lang='lat' dir='ltr'><strong>Scrihas</strong></span> <span class='ocrx_word' id='word_1_745' title='bbox 2206 4290 2260 4334; x_wconf 87' lang='lat' dir='ltr'><strong>et</strong></span> <span class='ocrx_word' id='word_1_746' title='bbox 2291 4280 2427 4349; x_wconf 73' lang='lat' dir='ltr'><strong>legis</strong></span> <span class='ocrx_word' id='word_1_747' title='bbox 2458 4278 2708 4334; x_wconf 86' lang='lat' dir='ltr'><strong>doctores</strong></span> <span class='ocrx_word' id='word_1_748' title='bbox 2739 4298 2752 4335; x_wconf 92' lang='lat'><strong>:</strong></span> <span class='ocrx_word' id='word_1_749' title='bbox 2787 4280 2878 4349; x_wconf 89' lang='lat' dir='ltr'><strong>qui</strong></span> <span class='ocrx_word' id='word_1_750' title='bbox 2927 4289 3134 4335; x_wconf 88' lang='lat' dir='ltr'><strong>tantum</strong></span> <span class='ocrx_word' id='word_1_751' title='bbox 3176 4297 3283 4337; x_wconf 89' lang='lat' dir='ltr'><strong>non</strong></span> <span class='ocrx_word' id='word_1_752' title='bbox 3326 4285 3539 4341; x_wconf 86' lang='lat' dir='ltr'><strong>adulte-</strong></span> 
     </span>
    </p>
   </div>
   <div class='ocr_carea' id='block_1_103' title="bbox 1960 4370 3534 4446">
    <p class='ocr_par' dir='ltr' id='par_1_103' title="bbox 1960 4370 3534 4446">
     <span class='ocr_line' id='line_1_103' title="bbox 1960 4370 3534 4446; baseline 0.006 -22"><span class='ocrx_word' id='word_1_753' title='bbox 1960 4378 2156 4425; x_wconf 68' lang='lat' dir='ltr'><strong>rasant</strong></span> <span class='ocrx_word' id='word_1_754' title='bbox 2186 4370 2547 4442; x_wconf 72' lang='lat' dir='ltr'><strong>Synagogam,</strong></span> <span class='ocrx_word' id='word_1_755' title='bbox 2583 4380 2641 4426; x_wconf 91' lang='lat' dir='ltr'><strong>et</strong></span> <span class='ocrx_word' id='word_1_756' title='bbox 2669 4372 2717 4427; x_wconf 90' lang='lat' dir='ltr'><strong>ei</strong></span> <span class='ocrx_word' id='word_1_757' title='bbox 2746 4371 2876 4442; x_wconf 75' lang='lat' dir='ltr'><strong>legis</strong></span> <span class='ocrx_word' id='word_1_758' title='bbox 2917 4382 3187 4442; x_wconf 61' lang='lat' dir='ltr'><strong>praecepta</strong></span> <span class='ocrx_word' id='word_1_759' title='bbox 3231 4374 3534 4446; x_wconf 83' lang='lat' dir='ltr'><strong>loquentes,</strong></span> 
     </span>
    </p>
   </div>
   <div class='ocr_carea' id='block_1_104' title="bbox 1880 4462 3538 4555">
    <p class='ocr_par' dir='ltr' id='par_1_104' title="bbox 1880 4462 3538 4555">
     <span class='ocr_line' id='line_1_104' title="bbox 1880 4462 3538 4555; baseline 0.004 -38"><span class='ocrx_word' id='word_1_760' title='bbox 1880 4499 1926 4555; x_wconf 67' lang='grc' dir='ltr'><strong>Β</strong></span> <span class='ocrx_word' id='word_1_761' title='bbox 1957 4464 2052 4518; x_wconf 89' lang='lat' dir='ltr'><strong>sed</strong></span> <span class='ocrx_word' id='word_1_762' title='bbox 2094 4467 2161 4518; x_wconf 86' lang='lat' dir='ltr'><strong>ad</strong></span> <span class='ocrx_word' id='word_1_763' title='bbox 2215 4477 2338 4534; x_wconf 68' lang='lat' dir='ltr'><strong>qum</strong></span> <span class='ocrx_word' id='word_1_764' title='bbox 2369 4462 2452 4519; x_wconf 79' lang='lat' dir='ltr'><strong>las</strong></span> <span class='ocrx_word' id='word_1_765' title='bbox 2480 4477 2586 4517; x_wconf 89' lang='lat' dir='ltr'><strong>non</strong></span> <span class='ocrx_word' id='word_1_766' title='bbox 2615 4471 2731 4518; x_wconf 87' lang='lat' dir='ltr'><strong>erat</strong></span> <span class='ocrx_word' id='word_1_767' title='bbox 2756 4463 3162 4531; x_wconf 88' lang='lat' dir='ltr'><strong>detorquentes,</strong></span> <span class='ocrx_word' id='word_1_768' title='bbox 3192 4474 3247 4521; x_wconf 92' lang='lat' dir='ltr'><strong>et</strong></span> <span class='ocrx_word' id='word_1_769' title='bbox 3279 4468 3538 4524; x_wconf 80' lang='lat' dir='ltr'><strong>docentes</strong></span> 
     </span>
    </p>
   </div>
   <div class='ocr_carea' id='block_1_105' title="bbox 1958 4554 3537 4615">
    <p class='ocr_par' dir='ltr' id='par_1_105' title="bbox 1958 4554 3537 4615">
     <span class='ocr_line' id='line_1_105' title="bbox 1958 4554 3537 4615; baseline 0.005 -8"><span class='ocrx_word' id='word_1_770' title='bbox 1958 4554 2237 4610; x_wconf 86' lang='lat' dir='ltr'><strong>doctrinas</strong></span> <span class='ocrx_word' id='word_1_771' title='bbox 2268 4556 2527 4610; x_wconf 78' lang='lat' dir='ltr'><strong>mandata</strong></span> <span class='ocrx_word' id='word_1_772' title='bbox 2563 4554 2869 4610; x_wconf 83' lang='lat' dir='ltr'><strong>hominum.</strong></span> <span class='ocrx_word' id='word_1_773' title='bbox 2901 4554 3158 4611; x_wconf 68' lang='lat' dir='ltr'><strong>Meretrix</strong></span> <span class='ocrx_word' id='word_1_774' title='bbox 3198 4568 3375 4613; x_wconf 88' lang='lat' dir='ltr'><strong>autem</strong></span> <span class='ocrx_word' id='word_1_775' title='bbox 3420 4574 3537 4615; x_wconf 84' lang='lat' dir='ltr'><strong>me-</strong></span> 
     </span>
    </p>
   </div>
   <div class='ocr_carea' id='block_1_106' title="bbox 1958 4644 3538 4721">
    <p class='ocr_par' dir='ltr' id='par_1_106' title="bbox 1958 4644 3538 4721">
     <span class='ocr_line' id='line_1_106' title="bbox 1958 4644 3538 4721; baseline 0.004 -23"><span class='ocrx_word' id='word_1_776' title='bbox 1958 4644 2065 4699; x_wconf 86' lang='lat' dir='ltr'><strong>rito</strong></span> <span class='ocrx_word' id='word_1_777' title='bbox 2091 4654 2211 4701; x_wconf 88' lang='lat' dir='ltr'><strong>erat</strong></span> <span class='ocrx_word' id='word_1_778' title='bbox 2260 4644 2571 4702; x_wconf 65' lang='lat' dir='ltr'><strong>Judmorum</strong></span> <span class='ocrx_word' id='word_1_779' title='bbox 2602 4645 2919 4717; x_wconf 16' lang='lat' dir='ltr'><strong>‘Synagoga,</strong></span> <span class='ocrx_word' id='word_1_780' title='bbox 2946 4648 3004 4700; x_wconf 82' lang='lat' dir='ltr'><strong>ut</strong></span> <span class='ocrx_word' id='word_1_781' title='bbox 3033 4656 3152 4715; x_wconf 64' lang='lat' dir='ltr'><strong>Quae</strong></span> <span class='ocrx_word' id='word_1_782' title='bbox 3184 4648 3350 4721; x_wconf 75' lang='lat'><strong>799</strong></span> <span class='ocrx_word' id='word_1_783' title='bbox 3383 4653 3538 4705; x_wconf 82' lang='lat' dir='ltr'><strong>adul-</strong></span> 
     </span>
    </p>
   </div>
   <div class='ocr_carea' id='block_1_107' title="bbox 1959 4736 3540 4810">
    <p class='ocr_par' dir='ltr' id='par_1_107' title="bbox 1959 4736 3540 4810">
     <span class='ocr_line' id='line_1_107' title="bbox 1959 4736 3540 4810; baseline 0.006 -19"><span class='ocrx_word' id='word_1_784' title='bbox 1959 4746 2198 4792; x_wconf 86' lang='lat' dir='ltr'><strong>terorum</strong></span> <span class='ocrx_word' id='word_1_785' title='bbox 2244 4739 2453 4794; x_wconf 73' lang='lat' dir='ltr'><strong>Semina</strong></span> <span class='ocrx_word' id='word_1_786' title='bbox 2513 4739 2800 4807; x_wconf 86' lang='lat' dir='ltr'><strong>reciperet,</strong></span> <span class='ocrx_word' id='word_1_787' title='bbox 2848 4748 2903 4794; x_wconf 92' lang='lat' dir='ltr'><strong>et</strong></span> <span class='ocrx_word' id='word_1_788' title='bbox 2948 4736 3336 4810; x_wconf 77' lang='lat' dir='ltr'><strong>sapientissimi</strong></span> <span class='ocrx_word' id='word_1_789' title='bbox 3376 4745 3540 4801; x_wconf 82' lang='lat' dir='ltr'><strong>Musis</strong></span> 
     </span>
    </p>
   </div>
   <div class='ocr_carea' id='block_1_108' title="bbox 1960 4827 3542 4905">
    <p class='ocr_par' dir='ltr' id='par_1_108' title="bbox 1960 4827 3542 4905">
     <span class='ocr_line' id='line_1_108' title="bbox 1960 4827 3542 4905; baseline 0.007 -25"><span class='ocrx_word' id='word_1_790' title='bbox 1960 4827 2132 4897; x_wconf 78' lang='lat' dir='ltr'><strong>legem</strong></span> <span class='ocrx_word' id='word_1_791' title='bbox 2189 4830 2522 4899; x_wconf 80' lang='lat' dir='ltr'><strong>repudiaret.</strong></span> <span class='ocrx_word' id='word_1_792' title='bbox 2578 4827 2718 4884; x_wconf 80' lang='lat' dir='ltr'><strong>Hinc</strong></span> <span class='ocrx_word' id='word_1_793' title='bbox 2757 4843 2852 4886; x_wconf 88' lang='lat' dir='ltr'><strong>eos</strong></span> <span class='ocrx_word' id='word_1_794' title='bbox 2898 4832 3257 4889; x_wconf 85' lang='lat' dir='ltr'><strong>meritissimo</strong></span> <span class='ocrx_word' id='word_1_795' title='bbox 3306 4836 3542 4905; x_wconf 83' lang='lat' dir='ltr'><strong>appellat</strong></span> 
     </span>
    </p>
   </div>
   <div class='ocr_carea' id='block_1_109' title="bbox 1959 4919 3542 4995">
    <p class='ocr_par' dir='ltr' id='par_1_109' title="bbox 1959 4919 3542 4995">
     <span class='ocr_line' id='line_1_109' title="bbox 1959 4919 3542 4995; baseline 0.006 -22"><span class='ocrx_word' id='word_1_796' title='bbox 1959 4919 2100 4975; x_wconf 84' lang='lat' dir='ltr'><strong>ﬁlios</strong></span> <span class='ocrx_word' id='word_1_797' title='bbox 2148 4921 2470 4992; x_wconf 87' lang='lat' dir='ltr'><strong>iniquitatis.</strong></span> <span class='ocrx_word' id='word_1_798' title='bbox 2530 4922 2701 4979; x_wconf 89' lang='lat' dir='ltr'><strong>Dicite</strong></span> <span class='ocrx_word' id='word_1_799' title='bbox 2734 4937 2887 4994; x_wconf 78' lang='lat' dir='ltr'><strong>ergo,</strong></span> <span class='ocrx_word' id='word_1_800' title='bbox 2957 4924 3153 4995; x_wconf 86' lang='lat' dir='ltr'><strong>inquit,</strong></span> <span class='ocrx_word' id='word_1_801' title='bbox 3211 4926 3264 4981; x_wconf 90' lang='lat' dir='ltr'><strong>in</strong></span> <span class='ocrx_word' id='word_1_802' title='bbox 3298 4938 3405 4994; x_wconf 84' lang='lat' dir='ltr'><strong>quo</strong></span> <span class='ocrx_word' id='word_1_803' title='bbox 3456 4928 3542 4982; x_wconf 91' lang='lat' dir='ltr'><strong>in-</strong></span> 
     </span>
    </p>
   </div>
   <div class='ocr_carea' id='block_1_110' title="bbox 1961 5012 3539 5086">
    <p class='ocr_par' dir='ltr' id='par_1_110' title="bbox 1961 5012 3539 5086">
     <span class='ocr_line' id='line_1_110' title="bbox 1961 5012 3539 5086; baseline 0.004 -20"><span class='ocrx_word' id='word_1_804' title='bbox 1961 5012 2207 5068; x_wconf 85' lang='lat' dir='ltr'><strong>sultastis</strong></span> <span class='ocrx_word' id='word_1_805' title='bbox 2233 5054 2246 5079; x_wconf 87' lang='lat'><strong>,</strong></span> <span class='ocrx_word' id='word_1_806' title='bbox 2286 5023 2341 5069; x_wconf 88' lang='lat' dir='ltr'><strong>et</strong></span> <span class='ocrx_word' id='word_1_807' title='bbox 2390 5025 2580 5071; x_wconf 87' lang='lat' dir='ltr'><strong>contra</strong></span> <span class='ocrx_word' id='word_1_808' title='bbox 2632 5030 2792 5085; x_wconf 85' lang='lat' dir='ltr'><strong>quem</strong></span> <span class='ocrx_word' id='word_1_809' title='bbox 2844 5016 3139 5086; x_wconf 86' lang='lat' dir='ltr'><strong>aperuistis</strong></span> <span class='ocrx_word' id='word_1_810' title='bbox 3168 5031 3231 5071; x_wconf 89' lang='lat' dir='ltr'><strong>os</strong></span> <span class='ocrx_word' id='word_1_811' title='bbox 3262 5027 3501 5073; x_wconf 79' lang='lat' dir='ltr'><strong>vestrum</strong></span> <span class='ocrx_word' id='word_1_812' title='bbox 3524 5058 3539 5081; x_wconf 87' lang='lat'><strong>,</strong></span> 
     </span>
    </p>
   </div>
   <div class='ocr_carea' id='block_1_111' title="bbox 1958 5105 3540 5180">
    <p class='ocr_par' dir='ltr' id='par_1_111' title="bbox 1958 5105 3540 5180">
     <span class='ocr_line' id='line_1_111' title="bbox 1958 5105 3540 5180; baseline 0.005 -23"><span class='ocrx_word' id='word_1_813' title='bbox 1958 5112 2014 5158; x_wconf 87' lang='lat' dir='ltr'><strong>et</strong></span> <span class='ocrx_word' id='word_1_814' title='bbox 2058 5105 2111 5158; x_wconf 88' lang='lat' dir='ltr'><strong>in</strong></span> <span class='ocrx_word' id='word_1_815' title='bbox 2147 5119 2313 5174; x_wconf 86' lang='lat' dir='ltr'><strong>quem</strong></span> <span class='ocrx_word' id='word_1_816' title='bbox 2358 5105 2584 5162; x_wconf 78' lang='lat' dir='ltr'><strong>lanatis</strong></span> <span class='ocrx_word' id='word_1_817' title='bbox 2635 5106 2875 5178; x_wconf 78' lang='lat' dir='ltr'><strong>linguam</strong></span> <span class='ocrx_word' id='word_1_818' title='bbox 2929 5108 3208 5164; x_wconf 83' lang='lat' dir='ltr'><strong>vestram?</strong></span> <span class='ocrx_word' id='word_1_819' title='bbox 3241 5109 3416 5180; x_wconf 76' lang='lat' dir='ltr'><strong>Saepe,</strong></span> <span class='ocrx_word' id='word_1_820' title='bbox 3455 5111 3540 5165; x_wconf 75' lang='lat' dir='ltr'><strong>in~</strong></span> 
     </span>
    </p>
   </div>
   <div class='ocr_carea' id='block_1_112' title="bbox 1963 5196 3542 5272">
    <p class='ocr_par' dir='ltr' id='par_1_112' title="bbox 1963 5196 3542 5272">
     <span class='ocr_line' id='line_1_112' title="bbox 1963 5196 3542 5272; baseline 0.008 -25"><span class='ocrx_word' id='word_1_821' title='bbox 1963 5196 2106 5264; x_wconf 86' lang='lat' dir='ltr'><strong>quit,</strong></span> <span class='ocrx_word' id='word_1_822' title='bbox 2152 5196 2385 5251; x_wconf 84' lang='lat' dir='ltr'><strong>ludibrio</strong></span> <span class='ocrx_word' id='word_1_823' title='bbox 2441 5198 2707 5254; x_wconf 83' lang='lat' dir='ltr'><strong>habuistis</strong></span> <span class='ocrx_word' id='word_1_824' title='bbox 2756 5208 2980 5256; x_wconf 83' lang='lat' dir='ltr'><strong>sanctos</strong></span> <span class='ocrx_word' id='word_1_825' title='bbox 3020 5203 3354 5272; x_wconf 82' lang='lat' dir='ltr'><strong>prophetas:</strong></span> <span class='ocrx_word' id='word_1_826' title='bbox 3389 5203 3542 5272; x_wconf 79' lang='lat' dir='ltr'><strong>atqui</strong></span> 
     </span>
    </p>
   </div>
   <div class='ocr_carea' id='block_1_113' title="bbox 1965 5288 3543 5359">
    <p class='ocr_par' dir='ltr' id='par_1_113' title="bbox 1965 5288 3543 5359">
     <span class='ocr_line' id='line_1_113' title="bbox 1965 5288 3543 5359; baseline 0.006 -18"><span class='ocrx_word' id='word_1_827' title='bbox 1965 5299 2124 5342; x_wconf 88' lang='lat' dir='ltr'><strong>erant</strong></span> <span class='ocrx_word' id='word_1_828' title='bbox 2149 5288 2224 5342; x_wconf 84' lang='lat' dir='ltr'><strong>illi</strong></span> <span class='ocrx_word' id='word_1_829' title='bbox 2256 5288 2503 5359; x_wconf 75' lang='lat' dir='ltr'><strong>germani</strong></span> <span class='ocrx_word' id='word_1_830' title='bbox 2536 5289 2631 5344; x_wconf 82' lang='lat' dir='ltr'><strong>Bel</strong></span> <span class='ocrx_word' id='word_1_831' title='bbox 2663 5290 2859 5346; x_wconf 88' lang='lat' dir='ltr'><strong>summi</strong></span> <span class='ocrx_word' id='word_1_832' title='bbox 2895 5288 3009 5358; x_wconf 86' lang='lat' dir='ltr'><strong>lilii,</strong></span> <span class='ocrx_word' id='word_1_833' title='bbox 3055 5306 3243 5347; x_wconf 85' lang='lat' dir='ltr'><strong>verum</strong></span> <span class='ocrx_word' id='word_1_834' title='bbox 3271 5301 3325 5348; x_wconf 86' lang='lat' dir='ltr'><strong>et</strong></span> <span class='ocrx_word' id='word_1_835' title='bbox 3353 5293 3543 5350; x_wconf 78' lang='lat' dir='ltr'><strong>famuli</strong></span> 
     </span>
    </p>
   </div>
   <div class='ocr_carea' id='block_1_114' title="bbox 1965 5380 3543 5445">
    <p class='ocr_par' dir='ltr' id='par_1_114' title="bbox 1965 5380 3543 5445">
     <span class='ocr_line' id='line_1_114' title="bbox 1965 5380 3543 5445; baseline 0.004 -11"><span class='ocrx_word' id='word_1_836' title='bbox 1965 5388 2020 5434; x_wconf 90' lang='lat' dir='ltr'><strong>ct</strong></span> <span class='ocrx_word' id='word_1_837' title='bbox 2056 5380 2280 5445; x_wconf 85' lang='lat' dir='ltr'><strong>subditi,</strong></span> <span class='ocrx_word' id='word_1_838' title='bbox 2310 5389 2365 5434; x_wconf 90' lang='lat' dir='ltr'><strong>et</strong></span> <span class='ocrx_word' id='word_1_839' title='bbox 2392 5382 2642 5436; x_wconf 67' lang='lat' dir='ltr'><strong>humanae</strong></span> <span class='ocrx_word' id='word_1_840' title='bbox 2666 5382 2992 5439; x_wconf 79' lang='lat' dir='ltr'><strong>cunditionis</strong></span> <span class='ocrx_word' id='word_1_841' title='bbox 3018 5401 3032 5437; x_wconf 88' lang='lat'><strong>:</strong></span> <span class='ocrx_word' id='word_1_842' title='bbox 3069 5397 3133 5439; x_wconf 92' lang='lat' dir='ltr'><strong>ac</strong></span> <span class='ocrx_word' id='word_1_843' title='bbox 3162 5385 3217 5439; x_wconf 91' lang='lat' dir='ltr'><strong>in</strong></span> <span class='ocrx_word' id='word_1_844' title='bbox 3249 5394 3543 5442; x_wconf 79' lang='lat' dir='ltr'><strong>conservas</strong></span> 
     </span>
    </p>
   </div>
   <div class='ocr_carea' id='block_1_115' title="bbox 1968 5471 3546 5553">
    <p class='ocr_par' dir='ltr' id='par_1_115' title="bbox 1968 5471 3546 5553">
     <span class='ocr_line' id='line_1_115' title="bbox 1968 5471 3546 5553; baseline 0.01 -29"><span class='ocrx_word' id='word_1_845' title='bbox 1968 5471 2034 5527; x_wconf 86' lang='lat' dir='ltr'><strong>ab</strong></span> <span class='ocrx_word' id='word_1_846' title='bbox 2061 5472 2191 5545; x_wconf 87' lang='lat' dir='ltr'><strong>ipsis</strong></span> <span class='ocrx_word' id='word_1_847' title='bbox 2218 5481 2430 5547; x_wconf 82' lang='lat' dir='ltr'><strong>patrata</strong></span> <span class='ocrx_word' id='word_1_848' title='bbox 2461 5482 2589 5531; x_wconf 81' lang='lat' dir='ltr'><strong>sunt</strong></span> <span class='ocrx_word' id='word_1_849' title='bbox 2618 5473 2884 5532; x_wconf 78' lang='lat' dir='ltr'><strong>facinora.</strong></span> <span class='ocrx_word' id='word_1_850' title='bbox 2915 5476 3068 5533; x_wconf 81' lang='lat' dir='ltr'><strong>Nunc</strong></span> <span class='ocrx_word' id='word_1_851' title='bbox 3098 5487 3277 5535; x_wconf 75' lang='lat' dir='ltr'><strong>autem</strong></span> <span class='ocrx_word' id='word_1_852' title='bbox 3304 5480 3359 5536; x_wconf 91' lang='lat' dir='ltr'><strong>in</strong></span> <span class='ocrx_word' id='word_1_853' title='bbox 3383 5492 3546 5553; x_wconf 83' lang='lat' dir='ltr'><strong>quem</strong></span> 
     </span>
    </p>
   </div>
   <div class='ocr_carea' id='block_1_116' title="bbox 341 5709 1845 5785">
    <p class='ocr_par' dir='ltr' id='par_1_116' title="bbox 341 5709 1845 5783">
     <span class='ocr_line' id='line_1_116' title="bbox 341 5709 1845 5783; baseline 0 -15"><span class='ocrx_word' id='word_1_854' title='bbox 341 5710 386 5749; x_wconf 71' lang='grc' dir='ltr'><strong>ν</strong></span> <span class='ocrx_word' id='word_1_855' title='bbox 421 5709 580 5777; x_wconf 87' lang='lat' dir='ltr'><strong>Osee,</strong></span> <span class='ocrx_word' id='word_1_856' title='bbox 617 5726 712 5775; x_wconf 80' lang='lat' dir='ltr'><strong>vn,</strong></span> <span class='ocrx_word' id='word_1_857' title='bbox 747 5712 833 5766; x_wconf 77' lang='grc'><strong>15.</strong></span> <span class='ocrx_word' id='word_1_858' title='bbox 907 5715 950 5746; x_wconf 84' lang='grc'><strong>⁹¹</strong></span> <span class='ocrx_word' id='word_1_859' title='bbox 976 5713 1091 5771; x_wconf 82' lang='lat' dir='ltr'><strong>Jcr.</strong></span> <span class='ocrx_word' id='word_1_860' title='bbox 1125 5732 1224 5782; x_wconf 77' lang='grc' dir='ltr'>ιιι,</span> <span class='ocrx_word' id='word_1_861' title='bbox 1255 5717 1309 5783; x_wconf 89' lang='grc'>7,</span> <span class='ocrx_word' id='word_1_862' title='bbox 1340 5716 1394 5770; x_wconf 89' lang='grc'>8.</span> <span class='ocrx_word' id='word_1_863' title='bbox 1428 5714 1517 5759; x_wconf 82' lang='grc'><strong>-⁹³</strong></span> <span class='ocrx_word' id='word_1_864' title='bbox 1545 5713 1704 5773; x_wconf 84' lang='lat' dir='ltr'><strong>Joan.</strong></span> <span class='ocrx_word' id='word_1_865' title='bbox 1740 5729 1845 5778; x_wconf 76' lang='lat' dir='ltr'><strong>nx,</strong></span> 
     </span>
    </p>
   </div>
   <div class='ocr_carea' id='block_1_117' title="bbox 1947 5709 2554 5785">
    <p class='ocr_par' dir='ltr' id='par_1_117' title="bbox 1947 5713 2554 5785">
     <span class='ocr_line' id='line_1_117' title="bbox 1947 5713 2554 5785; baseline -0.002 -13"><span class='ocrx_word' id='word_1_866' title='bbox 1947 5743 1970 5772; x_wconf 83' lang='grc' dir='ltr'><strong>ι.</strong></span> <span class='ocrx_word' id='word_1_867' title='bbox 2012 5716 2058 5747; x_wconf 65' lang='grc'><strong>’³</strong></span> <span class='ocrx_word' id='word_1_868' title='bbox 2090 5713 2282 5773; x_wconf 77' lang='lat' dir='ltr'><strong>Matth.</strong></span> <span class='ocrx_word' id='word_1_869' title='bbox 2313 5730 2425 5785; x_wconf 74' lang='lat' dir='ltr'><strong>ut,</strong></span> <span class='ocrx_word' id='word_1_870' title='bbox 2466 5714 2554 5771; x_wconf 79' lang='lat'><strong>58.</strong></span> 
     </span>
    </p>
   </div>
   <div class='ocr_carea' id='block_1_118' title="bbox 602 5826 1277 5896">
    <p class='ocr_par' dir='ltr' id='par_1_118' title="bbox 602 5826 1277 5896">
     <span class='ocr_line' id='line_1_118' title="bbox 602 5826 1277 5896; baseline 0.007 -5"><span class='ocrx_word' id='word_1_871' title='bbox 602 5826 876 5892; x_wconf 71' lang='grc' dir='ltr'>Ρηιιοι..</span> <span class='ocrx_word' id='word_1_872' title='bbox 917 5831 1032 5894; x_wconf 81' lang='lat' dir='ltr'><strong>(ia.</strong></span> <span class='ocrx_word' id='word_1_873' title='bbox 1082 5831 1277 5896; x_wconf 79' lang='lat' dir='ltr'><strong>LXX.</strong></span> 
     </span>
    </p>
   </div>
   <div class='ocr_carea' id='block_1_119' title="bbox 3181 5830 3258 5897">
    <p class='ocr_par' dir='ltr' id='par_1_119' title="bbox 3181 5830 3258 5897">
     <span class='ocr_line' id='line_1_119' title="bbox 3181 5830 3258 5897; baseline 0.026 -2"><span class='ocrx_word' id='word_1_874' title='bbox 3181 5830 3258 5897; x_wconf 72' lang='grc'>40</span> 
     </span>
    </p>
   </div>
  </div>
