  <div class='ocr_page' id='page_1' title='image "/cluster/home/n/w/nwhite01/storage/ocr_20150623/70/mdp.39015078384453/637.png"; bbox 0 0 4092 6296; ppageno 0'>
   <div class='ocr_carea' id='block_1_1' title="bbox 602 269 3896 370">
    <p class='ocr_par' dir='ltr' id='par_1_1' title="bbox 602 269 3896 370">
     <span class='ocr_line' id='line_1_1' title="bbox 602 269 3896 370; baseline 0 -5"><span class='ocrx_word' id='word_1_1' title='bbox 602 269 756 366; x_wconf 61' lang='lat' dir='ltr'><strong>sese</strong></span> <span class='ocrx_word' id='word_1_2' title='bbox 1635 310 1695 367; x_wconf 73' lang='grc' dir='ltr'>ε.</span> <span class='ocrx_word' id='word_1_3' title='bbox 1734 309 2011 366; x_wconf 76' lang='lat' dir='ltr'><strong>C‘YltlLLl</strong></span> <span class='ocrx_word' id='word_1_4' title='bbox 2052 307 2522 367; x_wconf 76' lang='lat' dir='ltr'><strong>ALEXANDRINI</strong></span> <span class='ocrx_word' id='word_1_5' title='bbox 2562 310 2885 370; x_wconf 79' lang='lat' dir='ltr'><strong>ARCIIIEP.</strong></span> <span class='ocrx_word' id='word_1_6' title='bbox 3745 309 3896 366; x_wconf 68' lang='grc' dir='ltr'>ιεοο</span> 
     </span>
    </p>
   </div>
   <div class='ocr_carea' id='block_1_2' title="bbox 614 425 2173 501">
    <p class='ocr_par' dir='ltr' id='par_1_2' title="bbox 614 425 2173 499">
     <span class='ocr_line' id='line_1_2' title="bbox 614 425 2173 499; baseline 0.001 -18"><span class='ocrx_word' id='word_1_7' title='bbox 614 426 852 499; x_wconf 67' lang='lat' dir='ltr'><strong>linguam</strong></span> <span class='ocrx_word' id='word_1_8' title='bbox 906 426 1218 483; x_wconf 79' lang='lat' dir='ltr'><strong>laxavistis?</strong></span> <span class='ocrx_word' id='word_1_9' title='bbox 1283 425 1422 499; x_wconf 79' lang='lat' dir='ltr'><strong>[Non</strong></span> <span class='ocrx_word' id='word_1_10' title='bbox 1473 427 1615 482; x_wconf 86' lang='lat' dir='ltr'><strong>enim</strong></span> <span class='ocrx_word' id='word_1_11' title='bbox 1672 429 1948 499; x_wconf 76' lang='lat' dir='ltr'><strong>prophetis</strong></span> <span class='ocrx_word' id='word_1_12' title='bbox 1995 429 2173 485; x_wconf 70' lang='lat' dir='ltr'><strong>similis</strong></span> 
     </span>
    </p>
   </div>
   <div class='ocr_carea' id='block_1_3' title="bbox 2274 425 3893 501">
    <p class='ocr_par' dir='ltr' id='par_1_3' title="bbox 2294 425 3893 501">
     <span class='ocr_line' id='line_1_3' title="bbox 2294 425 3893 501; baseline -0.001 -17"><span class='ocrx_word' id='word_1_13' title='bbox 2294 430 2466 501; x_wconf 82' lang='grc' dir='ltr'>ὑμῶν.</span> <span class='ocrx_word' id='word_1_14' title='bbox 2521 432 2726 498; x_wconf 76' lang='grc' dir='ltr'>Πολλὰς</span> <span class='ocrx_word' id='word_1_15' title='bbox 2767 432 3081 495; x_wconf 79' lang='grc' dir='ltr'><strong>πλειστάκις</strong></span> <span class='ocrx_word' id='word_1_16' title='bbox 3133 428 3482 498; x_wconf 75' lang='grc' dir='ltr'>ἐποιήσασθε,</span> <span class='ocrx_word' id='word_1_17' title='bbox 3530 425 3685 499; x_wconf 68' lang='grc' dir='ltr'>φησὶ,</span> <span class='ocrx_word' id='word_1_18' title='bbox 3718 425 3893 482; x_wconf 72' lang='grc' dir='ltr'>λοιδο-</span> 
     </span>
    </p>
   </div>
   <div class='ocr_carea' id='block_1_4' title="bbox 614 517 2173 597">
    <p class='ocr_par' dir='ltr' id='par_1_4' title="bbox 614 519 2173 593">
     <span class='ocr_line' id='line_1_4' title="bbox 614 519 2173 593; baseline -0.001 -20"><span class='ocrx_word' id='word_1_19' title='bbox 614 519 736 587; x_wconf 83' lang='lat' dir='ltr'><strong>fnit,</strong></span> <span class='ocrx_word' id='word_1_20' title='bbox 771 528 970 576; x_wconf 71' lang='lat' dir='ltr'><strong>nostra:</strong></span> <span class='ocrx_word' id='word_1_21' title='bbox 998 521 1324 575; x_wconf 78' lang='lat' dir='ltr'><strong>conditionis</strong></span> <span class='ocrx_word' id='word_1_22' title='bbox 1356 519 1613 584; x_wconf 85' lang='lat' dir='ltr'><strong>famulus.</strong></span> <span class='ocrx_word' id='word_1_23' title='bbox 1651 523 1781 593; x_wconf 83' lang='lat' dir='ltr'><strong>jugo</strong></span> <span class='ocrx_word' id='word_1_24' title='bbox 1813 523 2062 577; x_wconf 75' lang='lat' dir='ltr'><strong>subditus</strong></span> <span class='ocrx_word' id='word_1_25' title='bbox 2090 538 2104 577; x_wconf 91' lang='lat'><strong>:</strong></span> <span class='ocrx_word' id='word_1_26' title='bbox 2133 534 2173 575; x_wconf 63' lang='lat' dir='ltr'><strong>at</strong></span> 
     </span>
    </p>
   </div>
   <div class='ocr_carea' id='block_1_5' title="bbox 2274 517 3885 597">
    <p class='ocr_par' dir='ltr' id='par_1_5' title="bbox 2294 517 3885 597">
     <span class='ocr_line' id='line_1_5' title="bbox 2294 517 3885 597; baseline 0 -21"><span class='ocrx_word' id='word_1_27' title='bbox 2294 524 2415 593; x_wconf 83' lang='grc' dir='ltr'>ριας</span> <span class='ocrx_word' id='word_1_28' title='bbox 2449 523 2590 578; x_wconf 87' lang='grc' dir='ltr'><strong>κατά</strong></span> <span class='ocrx_word' id='word_1_29' title='bbox 2631 526 2927 597; x_wconf 75' lang='grc' dir='ltr'>προφητῶν</span> <span class='ocrx_word' id='word_1_30' title='bbox 2958 523 3146 593; x_wconf 73' lang='grc' dir='ltr'>ἁγίων,</span> <span class='ocrx_word' id='word_1_31' title='bbox 3181 521 3294 575; x_wconf 82' lang='grc' dir='ltr'>ἀλλ’</span> <span class='ocrx_word' id='word_1_32' title='bbox 3322 517 3463 592; x_wconf 78' lang='grc' dir='ltr'>ἦσαν</span> <span class='ocrx_word' id='word_1_33' title='bbox 3492 522 3717 585; x_wconf 79' lang='grc' dir='ltr'>ἐκεῖνοι,</span> <span class='ocrx_word' id='word_1_34' title='bbox 3752 520 3885 592; x_wconf 72' lang='grc' dir='ltr'><strong>γνὴο</strong></span> 
     </span>
    </p>
   </div>
   <div class='ocr_carea' id='block_1_6' title="bbox 614 612 2173 687">
    <p class='ocr_par' dir='ltr' id='par_1_6' title="bbox 614 612 2173 684">
     <span class='ocr_line' id='line_1_6' title="bbox 614 612 2173 684; baseline 0.002 -20"><span class='ocrx_word' id='word_1_35' title='bbox 614 612 729 680; x_wconf 88' lang='lat' dir='ltr'><strong>ipse</strong></span> <span class='ocrx_word' id='word_1_36' title='bbox 773 612 1030 667; x_wconf 83' lang='lat' dir='ltr'><strong>Dominus</strong></span> <span class='ocrx_word' id='word_1_37' title='bbox 1080 613 1480 679; x_wconf 81' lang='lat' dir='ltr'><strong>universorum,</strong></span> <span class='ocrx_word' id='word_1_38' title='bbox 1535 615 1633 669; x_wconf 90' lang='lat' dir='ltr'><strong>etsi</strong></span> <span class='ocrx_word' id='word_1_39' title='bbox 1692 615 1910 684; x_wconf 83' lang='lat' dir='ltr'><strong>quidem</strong></span> <span class='ocrx_word' id='word_1_40' title='bbox 1959 614 2173 669; x_wconf 84' lang='lat' dir='ltr'><strong>formau</strong></span> 
     </span>
    </p>
   </div>
   <div class='ocr_carea' id='block_1_7' title="bbox 2274 612 3885 687">
    <p class='ocr_par' dir='ltr' id='par_1_7' title="bbox 2293 612 3885 687">
     <span class='ocr_line' id='line_1_7' title="bbox 2293 612 3885 687; baseline -0.001 -20"><span class='ocrx_word' id='word_1_41' title='bbox 2293 630 2396 667; x_wconf 82' lang='grc' dir='ltr'>σιοι</span> <span class='ocrx_word' id='word_1_42' title='bbox 2443 614 2543 686; x_wconf 85' lang='grc' dir='ltr'>μὲν</span> <span class='ocrx_word' id='word_1_43' title='bbox 2581 617 2659 687; x_wconf 77' lang='grc' dir='ltr'>τῷ</span> <span class='ocrx_word' id='word_1_44' title='bbox 2708 616 2802 670; x_wconf 80' lang='grc' dir='ltr'>ὲπὶ</span> <span class='ocrx_word' id='word_1_45' title='bbox 2863 616 3080 669; x_wconf 83' lang='grc' dir='ltr'>πάντων</span> <span class='ocrx_word' id='word_1_46' title='bbox 3119 613 3259 683; x_wconf 81' lang='grc' dir='ltr'>Θεῷ,</span> <span class='ocrx_word' id='word_1_47' title='bbox 3312 612 3452 683; x_wconf 79' lang='grc' dir='ltr'>πλὴν</span> <span class='ocrx_word' id='word_1_48' title='bbox 3484 612 3735 679; x_wconf 81' lang='grc' dir='ltr'>οἰκέται,</span> <span class='ocrx_word' id='word_1_49' title='bbox 3789 614 3885 666; x_wconf 77' lang='grc' dir='ltr'>καὶ</span> 
     </span>
    </p>
   </div>
   <div class='ocr_carea' id='block_1_8' title="bbox 611 703 2192 775">
    <p class='ocr_par' dir='ltr' id='par_1_8' title="bbox 611 703 2192 775">
     <span class='ocr_line' id='line_1_8' title="bbox 611 703 2192 775; baseline -0.001 -16"><span class='ocrx_word' id='word_1_50' title='bbox 611 703 863 759; x_wconf 80' lang='lat' dir='ltr'><strong>servilem</strong></span> <span class='ocrx_word' id='word_1_51' title='bbox 902 704 1155 758; x_wconf 83' lang='lat' dir='ltr'><strong>induerit.</strong></span> <span class='ocrx_word' id='word_1_52' title='bbox 1202 704 1326 759; x_wconf 86' lang='lat' dir='ltr'><strong>Filii</strong></span> <span class='ocrx_word' id='word_1_53' title='bbox 1367 707 1572 775; x_wconf 86' lang='lat' dir='ltr'><strong>itaque,</strong></span> <span class='ocrx_word' id='word_1_54' title='bbox 1622 704 1817 774; x_wconf 86' lang='lat' dir='ltr'><strong>inquit,</strong></span> <span class='ocrx_word' id='word_1_55' title='bbox 1850 705 1984 759; x_wconf 87' lang='lat' dir='ltr'><strong>estis</strong></span> <span class='ocrx_word' id='word_1_56' title='bbox 2009 705 2075 758; x_wconf 87' lang='lat' dir='ltr'><strong>ad</strong></span> <span class='ocrx_word' id='word_1_57' title='bbox 2109 707 2192 758; x_wconf 90' lang='lat' dir='ltr'><strong>in-</strong></span> 
     </span>
    </p>
   </div>
   <div class='ocr_carea' id='block_1_9' title="bbox 613 794 2191 869">
    <p class='ocr_par' dir='ltr' id='par_1_9' title="bbox 613 794 2191 869">
     <span class='ocr_line' id='line_1_9' title="bbox 613 794 2191 869; baseline 0.003 -22"><span class='ocrx_word' id='word_1_58' title='bbox 613 794 830 848; x_wconf 90' lang='lat' dir='ltr'><strong>teritum</strong></span> <span class='ocrx_word' id='word_1_59' title='bbox 867 795 1123 850; x_wconf 80' lang='lat' dir='ltr'><strong>destinati</strong></span> <span class='ocrx_word' id='word_1_60' title='bbox 1179 796 1307 869; x_wconf 86' lang='lat' dir='ltr'><strong>(l).]</strong></span> <span class='ocrx_word' id='word_1_61' title='bbox 1340 796 1448 852; x_wconf 85' lang='lat' dir='ltr'><strong>Nec</strong></span> <span class='ocrx_word' id='word_1_62' title='bbox 1476 797 1618 851; x_wconf 89' lang='lat' dir='ltr'><strong>enim</strong></span> <span class='ocrx_word' id='word_1_63' title='bbox 1673 796 1920 851; x_wconf 80' lang='lat' dir='ltr'><strong>voluistis</strong></span> <span class='ocrx_word' id='word_1_64' title='bbox 1949 796 2191 864; x_wconf 86' lang='lat' dir='ltr'><strong>recipere</strong></span> 
     </span>
    </p>
   </div>
   <div class='ocr_carea' id='block_1_10' title="bbox 608 882 2186 958">
    <p class='ocr_par' dir='ltr' id='par_1_10' title="bbox 608 882 2186 958">
     <span class='ocr_line' id='line_1_10' title="bbox 608 882 2186 958; baseline 0.002 -19"><span class='ocrx_word' id='word_1_65' title='bbox 608 882 982 952; x_wconf 78' lang='lat' dir='ltr'><strong>Servatorem;</strong></span> <span class='ocrx_word' id='word_1_66' title='bbox 1029 897 1083 940; x_wconf 88' lang='lat' dir='ltr'><strong>et</strong></span> <span class='ocrx_word' id='word_1_67' title='bbox 1129 903 1313 942; x_wconf 85' lang='lat' dir='ltr'><strong>semen</strong></span> <span class='ocrx_word' id='word_1_68' title='bbox 1373 890 1613 958; x_wconf 88' lang='lat' dir='ltr'><strong>iniquum</strong></span> <span class='ocrx_word' id='word_1_69' title='bbox 1651 890 1781 943; x_wconf 89' lang='lat' dir='ltr'><strong>estis</strong></span> <span class='ocrx_word' id='word_1_70' title='bbox 1825 907 1837 942; x_wconf 90' lang='lat'>:</span> <span class='ocrx_word' id='word_1_71' title='bbox 1895 903 2002 943; x_wconf 92' lang='lat' dir='ltr'><strong>non</strong></span> <span class='ocrx_word' id='word_1_72' title='bbox 2043 889 2186 943; x_wconf 84' lang='lat' dir='ltr'><strong>enim</strong></span> 
     </span>
    </p>
   </div>
   <div class='ocr_carea' id='block_1_11' title="bbox 611 975 2188 1050">
    <p class='ocr_par' dir='ltr' id='par_1_11' title="bbox 611 975 2188 1050">
     <span class='ocr_line' id='line_1_11' title="bbox 611 975 2188 1050; baseline 0.004 -22"><span class='ocrx_word' id='word_1_73' title='bbox 611 975 807 1030; x_wconf 87' lang='lat' dir='ltr'><strong>tulistis</strong></span> <span class='ocrx_word' id='word_1_74' title='bbox 845 990 1009 1042; x_wconf 90' lang='lat' dir='ltr'><strong>eum,</strong></span> <span class='ocrx_word' id='word_1_75' title='bbox 1057 978 1149 1045; x_wconf 88' lang='lat' dir='ltr'><strong>qui</strong></span> <span class='ocrx_word' id='word_1_76' title='bbox 1204 993 1299 1047; x_wconf 86' lang='lat' dir='ltr'><strong>per</strong></span> <span class='ocrx_word' id='word_1_77' title='bbox 1347 981 1655 1050; x_wconf 80' lang='lat' dir='ltr'><strong>evangelica</strong></span> <span class='ocrx_word' id='word_1_78' title='bbox 1714 978 1931 1035; x_wconf 87' lang='lat' dir='ltr'><strong>oracula</strong></span> <span class='ocrx_word' id='word_1_79' title='bbox 1979 994 2072 1034; x_wconf 88' lang='lat' dir='ltr'><strong>vos</strong></span> <span class='ocrx_word' id='word_1_80' title='bbox 2123 980 2188 1034; x_wconf 84' lang='lat' dir='ltr'><strong>ad</strong></span> 
     </span>
    </p>
   </div>
   <div class='ocr_carea' id='block_1_12' title="bbox 605 1063 1149 1132">
    <p class='ocr_par' dir='ltr' id='par_1_12' title="bbox 605 1063 1149 1132">
     <span class='ocr_line' id='line_1_12' title="bbox 605 1063 1149 1132; baseline 0.011 -16"><span class='ocrx_word' id='word_1_81' title='bbox 605 1063 864 1132; x_wconf 79' lang='lat' dir='ltr'><strong>pietatem</strong></span> <span class='ocrx_word' id='word_1_82' title='bbox 895 1065 1149 1122; x_wconf 86' lang='lat' dir='ltr'><strong>instituit.</strong></span> 
     </span>
    </p>
   </div>
   <div class='ocr_carea' id='block_1_13' title="bbox 679 1254 2185 1322">
    <p class='ocr_par' dir='ltr' id='par_1_13' title="bbox 679 1254 2185 1322">
     <span class='ocr_line' id='line_1_13' title="bbox 679 1254 2185 1322; baseline 0.004 -14"><span class='ocrx_word' id='word_1_83' title='bbox 679 1255 845 1310; x_wconf 70' lang='lat' dir='ltr'><strong>Vens.</strong></span> <span class='ocrx_word' id='word_1_84' title='bbox 882 1254 938 1320; x_wconf 76' lang='lat'><strong>5,</strong></span> <span class='ocrx_word' id='word_1_85' title='bbox 965 1256 1019 1311; x_wconf 89' lang='lat'><strong>&#39;7.</strong></span> <span class='ocrx_word' id='word_1_86' title='bbox 1057 1255 1162 1322; x_wconf 83' lang='lat' dir='ltr'><strong>Qui</strong></span> <span class='ocrx_word' id='word_1_87' title='bbox 1202 1258 1399 1311; x_wconf 77' lang='lat' dir='ltr'><strong>vocatis</strong></span> <span class='ocrx_word' id='word_1_88' title='bbox 1444 1260 1513 1311; x_wconf 85' lang='lat' dir='ltr'><strong>ad</strong></span> <span class='ocrx_word' id='word_1_89' title='bbox 1568 1260 1711 1313; x_wconf 83' lang='lat' dir='ltr'><strong>idola</strong></span> <span class='ocrx_word' id='word_1_90' title='bbox 1763 1261 1939 1313; x_wconf 83' lang='lat' dir='ltr'><strong>subter</strong></span> <span class='ocrx_word' id='word_1_91' title='bbox 1973 1260 2185 1314; x_wconf 75' lang='lat' dir='ltr'><strong>arbores</strong></span> 
     </span>
    </p>
   </div>
   <div class='ocr_carea' id='block_1_14' title="bbox 603 1347 2185 1418">
    <p class='ocr_par' dir='ltr' id='par_1_14' title="bbox 603 1347 2185 1418">
     <span class='ocr_line' id='line_1_14' title="bbox 603 1347 2185 1418; baseline 0.002 -17"><span class='ocrx_word' id='word_1_92' title='bbox 603 1347 904 1418; x_wconf 78' lang='lat' dir='ltr'><strong>frondosos,</strong></span> <span class='ocrx_word' id='word_1_93' title='bbox 961 1348 1293 1401; x_wconf 84' lang='lat' dir='ltr'><strong>immolantes</strong></span> <span class='ocrx_word' id='word_1_94' title='bbox 1339 1349 1483 1416; x_wconf 77' lang='lat' dir='ltr'><strong>ﬁlios</strong></span> <span class='ocrx_word' id='word_1_95' title='bbox 1512 1362 1709 1405; x_wconf 78' lang='lat' dir='ltr'><strong>vestros</strong></span> <span class='ocrx_word' id='word_1_96' title='bbox 1758 1353 1810 1403; x_wconf 82' lang='lat' dir='ltr'><strong>in</strong></span> <span class='ocrx_word' id='word_1_97' title='bbox 1846 1350 2065 1405; x_wconf 81' lang='lat' dir='ltr'><strong>vallibus</strong></span> <span class='ocrx_word' id='word_1_98' title='bbox 2094 1368 2185 1417; x_wconf 87' lang='lat' dir='ltr'><strong>per</strong></span> 
     </span>
    </p>
   </div>
   <div class='ocr_carea' id='block_1_15' title="bbox 604 1438 2182 1510">
    <p class='ocr_par' dir='ltr' id='par_1_15' title="bbox 604 1438 2182 1510">
     <span class='ocr_line' id='line_1_15' title="bbox 604 1438 2182 1510; baseline 0.004 -20"><span class='ocrx_word' id='word_1_99' title='bbox 604 1441 834 1492; x_wconf 78' lang='lat' dir='ltr'><strong>medium</strong></span> <span class='ocrx_word' id='word_1_100' title='bbox 864 1448 1159 1506; x_wconf 81' lang='lat' dir='ltr'><strong>petrarum.</strong></span> <span class='ocrx_word' id='word_1_101' title='bbox 1208 1438 1335 1493; x_wconf 83' lang='lat' dir='ltr'><strong>ch</strong></span> <span class='ocrx_word' id='word_1_102' title='bbox 1380 1458 1505 1508; x_wconf 82' lang='lat' dir='ltr'><strong>pars</strong></span> <span class='ocrx_word' id='word_1_103' title='bbox 1542 1452 1653 1504; x_wconf 84' lang='lat' dir='ltr'><strong>tua,</strong></span> <span class='ocrx_word' id='word_1_104' title='bbox 1693 1443 1804 1497; x_wconf 67' lang='lat' dir='ltr'><strong>hac</strong></span> <span class='ocrx_word' id='word_1_105' title='bbox 1832 1460 1947 1498; x_wconf 81' lang='lat' dir='ltr'><strong>sors</strong></span> <span class='ocrx_word' id='word_1_106' title='bbox 1979 1454 2092 1510; x_wconf 80' lang='lat' dir='ltr'><strong>tua,</strong></span> <span class='ocrx_word' id='word_1_107' title='bbox 2133 1452 2182 1497; x_wconf 80' lang='lat' dir='ltr'><strong>el</strong></span> 
     </span>
    </p>
   </div>
   <div class='ocr_carea' id='block_1_16' title="bbox 603 1530 2183 1599">
    <p class='ocr_par' dir='ltr' id='par_1_16' title="bbox 603 1530 2183 1599">
     <span class='ocr_line' id='line_1_16' title="bbox 603 1530 2183 1599; baseline 0.003 -16"><span class='ocrx_word' id='word_1_108' title='bbox 603 1530 709 1583; x_wconf 77' lang='lat' dir='ltr'><strong>illis</strong></span> <span class='ocrx_word' id='word_1_109' title='bbox 734 1531 970 1599; x_wconf 78' lang='lat' dir='ltr'><strong>e/l&#39;udisti</strong></span> <span class='ocrx_word' id='word_1_110' title='bbox 1001 1530 1279 1598; x_wconf 74' lang='lat' dir='ltr'><strong>libamina,</strong></span> <span class='ocrx_word' id='word_1_111' title='bbox 1304 1543 1348 1585; x_wconf 82' lang='lat' dir='ltr'><strong>et</strong></span> <span class='ocrx_word' id='word_1_112' title='bbox 1381 1533 1488 1586; x_wconf 76' lang='lat' dir='ltr'><strong>illis</strong></span> <span class='ocrx_word' id='word_1_113' title='bbox 1516 1534 1751 1588; x_wconf 88' lang='lat' dir='ltr'><strong>obtulisti</strong></span> <span class='ocrx_word' id='word_1_114' title='bbox 1789 1536 2012 1589; x_wconf 82' lang='lat' dir='ltr'><strong>hostias.</strong></span> <span class='ocrx_word' id='word_1_115' title='bbox 2049 1534 2183 1588; x_wconf 87' lang='lat' dir='ltr'><strong>Pro-</strong></span> 
     </span>
    </p>
   </div>
   <div class='ocr_carea' id='block_1_17' title="bbox 600 1622 2181 1698">
    <p class='ocr_par' dir='ltr' id='par_1_17' title="bbox 600 1622 2181 1698">
     <span class='ocr_line' id='line_1_17' title="bbox 600 1622 2181 1698; baseline 0.005 -25"><span class='ocrx_word' id='word_1_116' title='bbox 600 1634 713 1687; x_wconf 85' lang='lat' dir='ltr'><strong>pter</strong></span> <span class='ocrx_word' id='word_1_117' title='bbox 743 1622 853 1675; x_wconf 78' lang='lat' dir='ltr'><strong>lucc</strong></span> <span class='ocrx_word' id='word_1_118' title='bbox 882 1637 1003 1691; x_wconf 87' lang='lat' dir='ltr'><strong>ergo</strong></span> <span class='ocrx_word' id='word_1_119' title='bbox 1034 1637 1136 1675; x_wconf 85' lang='lat' dir='ltr'><strong>non</strong></span> <span class='ocrx_word' id='word_1_120' title='bbox 1165 1622 1370 1676; x_wconf 81' lang='lat' dir='ltr'><strong>irascar</strong></span> <span class='ocrx_word' id='word_1_121' title='bbox 1388 1624 1413 1676; x_wconf 87' lang='lat'><strong><em>?</em></strong></span> <span class='ocrx_word' id='word_1_122' title='bbox 1433 1622 1500 1677; x_wconf 87' lang='lat' dir='ltr'><strong>In</strong></span> <span class='ocrx_word' id='word_1_123' title='bbox 1541 1638 1710 1679; x_wconf 81' lang='lat' dir='ltr'><strong>monte</strong></span> <span class='ocrx_word' id='word_1_124' title='bbox 1738 1628 1940 1681; x_wconf 68' lang='lat' dir='ltr'><strong>excelso</strong></span> <span class='ocrx_word' id='word_1_125' title='bbox 1970 1637 2016 1680; x_wconf 87' lang='lat' dir='ltr'><strong>et</strong></span> <span class='ocrx_word' id='word_1_126' title='bbox 2044 1644 2181 1698; x_wconf 72' lang='lat' dir='ltr'><strong>prte-</strong></span> 
     </span>
    </p>
   </div>
   <div class='ocr_carea' id='block_1_18' title="bbox 2291 703 3886 779">
    <p class='ocr_par' dir='ltr' id='par_1_18' title="bbox 2291 703 3886 779">
     <span class='ocr_line' id='line_1_18' title="bbox 2291 703 3886 779; baseline 0.002 -24"><span class='ocrx_word' id='word_1_127' title='bbox 2291 703 2718 774; x_wconf 77' lang='grc' dir='ltr'><strong>ὑπεζευγμένοι,</strong></span> <span class='ocrx_word' id='word_1_128' title='bbox 2765 705 2862 759; x_wconf 76' lang='grc' dir='ltr'>καὶ</span> <span class='ocrx_word' id='word_1_129' title='bbox 2917 706 3116 777; x_wconf 83' lang='grc' dir='ltr'><strong>μέτρον</strong></span> <span class='ocrx_word' id='word_1_130' title='bbox 3156 705 3371 774; x_wconf 78' lang='grc' dir='ltr'>ἔχοντες</span> <span class='ocrx_word' id='word_1_131' title='bbox 3406 704 3469 757; x_wconf 82' lang='grc' dir='ltr'><strong>τὸ</strong></span> <span class='ocrx_word' id='word_1_132' title='bbox 3509 703 3886 779; x_wconf 64' lang='grc' dir='ltr'><strong>ιἐνθρώπινοπιν1</strong></span> 
     </span>
    </p>
   </div>
   <div class='ocr_carea' id='block_1_19' title="bbox 2290 792 3889 867">
    <p class='ocr_par' dir='ltr' id='par_1_19' title="bbox 2290 792 3889 867">
     <span class='ocr_line' id='line_1_19' title="bbox 2290 792 3889 867; baseline 0.002 -21"><span class='ocrx_word' id='word_1_133' title='bbox 2290 795 2384 848; x_wconf 78' lang='grc' dir='ltr'><strong>καὶ</strong></span> <span class='ocrx_word' id='word_1_134' title='bbox 2412 796 2491 859; x_wconf 74' lang='grc' dir='ltr'><strong>εἰς</strong></span> <span class='ocrx_word' id='word_1_135' title='bbox 2519 795 2839 865; x_wconf 75' lang='grc' dir='ltr'>ὁμοδούλους</span> <span class='ocrx_word' id='word_1_136' title='bbox 2864 792 2931 867; x_wconf 76' lang='grc' dir='ltr'>ἦν</span> <span class='ocrx_word' id='word_1_137' title='bbox 2953 797 3021 849; x_wconf 82' lang='grc' dir='ltr'>τὰ</span> <span class='ocrx_word' id='word_1_138' title='bbox 3048 794 3176 867; x_wconf 76' lang='grc' dir='ltr'>παρ’</span> <span class='ocrx_word' id='word_1_139' title='bbox 3198 796 3375 848; x_wconf 77' lang='grc' dir='ltr'>αὐτῶν</span> <span class='ocrx_word' id='word_1_140' title='bbox 3404 794 3858 865; x_wconf 73' lang='grc' dir='ltr'><strong>πλημμελήματα</strong></span> <span class='ocrx_word' id='word_1_141' title='bbox 3875 839 3889 850; x_wconf 93' lang='grc'><strong>.</strong></span> 
     </span>
    </p>
   </div>
   <div class='ocr_carea' id='block_1_20' title="bbox 2288 886 3890 958">
    <p class='ocr_par' dir='ltr' id='par_1_20' title="bbox 2288 886 3890 958">
     <span class='ocr_line' id='line_1_20' title="bbox 2288 886 3890 958; baseline -0.002 -17"><span class='ocrx_word' id='word_1_142' title='bbox 2288 888 2425 941; x_wconf 70' lang='grc' dir='ltr'>Νυνὶ</span> <span class='ocrx_word' id='word_1_143' title='bbox 2468 887 2524 940; x_wconf 83' lang='grc' dir='ltr'>δὲ</span> <span class='ocrx_word' id='word_1_144' title='bbox 2556 890 2648 941; x_wconf 76' lang='grc' dir='ltr'><strong>ἐπὶ</strong></span> <span class='ocrx_word' id='word_1_145' title='bbox 2679 889 2803 941; x_wconf 83' lang='grc' dir='ltr'>τίνα</span> <span class='ocrx_word' id='word_1_146' title='bbox 2847 888 2943 958; x_wconf 85' lang='grc' dir='ltr'>τὴν</span> <span class='ocrx_word' id='word_1_147' title='bbox 2978 886 3231 955; x_wconf 86' lang='grc' dir='ltr'>γλῶσσαν</span> <span class='ocrx_word' id='word_1_148' title='bbox 3274 886 3614 957; x_wconf 84' lang='grc' dir='ltr'>ὲχαλάσατε;</span> <span class='ocrx_word' id='word_1_149' title='bbox 3652 887 3729 938; x_wconf 80' lang='grc' dir='ltr'><strong>Οὐ</strong></span> <span class='ocrx_word' id='word_1_150' title='bbox 3776 886 3890 953; x_wconf 70' lang='grc' dir='ltr'>γὰρ</span> 
     </span>
    </p>
   </div>
   <div class='ocr_carea' id='block_1_21' title="bbox 2287 978 3892 1049">
    <p class='ocr_par' dir='ltr' id='par_1_21' title="bbox 2287 978 3892 1049">
     <span class='ocr_line' id='line_1_21' title="bbox 2287 978 3892 1049; baseline -0.002 -17"><span class='ocrx_word' id='word_1_151' title='bbox 2287 978 2589 1049; x_wconf 73' lang='grc' dir='ltr'>ἠθελήσατε</span> <span class='ocrx_word' id='word_1_152' title='bbox 2619 979 2801 1032; x_wconf 81' lang='grc' dir='ltr'>λαϐεῖν</span> <span class='ocrx_word' id='word_1_153' title='bbox 2829 980 2921 1033; x_wconf 81' lang='grc' dir='ltr'><strong>τὸν</strong></span> <span class='ocrx_word' id='word_1_154' title='bbox 2953 978 3193 1044; x_wconf 78' lang='grc' dir='ltr'><strong>σώζοντα</strong></span> <span class='ocrx_word' id='word_1_155' title='bbox 3216 993 3230 1008; x_wconf 89' lang='grc'>·</span> <span class='ocrx_word' id='word_1_156' title='bbox 3260 978 3353 1031; x_wconf 74' lang='grc' dir='ltr'><strong>καὶ</strong></span> <span class='ocrx_word' id='word_1_157' title='bbox 3388 978 3613 1049; x_wconf 89' lang='grc' dir='ltr'>σπέρμα</span> <span class='ocrx_word' id='word_1_158' title='bbox 3651 978 3892 1047; x_wconf 58' lang='grc' dir='ltr'>ἄνομον</span> 
     </span>
    </p>
   </div>
   <div class='ocr_carea' id='block_1_22' title="bbox 2286 1068 3901 1143">
    <p class='ocr_par' dir='ltr' id='par_1_22' title="bbox 2286 1068 3901 1143">
     <span class='ocr_line' id='line_1_22' title="bbox 2286 1068 3901 1143; baseline 0.001 -19"><span class='ocrx_word' id='word_1_159' title='bbox 2286 1071 2349 1124; x_wconf 79' lang='grc' dir='ltr'><strong>οὐ</strong></span> <span class='ocrx_word' id='word_1_160' title='bbox 2381 1076 2490 1142; x_wconf 82' lang='grc' dir='ltr'>γὰρ</span> <span class='ocrx_word' id='word_1_161' title='bbox 2519 1070 2782 1141; x_wconf 73' lang='grc' dir='ltr'>ἡνέχεσθε</span> <span class='ocrx_word' id='word_1_162' title='bbox 2813 1070 2905 1124; x_wconf 81' lang='grc' dir='ltr'>τοῦ</span> <span class='ocrx_word' id='word_1_163' title='bbox 2935 1069 3437 1143; x_wconf 79' lang='grc' dir='ltr'>καταρυθμίζοντος</span> <span class='ocrx_word' id='word_1_164' title='bbox 3473 1071 3556 1132; x_wconf 76' lang='grc' dir='ltr'>εἰς</span> <span class='ocrx_word' id='word_1_165' title='bbox 3588 1068 3901 1131; x_wconf 64' lang='grc' dir='ltr'>εὐσέϐειαν,</span> 
     </span>
    </p>
   </div>
   <div class='ocr_carea' id='block_1_23' title="bbox 2262 1162 3211 1232">
    <p class='ocr_par' dir='ltr' id='par_1_23' title="bbox 2262 1162 3211 1232">
     <span class='ocr_line' id='line_1_23' title="bbox 2262 1162 3211 1232; baseline 0.002 -18"><span class='ocrx_word' id='word_1_166' title='bbox 2262 1162 2372 1221; x_wconf 80' lang='grc' dir='ltr'>διὰ</span> <span class='ocrx_word' id='word_1_167' title='bbox 2400 1162 2786 1232; x_wconf 83' lang='grc' dir='ltr'>θεσπισμάτων</span> <span class='ocrx_word' id='word_1_168' title='bbox 2814 1162 3211 1231; x_wconf 83' lang='grc' dir='ltr'>εὐαγγελικῶν.</span> 
     </span>
    </p>
   </div>
   <div class='ocr_carea' id='block_1_24' title="bbox 2360 1251 3887 1325">
    <p class='ocr_par' dir='ltr' id='par_1_24' title="bbox 2360 1251 3887 1325">
     <span class='ocr_line' id='line_1_24' title="bbox 2360 1251 3887 1325; baseline -0.002 -16"><span class='ocrx_word' id='word_1_169' title='bbox 2360 1257 2425 1309; x_wconf 83' lang='lat' dir='ltr'><strong>Ol</strong></span> <span class='ocrx_word' id='word_1_170' title='bbox 2461 1254 2952 1325; x_wconf 74' lang='grc' dir='ltr'>παρακαλοῦντες</span> <span class='ocrx_word' id='word_1_171' title='bbox 2978 1253 3078 1307; x_wconf 78' lang='grc' dir='ltr'><strong>ἐπὶ</strong></span> <span class='ocrx_word' id='word_1_172' title='bbox 3122 1253 3196 1309; x_wconf 84' lang='grc' dir='ltr'>τὰ</span> <span class='ocrx_word' id='word_1_173' title='bbox 3231 1253 3450 1308; x_wconf 73' lang='grc' dir='ltr'>εἴδωλα</span> <span class='ocrx_word' id='word_1_174' title='bbox 3494 1254 3616 1309; x_wconf 79' lang='grc' dir='ltr'><strong>ὑπὸ</strong></span> <span class='ocrx_word' id='word_1_175' title='bbox 3655 1251 3887 1322; x_wconf 74' lang='grc' dir='ltr'>δένδρα</span> 
     </span>
    </p>
   </div>
   <div class='ocr_carea' id='block_1_25' title="bbox 2285 1344 3875 1414">
    <p class='ocr_par' dir='ltr' id='par_1_25' title="bbox 2285 1344 3875 1414">
     <span class='ocr_line' id='line_1_25' title="bbox 2285 1344 3875 1414; baseline 0 -16"><span class='ocrx_word' id='word_1_176' title='bbox 2285 1344 2495 1410; x_wconf 81' lang='grc' dir='ltr'>δασέα,</span> <span class='ocrx_word' id='word_1_177' title='bbox 2539 1344 2869 1414; x_wconf 72' lang='grc' dir='ltr'>σφάζοντες</span> <span class='ocrx_word' id='word_1_178' title='bbox 2917 1346 2990 1400; x_wconf 88' lang='grc' dir='ltr'>τὰ</span> <span class='ocrx_word' id='word_1_179' title='bbox 3034 1345 3217 1400; x_wconf 80' lang='grc' dir='ltr'>τέκνα</span> <span class='ocrx_word' id='word_1_180' title='bbox 3245 1344 3446 1400; x_wconf 78' lang='grc' dir='ltr'>αὐτῶν</span> <span class='ocrx_word' id='word_1_181' title='bbox 3471 1346 3544 1399; x_wconf 76' lang='grc' dir='ltr'>ἐν</span> <span class='ocrx_word' id='word_1_182' title='bbox 3582 1345 3719 1412; x_wconf 83' lang='grc' dir='ltr'>ταῖς</span> <span class='ocrx_word' id='word_1_183' title='bbox 3766 1346 3875 1414; x_wconf 67' lang='grc' dir='ltr'>φά-</span> 
     </span>
    </p>
   </div>
   <div class='ocr_carea' id='block_1_26' title="bbox 2277 1435 3883 1507">
    <p class='ocr_par' dir='ltr' id='par_1_26' title="bbox 2277 1435 3883 1507">
     <span class='ocr_line' id='line_1_26' title="bbox 2277 1435 3883 1507; baseline 0.001 -19"><span class='ocrx_word' id='word_1_184' title='bbox 2277 1435 2498 1506; x_wconf 82' lang='grc' dir='ltr'>ραγξιν</span> <span class='ocrx_word' id='word_1_185' title='bbox 2553 1436 2670 1491; x_wconf 80' lang='grc' dir='ltr'>ἀνὰ</span> <span class='ocrx_word' id='word_1_186' title='bbox 2712 1435 2907 1507; x_wconf 76' lang='grc' dir='ltr'>μέσον</span> <span class='ocrx_word' id='word_1_187' title='bbox 2935 1437 3057 1490; x_wconf 85' lang='grc' dir='ltr'><strong>τῶν</strong></span> <span class='ocrx_word' id='word_1_188' title='bbox 3101 1435 3355 1504; x_wconf 82' lang='grc' dir='ltr'>πετρῶν.</span> <span class='ocrx_word' id='word_1_189' title='bbox 3399 1437 3454 1488; x_wconf 80' lang='grc' dir='ltr'><em>Ἐ</em></span> <span class='ocrx_word' id='word_1_190' title='bbox 3458 1436 3630 1503; x_wconf 81' lang='grc' dir='ltr'>κείνη</span> <span class='ocrx_word' id='word_1_191' title='bbox 3683 1452 3810 1490; x_wconf 80' lang='grc' dir='ltr'>σου</span> <span class='ocrx_word' id='word_1_192' title='bbox 3850 1438 3883 1503; x_wconf 76' lang='grc' dir='ltr'><em>ἡ</em></span> 
     </span>
    </p>
   </div>
   <div class='ocr_carea' id='block_1_27' title="bbox 2278 1525 3885 1598">
    <p class='ocr_par' dir='ltr' id='par_1_27' title="bbox 2278 1525 3885 1598">
     <span class='ocr_line' id='line_1_27' title="bbox 2278 1525 3885 1598; baseline 0 -17"><span class='ocrx_word' id='word_1_193' title='bbox 2278 1528 2470 1598; x_wconf 81' lang='grc' dir='ltr'>μερὶς,</span> <span class='ocrx_word' id='word_1_194' title='bbox 2502 1525 2680 1595; x_wconf 85' lang='grc' dir='ltr'>οὗτός</span> <span class='ocrx_word' id='word_1_195' title='bbox 2732 1546 2850 1583; x_wconf 88' lang='grc' dir='ltr'>σου</span> <span class='ocrx_word' id='word_1_196' title='bbox 2887 1532 2921 1584; x_wconf 81' lang='grc' dir='ltr'><strong>ό</strong></span> <span class='ocrx_word' id='word_1_197' title='bbox 2970 1528 3220 1598; x_wconf 78' lang='grc' dir='ltr'>κλῆρος,</span> <span class='ocrx_word' id='word_1_198' title='bbox 3260 1528 3569 1594; x_wconf 73' lang='grc' dir='ltr'>κάκείνοις</span> <span class='ocrx_word' id='word_1_199' title='bbox 3626 1527 3885 1596; x_wconf 79' lang='grc' dir='ltr'><strong>ἐξέχεας</strong></span> 
     </span>
    </p>
   </div>
   <div class='ocr_carea' id='block_1_28' title="bbox 2283 1620 3881 1690">
    <p class='ocr_par' dir='ltr' id='par_1_28' title="bbox 2283 1620 3881 1690">
     <span class='ocr_line' id='line_1_28' title="bbox 2283 1620 3881 1690; baseline -0.003 -15"><span class='ocrx_word' id='word_1_200' title='bbox 2283 1620 2587 1688; x_wconf 80' lang='grc' dir='ltr'>σπονδὰς,</span> <span class='ocrx_word' id='word_1_201' title='bbox 2655 1621 2958 1689; x_wconf 81' lang='grc' dir='ltr'>κάκείνοις</span> <span class='ocrx_word' id='word_1_202' title='bbox 3030 1621 3374 1690; x_wconf 78' lang='grc' dir='ltr'><strong>ἀνήνεγκας</strong></span> <span class='ocrx_word' id='word_1_203' title='bbox 3445 1620 3693 1687; x_wconf 83' lang='grc' dir='ltr'>θυσίας.</span> <span class='ocrx_word' id='word_1_204' title='bbox 3751 1621 3881 1671; x_wconf 69' lang='grc' dir='ltr'><strong>Ἐπὶ</strong></span> 
     </span>
    </p>
   </div>
   <div class='ocr_carea' id='block_1_29' title="bbox 603 1707 2173 1784">
    <p class='ocr_par' dir='ltr' id='par_1_29' title="bbox 603 1712 2173 1784">
     <span class='ocr_line' id='line_1_29' title="bbox 603 1712 2173 1784; baseline 0.004 -20"><span class='ocrx_word' id='word_1_205' title='bbox 603 1713 713 1765; x_wconf 70' lang='lat' dir='ltr'><strong>alto</strong></span> <span class='ocrx_word' id='word_1_206' title='bbox 738 1721 813 1766; x_wconf 86' lang='lat' dir='ltr'><strong>est</strong></span> <span class='ocrx_word' id='word_1_207' title='bbox 841 1712 1005 1765; x_wconf 75' lang='lat' dir='ltr'><strong>cubile</strong></span> <span class='ocrx_word' id='word_1_208' title='bbox 1030 1721 1202 1776; x_wconf 85' lang='lat' dir='ltr'><strong>tuum,</strong></span> <span class='ocrx_word' id='word_1_209' title='bbox 1233 1722 1284 1766; x_wconf 82' lang='lat' dir='ltr'><strong>et</strong></span> <span class='ocrx_word' id='word_1_210' title='bbox 1314 1713 1445 1767; x_wconf 84' lang='lat' dir='ltr'><strong>illuc</strong></span> <span class='ocrx_word' id='word_1_211' title='bbox 1478 1716 1756 1770; x_wconf 76' lang='lat' dir='ltr'><strong>ascendere</strong></span> <span class='ocrx_word' id='word_1_212' title='bbox 1785 1716 1956 1784; x_wconf 71' lang='lat' dir='ltr'><strong>fetiali</strong></span> <span class='ocrx_word' id='word_1_213' title='bbox 1980 1717 2173 1772; x_wconf 81' lang='lat' dir='ltr'><strong>hostias</strong></span> 
     </span>
    </p>
   </div>
   <div class='ocr_carea' id='block_1_30' title="bbox 2274 1707 3881 1784">
    <p class='ocr_par' dir='ltr' id='par_1_30' title="bbox 2281 1707 3881 1783">
     <span class='ocr_line' id='line_1_30' title="bbox 2281 1707 3881 1783; baseline 0 -19"><span class='ocrx_word' id='word_1_214' title='bbox 2281 1713 2515 1777; x_wconf 78' lang='grc' dir='ltr'>τούτοις</span> <span class='ocrx_word' id='word_1_215' title='bbox 2547 1707 2660 1767; x_wconf 81' lang='grc' dir='ltr'>οὖν</span> <span class='ocrx_word' id='word_1_216' title='bbox 2699 1712 2811 1767; x_wconf 80' lang='grc' dir='ltr'>οὐκ</span> <span class='ocrx_word' id='word_1_217' title='bbox 2861 1712 3333 1783; x_wconf 71' lang='grc' dir='ltr'>ὀργισθήσομαι;</span> <span class='ocrx_word' id='word_1_218' title='bbox 3373 1712 3493 1765; x_wconf 81' lang='grc' dir='ltr'><strong>Ἐπ’</strong></span> <span class='ocrx_word' id='word_1_219' title='bbox 3539 1711 3685 1780; x_wconf 73' lang='grc' dir='ltr'>ὄρος</span> <span class='ocrx_word' id='word_1_220' title='bbox 3718 1714 3881 1779; x_wconf 60' lang='grc' dir='ltr'><strong>ὑψη-</strong></span> 
     </span>
    </p>
   </div>
   <div class='ocr_carea' id='block_1_31' title="bbox 601 1781 2173 1879">
    <p class='ocr_par' dir='ltr' id='par_1_31' title="bbox 601 1781 2173 1875">
     <span class='ocr_line' id='line_1_31' title="bbox 601 1781 2173 1875; baseline 0.004 -18"><span class='ocrx_word' id='word_1_221' title='bbox 601 1816 742 1870; x_wconf 78' lang='lat' dir='ltr'><strong>tuas,</strong></span> <span class='ocrx_word' id='word_1_222' title='bbox 784 1813 839 1857; x_wconf 84' lang='lat' dir='ltr'><strong>et</strong></span> <span class='ocrx_word' id='word_1_223' title='bbox 889 1811 1006 1872; x_wconf 75' lang='lat' dir='ltr'><strong>post</strong></span> <span class='ocrx_word' id='word_1_224' title='bbox 1062 1812 1233 1872; x_wconf 81' lang='lat' dir='ltr'><strong>postes</strong></span> <span class='ocrx_word' id='word_1_225' title='bbox 1289 1805 1412 1858; x_wconf 86' lang='lat' dir='ltr'><strong>ostii</strong></span> <span class='ocrx_word' id='word_1_226' title='bbox 1469 1807 1547 1860; x_wconf 86' lang='lat' dir='ltr'><strong>tui</strong></span> <span class='ocrx_word' id='word_1_227' title='bbox 1594 1781 1816 1875; x_wconf 76' lang='lat' dir='ltr'><strong>posuisti</strong></span> <span class='ocrx_word' id='word_1_228' title='bbox 1874 1810 2173 1864; x_wconf 86' lang='lat' dir='ltr'><strong>memoriam</strong></span> 
     </span>
    </p>
   </div>
   <div class='ocr_carea' id='block_1_32' title="bbox 2274 1781 3884 1879">
    <p class='ocr_par' dir='ltr' id='par_1_32' title="bbox 2279 1781 3884 1879">
     <span class='ocr_line' id='line_1_32' title="bbox 2279 1781 3884 1879; baseline -0.001 -21"><span class='ocrx_word' id='word_1_229' title='bbox 2279 1804 2394 1858; x_wconf 75' lang='grc' dir='ltr'>λόν</span> <span class='ocrx_word' id='word_1_230' title='bbox 2432 1804 2530 1857; x_wconf 79' lang='grc' dir='ltr'>καὶ</span> <span class='ocrx_word' id='word_1_231' title='bbox 2570 1803 2889 1879; x_wconf 77' lang='grc' dir='ltr'>μετέωρον,</span> <span class='ocrx_word' id='word_1_232' title='bbox 2940 1781 3073 1859; x_wconf 71' lang='grc' dir='ltr'>ἐκεῖ</span> <span class='ocrx_word' id='word_1_233' title='bbox 3102 1781 3220 1860; x_wconf 68' lang='grc' dir='ltr'>σοι)</span> <span class='ocrx_word' id='word_1_234' title='bbox 3271 1806 3309 1873; x_wconf 81' lang='grc' dir='ltr'><strong><em>ή</em></strong></span> <span class='ocrx_word' id='word_1_235' title='bbox 3348 1807 3540 1873; x_wconf 79' lang='grc' dir='ltr'>κοίτη,</span> <span class='ocrx_word' id='word_1_236' title='bbox 3600 1805 3707 1860; x_wconf 79' lang='grc' dir='ltr'><strong>καὶ</strong></span> <span class='ocrx_word' id='word_1_237' title='bbox 3754 1804 3884 1857; x_wconf 79' lang='grc' dir='ltr'>ἐκεῖ</span> 
     </span>
    </p>
   </div>
   <div class='ocr_carea' id='block_1_33' title="bbox 603 1901 769 1948">
    <p class='ocr_par' dir='ltr' id='par_1_33' title="bbox 603 1901 769 1948">
     <span class='ocr_line' id='line_1_33' title="bbox 603 1901 769 1948; baseline 0.012 -5"><span class='ocrx_word' id='word_1_238' title='bbox 603 1901 769 1948; x_wconf 75' lang='lat' dir='ltr'><strong>luam.</strong></span> 
     </span>
    </p>
   </div>
   <div class='ocr_carea' id='block_1_34' title="bbox 674 2068 2174 2140">
    <p class='ocr_par' dir='ltr' id='par_1_34' title="bbox 674 2068 2174 2140">
     <span class='ocr_line' id='line_1_34' title="bbox 674 2068 2174 2140; baseline 0.002 -16"><span class='ocrx_word' id='word_1_239' title='bbox 674 2068 1046 2125; x_wconf 87' lang='lat' dir='ltr'><strong>Dominicidas</strong></span> <span class='ocrx_word' id='word_1_240' title='bbox 1095 2079 1381 2140; x_wconf 79' lang='lat' dir='ltr'><strong>postquam</strong></span> <span class='ocrx_word' id='word_1_241' title='bbox 1416 2085 1510 2127; x_wconf 90' lang='lat' dir='ltr'><strong>eos</strong></span> <span class='ocrx_word' id='word_1_242' title='bbox 1536 2085 1658 2127; x_wconf 86' lang='lat' dir='ltr'><strong>esse</strong></span> <span class='ocrx_word' id='word_1_243' title='bbox 1699 2070 1962 2137; x_wconf 80' lang='lat' dir='ltr'><strong>ostendit,</strong></span> <span class='ocrx_word' id='word_1_244' title='bbox 2010 2071 2174 2127; x_wconf 92' lang='lat' dir='ltr'><strong>alium</strong></span> 
     </span>
    </p>
   </div>
   <div class='ocr_carea' id='block_1_35' title="bbox 599 2160 2175 2232">
    <p class='ocr_par' dir='ltr' id='par_1_35' title="bbox 599 2160 2175 2232">
     <span class='ocr_line' id='line_1_35' title="bbox 599 2160 2175 2232; baseline 0.001 -14"><span class='ocrx_word' id='word_1_245' title='bbox 599 2162 850 2218; x_wconf 80' lang='lat' dir='ltr'><strong>morbum</strong></span> <span class='ocrx_word' id='word_1_246' title='bbox 897 2160 1181 2232; x_wconf 88' lang='lat' dir='ltr'><strong>patefacit,</strong></span> <span class='ocrx_word' id='word_1_247' title='bbox 1217 2163 1359 2232; x_wconf 91' lang='lat' dir='ltr'><strong>quod</strong></span> <span class='ocrx_word' id='word_1_248' title='bbox 1391 2163 1501 2218; x_wconf 91' lang='lat' dir='ltr'><strong>sint</strong></span> <span class='ocrx_word' id='word_1_249' title='bbox 1524 2178 1713 2218; x_wconf 89' lang='lat' dir='ltr'><strong>osores</strong></span> <span class='ocrx_word' id='word_1_250' title='bbox 1750 2162 1868 2230; x_wconf 87' lang='lat' dir='ltr'><strong>Dei,</strong></span> <span class='ocrx_word' id='word_1_251' title='bbox 1900 2173 1954 2218; x_wconf 88' lang='lat' dir='ltr'><strong>et</strong></span> <span class='ocrx_word' id='word_1_252' title='bbox 1976 2165 2042 2219; x_wconf 86' lang='lat' dir='ltr'><strong>ad</strong></span> <span class='ocrx_word' id='word_1_253' title='bbox 2066 2179 2175 2219; x_wconf 76' lang='lat' dir='ltr'><strong>ca:-</strong></span> 
     </span>
    </p>
   </div>
   <div class='ocr_carea' id='block_1_36' title="bbox 598 2250 2178 2322">
    <p class='ocr_par' dir='ltr' id='par_1_36' title="bbox 598 2250 2178 2322">
     <span class='ocr_line' id='line_1_36' title="bbox 598 2250 2178 2322; baseline 0.002 -15"><span class='ocrx_word' id='word_1_254' title='bbox 598 2255 722 2308; x_wconf 90' lang='lat' dir='ltr'><strong>dem</strong></span> <span class='ocrx_word' id='word_1_255' title='bbox 750 2250 1053 2307; x_wconf 80' lang='lat' dir='ltr'><strong>faciendam</strong></span> <span class='ocrx_word' id='word_1_256' title='bbox 1082 2253 1409 2322; x_wconf 66' lang='lat' dir='ltr'><strong>praecipites,</strong></span> <span class='ocrx_word' id='word_1_257' title='bbox 1467 2268 1567 2309; x_wconf 89' lang='lat' dir='ltr'><strong>nec</strong></span> <span class='ocrx_word' id='word_1_258' title='bbox 1618 2254 1670 2308; x_wconf 89' lang='lat' dir='ltr'><strong>id</strong></span> <span class='ocrx_word' id='word_1_259' title='bbox 1718 2268 1914 2309; x_wconf 92' lang='lat' dir='ltr'><strong>novum</strong></span> <span class='ocrx_word' id='word_1_260' title='bbox 1952 2263 2043 2308; x_wconf 85' lang='lat' dir='ltr'><strong>aut</strong></span> <span class='ocrx_word' id='word_1_261' title='bbox 2078 2271 2178 2311; x_wconf 88' lang='lat' dir='ltr'><strong>uu—</strong></span> 
     </span>
    </p>
   </div>
   <div class='ocr_carea' id='block_1_37' title="bbox 607 2333 2176 2416">
    <p class='ocr_par' dir='ltr' id='par_1_37' title="bbox 607 2333 2176 2416">
     <span class='ocr_line' id='line_1_37' title="bbox 607 2333 2176 2416; baseline 0.001 -16"><span class='ocrx_word' id='word_1_262' title='bbox 607 2362 800 2416; x_wconf 85' lang='lat' dir='ltr'><strong>perum</strong></span> <span class='ocrx_word' id='word_1_263' title='bbox 831 2345 884 2402; x_wconf 89' lang='lat' dir='ltr'><strong>in</strong></span> <span class='ocrx_word' id='word_1_264' title='bbox 911 2345 1019 2401; x_wconf 88' lang='lat' dir='ltr'><strong>illis</strong></span> <span class='ocrx_word' id='word_1_265' title='bbox 1049 2346 1144 2410; x_wconf 89' lang='lat' dir='ltr'><strong>sit,</strong></span> <span class='ocrx_word' id='word_1_266' title='bbox 1180 2333 1274 2401; x_wconf 80' lang='lat' dir='ltr'><strong>sed</strong></span> <span class='ocrx_word' id='word_1_267' title='bbox 1314 2346 1641 2416; x_wconf 82' lang='lat' dir='ltr'><strong>jampridem</strong></span> <span class='ocrx_word' id='word_1_268' title='bbox 1687 2362 1751 2403; x_wconf 91' lang='lat' dir='ltr'><strong>ac</strong></span> <span class='ocrx_word' id='word_1_269' title='bbox 1800 2348 1981 2404; x_wconf 90' lang='lat' dir='ltr'><strong>multis</strong></span> <span class='ocrx_word' id='word_1_270' title='bbox 2029 2358 2176 2403; x_wconf 87' lang='lat' dir='ltr'><strong>retro</strong></span> 
     </span>
    </p>
   </div>
   <div class='ocr_carea' id='block_1_38' title="bbox 594 2433 2172 2506">
    <p class='ocr_par' dir='ltr' id='par_1_38' title="bbox 594 2433 2172 2506">
     <span class='ocr_line' id='line_1_38' title="bbox 594 2433 2172 2506; baseline 0.001 -17"><span class='ocrx_word' id='word_1_271' title='bbox 594 2434 810 2490; x_wconf 69' lang='lat' dir='ltr'><strong>saeculis</strong></span> <span class='ocrx_word' id='word_1_272' title='bbox 841 2434 921 2488; x_wconf 88' lang='lat' dir='ltr'><strong>eis</strong></span> <span class='ocrx_word' id='word_1_273' title='bbox 952 2434 1250 2490; x_wconf 85' lang='lat' dir='ltr'><strong>inoleverit.</strong></span> <span class='ocrx_word' id='word_1_274' title='bbox 1281 2433 1571 2489; x_wconf 87' lang='lat' dir='ltr'><strong>Vos.enim</strong></span> <span class='ocrx_word' id='word_1_275' title='bbox 1627 2437 1780 2503; x_wconf 88' lang='lat' dir='ltr'><strong>estis,</strong></span> <span class='ocrx_word' id='word_1_276' title='bbox 1832 2436 2024 2506; x_wconf 89' lang='lat' dir='ltr'><strong>inquit,</strong></span> <span class='ocrx_word' id='word_1_277' title='bbox 2082 2435 2172 2505; x_wconf 95' lang='lat' dir='ltr'><strong>qui</strong></span> 
     </span>
    </p>
   </div>
   <div class='ocr_carea' id='block_1_39' title="bbox 594 2525 2173 2597">
    <p class='ocr_par' dir='ltr' id='par_1_39' title="bbox 594 2525 2173 2597">
     <span class='ocr_line' id='line_1_39' title="bbox 594 2525 2173 2597; baseline -0.001 -14"><span class='ocrx_word' id='word_1_278' title='bbox 594 2527 972 2597; x_wconf 83' lang='lat' dir='ltr'><strong>superioribus</strong></span> <span class='ocrx_word' id='word_1_279' title='bbox 1013 2525 1349 2596; x_wconf 82' lang='lat' dir='ltr'><strong>temporibus</strong></span> <span class='ocrx_word' id='word_1_280' title='bbox 1395 2526 1723 2597; x_wconf 83' lang='lat' dir='ltr'><strong>implorastis</strong></span> <span class='ocrx_word' id='word_1_281' title='bbox 1766 2528 1905 2583; x_wconf 88' lang='lat' dir='ltr'><strong>idola</strong></span> <span class='ocrx_word' id='word_1_282' title='bbox 1949 2528 2049 2582; x_wconf 88' lang='lat' dir='ltr'><strong>sub</strong></span> <span class='ocrx_word' id='word_1_283' title='bbox 2083 2542 2173 2582; x_wconf 90' lang='lat' dir='ltr'><strong>ar-</strong></span> 
     </span>
    </p>
   </div>
   <div class='ocr_carea' id='block_1_40' title="bbox 594 2617 2176 2675">
    <p class='ocr_par' dir='ltr' id='par_1_40' title="bbox 594 2617 2176 2675">
     <span class='ocr_line' id='line_1_40' title="bbox 594 2617 2176 2675; baseline -0.001 0"><span class='ocrx_word' id='word_1_284' title='bbox 594 2619 823 2675; x_wconf 86' lang='lat' dir='ltr'><strong>boribus</strong></span> <span class='ocrx_word' id='word_1_285' title='bbox 857 2617 1152 2674; x_wconf 77' lang='lat' dir='ltr'><strong>frondosis.</strong></span> <span class='ocrx_word' id='word_1_286' title='bbox 1187 2618 1299 2673; x_wconf 84' lang='lat' dir='ltr'><strong>Etsi</strong></span> <span class='ocrx_word' id='word_1_287' title='bbox 1339 2620 1482 2672; x_wconf 86' lang='lat' dir='ltr'><strong>enim</strong></span> <span class='ocrx_word' id='word_1_288' title='bbox 1517 2618 1599 2674; x_wconf 81' lang='lat' dir='ltr'><strong>lex</strong></span> <span class='ocrx_word' id='word_1_289' title='bbox 1633 2617 1866 2673; x_wconf 84' lang='lat' dir='ltr'><strong>Mosaica</strong></span> <span class='ocrx_word' id='word_1_290' title='bbox 1895 2619 2043 2673; x_wconf 82' lang='lat' dir='ltr'><strong>utilia</strong></span> <span class='ocrx_word' id='word_1_291' title='bbox 2070 2619 2176 2674; x_wconf 82' lang='lat' dir='ltr'><strong>illis</strong></span> 
     </span>
    </p>
   </div>
   <div class='ocr_carea' id='block_1_41' title="bbox 597 2708 2173 2778">
    <p class='ocr_par' dir='ltr' id='par_1_41' title="bbox 597 2708 2173 2778">
     <span class='ocr_line' id='line_1_41' title="bbox 597 2708 2173 2778; baseline 0.001 -15"><span class='ocrx_word' id='word_1_292' title='bbox 597 2710 982 2778; x_wconf 69' lang='lat' dir='ltr'><strong>prtescriberet</strong></span> <span class='ocrx_word' id='word_1_293' title='bbox 1010 2717 1067 2762; x_wconf 89' lang='lat' dir='ltr'><strong>et</strong></span> <span class='ocrx_word' id='word_1_294' title='bbox 1096 2709 1300 2763; x_wconf 88' lang='lat' dir='ltr'><strong>diserte</strong></span> <span class='ocrx_word' id='word_1_295' title='bbox 1343 2708 1548 2762; x_wconf 89' lang='lat' dir='ltr'><strong>diceret</strong></span> <span class='ocrx_word' id='word_1_296' title='bbox 1577 2726 1591 2762; x_wconf 87' lang='lat'><strong>:</strong></span> <span class='ocrx_word' id='word_1_297' title='bbox 1629 2726 1648 2760; x_wconf 81' lang='grc' dir='ltr'><strong>ι</strong></span> <span class='ocrx_word' id='word_1_298' title='bbox 1674 2708 1958 2763; x_wconf 88' lang='lat' dir='ltr'><strong>Dominum</strong></span> <span class='ocrx_word' id='word_1_299' title='bbox 2005 2710 2173 2764; x_wconf 91' lang='lat' dir='ltr'><strong>Deum</strong></span> 
     </span>
    </p>
   </div>
   <div class='ocr_carea' id='block_1_42' title="bbox 600 2798 2173 2863">
    <p class='ocr_par' dir='ltr' id='par_1_42' title="bbox 600 2798 2173 2863">
     <span class='ocr_line' id='line_1_42' title="bbox 600 2798 2173 2863; baseline 0.001 -9"><span class='ocrx_word' id='word_1_300' title='bbox 600 2811 749 2855; x_wconf 87' lang='lat' dir='ltr'><strong>tuum</strong></span> <span class='ocrx_word' id='word_1_301' title='bbox 777 2800 1050 2863; x_wconf 83' lang='lat' dir='ltr'><strong>adorabis,</strong></span> <span class='ocrx_word' id='word_1_302' title='bbox 1077 2800 1210 2855; x_wconf 87' lang='lat' dir='ltr'><strong>etei</strong></span> <span class='ocrx_word' id='word_1_303' title='bbox 1237 2798 1335 2854; x_wconf 87' lang='lat' dir='ltr'><strong>soli</strong></span> <span class='ocrx_word' id='word_1_304' title='bbox 1365 2798 1592 2863; x_wconf 79' lang='lat' dir='ltr'><strong>servies,</strong></span> <span class='ocrx_word' id='word_1_305' title='bbox 1628 2817 1646 2851; x_wconf 73' lang='grc' dir='ltr'><strong>ι</strong></span> <span class='ocrx_word' id='word_1_306' title='bbox 1685 2815 1750 2855; x_wconf 91' lang='lat' dir='ltr'><strong>eo</strong></span> <span class='ocrx_word' id='word_1_307' title='bbox 1793 2810 1969 2855; x_wconf 88' lang='lat' dir='ltr'><strong>tamen</strong></span> <span class='ocrx_word' id='word_1_308' title='bbox 2012 2799 2173 2855; x_wconf 83' lang='lat' dir='ltr'><strong>fatui-</strong></span> 
     </span>
    </p>
   </div>
   <div class='ocr_carea' id='block_1_43' title="bbox 596 2890 2174 2960">
    <p class='ocr_par' dir='ltr' id='par_1_43' title="bbox 596 2890 2174 2960">
     <span class='ocr_line' id='line_1_43' title="bbox 596 2890 2174 2960; baseline 0.003 -16"><span class='ocrx_word' id='word_1_309' title='bbox 596 2892 755 2957; x_wconf 78' lang='lat' dir='ltr'><strong>tatis,</strong></span> <span class='ocrx_word' id='word_1_310' title='bbox 787 2892 868 2945; x_wconf 89' lang='lat' dir='ltr'><strong>vel</strong></span> <span class='ocrx_word' id='word_1_311' title='bbox 899 2891 1077 2960; x_wconf 87' lang='lat' dir='ltr'><strong>potius</strong></span> <span class='ocrx_word' id='word_1_312' title='bbox 1101 2890 1394 2960; x_wconf 86' lang='lat' dir='ltr'><strong>impietatis</strong></span> <span class='ocrx_word' id='word_1_313' title='bbox 1448 2890 1803 2946; x_wconf 69' lang='lat' dir='ltr'><strong>intolerandae</strong></span> <span class='ocrx_word' id='word_1_314' title='bbox 1834 2901 1887 2947; x_wconf 89' lang='lat' dir='ltr'><strong>et</strong></span> <span class='ocrx_word' id='word_1_315' title='bbox 1912 2892 2174 2947; x_wconf 86' lang='lat' dir='ltr'><strong>immode-</strong></span> 
     </span>
    </p>
   </div>
   <div class='ocr_carea' id='block_1_44' title="bbox 592 2982 2168 3053">
    <p class='ocr_par' dir='ltr' id='par_1_44' title="bbox 592 2982 2168 3053">
     <span class='ocr_line' id='line_1_44' title="bbox 592 2982 2168 3053; baseline 0.003 -18"><span class='ocrx_word' id='word_1_316' title='bbox 592 2993 729 3036; x_wconf 74' lang='lat' dir='ltr'><strong>rata:</strong></span> <span class='ocrx_word' id='word_1_317' title='bbox 777 2982 1010 3053; x_wconf 78' lang='lat' dir='ltr'><strong>prolapsi</strong></span> <span class='ocrx_word' id='word_1_318' title='bbox 1052 2991 1196 3047; x_wconf 91' lang='lat' dir='ltr'><strong>sunt,</strong></span> <span class='ocrx_word' id='word_1_319' title='bbox 1233 2990 1290 3036; x_wconf 90' lang='lat' dir='ltr'><strong>ut</strong></span> <span class='ocrx_word' id='word_1_320' title='bbox 1320 2982 1585 3038; x_wconf 89' lang='lat' dir='ltr'><strong>idolorum</strong></span> <span class='ocrx_word' id='word_1_321' title='bbox 1628 2984 1909 3038; x_wconf 86' lang='lat' dir='ltr'><strong>architecti</strong></span> <span class='ocrx_word' id='word_1_322' title='bbox 1956 2984 2168 3051; x_wconf 81' lang='lat' dir='ltr'><strong>flerent,</strong></span> 
     </span>
    </p>
   </div>
   <div class='ocr_carea' id='block_1_45' title="bbox 596 3072 2167 3143">
    <p class='ocr_par' dir='ltr' id='par_1_45' title="bbox 596 3072 2167 3143">
     <span class='ocr_line' id='line_1_45' title="bbox 596 3072 2167 3143; baseline 0.003 -16"><span class='ocrx_word' id='word_1_323' title='bbox 596 3073 810 3143; x_wconf 81' lang='lat' dir='ltr'><strong>illisque</strong></span> <span class='ocrx_word' id='word_1_324' title='bbox 832 3088 986 3129; x_wconf 81' lang='lat' dir='ltr'><strong>sacra</strong></span> <span class='ocrx_word' id='word_1_325' title='bbox 1031 3072 1292 3138; x_wconf 87' lang='lat' dir='ltr'><strong>facerent,</strong></span> <span class='ocrx_word' id='word_1_326' title='bbox 1339 3085 1393 3128; x_wconf 85' lang='lat' dir='ltr'><strong>et</strong></span> <span class='ocrx_word' id='word_1_327' title='bbox 1445 3075 1868 3129; x_wconf 83' lang='lat' dir='ltr'><strong>exlmrtarentur</strong></span> <span class='ocrx_word' id='word_1_328' title='bbox 1896 3090 1961 3130; x_wconf 85' lang='lat' dir='ltr'><strong>ac</strong></span> <span class='ocrx_word' id='word_1_329' title='bbox 2003 3076 2167 3131; x_wconf 81' lang='lat' dir='ltr'><strong>doce-</strong></span> 
     </span>
    </p>
   </div>
   <div class='ocr_carea' id='block_1_46' title="bbox 593 3135 2246 3230">
    <p class='ocr_par' dir='ltr' id='par_1_46' title="bbox 593 3135 2246 3230">
     <span class='ocr_line' id='line_1_46' title="bbox 593 3135 2246 3230; baseline 0 -9"><span class='ocrx_word' id='word_1_330' title='bbox 593 3135 738 3222; x_wconf 44' lang='lat' dir='ltr'><strong>rent-</strong></span> <span class='ocrx_word' id='word_1_331' title='bbox 773 3165 909 3220; x_wconf 84' lang='lat' dir='ltr'><strong>alios</strong></span> <span class='ocrx_word' id='word_1_332' title='bbox 973 3170 1074 3220; x_wconf 89' lang='lat' dir='ltr'><strong>sub</strong></span> <span class='ocrx_word' id='word_1_333' title='bbox 1119 3135 1402 3222; x_wconf 79' lang='lat' dir='ltr'><strong>arboribus</strong></span> <span class='ocrx_word' id='word_1_334' title='bbox 1474 3164 1742 3220; x_wconf 85' lang='lat' dir='ltr'><strong>frondosis</strong></span> <span class='ocrx_word' id='word_1_335' title='bbox 1804 3166 2072 3230; x_wconf 88' lang='lat' dir='ltr'><strong>adorare,</strong></span> <span class='ocrx_word' id='word_1_336' title='bbox 2117 3135 2246 3221; x_wconf 79' lang='lat' dir='ltr'><strong>etc</strong></span> 
     </span>
    </p>
   </div>
   <div class='ocr_carea' id='block_1_47' title="bbox 586 3257 2170 3327">
    <p class='ocr_par' dir='ltr' id='par_1_47' title="bbox 586 3257 2170 3327">
     <span class='ocr_line' id='line_1_47' title="bbox 586 3257 2170 3327; baseline -0.003 -12"><span class='ocrx_word' id='word_1_337' title='bbox 586 3274 656 3315; x_wconf 89' lang='lat' dir='ltr'><strong>ea</strong></span> <span class='ocrx_word' id='word_1_338' title='bbox 696 3257 894 3313; x_wconf 85' lang='lat' dir='ltr'><strong>divinis</strong></span> <span class='ocrx_word' id='word_1_339' title='bbox 960 3257 1259 3313; x_wconf 81' lang='lat' dir='ltr'><strong>honoribus</strong></span> <span class='ocrx_word' id='word_1_340' title='bbox 1330 3272 1548 3313; x_wconf 84' lang='lat' dir='ltr'><strong>ornare.</strong></span> <span class='ocrx_word' id='word_1_341' title='bbox 1618 3257 1770 3324; x_wconf 83' lang='lat' dir='ltr'><strong>Quod</strong></span> <span class='ocrx_word' id='word_1_342' title='bbox 1832 3258 2170 3327; x_wconf 83' lang='lat' dir='ltr'><strong>perspicuum</strong></span> 
     </span>
    </p>
   </div>
   <div class='ocr_carea' id='block_1_48' title="bbox 594 3346 2168 3414">
    <p class='ocr_par' dir='ltr' id='par_1_48' title="bbox 594 3346 2168 3414">
     <span class='ocr_line' id='line_1_48' title="bbox 594 3346 2168 3414; baseline -0.001 -9"><span class='ocrx_word' id='word_1_343' title='bbox 594 3350 726 3405; x_wconf 88' lang='lat' dir='ltr'><strong>facit</strong></span> <span class='ocrx_word' id='word_1_344' title='bbox 786 3349 1168 3405; x_wconf 81' lang='lat' dir='ltr'><strong>universorum</strong></span> <span class='ocrx_word' id='word_1_345' title='bbox 1222 3349 1364 3404; x_wconf 89' lang='lat' dir='ltr'><strong>Deus</strong></span> <span class='ocrx_word' id='word_1_346' title='bbox 1428 3363 1560 3403; x_wconf 80' lang='lat' dir='ltr'><strong>voce</strong></span> <span class='ocrx_word' id='word_1_347' title='bbox 1606 3346 1875 3414; x_wconf 70' lang='lat' dir='ltr'><strong>Jeremiae,</strong></span> <span class='ocrx_word' id='word_1_348' title='bbox 1938 3350 2168 3403; x_wconf 90' lang='lat' dir='ltr'><strong>dicens:</strong></span> 
     </span>
    </p>
   </div>
   <div class='ocr_carea' id='block_1_49' title="bbox 595 3436 2174 3509">
    <p class='ocr_par' dir='ltr' id='par_1_49' title="bbox 595 3436 2174 3509">
     <span class='ocr_line' id='line_1_49' title="bbox 595 3436 2174 3509; baseline -0.001 -18"><span class='ocrx_word' id='word_1_349' title='bbox 595 3440 844 3496; x_wconf 72' lang='lat' dir='ltr'><strong>sVidisti</strong></span> <span class='ocrx_word' id='word_1_350' title='bbox 919 3453 1043 3509; x_wconf 72' lang='lat' dir='ltr'><strong>quae</strong></span> <span class='ocrx_word' id='word_1_351' title='bbox 1102 3438 1232 3493; x_wconf 88' lang='lat' dir='ltr'><strong>fecit</strong></span> <span class='ocrx_word' id='word_1_352' title='bbox 1294 3437 1426 3494; x_wconf 84' lang='lat' dir='ltr'><strong>mihi</strong></span> <span class='ocrx_word' id='word_1_353' title='bbox 1487 3437 1752 3493; x_wconf 86' lang='lat' dir='ltr'><strong>habitatio</strong></span> <span class='ocrx_word' id='word_1_354' title='bbox 1818 3436 2007 3496; x_wconf 87' lang='lat' dir='ltr'><strong>Israel.</strong></span> <span class='ocrx_word' id='word_1_355' title='bbox 2060 3438 2174 3491; x_wconf 81' lang='lat' dir='ltr'><strong>Ab-</strong></span> 
     </span>
    </p>
   </div>
   <div class='ocr_carea' id='block_1_50' title="bbox 592 3526 2171 3593">
    <p class='ocr_par' dir='ltr' id='par_1_50' title="bbox 592 3526 2171 3593">
     <span class='ocr_line' id='line_1_50' title="bbox 592 3526 2171 3593; baseline -0.004 -6"><span class='ocrx_word' id='word_1_356' title='bbox 592 3531 773 3587; x_wconf 88' lang='lat' dir='ltr'><strong>ierunt</strong></span> <span class='ocrx_word' id='word_1_357' title='bbox 812 3531 879 3585; x_wconf 88' lang='lat' dir='ltr'><strong>ad</strong></span> <span class='ocrx_word' id='word_1_358' title='bbox 925 3544 1139 3584; x_wconf 88' lang='lat' dir='ltr'><strong>omnem</strong></span> <span class='ocrx_word' id='word_1_359' title='bbox 1195 3533 1431 3582; x_wconf 85' lang='lat' dir='ltr'><strong>montem</strong></span> <span class='ocrx_word' id='word_1_360' title='bbox 1493 3526 1812 3593; x_wconf 73' lang='lat' dir='ltr'><strong>excelsum,</strong></span> <span class='ocrx_word' id='word_1_361' title='bbox 1858 3536 1915 3582; x_wconf 90' lang='lat' dir='ltr'><strong>et</strong></span> <span class='ocrx_word' id='word_1_362' title='bbox 1978 3527 2171 3582; x_wconf 89' lang='lat' dir='ltr'><strong>subtus</strong></span> 
     </span>
    </p>
   </div>
   <div class='ocr_carea' id='block_1_51' title="bbox 590 3617 2167 3689">
    <p class='ocr_par' dir='ltr' id='par_1_51' title="bbox 590 3617 2167 3689">
     <span class='ocr_line' id='line_1_51' title="bbox 590 3617 2167 3689; baseline -0.003 -13"><span class='ocrx_word' id='word_1_363' title='bbox 590 3636 756 3677; x_wconf 87' lang='lat' dir='ltr'><strong>omne</strong></span> <span class='ocrx_word' id='word_1_364' title='bbox 805 3620 1010 3689; x_wconf 75' lang='lat' dir='ltr'><strong>lignum</strong></span> <span class='ocrx_word' id='word_1_365' title='bbox 1059 3618 1402 3683; x_wconf 71' lang='lat' dir='ltr'><strong>frondosum,</strong></span> <span class='ocrx_word' id='word_1_366' title='bbox 1434 3629 1488 3673; x_wconf 90' lang='lat' dir='ltr'><strong>et</strong></span> <span class='ocrx_word' id='word_1_367' title='bbox 1513 3617 1765 3673; x_wconf 89' lang='lat' dir='ltr'><strong>fornicati</strong></span> <span class='ocrx_word' id='word_1_368' title='bbox 1793 3627 1918 3673; x_wconf 78' lang='lat' dir='ltr'><strong>sntit</strong></span> <span class='ocrx_word' id='word_1_369' title='bbox 1945 3618 2016 3673; x_wconf 91' lang='lat' dir='ltr'><strong>ibi</strong></span> <span class='ocrx_word' id='word_1_370' title='bbox 2044 3618 2111 3674; x_wconf 82' lang='grc'><strong>’³.</strong></span> <span class='ocrx_word' id='word_1_371' title='bbox 2148 3637 2167 3671; x_wconf 72' lang='grc' dir='ltr'><strong>ι</strong></span> 
     </span>
    </p>
   </div>
   <div class='ocr_carea' id='block_1_52' title="bbox 590 3708 2174 3781">
    <p class='ocr_par' dir='ltr' id='par_1_52' title="bbox 590 3708 2174 3781">
     <span class='ocr_line' id='line_1_52' title="bbox 590 3708 2174 3781; baseline -0.003 -11"><span class='ocrx_word' id='word_1_372' title='bbox 590 3710 946 3781; x_wconf 88' lang='lat' dir='ltr'><strong>Occupabant</strong></span> <span class='ocrx_word' id='word_1_373' title='bbox 972 3710 1116 3766; x_wconf 91' lang='lat' dir='ltr'><strong>cnim</strong></span> <span class='ocrx_word' id='word_1_374' title='bbox 1146 3710 1408 3766; x_wconf 88' lang='lat' dir='ltr'><strong>montium</strong></span> <span class='ocrx_word' id='word_1_375' title='bbox 1436 3709 1693 3776; x_wconf 69' lang='lat' dir='ltr'><strong>vertices,</strong></span> <span class='ocrx_word' id='word_1_376' title='bbox 1717 3721 1771 3766; x_wconf 91' lang='lat' dir='ltr'><strong>et</strong></span> <span class='ocrx_word' id='word_1_377' title='bbox 1800 3709 1949 3766; x_wconf 91' lang='lat' dir='ltr'><strong>lucos</strong></span> <span class='ocrx_word' id='word_1_378' title='bbox 1975 3708 2174 3766; x_wconf 83' lang='lat' dir='ltr'><strong>ﬂoren-</strong></span> 
     </span>
    </p>
   </div>
   <div class='ocr_carea' id='block_1_53' title="bbox 592 3801 2176 3870">
    <p class='ocr_par' dir='ltr' id='par_1_53' title="bbox 592 3801 2176 3870">
     <span class='ocr_line' id='line_1_53' title="bbox 592 3801 2176 3870; baseline -0.002 -8"><span class='ocrx_word' id='word_1_379' title='bbox 592 3806 854 3870; x_wconf 86' lang='lat' dir='ltr'><strong>tissimos,</strong></span> <span class='ocrx_word' id='word_1_380' title='bbox 909 3812 965 3859; x_wconf 82' lang='lat' dir='ltr'><strong>et</strong></span> <span class='ocrx_word' id='word_1_381' title='bbox 1009 3803 1119 3858; x_wconf 89' lang='lat' dir='ltr'><strong>illic</strong></span> <span class='ocrx_word' id='word_1_382' title='bbox 1155 3817 1283 3857; x_wconf 88' lang='lat' dir='ltr'><strong>aras</strong></span> <span class='ocrx_word' id='word_1_383' title='bbox 1317 3816 1383 3858; x_wconf 87' lang='lat' dir='ltr'><strong>ac</strong></span> <span class='ocrx_word' id='word_1_384' title='bbox 1417 3801 1641 3858; x_wconf 87' lang='lat' dir='ltr'><strong>delubra</strong></span> <span class='ocrx_word' id='word_1_385' title='bbox 1674 3810 2080 3869; x_wconf 82' lang='lat' dir='ltr'><strong>exstruxerunt,</strong></span> <span class='ocrx_word' id='word_1_386' title='bbox 2118 3813 2176 3859; x_wconf 89' lang='lat' dir='ltr'><strong>et</strong></span> 
     </span>
    </p>
   </div>
   <div class='ocr_carea' id='block_1_54' title="bbox 592 3894 2173 3967">
    <p class='ocr_par' dir='ltr' id='par_1_54' title="bbox 592 3894 2173 3967">
     <span class='ocr_line' id='line_1_54' title="bbox 592 3894 2173 3967; baseline -0.005 -13"><span class='ocrx_word' id='word_1_387' title='bbox 592 3898 804 3954; x_wconf 81' lang='lat' dir='ltr'><strong>hostias</strong></span> <span class='ocrx_word' id='word_1_388' title='bbox 838 3895 1067 3967; x_wconf 87' lang='lat' dir='ltr'><strong>impuris</strong></span> <span class='ocrx_word' id='word_1_389' title='bbox 1118 3896 1455 3951; x_wconf 68' lang='lat' dir='ltr'><strong>daemonibus</strong></span> <span class='ocrx_word' id='word_1_390' title='bbox 1481 3910 1545 3951; x_wconf 88' lang='lat' dir='ltr'><strong>ac</strong></span> <span class='ocrx_word' id='word_1_391' title='bbox 1588 3894 1843 3950; x_wconf 87' lang='lat' dir='ltr'><strong>libamina</strong></span> <span class='ocrx_word' id='word_1_392' title='bbox 1875 3895 2043 3966; x_wconf 73' lang='lat'><strong>800</strong></span> <span class='ocrx_word' id='word_1_393' title='bbox 2071 3897 2173 3952; x_wconf 88' lang='lat' dir='ltr'><strong>ob-</strong></span> 
     </span>
    </p>
   </div>
   <div class='ocr_carea' id='block_1_55' title="bbox 590 3984 2177 4054">
    <p class='ocr_par' dir='ltr' id='par_1_55' title="bbox 590 3984 2177 4054">
     <span class='ocr_line' id='line_1_55' title="bbox 590 3984 2177 4054; baseline -0.004 -8"><span class='ocrx_word' id='word_1_394' title='bbox 590 3989 855 4053; x_wconf 87' lang='lat' dir='ltr'><strong>tulerunt,</strong></span> <span class='ocrx_word' id='word_1_395' title='bbox 912 4001 1017 4042; x_wconf 90' lang='lat' dir='ltr'><strong>nec</strong></span> <span class='ocrx_word' id='word_1_396' title='bbox 1069 3986 1182 4041; x_wconf 89' lang='lat' dir='ltr'><strong>suis</strong></span> <span class='ocrx_word' id='word_1_397' title='bbox 1236 3984 1424 4041; x_wconf 83' lang='lat' dir='ltr'><strong>liberis</strong></span> <span class='ocrx_word' id='word_1_398' title='bbox 1484 3995 1867 4054; x_wconf 88' lang='lat' dir='ltr'><strong>pepercerunt.</strong></span> <span class='ocrx_word' id='word_1_399' title='bbox 1923 3984 2177 4041; x_wconf 84' lang='lat' dir='ltr'><strong>Mactavit</strong></span> 
     </span>
    </p>
   </div>
   <div class='ocr_carea' id='block_1_56' title="bbox 589 4075 2166 4149">
    <p class='ocr_par' dir='ltr' id='par_1_56' title="bbox 589 4075 2166 4149">
     <span class='ocr_line' id='line_1_56' title="bbox 589 4075 2166 4149; baseline -0.003 -12"><span class='ocrx_word' id='word_1_400' title='bbox 589 4080 822 4149; x_wconf 79' lang='lat' dir='ltr'><strong>exempli</strong></span> <span class='ocrx_word' id='word_1_401' title='bbox 882 4092 1043 4133; x_wconf 85' lang='lat' dir='ltr'><strong>causa</strong></span> <span class='ocrx_word' id='word_1_402' title='bbox 1104 4075 1397 4133; x_wconf 83' lang='lat' dir='ltr'><strong>Jecbonias</strong></span> <span class='ocrx_word' id='word_1_403' title='bbox 1437 4077 1619 4131; x_wconf 80' lang='lat' dir='ltr'><strong>lilium</strong></span> <span class='ocrx_word' id='word_1_404' title='bbox 1666 4090 1847 4141; x_wconf 78' lang='lat' dir='ltr'><strong>suum,</strong></span> <span class='ocrx_word' id='word_1_405' title='bbox 1895 4090 1999 4132; x_wconf 90' lang='lat' dir='ltr'><strong>non</strong></span> <span class='ocrx_word' id='word_1_406' title='bbox 2048 4078 2166 4133; x_wconf 89' lang='lat' dir='ltr'><strong>diis.</strong></span> 
     </span>
    </p>
   </div>
   <div class='ocr_carea' id='block_1_57' title="bbox 592 4168 2175 4240">
    <p class='ocr_par' dir='ltr' id='par_1_57' title="bbox 592 4168 2175 4240">
     <span class='ocr_line' id='line_1_57' title="bbox 592 4168 2175 4240; baseline 0.001 -18"><span class='ocrx_word' id='word_1_407' title='bbox 592 4171 747 4240; x_wconf 86' lang='lat' dir='ltr'><strong>Quod</strong></span> <span class='ocrx_word' id='word_1_408' title='bbox 784 4169 948 4226; x_wconf 86' lang='lat' dir='ltr'><strong>etiam</strong></span> <span class='ocrx_word' id='word_1_409' title='bbox 982 4168 1125 4224; x_wconf 83' lang='lat' dir='ltr'><strong>Deus</strong></span> <span class='ocrx_word' id='word_1_410' title='bbox 1153 4170 1270 4239; x_wconf 84' lang='lat' dir='ltr'><strong>ipse</strong></span> <span class='ocrx_word' id='word_1_411' title='bbox 1295 4183 1389 4236; x_wconf 90' lang='lat' dir='ltr'><strong>per</strong></span> <span class='ocrx_word' id='word_1_412' title='bbox 1416 4182 1584 4223; x_wconf 89' lang='lat' dir='ltr'><strong>unum</strong></span> <span class='ocrx_word' id='word_1_413' title='bbox 1612 4183 1643 4222; x_wconf 91' lang='lat' dir='ltr'><strong>e</strong></span> <span class='ocrx_word' id='word_1_414' title='bbox 1673 4169 1875 4225; x_wconf 87' lang='lat' dir='ltr'><strong>sanctis</strong></span> <span class='ocrx_word' id='word_1_415' title='bbox 1900 4168 2175 4239; x_wconf 84' lang='lat' dir='ltr'><strong>prophetis</strong></span> 
     </span>
    </p>
   </div>
   <div class='ocr_carea' id='block_1_58' title="bbox 566 4258 2176 4329">
    <p class='ocr_par' dir='ltr' id='par_1_58' title="bbox 566 4258 2176 4329">
     <span class='ocr_line' id='line_1_58' title="bbox 566 4258 2176 4329; baseline -0.001 -12"><span class='ocrx_word' id='word_1_416' title='bbox 566 4263 747 4328; x_wconf 42' lang='lat' dir='ltr'><strong>rdixit,</strong></span> <span class='ocrx_word' id='word_1_417' title='bbox 808 4261 1184 4317; x_wconf 79' lang='lat' dir='ltr'><strong>crudelitatem</strong></span> <span class='ocrx_word' id='word_1_418' title='bbox 1234 4275 1421 4315; x_wconf 87' lang='lat' dir='ltr'><strong>eorum</strong></span> <span class='ocrx_word' id='word_1_419' title='bbox 1454 4259 1554 4329; x_wconf 79' lang='lat' dir='ltr'><strong>qui</strong></span> <span class='ocrx_word' id='word_1_420' title='bbox 1590 4259 1713 4313; x_wconf 90' lang='lat' dir='ltr'><strong>talia</strong></span> <span class='ocrx_word' id='word_1_421' title='bbox 1760 4258 2047 4329; x_wconf 84' lang='lat' dir='ltr'><strong>patrabant</strong></span> <span class='ocrx_word' id='word_1_422' title='bbox 2081 4259 2176 4315; x_wconf 77' lang='lat' dir='ltr'><strong>de-</strong></span> 
     </span>
    </p>
   </div>
   <div class='ocr_carea' id='block_1_59' title="bbox 567 4350 2173 4417">
    <p class='ocr_par' dir='ltr' id='par_1_59' title="bbox 567 4350 2173 4417">
     <span class='ocr_line' id='line_1_59' title="bbox 567 4350 2173 4417; baseline -0.001 -11"><span class='ocrx_word' id='word_1_423' title='bbox 567 4363 947 4409; x_wconf 49' lang='lat' dir='ltr'><strong>Tntonstrans:</strong></span> <span class='ocrx_word' id='word_1_424' title='bbox 987 4371 1012 4405; x_wconf 72' lang='grc' dir='ltr'><strong>ι</strong></span> <span class='ocrx_word' id='word_1_425' title='bbox 1048 4350 1370 4406; x_wconf 82' lang='lat' dir='ltr'><strong>Sacrificate</strong></span> <span class='ocrx_word' id='word_1_426' title='bbox 1410 4350 1676 4417; x_wconf 87' lang='lat' dir='ltr'><strong>homines,</strong></span> <span class='ocrx_word' id='word_1_427' title='bbox 1712 4350 1867 4405; x_wconf 84' lang='lat' dir='ltr'><strong>vituli</strong></span> <span class='ocrx_word' id='word_1_428' title='bbox 1895 4350 2043 4405; x_wconf 83' lang='lat' dir='ltr'><strong>enim</strong></span> <span class='ocrx_word' id='word_1_429' title='bbox 2077 4350 2173 4405; x_wconf 85' lang='lat' dir='ltr'><strong>de-</strong></span> 
     </span>
    </p>
   </div>
   <div class='ocr_carea' id='block_1_60' title="bbox 2276 1894 3882 1966">
    <p class='ocr_par' dir='ltr' id='par_1_60' title="bbox 2276 1894 3882 1966">
     <span class='ocr_line' id='line_1_60' title="bbox 2276 1894 3882 1966; baseline -0.002 -15"><span class='ocrx_word' id='word_1_430' title='bbox 2276 1896 2638 1961; x_wconf 76' lang='grc' dir='ltr'>ἁνεόἰϐασας</span> <span class='ocrx_word' id='word_1_431' title='bbox 2666 1896 2903 1963; x_wconf 79' lang='grc' dir='ltr'>θυσίας,</span> <span class='ocrx_word' id='word_1_432' title='bbox 2935 1897 3033 1951; x_wconf 82' lang='grc' dir='ltr'>καὶ</span> <span class='ocrx_word' id='word_1_433' title='bbox 3059 1898 3253 1952; x_wconf 76' lang='grc' dir='ltr'>ὀπίσω</span> <span class='ocrx_word' id='word_1_434' title='bbox 3287 1895 3407 1951; x_wconf 81' lang='grc' dir='ltr'><strong>τῶν</strong></span> <span class='ocrx_word' id='word_1_435' title='bbox 3434 1894 3727 1966; x_wconf 82' lang='grc' dir='ltr'><strong>σταθμῶν</strong></span> <span class='ocrx_word' id='word_1_436' title='bbox 3768 1894 3882 1965; x_wconf 80' lang='grc' dir='ltr'>τῆς</span> 
     </span>
    </p>
   </div>
   <div class='ocr_carea' id='block_1_61' title="bbox 2276 1989 3467 2060">
    <p class='ocr_par' dir='ltr' id='par_1_61' title="bbox 2276 1989 3467 2060">
     <span class='ocr_line' id='line_1_61' title="bbox 2276 1989 3467 2060; baseline 0.002 -17"><span class='ocrx_word' id='word_1_437' title='bbox 2276 1990 2460 2058; x_wconf 71' lang='grc' dir='ltr'>θύρας</span> <span class='ocrx_word' id='word_1_438' title='bbox 2490 2003 2610 2044; x_wconf 85' lang='grc' dir='ltr'><strong>σου</strong></span> <span class='ocrx_word' id='word_1_439' title='bbox 2646 1989 2867 2058; x_wconf 80' lang='grc' dir='ltr'><strong>ἔθηκας</strong></span> <span class='ocrx_word' id='word_1_440' title='bbox 2898 1991 3301 2060; x_wconf 82' lang='grc' dir='ltr'>μνημόσυνόν</span> <span class='ocrx_word' id='word_1_441' title='bbox 3330 2006 3467 2045; x_wconf 90' lang='grc' dir='ltr'>σου.</span> 
     </span>
    </p>
   </div>
   <div class='ocr_carea' id='block_1_62' title="bbox 2346 2080 3879 2153">
    <p class='ocr_par' dir='ltr' id='par_1_62' title="bbox 2346 2080 3879 2153">
     <span class='ocr_line' id='line_1_62' title="bbox 2346 2080 3879 2153; baseline 0.005 -20"><span class='ocrx_word' id='word_1_442' title='bbox 2346 2080 2743 2151; x_wconf 69' lang='grc' dir='ltr'>κυριοκτόνους</span> <span class='ocrx_word' id='word_1_443' title='bbox 2792 2081 2988 2144; x_wconf 77' lang='grc' dir='ltr'>αὐτοὺς</span> <span class='ocrx_word' id='word_1_444' title='bbox 3019 2081 3327 2153; x_wconf 83' lang='grc' dir='ltr'>ἀποφήνας,</span> <span class='ocrx_word' id='word_1_445' title='bbox 3358 2082 3633 2137; x_wconf 77' lang='grc' dir='ltr'>δείκνυσιν</span> <span class='ocrx_word' id='word_1_446' title='bbox 3689 2085 3778 2137; x_wconf 83' lang='grc' dir='ltr'><strong>δτι</strong></span> <span class='ocrx_word' id='word_1_447' title='bbox 3819 2085 3879 2140; x_wconf 65' lang='grc' dir='ltr'><em>ὼ</em></span> 
     </span>
    </p>
   </div>
   <div class='ocr_carea' id='block_1_63' title="bbox 2280 2172 3877 2247">
    <p class='ocr_par' dir='ltr' id='par_1_63' title="bbox 2280 2172 3877 2247">
     <span class='ocr_line' id='line_1_63' title="bbox 2280 2172 3877 2247; baseline 0.004 -23"><span class='ocrx_word' id='word_1_448' title='bbox 2280 2172 2526 2242; x_wconf 83' lang='grc' dir='ltr'>μισόθεον</span> <span class='ocrx_word' id='word_1_449' title='bbox 2572 2174 2758 2237; x_wconf 77' lang='grc' dir='ltr'>αὐτοῖς</span> <span class='ocrx_word' id='word_1_450' title='bbox 2789 2172 3161 2245; x_wconf 75' lang='grc' dir='ltr'>ἀρρώστημα,</span> <span class='ocrx_word' id='word_1_451' title='bbox 3210 2174 3306 2228; x_wconf 80' lang='grc' dir='ltr'>καὶ</span> <span class='ocrx_word' id='word_1_452' title='bbox 3350 2174 3411 2226; x_wconf 85' lang='grc' dir='ltr'><strong>τὸ</strong></span> <span class='ocrx_word' id='word_1_453' title='bbox 3446 2176 3745 2247; x_wconf 81' lang='grc' dir='ltr'>πρόχειρον</span> <span class='ocrx_word' id='word_1_454' title='bbox 3797 2180 3877 2242; x_wconf 78' lang='grc' dir='ltr'><strong>εἰς</strong></span> 
     </span>
    </p>
   </div>
   <div class='ocr_carea' id='block_1_64' title="bbox 2280 2258 3877 2337">
    <p class='ocr_par' dir='ltr' id='par_1_64' title="bbox 2280 2258 3877 2337">
     <span class='ocr_line' id='line_1_64' title="bbox 2280 2258 3877 2337; baseline 0.004 -22"><span class='ocrx_word' id='word_1_455' title='bbox 2280 2262 2613 2333; x_wconf 72' lang='grc' dir='ltr'>μιαιφονίαν,</span> <span class='ocrx_word' id='word_1_456' title='bbox 2641 2264 2701 2317; x_wconf 76' lang='grc' dir='ltr'><strong>οὐ</strong></span> <span class='ocrx_word' id='word_1_457' title='bbox 2734 2263 2852 2316; x_wconf 89' lang='grc' dir='ltr'>νέον</span> <span class='ocrx_word' id='word_1_458' title='bbox 2882 2258 2951 2335; x_wconf 83' lang='grc' dir='ltr'>ἦν</span> <span class='ocrx_word' id='word_1_459' title='bbox 2994 2266 3052 2316; x_wconf 80' lang='grc' dir='ltr'><strong>ἐν</strong></span> <span class='ocrx_word' id='word_1_460' title='bbox 3086 2264 3289 2327; x_wconf 88' lang='grc' dir='ltr'>αὐτοῖς,</span> <span class='ocrx_word' id='word_1_461' title='bbox 3320 2263 3457 2328; x_wconf 73' lang='grc' dir='ltr'>ἀλλὰ</span> <span class='ocrx_word' id='word_1_462' title='bbox 3488 2264 3599 2337; x_wconf 80' lang='grc' dir='ltr'>γὰρ</span> <span class='ocrx_word' id='word_1_463' title='bbox 3637 2269 3704 2320; x_wconf 80' lang='grc' dir='ltr'>ἑκ</span> <span class='ocrx_word' id='word_1_464' title='bbox 3749 2268 3877 2321; x_wconf 82' lang='grc' dir='ltr'>πολ-</span> 
     </span>
    </p>
   </div>
   <div class='ocr_carea' id='block_1_65' title="bbox 2275 2352 3875 2428">
    <p class='ocr_par' dir='ltr' id='par_1_65' title="bbox 2275 2352 3875 2428">
     <span class='ocr_line' id='line_1_65' title="bbox 2275 2352 3875 2428; baseline 0.003 -21"><span class='ocrx_word' id='word_1_465' title='bbox 2275 2352 2369 2407; x_wconf 86' lang='grc' dir='ltr'>λοῦ</span> <span class='ocrx_word' id='word_1_466' title='bbox 2422 2354 2517 2408; x_wconf 76' lang='grc' dir='ltr'><strong>καὶ</strong></span> <span class='ocrx_word' id='word_1_467' title='bbox 2552 2352 2758 2409; x_wconf 81' lang='grc' dir='ltr'>ἄνωθεν</span> <span class='ocrx_word' id='word_1_468' title='bbox 2803 2354 3108 2426; x_wconf 67' lang='grc' dir='ltr'>ἐνυπάρχον</span> <span class='ocrx_word' id='word_1_469' title='bbox 3137 2355 3340 2418; x_wconf 75' lang='grc' dir='ltr'>αὐτοῖς.</span> <span class='ocrx_word' id='word_1_470' title='bbox 3378 2356 3571 2425; x_wconf 79' lang='grc' dir='ltr'>Ὑμεῖς</span> <span class='ocrx_word' id='word_1_471' title='bbox 3603 2359 3719 2428; x_wconf 69' lang='grc' dir='ltr'><strong>γάρ</strong></span> <span class='ocrx_word' id='word_1_472' title='bbox 3750 2361 3875 2412; x_wconf 80' lang='grc' dir='ltr'>ἐστε</span> 
     </span>
    </p>
   </div>
   <div class='ocr_carea' id='block_1_66' title="bbox 2275 2446 3875 2519">
    <p class='ocr_par' dir='ltr' id='par_1_66' title="bbox 2275 2446 3875 2519">
     <span class='ocr_line' id='line_1_66' title="bbox 2275 2446 3875 2519; baseline 0.004 -21"><span class='ocrx_word' id='word_1_473' title='bbox 2275 2446 2326 2499; x_wconf 74' lang='grc' dir='ltr'><strong>οἱ</strong></span> <span class='ocrx_word' id='word_1_474' title='bbox 2360 2446 2499 2499; x_wconf 86' lang='grc' dir='ltr'>κατὰ</span> <span class='ocrx_word' id='word_1_475' title='bbox 2530 2447 2658 2510; x_wconf 79' lang='grc' dir='ltr'>τοὺς</span> <span class='ocrx_word' id='word_1_476' title='bbox 2690 2446 2921 2510; x_wconf 82' lang='grc' dir='ltr'>ἄνωθεν,</span> <span class='ocrx_word' id='word_1_477' title='bbox 2956 2447 3110 2517; x_wconf 72' lang='grc' dir='ltr'>φησὶ,</span> <span class='ocrx_word' id='word_1_478' title='bbox 3144 2447 3372 2519; x_wconf 72' lang='grc' dir='ltr'>καιροὺς</span> <span class='ocrx_word' id='word_1_479' title='bbox 3421 2449 3875 2518; x_wconf 80' lang='grc' dir='ltr'>παρακαλοῦντες</span> 
     </span>
    </p>
   </div>
   <div class='ocr_carea' id='block_1_67' title="bbox 2276 2534 3875 2614">
    <p class='ocr_par' dir='ltr' id='par_1_67' title="bbox 2276 2534 3875 2614">
     <span class='ocr_line' id='line_1_67' title="bbox 2276 2534 3875 2614; baseline 0.002 -24"><span class='ocrx_word' id='word_1_480' title='bbox 2276 2534 2369 2591; x_wconf 75' lang='grc' dir='ltr'><strong>ἐπὶ</strong></span> <span class='ocrx_word' id='word_1_481' title='bbox 2404 2537 2474 2591; x_wconf 83' lang='grc' dir='ltr'>τὰ</span> <span class='ocrx_word' id='word_1_482' title='bbox 2505 2537 2698 2591; x_wconf 71' lang='grc' dir='ltr'>εἴδωλα</span> <span class='ocrx_word' id='word_1_483' title='bbox 2748 2539 2852 2591; x_wconf 81' lang='grc' dir='ltr'>ὑπὸ</span> <span class='ocrx_word' id='word_1_484' title='bbox 2896 2538 3092 2610; x_wconf 77' lang='grc' dir='ltr'>δένδρα</span> <span class='ocrx_word' id='word_1_485' title='bbox 3133 2538 3320 2592; x_wconf 82' lang='grc' dir='ltr'>δασέα.</span> <span class='ocrx_word' id='word_1_486' title='bbox 3353 2539 3551 2592; x_wconf 80' lang='grc' dir='ltr'>Καίτοι</span> <span class='ocrx_word' id='word_1_487' title='bbox 3582 2541 3698 2611; x_wconf 71' lang='grc' dir='ltr'>γὰρ</span> <span class='ocrx_word' id='word_1_488' title='bbox 3742 2540 3875 2614; x_wconf 71' lang='grc' dir='ltr'>βρα-</span> 
     </span>
    </p>
   </div>
   <div class='ocr_carea' id='block_1_68' title="bbox 2275 2629 3870 2704">
    <p class='ocr_par' dir='ltr' id='par_1_68' title="bbox 2275 2629 3870 2704">
     <span class='ocr_line' id='line_1_68' title="bbox 2275 2629 3870 2704; baseline 0.002 -21"><span class='ocrx_word' id='word_1_489' title='bbox 2275 2629 2525 2694; x_wconf 79' lang='grc' dir='ltr'>ϐεύοντος</span> <span class='ocrx_word' id='word_1_490' title='bbox 2550 2631 2734 2694; x_wconf 84' lang='grc' dir='ltr'>αὐτοῖς</span> <span class='ocrx_word' id='word_1_491' title='bbox 2766 2630 2860 2684; x_wconf 75' lang='grc' dir='ltr'>τοῦ</span> <span class='ocrx_word' id='word_1_492' title='bbox 2896 2631 2984 2684; x_wconf 82' lang='grc' dir='ltr'>διὰ</span> <span class='ocrx_word' id='word_1_493' title='bbox 3018 2630 3263 2695; x_wconf 84' lang='grc' dir='ltr'><strong>Μωσέως</strong></span> <span class='ocrx_word' id='word_1_494' title='bbox 3292 2630 3457 2701; x_wconf 73' lang='grc' dir='ltr'>νόμου</span> <span class='ocrx_word' id='word_1_495' title='bbox 3487 2632 3557 2685; x_wconf 81' lang='grc' dir='ltr'>τὰ</span> <span class='ocrx_word' id='word_1_496' title='bbox 3601 2635 3870 2704; x_wconf 76' lang='grc' dir='ltr'>χρήσιμα,</span> 
     </span>
    </p>
   </div>
   <div class='ocr_carea' id='block_1_69' title="bbox 2273 2722 3868 2796">
    <p class='ocr_par' dir='ltr' id='par_1_69' title="bbox 2273 2722 3868 2796">
     <span class='ocr_line' id='line_1_69' title="bbox 2273 2722 3868 2796; baseline 0.002 -20"><span class='ocrx_word' id='word_1_497' title='bbox 2273 2722 2572 2795; x_wconf 78' lang='grc' dir='ltr'>διαρρήδην</span> <span class='ocrx_word' id='word_1_498' title='bbox 2607 2740 2666 2777; x_wconf 89' lang='grc' dir='ltr'><strong>τε</strong></span> <span class='ocrx_word' id='word_1_499' title='bbox 2688 2722 2960 2791; x_wconf 83' lang='grc' dir='ltr'>λέγοντος,</span> <span class='ocrx_word' id='word_1_500' title='bbox 2997 2742 3014 2774; x_wconf 81' lang='grc' dir='ltr'><strong>ι</strong></span> <span class='ocrx_word' id='word_1_501' title='bbox 3045 2722 3249 2794; x_wconf 73' lang='grc' dir='ltr'>Κύριον</span> <span class='ocrx_word' id='word_1_502' title='bbox 3279 2725 3369 2775; x_wconf 81' lang='grc' dir='ltr'><strong>τὸν</strong></span> <span class='ocrx_word' id='word_1_503' title='bbox 3398 2722 3532 2776; x_wconf 83' lang='grc' dir='ltr'>Θεόν</span> <span class='ocrx_word' id='word_1_504' title='bbox 3568 2741 3669 2777; x_wconf 85' lang='grc' dir='ltr'><strong>σου</strong></span> <span class='ocrx_word' id='word_1_505' title='bbox 3703 2743 3868 2796; x_wconf 84' lang='grc' dir='ltr'>προσ-</span> 
     </span>
    </p>
   </div>
   <div class='ocr_carea' id='block_1_70' title="bbox 2274 2810 3870 2884">
    <p class='ocr_par' dir='ltr' id='par_1_70' title="bbox 2274 2810 3870 2884">
     <span class='ocr_line' id='line_1_70' title="bbox 2274 2810 3870 2884; baseline 0 -16"><span class='ocrx_word' id='word_1_506' title='bbox 2274 2815 2564 2884; x_wconf 84' lang='grc' dir='ltr'>κυνήσεις,</span> <span class='ocrx_word' id='word_1_507' title='bbox 2604 2813 2698 2866; x_wconf 79' lang='grc' dir='ltr'><strong>καὶ</strong></span> <span class='ocrx_word' id='word_1_508' title='bbox 2742 2812 2890 2883; x_wconf 81' lang='grc' dir='ltr'>αὐτῴ</span> <span class='ocrx_word' id='word_1_509' title='bbox 2937 2812 3084 2882; x_wconf 84' lang='grc' dir='ltr'>μόνῳ</span> <span class='ocrx_word' id='word_1_510' title='bbox 3119 2810 3471 2883; x_wconf 79' lang='grc' dir='ltr'>λατρεύσεις,</span> <span class='ocrx_word' id='word_1_511' title='bbox 3495 2831 3515 2864; x_wconf 74' lang='lat' dir='ltr'><strong>s</strong></span> <span class='ocrx_word' id='word_1_512' title='bbox 3570 2814 3870 2883; x_wconf 72' lang='grc' dir='ltr'>φρενοῶαο</span> 
     </span>
    </p>
   </div>
   <div class='ocr_carea' id='block_1_71' title="bbox 2274 2903 3869 2975">
    <p class='ocr_par' dir='ltr' id='par_1_71' title="bbox 2274 2903 3869 2975">
     <span class='ocr_line' id='line_1_71' title="bbox 2274 2903 3869 2975; baseline 0.002 -16"><span class='ocrx_word' id='word_1_513' title='bbox 2274 2905 2426 2970; x_wconf 77' lang='grc' dir='ltr'>ϐείας</span> <span class='ocrx_word' id='word_1_514' title='bbox 2466 2907 2548 2970; x_wconf 81' lang='grc' dir='ltr'>εἰς</span> <span class='ocrx_word' id='word_1_515' title='bbox 2579 2904 2738 2958; x_wconf 76' lang='grc' dir='ltr'>τοῦτο</span> <span class='ocrx_word' id='word_1_516' title='bbox 2788 2903 3143 2972; x_wconf 82' lang='grc' dir='ltr'>κατὼλισθον,</span> <span class='ocrx_word' id='word_1_517' title='bbox 3195 2903 3397 2975; x_wconf 79' lang='grc' dir='ltr'>μᾶλλον</span> <span class='ocrx_word' id='word_1_518' title='bbox 3444 2904 3504 2958; x_wconf 78' lang='grc' dir='ltr'>δὲ</span> <span class='ocrx_word' id='word_1_519' title='bbox 3553 2906 3869 2963; x_wconf 73' lang='grc' dir='ltr'>δυσσεϐείας</span> 
     </span>
    </p>
   </div>
   <div class='ocr_carea' id='block_1_72' title="bbox 2273 2993 3870 3066">
    <p class='ocr_par' dir='ltr' id='par_1_72' title="bbox 2273 2993 3870 3066">
     <span class='ocr_line' id='line_1_72' title="bbox 2273 2993 3870 3066; baseline 0.001 -18"><span class='ocrx_word' id='word_1_520' title='bbox 2273 2995 2501 3066; x_wconf 82' lang='grc' dir='ltr'>ἀσχέτου</span> <span class='ocrx_word' id='word_1_521' title='bbox 2558 2995 2650 3048; x_wconf 74' lang='grc' dir='ltr'><strong>καὶ</strong></span> <span class='ocrx_word' id='word_1_522' title='bbox 2679 2995 2780 3063; x_wconf 74' lang='grc' dir='ltr'><strong>τῆς</strong></span> <span class='ocrx_word' id='word_1_523' title='bbox 2826 2993 2971 3064; x_wconf 83' lang='grc' dir='ltr'>πέρα</span> <span class='ocrx_word' id='word_1_524' title='bbox 3003 2993 3202 3065; x_wconf 81' lang='grc' dir='ltr'>μέτρου</span> <span class='ocrx_word' id='word_1_525' title='bbox 3234 2993 3457 3059; x_wconf 80' lang='grc' dir='ltr'>παντὸς,</span> <span class='ocrx_word' id='word_1_526' title='bbox 3483 2993 3633 3048; x_wconf 83' lang='grc' dir='ltr'>ὥστε</span> <span class='ocrx_word' id='word_1_527' title='bbox 3666 2998 3764 3050; x_wconf 79' lang='grc' dir='ltr'><strong>καὶ</strong></span> <span class='ocrx_word' id='word_1_528' title='bbox 3799 2999 3870 3049; x_wconf 83' lang='grc' dir='ltr'><strong>εἰ-</strong></span> 
     </span>
    </p>
   </div>
   <div class='ocr_carea' id='block_1_73' title="bbox 2273 3084 3866 3157">
    <p class='ocr_par' dir='ltr' id='par_1_73' title="bbox 2273 3084 3866 3157">
     <span class='ocr_line' id='line_1_73' title="bbox 2273 3084 3866 3157; baseline -0.001 -15"><span class='ocrx_word' id='word_1_529' title='bbox 2273 3089 2456 3143; x_wconf 80' lang='grc' dir='ltr'>δώλων</span> <span class='ocrx_word' id='word_1_530' title='bbox 2484 3086 2734 3157; x_wconf 83' lang='grc' dir='ltr'>γενέσθαι</span> <span class='ocrx_word' id='word_1_531' title='bbox 2763 3086 3156 3157; x_wconf 85' lang='grc' dir='ltr'>δημιουργοὺς,</span> <span class='ocrx_word' id='word_1_532' title='bbox 3186 3084 3281 3138; x_wconf 78' lang='grc' dir='ltr'><strong>καὶ</strong></span> <span class='ocrx_word' id='word_1_533' title='bbox 3315 3086 3627 3156; x_wconf 82' lang='grc' dir='ltr'>ἱερουργεῖν</span> <span class='ocrx_word' id='word_1_534' title='bbox 3658 3088 3866 3151; x_wconf 72' lang='grc' dir='ltr'>αὑτοῖς,</span> 
     </span>
    </p>
   </div>
   <div class='ocr_carea' id='block_1_74' title="bbox 2276 3176 3869 3252">
    <p class='ocr_par' dir='ltr' id='par_1_74' title="bbox 2276 3176 3869 3252">
     <span class='ocr_line' id='line_1_74' title="bbox 2276 3176 3869 3252; baseline -0.003 -17"><span class='ocrx_word' id='word_1_535' title='bbox 2276 3180 2371 3235; x_wconf 77' lang='grc' dir='ltr'><strong>καὶ</strong></span> <span class='ocrx_word' id='word_1_536' title='bbox 2409 3178 2767 3252; x_wconf 82' lang='grc' dir='ltr'>παρακαλεῖν,</span> <span class='ocrx_word' id='word_1_537' title='bbox 2796 3178 2916 3248; x_wconf 76' lang='grc' dir='ltr'>ἦτοι</span> <span class='ocrx_word' id='word_1_538' title='bbox 2958 3177 3233 3231; x_wconf 78' lang='grc' dir='ltr'>διδάσκειν</span> <span class='ocrx_word' id='word_1_539' title='bbox 3267 3177 3487 3247; x_wconf 80' lang='grc' dir='ltr'>ἑτέρους</span> <span class='ocrx_word' id='word_1_540' title='bbox 3526 3176 3637 3230; x_wconf 80' lang='grc' dir='ltr'><strong>ὑπὸ</strong></span> <span class='ocrx_word' id='word_1_541' title='bbox 3681 3178 3869 3249; x_wconf 71' lang='grc' dir='ltr'>δένδρα</span> 
     </span>
    </p>
   </div>
   <div class='ocr_carea' id='block_1_75' title="bbox 2274 3266 3870 3341">
    <p class='ocr_par' dir='ltr' id='par_1_75' title="bbox 2274 3266 3870 3341">
     <span class='ocr_line' id='line_1_75' title="bbox 2274 3266 3870 3341; baseline -0.003 -16"><span class='ocrx_word' id='word_1_542' title='bbox 2274 3271 2444 3325; x_wconf 87' lang='grc' dir='ltr'>δασέα</span> <span class='ocrx_word' id='word_1_543' title='bbox 2472 3270 2821 3341; x_wconf 82' lang='grc' dir='ltr'>προσκυνεῖν,</span> <span class='ocrx_word' id='word_1_544' title='bbox 2860 3266 2955 3321; x_wconf 67' lang='lat' dir='ltr'><strong>xei.</strong></span> <span class='ocrx_word' id='word_1_545' title='bbox 2979 3268 3164 3337; x_wconf 84' lang='grc' dir='ltr'>τιμαῖς</span> <span class='ocrx_word' id='word_1_546' title='bbox 3187 3269 3308 3330; x_wconf 88' lang='grc' dir='ltr'>ταῖς</span> <span class='ocrx_word' id='word_1_547' title='bbox 3333 3266 3704 3335; x_wconf 81' lang='grc' dir='ltr'>θεοπρεπέσιν</span> <span class='ocrx_word' id='word_1_548' title='bbox 3728 3270 3870 3321; x_wconf 69' lang='grc' dir='ltr'>αὐτὰ</span> 
     </span>
    </p>
   </div>
   <div class='ocr_carea' id='block_1_76' title="bbox 2276 3357 3869 3430">
    <p class='ocr_par' dir='ltr' id='par_1_76' title="bbox 2276 3357 3869 3430">
     <span class='ocr_line' id='line_1_76' title="bbox 2276 3357 3869 3430; baseline -0.004 -15"><span class='ocrx_word' id='word_1_549' title='bbox 2276 3360 2592 3430; x_wconf 72' lang='grc' dir='ltr'>στεφανοῦν.</span> <span class='ocrx_word' id='word_1_550' title='bbox 2631 3359 2804 3413; x_wconf 76' lang='grc' dir='ltr'>Τοῦτο</span> <span class='ocrx_word' id='word_1_551' title='bbox 2855 3357 3177 3428; x_wconf 77' lang='grc' dir='ltr'>καθίστησιν</span> <span class='ocrx_word' id='word_1_552' title='bbox 3224 3357 3455 3428; x_wconf 81' lang='grc' dir='ltr'>ἐναργὲς</span> <span class='ocrx_word' id='word_1_553' title='bbox 3488 3359 3519 3410; x_wconf 83' lang='grc' dir='ltr'><strong><em>ὁ</em></strong></span> <span class='ocrx_word' id='word_1_554' title='bbox 3564 3357 3674 3411; x_wconf 83' lang='grc' dir='ltr'>τῶν</span> <span class='ocrx_word' id='word_1_555' title='bbox 3724 3357 3869 3410; x_wconf 77' lang='grc' dir='ltr'>ὅλων</span> 
     </span>
    </p>
   </div>
   <div class='ocr_carea' id='block_1_77' title="bbox 2273 3444 3869 3521">
    <p class='ocr_par' dir='ltr' id='par_1_77' title="bbox 2273 3444 3869 3521">
     <span class='ocr_line' id='line_1_77' title="bbox 2273 3444 3869 3521; baseline -0.003 -14"><span class='ocrx_word' id='word_1_556' title='bbox 2273 3455 2407 3518; x_wconf 84' lang='grc' dir='ltr'>Θεὸς</span> <span class='ocrx_word' id='word_1_557' title='bbox 2437 3453 2525 3505; x_wconf 85' lang='grc' dir='ltr'>διὰ</span> <span class='ocrx_word' id='word_1_558' title='bbox 2555 3451 2740 3521; x_wconf 82' lang='grc' dir='ltr'><strong>φωνῆς</strong></span> <span class='ocrx_word' id='word_1_559' title='bbox 2775 3450 3038 3521; x_wconf 80' lang='grc' dir='ltr'>Ἱερεμίου</span> <span class='ocrx_word' id='word_1_560' title='bbox 3067 3448 3276 3517; x_wconf 78' lang='grc' dir='ltr'>λέγων’</span> <span class='ocrx_word' id='word_1_561' title='bbox 3318 3467 3338 3499; x_wconf 73' lang='grc' dir='ltr'><strong>ι</strong></span> <span class='ocrx_word' id='word_1_562' title='bbox 3372 3444 3525 3511; x_wconf 76' lang='grc' dir='ltr'>Εἶδες</span> <span class='ocrx_word' id='word_1_563' title='bbox 3553 3449 3589 3502; x_wconf 77' lang='grc' dir='ltr'>ἃ</span> <span class='ocrx_word' id='word_1_564' title='bbox 3636 3449 3869 3521; x_wconf 76' lang='grc' dir='ltr'>ἐποίησέ</span> 
     </span>
    </p>
   </div>
   <div class='ocr_carea' id='block_1_78' title="bbox 2278 3536 3873 3616">
    <p class='ocr_par' dir='ltr' id='par_1_78' title="bbox 2278 3536 3873 3616">
     <span class='ocr_line' id='line_1_78' title="bbox 2278 3536 3873 3616; baseline -0.004 -20"><span class='ocrx_word' id='word_1_565' title='bbox 2278 3561 2364 3616; x_wconf 88' lang='grc' dir='ltr'><strong>μοι</strong></span> <span class='ocrx_word' id='word_1_566' title='bbox 2402 3545 2435 3613; x_wconf 83' lang='grc' dir='ltr'>ἡ</span> <span class='ocrx_word' id='word_1_567' title='bbox 2482 3540 2735 3596; x_wconf 83' lang='grc' dir='ltr'>κατοικία</span> <span class='ocrx_word' id='word_1_568' title='bbox 2779 3538 2873 3592; x_wconf 75' lang='grc' dir='ltr'>τοῦ</span> <span class='ocrx_word' id='word_1_569' title='bbox 2908 3539 3160 3610; x_wconf 75' lang='grc' dir='ltr'>Ἰσραήλο</span> <span class='ocrx_word' id='word_1_570' title='bbox 3199 3536 3565 3610; x_wconf 78' lang='grc' dir='ltr'>ἐπορεύθησαν</span> <span class='ocrx_word' id='word_1_571' title='bbox 3613 3539 3714 3590; x_wconf 77' lang='grc' dir='ltr'><strong>ἐπὶ</strong></span> <span class='ocrx_word' id='word_1_572' title='bbox 3757 3541 3873 3591; x_wconf 75' lang='grc' dir='ltr'>πᾶν</span> 
     </span>
    </p>
   </div>
   <div class='ocr_carea' id='block_1_79' title="bbox 2272 3626 3868 3708">
    <p class='ocr_par' dir='ltr' id='par_1_79' title="bbox 2272 3626 3868 3708">
     <span class='ocr_line' id='line_1_79' title="bbox 2272 3626 3868 3708; baseline -0.004 -19"><span class='ocrx_word' id='word_1_573' title='bbox 2272 3636 2398 3708; x_wconf 78' lang='grc' dir='ltr'>ὅρος</span> <span class='ocrx_word' id='word_1_574' title='bbox 2432 3633 2660 3705; x_wconf 73' lang='grc' dir='ltr'>ὑψηλὸν,</span> <span class='ocrx_word' id='word_1_575' title='bbox 2689 3633 2783 3685; x_wconf 72' lang='grc' dir='ltr'><strong>καὶ</strong></span> <span class='ocrx_word' id='word_1_576' title='bbox 2819 3630 3078 3684; x_wconf 84' lang='grc' dir='ltr'>ὑποκάτω</span> <span class='ocrx_word' id='word_1_577' title='bbox 3108 3629 3311 3693; x_wconf 81' lang='grc' dir='ltr'>παντὸς</span> <span class='ocrx_word' id='word_1_578' title='bbox 3350 3628 3494 3693; x_wconf 80' lang='grc' dir='ltr'>ξύλου</span> <span class='ocrx_word' id='word_1_579' title='bbox 3547 3626 3868 3693; x_wconf 78' lang='grc' dir='ltr'>ἀλσώδους.</span> 
     </span>
    </p>
   </div>
   <div class='ocr_carea' id='block_1_80' title="bbox 2272 3715 3871 3797">
    <p class='ocr_par' dir='ltr' id='par_1_80' title="bbox 2272 3715 3871 3797">
     <span class='ocr_line' id='line_1_80' title="bbox 2272 3715 3871 3797; baseline -0.008 -16"><span class='ocrx_word' id='word_1_580' title='bbox 2272 3727 2367 3781; x_wconf 73' lang='grc' dir='ltr'><strong>καὶ</strong></span> <span class='ocrx_word' id='word_1_581' title='bbox 2394 3725 2728 3797; x_wconf 66' lang='grc' dir='ltr'>ἐπόρνευσαν</span> <span class='ocrx_word' id='word_1_582' title='bbox 2749 3723 2886 3776; x_wconf 80' lang='grc' dir='ltr'>ἐκεῖ.</span> <span class='ocrx_word' id='word_1_583' title='bbox 2901 3739 2919 3772; x_wconf 74' lang='grc' dir='ltr'><strong>ι</strong></span> <span class='ocrx_word' id='word_1_584' title='bbox 2948 3718 3473 3789; x_wconf 79' lang='grc' dir='ltr'>Καταλαμὸἀνοντες</span> <span class='ocrx_word' id='word_1_585' title='bbox 3502 3715 3611 3787; x_wconf 81' lang='grc' dir='ltr'>γὰρ</span> <span class='ocrx_word' id='word_1_586' title='bbox 3634 3717 3741 3781; x_wconf 72' lang='grc' dir='ltr'><strong>τὰς</strong></span> <span class='ocrx_word' id='word_1_587' title='bbox 3755 3720 3871 3770; x_wconf 73' lang='grc' dir='ltr'>τῶν</span> 
     </span>
    </p>
   </div>
   <div class='ocr_carea' id='block_1_81' title="bbox 2272 3806 3866 3890">
    <p class='ocr_par' dir='ltr' id='par_1_81' title="bbox 2272 3806 3866 3890">
     <span class='ocr_line' id='line_1_81' title="bbox 2272 3806 3866 3890; baseline -0.008 -17"><span class='ocrx_word' id='word_1_588' title='bbox 2272 3819 2416 3890; x_wconf 79' lang='grc' dir='ltr'>ὀρῶν</span> <span class='ocrx_word' id='word_1_589' title='bbox 2459 3815 2704 3889; x_wconf 82' lang='grc' dir='ltr'>κορυφὰς</span> <span class='ocrx_word' id='word_1_590' title='bbox 2759 3814 2853 3867; x_wconf 74' lang='grc' dir='ltr'><strong>καὶ</strong></span> <span class='ocrx_word' id='word_1_591' title='bbox 2900 3811 2969 3865; x_wconf 89' lang='grc' dir='ltr'><strong>τά</strong></span> <span class='ocrx_word' id='word_1_592' title='bbox 3030 3810 3139 3864; x_wconf 85' lang='grc' dir='ltr'><strong>τῶν</strong></span> <span class='ocrx_word' id='word_1_593' title='bbox 3195 3809 3406 3863; x_wconf 79' lang='grc' dir='ltr'>ἀλσέων</span> <span class='ocrx_word' id='word_1_594' title='bbox 3458 3806 3866 3879; x_wconf 66' lang='grc' dir='ltr'>εὐανθέστερα.</span> 
     </span>
    </p>
   </div>
   <div class='ocr_carea' id='block_1_82' title="bbox 2276 3899 3868 3980">
    <p class='ocr_par' dir='ltr' id='par_1_82' title="bbox 2276 3899 3868 3980">
     <span class='ocr_line' id='line_1_82' title="bbox 2276 3899 3868 3980; baseline -0.006 -17"><span class='ocrx_word' id='word_1_595' title='bbox 2276 3909 2493 3980; x_wconf 81' lang='grc' dir='ltr'>βωμοὺς</span> <span class='ocrx_word' id='word_1_596' title='bbox 2540 3906 2635 3960; x_wconf 77' lang='grc' dir='ltr'>καὶ</span> <span class='ocrx_word' id='word_1_597' title='bbox 2677 3903 2876 3974; x_wconf 82' lang='grc' dir='ltr'>τεμένη</span> <span class='ocrx_word' id='word_1_598' title='bbox 2930 3899 3356 3965; x_wconf 79' lang='grc' dir='ltr'>κατεσκεύαζον,</span> <span class='ocrx_word' id='word_1_599' title='bbox 3406 3899 3603 3962; x_wconf 77' lang='grc' dir='ltr'>θυσίας</span> <span class='ocrx_word' id='word_1_600' title='bbox 3654 3916 3716 3952; x_wconf 87' lang='grc' dir='ltr'><strong>τε</strong></span> <span class='ocrx_word' id='word_1_601' title='bbox 3774 3900 3868 3953; x_wconf 79' lang='grc' dir='ltr'>καὶ</span> 
     </span>
    </p>
   </div>
   <div class='ocr_carea' id='block_1_83' title="bbox 2275 3989 3864 4067">
    <p class='ocr_par' dir='ltr' id='par_1_83' title="bbox 2275 3989 3864 4067">
     <span class='ocr_line' id='line_1_83' title="bbox 2275 3989 3864 4067; baseline -0.007 -15"><span class='ocrx_word' id='word_1_602' title='bbox 2275 3997 2508 4060; x_wconf 82' lang='grc' dir='ltr'>σπονδὰς</span> <span class='ocrx_word' id='word_1_603' title='bbox 2553 3992 2953 4067; x_wconf 77' lang='grc' dir='ltr'>προσεκόμιζον</span> <span class='ocrx_word' id='word_1_604' title='bbox 2987 3991 3174 4046; x_wconf 83' lang='grc' dir='ltr'>αὐτόθι</span> <span class='ocrx_word' id='word_1_605' title='bbox 3224 3992 3337 4054; x_wconf 87' lang='grc' dir='ltr'>τοῖς</span> <span class='ocrx_word' id='word_1_606' title='bbox 3367 3989 3707 4060; x_wconf 77' lang='grc' dir='ltr'>ἀκαθάρτοις</span> <span class='ocrx_word' id='word_1_607' title='bbox 3748 3989 3864 4043; x_wconf 78' lang='grc' dir='ltr'>δαί-</span> 
     </span>
    </p>
   </div>
   <div class='ocr_carea' id='block_1_84' title="bbox 2277 4082 3864 4164">
    <p class='ocr_par' dir='ltr' id='par_1_84' title="bbox 2277 4082 3864 4164">
     <span class='ocr_line' id='line_1_84' title="bbox 2277 4082 3864 4164; baseline -0.005 -20"><span class='ocrx_word' id='word_1_608' title='bbox 2277 4106 2466 4164; x_wconf 90' lang='grc' dir='ltr'>μοσιν·</span> <span class='ocrx_word' id='word_1_609' title='bbox 2506 4089 2616 4143; x_wconf 75' lang='grc' dir='ltr'>εἰσὶ</span> <span class='ocrx_word' id='word_1_610' title='bbox 2651 4087 2709 4141; x_wconf 74' lang='grc' dir='ltr'>δὲ</span> <span class='ocrx_word' id='word_1_611' title='bbox 2757 4087 2852 4140; x_wconf 71' lang='grc' dir='ltr'>καὶ</span> <span class='ocrx_word' id='word_1_612' title='bbox 2893 4087 2941 4139; x_wconf 79' lang='grc' dir='ltr'>οἱ</span> <span class='ocrx_word' id='word_1_613' title='bbox 2975 4084 3085 4137; x_wconf 86' lang='grc' dir='ltr'><strong>τῶν</strong></span> <span class='ocrx_word' id='word_1_614' title='bbox 3139 4083 3286 4137; x_wconf 77' lang='grc' dir='ltr'>ἰδίων</span> <span class='ocrx_word' id='word_1_615' title='bbox 3320 4082 3723 4154; x_wconf 76' lang='grc' dir='ltr'>ἀφειδήσαντες</span> <span class='ocrx_word' id='word_1_616' title='bbox 3775 4085 3864 4137; x_wconf 81' lang='grc' dir='ltr'>τέ-</span> 
     </span>
    </p>
   </div>
   <div class='ocr_carea' id='block_1_85' title="bbox 2273 4176 3863 4250">
    <p class='ocr_par' dir='ltr' id='par_1_85' title="bbox 2273 4176 3863 4250">
     <span class='ocr_line' id='line_1_85' title="bbox 2273 4176 3863 4250; baseline -0.008 -12"><span class='ocrx_word' id='word_1_617' title='bbox 2273 4199 2436 4237; x_wconf 83' lang='grc' dir='ltr'>κνων.</span> <span class='ocrx_word' id='word_1_618' title='bbox 2463 4180 2706 4250; x_wconf 82' lang='grc' dir='ltr'>Ἔσφαξε</span> <span class='ocrx_word' id='word_1_619' title='bbox 2736 4179 2864 4248; x_wconf 79' lang='grc' dir='ltr'>γοῦν</span> <span class='ocrx_word' id='word_1_620' title='bbox 2900 4176 3153 4247; x_wconf 79' lang='grc' dir='ltr'>Ἰεχονίας</span> <span class='ocrx_word' id='word_1_621' title='bbox 3185 4176 3276 4229; x_wconf 75' lang='grc' dir='ltr'>τὸν</span> <span class='ocrx_word' id='word_1_622' title='bbox 3306 4176 3440 4229; x_wconf 70' lang='grc' dir='ltr'>ἴδιον</span> <span class='ocrx_word' id='word_1_623' title='bbox 3469 4176 3587 4228; x_wconf 68' lang='grc' dir='ltr'>υἱὸν</span> <span class='ocrx_word' id='word_1_624' title='bbox 3622 4179 3738 4237; x_wconf 82' lang='grc' dir='ltr'>τοῖς</span> <span class='ocrx_word' id='word_1_625' title='bbox 3766 4177 3863 4228; x_wconf 62' lang='grc' dir='ltr'><strong>οὐκ</strong></span> 
     </span>
    </p>
   </div>
   <div class='ocr_carea' id='block_1_86' title="bbox 2273 4267 3861 4338">
    <p class='ocr_par' dir='ltr' id='par_1_86' title="bbox 2273 4267 3861 4338">
     <span class='ocr_line' id='line_1_86' title="bbox 2273 4267 3861 4338; baseline -0.01 -8"><span class='ocrx_word' id='word_1_626' title='bbox 2273 4272 2394 4330; x_wconf 79' lang='grc' dir='ltr'>οὖσι</span> <span class='ocrx_word' id='word_1_627' title='bbox 2417 4270 2764 4335; x_wconf 84' lang='grc' dir='ltr'>θεοῖς.Τοῦτο</span> <span class='ocrx_word' id='word_1_628' title='bbox 2791 4270 2886 4324; x_wconf 75' lang='grc' dir='ltr'><strong>καὶ</strong></span> <span class='ocrx_word' id='word_1_629' title='bbox 2904 4267 3069 4331; x_wconf 77' lang='grc' dir='ltr'>αὐτὸς</span> <span class='ocrx_word' id='word_1_630' title='bbox 3092 4267 3194 4338; x_wconf 78' lang='grc' dir='ltr'>ἔφη</span> <span class='ocrx_word' id='word_1_631' title='bbox 3225 4284 3331 4320; x_wconf 89' lang='grc' dir='ltr'><strong>που</strong></span> <span class='ocrx_word' id='word_1_632' title='bbox 3351 4267 3486 4330; x_wconf 75' lang='grc' dir='ltr'>Θεὸς</span> <span class='ocrx_word' id='word_1_633' title='bbox 3514 4267 3581 4319; x_wconf 87' lang='grc' dir='ltr'>δι’</span> <span class='ocrx_word' id='word_1_634' title='bbox 3608 4268 3728 4330; x_wconf 76' lang='grc' dir='ltr'>ἐνὸς</span> <span class='ocrx_word' id='word_1_635' title='bbox 3757 4268 3861 4320; x_wconf 71' lang='grc' dir='ltr'>τῶν</span> 
     </span>
    </p>
   </div>
   <div class='ocr_carea' id='block_1_87' title="bbox 2275 4357 3862 4437">
    <p class='ocr_par' dir='ltr' id='par_1_87' title="bbox 2275 4357 3862 4437">
     <span class='ocr_line' id='line_1_87' title="bbox 2275 4357 3862 4437; baseline -0.009 -15"><span class='ocrx_word' id='word_1_636' title='bbox 2275 4367 2447 4437; x_wconf 73' lang='grc' dir='ltr'>ἁγεων</span> <span class='ocrx_word' id='word_1_637' title='bbox 2485 4361 2808 4435; x_wconf 75' lang='grc' dir='ltr'>προφητῶν,</span> <span class='ocrx_word' id='word_1_638' title='bbox 2837 4359 2937 4432; x_wconf 73' lang='grc' dir='ltr'><strong>τὴν</strong></span> <span class='ocrx_word' id='word_1_639' title='bbox 2976 4359 3235 4430; x_wconf 81' lang='grc' dir='ltr'>ὠμότητα</span> <span class='ocrx_word' id='word_1_640' title='bbox 3263 4357 3629 4422; x_wconf 77' lang='grc' dir='ltr'>καταδεικνὺς</span> <span class='ocrx_word' id='word_1_641' title='bbox 3659 4357 3767 4409; x_wconf 77' lang='grc' dir='ltr'><strong>τῶν</strong></span> <span class='ocrx_word' id='word_1_642' title='bbox 3798 4358 3862 4408; x_wconf 66' lang='grc' dir='ltr'><strong>τὰ</strong></span> 
     </span>
    </p>
   </div>
   <div class='ocr_carea' id='block_1_88' title="bbox 592 4441 2173 4533">
    <p class='ocr_par' dir='ltr' id='par_1_88' title="bbox 592 4441 2168 4512">
     <span class='ocr_line' id='line_1_88' title="bbox 592 4441 2168 4512; baseline -0.003 -12"><span class='ocrx_word' id='word_1_643' title='bbox 592 4445 840 4500; x_wconf 83' lang='lat' dir='ltr'><strong>fecerunt</strong></span> <span class='ocrx_word' id='word_1_644' title='bbox 865 4443 937 4498; x_wconf 79' lang='lat'><strong>&quot;.</strong></span> <span class='ocrx_word' id='word_1_645' title='bbox 972 4461 990 4495; x_wconf 75' lang='grc' dir='ltr'><strong>ι</strong></span> <span class='ocrx_word' id='word_1_646' title='bbox 1025 4442 1133 4498; x_wconf 78' lang='lat' dir='ltr'><strong>Vos</strong></span> <span class='ocrx_word' id='word_1_647' title='bbox 1168 4444 1330 4512; x_wconf 72' lang='lat' dir='ltr'><strong>igitur</strong></span> <span class='ocrx_word' id='word_1_648' title='bbox 1352 4442 1507 4508; x_wconf 87' lang='lat' dir='ltr'><strong>estis,</strong></span> <span class='ocrx_word' id='word_1_649' title='bbox 1558 4443 1751 4512; x_wconf 81' lang='lat' dir='ltr'><strong>inquit,</strong></span> <span class='ocrx_word' id='word_1_650' title='bbox 1789 4442 1882 4508; x_wconf 84' lang='lat' dir='ltr'><strong>qui</strong></span> <span class='ocrx_word' id='word_1_651' title='bbox 1911 4441 2168 4498; x_wconf 80' lang='lat' dir='ltr'><strong>exhorta-</strong></span> 
     </span>
    </p>
   </div>
   <div class='ocr_carea' id='block_1_89' title="bbox 2274 4441 3862 4533">
    <p class='ocr_par' dir='ltr' id='par_1_89' title="bbox 2274 4448 3862 4527">
     <span class='ocr_line' id='line_1_89' title="bbox 2274 4448 3862 4527; baseline -0.008 -15"><span class='ocrx_word' id='word_1_652' title='bbox 2274 4458 2450 4514; x_wconf 80' lang='grc' dir='ltr'>τοιάδε</span> <span class='ocrx_word' id='word_1_653' title='bbox 2484 4456 2618 4527; x_wconf 79' lang='grc' dir='ltr'>δρᾷν</span> <span class='ocrx_word' id='word_1_654' title='bbox 2656 4453 2944 4506; x_wconf 69' lang='grc' dir='ltr'>εἰωθότωψ</span> <span class='ocrx_word' id='word_1_655' title='bbox 2986 4470 3004 4503; x_wconf 80' lang='grc' dir='ltr'><strong>ι</strong></span> <span class='ocrx_word' id='word_1_656' title='bbox 3034 4450 3244 4504; x_wconf 86' lang='grc' dir='ltr'>Θύσατε</span> <span class='ocrx_word' id='word_1_657' title='bbox 3281 4448 3636 4520; x_wconf 86' lang='grc' dir='ltr'>ἀνθρώπους·</span> <span class='ocrx_word' id='word_1_658' title='bbox 3675 4449 3862 4520; x_wconf 69' lang='grc' dir='ltr'>μόσχοι</span> 
     </span>
    </p>
   </div>
   <div class='ocr_carea' id='block_1_90' title="bbox 590 4533 2163 4601">
    <p class='ocr_par' dir='ltr' id='par_1_90' title="bbox 590 4533 2163 4601">
     <span class='ocr_line' id='line_1_90' title="bbox 590 4533 2163 4601; baseline -0.003 -10"><span class='ocrx_word' id='word_1_659' title='bbox 590 4535 724 4591; x_wconf 88' lang='lat' dir='ltr'><strong>mini</strong></span> <span class='ocrx_word' id='word_1_660' title='bbox 753 4535 819 4590; x_wconf 89' lang='lat' dir='ltr'><strong>ad</strong></span> <span class='ocrx_word' id='word_1_661' title='bbox 854 4535 1018 4600; x_wconf 86' lang='lat' dir='ltr'><strong>idola,</strong></span> <span class='ocrx_word' id='word_1_662' title='bbox 1065 4534 1169 4590; x_wconf 82' lang='lat' dir='ltr'><strong>sub</strong></span> <span class='ocrx_word' id='word_1_663' title='bbox 1207 4534 1495 4589; x_wconf 85' lang='lat' dir='ltr'><strong>arboribus</strong></span> <span class='ocrx_word' id='word_1_664' title='bbox 1526 4534 1729 4601; x_wconf 89' lang='lat' dir='ltr'><strong>densis,</strong></span> <span class='ocrx_word' id='word_1_665' title='bbox 1767 4542 2064 4589; x_wconf 85' lang='lat' dir='ltr'><strong>mactantes</strong></span> <span class='ocrx_word' id='word_1_666' title='bbox 2096 4533 2163 4587; x_wconf 86' lang='lat' dir='ltr'><strong>li-</strong></span> 
     </span>
    </p>
   </div>
   <div class='ocr_carea' id='block_1_91' title="bbox 587 4625 2162 4695">
    <p class='ocr_par' dir='ltr' id='par_1_91' title="bbox 587 4625 2162 4695">
     <span class='ocr_line' id='line_1_91' title="bbox 587 4625 2162 4695; baseline -0.003 -12"><span class='ocrx_word' id='word_1_667' title='bbox 587 4627 748 4684; x_wconf 83' lang='lat' dir='ltr'><strong>heros</strong></span> <span class='ocrx_word' id='word_1_668' title='bbox 793 4633 1005 4681; x_wconf 81' lang='lat' dir='ltr'><strong>vestros</strong></span> <span class='ocrx_word' id='word_1_669' title='bbox 1038 4626 1091 4680; x_wconf 92' lang='lat' dir='ltr'><strong>in</strong></span> <span class='ocrx_word' id='word_1_670' title='bbox 1139 4625 1393 4689; x_wconf 87' lang='lat' dir='ltr'><strong>vallibus,</strong></span> <span class='ocrx_word' id='word_1_671' title='bbox 1418 4639 1514 4695; x_wconf 87' lang='lat' dir='ltr'><strong>per</strong></span> <span class='ocrx_word' id='word_1_672' title='bbox 1567 4625 1801 4681; x_wconf 88' lang='lat' dir='ltr'><strong>medium</strong></span> <span class='ocrx_word' id='word_1_673' title='bbox 1860 4636 2162 4694; x_wconf 86' lang='lat' dir='ltr'><strong>petrarum.</strong></span> 
     </span>
    </p>
   </div>
   <div class='ocr_carea' id='block_1_92' title="bbox 560 4715 2161 4788">
    <p class='ocr_par' dir='ltr' id='par_1_92' title="bbox 560 4715 2161 4788">
     <span class='ocr_line' id='line_1_92' title="bbox 560 4715 2161 4788; baseline -0.001 -14"><span class='ocrx_word' id='word_1_674' title='bbox 560 4716 725 4786; x_wconf 79' lang='lat' dir='ltr'><strong>‘Quid</strong></span> <span class='ocrx_word' id='word_1_675' title='bbox 774 4724 889 4774; x_wconf 80' lang='lat' dir='ltr'><strong>tum</strong></span> <span class='ocrx_word' id='word_1_676' title='bbox 926 4715 1159 4788; x_wconf 86' lang='lat' dir='ltr'><strong>postea?</strong></span> <span class='ocrx_word' id='word_1_677' title='bbox 1209 4716 1334 4772; x_wconf 66' lang='lat' dir='ltr'><strong>Haec</strong></span> <span class='ocrx_word' id='word_1_678' title='bbox 1382 4726 1470 4772; x_wconf 83' lang='lat' dir='ltr'><strong>tua</strong></span> <span class='ocrx_word' id='word_1_679' title='bbox 1524 4730 1673 4785; x_wconf 88' lang='lat' dir='ltr'><strong>pars,</strong></span> <span class='ocrx_word' id='word_1_680' title='bbox 1722 4716 1838 4771; x_wconf 64' lang='lat' dir='ltr'><strong>haec</strong></span> <span class='ocrx_word' id='word_1_681' title='bbox 1885 4726 1974 4770; x_wconf 86' lang='lat' dir='ltr'><strong>tua</strong></span> <span class='ocrx_word' id='word_1_682' title='bbox 2020 4730 2161 4773; x_wconf 87' lang='lat' dir='ltr'><strong>sors.</strong></span> 
     </span>
    </p>
   </div>
   <div class='ocr_carea' id='block_1_93' title="bbox 564 4807 2163 4879">
    <p class='ocr_par' dir='ltr' id='par_1_93' title="bbox 564 4807 2163 4879">
     <span class='ocr_line' id='line_1_93' title="bbox 564 4807 2163 4879; baseline -0.001 -14"><span class='ocrx_word' id='word_1_683' title='bbox 564 4810 836 4873; x_wconf 38' lang='lat' dir='ltr'><strong>:Adorasti</strong></span> <span class='ocrx_word' id='word_1_684' title='bbox 866 4811 1010 4865; x_wconf 87' lang='lat' dir='ltr'><strong>enim</strong></span> <span class='ocrx_word' id='word_1_685' title='bbox 1040 4824 1197 4875; x_wconf 79' lang='lat' dir='ltr'><strong>vana,</strong></span> <span class='ocrx_word' id='word_1_686' title='bbox 1228 4809 1428 4879; x_wconf 82' lang='lat' dir='ltr'><strong>inquit,</strong></span> <span class='ocrx_word' id='word_1_687' title='bbox 1479 4807 1639 4863; x_wconf 82' lang='lat' dir='ltr'><strong>talem</strong></span> <span class='ocrx_word' id='word_1_688' title='bbox 1686 4821 1907 4877; x_wconf 89' lang='lat' dir='ltr'><strong>quoque</strong></span> <span class='ocrx_word' id='word_1_689' title='bbox 1937 4808 2163 4864; x_wconf 81' lang='lat' dir='ltr'><strong>habebis</strong></span> 
     </span>
    </p>
   </div>
   <div class='ocr_carea' id='block_1_94' title="bbox 576 4898 2161 4977">
    <p class='ocr_par' dir='ltr' id='par_1_94' title="bbox 576 4898 2161 4977">
     <span class='ocr_line' id='line_1_94' title="bbox 576 4898 2161 4977; baseline -0.004 -17"><span class='ocrx_word' id='word_1_690' title='bbox 576 4903 910 4977; x_wconf 84' lang='lat' dir='ltr'><strong>partionem,</strong></span> <span class='ocrx_word' id='word_1_691' title='bbox 945 4911 1000 4956; x_wconf 89' lang='lat' dir='ltr'><strong>et</strong></span> <span class='ocrx_word' id='word_1_692' title='bbox 1024 4916 1149 4956; x_wconf 85' lang='lat' dir='ltr'><strong>sors</strong></span> <span class='ocrx_word' id='word_1_693' title='bbox 1177 4900 1269 4955; x_wconf 89' lang='lat' dir='ltr'><strong>tibi</strong></span> <span class='ocrx_word' id='word_1_694' title='bbox 1305 4900 1411 4955; x_wconf 87' lang='lat' dir='ltr'><strong>erit</strong></span> <span class='ocrx_word' id='word_1_695' title='bbox 1441 4899 1643 4953; x_wconf 87' lang='lat' dir='ltr'><strong>inanis.</strong></span> <span class='ocrx_word' id='word_1_696' title='bbox 1678 4898 1773 4954; x_wconf 85' lang='lat' dir='ltr'><strong>Vel</strong></span> <span class='ocrx_word' id='word_1_697' title='bbox 1805 4898 1935 4953; x_wconf 90' lang='lat' dir='ltr'><strong>illud</strong></span> <span class='ocrx_word' id='word_1_698' title='bbox 1977 4899 2161 4954; x_wconf 84' lang='lat' dir='ltr'><strong>dicere</strong></span> 
     </span>
    </p>
   </div>
   <div class='ocr_carea' id='block_1_95' title="bbox 580 4992 2151 5062">
    <p class='ocr_par' dir='ltr' id='par_1_95' title="bbox 580 4992 2151 5062">
     <span class='ocr_line' id='line_1_95' title="bbox 580 4992 2151 5062; baseline 0 -17"><span class='ocrx_word' id='word_1_699' title='bbox 580 4995 732 5051; x_wconf 64' lang='lat' dir='ltr'><strong>vult:</strong></span> <span class='ocrx_word' id='word_1_700' title='bbox 762 4993 1042 5050; x_wconf 72' lang='lat' dir='ltr'><strong>Mactastis</strong></span> <span class='ocrx_word' id='word_1_701' title='bbox 1080 4993 1280 5048; x_wconf 78' lang='lat' dir='ltr'><strong>liberos</strong></span> <span class='ocrx_word' id='word_1_702' title='bbox 1327 5002 1558 5056; x_wconf 78' lang='lat' dir='ltr'><strong>vestros,</strong></span> <span class='ocrx_word' id='word_1_703' title='bbox 1597 4992 1795 5062; x_wconf 88' lang='lat' dir='ltr'><strong>inquit,</strong></span> <span class='ocrx_word' id='word_1_704' title='bbox 1824 4993 1878 5047; x_wconf 90' lang='lat' dir='ltr'><strong>in</strong></span> <span class='ocrx_word' id='word_1_705' title='bbox 1904 4992 2151 5048; x_wconf 87' lang='lat' dir='ltr'><strong>vallibus.</strong></span> 
     </span>
    </p>
   </div>
   <div class='ocr_carea' id='block_1_96' title="bbox 580 5083 2156 5157">
    <p class='ocr_par' dir='ltr' id='par_1_96' title="bbox 580 5083 2156 5157">
     <span class='ocr_line' id='line_1_96' title="bbox 580 5083 2156 5157; baseline -0.004 -13"><span class='ocrx_word' id='word_1_706' title='bbox 580 5089 673 5145; x_wconf 80' lang='lat' dir='ltr'><strong>Illa</strong></span> <span class='ocrx_word' id='word_1_707' title='bbox 701 5101 834 5156; x_wconf 73' lang='lat' dir='ltr'><strong>ergo</strong></span> <span class='ocrx_word' id='word_1_708' title='bbox 855 5094 938 5143; x_wconf 88' lang='lat' dir='ltr'><strong>est</strong></span> <span class='ocrx_word' id='word_1_709' title='bbox 968 5094 1060 5142; x_wconf 87' lang='lat' dir='ltr'><strong>tua</strong></span> <span class='ocrx_word' id='word_1_710' title='bbox 1095 5100 1246 5157; x_wconf 83' lang='lat' dir='ltr'><strong>pars,</strong></span> <span class='ocrx_word' id='word_1_711' title='bbox 1282 5085 1397 5141; x_wconf 67' lang='lat' dir='ltr'><strong>haec</strong></span> <span class='ocrx_word' id='word_1_712' title='bbox 1426 5092 1526 5138; x_wconf 83' lang='lat' dir='ltr'><strong>tua</strong></span> <span class='ocrx_word' id='word_1_713' title='bbox 1567 5098 1690 5139; x_wconf 87' lang='lat' dir='ltr'><strong>sors</strong></span> <span class='ocrx_word' id='word_1_714' title='bbox 1718 5102 1733 5139; x_wconf 87' lang='lat'><strong>:</strong></span> <span class='ocrx_word' id='word_1_715' title='bbox 1765 5083 1816 5139; x_wconf 85' lang='lat' dir='ltr'><strong>id</strong></span> <span class='ocrx_word' id='word_1_716' title='bbox 1840 5094 1945 5151; x_wconf 84' lang='lat' dir='ltr'><strong>est,</strong></span> <span class='ocrx_word' id='word_1_717' title='bbox 1981 5085 2037 5139; x_wconf 90' lang='lat' dir='ltr'><strong>in</strong></span> <span class='ocrx_word' id='word_1_718' title='bbox 2059 5098 2156 5139; x_wconf 85' lang='lat' dir='ltr'><strong>ea-</strong></span> 
     </span>
    </p>
   </div>
   <div class='ocr_carea' id='block_1_97' title="bbox 579 5176 2156 5245">
    <p class='ocr_par' dir='ltr' id='par_1_97' title="bbox 579 5176 2156 5245">
     <span class='ocr_line' id='line_1_97' title="bbox 579 5176 2156 5245; baseline -0.003 -11"><span class='ocrx_word' id='word_1_719' title='bbox 579 5181 704 5235; x_wconf 86' lang='lat' dir='ltr'><strong>dem</strong></span> <span class='ocrx_word' id='word_1_720' title='bbox 735 5178 1014 5234; x_wconf 87' lang='lat' dir='ltr'><strong>dedueetis</strong></span> <span class='ocrx_word' id='word_1_721' title='bbox 1048 5177 1209 5240; x_wconf 88' lang='lat' dir='ltr'><strong>mala,</strong></span> <span class='ocrx_word' id='word_1_722' title='bbox 1240 5176 1453 5245; x_wconf 85' lang='lat' dir='ltr'><strong>eritque</strong></span> <span class='ocrx_word' id='word_1_723' title='bbox 1490 5190 1616 5244; x_wconf 84' lang='lat' dir='ltr'><strong>pars</strong></span> <span class='ocrx_word' id='word_1_724' title='bbox 1656 5190 1720 5230; x_wconf 89' lang='lat' dir='ltr'><strong>ac</strong></span> <span class='ocrx_word' id='word_1_725' title='bbox 1760 5189 1880 5230; x_wconf 86' lang='lat' dir='ltr'><strong>sors</strong></span> <span class='ocrx_word' id='word_1_726' title='bbox 1911 5176 2003 5231; x_wconf 87' lang='lat' dir='ltr'><strong>tibi</strong></span> <span class='ocrx_word' id='word_1_727' title='bbox 2040 5190 2156 5230; x_wconf 83' lang='lat' dir='ltr'><strong>ma-</strong></span> 
     </span>
    </p>
   </div>
   <div class='ocr_carea' id='block_1_98' title="bbox 579 5266 2161 5337">
    <p class='ocr_par' dir='ltr' id='par_1_98' title="bbox 579 5266 2161 5337">
     <span class='ocr_line' id='line_1_98' title="bbox 579 5266 2161 5337; baseline -0.006 -9"><span class='ocrx_word' id='word_1_728' title='bbox 579 5274 771 5328; x_wconf 86' lang='lat' dir='ltr'><strong>ctatio.</strong></span> <span class='ocrx_word' id='word_1_729' title='bbox 801 5268 1205 5337; x_wconf 82' lang='lat' dir='ltr'><strong>Quamobrem?</strong></span> <span class='ocrx_word' id='word_1_730' title='bbox 1229 5267 1470 5322; x_wconf 89' lang='lat' dir='ltr'><strong>Primum</strong></span> <span class='ocrx_word' id='word_1_731' title='bbox 1503 5267 1626 5336; x_wconf 85' lang='lat' dir='ltr'><strong>quia</strong></span> <span class='ocrx_word' id='word_1_732' title='bbox 1652 5266 1950 5322; x_wconf 82' lang='lat' dir='ltr'><strong>liberorqu</strong></span> <span class='ocrx_word' id='word_1_733' title='bbox 1989 5266 2161 5321; x_wconf 78' lang='lat' dir='ltr'><strong>exsti-</strong></span> 
     </span>
    </p>
   </div>
   <div class='ocr_carea' id='block_1_99' title="bbox 579 5359 2161 5430">
    <p class='ocr_par' dir='ltr' id='par_1_99' title="bbox 579 5359 2161 5430">
     <span class='ocr_line' id='line_1_99' title="bbox 579 5359 2161 5430; baseline -0.004 -10"><span class='ocrx_word' id='word_1_734' title='bbox 579 5365 695 5421; x_wconf 89' lang='lat' dir='ltr'><strong>tisti</strong></span> <span class='ocrx_word' id='word_1_735' title='bbox 720 5364 1039 5419; x_wconf 83' lang='lat' dir='ltr'><strong>interfector</strong></span> <span class='ocrx_word' id='word_1_736' title='bbox 1070 5379 1083 5415; x_wconf 90' lang='lat'><strong>:</strong></span> <span class='ocrx_word' id='word_1_737' title='bbox 1115 5360 1310 5415; x_wconf 89' lang='lat' dir='ltr'><strong>deinde</strong></span> <span class='ocrx_word' id='word_1_738' title='bbox 1332 5359 1459 5428; x_wconf 88' lang='lat' dir='ltr'><strong>quia</strong></span> <span class='ocrx_word' id='word_1_739' title='bbox 1481 5360 1712 5430; x_wconf 88' lang='lat' dir='ltr'><strong>impuris</strong></span> <span class='ocrx_word' id='word_1_740' title='bbox 1740 5359 2074 5415; x_wconf 64' lang='lat' dir='ltr'><strong>daeinonihus</strong></span> <span class='ocrx_word' id='word_1_741' title='bbox 2107 5368 2161 5414; x_wconf 87' lang='lat' dir='ltr'><strong>et</strong></span> 
     </span>
    </p>
   </div>
   <div class='ocr_carea' id='block_1_100' title="bbox 579 5450 2159 5520">
    <p class='ocr_par' dir='ltr' id='par_1_100' title="bbox 579 5450 2159 5520">
     <span class='ocr_line' id='line_1_100' title="bbox 579 5450 2159 5520; baseline -0.004 -10"><span class='ocrx_word' id='word_1_742' title='bbox 579 5455 839 5512; x_wconf 85' lang='lat' dir='ltr'><strong>inanimis</strong></span> <span class='ocrx_word' id='word_1_743' title='bbox 881 5454 1041 5511; x_wconf 83' lang='lat' dir='ltr'><strong>idolis</strong></span> <span class='ocrx_word' id='word_1_744' title='bbox 1065 5451 1306 5509; x_wconf 71' lang='lat' dir='ltr'><strong>effudiin</strong></span> <span class='ocrx_word' id='word_1_745' title='bbox 1331 5451 1609 5517; x_wconf 85' lang='lat' dir='ltr'><strong>libamina,</strong></span> <span class='ocrx_word' id='word_1_746' title='bbox 1660 5450 1876 5520; x_wconf 86' lang='lat' dir='ltr'><strong>illisque</strong></span> <span class='ocrx_word' id='word_1_747' title='bbox 1915 5451 2159 5506; x_wconf 85' lang='lat' dir='ltr'><strong>obtulisti</strong></span> 
     </span>
    </p>
   </div>
   <div class='ocr_carea' id='block_1_101' title="bbox 576 5542 2158 5616">
    <p class='ocr_par' dir='ltr' id='par_1_101' title="bbox 576 5542 2158 5616">
     <span class='ocr_line' id='line_1_101' title="bbox 576 5542 2158 5616; baseline -0.003 -15"><span class='ocrx_word' id='word_1_748' title='bbox 576 5546 803 5601; x_wconf 70' lang='lat' dir='ltr'><strong>lumine.</strong></span> <span class='ocrx_word' id='word_1_749' title='bbox 818 5545 1036 5615; x_wconf 77' lang='lat' dir='ltr'><strong>Jtaque,</strong></span> <span class='ocrx_word' id='word_1_750' title='bbox 1062 5544 1258 5616; x_wconf 89' lang='lat' dir='ltr'><strong>inquit,</strong></span> <span class='ocrx_word' id='word_1_751' title='bbox 1287 5558 1465 5600; x_wconf 89' lang='lat' dir='ltr'><strong>nonne</strong></span> <span class='ocrx_word' id='word_1_752' title='bbox 1482 5543 1552 5599; x_wconf 87' lang='lat' dir='ltr'><strong>ob</strong></span> <span class='ocrx_word' id='word_1_753' title='bbox 1580 5544 1682 5597; x_wconf 86' lang='lat' dir='ltr'><strong>hoc</strong></span> <span class='ocrx_word' id='word_1_754' title='bbox 1704 5542 1953 5598; x_wconf 76' lang='lat' dir='ltr'><strong>irascar?</strong></span> <span class='ocrx_word' id='word_1_755' title='bbox 1980 5557 2158 5597; x_wconf 86' lang='lat' dir='ltr'><strong>nonne</strong></span> 
     </span>
    </p>
   </div>
   <div class='ocr_carea' id='block_1_102' title="bbox 643 5716 1939 5790">
    <p class='ocr_par' dir='ltr' id='par_1_102' title="bbox 643 5716 1939 5790">
     <span class='ocr_line' id='line_1_102' title="bbox 643 5716 1939 5790; baseline 0 -17"><span class='ocrx_word' id='word_1_756' title='bbox 643 5718 725 5790; x_wconf 49' lang='grc' dir='ltr'><strong>ρει)</strong></span> <span class='ocrx_word' id='word_1_757' title='bbox 764 5716 1144 5771; x_wconf 78' lang='lat' dir='ltr'><strong>Desiderantur</strong></span> <span class='ocrx_word' id='word_1_758' title='bbox 1173 5718 1288 5773; x_wconf 64' lang='lat' dir='ltr'><strong>haec</strong></span> <span class='ocrx_word' id='word_1_759' title='bbox 1316 5718 1372 5773; x_wconf 92' lang='lat' dir='ltr'><strong>in</strong></span> <span class='ocrx_word' id='word_1_760' title='bbox 1403 5717 1592 5774; x_wconf 70' lang='grc' dir='ltr'>ϐιωοο</span> <span class='ocrx_word' id='word_1_761' title='bbox 1621 5719 1939 5788; x_wconf 78' lang='lat' dir='ltr'><strong>exctnplari.</strong></span> 
     </span>
    </p>
   </div>
   <div class='ocr_carea' id='block_1_103' title="bbox 2268 4540 3859 4625">
    <p class='ocr_par' dir='ltr' id='par_1_103' title="bbox 2268 4540 3859 4625">
     <span class='ocr_line' id='line_1_103' title="bbox 2268 4540 3859 4625; baseline -0.007 -21"><span class='ocrx_word' id='word_1_762' title='bbox 2268 4549 2375 4621; x_wconf 78' lang='grc' dir='ltr'>γὰρ</span> <span class='ocrx_word' id='word_1_763' title='bbox 2415 4546 2811 4602; x_wconf 78' lang='grc' dir='ltr'>ἐκλελοίπασιν.</span> <span class='ocrx_word' id='word_1_764' title='bbox 2840 4542 3091 4625; x_wconf 31' lang='grc' dir='ltr'>ιὶὙμεῖς</span> <span class='ocrx_word' id='word_1_765' title='bbox 3138 4540 3317 4594; x_wconf 74' lang='grc' dir='ltr'>τοίνυν</span> <span class='ocrx_word' id='word_1_766' title='bbox 3365 4540 3514 4605; x_wconf 81' lang='grc' dir='ltr'>ὲστὲ,</span> <span class='ocrx_word' id='word_1_767' title='bbox 3564 4541 3756 4610; x_wconf 63' lang='grc' dir='ltr'>φησιν,</span> <span class='ocrx_word' id='word_1_768' title='bbox 3815 4542 3859 4593; x_wconf 73' lang='lat' dir='ltr'><strong>ei</strong></span> 
     </span>
    </p>
   </div>
   <div class='ocr_carea' id='block_1_104' title="bbox 2269 4630 3862 4712">
    <p class='ocr_par' dir='ltr' id='par_1_104' title="bbox 2269 4630 3862 4712">
     <span class='ocr_line' id='line_1_104' title="bbox 2269 4630 3862 4712; baseline -0.008 -17"><span class='ocrx_word' id='word_1_769' title='bbox 2269 4637 2713 4712; x_wconf 78' lang='grc' dir='ltr'>παρακαλοῦντες</span> <span class='ocrx_word' id='word_1_770' title='bbox 2755 4636 2848 4688; x_wconf 72' lang='grc' dir='ltr'><strong>ἐπὶ</strong></span> <span class='ocrx_word' id='word_1_771' title='bbox 2896 4634 2966 4687; x_wconf 86' lang='grc' dir='ltr'><strong>τά</strong></span> <span class='ocrx_word' id='word_1_772' title='bbox 3018 4633 3249 4694; x_wconf 76' lang='grc' dir='ltr'>εἴδωλα,</span> <span class='ocrx_word' id='word_1_773' title='bbox 3297 4630 3403 4684; x_wconf 78' lang='grc' dir='ltr'>ὑπὸ</span> <span class='ocrx_word' id='word_1_774' title='bbox 3451 4631 3650 4703; x_wconf 79' lang='grc' dir='ltr'>δένδρα</span> <span class='ocrx_word' id='word_1_775' title='bbox 3699 4631 3862 4684; x_wconf 59' lang='grc' dir='ltr'>δασὺ</span> 
     </span>
    </p>
   </div>
   <div class='ocr_carea' id='block_1_105' title="bbox 2266 4723 3860 4801">
    <p class='ocr_par' dir='ltr' id='par_1_105' title="bbox 2266 4723 3860 4801">
     <span class='ocr_line' id='line_1_105' title="bbox 2266 4723 3860 4801; baseline -0.005 -15"><span class='ocrx_word' id='word_1_776' title='bbox 2266 4729 2564 4801; x_wconf 79' lang='grc' dir='ltr'>σφάζοντες</span> <span class='ocrx_word' id='word_1_777' title='bbox 2612 4728 2681 4782; x_wconf 81' lang='grc' dir='ltr'>τὰ</span> <span class='ocrx_word' id='word_1_778' title='bbox 2730 4727 2898 4780; x_wconf 82' lang='grc' dir='ltr'>τέκνα</span> <span class='ocrx_word' id='word_1_779' title='bbox 2946 4725 3128 4780; x_wconf 76' lang='grc' dir='ltr'>αὐτῶν</span> <span class='ocrx_word' id='word_1_780' title='bbox 3164 4726 3222 4779; x_wconf 79' lang='grc' dir='ltr'>ὲν</span> <span class='ocrx_word' id='word_1_781' title='bbox 3257 4726 3376 4788; x_wconf 81' lang='grc' dir='ltr'>ταῖς</span> <span class='ocrx_word' id='word_1_782' title='bbox 3405 4723 3686 4795; x_wconf 81' lang='grc' dir='ltr'>φάραγξιν</span> <span class='ocrx_word' id='word_1_783' title='bbox 3730 4725 3860 4778; x_wconf 74' lang='grc' dir='ltr'>ἀντι-</span> 
     </span>
    </p>
   </div>
   <div class='ocr_carea' id='block_1_106' title="bbox 2266 4809 3858 4889">
    <p class='ocr_par' dir='ltr' id='par_1_106' title="bbox 2266 4809 3858 4889">
     <span class='ocr_line' id='line_1_106' title="bbox 2266 4809 3858 4889; baseline -0.006 -15"><span class='ocrx_word' id='word_1_784' title='bbox 2266 4820 2428 4889; x_wconf 81' lang='grc' dir='ltr'>μέσον</span> <span class='ocrx_word' id='word_1_785' title='bbox 2455 4818 2562 4872; x_wconf 84' lang='grc' dir='ltr'><strong>τῶν</strong></span> <span class='ocrx_word' id='word_1_786' title='bbox 2600 4815 2838 4888; x_wconf 86' lang='grc' dir='ltr'>πετρῶν.</span> <span class='ocrx_word' id='word_1_787' title='bbox 2866 4815 2931 4867; x_wconf 88' lang='lat' dir='ltr'><strong>Tl</strong></span> <span class='ocrx_word' id='word_1_788' title='bbox 2959 4809 3053 4869; x_wconf 84' lang='grc' dir='ltr'><strong>οὖν</strong></span> <span class='ocrx_word' id='word_1_789' title='bbox 3095 4814 3188 4867; x_wconf 79' lang='grc' dir='ltr'><strong>ὲπὶ</strong></span> <span class='ocrx_word' id='word_1_790' title='bbox 3223 4812 3464 4878; x_wconf 73' lang='grc' dir='ltr'>τούτοιςς</span> <span class='ocrx_word' id='word_1_791' title='bbox 3512 4812 3734 4882; x_wconf 81' lang='grc' dir='ltr'>Ἐκείνη</span> <span class='ocrx_word' id='word_1_792' title='bbox 3775 4830 3858 4865; x_wconf 69' lang='grc' dir='ltr'>σου</span> 
     </span>
    </p>
   </div>
   <div class='ocr_carea' id='block_1_107' title="bbox 2266 4901 3860 4982">
    <p class='ocr_par' dir='ltr' id='par_1_107' title="bbox 2266 4901 3860 4982">
     <span class='ocr_line' id='line_1_107' title="bbox 2266 4901 3860 4982; baseline -0.005 -18"><span class='ocrx_word' id='word_1_793' title='bbox 2266 4910 2445 4982; x_wconf 76' lang='grc' dir='ltr'>μερὶς,</span> <span class='ocrx_word' id='word_1_794' title='bbox 2468 4901 2626 4972; x_wconf 72' lang='grc' dir='ltr'>οὗτός</span> <span class='ocrx_word' id='word_1_795' title='bbox 2662 4923 2756 4960; x_wconf 89' lang='grc' dir='ltr'><strong>σου</strong></span> <span class='ocrx_word' id='word_1_796' title='bbox 2784 4906 2813 4958; x_wconf 81' lang='grc' dir='ltr'><strong>ὁ</strong></span> <span class='ocrx_word' id='word_1_797' title='bbox 2845 4905 3068 4976; x_wconf 81' lang='grc' dir='ltr'>κλῆρος.</span> <span class='ocrx_word' id='word_1_798' title='bbox 3094 4904 3560 4976; x_wconf 79' lang='grc' dir='ltr'>Προσκεκύνηκας</span> <span class='ocrx_word' id='word_1_799' title='bbox 3596 4903 3701 4973; x_wconf 78' lang='grc' dir='ltr'>μὲν</span> <span class='ocrx_word' id='word_1_800' title='bbox 3731 4904 3860 4974; x_wconf 73' lang='grc' dir='ltr'>γὰρ,</span> 
     </span>
    </p>
   </div>
   <div class='ocr_carea' id='block_1_108' title="bbox 2263 4994 3859 5073">
    <p class='ocr_par' dir='ltr' id='par_1_108' title="bbox 2263 4994 3859 5073">
     <span class='ocr_line' id='line_1_108' title="bbox 2263 4994 3859 5073; baseline -0.005 -19"><span class='ocrx_word' id='word_1_801' title='bbox 2263 5000 2419 5073; x_wconf 78' lang='grc' dir='ltr'>φησὶ,</span> <span class='ocrx_word' id='word_1_802' title='bbox 2445 5001 2557 5063; x_wconf 85' lang='grc' dir='ltr'>τοῖς</span> <span class='ocrx_word' id='word_1_803' title='bbox 2593 4998 2844 5069; x_wconf 78' lang='grc' dir='ltr'>ματαίοις</span> <span class='ocrx_word' id='word_1_804' title='bbox 2869 5012 2882 5025; x_wconf 91' lang='grc'><strong>·</strong></span> <span class='ocrx_word' id='word_1_805' title='bbox 2934 4997 3079 5061; x_wconf 69' lang='grc' dir='ltr'>ἕξεις</span> <span class='ocrx_word' id='word_1_806' title='bbox 3123 4996 3179 5049; x_wconf 76' lang='grc' dir='ltr'>δὲ</span> <span class='ocrx_word' id='word_1_807' title='bbox 3216 4995 3408 5067; x_wconf 84' lang='grc' dir='ltr'>μερίδα</span> <span class='ocrx_word' id='word_1_808' title='bbox 3448 4994 3734 5065; x_wconf 73' lang='grc' dir='ltr'>τοιαύτην,</span> <span class='ocrx_word' id='word_1_809' title='bbox 3772 4996 3859 5047; x_wconf 76' lang='grc' dir='ltr'><strong>καὶ</strong></span> 
     </span>
    </p>
   </div>
   <div class='ocr_carea' id='block_1_109' title="bbox 2263 5086 3860 5162">
    <p class='ocr_par' dir='ltr' id='par_1_109' title="bbox 2263 5086 3860 5162">
     <span class='ocr_line' id='line_1_109' title="bbox 2263 5086 3860 5162; baseline -0.003 -19"><span class='ocrx_word' id='word_1_810' title='bbox 2263 5090 2464 5162; x_wconf 80' lang='grc' dir='ltr'>κλῆρος</span> <span class='ocrx_word' id='word_1_811' title='bbox 2508 5088 2662 5142; x_wconf 73' lang='grc' dir='ltr'>ἔσται</span> <span class='ocrx_word' id='word_1_812' title='bbox 2693 5104 2777 5140; x_wconf 86' lang='grc' dir='ltr'><strong>σοι</strong></span> <span class='ocrx_word' id='word_1_813' title='bbox 2828 5086 3078 5158; x_wconf 77' lang='grc' dir='ltr'>μάταιος.</span> <span class='ocrx_word' id='word_1_814' title='bbox 3108 5086 3314 5156; x_wconf 81' lang='grc' dir='ltr'>Ἥγονν</span> <span class='ocrx_word' id='word_1_815' title='bbox 3362 5086 3542 5140; x_wconf 78' lang='grc' dir='ltr'>ἐκεῖνό</span> <span class='ocrx_word' id='word_1_816' title='bbox 3579 5102 3688 5139; x_wconf 87' lang='grc' dir='ltr'><strong>που</strong></span> <span class='ocrx_word' id='word_1_817' title='bbox 3720 5086 3860 5156; x_wconf 67' lang='grc' dir='ltr'><strong>τάχ-2</strong></span> 
     </span>
    </p>
   </div>
   <div class='ocr_carea' id='block_1_110' title="bbox 2266 5176 3861 5251">
    <p class='ocr_par' dir='ltr' id='par_1_110' title="bbox 2266 5176 3861 5251">
     <span class='ocr_line' id='line_1_110' title="bbox 2266 5176 3861 5251; baseline -0.002 -18"><span class='ocrx_word' id='word_1_818' title='bbox 2266 5180 2515 5251; x_wconf 82' lang='grc' dir='ltr'>βούλεται</span> <span class='ocrx_word' id='word_1_819' title='bbox 2539 5178 2754 5250; x_wconf 82' lang='grc' dir='ltr'>δηλοῦν·</span> <span class='ocrx_word' id='word_1_820' title='bbox 2799 5177 3102 5246; x_wconf 80' lang='grc' dir='ltr'>Ἐσφάξατε</span> <span class='ocrx_word' id='word_1_821' title='bbox 3135 5177 3205 5232; x_wconf 78' lang='grc' dir='ltr'>τὰ</span> <span class='ocrx_word' id='word_1_822' title='bbox 3240 5177 3404 5230; x_wconf 84' lang='grc' dir='ltr'>τέκνα</span> <span class='ocrx_word' id='word_1_823' title='bbox 3434 5176 3621 5229; x_wconf 78' lang='grc' dir='ltr'>αὐτῶν</span> <span class='ocrx_word' id='word_1_824' title='bbox 3652 5179 3712 5230; x_wconf 79' lang='grc' dir='ltr'>ὲν</span> <span class='ocrx_word' id='word_1_825' title='bbox 3744 5179 3861 5238; x_wconf 81' lang='grc' dir='ltr'>ταῖς</span> 
     </span>
    </p>
   </div>
   <div class='ocr_carea' id='block_1_111' title="bbox 2268 5260 3860 5340">
    <p class='ocr_par' dir='ltr' id='par_1_111' title="bbox 2268 5260 3860 5340">
     <span class='ocr_line' id='line_1_111' title="bbox 2268 5260 3860 5340; baseline -0.004 -17"><span class='ocrx_word' id='word_1_826' title='bbox 2268 5267 2529 5339; x_wconf 79' lang='grc' dir='ltr'>φάραγξι,</span> <span class='ocrx_word' id='word_1_827' title='bbox 2564 5267 2749 5340; x_wconf 83' lang='grc' dir='ltr'>φησίν.</span> <span class='ocrx_word' id='word_1_828' title='bbox 2780 5265 2992 5320; x_wconf 76' lang='grc' dir='ltr'>Οὐκοῦν</span> <span class='ocrx_word' id='word_1_829' title='bbox 3031 5266 3214 5337; x_wconf 70' lang='grc' dir='ltr'>ἐκείνη</span> <span class='ocrx_word' id='word_1_830' title='bbox 3243 5282 3338 5318; x_wconf 89' lang='grc' dir='ltr'><strong>σου</strong></span> <span class='ocrx_word' id='word_1_831' title='bbox 3369 5264 3551 5336; x_wconf 78' lang='grc' dir='ltr'>μερὶς,</span> <span class='ocrx_word' id='word_1_832' title='bbox 3580 5260 3740 5327; x_wconf 71' lang='grc' dir='ltr'>οὗτός</span> <span class='ocrx_word' id='word_1_833' title='bbox 3768 5281 3860 5316; x_wconf 73' lang='grc' dir='ltr'><strong>σου</strong></span> 
     </span>
    </p>
   </div>
   <div class='ocr_carea' id='block_1_112' title="bbox 2266 5355 3864 5432">
    <p class='ocr_par' dir='ltr' id='par_1_112' title="bbox 2266 5355 3864 5432">
     <span class='ocr_line' id='line_1_112' title="bbox 2266 5355 3864 5432; baseline -0.004 -17"><span class='ocrx_word' id='word_1_834' title='bbox 2266 5362 2295 5415; x_wconf 90' lang='grc' dir='ltr'><strong>ὀ</strong></span> <span class='ocrx_word' id='word_1_835' title='bbox 2317 5360 2538 5432; x_wconf 81' lang='grc' dir='ltr'>κλῆρος,</span> <span class='ocrx_word' id='word_1_836' title='bbox 2569 5358 2840 5423; x_wconf 81' lang='grc' dir='ltr'>τουτέστι,</span> <span class='ocrx_word' id='word_1_837' title='bbox 2871 5358 2984 5422; x_wconf 84' lang='grc' dir='ltr'>τοῖς</span> <span class='ocrx_word' id='word_1_838' title='bbox 3014 5358 3151 5422; x_wconf 71' lang='grc' dir='ltr'>ἴσοις</span> <span class='ocrx_word' id='word_1_839' title='bbox 3183 5355 3489 5430; x_wconf 77' lang='grc' dir='ltr'>ὲνσχεθήσῃ</span> <span class='ocrx_word' id='word_1_840' title='bbox 3523 5360 3742 5419; x_wconf 82' lang='grc' dir='ltr'>κακοῖς,</span> <span class='ocrx_word' id='word_1_841' title='bbox 3770 5358 3864 5410; x_wconf 74' lang='grc' dir='ltr'>καὶ</span> 
     </span>
    </p>
   </div>
   <div class='ocr_carea' id='block_1_113' title="bbox 2267 5448 3862 5523">
    <p class='ocr_par' dir='ltr' id='par_1_113' title="bbox 2267 5448 3862 5523">
     <span class='ocr_line' id='line_1_113' title="bbox 2267 5448 3862 5523; baseline -0.004 -16"><span class='ocrx_word' id='word_1_842' title='bbox 2267 5451 2558 5522; x_wconf 80' lang='grc' dir='ltr'>γενήσεταί</span> <span class='ocrx_word' id='word_1_843' title='bbox 2587 5469 2671 5505; x_wconf 86' lang='grc' dir='ltr'><strong>σοι</strong></span> <span class='ocrx_word' id='word_1_844' title='bbox 2715 5450 2876 5523; x_wconf 81' lang='grc' dir='ltr'>μερὶς</span> <span class='ocrx_word' id='word_1_845' title='bbox 2921 5451 3018 5505; x_wconf 74' lang='grc' dir='ltr'>καὶ</span> <span class='ocrx_word' id='word_1_846' title='bbox 3042 5449 3248 5522; x_wconf 82' lang='grc' dir='ltr'>κλῆρος</span> <span class='ocrx_word' id='word_1_847' title='bbox 3275 5452 3309 5521; x_wconf 76' lang='grc' dir='ltr'><strong>ἡ</strong></span> <span class='ocrx_word' id='word_1_848' title='bbox 3337 5450 3547 5521; x_wconf 80' lang='grc' dir='ltr'>σφαγή.</span> <span class='ocrx_word' id='word_1_849' title='bbox 3570 5450 3676 5504; x_wconf 80' lang='grc' dir='ltr'><strong>Διὰ</strong></span> <span class='ocrx_word' id='word_1_850' title='bbox 3699 5448 3862 5503; x_wconf 70' lang='grc' dir='ltr'>ποίαν</span> 
     </span>
    </p>
   </div>
   <div class='ocr_carea' id='block_1_114' title="bbox 2266 5534 3865 5615">
    <p class='ocr_par' dir='ltr' id='par_1_114' title="bbox 2266 5534 3865 5615">
     <span class='ocr_line' id='line_1_114' title="bbox 2266 5534 3865 5615; baseline -0.003 -18"><span class='ocrx_word' id='word_1_851' title='bbox 2266 5543 2478 5611; x_wconf 74' lang='grc' dir='ltr'>αἰτίανς</span> <span class='ocrx_word' id='word_1_852' title='bbox 2512 5543 2736 5615; x_wconf 83' lang='grc' dir='ltr'>Πρῶτον</span> <span class='ocrx_word' id='word_1_853' title='bbox 2788 5542 2886 5613; x_wconf 82' lang='grc' dir='ltr'>μὲν</span> <span class='ocrx_word' id='word_1_854' title='bbox 2928 5543 3009 5597; x_wconf 79' lang='grc' dir='ltr'>ὅτι</span> <span class='ocrx_word' id='word_1_855' title='bbox 3044 5543 3277 5613; x_wconf 88' lang='grc' dir='ltr'>γέγονας</span> <span class='ocrx_word' id='word_1_856' title='bbox 3308 5541 3697 5606; x_wconf 84' lang='grc' dir='ltr'>παιδοκτόνος,</span> <span class='ocrx_word' id='word_1_857' title='bbox 3740 5534 3865 5595; x_wconf 75' lang='grc' dir='ltr'>εἶτα</span> 
     </span>
    </p>
   </div>
   <div class='ocr_carea' id='block_1_115' title="bbox 2370 5718 3234 5787">
    <p class='ocr_par' dir='ltr' id='par_1_115' title="bbox 2370 5718 3234 5787">
     <span class='ocr_line' id='line_1_115' title="bbox 2370 5718 3234 5787; baseline -0.002 -12"><span class='ocrx_word' id='word_1_858' title='bbox 2370 5720 2415 5752; x_wconf 82' lang='grc'><strong>’⁸</strong></span> <span class='ocrx_word' id='word_1_859' title='bbox 2443 5719 2552 5775; x_wconf 81' lang='lat' dir='ltr'><strong>Jer.</strong></span> <span class='ocrx_word' id='word_1_860' title='bbox 2584 5735 2664 5786; x_wconf 85' lang='grc' dir='ltr'>ιιι,</span> <span class='ocrx_word' id='word_1_861' title='bbox 2691 5719 2745 5775; x_wconf 91' lang='lat'><strong>6.</strong></span> <span class='ocrx_word' id='word_1_862' title='bbox 2822 5719 2868 5752; x_wconf 85' lang='lat'><strong>&quot;</strong></span> <span class='ocrx_word' id='word_1_863' title='bbox 2897 5719 3026 5775; x_wconf 79' lang='lat' dir='ltr'><strong>Ose.</strong></span> <span class='ocrx_word' id='word_1_864' title='bbox 3054 5733 3171 5787; x_wconf 81' lang='lat' dir='ltr'><strong>xui,</strong></span> <span class='ocrx_word' id='word_1_865' title='bbox 3199 5718 3234 5773; x_wconf 75' lang='lat'><strong>2</strong></span> 
     </span>
    </p>
   </div>
  </div>
