4092 6296
301 377 433 436 δεδι

1397 373 1464 430 1N
1503 369 1734 430 ISAIAM
1772 374 1901 433 LIB.
1943 374 2008 431 ν.
2040 374 2280 433 TOMUS
2318 372 2404 430 Ill.

3435 374 3570 432 1262

299 493 383 549 ὅτι
412 493 663 565 δαίμοσιν
715 490 1045 564 ἀκαθάρτοις
1104 491 1199 545 καὶ
1245 490 1477 562 ἀψύχοις
1509 489 1750 556 εἰδώλοις
1799 490 1889 557 ἐξ·

2001 492 2174 563 gravis
2234 491 2288 546 in
2342 502 2439 544 vos
2483 487 2685 542 furoris
2731 485 2834 539 mei
2888 483 3095 540 causa?
3139 493 3195 540 et
3242 483 3564 555 supplicium

302 581 463 655 έχεας
514 583 784 649 σπονδὰς,
838 583 1118 646 κάκείνοις
1165 582 1471 654 ἀνήνεγκας
1521 581 1729 646 θυσίας.
1757 577 1886 653 'Ap’

302 674 394 733 οὖν
438 678 529 731 ἐπὶ
558 677 768 741 τούτοις
800 678 900 730 ούκ
950 673 1379 746 ὀργισθήσομαις
1415 673 1581 744 φησίν
1603 690 1619 705 ο
1650 674 1750 728 οὐκ
1794 674 1886 727 εύ-

305 771 547 842 άφορμος
585 769 705 823 καθ’
732 767 885 838 ὑμῶν
909 765 936 816 ὁ
966 765 1159 836 θυμὸς,
1202 766 1295 817 καὶ
1330 764 1398 819 τά
1428 765 1526 834 τῆς
1579 764 1736 835 δίκης
1788 763 1887 819 οὐκ

305 862 524 932 εὔλογον
563 859 797 932 ἔχειτὴν
837 858 1134 931 ἀφορμήν;
1195 856 1310 909 Ἐπ’
1362 856 1489 926 ὅρος
1536 854 1740 926 ὑψηλὸν
1792 854 1887 909 καὶ

308 956 601 1027 μετέωρον,
631 952 746 1004 ἐκεῖ
775 966 867 1003 σου
897 950 929 1018 ή
961 948 1141 1018 κοίτη,
1173 948 1288 999 ἐκεῖ
1314 944 1641 1009 ἀνεόίόασας
1673 944 1883 1010 Θυσίας,

304 1047 398 1100 καὶ
427 1044 598 1096 ὀπίσω
626 1040 736 1095 τῶν
771 1039 1032 1109 σταθμῶν
1063 1038 1165 1109 τῆς
1196 1037 1367 1110 θύρας
1398 1053 1492 1090 σου
1526 1036 1727 1108 ἔθηκας
1760 1054 1889 1108 μνη-

305 1135 533 1208 μόσυνόν
567 1150 682 1187 σου.
715 1132 840 1185 Ὀτι
874 1129 974 1201 μὲν
1012 1123 1104 1184 οῦν
1137 1131 1196 1183 ὲν
1239 1131 1353 1193 τοῖς
1384 1127 1566 1199 ὄρεσιν
1598 1126 1888 1182 ἐκάθευδον

301 1228 567 1282 ἐνυπνίων
595 1228 780 1290 ἕνεκα,
812 1222 1138 1294 πλεισταχοῦ
1181 1221 1592 1293 διαμεμήνυκεν
1617 1219 1646 1271 ὁ
1674 1235 1887 1292 προφη-

299 1321 449 1384 τικὸς
490 1321 620 1391 ἡμῖν
662 1317 839 1386 λόγος.
871 1318 1007 1369 Φασὶ
1035 1315 1093 1369 δὲ
1123 1316 1202 1380 είς
1235 1315 1394 1368 τοῦτο
1436 1313 1644 1384 πλάνης
1673 1312 1888 1366 κατολι-

302 1409 498 1480 σθῆσαι
528 1408 615 1462 τὸν
652 1405 884 1478 Ἰσραὴλ,
910 1404 1049 1458 ὥστε
1076 1404 1171 1457 καὶ
1212 1406 1268 1457 ἐν
1298 1406 1418 1467 ταῖς
1462 1401 1658 1474 θύραις
1708 1403 1800 1456 καὶ
1830 1402 1887 1454 ἐν

300 1503 414 1565 τοῖς
451 1499 709 1571 σταθμοῖς
739 1495 1083 1569 ὲντορνεῦσαι
1107 1494 1207 1558 τὰς
1235 1493 1344 1549 τῶν
1382 1492 1617 1547 εἰδώλων
1648 1491 1885 1563 μορφὰς,

304 1593 392 1646 ἵνα
418 1593 512 1647 καὶ
556 1589 928 1652 είσὸάλλοντες
959 1590 1081 1652 ταῖς
1113 1586 1310 1650 οἰκίαις
1356 1584 1461 1650 ἔξω
1489 1602 1548 1637 τε
1584 1584 1678 1638 καὶ
1728 1583 1913 1659 βαδίκ

305 1684 488 1749 ζοντες
528 1682 728 1754 ὁρῶσιν
753 1681 911 1744 αὐτὰ,
938 1680 1034 1733 καὶ
1062 1680 1120 1732 ὲν
1151 1677 1530 1748 ἀτελευτήτοις
1557 1676 1721 1747 ἔχωσι
1752 1678 1888 1748 μνή-

1997 596 2181 637 nonne
2223 581 2569 636 occasionem
2603 577 2768 632 habet
2793 576 2986 631 rationi
3015 576 3478 632 consentaneam?
3509 572 3568 628 in

1995 676 2179 728 monte
2227 669 2443 726 excelso
2483 677 2538 725 et
2587 668 2812 738 praealto
2860 679 2944 723 est
2984 667 3164 723 cubile
3221 677 3395 730 tuum,
3443 666 3571 721 illuc

1992 764 2286 820 ascendere
2330 761 2508 817 fecisti
2555 760 2787 825 hostias,
2837 769 2892 816 et
2942 770 3063 830 post
3109 768 3291 830 postes
3320 759 3444 813 ostii
3478 773 3573 829 po—

1991 850 2149 905 suisti
2193 858 2603 905 monumentum
2636 857 2811 904 tuum.
2838 848 3174 904 Dormivisse
3198 849 3452 904 nimirum
3476 864 3573 903 eos

1993 944 2046 998 iu
2107 942 2413 1011 montibu‘s,
2468 941 2859 997 insomniormn
2902 956 3088 1007 causa,
3131 957 3274 1011 saepe
3323 943 3572 996 meminit

1993 1037 2311 1108 prophetica
2365 1037 2560 1093 oratio.
2604 1035 2841 1093 Narrant
2867 1047 3048 1093 autem
3079 1039 3337 1095 Israelem
3367 1038 3422 1094 in
3448 1053 3571 1093 eum

1994 1144 2236 1185 errorem
2285 1129 2618 1200 prolapsum,
2674 1141 2732 1185 ut
2761 1144 2859 1200 pro
2898 1129 3106 1186 foribus
3142 1140 3197 1185 et
3233 1132 3286 1185 iu
3329 1130 3575 1200 postibus

1997 1220 2204 1276 formas
2261 1220 2524 1276 idolorum
2574 1222 2883 1287 inciderint,
2938 1237 3047 1292 quo
3093 1224 3429 1277 introeunte:
3481 1222 3576 1276 do-

1997 1328 2143 1365 mum
2167 1321 2223 1367 et
2254 1323 2516 1369 exeuntes
2549 1313 2636 1368 illa
2667 1314 2937 1379 viderent,
2973 1325 3024 1369 et
3067 1314 3396 1382 sempiterna
3427 1324 3576 1368 tene-

1996 1410 2114 1456 rent
2167 1403 2444 1457 memoria.
2507 1403 2619 1458 lioc
2677 1405 2859 1472 itaque
2908 1403 2963 1458 in
3024 1404 3129 1459 illis
3190 1402 3313 1473 jure
3367 1404 3575 1473 optimo

1997 1495 2187 1549 haberi
2247 1503 2426 1564 potest
2452 1510 2679 1550 summae
2710 1495 3003 1565 impietatis
3033 1496 3257 1550 evidens
3290 1510 3576 1566 argumen-

1997 1595 2131 1641 tum.
2182 1585 2459 1643 Vocabant
2491 1595 2671 1642 autem
2709 1587 2808 1641 bas
2842 1587 3106 1642 idolorum
3138 1587 3337 1642 incisas
3372 1586 3577 1642 formas

1994 1687 2326 1743 servatores,
2351 1686 2407 1733 et
2432 1678 2713 1734 domorum
2739 1679 3014 1735 custodes.

308 1793 456 1847 μαις.
495 1774 829 1845 Ἀφιλοθεῖας
861 1773 918 1828 δὲ
949 1774 1047 1845 τῆς
1080 1771 1313 1826 είσάπαν
1341 1769 1616 1838 ἀπόδειξις
1680 1770 1916 1842 ἐναργὴς
1953 1771 2372 1844 καταλογισθείη
2436 1772 2504 1827 ἂν
2540 1772 2602 1826 τὸ
2637 1774 2828 1845 χρῆμα
2866 1773 3085 1837 αὐτοῖς,
3129 1771 3224 1826 καὶ
3255 1771 3402 1843 μάλα
3435 1771 3579 1827 εἰκό-

303 1887 439 1933 τως·
473 1869 699 1923 ἐκάλουν
723 1869 778 1922 δὲ
805 1867 874 1921 τὰ
900 1867 1008 1922 τῶν
1037 1866 1269 1922 εἰδώλων
1298 1864 1803 1939 ὲντετορ[ν]ευμένα
1852 1866 2126 1939 σωτηρίας
2152 1866 2249 1939 [αι.
2280 1867 2556 1941 σωτῆρας]
2586 1871 2680 1923 καὶ
2713 1868 3015 1941 οίκουρούς.

382 1962 525 2031 ’ῼου
578 1961 668 2013 ὅτι
720 1959 830 2014 ἐὰν
874 1960 977 2015 ἀπ’
1021 1958 1168 2029 ἐμοῦ
1217 1959 1525 2028 ἀποστ-ᾗς,
1582 1960 1800 2017 πλεῖόν
1839 1979 1895 2016 τι

2074 1962 2234 2017 Vens.
2265 1962 2317 2030 8,
2350 1963 2404 2018 9.
2448 1962 2703 2029 Patrobas,
2751 1965 2799 2019 si
2849 1967 3122 2019 recesseris
3157 1981 3188 2020 ο
3236 1981 3336 2033 me,
3386 1982 3503 2035 plus
3528 1976 3577 2020 te

301 2051 480 2119 ἕξεις.
534 2050 874 2122 Ἠγάπησας
922 2048 1066 2115 τοὺς
1109 2048 1515 2119 κοιμωμένους
1554 2050 1706 2120 μετὰ
1750 2050 1889 2115 σοῦ,

303 2143 403 2199 καὶ
446 2142 794 2209 ἐπλήθυνας
843 2141 960 2210 τὴν
1019 2141 1313 2210 πορνείαν
1350 2153 1466 2196 σου
1513 2144 1642 2211 μετ’
1670 2140 1889 2209 αὐτῶν,

303 2235 402 2290 καὶ
460 2234 733 2301 πολλοὺς
781 2234 1077 2301 ἐποίησας
1120 2233 1264 2299 τοὺς
1296 2232 1540 2303 μακρὰν
1585 2233 1704 2288 ἀπὸ
1745 2234 1886 2299 σοῦ,

303 2330 403 2383 καὶ
432 2328 794 2395 ἀπέστειλας
820 2325 1099 2395 πρέσϐεις
1127 2324 1281 2393 ὑπὲρ
1311 2323 1386 2379 τὰ
1419 2324 1550 2395 ὅριιί
1574 2339 1715 2380 σου.

377 2421 600 2475 Ἅπασα
637 2421 736 2491 μὲν
775 2419 1005 2481 ἔκτοπος
1035 2416 1222 2489 ἡδονὴ,
1265 2417 1361 2472 καὶ
1395 2419 1546 2472 πᾶσα
1579 2419 1770 2485 κακία,
1801 2418 1894 2471 τὸν

306 2511 649 2583 ἀνθρώπινον
688 2509 1171 2581 καταγοητεύουσα
1219 2508 1367 2576 νοῦν,
1419 2511 1706 2582 μονονουχὶ
1757 2527 1892 2564 κατ-

306 2603 703 2672 επαγγέλλεται
749 2603 965 2674 πεῖράν,
997 2617 1119 2654 τινα
1162 2602 1486 2672 πράγματος
1524 2602 1754 2671 ἀγαθοῦ,
1803 2602 1895 2656 καὶ

306 2697 391 2750 ὅτι
435 2692 652 2766 μεθέξει
695 2691 803 2746 τῶν
842 2692 904 2746 ού
944 2690 1113 2745 πάλαι
1152 2691 1590 2763 διεγνωσμένων,
1653 2694 1809 2749 ἔσται
1837 2694 1895 2748 δὲ

308 2787 403 2839 καὶ
429 2786 486 2838 ἐν
514 2782 813 2855 ἀμείνοσιν,
855 2783 888 2853 ἢ
936 2781 1201 2852 πρότερον
1229 2777 1318 2852 ἦν.
1366 2781 1624 2836 Λαὸοῦσα
1665 2784 1774 2853 γὰρ
1803 2782 1894 2836 οῦ-

307 2893 415 2940 τως
446 2876 810 2946 αἰχμάλωτον,
838 2870 999 2947 οἷπερ
1023 2876 1089 2930 ἂν
1105 2874 1360 2948 έλοι[ν]το
1388 2875 1575 2929 λοιπὸν
1598 2875 1891 2948 ἀποφέρει.

321 2963 461 3019 Ἀλλ’
486 2968 535 3018 οἱ
570 2965 666 3035 μὲν
701 2962 971 3028 ἀσύνετοι,
1021 2967 1189 3039 πείρᾳ
1236 2964 1502 3035 μαθόντες
1540 2966 1630 3020 ἵνα
1657 2966 1765 3018 εἰσὶ
1800 2982 1897 3018 κα-

310 3058 430 3124 κοῦ,
467 3059 837 3129 μεταφοιτῶσι
874 3058 1027 3131 μόλις
1054 3060 1149 3113 ἐπὶ
1176 3060 1237 3113 τὸ
1266 3061 1324 3113 ἐν
1353 3060 1550 3130 ἀρχαῖς
1572 3075 1587 3090 ⁸
1616 3058 1671 3111 οῖ
1693 3075 1757 3127 γε
1789 3057 1897 3129 μὴν

308 3154 418 3217 τοῖς
450 3152 552 3223 τῆς
583 3151 822 3216 διανοίας
850 3150 1066 3222 ὄμμασι
1101 3150 1526 3223 περιαθροῦντες
1555 3144 1615 3203 εὖ
1653 3149 1800 3221 μάλα
1836 3148 1898 3202 τὺ

308 3245 539 3298 ἑκάστου
567 3245 892 3316 πράγματος
924 3244 1119 3316 πέρας,
1151 3244 1435 3312 ἀποφορᾶς
1458 3242 1559 3295 ούκ
1587 3241 1893 3312 ἀνέχονται·

308 3335 635 3406 φυλάττουσι
667 3335 723 3388 δὲ
765 3334 966 3406 μᾶλλον
1013 3333 1238 3406 ἀπλῆγα
1304 3334 1393 3387 τὸν
1418 3332 1543 3387 νοῦν
1575 3332 1681 3406 πρὸ
1704 3333 1898 3404 πείρας
1926 3325 1968 3383 C

306 3427 540 3498 ὁρῶντες
567 3429 634 3482 τά
673 3428 813 3500 μετὰ
840 3427 1065 3500 ταύτην.
1101 3427 1240 3481 Ἀλλ’
1262 3428 1323 3481 ού
1354 3426 1578 3498 τοιαύτη
1608 3427 1833 3496 γέγονεν
1862 3427 1897 3497 ἡ

305 3520 418 3575 τῶν
447 3520 713 3575 Ἰουδαίων
737 3521 1035 3591 Συναγωγή
1057 3537 1070 3550 ’
1095 3515 1163 3591 ἦν
1196 3520 1295 3591 μὲν
1329 3519 1439 3591 γὰρ
1470 3519 1577 3573 ὑπὸ
1608 3520 1771 3591 χεῖρα
1800 3519 1896 3572 τοῦ

312 3616 489 3669 πάντα
534 3613 808 3685 ἰσχύοντος
853 3613 1024 3680 Θεοῦ,
1074 3614 1170 3667 καὶ
1214 3613 1313 3685 τὴν
1347 3615 1480 3686 παρ’
1525 3612 1694 3666 αὑτοῦ
1740 3612 1899 3679 δόξαν

312 3706 689 3776 ἠμφιεσμένη,
711 3702 861 3774 δεινὴ
886 3704 980 3756 καὶ
1007 3702 1278 3774 ἀφόρητος
1308 3705 1419 3765 τοῖς
1443 3704 1664 3776 ὁμόροις
1685 3698 1777 3775 ἦν,
1807 3704 1901 3757 καὶ

313 3796 644 3867 τριπόθητον
686 3796 884 3866 ἔχουσα
927 3793 1025 3865 τὴν
1057 3794 1268 3860 ἐλπίδα,
1298 3797 1395 3848 καὶ
1440 3796 1658 3862 ἀπάσης
1699 3797 1901 3867 εύημε-

316 3890 439 3961 ρίας
452 3885 750 3959 ἔμπλεω[ς]
761 3929 772 3938 .
792 3886 1064 3956 Ἐπομένη
1083 3886 1193 3956 γὰρ
1204 3886 1282 3958 τῷ
1295 3887 1383 3941 διά
1400 3887 1645 3951 Μωσέως
1660 3887 1810 3959 νόμῳ
1823 3887 1901 3959 τῷ

316 3981 475 4050 φύσει
510 3982 603 4035 καὶ
641 3979 860 4050 ἀληθῶς
890 3978 1220 4050 λελάτρευκε
1273 3978 1421 4051 Θεῷο
1459 3978 1803 4033 διατετέλεκε
1843 3980 1901 4034 δὲ

314 4073 540 4143 καιροὺς
566 4072 752 4142 ἕτερον
782 4072 868 4126 ἐπ’
894 4071 1042 4142 αὐτῷ
1066 4071 1198 4124 Θεὸν
1220 4070 1320 4123 οὐκ
1350 4068 1653 4141 ἀνεχομένη
1692 4068 1900 4138 καλεῖν,

315 4165 483 4235 ἤγουν
531 4164 731 4219 είδέναι
778 4166 1128 4236 προσκυνεῖν.
1168 4162 1387 4235 Ἐπειδὴ
1433 4162 1492 4216 δὲ
1548 4161 1899 4234 προσεκλήθη

312 4256 425 4309 τισὶ
451 4255 791 4320 διδασκάλοις
821 4256 916 4310 καὶ
948 4255 1186 4319 ἀνοσίοις
1216 4254 1464 4325 ποιμέσι,
1504 4254 1794 4309 πέπτωκεν
1823 4255 1903 4318 είς

314 4347 615 4403 ἀπόστασιν
642 4348 741 4420 τὴν
771 4348 880 4402 ἀπὸ
923 4346 1082 4413 Θεοῦ,
1126 4348 1221 4401 καὶ
1253 4344 1632 4418 προσεκύνησε
1662 4347 1774 4409 τοῖς
1813 4344 1905 4416 ερ-

312 4456 430 4509 γοις
457 4439 565 4494 τῶν
602 4440 747 4495 ίδίων
781 4440 1002 4512 χειρῶψ
1047 4438 1292 4511 οἰηθεῖσα
1341 4439 1481 4509 τάχα
1532 4455 1661 4503 που,
1701 4438 1801 4492 καὶ
1845 4439 1904 4491 ὲν

313 4533 594 4604 ἀμείνοσιν
630 4532 873 4599 ἔσεσθαι,
899 4533 1000 4604 τῆς
1027 4532 1164 4603 πρὸς
1198 4530 1331 4585 Θεὸν
1363 4529 1587 4601 ἀγάπης
1626 4528 1905 4598 ὲξολισθή·

1994 2053 2323 2109 habiturum.
2381 2055 2623 2111 Dilexisti
2671 2057 2991 2111 dormientes
3053 2067 3246 2122 tecum,
3297 2067 3348 2113 et
3396 2059 3576 2112 crebro

1995 2145 2258 2215 fornicata
2284 2162 2338 2201 es
2373 2162 2491 2200 cum
2521 2148 2615 2213 eis,
2652 2156 2704 2202 et
2734 2147 2926 2202 multos
2962 2148 3132 2218 fecisti
3163 2164 3250 2203 eos
3275 2150 3363 2219 qui
3393 2152 3578 2219 procul

1994 2252 2028 2291 α
2055 2247 2124 2301 te,
2163 2248 2209 2292 et
2250 2239 2440 2293 misisti
2468 2238 2669 2310 legatos
2691 2239 2831 2293 ultra
2855 2241 3105 2296 terminos
3133 2250 3271 2296 tuos.

2066 2419 2257 2477 Omnis
2295 2419 2436 2476 fmda
2482 2421 2750 2492 voluptas,
2780 2432 2835 2478 et
2854 2424 3035 2480 omnis
3063 2425 3335 2481 vitiositas
3376 2425 3574 2479 huma-

1997 2528 2124 2568 nam
2175 2521 2410 2568 mentem
2460 2515 2761 2581 incantans,
2817 2517 3095 2587 specimen
3144 2517 3362 2588 aliquod
3423 2520 3576 2574 bonae

1998 2606 2078 2661 rei
2161 2614 2376 2661 tantum
2440 2620 2551 2662 non
2622 2608 2940 2678 pollicetur,
3000 2618 3055 2663 et
3124 2625 3211 2665 res
3276 2624 3402 2665 ante
3466 2625 3576 2666 non

1999 2700 2242 2769 cognitas
2297 2699 2612 2770 adepturam
2642 2741 2656 2765 ,
2716 2716 2780 2755 ac
2841 2702 2895 2756 in
2955 2702 3180 2758 meliore
3250 2704 3368 2759 loco
3435 2702 3573 2768 fore,

1999 2807 2161 2861 quam
2210 2793 2362 2864 prius
2407 2793 2588 2858 fuerit.
2652 2795 2936 2865 promittit.
3008 2796 3172 2867 θυι
3245 2794 3382 2850 Nam
3451 2812 3573 2852 cum

1999 2885 2080 2939 sic
2143 2884 2429 2954 captivam-
2479 2886 2732 2955 ceperit,
2803 2899 3124 2957 quocunque
3201 2886 3415 2942 tandem
3468 2887 3580 2942 vult

1999 2976 2196 3029 aufert.
2287 2976 2392 3031 Sed
2452 2976 2604 3032 stulti
2688 2978 3020 3047 experientia
3107 2979 3249 3034 docti
3356 2981 3577 3036 ubinam

1999 3066 2262 3121 malorum
2297 3067 2429 3136 sint,
2466 3067 2557 3121 vix
2608 3068 2675 3122 ad
2732 3069 2968 3139 priorem
3006 3078 3205 3124 statum
3239 3069 3575 3126 relabuntur.

1999 3157 2099 3224 Qui
2135 3168 2313 3213 autem
2368 3159 2542 3214 animi
2572 3159 2748 3214 oculis
2796 3159 3060 3229 cujusque
3095 3161 3170 3215 rei
3210 3162 3416 3216 exitum
3452 3177 3578 3232 per-

2004 3252 2231 3304 lustrant
2268 3249 2703 3321 diligentissime,
2739 3252 3046 3322 praecipites
3074 3267 3133 3307 se
3180 3253 3295 3308 dari
3347 3270 3454 3309 non
3499 3256 3577 3310 si-

2003 3350 2158 3404 nunt,
2187 3341 2279 3395 sed
2306 3352 2543 3396 mentem
2571 3353 2795 3397 servant
2817 3342 3232 3406 invulneratam,
3290 3354 3419 3399 ante
3460 3352 3576 3399 ten—

2004 3430 2258 3486 tationem
2298 3432 2543 3488 videntes
2611 3434 2740 3502 quid
2781 3444 3093 3490 secuturum
3146 3436 3240 3491 sit.
3300 3434 3405 3491 Sed
3461 3435 3582 3491 talis

2001 3536 2105 3577 non
2133 3521 2233 3575 fuit
2264 3521 2574 3579 Judacorum
2608 3523 2893 3597 Syuagoga
2954 3545 2967 3580 :
3028 3535 3145 3581 erat
3178 3527 3322 3582 enim
3363 3528 3579 3583 subdita

2001 3616 2184 3669 tnauui
2209 3616 2597 3685 omnipotentis
2620 3617 2737 3683 Dei,
2761 3630 2817 3673 et
2836 3618 3005 3689 gloria
3029 3617 3098 3674 ab
3120 3619 3239 3690 ipso
3255 3620 3577 3688 convestita,

2004 3705 2261 3761 terribilis
2287 3714 2342 3760 et
2376 3707 2741 3763 intolerabilis
2776 3709 2989 3765 exstitit
3026 3710 3290 3775 finitimis,
3322 3720 3378 3765 et
3423 3721 3581 3781 opta-

2003 3797 2268 3853 tissimam
2293 3811 2443 3868 Spem
2467 3799 2675 3867 habuit,
2699 3800 2957 3870 omnique
2984 3800 3242 3857 felicitate
3265 3803 3579 3857 abundavit.

2003 3890 2197 3946 Secuta
2228 3891 2371 3945 enim
2398 3891 2570 3962 legem
2606 3891 2919 3959 Mosaicam,
2951 3903 3146 3948 natura
3174 3903 3230 3949 et
3256 3909 3381 3949 vere
3410 3893 3580 3949 Deum

2002 3984 2198 4048 coluit;
2233 3997 2332 4039 nec
2359 3983 2523 4037 alium
2553 3983 2623 4039 ab
2662 3983 2756 4040 illo
2785 3983 2956 4040 Deum
2987 3984 3147 4055 longo
3179 3994 3426 4054 tempore
3456 4004 3580 4043 sus-

2004 4075 2167 4130 tinuit
2222 4074 2514 4145 appellare,
2548 4089 2649 4130 nec
2692 4076 2857 4130 alium
2907 4077 3056 4130 novit
3112 4080 3362 4132 adorare.
3423 4078 3582 4134 Post-

2002 4180 2164 4238 quam
2193 4179 2372 4224 autem
2400 4167 2468 4222 ad
2492 4167 2757 4238 quosdam
2794 4167 3044 4225 doctores
3083 4169 3247 4225 falsos
3277 4169 3476 4226 defecit
3521 4189 3584 4227 ac

2006 4262 2202 4330 impios
2246 4270 2538 4330 pastores:
2573 4261 2765 4316 recidit
2797 4262 2850 4315 in
2892 4263 3225 4331 apostasiam
3271 4278 3301 4316 a
3355 4264 3484 4331 Deo,
3531 4276 3584 4319 et

2004 4362 2169 4418 opera
2199 4364 2460 4404 manuum
2509 4348 2729 4405 suarum
2769 4350 3034 4418 adoravit,
3069 4360 3182 4407 rata
3218 4352 3466 4408 fortassis
3502 4370 3586 4409 se-

2005 4456 2128 4495 cum
2162 4441 2357 4497 melius
2381 4450 2563 4497 actum
2610 4442 2698 4508 iri,
2749 4443 2842 4498 ubi
2895 4458 2924 4497 a
2983 4445 3248 4501 cbaritate
3306 4445 3397 4500 Dei
3437 4447 3583 4517 lapsa

2009 4531 2221 4586 fuisset.
2256 4531 2417 4587 Hisce
2455 4534 2525 4586 de
2577 4533 2741 4588 rebus
2788 4533 2934 4586 illam
2980 4534 3277 4596 accusavit,
3328 4534 3517 4589 dicens
3570 4552 3582 4588 :

317 4641 482 4680 σασα.
518 4626 645 4679 Ἐπὶ
685 4624 898 4688 τούτοις
945 4623 1118 4695 αὐτὴν
1146 4622 1389 4677 αἰτιᾶται
1434 4620 1630 4689 λέγων·
1663 4621 1795 4691 ’ᾩου
1819 4621 1897 4675 ὅτι

2011 4620 2266 4689 Pntabas,
2300 4621 2347 4678 si
2376 4623 2658 4679 recederes
2686 4639 2715 4676 a
2746 4636 2851 4691 me,
2881 4622 3001 4693 plus
3029 4631 3081 4679 te
3111 4624 3448 4679 habiturum.
3482 4623 3587 4677 Sed

316 4715 414 4769 ἐὰν
445 4717 539 4769 ἀπ’
564 4716 701 4786 ἐμοῦ
724 4682 990 4786 ἀποστῇς,
1027 4682 1210 4768 πλεῖόν
1237 4730 1290 4767 τι
1313 4710 1474 4777 ἔξεις.
1509 4682 1654 4767 ζΑλλ’
1682 4682 1786 4766 οὐκ
1816 4712 1897 4766 ἐκ·

2013 4728 2120 4767 non
2149 4724 2514 4783 pervenerunt
2547 4715 2612 4769 ad
2642 4682 2896 4782 exitum,
2920 4729 3041 4784 quas
3086 4714 3188 4769 hac
3223 4715 3359 4769 adeo
3393 4713 3586 4785 frigida

317 4807 555 4879 ϐέϐηκεν
583 4808 661 4870 εἰς
691 4808 863 4878 πέρας
891 4807 1028 4876 αὐτῇ
1068 4805 1137 4859 τὰ
1164 4804 1604 4877 προσδοκηθέντα
1632 4804 1730 4875 τῆς
1757 4803 1897 4857 οὕτω

2006 4814 2060 4859 et
2087 4805 2235 4861 inani
2267 4821 2364 4876 spe
2383 4807 2867 4877 exspectabantur;
2915 4807 3026 4861 imo
3060 4806 3121 4861 in‘
3145 4806 3399 4862 omnibus
3433 4805 3590 4859 malis

312 4900 530 4971 ψυχρᾶς
570 4898 664 4952 καὶ
701 4897 935 4968 ματαίας
974 4896 1212 4960 ἐλπίδοςο
1253 4896 1511 4965 γεγόνασι
1549 4896 1661 4967 γὰρ
1702 4895 1897 4966 μᾶλλον

2008 4896 2390 4952 versabantur.
2427 4896 2741 4953 Habuerunt
2771 4897 2934 4967 igitur
2961 4896 3339 4966 prosperitatis
3373 4894 3590 4950 eximiae

315 4997 372 5049 ὲν
413 4991 579 5047 παντί⁵
621 4988 797 5061 κακῷ.
842 4988 1142 5060 Ἐσχήκασι
1181 4987 1361 5041 τοίνυν
1391 4988 1472 5051 εἷς
1504 5005 1567 5057 γε
1610 4988 1671 5042 τὸ
1701 4987 1897 5058 εὑημε-

2011 4988 2168 5056 nihil,
2210 5002 2333 5043 cum
2370 5002 2557 5043 veram
2607 4989 2841 5045 filiorum
2893 4997 2948 5043 et
2997 4988 3286 5058 genuinam
3339 4994 3587 5041 naturam

320 5086 431 5157 ρείν
457 5086 518 5137 τὸ
549 5081 804 5153 περιττὸν
835 5080 1011 5146 οὐδὲν,
1043 5078 1414 5145 ἀποϐαλόντες
1445 5079 1509 5133 τὸ
1534 5082 1778 5151 γνήσιον,
1809 5079 1897 5133 καῖ

2012 5081 2328 5151 abjicerent,
2359 5088 2416 5136 et
2440 5079 2756 5136 firmitatem
2788 5082 3263 5151 constantiamque
3296 5080 3446 5148 parvi
3494 5078 3593 5133 ad-

313 5175 376 5226 τδ
432 5172 646 5242 ἑδραῖον
692 5173 750 5226 ὲν
802 5170 1013 5236 τούτοις
1059 5170 1257 5244 μικροῦ
1303 5170 1582 5235 παντελῶς
1627 5171 1906 5236 ἀξιοῦντες

321 5264 498 5332 λόγου.
525 5265 635 5320 Καὶ
649 5265 711 5318 τὸ
725 5263 805 5317 ἔτι
835 5264 1029 5318 τούτου
1062 5263 1540 5336 παραλογώτερον,
1559 5263 1904 5334 Ἠγάπησας,

320 5359 475 5428 φησι,
506 5359 634 5421 τοὺς
663 5358 1040 5430 κοιμωμένους
1072 5358 1212 5430 μετά
1238 5356 1355 5420 σοῦ,
1374 5354 1787 5428 καὶὲπλήθυνας
1809 5356 1909 5426 τὴν

322 5450 579 5520 πορνείαν
605 5467 700 5504 σου
728 5452 845 5521 μετ’
865 5450 1066 5505 αὐτῶν
1096 5450 1192 5504 καὶ
1214 5449 1521 5517 διαλέγεται
1551 5447 1743 5519 μὲν.ώς
1771 5446 1910 5520 πρὸς

319 5545 556 5609 γυναῖκα
602 5542 828 5614 πόρνην.
856 5543 1012 5607 Τίνες
1056 5544 1114 5598 δὲ
1158 5538 1298 5615 ἦσαν
1324 5543 1374 5596 oi
1415 5541 1748 5612 κοιμώμενοι
1789 5540 1907 5612 μετ’

321 5634 524 5705 αὐτῆς,
563 5634 596 5705 ἢ
627 5635 769 5705 τάχα
805 5653 911 5689 που
959 5656 977 5688 ι
1006 5634 1444 5705 Ψευδοποιμένες
1492 5631 1769 5704 ἄνθρωποι
1817 5630 1910 5685 τὸν

411 5806 480 5866 "l
509 5812 649 5867 Tim.
686 5828 757 5880 tv,
788 5812 842 5866 2.

2012 5174 2228 5228 modum
2259 5173 2536 5227 ducerent.
2567 5172 2635 5228 Et
2660 5174 2805 5243 quod
2838 5172 3013 5229 adhuc
3035 5180 3121 5227 est
3149 5171 3458 5235 absurdius,
3502 5171 3592 5227 Di-

2013 5263 2211 5329 lexisti,
2246 5263 2443 5333 inquit,
2475 5264 2806 5320 dormientes
2837 5274 3036 5331 tecum,
3086 5273 3142 5319 et
3180 5263 3373 5318 crebro
3423 5261 3593 5317 forni-

2015 5362 2136 5410 cata
2179 5368 2241 5408 es
2272 5369 2395 5408 cum
2446 5354 2582 5422 illis;
2642 5363 2698 5409 et
2754 5370 2878 5409 cum
2940 5367 3005 5408 ea
3048 5354 3197 5409 velut
3245 5367 3369 5408 cum
3414 5362 3595 5408 scorto

2013 5440 2403 5516 disputat.’Qui
2432 5454 2561 5500 sunt
2588 5459 2721 5517 ergo
2765 5444 3094 5501 dormientes
3144 5459 3270 5501 cum
3302 5444 3401 5499 ea?
3446 5442 3594 5500 Falsi

2015 5545 2265 5607 pastores
2295 5544 2446 5603 sunt,
2481 5536 2573 5607 qui
2603 5543 2841 5591 mentem
2869 5536 3109 5590 inustam
3136 5544 3191 5591 et
3214 5534 3459 5591 cauterio
3491 5549 3593 5589 no-

2019 5626 2282 5694 tatam",
2327 5626 2485 5684 sicuti
2539 5627 2615 5683 ait
2675 5626 2865 5682 beatus
2916 5625 3137 5697 Paulus,
3199 5642 3265 5683 ac
3326 5623 3593 5682 diabolica
