4078 6292
570 400 733 462 ιὶὸἵξ

1598 394 1662 449 S.
1703 390 1978 448 CVRILLI
2016 391 2485 450 ALEXANDRINI
2527 392 2849 451 ARCHIEP.

3730 394 3869 450 ιεοι

574 514 882 589 ignorantia
911 514 1123 583 phnam
1171 509 1397 573 habent,
1436 522 1530 578 qut
1581 506 1688 563 illis
1749 506 1832 561 via
1887 516 1943 563 et
1994 520 2154 565 causa

2264 506 2390 563 νοῦν
2413 505 2994 580 κεκαυτηριασμένοι,»
3016 503 3160 559 καθά
3182 520 3347 577 φησιν
3366 503 3395 559 ὁ
3422 503 3705 577 μακάριος
3733 506 3875 562 Παῢ.

574 608 829 663 interitus
880 605 1121 668 fuerunt,
1167 602 1236 657 ab
1264 600 1601 671 ingenuitate
1646 613 1808 668 quam
1864 613 1989 653 eum
2048 597 2159 655 Deo

577 700 798 762 habent,
833 696 1186 760 abducentes,
1215 701 1272 748 et
1303 691 1661 747 immitteutes
1693 690 1840 745 velut
1868 689 2160 759 impietatis

574 790 808 852 semina,
851 794 904 841 et
951 783 1345 855 persuadentcs
1399 782 1609 837 fructus
1664 795 1857 850 parere
1922 779 2154 849 Satans,

574 881 787 934 fructus
822 876 1287 941 debacchationis,
1320 875 1533 931 scilicet
1574 875 1627 929 in
1664 875 1853 930 Deum.
1889 873 2157 942 Quorum-

569 976 696 1025 dam
727 970 1148 1025 fornicationem
1202 968 1401 1023 crebro
1451 966 1705 1021 iteratam
1749 964 2003 1030 dicimus,
2062 979 2158 1021 seu

570 1063 903 1134 apostasiam
932 1076 961 1114 a
1002 1061 1159 1115 Deo:
1195 1058 1415 1130 quando
1457 1057 1713 1112 vitiorum
1761 1058 1843 1113 vis
1910 1067 1968 1113 et
2019 1057 2158 1113 ratio

570 1172 678 1211 non
714 1155 1023 1210 uniusmodi
1052 1160 1145 1208 aut
1185 1151 1477 1206 uniformis
1516 1165 1639 1206 esse
1672 1149 2031 1219 conspicitur;
2063 1148 2157 1206 sed

568 1262 637 1301 ex
675 1247 860 1302 multis
885 1245 1032 1302 velut
1064 1243 1364 1300 sceleribus
1393 1242 1665 1311 completa
1691 1252 1744 1296 et
1793 1241 2046 1307 conﬂata,
2103 1249 2158 1296 et

574 1338 739 1393 multa
773 1338 877 1393 alia
910 1337 1166 1408 parturit,
1190 1337 1260 1391 ob
1291 1350 1413 1406 qua:
1445 1334 1797 1389 meritissime
1840 1349 1934 1390 eos
1971 1334 2063 1405 qui
2093 1348 2154 1389 ea

573 1437 792 1495 patrant
817 1430 989 1499 possit
1039 1426 1458 1495 reprehendere,
1514 1424 1682 1494 802
1748 1434 1875 1494 puta
1934 1425 1981 1479 si
2031 1423 2156 1494 quis

572 1519 835 1575 Satanam
890 1533 1088 1588 capere
1136 1518 1283 1581 velit,
1344 1515 1589 1585 sequitur
1635 1516 1858 1569 omnino
1911 1523 1971 1569 ut
2022 1514 2154 1569 nihil

571 1612 692 1667 sani
727 1620 820 1665 aut
851 1611 983 1665 recti
1033 1608 1398 1678 aggrediatur,
1427 1608 1497 1676 ζει
1524 1606 1577 1660 in
1608 1621 1828 1662 omnem
1874 1605 2017 1660 viam
2058 1620 2155 1661 nc—

575 1702 723 1755 farite
756 1710 811 1756 et
834 1701 1181 1756 exsecranda:
1211 1698 1500 1768 voluptatis
1546 1697 1694 1753 velut
1724 1698 2027 1767 abjiciatur.
2062 1697 2156 1751 Af-

574 1797 704 1851 fiuia
734 1808 952 1866 quoque
986 1792 1182 1847 talibus
1207 1790 1354 1846 vitiis
1382 1805 1502 1845 csse
1523 1800 1747 1859 possunt
1768 1800 1825 1845 et
1856 1791 1957 1846 alia
1991 1790 2153 1855 mala,

572 1863 883 1957 praestigiae,
910 1884 1318 1950 necromantiae,
1348 1892 1399 1937 el
1444 1897 1630 1938 eorum
1660 1883 1754 1953 qui
1782 1883 2150 1954 prodigiorum
2189 1863 2226 1917 Β

574 1984 898 2050 interpretes
932 1988 1062 2034 sunt
1097 1978 1318 2033 inutiles
1356 1976 1573 2041 fabulae,
1605 1975 1735 2031 falsa
1785 1977 2059 2042 vaticinia,
2090 1992 2155 2034 ac

572 2074 992 2136 incantationes,
1037 2080 1094 2128 et
1151 2069 1549 2139 astrologorum
1601 2069 1992 2140 sycophantiae,
2041 2069 2155 2124 die-

574 2182 823 2237 rumque,
851 2166 1135 2229 horarum,
1178 2171 1482 2232 temporum
1514 2172 1569 2217 et
1597 2177 1862 2218 annorum
1895 2164 2155 2219 observa-

574 2260 667 2316 tio.
702 2259 800 2323 lta,
842 2257 1038 2326 inquit,
1071 2256 1266 2311 crebro
1305 2254 1573 2309 fornicata
1624 2269 1705 2319 es,
1752 2255 1948 2311 multos
1976 2254 2153 2310 fecisti

572 2353 662 2424 qui
690 2349 879 2422 procul
910 2358 1038 2404 sunt
1067 2348 1166 2403 abs
1196 2356 1267 2403 te.
1307 2346 1409 2414 Qui
1447 2355 1629 2402 autem
1676 2347 1731 2401 hi
1785 2348 1917 2415 sint,
1962 2362 2153 2403 rursus

572 2442 862 2499 ridendum
884 2450 968 2496 est
992 2438 1322 2497 necessario.
1354 2436 1452 2492 Vel
1479 2437 1624 2492 enim
1655 2446 1879 2493 sanctos
1921 2437 2155 2509 prophe-

565 2542 655 2590 tas
675 2532 829 2600 dicit,
865 2532 958 2604 qui
989 2546 1115 2587 eum
1145 2544 1266 2587 eam
1297 2527 1438 2584 ultra
1463 2542 1681 2583 omnem
1716 2528 1996 2585 audaciam
2029 2544 2155 2600 pro—

564 2640 838 2698 gressam,
860 2633 916 2679 et
958 2624 1012 2679 in
1059 2637 1221 2679 omne
1271 2635 1441 2691 Bonus
1491 2620 1788 2691 impietatis
1841 2631 2151 2691 provectam

570 2731 884 2783 cernerent,
908 2716 976 2771 ab
1005 2729 1070 2769 ea
1103 2713 1251 2769 velut
1275 2713 1560 2784 inquinata
1595 2720 1953 2777 recesserunt,
1986 2727 2153 2784 prope

571 2809 892 2871 clamantes,
948 2815 1006 2863 et
1044 2806 1330 2861 dicentes:
1370 2823 1389 2856 ι
1435 2803 1761 2861 Curavimus
1801 2806 2150 2878 Babylonem,

571 2906 626 2955 et
650 2914 757 2953 non
789 2906 979 2953 sanata
1023 2905 1127 2952 est.
1178 2895 1573 2967 Relinquamus
1612 2913 1755 2962 eam,
1790 2908 1846 2953 et
1896 2900 2154 2957 abeamus

570 2991 805 3061 quisque
850 2990 906 3043 in
941 2998 1144 3044 terram
1181 3002 1370 3055 suam;
1424 2989 1556 3058 quia
1593 2988 2049 3060 appropinquavit
2084 2991 2153 3046 ad

568 3083 769 3138 caelum
797 3079 1066 3150 judicium
1104 3081 1243 3151 ejus,
1293 3088 1349 3135 et
1403 3080 1677 3137 sublatum
1740 3092 1823 3138 est
1866 3097 2035 3153 usque
2083 3084 2152 3138 ad

2259 605 2370 672 λος,
2401 607 2495 660 καὶ
2527 603 2724 675 ἀχλύος
2747 601 2969 674 ἔμπλεῳ
3001 598 3340 669 διαϐολικῆς;
3369 593 3535 653 Οὗτοι
3569 599 3867 667 γεγόνασιν

2258 700 2423 771 αὐτῇ,
2445 698 2544 752 καὶ
2568 696 2708 761 ὁδὸς,
2736 694 2832 748 καὶ
2860 693 3138 765 πρόφασις
3163 690 3463 755 ἀπωλείας,
3488 690 3868 764 ἀποφέροντες

2262 792 2361 864 μὲν
2403 791 2505 862 τῆς
2543 788 2679 860 πρὸς
2716 786 2849 841 Θεὸν
2880 783 3256 855 γνησιότητος,
3288 783 3526 846 ἐνιέντες
3560 782 3622 835 δὲ
3670 781 3867 853 ὥσπερ

2257 883 2327 938 τά
2356 882 2458 954 τῆς
2485 878 2805 941 δυσσεϐείας
2852 876 3164 947 σπέρματα,
3194 873 3290 927 καὶ
3321 873 3708 944 καρποφορεῖν
3743 871 3866 924 ἀνα-

2258 980 2539 1041 πείθοντες
2573 973 2649 1048 τῷ
2691 972 2907 1043 Σατανᾷ
2937 971 3039 1042 τῆς
3087 969 3229 1024 κατὰ
3254 967 3391 1023 Θεοῦ
3444 967 3752 1038 παροινίας
3799 967 3869 1020 τὰ

2256 1071 2599 1143 ἐγκλήματα.
2650 1062 3025 1137 Πληθύνεσθαι
3068 1063 3126 1116 δέ
3175 1079 3357 1133 φαμεν
3390 1062 3493 1133 τήν
3518 1078 3694 1115 τινων
3736 1076 3868 1131 πορ-

2257 1164 2428 1227 νείαν,
2470 1163 2590 1234 ἢτοι
2624 1161 2724 1233 τὴν
2772 1158 3077 1215 ἀπόστασιν
3108 1156 3210 1227 τὴν
3257 1154 3366 1208 ἀπὸ
3407 1152 3570 1218 Θεοῦ,
3611 1154 3709 1205 ὅτε
3758 1152 3868 1206 τῶν

2258 1255 2597 1327 αἰτιαμάτων
2638 1254 2672 1325 ἡ
2700 1252 2957 1324 δύναμις,
3012 1250 3074 1304 οὐ
3105 1248 3434 1321 μονότροπος
3465 1242 3607 1301 οὖσα
3638 1247 3744 1299 καὶ
3771 1262 3865 1316 μοι

2257 1347 2463 1420 νοειδὴς
2482 1348 2674 1419 ὁρᾶται
2706 1345 2889 1417 τυχὸν,
2915 1342 3030 1398 ἀλλ’
3055 1342 3130 1407 ὼς
3164 1344 3227 1395 ἑκ
3257 1339 3461 1410 πολλῆς
3492 1339 3639 1407 ἄταν
3681 1338 3867 1391 σκαιόν

2256 1434 2416 1514 τηιέος
2452 1437 2867 1509 ἐπιτελουμένη,
2896 1437 2991 1490 καὶ
3022 1432 3193 1488 πολλὰ
3225 1431 3346 1486 κατ’
3373 1431 3557 1484 αὐτῶν
3588 1430 3864 1484 ὠδίνουσα

2255 1531 2325 1586 τὰ
2354 1530 2438 1600 ἐφ’
2461 1524 2542 1592 οἷς
2564 1528 2629 1582 άν
2658 1542 2743 1591 τις
2776 1524 3272 1595 καταμωμήσαιτο,
3301 1520 3394 1574 καὶ
3430 1517 3580 1588 μάλα
3609 1517 3857 1579 δικαίως,

2255 1624 2383 1688 τοὺς
2406 1621 2647 1694 δρῶντας
2669 1619 2829 1673 αὑτά·
2856 1611 2967 1671 οἷόν
2997 1616 3051 1669 τί
3083 1627 3248 1685 φημ’
3282 1611 3607 1681 Παρέπεται
3638 1609 3859 1672 πάντως

2256 1716 2333 1788 τῷ
2358 1714 2681 1785 θεραπεύειν
2720 1709 2936 1764 ἑλέσθαι
2971 1707 3062 1762 τὸν
3106 1706 3353 1761 Σατανᾶν
3398 1704 3461 1757 τδ
3498 1703 3673 1773 μηδὲν
3711 1702 3859 1769 ὑγιὲς

2254 1808 2544 1879 ἀνέχεσθαι
2570 1806 2722 1878 δρᾷν·
2754 1799 3190 1875 διαρῤιπτεῖσθαι
3231 1799 3287 1852 δὲ
3316 1798 3507 1870 ὥσπερ
3543 1799 3630 1855 είς
3678 1798 3857 1849 πᾶσαν

2256 1900 2373 1954 ὁδὸν
2437 1897 2665 1970 βεϐήλου
2698 1912 2758 1949 τε
2811 1893 2905 1948 καὶ
2940 1891 3200 1962 βδελυρᾶς
3227 1889 3453 1959 ἡδονῆς·
3486 1885 3771 1956 σύνδρομα
3800 1884 3854 1938 δὲ

2253 1990 2366 2051 τοῖς
2397 1986 2660 2051 τοιούτοις
2692 1984 3015 2053 αἰτιάμασιν
3048 1976 3157 2034 εἷεν
3192 1979 3257 2033 ἂν
3290 1978 3386 2032 καὶ⁵
3431 1978 3505 2032 τὰ
3545 1978 3720 2046 ἕτερα
3749 1977 3854 2029 τῶν

2250 2078 2510 2132 τοιούτων
2566 2076 2755 2131 κακῶν
2780 2116 2795 2140 ,
2843 2072 3085 2145 γοητεϊαί
3133 2088 3194 2124 τε
3265 2071 3361 2124 καὶ
3404 2071 3849 2139 νεκυομαντείαι,

2252 2171 2350 2226 καὶ
2391 2169 2460 2224 τὰ
2492 2169 2599 2223 τῶν
2638 2165 3058 2240 τερατοσκόπων
3091 2163 3289 2235 ἀχρεῖα
3337 2160 3614 2232 μυθάρια,
3659 2159 3853 2229 claudo.

2256 2262 2506 2334 μαντεῖαί
2528 2278 2587 2314 τε
2619 2260 2712 2315 καὶ
2732 2257 2938 2329 ἐπῳδαὶ
2956 2296 2972 2320 ,
2995 2257 3093 2309 καὶ
3118 2257 3173 2308 αἱ
3212 2254 3322 2308 τῶν
3370 2251 3849 2324 άστρολοτούντων

2257 2352 2628 2423 συκοφαντίαι,
2677 2350 2773 2405 καὶ
2803 2348 3027 2420 ἡμερῶν
3056 2348 3404 2418 ἑπιτήρησις,
3427 2344 3597 2418 ὡρῶν
3627 2362 3689 2398 τε
3716 2345 3850 2417 προς

2252 2447 2449 2518 τούτῳ,
2480 2445 2687 2517 καιρῶν
2725 2445 2816 2498 καὶ
2847 2441 3128 2497 ἐνιαυτῶν.
3152 2438 3334 2508 Οὕτω,
3375 2437 3535 2510 φησὶ,
3565 2437 3667 2509 τὴν
3694 2455 3847 2491 σεαυ-

2253 2538 2356 2610 τῆς
2394 2537 2647 2610 πορνείαν
2696 2533 3079 2606 πληθύνουσα,
3130 2530 3361 2593 πολλοὺς
3407 2528 3678 2599 ἐποίησας
3722 2529 3848 2595 τοὺς

2258 2630 2478 2703 μακρὰν
2504 2629 2612 2684 ἀπὸ
2636 2625 2751 2682 σοῦ.
2788 2625 2898 2681 Καὶ
2935 2625 3081 2687 τίνες
3112 2622 3178 2678 ἂν
3216 2619 3324 2676 εἷεν
3354 2616 3526 2681 οὗτοι,
3555 2622 3848 2689 ἀναγκαῖον

2254 2723 2417 2778 πάλιν
2449 2722 2595 2776 ἰδεῖν.
2634 2721 2705 2773 Ἦ
2734 2719 2843 2790 γὰρ
2874 2718 3001 2782 τοὺς
3038 2714 3225 2784 ἁγίους
3257 2714 3548 2784 προφήτας
3584 2713 3777 2782 φησὶν,
3801 2711 3845 2764 oi

2257 2817 2400 2888 πέρα
2440 2814 2674 2887 θράσους
2703 2812 2888 2867 ἰοῦσαν
2916 2810 3115 2873 παντὸς
3140 2808 3377 2880 δρῶντες
3416 2808 3616 2876 αὐτὴν,
3656 2808 3755 2859 καὶ
3778 2807 3845 2869 είς

2255 2907 2407 2978 λῆξιν
2453 2906 2671 2976 ἁπάσης
2715 2903 3031 2974 άφιλοθεῖας
3071 2899 3424 2963 ἐλαύνουσαν,
3470 2900 3836 2968 ἀπεφοίτησατ

2256 3000 2427 3069 αὐτῆς
2458 2997 2534 3061 ὡς
2563 2994 3003 3068 μεμολυσμένης,
3044 2992 3325 3064 μονονουχὶ
3357 2989 3621 3059 βοῶντες,
3655 2996 3752 3044 καὶ
3776 2991 3841 3044 te

2257 3106 2465 3160 γοντες·
2496 3105 2515 3140 ι
2542 3084 2922 3159 Ἰατρεύσαμεν
2949 3085 3044 3157 τὴν
3072 3082 3387 3145 Βαϐυλῶνα,
3420 3082 3517 3135 καὶ
3560 3083 3667 3135 οὐκ
3703 3084 3839 3151 ἰάθη·

571 3186 718 3230 astra
754 3175 821 3229 ⁸⁸.
867 3193 887 3227 ι
918 3173 1054 3242 Quia
1081 3175 1227 3228 enim
1264 3171 1502 3243 Babylon
1552 3174 1827 3229 nominata
1872 3182 1958 3230 est
2010 3185 2153 3230 terra

2257 3180 2712 3251 ἐγκαταλίπωμεν
2746 3178 2935 3249 αὐτὴν,
2981 3178 3073 3231 καὶ
3112 3176 3440 3247 ἀπέλθωμεν
3487 3176 3726 3239 ἕκαστος
3772 3178 3844 3239 εἰς

571 3267 917 3338 sculptiliunt,
970 3274 1027 3322 et
1083 3266 1274 3322 eodem
1339 3268 1531 3323 morbo
1593 3266 1825 3336 turpiter
1885 3267 2153 3323 laboravit

570 3357 869 3414 Jerusalem
910 3374 925 3410 :
961 3356 1088 3410 hinc
1136 3353 1260 3423 jure
1312 3354 1518 3423 optimo
1562 3368 1683 3408 eam
1748 3362 1943 3408 vocant
1984 3354 2152 3409 divini

574 3449 850 3518 prophetae
878 3447 1229 3519 Babylonem.
1266 3444 1365 3502 Vel
1396 3445 1645 3501 fortassis
1677 3445 1874 3500 multos
1904 3445 2033 3500 fecit
2059 3460 2153 3502 eos

572 3540 667 3609 qui
711 3538 900 3608 procul
944 3552 975 3592 a
1014 3552 1094 3594 se.
1131 3536 1266 3592 Nam
1314 3536 1669 3591 finitimarum
1701 3536 1941 3606 gentiam
1975 3534 2154 3593 cultus

571 3643 627 3688 et
653 3631 789 3686 falso
807 3629 1117 3685 nominatos
1149 3629 1290 3698 apud
1319 3642 1565 3698 quosque
1605 3628 1734 3684 deos
1785 3628 2000 3685 curiose
2031 3643 2155 3699 per-

575 3726 924 3793 vestigantes,
951 3734 1048 3776 eos
1078 3721 1507 3785 accersiverunt,
1542 3728 1597 3775 et
1627 3719 1736 3776 illis
1784 3721 2150 3787 adhaeserunt,

568 3824 628 3870 et
657 3813 748 3868 alii
785 3813 907 3877 hos,
936 3810 1029 3867 alii
1055 3810 1178 3867 illos
1204 3811 1525 3889 coluerunt:
1550 3811 1695 3867 Dixit
1725 3812 1981 3868 nimirum
2008 3812 2152 3870 Deus

573 3904 770 3961 alicubi
801 3918 936 3959 voce
983 3901 1235 3960 Jeremiae
1294 3921 1309 3961 :
1367 3920 1387 3955 ι
1448 3902 1554 3960 Pro
1593 3919 1824 3960 numero
1868 3904 2150 3961 civitatum

573 4009 790 4053 tuarum
819 4006 978 4053 erant
1005 3996 1079 4053 dii
1113 3996 1234 4064 tibi,
1265 3995 1430 4063 Iuda,
1467 4007 1525 4053 et
1556 4012 1657 4068 pro
1688 4012 1914 4055 numero
1937 3998 2149 4055 viarum

570 4086 872 4146 Jerusalem
905 4087 1290 4144 eonstruxistis
1323 4070 1448 4144 aras
1477 4089 1546 4144 ad
1575 4086 1809 4144 animum
1840 4090 2148 4145 faciendum

572 4178 698 4234 itaal
721 4180 789 4233 ”.
819 4197 841 4232 ι
868 4178 990 4235 Hoc
1016 4179 1181 4235 etiam
1226 4177 1465 4236 arbitror
1505 4180 1765 4235 denotare
1799 4180 1905 4236 :Et
1953 4182 2149 4238 misisti

566 4270 774 4340 legatos
799 4269 941 4325 ultra
971 4270 1232 4327 terminos
1261 4280 1406 4326 tuos.
1434 4270 1552 4326 Non
1574 4270 1721 4325 enim
1754 4273 1995 4329 contenti
2023 4281 2153 4330 sunt

565 4359 931 4425 praesentibus
953 4359 1094 4429 apud
1122 4373 1182 4416 se
1210 4360 1335 4427 diis,
1370 4359 1485 4427 sed,
1519 4368 1580 4414 ut
1615 4359 1754 4426 dixi,
1782 4360 1919 4416 alios
1950 4362 2149 4417 multos

567 4448 940 4517 accersebant,
971 4449 1383 4521 proutquisqne
1403 4450 1508 4507 sibi
1534 4450 1733 4507 bonum
1766 4464 1890 4508 esse
1918 4463 2148 4522 persna-

2254 3271 2355 3342 τὴν
2399 3271 2501 3341 γῆν
2528 3268 2745 3323 ἑαυτοῶ
2775 3269 2856 3322 ὅτι
2885 3267 3115 3339 ἤγγικεν
3156 3270 3234 3330 εἰς
3280 3267 3514 3337 οὐρανὸν
3563 3267 3630 3319 τὸ
3675 3270 3845 3338 κρῖμα

2253 3360 2449 3431 αὐτῆς,
2492 3360 2585 3413 καὶ
2613 3358 2807 3429 ἐξῆρεν
2835 3357 2940 3421 ἕως
2971 3358 3209 3428 ἄστρων·
3251 3375 3271 3408 ι
3301 3356 3446 3428 (ἐπεὶ
3480 3355 3592 3425 γὰρ
3624 3356 3691 3423 τῆ
3736 3355 3844 3408 τῶν

2251 3450 2505 3522 γλυπτῶν
2540 3447 2833 3519 ὠνομάσθη
2875 3446 3150 3511 Βαϐυλὼν,
3196 3448 3440 3510 ἐκτόπως
3468 3449 3527 3499 δὲ
3556 3446 3712 3500 toﬁ-.0
3754 3462 3844 3499 νε-

2252 3543 2482 3613 νόσηκεν
2517 3541 2906 3613 Ἰερουσαλὴμ,
2954 3541 3048 3594 καὶ
3093 3540 3350 3614 ταύτῃτοι
3377 3543 3465 3594 καὶ
3507 3540 3657 3609 μάλα
3686 3538 3845 3592 52x6-

2251 3646 2360 3697 τως
2401 3632 2698 3686 Βαϐυλῶνά
2726 3649 2888 3701 φασιν
2916 3631 3086 3704 αὐτὴν
3114 3634 3162 3685 οἱ
3195 3631 3459 3686 θεσπέσιοι
3488 3629 3842 3700 προφῆταυ)

2252 3725 2287 3796 ἢ
2316 3726 2458 3797 τάχα
2487 3742 2610 3791 που,
2638 3723 2868 3786 πολλοὺς
2896 3724 3163 3795 πεποίηκε
3191 3726 3321 3788 τοὺς
3356 3722 3687 3796 μακρὰνάφ*
3716 3723 3847 3776 ἑαυ-

2250 3814 2372 3884 τῆς.
2409 3815 2902 3885 Περιεργαζόμενοι
2937 3812 3047 3885 γὰρ
3071 3815 3138 3868 τά
3166 3814 3277 3867 τῶν
3307 3815 3522 3885 ὁμόρων
3549 3812 3723 3866 ἐθνῶν
3755 3829 3846 3866 σε·

2253 3905 2530 3977 ϐάσματα,
2564 3906 2657 3959 καὶ⁵
2688 3906 2815 3970 τοὺς
2844 3908 2973 3977 παρ’
2997 3906 3215 3976 ἑκάστῳ
3237 3905 3627 3976 ψευδωνύμως
3655 3902 3841 3969 θεοὺς,

2251 3992 2472 4058 τούτους
2509 3993 2942 4065 μετεπέμποντο·
2977 3995 3329 4066 προσέκειντο
3351 3993 3410 4047 δὲ
3437 3993 3535 4047 καὶ
3560 3991 3844 4063 λελατρεύ-

2251 4102 2429 4149 κασιν,
2454 4087 2504 4139 οἱ
2540 4084 2637 4157 μὲν
2665 4085 2907 4153 τούτοις,
2947 4087 2996 4140 οἱ
3023 4087 3080 4140 δὲ
3114 4086 3366 4149 ἐκείνοις.
3410 4086 3523 4138 Καὶ
3559 4084 3694 4153 γοῦν
3735 4084 3838 4153 εφη

2250 4194 2356 4232 που
2383 4177 2517 4241 Θεὸς
2551 4177 2639 4231 διὰ
2670 4175 2771 4248 τῆς
2805 4177 3066 4250 Ἰερεμίου
3099 4180 3305 4248 φωνῆς,
3332 4178 3415 4231 ὅτι
3446 4195 3467 4229 ι
3500 4176 3660 4232 Κατὰ
3724 4180 3844 4247 ἀρι·

2253 4269 2389 4341 θμδν
2417 4269 2526 4322 τῶν
2558 4269 2766 4323 πόλεών
2793 4286 2889 4323 σου
2929 4266 3070 4342 ἦσαν
3098 4272 3149 4324 οἱ
3193 4270 3308 4324 θεοί
3350 4286 3470 4333 σου,
3508 4269 3709 4329 Ἰούδα,
3750 4267 3841 4321 καὶ

2250 4360 2394 4414 κατὰ
2431 4359 2665 4432 ἀριθμὸν
2708 4360 2896 4415 διόδων
2921 4362 3019 4431 τῆς
3051 4360 3412 4432 Ἰερουσαλὴμ
3443 4359 3676 4423 ἐτάξατε
3720 4357 3841 4427 βω-

2254 4452 2390 4522 μοὺς
2433 4451 2635 4522 θυμιᾷν
2666 4451 2745 4522 τῷ
2780 4452 2945 4505 Βαάλ.
2974 4471 2992 4502 ι
3027 4453 3188 4505 Τουτὶ
3215 4453 3272 4505 δὲ
3311 4446 3470 4523 οἶμαι
3505 4447 3839 4521 scandala-3v

568 4545 735 4592 serat.
768 4535 869 4592 Vel
910 4537 1077 4593 etiam
1119 4553 1135 4592 :
1187 4536 1379 4596 Misisti
1438 4538 1644 4608 legatos
1697 4540 1837 4594 ultra
1888 4541 2149 4598 terminos

2254 4541 2349 4596 καὶ
2381 4540 2464 4608 τὸ,
2503 4541 2850 4605 Ἀπέστειλας
2882 4542 3141 4613 πρέσϐεις
3168 4542 3309 4612 ὑπὲρ
3349 4541 3419 4594 τὰ
3442 4541 3572 4612 ὃριά
3618 4556 3735 4594 σου.
3765 4538 3841 4591 οὗ

570 4637 711 4695 tuos,
743 4627 1055 4699 significare
1087 4637 1285 4700 potest,
1317 4629 1459 4686 ultra
1489 4644 1798 4685 mensuram
1829 4646 1893 4686 ac
1924 4633 2145 4688 modum

572 4721 858 4778 commissa
891 4734 975 4778 eSt
1006 4723 1074 4778 ab
1104 4722 1213 4778 illis
1244 4720 1556 4786 fornicatio,
1585 4731 1643 4777 ut
1671 4721 1844 4777 instar
1874 4725 2145 4793 parabolae

562 4800 667 4868 vos
695 4825 983 4885 usurpetur
1030 4813 1100 4869 de
1119 4814 1186 4870 iis
1211 4815 1302 4884 qui
1337 4813 1391 4868 in
1425 4827 1484 4869 re
1506 4827 1724 4884 quaque
1759 4812 1899 4869 ultra
1924 4816 2140 4871 enodem

565 4914 614 4959 et
639 4920 855 4976 aequum
886 4905 1173 4977 prodeunt.

2245 4633 2354 4702 γὰρ
2379 4632 2711 4705 ἀρκούμενοι
2739 4637 2851 4697 τοῖς
2882 4632 3115 4704 παροῦσι
3147 4633 3300 4704 παρὰ
3329 4634 3486 4702 σφίσι
3511 4633 3677 4696 θεοῖς,
3711 4645 3841 4700 μετ·

2248 4723 2591 4794 επὲμποντο.
2636 4723 2888 4796 καθάπερ
2947 4722 3107 4794 ἔφην,
3166 4725 3261 4777 καὶ
3299 4722 3531 4786 πολλοὺς
3592 4723 3843 4792 ἑτέρους.

2243 4816 2464 4870 ἔκαστοι
2496 4818 2638 4872 κατὰ
2679 4816 2739 4872 τδ
2776 4819 2960 4884 αὐτοῖς
3007 4813 3066 4871 εὖ
3109 4817 3257 4888 ἔχειν
3306 4817 3746 4888 ὑπειλημμένον.
3776 4816 3842 4867 Ἦ

2244 4909 2384 4978 τάχα
2408 4924 2513 4962 που
2536 4909 2618 4973 eo;
2660 4910 3012 4975 Ἀπέστειλας
3029 4910 3286 4982 πρέσϐεις
3308 4910 3452 4981 ὑπὲρ
3465 4910 3534 4962 τὰ
3561 4907 3693 4977 ὄριά
3724 4922 3845 4965 σου.

562 4990 1006 5070 κατασημήνειεν
1031 4997 1118 5059 ἂν,
1148 4997 1233 5050 ὅτι
1277 4995 1424 5067 πέρα
1470 4996 1674 5067 μέτρου
1704 4997 1839 5067 παρ’
1877 4996 2059 5061 αὐτοῖς
2101 4997 2170 5051 τὰ
2209 4998 2307 5069 τῆς
2336 5003 2592 5070 πορνείας
2653 5001 2975 5071 ἐπράττετο,
3005 5002 3069 5054 ἵν’
3095 5001 3170 5065 ὡς
3200 5003 3258 5055 ἑν
3294 5001 3486 5071 τρόπῳ
3519 4998 3846 5070 παραϐολῆς

558 5085 621 5141 τὸ
660 5088 954 5157 λεγόμενον
983 5085 1040 5161 ᾖ,
1069 5086 1165 5141 καὶ
1208 5085 1432 5157 σύνηθες
1474 5086 1837 5158 ἐπιφώνημα,
1877 5090 1988 5151 τοῖς
2054 5087 2312 5146 ἐπέκεινα
2341 5096 2436 5148 τοῦ
2464 5097 2669 5160 εἰκότος
2715 5096 2800 5164 ἐφ’
2861 5094 3077 5164 ἑκάστῳ
3112 5093 3222 5147 τῶν
3292 5093 3644 5165 πραγμάτων
3700 5087 3847 5143 ἰοῦσι

561 5176 874 5251 λεγόμενον.

638 5272 805 5330 Vens.
845 5272 932 5327 l0.
973 5269 1037 5324 Et
1058 5270 1382 5335 convenisti,
1406 5277 1459 5325 et
1489 5269 1772 5325 humilium
1796 5285 1849 5324 es
1887 5287 2051 5341 usque
2073 5272 2142 5324 ad

562 5365 794 5433 inferos;
844 5363 1023 5417 multis
1044 5362 1321 5417 itineribus
1345 5362 1448 5416 tuis
1476 5361 1754 5426 laboraui,
1785 5378 1877 5415 nec
1908 5362 2094 5416 dixisti
2123 5376 2142 5414 :

557 5453 814 5510 .Desinam
847 5457 1170 5525 confertam.
1203 5453 1347 5519 Quia
1376 5455 1546 5523 fecisti
1576 5455 1709 5521 hac,
1743 5465 2016 5524 propterea
2044 5470 2148 5509 non

618 5627 811 5686 "'Jer.
842 5644 917 5695 ω,
949 5630 1007 5686 9.
1079 5630 1125 5663 ⁰⁹
1155 5629 1265 5686 Jer.
1298 5646 1358 5697 tt,
1382 5628 1473 5685 28.

2316 5271 2424 5325 Καὶ
2441 5270 2828 5340 ἀπέστρεψας
2848 5270 2947 5341 (l),
2983 5270 3082 5324 καί
3100 5268 3503 5336 etanta-(Mm;
3522 5269 3638 5336 ἕως
3665 5270 3847 5336 ᾅδου.

2255 5362 2390 5429 Ταῖς
2420 5362 2776 5428 πολυοδίαις
2803 5375 2919 5415 σου
2946 5362 3305 5427 ἐκοπίασας,
3336 5362 3436 5416 καὶ
3474 5364 3591 5415 οὐκ
3640 5359 3847 5428 siser“

2251 5454 2565 5524 Παύσομιιι
2596 5453 2988 5521 ἐνισχύουσα.
3024 5453 3157 5508 Ὀτι
3186 5452 3459 5522 ἔπραξας
3493 5453 3712 5518 ταῦτα,
3742 5452 3851 5508 διὰ

626 5801 713 5871 ,(1)
745 5802 851 5856 Καὶ
883 5800 1289 5871 ἀπέστρεψας.
1322 5804 1529 5861 Desunt
1605 5804 1720 5861 hac
1786 5801 1950 5861 verba
1987 5804 2038 5858 in
2077 5805 2207 5860 edit.
2245 5801 2406 5857 LXX.
