4092 6296
284 428 419 490 £365

1364 423 1430 480 IN
1465 421 1700 481 ISAIAM
1742 424 1872 481 LIB.
1915 425 1978 480 ν.
2020 423 2256 481 TOMUS
2296 424 2390 480 Ill.

3394 431 3415 481 ί
3427 428 3533 483 266

282 544 456 599 τοῦτο
485 543 557 598 οὐ
590 540 953 608 κατεδεήθης
975 556 1116 608 μου·
1164 539 1245 594 σὺ
1285 540 1417 594 τινα
1457 537 1849 606 εὐλαϐηθεῖσα

1958 536 2120 607 803
2157 539 2352 606 rogasti
2379 552 2490 601 me;
2523 545 2603 602 tu,
2635 551 2783 604 quem
2825 537 3010 592 timens
3048 548 3324 606 perterrita
3376 559 3451 605 es,
3479 551 3531 595 αι

281 633 599 706 ἐφοϐήθης,
638 634 736 687 καὶ
765 633 1006 700 ἐψεύσω
1035 647 1150 700 με;

350 724 416 778 Τί
457 724 516 778 τὸ
544 723 715 794 πέρας
760 722 858 791 τῆς
901 722 1252 785 ἀποστάσεως
1289 723 1387 790 τῆς
1418 721 1526 774 ἀπὸ
1565 719 1723 784 Θεοῦ,
1754 719 1856 789 τῆς

281 812 591 882 ἁμετρήτου
613 809 888 879 πορνείας,
921 809 1013 862 καὶ
1039 808 1149 861 τῶν
1168 809 1396 863 ἀνοσίων
1418 809 1854 880 ἐγχειρημάτων,

282 903 396 972 ἤτοι
437 902 535 971 τῆς
565 900 917 970 ἀποστροφῆς
945 900 1053 954 ἀπό
1083 916 1146 967 γε
1179 899 1285 952 τῶν
1317 899 1614 970 ἀμεινόνων
1654 897 1746 950 ἐπὶ
1789 897 1856 950 τὰ

281 994 447 1064 χείρω
473 1009 487 1057 ;
528 992 590 1044 Ἠ
629 993 710 1053 είς
736 990 905 1062 ἄκρον
933 990 1282 1054 ταπείνωσις,
1302 991 1395 1043 καὶ
1420 990 1479 1043 τὸ
1507 989 1854 1054 καθικέσθαι,

279 1087 464 1153 φησὶν,
522 1087 602 1148 εἰς
655 1084 717 1136 τὸ
767 1084 869 1153 τῆς
912 1082 1187 1146 ἀπωλείας
1228 1082 1526 1136 κατωτάτω
1561 1081 1855 1154 βάραθρον.

290 1173 507 1246 Ἐπειδὴ
570 1173 680 1244 γὰρ
725 1175 826 1226 οὐκ
878 1173 1148 1244 ἠθέλησας
1193 1172 1370 1244 ὑψηλὴ
1417 1173 1709 1243 διαμεῖναι,
1763 1173 1857 1227 καὶ

276 1266 612 1336 ἀκράδαντον
646 1265 791 1336 ἔχειν
822 1265 921 1337 τὴν
959 1267 1280 1337 εὐημερίαν,
1319 1264 1576 1334 ταύτῃτοι
1624 1264 1856 1332 γέγονας

275 1361 525 1426 ταπεινή.
558 1358 681 1411 Ὅτι
714 1358 822 1426 γὰρ
855 1357 1046 1429 ὑψηλοί
1078 1376 1221 1422 τινες
1246 1353 1386 1428 ἦσαν
1419 1359 1468 1410 oi
1517 1356 1576 1423 ἐξ
1617 1357 1854 1428 Ἰσραὴλ,

275 1448 337 1500 τό
359 1465 421 1516 γε
442 1444 578 1519 ἧκον
599 1450 677 1512 εἰς
697 1449 852 1512 δόξαν
875 1450 973 1518 τὴν
1003 1449 1154 1522 παρὰ
1176 1449 1510 1518 Θεοῦ,σαφὲς
1533 1449 1598 1503 ἂν
1621 1450 1852 1518 γένοιτο,

276 1537 523 1606 λέγοντος
547 1539 710 1592 αὑτοῦ
732 1539 822 1593 διὰ
842 1541 1025 1610 φωνῆς
1041 1541 1261 1594 Ἡσαΐου
1283 1542 1408 1613 περ)⁸
1420 1540 1619 1594 αὐτῶν·
1645 1560 1664 1592 ι
1692 1540 1855 1603 Υίοὺς

276 1628 560 1699 ἐγέννησα,
584 1633 680 1683 καὶ
722 1629 966 1699 ῦψωσα.»
990 1631 1198 1686 Οὐκοῦν
1235 1633 1566 1703 αὐτόκλητον
1599 1632 1712 1702 ἔχει
1755 1632 1862 1702 τὴν

273 1719 602 1772 ταπείνωσιν
627 1735 640 1748 ·
665 1718 1028 1788 δεδυσσέϐηκε
1069 1718 1174 1791 γὰρ
1199 1720 1280 1782 είς
1310 1718 1400 1772 τὸν
1427 1718 1668 1788 ὑψοῦντα
1687 1717 1818 1771 Θεόν
1836 1735 1850 1748 ο

273 1811 668 1863 τεταπείνωται
715 1810 771 1863 δὲ
809 1809 929 1863 τίνα
978 1810 1200 1880 τρόπον,
1245 1811 1606 1869 διαδείκνυσιν
1655 1809 1849 1873 εὐθύςο

1967 629 2184 680 nterttita
2223 643 2274 681 es
2309 627 2482 681 mihi?

2029 719 2159 785 Quis
2191 727 2274 774 est
2301 720 2581 788 apostasiae
2613 734 2640 770 a
2669 717 2798 783 Deo,
2822 729 2874 774 et
2897 719 3263 775 immoderatze
3297 720 3530 776 fornica-

1958 812 2143 875 tionis,
2173 820 2225 864 et
2256 811 2539 880 itnpiorum
2574 813 2873 867 facinorum
2907 827 3000 866 seu
3027 812 3326 867 aversionis
3357 829 3384 866 a
3418 828 3532 868 me-

1959 901 2181 956 lioribus
2212 901 2278 954 ad
2307 901 2572 956 deteriora
2615 902 2770 957 linis?
2799 901 3042 968 Summa,
3073 903 3269 973 inquit,
3289 904 3526 975 depres-

1956 991 2060 1055 sio,
2094 1000 2148 1046 et
2189 991 2244 1044 itt
2287 990 2530 1046 intimum
2577 991 2826 1048 interitus
2879 993 3197 1048 barathrum
3251 995 3532 1050 devenire.

1956 1080 2089 1138 Nam
2125 1082 2251 1152 quia
2281 1082 2384 1138 alta
2417 1097 2636 1138 manere
2653 1084 2893 1151 nolebas,
2917 1093 2972 1139 et
2994 1084 3307 1140 felicitatem
3332 1088 3533 1142 habere

1958 1173 2362 1240 inconcussam,
2405 1173 2533 1228 hinc
2567 1175 2846 1229 bumiliata
2878 1191 2958 1231 es.
2992 1176 3143 1243 Quod
3174 1179 3318 1232 enim
3357 1178 3448 1234 alti
3483 1192 3535 1234 et

1956 1265 2216 1321 sublimes
2253 1265 2454 1322 fuerint
2485 1265 2758 1330 lsraelitae,
2794 1269 2938 1336 quod
2974 1268 3039 1323 ad
3071 1267 3296 1337 gloriam
3347 1285 3469 1338 qua:
3505 1287 3533 1323 a

1957 1356 2068 1418 Deo
2099 1357 2460 1426 proficiscitur
2501 1357 2716 1423 attinet,
2755 1359 3102 1426 perspicuum
3167 1375 3289 1414 esse
3331 1369 3530 1429 potest,
3558 1340 3585 1355 “

1956 1447 2074 1518 ipso
2103 1449 2316 1506 dicente
2338 1463 2433 1518 per
2449 1463 2635 1502 vocem
2661 1448 2809 1503 Isaiae
2838 1451 2904 1504 de
2931 1449 3036 1503 illis
3066 1467 3079 1501 :
3122 1468 3140 1500 ι
3175 1450 3342 1504 Filios
3371 1449 3534 1520 genui

1954 1545 2010 1593 et
2039 1537 2268 1592 cxaltavi
2303 1539 2342 1592 ¹.
2403 1557 2423 1591 ι
2464 1535 2651 1606 Itaque
2692 1537 2976 1592 accersivit
3009 1537 3111 1591 sibi
3169 1537 3270 1606 ipsi
3310 1538 3532 1606 depres-

1955 1629 2185 1694 sionetn,
2221 1629 2364 1698 quod
2410 1629 2572 1698 impie
2607 1627 2661 1682 in
2698 1628 2867 1682 Deum
2905 1627 2995 1696 qui
3054 1628 3278 1690 exaltat,
3339 1634 3528 1697 cgt't'il.

1953 1719 2024 1773 At
2046 1721 2316 1790 quomodo
2338 1720 2619 1775 humiliata
2636 1721 2727 1785 sit,
2753 1735 2874 1773 mox
2902 1719 3172 1785 ostendit;
3199 1719 3331 1773 dixit
3353 1720 3528 1774 enim:

1954 1812 2138 1868 Multis
2170 1813 2275 1868 viis
2298 1814 2404 1868 tuis
2441 1813 2724 1869 laborasti.
2767 1808 2898 1866 Nam
2939 1811 2989 1864 in
3023 1827 3211 1872 omnes
3233 1813 3388 1880 quasi
3418 1813 3535 1866 vias

272 1898 374 1970 ἔφη
411 1901 544 1971 γάρ’
563 1900 694 1964 Ταῖς
725 1899 1033 1964 πολυοδίαις
1067 1919 1160 1953 σου
1191 1901 1518 1965 ὲκοπίασας.
1550 1903 1645 1964 Εἰς
1673 1903 1849 1954 πᾶσαν

1959 1905 2209 1960 interitus
2249 1906 2633 1976 ingredientes,
2671 1905 2722 1958 in
2760 1918 2818 1958 re
2853 1904 2994 1965 nulla
3033 1903 3173 1966 utili,
3209 1903 3372 1960 animi
3410 1917 3532 1956 ner—

271 1992 379 2061 γὰρ
412 1991 602 2062 ὥσπερ
635 1993 909 2056 ἀπωλείας
937 1993 1220 2064 ἐρχόμενοι
1267 1994 1405 2058 ὁδὸν,
1448 1994 1850 2065 δεδαπανήκασι

274 2083 373 2150 μὲν
410 2085 496 2136 ἐπ’
532 2084 704 2137 οὐδενὶ
745 2085 852 2138 τῶν
881 2087 1167 2156 χρησίμων
1205 2085 1306 2148 τὰς
1351 2085 1452 2156 τῆς
1482 2085 1662 2157 ψυχῆς
1701 2086 1854 2139 εὐτο-

266 2173 406 2239 νίας,
465 2175 622 2247 δῆλον
671 2177 728 2230 δὲ
775 2177 856 2232 ὃτι
909 2176 1007 2240 τάς
1053 2176 1271 2247 νοητὰς,
1326 2178 1639 2247 κεκμήκασι
1688 2176 1744 2230 δὲ
1789 2176 1850 2229 οὑ

274 2270 527 2342 μετρίως,
591 2271 676 2323 ἐπ’
730 2269 996 2340 ὀλεθρίοις
1059 2270 1348 2340 πράγμασι
1404 2268 1681 2338 τιθέμενοι
1753 2267 1853 2331 τὰς

248 2360 527 2423 σπουδάς.
558 2360 630 2412 ’Ἡ
661 2359 803 2428 τάχα
827 2376 928 2411 που
961 2357 1056 2410 καὶ
1086 2358 1371 2421 πολυοδίας
1401 2358 1459 2410 ὲν
1479 2356 1688 2420 τούτοις
1718 2357 1853 2428 φησὶ

268 2452 329 2505 τὸ
355 2453 440 2506 ἀεὶ
473 2435 830 2521 μεθίστασθαι
859 2449 995 2519 πρὸς
1038 2449 1196 2512 θεοὺς
1224 2449 1466 2519 ἐτέρους,
1499 2447 1594 2502 καὶ
1619 2447 1728 2502 τῶν
1753 2448 1851 2518 μὲν

271 2543 373 2613 ἤδη
419 2540 838 2612 πεπορισμένων
884 2540 1187 2607 ὀλιγωρεῖν,
1236 2539 1420 2609 ζητεῖν
1457 2539 1513 2592 δὲ
1555 2540 1682 2603 τοὺς
1721 2539 1850 2610 παρ’

271 2634 476 2704 ἑτέροις
503 2633 662 2694 ὄντας
685 2631 814 2695 τισὶ,
853 2631 944 2684 καὶ
994 2629 1359 2701 καταμεθύειν
1404 2629 1592 2700 ὥσπερ
1637 2629 1849 2700 διαῤῥι-

270 2725 594 2794 πτουμένοις
641 2723 938 2794 πανταχοῦ,
985 2722 1216 2794 ἔρεισμα
1260 2739 1318 2774 τε
1382 2723 1472 2775 καὶ
1521 2723 1851 2776 κατάστασιν

270 2818 373 2872 οὐκ
424 2818 568 2888 ἔχειν
617 2818 707 2870 τὸν
741 2818 798 2869 ἐν
844 2817 1024 2879 αὐτοῖς
1075 2816 1204 2870 ὄντα
1246 2814 1391 2870 νοῦν.
1454 2815 1750 2884 Συμϐαίνει
1795 2815 1851 2867 δὲ

270 2909 429 2963 τοῦτο
461 2911 691 2979 πάσχειν
733 2910 883 2978 ἡμᾶς
939 2908 1033 2963 καὶ
1061 2910 1117 2962 ὲν
1153 2910 1271 2972 ταῖς
1302 2909 1551 2970 ἐκτόποις
1589 2907 1695 2960 τῶν
1726 2906 1850 2976 ἡδο-

270 2998 398 3053 νῶν.
442 2998 802 3068 Ἀποςρέρεται
825 2996 932 3068 γὰρ
957 2999 984 3050 ό
1014 2998 1139 3060 νοῦς
1169 2997 1281 3050 ἔσθ’
1303 3000 1390 3054 ὅτε
1418 2998 1552 3069 πρὸς
1579 2999 1686 3050 πᾶν
1712 2992 1852 3058 εἶδος

270 3089 632 3161 ἀκαθαρσίας,
664 3090 754 3143 καὶ
784 3090 911 3143 ποτὲ
944 3090 1042 3160 μὲν
1075 3089 1137 3142 τὸ
1172 3091 1426 3144 πλουτεῖν
1456 3091 1688 3154 ἐπαινεῖ,
1721 3087 1851 3140 ποτὲ

267 3181 326 3236 δὲ
361 3180 565 3253 σαρκὸς
609 3183 732 3252 ἐρᾷ,
781 3181 876 3234 καὶ
913 3180 1069 3249 δόξης
1118 3181 1346 3251 ἡττᾶται
1377 3180 1558 3251 κενῆς,
1600 3179 1694 3232 καὶ
1740 3174 1850 3232 οἷον

1955 2011 2070 2061 vos,
2105 1995 2304 2050 mentis
2333 1995 2772 2062 etintclligentim
2801 1992 3027 2054 scilicet.
3053 2002 3526 2060 consumpserunt.

1953 2087 2297 2142 Laborarunt
2324 2087 2468 2140 haud
2501 2083 2866 2148 mediocriter,
2898 2092 2954 2138 et
2987 2085 3038 2137 in
3077 2084 3235 2138 rebus
3260 2084 3531 2152 pernicio-

1953 2177 2028 2230 sis
2059 2174 2237 2230 studia
2274 2183 2588 2245 posuerunt.
2623 2174 2718 2228 Vel
2767 2173 3016 2228 fortassis
3055 2173 3170 2228 vias
3204 2171 3400 2226 multas
3444 2171 3532 2226 hic

1952 2265 2104 2330 dicit,
2141 2279 2354 2334 semper
2389 2264 2454 2318 ad
2483 2264 2617 2319 alios
2664 2265 2794 2320 deos
2837 2264 3141 2326 transferri,
3178 2275 3237 2319 et
3263 2280 3398 2333 quos
3433 2266 3528 2316 ha-

1953 2357 2102 2420 bent,
2125 2365 2493 2418 contemnere,
2526 2364 2579 2409 et
2610 2357 2701 2424 qui
2741 2357 2879 2424 apud
2909 2355 3043 2409 alios
3076 2363 3220 2418 sunt,
3252 2369 3527 2422 quaerere;

1953 2457 2010 2504 et
2039 2448 2183 2504 velut
2212 2448 2394 2503 ebrios
2421 2448 2527 2502 huc
2547 2458 2600 2502 et
2633 2447 2759 2502 illuc
2784 2447 3000 2517 jactari,
3043 2457 3096 2500 et
3139 2446 3297 2503 lixam
3337 2455 3390 2500 et
3417 2457 3528 2499 sta-

1953 2539 2112 2593 bilem
2144 2539 2196 2593 in
2234 2539 2299 2593 iis
2348 2547 2580 2593 mentem
2623 2553 2727 2592 non
2776 2553 2916 2593 esse.
2965 2538 3115 2604 Quod
3155 2539 3316 2592 etiam
3375 2539 3528 2591 nobis

1953 2627 2203 2683 usuvenit
2229 2628 2280 2682 in
2315 2627 2474 2682 foedis
2504 2627 2884 2697 voluptatibus.
2920 2629 3218 2682 Abducitur
3252 2627 3395 2682 enim
3444 2629 3528 2680 in-

1955 2721 2163 2774 terdum
2203 2734 2354 2773 mens
2385 2719 2452 2773 ad
2484 2735 2644 2773 omne
2690 2735 2858 2787 genus
2912 2719 3262 2787 impuritatis,
3324 2726 3378 2772 et
3435 2717 3531 2769 ali-

1951 2812 2167 2878 quando
2193 2811 2372 2866 laudat
2388 2811 2629 2876 divitias,
2655 2812 2942 2881 aliquando
2960 2812 3138 2865 carnis
3161 2811 3337 2864 studia
3363 2821 3528 2874 amat,

1949 2913 2006 2959 et
2034 2903 2181 2958 inani
2209 2902 2378 2972 gloria
2405 2904 2661 2970 vincitur,
2696 2913 2751 2958 et
2779 2911 3035 2974 tanquam
3065 2905 3209 2958 omni
3243 2905 3531 2958 ventocir-

1953 2994 2441 3064 cumfertur,juxta
2463 2995 2513 3048 id
2545 2995 2688 3062 quod
2717 2995 2922 3048 dictum
2954 3003 3036 3049 est
3059 2995 3124 3050 de
3142 2995 3374 3063 quodam
3401 3011 3532 3050 voce

1949 3087 2198 3143 Ieremia:
2237 3107 2249 3141 :
2283 3107 2300 3140 ι
2344 3086 2740 3156 Cupiditatibus
2785 3087 2979 3140 anima:
3017 3088 3168 3156 quasi
3221 3097 3381 3143 vento
3413 3089 3530 3160 agi--

1954 3189 2062 3234 tata
2094 3190 2179 3236 est
2205 3199 2220 3236 :
2247 3181 2444 3234 tradita
2473 3189 2576 3244 est,
2608 3179 2730 3248 quis
2786 3189 3066 3234 convertet
3093 3181 3252 3234 eam?
3285 3199 3303 3232 ι
3335 3182 3526 3234 Anima

271 3274 436 3326 παντὶ
464 3272 741 3343 πνεύματι
787 3272 1170 3342 περιφέρεται,
1200 3273 1344 3327 κατά
1372 3289 1435 3341 γε
1463 3272 1525 3325 τὸ
1559 3273 1848 3343 εἰρημένον

1952 3271 2097 3326 enim
2128 3285 2248 3341 quae
2272 3271 2372 3325 hoc
2398 3284 2556 3341 passa
2587 3278 2690 3336 est,
2721 3271 2966 3324 tradetur
2996 3283 3210 3339 semper
3247 3269 3531 3340 perturba-

265 3364 355 3418 διά
395 3364 582 3433 φωνῆς
640 3365 908 3436 Ἰερεμίου
951 3365 1082 3435 περί
1118 3382 1262 3428 τινος
1287 3381 1300 3395 ο
1339 3382 1358 3414 ‹
1399 3363 1487 3417 Ἐν
1532 3365 1850 3434 ἐπιθυμίαις

264 3455 446 3526 ψυχῆς
474 3455 646 3527 αὐτῆς
677 3457 1234 3527 ὲπνευματοςρορεῖτο⁸
1282 3454 1577 3526 παρεδόθη,
1618 3455 1701 3519 τίς
1729 3456 1850 3508 ἐπι-

268 3549 488 3620 στρέψει
505 3550 674 3618 αὐτήν
698 3567 746 3616 ς»
771 3549 836 3602 Ἦ
850 3547 959 3619 γὰρ
986 3546 1146 3602 τοῦτο
1169 3547 1421 3602 παθοῦσα
1447 3546 1595 3618 ψυχὴ
1613 3545 1849 3619 παραδο-

268 3639 495 3712 θήσεται
531 3641 752 3705 πάντως
801 3643 920 3703 ταῖς
947 3639 1057 3693 τῶν
1099 3639 1290 3694 παθῶν
1336 3639 1660 3711 προσϐολαῖς
1686 3657 1698 3668 ·
1756 3640 1850 3694 καὶ

264 3732 423 3788 τοῦτο
445 3732 684 3786 διδάσκει
717 3732 892 3800 λέγων
921 3733 951 3784 ὁ
980 3732 1414 3802 Παροιμιαστήςο
1450 3750 1469 3784 ι
1494 3731 1706 3785 Σκολιοὶ
1739 3732 1849 3802 γὰρ

263 3824 518 3894 λογισμοὶ
565 3823 890 3894 χωρίζουσιν
975 3823 1084 3876 άπὸ
1140 3821 1314 3889 Θεοῦ,
1387 3823 1482 3875 καὶ
1532 3823 1849 3892 ρεμϐασμδς

267 3914 566 3985 ἐπιθυμίας
580 3913 904 3986 μεταλλεύει
925 3913 1050 3970 νοῦν
1077 3913 1468 3983 ἄκακον.›Χρὴ
1499 3914 1677 3968 τοίνυν
1704 3915 1850 3985 ἡμᾶς

266 4008 646 4081 ἀνασειράζειν
669 4008 762 4062 τὸν
803 4007 949 4074 νοῦν,
992 4008 1040 4060 εί
1069 4006 1133 4078 δὴ
1167 4005 1408 4076 βούλοιτό
1445 4024 1561 4070 πως
1606 4005 1850 4076 ἀσχέτως

270 4100 404 4154 ίέναι
449 4101 590 4154 κατὰ
623 4099 859 4170 πετρῶν,
906 4098 1001 4154 καὶ
1041 4101 1161 4164 ταῖς
1199 4099 1310 4153 τῶν
1348 4097 1551 4169 ἡδονῶν
1595 4097 1850 4165 ὲκτόποις

264 4190 561 4261 ἐφήδεσθαι
585 4207 646 4244 τε
689 4190 784 4243 καὶ
830 4189 1059 4261 ὁμιλεῖν,
1092 4189 1177 4244 ἵνα
1213 4189 1289 4261 μὴ
1339 4189 1532 4259 καμὼν
1575 4189 1641 4242 ἐκ
1689 4189 1852 4242 πολυη

262 4280 414 4344 οδίας
445 4279 679 4352 θήρωμα
722 4279 949 4350 γένηται
1002 4279 1326 4336 διαϐολικόν.
1357 4279 1520 4332 Ταῦτ’
1551 4274 1645 4332 οῦν
1692 4281 1850 4352 ποιή-

265 4392 426 4437 σασα,
465 4374 650 4446 φησὶν,
692 4368 737 4428 ὦ
777 4373 1154 4444 Ἰερουσαλὴμ,
1198 4374 1298 4426 οὐκ
1331 4371 1512 4438 εἶπας·
1561 4374 1848 4442 Παύσομαι

261 4466 604 4537 ἐνισχύουσα,
665 4466 962 4530 τουτέστιν,
1033 4467 1133 4520 οὐκ
1183 4465 1457 4535 ἀνέκοψας
1504 4468 1617 4528 τοῖς
1662 4464 1846 4518 ἐπιλο-

260 4561 478 4627 γισμοῖς
501 4559 600 4628 τὴν
638 4559 731 4613 ἐπὶ
766 4558 836 4612 τά
869 4557 1065 4628 αἰσχίω
1098 4556 1347 4627 πρόοδον,
1384 4557 1447 4609 οὐ
1493 4557 1848 4626 μεμέτρηκας

1953 3362 2158 3417 tionum
2215 3362 2852 3432 impressionibus:quod
2904 3361 3061 3416 docet
3135 3360 3528 3426 Parmmiasta,

1951 3457 2135 3512 dicens
2156 3473 2169 3510 :
2190 3473 2208 3508 ι
2233 3453 2418 3510 Prava:
2432 3455 2574 3512 enim
2600 3454 2951 3523 cogitationes
2977 3465 3231 3524 separant
3249 3474 3274 3513 a
3301 3456 3407 3510 Deo
3429 3457 3520 3523 ⁸-³,

1949 3558 2006 3601 et
2032 3547 2398 3604 inconstantia
2432 3547 2743 3617 cupiditatis
2778 3548 3130 3600 transversim
3185 3549 3326 3617 rapit
3378 3565 3528 3602 men-

1953 3648 2060 3692 tem
2092 3639 2434 3694 innocentem
2469 3639 2510 3692 δ.
2551 3657 2571 3691 ›
2625 3637 2966 3694 Retrahenda
3020 3648 3103 3694 est
3164 3641 3326 3710 igitur
3375 3641 3532 3696 nobis
3583 3625 3586 3627 Δ

1951 3744 2126 3796 mens,
2158 3731 2204 3785 si
2226 3732 2358 3786 velit
2383 3731 2436 3784 in
2473 3745 2636 3800 rupes
2665 3746 2905 3800 praeceps
2931 3733 3030 3796 ire,
3069 3742 3124 3788 et
3164 3731 3320 3788 ftedis
3345 3733 3526 3787 exsul-

1953 3821 2482 3892 tarevoluptatibns,
2529 3826 2744 3894 illisque
2779 3828 3090 3893 assuefieri;
3134 3844 3217 3892 ne,
3260 3829 3307 3882 si
3344 3829 3529 3882 multis

1950 3910 2104 3966 hisce
2141 3913 2245 3967 viis
2290 3913 2579 3984 defatigata
2625 3917 2718 3979 sit,
2753 3918 2930 3986 praeda
2981 3917 3074 3970 liat
3121 3917 3343 3991 diaboli.
3398 3916 3523 3972 Hmc

1951 4001 2136 4072 igitur,
2169 4003 2365 4073 inquit,
2395 4019 2516 4058 cum
2551 4004 2749 4071 fecisti,
2777 4021 2808 4061 ο
2833 4005 3154 4075 Jerusalem,
3181 4024 3287 4062 non
3318 4008 3524 4072 dixisti,

1942 4095 2195 4152 Desinant
2228 4095 2558 4162 confortata,
2598 4097 2647 4151 id
2682 4107 2785 4165 est,
2819 4113 3032 4152 cursum
3067 4100 3207 4153 hunc
3233 4099 3284 4152 in
3320 4100 3526 4168 turpio—

1950 4201 2034 4251 ra,
2063 4189 2452 4256 posterioribus
2500 4189 2740 4246 consiliis
2782 4189 2948 4267 804
3002 4205 3104 4245 non
3165 4191 3524 4260 interrupisti,

1951 4279 2236 4346 apostasia:
2266 4281 2482 4335 modum
2515 4296 2622 4335 non
2663 4280 2986 4349 imposuisti,
3021 4281 3259 4335 studium
3293 4283 3357 4335 ad
3387 4283 3524 4336 mala

1949 4384 2058 4426 non
2094 4371 2422 4437 exstinxisti,
2451 4372 2547 4427 sed
2587 4371 2778 4442 majori
2831 4373 3180 4428 contentione
3208 4373 3522 4442 incubuisti,

1950 4472 2100 4516 utea
2130 4461 2336 4517 faceres
2384 4479 2502 4532 qum
2533 4478 2600 4520 ne
2645 4465 2816 4533 primo
2859 4465 3073 4533 quidem
3117 4475 3357 4536 tempore
3409 4467 3522 4522 fieri

1949 4552 2285 4609 debuissent.
2309 4552 2490 4608 Animi
2519 4556 2664 4610 enim
2688 4555 2772 4610 vel
2800 4557 3142 4612 mediocriter
3169 4558 3524 4628 intelligentis

258 4647 360 4718 τὴν
407 4647 728 4711 ἀπόστασιν,
787 4649 848 4700 οὐ
899 4646 1204 4709 κατέλυσας
1262 4645 1361 4715 τὴν
1413 4646 1495 4708 είς
1548 4645 1616 4699 τὰ
1664 4645 1846 4714 φαῦλα

1951 4643 2184 4700 ollicium
2210 4653 2313 4709 est,
2340 4649 2535 4702 erratis
2563 4656 2616 4701 et
2636 4658 2861 4716 peccato
2905 4648 3045 4704 nolle
3085 4650 3380 4720 implicari;
3438 4652 3522 4702 sin

260 4735 520 4805 σπουδὴν,
557 4737 832 4790 ἐπίκεισαι
866 4736 923 4788 δὲ
958 4736 1160 4806 μᾶλλον
1201 4735 1558 4806 ἐντονώτερον
1595 4735 1674 4806 τῷ
1708 4737 1842 4807 δρᾷν

259 4827 488 4888 ἐθέλειν,
529 4827 566 4881 ἃ
605 4829 744 4899 χρῆν
777 4827 841 4899 δή
874 4847 975 4882 που
1026 4830 1162 4900 μηδὲ
1202 4828 1452 4898 γενέσθαι
1497 4830 1597 4901 τὴν
1645 4830 1838 4900 ἀρχήν.

258 4914 454 4984 Ψυχῆς
490 4913 589 4984 μὲν
627 4915 736 4986 γὰρ
758 4914 918 4986 ἔργον
951 4917 1086 4982 ἐστὶ,
1116 4915 1219 4970 κάν
1243 4917 1375 4986 γοῦν
1413 4917 1642 4987 μετρίαν
1685 4917 1842 4987 ἐχού-

259 5019 362 5074 σης
384 5003 619 5070 σύνεσιν,
647 5003 706 5056 τὸ
733 5006 808 5076 μὴ
851 5004 1050 5059 ἁλῶναι
1084 5005 1258 5060 θέλειν
1287 5007 1575 5077 αίτιάμασι
1617 5009 1730 5070 τοῖς
1761 5007 1842 5071 είς

258 5093 573 5166 ἁμαρτίανο
621 5095 670 5148 εί
725 5095 784 5148 δὲ
826 5095 890 5167 δή
928 5113 1031 5150 που
1085 5097 1296 5166 γένοιτο
1333 5098 1426 5152 καὶ⁵
1459 5098 1652 5152 παθεῖν
1685 5097 1838 5161 αὐτὸ,

259 5185 365 5239 κᾶν
391 5181 524 5253 γοῦν
550 5185 766 5242 ἑλέσθαι
800 5192 1100 5258 μετανοεῖν,
1134 5191 1222 5243 καὶ
1252 5190 1340 5245 διὰ
1364 5191 1462 5263 τὴς
1490 5193 1573 5255 είς
1603 5191 1662 5244 τὸ
1684 5191 1841 5260 ἀμει-

257 5291 351 5328 νον
388 5275 699 5347 ἀναδρομῆς
726 5279 1297 5336 ἀποσκευάσασθαιτά
1325 5282 1666 5352 ἐγκλήματα.
1698 5283 1760 5334 El
1781 5282 1839 5334 δὲ

256 5365 506 5436 ἀσχέτως
534 5369 898 5440 καταφέροιτο
922 5371 1059 5442 πρὸς
1083 5372 1150 5426 τὰ
1179 5373 1394 5442 αἰσχίω,
1430 5373 1744 5442 παραιτοῖτό
1782 5390 1840 5427 τε

255 5456 671 5528 προσεπιτούτῳ
687 5459 748 5511 τὸ
769 5460 965 5530 χρῆναι
993 5463 1642 5535 μετανοεῖν,προσὲθηκεν
1665 5464 1841 5534 ἁμαρ-

254 5547 379 5602 τίαν
407 5549 494 5618 ὲφ⁸
527 5550 792 5623 ἁμαρτίᾳ,
826 5553 1171 5624 ἀρρώστημα
1210 5555 1267 5608 δὲ
1307 5557 1393 5608 ἐπ’
1444 5555 1840 5626 άρῤωστήματι

256 5635 538 5692 παθοῦσαν
566 5640 737 5711 αὐτὴν
767 5640 975 5695 ἔνεστιν
1003 5642 1152 5699 ἰδεῖν.
1195 5646 1440 5700 Αἰτιᾶται
1469 5645 1596 5713 γοῦν
1629 5646 1751 5708 τοὺς
1783 5649 1839 5697 ὲν

1949 4736 2054 4795 hoc
2097 4736 2214 4792 ﬁeri
2262 4740 2559 4808 contingat,
2595 4738 2730 4792 velle
2769 4737 2959 4793 saltem
2992 4740 3329 4808 resipiscere,
3358 4750 3410 4794 et
3443 4756 3525 4793 τες

1949 4842 2112 4883 cursu
2142 4830 2208 4888 ad
2245 4829 2465 4884 meliora
2499 4830 2681 4885 delere
2715 4829 2966 4884 crimina.
3001 4829 3095 4884 Sin
3128 4831 3388 4900 praecipiti
3423 4830 3521 4884 im;

1948 4927 2072 4986 petu
2105 4919 2172 4973 ad
2236 4921 2475 4989 turpiora
2523 4920 2878 4988 devolvatur,
2929 4931 3250 4993 recusetque
3304 4923 3523 4991 insuper

1950 5008 2311 5078 resipiscere:
2352 5021 2632 5079 peccaturo
2657 5011 2873 5066 additur
2911 5023 3153 5080 peccato,
3195 5020 3249 5066 et
3276 5011 3521 5066 morbum

1948 5099 2134 5155 videas
2166 5101 2354 5154 morbo
2383 5100 2666 5156 accedere.
2697 5103 2932 5158 Accusat
2972 5103 3155 5171 itaque
3200 5117 3293 5155 eos
3335 5102 3424 5169 qui
3468 5102 3520 5153 in

1947 5187 2034 5243 his
2060 5188 2355 5244 sceleribus
2381 5198 2685 5254 versantur,
2716 5192 3091 5246 universorum
3125 5189 3285 5255 Deus,
3340 5199 3395 5244 et
3439 5190 3524 5244 in-

1948 5280 2108 5348 quit:
2147 5298 2164 5331 ι
2200 5278 2337 5332 Num
2383 5279 2473 5347 qni
2529 5281 2695 5346 cadit,
2753 5297 2861 5334 non
2916 5279 3198 5351 resurget?
3249 5297 3372 5334 num
3427 5285 3518 5349 qui

1949 5384 2173 5425 aversus
2196 5381 2298 5435 est,
2331 5387 2436 5424 non
2471 5373 2808 5425 revertetur?
2837 5373 3016 5438 Quare
3053 5386 3279 5426 aversus
3309 5383 3388 5424 cst
3421 5387 3517 5440 po-

1948 5464 2105 5532 pulus
2135 5463 2222 5517 hic
2262 5463 2544 5517 aversione
2589 5463 2916 5530 impudente,
2953 5472 3007 5517 et
3053 5461 3356 5517 confirmati
3393 5470 3520 5517 sunt

1950 5553 2002 5605 in
2028 5553 2306 5608 voluntate
2330 5569 2448 5618 sua,
2488 5562 2540 5606 et
2569 5553 2855 5606 noluerunt
2881 5553 3077 5606 reverti
3108 5551 3168 5604 '?
3210 5570 3228 5602 ι
3258 5552 3361 5606 Sed
3389 5552 3514 5621 quia

1951 5644 2062 5696 Ita2c
2093 5643 2289 5708 fecisti,
2321 5645 2511 5714 inquit,
2557 5651 2841 5714 propterea
2884 5659 2990 5698 non
3033 5642 3380 5713 interrOgasti
3411 5656 3514 5694 ηιο.

334 5815 351 5848 ⁸
387 5816 488 5872 lsa.
527 5833 564 5886 ι,
596 5816 651 5874 2.
731 5821 807 5860 ’-³
841 5821 1002 5875 Prov.
1039 5837 1126 5886 xv,
1165 5823 1254 5877 23.
1303 5824 1320 5854 ⁸
1356 5825 1481 5895 Sap.
1527 5841 1598 5890 tv,
1637 5824 1716 5877 1‘2.
1793 5825 1813 5855 ⁵

1955 5840 2111 5891 .vttt,
2159 5826 2199 5878 ί.

533 5995 564 6012 δ
