4092 6296
581 421 719 480 1:37
1600 436 1659 491 S.
1700 434 1973 493 CYRILLI
2009 433 2479 491 ALEXANDRINI
2522 434 2841 491 ARCHIEP.
3697 433 3850 491 ηδε

584 539 644 591 At
678 554 801 594 cum
834 547 938 593 tam
967 539 1105 596 imda
1136 548 1189 596 et
1222 543 1576 602 abominanda
1619 550 1795 607 facere
1835 566 1997 607 ausus
2045 550 2132 618 sis,

2247 550 2461 614 τούτοις
2502 550 2664 614 ὄντας
2701 553 2729 605 ὁ
2764 550 2873 603 τῶν
2909 551 3045 604 ὅλων
3089 551 3244 616 Θεὸς,
3283 550 3377 605 καί
3426 565 3580 621 φησι·
3623 568 3642 600 ι
3669 549 3763 620 Μὴ
3810 552 3846 603 6

578 646 645 684 an
683 647 785 684 Ιιοη
819 632 1101 700 Oportebat
1132 649 1320 704 preces
1350 638 1593 705 fundere,
1622 651 1675 696 et
1717 658 1745 697 a
1783 644 1893 698 Deo
1931 642 2132 698 miseri-

2252 644 2466 697 πίπτων
2486 643 2587 698 οὐκ
2604 643 2887 697 ἀνίσταται
2913 662 2927 710 ;
2958 644 2991 715 ἢ
3025 645 3055 697 6
3075 644 3437 715 ἀποστρέφων
3455 633 3847 713 σῦκ’ἐπιστρᾶ-

581 722 816 777 ι-οιὰἱοηι
847 724 1067 792 petere?
1097 725 1340 799 Suscipit
1367 733 1509 787 enim
1539 725 1632 789 eos
1664 735 1754 805 qui
1786 736 1968 790 volunt
2014 735 2132 791 resi.

2250 749 2377 802 (pst;
2438 731 2581 786 διατί
2632 731 2976 803 ἀπέστρεψεν
3008 734 3037 786 6
3086 732 3215 796 λαὸς
3268 728 3423 796 οὗτος
3476 732 3843 802 ἀποστροφὴν

579 815 806 880 piscere,
834 813 1006 871 bonus
1044 828 1233 873 natura
1268 837 1388 876 cum
1430 824 1522 888 sil,
1547 827 1710 895 etqui
1744 827 1890 882 novit
1927 826 2132 897 figmen‘

2250 824 2462 893 ἀναιδῆ,
2486 822 2583 877 καὶ
2612 821 3097 895 κατεκρατήθησαν
3117 826 3173 876 ἐν
3196 826 3261 894 τῇ
3286 824 3605 894 προαιρέσει
3628 822 3842 884 αὐτῶν.

582 913 692 957 tum
727 913 970 960 nostrum
1006 907 1220 975 “,juxta
1252 911 1301 964 id
1353 915 1494 981 quod
1540 917 1799 985 scriptum
1849 926 1952 972 est.
2006 918 2132 971 Dixit

2249 914 2340 967 καὶ
2364 914 2464 967 οὐκ
2497 913 2774 984 ἠθέλησαν
2795 913 2889 967 τοῦ
2928 913 3255 984 ἐπιστρέψαι
3282 931 3297 980 ;
3326 934 3343 965 ι
3384 914 3524 966 Ἀλλ’
3545 916 3628 967 ὅτι
3654 912 3843 966 ταῦτα

581 995 747 1066 igitur
775 1011 870 1065 per
893 1014 1056 1052 unum
1088 1015 1118 1055 e
1143 1003 1345 1057 sanctis
1368 1005 1643 1075 prophetis
1676 1025 1689 1061 :
1721 1026 1739 1059 ι
1771 1006 2132 1073 Revertimini,

2249 1009 2559 1079 πέπρακας,
2597 1007 2753 1078 φησὶ,
2787 1006 2876 1060 διά
2903 1006 3061 1060 τοῦτο
3087 1008 3147 1060 οὺ
3170 1006 3502 1077 κατεδεήθης
3538 1022 3664 1075 μου.
3695 1005 3845 1059 Καί-

582 1085 694 1149 lilii,
740 1099 1089 1154 revertentes,
1128 1101 1181 1144 et
1224 1095 1425 1149 sanabo
1455 1097 1809 1154 contritiones
1839 1108 2067 1154 vestras.
2120 1117 2132 1151 ι

2246 1116 2327 1153 τοι
2362 1099 2480 1162 πῶς
2509 1098 2570 1151 οὐ
2602 1099 2802 1169 μᾶλλον
2842 1098 3029 1169 ἐχρῆν,
3064 1097 3252 1168 ἐπειδὴ
3300 1097 3369 1150 τά
3415 1095 3586 1159 οὕτως
3623 1097 3845 1166 αίσχρὰ

581 1178 849 1234 Extrema;
874 1180 1036 1251 igitur
1066 1184 1347 1239 dementiae
1379 1187 1633 1242 indicium
1666 1198 1770 1255 est,
1802 1197 1856 1244 et
1880 1190 2132 1246 omnimo-

2247 1189 2341 1243 καλ⁸
2404 1189 2687 1260 ἀπόϐλητα
2732 1188 2926 1260 δράσαι
2977 1170 3350 1258 τετόλμηκαξ,
3409 1188 3684 1241 ἀνατεῖναι
3730 1187 3845 1252 τὰς

496 1342 501 1347 ε
577 1270 659 1323 (ιω
683 1272 1009 1337 aversionis,
1034 1282 1091 1327 ut
1125 1276 1214 1343 qui
1258 1276 1309 1329 in
1342 1285 1418 1330 tot
1448 1278 1604 1333 malis
1629 1281 1825 1334 versati
1869 1288 2017 1344 sunt,
2046 1281 2132 1335 de-

2250 1282 2549 1354 ἱκετηρίας,
2582 1280 2804 1351 αίτῆσαί
2835 1296 2896 1332 τε
2922 1280 3076 1351 παρά
3099 1279 3234 1333 Θεοῦ
3263 1279 3356 1332 τδν
3395 1279 3581 1344 ἔλεον;
3610 1278 3844 1348 δέχεται

579 1361 869 1429 dignentur
890 1378 919 1415 a
951 1361 1060 1419 Deo
1090 1365 1515 1420 misericordiam
1545 1368 1854 1436 implorare,
1899 1384 2020 1424 cum
2051 1385 2132 1424 er-

2246 1373 2355 1443 γάρ
2383 1373 2510 1437 τοὺς
2541 1375 2826 1443 μετανοεῖν
2858 1371 3163 1435 ἐθέλοντας,
3194 1370 3394 1439 ἀγαθὸς
3413 1368 3490 1423 ὢν
3520 1368 3706 1438 φύσει,
3735 1369 3844 1422 καὶ

579 1460 819 1505 ratorum
851 1453 1211 1511 confessione.
1252 1455 1520 1526 Scriptum
1554 1468 1634 1512 est
1664 1458 1806 1512 enim
1843 1477 1856 1513 :
1892 1477 1911 1511 ι
1969 1460 2062 1515 Dic
2089 1468 2132 1514 tu

2246 1463 2400 1527 εἰδὼς
2435 1463 2497 1516 τὺ
2532 1464 2759 1534 πλάσμα
2783 1462 2960 1533 ἡμῶν,
2994 1462 3135 1517 κατά
3155 1462 3216 1514 τὸ
3239 1461 3645 1533 γεγραμμένον.
3683 1463 3841 1531 Ἔφη

575 1553 793 1608 peccata
826 1551 915 1597 tua
947 1547 1111 1613 prior,
1143 1554 1200 1600 ut
1223 1546 1538 1616 justiticeris
1565 1549 1606 1602 ".
1647 1568 1666 1601 ι
1702 1548 1889 1604 Psallit
1921 1551 2132 1620 quidam

2245 1554 2375 1624 γοῦν
2399 1555 2465 1607 δι’
2486 1555 2603 1617 ἐνὸς
2641 1554 2744 1606 τῶν
2771 1553 2940 1622 ἁγίων
2976 1553 3290 1623 προφητῶν-
3326 1571 3345 1603 ι
3395 1552 3838 1624 Ἐπιστράφητε,

573 1635 760 1702 etiam,
785 1646 839 1691 et
866 1636 1038 1705 inquit
1071 1653 1085 1691 :
1129 1656 1147 1689 ι
1182 1638 1323 1706 Dixi,
1357 1638 1667 1695 Enuntiabo
1692 1650 1884 1696 contra
1920 1657 2004 1696 me
2036 1642 2132 1696 ini-

2245 1644 2370 1707 υἱοὶ,
2403 1642 2843 1714 ἐπιστρέφοντες,
2893 1641 2989 1695 καὶ
3043 1642 3267 1711 ἰάσομαι
3313 1640 3384 1694 τά
3439 1642 3842 1713 συντρίμματα

574 1728 832 1795 quitatem
856 1743 1028 1783 meam
1058 1730 1323 1785 Domino:
1362 1740 1414 1785 et
1443 1742 1495 1785 tu
1527 1732 1778 1787 remisisti
1810 1733 2132 1803 impietatem

2243 1734 2415 1806 ὑμῶν.
2432 1755 2450 1787 ι
2470 1733 2755 1797 Ἀπονοίας
2785 1728 2876 1787 οὖν
2906 1731 3178 1797 ἀπόδειξις
3203 1732 3302 1802 τῆς
3322 1733 3559 1803 ἐσχάτης
3604 1734 3705 1787 καὶ
3729 1734 3842 1803 τῆς

573 1820 753 1874 cordis
777 1819 878 1873 mei
913 1819 954 1874 ⁸.
989 1821 1023 1871 ι’
1039 1818 1132 1875 Usi
1167 1828 1291 1876 sunt
1314 1829 1490 1878 autem
1521 1821 1689 1878 Judaei
1731 1824 1940 1878 ratione
1969 1824 2132 1879 imbe-

2242 1827 2927 1900 εἰσάπανάποστροφῆς,τὸ
2939 1829 2997 1879 ἐν
3022 1830 3214 1891 κακοῖς
3237 1827 3500 1897 γεγονότα
3524 1828 3837 1895 τοσούτοις,

572 1908 695 1964 cilia
720 1919 773 1965 et
802 1910 1041 1977 inﬁrma,
1067 1925 1128 1965 ac
1160 1911 1312 1982 plena
1363 1912 1699 1983 ignorantia.
1742 1913 2132 1971 Persuadeban-

2248 1917 2323 1989 μὴ
2360 1916 2691 1988 ἀνασχέσθαι
2737 1917 2890 1985 παρά
2939 1915 3076 1968 θεοῦ
3124 1916 3216 1969 καὶ
3267 1916 3397 1983 γοῦν
3446 1915 3509 1969 τὸ
3556 1916 3838 1970 ἐλεεῖσθαι

574 2008 662 2052 tur
683 1999 827 2054 enim
856 2002 1088 2056 deiicere
1121 2017 1149 2054 a
1178 2001 1285 2056 Deo
1314 2002 1550 2067 vivente,
1580 2012 1637 2058 et
1670 2005 1737 2059 ad
1785 2005 1913 2060 deos
1940 2004 2132 2060 alienos

2245 2005 2429 2075 ζητεῖν
2461 2005 2598 2076 μετά
2616 2006 2717 2076 τῆς
2750 2006 2859 2059 τῶν
2889 2003 3245 2073 πταισμάτων
3276 2004 3587 2073 ὁμολογίας.
3618 2005 3838 2075 Γέγρα-

571 2091 863 2159 declinare,
918 2095 1060 2163 quod
1101 2094 1425 2165 Babylonica
1469 2096 1616 2152 acies
1653 2097 1877 2168 jamjam
1918 2107 2132 2153 ventura

2245 2110 2375 2148 πται
2408 2095 2536 2163 γὰρ,
2562 2095 2645 2147 ὅτι
2677 2113 2694 2145 ι
2717 2093 2857 2161 Λέγε
2885 2095 2949 2146 σὺ
2969 2092 3065 2155 τὰς
3095 2091 3326 2162 ἀνομίας
3350 2108 3445 2145 σου
3471 2093 3713 2163 πρῶτος,
3740 2094 3837 2147 ἵνα

571 2185 944 2240 nuntiabatur.
982 2184 1109 2252 Sed,
1147 2200 1179 2239 ο
1210 2187 1489 2256 insipiens,
1522 2189 1714 2257 inquit,
1740 2204 1899 2259 quem
1950 2190 2132 2246 timens

2241 2183 2799 2255 δικαιωθῇς.»Ψάλλει
2816 2184 2873 2238 δέ
2897 2201 3003 2248 τις,
3030 2185 3123 2237 καί
3152 2200 3374 2255 φησιν’(
3394 2179 3556 2237 Είπα·
3597 2184 3837 2254 Ἐξαγο-

568 2276 857 2341 perterrita
892 2290 973 2342 es,
1006 2285 1063 2332 et
1093 2277 1317 2332 mentita
1352 2292 1412 2334 es
1438 2279 1564 2333 mihi
1590 2280 1614 2333 ?
1645 2278 1820 2335 Homo
1848 2289 1930 2337 est
1963 2281 2132 2352 Baby-

2246 2276 2422 2347 ρεύσω
2455 2278 2575 2330 κατ’
2605 2275 2740 2345 ἐμοῦ
2782 2276 2880 2345 τὴν
2927 2275 3158 2344 ἀνομίαν
3205 2292 3305 2345 μου
3341 2274 3418 2345 τῷ
3463 2275 3679 2345 Κυρίιιν
3734 2278 3838 2329 καὶ

569 2366 832 2421 loniorum
877 2376 1155 2438 tyrannus,
1190 2380 1244 2425 et
1268 2386 1379 2440 pra:
1407 2371 1582 2427 divina
1609 2374 1872 2441 potentia,
1920 2376 2132 2430 omnino

2242 2370 2307 2422 σὺ
2351 2369 2569 2439 ἀψῆκας
2609 2368 2710 2439 τὴν
2747 2366 3001 2420 ἀσέϐειαν
3047 2369 3146 2437 τῆς
3188 2366 3415 2437 καρδίας
3442 2382 3573 2436 μου.
3620 2385 3641 2417 ι
3686 2367 3834 2419 Ἀλλ’

568 2457 702 2513 nihil
733 2467 809 2514 est
841 2459 957 2528 ejus
990 2463 1285 2519 exercitus.
1312 2462 1587 2534 Scriptum
1615 2476 1698 2521 est
1725 2466 1867 2520 enim
1901 2466 1964 2521 de
1992 2466 2138 2524 Deo:

572 2571 591 2601 ι
637 2550 736 2618 Qui
792 2552 1032 2608 continet
1073 2555 1257 2611 orbem
1300 2565 1459 2613 terra:
1512 2568 1567 2613 et
1615 2558 1919 2614 habitantes
1953 2561 2005 2613 in
2052 2573 2136 2624 ea,

565 2642 712 2697 velut
734 2645 953 2700 cicadae.
993 2664 1012 2698 ›
1046 2647 1192 2702 Dixit
1223 2663 1410 2703 rursus
1434 2650 1694 2720 pr0pheta
1721 2648 1888 2705 lsaias
1918 2668 1932 2704 :
1970 2669 1988 2701 ι
2012 2651 2140 2705 Om-

565 2748 662 2787 nes
685 2745 892 2803 gentes,
923 2743 978 2790 ut
1014 2737 1153 2791 Stilla
1181 2736 1343 2807 805
1373 2738 1510 2802 cadi,
1546 2746 1601 2792 el
1625 2748 1683 2791 ut
1709 2738 1873 2792 saliva
1922 2750 2140 2807 reputa—

563 2823 790 2889 buntur,
845 2838 909 2879 ac
949 2834 1007 2878 ut
1058 2836 1383 2882 momentum
1438 2837 1655 2883 staterae
1700 2829 2135 2887 aestimabuntur.

561 2914 661 2970 Cui
691 2916 1048 2987 comparastis
1078 2917 1395 2973 Dominum?
1428 2929 1483 2975 et
1515 2921 1599 2975 cui
1635 2922 1972 2977 similitudini
1998 2925 2136 2979 assi-

2239 2456 2310 2532 ἦν
2338 2478 2424 2523 τις
2467 2463 2581 2523 τοῖς
2633 2458 2905 2523 Ἰουδαίοις
2932 2459 3110 2527 λόγος,
3144 2458 3344 2530 σαθρός
3362 2475 3421 2511 τε
3450 2459 3548 2512 καὶ
3574 2458 3831 2523 ἄναλκις.

2241 2550 2337 2604 καὶ
2383 2550 2623 2621 ἀμαθίας
2666 2549 2948 2620 ἔμπλεως’
3000 2549 3320 2603 διετείνοντο
3362 2550 3473 2619 γὰρ
3518 2550 3835 2621 ἀποστῆναι

2239 2641 2349 2694 ἀπὸ
2396 2642 2531 2694 Θεοῦ
2591 2640 2812 2706 ζῶντος,
2872 2640 2966 2693 καὶ
3019 2641 3350 2711 προσ-νεῦσαι
3404 2642 3550 2704 θεοῖς
3594 2642 3832 2712 ἑτέροις,

2238 2734 2471 2804 ἐπείπερ
2504 2734 2687 2797 αὐτοῖς
2727 2736 2755 2787 6
2782 2732 3140 2787 Βαϐυλωνίων
3168 2734 3325 2803 ὄχλος
3353 2734 3429 2796 ὡς
3462 2734 3589 2787 ὅσον
3615 2735 3837 2787 οὐδέπω

2238 2824 2610 2895 παρεσόμενος
2645 2824 3039 2895 ἀπηγγέλλετο.
3056 2824 3215 2888 ’Δλλ’,
3240 2818 3285 2876 ὦ
3308 2824 3644 2895 παράφρων,
3675 2825 3835 2895 φησι,

2235 2915 2359 2967 τίνα
2388 2914 2687 2984 φοϐηθεῖσα
2708 2914 3043 2985 ηὑλαϐήθης,
3074 2915 3168 2968 καὶ
3197 2914 3411 2984 ἐψεύσω
3434 2933 3543 2984 με;
3578 2917 3835 2987 Ἀνθρω-

563 3002 798 3059 tnilastis
840 3018 962 3059 eum
1008 3006 1031 3037 ⁸
1065 3005 1137 3059 τι
1188 3006 1588 3064 Detnentissitni
1636 3009 1798 3080 igitur
1851 3021 1977 3065 sunt
2045 3013 2132 3082 qui

2239 3022 2340 3069 πος
2362 3005 2436 3059 ὢν
2460 3008 2488 3057 ὁ
2516 3006 2874 3060 Βαϐυλωνίων
2903 3005 3187 3076 τύραννος,
3233 3007 3327 3060 καὶ
3365 3007 3443 3070 ὡς
3469 3008 3612 3080 πρός
3638 3025 3705 3075 γε
3732 3007 3833 3079 τὴν

562 3105 838 3151 terrenum
893 3096 1167 3154 hominem
1224 3097 1335 3155 Deo
1394 3099 1669 3156 fortiorem
1727 3112 2026 3171 putarunt,
2083 3111 2132 3157 et

2238 3097 2387 3151 θείαν
2420 3099 2593 3168 ἰσχὺν,
2626 3098 2780 3151 οὐδὲν
2830 3097 3110 3162 παντελῶς
3146 3100 3178 3169 ή
3219 3099 3307 3151 ἐπ’
3354 3099 3507 3169 αὐτῷ
3572 3101 3830 3170 στρατιά.

476 3239 487 3246 ,
559 3189 807 3243 ementiti
835 3197 958 3245 sunt
989 3191 1242 3261 pietatem
1278 3207 1402 3264 erga
1443 3193 1613 3261 illum,
1641 3196 1743 3249 rati
1770 3211 1827 3251 se
1863 3205 2132 3250 servatura

2240 3189 2560 3261 Γέγραπται
2599 3189 2707 3260 γὰρ
2742 3190 2868 3260 περὶ
2889 3188 3059 3243 Θεοῦο
3096 3209 3116 3242 ί
3154 3191 3210 3244 '0
3250 3193 3503 3261 κατέχων
3532 3192 3625 3245 τὸν
3659 3192 3832 3262 γύρον

560 3278 625 3332 iri
653 3293 749 3349 per
773 3295 867 3336 eos
889 3282 978 3351 qui
1007 3298 1109 3337 non
1140 3295 1261 3338 sunt
1307 3285 1401 3339 dii.
1440 3285 1568 3352 Qum
1614 3288 1756 3341 enim
1806 3302 1926 3343 esse
1958 3295 2136 3356 potest

562 3367 764 3424 utilitas
788 3384 852 3423 ex
884 3369 1058 3440 lapide
1085 3381 1138 3426 et
1171 3372 1347 3443 ligno?
1375 3375 1467 3429 Est
1489 3376 1652 3445 igitur
1670 3378 1868 3432 dictum
1889 3380 1954 3433 de
1984 3379 2129 3434 illis:

562 3458 629 3512 Et
657 3459 707 3513 in
740 3468 979 3527 tempore
1016 3463 1277 3517 malorum
1323 3480 1542 3519 suorum
1594 3467 1791 3531 dit-ent,
1853 3468 2023 3540 Surge
2081 3478 2137 3523 et

560 3561 714 3601 serva
746 3561 862 3601 nos.
892 3546 959 3601 Et
980 3549 1068 3602 ubi
1104 3559 1232 3605 sunt
1263 3552 1332 3605 dii
1369 3555 1471 3617 tui,
1509 3569 1643 3623 quos
1671 3554 1841 3611 iecisti
1869 3558 1965 3613 tibi
1999 3559 2134 3628 ipsi?

561 3635 619 3693 Si
653 3647 935 3709 resurgent
961 3642 1254 3696 servabunt
1289 3651 1360 3711 te,
1393 3653 1631 3715 tempore
1662 3645 1962 3705 aﬂlictionis
2006 3658 2130 3704 tum.

559 3726 628 3781 Et
647 3728 860 3783 mentiti
896 3737 1020 3785 sunt
1058 3729 1188 3799 Deo,
1229 3747 1332 3788 non
1367 3737 1546 3790 verbis
1586 3745 1791 3791 tantum
1835 3738 1937 3793 hoc
1977 3740 2136 3795 tacti-

559 3828 757 3887 tantes,
793 3822 886 3877 sed
918 3824 1078 3879 rebus
1110 3824 1255 3894 ipsis.
1287 3824 1599 3895 Cuiusmodi
1625 3837 1707 3883 est
1738 3838 1793 3884 et
1843 3830 1974 3885 illud
2008 3839 2132 3887 tan-

560 3923 673 3968 tum
706 3915 1008 3986 exemplqu
1045 3917 1111 3972 de
1142 3918 1246 3975 illis
1274 3920 1475 3975 dictum
1514 3936 1528 3973 :
1564 3938 1584 3972 ‹
1618 3921 1683 3977 Ει
1725 3924 2032 3993 exspectavi
2077 3934 2133 3980 ut

558 4007 742 4062 ederet
770 4024 947 4076 uvam,
992 4012 1085 4066 sed
1113 4012 1282 4068 edidit
1310 4014 1510 4082 spinas,
1558 4028 1663 4068 non
1698 4014 1991 4085 justitiam,
2037 4017 2131 4072 sed

553 4098 815 4168 judicium
844 4103 908 4157 ι’.
951 4122 969 4156 ι
1008 4103 1152 4159 Dixit
1174 4106 1336 4159 etiam
1365 4105 1579 4160 divinus
1605 4104 1821 4170 Cantor,
1853 4106 1996 4161 velut
2028 4106 2129 4161 sub

560 4206 788 4261 persona
813 4193 1037 4260 Christi,
1069 4195 1134 4250 de
1161 4196 1266 4251 illis
1296 4215 1309 4251 :
1350 4215 1369 4248 ι
1408 4196 1528 4251 Filii
1562 4197 1722 4252 alieni
1763 4197 1972 4252 mentiti
2005 4205 2130 4251 sunt

556 4283 713 4346 mihi,
744 4293 798 4340 et
833 4284 925 4341 lilii
951 4286 1112 4342 alieni
1146 4287 1429 4343 inveterati
1455 4296 1599 4355 sunt,
1618 4297 1672 4343 et
1694 4288 2132 4345 claudicaverunt

556 4389 585 4425 a
614 4375 821 4431 semitis
855 4376 968 4432 suis
996 4380 1061 4432 ”.
1096 4395 1115 4430 ι

2239 3282 2338 3352 τῆς
2374 3281 2499 3351 γῆς·
2541 3281 2635 3334 καὶ
2664 3283 2713 3333 οἱ
2753 3280 3091 3344 ἐνοικοῦντες
3131 3282 3189 3333 ἐν
3229 3281 3368 3351 αὐτῇ
3407 3281 3485 3344 ὡς
3529 3282 3777 3351 ἀκρίδες.
3805 3299 3825 3331 s

2243 3374 2389 3444 Ἔφη
2437 3373 2494 3427 δὲ
2524 3372 2686 3427 πάλιν
2716 3373 2745 3425 6
2790 3374 3074 3443 προφήτης
3122 3372 3348 3436 Ἡσαΐας
3372 3388 3418 3424 ’1
3447 3373 3510 3426 Ei
3533 3373 3712 3426 πάντα
3757 3372 3832 3426 τά

2240 3465 2368 3536 ἔθνη
2390 3465 2466 3529 ὡς
2500 3465 2714 3534 σταγὼν
2739 3466 2846 3520 ἀπὸ
2883 3466 3068 3529 κάδου,
3103 3467 3199 3519 καὶ
3230 3466 3306 3529 ὡς
3344 3466 3516 3529 σίελος
3561 3465 3832 3537 λογισθή-

2242 3573 2443 3617 σονται,
2478 3556 2572 3608 καὶ
2601 3556 2678 3619 ὡς
2712 3555 2850 3628 ῥοπὴ
2877 3554 3044 3624 ζυγοῦ
3068 3555 3441 3624 ἐλογίσθησαν,
3471 3553 3572 3606 τίνι
3598 3554 3834 3623 ὡμοιώ-

2242 3663 2369 3700 σατε
2402 3646 2627 3717 Κύριον,
2659 3649 2754 3700 καὶ
2779 3647 2881 3701 τίνι
2901 3647 3207 3717 ὁμοιώματι
3232 3646 3537 3717 ὡμοιώσατε
3557 3645 3733 3698 αὐτόν
3757 3663 3781 3713 ;
3808 3665 3832 3699 ι

2251 3739 2593 3793 Ἀνούστατοι
2640 3740 2818 3793 τοίνυν
2853 3743 2902 3793 σί
2936 3741 3070 3794 Θεοῦ
3102 3741 3389 3812 κρείττονα
3428 3739 3516 3793 τὸν
3561 3740 3675 3793 ὁ.τώ
3717 3741 3836 3812 γῆς

2240 3830 2524 3899 ἄνθρωπον
2553 3824 2693 3884 εἶναι
2726 3831 3069 3901 νομίσαντες,
3115 3831 3212 3885 καὶ
3238 3830 3568 3901 ψευσάμενοι
3601 3829 3701 3899 μέν
3728 3832 3834 3902 τὴν

2234 3925 2315 3987 εἰς
2356 3923 2517 3977 αὐτὸν
2562 3922 2867 3989 εὐσέϐειαν,
2928 3922 3206 3992 οἰηθέντες
3250 3923 3309 3976 δέ
3355 3923 3439 3975 ὅτι
3483 3920 3831 3992 σωθήσονται

2234 4016 2325 4069 διὰ
2354 4016 2463 4069 τῶν
2491 4017 2591 4069 οὐκ
2620 4016 2792 4069 ὅντων
2847 4014 3005 4069 θεῶν.
3056 4014 3194 4068 Ποία
3235 4014 3341 4085 γὰρ
3394 4014 3583 4085 ὄνησις
3629 4013 3829 4082 γένοιτ’

2237 4106 2303 4161 ἂν
2329 4108 2392 4160 ἐκ
2414 4107 2562 4161 λίθου
2596 4108 2689 4161 καὶ
2712 4104 2867 4171 ξύλου
2888 4123 2903 4172 ;
2927 4106 3158 4177 Εἴρηται
3181 4104 3313 4174 γοῦν
3343 4104 3475 4176 περί⁵
3502 4105 3832 4158 discindit-si

2237 4199 2295 4251 ἐν
2326 4197 2405 4269 τῷ
2434 4196 2613 4269 καιρῷ
2647 4198 2756 4251 τῶν
2781 4196 2970 4251 κακῶν
3000 4195 3178 4249 αὐτῶν
3205 4194 3440 4266 ἐροῦσιν·
3463 4196 3702 4248 Ἀνάστα
3730 4196 3829 4247 καὶ

2238 4289 2409 4342 σῶσον
2439 4290 2605 4360 ἡμᾶς.
2634 4288 2745 4343 Καὶ
2771 4287 2874 4342 ποῦ
2902 4286 3043 4340 είσὶν
3068 4287 3118 4339 oi
3142 4285 3253 4339 θεοί
3285 4303 3401 4350 σου,
3435 4285 3532 4349 οὓς
3564 4285 3829 4356 ἐποίησας

2238 4379 2487 4451 σεαυτῷ;
2532 4382 2580 4433 εί
2613 4381 3024 4451 ἀναστήσονται,
3057 4381 3153 4435 καὶ
3180 4378 3416 4433 σώσουσι
3455 4395 3516 4432 σε
3558 4381 3619 4431 ἐν
3651 4377 3829 4448 καιρῷ

553 4464 656 4534 τῆς
693 4466 987 4531 κακώσεώς
1014 4485 1128 4523 σου.
1174 4470 1501 4540 Ἐψεύσαντο
1534 4471 1591 4524 δε
1619 4471 1711 4525 τδν
1738 4471 1892 4537 Θεδν,
1929 4472 1990 4525 οὐ
2019 4471 2163 4543 λόγῳ
2198 4472 2358 4526 τοῦτο
2393 4471 2629 4544 δρῶντες
2669 4472 2849 4542 μόνον,
2908 4473 3045 4526 ἀλλά
3068 4472 3176 4543 γάρ
3204 4471 3272 4524 δι’
3304 4470 3490 4524 αὐτῶν
3520 4470 3633 4522 τῶν
3679 4487 3825 4539 πρα-

552 4561 802 4632 γμάτων,
863 4564 1044 4618 ὁποῖόν
1103 4567 1215 4619 ἐστι
1252 4567 1310 4620 τὸ
1342 4566 1469 4639 περὶ
1500 4568 1678 4621 αὐτῶν
1721 4568 2011 4640 εἰρημένον
2058 4568 2135 4633 ὡς
2172 4569 2229 4621 ἐν
2288 4568 2479 4641 τρόπῳ
2544 4567 3007 4639 παραδείγματος
3057 4568 3211 4620 «Καὶ
3254 4565 3522 4635 ἐπέμεινα
3551 4563 3652 4617 τοῦ
3674 4566 3828 4631 ποιῆ-

556 4670 647 4706 σαι
683 4653 977 4725 σταφυλὴν,
1029 4658 1290 4728 ἐποίησαν
1318 4658 1373 4712 δὲ
1407 4658 1670 4723 ἀκάνθας,
1716 4659 1811 4713 καὶ
1837 4661 1897 4713 οὐ
1949 4660 2316 4732 δικαιοσύνην,
2384 4643 2523 4712 ἀλλά
2552 4659 2752 4731 κρίσιν.
2788 4677 2806 4710 ι
2854 4661 2998 4730 Ἔφη
3045 4658 3100 4711 δέ
3148 4673 3251 4711 που
3320 4656 3417 4707 καὶ⁵
3444 4657 3475 4707 6
3534 4653 3825 4715 Bernicia;

446 4766 453 4777 ί
550 4749 806 4822 Μελῳδὸς
856 4751 931 4815 ὡς
983 4753 1047 4806 ἐκ
1094 4752 1381 4823 προσώπου
1433 4753 1671 4828 Χριστοῦ
1756 4755 1884 4827 περὶ
1942 4753 2121 4809 αὐτῶν
2148 4769 2163 4786 ο
2210 4774 2228 4806 ι
2271 4753 2391 4807 Υίοὶ
2462 4753 2732 4825 ἀλλότριοι
2801 4752 3096 4823 ἐψεύσαντό
3171 4768 3297 4821 μοι,

3380 4748 3490 4802 uici
3550 4747 3824 4818 ἀλλότριοι

552 4842 992 4916 ἐπαλαιώθησαν,
1072 4847 1166 4900 καὶ
1227 4847 1502 4918 ἐχὼλαναν
1571 4848 1679 4902 ἀπὸ
1738 4848 1847 4902 τῶν
1909 4847 2111 4920 τρίϐων
2146 4846 2342 4901 αὐτῶν.
2374 4865 2392 4897 ι

623 4938 787 4993 Vnus.
825 4939 1010 4995 11-15.
1050 4940 1230 5009 Neque
1260 4945 1533 4996 recordata
1560 4960 1613 4998 es
1642 4945 1762 5010 mei,
1793 4961 1954 5013 neque
1979 4961 2119 4997 sum~

2302 4940 2414 4996 Καὶ
2442 4943 2553 4996 οὐκ
2580 4941 2888 5011 ἐμνήσθης
2910 4959 3052 5011 μου,
3088 4939 3233 4995 οὐδὲ
3253 4935 3471 5002 ἔλαϐές
3486 4952 3567 5004 με
3591 4936 3681 5000 εις
3716 4933 3822 4998 τὴν

553 5033 699 5101 psisti
730 5048 810 5086 me
857 5033 912 5086 in
942 5040 1183 5098 mentem,
1217 5049 1380 5103 neque
1403 5035 1456 5087 in
1480 5050 1569 5088 cor
1608 5045 1778 5089 tuum.
1841 5034 1907 5088 Et
1948 5051 2038 5104 ego
2074 5045 2123 5088 te

2238 5033 2499 5089 διάνοιάν
2529 5050 2645 5088 σου
2669 5076 2683 5099 ,
2726 5034 2870 5089 οὐδὲ
2900 5037 2988 5101 είς
3023 5033 3139 5101 τὴν
3182 5029 3433 5099 καρδίαν
3461 5045 3607 5082 σου.
3655 5027 3825 5095 Κάγώ

555 5129 727 5183 ridens
754 5128 1006 5198 despicio,
1050 5139 1097 5183 et
1129 5145 1209 5182 me
1240 5146 1341 5182 non
1369 5130 1609 5187 timuisti.
1630 5128 1739 5200 Ego
1770 5146 1884 5183 vero
1913 5145 2123 5182 annuu-

557 5221 694 5275 tiabo
726 5220 992 5289 justitiam
1027 5236 1216 5285 meam,
1266 5231 1312 5274 et
1357 5222 1496 5275 mala
1556 5233 1668 5286 tua,
1698 5238 1812 5293 qua:
1853 5237 1955 5274 nun
2005 5236 2129 5291 pro-

557 5310 742 5365 derunt
769 5310 885 5364 tibi.
921 5309 1052 5368 Cum
1087 5309 1421 5376 clamaveris,
1462 5312 1684 5381 eripient
1721 5322 1768 5364 te
1794 5313 1848 5365 in
1875 5308 2129 5379 afﬂictio-

556 5416 619 5454 ne
643 5409 755 5456 tua.
802 5399 913 5454 Hos
951 5400 1087 5454 enim
1149 5418 1323 5456 omnes
1378 5418 1555 5457 ventus
1609 5401 1773 5469 tollet,
1832 5410 1883 5455 et
1926 5400 2128 5463 auferet

555 5499 848 5563 tempestas.

626 5664 770 5721 Dixit
799 5667 937 5723 Deus
982 5684 1111 5726 voce
1168 5670 1466 5728 Ezechielis
1495 5673 1560 5726 ad
1622 5684 1850 5729 tnatretn
1912 5675 2126 5731 Judaeu-

2234 5140 2309 5180 σε
2344 5124 2485 5180 ίδὼν
2515 5124 2773 5195 παρορῶ,
2824 5124 2923 5179 καὶ
2972 5123 3078 5193 ἐμὲ
3121 5124 3234 5177 οὐκ
3281 5118 3609 5189 ἐφοϐήθης.
3654 5118 3825 5185 Κάγὼ

2234 5216 2554 5288 ἀπαγγελῶ
2594 5216 2710 5283 τὴν
2755 5216 3150 5283 δικαιοσύνην
3196 5229 3337 5282 μου.
3390 5210 3493 5264 καὶ
3540 5208 3617 5261 τὰ
3668 5204 3827 5261 acad

2234 5322 2372 5373 σου,
2416 5307 2455 5362 ἁ
2489 5310 2599 5362 οὐκ
2641 5306 3035 5378 ὠφελήσουσι
3081 5320 3172 5359 σε,
3214 5305 3392 5355 Ὅταν
3444 5297 3823 5365 ἀναϐοήσῃς,

2236 5400 2660 5466 ἑξελέονοωσὰν
2720 5415 2794 5454 σε
2846 5400 2916 5453 ἐν
2969 5397 3043 5466 τῇ
3102 5397 3304 5465 θλίψει
3358 5409 3499 5447 σου.
3565 5394 3830 5456 Τούτους

2236 5492 2346 5562 γὰρ
2414 5491 2647 5558 πάντας
2725 5491 2945 5559 ἄνεμος
3016 5488 3313 5556 λήψεται,
3409 5483 3512 5538 καὶ
3579 5481 3830 5537 ἀποίσει

2238 5584 2528 5652 καταιγίς.

2312 5676 2456 5746 Ἔφη
2496 5693 2597 5727 που
2627 5674 2759 5736 Θεὸς
2784 5671 2869 5726 διά
2900 5670 3082 5741 φωνῆς
3123 5664 3377 5738 Ἰεζεχιηλ
3417 5665 3556 5735 πρὸς
3580 5661 3685 5733 τὴν
3716 5659 3835 5716 τῶν

620 5850 642 5880 ⁸
676 5847 815 5904 Psal.
842 5863 937 5911 cn,
983 5848 1067 5905 Η.
1142 5852 1162 5885 τ
1199 5851 1352 5908 Prov.
1386 5868 1543 5921 xvttt,
1588 5856 1669 5910 i7.
1748 5857 1769 5887 ⁸
1801 5856 1940 5913 Psal.
1977 5873 2125 5926 xm,

2286 5857 2308 5889 ’
2339 5857 2444 5911 lsa.
2479 5873 2565 5924 λι,
2598 5856 2677 5911 l5.
2760 5856 2800 5887 ’θ
2830 5852 2929 5907 lsa.
2969 5870 3018 5910 v.
3054 5853 3104 5908 ι.
3183 5853 3220 5882 ¹¹
3263 5850 3402 5905 Psal.
3443 5828 3575 5914 ινέι,
3612 5847 3673 5902 i6
