4078 6292
219 396 241 450 l
251 394 353 451 269

1343 383 1409 440 ΙΝ
1452 381 1684 439 ΙδΑΙᾹΜ
1722 379 1850 435 LIB.
1901 380 1960 439 ν.
2002 378 2242 439 Τοιιυε
2280 380 2368 438 ill.

3344 385 3365 438 l
3377 382 3482 438 970

230 510 501 566 Ἰουδαίων
535 507 768 580 μητέρα,
797 503 939 575 φημὶ
961 500 1025 574 δὴ
1046 502 1143 573 τὴν
1165 502 1514 571 Συναγωγήν·
1556 521 1574 552 ι
1599 497 1796 562 Καθὼς
1828 503 1850 560 Α

1918 513 2043 564 'um,
2075 498 2720 568 Syuagngam,inquam:
2767 519 2786 551 ι
2822 498 3288 566 Quemadmodum
3356 499 3491 555 feci-

221 601 508 671 ἐποίησας,
537 599 709 663 οὕτως
746 597 896 651 ἔσται
931 612 1034 649 σοι’
1081 594 1140 648 τὸ
1167 594 1514 663 ἀνταπόδομά
1551 610 1643 646 σου
1679 594 1802 646 ἀντ-

223 691 617 762 αποδοθήσεται
635 692 713 752 εἰς
740 685 983 755 κεφαλήν
1005 702 1118 738 σου.
1135 684 1269 737 »Ναὶ
1306 684 1411 754 μὴν
1430 684 1523 736 καὶ
1544 686 1571 736 ό
1596 683 1804 752 προφή-

223 800 322 853 της
337 781 562 843 Ἡσαΐας
578 796 592 811 ο
606 777 769 831 (οὐαὶ
783 773 862 846 τῷ
877 774 1084 844 ἀνόμῳ,
1099 792 1115 823 ι
1139 774 1291 844 φησί·
1307 791 1324 824 ι
1351 773 1561 843 πονηρά
1576 771 1719 825 κατά
1736 770 1805 824 τὰ

225 875 361 946 ἔργα
384 872 490 926 τῶν
514 868 713 942 χειρῶν
744 865 911 920 αὑτοῦ
940 864 1281 935 συμϐήσεται
1305 862 1470 934 αύτῷ.
1500 883 1518 915 ι
1553 862 1804 916 Τοιοῦτόν

227 983 279 1018 τι
304 964 397 1016 καὶ
425 962 521 1016 νῦν
552 962 638 1015 διὰ
657 959 765 1012 τῶν
799 956 1175 1028 προκειμένων
1202 955 1547 1025 σημαίνεται.
1590 953 1804 1025 Ἐπειδὴ

228 1058 334 1125 γὰρ
362 1053 461 1124 τὴν
500 1050 630 1121 περὶ
667 1048 801 1120 ἐμοῦ
839 1046 1043 1116 γνῶσιν
1092 1042 1350 1108 ἀπεώσω,
1388 1045 1574 1114 φησιν,
1636 1045 1805 1115 ὕπερ-

222 1144 471 1216 οραθήσῃ
500 1142 635 1211 παρ’
662 1139 819 1211 ἐμοῦ,
845 1139 940 1192 καὶ
957 1136 1186 1207 ἰσοπαλῆ
1210 1138 1320 1199 τοῖς
1339 1134 1633 1205 πλημμελή
1643 1152 1805 1204 μασιν

227 1235 518 1304 ὑπομενεῖς
575 1232 676 1303 τὴν
713 1231 891 1298 δίκην.
961 1225 1409 1281 Ἐπιλανθάνεται
1463 1225 1522 1277 δέ
1578 1242 1659 1286 τις
1710 1224 1803 1277 τοῦ

223 1325 359 1378 Θεοῦ
393 1323 486 1377 τοῦ
512 1322 653 1376 κατὰ
680 1321 840 1391 φύσιν
866 1319 959 1373 καὶ
986 1317 1221 1389 ἀληθῶς,
1265 1317 1359 1370 καὶ
1404 1314 1500 1368 τοῦ
1546 1313 1803 1378 κατεξου-

227 1416 505 1478 σιάζοντος
565 1412 671 1466 τῶν
702 1404 858 1473 ὅλων,
890 1409 1011 1480 οὐχὶ
1038 1409 1211 1480 δήπου
1241 1399 1460 1471 πάντως
1511 1407 1591 1469 εἰς
1634 1405 1808 1474 ἀμνη-

229 1505 384 1559 στίαν
416 1503 585 1557 ἐλθὼν
617 1500 711 1556 τοῦ
745 1503 827 1556 ὅτι
855 1500 985 1564 Θεὸς
1020 1499 1134 1553 ἐστι
1180 1497 1385 1570 (καὶτὰ
1411 1495 1663 1567 δαιμόνια
1698 1496 1809 1565 γὰρ

228 1596 565 1660 πιστεύουσι,
593 1594 687 1647 καὶ
725 1592 1027 1664 φρίττουσι,
1061 1589 1203 1645 κατὰ
1234 1589 1332 1662 τὴν
1354 1588 1448 1642 τοῦ
1507 1587 1808 1644 ἀποστόλου

1902 592 1993 655 sti,
2029 591 2107 646 sic
2138 591 2242 645 erit
2272 593 2388 644 tibi.
2419 592 2725 647 Betrilintio
2757 603 2843 646 tua
2899 593 3231 648 retribuetur
3282 592 3335 645 in
3391 606 3485 648 ca-

1901 691 1999 753 put
2038 691 2184 737 tuum
2223 683 2284 737 ι’.
2324 702 2343 735 ι
2373 682 2512 749 Quin
2535 694 2588 737 et
2617 683 2877 753 propheta
2906 682 3115 739 Isaias:
3145 702 3165 734 ι
3210 682 3320 748 Vs,
3346 701 3364 733 ι
3403 683 3487 736 in-

1903 773 2044 844 quit,
2069 791 2086 826 ι
2116 773 2303 842 iniquo
2339 791 2351 827 :
2386 773 2527 826 mala
2563 774 2857 827 secundum
2880 789 3044 844 opera
3083 789 3337 828 manuum
3365 788 3488 828 sua-

1905 881 2024 920 rum
2077 864 2393 934 contingent
2425 866 2472 919 ei
2509 866 2574 918 ¹³.
2610 885 2630 918 ι
2673 865 2804 921 Tale
2838 867 2967 936 quid
3006 869 3172 922 etiam
3202 883 3347 921 nunc
3405 866 3491 921 his

1909 955 2088 1009 verbis
2138 956 2432 1025 propositis
2473 956 2829 1024 significatur.
2872 956 3145 1024 Quoniam
3181 957 3350 1022 enim,
3414 956 3492 1010 in-

1905 1049 2042 1116 quit,
2075 1048 2441 1110 cognitionem
2471 1048 2572 1102 mei
2609 1048 2871 1116 repulisti,
2913 1050 3231 1117 despicieris
3290 1066 3319 1104 a
3382 1064 3489 1111 me,

1905 1149 1960 1194 et
1993 1153 2182 1207 parem
2213 1138 2425 1193 delictis
2464 1150 2677 1208 ptenam
2710 1140 2938 1195 subibis.
2985 1139 3337 1196 Obliviscitur
3398 1157 3493 1195 au-

1909 1240 2013 1283 tem
2046 1229 2160 1293 Dei,
2213 1229 2330 1299 ejus
2374 1230 2465 1299 qui
2516 1241 2703 1285 natura
2743 1241 2798 1287 et
2823 1247 2950 1287 vere
2984 1232 3125 1288 Deus
3150 1245 3255 1296 est,
3277 1241 3333 1288 et
3367 1234 3492 1287 uni—

1908 1336 2188 1376 versorum
2225 1322 2555 1386 dominator,
2587 1339 2690 1377 non
2721 1325 2893 1379 solum
2925 1325 3015 1393 qui
3046 1325 3098 1379 in
3164 1325 3496 1381 oblivionem

1908 1413 2078 1477 venit,
2113 1411 2255 1481 quod
2289 1411 2432 1467 Deus
2487 1413 2592 1480 sit;
2623 1414 2890 1469 daemonia
2938 1416 3082 1470 enim
3138 1415 3369 1470 credunt.
3446 1426 3502 1469 et

1911 1509 2167 1569 tremunt,
2203 1503 2498 1557 secundum
2542 1504 2765 1572 apostoli
2794 1518 2980 1559 vocem
3010 1505 3086 1572 “;
3111 1505 3203 1559 sed
3226 1506 3317 1574 qui
3383 1518 3496 1557 nntt

1910 1595 2162 1665 dignatur
2182 1595 2229 1649 ei
2283 1594 2501 1664 subjici,
2536 1606 2591 1650 et
2613 1594 2734 1665 ejus
2766 1596 3082 1665 praescripta
3139 1596 3289 1664 parvi
3345 1594 3493 1649 aesti-

231 1689 479 1762 φωνὴν),
514 1688 813 1757 ἀφειδήσας
831 1686 889 1739 δὲ
924 1684 1122 1757 μᾶλλον
1154 1683 1247 1738 τοῦ
1281 1680 1602 1736 ὑποκεῖσθαι
1635 1678 1811 1733 θέλειν

1918 1699 2043 1750 mat,
2084 1686 2157 1740 ita
2189 1695 2247 1740 ιιι
2272 1684 2490 1741 effrenis
2515 1694 2571 1740 et
2594 1697 2884 1742 contumax
2936 1687 3204 1749 videatur,
3261 1694 3315 1741 et
3370 1700 3492 1740 om-

231 1781 401 1853 αὐτῷ,
473 1782 567 1835 καὶ
623 1779 733 1834 τῶν
786 1780 918 1850 παρ’
961 1775 1123 1831 αὐτοῦ
1166 1774 1600 1845 διατεταγμένων
1653 1770 1850 1853 ὀλίγαι

1918 1774 2045 1833 uino
2065 1776 2131 1832 ad
2166 1793 2228 1833 ea
2277 1792 2397 1847 quae
2459 1788 2648 1833 contra
2707 1777 2939 1834 ofﬁcium
2986 1788 3113 1832 sunt
3179 1792 3491 1833 conversus.

232 1839 550 1943 φροθτίσαςθ
582 1870 659 1933 ὡς
715 1839 924 1940 ἐξήνιον
975 1867 1205 1939 ὁρᾶσθαι
1263 1865 1358 1919 καὶ
1396 1839 1653 1933 ἀπειθῆ,
1718 1840 1850 1915 κοιλ.1

1918 1868 2083 1940 806
2121 1839 2474 1924 Obliviscitur
2518 1884 2649 1926 vero
2676 1870 2820 1925 Deus
2849 1870 2933 1924 vel
2986 1869 3216 1938 despicit
3254 1883 3350 1923 eos
3401 1868 3493 1937 qui

232 1963 540 2034 όλοτρόπως
582 1960 934 2015 ἐκνενευκότα
972 1958 1110 2026 πρὸς
1179 1958 1289 2010 πᾶν
1358 1955 1692 2017 τούναντίον,
1741 1948 1817 2008 ὧν

234 2054 342 2109 ἔδει
371 2050 631 2124 πληροῦν.
651 2049 1095 2105 Ἐπιλανθάνεται
1121 2047 1176 2101 δέ
1203 2046 1355 2110 Θεὸς,
1375 2047 1543 2116 ήγουν
1570 2046 1819 2116 ὑπερορᾷ

233 2146 341 2199 τῶν
369 2143 829 2217 ἀμνημονοῦντων
854 2140 1042 2204 αὐτοῦ,
1080 2138 1364 2210 μονονουχὶ
1391 2137 1488 2207 τὴν
1522 2137 1817 2208 ἐπίκουρον

235 2238 393 2308 χεῖρα
442 2234 770 2301 συστέλλων,
822 2234 918 2287 καὶ
964 2228 1182 2302 φειδοῦς
1222 2230 1441 2298 ἀπάσης
1483 2226 1817 2297 ἀπογυμνῶν

234 2323 471 2391 αὐτούς·
515 2325 544 2378 ὃ
589 2325 656 2395 δὴ
706 2322 973 2377 πέπονθεν
1029 2319 1268 2391 Ἰσραήλ.
1308 2320 1383 2372 Ού
1418 2318 1526 2389 γὰρ
1574 2316 1818 2387 ἐφοϐήθη

234 2416 325 2470 τὸν
355 2415 588 2489 ούρανοῦ
621 2431 683 2467 τε
736 2414 832 2467 καὶ
864 2413 967 2482 γῆς
1003 2410 1233 2482 Κύριον,
1278 2409 1373 2462 καὶ
1414 2407 1523 2461 τῶν
1557 2407 1693 2461 ὅλων
1721 2407 1816 2478 δη-

240 2508 502 2579 μιουργόν
528 2523 590 2559 τε
644 2505 739 2558 καὶ
777 2504 1047 2575 τεχνίτην·
1091 2500 1370 2564 ἀπολύσας
1403 2500 1459 2553 δὲ
1498 2500 1688 2571 ὥσπερ
1711 2500 1820 2554 τῶν

237 2596 408 2650 αὐτοῦ
464 2595 763 2665 σκήπτρων
800 2592 893 2646 τὸν
938 2591 1161 2661 αὐχένα,
1208 2589 1524 2644 δεδούλευκε
1569 2592 1682 2653 τοῖς
1721 2591 1820 2643 ούκ

238 2687 358 2745 οῦσι
404 2690 568 2752 θεοῖς.
619 2687 888 2760 Ταύτῃτοί
928 2703 1112 2759 φησιν,
1157 2687 1239 2740 δτι
1290 2686 1365 2741 Σὺ
1403 2686 1501 2740 οὐκ
1548 2685 1820 2757 ἐφοϐήθης

244 2802 333 2854 με,
379 2784 475 2836 καὶ
520 2781 631 2850 ἐγὼ
670 2780 956 2850 ἀναγγελῶ
1017 2781 1117 2850 τὴν
1154 2780 1499 2852 δικαιοσύνην
1552 2797 1676 2847 μου,
1726 2781 1820 2834 καὶ

239 2874 310 2928 τὰ
337 2873 487 2928 κακά
517 2889 611 2926 σου
639 2889 653 2903 ⁸
699 2873 845 2926 κακά
876 2872 1050 2942 λέγων
1091 2873 1190 2943 τὴν
1229 2872 1531 2927 ἀπόστασιν
1577 2873 1675 2943 τὴν
1722 2872 1818 2926 ἀπ’

242 2966 408 3019 αὐτοῦ
447 2964 709 3035 δηλονότι,
760 2964 853 3018 καὶ
903 2965 966 3018 τὸ
1011 2964 1431 3034 προσκλίνεσϐαι
1483 2964 1685 3033 λέγειν,
1739 2961 1822 3028 οἷς

242 3057 407 3120 αὐτὸς
450 3055 744 3126 εἰργάσατο
795 3055 955 3119 θεοῖς.
1008 3055 1364 3124 Ἐπαγγέλλει
1414 3056 1472 3109 δὲ
1513 3054 1610 3126 τὴν
1654 3054 1818 3108 αὐτοῦ

1917 1967 2044 2014 sunt
2079 1960 2246 2029 ipsius
2272 1960 2640 2027 immemores,
2668 1977 2790 2017 cum
2829 1969 3034 2015 tantum
3103 1977 3208 2015 non
3278 1969 3495 2014 contra-

1918 2049 1999 2103 ltit
2050 2064 2271 2104 manum
2298 2065 2452 2105 suam
2489 2052 2828 2118 auxiliarem,
2861 2062 2914 2107 et
2958 2053 3104 2107 omni
3165 2067 3261 2107 eos
3329 2052 3497 2104 nudat

1918 2141 2313 2197 misericordia.
2351 2141 2506 2210 Quod
2539 2142 2723 2199 lsraeli
2748 2143 2967 2199 accidit.
2988 2142 3106 2198 Non
3136 2142 3280 2197 enim
3316 2142 3497 2197 timuit

1918 2226 2038 2283 coeli
2062 2236 2117 2282 et
2137 2237 2295 2284 terra:
2335 2230 2639 2295 Dominum,
2678 2241 2733 2285 et
2757 2233 3139 2287 universorum
3172 2230 3420 2301 opiﬁcem
3444 2239 3499 2287 et

1918 2320 2218 2377 artiﬁcem:
2255 2322 2349 2377 sed
2374 2323 2605 2392 sceptris
2631 2323 2746 2392 ejus
2773 2324 2936 2379 veluti
2967 2326 3242 2379 subtracta
3288 2323 3505 2378 cervice

1918 2412 2069 2467 falsis
2100 2413 2204 2468 diis
2233 2414 2474 2469 servivit.
2509 2413 2647 2470 Hinc
2670 2416 2831 2471 dicit:
2876 2434 2896 2468 ι
2951 2415 3030 2471 Tn
3095 2432 3200 2470 non
3265 2415 3499 2469 timuisti

1920 2515 2025 2566 me,
2075 2512 2131 2557 et
2161 2517 2262 2573 ego
2300 2505 2918 2575 annuntiabojustitiam
2985 2521 3183 2570 meam,
3245 2516 3297 2560 et
3358 2504 3512 2557 mala~

1921 2603 2010 2647 tua
2045 2611 2060 2648 :
2106 2611 2126 2646 ο
2178 2592 2316 2649 mala
2355 2609 2576 2662 vocans,
2611 2598 2937 2666 apostasiam
2968 2598 3217 2652 videlicet
3251 2600 3316 2649 ab
3345 2597 3484 2665 ipso,

1919 2694 1973 2739 et
2012 2685 2247 2742 deficere
2303 2689 2369 2741 ad
2398 2687 2527 2744 deos
2561 2703 2696 2758 quos
2748 2691 2862 2760 ipse
2905 2690 3212 2746 fabricavit.
3278 2692 3502 2745 Annuu-

1923 2777 2023 2831 tiat
2055 2786 2243 2832 autem
2276 2777 2545 2847 justitiam
2580 2795 2736 2836 suam
2770 2783 3141 2837 universorum
3201 2779 3341 2835 Deus
3373 2795 3503 2833 con-

1923 2875 2003 2919 tra
2032 2881 2128 2921 eos
2157 2867 2247 2936 qui
2274 2867 2405 2922 talia
2444 2870 2812 2937 committunt,
2845 2871 2968 2925 dum
3012 2873 3062 2924 in
3086 2871 3206 2923 illos
3255 2869 3497 2924 divinum
3524 2892 3537 2905 ο

1921 2953 2123 3024 profert
2160 2954 2447 3022 calculum,
2477 2968 2533 3012 et
2559 2959 2776 3029 dignam
2834 2973 3050 3029 poenam
3089 2959 3300 3028 inﬂigit.
3388 2958 3502 3013 Non

1920 3047 2063 3101 enim
2093 3048 2326 3103 audaces
2358 3060 2583 3106 conatus
2616 3052 2668 3107 hi
2695 3063 2882 3107 contra
2918 3068 3083 3107 unum
3119 3052 3352 3117 aliquem
3410 3067 3508 3105 no-

237 3148 587 3220 δικαιοσύνην
637 3147 730 3202 ἐπὶ
768 3147 876 3201 τῶν
925 3148 1103 3201 τοιάδε
1149 3147 1282 3219 δρᾷν
1332 3147 1598 3201 εἰωθότων
1660 3146 1850 3224 ὁτῶνί

1923 3147 2051 3192 sua:
2089 3139 2416 3196 conditionis
2471 3140 2626 3209 ﬁunt,
2666 3143 2759 3197 sed
2810 3152 2998 3197 contra
3031 3142 3303 3197 excelsam
3339 3154 3393 3198 et
3414 3159 3507 3197 su-

237 3240 376 3294 ὅλων
425 3241 577 3305 Θεὸς,
638 3240 816 3313 ψῆφον
863 3241 949 3293 ἐπ’
1001 3241 1185 3302 αὐτοῖς
1226 3238 1373 3292 θείαν
1425 3239 1692 3311 ἐκφέρων,
1728 3239 1822 3293 καὶ

243 3332 534 3401 ἱσόρῤοπον
586 3331 808 3384 κόλασιν
856 3328 1135 3392 ἐπιτιθείς.
1179 3329 1255 3382 Οὐ
1303 3329 1412 3401 γὰρ
1459 3331 1539 3394 είς
1592 3329 1691 3384 ἕνα
1733 3329 1824 3383 τὸν

238 3423 363 3476 καθ’
400 3424 548 3493 ἡμᾶς
605 3422 674 3475 τά
704 3421 1047 3492 τολμήματα,
1079 3420 1192 3473 ἀλλ’
1220 3422 1301 3484 είς
1332 3420 1504 3492 αὐτὴν
1526 3422 1825 3492 πράττεται

238 3514 342 3586 τὴν
395 3514 531 3584 ὑψοῦ
561 3530 620 3567 τε
660 3513 755 3567 καὶ
792 3514 924 3577 ἀνω,
965 3512 1060 3566 καὶ
1100 3511 1208 3567 τῶν
1255 3512 1391 3565 ὅλων
1445 3513 1827 3583 κατάρχουσαν

242 3605 428 3676 φύσιν.
465 3605 587 3658 Ὀτι
613 3604 670 3658 δὲ
706 3604 966 3675 ἀνήνυτος
994 3601 1103 3675 [αι.
1129 3601 1413 3674 ἀνόνητος]
1443 3603 1626 3667 αὐτοῖς
1656 3605 1690 3676 ή
1718 3603 1828 3657 τῶν

239 3696 613 3768 ψευδωνύμων
644 3692 858 3765 εὕρεσις
904 3693 1063 3759 θεῶν,
1103 3692 1464 3747 διαδείκνυσιν
1502 3693 1694 3757 εἰπὼν,
1747 3694 1828 3747 ὅτι

249 3806 268 3842 ι
297 3788 411 3840 Ούκ
448 3784 789 3855 ὠφελήσουσι
816 3801 894 3838 σε·
920 3803 938 3836 ι
990 3785 1084 3838 καὶ
1111 3784 1276 3837 ὅτιτὸ
1304 3783 1497 3854 χρῆμά
1525 3787 1673 3837 ἐστιν
1700 3783 1832 3855 ἀληο

243 3876 358 3942 θὲς,
392 3874 822 3946 προσαποφαίνει
846 3873 1259 3942 λέγωνίὊταν
1287 3871 1619 3942 ἀναϐοήσῃς,
1652 3870 1829 3935 ἐξελέ-

245 3968 463 4022 σθωσάν
494 3984 553 4021 σε
579 3968 638 4020 ἐν
658 3970 725 4038 τῇ
755 3965 927 4036 θλίψει
958 3983 1071 4020 σου.
1097 3984 1115 4019 ι
1148 3965 1377 4031 Οὐκοῦν,
1399 3965 1473 4026 ὡς
1491 3965 1519 4017 ό
1546 3965 1834 4035 προφήτης

248 4059 404 4128 φησι,
428 4076 448 4110 ι
477 4057 543 4111 Τί
569 4057 769 4127 ὠφελεί
789 4056 1046 4127 γλυπτὺν,
1071 4057 1153 4110 ὅτι
1182 4055 1420 4125 ἐγλυψαν
1448 4055 1579 4109 αὐτό
1603 4071 1618 4121 ;
1664 4054 1834 4108 ἐπλα-

1926 3244 2111 3300 peram
2144 3245 2208 3286 ac
2238 3233 2611 3289 universitatis
2671 3235 2955 3290 rectricem
3018 3245 3284 3289 naturam.
3350 3234 3523 3302 Quod’

1926 3332 2107 3377 autem
2138 3338 2331 3395 parum
2393 3325 2643 3396 proficiat
2722 3327 2837 3383 haec
2900 3328 3053 3382 falso
3111 3329 3523 3382 nominatorum

1927 3416 2149 3471 deorum
2201 3418 2467 3484 inventio,
2498 3420 2753 3484 ostendit,
2790 3436 2910 3475 cum
2940 3422 3016 3474 ait
3069 3438 3082 3475 :
3136 3440 3154 3472 ι
3220 3420 3336 3474 Nnn
3413 3419 3507 3474 tibi

1928 3509 2242 3576 proderunt.
2288 3528 2306 3561 ι
2344 3510 2495 3576 Quod
2523 3525 2710 3566 verum
2750 3526 2871 3567 eSSe
2902 3513 3124 3581 insuper
3147 3511 3508 3577 demonstrat,

1930 3600 2151 3656 dicens:
2189 3619 2208 3653 ι
2247 3601 2380 3657 Cum
2420 3603 2762 3670 clamaveris,
2804 3605 3114 3674 eripiantte
3146 3606 3199 3659 in
3259 3603 3511 3659 aﬂlictio-

1930 3705 1998 3746 ne
2025 3705 2133 3748 tua.
2184 3711 2204 3745 ι
2241 3693 2448 3763 Itaque,
2480 3697 2821 3765 utpropheta
2846 3695 2919 3750 ait
2942 3714 2969 3750 ::
3015 3696 3220 3762 «Quid
3271 3693 3513 3765 proderit

1932 3782 2180 3849 sculptile
2223 3786 2365 3853 quod
2390 3784 2772 3853 sculpserunt?
2802 3785 3131 3841 Formarum
3192 3788 3317 3841 illud
3375 3800 3510 3841 con-

1932 3871 2118 3940 ﬂatile,
2153 3872 2610 3943 imaginationem
2657 3874 2868 3943 falsam,
2924 3878 3067 3947 quod
3122 3879 3276 3931 fictor
3331 3876 3509 3941 finxit,

1935 3978 2036 4019 nec
2064 3963 2206 4020 Deus
2235 3973 2321 4020 est
2367 3964 2456 4020 “2
2494 3983 2512 4017 ι
2555 3963 2771 4021 Deinde
2801 3980 2962 4035 quam
3003 3981 3157 4035 opem
3204 3967 3515 4022 errantibus

1934 4053 2121 4109 aﬂ'erct
2160 4055 2337 4125 imago
2386 4071 2451 4111 ex
2474 4055 2617 4127 ligno
2664 4066 2720 4111 et
2747 4056 2923 4126 lapide
2961 4056 3131 4124 facta,
3182 4066 3236 4112 et
3291 4058 3512 4112 humani

250 4165 357 4203 σοιν
411 4149 544 4202 αύτδ
597 4147 856 4220 χώνευμα
913 4148 1217 4219 φαντασίαν
1261 4147 1471 4218 ψευδῆ,
1535 4148 1632 4202 καὶ
1702 4148 1835 4202 αὐτὸ

245 4238 464 4293 τέκτων
492 4241 736 4312 ἐποίησε,
764 4241 859 4295 καὶ
884 4243 946 4294 ού
980 4241 1113 4306 Θεός
1145 4242 1313 4296 ἐστιν.
1352 4261 1370 4294 ι
1406 4239 1538 4295 Εἶτα
1567 4243 1686 4307 πῶς
1712 4245 1835 4297 ἐπι-

1938 4238 2157 4309 inquit:
2205 4257 2224 4291 ι
2261 4237 2462 4295 Omnes
2491 4249 2682 4296 ventus
2709 4240 2877 4308 tollet,
2928 4252 2984 4297 et
3030 4242 3237 4297 auferet
3306 4252 3519 4313 tempe-

249 4329 574 4401 κουρήσειεν
601 4328 667 4384 ἂν
692 4333 803 4393 τοῖς
825 4329 1354 4401 πεπλανημένοις,ἐκ
1378 4329 1536 4397 ξύλου
1563 4333 1655 4385 καὶ
1685 4330 1835 4385 λίθου

1938 4340 2079 4387 stas.
2120 4350 2139 4386 ι
2172 4331 2488 4399 Quasnam?
2526 4330 2622 4387 Vel
2675 4338 2804 4389 deos
2837 4335 2904 4390 ab
2949 4335 3078 4405 ipsis
3155 4335 3523 4406 excogitatas,

251 4421 620 4492 πεποιημένον
670 4422 912 4494 ἄγαλμα,
965 4423 1057 4475 καὶ
1083 4422 1279 4491 τέχνης
1329 4420 1633 4492 ἀνθρώπων
1671 4423 1837 4492 εὑρή-

1937 4424 2022 4487 vel
2057 4424 2148 4492 qui
2182 4425 2412 4479 adorant
2455 4440 2570 4491 eos,
2593 4427 2685 4500 qui
2720 4440 2817 4481 ceu
2852 4426 2992 4481 cinis
3018 4436 3075 4483 et
3114 4427 3335 4496 μιῆς..
3380 4440 3513 4480 ven-

253 4530 403 4584 ματα
448 4514 667 4584 μᾶλλον,
719 4514 752 4584 ἢ
798 4514 964 4581 Θεός;
996 4512 1095 4567 Διά
1127 4512 1283 4566 τοῦτό
1336 4529 1520 4582 φησιν,
1552 4513 1635 4566 ὅτι
1688 4514 1826 4577 Τοὺς

1934 4522 2109 4568 torum
2158 4513 2515 4583 proiiciantur
2536 4513 2774 4571 ﬂatibus.
2826 4516 3004 4586 Atque
3084 4518 3184 4571 hoc
3234 4525 3345 4577 est,
3396 4513 3517 4583 opi-

251 4599 461 4661 πάντας
484 4600 681 4672 ἄνεμος
708 4601 957 4672 λήψεται,
990 4602 1085 4656 καὶ
1119 4601 1334 4655 ἀποίσει
1364 4601 1644 4670 καταιγίς.
1700 4600 1834 4655 Τού-

1936 4621 2058 4669 nor,
2091 4605 2234 4674 quod
2262 4606 2314 4660 in
2369 4605 2507 4662 libro
2538 4606 2875 4662 Psalmornm
2925 4608 3127 4662 dietum
3157 4617 3236 4662 est
3266 4626 3280 4661 :
3317 4625 3334 4657 ι
3356 4604 3518 4660 Fiant

249 4709 381 4755 τους
409 4692 488 4759 δὲ,
527 4693 701 4759 τίνας;
740 4695 812 4747 Ἢ
839 4695 965 4757 τοὺς
1027 4692 1159 4764 παρ’
1214 4691 1395 4746 αὐτῶν
1445 4693 1834 4764 ὲπινοηθέντας

1937 4706 2192 4766 tanquam
2229 4696 2456 4766 pulvisa
2488 4697 2626 4753 facie
2660 4698 2931 4764 ventinid
2949 4707 3054 4762 est,
3091 4700 3143 4752 in
3191 4698 3324 4752 niltil
3379 4696 3517 4750 reci-

251 4784 430 4851 θεοὺς,
467 4785 498 4857 ἢ
532 4787 670 4857 τάχα
711 4803 813 4839 που
850 4787 975 4851 τοὺς
1015 4784 1454 4856 προσκυνοῦντας
1500 4785 1718 4851 αὐτοὺς,
1759 4787 1831 4852 οἵ,

1937 4786 2065 4841 dent
2086 4787 2153 4841 ιτ.
2266 4786 2563 4842 Estautem
2605 4788 2845 4844 solemne
2908 4788 3200 4858 Scripturae
3258 4786 3518 4842 divinitus

252 4877 505 4949 καθάπερ
530 4877 659 4947 χοῦς
703 4878 798 4931 καὶ
837 4877 1006 4942 κόνις,
1043 4879 1162 4941 ταῖς
1205 4876 1315 4930 τῶν
1359 4876 1579 4947 ἀνέμων
1612 4878 1836 4950 ἀναρῥιο

1940 4878 2236 4949 inspiratur,
2266 4880 2623 4934 tentationum
2672 4896 2766 4936 seu
2827 4880 3211 4951 suppliciorum
3261 4878 3515 4947 impetus,

256 4969 516 5023 πτοῦνται
549 4974 753 5035 πνοαῖς.
776 4971 888 5024 Καὶ
928 4968 1106 5031 τοῦτο,
1144 4964 1318 5039 οἶμαι,
1355 4969 1470 5022 ἐστὶ
1491 4968 1552 5022 τὸ
1581 4971 1638 5022 ἐν
1672 4969 1835 5040 βίϐλῳ

1947 4972 2202 5040 procella
2250 4985 2622 5037 smpennmero
2670 4982 2723 5026 et
2764 4972 3068 5039 tempestati
3104 4984 3441 5037 comparare.

1936 4146 2153 4202 artificii
2202 4147 2481 4203 inventum
2530 4148 2705 4217 potius
2756 4163 2918 4217 quam
2983 4151 3160 4205 Deus?
3222 4149 3525 4218 Propterea

255 5059 502 5131 Ψαλμῶν
531 5062 818 5132 εἰρημένον
849 5078 860 5091 ·
889 5060 1318 5131 «Γενηθήτωσαν
1385 5059 1517 5113 ὡσεὶ
1565 5059 1694 5130 χοῦς
1734 5060 1875 5115 κατά
1910 5061 2203 5130 πρόσωπον
2272 5061 2499 5131 ἀνέμου·
2536 5080 2554 5113 ι
2590 5062 2857 5128 τουτέστι,
2899 5061 3205 5132 βαδιοῦνται
3263 5058 3399 5129 πρὸς
3460 5055 3521 5110 τὸ

254 5153 442 5228 μηδέν.
472 5154 733 5218 »Ἔθοςδὲ
766 5157 831 5226 τῇ
861 5153 1202 5224 θεοπνεύστῳ
1262 5154 1453 5226 Γραφῇ
1491 5151 1591 5216 τὰς
1656 5152 1765 5206 τῶν
1826 5154 2170 5226 πειρασμῶν,
2215 5154 2333 5225 ήτοι
2381 5153 2488 5206 τῶν
2541 5153 2815 5208 κολάσεων
2865 5153 3109 5222 ἐφόδους,
3167 5150 3389 5206 λαίλαπι
3426 5151 3520 5203 καὶ

253 5246 528 5313 καταιγίδι
557 5247 815 5310 πολλάκις
840 5247 1159 5317 ἀφομοιοῦν.

331 5340 395 5391 Ol
453 5336 522 5389 δὲ
570 5339 962 5408 ἀντεχόμενοί
1002 5358 1121 5410 μου
1170 5339 1495 5406 κτήσονται
1549 5337 1682 5409 γῆν,
1740 5339 1837 5392 καὶ

2014 5337 2180 5391 Vnus.
2238 5335 2327 5389 M.
2389 5336 2457 5387 Αι
2496 5334 2585 5401 qui
2641 5333 2940 5386 innituntur
2992 5331 3117 5385 milii
3182 5332 3516 5398 possidebunt

255 5429 792 5498 κληρονομήσουσι
859 5431 927 5485 τὸ
992 5432 1128 5499 ὅρος
1192 5430 1256 5483 τὸ
1311 5430 1482 5500 ἅγιόν
1525 5449 1681 5499 μουο
1740 5430 1840 5484 καί

1941 5438 2156 5493 terram,
2181 5437 2229 5481 et
2258 5427 2565 5480 hazreditule
2603 5435 2977 5495 consequentur
3011 5433 3235 5478 montem
3271 5433 3514 5479 sanctum
3580 5457 3584 5461 -

255 5521 486 5588 ἐροῦσι·
512 5521 885 5590 Καθαρίσατε
912 5522 1032 5576 ἀπὸ
1064 5521 1385 5589 προσώπου
1409 5524 1594 5576 αὑτοῦ
1637 5522 1836 5586 ὀδοὺς,

1942 5536 2153 5583 memu;
2190 5529 2235 5573 et
2266 5519 2480 5572 dicent:
2534 5517 2782 5571 Mundate
2821 5535 2852 5569 a
2908 5516 3041 5584 facit:
3105 5517 3219 5585 ejus
3275 5518 3405 5583 vias,
3469 5528 3515 5571 et

257 5611 354 5663 καὶ
395 5609 573 5667 ἆοατε
620 5611 829 5665 σκῶλα
880 5612 998 5667 ἀπὸ
1034 5611 1142 5678 τῆς
1177 5612 1317 5667 ὁδοῦ
1355 5613 1461 5666 τοῦ
1512 5614 1663 5667 λαοῦ
1693 5633 1832 5682 μοι’.

1943 5608 2145 5678 anfeﬂe
2170 5611 2477 5678 o/fensiones
2509 5626 2534 5665 e
2569 5611 2650 5663 via
2696 5609 2875 5678 populi
2914 5609 3035 5662 mei.

337 5785 378 5815 “
412 5782 607 5841 Ezccli.
649 5800 742 5852 vn,
775 5783 859 5836 i7.
945 5783 984 5814 ¹³
1016 5781 1118 5837 lsa.
1159 5800 1241 5851 ιιι,
1275 5784 1360 5839 ll.

1441 5784 1481 5815 ”
1509 5784 1622 5840 Jac.
1663 5802 1718 5852 ιι,
1768 5785 1847 5837 l9.
1931 5787 1992 5817 ιν
2027 5785 2224 5840 ΠίΙῘΜιΖ.
2273 5802 2330 5849 ιι,
2368 5787 2448 5840 l8.
2532 5788 2571 5817 ⁵⁵
2616 5786 2757 5841 Psal.
2790 5802 2970 5853 xxxw,
3010 5788 3060 5842 5.
