4092 6296
601 400 731 461 ηῖὶ

671 526 987 582 Necessario
1012 527 1366 582 subtexerunt
1403 527 1518 584 haec
1551 528 1948 596 superioribus.
1992 526 2164 594 Opor—
2197 528 2240 584 A

603 619 886 682 tuitenim,
918 618 1153 686 Oportuit
1207 618 1485 672 hominum
1521 618 1908 688 ﬂagitiosorum
1933 628 1988 674 et
2015 617 2164 672 dele-

597 716 811 759 ctorum
849 706 1203 773 punitionem,
1229 716 1285 760 et
1333 705 1671 775 diligentium
1731 707 1879 762 illum
1943 706 2162 777 prtemia

599 796 882 851 manifesta
912 807 966 851 et
993 798 1272 867 perspicua
1341 797 1482 853 ﬁeri.
1575 799 1738 868 807
1799 799 1878 853 Ac
1947 798 2163 866 quidem

597 889 647 940 in
694 888 1005 943 universum
1046 889 1358 958 pollicitatio
1406 889 1520 945 haec
1567 905 1694 944 vera
1741 897 1846 944 est.
1901 889 2162 957 Quisquis

595 977 738 1031 enim
774 977 942 1032 Deum
977 979 1338 1047 amplectitur,
1367 988 1424 1034 et
1451 978 1690 1048 perfecta
1731 980 1848 1050 ejus
1911 980 2161 1035 dilectio-

597 1084 662 1123 ne
693 1069 824 1123 nihil
869 1070 1018 1138 prius
1058 1080 1152 1124 aut
1186 1070 1546 1139 praestabilius
1603 1087 1723 1128 esse
1785 1079 1989 1137 censet,
2044 1086 2162 1126 om-

595 1158 864 1227 nibusque
889 1160 1044 1214 bonis
1071 1162 1320 1229 operibus
1341 1161 1585 1217 excellit:
1611 1162 1700 1216 hic
1723 1161 1826 1217 erit
1865 1172 2024 1217 terras
2058 1161 2164 1215 hae-

595 1266 702 1316 res,
737 1267 857 1320 quae
908 1253 1112 1306 sanctis
1140 1253 1406 1308 destinata
1435 1263 1544 1318 est,
1595 1268 1756 1322 quam
1787 1255 1950 1307 etiam
2011 1251 2166 1307 nobis

593 1345 854 1396 Servator
896 1342 1008 1411 ipse
1029 1343 1375 1412 signiﬁcavit,
1429 1345 1646 1399 dicens:
1695 1361 1716 1397 ι
1774 1342 1927 1399 Beati
1982 1344 2164 1409 mites,

593 1433 716 1498 quia
755 1431 854 1502 ipsi
893 1427 1236 1490 haireditario
1269 1436 1620 1505 possidebunt
1647 1444 1845 1495 terram
1885 1436 1948 1490 ιθ.
1988 1453 2008 1488 ›
2037 1435 2168 1493 San-

593 1529 740 1574 ctum
766 1528 945 1574 autent
971 1533 1206 1577 montem
1229 1525 1315 1578 hic
1341 1525 1483 1593 dico,
1515 1539 1826 1595 supremam
1865 1525 2160 1594 civitatem,

596 1609 870 1666 cmlestem
891 1609 1215 1680 Jerusalem,
1256 1614 1532 1684 pulchram
1597 1624 1908 1679 sanctorum
1968 1617 2169 1678 civita-

599 1709 725 1753 tem.
784 1699 974 1756 Psallit
1040 1704 1330 1774 siquidem,
1374 1706 1549 1775 deque
1605 1721 1670 1761 ea
1732 1707 1908 1776 inquit
1953 1707 2169 1763 divinus

599 1790 794 1846 David:
824 1793 986 1860 «Quis
1029 1797 1284 1852 ascendet
1306 1797 1362 1851 in
1395 1808 1630 1856 montem
1659 1797 1896 1864 Domini,
1921 1807 2016 1852 aut
2045 1800 2167 1868 quis

598 1883 763 1936 stabit
800 1883 853 1937 in
897 1884 1016 1940 loco
1048 1895 1238 1942 sancto
1287 1887 1456 1957 ejus?
1503 1889 1772 1946 lnnocens
1816 1891 2068 1946 manibus
2116 1901 2170 1946 et

596 1975 829 2031 mundus
885 1977 1047 2033 corde
1073 1977 1142 2035 ".
1183 1998 1202 2031 ι
1242 1979 1508 2035 Omnibus
1537 1981 1700 2050 igitur
1749 1979 1917 2036 Deum
1966 1980 2172 2049 ample-

597 2065 894 2134 ctentibus,
919 2082 1039 2124 sors
1060 2068 1161 2124 erit
1191 2077 1336 2125 terra
1355 2079 1742 2137 sanctorum,et
1767 2086 1921 2128 mons
1944 2085 2170 2126 venera-

597 2153 721 2211 bilis
755 2165 811 2212 et
858 2157 1335 2216 celebratissimus.
1408 2160 1638 2216 Videtur
1704 2170 1882 2216 autem
1923 2176 2066 2217 nunc
2105 2162 2173 2216 de

597 2245 685 2302 his
717 2248 808 2318 qui
842 2263 909 2304 ex
946 2251 1193 2305 tribubus
1231 2250 1474 2307 Judaicis
1509 2253 1864 2310 crediderunt
1895 2255 2062 2308 verba
2086 2253 2164 2307 fa-

598 2348 724 2392 cere
759 2354 773 2390 :
814 2354 1041 2408 quorum
1067 2340 1318 2409 primitia:
1350 2357 1415 2397 ac
1444 2344 1602 2413 primi
1641 2345 1972 2400 exstiterunt
2003 2344 2172 2399 divini

598 2423 871 2494 discipuli,
914 2427 1257 2486 dilectionem
1307 2431 1508 2487 Christi
1575 2433 1856 2489 mordicus
1905 2441 2172 2500 tenentes,

597 2523 654 2570 et
681 2517 838 2572 ﬁdem
876 2517 932 2572 in
985 2519 1078 2575 illo
1145 2521 1523 2577 inconcussam
1587 2523 1869 2588 habentes,
1919 2534 1975 2578 et
2039 2525 2175 2580 obc-

599 2605 859 2662 dientiam
892 2609 1442 2680 irrepreltensibilem,
1467 2621 1522 2667 et
1555 2613 1888 2670 charitatem
1938 2615 2172 2674 indivul-

603 2712 740 2752 sam.
804 2697 1003 2753 Dicunt
1069 2701 1376 2770 siquidem:
1413 2721 1433 2754 ι
1473 2702 1603 2768 Quis
1661 2719 1759 2759 nos
1817 2706 2094 2775 separabit
2143 2721 2174 2760 a

599 2790 889 2846 dilectione
941 2790 1193 2848 Christi?
1233 2791 1504 2849 Aﬂlictio?
1537 2810 1661 2850 nnnt
1705 2797 2004 2865 angustia?
2034 2800 2169 2852 num‘

596 2880 902 2944 persecutio
928 2880 952 2934 ?
979 2897 1108 2936 num
1145 2882 1362 2938 fames?
1417 2899 1548 2937 num
1596 2886 1853 2942 nuditas?
1899 2902 2024 2941 num
2083 2902 2180 2956 pe-

599 2969 870 3026 riculum?
912 2987 1038 3028 num
1062 2973 1269 3043 gladius
1297 2974 1380 3030 “‘l
1423 2995 1443 3029 ›
1480 2977 1546 3032 Hi
1581 2987 1708 3032 sunt
1758 2978 1999 3034 haeredes
2022 2979 2171 3048 regni

565 3063 895 3120 caelorum:
926 3075 980 3120 et
1019 3075 1217 3122 terram
1273 3083 1559 3138 supernam
1618 3072 1988 3140 possidebunt,
2056 3086 2176 3141 qua:

1618 402 1673 484 S.
1715 399 1990 458 CYRILLI
2034 395 2503 468 ALEXANDBINI
2539 389 2858 451 ARCHIEP.

3718 385 3857 440 1272

2355 519 2690 589 ’Δναγκαίως
2725 518 3080 588 ἑπενήνεκται
3123 516 3236 579 τοῖς
3278 515 3469 570 ἀνόπιν
3519 514 3615 566 καὶ
3658 510 3852 566 ταῦτα.

2271 611 2420 665 Ἔδει
2438 611 2569 680 γὰρ,
2592 610 2696 662 ἔδει
2720 608 2936 662 καὶτῶν
2964 607 3460 678 φιλαμαρτημόνων
3483 603 3582 659 καὶ
3613 606 3854 657 ἀποστα-

2266 702 2375 756 τῶν
2401 702 2607 772 ὲναργῆ
2635 700 2890 769 γενέσθαι
2927 699 3024 769 τὴν
3061 699 3300 762 κόλασιν,
3336 697 3430 751 καὶ
3456 695 3565 749 τῶν
3593 693 3852 762 ἀγαπών-

2266 811 2376 847 των
2434 793 2596 846 αὐτὸν
2629 792 2699 844 τά
2749 791 2906 861 ἔργα.
2964 791 3074 843 Καὶ
3131 788 3360 842 καθόλου
3415 789 3513 857 μὲν
3566 785 3774 854 ἀληθὴς
3818 786 3851 855 ἡ

2268 886 2560 954 ὑπόσχεσις
2582 899 2594 912 ·
2627 883 2774 944 ἄπας
2800 881 2908 951 γάρ
2945 881 3079 944 εἴτις
3115 880 3398 949 ἀντέχεται
3430 878 3586 943 Θεοῦ,
3625 878 3720 930 καὶ
3757 877 3856 945 τῆς

2268 977 2349 1038 εἰς
2369 975 2530 1028 αὑτὸν
2564 975 2784 1042 ἀγάπης
2813 971 3089 1033 ὁλοτελοῦς
3125 969 3276 1023 οὐδὲν
3329 971 3540 1039 ἡγεῖται
3591 968 3652 1020 τδ
3701 968 3858 1038 ἀμει-

2273 1085 2385 1132 νον,
2442 1065 2738 1136 διαπρέπει
2785 1064 2842 1117 δὲ
2893 1063 2988 1124 καὶ
3044 1063 3112 1115 δι’
3174 1061 3393 1130 ἀπάσης
3461 1059 3856 1129 ἀγαθουργίας·

2270 1153 2424 1222 οὗτος
2454 1157 2608 1210 ἔσται
2641 1155 2976 1227 κληρονόμος
3004 1154 3106 1224 τῆς
3143 1151 3553 1223 ήτοιμασμένης
3582 1150 3689 1220 γῆς
3743 1152 3858 1212 τοῖς

2270 1252 2468 1320 ἁγίοις,
2496 1250 2562 1321 ἢν
2595 1249 2660 1319 δὴ
2700 1249 2793 1302 καὶ
2836 1246 2998 1309 αὐτὸς
3026 1247 3158 1314 ἡμῖν
3189 1247 3217 1297 ό
3257 1242 3448 1313 Σωτὴρ
3485 1242 3859 1311 κατεσήμαινε

2266 1341 2471 1409 λέγων·
2517 1357 2536 1391 ι
2561 1339 2835 1408 Μακάριοι
2873 1337 2922 1389 oi
2962 1337 3176 1404 πραεῖς,
3220 1334 3301 1386 ὅτι
3334 1332 3487 1384 αὐτοὶ
3519 1330 3861 1400 κληρονομή-

2275 1448 2428 1484 σουσι
2470 1429 2569 1499 τὴν
2605 1428 2770 1498 γῆν.»
2811 1428 2976 1496 Ὅρος
3011 1425 3068 1476 δὲ
3105 1424 3258 1493 ἅγιον
3309 1424 3374 1474 ὲν
3440 1420 3653 1483 τούτοις
3693 1422 3861 1490 φημὶ,

2267 1523 2409 1594 τάχα
2429 1539 2532 1575 που
2551 1520 2648 1590 τὴν
2664 1519 2776 1573 ἄνω
2797 1518 2972 1583 πόλιν,
2996 1516 3094 1585 τὴν
3120 1513 3441 1582 ἐπουράνιον
3479 1513 3862 1584 Ἰερουσαλὴμ,

2267 1611 2366 1681 τὴν
2412 1609 2520 1664 τῶν
2587 1609 2758 1676 ἁγίων
2799 1604 3138 1660 καλλίπολιν.
3191 1603 3399 1656 Ψάλλει
3443 1603 3554 1670 γάρ
3591 1619 3722 1665 που,
3772 1602 3864 1654 καί

2269 1719 2402 1774 φησι
2439 1703 2568 1772 περὶ
2609 1700 2780 1768 αὑτῆς
2825 1699 2853 1750 ὁ
2891 1697 3177 1760 θεσπέσιος
3213 1695 3409 1748 Δαϐίδο
3464 1713 3482 1746 ι
3506 1694 3607 1757 Τίς
3658 1693 3862 1762 ἀναϐή-

2271 1811 2422 1848 σεται
2462 1795 2539 1856 είς
2586 1793 2646 1845 τὸ
2672 1793 2796 1862 ὅρος
2825 1789 3069 1860 κυρίους
3105 1788 3138 1858 ἢ
3180 1786 3264 1850 τίς
3293 1787 3548 1856 στήσεται
3595 1787 3658 1840 ὲν
3703 1787 3861 1856 τόπῳ

2199 1855 2241 1914 Β
2274 1885 2412 1956 ἁγίῳ
2440 1883 2640 1949 αὐτοῦς
2685 1855 2879 1945 ’Ᾱθῶος
2908 1855 3085 1952 χερσὶ,
3115 1855 3206 1933 καὶ¹
3226 1855 3462 1950 καθαρὸς
3490 1880 3556 1949 τῇ
3589 1878 3815 1949 καρδία.
3834 1855 3861 1932 ν»

2273 1973 2478 2028 Οὐκοῦν
2504 1973 2675 2035 ἀπασι
2711 1974 2822 2034 τοῖς
2853 1969 3231 2039 ἀντεχομένοις
3260 1968 3422 2034 Θεοῦ,
3454 1969 3661 2040 κλῆρος
3710 1968 3862 2021 ἐσται

2272 2066 2382 2120 τῶν
2413 2064 2649 2134 ἀγίωνή
2695 2063 2788 2133 γῆ,
2825 2062 2920 2115 καὶ
2966 2060 3028 2115 τὸ
3077 2061 3273 2112 σεπτόν
3322 2076 3382 2112 τε
3427 2059 3522 2112 καὶ
3574 2058 3862 2130 διαϐόητον

2271 2156 2418 2228 ὅρος.
2445 2157 2630 2209 Ἔοικε
2653 2154 2709 2206 δὲ
2737 2155 2853 2207 νυνῖ¹
2887 2153 3015 2223 περὶ
3038 2150 3144 2203 τῶν
3169 2151 3574 2204 πιστευσάντων
3595 2152 3677 2214 εἰς
3698 2151 3861 2203 αὐτὸν

2272 2250 2337 2302 ὲκ
2365 2248 2473 2302 τῶν
2513 2244 2817 2300 Ἰουδαϊκῶν
2843 2243 3138 2312 ταγμάτων
3181 2241 3447 2296 ποιεῖσθαι
3476 2242 3604 2304 soi»;
3649 2240 3860 2308 λόγους,

2273 2331 2348 2392 ὧν
2393 2335 2616 2407 ἀπαρχὴ
2643 2335 2734 2389 καὶ
2763 2333 2970 2404 πρῶτοι
2991 2332 3276 2401 γεγόνασιν
3305 2331 3354 2383 οἱ
3381 2329 3663 2383 θεσπέσιοι
3690 2329 3852 2398 μαθή⁸

2272 2429 2386 2495 ταὶ,
2428 2431 2530 2499 τῆς
2551 2429 2631 2490 είς
2659 2425 2895 2497 Χριστὸν
2928 2424 3149 2493 ἀγάπης
3173 2421 3342 2494 ἀπρὶξ
3371 2421 3645 2492 ἐχόμενοι,
3691 2421 3860 2491 ἀκράο

2273 2522 2462 2576 δαντον
2487 2521 2701 2591 ἔχοντες
2740 2519 2828 2571 ἐπ’
2867 2516 3016 2588 αὑτῴ
3042 2515 3139 2587 τὴν
3168 2516 3370 2578 πίστιν,
3413 2516 3505 2568 καὶ
3538 2513 3860 2584 ἀδιάϐλητον

2276 2612 2375 2684 τὴν
2414 2610 2716 2681 ὑποταγὴν,
2761 2611 2857 2662 καὶ
2892 2609 3258 2662 ἀδιάσπαστον
3293 2607 3390 2678 τὴν
3437 2607 3683 2675 ἀγάπην.
3727 2606 3859 2657 Φασὶ

2274 2704 2428 2772 γοῦν,
2451 2705 2532 2756 ὅτι
2587 2722 2604 2753 ‹
2637 2701 2732 2765 Τίς
2775 2701 2922 2772 ἡμᾶς
2959 2699 3181 2770 χωρίσει
3222 2698 3331 2751 ἀπὸ
3371 2698 3470 2767 τῆς
3500 2698 3732 2766 ἀγάπης
3775 2697 3860 2749 to?-

2274 2793 2533 2866 Χριστοῦ;
2565 2790 2828 2862 θλίψις,ἢ
2858 2788 3188 2861 στενοχωρία
3207 2827 3222 2850 ,
3252 2789 3284 2859 ἦ
3314 2788 3586 2858 διωγμὸς,
3620 2787 3655 2856 ἦ
3677 2787 3858 2856 λιμὸς.

2275 2885 2648 2956 ἢγυμνότης,
2685 2883 2718 2954 ἢ
2748 2881 3020 2946 κίνδυνος,
3064 2881 3096 2951 ἢ
3140 2881 3409 2954 μάχαιρα;
3436 2899 3452 2930 ι
3503 2875 3668 2932 Οὗτοι
3711 2880 3862 2947 γεγό-

2277 2992 2402 3030 νασι
2457 2975 2558 3044 τῆς
2609 2973 2718 3028 τῶν
2757 2972 3004 3044 οὐρανῶν
3049 2971 3326 3043 βασιλείας
3373 2970 3728 3040 κληρονόμοι,
3777 2971 3862 3023 καὶ

2275 3069 2681 3138 κατεκτήσαντο
2711 3067 2814 3137 γῆν
2843 3067 2942 3136 τὴν
2973 3066 3085 3120 ἀνω
3119 3067 3217 3137 τὴν
3243 3068 3354 3128 τοῖς
3392 3064 3628 3136 πραέσιν
3668 3065 3861 3134 ηὐτρεο
3889 3067 3891 3070 ⁴

600 3157 897 3212 mansuetis
941 3169 1024 3213 est
1058 3169 1380 3228 praeparata.
1414 3159 1683 3216 Convenit
1744 3163 2168 3220 mansuetudinis

2277 3159 2568 3228 πισμένην.
2608 3157 2814 3229 Πρέποι
2839 3157 2884 3210 δ’
2910 3157 2975 3208 ἂν
3004 3156 3065 3208 τὸ
3088 3158 3184 3226 τῆς
3217 3155 3525 3250 πραότητος
3554 3155 3728 3225 ὄνομα
3753 3159 3860 3218 τοῖς

599 3260 815 3310 nomen,
886 3249 1253 3318 evangelicam
1339 3251 1506 3309 vitam
1578 3252 1918 3323 degentibus,
1971 3253 2170 3324 quibus

597 3336 763 3391 etiam
792 3337 1042 3394 Christus
1073 3343 1330 3412 prmeepit
1378 3357 1446 3396 ne
1501 3342 1889 3409 irascerentur,
1924 3360 1993 3400 ne
2036 3346 2172 3400 ulci-

601 3438 881 3482 scerentur
907 3446 1234 3499 quemquam
1269 3448 1454 3487 eorum
1489 3434 1579 3503 qui
1640 3433 2014 3490 oﬂendcrunt:
2077 3438 2172 3491 sed

600 3523 772 3569 nteos
815 3515 905 3584 qui
959 3517 1142 3572 hostes
1172 3529 1318 3584 sunt,
1355 3521 1636 3576 beneficiis
1690 3531 2166 3590 prosequerentur.

604 3623 622 3652 ι
649 3602 957 3660 Benelacite
974 3606 1177 3673 enim,»
1212 3608 1683 3678 inquit,cinimicis
1706 3611 1922 3678 vestris,
1957 3622 2010 3666 et
2040 3627 2168 3667 ora-

599 3703 650 3748 te
677 3709 776 3764 pro
808 3693 895 3751 his
942 3697 1034 3766 qui
1084 3697 1422 3754 insectantur
1458 3715 1572 3757 vos.
1617 3701 1683 3756 Et
1732 3705 2055 3772 percutienti
2119 3715 2171 3760 te

597 3790 653 3842 in
686 3786 928 3841 dextram
961 3788 1257 3854 maxillam,
1302 3789 1353 3845 ei
1384 3790 1604 3847 obverte
1633 3801 1687 3848 et
1713 3794 1939 3849 alteram
1960 3794 2170 3851 “.iPa-

600 3875 806 3934 tientiae
855 3887 910 3933 et
976 3881 1408 3937 mansuetudinis
1460 3897 1687 3939 summm
1735 3894 1820 3941 est
1865 3885 1950 3940 his
2008 3887 2172 3942 rebus

597 3966 881 4025 excellere.
949 3967 1372 4036 Possidentihus.
1411 3973 1603 4042 inquit,
1639 3985 1839 4031 terram
1917 3985 1972 4032 et
2018 3992 2172 4040 mon-

597 4065 701 4108 tem
727 4066 998 4124 sanctum,
1029 4059 1175 4115 velut
1223 4061 1274 4114 in
1295 4064 1656 4132 promissione
1684 4075 1740 4121 et
1778 4081 1874 4136 spe
1909 4067 2119 4122 dicetur
2146 4085 2160 4122 :

600 4166 619 4197 ι
660 4147 914 4205 Mundate
939 4166 967 4203 a
997 4150 1136 4208 facie
1163 4152 1280 4221 ejus
1311 4155 1458 4210 vias:
1490 4174 1510 4207 ι
1569 4156 1622 4210 id
1664 4167 1766 4222 est,
1809 4167 1977 4225 certe,
2009 4176 2030 4210 ι
2068 4157 2171 4213 Pa-

593 4248 709 4293 rate
736 4239 876 4293 viam
920 4241 1156 4307 Domini,
1208 4254 1384 4301 rectas
1415 4246 1574 4302 facite
1602 4249 1828 4308 semitas
1856 4249 1970 4319 ejus
2024 4250 2092 4304 '°.
2142 4269 2161 4303 ι

593 4332 875 4399 Quomodo
906 4343 1086 4390 autem
1113 4338 1435 4407 prazparatio
1484 4338 1599 4394 haec
1643 4349 1947 4411 peragetur,
1985 4340 2166 4406 decla-

595 4423 754 4492 ravit,
791 4425 1073 4494 inquiens:
1113 4444 1133 4478 ι
1169 4427 1360 4484 Tollite
1384 4426 1715 4486 oﬂensioncs
1767 4431 1834 4486 de
1861 4431 1948 4485 via
1975 4433 2161 4502 populi

2276 3249 2376 3320 τὴν
2401 3247 2762 3316 εὑαγγελικὴν
2802 3245 3071 3300 διαϐιοῦσι
3131 3245 3298 3316 ζωὴν,
3325 3239 3405 3308 οἷς
3436 3247 3530 3299 καὶ
3561 3248 3863 3315 προστέταο

2271 3357 2364 3410 χεν
2410 3342 2438 3393 ό
2475 3337 2708 3412 Χριστὸς
2763 3338 2825 3391 τὸ
2878 3337 2952 3408 μὴ
3000 3336 3313 3408 ὀργίζεσθαι
3363 3338 3491 3399 δεῖν,
3552 3339 3691 3406 μήτε
3750 3337 3859 3406 μὴν

2270 3427 2571 3498 ἀμύνεσθαί
2611 3444 2768 3490 τινας
2823 3427 2931 3480 τῶν
2983 3426 3387 3497 λελυπηκότων,
3435 3427 3758 3494 ἐπείγεσθαι
3803 3426 3860 3480 δὲ

2273 3519 2472 3589 μᾶλλον
2505 3519 2813 3589 εὐεργετεῖν
2871 3517 3118 3581 καὶτοὺς
3157 3521 3214 3570 ὲν
3244 3517 3390 3582 τάξει
3431 3518 3728 3584 γεγονότας
3749 3516 3863 3569 τῶν

2274 3607 2620 3682 ὲχθρῶν.ιΕὗ
2641 3613 2874 3663 ποιεῖτε»
2897 3609 3024 3680 γὰρ,
3053 3610 3237 3678 φησ“ι,(
3270 3609 3389 3671 τοὺς
3414 3606 3637 3676 ἐχθροὺς
3667 3608 3862 3676 ὑμῶν,

2271 3701 2366 3754 καὶ
2395 3700 2762 3771 προσεύχεσθε
2809 3701 2950 3770 ὑπὲρ
2984 3699 3091 3752 τῶν
3122 3700 3523 3771 ἐπηρεαζόντων
3548 3699 3721 3767 ὑμᾶς,
3764 3701 3866 3753 καὶ

2270 3790 2349 3860 τῷ
2378 3791 2592 3845 παίοντί
2629 3807 2686 3842 σε
2716 3794 2794 3854 εἰς
2826 3790 2924 3860 τὴν
2955 3789 3136 3854 δεξιὰν
3173 3791 3414 3858 σιαγόνα.
3446 3789 3678 3860 στρέψον
3707 3791 3862 3860 αὑτῷ

2271 3883 2364 3937 καὶ
2391 3883 2487 3954 τὴν
2509 3882 2698 3954 ἄλλην.
2727 3901 2745 3935 ι
2792 3881 3172 3948 Ἀνεξικακίας
3199 3883 3254 3936 δὲ
3286 3883 3378 3936 καὶ
3417 3882 3727 3954 πραότητος
3757 3881 3860 3951 τῆς

2271 3976 2351 4039 είς
2397 3975 2566 4044 ἄκρον
2597 3974 2873 4040 ἀπόδειξις
2905 3976 2971 4029 ἂν
3021 3976 3106 4048 εἴη
3141 3976 3200 4028 τὺ
3245 3974 3569 4046 διαπρέπειν
3617 3977 3675 4027 ὲν
3731 3973 3860 4026 τοί-

2269 4082 2401 4129 τοις.
2433 4065 2559 4128 Τοῖς
2586 4065 2642 4118 δέ
2675 4082 2740 4133 γε
2763 4067 3128 4137 κτησαμένοις
3153 4065 3252 4136 τὴν
3291 4067 3394 4135 γῆν
3422 4067 3516 4118 καὶ
3542 4065 3604 4118 τὸ
3635 4065 3765 4136 ὅρος
3801 4066 3859 4117 τὸ

2269 4155 2444 4223 ἅγιον,
2496 4154 2573 4218 ὼς
2623 4157 2680 4207 ἐν
2733 4155 3022 4226 ὑποσχέσει
3074 4157 3166 4210 καὶ
3212 4157 3269 4208 ἐν
3314 4155 3491 4208 ἐλπίδι
3533 4154 3854 4226 ῥηθήσεται,

2269 4246 2422 4314 φησί·
2475 4264 2493 4296 ι
2519 4245 2869 4316 Καθαρίσατε
2921 4245 3028 4302 ἀπὸ
3069 4245 3360 4316 προσώπου
3411 4245 3578 4299 αὑτοῦ
3618 4245 3796 4308 ὁδούς·
3834 4263 3851 4296 ι

2267 4331 2422 4386 τοῦτό
2445 4335 2590 4386 ἐστιν
2609 4333 2852 4403 ἐναργῶς
2865 4333 2945 4401 τὸ,
2964 4353 2981 4385 ι
3005 4332 3360 4404 Ἑτοιμάσατε
3375 4334 3472 4405 τὴν
3485 4335 3603 4387 ὁδὸν
3627 4335 3855 4402 Κυρίου,

2269 4423 2485 4488 εὐθείας
2529 4427 2730 4478 ποιεῖτε
2765 4423 2866 4487 τὰς
2896 4425 3115 4495 τρίϐους
3138 4425 3362 4480 αὑτοῦ.»
3401 4426 3536 4478 Τίνα
3567 4425 3626 4478 δὲ
3653 4426 3857 4496 τρόπον

594 4513 720 4578 mei,
754 4531 774 4566 ι
811 4514 862 4568 id
893 4525 993 4581 est,
1022 4517 1162 4570 viam
1191 4517 1381 4572 salutis
1411 4532 1508 4588 per
1533 4519 1691 4574 ﬁdem
1723 4519 1938 4588 planam
1973 4530 2028 4588 et
2064 4536 2163 4576 ex-

2268 4517 2299 4584 ή
2333 4516 2619 4586 ὲτοιμασία
2649 4517 2967 4587 πράττεται,
2997 4517 3325 4589 διεσάφησεν
3350 4516 3520 4573 εἰπών
3539 4531 3555 4546 ⁶
3602 4535 3623 4569 ι
3654 4520 3856 4589 ’Ἄρατε

594 4605 828 4674 peditam
859 4607 1068 4662 cunctis
1124 4617 1282 4662 terrae
1335 4609 1525 4664 incolis
1557 4608 1759 4665 facite:
1785 4611 1920 4665 nihil
1949 4611 2019 4666 sit
2071 4627 2162 4668 as-

591 4712 779 4766 perum
823 4707 917 4753 aut
969 4698 1219 4754 arduum.
1256 4698 1365 4754 Lex
1396 4705 1538 4755 enim
1565 4699 1798 4756 Mosaica
1851 4703 2165 4758 misericor-

590 4786 733 4840 diam
770 4787 1066 4851 nesciebat,
1119 4797 1174 4843 et
1221 4790 1390 4860 808
1471 4790 1700 4846 dilIicilis
1755 4803 1906 4848 erat:
1976 4808 2165 4850 omnes

588 4877 731 4930 enim
771 4877 996 4930 multum
1021 4876 1362 4943 oﬂ‘endimus,
1395 4889 1449 4933 et
1501 4880 1586 4933 vix
1668 4882 1893 4950 reperiri
1951 4892 2165 4951 poterat

588 4968 676 5035 qui
701 4983 922 5036 prorsus
952 4968 1090 5022 liber
1111 4977 1274 5032 esset,
1346 4977 1399 5023 et
1437 4986 1554 5024 eam
1614 4972 1883 5040 inculpate
1939 4975 2164 5043 implere

590 5069 792 5126 posset.
826 5054 978 5112 Unde
1011 5057 1176 5110 divini
1235 5057 1480 5125 discipuli
1536 5059 1619 5114 his
1695 5062 1784 5129 qui
1833 5072 1954 5131 post
2004 5063 2160 5117 ﬁdem

591 5150 654 5204 ad
683 5150 814 5217 legis
843 5149 1060 5202 umbras
1113 5149 1313 5203 reverti
1374 5146 1681 5214 voluerunt,
1758 5151 2011 5207 dicebant
2043 5168 2059 5206 :
2098 5151 2163 5206 Et

591 5258 732 5296 nunc
771 5241 899 5310 quid
943 5239 1162 5295 tentatis
1243 5239 1431 5303 Deum,
1493 5250 1550 5293 ut
1606 5242 1895 5311 imponatis
1969 5243 2158 5313 jngum

588 5335 724 5389 collo
747 5332 1156 5402 discipulorum,
1207 5333 1347 5402 quod
1383 5347 1558 5402 neque
1611 5350 1710 5390 nos
1743 5350 1919 5404 neque
1980 5347 2162 5405 patres

588 5428 757 5483 nostri
782 5435 999 5495 portare
1043 5426 1328 5480 valuerunt
1357 5427 1398 5456 “
1423 5425 1444 5479 ἲ
1473 5427 1616 5480 Dixit
1651 5427 1777 5481 item
1812 5427 2030 5492 Paulus,
2087 5429 2162 5481 le-

587 5530 706 5583 gem
735 5516 1223 5585 transgressionnm
1244 5529 1404 5576 causa
1443 5516 1742 5585 appositam
1814 5531 1978 5571 esse:
2037 5532 2158 5569 nam

589 5599 673 5658 lex
723 5614 1004 5675 peccatum
1035 5606 1245 5677 arguit:
1282 5615 1334 5662 et
1378 5607 1470 5676 qui
1527 5608 1593 5661 ad
1644 5621 1762 5661 eam
1797 5606 2163 5679 impingcbant

663 5779 704 5812 ὀ
736 5777 922 5834 Matth.
949 5796 1001 5845 ν,
1033 5780 1085 5837 4.
1166 5783 1205 5813 ¹⁷
1235 5782 1369 5837 Psal.
1404 5798 1555 5846 xxm.
1589 5782 1643 5849 ‘5,
1673 5785 1726 5841 4.
1769 5783 1810 5816 ⁸⁸
1849 5785 1996 5839 liom.
2024 5796 2141 5848 vut,

2341 5783 2380 5815 η
2414 5783 2601 5836 nanti.
2634 5798 2682 5848 ν,
2721 5782 2804 5836 ιι.
2881 5783 2924 5814 ὀ
2956 5779 3055 5836 lsa.
3095 5796 3180 5843 ιι.
3218 5781 3270 5834 5-

2266 4607 2454 4661 σκῶλα
2476 4607 2584 4660 ἀπὸ
2609 4610 2706 4679 τῆς
2740 4607 2861 4661 ὁδοῦ
2891 4607 2985 4661 τοῦ
3015 4607 3147 4661 λαοῦ
3185 4625 3314 4679 μου·
3344 4627 3361 4661 ι
3416 4608 3855 4672 τουτέστι,).εἰαν

2262 4696 2354 4750 καὶ
2375 4697 2635 4769 εὐήλατον
2661 4699 2977 4766 ἀποδείξατε
3001 4703 3111 4765 τοῖς
3144 4702 3247 4755 ἀνὰ
3274 4704 3454 4755 πᾶσαν
3480 4703 3580 4772 τὴν
3611 4703 3722 4771 γῆν
3763 4705 3853 4770 τῆς

2260 4786 2351 4840 διὰ
2408 4789 2642 4852 πίστεως
2691 4792 2962 4862 σωτηρίας
3017 4791 3113 4863 τὴν
3169 4792 3326 4846 όδόν*
3382 4793 3552 4863 μηδὲν
3603 4793 3752 4846 ἔστω
3801 4791 3856 4843 τὺ

2261 4883 2433 4952 τραχὺ
2488 4881 2582 4936 καὶ
2614 4882 2858 4946 ἄναντες.
2904 4884 2959 4936 Ὁ
2997 4883 3096 4950 μὲν
3125 4882 3232 4954 γάρ
3265 4883 3428 4953 νόμος
3477 4883 3567 4937 διά
3610 4883 3855 4944 Μωσέως

2269 4971 2438 5023 ἐλεεῖν
2469 4972 2570 5024 οὑκ
2603 4971 2888 5040 ⁹ἰτπίστατο,
2939 4973 3033 5026 καὶ
3065 4973 3508 5045 δυσκατόρθωτος
3538 4969 3610 5044 ἦν
3629 4991 3642 5004 ο
3686 4970 3858 5026 πολὶά

2269 5060 2377 5131 γὰρ
2409 5063 2670 5133 πταίομεν
2696 5062 2955 5126 ἅπαντες,
2998 5065 3090 5117 καὶ
3119 5064 3440 5134 δυσεύρετος
3465 5059 3535 5134 ἦν
3565 5065 3597 5116 ό
3620 5065 3860 5117 εἰσάπαν

2268 5153 2567 5224 ἐλεύθερος,
2622 5154 2713 5207 καὶ
2745 5156 3060 5226 ἀμωμήτως
3105 5155 3268 5208 αὑτὸν
3301 5155 3650 5225 άποπεράναι
3697 5155 3864 5207 δυνὰο

2271 5262 2452 5315 μενος.
2484 5245 2595 5299 Καὶ
2629 5247 2758 5314 γοῦν
2793 5245 3029 5314 ἔφασκον
3069 5250 3116 5298 οἱ
3159 5246 3432 5300 θεσπέσιοι
3471 5245 3721 5316 μαθηταὶ
3750 5246 3864 5306 τοῖς

2273 5336 2411 5406 μετὰ
2434 5337 2532 5405 τὴν
2565 5336 2746 5389 πίστιν
2780 5337 2871 5390 ἐπὶ
2897 5337 2995 5399 τὰς
3027 5335 3119 5388 τοῦ
3149 5337 3312 5406 νόμου
3344 5338 3504 5400 σκιὰς
3537 5337 3864 5390 ὑπονοστεῖν

2269 5428 2531 5482 ἐθέλουσιο
2566 5428 2676 5481 Καὶ
2715 5427 2808 5480 νῦν
2849 5427 2902 5480 τί
2951 5427 3240 5496 πειράζετε
3275 5427 3364 5480 τὸν
3392 5427 3548 5490 Θεὸν,
3587 5426 3866 5479 ἐπιθεῖναι

2268 5518 2358 5570 τὸν
2403 5518 2561 5587 ζυγὸν
2600 5519 2693 5571 ἐπὶ
2737 5518 2828 5571 τὸν
2870 5517 3137 5589 τράχηλον
3159 5517 3265 5571 τῶν
3300 5517 3585 5588 μαθητῶν,
3632 5517 3693 5569 ὃν
3734 5514 3870 5568 οὔτε

2269 5609 2448 5678 ἡμεῖς,
2476 5607 2596 5660 οὔτε
2627 5609 2672 5660 οί
2698 5607 2927 5678 πατέρες
2958 5608 2990 5677 ἡ
3000 5605 3119 5675 μῶν
3140 5606 3364 5675 ἴσχυσαν
3384 5605 3657 5674 βαστάσαι
3682 5604 3872 5672 ;”Ε-ςη

3349 5782 3392 5812 ’ί
3430 5779 3624 5836 Matth.
3656 5795 3740 5844 xl,
3777 5777 3874 5833 46.
