4078 6292
429 295 572 352 1273

1521 293 1589 352 ια
1626 295 1865 354 ISAIAI
1901 295 2033 355 LIB.
2077 298 2140 357 ν.
2183 295 2419 356 TOHUS
2452 297 2545 356 ιη.

3560 293 3694 350 12Ἱᾶ

429 411 487 467 δὲ
530 410 625 464 καὶ⁵
660 410 689 467 ὁ
730 408 961 475 Παῦλος,
1010 407 1092 465 ὅτι
1121 411 1213 464 καὶ
1232 412 1264 465 ὑ
1293 414 1478 484 νόμος,
1509 416 1620 469 τῶν
1650 415 2008 487 παραϐάσεων

2119 416 2525 486 reprehensioni
2553 423 2711 471 erant
2745 423 2803 471 et
2838 413 3171 470 accusationi
3216 413 3460 468 obnoxii.
3508 410 3694 481 itaque

431 501 594 573 χάριν
645 499 974 574 προσετέθη*
1023 499 1241 575 ἐλεγχος
1282 503 1390 575 γὰρ
1434 506 1704 577 ἁμαρτίας
1748 508 1777 561 ὀ
1821 506 2007 581 νόμος,

433 590 529 645 καὶ
557 589 706 661 αὑτῷ
736 589 1185 661 προσπταίοντες,
1218 591 1323 645 ὑπὸ
1357 593 1545 664 μῶμον
1571 589 1711 667 ἦσαν
1752 597 1849 649 καὶ
1874 612 2010 665 γρα.

434 682 561 752 φήν.
601 680 864 734 Ἐκὼλυον
881 674 972 733 οὖν
1005 682 1114 751 ἄρα
1128 684 1226 752 τῆς
1242 683 1466 752 ἐννόμου
1495 684 1642 755 ζωῆς
1678 686 1740 739 τὸ
1770 686 2008 756 δυσήνυ-

434 787 525 824 τον
544 807 559 823 .
608 770 747 823 Ἀλλ’
766 770 1026 840 αίρέσθω,
1050 771 1239 842 φησὶν,
1262 772 1325 825 ἐκ
1351 772 1516 840 μέσον
1536 790 1549 803 ’
1581 776 1614 845 η
1643 775 1700 828 δὲ
1751 775 2010 847 εὑστιὸὴς

437 861 530 915 καὶ
582 861 838 932 ἀνιδρωτὶ
894 862 972 930 (1)
1049 862 1283 932 βάσιμος
1342 863 1745 919 ἀναδεικνύσθω
1801 866 2008 937 τρίϐος,

433 949 690 1013 τουτέστι,
714 953 814 1021 τῆς
841 949 1210 1020 εὑαῃελικῆς
1258 951 1532 1015 πολιτείας
1570 954 1605 1024 η
1641 954 1867 1025 δύναμις
1909 954 2009 1029 τὴν

432 1041 608 1110 ἀληθῆ
664 1041 923 1114 λατρείαν
973 1041 1323 1113 εἰσφέρουσα.
1373 1044 1518 1114 Ἔφη
1561 1061 1615 1099 τι
1650 1046 1890 1101 τοιοῦτον
1916 1047 2010 1101 καὶ

432 1131 659 1203 ἑτέρωθί
690 1150 793 1186 που
845 1132 978 1196 Θεὸς
1021 1132 1160 1205 πρὸς
1201 1134 1327 1198 τοὺς
1373 1133 1561 1203 ἁγίους
1596 1135 2009 1206 μυσταγωγούς’

436 1249 454 1281 ι
488 1220 792 1293 Πορεύεσθε
822 1223 910 1276 διὰ
934 1222 1041 1276 τῶν
1079 1222 1263 1277 πυλῶν
1307 1240 1431 1294 μου,
1462 1224 1557 1279 καὶ
1583 1225 1710 1289 τοὺς
1736 1226 1915 1291 λίθους
1946 1230 2011 1283 ἐκ

2114 506 2299 576 legalis
2326 508 2450 562 vitas
2477 505 2819 561 diliicultates
2851 504 3267 574 prohibuerunt.
3317 502 3423 557 Sed
3455 501 3693 557 tollatur.

2112 597 2311 667 inquit,
2327 598 2395 652 de
2413 598 2610 652 medio.
2630 598 2698 652 At
2717 596 2901 664 pervia
2927 594 3111 651 etsine
3131 594 3326 647 sudore
3352 586 3697 660 permeabilis

2113 691 2201 745 via
2224 691 2561 754 ostendatur,
2603 688 2658 742 id
2705 695 2816 749 est.
2873 685 3201 757 evangelica
3262 681 3696 739 conversationis

2112 781 2277 836 viset
2314 781 2453 837 ratio
2497 794 2687 835 verum
2753 779 2958 835 cultum
3016 779 3296 831 inducens.
3354 774 3501 828 Dixit
3566 770 3694 825 alibi

2115 884 2331 939 quoque
2372 870 2515 926 Deus
2578 873 2685 927 tale
2753 870 3010 940 quiddam
3058 868 3263 923 sanctis
3321 861 3691 936 mystagogis:

2119 979 2140 1014 ι
2172 959 2250 1016 Ite
2301 975 2397 1030 per
2436 971 2624 1030 portas
2683 977 2854 1028 meas,
2911 970 2966 1014 et
3015 960 3221 1028 lapides
3273 958 3339 1012 de
3391 957 3476 1009 via
3519 968 3688 1008 remo.

2115 1058 2236 1105 sete
2262 1053 2309 1084 “
2339 1069 2355 1119 ;
2390 1070 2412 1105 ι
2450 1053 2502 1108 id
2545 1061 2649 1116 est,
2677 1052 2827 1108 omni
2869 1051 3182 1106 difficultate
3236 1049 3379 1103 viam
3448 1046 3691 1108 liberate,

2116 1156 2236 1211 qua:
2263 1144 2330 1197 ad
2372 1145 2537 1198 Deum
2586 1143 2841 1207 adducat,
2876 1157 2973 1211 per
2998 1138 3340 1210 spiritualem
3389 1152 3455 1195 ac
3504 1147 3691 1190 verum

2116 1233 2342 1301 cultum,
2403 1243 2458 1290 et
2484 1233 2609 1289 ﬁdei
2640 1233 3008 1304 splendorem.

428 1311 529 1382 τῆς
558 1312 680 1367 ὀδοῦ
713 1312 1095 1385 διαρρίψατε·ζ›
1142 1312 1409 1380 τουτέστι,
1442 1313 1755 1385 δυσχερείας
1784 1316 2003 1390 ἀπάσης
2039 1319 2384 1387 ἀπαλλάξατε
2447 1325 2548 1395 τὴν
2572 1323 2711 1389 ὁδὸν,
2745 1325 2893 1396 ἥπερ
2959 1324 3030 1378 ἂν
3052 1322 3381 1393 ἀποφέροιτο
3405 1318 3541 1391 πρὸς
3560 1314 3696 1372 Θεὸν

429 1405 521 1459 διὰ
546 1405 647 1476 τῆς
680 1406 738 1458 ἐν
766 1403 1035 1474 πνεύματί
1069 1422 1130 1457 τε
1197 1406 1291 1459 καὶ
1331 1405 1565 1475 ἀληθοῦς
1597 1405 1872 1480 λατρείας,
1910 1410 2004 1463 καὶ
2038 1410 2138 1480 τῆς
2174 1415 2233 1469 ἑν
2294 1415 2479 1468 πίστει
2506 1415 2886 1485 φαιδρότητος.

511 1493 656 1549 Τάδε
698 1492 858 1563 λέγει
901 1494 1116 1562 Κύριος
1147 1495 1182 1548 ὁ
1231 1493 1516 1563 ὕψιστος,
1561 1497 1595 1549 ό
1631 1496 1702 1551 ἐν
1741 1497 2009 1566 ὑψηλοῖς

434 1584 727 1640 κατοικῶν
765 1584 870 1638 τὸν
908 1583 1116 1650 αίῶκα,
1147 1584 1320 1655 ἅγιος
1350 1585 1422 1639 ἐν
1451 1585 1645 1657 ἁγίοις
1697 1588 2007 1644 ἀναπαυό-

2184 1504 2350 1562 Vns.
2393 1504 2479 1571 l5,
2524 1504 2614 1560 l6.
2674 1504 2804 1559 Hae
2864 1505 2991 1559 dicit
3048 1504 3306 1559 Dominus
3379 1503 3692 1567 altissimus,

2112 1599 2201 1669 qui
2222 1599 2279 1653 in
2303 1597 2427 1653 altis
2448 1596 2654 1652 habitat
2679 1597 2735 1651 iu
2782 1604 3057 1661 meritum,
3096 1604 3312 1650 unctus
3341 1595 3398 1649 in
3454 1595 3680 1656 sanctis,

434 1694 634 1745 μενος,
659 1675 757 1776 καὶ
792 1676 1181 1745 atrati-251mg-
1212 1675 1417 1744 διδοὺς
1441 1679 1884 1749 μακροθυμίαν,
1908 1679 2008 1735 καί

2115 1690 2468 1757 requiescens,
2504 1689 2653 1745 etiis
2684 1687 2773 1759 qui
2802 1697 2924 1742 sunt
2980 1702 3142 1754 porro
3190 1688 3366 1740 animo
3420 1685 3554 1739 dum
3597 1700 3692 1751 pa-

431 1766 639 1831 διδοὺς
676 1764 829 1834 ζωὴν
867 1764 990 1832 τοῖς
1029 1768 1552 1837 συντετριμμένοις
1580 1768 1697 1838 τὴν
1733 1770 2011 1839 καρδίαν-⁸

2124 1780 2380 1847 tientiaut,
2403 1788 2453 1834 et
2481 1778 2718 1834 contritis
2741 1778 2897 1833 corde
2916 1777 3050 1832 dans
3066 1777 3224 1830 vitam
3253 1790 3274 1832 :
3304 1773 3430 1829 Non
3458 1777 3512 1829 in
3533 1784 3689 1828 teter-

437 1858 560 1911 Οὐκ
635 1857 723 1920 εἰς
796 1854 906 1907 τὸν
981 1854 1166 1909 αἰῶνα
1234 1855 1537 1923 ἐκδικήσω
1616 1856 1803 1927 ὑμᾶς,
1875 1858 2008 1916 οὐδὲ

2119 1887 2242 1926 num
2261 1871 2490 1926 ulciscar
2524 1886 2639 1936 vos,
2672 1885 2834 1937 neque
2864 1883 3065 1937 semper
3110 1869 3314 1921 irascar
3352 1865 3519 1920 vobis.
3568 1862 3686 1933 Spi-

432 1946 562 2034 διὰγ
596 1946 840 2034 παντὸς
885 1946 1317 2017 όργισθήσομαι
1374 1948 1538 2018 ὑμῖν.
1593 1950 1839 2018 Πνεῦμα
1908 1951 2008 2019 γὰρ

2118 1963 2253 2017 ritus
2278 1964 2417 2018 cuius
2445 1981 2478 2018 ιι
2511 1978 2594 2017 me
2619 1961 2934 2034 egredietur,
2972 1969 3022 2015 et
3073 1960 3262 2029 ﬂatum
3322 1973 3526 2015 omnem
3590 1971 3689 2029 ego

432 2033 568 2124 παρέ
614 2032 760 2101 ἐμοῦ
819 2033 1226 2101 ἐξελεύσεται,
1270 2036 1370 2092 καί
1419 2037 1621 2109 πνοὴν
1651 2038 1860 2093 πᾶσαν
1903 2037 2019 2109 ἐγὼ
2117 2055 2239 2124 μοί,

429 2123 713 2191 ἐποίησα.

500 2213 565 2264 υί
595 2212 855 2284 μακάριοι
887 2211 1199 2284 προφῆται,
1233 2214 1324 2268 ὅτε
1358 2232 1411 2267 τι
1448 2214 1593 2286 μέγα
1637 2215 1735 2271 καὶ
1790 2215 2017 2289 θεοπρε-

430 2301 531 2365 πὲς
571 2302 927 2372 ὑπισχνεῖταί
953 2319 1100 2355 τισιν
1143 2304 1171 2355 ὁ
1214 2303 1322 2357 τῶν
1360 2304 1497 2357 ὅλων
1536 2305 1762 2377 Κύριος,
1788 2308 1925 2362 πολὺ
1954 2308 2017 2362 τὸ

431 2394 615 2464 θαῦμα
642 2394 884 2462 δέχονται
919 2391 1020 2463 τῆς
1059 2394 1222 2463 δόξης
1263 2395 1426 2449 αὑτοῦ
1487 2398 1579 2450 καὶ
1607 2397 1706 2467 τῆς
1739 2399 2013 2471 ἡμερότη-

435 2503 548 2551 τος,
583 2484 676 2537 καὶ
705 2479 814 2537 οἷον
844 2484 1280 2553 ἀνασκιρτῶντες
1312 2487 1376 2540 ἐκ
1421 2485 1688 2557 θυμηδίας
1725 2489 2014 2560 τρέπονται

436 2574 574 2644 πρὸς
616 2573 943 2642 δοξολογίαν.
992 2575 1244 2629 Τοιοῦτόν
1304 2593 1359 2630 τι
1405 2577 1714 2632 πεπονθότα
1769 2580 1887 2633 νυνὶ
1922 2581 2014 2636 τὸν

436 2667 721 2739 προφήτην
746 2667 1075 2738 εὑρήσομεν·
1100 2668 1160 2720 ού
1191 2667 1297 2741 γὰρ
1322 2669 1509 2735 ἀπλῶς
1539 2669 1665 2739 ἔφη·
1695 2671 1834 2733 Τάδε
1861 2671 2012 2742 λέγει

436 2755 659 2828 Κύριος,
680 2757 1019 2826 προσεπάγει
1040 2758 1097 2810 δὲ
1125 2758 1455 2827 ἀναγκαίως,
1490 2760 1519 2812 δ
1556 2760 1799 2830 ὒψιστος,
1854 2780 2012 2816 τουτ-

436 2849 604 2913 έστιν,
632 2851 660 2903 ὁ
690 2849 906 2904 πάντων
939 2850 1195 2904 ἐπέκεινα
1251 2852 1345 2905 καὶ
1372 2854 1629 2908 ἀνωτάτω
1661 2854 1804 2909 κατά
1837 2855 2001 2925 φύσιν

435 2942 635 3006 παντὸς
661 2942 755 2996 τοῦ
787 2943 1209 3013 παρενεχθέντος
1235 2945 1311 3007 είς
1330 2943 1595 3016 ὓπαρξιν·
1624 2945 1802 3014 λέγων
1833 2947 1891 3001 δὲ
1921 2947 2003 3015 τὸ,

2185 2232 2335 2290 Beati
2365 2231 2660 2303 prophetae,
2686 2196 2900 2301 quando
2936 2241 3190 2299 magnum
3225 2225 3484 2296 quiddam
3511 2232 3568 2279 et
3593 2221 3680 2286 tu-

2118 2325 2300 2380 vinum
2330 2323 2615 2394 pollicetur
2640 2320 2912 2390 aliquibus
2963 2321 3342 2375 universorum
3398 2315 3685 2379 Dominus,

2116 2432 2306 2486 magna
2343 2414 2699 2471 admiratione
2732 2412 2915 2482 glorias
2943 2411 3062 2482 ejus
3104 2419 3160 2465 et
3215 2408 3516 2464 clementiae
3561 2418 3689 2473 per-

2080 2505 2434 2569 -l'unduutur,
2471 2512 2527 2561 et
2561 2503 2706 2558 velut
2733 2501 3070 2558 exsultantes
3096 2515 3204 2568 pra:
3231 2498 3416 2553 laetitia
3446 2496 3514 2550 ad
3569 2495 3690 2550 Ιοιιη

2114 2600 2210 2654 des
2240 2597 2512 2652 canendas
2557 2601 2967 2649 convertuntur.
3035 2588 3166 2644 Tale
3219 2587 3475 2658 quiddam
3544 2598 3688 2650 nunc

2113 2687 2309 2744 fecisse
2337 2687 2657 2757 prophetam
2722 2684 3080 2739 inveniemus.
3149 2679 3265 2736 Non
3342 2680 3486 2735 enim
3551 2678 3689 2733 dixit

2111 2782 2472 2851 simpliciter:
2529 2777 2656 2833 Haec
2694 2775 2824 2830 dicit
2889 2774 3167 2839 Dominus,
3225 2772 3318 2826 sed
3377 2768 3688 2824 necessario

2110 2869 2387 2940 adiungit,
2458 2866 2803 2930 Altissimus,
2886 2863 2938 2916 id
3004 2870 3120 2927 est,
3186 2859 3279 2929 qui
3348 2870 3434 2913 est
3521 2872 3684 2927 supra

2109 2961 2290 3017 omnia
2349 2968 2405 3012 et
2433 2966 2621 3011 natura
2652 2955 2904 3009 omnibus
2934 2953 3096 3007 rebus
3119 2952 3318 3006 creatis
3377 2950 3684 3005 sublimior.

435 3034 706 3088 κατοικῶν
751 3036 810 3089 ἐν
850 3035 1092 3106 ὑψηλοῖς,
1133 3036 1420 3105 ὑποφαίνει
1451 3037 1611 3091 πάλιν
1638 3038 1714 3102 ὡς
1758 3041 1816 3092 ἐν
1849 3041 2008 3093 ἀκλο-

2113 3051 2244 3106 Cum
2269 3048 2416 3112 dicit,
2454 3046 2544 3116 qui
2590 3043 2799 3099 habitat
2842 3043 2894 3098 in
2923 3042 3172 3107 excelsis,
3206 3041 3512 3096 subindicat
3563 3054 3687 3095 rur-

435 3129 616 3198 νήτοις
642 3127 786 3180 ἐστὶν
812 3128 1124 3199 ὑπεροχαῖς,
1150 3127 1246 3181 καὶ
1278 3129 1336 3181 ἐν
1366 3129 1625 3199 ἀρρήτοις
1654 3127 1946 3200 ὑψώμασιν
1972 3133 2006 3202 ὴ

435 3220 556 3273 θεία
589 3237 649 3272 τε
699 3221 793 3273 καὶ
830 3220 1105 3291 ὑπερτάτη
1152 3220 1332 3288 φύσις.
1376 3220 1569 3274 Καίτοι
1612 3202 1791 3287 τοῦτο,
1830 3217 2005 3294 οἶμαι,

435 3311 554 3369 ἐστὶ
585 3311 646 3363 τὸ
673 3313 945 3364 κατοικεῖν
991 3311 1049 3363 ἐν
1094 3311 1317 3382 ὑψηλοῖς
1351 3312 1435 3377 είς
1465 3311 1556 3365 τὸν
1598 3311 1772 3366 αἰῶνα
1800 3315 1970 3385 αὑτήν
1994 3332 2007 3347 ·

433 3402 548 3473 ἔχει
583 3402 691 3474 γὰρ
734 3400 1105 3467 ἀναλλοιώτως
1152 3401 1210 3455 ἐν
1250 3419 1314 3471 γε
1356 3405 1469 3466 τοῖς
1499 3404 1619 3457 καθ’
1652 3405 1873 3476 ἑαυτὴν,
1907 3406 2006 3460 καὶ

432 3492 535 3546 οὑκ
561 3493 626 3546 ἂν
651 3493 859 3561 γένοιτό
890 3511 1006 3557 πως
1038 3496 1095 3547 ἐν
1123 3494 1424 3564 ἀμείνοσιν,
1466 3494 1498 3565 ἢ
1540 3496 1676 3565 ὅπερ
1710 3496 1883 3560 ἐστὶν,
1919 3495 2010 3551 ἐν·

435 3600 551 3638 εστι
589 3583 645 3637 δὲ
686 3583 886 3654 μᾶλλον
911 3583 1317 3655 ἀμεταπτώτως
1344 3586 1480 3658 αὐτῇ
1524 3585 1587 3640 τὸ
1629 3588 1687 3639 ἐν
1732 3582 1814 3649 οἷς
1863 3587 2009 3642 ἐστιν

435 3669 575 3728 εἶναι
600 3673 881 3745 διηνεκῶς.
919 3674 1108 3742 Ἀγιον
1132 3675 1189 3728 δὲ
1216 3677 1273 3728 ἐν
1313 3674 1488 3743 ἁγίοις
1528 3675 1904 3730 ἀναπαύεσθαί
1948 3693 2008 3729 τε

437 3764 532 3820 καὶ
577 3768 847 3819 κατοικεῖν
892 3765 1054 3819 αὐτόν
1094 3783 1277 3835 φησιν,
1309 3766 1666 3835 ὑπεμφαίνων
1697 3769 1777 3821 ὅτι
1804 3786 2009 3841 παραι-

435 3859 610 3911 τεῖται
662 3856 759 3928 μὲν
795 3856 869 3919 ὡς
910 3856 1352 3926 μεμολυσμένους
1378 3855 1466 3908 διά
1505 3856 1705 3929 πολλὴν
1735 3858 2010 3930 ἁμαρτίαν

436 3950 564 4012 τοὺς
596 3949 655 4016 ἐξ
686 3949 912 4019 αἵματος
949 3947 1195 4017 Ἰσραὴλ,
1230 3946 1566 4010 ἐναυλίζεται
1607 3947 1663 4001 δὲ
1696 3949 2010 4018 φιλαγάθως

438 4040 547 4102 τοῖς
579 4038 666 4092 διὰ
698 4039 935 4100 πίστεως
978 4020 1497 4105 ἐκκεκαθαρμένοις,
1533 4036 1627 4089 καὶ
1658 4035 2009 4107 ἡγιασμένοις

440 4132 498 4183 ἐν
531 4128 819 4198 πνεύματι.
870 4127 1064 4179 Δίδωσι
1091 4125 1149 4178 δὲ
1208 4126 1302 4178 καὶ
1349 4125 1691 4196 ὀλιγοψύχοις
1728 4127 2008 4199 μακροθυ-

441 4224 590 4296 μίαν,
618 4223 708 4275 καὶ
732 4219 1084 4290 ὀλιγοψύχους
1113 4218 1246 4288 φησὶ
1272 4217 1396 4281 τοὺς
1428 4216 1536 4269 ἐσθ’
1555 4217 1645 4270 ὅτε
1675 4215 1848 4289 βραχύ
1891 4235 2010 4282 πως

437 4311 683 4365 ἀσθενεῖν
708 4311 984 4374 εἰωθότας,
1021 4308 1150 4379 περὶ
1177 4307 1274 4361 τὸν
1309 4307 1641 4377 προτεθέντα
1675 4308 1858 4373 αὑτοῖς
1914 4307 2008 4362 τοῦ

324 4406 327 4409 ⁷
440 4404 556 4475 βίου
585 4402 803 4456 σκοπόν.
827 4401 1019 4455 Δίδωσι
1039 4401 1095 4454 δὲ
1119 4399 1328 4462 τούτοις
1362 4399 1813 4472 μακροθυμία[ν],
1850 4417 2008 4453 τουτ-
2042 4380 2084 4433 D

438 4497 555 4550 ἐστι
598 4493 892 4566 καρτερίαν
934 4495 1027 4546 καὶ
1073 4491 1368 4563 ὑπομονὴν,
1428 4493 1710 4562 μονονουχὶ
1755 4492 1895 4562 βοῶν
1948 4508 2009 4544 τε

441 4590 535 4639 καὶ
566 4585 767 4653 λέγων·
800 4604 819 4637 ι
844 4582 1202 4655 Ἀνδρίζεσθε,
1237 4583 1330 4636 καὶ
1355 4583 1788 4654 κραταιούσθωὴ
1811 4582 2008 4654 καρδία

442 4674 616 4745 ὑμῶν,
649 4673 849 4738 πάντες
880 4674 929 4727 οί
955 4672 1264 4735 ἐλπίζοντες
1291 4672 1383 4725 ἐπὶ
1412 4671 1637 4743 Κύριον.
1669 4691 1689 4724 ι
1720 4673 1914 4725 Δίδωσι
1947 4670 2007 4723 δὲ

442 4765 537 4818 καὶ
576 4765 720 4836 ζωὴν
766 4767 877 4828 τοῖς
920 4762 1400 4833 συντετριμμένοις
1428 4765 1526 4834 τὴν
1574 4763 1822 4833 καρδίαν,
1852 4779 2011 4814 τουτ-

442 4860 558 4911 έστι
598 4859 711 4921 τοῖς
736 4858 969 4927 πτωχοῖς
1002 4855 1077 4925 τῷ
1111 4854 1407 4924 πνεύματι·
1448 4854 1677 4907 τοιοῦτοι
1725 4853 1782 4906 δὲ
1811 4854 2012 4916 πάντες

441 4950 490 5003 οἱ
517 4950 574 5002 ἐν
607 4949 821 5019 ὑπακοῇ
856 4946 1013 5012 Θεοῦ,
1038 4947 1132 4999 καὶ
1165 4946 1402 4998 είκτικδν
1433 4944 1644 5015 ἔχοντες
1679 4945 1824 4997 νοῦν·
1864 4938 2010 4998 οὗτοι

438 5039 482 5092 δ’
509 5040 574 5093 ἂν
599 5035 709 5093 εἷεν
737 5041 784 5091 οί
812 5038 899 5091 δια
930 5038 1163 5102 πίστεως
1191 5036 1515 5107 κεκλημένοι
1552 5037 1685 5107 πρὸς
1712 5036 2008 5105 ἐπίγνωσιν

440 5131 532 5184 τοῦ
564 5130 820 5203 Χριστοῦ·
855 5131 1210 5200 ὀνομάζονται
1241 5130 1299 5182 δὲ
1335 5129 1541 5198 πτωχοὶ
1580 5129 1658 5198 τῷ
1708 5128 2003 5197 πνεύματι,

442 5222 537 5291 τὴν
565 5222 812 5276 ἐναντίαν
848 5223 959 5283 τοῖς
998 5221 1057 5285 ἐξ
1093 5221 1308 5292 Ἰσραὴλ
1356 5222 1637 5291 ἐρχόμενοι
1687 5217 1890 5289 τρίϐον.
1944 5219 2005 5268 υἱ

448 5310 543 5381 μὲν
571 5312 681 5382 γὰρ
707 5307 846 5382 ἦσαν
874 5309 1148 5377 ἀλαζόνες,
1208 5311 1452 5375 ἀπειθεῖς
1483 5328 1541 5363 τε
1574 5311 1667 5364 καὶ
1690 5310 2007 5382 ἄθραυστον

522 5486 690 5539 "lsa.
722 5500 874 5550 Lxm,
900 5486 986 5541 l0.
1061 5486 1107 5519 “
1144 5487 1281 5542 Psal.
1319 5502 1466 5544 xxw.
1513 5484 1594 5540 14.

2107 3155 2222 3206 sus,
2249 3140 2302 3192 in
2329 3136 2589 3208 dignitate
2623 3135 2769 3189 velut
2800 3134 3121 3187 inconcussa
3155 3131 3507 3186 constitutam
3562 3142 3687 3185 esse

2108 3240 2163 3286 et
2204 3226 2453 3284 ineﬂ‘abili
2502 3224 2825 3281 celsitudine
2871 3223 3257 3291 conspicuam,
3322 3220 3561 3275 divinant
3621 3234 3687 3276 ac

2107 3333 2373 3376 summam
2431 3327 2703 3372 naturam.
2743 3315 2810 3370 Et
2866 3314 2972 3369 boc
3034 3322 3165 3387 puto
3218 3326 3376 3377 esse,
3441 3310 3689 3367 habitare

2096 3427 2230 3485 eum
2262 3412 2315 3466 in
2359 3409 2589 3466 excelsis
2620 3409 2674 3463 in
2729 3417 3014 3463 aeternum.
3048 3403 3146 3460 Est
3216 3405 3366 3460 enim
3423 3403 3565 3475 apud
3621 3417 3686 3465 se

2109 3501 2482 3567 immutabilis,
2528 3514 2632 3555 nec
2666 3499 2721 3554 in
2759 3498 3002 3564 meliore,
3027 3512 3190 3566 quam
3240 3504 3358 3560 est,
3408 3493 3683 3550 conditio-

2109 3607 2177 3647 ne
2214 3594 2345 3658 esse;
2370 3597 2577 3658 potest:
2606 3587 2715 3643 into
2757 3586 2811 3641 in
2853 3602 2973 3642 eam
3022 3585 3164 3639 nulla
3215 3583 3363 3638 cadit
3449 3581 3687 3636 mutabi-

2107 3683 2256 3748 litas,
2280 3680 2375 3736 sed
2420 3680 2522 3734 hoc
2552 3678 2600 3734 ei
2634 3678 2953 3742 inberetut,
2981 3676 3033 3731 in
3060 3677 3256 3746 quibus
3286 3685 3390 3740 est,
3417 3675 3486 3730 sit
3521 3673 3689 3749 809

2109 3781 2388 3837 perpetuo.
2425 3768 2681 3821 Sanctum
2731 3782 2853 3820 eum
2889 3768 2941 3820 in
2982 3768 3185 3821 sanctis
3234 3765 3576 3832 requiescere
3614 3773 3672 3819 et

2110 3857 2356 3911 habitare
2393 3855 2548 3908 dicit:
2596 3855 3007 3917 subinsinuans,
3042 3869 3166 3908 eum
3201 3853 3501 3906 Israelitico
3540 3867 3675 3907 san-

2108 3948 2274 4019 guine
2311 3953 2460 4000 ortos
2511 3952 2763 4012 tanquam
2797 3944 2981 3998 multis
3007 3944 3250 4013 peccatis
3281 3943 3684 3999 contaminatos

2110 4039 2434 4111 repudiare:
2463 4044 2832 4092 commoratur
2863 4045 3043 4090 autem
3079 4052 3146 4091 ex
3185 4035 3417 4105 quodam
3457 4036 3676 4090 bonita-

2110 4133 2183 4187 tis
2223 4143 2408 4185 amore
2461 4143 2584 4184 cum
2636 4126 2703 4182 iis
2759 4126 2851 4196 qui
2894 4140 2989 4194 per
3039 4126 3199 4183 tidem
3244 4126 3465 4195 purgati
3519 4135 3682 4193 sunt,

2109 4233 2164 4280 et
2195 4219 2521 4278 sanctiﬁcati
2571 4219 2626 4275 in
2668 4219 2887 4289 spiritu.
2915 4218 3017 4277 Dat
3069 4218 3233 4273 etiam
3275 4232 3442 4288 parvo
3497 4217 3684 4272 animo

2110 4315 2353 4385 praeditis
2396 4312 2731 4383 patientiam.
2770 4310 2835 4366 Et
2887 4325 3053 4379 parvo
3085 4310 3266 4362 animo
3304 4308 3560 4377 praeditos
3585 4307 3683 4373 ait,

2114 4405 2206 4475 qui
2238 4403 2504 4458 interdum
2538 4402 2592 4455 in
2624 4410 2875 4471 suscepto
2905 4401 3025 4454 vitae
3066 4399 3312 4454 instituto
3346 4398 3503 4453 facile
3529 4400 3679 4452 fran-

2111 4502 2312 4564 guntur
2346 4507 2410 4547 ac
2448 4490 2816 4547 debilitantur.
2856 4488 2958 4543 Dat
2988 4489 3147 4542 etiam
3182 4488 3289 4543 illis
3333 4488 3677 4558 patientiam,

2112 4586 2292 4650 idest,
2343 4583 2683 4638 tolerantiam
2735 4589 2791 4636 et
2835 4582 3235 4646 sustinentium,
3298 4580 3685 4648 prapemodum

2111 4676 2352 4730 clamans
2399 4686 2456 4729 et
2507 4674 2737 4728 dicens:
2784 4689 2803 4722 ι
2834 4671 3076 4726 Viriliter
3101 4672 3267 4741 agite,
3304 4680 3358 4724 et
3408 4670 3684 4726 conforte-

2113 4778 2200 4822 tur
2230 4782 2324 4822 cor
2351 4776 2610 4829 vestrum,
2642 4778 2831 4819 omnes
2865 4765 2953 4832 qui
2986 4764 3216 4831 speratis
3249 4763 3300 4814 in
3327 4761 3552 4815 Domino
3569 4761 3637 4813 ".
3660 4779 3682 4812 ι

2111 4858 2214 4912 Dat
2249 4859 2412 4913 etiam
2452 4856 2703 4927 contritis
2726 4855 2887 4910 corde
2913 4856 3099 4920 vitam,
3129 4854 3180 4907 id
3211 4862 3312 4920 est,
3362 4853 3685 4924 pauperibus

2110 4950 2325 5020 spiritu.
2364 4947 2641 5018 Ejusmodi
2679 4955 2807 5002 sunt
2842 4960 3032 5001 omnes
3100 4945 3192 5015 qui
3256 4944 3365 4998 Dco
3426 4950 3684 5012 praestant

2110 5036 2503 5102 obedientiam,
2554 5045 2610 5092 et
2638 5037 2822 5090 animo
2860 5045 2983 5091 sunt
3018 5035 3293 5088 submisso
3334 5040 3388 5088 et
3432 5046 3682 5102 sequace.

2113 5129 2178 5184 Hi
2213 5136 2339 5184 sunt
2379 5131 2468 5197 qui
2496 5128 2671 5183 vocati
2701 5136 2827 5182 sunt
2878 5142 2972 5195 per
2996 5125 3155 5181 (idem
3189 5125 3256 5179 ad
3284 5124 3484 5180 CbriSti
3535 5123 3682 5193 agni-

2118 5220 2340 5281 tionem,
2368 5226 2423 5273 οι
2458 5230 2720 5287 pauperes
2759 5215 2956 5285 spiritu
3032 5214 3403 5280 nominantur,
3438 5213 3684 5267 semitam

2120 5307 2486 5379 ingredientes
2544 5304 2805 5361 lsraelitis
2853 5306 3208 5361 contrariam.
3252 5304 3386 5360 Nam
3437 5303 3490 5361 bi
3541 5317 3678 5359 arro-

517 5648 593 5718 υ)
632 5646 920 5711 Aubcrtus,
960 5647 1053 5699 σὺν
1094 5645 1295 5715 ἱδρῶτι,
1333 5647 1604 5700 contraria
1640 5653 1694 5698 ut
1726 5642 2008 5708 scutcntiu,

2111 5658 2125 5696 ι
2167 5641 2419 5696 dictione.
2450 5635 2603 5688 Εοιτ.

2466 5822 2479 5851 1
