4092 6296
415 322 556 378 1275

1445 320 1504 374 S.
1546 316 1824 375 CYBILLI
1866 312 2337 378 ALEXANDRINI
2376 322 2698 381 ABCHII‘IP.

3555 324 3707 382 H76

414 447 610 511 gentes
671 443 830 493 eram
885 434 1285 499 iuohedieutes,
1326 443 1383 490 et
1410 435 1718 505 pmfrat'li:
1753 434 1830 490 illi
1872 435 1997 490 boni

2133 437 2154 489 ί
2195 436 2254 491 δὲ
2289 437 2508 506 ἀγαθοὶ,
2560 440 2657 493 καὶ
2689 436 2987 509 εὒκάρδιοι,
3023 438 3117 491 καὶ
3154 438 3267 503 τοῖς
3298 437 3395 492 τοῦ
3433 438 3571 492 Θεοῦ
3602 440 3704 491 νό-

415 538 473 583 et
501 527 735 594 cordatl,
773 536 829 583 et
856 525 1066 597 legibus
1104 524 1197 578 Dei
1249 523 1584 579 dominatum
1620 539 1684 580 ac
1742 524 1994 594 superio-

418 634 532 673 rem
570 628 778 690 partem
803 619 1124 682 tribuentes,
1152 625 1206 669 et
1231 615 1361 685 jugo
1381 614 1584 671 Christi
1616 614 1812 670 mentis
1834 614 2008 669 cervi-

418 726 537 765 cem
576 709 974 765 submittentes.
1011 707 1188 777 Atque
1220 706 1336 762 haec
1371 722 1535 775 opera
1578 715 1706 760 sunt
1742 704 2026 761 Christia--

421 817 630 857 norum.
664 802 733 856 At
784 801 914 871 quid
961 800 1091 855 dicit
1134 800 1449 855 Altissimus
1492 799 1596 865 his,
1657 801 1751 869 qui
1809 814 1873 855 ex
1927 802 2007 853 in-

421 892 729 947 obedientia
762 891 814 946 in
845 890 1051 946 crimen
1085 890 1378 959 impietatis
1407 889 1641 958 prolapsi
1666 890 1836 945 sunt?
1893 888 2005 944 Non

423 985 483 1037 in
530 993 793 1038 mternum
851 982 1085 1038 ulciscar
1144 995 1263 1047 vos,
1297 996 1472 1051 neque
1526 995 1744 1051 semper
1801 975 2009 1035 irascar

424 1073 600 1130 vobis.
676 1072 838 1142 Spem
896 1072 1088 1128 salutis
1141 1086 1247 1127 non
1298 1070 1610 1141 przescindit
1674 1068 1933 1124 lsraelitis
1991 1085 2006 1122 :

426 1181 549 1220 nam
589 1164 833 1235 reliquiae
870 1171 1098 1220 servatae
1134 1173 1257 1217 sunt
1278 1163 1346 1228 ",
1378 1173 1435 1217 et
1487 1164 1722 1216 maxima
1755 1176 1882 1231 pars
1913 1174 2007 1215 eo-

428 1273 547 1311 rum
599 1257 956 1311 multitudinis
1006 1266 1199 1309 vocata
1245 1266 1348 1310 est.
1380 1255 1653 1309 Extremis
1682 1256 1848 1308 etiam
1881 1262 2012 1306 tem-

428 1349 652 1417 poribus
683 1349 1044 1413 voeabuntur,
1079 1346 1192 1403 Deo
1229 1346 1537 1401 rel‘rcuaute
1585 1346 1719 1399 iram
1780 1345 1835 1398 in
1875 1343 2011 1412 illos

430 1451 487 1495 et
534 1456 750 1511 poenam
793 1439 1125 1503 retrahente,
1181 1453 1248 1492 ne
1276 1437 1501 1492 omnino
1548 1436 1601 1489 in
1647 1449 1744 1490 eos
1774 1434 2005 1488 intente-

433 1543 541 1588 tur.
583 1533 762 1587 Beinus
816 1531 960 1585 enim
994 1545 1114 1584 cum
1162 1529 1254 1592 sil,
1290 1527 1531 1582 servavit
1577 1539 1698 1581 cum
1767 1525 2013 1595 patrihus

432 1638 622 1680 eorum
673 1623 856 1678 datam
921 1622 1118 1686 ﬁdem,
1158 1635 1257 1675 uec
1313 1618 1532 1672 fefellit.
1577 1616 1774 1671 Reddit
1846 1618 2010 1671 etiam

2110 545 2232 600 μοις
2250 528 2311 582 τὸ
2338 531 2534 600 χρῆναι
2562 531 2784 601 κρατεῖν
2811 529 3197 599 ἀπονέμοντες,
3217 530 3313 585 καὶ
3340 529 3703 594 ὑποτιθέντες

2106 622 2172 691 τῇ
2229 618 2432 694 ζεύγλῃ
2474 619 2712 692 Χριστοῦ
2755 619 2847 675 τὸν
2890 620 2990 692 τῆς
3025 620 3259 685 διανοίας
3305 621 3533 692 αὐχένα.
3579 622 3707 675 Καὶ

2105 714 2278 768 ταῦτα
2309 714 2407 786 μὲν
2441 713 2551 769 τῶν
2585 716 2645 767 ἐν
2677 714 2898 786 Χριστῷ
2932 714 3002 767 τὰ
3031 713 3189 783 ἔργα.
3227 715 3293 767 Τί
3339 713 3396 767 δέ
3445 731 3612 784 φησιν
3674 715 3706 767 ἀ

2110 806 2375 876 ’Ὕψιστος
2414 808 2530 870 τοῖς
2559 803 2619 870 ἐξ
2658 804 2942 869 ἀπειθείας
2972 805 3336 874 ὼλισθηκόσιν
3368 805 3449 868 είς
3477 804 3550 858 τά
3591 804 3707 874 τῆς

2108 898 2189 960 είς
2230 897 2392 950 αὐτὸν
2413 897 2732 959 δυσσεϐείας
2754 897 3102 968 ἐγκλήματας
3152 896 3264 948 Οὐκ
3294 896 3372 958 είς
3398 893 3490 947 τὸν
3518 894 3707 948 αίῶνα

2109 988 2381 1059 ἐκδικήσω
2418 989 2584 1059 ὑμᾶς,
2635 987 2757 1042 οὐδὲ
2788 987 3078 1050 διαπαντὸς
3102 985 3498 1058 ὀργισθήσομαι
3542 985 3703 1056 ὑμῖν.

2111 1079 2225 1134 Οὐκ
2271 1079 2555 1151 ἀποκείρει
2585 1078 2679 1132 τοῦ
2729 1077 2995 1142 σώζεσθαι
3062 1079 3162 1150 τὴν
3199 1078 3391 1131 ἐλπίδα
3459 1081 3575 1141 τοῖς
3638 1077 3708 1143 ἐξ

2124 1171 2363 1244 Ἰσραήλ·
2410 1172 2675 1225 σέσωσται
2717 1170 2825 1242 γὰρ
2868 1169 2928 1223 τὸ
2998 1170 3376 1241 κατάλειμμα·
3429 1170 3708 1241 κέκληται

2115 1261 2214 1332 μὲν
2249 1259 2478 1331 πλείστη
2509 1275 2594 1323 τις
2634 1261 2799 1330 μοῖρα
2839 1258 2937 1328 τῆς
2976 1258 3155 1312 αὐτῶν
3200 1258 3460 1328 πληθύος.
3493 1259 3706 1330 κεκλή-

2114 1370 2296 1405 σονται
2342 1351 2399 1405 δὲ
2442 1351 2537 1404 καὶ
2576 1351 2634 1402 ἐν
2688 1350 2937 1420 ἐσχάτοις
2990 1353 3237 1422 καιροῖς,
3292 1351 3706 1413 ἀνακόπτοντος

2112 1442 2248 1496 Θεοῦ
2277 1441 2376 1514 τὴν
2410 1442 2496 1495 ἐπ’
2527 1441 2710 1505 αὐτοῖς
2742 1440 2935 1512 ὀργὴν,
2967 1441 3062 1495 καὶ
3087 1443 3188 1508 τὴν
3218 1441 3373 1511 δίκην
3400 1442 3705 1512 ἀνασειρά-

2114 1534 2320 1600 ζοντος,
2379 1535 2456 1598 ὡς
2508 1533 2585 1604 μὴ
2644 1533 2880 1586 είσάπαν
2927 1532 3263 1586 ἐκτείνεσθαι
3316 1534 3435 1586 κατ’
3493 1533 3703 1586 αὐτῶν.

2126 1626 2352 1695 Ἀγαθός
2386 1625 2495 1697 γάρ
2523 1623 2805 1696 ὑπάρχων,
2840 1625 3111 1694 τετήρηκε
3149 1626 3260 1686 τοῖς
3296 1622 3568 1692 πατράσιν
3598 1624 3705 1676 ab-

435 1717 598 1772 aliam
637 1730 877 1780 causam,
910 1724 970 1768 ut
1012 1712 1324 1768 misericors
1359 1712 1539 1765 Deus:
1577 1708 1819 1778 Spiritus
1866 1708 2010 1763 enim

2133 1717 2225 1771 τῶν
2268 1716 2476 1788 ἀψευδῆ
2523 1716 2622 1788 τὴν
2656 1716 2969 1786 ὑπόσχεσιν.
3020 1715 3336 1769 Ἀποδὶδωσι
3368 1714 3424 1769 δέ
3465 1717 3563 1769 καί⁵
3592 1714 3703 1768 ne.

437 1824 467 1862 a
505 1822 590 1862 me
626 1804 960 1877 egredietur.
991 1802 1115 1871 Quo
1150 1812 1329 1857 autem
1373 1800 1531 1855 modo
1553 1801 1883 1870 egredietur,
1920 1799 2015 1854 de-

2133 1826 2220 1881 pav
2246 1786 2445 1875 αἰτίαν,
2466 1786 2544 1873 ὥς
2567 1786 2956 1880 φιλοικτίρμων
2980 1806 3130 1871 Θεὸς.
3156 1805 3375 1877 Πνεῦμα
3397 1807 3525 1878 γὰρ,
3541 1806 3709 1876 φησὶ.

438 1897 664 1953 claravit
715 1896 961 1964 inquiens
1004 1910 1017 1946 :
1078 1893 1285 1948 Flatum
1331 1907 1547 1947 omnem
1602 1906 1704 1962 ego
1755 1890 1880 1946 feci.
1922 1889 2017 1945 Est

439 1990 582 2045 enim
615 1987 901 2057 spirituum
932 1985 1113 2041 Pater.
1143 1983 1471 2055 lutelligitur
1503 1994 1683 2037 autem
1726 1998 1833 2037 non
1870 1982 2020 2035 velut

439 2096 504 2135 ex
576 2078 796 2151 propria
855 2088 1049 2133 natura
1118 2076 1237 2132 illos
1300 2077 1571 2147 genuisse,
1613 2083 1672 2130 ut
1739 2074 2017 2143 proprium

440 2171 635 2227 Filium
694 2170 878 2240 genuit
909 2187 922 2224 :
955 2169 1048 2224 sed
1099 2184 1199 2222 nec
1259 2168 1376 2223 illos
1404 2183 1586 2236 parem
1620 2166 1849 2238 Spiritui
1884 2180 2012 2221 san-

443 2274 530 2319 cto
593 2279 658 2319 ex
727 2264 1027 2318 substantia
1106 2276 1453 2333 progressum
1539 2260 1653 2316 sive
1704 2272 2018 2328 processum

447 2357 696 2412 habuisse
769 2357 1045 2411 dicimus:
1102 2355 1198 2410 sed
1260 2368 1325 2406 ex
1372 2352 1649 2408 creatione
1711 2350 1894 2419 potius
1964 2350 2016 2403 in

444 2449 734 2503 essentiam
800 2447 1067 2514 prodiisse
1144 2460 1210 2500 ex
1264 2444 1372 2497 Deo
1448 2443 1805 2506 allirmamus,
1876 2451 2022 2496 recte

445 2538 662 2608 quidem
702 2539 1017 2593 sentientes.
1056 2536 1187 2590 Nam
1226 2537 1342 2604 ipse
1389 2550 1603 2589 omnem
1654 2533 1783 2590 fecit
1814 2532 2020 2588 ﬂatum.

451 2631 552 2687 Ubi
595 2643 776 2687 autem
811 2629 1022 2685 eﬂ‘ectiu
1078 2630 1300 2683 omnino
1329 2635 1412 2683 est
1439 2629 1735 2694 nominata,
1765 2628 1840 2683 ibi
1880 2644 2025 2685 sem-

448 2737 548 2793 per
594 2731 675 2777 est
726 2722 990 2791 egressio.
1028 2720 1196 2790 810
1248 2734 1341 2772 seu
1398 2720 1601 2784 exitus,
1668 2734 1775 2773 non
1815 2721 2026 2775 ratione

451 2811 790 2877 substantiae,
841 2810 936 2864 sed
986 2811 1150 2863 verbo
1214 2809 1439 2864 abusivo
1482 2808 1822 2864 eﬂ‘ertionem
1854 2808 2025 2881 signi-

452 2901 648 2958 ﬁcans.

529 2992 688 3047 Vens.
722 2993 906 3048 17-21.
962 2992 1188 3064 Propter
1234 3003 1506 3063 peccatum
1548 2993 1824 3060 paululum
1862 2994 2031 3047 tristi-

2119 1903 2252 1974 παρ⁹
2286 1899 2421 1971 ἐμοῦ
2449 1898 2809 1965 ἐξελεύσεται.
2828 1899 3198 1967 Ἑξελεύσεται
3231 1900 3288 1953 δὲ
3321 1901 3446 1953 τίνα
3469 1899 3705 1969 τρόπον,

2118 1996 2442 2066 διεσάφησεν
2488 1994 2659 2049 εἰπών
2696 2012 2709 2025 ο
2785 1995 2960 2064 Πνοὴν
3026 1997 3205 2049 πᾶσαν
3277 1995 3509 2063 ἐποίησα
3566 1993 3704 2062 ἐγώ.

2124 2090 2280 2143 Ἔστι
2325 2089 2423 2159 μὲν
2459 2089 2567 2159 γὰρ
2609 2086 2936 2158 πνευμάτων
2984 2087 3197 2157 Πατήρ.
3251 2084 3555 2154 Νοεῑταίγε
3597 2083 3708 2155 μὴν

2121 2184 2220 2253 οὐχ
2242 2181 2316 2244 ὡς
2352 2181 2411 2247 ἐξ
2438 2179 2575 2245 ἰδίας
2610 2179 2826 2249 φύσεως
2864 2179 3100 2242 τετοκὼς
3120 2178 3279 2242 αὐτὰ,
3312 2177 3454 2231 καθά
3487 2177 3584 2230 καὶ
3613 2174 3710 2228 τὸν

2125 2274 2254 2327 ῐδιον
2285 2270 2434 2335 Υἱὸν,
2467 2270 2583 2324 ἀλλ’
2613 2270 2736 2324 οὐδὲ
2764 2272 2822 2325 ἐν
2853 2271 2954 2343 ίσῳ
2993 2269 3071 2342 τῷ
3116 2269 3255 2340 ἁγίῳ
3286 2268 3564 2337 Πνεῦματι
3605 2267 3710 2337 τὴν

2125 2367 2190 2418 ἐκ
2216 2364 2314 2435 τῆς
2345 2363 2532 2427 οὐσίας
2557 2364 2801 2436 πρόοδον,
2825 2365 2992 2435 ἤγουν
3042 2367 3105 2417 ἐκ
3117 2362 3387 2432 πόρευσιν,
3410 2359 3709 2429 ἐσχηκέναι

2126 2459 2305 2529 φαμὲν
2332 2457 2471 2512 αὐτά
2491 2473 2505 2487 °
2546 2456 2956 2528 δημιουργικῶς
2981 2455 3039 2509 δὲ
3074 2454 3273 2526 μᾶλλον
3312 2455 3375 2506 ἐκ
3403 2451 3537 2506 Θεοῦ
3573 2468 3713 2521 προ-

2125 2551 2300 2605 ελθεῖν
2322 2551 2403 2613 εἰς
2426 2550 2486 2603 τὸ
2516 2543 2655 2602 εἶναι
2677 2544 3487 2617 διαδεδαιούμεθα,φρονοῦντες
3506 2541 3709 2613 ὀρθῶς-

2124 2640 2287 2705 αὐτὸς
2324 2640 2435 2712 γὰρ
2477 2641 2658 2694 πᾶσαν
2700 2637 2928 2709 ἐποίησε
2959 2638 3151 2707 πνοήν.
3184 2635 3356 2687 Ὅπου
3388 2632 3445 2685 δὲ
3489 2630 3717 2699 ποίησις

2126 2733 2262 2796 ὅλως
2282 2731 2617 2803 ὠνόμασται,
2634 2731 2752 2784 ἐκεῖ
2773 2747 2875 2783 που
2906 2730 3123 2791 πάντως
3151 2727 3236 2797 εἴη
3257 2725 3322 2778 ἂν
3344 2727 3379 2795 ἠ
3410 2724 3715 2789 ἑξέλευσις,

2128 2826 2297 2896 ἧγουν
2346 2825 2380 2895 ἡ
2423 2822 2624 2889 ἔξοδος,
2655 2822 2756 2874 οὐκ
2802 2818 3077 2881 οὐσιωδῶς
3112 2816 3332 2888 μᾶλλον,
3375 2814 3491 2867 ἀλλ’
3538 2812 3618 2876 ὡς
3656 2812 3718 2864 ἐν

2130 2917 2273 2982 λέξει
2297 2917 2711 2987 καταχρηστικῇ
2744 2913 2806 2966 τὺ
2841 2909 3243 2984 περιποιεῖσθαι
3279 2907 3640 2979 σημαίνουσα.

2202 3012 2281 3062 Δι’
2332 3009 2624 3079 ἁμαρτίαν
2669 3006 2871 3075 ,ϐραχύ
2918 3021 2975 3058 τι
3027 3003 3311 3069 ἐλύπησα
3358 2997 3568 3061 αὑτὸν,
3616 2996 3718 3049 και

454 3090 530 3143 tia
577 3089 731 3158 απιιεὶ
776 3104 914 3151 eum,
939 3099 987 3143 et
1048 3089 1278 3158 percussi
1328 3103 1468 3150 eum,
1502 3095 1551 3139 et
1600 3088 1766 3140 averti
1838 3086 2025 3156 faciem

2133 3099 2402 3165 ἐπάταξα
2428 3100 2633 3165 αὐτὸν,
2660 3097 2758 3151 καὶ
2794 3096 3150 3163 (ἐπέστρεψα
3164 3091 3228 3146 τὸ
3244 3090 3568 3159 πρόσωπόν
3593 3104 3715 3156 μου

454 3197 622 3235 meum
665 3180 728 3233 ab
764 3197 844 3243 eo,
885 3190 931 3233 et
974 3180 1194 3233 tristitia
1237 3178 1456 3245 affectus
1496 3188 1593 3241 est,
1620 3189 1665 3231 et
1709 3179 1837 3231 abiit
1902 3193 2030 3231 mw-

454 3282 566 3327 stus
613 3272 665 3324 in
700 3273 796 3326 viis
844 3273 972 3326 suis.
1019 3271 1144 3325 νίας
1183 3270 1297 3340 ejus
1348 3269 1479 3333 vidi,
1508 3279 1554 3322 et
1587 3270 1772 3322 sanavi
1812 3285 1951 3332 eum,
1986 3278 2031 3321 et

455 3364 755 3417 consolatus
812 3380 926 3418 sum
965 3380 1104 3427 eum,
1145 3372 1191 3415 et
1234 3362 1354 3414 dedi
1404 3363 1450 3414 ei
1494 3360 1909 3414 consolationem
1947 3376 2034 3412 ve-

457 3470 593 3517 rum,
622 3471 802 3522 pacem
850 3470 1006 3521 super
1046 3468 1224 3519 pacem
1276 3452 1357 3505 Itis
1404 3454 1495 3520 qui
1528 3452 1701 3520 longe,
1741 3460 1789 3504 et
1821 3451 1904 3504 Itis
1947 3453 2036 3520 qui

457 3562 615 3616 prope
656 3556 795 3598 sunt.
837 3543 902 3596 Et
932 3544 1069 3597 dixit
1114 3542 1415 3595 Dominus:
1447 3539 1661 3595 Sanabo
1697 3557 1821 3605 eos;
1850 3548 1905 3592 at
1930 3542 2037 3593 ini-

458 3637 549 3708 qui
603 3637 681 3689 sic
743 3636 1110 3705 ﬂuctunbunt,
1157 3641 1206 3685 et
1272 3632 1536 3701 quiescere
1610 3647 1715 3684 non
1772 3640 2036 3699 poterunt.

464 3724 586 3780 Non
642 3734 717 3779 est
753 3724 1004 3795 gaudium
1061 3721 1267 3791 impiis,
1309 3720 1441 3772 dixit
1489 3719 1748 3775 Dominus
1797 3718 1959 3775 Deus.

535 4000 776 4056 Lucrunt
803 4012 992 4066 poenas
1013 3996 1182 4052 Judaei
1205 3996 1645 4053 debacchationis
1670 3996 1723 4051 in
1748 3995 2042 4063 Christum,

467 4094 719 4151 omnibus
774 4094 994 4161 quidem
1036 4090 1350 4146 hominibus
1416 4089 1813 4158 intolerandus,
1858 4091 2044 4145 mode-

468 4196 614 4242 ratas
660 4193 862 4247 tamen,
912 4184 957 4238 si
1011 4198 1135 4239 cum
1194 4181 1394 4237 erratis
1452 4190 1864 4251 comparentur.
1909 4180 2042 4236 Nam

467 4280 605 4333 ultra
663 4293 877 4331 omnem
935 4276 1152 4330 modum
1222 4273 1372 4343 itupii
1436 4273 1677 4338 fuerunt,
1717 4275 1894 4345 justos
1954 4289 2049 4328 oc-

2133 3194 2232 3247 dn’
2270 3191 2475 3246 αὐτοῦ·
2513 3191 2608 3244 καὶ
2642 3187 2940 3256 ἐλυπήθη,
2996 3186 3095 3239 καὶ
3120 3184 3411 3252 ἐπορεύθη
3452 3180 3718 3248 στυγνὸς

2132 3281 2201 3334 ἐν
2234 3280 2361 3346 ταῖς
2406 3277 2566 3344 ὁδοῖς
2594 3275 2800 3330 αὑτοῦ.
2853 3273 2964 3341 Τὰς
3010 3271 3191 3338 ὁδοὺς
3242 3269 3428 3324 αὐτοῦ
3463 3266 3711 3336 ἑώρακα,

2137 3369 2235 3424 καὶ
2268 3367 2533 3438 ἰασάμην
2560 3367 2767 3431 αὐτόν,
2803 3365 2901 3420 καὶ
2946 3363 3333 3432 παρεκάλεσα
3368 3359 3568 3420 αὐτὸν,
3612 3359 3711 3411 και

2138 3461 2329 3517 ἔδωκα
2364 3459 2522 3525 αὐτῷ
2561 3457 2947 3528 παράκλησιν
2991 3453 3314 3522 ἀληθινὴν,
3338 3450 3575 3520 είρήνην
3608 3447 3710 3501 ἐπὶ

2138 3556 2392 3623 εἰρήνην
2440 3552 2563 3618 τοῖς
2613 3552 2851 3620 μακρὰν
2886 3547 2984 3601 καὶ
3029 3546 3155 3613 τοῖς
3194 3545 3373 3615 ἐγγὺς
3403 3537 3554 3597 οὖσι,
3588 3538 3698 3592 ιρίιι

2139 3640 2269 3698 εἶπε
2289 3643 2500 3711 Κύριος
2522 3660 2535 3672 ·
2554 3640 2824 3709 Ἰάσομαι
2860 3639 3102 3704 αὐτούς·
3135 3639 3189 3690 οἱ
3227 3635 3296 3689 δὲ
3318 3635 3501 3690 ἄδικοι
3524 3631 3712 3696 οὕτως

2144 3732 2766 3800 κλυδωνισθιξσονται,
2793 3729 2893 3784 καὶ
2933 3728 3403 3783 ἀναπαύσασθαι
3433 3726 3501 3779 οὺ
3534 3722 3716 3785 6mi-

2144 3844 2373 3882 σονται.
2430 3826 2551 3879 Οὐκ
2604 3824 2737 3879 ἐστι
2788 3823 3021 3891 χαιζρειν
3072 3819 3195 3886 τοῖς
3230 3818 3545 3880 ἀσεϐέσιν,
3591 3810 3719 3867 εἷπε

2145 3920 2361 3987 Κύριος
2393 3920 2426 3970 ὀ
2457 3917 2621 3983 Θεός.

2154 4031 2163 4039 ·
2230 4007 2572 4062 Ἐκτετίκασι
2604 4006 2701 4077 μὲν
2737 4006 2979 4060 Ἰουδαῖοι
3029 4006 3184 4070 δίκας
3216 4004 3318 4075 τῆς
3359 4005 3441 4068 είς
3488 4000 3722 4074 Χριστὺν

2149 4100 2454 4172 παροινίας,
2499 4097 2770 4170 ἀνθρώπῳ
2816 4099 2915 4168 μὲν
2964 4099 3271 4170 ἀφορήτους
3318 4096 3503 4159 παντὶ,
3555 4108 3722 4163 μεμε-

2147 4192 2427 4264 τρημένας
2476 4192 2534 4245 δὲ
2589 4191 2756 4261 ὅμως,
2814 4190 2875 4244 τό
2918 4206 2982 4259 γε
3029 4184 3165 4261 ἦκον
3210 4190 3290 4252 είς
3349 4187 3572 4256 ἰσότητα
3617 4181 3724 4235 τῶν

2150 4283 2572 4357 ἡμαρτημένων.
2613 4281 3047 4351 Δεδυσσεὸήκασι
3094 4281 3201 4351 γὰρ
3247 4278 3316 4332 τὰ
3350 4277 3495 4348 πέρα
3529 4275 3723 4346 μέτρου

469 4372 745 4429 ciderunt.
780 4381 833 4421 et
856 4377 1166 4423 sanctorum
1191 4367 1590 4435 prophetarum
1627 4368 1905 4437 sanguiuis
1929 4384 2028 4422 reo:

2153 4376 2372 4442 παντὸς,
2404 4374 2762 4438 ἀπεκτονότες
2796 4373 3058 4437 δικαίους,
3106 4372 3199 4425 καὶ
3230 4369 3524 4442 προφητῶν
3560 4366 3727 4432 ἁγίων

469 4476 530 4517 se
575 4458 967 4515 reddiderunt:
1011 4459 1229 4511 tandem
1286 4456 1388 4524 ipsi
1438 4458 1602 4510 etiam
1647 4457 1868 4512 Christo
1930 4476 2028 4512 ma-

2153 4469 2380 4539 αἴμασιν
2411 4466 2626 4537 ἐνόχους
2658 4465 2884 4527 ἑαυτοὺς
2916 4464 3379 4533 καταστήσαντες.
3423 4457 3728 4511 Τελευτῶν·

470 4568 574 4608 nus
627 4550 967 4604 intulerunt:
998 4563 1178 4617 quem,
1203 4563 1326 4601 cum
1372 4546 1542 4600 Filius
1574 4555 1738 4611 esset,
1781 4548 2048 4604 misitPa-

473 4655 557 4699 ter
599 4650 721 4713 post
772 4639 1022 4694 lautulus.
1057 4640 1123 4692 At
1162 4640 1214 4693 hi
1255 4640 1337 4693 sic
1382 4648 1573 4692 cuutra
1630 4639 1779 4691 illum
1845 4640 2047 4696 insole-

471 4735 715 4795 seehant.
762 4733 975 4787 etiamsi
1014 4731 1156 4784 inter
1190 4744 1248 4784 se
1306 4730 1580 4783 dicerent:
1620 4747 1639 4779 ι
1673 4729 1770 4783 llic
1802 4741 1887 4784 est
1940 4733 2048 4785 hrc-

471 4828 635 4883 res".
663 4847 682 4881 ι
703 4827 886 4895 Itaque
915 4822 1251 4894 propterhoc
1275 4831 1578 4889 peccatum,
1599 4822 1797 4890 inquit,
1816 4823 2040 4878 tristitia

472 4920 624 4975 all'eci
661 4935 784 4975 eum
808 4960 823 4984 ,
852 4930 906 4972 et
950 4919 1214 4990 percussi,
1240 4929 1293 4973 et
1325 4918 1494 4971 averti
1539 4917 1731 4972 faciem
1783 4934 1957 4971 meam
1982 4920 2051 4973 ab

472 5026 556 5065 eo.
637 5009 781 5063 Dixit
813 5010 994 5064 enim:
1030 5027 1048 5060 ι
1069 5008 1202 5062 Cum
1240 5024 1429 5061 manus
1460 5017 1666 5061 vestras
1697 5010 2051 5064 extendet‘itis

475 5104 540 5156 ad
577 5116 684 5169 me,
721 5112 962 5156 avertam
1003 5100 1187 5154 oculos
1236 5094 1382 5152 meos
1417 5114 1446 5152 a
1480 5100 1665 5155 vobis:
1711 5112 1765 5154 et
1792 5102 1835 5154 si
1871 5103 2051 5156 multi-

474 5191 804 5262 plicaveritis
853 5192 1305 5255 oratiouetn,nou
1339 5191 1624 5244 exaudiam
1684 5208 1796 5244 vos.
1865 5192 2053 5247 Manus

474 5283 617 5337 enim
652 5293 843 5337 vestrae
872 5283 1041 5352 plena!
1073 5290 1199 5337 sunt
1230 5281 1497 5350 sanguine
1522 5282 1588 5334 ".
1610 5301 1627 5332 ι
1679 5282 1785 5337 Sed
1849 5295 2056 5351 postre-

477 5374 582 5429 tuis
634 5374 974 5444 temporibus
1032 5373 1392 5441 resipiscente
1436 5373 1671 5429 lsraele:
1708 5376 1879 5429 abibit
1906 5375 2052 5429 enim

481 5471 730 5527 moestus,
762 5465 988 5519 desistet
1015 5468 1083 5518 ah
1132 5464 1233 5518 hac
1265 5448 1600 5527 aversione,
1642 5476 1695 5519 et
1740 5482 1835 5534 per
1891 5466 2050 5519 tidem

481 5553 793 5623 recipietur,
835 5566 891 5609 et
920 5571 949 5611 a
1008 5557 1254 5626 pristinis
1298 5557 1555 5626 peccatis,
1594 5556 1699 5611 Deo
1774 5556 2055 5610 connnise-

2152 4577 2243 4624 τες
2280 4559 2337 4612 δὲ
2381 4558 2476 4611 καὶ
2513 4556 2663 4628 αὐτῷ
2690 4556 2790 4620 τὰς
2833 4558 3019 4627 χεῖρας
3053 4556 3333 4626 ἐπήγαγον
3366 4550 3444 4622 τῷ
3488 4548 3730 4619 Χριστῷ,

2151 4650 2209 4705 ὃν
2236 4651 2361 4703 Υἱδν
2388 4649 2515 4703 ὄντα
2548 4648 2835 4721 πέπομφεν
2872 4649 2899 4699 ὁ
2924 4646 3113 4717 Πατὴρ
3160 4645 3297 4717 μετά
3328 4646 3452 4707 τοὺς
3492 4643 3729 4703 οἰκέτας.

2155 4741 2217 4793 Οἱ
2259 4740 2317 4792 δὲ
2358 4739 2452 4793 καὶ
2498 4737 2669 4801 οὓτως
2717 4735 3104 4807 ἠλαζονεύοντο
3152 4735 3271 4789 κατ’
3318 4731 3506 4793 αὐτοῦ,
3556 4731 3735 4783 καίτοι

2157 4830 2293 4901 πρὸς
2309 4830 2568 4900 ἀλλήλους
2585 4828 2851 4896 λέγοντες·
2875 4848 2893 4879 ι
2921 4822 3090 4890 Οὗτός
3105 4829 3252 4879 ἐστιν
3279 4826 3306 4879 ὁ
3337 4823 3725 4893 κληρονόμος.»

2157 4922 2366 4975 Οὐκοῦν
2409 4920 2496 4974 διὰ
2539 4920 2741 4991 ταύτην
2780 4919 2877 4991 τὴν
2920 4917 3192 4990 ἁμαρτίαν
3250 4916 3496 4984 ἐλύπησα
3547 4914 3733 4972 αὑτὸν.

2155 5013 2310 5083 φησι,
2340 5013 2432 5065 καὶ
2454 5010 2721 5075 ἐπάταξα,
2755 5011 2850 5063 καὶ
2881 5008 3201 5081 ἀπέστρεψα
3226 5008 3285 5061 τὸ
3315 5005 3606 5076 πρόσωπόν
3633 5021 3733 5073 μου

2154 5103 2250 5157 ἀπ’
2283 5102 2469 5157 αὐτοῦ.
2504 5103 2650 5172 Ἔφη
2676 5101 2803 5171 γάρ’
2840 5121 2857 5152 ι
2889 5102 3057 5154 Ὅταν
3099 5100 3198 5163 τὰς
3224 5101 3412 5170 χεῖρας
3452 5095 3609 5166 ὑμῶν
3641 5096 3734 5147 ex-
3772 5104 3785 5110 ‘

2156 5192 2365 5263 τείνητε
2413 5192 2547 5263 πρός
2587 5209 2684 5263 με,
2724 5190 3050 5261 ἀποστρέψω
3092 5192 3218 5254 τοὺς
3263 5188 3577 5258 ὀφθαλμούς
3632 5204 3734 5254 μου

2158 5284 2250 5352 ἀφ’
2283 5282 2452 5353 ὑμῶν’
2487 5286 2581 5335 καὶ
2612 5282 2707 5335 ἐὰν
2736 5281 3043 5354 πληθύνητε
3075 5282 3172 5350 τὴν
3227 5280 3428 5350 δέησιν,
3476 5280 3577 5331 οὐκ
3620 5279 3736 5331 sic:-

2161 5373 2467 5443 ακούσομαι
2500 5373 2685 5443 ὑμῶν·
2724 5373 2780 5426 αἱ
2816 5372 2923 5445 γὰρ
2952 5374 3131 5443 χεῖρες
3165 5369 3318 5441 ὑμῶν
3337 5369 3569 5438 αἵματος
3604 5368 3738 5436 πλή-

2162 5480 2329 5534 ρεις.)
2352 5464 2489 5516 Ἀλλ’
2517 5466 2575 5516 ἐν
2603 5464 2851 5535 ὑστέροις
2880 5465 3091 5533 καιροῖς
3122 5458 3623 5532 μεταγινώσκΟντος
3643 5459 3736 5512 ἐῦῦ

2174 5557 2387 5624 Ἰσραὴλ
2402 5554 2748 5626 (πορεύσεται
2777 5554 2885 5625 γὰρ
2913 5551 3527 5623 στυγνὸς),πεπαιὶσεται
3552 5551 3655 5619 μὲν
3672 5552 3738 5603 τὰ

556 5717 600 5747 ’³
640 5732 744 5786 lsa.
786 5746 838 5795 κ,
872 5730 980 5798 22;
1020 5734 1178 5788 Rom.
1212 5735 1402 5799 tx,27.
1480 5738 1526 5769 "
1557 5736 1686 5791 Luc.
1719 5752 1808 5798 xx,
1849 5736 1910 5789 l4
2008 5738 2053 5767 “
2085 5735 2186 5790 Isa.
2226 5751 2264 5800 t,
2308 5733 2391 5787 15.
