4092 6296
357 353 496 410 ΙΞῚῚ
1470 355 1536 413 ΙΝ
1578 355 1817 415 ISAIAM
1856 359 1973 417 LIB,

2028 360 2093 418 v.
2135 361 2366 419 'roaws
2406 363 2493 418 tn.
3471 342 3640 429 427s

358 472 456 545 τῆς
486 472 868 543 ἀποστροφῆς⁸
914 473 1323 545 είσδεχθήσεται
1352 477 1408 530 δὲ
1438 478 1525 532 διά
1555 480 1811 544 πίστεως,
1845 481 1939 535 καὶ
1967 526 1974 542 ε

1989 486 2197 542 trante
2238 482 2569 548 alusolvetttr,
2607 492 2661 537 et
2705 484 2885 554 capiet
2923 499 3106 539 veram
3156 485 3605 543 consolationem.

358 564 469 617 τῶν
509 564 755 634 ἀρχαίων
795 565 1214 635 ἁμαρτημάτων
1259 567 1758 641 ἀπαλλαχθήσεται,
1799 571 1934 626 Θεοῦ

2036 575 2108 628 At
2141 573 2354 643 qualem
2413 574 2555 629 hanc
2611 589 2729 631 esse
2781 575 3055 631 dicimus?
3101 591 3166 631 an
3215 594 3319 632 non
3366 577 3612 632 videlicet

359 654 846 725 κατοικτείροντος⁹
875 653 1105 724 λήψεται
1150 655 1207 709 δὲ
1235 657 1328 709 καὶ
1357 660 1703 731 παράκλησιν
1748 661 1937 732 ἀληθι-

2036 663 2267 736 gratiam
2321 676 2417 731 per
2454 662 2756 728 Christum,
2784 679 2903 732 quae
2949 678 3045 731 per
3096 664 3255 718 ﬁdem
3313 664 3600 733 jnstilicat,

359 745 480 814 νήν.
514 743 625 796 Καὶ
653 742 811 796 ποίαν
843 738 982 796 εἶναι
1011 743 1219 814 ταύτην
1250 746 1459 816 φαμὲν,
1491 748 1525 818 ἢ
1559 749 1803 819 δηλονότι
1837 750 1938 822 τὴν

2037 769 2066 809 a
2102 756 2337 825 peccatis
2366 755 2581 822 liberal,
2603 765 2658 810 et
2690 756 3177 811 sanctiﬁcationetn
3209 770 3305 825 per
3340 755 3605 825 Spiritum

360 833 452 885 διά
477 829 712 903 Χριστοῦ
739 830 920 901 χάριν,
955 830 1275 887 δικαιοῦσαν
1302 837 1359 888 ὲν
1385 836 1588 901 πίστει,
1626 841 1719 892 καὶ
1752 841 1936 911 ἀμαρ-

2039 844 2312 908 conciliat,
2363 852 2416 899 et
2467 845 2769 913 adoptionis
2835 845 3085 914 gloriam,
3146 854 3201 899 et
3260 846 3606 914 praemiorum

358 923 492 976 τιῶν
533 920 999 982 άπαλλάττουσαν,
1044 921 1411 994 προξενοῦσαν
1461 927 1518 979 δὲ
1569 930 1665 982 καὶ
1715 929 1810 983 τὸν
1850 931 1939 984 διά

2039 949 2187 1002 spem
2223 950 2344 1004 qua:
2379 935 2583 990 sanctis
2621 935 2887 990 destinata
2919 935 3092 989 sunt?
3128 934 3267 990 Vera
3317 946 3402 991 est
3451 935 3614 1006 igitur

359 1014 679 1084 Πνεύματος
705 1013 976 1083 ἀγιασμδν
995 1053 1010 1077 ,
1039 1016 1134 1068 καὶ
1175 1016 1276 1085 τῆς
1307 1017 1581 1083 υἱοθεσίας
1622 1020 1720 1092 τὴν
1760 1022 1936 1089 δόξαν,

2040 1027 2155 1081 haec
2187 1026 2507 1089 consolatio,
2542 1041 2662 1095 quae
2697 1034 2890 1096 praeter
2908 1027 3009 1080 alia
3040 1030 3177 1081 bona
3204 1028 3407 1093 omnia,
3458 1026 3616 1082 εὕει-ι

357 1106 457 1158 καὶ
494 1107 673 1176 γερῶν
703 1105 892 1158 ἐλπίδα
934 1105 1045 1159 τῶν
1086 1109 1199 1170 τοῖς
1229 1108 1406 1177 άγίοις
1448 1111 1936 1181 ηὐτρεπισμένων;

2040 1115 2124 1170 his
2159 1117 2252 1186 qui
2278 1131 2341 1171 ea
2375 1117 2586 1186 prtediti
2605 1127 2752 1182 sunt,
2784 1132 2971 1187 pacem
3005 1133 3166 1186 super
3205 1133 3417 1188 pacem,
3439 1119 3490 1173 id
3510 1128 3612 1187 est,

373 1193 631 1266 Ἀληθινὴ
657 1193 949 1263 τοιγαροῦν
980 1197 1012 1264 ἡ
1045 1196 1411 1267 παράκλησις,
1438 1199 1573 1269 πρὸς
1602 1204 1717 1264 τοῖς
1759 1201 1940 1266 ἀλλοις

2042 1217 2350 1276 perpetuam
2378 1218 2432 1262 et
2461 1207 2641 1277 jngem
2675 1208 2825 1277 pacis
2873 1208 3220 1263 serenitatem
3252 1225 3413 1278 quam
3465 1210 3617 1265 dedit

361 1285 571 1339 ἅπασιν
599 1285 825 1353 ἀγαθοῖς
853 1286 1242 1356 εἰσκομίζουσα
1265 1292 1380 1353 τοῖς
1410 1289 1722 1354 ἀξιωθεῖσιν
1770 1293 1943 1363 αὐτῆς

2043 1296 2320 1362 Servator,
2349 1307 2404 1354 et
2430 1300 2512 1353 his
2538 1300 2625 1367 qui
2650 1299 2853 1367 procul,
2884 1307 2939 1354 et
2983 1301 3070 1356 his
3099 1301 3191 1370 qui
3249 1315 3419 1371 prope
3462 1310 3609 1366 sunt,

362 1376 458 1428 καὶ
518 1377 739 1447 εἰρήνην
785 1376 878 1428 ἐπὶ
930 1378 1183 1448 εἰρήνην,
1238 1381 1484 1433 τουτέστι
1552 1382 1774 1451 διηνεκῆ
1845 1383 1941 1437 καὶ

2043 1387 2094 1440 id
2128 1397 2229 1451 est,
2253 1389 2413 1458 811
2435 1399 2487 1442 et
2507 1389 2589 1442 his
2612 1390 2702 1457 qui
2724 1404 2786 1443 ex
2806 1391 3070 1456 gentibus,
3091 1400 3138 1444 et
3161 1390 3264 1443 illis
3281 1392 3369 1459 qui
3398 1405 3463 1444 ex
3491 1405 3618 1444 san-

362 1466 721 1521 ἀνέκλειπτον
762 1468 862 1537 τὴν
912 1468 1012 1539 τῆς
1055 1470 1282 1540 εἰρήνης
1321 1470 1524 1536 εὐδίαν,
1567 1473 1634 1544 ῆν
1673 1472 1872 1526 ἔδωκεν
1914 1474 1943 1526 ὁ

2043 1479 2205 1546 gnine
2252 1478 2419 1533 Israel
2466 1488 2613 1533 sunt.
2652 1479 2856 1533 All‘atns
2894 1487 2978 1534 est
3004 1481 3146 1534 enim
3176 1488 3365 1549 gentes
3427 1481 3617 1536 beatus

368 1557 561 1627 Σωτὴρ
601 1557 698 1611 καὶ
739 1560 852 1620 τοῖς
886 1557 1124 1628 μακράν,
1166 1560 1402 1622 καὶτοῖς
1453 1561 1640 1628 ἐγγὺς,
1672 1560 1942 1626 τουτέστι,

2044 1568 2278 1625 Paulus:
2310 1587 2329 1620 ι
2367 1567 2518 1624 Nunc
2544 1578 2728 1624 autem
2768 1570 2857 1639 qui
2891 1571 3161 1638 quondam
3192 1571 3357 1624 eratis
3402 1569 3618 1639 procul,

370 1645 467 1698 καὶ
509 1648 623 1721 τοῖς
665 1645 725 1711 ἐξ
767 1644 960 1712 ὲθνῶν,
1015 1646 1111 1700 καὶ
1149 1650 1260 1711 τοῖς
1303 1648 1362 1715 ἐξ
1417 1647 1646 1720 αἵματος
1705 1650 1941 1721 Ἰσραήλ.

2047 1660 2171 1714 facti
2194 1662 2330 1714 estis
2379 1675 2546 1729 prope
2574 1661 2626 1716 in
2654 1663 2919 1732 sanguine
2949 1661 3152 1716 Christi
3172 1662 3239 1714 "'.
3273 1680 3291 1712 ι
3327 1660 3458 1715 Nam
3485 1677 3619 1729 qua-

371 1736 816 1807 Προσπεφὼνηκε
848 1735 959 1807 γάρ
978 1739 1092 1800 τοῖς
1122 1737 1328 1791 ἔθνεσιν
1356 1740 1385 1792 ό
1417 1741 1688 1811 μακάριος
1714 1739 1941 1805 Παῦλος,

2046 1759 2203 1806 tenus
2233 1751 2397 1805 Israel
2427 1753 2742 1821 subjugatus
2779 1759 2899 1806 erat
2928 1751 3055 1821 legi,
3081 1761 3137 1806 et
3176 1752 3448 1805 serviebat
3505 1752 3615 1806 D00

369 1826 453 1878 ὄτι
486 1827 664 1879 «Νυνὶ
691 1826 748 1879 δὲ
779 1827 1001 1893 ὃλως,οί
1033 1828 1165 1881 ποτὲ
1193 1828 1344 1892 ὄντες
1377 1831 1617 1903 μακρὰν,
1652 1831 1949 1903 ἐγενήθητε
1978 1830 1985 1885 l

2007 1832 2248 1896 lviventi
2291 1851 2345 1896 et
2375 1857 2522 1909 vero,
2581 1842 2656 1897 ita
2725 1851 2783 1897 ut
2832 1857 3002 1897 sacrae
3051 1842 3415 1912 praedicationi
3450 1842 3623 1912 placet

369 1917 538 1984 ἔγγὺς
580 1917 638 1968 ὲν
662 1916 741 1987 τῷ
769 1918 963 1985 αἵματι
1008 1917 1102 1970 τοῦ
1142 1918 1395 1987 Χριστοῦ.
1438 1938 1459 1972 ι
1510 1920 1679 1973 Ὅσον
1714 1921 1812 1991 μὲν
1840 1921 1953 1991 γάρ

2056 1931 2295 2005 (dictum
2325 1942 2407 1987 est
2431 1934 2573 1987 enim
2598 1933 2734 1987 illis:
2758 1952 2775 1984 ι
2801 1933 3059 1988 Dominus
3091 1933 3230 1987 Deus
3270 1943 3394 1987 tuus
3441 1933 3624 1987 Domi-

365 2003 504 2081 ἦκεν
540 2009 620 2071 είς
656 2008 718 2061 τὸ
761 2008 1122 2079 κατεζεῦχθαι
1155 2009 1304 2079 νόμῳ
1331 2009 1423 2063 τὸν
1462 2011 1702 2081 Ἰσραὴλ,
1732 2012 1829 2064 καὶ
1858 2012 1953 2067 λα-

2054 2003 2155 2079 nus
2184 2039 2323 2079 unus
2346 2032 2428 2080 est
2444 2025 2489 2057 ³⁸
2512 2025 2587 2094 ι),
2617 2039 2782 2094 prope
2811 2040 2927 2079 esse
2947 2025 3337 2093 quodammodo
3364 2024 3626 2080 videban-

364 2097 583 2170 τρεύειν
628 2098 748 2169 Θεῷ
793 2099 958 2162 ζῶντι
1017 2099 1111 2153 καὶ
1159 2099 1417 2170 ἀληθινῷ,
1448 2100 1592 2154 κατά
1644 2118 1709 2168 γε
1741 2101 1805 2153 τὸ
1840 2103 1953 2162 τοῖς

2054 2124 2164 2181 tttr,
2189 2126 2376 2186 gentes
2401 2128 2580 2171 autem
2624 2115 2813 2185 procul
2873 2115 3085 2181 abesse,
3116 2131 3180 2172 eo
3216 2117 3358 2187 quod
3400 2129 3622 2187 prorsus

368 2191 535 2262 ἱεροῖς
563 2190 883 2261 κηρύγμασι
914 2188 1106 2244 δοκοῦν
1157 2189 1398 2260 (εἴρηται
1425 2190 1535 2261 γὰρ
1559 2192 1696 2262 πρὸς
1729 2191 1949 2254 αὐτούς·

2054 2222 2086 2262 a
2129 2211 2338 2264 sanctis
2386 2207 2665 2278 discipulis
2714 2208 2904 2263 alienae
2948 2217 3155 2277 essent,
3198 2209 3621 2279 ignorarenlque

371 2302 394 2335 ι
428 2284 628 2355 Κύριος
653 2286 683 2337 ό
703 2284 835 2347 Θεός
868 2300 985 2351 σου,
1025 2285 1232 2355 Κύριος
1259 2280 1341 2348 εἷς
1367 2287 1516 2338 ἐστιν
1540 2284 1786 2354 ι),ἐγγὺς
1814 2281 1954 2338 εἶναί

2053 2298 2426 2354 universitatis
2466 2297 2779 2353 Creatorem
2801 2308 2856 2353 et
2888 2296 3196 2354 Dominum.
3230 2299 3337 2353 Sed
3374 2313 3474 2367 pax
3499 2298 3625 2353 data

370 2391 492 2438 πως
537 2375 779 2429 ἐδόκουνο
819 2374 1036 2447 μακράν
1075 2375 1134 2428 δὲ
1176 2375 1247 2428 τά
1291 2375 1438 2447 ἔθνη,
1486 2374 1575 2429 διὰ
1628 2375 1689 2428 τὸ
1725 2376 1955 2430 είσάπαν

2056 2398 2138 2446 εει
2175 2399 2228 2445 et
2259 2390 2345 2445 his
2367 2395 2437 2445 ‘et
2466 2389 2570 2444 illis
2604 2405 2633 2443 a
2660 2389 2768 2444 Deo
2799 2399 2849 2444 et
2889 2388 3069 2454 Patre,
3104 2404 3199 2458 per
3226 2390 3500 2444 Christum
3537 2389 3613 2441 vi-

370 2463 855 2535 ἀπηλλοτριῶσθαι
904 2467 997 2518 καὶ
1026 2465 1363 2535 μαθημάτων
1393 2464 1584 2534 ἁγίων,
1633 2465 1727 2519 καὶ
1756 2464 1849 2518 τοῦ
1878 2467 1958 2519 εί-

2058 2482 2271 2546 delicet,
2296 2482 2387 2551 qui
2416 2480 2545 2536 fecit
2576 2491 2804 2551 utraque
2832 2495 3019 2546 unum,
3068 2492 3121 2534 et
3159 2481 3379 2549 pupulos
3412 2481 3547 2534 duos
3574 2479 3625 2533 in

372 2555 525 2609 δέναι
558 2554 650 2608 τὸν
681 2554 790 2608 τῶν
816 2555 953 2610 ὅλων
978 2556 1360 2626 γενεσιουργδν
1413 2557 1508 2609 καὶ
1544 2554 1769 2626 Κύριον.
1815 2556 1954 2609 'an'

2057 2590 2222 2629 unum
2249 2589 2442 2629 novum
2468 2572 2742 2627 hominem
2773 2574 3033 2634 condidit,
3066 2580 3118 2627 et
3142 2574 3486 2626 interstitium
3517 2587 3630 2625 ma-

379 2646 570 2718 είρήνη
605 2645 812 2700 δέδοται
843 2646 1053 2710 τούτοις
1074 2663 1136 2699 τε
1200 2647 1473 2710 κάκείνοις
1499 2650 1649 2719 παρὰ
1689 2646 1784 2700 τοῦ
1816 2646 1953 2701 Θεοῦ

2055 2667 2214 2720 οεγίιε
2237 2663 2414 2728 solvit,
2443 2678 2506 2717 ac
2525 2660 2724 2733 Legem
2758 2676 3141 2733 praeceptorum
3175 2663 3225 2715 in
3254 2663 3479 2717 decretis
3497 2662 3629 2715 abo-

379 2741 474 2793 καὶ
499 2740 734 2811 Πατρὸς,
771 2742 804 2810 ή
823 2739 911 2794 διά
935 2739 1172 2810 Χριστοῦ
1203 2739 1468 2809 δηλονότι,
1502 2738 1597 2792 τοῦ
1631 2741 1957 2807 ποιήσαντος

2057 2749 2205 2805 levit.
2232 2747 2419 2818 Itaque
2433 2764 2527 2817 per
2552 2743 2727 2818 ipsum
2753 2750 3239 2805 reconciliationem
3261 2751 3549 2805 habuimus
3577 2758 3630 2804 et

382 2832 453 2885 τά
494 2832 778 2904 ἀμφότερα
807 2830 887 2896 ἓν,
922 2832 1017 2885 καὶ
1060 2832 1186 2895 τοὺς
1220 2831 1313 2885 δύο
1356 2830 1519 2895 λαοὺς
1555 2831 1839 2894 κτίσαντος
1877 2833 1958 2895 είς

2054 2856 2243 2913 pacem
2262 2856 2384 2895 cum
2402 2842 2530 2908 Deo,
2549 2850 2660 2895 ttnn
2683 2842 2824 2897 inter
2847 2858 2945 2897 nos
2964 2858 3233 2911 nunquam
3258 2841 3627 2896 scindendam.

384 2921 480 2977 ἕνα
506 2922 690 2976 καινὸν
714 2923 1019 2994 ἄνθρωπον,
1044 2924 1137 2976 καὶ
1161 2922 1223 2977 τὸ
1248 2922 1555 2993 μεσότοιχον
1582 2923 1675 2976 τοῦ
1699 2921 1955 2994 φραγμοῦ

2058 2932 2188 2984 Nam
2223 2931 2477 2987 Christus
2510 2932 2707 2987 alicubi
2744 2935 2879 2988 dixit
2913 2936 2977 2986 ad
3012 2932 3229 2987 Patrem
3271 2943 3325 2987 et
3366 2932 3531 2986 Deum
3576 2931 3629 2985 in

381 3014 663 3081 λύσαντος,
707 3015 802 3068 καὶ
845 3015 939 3068 τὸν
984 3013 1148 3084 νόμον
1199 3012 1311 3066 τῶν
1355 3012 1585 3066 ἐντολῶν
1628 3013 1687 3065 ὲν
1725 3013 1955 3082 δόγμασι

2055 3022 2297 3077 cmliszt
2326 3022 2460 3078 Volo
2507 3032 2565 3075 ut
2621 3026 3071 3092 quemadmodum
3128 3038 3228 3093 ego
3265 3032 3319 3077 et
3373 3032 3428 3077 tu
3467 3038 3629 3077 unum

384 3107 847 3176 καταργήσαντος.
902 3102 1111 3157 Οὐκοῦν
1149 3103 1221 3160 δι’
1269 3100 1432 3155 αὐτοῦ
1466 3101 1561 3171 τὴν
1611 3098 1952 3170 καταλλαγὴν
1983 3151 2000 3206 ί

2018 3152 2025 3203 ι
2056 3128 2265 3178 sumus,
2290 3113 2369 3167 sic
2401 3122 2457 3167 et
2491 3113 2590 3181 ipsi
2625 3114 2676 3166 in
2703 3114 2858 3168 nobis
2883 3129 3044 3166 unum
3064 3114 3172 3166 sint
3206 3113 3271 3166 ”.
3298 3132 3318 3165 ι
3346 3111 3634 3181 Suhjnngit

382 3199 717 3268 ἐσχήκαμεν,
753 3197 847 3250 καὶ
888 3195 1214 3266 ἀδιάτμητον
1241 3195 1337 3265 τὴν
1370 3196 1615 3265 εἰρήνην,
1657 3199 1791 3265 πρὸς
1822 3193 1955 3247 Θεὸν
1985 3193 1998 3206 “

2011 3193 2025 3205 ’
2063 3203 2209 3257 hisce
2225 3204 2516 3271 propheta:
2542 3203 2609 3257 Et
2624 3203 2763 3257 dixit
2785 3203 3042 3258 Dominus
3063 3222 3076 3257 :
3100 3201 3313 3257 Sanabo
3340 3218 3456 3267 vos,
3477 3203 3627 3257 velut

381 3288 475 3341 καὶ
502 3287 639 3356 πρὸς
675 3286 969 3358 ἀλλήλους.
1000 3287 1144 3356 Ἔφη
1181 3286 1291 3356 γάρ
1317 3302 1419 3339 που
1451 3285 1682 3354 Χριστὸς
1706 3285 1841 3354 πρὸς
1865 3284 1956 3338 τὸν

2063 3292 2532 3361 αιιαοεριιειαιοείιι
2576 3294 2861 3361 quamdam
2902 3305 2966 3347 ac
2999 3292 3427 3345 recollectionem
3468 3291 3633 3345 latius

377 3379 439 3431 ὲν
463 3379 577 3440 τοῖς
603 3378 848 3448 οὐρανοῖς
874 3377 1091 3445 Πατέρα
1112 3377 1206 3429 καὶ
1228 3375 1359 3429 Θεόν
1380 3393 1394 3408 ο
1424 3394 1443 3427 ι
1461 3374 1610 3428 Θέλω
1630 3374 1737 3441 ἵνα,
1769 3373 1956 3447 ὥσπερ

2061 3384 2320 3439 orationis
2369 3385 2651 3449 inducens,
2698 3392 2753 3437 et
2790 3383 2912 3437 inde
2941 3383 3354 3451 promissionem
3388 3381 3631 3435 omnium

378 3469 490 3538 ἐγὼ
532 3470 629 3525 καὶ
679 3470 743 3523 σὺ
787 3470 846 3524 ἓν
889 3472 1078 3540 ἐσμεν,
1125 3468 1266 3522 οὕτω
1297 3468 1393 3522 καὶ
1433 3467 1588 3520 αὐτοὶ
1631 3468 1689 3520 ὲν
1733 3468 1865 3537 ήμῖν
1897 3464 1956 3519 ἓν

2064 3475 2421 3529 dominatoris
2481 3474 2573 3527 Dei
2620 3489 2805 3528 veram
2855 3487 2977 3527 esse
3024 3472 3326 3527 declarans.
3379 3471 3634 3525 Promisit

378 3556 532 3615 ὦσιν.
568 3579 589 3614 ι
629 3561 908 3631 Ἐπιφέρει
949 3561 1006 3613 δὲ
1039 3559 1247 3622 τούτοις
1272 3561 1302 3613 ὁ
1332 3559 1640 3629 προφήτης·
1683 3558 1795 3610 Καὶ
1834 3552 1955 3610 εἷπε

2061 3567 2228 3630 enim,
2261 3565 2452 3636 inquit,
2483 3565 2670 3619 dicens
2707 3579 2765 3619 se
2805 3564 2924 3618 illos
2957 3573 3271 3617 sanaturum
3305 3579 3320 3616 :
3355 3570 3409 3616 at
3443 3560 3628 3630 iniusti

381 3653 605 3723 Κύριος,
638 3653 882 3723 ’ἰάσομαι
905 3653 1120 3718 αὐτοὺς,
1147 3652 1615 3721 ἀνακεφαλαίωσιν
1634 3651 1822 3722 ὥσπερ
1836 3649 1957 3705 τινὰ

2062 3658 2143 3713 sic
2176 3656 2532 3733 ﬂuctuabant,
2559 3667 2615 3710 et
2662 3657 3007 3725 requiescere
3041 3668 3145 3708 non
3186 3662 3457 3723 poterunt.
3501 3651 3633 3705 Nam

383 3746 477 3799 τοῦ
512 3747 708 3809 παντὸς
750 3746 907 3813 λόγου
941 3746 1259 3816 ποιούμενος
1299 3747 1387 3800 διὰ
1432 3746 1648 3810 τούτου,
1696 3748 1791 3800 καὶ
1822 3746 1956 3799 ὑπό-

2062 3758 2349 3817 postquam
2383 3747 2746 3803 vocandorunt
2784 3746 3004 3815 praemia
3051 3745 3369 3814 percurrit:
3410 3742 3535 3795 hinc
3580 3749 3637 3794 et

389 3853 575 3907 σχεσιν
592 3836 798 3905 ἀψευδῆ
817 3836 911 3888 τοῦ
937 3836 1153 3889 πάντων
1179 3836 1506 3907 κρατοῦντος
1529 3836 1663 3889 Θεοῦ
1694 3837 1956 3901 καθιστάς

2061 3841 2276 3910 quidem
2310 3840 2652 3893 meritissime
2679 3838 2971 3891 infidelium
3000 3835 3281 3905 supplicia,
3318 3845 3371 3888 et
3404 3833 3631 3886 ﬂuctua-

385 3927 619 3999 ἐναργῆ*
652 3925 1015 3996 ἐπηγγείλατο
1042 3924 1171 3996 γὰρ,
1209 3927 1363 3996 φησὶ,
1402 3925 1596 3994 λέγων,
1631 3925 1707 3990 ὡς
1746 3927 1953 3981 ίάσεται

2069 3931 2266 3985 tionem
2302 3942 2367 3982 ac
2398 3927 2634 3981 inﬁnitas
2668 3927 2851 3996 plagas
2899 3934 3023 3980 ante
3063 3926 3345 3980 denuntiat
3396 3939 3636 3979 commo-

385 4017 605 4081 αὐτούς’
652 4019 703 4069 oi.
751 4016 809 4069 δὲ
839 4015 1014 4071 ἄδικοι
1066 4015 1237 4080 οὕτως
1270 4016 1820 4087 κλυδωνισθήσονται,
1860 4020 1955 4073 καὶ

2062 4021 2149 4076 de.
2176 4019 2291 4074 Non
2334 4030 2418 4074 est
2450 4019 2616 4082 enim,
2648 4017 2847 4086 inquit,
2892 4016 2993 4069 illis
3028 4018 3305 4087 gaudium,
3337 4013 3476 4067 dixit
3530 4014 3635 4069 Do-

385 4108 887 4167 ἀναπαύσασθαιού
920 4109 1255 4180 δυνήσονται.
1295 4106 1512 4180 Ἐπειδὴ
1547 4109 1657 4179 γάρ
1684 4109 1793 4164 τῶν
1823 4109 1956 4181 κλη-

2062 4113 2242 4168 minus
2287 4110 2448 4165 Deus.
2477 4108 2704 4163 Domino
2768 4119 2947 4163 autem
2977 4116 3032 4162 et
3077 4105 3321 4160 omnium
3366 4104 3474 4158 Deo
3513 4104 3633 4158 illos

386 4204 700 4276 θησομένων
750 4202 991 4273 διεξῆλθε
1036 4200 1105 4255 τὰ
1146 4201 1304 4271 γέρα,
1351 4200 1630 4270 ταύτῃτοι,
1666 4200 1760 4255 καὶ
1810 4200 1955 4270 μάλα

2062 4208 2306 4277 privante
2349 4218 2448 4258 suo
2504 4200 2723 4270 gaudio,
2769 4215 2888 4265 quae
2942 4214 3065 4253 esse
3118 4206 3293 4268 potest
3340 4193 3632 4266 voluptas"?

386 4296 632 4360 εἰκότως,
665 4295 760 4348 καὶ
792 4293 890 4356 τὰς
914 4292 1023 4346 τῶν
1048 4291 1413 4346 ἀπειθούντων
1446 4290 1713 4355 κολάσεις,
1739 4291 1832 4345 καὶ
1861 4291 1956 4345 τὸν

2063 4298 2427 4364 ρυοιι,ιιιιιοπι
2471 4301 2714 4360 tempore
2765 4291 3067 4345 vocationis
3116 4289 3506 4353 lsraelitarnm,
3544 4301 3631 4341 re-

383 4389 443 4442 ἐν
470 4389 652 4451 αὐτοῖς
678 4384 946 4448 κλύδωνα,
977 4385 1189 4448 καὶτὰς
1220 4383 1558 4451 ἀπεράντους
1583 4381 1767 4445 αίκίας
1786 4399 1955 4454 προσ-

2064 4387 2359 4439 tnanebunt
2411 4382 2627 4450 quidam
2670 4382 2720 4434 in
2774 4380 3112 4444 inﬁdelitate,
3157 4380 3265 4434 lilio
3337 4376 3631 4446 iniquitatis

383 4480 715 4551 ἀπαγγέλλει
744 4478 1048 4551 χρησίμως.
1086 4477 1161 4529 Ού
1207 4475 1316 4546 γάρ
1351 4475 1466 4528 ἔστι
1505 4475 1718 4545 χαίρειν
1748 4475 1952 4539 αὐτοῖς,
1987 4495 1999 4549 ι

2015 4474 2417 4548 ,ιιιιιιωι-ειιιεε,
2454 4470 2703 4525 ostendet
2746 4470 2903 4539 plane
2953 4469 3392 4540 sapientissimus
3435 4466 3631 4522 Paulul

386 4574 568 4645 φησιν,
603 4568 723 4625 εἷπε
763 4571 970 4640 Κύριος
995 4570 1023 4621 ό
1058 4567 1212 4629 Θεός.
1241 4565 1349 4619 Τοῦ
1377 4566 1433 4619 δὲ
1460 4564 1667 4635 Κυρίου
1694 4565 1787 4619 καὶ
1818 4565 1957 4618 πάν-

2061 4564 2307 4631 inquiens
2332 4579 2345 4614 :
2376 4578 2395 4612 ι
2423 4559 2712 4629 Propterea
2737 4561 2877 4630 quod
2900 4562 3229 4629 agnitionem
3256 4560 3500 4613 veritatis
3529 4570 3633 4610 non

385 4683 493 4719 των
528 4664 664 4721 Θεοῦ
687 4664 749 4717 τὸ
776 4663 987 4733 χαίρειν
1009 4660 1190 4715 αὐτῶν
1213 4661 1642 4729 ἀποστήσαντος,
1673 4661 1827 4722 ποῖος
1854 4661 1955 4712 αὐ-

2064 4659 2404 4721 receperunt,
2431 4652 2549 4704 ideo
2581 4651 2759 4704 mittet
2795 4650 2902 4704 illis
2918 4651 3288 4719 operationem
3303 4649 3508 4704 erroris
3529 4647 3628 4700 “.t

386 4759 498 4820 τοῖς
524 4754 791 4827 θυμηδίας
818 4751 1049 4823 ὑπάρξει
1083 4751 1310 4822 τρόπος;
1339 4752 1459 4803 Ὀτι
1485 4749 1541 4802 δὲ
1568 4750 1662 4802 καὶ
1691 4752 1748 4802 ὲν
1781 4749 1958 4821 καιρῷ

2065 4746 2316 4813 Dixitque
2355 4746 2469 4813 ipse
2501 4741 2762 4798 Servator
2787 4761 2800 4797 :
2826 4761 2845 4795 ι
2878 4743 2987 4812 Ego
3016 4743 3138 4795 veni
3196 4742 3414 4795 nomine
3458 4737 3635 4792 Patris

387 4846 485 4915 τῆς
531 4846 777 4916 κλήσεως
822 4843 930 4896 τῶν
976 4842 1035 4907 ἐξ
1074 4840 1665 4913 Ἰσραὴλ,άπομενοῦσί
1712 4857 1858 4903 τινες
1902 4844 1959 4895 ὲν

2067 4836 2191 4904 mei,
2241 4846 2295 4890 et
2332 4851 2436 4889 non
2472 4835 2718 4905 accipitis
2752 4850 2878 4889 me:
2922 4835 2964 4889 si
2994 4834 3133 4887 alius
3166 4832 3372 4885 venerit
3416 4828 3637 4884 nomine

378 4936 641 5007 ¹ἀπειθείᾳ
667 4933 744 5002 τῷ
772 4936 872 5005 τῆς
902 4933 1132 5001 ἀνομίας
1153 4932 1256 5003 υίῷ
1276 4933 1684 5004 προσκείμενοι,
1707 4935 1962 5003 σαφηνιεί

2066 4941 2218 4988 δυο.»
2258 4925 2307 4979 id
2332 4935 2438 4989 est,
2480 4926 2621 4980 ﬁlius
2650 4925 2967 4994 iniquitatis,
3007 4935 3064 4979 ut
3095 4924 3230 4989 dixi,
3261 4940 3282 4974 ι
3312 4923 3459 4977 illum
3498 4922 3635 4975 acci-

386 5027 559 5096 λέγων
587 5027 618 5081 ό
637 5025 906 5093 πάνσοφος
932 5022 1162 5086 Παῦλος⁸
1190 5041 1209 5073 ι
1249 5022 1392 5076 Ἀνθ’
1428 5016 1502 5076 ὧν
1534 5022 1633 5093 τὴν
1664 5023 1958 5091 ἐπίγνωσιν

2064 5016 2224 5085 pietis
2245 5016 2536 5087 “altaque
2558 5018 2839 5072 vocabitur
2868 5018 2997 5072 olim
3019 5015 3181 5071 Israel
3217 5016 3281 5068 ad
3307 5014 3631 5084 agnitionem

384 5120 485 5189 τῆς
511 5116 764 5187 ἀληθείας
798 5115 897 5167 οὐκ
952 5113 1219 5179 ἐδέξαντο,
1271 5114 1361 5167 διά
1394 5113 1554 5167 τοῦτο
1590 5114 1794 5184 πέμψει
1855 5114 1955 5167 αὐ-

2066 5111 2290 5176 Christi,
2335 5115 2618 5182 el-gratia
2675 5129 2771 5183 per
2823 5113 2978 5165 ﬁdem
3016 5111 3068 5163 in
3116 5109 3290 5178 ipsum
3333 5104 3629 5159 dilabitur:

384 5212 496 5270 τοῖς
525 5212 554 5263 ὁ
588 5207 720 5270 Θεὸς
760 5204 1039 5275 ἐνέργειαν
1069 5203 1299 5275 πλάνης.
1330 5222 1353 5257 ι
1385 5205 1533 5272 Ἔφη
1566 5204 1623 5257 δὲ
1661 5205 1753 5257 καὶ
1793 5205 1957 5268 αὐτὸς

2064 5203 2229 5275 812
2274 5211 2329 5255 at
2364 5203 2583 5272 quidam
2623 5203 2770 5273 impii
2819 5212 2874 5256 et
2900 5199 3081 5267 iniusti
3114 5195 3632 5276 remanebuntztum

384 5302 412 5352 ὁ
441 5301 630 5368 Σωτήρ
650 5314 665 5328 ο
695 5317 713 5348 ι
739 5297 882 5365 Ἐγὼ
909 5294 1144 5366 ἐλήλυθα
1172 5297 1230 5348 ὲν
1256 5295 1334 5366 τῷ
1363 5296 1584 5365 ὀνόματι
1622 5296 1716 5349 τοῦ
1747 5296 1958 5367 Πατρός

2067 5308 2245 5350 autem
2300 5294 2464 5348 veluti
2503 5295 2846 5351 instabilibns
2886 5292 3074 5363 agitati
3110 5289 3381 5353 ﬂuctibus,
3431 5300 3493 5339 ac
3523 5300 3632 5338 om-

389 5406 510 5454 μου,
557 5388 655 5444 καὶ
690 5387 750 5440 οὗ
792 5386 1101 5458 λαμϐάνετέ
1136 5401 1225 5455 με·
1268 5385 1363 5439 ἐάν
1412 5385 1570 5446 ἀλλος
1611 5385 1738 5457 ἔλθῃ
1783 5389 1840 5439 ὲν
1882 5389 1960 5457 τῷ

2067 5389 2121 5443 tti
2166 5386 2367 5441 amisso
2406 5387 2625 5456 gaudio,
2656 5385 2996 5453 requiescere
3042 5395 3147 5435 non
3182 5385 3453 5448 poterunt.
3485 5371 3630 5428 Con-

393 5477 614 5543 ονόματι
644 5475 722 5544 τῷ
752 5475 921 5546 ἰδίῳ.»
959 5474 1242 5528 τουτέστιν
1280 5477 1308 5527 ό
1328 5474 1427 5544 τῆς
1457 5475 1685 5544 ἀνομίας
1719 5476 1853 5540 υἱὸς,
1884 5476 1959 5541 ὡς

2068 5489 2314 5534 terentur
2369 5476 2844 5541 enim,diutnrna
2904 5484 2958 5529 et
2990 5473 3199 5526 intinita
3262 5482 3417 5540 poena
3496 5463 3630 5521 ασε-

386 5564 544 5636 Ειρην,
587 5567 844 5620 «ἐκεῖνον
890 5564 1149 5636 λήψεσθε.
1185 5584 1203 5617 ι
1252 5565 1460 5619 Οὐκοῦν
1486 5566 1811 5638 κεκλήσεται
1858 5568 1956 5637 μὲν
2061 5571 2156 5626 cti.

456 5741 501 5774 "
530 5740 724 5812 Epltes.
761 5757 816 5809 ιι,
859 5741 939 5797 15.
1016 5744 1062 5775 ³⁸
1086 5744 1237 5799 Deut.
1265 5760 1339 5810 τι,
1373 5744 1426 5798 «ί.
1503 5748 1547 5778 ’³
1577 5745 1733 5800 .loan.
1769 5761 1897 5811 xvu,
1924 5747 2013 5801 ‘2l.

1577 5745 1733 5800 .loan.
1769 5761 1897 5811 xvu,
1924 5747 2013 5801 ‘2l.
2090 5750 2133 5783 ³ο
2164 5748 2208 5805 ll
2246 5747 2435 5804 Thess.
2474 5759 2533 5807 It,
2576 5743 2658 5799 l0.
2734 5743 2773 5774 ³¹
2807 5702 2963 5798 Joan.
2992 5758 3043 5807 ν,
3082 5742 3170 5798 45.
