4092 6296
457 294 593 353 l2'79

1481 289 1537 341 :5.
1579 284 1857 341 CYRILLI
1898 284 2367 361 ALEXANDBINI
2408 284 2733 342 ARCHIEP.

3605 288 3764 343 £280

454 412 596 466 κατά
619 414 844 483 καιροὺς
871 412 901 464 ό
938 407 1153 481 Ἰσραήλ
1184 408 1266 471 είς
1331 407 1629 477 ἐπίγνωσιν
1671 405 1766 461 τοῦ
1789 404 2059 478 Χριστοῦ,
2100 407 2193 463 καὶ
2235 407 2335 480 τὴν
2371 406 2463 461 διά
2516 406 2754 467 πίστεως
2822 402 2921 475 τῆς
2971 401 3054 465 είς
3084 401 3248 463 αὑτὸν
3290 403 3757 469 καταπλουτήσει

453 503 635 575 χάριν·
669 501 887 565 ἀσεϐεῖς
910 501 966 554 δὲ
1017 502 1112 554 καὶ
1140 499 1314 554 ἄδικοί
1337 517 1484 564 τινες
1520 499 1891 572 ἀπομενοῦσι·
1923 500 2020 555 καὶ
2054 502 2178 565 τότε
2247 501 2501 572 καθάπερ
2538 502 2598 557 ὲν
2639 497 2876 554 κλύδωνι
2924 496 3186 560 πεσόντες
3252 497 3476 568 ἀστάτῳ
3499 538 3514 562 ,
3551 495 3657 548 καὶ
3688 494 3750 546 τὸ

455 595 665 664 χαίρειν
706 595 936 647 εἰσάπαν
981 591 1453 661 ἀποϐεϐληκότες,
1505 592 1924 649 ἀναπαύσασθαι
1963 594 2024 648 οὐ
2098 594 2175 668 μὴ
2204 594 2491 650 δύνωνται·
2546 591 2999 665 συντριϐήσονται
3043 590 3155 663 γὰρ
3225 592 3412 662 μακρᾷ
3458 591 3556 645 καὶ
3598 591 3738 643 ἀτεο

453 686 695 757 λευτήτῳ
730 685 853 756 δίκῃ
886 684 1294 755 κατισχημένοι.

525 776 653 830 εει».
683 772 863 827 LVIII.
903 774 1064 828 Vens.
1105 775 1154 829 I.
1184 772 1369 828 Clama
1399 791 1495 843 pro
1531 776 1752 839 viribus,
1794 791 1857 829 ne
1902 792 2025 841 par-

2215 770 2582 841 Ἅναϐόησον
2645 772 2715 825 ἐν
2776 770 2978 840 ίσχύτ,
3049 768 3151 822 καί
3212 770 3301 839 μὴ
3351 769 3574 838 φείσῃο
3654 774 3742 840 ὡς

453 882 565 930 cas,
599 866 771 918 instar
804 866 944 920 tuba
974 864 1181 919 intende
1226 882 1398 920 vocem
1451 875 1620 932 tuam,
1653 878 1703 920 et
1768 866 2030 923 annuntio

451 955 647 1024 populo
676 971 788 1015 meo
820 963 1034 1024 peccata
1076 972 1198 1021 sua,
1237 967 1286 1011 et
1322 956 1505 1013 domui
1542 957 1711 1018 Iacob
1733 958 2035 1028 iniquitates

452 1061 601 1102 suas.

526 1135 791 1193 Sermone
827 1137 893 1192 de
927 1136 1295 1197 Israelitarum
1331 1138 1619 1195 vocatione
1668 1139 1951 1204 confecto,
1973 1138 2040 1193 ad

456 1228 603 1283 aliud
649 1243 819 1300 genus
874 1229 1261 1291 admonitionis
1303 1231 1533 1294 accedit,
1590 1231 1924 1301 praeclarum
1987 1238 2042 1286 et

455 1318 703 1393 perutile,
732 1332 948 1373 omnem
1012 1319 1346 1375 honestatem
1374 1328 1429 1375 et
1464 1320 1772 1391 splendidas
1809 1334 2042 1375 coronas

458 1407 732 1476 ingerens.
790 1405 896 1463 Sed
932 1407 1224 1465 lectoribus
1276 1409 1449 1476 prius,
1488 1410 1713 1480 opinor,
1741 1410 2040 1480 prophetia:

456 1511 652 1566 scopus
684 1496 1027 1568 relegendus,
1075 1505 1134 1552 ut
1164 1498 1382 1554 videant
1409 1514 1517 1569 quo
1567 1499 1785 1561 demum
1855 1500 2041 1556 tendat

456 1588 651 1642 Iterum
693 1589 962 1649 dictorum
1014 1594 1304 1647 sententia.
1343 1590 1402 1646 In
1446 1593 1819 1660 superioribus
1858 1594 2042 1663 itaque

465 1678 830 1741 sermonibus.
859 1695 994 1749 quos
1028 1678 1169 1736 Deus
1215 1682 1405 1743 habuit
1442 1684 1509 1738 de
1544 1682 1829 1752 lsraelitis,
1867 1685 2043 1740 mani-

457 1764 610 1821 festa:
658 1779 814 1822 erant
867 1769 990 1824 belli
1046 1778 1101 1825 et
1142 1771 1366 1840 jumjam
1431 1773 1626 1829 futurae
1697 1774 2027 1831 calamitatis

458 1858 788 1914 inevitabilis
818 1862 1377 1932 praesigniﬁcationes.
1408 1865 1551 1920 Dixit
1594 1866 1776 1921 enim:
1809 1885 1828 1919 ι
1848 1865 1915 1920 Et
1933 1880 2040 1921 non

459 1951 743 2004 recordata
774 1966 833 2008 es
856 1953 985 2021 mei,
1024 1968 1201 2024 neque
1250 1970 1335 2010 me
1403 1957 1692 2025 reposuisti
1750 1958 1804 2013 in
1861 1967 2041 2012 mente

461 2049 576 2107 tua,
629 2055 803 2113 neque
840 2042 894 2098 in
935 2045 1099 2099 corde
1138 2055 1258 2101 tuo.
1289 2045 1356 2101 Et
1406 2061 1508 2121 ego
1547 2047 1736 2105 videns
1778 2056 1832 2103 te
1860 2047 2037 2118 despi-

461 2137 566 2200 cio,
604 2148 691 2189 me
728 2150 835 2193 non
889 2136 1136 2198 timuisti.
1171 2138 1283 2213 Ego
1326 2153 1456 2195 vero
1498 2141 1829 2205 annuntiabo
1873 2141 2035 2211 justi-

462 2224 593 2279 tiam
653 2240 852 2292 meam,
894 2237 944 2282 et
1000 2229 1138 2283 mala
1176 2236 1286 2295 tua,
1319 2242 1439 2299 quae
1470 2237 1524 2285 te
1588 2244 1695 2285 non
1749 2229 2037 2300 iuvabunt.

462 2316 599 2372 Cum
633 2317 967 2386 clamaveris,
986 2320 1220 2391 eripiant
1252 2331 1303 2376 te
1330 2322 1385 2377 in
1425 2320 1714 2378 afﬂictione
1745 2323 1815 2378 ³⁸.
1844 2341 1862 2374 ι
1894 2321 2043 2377 θελε-

466 2422 586 2462 mus
634 2417 839 2473 autem,
873 2410 960 2464 hic
1019 2425 1143 2465 eum
1180 2409 1322 2466 mala
1378 2411 1748 2468 Israelitarum
1823 2427 2041 2476 vocare,

464 2499 728 2554 idolorum
768 2501 1008 2560 inventa.
1039 2501 1275 2575 Ideoque
1307 2504 1427 2560 ait:
1464 2523 1483 2558 ι
1504 2503 1641 2560 Cum
1700 2504 2042 2573 clamaveris,

463 2589 698 2659 eripiant
759 2601 810 2647 te
851 2594 903 2648 in
943 2594 1238 2652 alliictione
1310 2606 1420 2653 tua.
1453 2617 1473 2651 ι
1518 2599 1651 2656 Erat
1701 2600 1865 2672 igitur
1928 2602 2045 2661 hac

463 2681 708 2749 quaedam
775 2683 902 2738 belli
941 2686 1299 2753 denuntiatio,
1339 2699 1393 2743 et
1450 2690 1554 2744 ltoc
1619 2691 1759 2760 apud
1823 2688 2042 2749 Judaeos

464 2773 792 2842 percrebuit.
829 2773 933 2829 Sed
984 2776 1126 2832 inter
1167 2793 1261 2834 eos
1297 2780 1518 2849 quidam
1559 2790 1720 2840 erant
1751 2791 2036 2850 captantes

465 2863 683 2932 pietatis
741 2867 1225 2937 existimationem,
1267 2878 1322 2927 et
1362 2874 1762 2931 committentes
1825 2876 2044 2946 quidem

469 2964 673 3011 temere
712 2972 834 3027 quae
872 2959 955 3015 ias
998 2974 1105 3015 non
1164 2971 1249 3017 est
1317 2963 1522 3028 dicere,
1563 2967 1807 3023 externis
1861 2978 2043 3023 tamen

466 3046 755 3105 decoribus
796 3065 918 3105 sese
957 3063 1306 3119 exornantes,
1330 3063 1387 3111 et
1422 3057 1758 3125 opinionem,
1792 3068 1852 3112 ut
1893 3057 2031 3123 dixi,

477 3137 762 3207 probitatis
816 3153 1170 3213 aucupantes.
1230 3144 1325 3201 Sic
1374 3154 1431 3201 et
1467 3145 1714 3214 jejunare
1755 3162 1834 3215 se,
1859 3157 1912 3205 et
1931 3164 2049 3205 cre-

466 3228 596 3285 bras
655 3232 934 3291 orationes
977 3235 1182 3291 habere
1223 3237 1577 3304 simulabant,
1645 3237 1771 3294 hinc
1817 3239 1918 3295 rati
1976 3240 2050 3294 di-

467 3319 647 3377 vinam
694 3324 831 3379 iram
876 3341 937 3381 se
982 3342 1142 3397 posse
1193 3329 1489 3385 declinare.
1537 3330 1782 3401 Cumque
1823 3331 1875 3385 in
1915 3331 2050 3386 obli-

2142 861 2450 932 σάλπιγγα
2494 862 2749 930 ὕψωσον
2785 859 2903 927 τὴν
2951 858 3163 927 φωνήν
3207 875 3346 923 σου,
3399 859 3499 912 καί
3546 860 3738 931 ἀνάγ-

2142 957 2347 1020 rector
2379 953 2460 1019 τῷ
2495 951 2624 1018 λαῷ
2680 969 2798 1021 μου
2828 950 2937 1016 τὰς
2962 951 3245 1020 ἁμαρτίας
3266 949 3485 1015 αὐτῶν,
3519 952 3624 1008 καὶ
3660 950 3747 1018 τῷ

2142 1044 2287 1110 οίκφ
2327 1046 2537 1100 Ἰακὼῦ
2565 1045 2671 1110 τὰς
2698 1044 2953 1113 ἀνομίας
2975 1041 3196 1097 αὐτῶν.

2216 1134 2354 1198 Τοὺς
2381 1134 2509 1204 περὶ
2537 1137 2637 1205 τῆς
2659 1133 2906 1203 κλήσεως
2924 1131 3032 1186 τῶν
3054 1131 3114 1198 ἐξ
3154 1129 3373 1203 Ἰσραὴλ
3394 1131 3745 1204 διαπεράνας

2143 1224 2355 1294 λόγους,
2386 1226 2471 1295 ἐφ’
2501 1224 2689 1298 ἕτερόν
2740 1241 2864 1281 τινα
2894 1222 3179 1285 νουθεσίας
3211 1222 3431 1293 ἔρχεται
3483 1224 3701 1294 τρόπον
3724 1263 3742 1285 ,

2145 1314 2306 1370 καλὸν
2326 1315 2421 1368 καὶ
2442 1314 2721 1384 ὲπωφελῆ,
2751 1312 2846 1367 καὶ
2877 1312 3096 1382 ἀπάσης
3128 1311 3425 1382 εὐκοσμίας
3446 1313 3741 1384 πρόξενον,

2143 1408 2238 1463 καὶ
2270 1405 2539 1478 λαμπρῶν
2570 1405 2848 1474 στεφάνων
2868 1402 3246 1478 ὲμποιητικόν·
3271 1403 3472 1474 χρῆναι
3497 1402 3558 1456 δέ
3582 1420 3743 1472 φημι

2141 1497 2234 1553 τὸν
2273 1497 2372 1568 τῆς
2424 1496 2765 1569 προφητείας
2816 1494 3019 1553 σκοπὸν
3073 1494 3580 1566 προαπογυμνῶσαι
3608 1497 3744 1557 κοῖς

2143 1588 2568 1659 ἐντευξομένοις,
2583 1588 2660 1652 ὼς
2678 1587 2945 1642 ἂνείδεῑεν
2975 1588 3059 1655 ἐφ’
3082 1585 3190 1656 ὅτῳ
3202 1585 3388 1639 λοιπὸν
3409 1587 3438 1639 ὁ
3452 1584 3559 1639 τῶν
3575 1587 3743 1655 εἰρη-

2146 1682 2327 1753 μένων
2344 1680 2678 1739 συνπείνεται
2704 1677 2852 1742 νοῦς.
2879 1678 3090 1734 Οὐκοῦν
3116 1679 3175 1733 ὲν
3190 1681 3303 1741 τοῖς
3315 1677 3513 1731 ἀνόπιν
3526 1676 3742 1745 λόγοις,

2143 1768 2225 1838 οἷς
2254 1772 2548 1842 πεποίηται
2575 1771 2707 1843 Θεὸς
2751 1772 2882 1841 περὶ
2932 1770 3044 1824 τῶν
3084 1770 3143 1837 ἐξ
3183 1769 3422 1842 Ἰσραὴλ,
3466 1769 3747 1839 ὶμφανείς

2150 1860 2294 1936 ἦσαν
2317 1864 2559 1935 πολέμου
2600 1862 2695 1917 καὶ
2724 1862 2803 1925 είς
2816 1861 2937 1914 ὅσον
2955 1859 3167 1914 οὐδέπω
3187 1859 3570 1929 παρεσομένης
3587 1856 3744 1910 ἀδια-

2143 1957 2346 2027 φύκτου
2362 1969 2424 2008 συ
2434 1957 2647 2027 μφορᾶς
2661 1950 3166 2028 [προαπαγγελίαι].
3177 1950 3324 2022 Ἔφη
3345 1951 3500 2022 γάρ·ι
3512 1948 3743 2003 Καὶούκ

2142 2048 2421 2121 ἐμνήσθης
2450 2065 2575 2119 μου,
2612 2046 2732 2101 οὐδὲ
2764 2044 2957 2108 ἔλαϐές
2985 2061 3056 2115 με
3086 2045 3167 2108 είς
3192 2042 3294 2114 τὴν
3323 2040 3566 2096 διάνοιάν
3611 2057 3740 2104 σου,

2138 2141 2259 2195 οὐδὲ
2286 2141 2364 2203 είς
2391 2141 2490 2211 τὴν
2510 2138 2739 2211 καρδίαν
2769 2152 2885 2191 σου·
2925 2134 3083 2205 κάγὼ
3119 2134 3243 2188 tam
3284 2151 3343 2187 σε
3370 2132 3618 2205 παρορῶ,
3638 2136 3741 2185 καὶ

2138 2233 2243 2304 ἐμὲ
2265 2233 2366 2287 οὐκ
2386 2231 2685 2303 ἐφοϐήθης·
2720 2229 2881 2300 κάγὼ
2923 2227 3225 2297 ἀπαγγελῶ
3260 2227 3362 2299 τὴν
3390 2223 3744 2294 δικαιοσύνην

2147 2340 2272 2395 μου,
2296 2322 2392 2375 καὶ
2423 2321 2496 2375 τὰ
2523 2321 2671 2375 κακά
2702 2337 2818 2387 σου,
2866 2319 2903 2375 ἀ
2941 2320 3043 2373 οὐκ
3068 2316 3413 2389 ὼφελήσουσί
3447 2332 3529 2368 σε.
3565 2314 3742 2368 Ὅταν

2145 2414 2496 2486 ἀναϐοήσῃς,
2546 2410 2917 2477 ἐξελέσθωσάν
2975 2428 3037 2464 σε
3087 2412 3146 2464 ἰν
3194 2411 3262 2480 τῇ
3325 2406 3503 2477 θλίψει
3556 2422 3673 2458 σου.
3716 2422 3736 2454 ι

2157 2507 2445 2577 Ἐλέγομεν
2490 2506 2569 2568 δὲ,
2606 2506 2690 2559 ὅτι
2746 2504 2895 2561 κακά
2950 2520 3117 2575 φησιν
3166 2503 3224 2555 ὲν
3268 2500 3482 2563 τούτοις
3528 2497 3639 2550 τῶν
3680 2495 3745 2559 ἐξ

2156 2597 2396 2669 Ἰσραὴλ,
2429 2595 2499 2651 τὰ
2530 2597 2624 2651 ἐπὶ
2667 2598 2782 2660 τοῖς
2808 2595 3049 2659 εἰδώλοις
3080 2596 3395 2666 εὑρήματα.
3421 2588 3524 2643 Διά
3580 2587 3745 2642 τοῦτο

2145 2688 2243 2743 xal.
2280 2687 2540 2757 ἔφασκεν·
2584 2705 2604 2739 ι
2637 2687 2808 2740 Ὅταν
2859 2683 3204 2754 ἀναϐοήσῃς,
3253 2677 3628 2748 ὲξελέσθωσὰν
3679 2692 3742 2729 σε

2146 2781 2206 2834 ὲν
2232 2782 2298 2851 τῇ
2332 2778 2509 2847 θλίψει
2537 2794 2656 2832 σου.
2698 2796 2720 2830 ι
2752 2771 2863 2830 Ἦν
2884 2770 2978 2829 οὖν
3003 2774 3113 2847 ἀρα
3161 2774 3278 2828 τισὶ
3321 2768 3744 2845 προαπαγγελία

2148 2871 2387 2941 πολέμου
2413 2911 2428 2936 ,
2482 2871 2580 2924 καὶ
2641 2868 3042 2940 ἔκτεθρύλλητο
3092 2866 3243 2937 παρά
3293 2866 3409 2929 τοῖς
3471 2861 3745 2916 Ἰουδαίων

2145 2963 2339 3035 δήμοις
2368 2960 2544 3015 τοῦτο·
2597 2960 2712 3015 ἀλλ’
2746 2955 2890 3032 ἦσάν
2942 2976 3086 3023 τινες
3126 2959 3186 3012 ἐν
3241 2957 3428 3019 αὐτοῖς
3452 2951 3744 3014 εὐλαϐείας

2146 3056 2369 3127 δόκησιν
2396 3053 2790 3128 περικείμενοι,
2823 3052 2920 3107 καὶ
2962 3051 3197 3123 δρῶντες
3229 3049 3329 3120 μὲν
3376 3046 3740 3117 ἀφυλάκτως,

2146 3147 2184 3202 ἃ
2215 3146 2352 3218 μηδὲ
2385 3144 2549 3216 θέμις
2574 3146 2774 3209 εἰπεῖν,
2805 3142 3113 3215 ὡραῖσμοίς
3139 3140 3197 3194 δὲ
3225 3141 3336 3202 τοῖς
3383 3138 3585 3202 ἔξωθεν
3614 3136 3741 3188 ἑαυ-

2150 3237 2278 3299 τοὺς
2310 3232 2832 3297 καταωλλύνοντες,
2847 3232 2943 3286 καὶ
2967 3229 3126 3296 δόξαν
3148 3225 3555 3290 ὲπιεικείας,ὼς
3580 3225 3740 3295 ἔφην,

2151 3324 2514 3397 ἁρπάζοντες.
2554 3318 2718 3378 Οὗτοι
2762 3322 2859 3377 καὶ
2885 3324 3140 3394 νηστείας
3178 3318 3598 3380 ὑπεπλάττοντο,
3643 3314 3741 3368 καὶ

468 3413 684 3470 vionem
726 3431 949 3473 suorum
980 3419 1299 3476 delictorum
1333 3420 1751 3487 adducerentur,
1780 3422 2043 3489 putabant

2156 3416 2357 3488 συχνὰς
2406 3415 2682 3469 ποιεῖσθαι
2732 3413 2834 3479 τὰς
2885 3411 3219 3487 προσευχὰς,
3268 3405 3739 3500 ἀποσκευάζεσθαι

471 3504 773 3563 fmdissima
842 3517 1062 3575 patrare
1121 3509 1319 3571 solitis,
1391 3512 1456 3563 ad
1514 3508 1959 3577 justilicationem
1996 3520 2046 3566 et

2154 3506 2242 3561 διὰ
2274 3505 2468 3559 τούτου
2499 3504 2815 3576 νομίζοντες
2828 3504 2895 3559 τὰ
2916 3506 2982 3557 ὲκ
2999 3503 3100 3572 τῆς
3130 3502 3284 3566 θείας
3309 3500 3488 3571 ὀργῆς.
3516 3496 3736 3550 Οὐκοῦν

471 3596 957 3657 sanctiﬁcationem
1004 3597 1251 3657 sufﬁcere
1312 3599 1482 3659 solam
1550 3600 1932 3659 abstinentiam
1992 3610 2048 3656 et

471 3687 871 3762 precationem.
930 3687 1148 3743 Mandat
1195 3698 1377 3745 autem
1442 3689 1715 3759 propheta
1778 3690 1938 3756 Deus,
1981 3690 2058 3745 in-

2155 3597 2462 3669 ἐπειδήπερ
2490 3599 2571 3660 είς
2617 3596 2791 3668 λήθην
2833 3596 3185 3666 ἑνηνεγμὲνοι
3216 3594 3326 3649 τῶν
3359 3590 3497 3645 ἰδίων
3541 3588 3737 3658 πλημ-

2160 3689 2514 3761 μελημάτων,
2570 3688 2829 3760 ᾠήθησαν
2882 3691 2965 3744 δτι
3005 3691 3117 3752 τοῖς
3175 3686 3246 3743 τὰ
3302 3686 3555 3754 αἴσχιστα
3606 3680 3743 3752 δρᾷν

471 3775 701 3847 quiens:
739 3794 760 3828 ι
797 3776 984 3834 Clama
1020 3794 1119 3849 pro
1183 3779 1392 3834 viribus
1418 3820 1433 3846 ,
1478 3794 1545 3834 ne
1604 3794 1821 3850 parcas,
1884 3781 2046 3839 instat

2156 3781 2406 3836 εἰωθόσιν
2438 3780 2655 3851 ἀπόχρη
2678 3778 2814 3851 πρὸς
2829 3779 3115 3832 δικαίωσιν
3152 3777 3246 3830 καὶ
3264 3774 3537 3847 ἀγιασμδν
3560 3771 3743 3826 ἀσιτία

476 3865 624 3923 tubae
690 3867 909 3924 intende
958 3883 1146 3926 vocem
1229 3878 1398 3935 tuam,
1431 3878 1487 3924 et
1529 3871 1789 3931 annuatia
1857 3871 2046 3941 popqu

2163 3873 2299 3945 μόνη
2356 3873 2451 3927 καὶ
2485 3873 2782 3944 προσευχή·
2825 3871 3155 3943 προστάττει
3179 3868 3314 3932 Θεὸς
3338 3866 3418 3938 τῷ
3451 3865 3703 3937 προφήτῃ
3723 3904 3739 3925 ι

474 3971 599 4014 meo
630 3971 850 4029 peccata
873 3974 995 4026 sua,
1020 3970 1072 4016 et
1102 3960 1284 4027 domui
1311 3959 1480 4018 Iacob
1510 3962 1822 4032 iniquitates
1842 3978 1988 4023 suas.
2022 3982 2043 4017 ι

470 4047 591 4104 Non
635 4050 870 4117 occulte,
912 4051 1109 4121 inquit,
1154 4067 1253 4108 nec
1314 4053 1368 4111 in
1434 4054 1757 4111 abscondito
1824 4054 2051 4123 loquere

2158 3965 2353 4034 λέγων·
2389 3983 2408 4015 ι
2432 3962 2761 4033 Ἀναϐόησον
2781 3962 2840 4015 ὲν
2867 3961 3032 4032 ίσχύῖ,
3066 3959 3255 4031 καὶμὴ
3286 3959 3450 4031 φείαῃ
3466 3975 3480 3988 ·
3517 3957 3593 4018 ὡς
3616 3954 3741 4008 eil-

2165 4073 2336 4124 πιγγα
2366 4054 2580 4124 ὖψωσον
2620 4053 2720 4124 τὴν
2750 4053 2935 4123 φωνήν
2967 4068 3085 4119 σου,
3134 4052 3232 4106 καὶ
3288 4047 3614 4117 ἀνάγγειλον
3667 4045 3744 4113 τῷ

471 4141 764 4212 aliquibus,
809 4143 975 4213 813
1025 4145 1120 4201 sed
1160 4145 1374 4199 intensa
1423 4155 1480 4201 et
1522 4147 1664 4203 elata
1695 4162 1826 4205 voce
1870 4149 2046 4215 potius

2149 4143 2258 4216 λαῷ
2289 4161 2388 4214 μου
2406 4144 2477 4199 τά
2498 4144 2871 4214 ἁμαρτήματα
2886 4141 3087 4197 αὐτῶν.
3116 4160 3135 4192 ι
3158 4141 3251 4212 Μὴ
3282 4141 3393 4211 γὰρ
3430 4139 3496 4209 δὴ
3525 4138 3745 4210 λεληθό-

473 4240 646 4298 utere,
675 4242 733 4289 et
759 4235 907 4289 omni
950 4234 1197 4290 libertate
1223 4236 1599 4306 delinquentes
1654 4238 1939 4307 redarguo.
1982 4237 2050 4292 Et

473 4322 685 4378 discant
732 4338 830 4378 sua
876 4324 1095 4390 delicta,
1133 4333 1189 4383 et
1236 4338 1268 4379 ι
1298 4324 1498 4394 quibus
1538 4326 1924 4382 abstinendum
1946 4326 2040 4391 sit,

2147 4252 2281 4299 τως,
2344 4235 2500 4306 φησὶ,
2555 4235 2693 4306 μήτε
2742 4233 2850 4304 μὴν
2901 4236 2961 4288 ὲν
3019 4233 3356 4306 παραϐύστῳ
3402 4232 3556 4291 λάλει
3595 4232 3734 4283 τισί·

2154 4326 2392 4399 κέχρησο
2414 4325 2471 4379 δὲ
2503 4325 2703 4396 μᾶλλον
2734 4324 2912 4396 ὑψηλῇ
2944 4343 3054 4380 τινι
3103 4325 3199 4380 καὶ
3253 4322 3547 4395 ἐπηρμένη
3574 4323 3740 4390 φωνῇ,

470 4413 738 4482 siquidem
771 4414 936 4470 velint
961 4416 1100 4485 apud
1124 4416 1292 4471 Deum
1333 4418 1387 4471 in
1420 4417 1604 4487 aliquo
1625 4432 1746 4473 esse
1771 4418 1966 4488 pretio,
1991 4427 2046 4472 et

2149 4416 2236 4471 καὶ
2262 4416 2320 4469 ὲν
2352 4415 2501 4487 πάσῃ
2527 4412 2813 4487 παρρησίᾳ
2850 4417 2978 4478 τοὺς
3014 4411 3479 4485 πλημμεὶοῦντας
3523 4410 3742 4488 ἑλεγχεἔ

471 4502 590 4571 eius
642 4503 786 4573 digiti
837 4518 962 4560 esse
997 4507 1393 4562 misericordia.

2141 4507 2237 4563 ml.
2265 4506 2685 4578 μανθανέτωσαν
2733 4505 2945 4561 ἑαυτῶν
2999 4510 3068 4559 τά
3117 4504 3591 4576 πλημμελήματα,
3658 4518 3726 4555 κα

3723 4480 3747 4528 ὶ

473 4589 552 4654 ὧν
609 4596 947 4669 ἀποσχέσθαι
1011 4600 1167 4672 χρῆν,
1216 4600 1376 4673 εἰπερ
1444 4600 1638 4671 ἤθελον
1702 4597 1843 4657 εἶναι
1899 4601 2051 4674 παρά
2125 4600 2246 4672 Θεῷ
2305 4600 2512 4672 τίμιοι,
2562 4601 2660 4659 καὶ
2700 4598 2917 4671 φειδοῦς
2953 4598 3095 4666 ἄξιοι
3127 4602 3241 4663 τοῖς
3274 4598 3407 4671 (to.
3435 4594 3581 4667 τῆς]
3619 4595 3750 4665 παρ’

471 4684 658 4745 αὑτοῦ.

548 4778 710 4834 Vens.
739 4776 793 4832 2.
821 4776 907 4832 Mc
938 4778 1004 4833 de
1033 4778 1117 4834 die
1149 4778 1203 4835 in
1235 4777 1373 4835 diem
1405 4788 1667 4851 quierunt,
1695 4789 1743 4835 et
1776 4781 1910 4835 scire
1943 4779 2054 4836 vias
2087 4786 2131 4843 D

2240 4774 2381 4845 Ἐμὲ
2408 4774 2637 4845 ἡμέραν
2664 4776 2734 4838 ἐξ
2782 4776 3007 4846 ἡμέρας
3048 4775 3313 4844 ζητοῦσι,
3365 4777 3465 4830 καί
3526 4775 3751 4847 γνῶναί

473 4885 615 4924 mas
651 4870 889 4938 cupiunt,
918 4870 1069 4938 quasi
1102 4870 1327 4939 populus
1357 4871 1447 4941 qui
1475 4870 1743 4940 justitiam
1777 4871 1982 4942 fecerit,
2012 4887 2046 4926 ε.

2154 4885 2277 4939 μου
2296 4868 2402 4935 τὰς
2425 4867 2608 4935 ὁδοὺς
2636 4869 3058 4939 ἐπιθυμοῦσιν,
3079 4869 3156 4936 ὡς
3184 4868 3337 4935 λαὸς
3356 4868 3751 4936 δικαιοσύνην

469 4960 735 5030 judicium
764 4959 860 5017 Dei
887 4961 969 5023 sui
996 4959 1355 5032 dereliquerit.

547 5137 816 5210 Junguut,
862 5138 1068 5209 inquit,
1111 5138 1229 5195 dies
1278 5139 1499 5207 diebus,
1546 5156 1576 5196 a
1624 5157 1711 5198 me
1754 5152 2060 5212 quaerentes

476 5230 761 5298 auxilium,
790 5237 845 5284 et
875 5245 1024 5286 meas
1050 5230 1167 5285 vias
1199 5229 1343 5288 scire
1374 5233 1635 5297 volentes,
1662 5233 1715 5288 id
1747 5243 1852 5298 est,
1884 5235 2066 5302 cujus-

479 5334 586 5391 que
615 5323 690 5376 rei
721 5320 1268 5379 administrationem.
1298 5322 1446 5378 Bello
1477 5323 1622 5379 enim
1652 5325 1893 5393 undique
1925 5341 2065 5379 nun-

2163 4959 2524 5028 πεποιηκὼς,
2554 4960 2654 5015 καὶ
2684 4962 2890 5030 κρίσιν
2923 4961 3075 5016 Θεοῦ
3104 4960 3291 5017 αὐτοῦ
3314 4959 3402 5031 μὴ
3430 4960 3750 5031 ἐμπαίει

2159 5052 2405 5119 λοιπώς.

2232 5146 2595 5207 Συνάπτουσι,
2619 5145 2806 5216 φησιν,
2828 5144 3046 5217 ἡμέραν
3075 5144 3437 5216 ήμὲραις,τὴν
3463 5143 3594 5215 παρ’
3613 5140 3749 5214 ἐμοῦ

2166 5230 2460 5304 ζητοῦντες
2490 5235 2841 5306 ἐπικουρίαν,
2869 5236 2965 5290 καὶ
2984 5234 3190 5303 γνῶναι
3214 5233 3463 5297 θέλοντες
3482 5234 3583 5297 τὰς
3608 5232 3749 5303 εμὰς

2162 5324 2338 5391 ὁδοὺς,
2368 5326 2613 5380 τουτέστι
2650 5327 2748 5390 τὰς
2777 5328 2861 5395 ἐφ’
2878 5326 3094 5397 ἑκάστῳ
3117 5325 3405 5399 πράγματι
3423 5325 3745 5394 διοικήσεις.

486 5411 648 5478 tiato,
682 5421 736 5469 et
779 5414 1029 5470 omnibus
1074 5425 1220 5472 metu
1253 5416 1506 5482 turbatis,
1550 5416 1960 5487 jejunaverunt,
1999 5433 2046 5470 at

2167 5414 2414 5485 Πολέμου
2460 5416 2572 5487 γὰρ
2610 5417 3083 5490 περιηγγελμένου
3106 5458 3123 5483 ,
3158 5417 3251 5471 καὶ
3283 5416 3451 5487 φόϐου
3480 5414 3549 5470 τά
3573 5415 3749 5469 πάντα

485 5510 745 5567 Putarunt
773 5518 832 5559 se
865 5505 1178 5575 cognituros
1228 5521 1334 5575 quo
1371 5508 1587 5562 tandem
1623 5507 1796 5562 abiret
1831 5505 1905 5559 rei
1967 5519 2061 5559 cx-

556 5674 603 5707 "
635 5675 739 5729 lsa.
776 5692 905 5735 Lvn.
933 5677 1114 5735 11-15.

2164 5505 2613 5577 διακυκήσαντος,
2659 5509 3050 5579 νενηστεύκασι
3103 5509 3222 5580 μὲν,
3259 5507 3517 5578 ᾠήθησαν
3563 5506 3620 5560 δὲ
3666 5506 3748 5561 ὅτι
