4078 6292
323 336 452 390 1331

1422 340 1489 396 IN
1531 342 1765 399 ISAIAM
1803 344 1932 400 LIB.
1972 344 2036 399 V.
2081 345 2316 405 TOMUS
2353 347 2442 402 III.

3432 358 3457 414 i
3468 357 3571 415 28!

319 456 679 527 μαθήσονται,
715 459 808 512 καὶ
850 460 972 513 δποι
1018 459 1150 514 ποτε
1189 460 1251 515 τὸ
1285 460 1381 515 τοῦ
1427 465 1753 536 πράγματος
1775 464 1890 537 ἥξει

2002 466 2128 525 itus.
2169 465 2311 534 Hoc,
2347 467 2559 538 Opinor,
2593 478 2704 536 est,
2740 467 2865 527 Vias
2902 486 3050 529 meas
3078 475 3317 545 cupiunt.
3336 475 3571 548 Cupiunt

317 548 511 619 πέρας.
543 544 737 610 Τοῦτο,
764 551 941 621 οἶμαι,
980 553 1098 605 ἐστὶ
1130 552 1210 617 τὸ,
1250 552 1458 609 Γνῶναί
1487 572 1586 627 μου
1615 556 1713 621 τὰς
1742 554 1895 621 ὁδοὺς

316 645 697 716 ἐπιθυμοῦσιν.
736 644 1096 718 Ἐπιθυμοῦσι
1145 649 1202 702 δὲ
1246 650 1322 715 ὡς
1363 650 1492 717 λαὸς
1547 651 1895 723 δικαιοσύνην

296 736 657 806 πεποιηκὼς,
687 737 782 791 καὶ
810 736 994 809 κρίσιν
1031 739 1166 794 Θεοῦ
1197 742 1363 797 αὑτοῦ
1395 743 1471 816 μὴ
1514 743 1895 813 ἐγκαταλελοι-

322 826 458 891 πώς·
478 830 777 890 τουτέστιν,
802 827 880 892 ὡς
903 828 1143 899 ἐννόμως
1172 831 1638 903 πολιτευσάμενοι,
1668 830 1894 885 καὶτῶν

321 915 579 969 δοθέντων
605 918 788 979 αὐτοῖς
809 916 1198 987 θεσπισμάτων
1230 920 1442 991 ἄριστοι
1474 921 1757 989 γεγονότες
1790 918 1892 989 φύ-

322 1006 503 1073 λακες,
532 1008 626 1060 καὶ
658 1005 960 1079 ἀμώμητον
1011 1008 1226 1078 ἔχοντες
1258 1009 1424 1082 ζωὴν,
1475 1013 1570 1065 καὶ
1619 1010 1892 1074 πολιτείας

320 1098 549 1164 εὐαγοῦς
577 1100 856 1171 αὐχήματι
884 1104 1276 1173 περικείμενοι.
1316 1105 1441 1168 Τοῖς
1477 1105 1586 1177 γὰρ
1628 1105 1891 1169 τοιούτοις

319 1190 516 1259 πρέποι
537 1189 602 1244 ἂν
616 1190 677 1244 τὸ
705 1193 795 1245 καὶ
822 1193 1004 1262 ζητεῖν
1021 1193 1113 1248 τὸν
1136 1195 1285 1261 Θεὸν,
1304 1198 1599 1261 τουτέστιν,
1621 1201 1786 1269 ἐγγὺς
1806 1199 1888 1257 εἶ-

318 1299 405 1333 ναι
438 1279 611 1334 θέλειν
639 1282 821 1346 αὐτοῦ,
851 1284 946 1337 καὶ
972 1285 1186 1354 φειδοῦς
1212 1287 1504 1341 ἀπολαύειν
1532 1290 1633 1359 τῆς
1662 1292 1888 1361 ἄνωθεν,

319 1372 520 1439 γνῶναί
550 1389 610 1425 τε
639 1374 774 1444 πρὸς
799 1375 970 1446 τούτῳ
1000 1376 1098 1440 τὰς
1122 1377 1272 1441 ὁδοὺς
1292 1377 1472 1434 αὑτοῦ.
1506 1381 1732 1452 Εἴρηται
1764 1384 1891 1452 γοῦν

319 1463 384 1514 δι’
426 1464 545 1526 ἑνὸς
568 1463 676 1517 τῶν
722 1465 889 1532 ἁγίων
922 1468 1233 1540 προφητῶν·
1292 1488 1310 1521 t
1338 1463 1615 1541 ZrTrﬁaat'ra
1647 1472 1736 1526 τὸν
1780 1475 1892 1528 Κύ-

325 1572 460 1624 ριον,
492 1556 584 1608 καὶ
614 1557 670 1609 ὲν
689 1557 769 1627 τῷ
796 1558 1064 1630 εὑρίσκειν
1090 1560 1249 1613 αὐτὸν
1265 1562 1891 1620 ὲπικαλέσασθε.Ἥνίκα

322 1644 366 1696 δ’
400 1643 466 1696 ἂν
507 1644 700 1719 ὲγγίζῃ
740 1647 888 1716 ὑμῖν,
925 1650 1263 1703 ἀπολειπέτω
1315 1654 1343 1705 ὁ
1388 1652 1592 1725 ἀσεϐὴς
1637 1655 1735 1725 τὴν
1772 1656 1892 1710 ὁδὸν

322 1737 512 1797 αὐτοῦ,
542 1739 636 1790 καὶ
662 1739 798 1810 ἀνὴρ
824 1739 1024 1810 ἄνομος
1060 1741 1156 1812 τὴν
1197 1741 1390 1814 βουλὴν
1425 1743 1610 1807 αὐτοῦ,
1640 1746 1734 1799 καλ⁸
1773 1748 1893 1800 ὲπι-

324 1829 621 1899 στραφήτω
641 1831 732 1907 ἐπὶ
752 1831 972 1901 Κύριον,
1010 1832 1103 1884 καὶ
1129 1833 1496 1905 ἔλεηθήσεταυ
1523 1837 1605 1890 ὅτι
1636 1836 1728 1890 ἐπὶ
1754 1838 1887 1891 πολὺ
1922 1817 1963 1872 Β

321 1916 521 1987 ἀφήσει
550 1918 648 1980 τὰς
679 1918 950 1990 ἁμαρτίας
985 1920 1185 1975 αὐτῶν.
1227 1939 1245 1972 ι

388 2007 638 2063 Αἱτοῦσι
655 2026 732 2078 με
753 2009 869 2064 νῦν
912 2011 1114 2079 κρίσιν
1168 2012 1442 2079 δικαίαν,
1497 2013 1595 2068 καὶ
1645 2011 1894 2085 ἐγγίζειν

321 2098 444 2165 Θεῷ
468 2100 847 2170 ἐπιθυμοῦσι,
878 2100 1178 2171 λέγοντες*
1210 2104 1271 2158 Τί
1301 2104 1388 2157 ὅτι
1416 2105 1901 2176 ἐνηστεύσαμεν,

319 2192 419 2245 καὶ
443 2194 552 2246 οὐκ
596 2189 784 2259 cidae;
814 2195 1296 2265 ἐταπεινιὶκναμεν
1328 2196 1436 2263 τὰς
1462 2199 1667 2266 ψυχὰς
1700 2198 1890 2268 ἡμῶν,

318 2283 412 2335 καὶ
437 2285 545 2336 οὐκ
571 2283 780 2351 ἔγνως
796 2286 897 2338 Ἐν
916 2285 1028 2353 γὰρ
1052 2285 1180 2351 ταῖς
1198 2286 1443 2355 ἡμέραις
1465 2288 1584 2341 τῶν
1602 2287 1893 2355 νηστειῶν

318 2369 486 2440 ὑμῶν
514 2373 831 2440 εὑρίσκετε
857 2374 932 2427 τὰ
964 2372 1272 2443 θελήματα
1316 2376 1500 2443 ὑμῶν,
1532 2378 1630 2431 καὶ
1662 2377 1893 2445 πάντας

319 2463 461 2528 τοὺς
491 2464 875 2530 ὑποχειρίους
914 2467 1319 2532 ὑπονύσσετε,
1380 2470 1466 2534 εις
1514 2470 1745 2536 κρίσεις
1792 2470 1892 2525 καὶ

320 2551 515 2619 μάχας
582 2554 939 2620 νηστεύετε,
1002 2557 1101 2610 καὶ
1165 2558 1414 2613 τύπτετε
1482 2560 1740 2631 πυγμαῖς
1787 2558 1889 2616 τα-

321 2644 547 2695 στεινόν.

407 2732 730 2801 Ἐγκαλοῦσί
772 2752 884 2805 μοι,
928 2737 1112 2806 φησὶν,
1156 2738 1233 2802 ὡς
1266 2737 1342 2810 μὴ
1363 2739 1431 2793 τὰ
1462 2739 1644 2794 δίκαια
1675 2741 1890 2813 νέμοντι

323 2824 408 2878 διὰ
444 2825 538 2878 τοῦ
564 2826 638 2898 μὴ
667 2826 953 2897 βούλεσθαι
1001 2830 1276 2884 κατελεεῖν
1318 2832 1444 2897 τοὺς
1480 2835 1769 2898 ταπεινοὺς
1802 2835 1889 2890 διὰ

324 2917 578 2983 νηστείας
629 2918 722 2971 καὶ
748 2920 1081 2990 προσευχῆς·
1107 2916 1228 2976 εἶτα
1274 2921 1552 2993 βούλονται
1591 2926 1685 2979 καὶ
1722 2927 1888 2995 ἐγγὺς

323 3003 459 3061 εἶναι
493 3009 648 3071 Θεοῦ,
686 3012 773 3062 ἐπ’
794 3012 969 3065 οὐδενὶ⁸
1000 3012 1096 3082 μὲν
1121 3014 1230 3068 τῶν
1265 3017 1345 3080 είς
1377 3016 1658 3072 εὐσέϐειαν
1687 3019 1887 3091 ἀνδρα-

328 3101 655 3170 γαθημάτων
703 3101 1067 3173 καυχώμενοι,
1119 3105 1231 3158 ἀλλ’
1268 3108 1387 3160 οὐδὲ
1434 3107 1532 3179 τὴν
1588 3108 1647 3174 ἐξ
1679 3110 1887 3181 ἀρετῶν

321 3187 652 3258 φαιδρότητα
682 3190 1080 3261 περικείμενοι,
1098 3192 1185 3246 διὰ
1213 3193 1374 3265 ψιλὴν
1393 3195 1450 3247 δὲ
1479 3196 1572 3250 καὶ¹
1604 3197 1770 3269 μόνην
1790 3199 1887 3268 τὴν

321 3278 538 3332 ἀσιτίαν
553 3297 567 3310 -
587 3282 679 3332 καὶ
694 3280 753 3351 δή
778 3297 941 3347 φασιν
956 3299 1001 3332 ·‹
1025 3283 1577 3356 Ἐνηστεύσαμεν,καὶ
1596 3289 1696 3341 οὑκ
1725 3285 1884 3354 εἶδες·

319 3369 764 3441 ὲταπεινώσαμεν
797 3373 894 3435 τὰς
946 3373 1323 3444 ψυχὰςήμῶν,
1360 3381 1454 3432 καὶ
1479 3378 1580 3433 οὐκ
1616 3378 1807 3448 ἔγνως.
1863 3399 1881 3432 ι

320 3461 425 3513 Καὶ
457 3463 553 3531 οὐχ
586 3461 660 3524 ὡς
695 3463 1056 3532 ἀγνοήσαντος
1082 3464 1214 3518 Θεοῦ
1238 3467 1335 3538 τὴν
1379 3467 1466 3521 διὰ
1506 3471 1757 3540 νηστείας
1792 3473 1889 3526 αὐ-

321 3550 424 3604 τῶν
461 3551 787 3604 ταπείνωσιν
827 3553 897 3606 τὰ
934 3554 1110 3608 τοιάδε
1136 3558 1319 3622 φασίνο
1344 3559 1532 3631 ἐπειδὴ
1559 3560 1617 3613 δὲ
1642 3562 1704 3615 οὐ
1737 3562 1888 3632 γεγό-

318 3658 470 3695 νασιν
504 3644 561 3695 ἐν
581 3643 951 3714 αἰσθήσειτῶν
968 3648 1326 3715 αἰτιαμάτων,
1356 3650 1437 3712 τὸ,
1459 3652 1572 3705 Οὐκ
1602 3649 1762 3719 εἶδες,
1791 3655 1887 3709 καὶ

314 3731 396 3793 τὸ,
430 3733 545 3787 Οὐκ
568 3733 758 3802 ἔγνως,
787 3736 968 3804 φασίν.
1006 3738 1219 3792 Είδέναι
1263 3740 1373 3810 γὰρ
1404 3743 1524 3795 τότε
1555 3747 1733 3814 φαμὲν
1761 3746 1887 3810 τούς
1922 3760 1928 3767 ·

314 3839 476 3877 τινων
517 3825 749 3890 πόνους,
794 3828 923 3890 τοὺς
967 3827 1057 3880 διά
1107 3845 1192 3896 γε,
1233 3831 1398 3900 φημὶ,
1439 3835 1748 3905 προσευχῆς
1792 3838 1886 3891 καὶ

315 3914 620 3985 ἀσκήσεως,
647 3916 737 3970 τὸν
784 3916 893 3970 τῶν
939 3918 1078 3971 ὅλων
1126 3918 1279 3984 Θεὸν,
1330 3921 1419 3973 ὅτε
1450 3912 1740 3978 κατανεύει
1775 3929 1885 3991 τοῖς

315 4007 612 4075 αἰτήμασιν
640 4007 839 4060 αὐτῶν.
860 4007 984 4071 Πῶς
999 4005 1091 4062 οὖν
1117 4010 1223 4081 ἄρα
1247 4013 1603 4081 νηστεύοντας
1629 4017 1689 4070 οὐ
1719 4034 1886 4088 προσ-

320 4097 447 4158 ίετο,
503 4100 596 4151 καὶ
633 4099 1137 4170 ἀνευπαραδέκτους
1167 4104 1402 4157 ἐποιεῖτο
1452 4105 1553 4168 τὰς
1594 4106 1746 4171 λιτὰς
1778 4108 1885 4162 τῶν

317 4188 541 4252 ἑαυτοὺς
558 4190 1050 4255 τεταπεινωκότων,
1074 4192 1435 4261 ἀπολογεῖται,
1456 4194 1651 4265 λέγων·
1670 4198 1757 4251 Ἐν
1777 4199 1885 4271 γὰρ

316 4280 437 4341 ταῖς
473 4280 704 4351 ἡμέραις
726 4281 834 4334 τῶν
863 4283 1127 4346 νηστειῶν
1159 4285 1313 4355 ὑμῶν
1372 4287 1653 4355 εὑρίσκετε
1680 4288 1748 4342 τὰ
1796 4289 1887 4343 θε-

316 4365 534 4438 λήματα
559 4368 730 4438 ὑμῶν.
759 4369 964 4440 Χρῆμα
991 4370 1089 4441 μὲν
1116 4371 1226 4442 γὰρ
1256 4372 1531 4443 ἐξαίρετον
1558 4376 1591 4445 ή
1627 4375 1847 4446 νηστεία
1866 4417 1883 4441 ,

1994 567 2172 611 autem
2207 558 2362 628 quasi
2400 559 2631 629 populus
2665 559 2931 630 justitiam
2970 563 3197 635 faciens,
3223 578 3275 622 et
3304 567 3565 636 judicium

1998 646 2087 702 Dei
2119 651 2201 704 sui
2231 666 2336 704 non
2366 651 2644 717 deserens,
2673 653 2726 706 id
2758 663 2861 720 est,
2889 657 3041 723 quasi
3076 656 3317 727 legitime
3348 674 3569 716 versan-

1994 750 2097 806 tes,
2121 750 2176 796 et
2202 742 2579 797 vaticiuiorum
2606 743 2709 799 sibi
2737 746 3058 802 traditarum
3083 750 3269 819 optimi
3295 753 3564 817 custodes.

1994 844 2059 886 ac
2111 833 2280 886 vitam
2351 840 2572 903 agentes
2623 834 2978 906 inculpatum,
3036 847 3092 892 et
3143 843 3565 898 conversationis

1991 928 2192 974 sanctae
2254 922 2589 977 ornamentis
2667 925 2869 980 vestiti.
2935 926 3156 982 Talibus
3210 930 3354 984 enim
3428 945 3565 1001 qua-

1992 1012 2131 1076 drat,
2158 1014 2321 1068 Deum
2359 1029 2623 1084 quaerere,
2656 1017 2710 1072 id
2744 1029 2847 1086 est,
2874 1018 3010 1074 velle
3046 1036 3212 1090 prope
3246 1024 3391 1078 illum
3427 1039 3566 1093 esse,

1990 1111 2047 1158 et
2088 1117 2321 1171 superna
2360 1103 2468 1158 frui
2507 1106 2874 1163 misericordia
2895 1150 2909 1174 ,
2937 1125 3001 1165 ac
3032 1113 3171 1166 scire
3206 1113 3426 1183 insuper
3455 1115 3569 1168 vias

1992 1194 2131 1264 ejus.
2166 1194 2488 1264 Dictumque
2531 1207 2614 1252 est
2659 1214 2689 1252 a
2734 1203 2966 1268 quodam
3013 1203 3271 1272 propheta
3313 1217 3501 1260 sancto
3549 1221 3565 1260 :

1997 1302 2016 1336 ι
2045 1285 2278 1351 Quaerite
2306 1287 2615 1353 Dominum,
2637 1299 2689 1343 et
2713 1291 2926 1345 interim
2955 1294 3081 1347 dum
3111 1296 3423 1351 inveneritis
3445 1311 3566 1351 eum

1991 1373 2258 1431 invocato.
2288 1374 2422 1429 Cum
2464 1388 2640 1431 autem
2683 1382 3189 1451 appropinquaverit
3228 1384 3293 1437 ad
3328 1397 3453 1450 vos,
3484 1400 3569 1440 re-

1992 1462 2198 1541 linquat
2228 1464 2424 1534 impius
2456 1466 2595 1520 viam
2630 1483 2806 1532 suam,
2836 1482 2889 1526 et
2919 1473 3002 1526 vir
3032 1474 3249 1544 iniquus
3283 1475 3567 1530 consilium

1993 1566 2171 1620 suum,
2202 1562 2257 1609 et
2284 1564 2587 1611 revertatur
2619 1557 2687 1614 ad
2718 1558 3026 1628 Dominum,
3054 1574 3110 1618 et
3140 1564 3564 1620 misericordiam

1992 1653 2353 1714 ccusequetur
2403 1662 2418 1702 :
2477 1647 2604 1718 quia
2666 1650 2985 1722 plerumque
3045 1654 3286 1709 remittet
3340 1658 3562 1725 peccata

1992 1746 2103 1793 vest
2114 1754 2170 1792 ra
2192 1738 2260 1793 ³³.
2294 1755 2316 1791 ι

2061 2025 2222 2081 Vsus.
2259 2020 2314 2091 3,
2347 2025 2400 2079 4.
2436 2024 2628 2082 Petunt
2671 2043 2751 2082 me
2792 2042 2931 2083 nunc
2965 2028 3226 2098 judicium
3261 2028 3487 2098 justum,
3515 2030 3564 2082 ct

1991 2116 2407 2185 apprOpinquare
2430 2114 2539 2169 Deo
2575 2116 2815 2185 cupiunt,
2840 2118 3066 2172 dicentes
3098 2134 3117 2172 :
3150 2118 3325 2183 Quare
3346 2118 3567 2186 jejuna-

1995 2207 2186 2270 vt'mus,
2213 2217 2261 2260 et
2296 2221 2398 2259 non
2428 2207 2643 2260 vidisti?
2673 2207 3059 2261 humiliavimus
3091 2209 3294 2262 animus
3328 2219 3564 2274 nostras,

1991 2304 2036 2349 et
2070 2310 2173 2348 non
2203 2294 2527 2365 cognovisti?
2555 2293 2695 2349 Nam
2727 2298 2780 2350 in
2806 2298 2985 2351 diebus
3009 2299 3336 2367 jejuniarum
3370 2307 3565 2351 oestro-

1992 2400 2138 2450 rum,
2165 2385 2405 2439 invenitis
2438 2386 2729 2441 voluntates
2762 2401 2986 2453 νοείτω,
3014 2397 3065 2441 et
3099 2405 3274 2443 omnes
3305 2390 3563 2458 subjectos

1989 2473 2135 2527 vobis
2166 2473 2415 2544 aﬂiigitis,
2443 2477 2511 2527 ad
2539 2474 2745 2544 judicia
2774 2485 2824 2531 et
2853 2475 3037 2547 jurgia
3064 2478 3348 2548 jejunum,
3368 2489 3415 2533 et
3447 2495 3564 2547 per-

1990 2565 2169 2619 cutitis
2197 2566 2385 2635 pugnis
2411 2565 2682 2621 humilem.

2061 2761 2120 2817 lu
2142 2761 2228 2830 jus
2253 2777 2338 2819 me
2361 2769 2574 2828 vocant,
2591 2763 2786 2834 inquit,
2808 2775 2866 2821 ut
2886 2767 2975 2838 qui
2996 2766 3142 2838 justa
3170 2784 3275 2822 non
3307 2768 3561 2835 tribuam,

1988 2869 2053 2909 eo
2084 2854 2225 2924 quod
2253 2853 2514 2909 noluerim
2547 2855 2793 2911 misereri
2824 2874 3010 2914 eorum
3056 2861 3145 2929 qui
3183 2876 3276 2930 per
3297 2859 3560 2930 jejunium

1988 2957 2042 3002 et
2084 2949 2452 3016 precationem
2500 2948 2728 3004 humiles
2777 2960 2922 3007 sunt.
2969 2950 3172 3007 Deinde
3212 2953 3397 3007 volunt
3441 2968 3563 3009 esse

1990 3036 2086 3091 Dei
2115 3039 2420 3107 pr0pinqui,
2449 3054 2571 3095 cum
2601 3040 2668 3096 de
2693 3042 2834 3097 nullo
2859 3043 3070 3111 pietatis
3100 3044 3358 3113 praclaro
3385 3035 3595 3099 oﬂlcio'

1915 3154 1956 3209 ο
1991 3127 2206 3195 gloriari
2232 3131 2459 3197 possint,
2481 3144 2579 3184 nec
2603 3130 2710 3183 ullo
2736 3131 2994 3185 virtutum
3018 3135 3302 3200 Splendore
3327 3137 3561 3188 vestian-

1993 3228 2109 3283 tur,
2135 3218 2302 3290 814
2333 3221 2439 3275 nisi
2477 3221 2592 3275 sola
2643 3223 2783 3276 nuda
2819 3216 3142 3278 abstinentia
3181 3241 3196 3281 :
3233 3232 3288 3278 et
3319 3225 3505 3279 dicunt
3542 3244 3558 3279 :

1994 3326 2013 3358 ι
2044 3307 2434 3378 Jejunavimus,
2458 3320 2511 3367 et
2538 3327 2642 3366 non
2670 3312 2851 3367 vidisti
2885 3331 2899 3367 :
2928 3313 3329 3369 humiliavimus
3352 3316 3559 3371 animas

1990 3410 2238 3464 nostras,
2263 3410 2317 3455 et
2350 3417 2453 3455 non
2495 3402 2814 3472 cognovisti.
2858 3422 2878 3456 ι
2917 3402 3025 3460 Nec
3062 3406 3175 3460 haec
3208 3405 3372 3471 dicit,
3403 3408 3558 3476 quasi

1987 3487 2129 3544 Deus
2157 3504 2342 3545 eorum
2372 3492 2729 3548 humilitatem
2763 3508 2859 3563 per
2885 3494 3148 3566 jejunium
3185 3496 3507 3566 ignoraverit
3540 3515 3554 3552 :

1986 3582 2079 3635 sed
2135 3581 2259 3650 quia
2319 3580 2371 3635 hi
2434 3592 2614 3637 errata
2675 3598 2778 3637 non
2839 3596 3160 3653 senserunt,
3213 3602 3318 3641 non
3349 3588 3557 3656 vidisti,

1986 3669 2254 3741 inquiunt,
2277 3682 2330 3726 et
2357 3688 2461 3737 non
2491 3675 2811 3745 cognovisti.
2844 3675 2995 3731 Tunc
3018 3677 3162 3731 enim
3183 3678 3557 3755 universorum

1986 3759 2155 3817 Deum
2187 3762 2490 3830 aliquorum
2521 3763 2757 3830 labores,
2780 3779 2873 3833 per
2898 3767 3285 3834 precationem,
3312 3767 3555 3836 inquam,

1984 3861 2041 3907 et
2084 3853 2562 3914 exercitationem,
2594 3854 2774 3908 videre
2817 3854 3079 3918 dicimus,
3116 3858 3329 3922 quando
3373 3873 3556 3912 eorum

1987 3940 2272 4010 postulatis
2300 3940 2507 3995 annuit.
2530 3940 2637 3993 Cur
2657 3956 2788 4011 ergo
2807 3942 3115 4012 jejunautes
3141 3961 3245 3998 non
3274 3948 3557 4016 receperit,

1989 4040 2046 4085 et
2085 4046 2271 4097 preces
2304 4047 2489 4084 eorum
2525 4031 2614 4101 qui
2650 4047 2707 4086 se
2742 4033 3089 4087 humiliarunt
3123 4050 3227 4087 non
3264 4036 3555 4099 admiserit,

1986 4123 2249 4176 rationem
2281 4123 2474 4189 reddit,
2503 4123 2686 4177 dicens
2716 4141 2730 4177 :
2764 4121 2818 4176 in
2851 4123 3038 4178 diebus
3062 4125 3205 4177 enim
3225 4125 3554 4192 jejuniorum

1984 4219 2318 4272 vestrorum,
2357 4210 2608 4264 invenitis
2651 4210 2951 4264 voluntates
3001 4222 3229 4267 vestras.
3267 4214 3363 4268 Est
3410 4217 3552 4271 enim

1984 4301 2239 4372 praeclara
2281 4318 2370 4357 res
2404 4301 2695 4372 jejunium,
2729 4311 2784 4356 et
2816 4303 2962 4356 utilis
2994 4314 3077 4357 est
3112 4306 3379 4373 precatio,
3413 4315 3467 4361 et
3499 4306 3552 4362 in

1985 4390 2154 4445 oculis
2179 4390 2270 4444 Dei
2301 4407 2419 4446 sese
2445 4391 2729 4446 bumiliare
2752 4392 3039 4447 maximam
3064 4394 3223 4448 habet
3244 4395 3553 4453 utilitatem.

317 4460 634 4530 ὀνησιφόρος
668 4461 724 4513 δὲ
757 4463 850 4515 καὶ
901 4464 934 4532 ή
983 4464 1280 4535 προσευχή-
1343 4465 1437 4517 καί
1485 4465 1547 4518 τὸ
1594 4467 1881 4521 ταπεινοῦν

1987 4478 2257 4548 Scriptum
2283 4491 2365 4533 est
2391 4480 2532 4534 enim
2567 4496 2581 4533 :
2623 4498 2642 4532 t
2679 4479 2963 4536 Humiliavi
2999 4483 3050 4537 in
3083 4484 3286 4554 jejunio
3315 4488 3552 4541 animam

320 4551 545 4614 ἑαυτοὺς
575 4554 631 4604 ὲν
670 4554 966 4625 ὀφθαλμοῖς
999 4554 1091 4608 τοῦ
1128 4553 1286 4620 Θεοῦ,
1324 4557 1584 4627 πλείστην
1609 4559 1741 4630 ὅσην
1775 4560 1888 4630 ἔχει

319 4640 417 4709 τὴν
440 4641 644 4710 ὄνησιν.
682 4645 989 4715 Γέγραπται
1017 4644 1148 4715 γὰρ,
1179 4646 1260 4699 ὅτι
1284 4665 1303 4698 ι
1342 4647 1686 4703 Ἐταπείνουν
1713 4652 1769 4704 ἐν
1794 4667 1889 4720 νη-

323 4732 476 4801 στείᾳ
497 4732 593 4802 τὴν
621 4734 797 4804 ψυχήν
832 4752 956 4805 μου,
1002 4736 1096 4790 καὶ
1130 4737 1163 4806 ή
1197 4739 1469 4808 προσευχὴ
1518 4755 1618 4809 μου
1659 4741 1738 4802 είς
1768 4740 1888 4793 κόλ-

321 4839 422 4874 πον
473 4841 571 4893 μου
603 4825 1098 4898 ἀποστραφήσεται.
1124 4847 1141 4878 ι
1171 4829 1312 4900 Ἔφη
1337 4829 1393 4882 δὲ
1431 4830 1523 4882 καὶ
1550 4833 1577 4883 ὁ
1603 4830 1888 4893 θεσπέσιος

319 4912 501 4966 Δαὸίδο
523 4934 541 4966 ι
567 4916 645 4969 Τὰ
666 4916 867 4985 γόνατά
893 4934 992 4988 μου
1022 4918 1325 4989 ἡσθένησαν
1349 4920 1456 4971 ἀπὸ
1484 4921 1756 4988 νηστείας,
1791 4920 1886 4972 καὶ

315 5007 349 5075 ἡ
394 5005 527 5075 σάρξ
565 5025 665 5076 μου
709 5009 972 5076 ἠλλοιώθη
998 5009 1067 5060 δι’
1095 5008 1260 5060 ἔλεον·
1286 5028 1305 5060 ι
1336 5009 1425 5062 ναὶ
1467 5010 1571 5080 μὴν
1596 5011 1687 5062 καὶ
1724 5011 1886 5073 αὐτὸς

315 5099 343 5148 ὁ
374 5096 478 5149 τῶν
500 5100 635 5149 ὅλων
671 5100 823 5161 Θεόςσ
875 5100 1278 5169 Ἐπιστράφητε
1330 5102 1463 5170 πρός
1495 5119 1583 5171 με,
1612 5104 1795 5171 φησιν,
1828 5104 1885 5155 ὲν

317 5188 562 5258 νηστεία,
606 5191 700 5241 καὶ
727 5191 784 5242 εν
804 5189 1083 5260 κλαυθμῷ,
1107 5193 1199 5244 καὶ
1223 5195 1281 5244 ὲν
1316 5192 1548 5263 κοπετῷ.
1588 5193 1760 5246 Ἐλεεῑ
1777 5194 1885 5265 γὰρ

322 5275 553 5343 ἑτοίμως
582 5278 706 5340 τοὺς
735 5277 1062 5349 αὐτόκλητον
1088 5280 1442 5350 ποιουμένους
1474 5281 1572 5352 τὴν
1600 5281 1690 5336 διὰ
1720 5283 1882 5335 πόνου

321 5363 671 5417 ταπείνωσιν.
696 5366 832 5419 Ἀλλ’
859 5366 973 5419 ἔστι
997 5367 1102 5420 τῶν
1133 5371 1520 5435 ἀτοπωτάτων,
1551 5372 1678 5434 τοὺς
1716 5372 1883 5425 ἐλεεῖ-

325 5450 451 5503 σθαι
491 5452 739 5518 θέλοντας
787 5457 1144 5526 παροτρύνειν
1179 5461 1379 5530 ἑτέρως
1422 5462 1513 5514 τὸν
1567 5461 1887 5533 νομοθέτην,

324 5542 419 5595 καὶ
449 5541 631 5594 καλεῖν
648 5548 726 5606 είς
750 5548 915 5614 ὀργὰς
942 5548 1026 5602 διὰ
1054 5550 1146 5602 τοῦ
1181 5551 1344 5621 μηδὲν
1366 5552 1693 5624 ἐργάζεσθαι
1718 5553 1888 5622 φιλεῖν

1984 4585 2181 4632 meam.
2204 4578 2258 4624 ct
2278 4571 2452 4624 oratio
2479 4586 2594 4640 mea
2624 4568 2676 4623 in
2709 4572 2885 4626 sinum
2913 4588 3088 4627 meum
3118 4586 3415 4631 revertetur
3435 4578 3499 4631 “.
3529 4597 3550 4631 ι

1984 4658 2130 4712 Dixit
2156 4661 2318 4714 etiam
2352 4660 2564 4714 divinus
2599 4661 2763 4715 David
2800 4679 2814 4715 :
2857 4679 2877 4712 ι
2911 4660 3095 4717 Genua
3133 4660 3249 4720 mea
3286 4666 3554 4723 inﬁrmata

1982 4757 2107 4801 sunt
2149 4763 2258 4815 pra:
2296 4748 2520 4818 jejunio,
2553 4759 2607 4804 et
2646 4766 2772 4803 raro
2817 4765 2933 4805 mea
2980 4762 3179 4807 mutata
3216 4762 3300 4809 est
3340 4768 3560 4825 prapter

1979 4838 2159 4891 oleum
2185 4836 2249 4892 ³⁸.
2284 4855 2302 4888 ι
2332 4839 2471 4904 Quin
2502 4851 2554 4892 et
2588 4839 2701 4907 ipse
2729 4839 3101 4893 universorum
3139 4841 3276 4896 Deus
3308 4859 3322 4895 :
3361 4843 3558 4898 Rever-

1988 4926 2188 4991 timini,
2216 4927 2408 4993 inquit,
2438 4927 2503 4982 ad
2548 4943 2655 4990 me,
2684 4929 2735 4980 in
2770 4927 3010 4997 jejuniis,
3038 4938 3092 4983 et
3131 4931 3180 4983 in
3221 4930 3387 4994 luctu,
3410 4943 3464 4986 et
3500 4934 3555 4987 in

1991 5017 2228 5085 plant-tu.
2289 5015 2576 5071 Miseretur
2625 5017 2768 5071 enim
2819 5019 3047 5071 libenter
3091 5032 3275 5073 eorum
3321 5019 3411 5089 qui
3459 5035 3554 5074 sua

1992 5115 2183 5176 sponte
2212 5107 2562 5161 humiliantur
2591 5124 2686 5176 per
2712 5109 2969 5162 laborem.
2996 5111 3100 5163 Sed
3127 5119 3208 5164 est
3235 5109 3557 5165 absurdissi-

1991 5213 2136 5250 mum
2177 5212 2271 5252 eos
2309 5198 2400 5266 qui
2442 5198 2629 5252 volunt
2673 5200 3097 5253 miscricordiam
3144 5201 3419 5270 consequi,
3451 5201 3556 5257 alio

1990 5288 2147 5341 modo
2178 5287 2539 5358 legislatorem
2573 5289 2809 5354 irritare,
2834 5302 2887 5344 et
2913 5293 2978 5343 ad
3012 5293 3146 5346 iram
3178 5306 3391 5358 vocare,
3416 5294 3549 5349 nihil

1987 5391 2171 5430 eorum
2203 5393 2322 5446 quae
2350 5380 2657 5447 praescripta
2687 5391 2812 5434 sunt
2837 5381 3125 5449 operando.
3151 5382 3381 5438 Omnino
3411 5385 3554 5439 enim

1989 5474 2205 5518 sanctos
2234 5479 2356 5519 esse
2389 5477 2601 5534 Oportet
2630 5482 2725 5522 eos
2776 5469 2865 5536 qui
2898 5469 2963 5521 ad
2998 5468 3165 5524 Deum
3195 5475 3475 5538 accedunt,
3502 5482 3558 5530 et

1992 5555 2146 5610 bonis
2176 5556 2429 5628 operibus
2458 5557 2744 5626 excellere,
2772 5574 2835 5614 ac
2866 5561 3117 5618 omnibus
3144 5563 3394 5620 sordibus
3422 5563 3560 5620 libe-

392 5737 446 5819 _”
470 5736 574 5795 lsa.
607 5754 691 5806 Lv,
726 5741 794 5821 6,⁸
815 5741 867 5795 7.
912 5742 1152 5827 "ipsul.
1189 5763 1368 5814 xxxrv,
1408 5750 1494 5804 l3.
1571 5751 1616 5783 ⁸⁸
1657 5752 1797 5807 ΡεειΙ.
1829 5769 1981 5822 cvm,
2015 5757 2108 5811 2i.
