4092 6296
551 343 690 400 1285

1578 345 1635 400 S.
1679 342 1957 400 CYRILLI
1992 339 2462 398 ALEXANDRINI
2501 343 2803 399 ARCHlEP
2835 356 2847 415 ξ

3670 354 3826 409 ιέξιι

551 469 644 511 ros
677 454 867 509 videri.
897 453 1005 510 llac
1022 455 1087 510 de
1113 468 1272 510 causa
1334 455 1512 526 inquit
1548 472 1564 511 :
1598 454 1912 527 Jejunastis,
1944 464 2001 510 at
2034 470 2119 527 εει

2235 455 2345 509 τῶν
2380 457 2893 527 προστεταγμένων·
2944 458 3248 530 όλοτρόπως
3290 459 3399 529 γὰρ
3439 461 3633 530 ἁγίους
3673 461 3822 519 εἶναι

549 563 658 604 non
700 549 836 612 vidi,
863 548 915 601 id
959 558 1059 614 est,
1094 562 1197 601 non
1239 549 1440 602 attendi
1488 567 1504 603 :
1551 549 1879 603 liumiliastis
1924 549 2119 603 animat

2233 546 2339 618 χρὴ
2371 549 2497 612 τοὺς
2524 549 2844 619 προσιόντας
2888 548 3026 620 Θεῷ,
3050 551 3143 604 καὶ
3191 551 3514 623 διαπρέπειν
3541 557 3604 609 ὲν
3633 558 3822 624 ἀγαθ-

547 648 789 705 vestras,
832 652 887 693 et
948 654 1053 693 non
1114 641 1375 710 cognovi.
1420 641 1470 694 id
1532 651 1646 707 est,
1699 641 2126 695 humiliationem

548 738 786 783 vestram
824 744 926 782 non
959 730 1207 797 dignatus
1235 744 1357 783 sum
1391 729 1499 783 ulla
1535 732 1785 785 mercede
1821 748 1836 785 :
1873 732 2125 800 quoniam

548 819 601 874 in
634 820 824 873 diebus
847 817 1174 887 jejuniorum
1205 831 1507 874 vestrorum
1543 821 1797 874 invenitis
1824 821 2127 877 voluntates

548 922 778 964 vestras.
802 910 899 976 Qui
927 925 1056 979 ergo
1086 926 1217 980 pure
1244 923 1297 965 et
1323 923 1508 966 sancte
1529 912 1780 982 jejunare
1806 912 2010 975 volunt.
2032 928 2126 969 eos

545 1008 756 1065 Oportet
804 1001 915 1054 Suis
961 1002 1269 1054 renuntiare
1314 1000 1696 1065 voluntatibus,
1732 1013 1786 1055 et
1829 1003 1969 1071 quod
2016 1003 2125 1059 Deo

548 1092 760 1145 videtur
806 1092 1086 1159 amplecti,
1131 1101 1185 1146 et
1226 1106 1323 1160 pro
1373 1092 1489 1159 ejus
1534 1093 1810 1149 voluntate
1857 1094 2120 1148 cervicem

544 1182 778 1236 frenare.
815 1182 920 1235 Sed
956 1184 1069 1237 haec
1099 1183 1354 1236 Israelita?
1381 1183 1693 1251 neutiquam
1728 1186 2117 1254 prmstiterunt.

543 1273 636 1328 sed
665 1273 964 1328 voluntates
995 1289 1120 1330 suas
1152 1277 1320 1328 secuti
1355 1286 1500 1340 sunt,
1532 1280 1674 1344 quod
1699 1285 1878 1329 autem
1907 1277 2120 1343 legisla-

545 1365 645 1418 tori
703 1364 877 1433 placet
919 1365 1273 1432 neglexerunt
1325 1385 1336 1419 :
1390 1365 1803 1435 aﬂlixeruntque
1852 1366 2121 1433 subjectos

539 1454 742 1524 judicio
775 1465 829 1510 et
855 1455 1066 1522 iurgiis,
1096 1471 1216 1509 cum
1251 1470 1344 1510 eos
1378 1456 1466 1524 qui
1506 1443 1647 1509 inter
1675 1470 1733 1510 se
1764 1457 2116 1523 dissidebant,

544 1548 609 1599 ad
643 1546 986 1601 concordiam
1022 1547 1285 1617 redigere,
1313 1556 1367 1599 et
1396 1561 1579 1615 pacem
1615 1548 1947 1601 conStituere
1981 1548 2120 1603 inter

544 1628 925 1691 dissentientes
957 1646 1248 1705 oporteret.
1282 1635 1386 1691 Sed
1425 1637 1496 1691 illi
1532 1640 1709 1691 studia
1744 1654 1838 1691 sua
1876 1646 2116 1694 transtu-

543 1727 722 1781 lerunt
748 1728 800 1780 in
836 1729 1016 1781 omnia
1050 1742 1170 1796 qua:
1203 1738 1360 1782 erant
1389 1728 1680 1782 contraria.
1710 1728 1876 1799 815
1911 1728 2112 1784 Percu-

2230 637 2512 707 ουργίαις,
2578 639 2672 690 καὶ
2728 638 2899 707 ῥύπου
2994 639 3199 702 παντὸς
3268 641 3587 715 ἐλευθέρους
3651 647 3816 709 ὄντας

2229 727 2482 797 ὁρᾶσθαι.
2522 727 2737 798 Ταύτης
2774 728 2882 801 γὰρ
2905 729 3070 784 ἓνεκα
3106 730 3207 801 τῆς
3236 733 3414 797 αἰτίας
3444 736 3600 806 φησί’
3634 735 3815 805 New,-

2231 817 2501 871 στεύκατε
2531 818 2649 889 μὲν,
2675 818 2782 887 ἐγὼ
2803 820 2858 872 δὲ
2880 820 2979 872 οὐκ
3002 815 3163 887 εἶδον,
3195 824 3495 888 τουτέστιν,
3517 827 3580 879 οὐ
3642 845 3819 899 προαο

2229 908 2421 978 έσχονο
2476 909 2881 964 ὲταπεινώσατε
2927 911 3029 974 τὰς
3066 911 3243 983 ψυχὰς
3299 916 3529 980 ἑαυτῶν,
3572 921 3667 972 καὶ
3711 922 3817 973 οὐκ

2227 996 2420 1065 ἔγνων,
2480 999 2779 1063 τουτέστιν,
2833 1001 2934 1052 οὐκ
2964 1000 3174 1070 ἠξίωσά
3231 1020 3375 1068 τινος
3426 1007 3665 1077 ἀμοιεῆς
3716 1012 3818 1077 τὴν

2227 1090 2382 1160 ὑμῶν
2403 1091 2739 1144 ταπείνωσιν
2777 1107 2789 1120 ·
2826 1091 3124 1162 ἐπειδήπερ
3171 1093 3229 1145 ὲν
3273 1096 3395 1157 ταῖς
3425 1096 3664 1168 ἡμέραις
3706 1101 3817 1150 τῶν

2223 1180 2486 1251 νηστειῶν
2532 1181 2684 1251 ὑμῶν
2728 1180 3011 1252 εὑρίσκετε
3073 1182 3144 1235 τὰ
3182 1182 3459 1255 θελήματα
3494 1187 3675 1256 ὑμῶν.
3716 1192 3811 1241 Δεῖ

2221 1271 2286 1341 δὴ
2315 1267 2407 1325 οῦν
2434 1271 2541 1343 ἄρα
2565 1313 2580 1338 ,
2611 1273 2737 1335 τοὺς
2790 1271 3069 1341 νηστεύειν
3100 1271 3377 1338 ἐθέλοντας
3416 1276 3675 1346 καθαρῶς
3719 1281 3817 1331 καὶ

2226 1363 2423 1429 ἀγίως,
2466 1364 2832 1433 ἁποφοιτῆσαι
2862 1363 2963 1434 μὲν
2997 1364 3106 1417 τῶν
3137 1364 3279 1418 ίδίων
3305 1366 3649 1438 θελημόιτων,
3683 1373 3818 1423 ἀεθ-

2222 1452 2439 1506 ελέσθαι
2467 1454 2523 1506 δὲ
2570 1454 2631 1507 τὸ
2666 1453 2742 1524 τῷ
2766 1454 2885 1525 Θεῷ
2912 1455 3123 1520 δοκοῦν,
3170 1456 3261 1509 καί⁵
3303 1458 3515 1528 εὐήνιον
3549 1460 3815 1529 ὑποσχεῖν

2220 1546 2331 1608 τοῖς
2365 1544 2530 1598 αὐτοῦ
2586 1544 2855 1616 θελήμασι
2906 1545 2999 1598 τὸν
3058 1547 3294 1616 αὐχέναο
3344 1547 3590 1600 ἀλλὀὐκ
3638 1550 3815 1619 ἔδρων

2219 1636 2376 1688 τοῦτο
2397 1637 2445 1687 oi
2472 1634 2531 1701 ἐξ
2572 1636 2788 1707 Ἰσραήλ
2817 1635 3001 1689 ποθενο
3026 1637 3239 1690 εἵποντο
3253 1636 3308 1690 δὲ
3330 1638 3527 1707 μᾶλλον
3553 1644 3667 1701 τοῖς
3696 1641 3817 1692 ἑαυη

2222 1726 2330 1778 τῶν
2364 1724 2630 1796 θελήμασι
2657 1726 2715 1779 τὸ
2746 1726 2823 1797 τῷ
2875 1728 3141 1801 νομοθέτῃ
3178 1729 3365 1781 δοκοῦν
3406 1731 3777 1795 ἀτιμάζοντες
3800 1771 3813 1787 .

546 1818 752 1872 tiebant
779 1819 940 1872 etiam
972 1819 1227 1873 humilem
1262 1836 1277 1873 :
1312 1834 1414 1872 non
1449 1819 1695 1874 absolute
1726 1821 1995 1887 manibus,
2023 1822 2116 1876 sed

2224 1818 2514 1871 ὑπένυττον
2574 1819 2631 1871 δὲ
2670 1820 2917 1883 καὶτοὺς
2951 1821 3293 1891 ὑποχειρίους
3345 1823 3422 1883 είς
3477 1822 3663 1893 κρίσιν
3720 1828 3815 1875 καὶ

546 1910 761 1979 injuriis
794 1919 848 1963 et
880 1909 953 1973 vi,
986 1908 1069 1962 vel
1106 1908 1226 1962 aliis
1266 1908 1437 1962 modis
1478 1908 1712 1975 injustis.
1749 1908 1892 1979 Ergo
1924 1910 2120 1980 quibus

543 2001 715 2056 inerat
766 2001 887 2055 talis
922 2016 986 2055 ac
1019 2009 1166 2054 tanta
1200 2001 1511 2069 impuritas,
1577 2001 1844 2068 quomodo
1876 2016 1970 2057 eos
2003 2002 2120 2056 lau-

542 2094 697 2147 daret
734 2090 1073 2161 jejnnantes?
1115 2090 1199 2144 vel
1242 2091 1511 2159 quomodo
1556 2090 1690 2145 adeo
1732 2090 2118 2146 sceleratorum

541 2200 732 2256 preces
761 2185 1036 2251 suscipere
1066 2182 1276 2251 posset?

2230 1909 2428 1979 μάχας’
2474 1909 2651 1964 καίτοι
2707 1909 2825 1964 δέον
2875 1913 2954 1975 εἰς
3000 1911 3301 1982 ὁμοψυχίαν
3353 1913 3631 1982 συλλέγειν
3684 1917 3815 1976 τοὺς

2226 2001 2474 2072 ἀλλήλοις
2520 2002 3031 2073 ἀντανισταμένους,
3094 2005 3189 2057 καὶ
3246 2005 3532 2077 βραϐεύειν
3576 2009 3813 2078 εἰρήνην

2224 2096 2336 2157 τοῖς
2387 2093 2821 2163 διενηνεγμένοις
2875 2095 2955 2156 είς
3017 2096 3297 2167 διαφοράς.
3352 2097 3492 2150 Ἀλλ’
3550 2100 3633 2161 είς
3700 2099 3815 2150 πᾶν

2224 2183 2532 2236 τούναντίον
2561 2183 2659 2246 τὰς
2682 2183 2918 2247 σπουδὰς
2946 2187 3140 2239 ἐκεῖνοι
3166 2186 3513 2256 μεθίστασαν.
3537 2190 3817 2241 Ἔτυπτον

540 2275 597 2332 δὲ
631 2275 725 2330 καὶ
756 2276 1028 2341 ταπεινὸν,
1048 2273 1140 2328 καὶ
1168 2273 1288 2345 οὐχὶ
1327 2273 1767 2345 πάντωςχερσὶν,
1814 2273 1929 2328 ἀλλ’
1970 2273 2156 2345 ὕϐρεσι
2196 2274 2291 2328 καὶ
2345 2274 2713 2340 πλεονεξίαις,
2763 2276 2928 2347 ἤγουν
3014 2277 3134 2331 καθ’
3192 2279 3375 2347 ἕτερόν
3427 2298 3552 2333 τινα
3605 2282 3818 2351 τρόπον

540 2369 770 2431 ἀδικίας.
830 2368 964 2423 Εἶτα
1015 2368 1131 2431 πῶς
1170 2365 1238 2440 ἦν
1287 2365 1570 2423 ἐπαινέσαι
1609 2368 1991 2442 νηστεύοντας,
2042 2370 2139 2439 τῆς
2178 2369 2433 2440 τοιαύτης
2470 2369 2812 2440 ἀκαθαρσίας
2855 2370 3081 2443 ἐνούσης
3123 2374 3339 2440 αὐτοῖς;
3375 2375 3409 2445 ἦ
3452 2376 3571 2438 πῶς
3601 2375 3666 2429 ἂν
3698 2376 3815 2429 ἐδέ-

540 2461 745 2531 χθησαν
766 2459 924 2528 εὐχαὶ
943 2458 1052 2512 τῶν
1083 2458 1255 2524 οὕτως
1278 2461 1600 2532 ἀλιτηρίων;

621 2553 785 2609 Ἧιιιε.
817 2555 871 2609 5.
907 2554 1081 2619 Quare
1126 2555 1256 2607 mihi
1289 2555 1569 2625 jejunatis,
1599 2564 1655 2609 ul
1682 2555 1835 2610 hodie
1876 2559 2119 2614 audiatut

2305 2553 2439 2608 Ἵνα
2469 2549 2521 2605 τί
2552 2565 2653 2620 μοι
2673 2549 3015 2620 νηστεύετε,
3033 2550 3113 2619 ὡς
3141 2549 3406 2620 σήμερον
3426 2553 3813 2626 ἀκουσθῆναι

542 2644 596 2696 in
639 2645 864 2697 clamore
906 2659 1004 2696 τοι
1043 2645 1254 2699 vestra?
1294 2643 1417 2696 Non
1459 2644 1563 2697 tale
1601 2644 1856 2711 jejunium
1892 2648 2046 2716 elegi,
2080 2657 2119 2701 et

2228 2645 2299 2698 ἐν
2322 2642 2553 2712 κραυγῇ
2584 2643 2699 2709 τὴν
2716 2642 2929 2711 φωνὴν
2952 2643 3118 2713 ὑμῶν
3133 2659 3153 2707 ;
3191 2644 3273 2698 Οὐ
3313 2645 3536 2713 ταύτην
3562 2648 3683 2713 τὴν
3707 2667 3815 2715 γη-

543 2733 628 2785 die
656 2732 937 2786 humiliore
967 2733 1228 2785 hominem
1261 2735 1492 2785 animum
1524 2748 1696 2787 suam.
1731 2732 1944 2804 Neque,
1969 2738 2014 2789 si
2044 2740 2119 2791 in-

2226 2737 2436 2790 στείαν
2478 2733 2872 2804 ἐξελεξάμην,
2924 2734 3024 2788 καί
3072 2735 3302 2803 ἡμέραν
3332 2738 3666 2795 ταπεινοῦν
3708 2742 3812 2794 ἇν-

544 2824 837 2875 curvareris
866 2823 1002 2876 velut
1029 2823 1283 2875 circulum
1310 2822 1501 2876 collum
1531 2833 1700 2890 tuum,
1724 2833 1773 2878 et
1806 2826 2033 2881 cilicium
2061 2846 2119 2882 ac

2225 2827 2461 2892 θρωπον
2503 2824 2617 2893 τὴν
2657 2824 2872 2894 ψυχὴν
2913 2825 3120 2880 αὑτοῦ.
3155 2827 3290 2881 Οὐδ’
3344 2829 3421 2883 ἂν
3444 2831 3704 2901 κάμψῃς
3737 2838 3816 2903 ὼς

543 2914 766 2967 cinerem
789 2912 1157 2978 substraveria,
1189 2928 1279 2966 nec
1307 2913 1380 2966 sic
1410 2914 1661 2968 vocabili:
1694 2914 1953 2983 jejunium
1972 2934 2120 2973 acce-

547 3002 761 3071 piabile.

618 3176 744 3232 Veri
778 3177 963 3246 jejunii
998 3178 1171 3232 virtus
1206 3177 1459 3233 eximiam
1495 3178 1657 3234 habet
1690 3179 1902 3235 laudem
1938 3190 1989 3236 et
2022 3196 2117 3250 ap-

548 3270 939 3341 probdionem,
970 3278 1022 3322 et
1053 3270 1192 3338 apud
1227 3269 1615 3324 dominatorem
1645 3272 1884 3324 onmimn
1916 3271 2116 3337 Deum;

548 3362 778 3417 libenter
829 3361 971 3414 enim
1028 3360 1253 3427 Suscipit
1303 3373 1493 3430 preces
1553 3375 1740 3415 eorum
1796 3363 1882 3430 qui
1943 3363 2117 3430 ipsum

549 3456 736 3510 colunt
765 3471 779 3508 :
812 3461 867 3507 et
894 3453 937 3507 si
965 3452 1145 3505 videat
1173 3466 1267 3506 eos
1298 3467 1392 3521 per
1421 3451 1657 3506 laborem
1691 3462 1744 3505 et
1772 3455 2120 3508 exercitatio-

547 3561 672 3599 nem
705 3544 1036 3606 hmniliatos,
1064 3542 1273 3610 abjecta
1302 3543 1449 3595 omni
1477 3543 1843 3609 cunctatione,
1872 3544 2122 3599 concedit

549 3634 840 3705 postulata.
870 3633 1019 3698 Quod
1063 3644 1243 3686 autem
1291 3634 1528 3702 segniter
1574 3634 1633 3686 lit
1670 3643 1725 3688 et
1768 3635 2118 3704 negligenter,

549 3724 792 3793 repudiat
822 3737 885 3775 ac
916 3722 1109 3787 rejicit.
1131 3720 1399 3791 Jejunium
1425 3721 1654 3776 dicimus
1683 3735 1950 3790 sanctum,
1975 3727 2120 3795 quod

547 3830 612 3870 ex
648 3829 780 3883 pura
816 3812 875 3867 fit
909 3814 1233 3868 conscientia
1285 3829 1299 3866 :
1344 3813 1486 3883 quod
1526 3812 1612 3868 ille
1645 3813 1810 3869 faciat
1842 3818 1934 3885 qui
1974 3820 2123 3886 prius

548 3922 726 3961 mores
758 3905 1031 3974 improbos
1064 3919 1388 3974 omnemque
1421 3904 1595 3959 labem
1631 3920 1698 3960 ex
1736 3908 1916 3963 animo
1950 3909 2124 3976 ejece—

548 3995 638 4059 rit,
663 4004 717 4047 et
741 3994 977 4047 carnalis
1008 3995 1298 4064 voluptatis
1331 3996 1520 4050 sordes
1546 3993 1823 4063 deleverit,
1850 4005 1902 4051 et
1928 3997 2121 4053 laverit

548 4087 688 4140 inter
734 4086 1047 4141 innocentes
1093 4102 1283 4141 manus
1329 4101 1488 4153 suas,
1533 4088 1828 4141 secundum
1880 4088 1930 4141 id
1980 4090 2120 4157 quod

546 4176 803 4245 scriptum
834 4186 916 4231 est
944 4193 959 4229 :
990 4187 1043 4229 et
1071 4162 1122 4230 in
1153 4192 1384 4242 summa,
1409 4177 1586 4234 omnis
1613 4178 1895 4247 probitatis
1919 4182 2122 4235 studio-

545 4281 638 4321 sus
678 4266 855 4322 cultor
887 4268 1114 4323 effectus
1157 4272 1248 4323 sit.
1285 4269 1356 4322 At
1390 4268 1656 4340 jejunium
1690 4274 1833 4341 quod
1873 4288 1978 4328 non
2015 4275 2117 4330 hoc

547 4359 706 4412 modo
722 4374 779 4412 se
816 4360 998 4421 habet,
1034 4359 1193 4414 l'allax
1230 4372 1336 4425 est,
1366 4370 1422 4417 et
1455 4363 1688 4431 speciem
1726 4373 1930 4418 tantum
1966 4365 2122 4420 habet

2229 2915 2439 2981 κρίκον
2478 2917 2586 2968 τίν
2626 2914 2932 2985 τράχηλόν
2962 2932 3102 2983 σου,
3125 2919 3223 2972 καί
3254 2920 3492 2975 σάκκον
3534 2926 3638 2977 καὶ
3664 2944 3818 2982 σποο

2151 3051 2192 3109 C
2230 3005 2340 3060 δὸν
2364 3007 2748 3077 ὑποστρὼσῃ,
2794 3008 2922 3063 οὐδ’
2969 3011 3156 3077 οὕτως
3197 3013 3488 3068 καλέονετε
3519 3020 3816 3084 νηστείαν

2224 3097 2467 3165 δεκτήν.

2298 3190 2407 3261 Τῆς
2432 3190 2664 3262 ἀληθοῦς
2697 3192 2951 3262 νηστείας
2981 3195 3014 3263 ἡ
3037 3193 3263 3265 δύναμις
3301 3195 3539 3262 ἐξαίσιον
3559 3198 3677 3269 ἔχει
3710 3201 3810 3269 τὴν

2228 3283 2356 3355 βοὴν
2384 3284 2535 3356 παρά
2567 3283 2644 3353 τῷ
2685 3285 2902 3336 πάντων
2939 3285 3227 3355 κρατοῦντι
3270 3287 3408 3357 Θεῷ.
3444 3289 3672 3359 Δέχεται
3704 3292 3814 3360 γὰρ

2228 3375 2356 3439 ἴσως
2382 3375 2632 3445 ἀσμένως
2662 3373 2770 3427 τῶν
2796 3375 3103 3444 σεϐομένων
3131 3377 3294 3430 αὑτὸν
3340 3379 3437 3442 τὰς
3485 3380 3641 3445 λιτάς
3662 3399 3678 3413 ·
3710 3384 3818 3437 κᾶν

2237 3465 2321 3539 ἴδῃ
2361 3466 2814 3537 ταπεινουμένους
2855 3465 2944 3520 διὰ
2972 3467 3148 3520 πόνων
3198 3471 3291 3522 καὶ
3337 3472 3642 3540 ἀσκήσεων,
3676 3475 3819 3543 με).-

2225 3555 2438 3626 λησμοῦ
2496 3557 2621 3626 δίχα
2662 3556 2862 3620 παντὸς
2918 3557 3098 3627 ὀρέγει
3134 3560 3204 3612 τὰ
3246 3561 3531 3630 αἰτήματα.
3579 3563 3698 3631 Τῆς
3748 3582 3821 3633 γε

2230 3648 2354 3721 μὴν,
2389 3650 2534 3721 ἤπερ
2579 3650 2644 3705 ἂν
2675 3649 2884 3718 γένοιτο
2939 3650 3200 3722 ῥᾳθύμως
3243 3669 3304 3705 τε
3348 3652 3434 3706 καὶ
3483 3653 3823 3725 ἀτημελῶς,

2227 3743 2532 3816 ἀπόϐλητον
2585 3749 2817 3800 ποιεῖται
2871 3746 2960 3801 τὸν
3004 3746 3225 3817 τρόπον.
3265 3746 3374 3799 Καὶ
3423 3745 3678 3814 νηστείαν
3714 3747 3822 3819 μὲν

2225 3832 2368 3891 εἷναί
2404 3855 2586 3908 φαμεν
2620 3840 2952 3911 ἀγιοπρεπῆ,
2982 3839 3078 3909 τὴν
3136 3839 3202 3893 ὲκ
3243 3837 3480 3910 καθαροῦ
3509 3838 3821 3905 συνειδότος

2228 3927 2672 4000 ἐπιτελουμένην·
2705 3931 2772 3997 ἧν
2825 3930 2889 3983 ἄν
2937 3947 3021 3993 τις
3072 3931 3278 3983 ποιοῖτο
3329 3932 3819 4000 προαποφοιτήεας

2226 4017 2495 4081 εὐσθενῶς
2527 4019 2633 4071 τῶν
2673 4019 2775 4088 τῆς
2815 4019 3148 4089 φαυλότητος
3180 4019 3433 4090 τρόπων,
3481 4021 3581 4073 καὶ
3632 4023 3818 4076 πᾶσαν

2227 4107 2420 4176 κηλῖδα
2458 4107 2557 4177 τῆς
2608 4107 2804 4160 ἑαυτοῦ
2848 4108 3088 4171 διανοίας
3136 4107 3634 4178 ἀποπεμψάμενος,
3679 4109 3818 4162 ἀπο·

2224 4200 2556 4271 τριψάμενός
2605 4217 2664 4252 τε
2707 4202 2807 4270 τῇς
2855 4198 3208 4269 φιλοσαρκίας
3269 4199 3396 4261 τοὺς
3452 4198 3685 4269 ῥύπους,
3721 4200 3817 4254 καὶ

2227 4287 2519 4357 νιψάμενος
2541 4290 2598 4342 ὲν
2628 4285 2826 4350 ἀθώοις
2850 4287 2949 4351 τὰς
3009 4289 3218 4357 χεῖρας,
3260 4287 3404 4340 κατά
3454 4287 3518 4340 τὸ
3566 4305 3815 4359 γεγραμ-

2231 4376 2409 4446 μένον’
2440 4377 2534 4432 καὶ
2562 4376 2918 4442 ἁπαξαπλῶς,
2958 4376 3176 4447 ἀπάσης
3218 4375 3598 4449 ἀγαθουργίας
3651 4383 3814 4449 ἐκμε-

547 4448 776 4517 iejunii:
813 4458 866 4503 et
897 4466 1015 4503 cum
1048 4452 1180 4505 nihil
1212 4452 1437 4508 omnino
1467 4454 1663 4508 habeat
1701 4455 1954 4511 decorum
1987 4457 2032 4512 ei
2065 4474 2119 4515 ac

2230 4466 2394 4540 λητὴς
2421 4468 2885 4539 ἀναδεδειγμένος.
2923 4467 2987 4521 Ἦ
3036 4467 3092 4520 δὲ
3135 4468 3236 4520 οὐκ
3264 4465 3405 4522 οὖσα
3432 4468 3681 4539 τοιαύτη,
3715 4448 3811 4523 ξε.

545 4552 879 4608 congruens,
914 4540 1117 4595 ridetur
1158 4552 1212 4597 et
1257 4552 1412 4612 turpe
1458 4545 1705 4604 habetur.
1741 4546 1875 4602 Nam
1920 4552 2117 4620 quibus

545 4631 678 4685 nihil
706 4646 847 4686 cura:
876 4642 957 4685 est
982 4641 1040 4685 nt
1071 4634 1222 4703 probi
1254 4650 1317 4691 ac
1347 4637 1470 4692 boni
1505 4639 1635 4701 sint,
1661 4653 1720 4694 ac
1752 4640 1950 4694 nullam
1985 4658 2119 4711 prae-

547 4727 710 4781 clam
755 4727 970 4784 virtutis
1013 4731 1459 4800 significationem
1503 4736 1697 4799 edunt,
1733 4736 2117 4793 abstinentiam

546 4828 726 4873 tamen
774 4819 881 4873 cibi
930 4830 985 4874 et
1036 4821 1268 4876 inediam
1320 4824 1704 4879 infructuosam
1754 4835 1807 4881 et
1853 4827 2116 4894 inutilem,

546 4921 798 4981 tanquam
852 4926 966 4965 rem
1014 4913 1277 4981 insignem
1327 4923 1380 4967 et
1419 4915 1558 4983 apud
1607 4915 1774 4969 Deum
1825 4919 2117 4986 pretiosam

543 5012 799 5057 exercent
848 5020 861 5056 :
941 5002 993 5056 bi
1041 5004 1256 5074 quidem
1298 5004 1533 5059 inaniter
1582 5007 1789 5077 pugiles
1833 5022 2031 5082 agunt,
2065 5023 2121 5066 et

543 5111 721 5151 aerem
768 5096 1078 5152 verberant.
1113 5096 1229 5152 Non
1276 5098 1419 5152 enim
1467 5099 1619 5157 labor
1662 5118 1846 5158 eorum
1899 5107 2120 5175 praemio

542 5189 790 5253 alﬁcitur,
818 5190 944 5259 quia
980 5191 1144 5244 etiam
1180 5190 1289 5246 Deo
1322 5201 1576 5262 acceptus
1645 5210 1748 5251 non
1782 5207 1883 5253 est.
1941 5201 2121 5266 Quare

544 5281 706 5354 igitur
755 5296 898 5335 nunc
950 5281 1079 5336 mihi
1128 5281 1406 5351 jejunatis,
1440 5286 1636 5354 inquit,
1672 5297 1728 5342 ut
1782 5289 1833 5343 in
1876 5291 1963 5346 die
2016 5308 2119 5347 una

541 5372 749 5427 clamor
771 5371 920 5425 vocis
950 5382 1141 5428 vestrm
1167 5373 1452 5429 audiatur?
1531 5376 1833 5434 Clamorem
1863 5381 2013 5448 dicit,
2037 5383 2120 5438 vel

543 5463 929 5532 precationem,
974 5480 1096 5521 cum
1145 5466 1315 5521 inutili
1352 5467 1558 5538 jejunio
1599 5470 1978 5537 conjunctam,
2036 5474 2119 5527 vel

542 5556 610 5606 ab
644 5553 763 5622 ipso
796 5569 981 5624 opere.
1004 5555 1213 5613 Habere
1245 5560 1389 5613 enim
1422 5561 1679 5617 dicuntur
1712 5577 1894 5618 vocem
1929 5579 2121 5633 quam-

541 5642 665 5696 dam
708 5643 774 5697 ad
820 5644 988 5698 Deum
1043 5663 1162 5716 qua:
1213 5663 1242 5703 a
1296 5652 1453 5705 nobis
1496 5651 1827 5720 linnt,jnxta
1877 5655 1928 5707 id
1977 5657 2119 5725 quod

544 5731 744 5787 dictum
772 5743 853 5788 est
881 5732 1050 5791 Caino
1079 5738 1146 5793 ab
1176 5754 1240 5794 eo
1272 5758 1284 5794 :
1326 5759 1343 5792 ι
1383 5740 1495 5796 Vox
1525 5743 1801 5815 sanguinis
1832 5745 2012 5800 fratris
2041 5745 2116 5799 tui

2223 4560 2542 4631 πλανημένη
2560 4559 2658 4629 μὲν
2682 4558 2992 4628 ὦσπερ,καὶ
3016 4560 3074 4611 ὲν
3103 4558 3231 4611 εἴδει
3257 4560 3356 4630 μὲν
3373 4555 3510 4614 οὖσα
3533 4562 3811 4631 νηστείας,

2224 4651 2422 4723 ἔχουσα
2465 4651 2523 4705 δὲ
2564 4650 2672 4704 τῶν
2726 4651 2863 4721 αὐτῇ
2906 4651 3224 4722 πρεπόντων
3278 4653 3561 4717 παντελῶς
3619 4652 3775 4707 οὐδὲν
3796 4694 3812 4717 ,

2224 4743 2446 4812 γελᾶται
2499 4744 2592 4797 καὶ
2625 4744 2945 4813 ἀσχημονεῖ.
2985 4744 3047 4795 Οί
3070 4742 3178 4814 γὰρ
3212 4744 3273 4795 τδ
3301 4739 3441 4797 εἶναι
3474 4746 3708 4816 χρηστοί
3756 4762 3812 4797 τε

2226 4834 2320 4886 καὶ
2342 4834 2536 4901 ἀγαθοὶ
2552 4833 2830 4895 παντελῶς
2857 4832 3318 4902 ὀλιγωρήσαντες,
3337 4835 3555 4887 καὶτῶν
3575 4836 3813 4907 ἀρίστων

2224 4924 2728 4996 ἀνδραγαθημάτων
2759 4925 2911 4977 οὐδὲν
2958 4925 3496 4996 προκατωρθωκότες
3515 4943 3529 4956 ·
3562 4922 3686 4980 εἶτα
3718 4926 3812 4995 τὴν

2226 5016 2439 5069 ἀσιτίαν
2464 5016 2565 5087 τὴν
2593 5015 2820 5085 ἀκερδῆ,
2848 5016 2943 5068 καὶ
2969 5016 3247 5087 ἀνόνητον,
3272 5016 3346 5080 ὼς
3390 5019 3537 5087 μέγα
3583 5035 3637 5071 τι
3678 5017 3811 5089 χρῆ-

2230 5122 2305 5176 μα
2347 5106 2441 5159 καὶ
2466 5105 2616 5177 παρὰ
2642 5105 2759 5176 Θεῷ
2775 5106 2952 5176 τίμιον
2975 5106 3406 5177 ὲπιτηδεύοντε,’
3426 5108 3549 5178 εἰκῆ
3578 5108 3809 5162 πυκτεύ-

2224 5214 2365 5260 ουσι,
2392 5198 2487 5251 καὶ
2525 5199 2604 5260 είς
2629 5197 2772 5269 ἀέρα
2789 5197 3054 5267 δέρουσιψ
3081 5198 3142 5250 οὺ
3166 5198 3273 5270 γὰρ
3302 5198 3575 5269 ἔμμισθος
3598 5201 3629 5253 ὀ
3657 5200 3811 5259 πόνος

2225 5289 2431 5353 αὐτοῖς,
2462 5290 2545 5342 ὅτι
2578 5289 2674 5343 καὶ
2701 5290 3082 5360 ἀπαράδεκτος
3120 5289 3197 5360 τῷ
3217 5290 3356 5362 Θεῷ.
3387 5292 3509 5345 Ἵνα
3537 5292 3590 5344 τί
3634 5292 3810 5345 τοίνυν

2225 5381 2518 5452 νηστεύετέ
2572 5400 2683 5453 μοι,
2753 5382 2941 5453 φησιν,
2990 5382 3132 5437 ὥστε
3195 5385 3253 5437 ὲν
3316 5384 3505 5455 ἡμέρᾳ
3558 5385 3660 5455 μιςξί⁵
3715 5386 3810 5452 τὴν

2227 5474 2474 5544 κραυγὴν
2505 5477 2605 5544 τῆς
2641 5474 2825 5545 φωνῆς
2856 5475 3011 5545 ὑμῶν
3063 5473 3434 5544 ἀκουσθῆναι;
3466 5476 3731 5547 Κραυγὴν
3757 5475 3812 5527 δέ

2226 5580 2412 5632 φησιν,
2444 5566 2562 5636 ἦτοι
2603 5566 2702 5638 τὴν
2728 5567 3035 5638 προσευχὴν
3060 5568 3158 5637 τὴν
3186 5568 3328 5638 μετά
3362 5584 3450 5635 γε,
3501 5570 3668 5638 φημὶ.
3715 5568 3812 5635 τῆς

2225 5655 2533 5724 ἀνωφελοῦς
2563 5658 2834 5728 νηστείας,
2869 5660 3036 5729 ἤγουν
3067 5658 3166 5729 τὴν
3186 5658 3280 5712 ἀπ’
3306 5658 3475 5711 αὐτοῦ
3507 5659 3600 5711 τοῦ
3634 5658 3817 5728 πράγ-

2230 5763 2416 5817 ματος.
2448 5750 2631 5819 Ἔχειν
2663 5752 2770 5822 γάρ
2820 5768 2939 5805 τινα
2972 5751 3220 5818 λέγονται
3278 5748 3467 5821 φωνὴν
3530 5750 3669 5819 πρὶς
3723 5754 3821 5803 τῖ.ν
