4092 6296
295 329 432 388 iis?!)

1421 324 1487 381 IN
1545 323 1780 384 ISAIAM
1830 330 1960 389 LIB.
2001 333 2065 388 γ.
2109 335 2345 414 TOMUS
2379 336 2471 392 lll.

3438 340 3574 399 ιεεε

295 444 426 497 Θεὸν
456 444 524 498 τὰ
552 444 809 517 δρώμενα
840 445 969 515 παρ’
1004 422 1189 513 ἡμῶν,
1227 443 1366 497 κατά
1417 458 1481 512 γε
1509 441 1569 496 τὸ
1594 444 1873 515 εἰρημένω

1988 448 2185 504 clamat
2231 450 2301 506 ad
2353 467 2439 508 me
2482 452 2550 507 de
2601 459 2746 509 terra
2782 455 2847 509 ⁸⁸.
2902 474 2921 509 ι
2980 454 3090 513 Sed
3130 456 3396 529 jejunium
3443 463 3569 527 hoc,

296 527 377 599 τῷ
402 535 542 590 Κάῖν
571 537 701 607 παρ’
752 534 918 588 αὑτοῦ
942 551 956 566 ⁰
1001 554 1019 585 ι
1044 534 1200 605 Φωνὴ
1259 535 1490 605 αἵματος
1516 534 1611 588 τοῦ
1655 533 1887 605 ἀδελφοῦ

298 642 393 678 σου
420 630 517 699 βοᾷ
544 627 681 699 πρός
713 643 782 697 με
829 628 893 679 ἐκ
921 623 1045 695 γῆς.
1089 644 1108 676 ι
1152 621 1293 678 Ἀλλ’
1321 626 1380 678 οὑ
1416 625 1621 697 ταύτην
1658 626 1757 697 τὴν
1790 644 1886 697 νη-

299 713 483 768 στείαν
503 715 854 785 ἐξελεξάμην,
892 713 1026 785 φησί
1064 731 1078 745 ο
1115 716 1212 768 καὶ
1234 715 1394 769 ποίαν
1423 716 1649 786 ταύτην,
1679 733 1890 787 προαπο

302 804 504 878 ἔφηνεν
538 806 730 870 εἰπὼν,
760 807 842 859 ὅτι
883 825 901 858 ι
945 807 1031 858 Ἐν
1071 810 1190 870 ταῖς
1224 807 1463 877 ἡμέραις
1490 808 1596 860 τῶν
1625 808 1890 879 νηστειῶν

300 896 455 967 ὑμῶν
483 899 766 969 εὑρίσκετε
796 898 866 950 τὰ
887 896 1171 968 θελήματα
1209 898 1385 969 ὑμῶν,
1416 901 1510 952 καὶ
1538 900 1742 964 πάντας
1765 899 1891 963 τοὺς

296 987 645 1060 ὑποχειρίους
724 988 1062 1042 ύπονύσσετε
1134 992 1215 1053 είς
1272 991 1453 1061 κρίσιν
1506 993 1602 1045 καὶ
1673 992 1875 1063 μάχας.

292 1076 625 1148 Νηστεύετε,
650 1080 744 1132 καὶ
774 1078 1009 1132 τύπτετε
1039 1083 1284 1150 πυγμαῖς
1317 1082 1591 1135 ταπεινόν.
1618 1082 1877 1147 »οὑκοῦν,

303 1168 422 1220 οὐδ’
467 1168 532 1223 ἂν
576 1170 803 1242 κάμψῃς
855 1171 929 1234 ὡς
966 1171 1155 1242 κρίκον
1189 1172 1279 1224 τὸν
1317 1172 1587 1245 τράχηλόν
1632 1190 1726 1227 σου
1751 1215 1763 1237 ,
1795 1175 1888 1228 καὶ

292 1259 501 1314 σάκκον
549 1262 645 1316 καὶ
677 1262 870 1316 σποδὸν
915 1263 1345 1337 ὑποστρώσῃ[ς],
1368 1267 1636 1328 τουτέστι,
1661 1266 1765 1321 κᾶν
1789 1267 1888 1337 τὴν

290 1354 374 1413 είς
398 1352 575 1422 ἄκραν
606 1352 969 1425 ὲπιτηδεύσῃς
990 1357 1338 1420 ταπείνωσιν,
1373 1357 1468 1410 καὶ
1499 1358 1662 1410 πόνου
1702 1357 1888 1428 τρίϐον

289 1442 498 1516 ἐλάσῃς
554 1444 615 1495 οὑ
647 1450 914 1515 φορητὴν,
943 1447 1079 1516 μετά
1099 1448 1207 1499 τῶν
1228 1446 1401 1513 οὕτως
1439 1449 1682 1520 αἰσχρῶν
1712 1451 1889 1503 αἰτια-

292 1534 506 1602 μόιτων,
534 1532 641 1586 οὐδ’
657 1533 800 1587 οὑτω
840 1536 1097 1590 καλέσετε
1131 1539 1384 1609 νηστείαν
1417 1539 1632 1609 δεκτήν.
1692 1541 1756 1592 Ei
1779 1540 1887 1612 γὰρ

292 1623 575 1694 βούλεσθε,
601 1627 787 1695 φησιν,
819 1626 1020 1697 ἀληθὲς
1060 1630 1258 1693 εἰπεῖν,
1297 1629 1406 1683 οὐδ’
1434 1628 1500 1683 ἂν
1535 1631 1691 1702 ὑμεῖς
1719 1630 1888 1701 αὑτὴν

291 1716 554 1785 νηστείαν
582 1716 776 1786 δεκτὴν
808 1718 1103 1788 ὀνομάσετε
1130 1719 1322 1789 αὑτήν.
1703 1728 1719 1741 '
1826 1721 1837 1731 ’

1991 540 2193 611 inquit,
2231 557 2335 595 non
2383 542 2540 614 elegi.
2576 544 2743 617 Quale
2787 546 2839 601 id
2887 547 2989 614 sit,
3024 548 3319 605 declaravit
3364 567 3523 623 supra
3552 597 3566 620 ,

1990 633 2242 703 inquiens
2278 653 2291 690 :
2330 651 2351 687 ι
2386 632 2442 689 In
2479 636 2667 691 diebus
2697 637 3026 706 jejuniorum
3056 639 3225 710 816
3246 650 3571 706 vestrorum,

1991 728 2246 782 invenitis
2293 727 2600 783 voluntates
2658 738 2899 794 vestras,
2952 737 3008 785 et
3053 746 3245 785 omnes
3297 731 3572 800 subjectos

1989 819 2224 891 alliigitis
2253 820 2460 890 judicio
2481 832 2529 875 et
2553 837 2748 890 pugna.
2778 820 3066 889 Jejnnatis,
3097 824 3450 891 etpercutitis
3469 840 3573 894 pn-

1991 911 2110 983 gnis
2130 913 2446 968 humilem.)
2476 913 2666 983 itaque
2721 914 2764 966 si
2793 914 3162 970 incnrvaveris
3187 929 3281 969 ceu
3309 914 3570 970 circulum

1989 1006 2185 1059 collum
2204 1016 2374 1071 tuum,
2405 1015 2462 1059 et
2494 1005 2729 1061 cilicium
2768 1020 2831 1060 ac
2882 1006 3119 1060 cinerem
3179 1006 3568 1071 substraveris,

1992 1097 2043 1149 id
2072 1106 2177 1162 est,
2205 1095 2417 1149 etiamsi
2445 1110 2711 1149 summam
2745 1095 3173 1150 humiliationem
3206 1111 3483 1162 exerceas,
3514 1106 3571 1152 et

1989 1185 2188 1240 laboris
2232 1186 2374 1239 viam
2427 1201 2709 1255 capessas,
2744 1202 2849 1239 non
2898 1194 3075 1240 tamen
3125 1201 3247 1240 cum
3297 1186 3381 1240 his
3433 1187 3570 1241 adeo

1990 1276 2149 1333 [tedis
2202 1278 2349 1332 vitiis
2375 1278 2678 1341 tolerabile,
2708 1293 2884 1346 neque
2914 1277 2995 1332 sic
3026 1275 3564 1346 vocabitisjejuninm

1989 1378 2295 1439 acceptum.
2337 1369 2394 1423 Si
2418 1372 2562 1423 enim
2590 1369 2789 1433 velitis,
2825 1369 3023 1437 inquit,
3049 1384 3236 1423 verum
3266 1369 3467 1436 dioere,
3501 1384 3567 1425 ne

1989 1461 2090 1530 ipsi
2138 1461 2354 1530 quidem
2400 1475 2497 1516 vos
2545 1460 2648 1516 hoc
2692 1461 2957 1530 jejunium
3003 1470 3283 1531 acceptum
3330 1461 3563 1532 appella-

1988 1551 2137 1607 bitis.

370 1808 521 1875 Οὐχὶ
554 1808 839 1874 τοιαύτην
874 1811 1165 1875 νηστείαν
1192 1808 1306 1878 ἐγὼ
1354 1809 1748 1880 ἐξελεξάμην,
1786 1810 1873 1866 λέ-

2059 1816 2226 1874 Vsus.
2270 1816 2334 1883 6,
2377 1816 2430 1872 7.
2475 1817 2598 1872 Non
2646 1817 2749 1873 tale
2796 1834 2887 1889 ego
2928 1817 3191 1887 jejunium
3237 1817 3399 1888 elegi,
3438 1818 3565 1872 dicit

287 1913 383 1965 γει
419 1899 650 1965 Κύριος,
681 1899 839 1952 ἀλλὰ
869 1900 982 1953 ,λύε
1018 1898 1216 1953 πάντα
1242 1901 1593 1972 σύνδεσμον
1624 1903 1881 1970 ἀδικίας,

286 1988 508 2045 διάλυε
576 1991 984 2061 omam-alta;-
1042 1992 1264 2056 βιαίων
1320 1994 1880 2065 συναλλαγμάτων,

283 2080 637 2135 ἀπόστελλε
670 2082 1160 2151 τεθραυσμένους
1182 2084 1247 2137 ἐν
1283 2084 1518 2152 ἀφέσει,
1554 2087 1651 2139 καὶ
1677 2085 1885 2141 πᾶσαν

281 2169 651 2238 συῖηςραερὴν
674 2170 887 2224 ἄδικον
928 2171 1177 2226 διάσπα.
1245 2172 1579 2242 Διάθρυπτε
1634 2176 1885 2229 πεινῶν-

280 2276 336 2312 τι
394 2259 499 2313 τὸν
532 2259 715 2328 ἄρτον
774 2278 917 2324 σου,
946 2263 1045 2339 καί
1089 2261 1367 2330 πτωχοὺς
1404 2264 1701 2333 ἀστέγους
1756 2267 1885 2319 εἱσ-

281 2342 477 2413 ἀγαγε
508 2346 595 2412 εὶς
625 2347 732 2400 τὸν
750 2344 921 2402 οἶκόν
949 2362 1088 2402 σου.
1108 2349 1250 2401 Ἐὰν
1279 2349 1415 2419 ἴδῃς
1441 2352 1692 2421 γυμνὸν,
1716 2354 1880 2421 περί-

280 2438 474 2499 ϐαλε,
523 2437 623 2491 καὶ
664 2438 783 2492 ἀπὸ
826 2439 947 2493 τῶν
994 2440 1229 2493 οἰκείων
1253 2439 1361 2493 τοῦ
1400 2443 1745 2514 σπέρματός
1766 2460 1884 2500 σου

280 2530 405 2596 οὐχ
432 2529 744 2597 ὐπερόψει.
1700 2580 1708 2591 .

354 2617 516 2671 ’Ἔδει
555 2620 667 2680 τοῖς
718 2620 817 2674 οὐκ
875 2621 1040 2675 εἰδόσι
1097 2625 1198 2695 τῆς
1244 2625 1479 2698 ἀληθοῦς
1519 2628 1768 2699 νηστείας
1793 2631 1883 2685 τὸν

281 2707 515 2777 τρόπον,
546 2707 919 2778 ἐπιδειχθῆναι
950 2710 1141 2765 τοῦτον
1174 2715 1327 2788 παρὰ
1364 2714 1520 2768 Θεοῦ.
1555 2717 1692 2789 Παρ⁹
1718 2719 1881 2773 αὑτοῦ

287 2798 399 2868 γὰρ
429 2798 579 2850 πᾶσα
611 2798 791 2867 σοφία,
814 2792 916 2853 καὶ
948 2804 1186 2867 σύνεσις,
1222 2805 1367 2877 καὶὴ
1412 2806 1548 2874 πρὸς
1576 2809 1683 2860 πᾶν
1705 2808 1882 2862 ὁτιοῦν

287 2886 399 2940 τῶν
457 2886 696 2958 ἀρίστων
731 2888 849 2952 ὁδὸς
902 2891 1302 2948 ἀναδείκνυται.
1327 2894 1534 2949 Ψάλλει
1574 2895 1703 2964 γοῦν
1732 2897 1826 2951 καὶ
1851 2899 1880 2950 ὁ

289 2975 581 3041 θεσπέσιος
601 2978 785 3039 Δαὸὶδ,
830 2981 926 3035 καί
972 2999 1159 3053 φησιν*
1193 3004 1212 3036 ι
1241 2985 1535 3056 Ὀδήγησόν
1564 3004 1650 3057 με,
1672 2988 1877 3060 Κύριε,

1988 1909 2242 1963 Dominus
2273 1925 2291 1964 :
2322 1910 2411 1963 sed
2443 1910 2581 1964 solve
2610 1927 2811 1964 onmem
2846 1911 3210 1982 colligaturam
3245 1911 3559 1980 iniquitatis,

1984 2002 2207 2056 dissolre
2256 2001 2596 2070 obligationes
2641 2001 2980 2056 violentorum
3030 2013 3426 2068 contractnnm;
3474 2003 3564 2057 di-

1986 2093 2130 2163 mitte
2171 2091 2365 2160 fractos
2406 2092 2462 2144 in
2508 2092 2838 2154 remissione,
2874 2100 2922 2144 et
2964 2108 3166 2145 onmem
3211 2091 3563 2161 syngrapham

1985 2183 2237 2251 injustam
2261 2183 2559 2235 conscinde.
2592 2180 2802 2252 Frange
2831 2183 3077 2236 esurienti
3105 2198 3289 2250 panem
3319 2191 3487 2247 tuum,
3511 2190 3562 2236 et

1983 2290 2233 2343 pauperes
2285 2283 2417 2328 terto
2462 2285 2694 2328 carentes
2737 2275 2895 2327 induc
2935 2275 2990 2326 in
3040 2277 3252 2327 domum
3295 2284 3460 2327 luant.
3499 2271 3561 2328 Si

1985 2365 2173 2419 videris
2214 2365 2443 2429 nudum,
2480 2373 2621 2435 tege,
2657 2373 2706 2419 et
2758 2364 3071 2419 domesticos
3120 2364 3330 2417 seminis
3377 2364 3455 2417 tui
3498 2379 3560 2417 ne

1986 2455 2264 2524 despicias.

2056 2629 2156 2697 Qui
2194 2632 2305 2685 veri
2342 2630 2538 2701 jt-junii
2581 2631 2795 2686 modum
2843 2631 3110 2698 nesciunt,
3148 2631 3233 2688 his
3266 2642 3482 2703 oportet
3527 2650 3556 2687 a

1983 2721 2095 2777 Deo
2125 2725 2356 2779 ostendi.
2379 2724 2460 2777 Ab
2491 2725 2608 2793 ipso
2630 2725 2774 2778 enim
2799 2724 2975 2779 omnis
3001 2726 3262 2794 sapientia
3286 2736 3338 2781 et
3362 2726 3560 2782 intelli-

1983 2816 2182 2885 gentia,
2207 2829 2261 2870 et
2284 2816 2368 2869 via
2401 2818 2464 2869 ad
2495 2818 2672 2870 omnia
2701 2832 2820 2886 quae
2848 2825 2973 2871 sunt
2997 2818 3200 2887 optima
3230 2820 3554 2885 ostenditur,

1983 2904 2168 2960 Psallit
2194 2906 2376 2975 itaque
2400 2917 2454 2963 el
2482 2907 2693 2963 divinus
2719 2906 2906 2972 David,
2932 2916 2985 2963 et
3006 2909 3179 2977 inquit
3207 2927 3221 2964 :
3259 2926 3278 2960 ι
3315 2910 3428 2964 Duc
3450 2925 3556 2974 me,

1982 2996 2231 3063 Domine,
2256 3000 2308 3052 in
2334 2999 2417 3053 via
2451 3009 2559 3062 tua,
2581 3008 2635 3053 et
2659 3000 2950 3054 atnbulabo
2980 3001 3034 3054 in
3062 3001 3292 3054 veritate
3326 3010 3412 3054 ttta
3431 3000 3497 3054 ³⁷.
3530 3020 3550 3053 ι

291 3067 348 3120 ὲν
369 3070 436 3139 τῇ
468 3067 572 3139 ὁδῷ
599 3085 715 3132 σου,
752 3071 847 3124 καὶ
878 3073 1218 3144 πορεύσομαι
1272 3078 1330 3130 ὲν
1357 3080 1423 3148 τῇ
1461 3076 1690 3150 ἀληθείᾳ
1711 3096 1825 3133 σου.
1853 3100 1871 3133 ι

1980 3085 2142 3141 Proin
2179 3086 2486 3142 Judreorum
2526 3088 2923 3144 crassissimum
2960 3098 3014 3143 et
3050 3090 3195 3145 nullo
3232 3092 3390 3146 modo
3426 3091 3555 3147 utile

289 3158 500 3239 Οὐκοῦν
542 3161 848 3232 ἀπόϐλητον
882 3163 983 3234 μὲν
1007 3166 1300 3237 ἐποιήσατο
1328 3168 1424 3239 τὴν
1475 3171 1873 3244 ἀτεχνεστάτην

1978 3176 2236 3248 jejunium
2273 3178 2489 3249 rejecit,
2523 3188 2577 3233 et
2606 3180 2713 3233 veri
2744 3179 2851 3231 vim
2885 3178 3143 3236 declarat.
3182 3179 3343 3236 Solve
3375 3183 3550 3245 enim,

288 3254 381 3305 καὶ
429 3253 553 3305 κατ’
581 3254 773 3308 οὐδένα
820 3255 1019 3325 τρόπον
1072 3256 1392 3330 ὀνησιφόρον
1448 3260 1558 3313 τῶν
1606 3262 1872 3318 Ἰουδαίων

288 3342 566 3413 νηστείαν,
617 3346 905 3416 ἐμφανίζει
940 3347 995 3401 δὲ
1030 3350 1130 3420 τῆς
1178 3350 1436 3421 ἀληθινῆς
1489 3353 1585 3425 τὴν
1618 3354 1869 3426 δύναμιν.

287 3431 392 3485 Λύε
424 3433 554 3505 γὰρ,
585 3434 736 3504 φησὶ,
772 3436 947 3490 πάντα
970 3437 1267 3510 σύνδεσμον
1300 3441 1533 3506 ἀδικίας,
1559 3444 1867 3513 τουτέστιν,

284 3521 626 3577 ἀπαλλάττου
654 3523 745 3578 τοῦ
777 3526 1122 3581 πλεονεκτεῖν
1153 3528 1438 3598 βούλεσθαί
1461 3549 1632 3596 τιναςο
1658 3534 1872 3601 ἀδικίας

285 3614 392 3685 γὰρ
425 3613 722 3687 σύνδεσμος
761 3619 795 3685 ἡ
825 3618 1133 3684 πλεονεξία,
1166 3620 1260 3673 καὶ
1293 3620 1354 3673 τὸ
1399 3622 1731 3690 ἐπιφύεσθαί
1758 3628 1870 3678 τισι

286 3704 393 3757 τῶν
441 3705 864 3776 ἀσθενεστέρων,
922 3708 1017 3760 καὶ
1066 3704 1176 3760 οἷον
1234 3710 1556 3776 ἐπιπλοκαῖς
1606 3714 1870 3784 ἀφύκτοις

288 3795 628 3864 αἱτιαμάτων
662 3797 1025 3867 καταδεσμεῖν
1055 3800 1273 3865 αὑτοὺς,
1314 3802 1453 3874 ὑπέρ
1488 3821 1550 3873 γε
1579 3805 1669 3858 τοῦ
1699 3825 1867 3861 κατα-

292 3886 487 3957 στῆσαι
519 3885 803 3957 περιδεεῖς,
827 3887 969 3940 οῦτω
995 3905 1053 3940 τε
1086 3889 1267 3961 ζητεῖν
1298 3893 1440 3965 ἅπερ
1472 3896 1537 3949 ἂν
1572 3896 1869 3967 βούλωνται

289 3980 419 4047 παρ’
445 3977 624 4031 αὐτῶν
657 3976 977 4049 λαμϐάνειν.
1016 3981 1208 4034 Διάλυε
1261 3986 1633 4055 στραγγαλιὰς
1679 3990 1869 4061 βιαίων

289 4069 771 4140 συναλλαγμάτων.
808 4071 1237 4144 Συναλλάγματα
1268 4075 1324 4129 δὲ
1349 4074 1519 4146 βίαια,
1561 4081 1657 4132 καὶ
1698 4083 1767 4135 τὰ
1806 4085 1869 4137 ὲκ

287 4160 699 4247 στραγγαλιᾶς,
752 4162 919 4233 ἤγουν
967 4164 1316 4236 δυστροπίας,
1380 4170 1655 4243 ὲπίμεστά
1689 4191 1868 4247 φαμεν

285 4244 424 4304 εῖναι
465 4253 533 4305 τὰ
582 4254 880 4326 ἐμπορικὰ.
927 4257 1037 4309 Καὶ
1067 4259 1204 4329 πρός
1231 4277 1293 4330 γε
1326 4262 1538 4328 τούτοις
1588 4264 1657 4319 τὰ
1708 4244 1867 4338 ἕτερα

281 4343 390 4397 τῶν
412 4345 765 4417 καλουμένων
815 4347 1015 4402 δόσεων
1045 4368 1104 4404 τε
1171 4354 1264 4406 καὶ
1314 4354 1550 4425 λήψεων,
1607 4357 1642 4412 ἃ
1680 4358 1868 4413 πλεον-

1982 3271 2175 3339 inquit,
2207 3286 2422 3327 onmem
2459 3287 2652 3326 nexum
2685 3271 2978 3341 injustitiaa,
3014 3270 3064 3324 id
3094 3278 3197 3337 est,
3226 3272 3418 3327 omitte
3445 3272 3551 3327 vim

1979 3363 2138 3417 alicui
2167 3363 2363 3419 facere.
2396 3362 2677 3431 lnjustitiaa
2706 3365 2849 3420 enim
2883 3379 3052 3419 nexus
3083 3373 3167 3418 est
3199 3364 3477 3428 violentia,
3502 3373 3558 3420 et

1979 3455 2362 3510 imbecilliores
2391 3455 2666 3521 invadere,
2689 3465 2744 3511 et
2770 3456 2916 3511 velut
2947 3455 3343 3510 inevitabilibus
3369 3456 3555 3511 crimi-

1977 3547 2259 3602 nationnm
2284 3547 2514 3601 vinculis
2536 3546 2726 3617 ligare,
2748 3557 2806 3602 ut
2825 3562 2918 3603 eos
2944 3547 3168 3603 reddant
3193 3548 3427 3617 timidos,
3449 3547 3558 3606 sic-

1983 3653 2088 3708 que
2118 3647 2385 3692 conentur
2411 3640 2479 3693 ab
2510 3638 2641 3703 illis,
2668 3654 2788 3710 qua:
2812 3639 2992 3693 volunt
3024 3641 3288 3709 accipere.
3314 3639 3557 3696 Dissolve

1978 3730 2147 3783 nodos
2175 3729 2532 3784 violentorum
2569 3742 2978 3785 eontractunm.
3005 3731 3327 3786 Contractus
3351 3731 3555 3787 violen-

1980 3829 2094 3882 tos,
2130 3829 2183 3874 et
2224 3819 2394 3874 nodos
2437 3821 2642 3875 szcvitia
2685 3823 2871 3891 plenos
2913 3836 3033 3876 esse
3071 3822 3328 3886 dicimus,
3364 3823 3453 3891 qni
3498 3822 3553 3877 in

1977 3906 2432 3978 negotiationibus
2472 3908 2625 3973 liunt,
2660 3918 2715 3962 et
2757 3909 2811 3963 in
2858 3910 2980 3963 aliis
3024 3924 3143 3978 qua:
3188 3923 3452 3964 vocantur
3493 3910 3549 3965 in

1976 3999 2152 4053 dando
2179 4009 2232 4053 et
2257 3999 2570 4069 accipiendo
2603 4001 2949 4067 commercia,
2980 4016 3099 4069 quae
3125 4009 3360 4069 quaestus
3385 4018 3551 4072 quos-

1975 4091 2095 4145 dam
2153 4091 2377 4155 habent,
2421 4100 2477 4146 et
2524 4105 2617 4147 eos
2679 4093 2849 4160 turpis
2909 4093 3041 4148 lucri
3101 4104 3368 4149 amatores
3428 4110 3549 4152 esse

1975 4192 2226 4254 arguunt,
2257 4184 2346 4252 qui
2378 4198 2441 4239 ea
2478 4183 2653 4238 solent
2682 4198 2864 4254 agere.
2897 4183 2961 4239 Et
2991 4185 3318 4251 confractus,
3350 4186 3545 4256 inquit,

1975 4275 2185 4330 dimitte
2232 4275 2284 4329 in
2335 4274 2686 4342 remissione,
2723 4275 2776 4331 id
2826 4286 2940 4342 est,
2972 4277 3062 4346 qui
3110 4285 3417 4345 atteruntur
3461 4278 3547 4334 vel

1974 4364 2357 4434 tlel‘atigantur,
2390 4365 2471 4420 vel
2503 4381 2569 4421 ex
2593 4383 2731 4421 nexu
2763 4366 3063 4436 injustitiae,
3094 4368 3175 4423 vel
3205 4384 3272 4424 ex
3298 4370 3545 4427 violentis

282 4436 488 4507 ασμούς
517 4456 667 4502 τινας
713 4440 846 4511 ἔχει,
894 4443 987 4495 καὶ
1010 4442 1313 4514 λημμάτων
1360 4447 1600 4519 αἰσχρῶν
1634 4450 1868 4521 ἐραστὰς

1978 4458 2364 4517 contractibus.
2391 4458 2611 4514 Dimitte
2639 4459 2690 4513 itt
2718 4459 3055 4524 remissione,
3078 4462 3130 4515 id
3158 4471 3260 4528 est,
3284 4463 3352 4518 ab
3378 4480 3545 4536 angu-

279 4526 627 4584 ἀποδείκνυσι
647 4531 774 4595 τοὺς
794 4533 932 4586 αὑτά
951 4534 1084 4605 δρᾷν
1102 4536 1379 4601 εἰωθότας.
1400 4540 1510 4591 Καὶ
1528 4540 1865 4613 τεθραυσμέο

280 4633 404 4682 νους
431 4617 508 4683 δὲ,
536 4622 720 4691 φησιν,
745 4622 1068 4679 ἀπόστειλον
1098 4628 1155 4679 ὲν
1177 4626 1388 4696 ἀφέσει,
1423 4629 1688 4697 τουτέστι,
1738 4634 1865 4697 τοὺς

281 4705 653 4777 ὑπομένοντας
697 4714 1026 4787 συντριδὴν,
1067 4717 1100 4787 ἢ
1141 4717 1411 4787 κάματον,
1446 4721 1478 4794 ἢ
1516 4723 1581 4776 ὲκ
1615 4721 1706 4776 τοῦ
1737 4741 1863 4777 συν-

277 4796 475 4868 δέσμου
506 4801 608 4870 τῆς
655 4803 892 4871 ἀδικίας,
951 4808 1120 4876 ἤγουν
1176 4811 1241 4864 ὲκ
1288 4811 1396 4865 τῶν
1437 4812 1627 4884 βιαίων
1671 4817 1862 4869 συναλ-

276 4886 598 4960 λαγμάτων.
648 4894 942 4951 ’Λπόλυσον
969 4901 1027 4952 ὲν
1054 4901 1269 4971 ἀφέσει,
1308 4906 1604 4973 τουτέστιν,
1646 4908 1861 4963 ἐλευθέ-

276 4997 453 5072 ρωσον
501 4983 602 5054 τῆς
661 4987 1048 5061 ὲπενεχθείσης
1107 4996 1466 5067 στενοχωρίας
1493 5015 1505 5028 ·
1572 5000 1863 5072 ἐπίτρεψον

274 5071 575 5142 κάμνουσιν
610 5077 929 5133 ἀναπαῦσαι
963 5081 1151 5137 λοιπόν
1173 5128 1190 5145 ,
1226 5088 1440 5141 Διάσπα
1477 5088 1530 5141 δὲ
1561 5091 1657 5144 καὶ
1682 5071 1861 5146 πᾶσαν

274 5160 458 5217 ἄδικον
489 5171 812 5241 συγγραφήν
831 5188 844 5202 ο
890 5171 966 5236 ὥς
1010 5193 1073 5243 γε
1096 5172 1271 5247 οἶμαι,
1300 5180 1366 5234 τὰ
1395 5181 1503 5234 τῶν
1534 5184 1854 5248 τοκιζόντων

274 5257 632 5324 γραμματεῖά
657 5275 843 5328 φησιν,
887 5266 1251 5334 συνταχθέντα
1284 5268 1542 5334 πολλάκις
1573 5272 1694 5325 οὐδὲ
1731 5274 1853 5326 ἑπι-

272 5341 416 5396 δὸσει
442 5349 738 5418 χρημάτων
768 5353 1060 5420 τοσούτων,
1095 5357 1348 5429 ὅσωνπερ
1381 5361 1559 5417 ὠδίνει
1595 5362 1791 5434 μέτρον
1816 5368 1851 5438 ἡ

274 5441 583 5529 συγγραφή.
644 5442 812 5497 Ὅταν
861 5445 919 5501 δὲ
976 5448 1182 5504 τούτων
1236 5453 1473 5527 ἀπόσχῃ,
1509 5457 1673 5529 φησὶ,
1731 5460 1851 5513 τότε

272 5528 550 5595 προστίθει
584 5531 644 5586 τὸ
671 5533 876 5591 λεῖπον.
916 5539 1073 5593 Ἔστι
1093 5541 1149 5595 δὲ
1180 5541 1338 5598 τοῦτο
1370 5552 1739 5619 καρποφορεῖν
1775 5550 1851 5623 τῷ

350 5704 392 5735 ³³
414 5707 547 5764 Gen.
579 5726 651 5775 tv,
688 5711 771 5768 10.
848 5713 892 5746 ³⁷
927 5713 1067 5773 Psal.
1106 5734 1228 5789 uv,
1263 5721 1348 5779 10.
1420 5723 1470 5798 ,³⁸
1501 5723 1516 5777 l
1559 5723 1696 5779 Tim.
1727 5741 1764 5792 t,
1790 5726 1842 5780 5.

1970 4548 2089 4601 stiis
2135 4548 2186 4602 in
2233 4564 2368 4619 quas
2411 4549 2643 4619 conjecti
2687 4563 2810 4606 sunt
2850 4552 3041 4608 libera.
3075 4554 3240 4625 817
3281 4553 3545 4611 Permitte

1970 4638 2127 4694 lassis
2186 4651 2244 4693 ut
2291 4641 2543 4712 deinceps
2595 4645 2881 4712 respirent.
2937 4662 2957 4698 ι
3020 4646 3323 4701 Conscinde
3377 4648 3541 4702 etiam

1967 4745 2181 4785 omnem
2228 4732 2478 4800 injustam
2528 4737 2889 4806 syngrapham
2928 4755 2944 4791 :
2986 4757 3004 4789 ι
3048 4747 3105 4790 ut
3138 4739 3351 4808 opinor,
3394 4738 3538 4793 lene-

1970 4825 2200 4877 rantittm
2238 4825 2446 4883 libellos
2482 4830 2642 4892 dicit,
2670 4844 2811 4899 smpe
2848 4832 3178 4898 compositos
3211 4847 3541 4885 coacervan-

1967 4916 2152 4970 tlarum
2205 4921 2553 4987 pecuniarum
2608 4936 2803 4988 causa,
2840 4912 2975 4993 quas
3023 4924 3165 4992 parit
3207 4925 3532 4995 syngrapha.

1964 5004 2097 5058 Cum
2143 5021 2304 5070 vero,
2345 5009 2553 5079 inquit,
2589 5012 2656 5066 ab
2704 5012 2790 5066 his
2841 5013 3200 5077 abstinueris,
3238 5024 3347 5069 tum
3392 5016 3536 5084 quod

1964 5095 2116 5151 deest
2149 5113 2376 5168 appone,
2408 5101 2684 5170 nimirum,
2718 5114 2775 5158 ut
2808 5105 3017 5160 fructus
3049 5106 3219 5161 bonos
3253 5106 3533 5161 charitatis

1957 5201 2082 5255 erga
2109 5190 2409 5256 proximum
2433 5193 2707 5261 praeferas.
2728 5194 3189 5266 Complemeutttm
3211 5197 3354 5250 enim
3403 5196 3533 5268 legis

1959 5279 2218 5348 rbaritas,
2245 5280 2397 5351 juxta
2443 5283 2492 5338 id
2533 5286 2676 5354 quod
2722 5289 2980 5359 scriptum
3025 5299 3111 5345 est
3136 5289 3200 5341 ³³.
3238 5290 3533 5346 Charitatis

1960 5385 2090 5425 vero
2136 5370 2375 5442 impletin
2420 5391 2545 5446 erga
2586 5377 2879 5435 lratreset
2917 5380 3100 5437 emisse
3152 5381 3533 5438 misericordia

1959 5475 2078 5530 qua:
2111 5464 2250 5532 apud
2281 5461 2450 5518 Deum
2489 5467 2541 5520 in
2579 5468 2752 5536 pretio
2788 5470 2967 5524 habita
3002 5483 3105 5538 est,
3141 5473 3531 5528 demonstratio

1960 5562 2041 5606 est
2095 5569 2108 5605 :
2164 5555 2421 5609 esurienti
2481 5570 2672 5625 panem
2733 5557 3015 5629 frangere,
3064 5573 3331 5633 pauperes
3388 5570 3531 5620 tecto
