4092 6296
539 343 679 406 198³1

1538 334 1596 389 S.
1639 328 1920 387 CYRILLI
1959 326 2434 384 ALEXANDRINI
2471 323 2791 383 ARCHlEP.

3685 314 3839 372 £288

539 467 785 516 carentes
825 457 879 512 in
922 456 1137 513 domum
1180 451 1560 517 intromittere,
1592 456 1650 503 et
1690 447 1864 502 nudos
1895 443 2120 510 vestire,

2240 445 2396 508 πέλας
2443 443 2512 499 τὰ
2546 440 2607 506 ἐξ
2651 440 2873 509 ἀγάπης
2924 434 3126 505 ἀγαθά.
3180 433 3467 504 Πλήρωμα
3513 430 3623 502 γάρ
3653 408 3835 494 νόμου

537 560 593 609 et
636 552 963 607 domesticos
1006 548 1252 611 seminis,
1294 545 1347 600 id
1395 555 1499 613 est,
1545 555 1740 613 genere
1784 540 2122 611 coniunctos,

542 640 912 697 misericordia
961 648 1144 703 tanta,
1185 648 1387 706 quanta
1436 636 1570 691 satis
1615 642 1701 690 est
1746 630 2031 702 prosequi,
2071 635 2126 684 et

545 732 835 801 voluptatis
864 745 894 785 a
921 730 1033 786 Deo
1065 731 1203 784 datae
1228 727 1638 797 amplitudinem
1682 723 1790 778 illis
1835 719 2126 791 impartiri.

544 825 781 878 Observa
811 831 1014 889 autem,
1039 836 1145 874 non
1175 820 1312 874 idem
1339 835 1480 884 esse,
1511 833 1540 872 a
1568 815 1728 872 malis
1754 813 2048 875 abstinere,
2073 819 2130 866 et

544 917 740 969 bonum
770 913 1006 982 operari.
1032 909 1145 966 Nec
1190 912 1323 966 satis
1363 912 1467 964 erit
1504 907 1728 981 gloriari
1762 904 1901 975 apud
1935 903 2128 970 Deum,

543 1022 650 1061 non
684 1015 898 1075 patrare
928 1003 1151 1067 malum,
1179 1003 1273 1058 sed
1301 1001 1523 1057 omnino
1550 998 1794 1069 sequitur
1844 1004 1907 1051 ut
1931 995 2129 1050 bonum

544 1111 680 1165 onus
714 1097 1057 1166 exsequeris,
1086 1105 1140 1149 et
1166 1094 1385 1164 pietatis
1413 1092 1593 1148 studia
1623 1087 1968 1160 amplexeris.
1995 1084 2129 1139 Nam

545 1190 838 1245 dissolvere
861 1190 1030 1243 nodos
1048 1187 1404 1243 violentorum
1427 1194 1827 1247 contractuum,
1845 1188 1897 1235 et
1916 1191 2130 1234 omnem

545 1294 742 1338 nexum
776 1280 1073 1350 iniustitiae,
1107 1292 1172 1332 ac
1209 1292 1425 1333 omnem
1469 1275 1830 1348 syngrapham
1872 1270 2130 1326 consciu-

545 1366 700 1434 dere,
755 1367 899 1422 aliud
928 1365 1061 1420 nihil
1092 1375 1196 1432 est,
1224 1378 1385 1432 quam
1416 1360 1754 1417 solummodo
1781 1372 1813 1411 a
1842 1356 2134 1410 vitiositate

547 1456 1029 1525 discedere.’Atqui
1054 1456 1337 1511 charitatis
1360 1453 1535 1509 cilicia
1565 1450 1806 1520 explere,
1833 1443 2130 1515 frangendo

546 1563 742 1618 panem
772 1548 1052 1612 esurienti,
1082 1563 1345 1617 pauperes
1386 1555 1530 1600 tecto
1569 1552 1823 1599 carentes
1852 1537 2129 1595 intromit-

551 1649 666 1693 tere
702 1639 755 1692 in
797 1639 961 1705 (edes,
990 1639 1165 1693 nudos
1206 1638 1424 1703 vestire,
1455 1644 1510 1691 et
1546 1633 1875 1690 domesticos
1911 1627 2138 1685 seminis

549 1746 658 1785 non
690 1739 1041 1785 contemnere
1084 1746 1099 1783 :
1144 1729 1469 1797 optimarum
1497 1726 1756 1779 virtutum
1788 1720 2133 1776 manifestam

2226 536 2438 608 ἀγάπη,
2458 535 2602 590 κατά
2631 533 2693 588 τὸ
2721 527 3131 603 γεγραμμένον.
3166 525 3414 594 Ἀγάπης
3446 523 3504 576 δὲ
3535 523 3828 593 πλήρωσις

2224 635 2325 703 τῆς
2353 633 2434 695 εἰς
2482 628 2765 697 ἀδελφοὺς,
2792 625 2886 679 καὶ
2930 619 3341 690 εὐσπλαγχνίας
3388 615 3672 703 ἀπόδειξις
3723 615 3831 684 τῆς

2226 702 2597 792 τετιμημένης
2620 716 2768 787 παρά
2787 711 2926 783 Θεῷ,
2949 711 3009 764 τὸ
3040 708 3295 764 πεινῶντι
3328 707 3427 776 μὲν
3466 702 3587 758 διαθ
3598 703 3837 774 ρύπτειν

2227 814 2320 867 τὸν
2351 813 2537 884 ἀρτον,
2572 807 2826 878 πτωχοὺς
2869 805 2925 859 δὲ
2958 802 3222 870 ἀστέγους
3277 796 3701 851 είσοικίσασθαι.
3734 797 3828 848 καὶ

2228 899 2469 971 γυμνοὺς
2491 896 2778 969 ἀμφιέσαι,
2814 894 2910 947 καὶ
2940 893 3055 954 τοῖς
3092 888 3314 952 οἰκείοις
3336 887 3429 941 τοῦ
3465 887 3783 956 σπέρματος
3809 925 3830 949 ,

2227 990 2495 1052 τουτέστι,
2518 992 2628 1052 τοῖς
2652 991 2716 1042 ὲκ
2746 988 2956 1056 γένους,
2973 982 3072 1055 τὴν
3095 981 3391 1052 ἀρκοῦσαν,
3419 974 3597 1049 οἶμαι,
3618 976 3830 1046 φειδῶ,

2232 1080 2567 1157 [ἀπονεῖμαι]
2610 1080 2704 1134 καὶ
2745 1074 3073 1149 μερίσασθαι
3105 1073 3241 1143 πρὸς
3281 1072 3476 1133 αὐτοὺς
3515 1070 3620 1141 τῆς
3673 1069 3832 1140 παρά

2231 1176 2367 1231 Θεοῦ
2394 1176 2641 1245 δοθείσης
2660 1171 2915 1242 εὐθηνίας
2937 1169 3000 1222 τὸ
3024 1166 3244 1229 πλάτος.
3262 1165 3628 1235 Ἐπιτήρησον
3654 1163 3831 1221 δὲ.ὅτι

2232 1270 2293 1322 οὐ
2317 1267 2512 1322 ταυτόν
2536 1266 2653 1318 ἐστι
2677 1264 2737 1316 τὸ
2758 1260 3091 1331 ἀποσχέσθαι
3110 1256 3296 1311 κακῶν
3307 1255 3743 1325 τῷὲργάσαεθαι
3766 1253 3833 1305 τὸ

2233 1358 2456 1428 ἀγαθόν.
2484 1355 2607 1411 Οὐδ’
2646 1355 2713 1409 ἀν
2740 1351 2993 1425 ἀρκέσειέ
3021 1366 3167 1404 τισιν
3191 1350 3269 1412 είς
3295 1347 3556 1417 καύχημα
3591 1347 3651 1398 τὸ
3673 1346 3833 1416 παρά

2234 1449 2354 1522 Θεῷ
2377 1451 2438 1503 τὸ
2467 1450 2542 1520 μὴ
2568 1447 2768 1518 δρᾶσαι
2800 1443 2863 1499 τὸ
2898 1443 3123 1512 φαῦλον,
3156 1440 3270 1494 ἀλλ’
3286 1438 3514 1493 ἕπεσθαι
3536 1438 3617 1490 δεῖ
3643 1436 3828 1505 πάντη

2234 1561 2295 1598 τε
2307 1544 2400 1598 καὶ
2413 1543 2650 1604 πάντως,
2670 1538 2765 1592 zeal.
2777 1537 2838 1591 τὸ
2848 1538 3047 1609 χρῆναι
3061 1532 3300 1605 πληροῦν
3317 1531 3413 1601 τὴν
3428 1529 3830 1601 ἀγαθουργίαν,

2238 1638 2334 1693 καὶ
2366 1633 2688 1705 ἀντέχεσθαι
2713 1630 2822 1683 τῶν
2846 1630 2927 1690 είς
2958 1622 3238 1681 εὐσέϐειαν
3265 1621 3727 1691 σπουδασμάτων.
3756 1619 3833 1672 Τὸ

2246 1729 2343 1801 μὲν
2376 1727 2483 1796 γάρ
2526 1722 2763 1778 διαλύειν
2803 1716 3174 1791 στραγγαλιάς
3207 1716 3397 1786 βιαίων
3440 1711 3832 1780 συναλλαγμε-

551 1821 751 1877 habent
780 1820 1319 1875 demonstrationem.
1348 1818 1532 1889 Itaque
1560 1824 1717 1872 vetus
1754 1814 1840 1869 lex
1892 1812 2138 1881 paedago-

2240 1836 2366 1885 των,
2404 1820 2497 1872 κοιλ⁵
2527 1817 2704 1870 πάντα
2739 1811 3035 1879 σύνδεσμον
3066 1809 3301 1874 ἀδικίας,
3344 1806 3438 1860 καὶ
3468 1806 3653 1858 πᾶσαν
3698 1819 3831 1868 συγ-

550 1951 649 2006 gus
679 1936 745 1989 ad
775 1934 1072 2000 Christum,
1103 1932 1207 1989 illis
1249 1947 1313 1989 ea
1357 1939 1678 2002 tempestate
1703 1927 1830 1983 boni
1864 1925 2138 1994 impletio-

552 2041 672 2080 nem
706 2040 810 2079 non
842 2024 1086 2090 adduxit,
1113 2023 1209 2078 sed
1238 2038 1267 2076 a
1293 2022 1440 2077 vitiis
1467 2021 1651 2076 docuit
1682 2018 1960 2074 recedere.
1994 2015 2131 2070 Nam

550 2117 682 2171 illud
703 2115 772 2182 ⁸⁸,
801 2115 915 2171 Νοιι
945 2116 1184 2178 occides,
1211 2112 1330 2168 Non
1377 2110 1737 2174 adulterabis,
1769 2108 1885 2163 Non
1927 2103 2139 2177 peiera-

550 2211 659 2272 bis,
690 2210 935 2263 eamdem
981 2206 1182 2261 habent
1222 2204 1353 2258 vim.
1384 2204 1455 2258 At
1497 2202 1639 2272 quod
1684 2199 1987 2272 perfectum
2031 2205 2137 2262 est,

551 2300 837 2367 onmisque
877 2298 1002 2354 boni
1046 2296 1308 2366 impletio,
1337 2295 1535 2351 Christi
1565 2290 1838 2347 vaticiniis
1865 2296 2139 2352 servatur,

551 2405 619 2445 ex
649 2391 841 2458 quibus
873 2389 1179 2455 didicimus,
1206 2387 1491 2443 charitatis
1532 2384 1587 2440 in
1631 2384 1803 2440 Deum
1846 2389 1903 2437 et
1943 2377 2144 2434 fratres

552 2483 721 2538 oﬂicia
747 2483 992 2552 exsequi.
1312 2516 1313 2519 η

552 2578 582 2630 ὁ
610 2575 777 2630 πάλαι
808 2577 994 2659 γέμος,
1046 2572 1391 2643 παιδαγωγὸς
1422 2572 1685 2643 ὑπάρχων
1710 2570 1803 2623 ἐπὶ
1839 2567 2096 2641 Χριστὸν,
2118 2582 2147 2618 o

2240 1910 2457 1984 γραφὴν
2516 1908 2704 1963 ἄδικον
2760 1904 3014 1973 διασπᾷν,
3062 1899 3214 1954 οὐδὲν
3272 1898 3459 1968 ἕτερόν
3491 1897 3633 1959 ἐστι,
3688 1894 3831 1962 πλὴν

2240 2005 2323 2058 δτι
2356 2002 2515 2074 μόνον
2537 1997 2901 2069 ἀπφοιτῆσαι
2931 1993 3284 2062 φαυλότητος.
3304 1990 3379 2042 Τό
3397 2006 3456 2058 γε
3478 1988 3586 2057 μὴν
3610 1985 3831 2039 ἑλέσθαι

2240 2096 2311 2150 τὰ
2357 2095 2458 2165 τῆς
2501 2093 2722 2161 ἀγάπης
2776 2089 2914 2160 ἔργα
2974 2083 3214 2155 πληροῦν
3253 2082 3341 2136 διά
3388 2080 3484 2134 τοῦ
3530 2078 3831 2149 διαθρύψαι

2243 2187 2500 2242 πεινῶντι
2517 2184 2607 2237 τὸν
2631 2182 2815 2253 ἄρτον,
2848 2179 2940 2232 καί
2966 2176 3212 2246 πτωχοὺς
3242 2171 3505 2239 ἀστέγους
3529 2167 3833 2225 είσοικίσα-

2245 2281 2389 2348 σθαι,
2422 2278 2517 2333 καὶ
2547 2275 2789 2347 γυμνοὺς
2818 2270 3152 2342 περιϐαλεῖν,
3190 2265 3286 2320 καὶ
3338 2262 3497 2335 μὴῖν]
3532 2259 3833 2332 ἀνέχεσθαί

2243 2388 2397 2434 τινας
2418 2368 2528 2422 τῶν
2546 2368 2610 2420 ὲκ
2634 2364 2741 2417 τῶν
2768 2360 2984 2415 οἰκείων
2999 2356 3093 2411 τοῦ
3118 2352 3568 2424 σπέρματος,τῶν
3594 2351 3835 2420 ἀρίστων

2247 2458 2756 2537 ἀνδραγαθημάτων
2791 2449 3066 2516 ἀπόδειξιν
3097 2447 3210 2518 ἔχει
3241 2444 3406 2514 σαφῆ.
3425 2441 3525 2496 Διά
3558 2441 3723 2494 τοῦτο
3740 2440 3838 2493 καὶ
3866 2483 3883 2500 ,

2150 2564 2179 2618 ὐ
2218 2560 2318 2631 τὴν
2350 2532 2578 2625 ⁷ἀγαθοῦ
2613 2548 2894 2618 πλήρωσιν
2935 2540 3283 2610 είσκεκόμικε
3311 2538 3423 2599 τοῖς
3453 2533 3515 2587 τὸ
3539 2532 3838 2604 τηνικάδε,

554 2627 1157 2738 ἐδίδασκενθδὲήμᾶλλον
1191 2627 2003 2736 φαυλότητος.προαποφοιτᾷν.
2040 2627 2116 2713 Ti)
2152 2627 2286 2726 γὰρ,
2311 2650 2387 2705 Οὐ
2429 2645 2730 2721 φονεύσεις,
2769 2639 2844 2738 Ol?
2882 2635 3198 2738 μοιχξξΰσειι
3220 2674 3236 2697 ν
3301 2629 3416 2738 "Et,"
3448 2627 3834 2738 ξπξορξῆσειςξ

551 2757 757 2828 ταύτην
804 2755 915 2828 ἔχει
963 2756 1061 2827 τὴν
1130 2755 1379 2826 δύναμιν.
1414 2754 1694 2825 Τετήρητο
1740 2752 1797 2805 δὲ
1828 2753 1890 2806 τὸ
1937 2751 2160 2816 τέλειον,
2217 2744 2312 2800 καὶ
2353 2744 2388 2810 ἡ

2463 2735 2662 2798 παντὸς
2704 2727 2911 2803 ἀγαθοῦ
2974 2726 3252 2797 πλήρωσις
3291 2724 3406 2785 τοῖς
3459 2719 3551 2774 διά
3596 2719 3837 2791 Χρισωό

555 2815 887 2918 θεσπίσμαδι
908 2890 922 2916 ,
964 2815 1096 2918 παρ’
1139 2836 1213 2900 ὧν
1248 2815 1526 2918 ἐμάθομεν
1663 2843 1761 2913 τῆς
1782 2845 1861 2908 είς
1883 2841 2015 2897 Θεόν
2042 2859 2102 2899 τε
2148 2815 2250 2893 καὶ
2288 2830 2547 2903 ἀδελφοὺς
2576 2824 2797 2897 ἀγάπης
2819 2821 2956 2895 ἔργα
2981 2815 3242 2889 πληροῦν·

1056 2980 1227 3053 818
1269 2981 1508 3039 TOMUS
1527 2982 1622 3040 IV.

2856 2957 3093 3012 ΤΟΜΟΣ
3129 2955 3205 3007 Δ’.

559 3220 605 3265 et
633 3209 887 3264 sanitates
914 3218 1018 3262 tum
1042 3209 1143 3262 cita
1173 3182 1433 3271 orientur,
1458 3217 1505 3260 et
1533 3208 1743 3274 prwibit
1777 3207 1831 3260 in
1861 3214 2140 3275 conspectu

2247 3190 2463 3262 ιάματά
2508 3206 2627 3245 σου
2677 3186 2829 3256 ταχὺ
2879 3182 3178 3250 ἀνατελεῖ,
3220 3183 3318 3236 καί
3359 3182 3843 3250 προπορεύσεται

561 3312 652 3356 tuo
707 3299 925 3369 justitia
954 3308 1066 3361 tua,
1108 3309 1154 3353 et
1180 3299 1348 3370 gloria
1391 3297 1487 3352 Dei
1514 3298 1858 3352 circumdabit
1895 3307 1961 3352 te.
1999 3296 2144 3351 Tunc

560 3394 815 3449 clamabis
844 3434 859 3457 ,
899 3404 950 3446 et
1007 3391 1148 3446 Deus
1190 3392 1432 3446 exaudiet
1472 3400 1541 3446 te.
1591 3392 1778 3445 Adhuc
1815 3390 2054 3461 loquente
2094 3398 2146 3445 te

564 3486 697 3537 dicet
730 3499 750 3538 :
791 3482 929 3536 Ecce
965 3482 1173 3535 adsum.

636 3657 693 3712 Si
722 3670 876 3726 pure,
908 3654 1101 3724 inquit,
1126 3652 1480 3724 jejunaveris,
1508 3664 1561 3709 et
1587 3656 1866 3709 abstersas
1891 3668 1954 3709 ac
1984 3668 2143 3708 mun-

565 3751 662 3806 das
707 3749 1016 3803 ostenderis
1046 3762 1241 3802 manus
1273 3746 1422 3812 Deo,
1482 3758 1830 3815 mentemque
1892 3747 2147 3802 omnibus

563 3840 852 3895 liberatam
880 3839 1168 3903 sordibus,
1208 3837 1465 3891 nimirum
1505 3837 1726 3907 quando
1775 3837 2145 3908 supersederis

563 3933 784 4002 pulsare
838 3929 1033 3999 pugnis
1082 3927 1346 3983 humilem
1378 3966 1393 3992 ,
1460 3934 1515 3982 et
1547 3926 1787 3996 atlligere
1834 3926 2144 3996 subjectos,

561 4023 769 4093 judicio
806 4030 861 4075 et
890 4020 1105 4091 pugnis,
1136 4027 1191 4074 et
1214 4019 1437 4089 obsequi
1487 4026 1592 4072 tute
1654 4017 1920 4073 voluntati
1982 4026 2148 4088 atque

567 4114 778 4172 libidini
813 4129 831 4183 ;
863 4113 1076 4183 quando
1120 4110 1353 4181 fregeris
1389 4109 1650 4189 esurienti
1681 4122 1873 4178 panem
1895 4147 1910 4175 ,
1943 4112 2145 4161 nudum

569 4205 896 4278 operueris,
962 4217 1231 4274 pauperes
1295 4212 1438 4257 teeto
1493 4209 1741 4255 carentes
1811 4199 1865 4254 in
1926 4200 2146 4255 domum

567 4310 715 4353 tuam
765 4295 1176 4350 introduxeris:
1215 4302 1344 4349 tunc
1396 4302 1644 4362 erumpet
1689 4292 2013 4346 matutinum
2062 4290 2147 4345 lu-

569 4407 689 4445 men
731 4399 901 4442 tuum.
937 4387 1226 4440 Maximam
1267 4384 1428 4438 habet
1455 4383 1755 4452 emphasim
1811 4383 1924 4436 haec
1945 4382 2141 4438 oratio.

2245 3283 2588 3355 ἔμπροσθέν
2624 3297 2740 3337 σου
2783 3280 2822 3348 ἡ
2872 3278 3229 3339 δικαιοσύνη
3274 3291 3413 3338 σου,
3461 3275 3564 3329 καί
3608 3275 3647 3340 ἡ
3690 3272 3843 3336 δόξα

2243 3375 2354 3430 τοῦ
2384 3374 2533 3429 Θεοῦ
2560 3369 2905 3440 περιστελθῖ
2918 3386 3011 3423 σε.
3041 3369 3177 3421 Τότε
3204 3361 3601 3432 βοήσεις,.καὶ
3634 3364 3668 3416 ὁ
3694 3363 3843 3426 Θεὸς

2246 3461 2669 3519 εἰσακούσεταί
2695 3460 2966 3515 σου.Ἕτι
2992 3453 3333 3519 λαλοῦντός
3361 3467 3477 3506 σου
3512 3449 3657 3519 ἐρεῖν
3691 3448 3842 3503 Ἰδοὺ

2247 3555 2508 3624 πάρειμι.

2317 3648 2382 3701 Et
2413 3643 2692 3721 καθαρῶς,
2715 3642 2870 3712 φησὶ,
2898 3637 3274 3711 νηστεὺσειας,
3303 3634 3396 3689 καὶ
3419 3628 3849 3701 διεσμηγμένας

2244 3737 2346 3800 τὰς
2385 3738 2575 3807 χεῖρας
2607 3726 2945 3799 ἀποδείξειας
2981 3729 3059 3801 τῷ
3100 3727 3238 3799 Θεῷ,
3275 3725 3369 3779 καὶ
3414 3724 3581 3799 ῥύπου
3633 3723 3845 3787 παντὸς

2247 3826 2663 3899 ἀπηλλαγμένον
2705 3824 2796 3879 τὸν
2844 3822 2988 3887 νοῦν,
3023 3821 3192 3893 ἤγουν
3235 3820 3361 3873 ὅταν
3406 3816 3712 3888 ἀποσμήχῃ
3746 3815 3846 3869 τοῦ

2247 3920 2573 3975 καταπαίειν
2616 3916 2862 3987 πυγμαῖς
2904 3912 3179 3975 ταπεινὸν,
3223 3912 3315 3965 κιιῆ¹
3365 3907 3696 3962 ὐπονύσσειν
3744 3908 3847 3977 μὲν

2247 4012 2373 4075 τοὺς
2421 4009 2765 4081 ὑποχειρίους
2807 4007 2887 4070 είς
2932 4006 3114 4078 κρίσιν
3167 4004 3261 4058 καὶ
3296 4003 3496 4073 μάχας,
3525 3999 3763 4053 ἔπεσθαι
3788 3997 3844 4051 δὲ

2248 4107 2360 4168 τοῖς
2393 4101 2560 4158 αὐτοῦ
2593 4100 2706 4173 [γρ.
2738 4098 2859 4172 σοῦ]
2888 4098 3160 4171 θελήμασι
3208 4097 3300 4150 καὶ
3329 4092 3688 4164 φιληδονίαις.
3716 4093 3845 4146 ὅταν

2247 4194 2550 4268 διαθρύψας
2598 4190 2850 4247 πεινῶντι
2894 4190 2984 4244 τὸν
3034 4190 3236 4262 ἄρτον,
3289 4186 3497 4258 γυμνὸν
3541 4185 3842 4257 ageam,

2252 4288 2501 4359 πτωχοὺς
2539 4286 2800 4356 ἀστέγους
2830 4283 3133 4354 είσαγάγῃς
3163 4283 3242 4346 είς
3273 4280 3364 4333 τὸν
3388 4273 3540 4336 οἶκόν
3583 4293 3703 4332 σου·
3728 4279 3845 4330 τότε

2254 4381 2550 4452 ῥαγήσεται
2588 4376 2837 4449 πρώίμον
2864 4375 2926 4429 τὸ
2959 4375 3074 4445 φῶς
3103 4372 3511 4442 σου.Ἔμφασιν
3543 4370 3661 4442 ἔχει
3698 4369 3846 4421 πλεί-

565 4481 682 4536 Νυιι
735 4479 877 4532 enim
938 4477 1075 4530 dixit
1124 4474 1446 4544 simpliciter
1495 4472 1766 4529 :Dabitur
1812 4472 1907 4527 tibi
1969 4487 1999 4526 a
2038 4472 2140 4526 Deo

2253 4488 2383 4543 στην
2415 4472 2544 4542 ὅσην
2568 4473 2596 4525 ὁ
2621 4470 2796 4540 λόγος.
2830 4469 2904 4522 Οὐ
2931 4467 3038 4539 γὰρ
3069 4465 3256 4529 ἀπλῶς
3284 4464 3410 4536 ἔφη,
3434 4462 3738 4534 Δοθήσεταί
3766 4478 3846 4516 σοι

568 4573 748 4623 lumen
784 4586 796 4621 :
830 4567 930 4620 sed
973 4574 1219 4634 erumpet
1257 4564 1434 4634 potius
1482 4563 1656 4619 instar
1692 4562 1922 4631 fulguris
1966 4561 2148 4632 cujus-

571 4666 717 4730 dam,
754 4678 874 4716 cum
908 4660 1111 4730 impetu
1147 4669 1200 4714 et
1238 4676 1401 4714 cursu
1467 4659 1763 4714 demissum
1815 4672 1845 4710 a
1904 4654 2051 4710 Deo:
2084 4671 2150 4710 ex

573 4773 681 4827 quo
728 4755 1016 4826 perspicue
1049 4761 1388 4807 monstratur
1432 4747 1833 4820 suppeditantis
1887 4746 2153 4816 prompti-

576 4846 705 4901 tudo
729 4854 783 4900 et
808 4845 986 4898 alacre
1017 4842 1278 4899 studium.
1313 4840 1447 4896 Cum
1485 4838 1807 4893 matutinum
1849 4836 2000 4902 dicit,
2027 4844 2151 4889 ante

573 4951 785 5008 tempus
823 4937 1179 4989 adventuram
1208 4932 1386 4986 docet.
1451 4928 1609 4985 Novit
1653 4929 1827 4989 enim,
1870 4927 2023 4982 novit
2068 4939 2149 4981 re.

571 5048 693 5087 rum
738 5037 1047 5085 nostrarum
1107 5034 1291 5080 custos
1324 5022 1494 5087 Deus,
1555 5020 1916 5090 spiritualium
1977 5020 2147 5073 bono-

572 5138 693 5180 rum
727 5122 973 5192 largitor,
1004 5115 1459 5188 opportunitatem
1488 5100 1869 5167 munificentiae
1891 5127 2006 5166 sua:
2033 5113 2145 5167 sin-

580 5216 690 5287 guli
723 5211 1209 5268 accommodatam.
1235 5206 1343 5262 Sed
1375 5207 1420 5261 si
1452 5204 1575 5275 quis
1598 5204 1862 5260 honestus
1886 5212 1943 5259 et
1976 5205 2149 5260 bonus

572 5312 667 5374 sit,
714 5317 767 5361 et
798 5304 1112 5360 misericors
1163 5310 1426 5371 praterea
1482 5307 1538 5352 et
1591 5296 1745 5352 freno
1789 5297 2093 5366 obsequens
2130 5314 2143 5350 :

573 5399 700 5454 huic
735 5399 902 5453 etiam
960 5391 1223 5450 matutina
1272 5392 1339 5446 ah
1371 5404 1438 5446 eo
1475 5389 1747 5444 dabuntur
1791 5387 2034 5457 praemia,
2093 5397 2151 5440 ut

574 5491 746 5544 instar
789 5490 1066 5559 spicarum
1119 5484 1438 5541 exoriantur
1490 5483 1544 5537 in
1615 5496 1681 5537 eo
1711 5482 1979 5535 sanitates
2010 5480 2147 5548 ejus,

575 5581 629 5640 id
661 5594 767 5643 est.
797 5583 977 5638 omnis
1004 5578 1336 5636 inﬁrmitatis
1363 5576 1632 5648 depulsio,
1694 5584 1747 5629 et
1800 5587 1982 5629 rerum
2035 5586 2151 5626 me-

651 5761 696 5798 "
730 5756 900 5815 Exod.
936 5773 1026 5825 xx,
1053 5758 1119 5815 i3
1155 5771 1273 5826 sqq.

2249 4562 2404 4636 παρά
2424 4560 2558 4615 Θεοῦ
2591 4561 2651 4615 τὸ
2685 4560 2823 4630 φῶς,
2848 4560 3146 4631 ῥαγήσεται
3168 4557 3225 4611 δὲ
3257 4556 3481 4627 μᾶλλον,
3507 4549 3621 4609 οἷον
3646 4556 3845 4624 ἀστραο

2252 4656 2360 4727 πῆς
2409 4671 2554 4718 τινος
2597 4652 2773 4722 δίκην,
2807 4652 2903 4707 σὺν
2950 4651 3093 4721 ὁρμῇ
3144 4649 3239 4702 καὶ
3286 4647 3474 4717 δρόμῳ
3520 4644 3845 4714 καθιέμενον

2253 4746 2405 4818 παρὰ
2435 4743 2591 4812 Θεοῦ,
2627 4744 2692 4798 δι’
2718 4738 2778 4797 οὗ
2809 4741 3172 4797 διαδείκνυται
3201 4736 3387 4808 σαφῶς
3419 4736 3514 4791 τοῦ
3549 4735 3843 4807 χορηγοῦν-

2253 4857 2346 4904 τος
2388 4840 2421 4910 ή
2477 4837 2778 4910 προθυμία.
2819 4834 3079 4907 Πρώῖμον
3127 4834 3183 4889 δὲ
3231 4832 3425 4907 λέγων,
3458 4832 3543 4885 ὅτι
3599 4831 3698 4884 καὶ
3749 4829 3850 4900 πρὸ

2254 4930 2445 5003 καιροῦ
2470 4929 2883 5001 καταφοιτὴσει,
2909 4926 3170 4980 διδάσκει.
3200 4919 3321 4979 Οἵδε
3357 4925 3455 4995 μὲν
3488 4921 3622 4994 γὰρ,
3649 4919 3795 4976 οἶδεν
3822 4919 3847 4973 ἑ

2252 5020 2500 5093 τῶνκαθ’
2529 5022 2676 5094 ἡμᾶς
2699 5021 2901 5091 ταμίας
2929 5019 3082 5083 Θεὸς,
3111 5021 3138 5071 ὁ
3162 5016 3547 5087 πνευματικῶν
3574 5012 3824 5085 χαριεῖμά

2252 5132 2359 5169 των
2385 5114 2569 5186 δοτὴρ,
2607 5114 2728 5176 ταῖς
2776 5111 2862 5182 ἐφ’
2894 5112 3107 5181 ἑκάστῳ
3140 5107 3474 5178 φιλοτιμίαις
3519 5105 3615 5159 τὸν
3658 5103 3855 5172 καερύν

2253 5206 2487 5260 ἐοικότα.
2506 5204 2646 5258 Ἀλλ’
2669 5204 2723 5260 εί
2741 5220 2824 5267 τις
2849 5201 3060 5272 γένοιτο
3086 5200 3252 5266 καλός
3282 5217 3341 5254 τε
3377 5201 3470 5253 καί
3493 5197 3723 5268 ἀγαθὸς,
3758 5197 3855 5251 καὶ

2252 5298 2476 5371 προσέτι
2500 5294 2895 5366 φιλοικτίρμων
2934 5294 3027 5347 καὶ
3045 5293 3280 5365 εὐήνιος,
3305 5292 3480 5362 τούτῳ
3501 5292 3597 5345 καὶ
3621 5288 3855 5360 πρώϊμα

2251 5386 2321 5440 τά
2353 5385 2485 5456 παρ’
2512 5384 2679 5440 αὐτοῦ
2717 5383 3005 5456 δοθήσεται
3050 5382 3210 5454 γέρα,
3243 5380 3384 5435 ὥστε
3434 5380 3529 5438 καὶ
3560 5381 3862 5450 ἀσταχύων

2250 5478 2409 5549 δίκην
2459 5477 2771 5532 ἀνατέλλειν
2814 5478 2872 5529 ὲν
2929 5474 3113 5547 αὐτῷ’
3156 5475 3254 5528 καὶ
3296 5472 3365 5529 τὰ
3419 5474 3627 5542 ἰάματα
3662 5470 3861 5536 αὐτοῦ,

2253 5567 2567 5634 τουτέστιν,
2622 5567 2841 5637 ἀπάσης
2893 5563 3208 5641 ἀρρωστίας
3249 5562 3561 5642 ἀποϐολὴν,
3601 5562 3701 5622 καὶ
3746 5560 3866 5621 τῶν
