4092 6296
282 469 416 527 1989

1422 467 1488 521 IN
1523 466 1757 524 lSAlAM
1801 468 1928 523 LIB.
1979 468 2040 522 ν.
2085 465 2325 524 TOMUS
2356 467 2444 520 IV.

3412 465 3546 522 Hau

280 582 578 654 ἀμεινόνων
612 584 1030 656 ἁντεισδρομήν.
1067 583 1328 653 Ψυχικῶν
1359 583 1465 654 γὰρ
1494 585 1852 656 ἀρρωστημά-

1970 583 2163 637 liorum
2197 581 2492 638 successio.
2548 581 2680 635 Nam
2711 597 2831 633 cum
2862 580 3059 649 aliquis
3089 581 3156 634 ab
3199 581 3364 636 animi
3398 598 3545 637 mor-

278 671 385 727 των
417 674 543 728 ὅταν
571 674 978 745 ἀπαλλάττηται
1026 690 1132 736 τις,
1181 673 1594 743 καρποφορήσει
1643 673 1858 734 πάντως

279 764 376 836 τὴν
407 766 487 826 είς
515 766 660 820 ἆπαν
680 766 856 819 ὁτιοῦν
883 765 992 818 τῶν
1021 764 1242 834 ἀγαθῶν
1269 763 1455 833 ἔφεσίν
1482 781 1542 816 τε
1590 765 1684 816 καὶ
1721 780 1856 833 προ-

280 857 691 926 θυμίαν.Φωτὸς
711 853 802 912 οῦν
823 859 881 910 ὲν
908 859 1042 928 ἡμῖν
1069 857 1465 926 διαυγάσαντος
1492 857 1588 910 τοῦ
1612 856 1759 910 θείου
1798 874 1856 908 τε

277 945 372 999 καὶ
419 947 628 1018 νοητοῦ,
669 948 1047 1002 συνανατέλλει
1091 949 1266 1020 πάντη
1298 965 1356 1002 τε
1389 949 1485 1002 καὶ
1515 948 1733 1012 πάντως
1766 949 1858 1001 καὶ

274 1037 341 1090 τὰ
374 1039 593 1108 ἰάματα,
625 1039 760 1092 Θεοῦ
793 1039 1081 1111 μοτοῦντός
1107 1057 1164 1094 τε
1195 1043 1342 1112 ἡμᾶς
1381 1041 1476 1095 καὶ
1494 1040 1857 1112 ἁπονευροῦν-

270 1143 363 1190 τος
394 1133 461 1182 τὰ
500 1128 669 1200 πάθη,
706 1131 799 1183 καὶ
829 1130 1292 1201 ἁντεισκρίνοντος
1321 1133 1378 1183 έν
1407 1131 1537 1201 ήμϊν
1576 1129 1638 1182 τὸ
1682 1130 1859 1183 θέλειν

268 1217 655 1290 ἀγαθουργεῑν,
691 1220 784 1273 καὶ
805 1220 1127 1292 διαπρέπειν
1157 1224 1215 1275 ὲν
1235 1221 1569 1292 δικαιοσύνῃ.
1587 1222 1631 1274 Τ
1633 1221 1858 1293 αύτῃτοί

267 1330 460 1383 φησιν,
498 1313 578 1366 ὃτι
621 1331 640 1364 ι
668 1313 1110 1384 Προπορεύσεται
1142 1313 1451 1385 ἔμπροσθέν
1476 1316 1623 1384 σουὴ
1653 1313 1857 1367 δικαιο-

267 1406 412 1476 σύνη
473 1423 591 1459 σου.
642 1426 660 1458 ι
715 1406 1160 1476 Προπορεύσεται
1215 1407 1272 1460 δὲ
1315 1406 1858 1478 προεξευμαρίζουσα

263 1498 518 1568 δηλονότι
558 1498 656 1570 τὴν
699 1501 778 1562 είς
804 1499 1088 1553 εὐσέϐειαν
1129 1499 1268 1565 ὁδὸν,
1308 1499 1402 1554 καὶ
1433 1501 1493 1552 τὸ
1519 1501 1692 1572 τραχὺ
1725 1499 1857 1570 μεθ-

267 1591 484 1643 ιστῶσα
513 1591 647 1661 πρὸς
675 1591 735 1645 τὸ
755 1593 897 1645 λεῖόν
920 1609 981 1644 τε
1036 1593 1128 1646 καὶ
1157 1591 1406 1663 βάσιμον,
1431 1593 1526 1647 καὶ
1554 1593 1614 1647 τὸ
1633 1595 1858 1657 ἄναντες

265 1683 682 1753 καταφέρουσα,
711 1685 805 1737 καὶ
843 1684 936 1738 τὸν
966 1685 1052 1754 ἐφ’
1086 1684 1256 1739 ἆπασι
1288 1688 1398 1749 τοῖς
1431 1686 1674 1757 ἀρίστοις
1699 1689 1858 1741 οἱονεὶ

163 1803 186 1809 ι
266 1774 685 1830 κατευθύνουσα
711 1776 929 1846 δρόμον.
967 1779 1312 1849 Προσεπάγει
1349 1778 1407 1831 δέ
1434 1796 1488 1832 τι
1529 1779 1622 1832 καὶ
1649 1779 1855 1850 ἕτερον.

272 1885 292 1918 ι
344 1865 420 1919 Ἦ
452 1864 560 1937 γὰρ
581 1867 706 1932 δόξα
731 1868 824 1920 τοῦ
855 1868 1012 1933 Θεοῦ,
1039 1869 1196 1939 φησι,
1218 1869 1526 1939 περιστελεῖ
1552 1886 1633 1933 σε,
1661 1887 1677 1920 ι
1703 1887 1858 1922 τουτ-

1969 675 2051 729 bis
2085 675 2346 736 liberatus
2377 673 2559 740 fuerit,
2598 673 2785 741 utique
2826 672 3152 726 desiderium
3202 682 3254 726 et
3288 673 3542 728 alacrita-

1970 774 2074 819 tem
2108 765 2172 819 ad
2207 766 2392 819 omnia
2424 768 2563 819 bona
2589 763 2965 818 lructilicabil.
2991 766 3180 834 Itaque
3199 765 3288 819 ubi
3311 767 3361 818 in
3390 767 3544 823 nobis

1969 857 2148 911 lumen
2190 857 2431 912 divinum
2459 867 2520 911 ct
2573 858 2675 912 sub
2711 857 3120 926 intelligentiam
3154 859 3355 913 cadens
3386 856 3544 912 cll'ul-

1970 948 2103 1001 serit
2139 965 2154 1004 :
2187 949 2348 1003 simul
2378 949 2542 1001 etiam
2575 963 2799 1017 prorsus
2829 948 3154 1017 penitusque
3181 949 3429 1003 orientur
3457 964 3544 1002 sa-

1969 1040 2184 1104 nitates,
2241 1039 2349 1094 Deo
2397 1041 2652 1095 metiente
2697 1040 2876 1107 nobis,
2931 1048 2986 1094 et
3030 1040 3178 1095 vires
3235 1056 3298 1095 ae
3350 1055 3548 1094 nervos

1966 1131 2119 1200 quasi
2156 1131 2622 1201 perturbationum
2650 1132 2905 1200 elidente,
2937 1143 2992 1188 et
3043 1141 3234 1187 contra
3271 1133 3545 1186 inserente

1968 1224 2122 1278 nobis
2160 1224 2517 1287 voluntatem,
2549 1225 2763 1279 utbene
2801 1239 3058 1294 agamus,
3097 1235 3153 1280 et
3194 1225 3408 1290 justitia
3445 1239 3544 1280 ex»

1967 1313 2246 1368 cellamus.
2279 1313 2414 1369 llinc
2436 1315 2571 1371 dicit
2601 1334 2614 1369 :
2655 1335 2674 1368 ι
2736 1315 2955 1370 Prmibit
2991 1316 3084 1369 tibi
3116 1314 3329 1386 justitia
3362 1323 3472 1368 tua.
3519 1333 3539 1365 ι

1966 1401 2188 1458 Przeibit
2213 1413 2419 1471 autem,
2444 1407 2705 1475 ltevigans
2738 1407 2949 1463 scilicet
2972 1407 3141 1478 819
3171 1418 3295 1461 ante
3325 1407 3546 1477 pietatis

1966 1496 2131 1560 viam,
2161 1507 2214 1551 et
2248 1511 2441 1567 aspera
2500 1499 2732 1554 reddens
2775 1499 2926 1554 laevia
2983 1511 3036 1553 et
3065 1500 3270 1567 pervia,
3313 1507 3368 1553 ct
3399 1501 3542 1568 quod

1967 1594 2297 1655 praeruptum
2333 1595 2424 1642 est
2465 1588 2682 1653 tollens,
2713 1595 2768 1643 et
2789 1603 3006 1643 cursum
3035 1590 3100 1643 ad
3134 1589 3312 1644 omnia
3339 1590 3544 1658 optima

1967 1680 2112 1734 velut
2144 1679 2498 1750 patefaciens.
2533 1681 2796 1752 Adjungit
2833 1682 2997 1736 etiam
3047 1681 3304 1751 quiddam
3353 1681 3496 1735 aliud
3526 1698 3542 1732 :

1980 1789 1999 1822 ι
2029 1770 2212 1826 Gloria
2252 1773 2395 1827 enim
2427 1774 2541 1837 Dei,
2579 1774 2773 1844 inquit,
2799 1774 3158 1828 circumdabit
3207 1784 3279 1838 te,
3315 1791 3334 1826 ι
3363 1774 3416 1828 id
3440 1783 3544 1836 est,

1968 1863 2151 1933 cinget
2185 1870 2260 1929 te,
2294 1873 2349 1920 et
2387 1873 2439 1919 te
2475 1866 2883 1936 suspiciendum
2932 1867 3144 1931 reddet,
3183 1876 3236 1921 et
3292 1875 3352 1920 ut
3396 1880 3546 1921 com-

258 1959 355 2012 έστ
379 1977 416 2021 ι,
441 1959 705 2013 κυκλώσει
733 1977 814 2025 σε,
836 1960 929 2014 καὶ
954 1961 1289 2014 άπόϐλεπτόν
1311 1978 1367 2014 σε
1393 1963 1744 2032 καταστήσει,
1772 1962 1852 2014 xui

1971 1969 2132 2009 mune
2188 1957 2267 2010 sis
2328 1956 2620 2012 multorum
2677 1959 3010 2027 praesidium.
3071 1958 3344 2028 Splendor
3399 1959 3543 2014 enim

255 2048 454 2103 κοινὸν
480 2049 744 2120 ὠφέλημα
765 2050 996 2114 πολλοῖς.
1017 2051 1078 2104 Ἠ
1108 2052 1218 2124 γὰρ
1242 2051 1351 2105 τῶν
1373 2052 1543 2121 ἁγίων
1567 2053 1859 2124 φαιδρότης

258 2139 482 2210 ὀνίνησι
509 2140 608 2210 μὲν
643 2141 708 2194 οὐ
752 2141 989 2214 μετρίως
1019 2143 1146 2206 τοὺς
1176 2143 1478 2214 ἐνορῶντας
1514 2143 1719 2207 αὐτοῖς.
1750 2145 1860 2198 Καὶ

261 2232 398 2300 γοῦν
420 2233 526 2305 ἔφη
551 2234 786 2305 Χριστὸς
805 2237 919 2300 τοῖς
949 2236 1126 2306 ἁγίοις
1155 2237 1494 2302 ἀποστόλοις·
1531 2259 1550 2290 ι
1576 2238 1859 2308 Δαμψάτω

259 2325 323 2378 τὸ
363 2325 484 2395 φῶς
509 2324 664 2395 ὑμῶν
689 2325 1002 2398 ἔμπροσθεν
1029 2329 1139 2382 τῶν
1168 2329 1495 2402 ἀνθρώπων,
1523 2333 1673 2396 ὅπως
1707 2332 1856 2386 ἴδωσι

257 2417 330 2470 τὰ
369 2415 516 2470 καλὰ
548 2415 685 2488 ἔργα
720 2417 897 2488 ὑμῶν,
921 2421 1015 2472 καὶ¹
1046 2420 1309 2486 δοξάσωσι
1338 2423 1430 2476 τὸν
1460 2423 1681 2494 Πατέρα
1703 2423 1856 2495 ὑμῶν

258 2505 354 2560 τὸν
392 2507 457 2560 ὲν
485 2508 598 2569 τοῖς
628 2507 900 2578 οὐρανοῖς.
931 2528 950 2560 ι
993 2510 1202 2564 Οὐκοῦν
1233 2512 1470 2583 ἐσόμεθα
1495 2513 1736 2586 λαμπροὶ
1760 2532 1856 2568 πε-

261 2593 602 2667 ριφοιτὼσης
648 2597 798 2665 ἡμᾶς
852 2598 945 2650 καὶ
993 2592 1104 2651 οἷον
1150 2600 1526 2673 ἀμφιεννύσης
1577 2602 1677 2673 τῆς
1704 2604 1854 2674 παρὰ

257 2684 404 2738 Θεοῦ
427 2683 607 2754 δόξης,
626 2680 708 2750 οἷς
729 2687 794 2740 ἂν
815 2687 1097 2760 χαρίσαιτο
1114 2693 1227 2755 τοῖς
1247 2693 1357 2764 [ἵσ.
1371 2692 1494 2766 τῆς]
1511 2694 1854 2768 δικαιοσύνης

258 2773 626 2846 ἐπιμεληταῖς
647 2791 662 2808 ⁸
697 2777 902 2833 τούτων
929 2779 993 2851 δὴ
1024 2776 1117 2834 οὖν
1146 2781 1503 2853 ὑπαρξάντων
1542 2801 1644 2850 σοι,
1694 2787 1848 2857 φησὶ,

259 2867 444 2937 βοήσῃ
472 2867 614 2932 τότε,
639 2868 731 2922 καὶ
760 2870 788 2922 ὁ
809 2869 940 2934 Θεὸς
965 2872 1342 2928 εἰσακούσεταί
1377 2892 1492 2941 σου,
1519 2876 1597 2929 ἔτι
1628 2876 1854 2932 λαλοῦν-

254 2959 354 3022 τός
380 2975 480 3012 σου
521 2959 655 3030 έρεῖο
674 2961 805 3014 ’ἰδοὺ
831 2963 1081 3035 πάρειμι·
1111 2986 1127 3015 ι
1155 2965 1357 3036 Εὐχαῖς
1381 2967 1489 3039 γάρ
1507 2967 1728 3022 δικαίων
1755 2970 1852 3023 ἐπ-

255 3051 476 3115 ακούει,
505 3071 526 3105 ι
564 3051 708 3106 κατὰ
735 3054 795 3106 τὸ
823 3055 1228 3127 γεγραμμένον.
1261 3058 1372 3112 Καὶ
1415 3058 1555 3113 καθά
1612 3077 1776 3132 φησιν
1822 3064 1850 3114 ὁ

253 3142 538 3214 Μελῳδὸς,
574 3163 593 3195 ι
616 3145 913 3216 ὐφθαλμοὶ
941 3148 1149 3219 Κυρίου
1176 3149 1269 3202 ἐπὶ
1311 3150 1571 3217 δικαίους,
1606 3154 1701 3206 καὶ
1731 3147 1846 3208 ὦτα

248 3234 427 3288 αὑτοῦ
465 3237 543 3299 εἰς
573 3236 756 3307 δέησιν
781 3237 979 3292 αὐτῶν.
1017 3258 1035 3291 ι
1089 3240 1426 3296 Κατανεύσει
1462 3242 1563 3314 μὲν
1591 3244 1701 3317 γὰρ
1731 3248 1844 3309 τοῖς

1969 2054 2281 2100 sanctorum
2294 2047 2451 2115 juvat
2469 2049 2614 2104 haud
2639 2050 2988 2106 mediocriter
3007 2066 3101 2106 eos
3118 2053 3208 2120 qui
3238 2053 3540 2106 intuentur.

1971 2136 2257 2205 Siquidem
2285 2139 2536 2196 Christus
2562 2143 2699 2197 dixit
2723 2144 2927 2199 sanctis
2951 2145 3210 2216 apostolis
3242 2164 3255 2199 :
3296 2166 3314 2198 ι
3341 2145 3546 2202 Luceat

1965 2228 2057 2282 lux
2089 2239 2267 2284 vestra
2300 2246 2485 2287 coram
2511 2233 2844 2300 hominibus,
2875 2245 2937 2290 ut
2959 2236 3179 2291 videant
3207 2236 3346 2291 bona
3378 2251 3542 2306 opera

1967 2328 2167 2382 vestra,
2232 2327 2288 2374 et
2317 2321 2624 2388 gloriﬁcent
2679 2321 2898 2378 Patrem
2946 2332 3186 2379 vestrum
3227 2325 3318 2393 qui
3360 2332 3444 2378 est
3489 2324 3541 2376 in

1965 2410 2120 2464 caelis
2140 2410 2206 2464 ⁵ο.
2235 2429 2254 2464 ι
2293 2411 2509 2468 Erimus
2525 2428 2653 2484 ergo
2687 2415 2949 2483 illustres,
2981 2416 3256 2472 ambiente
3291 2425 3346 2471 et
3379 2417 3538 2486 quasi

1966 2503 2255 2559 amicienle
2293 2520 2392 2561 nos
2425 2507 2603 2561 divina
2630 2507 2828 2576 gloria,
2857 2523 3023 2578 quam
3049 2509 3142 2563 dat
3168 2509 3396 2578 justitia:
3423 2510 3539 2563 cul-

1967 2593 2334 2651 toribus.H:ec
2361 2597 2450 2651 ubi
2485 2595 2707 2664 fuerint,
2740 2599 2935 2668 inquit,
2969 2598 3364 2664 tibi,clamabis
3389 2610 3538 2663 tunc,

1965 2695 2017 2740 et
2057 2685 2200 2741 Deus
2241 2687 2497 2742 exaudiet
2546 2697 2636 2742 te:
2677 2689 2854 2744 adhuc
2918 2689 3173 2758 loquente
3235 2699 3307 2755 te,
3343 2690 3535 2745 dicet:

1963 2777 2098 2832 Ecce
2123 2779 2332 2834 adsum.
2358 2797 2376 2829 ι
2404 2778 2692 2834 Orationes
2719 2782 2863 2835 enim
2888 2780 3155 2850 justorum
3175 2781 3533 2846 exaudit‘°‘,t

1956 2870 2108 2937 juxta
2148 2871 2201 2924 id
2226 2871 2369 2940 quod
2405 2873 2665 2941 scriptum
2693 2882 2801 2939 est,
2833 2883 2882 2927 el
2915 2873 3074 2930 sicuti
3105 2873 3315 2929 Psaltes
3361 2875 3490 2929 dicit
3521 2892 3536 2929 :

1965 2981 1984 3015 ι
2027 2963 2178 3018 Oculi
2226 2963 2440 3019 Domini
2471 2980 2634 3035 super
2655 2965 2853 3034 justos,
2884 2978 2939 3021 et
2977 2981 3140 3021 aures
3181 2966 3300 3034 ejus
3326 2966 3378 3021 in
3417 2982 3540 3036 prc-

1963 3055 2236 3111 cationem
2253 3071 2442 3112 eorum
2463 3057 2529 3110 “.
2571 3077 2589 3108 ι
2621 3059 2821 3112 Annuit
2843 3058 2986 3113 enim
3018 3060 3422 3127 petentibus,ut
3449 3059 3539 3111 bo-

1960 3162 2083 3216 nus,
2121 3149 2215 3203 sed
2250 3163 2354 3203 non
2398 3149 2582 3204 statim
2633 3150 2883 3205 omnibus
2939 3167 2953 3203 :
3000 3150 3092 3206 sed
3146 3151 3534 3206 excellentibus

1953 3240 2162 3311 justitia
2199 3240 2402 3310 absque
2456 3242 2604 3295 omni
2658 3256 2810 3296 mora
2841 3241 3109 3310 postulata
3143 3243 3415 3308 concedit,
3439 3259 3530 3297 auc

247 3326 506 3381 αἰτοῦσιν
555 3327 632 3391 ὡς
684 3329 914 3398 ἀγαθὸς,
953 3330 1068 3385 ἀλλ’
1109 3333 1207 3404 οὐχ
1258 3333 1431 3388 ἅπασι
1482 3337 1846 3409 παραχρῆμα.

1961 3347 2152 3401 resque
2185 3333 2390 3403 praebet
2421 3332 2528 3388 illis
2567 3333 3030 3402 promptissimas,
3093 3333 3163 3387 ita
3199 3347 3256 3388 ut
3309 3333 3362 3387 in
3419 3333 3534 3392 sin-

246 3415 380 3479 Τοῖς
413 3431 484 3484 γε
533 3416 640 3487 μὴν
685 3417 1048 3490 διαπρέψασιν
1078 3423 1134 3475 ἐν
1163 3423 1500 3498 δικαιοσύνῃ,
1534 3427 1847 3500 μελλησμοῦ

240 3505 375 3578 δίχα
424 3508 628 3571 παντὸς
672 3510 856 3581 ὀρέγει
901 3511 970 3566 τὰ
1017 3514 1314 3586 αἰτήματα,
1363 3518 1456 3572 καὶ
1493 3518 1848 3590 ἑτοιμοτάτην

242 3600 440 3664 αὐτοῖς
471 3600 660 3671 ὑπέχει
691 3603 788 3673 τὴν
816 3606 1008 3677 ἀκοὴν,
1043 3606 1184 3660 ὥστε
1227 3611 1323 3664 καὶ
1362 3610 1449 3679 ἐφ’
1484 3611 1702 3683 ἑκάστῳ
1737 3612 1846 3666 τῶν

240 3691 578 3760 αίτημάτων
631 3695 920 3764 χαίροντας
969 3698 1169 3766 λέγειν·
1229 3720 1248 3752 ι
1286 3703 1556 3756 Ἤκουσεν
1603 3704 1668 3755 ἐκ
1716 3703 1845 3756 ναοῦ

243 3781 414 3847 ἁγίου
447 3778 614 3834 αὐτοῦ
661 3785 844 3853 φωνῆς
874 3803 998 3856 μου,
1032 3789 1127 3841 καὶ
1167 3791 1200 3859 ἡ
1233 3793 1447 3861 κραυγή
1487 3810 1586 3862 μου
1619 3793 1846 3847 ἐνώπιον

242 3871 424 3925 αὑτοῦ
461 3871 830 3928 εἰσελεύσεται
876 3879 955 3940 είς
1001 3877 1069 3930 τά
1113 3873 1226 3933 ὦτα
1269 3881 1456 3934 αὐτοῦ.
1489 3902 1508 3934 ι
1546 3883 1754 3936 Οὐκοῦν
1786 3886 1847 3938 τὺ

1959 3423 2098 3494 gulis
2143 3425 2492 3494 petitionibus
2527 3425 2825 3496 gaudentes
2871 3425 3094 3480 dicant:
3131 3442 3152 3477 ι
3188 3425 3410 3480 Audivit
3466 3426 3536 3480 de

1961 3515 2160 3586 templo
2193 3528 2384 3570 sancto
2408 3531 2508 3571 suo
2534 3531 2720 3571 vocem
2764 3530 2964 3577 meam,
3021 3525 3076 3569 et.
3123 3515 3332 3569 clamor
3381 3531 3536 3569 mens

1956 3622 2136 3663 coram
2153 3609 2268 3678 ipso
2289 3607 2598 3679 penetrabit
2614 3623 2772 3662 aures
2792 3610 2909 3676 ejus
2933 3609 3000 3662 ".
3017 3627 3035 3658 ι
3069 3607 3338 3663 Maturam
3367 3607 3533 3676 igitur

1957 3700 2382 3755 nnmilicentiam
2429 3709 2486 3754 et
2532 3701 3016 3771 promptitudinem
3066 3701 3245 3756 dantis
3296 3702 3387 3754 Dei
3441 3701 3536 3754 de-

1955 3791 2131 3847 clarat
2159 3791 2290 3846 illud
2343 3808 2357 3844 :
2409 3791 2550 3846 Ecce
2607 3793 2796 3845 adsum
2829 3830 2843 3854 ,
2892 3792 3112 3846 interim
3139 3791 3268 3845 dum
3295 3789 3534 3858 loquitur

1949 3884 2150 3953 justus,
2187 3892 2243 3938 et
2270 3897 2460 3953 preces
2489 3883 2737 3937 intendit.

243 3965 624 4036 ἀνυπέρθετον
653 3967 754 4038 τῆς
781 3969 1110 4040 φιλοτιμίας,
1142 3974 1233 4027 καὶ
1265 3975 1325 4028 τὸ
1354 3974 1472 4031 λίαν
1530 3978 1749 4049 ἕτοιμον
1811 3979 1903 4033 τοῦ
1940 3978 2172 4040 διδόντος
2215 3975 2352 4032 Θεοῦ
2378 3976 2706 4045 παρίστησιν
2738 3975 2982 4045 ἐναργῶς
3006 3977 3087 4044 τὸ,
3119 3977 3248 4030 Ἰδοὺ
3281 3975 3530 4045 πάρειμι,

242 4061 405 4133 βοᾷν,
437 4059 518 4113 ἔτι
545 4060 830 4127 λαλοῦντος
857 4063 1086 4128 δικαίου,
1115 4068 1486 4135 ἁνατείνοντός
1528 4089 1584 4124 τε
1627 4072 1726 4136 τὰς
1755 4073 1924 4135 λιτάς.

329 4153 482 4205 Ἐὰν
512 4152 742 4223 ἀφέλῃς
770 4155 886 4209 ἀπὸ
911 4157 1027 4211 σοῦ
1057 4159 1425 4231 σύνδεσμον,
1455 4163 1552 4217 καὶ
1584 4182 1841 4234 χειροτο-

2026 4161 2188 4218 Vens.
2221 4162 2369 4230 9,10.
2400 4160 2460 4217 Si
2503 4161 2780 4216 abstuleris
2837 4159 2930 4215 abs
2963 4170 3013 4214 te
3043 4160 3446 4230 colligationem,
3482 4175 3530 4218 et

1948 4256 2263 4326 suffmgium
2293 4296 2308 4323 ,
2352 4267 2400 4309 et
2434 4257 2644 4309 verbum
2701 4256 3137 4308 murmuratiouis
3165 4292 3180 4316 ,
3207 4263 3257 4307 et
3320 4253 3527 4308 dederis

1949 4352 2196 4405 esurienti
2228 4366 2414 4418 panem
2436 4359 2606 4414 tuum,
2643 4357 2690 4400 et
2732 4348 2964 4400 animam
2997 4347 3334 4401 ltumilialam
3372 4361 3523 4401 satu-

1948 4446 2172 4504 raveris;
2198 4455 2322 4496 tunc
2352 4442 2552 4495 orietur
2581 4441 2634 4494 in
2661 4439 2890 4493 tenebris
2913 4439 3090 4492 lumen
3116 4449 3290 4501 tuum,
3344 4449 3390 4493 et
3443 4449 3518 4492 te-

1948 4537 2120 4591 nebra:
2167 4548 2270 4590 tua:
2327 4544 2478 4589 erunt
2515 4533 2653 4587 velut
2688 4531 2932 4585 meridies
2962 4540 3051 4586 :et
3078 4533 3179 4586 erit
3214 4531 3353 4586 Deus
3403 4542 3525 4586 tuus

1868 4587 1911 4640 Β
1942 4639 2109 4684 tecum
2136 4644 2358 4698 semper.

2014 4719 2239 4790 Egregia
2284 4727 2550 4788 przccepta
2608 4727 2663 4772 et
2713 4719 3060 4783 documenta,
3109 4715 3326 4770 etiamsi
3375 4728 3518 4780 saepe

1944 4813 2196 4869 dicantur
2225 4811 2518 4882 aliquibus,
2557 4811 2757 4866 habent
2790 4821 2970 4865 tamen
3005 4808 3318 4864 utilitatem.
3369 4804 3521 4860 Scri-

1945 4905 2026 4960 bit
2087 4907 2354 4975 siquidem
2405 4905 2606 4962 Paulus
2657 4905 3098 4976 sapientissimus
3153 4901 3238 4956 bis
3291 4898 3381 4968 qui
3426 4912 3521 4965 per

1947 4996 2123 5064 ipsum
2161 4997 2507 5052 crediderunt
2539 5011 2552 5047 :
2589 5015 2606 5048 ι
2643 4995 2843 5051 Eadem
2872 4994 3114 5050 scribere
3153 4991 3344 5054 vobis,
3383 4989 3517 5042 mihi

1941 5088 2158 5155 quidem
2208 5102 2314 5142 non
2359 5064 2644 5146 molestam
2676 5132 2691 5157 ,
2749 5091 2902 5146 vobis
2942 5099 3122 5142 autem
3171 5095 3344 5140 tutum
3377 5083 3443 5136 ⁸³.
3493 5101 3512 5135 ι

231 4245 412 4309 νίαν,
451 4244 547 4297 καί
567 4242 734 4316 ῥῆμα
766 4251 1130 4319 γογγυσμοῦ,
1164 4255 1263 4308 καὶ
1293 4254 1412 4322 δῷς
1436 4256 1713 4312 πεινῶντι
1736 4258 1843 4311 τὸν

231 4337 436 4408 ἄρτον
492 4353 610 4393 σου
645 4339 744 4412 (Ι),
790 4343 888 4396 καὶ
928 4344 1141 4414 ψυχὴν
1177 4349 1692 4419 τεταπεινωμένην
1737 4351 1838 4419 ἐμ-

226 4431 520 4500 πλήσῃς,
550 4433 684 4486 τότε
709 4434 987 4492 ἀνατελεῐ
1015 4437 1084 4491 ἐν
1115 4437 1193 4504 τῷ
1221 4442 1426 4494 σκότει
1451 4442 1514 4494 τὸ
1538 4441 1660 4509 φῶς
1700 4458 1836 4504 σου,

227 4523 337 4577 καὶ
390 4523 464 4576 τὸ
511 4527 733 4592 σκότος
771 4543 888 4582 σου
931 4528 998 4581 ἐν
1033 4533 1396 4600 μεσημϐρίᾳ,
1442 4535 1542 4586 καὶ
1584 4535 1756 4588 ἔσται
1807 4539 1837 4588 ό

227 4617 389 4682 Θεός
425 4632 546 4670 σου
575 4620 724 4686 μετὰ
763 4621 878 4675 σοῦ
912 4621 1262 4691 διαπαντός.

303 4707 394 4760 Τὰ
421 4706 534 4758 τῶν
561 4709 897 4780 μαθημάτων
921 4714 1173 4787 ἐξαίρετα
1201 4715 1303 4770 κᾶν
1326 4719 1582 4785 πολλάκις
1611 4721 1834 4793 λέγηταί

221 4813 407 4858 τισιν,
451 4793 570 4846 ἀλλ’
603 4796 697 4850 οὖν
741 4799 854 4869 ἔχει
896 4801 957 4854 τὸ
1007 4805 1350 4878 ὀνησιφόρον.
1379 4808 1586 4880 Γράφει
1637 4811 1770 4880 γοῦν
1810 4815 1838 4865 ὁ

223 4889 527 4954 πάνσοφος
551 4888 762 4953 Παῦλος
782 4893 896 4954 τοῖς
920 4891 986 4945 δι’
1004 4895 1168 4948 αὐτοῦ
1192 4897 1532 4953 πιστεύσασι·
1557 4919 1574 4952 ι
1597 4901 1679 4954 Τὰ
1699 4902 1839 4954 αὐτὰ

219 4981 420 5047 Λέγειν
445 4978 597 5048 ὑμῖν,
621 4982 744 5050 ἐμοὶ
773 4984 871 5053 μὲν
901 4985 1000 5038 οὐκ
1026 4986 1276 5059 ὀκνηρὸν,
1302 4990 1428 5062 ὑμῖν
1451 4993 1508 5046 δὲ
1528 4993 1786 5063 ἀσφαλές.
1815 5018 1832 5047 ο

215 5070 454 5127 Οὐκοῦν
485 5071 840 5145 πολυτρόπως
867 5077 955 5130 διὰ
987 5079 1094 5133 τῶν
1123 5081 1302 5135 αὐτῶν
1332 5086 1461 5155 ἡμῖν
1490 5085 1710 5156 ἔρχεται
1740 5087 1828 5140 λέ-

210 5180 340 5235 γων
379 5163 485 5215 καὶ
528 5164 626 5228 τὰς
657 5165 759 5235 τῆς
800 5167 1204 5240 εὐδοκιμήσεως
1233 5174 1388 5238 ὁδοὺς
1417 5178 1667 5248 ἐναργεῖς
1697 5176 1828 5230 καθ-

1961 5177 2310 5248 νιιιΙιὶρΙιοίιει·
2340 5179 2526 5248 itaque
2551 5181 2616 5235 ad
2649 5181 2896 5236 eamdem
2928 5176 3162 5233 recurrit
3189 5174 3516 5237 orationem,

212 5255 409 5320 ιστάς,
445 5255 546 5308 καὶ
598 5257 706 5311 τῶν
743 5259 1119 5332 δοθησομένων
1168 5268 1279 5330 τοῖς
1327 5267 1504 5335 ἁγίοις
1530 5270 1708 5340 γερῶν
1734 5270 1832 5342 τὴν

1961 5273 2063 5325 lum
2095 5286 2238 5326 verae
2266 5271 2442 5327 laudis
2477 5273 2592 5329 vias
2634 5275 2829 5342 aperit,
2867 5257 2923 5328 et
2959 5271 3263 5326 dandorum
3312 5267 3519 5322 sanctis

207 5347 578 5419 φαιδρότητα
613 5349 992 5423 διηγούμενος,
1029 5357 1114 5410 ἵνα
1153 5359 1246 5411 καὶ
1289 5360 1368 5412 ἔτι
1403 5359 1664 5430 μειζόνως
1698 5380 1832 5434 προ-

1961 5362 2280 5416 ιιτιεῐιιίοτιιιιι
2310 5363 2654 5432 splendorem
2687 5373 2912 5418 enarrat
2954 5381 2966 5415 :
3001 5376 3110 5432 quo
3140 5361 3318 5414 adhuc
3372 5357 3512 5411 inci-

207 5437 575 5513 θυμοτέρους
604 5442 905 5515 ἐργάσηται
933 5447 1069 5517 πρὸς
1088 5448 1150 5501 τὸ
1173 5449 1387 5504 ἑλέσθαι
1415 5452 1547 5523 δρᾷν
1575 5453 1644 5506 τὰ
1665 5453 1731 5506 δι’
1755 5447 1829 5508 ὧν

1961 5454 2159 5508 atiores
2212 5453 2403 5508 reddat
2444 5466 2538 5508 eos
2583 5455 2649 5507 ad
2708 5453 3014 5508 faciendum
3068 5451 3191 5515 illa,
3241 5449 3410 5520 820
3447 5463 3514 5503 ex

204 5535 279 5588 ἂν
319 5531 579 5602 γένοιντο
613 5536 819 5602 σεπτοὶ,
850 5537 943 5589 καὶ
989 5538 1087 5609 τὴν
1133 5538 1337 5595 ἄνωθεν
1381 5542 1474 5594 καὶ
1505 5545 1635 5610 παρ’
1662 5544 1827 5598 αὑτοῦ

1961 5544 2128 5613 μιὶιιιιε
2159 5544 2360 5615 suspici
2399 5551 2454 5599 et
2494 5544 2546 5599 in
2570 5545 2919 5600 veneratione
2959 5543 3145 5599 haberi
3175 5545 3424 5612 possint,
3461 5549 3515 5595 et

281 5718 333 5750 ⁸⁸
377 5710 584 5768 Matth.
612 5727 663 5778 v,
693 5711 778 5766 16.
857 5712 920 5745 ⁴⁰⁶
947 5713 1108 5771 Prov.
1139 5731 1227 5784 xv,
1249 5717 1340 5771 29.
1421 5719 1461 5748 εί
1496 5717 1636 5774 Psal.
1684 5735 1850 5775 xxxtu

1961 5721 1996 5776 ἶ.
2075 5722 2119 5756 ⁸⁸
2153 5721 2297 5782 Psal.
2333 5739 2467 5794 xvu,
2502 5725 2552 5779 7.
2635 5725 2678 5758 ⁸³
2711 5724 2905 5795 Philip.
2950 5741 3034 5789 ut,
3073 5727 3118 5779 l.

281 5875 362 5937 (Η
397 5868 576 5933 LXX,
613 5870 776 5941 ἄρτον
804 5873 866 5925 ἐκ
890 5870 990 5943 τῆς
1014 5871 1192 5944 ψυχῆς
1225 5893 1337 5932 σου.

555 5965 830 6026 Parnm.
878 5967 996 6028 Gn.
1037 5968 1230 6029 LXX.

2091 5989 2142 6019 η,
2308 5977 2343 6020 2g
3114 5969 3183 6026 41
