4092 6296
579 421 708 478 1291

1604 418 1659 470 S.
1702 414 1975 471 CYRILLI
2015 411 2483 468 ALEXAND“th
2523 419 2846 475 ARCHIEP.

3711 419 3843 475 1292.

575 553 862 607 supernam
904 548 1064 604 atque
1116 539 1178 589 ab
1236 550 1299 589 co
1344 543 1723 602 asscqnantur.
1759 531 1990 584 Proinde
2019 568 2032 591 ,
2059 528 2143 581 in-

2269 526 2558 600 ριλοτιμίαν
2592 533 2928 603 εὑρήσουσιν.
2974 532 3204 596 Οὐκοῦν,
3241 555 3256 582 ι
3290 533 3416 586 Ἐὰν
3472 532 3701 602 ἀφέλῃς,
3745 551 3841 603 φη·

567 632 695 700 ειιιιίι
731 646 744 682 ι
790 647 808 680 ι
845 629 899 684 Si
928 627 1214 682 abstuleris
1246 628 1343 680 abs
1383 636 1432 680 te
1481 625 1879 695 colligationem
1934 631 1989 675 ct
2045 621 2156 674 sul-

579 721 864 791 !ragium.»
907 718 1325 789 Colligationcm
1355 729 1446 783 ,ut
1492 716 1765 778 arbitror,
1821 701 1970 776 dicit,
2022 727 2155 781 gen-

580 817 710 869 tium
751 812 1177 882 improbitatem,
1217 813 1509 865 ruditatcm
1543 819 1596 865 et
1634 806 2003 869 contentionis
2039 813 2156 861 stu-

581 909 727 961 dium
755 947 770 972 ,
799 915 854 960 et
892 905 1040 960 velut
1075 919 1245 964 nexus
1290 905 1573 959 turbarum
1610 902 1663 956 iu
1704 900 1914 969 aliquos
1951 908 2154 964 texere,

577 1015 641 1053 ac
681 998 892 1066 negetis
948 997 1243 1058 exhibere,
1301 1006 1358 1050 et
1411 996 1752 1064 obliquorum
1810 993 2155 1047 inventorum

577 1092 906 1162 quaestiones
938 1105 1177 1156 movere,
1204 1100 1261 1143 ut
1293 1088 1508 1155 aliquos
1537 1087 1833 1156 illaqueent
1860 1084 2155 1145 interdum,

579 1195 634 1240 et
685 1186 736 1240 in
784 1183 1125 1240 inevitabiles
1165 1183 1540 1252 angustiarum
1599 1183 1789 1252 plagas
1837 1178 2154 1233 immittam.

579 1278 807 1347 Oportet
838 1279 980 1332 enim
1010 1275 1309 1346 simplicem
1338 1289 1459 1331 esse
1488 1283 1541 1328 et
1566 1281 1812 1344 apertum
1857 1270 2154 1334 hominem,

580 1369 848 1440 siquidem
885 1369 1018 1423 velit
1057 1383 1085 1423 a
1129 1370 1241 1422 Deo
1268 1365 1488 1435 respici,
1534 1373 1587 1418 et
1615 1363 1733 1433 ejus
1774 1363 1913 1417 dona
1947 1375 2154 1415 concu-

579 1463 812 1532 piscere.
877 1459 1207 1531 Suﬂ'ragium
1243 1459 1392 1522 dicit,
1445 1456 1718 1526 corrumpi
1756 1455 2068 1509 muneribus
2103 1463 2160 1508 et

581 1554 760 1624 turpia
792 1553 940 1608 lucra
983 1561 1260 1618 expetere.
1301 1549 1546 1606 Dicimus
1598 1549 1744 1604 enim
1786 1547 2058 1603 interdum
2092 1546 2158 1600 de

583 1643 878 1708 nonnullis,
911 1644 978 1698 ad
1005 1641 1381 1711 accipiendum
1439 1640 1642 1695 habere
1700 1653 1919 1692 manum
1967 1647 2160 1693 exten-

584 1750 724 1800 sam,
753 1745 808 1790 et
856 1735 922 1788 de
949 1733 1301 1789 renuentibus
1335 1733 1572 1787 sordium
1609 1744 1792 1798 causa,
1821 1729 2024 1785 habere
2063 1743 2158 1785 eos

585 1834 922 1880 contractam
961 1838 1198 1878 manum.
1238 1823 1452 1878 Dictum
1483 1829 1568 1877 est
1625 1823 1792 1876 etiam
1839 1822 1906 1874 de
1936 1820 2021 1874 his
2065 1819 2156 1890 qui

581 1916 820 1972 Iudaica:
846 1916 1144 1987 Syuagogae
1174 1914 1415 1986 praefecti
1450 1923 1607 1970 erant
1637 1933 1651 1968 :
1699 1934 1718 1966 ι
1751 1913 2001 1970 Praefecti
2047 1913 2161 1981 ejus

583 2013 652 2065 ob
685 2025 906 2066 munera
934 2009 1275 2080 judicabant,
1312 2018 1366 2062 et
1391 2008 1697 2064 sacerdotes
1721 2008 1837 2076 ejus
1865 2007 1936 2062 ob
1964 2020 2158 2078 argen-

587 2115 696 2158 tum
725 2103 1168 2157 vaticinabantur
1203 2101 1272 2167 “,
1305 2118 1323 2152 ι
1381 2110 1435 2155 et
1471 2099 1614 2169 quod
1667 2100 1797 2155 socii
1842 2099 2020 2155 furum
2065 2113 2162 2155 ex-

585 2197 849 2260 stiterinl,
905 2194 1185 2266 diligentes
1212 2194 1375 2258 dona,
1423 2200 1810 2263 persequentes
1854 2191 2156 2258 praemium.

587 2289 838 2358 Dixitque
869 2287 1082 2342 divinus
1108 2285 1422 2341 Habbacum
1447 2299 1460 2336 :
1493 2302 1511 2336 ι
1531 2283 1830 2338 Adversum
1855 2295 1941 2335 me
1961 2280 2160 2335 factum

583 2389 667 2434 est
700 2379 986 2449 judicium,
1019 2387 1074 2432 et
1096 2377 1262 2447 judex
1305 2373 1502 2443 accipit
1523 2373 1590 2428 “’.
1634 2391 1652 2424 ι
1692 2371 1789 2427 Vel
1812 2386 1945 2440 ergo
1966 2383 2160 2426 nomen

587 2473 739 2537 illud,
773 2469 1108 2543 χειροτονία,
1141 2469 1281 2522 dona
1315 2479 1512 2537 capere
1543 2461 1813 2534 signiﬁcat
1842 2478 1854 2514 :
1895 2462 2038 2532 quod
2077 2461 2164 2516 hic

587 2566 806 2620 auferre
841 2579 905 2618 ac
931 2575 1208 2617 removere
1257 2559 1412 2628 jubet
1469 2573 1483 2610 :
1524 2559 1609 2612 vel
1657 2556 1764 2611 alio
1809 2555 1970 2612 modo
2015 2555 2165 2608 vices

587 2657 885 2726 rependere
915 2662 1086 2718 notat,
1120 2661 1173 2707 et
1197 2650 1397 2705 malum
1427 2649 1567 2704 malo
1609 2663 1859 2718 pensare.
1915 2646 1991 2702 De
2037 2645 2162 2715 qui-

587 2749 816 2802 busdam
849 2747 1103 2800 nimirum
1135 2741 1653 2799 dixitPsalmodus:
1687 2757 1707 2790 t
1735 2738 1994 2794 Extendit
2046 2753 2164 2792 ma-

589 2855 716 2892 num
764 2852 918 2891 suam
971 2839 1039 2890 ad
1100 2832 1508 2890 retribueudum
1557 2829 1624 2887 “.
1701 2848 1720 2881 ι
1779 2829 1943 2884 Addit
1977 2841 2106 2882 vero
2147 2843 2163 2883 :

593 2930 1051 2986 «Prolanaveruut
1069 2935 1444 2983 testamentum
1463 2925 1578 2995 ejus
1591 2924 1678 2979 η’.
1694 2922 1928 2994 ὠδίνω,
1952 2931 2012 2978 ut
2030 2922 2161 2988 dixi,

591 3037 784 3078 manus
807 3020 1057 3076 extensio
1094 3017 1412 3089 signiﬁcare
1457 3025 1639 3087 potest
1680 3015 1958 3082 talionem,
1999 3028 2163 3084 quam

590 3115 764 3170 reddit
812 3113 1101 3184 quispiam,
1155 3124 1269 3174 eos,
1301 3109 1394 3179 qui
1454 3107 1663 3178 aliquid
1714 3107 2014 3162 intulerunt
2046 3120 2164 3160 mo-

2261 622 2362 682 σιν,
2426 623 2533 675 ἀπὸ
2582 624 2673 677 σοῦ
2723 624 3038 695 σύνδεσμον.
3085 625 3180 677 καὶ
3229 625 3590 694 χειροτονίαν.
3665 642 3682 672 ι
3739 624 3843 676 Καὶ

2261 712 2555 784 σύνδεσμον
2603 717 2724 788 μὲν,
2770 717 2844 780 ὣς
2880 734 2943 785 γε
2989 713 3162 787 οἶμαι,
3203 717 3337 786 φησι
3388 717 3486 786 τὴν
3538 716 3649 769 τῶν
3683 716 3842 768 ἐθνῶν

2263 806 2582 878 μοχθηρίαν,
2618 809 2914 878 σκαιότητά
2959 826 3017 862 τε
3064 809 3158 860 καὶ
3201 809 3262 860 τὸ
3313 807 3638 877 φιλόνεικον,
3669 807 3763 861 καὶ
3786 807 3845 859 τὸ

2258 894 2368 952 οἷον
2400 901 2728 970 συνδέσμους
2758 902 3100 972 πραγμάτων
3137 899 3466 972 ἐργάζεσθαι
3494 900 3641 953 κατά
3668 917 3843 960 τινων,

2260 993 2354 1046 καὶ
2384 992 2613 1045 σκολιῶν
2641 994 2962 1064 εὑρεμάτων
2991 993 3260 1048 ποιεῖσθαι
3283 992 3556 1064 ζητήσεις,
3580 993 3657 1056 ὡς
3685 1010 3846 1046 καται

2259 1085 2480 1154 δεσμεῖν
2527 1085 2638 1139 ἔσθ’
2667 1087 2756 1138 ὅτε
2795 1086 2969 1152 τινὰς,
3017 1087 3114 1140 καὶ
3162 1086 3425 1154 ἀφύκτοις
3473 1085 3844 1154 περιστάσεων

2259 1177 2459 1230 ἐνιέναι
2493 1178 2727 1248 βρόχοις.
2750 1180 2842 1231 Δεῖ
2868 1179 2976 1247 γὰρ
3005 1178 3228 1240 ἁπλοῦν,
3249 1179 3342 1230 καὶ
3367 1177 3688 1248 εὐπρόσιτον
3710 1173 3846 1229 εἶναι

2257 1269 2349 1322 τὸν
2393 1269 2708 1340 ἄνθρωπον,
2739 1271 2897 1342 εἴπερ
2940 1271 3054 1342 ἔχοι
3107 1273 3307 1325 σκοπὸν
3350 1270 3652 1343 ὲφορᾶσθαι
3699 1271 3848 1340 παρά

2258 1357 2427 1420 Θεοῦ,
2471 1360 2563 1412 καὶ
2610 1361 2717 1414 τῶν
2768 1361 2899 1432 παρ’
2929 1360 3095 1414 αὑτοῦ
3143 1361 3422 1431 γλίχεσθαι
3469 1360 3844 1432 χαρισμάτων.

2259 1448 2607 1522 Χειροτονίαν
2653 1452 2709 1506 δὲ
2754 1453 2896 1524 τάχα
2939 1453 3042 1507 πού
3089 1470 3220 1524 φησι
3251 1455 3347 1524 τὴν
3379 1452 3731 1524 δωροδοκίαν,
3757 1453 3848 1506 καὶ

2259 1540 2320 1592 τὸ
2349 1541 2652 1614 λημμάτων
2686 1543 2928 1616 αἰσχρῶν
2957 1544 3226 1614 ἐφίεσθαι,
3267 1543 3444 1614 φαμὲν
3473 1545 3586 1614 γὰρ
3627 1542 3738 1596 ἐσθ’
3761 1545 3846 1597 ὅτε

2261 1631 2388 1701 περί
2415 1649 2596 1700 τινων,
2623 1635 2698 1698 ὡς
2723 1635 2780 1688 δὲ
2808 1637 2906 1707 τὴν
2934 1640 3093 1710 χεῖρα
3125 1639 3262 1709 πρὸς
3301 1638 3363 1692 τδ
3403 1637 3591 1692 λαϐεῖν
3622 1642 3847 1693 ἐκτετα-

2264 1721 2431 1792 μένην
2466 1723 2598 1794 ἔχει,
2635 1728 2727 1780 καὶ
2764 1730 2891 1799 περὶ
2925 1729 3032 1782 τῶν
3077 1730 3483 1799 ἀποσειομὲνων
3521 1731 3849 1800 αἰσχροκερ·

2259 1811 2448 1876 δείαις,
2477 1816 2560 1868 ὅτι
2596 1818 3034 1891 συνεσταλμένην
3063 1819 3176 1891 ἔχει
3207 1820 3306 1890 τὴν
3332 1822 3509 1890 χεῖρα.
3545 1820 3779 1891 Εἴρηται
3798 1822 3851 1874 δὲ

2264 1907 2391 1975 περὶ
2427 1906 2536 1960 τῶν
2569 1910 2888 1980 ἡγουμένων
2909 1912 3010 1982 τῆς
3044 1913 3312 1967 Ἰουδαίων
3344 1915 3683 1982 Συναγωγῆς
3702 1933 3716 1944 ·
3746 1935 3764 1965 ι
3788 1913 3851 1968 Οἱ

2264 1997 2552 2068 ἡγούμενοι
2583 2001 2752 2074 αὐτῆς
2791 2003 2931 2074 μετὰ
2965 2003 3154 2075 δώρων
3184 2005 3416 2076 ἔκρινον,
3449 2005 3546 2059 καὶ
3591 2007 3642 2060 oi
3695 2008 3854 2078 ἱερεῖς

2265 2090 2431 2159 αὐτῆς
2468 2093 2605 2161 μετά
2636 2094 2898 2166 ἀργυρίου
2922 2096 3301 2165 ἐμαντεύοντο,
3326 2116 3344 2148 ›
3375 2098 3470 2150 καὶ
3489 2099 3572 2150 ὅτι
3595 2099 3853 2166 γεγόνασι

2265 2184 2508 2236 κοινωνοὶ
2545 2184 2820 2250 κλεπτῶν,
2853 2186 3174 2256 ἀγαπῶντες
3205 2187 3375 2259 δῶρα,
3408 2186 3698 2252 διώκοντες
3728 2191 3853 2243 ἀντ-

2264 2276 2527 2346 απόδομα.
2575 2279 2718 2348 Ἔφη
2758 2277 2816 2331 δέ
2864 2296 2966 2331 που
2998 2280 3092 2333 καὶ
3115 2281 3143 2332 ὁ
3174 2279 3456 2345 Θεσπέσιος
3502 2282 3816 2353 Ἀϐϐακούμ
3837 2302 3848 2312 ·

2271 2386 2288 2418 t
2314 2368 2402 2434 Ἐξ
2425 2369 2672 2432 ἐναντίας
2711 2386 2810 2438 μου
2841 2370 3028 2438 γέγονε
3060 2371 3260 2442 κρίσις,
3298 2372 3393 2426 καὶ
3421 2375 3450 2426 ὁ
3490 2374 3690 2446 κριτὴς
3718 2373 3857 2443 λαμο

2267 2458 2438 2512 ϐἀνει.
2493 2478 2512 2512 ι
2586 2460 2796 2514 Οὐκοῦν
2845 2461 2878 2531 ἢ
2924 2460 3266 2532 δωροληψίας
3316 2463 3471 2516 ἐσται
3521 2466 3859 2535 σημαντικὸν

2266 2549 2522 2619 τοῦνομα,
2556 2549 2855 2612 τουτέστιν,
2889 2551 2920 2620 ἡ
2955 2553 3277 2622 χειροτονία,
3314 2552 3382 2624 ἢν
3404 2552 3470 2624 δὴ
3492 2555 3592 2607 καὶ
3618 2554 3858 2623 ἀφελεῖν,

2265 2637 2433 2708 ἤγουν
2487 2641 2795 2711 ἀποστῆσαι
2841 2644 3241 2714 προστέταχεν·
3291 2645 3326 2715 ἢ
3372 2648 3466 2699 καὶ
3517 2647 3645 2700 καθ’
3677 2648 3859 2717 luga:

2266 2731 2466 2802 τρόπον
2492 2733 2553 2786 τὸ
2581 2733 2989 2805 ἁνταμύνασθαι
3020 2735 3187 2807 δηλοῖ,
3218 2737 3313 2791 καὶ
3345 2737 3406 2791 τὸ
3446 2739 3859 2794 ἀνταποδιδόναι

2267 2825 2435 2879 κακδν
2457 2827 2577 2880 ἀντί
2609 2826 2956 2900 κακοῦ.Ἔφη
2979 2827 3110 2898 γοῦν
3133 2832 3162 2884 ὁ
3183 2830 3485 2902 Ψαλμῳδὸς
3522 2832 3658 2902 περί
3684 2850 3856 2887 τινων.

2268 2919 2349 2973 ὃτι
2386 2937 2403 2970 ι
2429 2917 2693 2984 Ἑξέτεινε
2722 2919 2819 2990 τὴν
2847 2923 3003 2991 χεῖρα
3031 2919 3198 2974 αὐτοῦ
3248 2922 3305 2974 ὲν
3348 2920 3426 2991 τῷ
3471 2922 3811 2977 ἀποδιδόναι.
3839 2945 3854 2973 ι

2268 3011 2610 3082 Προσεπάγει
2625 3011 2704 3078 δὲ,
2717 3011 2797 3063 ὅτι
2817 3029 2834 3062 ι
2848 3010 3222 3082 Ἐϐεϐήλωσαν
3237 3011 3332 3081 τὴν
3351 3011 3622 3084 διαθήκην
3640 3015 3856 3069 αὑτοῦ..

2269 3101 2478 3156 Οὐκοῦν
2509 3105 2541 3174 ὴ
2575 3102 2673 3174 τῆς
2717 3104 2898 3175 χειρὸς
2929 3104 3148 3168 ἕκτασις
3188 3107 3639 3178 κατασημήνειεν
3675 3109 3765 3172 ἃν,
3794 3111 3864 3169 ὡς

592 3207 763 3264 lestiae
787 3205 1074 3266 ulciscens,
1111 3213 1162 3258 et
1197 3202 1280 3258 his
1309 3201 1402 3271 qui
1439 3197 1784 3254 oﬂenderunt
1835 3199 1972 3253 iram
2010 3209 2163 3267 rege-

2269 3195 2424 3265 ἔφην,
2452 3197 2545 3251 καὶ
2582 3198 2682 3268 τὴν
2730 3198 3106 3266 ἀνταπόδοσιν,
3153 3201 3219 3270 ἣν
3253 3199 3318 3253 ἄν
3363 3217 3445 3264 τις
3482 3204 3700 3254 ποιοῖτο
3747 3203 3865 3263 τοὶς

589 3316 736 3355 rens.
781 3297 1122 3353 Ietninimus
1139 3296 1302 3350 etiam
1337 3295 1512 3364 ipsum
1545 3289 1680 3347 Serv
1697 3301 1912 3346 atorem
1943 3290 2125 3345 dicere
2152 3306 2166 3342 :

595 3411 613 3443 ι
655 3392 711 3445 Si
735 3391 858 3460 quis
899 3389 1108 3459 alapam
1140 3387 1234 3442 tibi
1267 3385 1552 3458 impegerit
1586 3384 1638 3439 in
1664 3383 1953 3439 dexteram
1977 3383 2171 3438 maxil-

592 3485 738 3546 lam,
793 3481 1017 3536 obverte
1063 3479 1138 3534 illi
1206 3487 1262 3533 et
1304 3478 1528 3533 alteram
1553 3477 1619 3532 ⁸⁷.
1667 3495 1687 3528 ι
1742 3475 2172 3530 Mansuetudinis

591 3574 737 3628 enim
765 3581 822 3627 et
842 3570 1133 3625 vacuitatis
1181 3569 1278 3622 im
1319 3581 1590 3621 summum
1646 3574 1730 3620 est
1763 3574 2168 3636 argumentum,

593 3679 751 3735 posse
802 3664 910 3717 vim
934 3676 1089 3741 aquo
1126 3661 1310 3714 animo
1343 3658 1506 3720 l‘erre,
1547 3668 1603 3712 et
1647 3670 1753 3712 non
1803 3655 1989 3711 ulcisci
2016 3669 2114 3710 eos
2141 3670 2170 3708 a

593 3759 789 3827 quibus
818 3755 926 3810 laesi
959 3767 1168 3820 sumus,
1203 3751 1297 3806 sed
1333 3749 1556 3818 injurias
1585 3750 1765 3818 potius
1809 3762 1999 3803 eorum
2032 3747 2170 3802 obli-

594 3851 747 3905 visci.
786 3847 907 3902 Vult
953 3847 1118 3900 etiam
1170 3843 1388 3899 auferre
1435 3841 1659 3898 verbum
1707 3838 2171 3896 obmurmuratio-

595 3945 698 3998 nis.
731 3941 838 3996 Nos
861 3939 1003 3994 enim
1037 3937 1198 3992 hilari
1230 3947 1286 3992 et
1315 3936 1483 3990 alacri
1510 3935 1699 3989 animo
1727 3932 1923 4002 subiici
1952 3940 2175 4002 oportet

595 4032 789 4086 divinis
826 4029 1051 4099 legibus,
1108 4034 1165 4081 et
1209 4025 1425 4081 eximite
1479 4021 1882 4079 conversationi
1948 4020 2170 4076 omnino

597 4142 700 4178 non
746 4121 1063 4183 reclamare,
1112 4127 1206 4172 aut
1254 4117 1442 4188 jugum
1477 4115 1634 4186 quasi
1693 4122 1996 4178 excutere,
2051 4127 2170 4168 cum

594 4231 752 4272 meus
775 4215 1033 4283 devergat
1061 4212 1126 4266 ad
1148 4210 1505 4280 cupiditatem
1569 4224 1750 4264 rerum
1793 4206 2125 4262 deteriorum
2154 4243 2170 4270 ,

593 4317 648 4360 et
687 4310 1011 4374 voluptatem
1069 4302 1242 4374 magis
1291 4301 1468 4355 laudet
1516 4314 1679 4370 quam
1737 4297 2170 4366 temperantiam,

589 4379 755 4466 821
784 4403 838 4448 et
879 4393 1003 4447 vita:
1032 4392 1350 4447 veneranda:
1397 4391 1700 4445 mundanas
1751 4388 1975 4442 delicias
2018 4396 2172 4442 aute-

595 4498 782 4558 ponat.
813 4485 968 4554 Quod
1007 4486 1325 4540 factitarunt
1352 4482 1631 4545 lsraelitw,
1651 4496 1775 4535 cum
1799 4480 1928 4534 illud
1950 4479 2172 4549 profun-

2273 3288 2555 3360 καταλυπή
2565 3305 2759 3352 σαντας
2779 3291 3134 3360 ἀμυνόμενος,
3155 3292 3250 3344 καὶ
3275 3294 3386 3354 τοῖς
3417 3292 3865 3362 προσκρούσασιν

2273 3378 2667 3448 ἀντεπαγαγὼν
2694 3380 2761 3434 τά
2792 3380 2852 3446 ἐξ
2876 3381 3067 3452 ὀργῆς.
3098 3381 3447 3454 Μεμνήμεθα
3471 3383 3532 3436 δὲ
3563 3385 3662 3436 καὶ
3699 3384 3866 3437 αὑτοῦ

2271 3470 2365 3524 τοῦ
2402 3473 2650 3544 Σωτῆρος
2695 3473 2964 3542 λέγοντος,
2994 3477 3077 3527 ὅτι
3107 3494 3125 3526 t
3150 3476 3274 3530 Ἐάν
3305 3477 3387 3539 τίς
3438 3493 3496 3528 σε
3528 3478 3759 3546 ῥαπίστς⁸
3791 3479 3871 3538 εἰς

2273 3561 2370 3632 τὴν
2401 3563 2579 3630 δεξιὰν
2611 3567 2850 3634 σιαγόνα,
2891 3567 3120 3638 στρέψον
3157 3569 3307 3638 αὐτῷ
3343 3569 3434 3622 καὶ
3470 3568 3562 3636 τὴν
3600 3569 3816 3638 ἄλλην.
3855 3591 3871 3620 ι

2275 3656 2587 3726 Πραότητος
2626 3659 2734 3729 γὰρ
2763 3659 2858 3712 καὶ
2884 3660 3180 3730 ἀοργησίας
3210 3663 3310 3730 τῆς
3350 3663 3424 3725 είς
3449 3660 3600 3728 λῆξιν
3630 3661 3878 3715 ἀπόδει-

2276 3745 2357 3811 ξις
2380 3749 2578 3816 γένοιτ’
2607 3749 2672 3804 ἂν
2698 3751 2758 3804 τὸ
2783 3751 2979 3804 εἰδέναι
3004 3751 3382 3823 διακαρτερεῖν
3414 3755 3469 3806 ὲν
3494 3753 3872 3820 πλεονεξίαις.

2275 3842 2368 3894 καὶ
2425 3841 2499 3913 μὴ
2557 3841 2962 3912 ἀνταμύνεσθαι
3024 3843 3200 3910 φιλεῖν
3253 3845 3379 3908 τοὺς
3428 3845 3823 3916 λελυπηκότας
3860 3886 3880 3906 .

2275 3933 2666 4005 ἁμνησικάκως
2723 3933 2778 3986 δὲ
2841 3935 3040 4002 μᾶλλον
3089 3935 3395 3990 διακεῖσθαι
3450 3938 3586 4010 περὶ
3651 3940 3874 4000 αὐτούς.

2288 4023 2527 4092 Ἀφελεῖν
2568 4023 2624 4076 δὲ
2673 4023 2920 4094 βούλεται
2967 4025 3101 4094 πρὸς
3146 4026 3318 4096 τούτῳ
3349 4028 3441 4080 καὶ
3475 4029 3716 4098 ῥήματα
3748 4047 3874 4097 γογ-

2275 4116 2506 4186 γυσμοῦ.
2540 4118 2631 4169 Δεῖ
2660 4116 2766 4187 γὰρ
2799 4118 2947 4186 ἡμᾶς
2993 4118 3162 4189 ἱλαρῷ
3206 4122 3518 4190 φρονήματι
3558 4125 3679 4185 τοῖς
3715 4123 3872 4184 θείας

2275 4208 2595 4264 ὑποκεῖσθαι
2641 4209 2844 4280 νόμοις,
2879 4211 2976 4264 καὶ
3013 4212 3109 4283 τῆς
3141 4211 3422 4284 ὲξαιρὲτου
3461 4215 3755 4278 πολιτείας
3783 4233 3874 4285 μη-

2274 4303 2465 4372 δεμίαν
2522 4302 2792 4356 ποιεῖσθαι
2853 4303 3164 4375 καταϐοὴν,
3222 4308 3509 4376 μονονουχὶ
3562 4308 3662 4360 τον
3715 4309 3878 4375 ζυγὸν

2276 4392 2698 4462 ἀποσειομένους
2722 4435 2737 4460 ,
2785 4393 2880 4447 καὶ
2945 4395 3383 4462 καταφοιτῶντος
3440 4397 3539 4449 τοῦ
3591 4398 3689 4450 νοῦ
3741 4400 3878 4469 πρὸς

2276 4483 2462 4553 ἔφεσιν
2498 4484 2597 4555 τὴν
2629 4485 2720 4537 ἐπί
2753 4502 2818 4554 γε
2850 4488 2963 4550 τοῖς
2993 4487 3222 4557 χείροσι,
3255 4488 3346 4540 καὶ
3381 4487 3710 4560 φιληδονίαν
3740 4492 3880 4559 μευ

595 4584 720 4634 dum
739 4578 1021 4632 desertum
1049 4577 1466 4646 pertransirent.
1495 4573 1710 4628 Etenim
1730 4572 1840 4628 Deo
1859 4572 1964 4627 illis
1987 4573 2163 4627 demit-

2278 4575 2366 4628 λον
2401 4575 2750 4641 ἐπαινοῦντος
2811 4577 2842 4649 ἢ
2891 4579 3239 4649 ἐγκράτειαν,
3279 4580 3372 4633 καὶ
3416 4580 3519 4644 τὰς
3569 4584 3632 4634 ἐν
3687 4585 3882 4653 κόσμῳ

596 4681 743 4728 tcnte
778 4685 998 4736 manna,
1041 4671 1108 4723 ad
1161 4669 1406 4738 turpiora
1445 4665 1802 4731 inclinabant,
1863 4665 2108 4720 dicentes
2151 4679 2166 4717 :

596 4785 616 4818 ι
669 4764 884 4821 Utinam
927 4762 1223 4818 fuissemus
1252 4761 1449 4818 mortui
1478 4759 1722 4830 percussi
1755 4775 1786 4812 a
1836 4757 2067 4813 Domino
2115 4759 2167 4811 in

595 4870 736 4914 terra
773 4853 1014 4928 Egypti,
1069 4855 1288 4925 quando
1322 4853 1624 4909 assedimus
1658 4851 1778 4907 ollis
1815 4852 2085 4918 carnium,
2117 4861 2170 4905 et

591 4948 928 5004 comedimus
951 4960 1118 5017 panes
1138 4946 1204 4999 ad
1225 4945 1564 5002 saturitatem
1577 4943 1651 4997 εει
1679 4963 1696 4995 ι
1723 4945 1828 4998 Sed
1854 4945 1955 4999 hoc
1979 4953 2167 4998 contra

592 5041 761 5094 Deum
788 5052 1034 5092 murmur
1069 5035 1172 5091 illis
1195 5034 1403 5090 creavit
1431 5033 1677 5088 exiﬂum.
1706 5033 1994 5089 Perierunt
2023 5036 2166 5090 enim

591 5147 624 5186 a
687 5129 1052 5200 serpentibus.
1113 5127 1255 5183 Hinc
1311 5127 1510 5182 Paulus
1579 5128 2019 5197 sapientissimus
2084 5129 2169 5182 iu-

589 5224 760 5296 quit:
804 5241 822 5275 t
883 5220 1062 5278 Nolite
1106 5235 1448 5276 murmurare
1501 5222 1659 5277 sicuti
1711 5236 1898 5276 eorum
1947 5221 2168 5290 quidam

590 5323 1026 5382 murmuraruut,
1083 5323 1137 5369 et
1191 5329 1221 5368 a
1287 5314 1633 5384 serpentibus
1680 5314 1959 5382 perierunt
2010 5312 2077 5366 δ’.
2143 5331 2162 5363 ι

591 5409 774 5476 Quare
809 5407 968 5463 hilari
1000 5407 1184 5464 animo
1222 5421 1284 5461 ac
1310 5415 1558 5476 prompto
1587 5406 1839 5460 convenit
1869 5405 2046 5460 omnis
2073 5419 2168 5459 or-

591 5507 752 5554 natus
775 5509 831 5554 et
867 5499 1150 5569 elegantiae
1195 5499 1498 5554 studiosqu
1558 5514 1681 5552 esse
1709 5537 1723 5561 ,
1766 5506 1927 5566 atque
1971 5496 2168 5552 eximia

591 5589 737 5645 facta
767 5603 1044 5660 expetere.
1080 5593 1377 5662 Postquam
1409 5601 1585 5645 autem
1626 5590 1914 5645 abstuleris
1941 5592 2168 5644 verbum

593 5683 1065 5747 murmurationis,
1095 5684 1140 5738 si
1170 5683 1264 5740 des
1298 5698 1492 5754 panem
1525 5684 1810 5747 esurienti,
1855 5691 1907 5736 et
1932 5681 2168 5735 animam

608 5787 902 5881 lw'n‘lllich‘.
929 5807 1015 5881 ιιι,
1049 5793 1134 5846 Η.
1236 5795 1280 5826 ⁸³
1316 5793 1521 5852 llabac.
1557 5811 1593 5862 ι,
1629 5796 1682 5851 5.

662 5861 681 5915 ι
710 5858 834 5913 Cor.
874 5875 926 5928 κ,
954 5864 1008 5914 9.

1788 5795 1832 5826 ⁸⁸
1858 5795 2000 5852 Psal.
2036 5810 2143 5861 Liv,
2173 5794 2262 5851 2i.

2277 4667 2484 4739 τρυφὰς
2532 4668 2921 4739 προτάττοντος
2964 4669 3057 4724 τοῦ
3099 4671 3340 4725 διαϐιοῦν
3373 4671 3597 4724 ἑλέσθαι
3639 4675 3880 4735 astri};

2283 4761 2348 4811 Ὀ
2373 4758 2435 4830 δὴ
2467 4759 2559 4812 καὶ
2587 4760 2930 4831 πεπράχασιν
2951 4762 3000 4814 oi
3026 4762 3084 4829 ἐξ
3111 4763 3328 4833 Ἰσραὴλ
3348 4763 3448 4834 τὴν
3477 4763 3724 4834 βαθεῖαν
3750 4769 3880 4820 ἑκεί-

2277 4867 2373 4920 νην
2402 4851 2775 4921 διατρέχοντες
2801 4851 3026 4924 ἔρημον.
3055 4853 3347 4918 Καθιέντος
3376 4854 3487 4925 γὰρ
3516 4855 3616 4910 τοῦ
3660 4857 3808 4912 Θεοῦ
3833 4858 3890 4909 τὶ

2280 4943 2453 5012 μάννα
2481 4943 2684 5007 αὐτοῖς,
2711 4943 2809 5014 τὴν
2839 4945 2974 5015 πρὸς
2999 4944 3067 4999 τὰ
3096 4946 3291 5016 αἰσχίω
3321 4947 3494 5018 ῥοπὴν
3536 4950 3892 5020 εἰσεδέχοντο

2279 5035 2548 5102 λέγοντες,
2583 5056 2600 5086 ς
2640 5036 2866 5106 Ὄφελον
2898 5037 3259 5108 ἀπεθάνομεν,
3296 5037 3604 5109 πληγέντες
3633 5042 3753 5094 ὑπὸ
3777 5042 3898 5094 Κυ-

2281 5127 2394 5197 ρίου
2430 5129 2486 5181 ὲν
2512 5131 2582 5200 γῇ
2614 5129 2913 5197 Αἰγύπτου,
2931 5131 3059 5184 ὅταν
3087 5131 3420 5202 ὲκαθίσαμεν
3455 5133 3554 5185 ἐπὶ
3579 5133 3703 5186 τῶν
3722 5133 3890 5199 λεεὴ·

2277 5238 2384 5274 των
2409 5221 2514 5274 τῶν
2538 5221 2736 5292 κρεῶν,
2753 5223 2848 5276 καὶ
2869 5223 3130 5296 ἠσθίομεν
3150 5224 3343 5295 ἄρτους
3375 5226 3457 5288 είς
3480 5224 3862 5296 πλησμονήν.
3878 5242 3898 5274 ι

2292 5312 2430 5365 Ἀλλ’
2480 5313 2779 5385 ἐκϐέϐηκεν
2822 5315 3005 5378 αὐτοῖς
3059 5316 3138 5379 είς
3187 5315 3406 5387 ὄλεθρον
3456 5318 3485 5370 ὀ
3531 5319 3689 5370 κατὰ
3741 5315 3908 5370 Θεοί

2271 5405 2604 5476 γογγυσμὸς,
2633 5406 2912 5459 ἀπώλοντο
2942 5407 3051 5478 γὰρ
3081 5408 3184 5460 ὑπὸ
3208 5407 3314 5460 τῶν
3355 5408 3555 5477 ὄφεων.
3593 5410 3914 5483 Ταύτῃ-τω

2275 5499 2368 5550 καὶ
2416 5499 2444 5550 ὁ
2496 5498 2808 5569 σοφώτατος
2855 5499 3088 5568 Παῦλος,
3125 5518 3143 5550 ι
3189 5502 3279 5569 Μὴ
3326 5501 3658 5570 γογγύζετε,
3713 5503 3912 5572 εἰη-’τὶς

2277 5591 2457 5654 καθώς
2505 5609 2650 5656 τινες
2708 5591 2888 5645 αὐτῶν
2917 5593 3242 5662 ἐγόγγυσαν,
3276 5595 3369 5645 καὶ
3401 5593 3509 5646 ὑπὸ
3547 5594 3661 5646 τῶν
3689 5595 3916 5660 δ’ξειυν

2275 5682 2570 5738 ἀπώλοντο.
2606 5704 2623 5735 ι
2673 5684 2880 5738 Οὐκοῦν
2923 5685 3094 5756 ἱλαρῷ
3128 5686 3438 5757 φρονήματι
3471 5687 3772 5756 προσήκει
3810 5686 3925 5737 τὸν

2371 5800 2434 5830 λε’·
2468 5801 2600 5857 ibid.
2705 5802 2747 5832 ιν
2792 5799 2979 5860 Matth.
3016 5818 3066 5867 ν,
3093 5800 3179 5856 59.

3317 5799 3363 5830 “
3393 5799 3568 5854 Exod.
3629 5815 3778 5862 xu,
3855 5800 3930 5853 3.
