4092 6296
238 441 374 496 4295

1367 429 1432 486 IN
1474 428 1712 486 ISAIAM
1754 427 1883 483 LIB.
1931 427 1992 484 V.
2035 425 2276 484 TOMUS
2315 426 2402 480 IV.

3364 426 3500 482 1294

233 561 448 629 ἀπάσης
496 559 792 629 εὐκοσμίας
843 556 1198 626 ἐπιμελητὴν,
1229 556 1324 609 καὶ
1361 554 1472 608 τῶν
1512 551 1809 624 ἐξαιρέτων

1926 549 2260 605 lmmiliatam
2300 548 2658 614 saturaveris,
2697 548 2749 602 id
2790 556 2916 612 est,
2972 546 3014 602 si
3055 547 3368 603 misericors
3393 587 3409 612 ,
3453 549 3500 604 si

232 653 517 720 ἐφιέμενον
561 647 1086 720 ἀνδραγαθημάτων,
1116 645 1331 716 ἀφελὼν
1360 645 1418 699 δὲ
1443 644 1502 699 τὺ
1529 644 1682 715 ῥῆμα
1724 640 1818 696 τοῦ

231 739 571 810 γογγυσμοῦ,
608 739 702 793 ἐὰν
742 737 846 809 δῷς
873 736 964 790 τὸν
994 736 1158 807 ἄρτον
1188 735 1465 801 πεινῶντι,
1503 736 1598 787 καὶ
1641 732 1821 804 ψυχὴν

232 832 706 901 τεταπεινωμένην
730 830 1036 900 ἐμπλήσῃς,
1061 827 1358 890 τουτέστιν,
1384 829 1432 880 εί
1452 827 1627 895 γένοιο
1649 824 1821 894 φίλοι·

231 922 498 993 κτίρμων,
525 918 823 990 φιλάγαθός
853 936 913 972 τε
956 921 1051 971 καὶ
1075 915 1416 987 φιλάλληλος,
1442 915 1818 986 εύμετάδοτος,

229 1015 324 1066 καὶ
358 1012 687 1074 κοινωνικὸς,
713 1011 807 1063 καὶ
831 1012 920 1064 τὸν
953 1010 1180 1080 πλησίον
1213 1008 1441 1078 ἀγαπῶν
1464 1007 1539 1068 ὠς
1569 1005 1816 1072 σεαυτὸν,

223 1105 349 1158 τότε
378 1104 626 1157 ἀνατελεῖ
673 1105 732 1156 ἐν
783 1102 862 1172 τῷ
906 1103 1087 1156 σκότει
1115 1102 1176 1155 τὸ
1201 1101 1314 1170 φῶς
1337 1117 1453 1154 σου.
1488 1098 1612 1162 Πῶς
1655 1098 1712 1151 δὲ
1757 1097 1821 1168 δὴ

223 1196 336 1266 ἄρα
369 1196 466 1248 καὶ⁹
499 1195 796 1260 τοῦτο;”Ως
825 1195 936 1265 γὰρ
964 1198 1029 1249 ἐκ
1056 1194 1248 1257 νυκτὸς
1271 1191 1452 1264 ἡμέρα
1479 1190 1708 1259 γίνεται,
1731 1187 1821 1243 οὓ-

222 1303 334 1351 τως
387 1288 445 1339 ἐν
488 1285 1090 1358 ήμῖν,ἐκπεμπομένου
1134 1283 1230 1338 τοῦ
1277 1281 1470 1354 νοητοῦ
1508 1282 1733 1344 σκότους
1759 1279 1822 1332 τὸ

225 1376 372 1429 θεῖον
399 1376 832 1447 ἀντεισκρίνεται
867 1376 1003 1446 φῶς,
1031 1375 1106 1437 ὡς
1139 1376 1314 1429 δοκεῖν
1341 1371 1481 1428 εἶναι
1519 1376 1576 1427 ἐν
1610 1389 1825 1444 μεσημ-

224 1468 380 1540 ϐρίᾳ,
398 1469 696 1534 τουτέστιν,
727 1471 786 1522 ἐν
807 1470 958 1540 ἀκμῇ
979 1468 1381 1538 λαμπρότητος.
1413 1463 1824 1536 Μεσημϐρίζων

223 1561 340 1631 γὰρ
359 1563 387 1614 ό
409 1559 503 1613 τοῦ
532 1559 686 1630 ἡλίου
714 1559 913 1622 κύκλος
959 1560 1326 1630 ἀκμαιότατον
1349 1558 1470 1612 τότε
1495 1557 1558 1628 δὴ
1587 1555 1822 1628 μάλιστα

224 1653 344 1714 τοῖς
390 1650 485 1704 ἐπὶ
525 1650 628 1721 γῆς
659 1649 831 1720 ἐνίησι
863 1648 924 1703 τὸ
951 1650 1287 1720 φῶς,Ἒσται
1319 1649 1384 1720 δὴ
1417 1647 1590 1710 οὕτως
1625 1647 1654 1699 ό
1691 1645 1824 1708 Θεός

226 1759 328 1796 σου
362 1742 502 1813 μετά
527 1742 620 1796 σοῦ
647 1741 737 1794 διὰ
768 1742 988 1806 παντός.
1022 1741 1304 1813 Πάμμεγα
1331 1741 1387 1794 δὲ
1421 1739 1558 1811 πρὸς
1587 1739 1697 1801 τοῖς
1726 1736 1821 1791 ἄλ·

226 1836 348 1898 λοις
382 1835 476 1889 καὶ
508 1835 684 1890 τοῦτο.
713 1835 778 1887 Τί
808 1835 916 1906 γὰρ
949 1835 1046 1906 οὐχ
1075 1834 1312 1906 ὑπάρχει
1336 1831 1445 1886 τῶν
1470 1830 1690 1901 ἀγαθῶν
1710 1832 1822 1892 τοῖς

1923 637 2116 701 amans
2156 645 2448 710 bonorum,
2481 651 2536 700 et
2567 653 2750 698 mutua
2777 641 2911 698 alios
2937 643 3308 712 complectens
3337 644 3504 699 liene-

1923 740 2189 803 volentia,
2240 738 2285 794 si
2322 738 2390 793 ad
2435 737 2853 809 impertiendum
2889 745 2945 792 et
2995 739 3504 794 communicandum

1923 827 2103 884 facilis
2154 828 2368 894 fueris,
2420 837 2477 882 et
2530 829 2836 897 proximum
2887 826 3083 898 diligas
3120 836 3180 881 ut
3223 829 3504 897 teipsum:

1925 927 2054 976 tunc
2082 920 2290 976 orietur
2322 921 2376 974 in
2403 917 2644 974 tenebris
2665 917 2846 974 lumen
2881 927 3054 974 tuum.
3079 918 3255 988 Atqui
3286 921 3506 974 tandem

1922 1012 2071 1069 hoc?
2099 1011 2570 1080 Quemadmodum
2603 1011 2747 1066 enim
2794 1027 2861 1066 ex
2913 1021 3074 1068 nocte
3106 1012 3225 1068 dies
3264 1011 3324 1066 lit
3373 1051 3388 1076 ,
3423 1012 3504 1067 sic

1922 1112 1976 1161 et
2012 1104 2066 1159 in
2104 1104 2285 1170 nobis,
2328 1104 2668 1174 spiritalibus
2689 1104 2932 1162 tenebris
2956 1105 3224 1175 depulsis,
3264 1105 3506 1160 divinum

1921 1195 2107 1252 lumen
2142 1211 2332 1251 earum
2357 1196 2478 1252 loco
2505 1197 2673 1263 subit,
2732 1197 2807 1254 ita
2844 1207 2904 1252 ut
2939 1197 2992 1252 in
3019 1198 3267 1264 meridie,
3308 1197 3360 1252 id
3400 1209 3504 1260 est,

1925 1304 2140 1346 summo
2192 1291 2247 1344 in
2316 1289 2607 1359 splendore
2633 1305 2755 1346 esse
2815 1291 3116 1346 videamur.
3189 1289 3508 1344 Meridiaute

1924 1383 2070 1437 enim
2100 1383 2234 1437 solis
2261 1381 2490 1449 circulo,
2513 1383 2608 1438 lux
2654 1392 2769 1438 tum
2823 1383 3201 1439 intensissima
3231 1391 3387 1439 terrae
3426 1383 3506 1436 in-

1924 1470 2060 1528 colis
2091 1471 2424 1528 immittitur.
2463 1471 2696 1542 Eritque
2721 1473 2801 1528 sic
2829 1474 2970 1529 Deus
2995 1483 3122 1530 tuus
3155 1484 3330 1530 tecum
3363 1490 3507 1530 sern-

1924 1572 2059 1627 per;
2095 1568 2181 1615 est
2210 1573 2430 1631 quoque
2482 1560 2587 1616 hoc
2616 1570 2817 1632 praeter
2840 1561 2946 1617 alia
2995 1564 3314 1619 maximum.
3367 1564 3508 1631 Quid

1923 1648 2065 1702 enim
2108 1649 2232 1705 boni
2271 1665 2377 1706 non
2418 1652 2574 1707 adest
2611 1652 2696 1706 his
2740 1653 2829 1720 qui
2868 1652 2973 1709 hoc
3021 1663 3150 1708 sunt
3197 1653 3510 1709 consecuti?

1925 1741 2028 1795 Aut
2055 1741 2253 1810 quibus
2280 1740 2440 1798 donis
2476 1755 2582 1799 non
2607 1745 2850 1801 abundat
2899 1745 3080 1813 homo,
3109 1745 3153 1800 sl
3200 1744 3341 1800 Deus
3383 1759 3508 1799 cum

1926 1831 2017 1886 illo
2038 1832 2131 1896 sit,
2161 1833 2250 1902 qui
2269 1833 2450 1889 omnia
2469 1843 2648 1904 potest
2662 1843 2717 1890 et
2737 1835 2907 1892 divite
2935 1851 3098 1890 manu
3118 1837 3397 1892 distribuit
3419 1851 3507 1898 ea,

222 1926 390 1981 τοῦτο
419 1926 707 1998 λαχοῦσιν;
736 1929 769 2000 ἢ
800 1928 969 1982 ποίων
1003 1928 1103 1980 οὒκ
1131 1925 1284 1981 ἔσται
1309 1926 1666 1998 χαρισμάτων
1699 1924 1819 1975 ἐπί-

1926 1937 2151 1993 quorum
2183 1925 2554 1994 suppeditatur
2580 1938 2663 1984 est
2684 1937 2738 1984 et
2753 1929 2999 1998 largitor,
3017 1929 3111 1998 qui
3135 1929 3299 1986 etiam
3324 1936 3507 1982 tenta-

222 2035 430 2086 μεστος
479 2018 783 2090 ἄνθρωπος,
819 2018 954 2072 Θεοῦ
1006 2018 1256 2080 συνόντος
1303 2015 1453 2085 αὐτῷ
1495 2014 1593 2067 τοῦ
1642 2015 1821 2068 πάντα

219 2109 526 2179 ἰσχύοντος,
563 2110 657 2164 καὶ
707 2110 934 2181 πλουσίᾳ
979 2109 1125 2180 χειρὶ⁹
1153 2108 1500 2179 διανέμοντος
1533 2105 1603 2160 τὰ
1634 2099 1824 2178 ὧνπερ

211 2202 334 2254 ἐστι
393 2203 626 2274 χορηγὸς
676 2203 771 2257 καί⁵
815 2202 996 2274 δοτὴρ,
1024 2202 1116 2256 καὶ
1165 2199 1562 2263 ἀποσοϐοῦντος
1600 2199 1700 2270 μὲν
1722 2198 1824 2261 τὰς

1928 2015 2139 2069 tionum
2192 2016 2428 2085 impetus
2444 2020 2745 2088 propulsat,
2768 2023 3009 2090 adeoque
3030 2020 3221 2075 fortem
3238 2020 3435 2081 reddit,
3451 2027 3508 2072 ut

1929 2119 1983 2162 et
2007 2109 2058 2162 in
2078 2109 2388 2164 universum
2414 2110 2516 2181 ipsi
2537 2111 2754 2166 Satanae
2770 2123 2822 2167 et
2845 2113 3311 2184 perturbationum
3338 2111 3506 2165 msul-

1933 2203 2078 2257 tibus
2109 2203 2366 2258 resistat?

207 2295 320 2350 τῶν
355 2295 685 2366 πειρασμῶν
725 2296 970 2365 ἐφόδους,
1000 2295 1229 2365 εὐσθενῆ
1265 2294 1321 2348 δέ
1359 2292 1504 2346 οὕτω
1546 2290 1810 2355 τιθέντος,
1849 2292 1990 2347 ὣστε
2020 2297 2113 2349 καὶ
2167 2294 2582 2352 ἀντανίστασθαι
2611 2295 2842 2365 γενικῶς
2889 2297 3154 2370 καὶαύτῷ
3173 2299 3252 2370 τῷ
3274 2300 3506 2370 Σατανᾷ,

208 2392 305 2446 καὶ
337 2391 472 2452 ταῖς
505 2390 571 2442 ἐκ
601 2387 790 2442 παθῶν
816 2387 1100 2458 ἐπηρείαις
1126 2405 1140 2452 ;

283 2483 408 2536 Καὶ
457 2479 891 2550 ἐμπλησθήσῃ,
934 2478 1198 2552 καθάπερ
1239 2478 1520 2549 ἐπιθυμεῖ
1565 2479 1605 2547 ὴ
1652 2477 1824 2547 ψυχή

212 2591 362 2638 σου,
404 2573 506 2628 καὶ
547 2572 620 2627 τὰ
657 2570 808 2626 ὀστᾶ.
848 2587 965 2626 σου
1008 2570 1468 2641 matronam-tat,
1511 2571 1593 2635 ὠς
1630 2568 1826 2638 κῆπος

207 2670 486 2740 μεθύων,
529 2666 630 2720 καὶ
662 2666 742 2732 ὡς
777 2665 961 2735 πηγὴ,
990 2664 1072 2733 ἢν
1094 2663 1182 2735 μὴ
1217 2663 1498 2727 ἐξέλιπεν
1520 2661 1696 2731 ὕδωρ,
1725 2661 1827 2716 καὶ

213 2763 293 2816 τὰ
323 2758 486 2815 ὀστᾶ
516 2772 632 2812 σου
662 2759 740 2825 ὡς
757 2756 991 2824 βοτάνη
1025 2754 1311 2811 (irata/lsi
1337 2754 1436 2809 καὶ
1457 2753 1826 2820 mura-tiam!—

209 2869 339 2918 ται,
379 2851 482 2906 καὶ
511 2847 1043 2918 κληρονομήσουσι
1072 2848 1284 2916 γενεὰς
1310 2843 1553 2915 γενεῶν.

287 2944 410 2998 Καὶ
444 2943 590 3006 τίνος
614 2941 721 3012 ἀρα
746 2937 1230 3011 ἐμπλησθήσεσθε;
1257 2937 1390 3008 φησί
1406 2936 1606 2989 ⁸Θείων
1630 2933 1818 3006 δηλον-

2003 2475 2168 2531 Vens.
2201 2475 2292 2531 Η.
2359 2477 2427 2531 Et
2487 2473 2802 2546 impleberis,
2829 2477 2960 2532 sicut
3003 2479 3266 2536 desiderat
3326 2486 3507 2540 anima

1929 2579 2045 2630 tua,
2067 2578 2114 2620 et
2143 2583 2264 2622 ossa
2298 2577 2391 2621 tua
2439 2571 2799 2638 pinguescant,
2836 2580 2893 2624 ut
2920 2570 3101 2625 hortus
3147 2573 3342 2641 ebrius,
3375 2589 3420 2634 et
3450 2591 3508 2632 ut

1928 2659 2046 2728 fons
2075 2657 2236 2730 quem
2266 2675 2369 2714 non
2419 2661 2647 2715 deseruit
2701 2677 2859 2732 aqua.
2905 2662 2974 2718 Et
3025 2681 3144 2719 ossa
3182 2669 3319 2722 velut
3345 2672 3508 2727 herba

1929 2753 2191 2819 orientur,
2219 2762 2266 2807 et
2296 2753 2653 2823 pinguesrent,
2679 2766 2724 2808 et
2747 2756 3131 2812 Itwreditabunt
3148 2765 3506 2831 generationes

1926 2846 2347 2912 generationum.

1992 2937 2058 2992 Et
2086 2953 2191 3007 qua
2215 2953 2274 2994 re
2301 2953 2454 3007 ergo,
2501 2939 2695 3010 inquit,
2750 2941 3140 3012 implehimini?
3176 2943 3382 3003 Divinis
3403 2951 3510 3007 sci-

208 3041 297 3094 ότι
340 3035 726 3109 χαρισμάτων,
760 3034 854 3087 καὶ
898 3032 1107 3104 τροφῆς
1135 3029 1540 3103 ἀγιοπρεποῦς·
1585 3029 1662 3093 ὼς
1707 3027 1818 3099 γάρ

1926 3037 2044 3093 licet
2069 3036 2382 3094 muneribus
2409 3047 2462 3092 et
2483 3049 2670 3094 sancto
2703 3039 2847 3095 cibo.
2877 3038 2950 3094 Ut
2974 3042 3117 3096 enim
3160 3043 3272 3113 ipse
3311 3046 3506 3101 alicubi

209 3133 380 3193 αὐτὸς
406 3129 514 3198 ἔφη
545 3143 643 3181 πσυ
665 3125 917 3196 Χριστός·
956 3144 974 3175 ι
1004 3124 1119 3177 Οὐκ
1141 3124 1226 3176 ἐπ’
1248 3122 1399 3194 ἄρτῳ
1422 3123 1566 3193 μόνῳ
1593 3121 1820 3192 ζήσεται

1923 3129 2058 3185 dixit
2082 3129 2344 3185 Dominus
2379 3146 2393 3184 :
2432 3146 2453 3183 ι
2491 3127 2606 3184 Non
2639 3129 2694 3184 in
2723 3131 2841 3185 solo
2867 3146 3006 3200 pane
3028 3133 3173 3188 vivet
3207 3134 3386 3200 homo,
3413 3139 3510 3191 sed

209 3225 535 3296 ἄνθρωπος,
567 3220 683 3273 ἀλλ’
710 3220 801 3272 ἐπὶ
845 3220 1008 3272 παντὶ
1041 3219 1246 3290 ῥήματι
1287 3214 1706 3286 ἐκπορευομένῳ
1732 3213 1821 3268 διὰ

1926 3224 1980 3280 in
2024 3225 2172 3282 omni
2219 3221 2388 3278 verbo
2432 3221 2573 3292 quod
2617 3221 2860 3291 procedit
2890 3236 2956 3276 ex
2990 3236 3084 3276 ore
3129 3223 3221 3278 Dei
3239 3223 3318 3290 ⁵ο,
3358 3244 3376 3277 ι
3407 3226 3510 3282 hoc

211 3317 504 3386 στόματος
548 3311 704 3379 Θεοῦ,
738 3331 756 3363 ι
795 3311 952 3364 τοῦτο
1004 3312 1098 3364 καὶ
1134 3308 1303 3363 πάλαι
1331 3309 1443 3370 τοῖς
1487 3305 1547 3370 ἐξ
1588 3306 1820 3376 αἵματος

1926 3319 2086 3374 etiam
2117 3317 2258 3373 'ﬂliis
2302 3317 2470 3389 822
2518 3314 2682 3372 Israel
2715 3315 2844 3372 olim
2890 3314 3036 3370 velut
3089 3316 3141 3371 in
3184 3316 3354 3387 figura
3417 3320 3512 3374 de-

222 3408 458 3482 Ἰσραὴλ
489 3405 566 3469 ὡς
599 3407 659 3460 ἐν
687 3406 841 3475 τύπῳ
869 3403 1221 3475 ἐνεγράφετο,
1283 3399 1564 3463 καθιέντος
1592 3399 1732 3452 Θεοῦ
1767 3397 1823 3452 τὸ

1932 3411 2298 3474 scribebatur,
2315 3411 2425 3466 Deo
2439 3425 2642 3489 Imanna
2662 3408 2981 3464 demittente
3002 3408 3246 3476 caelitus;
3267 3412 3510 3480 quando—

213 3501 403 3572 μάννα
449 3495 508 3563 ἐξ
552 3494 804 3565 ούρανοῦο
854 3494 974 3548 ἐπεί
1017 3509 1138 3546 τινα
1171 3492 1373 3560 τρόπον
1397 3491 1558 3561 ἀρτος
1580 3488 1823 3558 ἀγγέλων

1931 3503 2147 3573 quidem
2172 3503 2328 3573 panis
2354 3488 2666 3574 angelorum
2705 3500 3104 3571 quodammodo
3130 3511 3185 3555 et
3214 3503 3366 3573 panis
3389 3503 3510 3556 cceli

209 3593 449 3663 νοηθείη
479 3590 565 3654 ἂν,
601 3591 695 3644 καὶ
725 3590 888 3660 ἄρτος
911 3585 1163 3659 οὐρανοῦ.
1217 3585 1278 3637 Ei
1317 3584 1373 3637 δὲ
1400 3583 1495 3636 καί
1526 3599 1670 3645 τινες
1691 3576 1823 3645 εῐεν,

1933 3592 2106 3662 possit
2168 3592 2416 3664 intelligi.
2475 3591 2533 3649 Si
2585 3593 2747 3647 etiam
2805 3593 2914 3646 sint
2965 3592 3206 3661 quidam,
3278 3607 3510 3664 quorum

210 3680 299 3747 οἷς
351 3684 418 3735 τὸ
464 3683 606 3734 θεῖον
652 3680 959 3752 ἐνήστραψε
989 3679 1106 3747 φῶς
1138 3678 1409 3739 πλουσίως
1439 3678 1518 3739 είς
1551 3675 1696 3740 νοῦν,
1736 3675 1823 3727 καὶ

1933 3693 2168 3740 mentem
2199 3685 2384 3740 divina
2451 3684 2540 3739 lux
2589 3685 2875 3754 opulenter
2908 3683 3216 3749 colluswat,
3245 3694 3300 3738 et
3330 3700 3512 3740 sacra-

213 3776 332 3826 τῶν
360 3772 530 3841 ἱερῶν
558 3772 906 3840 Γραμμάτων
939 3768 1146 3837 ἀκριϐῆ
1197 3769 1293 3820 καὶ
1327 3768 1624 3836 ἀμώμητον
1650 3769 1823 3836 ἐνειρ-

1938 3792 2054 3831 rum
2089 3775 2416 3832 Litterarum
2466 3787 2712 3832 exactam
2747 3785 2802 3830 et
2834 3777 3104 3831 sinceram
3147 3777 3509 3847 cognitionem

215 3869 442 3934 γάσατο
491 3861 713 3930 γνῶσιν,
767 3862 860 3914 καὶ
906 3859 1128 3920 τούτους
1175 3858 1558 3928 ἐμπεπλῆσθαι
1624 3874 1823 3927 φαμεν,

1933 3869 2317 3937 ingeneravit:
2350 3867 2470 3922 illos
2529 3883 2745 3938 quoque
2802 3867 3032 3922 dicimus
3091 3867 3284 3936 repleri
3331 3877 3386 3922 et
3428 3883 3513 3922 su-

216 3958 322 4012 καὶ
377 3957 464 4018 είς
513 3954 672 4026 κόρον
727 3953 920 4007 ἐλάσαι
957 3953 1056 4022 τῆς
1101 3949 1308 4006 ἄνωθεν
1363 3951 1456 4003 κάι
1498 3951 1648 4022 παρά
1692 3951 1823 4004 Θεοῦ

1932 3974 2100 4029 perno
2127 3973 2191 4012 ac
2243 3959 2425 4014 divino
2478 3958 2599 4014 cibo
2631 3957 2910 4013 exsatiari.
2971 3957 3077 4014 Sed
3139 3959 3243 4014 hoc
3311 3961 3513 4015 excidit

212 4049 480 4124 τρυφῆς’
515 4049 648 4102 ἀλλά
691 4047 883 4101 τούτου
933 4048 1031 4117 μὲν
1092 4045 1448 4100 ἐκπέπτωκεν
1505 4045 1532 4096 ὁ
1588 4046 1823 4116 Ἰσραήλ·

1933 4050 2133 4105 Israel:
2173 4058 2366 4121 gentes
2403 4061 2581 4105 autem
2623 4063 2719 4118 per
2758 4048 2914 4104 fidem
2966 4052 3322 4120 possederunt
3351 4063 3406 4108 et
3432 4067 3512 4106 re-

212 4141 492 4214 γεγόνασί
521 4157 584 4209 γε
624 4141 732 4210 μὴν
773 4143 832 4194 ἐν
879 4140 1070 4210 κτήσει
1125 4139 1218 4192 καὶ
1250 4139 1452 4208 κατοχῇ
1489 4137 1557 4189 τὰ
1587 4137 1716 4207 ἔθνη
1742 4137 1830 4190 διὰ

209 4236 323 4307 τῆς
356 4231 619 4298 πίστεως,
657 4233 750 4286 καὶ
788 4233 900 4284 ὅσοι
929 4231 1021 4284 τὸν
1049 4223 1404 4299 εὐαγγελικὸν
1449 4229 1544 4283 καὶ
1566 4230 1830 4300 σωτήριον

210 4325 554 4401 προσιόντες
571 4324 746 4394 λόγον.
772 4324 882 4377 Καὶ
901 4321 1031 4392 γοῦν
1055 4322 1158 4393 ἔφη
1183 4324 1294 4385 τοῖς
1320 4322 1495 4389 ἁγίοις
1513 4321 1829 4386 ἀποστόλοις

205 4427 238 4479 ό
275 4420 501 4492 Κύριος
529 4417 686 4489 ἡμῶν
728 4416 935 4487 Ἰησοῦς
965 4416 1217 4487 Χριστὸς,
1246 4416 1327 4468 ὅτι
1367 4432 1386 4465 ι
1435 4413 1593 4482 Ὑμῖν
1620 4413 1831 4467 δέδοται

205 4515 434 4587 γνῶναι
481 4511 551 4564 τὰ
601 4511 878 4583 μυστήρια
926 4508 1027 4578 τῆς
1077 4507 1359 4579 βασιλείας
1407 4505 1516 4558 τῶν
1559 4504 1829 4576 οὐρανῶν,

205 4605 465 4664 ἐκείνοις
492 4602 550 4655 δὲ
580 4603 641 4655 ού
667 4603 899 4667 δέδοται,
925 4620 943 4653 ›
964 4603 1077 4662 τοῖς
1108 4599 1445 4668 ἀπιστήσασι
1470 4590 1823 4666 δηλονότι,οἶς

1933 4598 2064 4653 lavit
2090 4599 2271 4654 divina
2305 4600 2516 4654 oratio:
2551 4617 2569 4650 ι
2608 4597 2710 4665 Qui
2734 4599 2980 4653 serviunt
3016 4599 3172 4665 mihi,
3201 4601 3507 4661 comedent.

204 4699 276 4769 δὴ
311 4693 420 4748 καὶ
503 4692 644 4756 θεῖος
673 4663 992 4764 ἐπεφώνησε
1014 4691 1192 4759 λόγος,
1229 4707 1247 4740 ι
1276 4663 1340 4742 ὀί
1366 4663 1710 4753 δουλεύοντες
1736 4706 1823 4759 μοι

1931 4704 2030 4747 vos
2059 4700 2237 4746 autem
2275 4691 2555 4746 esurietis.
2624 4690 2764 4746 Ecce
2796 4691 2889 4760 qui
2941 4663 3184 4745 serviunt
3225 4689 3383 4755 mihi,
3424 4691 3509 4744 bi-

205 4790 521 4861 φάγονται,
551 4785 709 4854 ὑμεῖς
762 4784 818 4837 δὲ
870 4786 1178 4840 πεινάσετε.
1215 4783 1347 4837 Ἰδοὺ
1391 4785 1440 4837 οἱ
1485 4783 1823 4847 δουλεύοντες

1927 4783 2076 4848 bent,
2111 4789 2168 4836 at
2185 4797 2278 4837 vos
2333 4783 2526 4837 sitietis
2541 4784 2609 4837 ⁸⁸.
2639 4801 2658 4834 ι
2716 4781 3036 4837 Esurierunt
3090 4781 3235 4836 enim
3272 4789 3327 4836 et
3360 4780 3510 4836 sitie-

207 4899 310 4956 μοι
371 4876 620 4943 πίονται,
650 4876 807 4946 ὑμεῖς
857 4875 916 4928 δὲ
962 4874 1249 4945 διψήσητε.
1281 4892 1302 4928 s
1334 4873 1660 4928 Ἐπείνασαν
1717 4874 1823 4946 γάρ

1932 4882 2078 4934 runt.
2111 4881 2364 4942 expertes
2398 4873 2663 4928 bonorum
2702 4871 3050 4942 spiritalium,
3085 4879 3140 4926 et
3173 4870 3267 4941 qui
3290 4869 3509 4926 omnino

202 4976 311 5033 καὶ
348 4967 647 5039 ὲδίψησαν,
686 4969 944 5040 ἀμέτοχοι
975 4968 1258 5036 γεγονότες
1275 4966 1382 5020 τῶν
1421 4967 1510 5021 διά
1535 4967 1630 5020 τοῦ
1663 4965 1823 5019 πνεύ-

1931 4963 2073 5017 dona
2105 4961 2304 5017 Christi
2330 4979 2435 5016 non
2460 4971 2833 5033 gustaverunt,
2863 4961 2976 5016 sive
3003 4959 3244 5014 divinam
3268 4967 3323 5013 et
3344 4971 3509 5013 evan-

205 5081 395 5141 ματος
430 5061 677 5129 ἀγαθῶν,
714 5061 806 5114 καὶ
836 5061 1092 5129 ἄγευστοι
1123 5058 1400 5123 παντελῶς
1437 5057 1546 5112 τῶν
1577 5058 1665 5112 διὰ
1695 5059 1823 5127 Χρι-

1932 5053 2160 5124 gelicam
2227 5053 2576 5108 doctrinam!
2613 5052 2759 5107 Dixit
2815 5053 3014 5108 etenim
3067 5064 3165 5120 per
3217 5047 3505 5120 quemdam

203 5139 348 5214 στοῦ
381 5154 770 5226 χαρισμάτων,
793 5153 910 5224 ἦτοι
934 5153 1031 5224 τῆς
1056 5153 1208 5216 θείας
1247 5169 1306 5206 τε
1340 5152 1435 5206 καὶ
1461 5149 1822 5220 εὐαγγελικῆς

1931 5146 2248 5215 prOphetam
2321 5153 2614 5199 sanctum:
2656 5162 2674 5196 ι
2715 5143 2856 5200 Ecce
2909 5157 3010 5212 ego
3082 5141 3279 5195 famem
3307 5139 3509 5196 induco

201 5247 751 5318 παιδεύσεως.“Εφη
780 5249 887 5318 γάρ
919 5265 1023 5300 που
1049 5246 1116 5300 δι’
1142 5247 1261 5310 ἐνὸς
1288 5245 1393 5298 τῶν
1423 5245 1594 5314 ἁγίων
1618 5259 1823 5314 προφη-

1931 5251 2094 5306 super
2143 5245 2369 5301 terram,
2425 5251 2530 5292 non
2589 5236 2786 5291 famem
2841 5236 3018 5303 panis,
3109 5245 3284 5302 neque
3359 5231 3506 5286 sitim

198 5349 348 5403 τῶν
389 5361 410 5392 ι
438 5339 570 5394 Ἰδοὺ
601 5339 710 5409 ἐγὼ
749 5341 905 5411 λιμὸν
937 5341 1129 5408 ἐπάγω
1159 5339 1249 5391 ἐπὶ
1293 5339 1390 5411 τὴν
1422 5339 1548 5408 γῆν,
1574 5339 1633 5390 οὑ
1665 5337 1822 5406 λιμὸν

1932 5344 2108 5400 aquae,
2137 5330 2232 5385 sed
2270 5327 2468 5383 famem
2504 5327 2754 5383 audiendi
2807 5337 3114 5380 sermonem
3162 5321 3374 5377 Domini
3408 5329 3507 5374 :et

197 5442 414 5512 ἄρτου.
450 5431 574 5484 οὐδὲ
613 5431 770 5501 δίψαν
812 5430 1024 5496 ὓδατος,
1065 5429 1198 5484 ἀλλά
1254 5429 1410 5500 λιμὸν
1456 5427 1550 5481 τοῦ
1595 5427 1821 5481 ἀκοῦσαι

1930 5423 1998 5477 ab
2025 5432 2147 5478 ortu
2188 5423 2256 5477 ad
2285 5435 2536 5477 occasum
2578 5433 2751 5490 usque
2795 5417 3155 5479 cursitabunt,
3205 5425 3509 5484 qmerentes

197 5507 375 5599 λόγον
412 5525 651 5594 Κυρίου,
681 5523 774 5577 καὶ
814 5523 922 5576 ἀπὸ
953 5523 1228 5577 ἀνατολῶν
1279 5523 1384 5587 ἓως
1415 5519 1635 5590 δυσμῶν
1668 5537 1822 5590 περιο

1930 5529 2235 5570 sermonem
2257 5513 2487 5579 Domini,
2521 5522 2578 5568 et
2622 5527 2728 5567 non
2758 5510 3034 5565 invenient
3054 5507 3121 5560 ⁵³.
3153 5525 3170 5557 ι
3210 5507 3510 5576 Ademptus

195 5616 568 5697 δραμοῦνται
613 5614 902 5686 ζητοῦντες
945 5615 1037 5669 τὸν
1079 5615 1236 5684 λόγον
1268 5615 1496 5684 Κυρίου,
1531 5613 1624 5666 καὶ¹
1649 5614 1709 5664 οὐ
1745 5612 1820 5682 μὴ

1930 5614 2016 5661 est
2071 5606 2216 5661 enim
2271 5606 2420 5676 gregi
2468 5603 2776 5660 Iudaeorum
2811 5601 3058 5656 viviﬁcus
3101 5608 3156 5654 et
3186 5598 3510 5654 nutrientis-

197 5689 486 5781 εῧρὼσιν-
525 5721 542 5750 ³
583 5702 874 5775 Ἐξῄρηται
925 5703 1034 5775 γὰρ
1084 5703 1184 5773 τῆς
1236 5702 1500 5755 Ἰουδαίων
1549 5701 1748 5770 ἀγέλης
1793 5703 1821 5752 ὁ

1929 5698 2098 5754 simus
2146 5712 2351 5765 sermo,
2399 5705 2454 5753 et
2490 5697 2650 5752 datus
2691 5704 2794 5760 est,
2840 5695 2914 5750 uti
2975 5693 3108 5764 dixi,
3157 5689 3508 5763 diligentibus

1933 4145 2248 4208 tinuerunt,
2297 4152 2351 4198 et
2385 4142 2693 4214 quicunque
2725 4141 3096 4213 evangelicum
3130 4153 3183 4198 et
3213 4143 3508 4199 salutarem

1932 4249 2236 4290 sermonem
2267 4233 2576 4297 admittunt.
2614 4231 2880 4288 Nimirum
2905 4234 3258 4289 dixitsanctis
3290 4243 3509 4305 aposto-

1931 4325 1998 4380 lis
2024 4324 2282 4379 Dominus
2317 4332 2500 4379 noster
2542 4322 2699 4379 Jesus
2735 4323 3027 4379 Christus:
3069 4342 3089 4375 ι
3131 4323 3295 4379 Vobis
3325 4325 3507 4380 datum

1932 4426 2018 4473 est
2071 4419 2214 4472 scire
2262 4416 2521 4487 mysteria
2581 4417 2731 4485 regni
2786 4416 3073 4484 ccelornm,
3108 4423 3162 4470 at
3191 4415 3296 4472 illis
3322 4420 3508 4472 datum

1933 4523 2041 4564 non
2071 4519 2154 4565 est
2178 4509 2244 4577 ⁸¹,
2273 4529 2291 4561 ι
2326 4508 2633 4565 inﬁdelibus
2649 4508 2884 4574 scilicet,
2913 4523 3050 4580 quos
3072 4509 3236 4563 etiam
3269 4509 3510 4581 compel-

281 5893 332 5924 ⁸ο
370 5883 570 5941 Matth.
608 5899 683 5950 tv,
715 5883 768 5939 4.
847 5883 886 5915 ³⁸
928 5883 1114 5938 Matth.
1148 5899 1264 5948 xrt,
1301 5882 1381 5936 ll.
1459 5884 1502 5913 δ’
1537 5879 1636 5936 lsa.
1677 5894 1798 5944 ιτν,

1993 5877 2064 5953 ,⁵⁸
2091 5878 2254 5932 Amos
2287 5891 2399 5944 vnt,
2435 5876 2519 5945 ll,
2561 5874 2642 5929 12.
