4078 6292
608 429 630 482 l
641 426 746 484 293

1601 425 1656 478 S.
1701 423 1973 479 CYRILLI
2018 421 2490 478 ALEXANDRINI
2531 421 2848 477 ARCI‘IIEP.

3769 420 3908 476 #596

605 545 904 608 Christum,
961 555 1097 611 quos
1129 538 1486 610 compellavit,
1542 540 1728 596 dicens
1773 559 1784 593 :
1823 559 1841 592 ι
1879 541 2058 607 Edite,
2122 549 2177 594 et

2296 540 2538 606 ζωοποιός
2579 557 2639 593 τε
2695 540 2790 593 καὶ
2836 535 3248 608 τροφιμώτατος
3294 535 3392 589 τοῦ
3421 534 3564 589 Θεοῦ
3593 535 3788 603 λόγος.
3816 539 3911 588 Δέ-

607 633 976 698 inebriamini,
1012 632 1259 687 vicini“.
1289 651 1307 682 ι
1345 633 1450 685 Sed
1470 633 1760 688 etdivinus
1785 632 1951 687 David
1982 632 2179 701 psallit,

609 735 795 796 utpote
845 724 1067 794 hujusce
1108 725 1242 779 adeo
1265 724 1546 794 przeclara:
1573 733 1628 779 et
1662 725 1950 780 uberrimae
2007 725 2186 780 muni-

607 814 836 870 ﬁcentiae
897 813 1212 882 particeps:
1255 830 1274 864 ι
1309 813 1520 868 l‘arasti
1597 814 1650 868 in
1711 821 2001 884 conspectu
2064 827 2186 869 meo

607 923 851 961 mensam
915 907 1178 962 adversus
1235 922 1329 961 eos
1379 907 1471 977 qui
1511 906 1774 962 tribulant
1827 921 1934 964 me.
1969 904 2186 976 Impin-

607 998 784 1067 guasti
813 997 866 1052 in
895 997 1014 1053 oleo
1052 1007 1214 1070 caput
1243 1012 1446 1064 meum,
1477 1008 1535 1054 et
1567 999 1708 1054 calix
1741 1009 1862 1055 tuus
1910 999 2186 1056 inebrians

606 1103 714 1154 me,
745 1104 906 1160 quam
969 1089 1260 1159 praeclarus
1286 1101 1373 1145 est
1391 1091 1458 1146 ⁸⁵.
1485 1109 1504 1144 ι
1550 1092 1869 1162 Quicunque
1895 1106 2025 1162 ergo
2049 1091 2186 1146 divi-

607 1194 802 1234 norum
829 1181 1210 1252 mysteriorum
1254 1182 1562 1238 habuerunt
1591 1185 1957 1255 cognitionem
1987 1184 2068 1239 vel
2104 1183 2188 1239 his

606 1269 814 1342 impleti
852 1281 999 1339 sunt,
1057 1274 1248 1328 horum
1301 1289 1422 1329 ossa
1464 1275 1808 1347 pinguefacta
1833 1285 1977 1331 sunt.
2027 1275 2187 1348 Figu-

608 1369 729 1415 rata
769 1371 950 1418 autem
984 1370 1069 1418 est
1109 1365 1310 1430 oratio,
1340 1374 1552 1436 sumpta
1578 1366 1646 1420 ab
1683 1367 1768 1421 bis
1793 1365 2188 1436 quodammodo

608 1455 699 1522 qui
729 1456 877 1510 carni
907 1466 961 1510 et
989 1457 1149 1527 genio
1193 1457 1472 1530 indulgere
1511 1459 1712 1514 solent.
1770 1459 1973 1514 llorum
2001 1459 2186 1514 anima

608 1547 700 1600 liet
729 1557 984 1618 tauquam
1017 1550 1205 1603 hortus
1230 1551 1435 1617 ebrius,
1484 1551 1536 1606 id
1561 1561 1665 1619 est,
1695 1551 1943 1618 ﬂoridus,
1973 1561 2028 1607 et
2053 1553 2190 1608 bene

610 1639 806 1694 densus
845 1641 1154 1707 arboribus,
1223 1651 1278 1696 et
1335 1642 1503 1698 variis
1536 1643 1728 1698 ﬂorum
1778 1645 2066 1714 generibus
2093 1649 2190 1700 de-

609 1741 848 1797 coratus,
915 1747 983 1788 ac
1048 1733 1374 1804 multiplices
1425 1736 1636 1791 fructus
1685 1737 1988 1807 proferens.
2037 1735 2189 1790 Horti

609 1824 754 1876 enim
793 1825 881 1893 qui
941 1840 1078 1894 aqua
1111 1835 1320 1892 carent,
1365 1827 1657 1881 maximam
1690 1828 1891 1884 habent
1933 1828 2190 1884 deformi-

611 1926 798 1981 tatem,
862 1927 1050 1988 utpote
1103 1918 1238 1972 aridi
1272 1925 1327 1972 et
1380 1918 1526 1972 omni
1552 1920 1730 1974 fructu
1788 1921 1964 1986 vacui,
1996 1922 2102 1974 imo
2136 1931 2191 1975 et

609 2009 738 2076 ipsis
761 2009 960 2080 plantis
986 2010 1334 2066 destituti.At
1373 2012 1464 2080 qui
1500 2027 1761 2081 aquarum
1794 2013 1963 2068 libero
1991 2013 2190 2080 impetu

609 2100 862 2154 inebriati
907 2108 1054 2167 sunt,
1108 2101 1429 2170 omnigenis,
1457 2102 1622 2173 823
1656 2112 1713 2158 ut
1745 2104 1880 2170 dixi,
1919 2119 2193 2159 coronan-

612 2198 698 2242 tur
743 2189 1035 2244 l'ructibus.
1077 2189 1280 2246 Hortus
1329 2191 1530 2248 Christi
1582 2193 1722 2250 facta
1774 2205 1858 2251 est
1901 2195 2140 2252 Ecclesia
2176 2214 2190 2252 :

610 2283 762 2353 cujus
830 2292 1045 2354 sumpta
1121 2299 1349 2354 persona
1437 2289 1490 2342 in
1559 2287 1786 2345 Cantico
1853 2291 2192 2348 canticorum

609 2386 829 2442 sponsa,
886 2390 904 2422 ι
945 2374 1271 2443 Descendat,
1298 2378 1492 2446 inquit,
1525 2393 1690 2447 nepos
1723 2394 1875 2436 meus
1899 2380 1950 2434 in
1979 2381 2194 2436 hortum

611 2480 791 2530 suum,
827 2474 882 2520 et
910 2467 1157 2521 comedat
1184 2467 1414 2523 fructum
1451 2483 1646 2524 nucum
1669 2485 1887 2526 suarum
1909 2471 1977 2526 ⁵⁸.
2011 2492 2030 2524 ι
2059 2472 2194 2528 Nam

610 2559 752 2628 quod
790 2557 934 2613 inter
968 2565 1192 2614 arbores
1243 2570 1329 2616 est
1387 2577 1496 2616 nux
1552 2562 1634 2617 vel
1680 2563 1891 2618 fructus
1923 2574 2194 2633 maturus,

619 2651 723 2708 hoc
775 2661 858 2706 est
909 2653 962 2706 in
1023 2654 1218 2708 animis
1269 2663 1581 2710 sanctorum
1644 2656 1816 2711 virtus
1840 2656 2078 2724 pulchra
2142 2667 2199 2712 et

616 2740 727 2795 Deo
748 2741 1166 2812 jucundissima.
1217 2741 1404 2811 Itaque
1437 2754 1494 2796 ut
1527 2745 1716 2799 hortus
1755 2746 1962 2810 ebrius,
1998 2746 2194 2816 inquit,

611 2827 717 2881 erit
748 2829 926 2882 anima
956 2835 1067 2894 tua,
1102 2839 1156 2884 et
1198 2838 1254 2882 ut
1289 2829 1408 2884 fons
1443 2845 1602 2899 quem
1631 2847 1738 2886 non
1771 2834 2010 2890 deseruit
2032 2851 2193 2906 aqua.

615 2917 774 2974 Tales
797 2919 1016 2974 fuerunt
1072 2921 1237 2977 divini
1277 2923 1598 2994 mystagogi,
1629 2939 1657 2978 a
1699 2925 1861 2980 corde
1913 2941 2038 2992 suo,
2071 2937 2194 2981 tan-

616 3025 778 3081 quam
817 3013 1091 3082 aperenni
1131 3014 1299 3078 fonte,
1375 3017 1477 3084 piae
1529 3015 1788 3071 doctrinae
1845 3019 2049 3075 rivulos
2106 3022 2199 3075 de-

618 3104 915 3173 mittentes,
963 3114 1232 3161 eteorum
1271 3106 1360 3177 qui
1407 3107 1764 3164 instituuntur
1822 3111 2034 3168 animos
2064 3127 2196 3182 Opu-

2283 633 2429 686 δοται
2454 633 2532 699 δὲ,
2566 633 2643 696 ὡς
2677 632 2834 702 ἔφην,
2872 633 2982 694 τοῖς
3011 630 3266 698 ἀγαπῶσι
3297 629 3569 700 Χριστὸν,
3603 624 3692 692 οἷς
3818 632 3910 683 καὶ

2284 723 2603 795 ἐπεφώνησε
2635 724 2829 792 λέγων·
2864 741 2883 774 ι
2914 723 3143 792 Φάγετε,
3173 723 3268 774 καὶ
3300 721 3722 793 μεθύσθητε,οί
3780 722 3912 791 πλη-

2288 816 2420 871 σίον.
2451 835 2471 868 ι
2501 816 2708 876 urens:
2733 815 2862 885 γοῦν
2882 815 2974 869 καὶ
2992 816 3020 866 ό
3047 813 3332 877 θεσπέσιος
3362 812 3558 876 Δα6ὶδ,
3591 812 3698 865 ἆτε
3726 813 3801 883 δὴ
3822 817 3912 866 καὶ

2285 911 2344 962 ἐν
2377 907 2592 980 μεθέξει
2622 905 2866 977 γεγονὼς
2917 906 3020 977 τῆς
3064 905 3236 970 οὓτως
3267 905 3482 976 σεπτῆς
3533 907 3638 960 καὶ
3670 907 3915 976 ἀμφιλα-

2287 998 2422 1069 φοῦς
2467 997 2812 1069 φιλοτιμίας’
2851 1015 2868 1048 ι
2892 996 3224 1068 Ἠτοίμασας
3265 995 3504 1049 ἐνώπιόν
3551 1011 3670 1065 μου
3701 997 3914 1064 τράπε⁸

2288 1089 2388 1156 ζαν
2429 1089 2490 1154 ἐξ
2537 1090 2785 1154 ἐναντίας
2830 1087 2941 1144 τῶν
2987 1087 3276 1142 θλιϐόντων
3327 1103 3396 1157 με
3423 1100 3436 1114 ⁸
3510 1086 3808 1150 ἐλίπανας
3862 1087 3912 1138 ἐν

2289 1183 2455 1255 ἐλαίῳ
2501 1181 2599 1254 τὴν
2647 1179 2890 1252 κεφαλήν
2926 1197 3051 1252 μου,
3117 1177 3213 1233 καὶ
3251 1179 3316 1232 τὸ
3357 1179 3635 1248 ποτήριόν
3681 1195 3793 1230 σου
3825 1196 3916 1248 με·

2290 1276 2488 1330 θύσκον
2530 1291 2618 1346 με,
2647 1274 2723 1338 ὡς
2755 1273 3065 1345 κράτιστον.
3099 1291 3117 1325 ι
3162 1270 3373 1325 Οὐκοῦν
3423 1272 3544 1326 ὅσοι
3568 1270 3696 1324 τῶν
3755 1270 3915 1324 θείων

2289 1366 2455 1421 αὑτοῦ
2486 1365 2801 1438 μυστηρίων
2833 1365 3100 1436 ἐσχήκασι
3141 1364 3364 1433 γνῶσιν,
3393 1365 3518 1435 ἦτοι
3545 1363 3906 1435 ἐνεπλήσθην

2293 1477 2392 1514 σαν
2438 1445 2665 1524 τούτων,
2704 1457 3145 1527 κατεπιάνθησαν
3182 1457 3248 1510 τὰ
3281 1457 3415 1510 ὀστᾶ
3437 1497 3451 1510 .
3472 1455 3909 1527 Ἑσχηματξσθη

2290 1552 2346 1605 δέ
2375 1553 2404 1604 ό
2435 1551 2592 1620 λόγος
2646 1551 2723 1614 ὡς
2750 1550 2859 1605 ἀπό
2893 1567 2957 1618 γε
2986 1550 3094 1602 τῶν
3123 1551 3337 1622 τρυφᾷν
3379 1549 3679 1603 εἰωθότων
3731 1568 3912 1622 σαρκι-

2293 1641 2431 1706 κῶς·
2482 1642 2592 1696 τῶν
2646 1642 2902 1696 τοιούτων
2947 1645 2982 1712 ἡ
3029 1641 3176 1712 ψυχὴ
3221 1643 3430 1710 γένοιτο
3473 1639 3546 1694 ἂν
3597 1641 3687 1705 ὡς
3739 1642 3908 1714 κῆπος

2296 1737 2532 1808 μεθύων,
2559 1739 2835 1793 τουτέστιν
2876 1737 3126 1808 εὐανθὴς,
3171 1738 3266 1790 καὶ
3319 1737 3788 1809 εὐδενδρότατος,
3827 1740 3906 1790 καὶ

2293 1831 2564 1896 ποικίλαις
2597 1831 2806 1885 ἀνθέων
2852 1830 3014 1894 ἰδέαις
3045 1831 3469 1900 ἐξωραῖσμένος,
3501 1830 3606 1882 καὶ
3641 1829 3908 1882 παντοδα-

2224 1897 2430 1987 Β’ποῦς
2484 1923 2732 1994 ἐκφέρων
2783 1897 3298 1994 καρπούςυίμέν
3344 1922 3455 1989 γὰρ
3510 1920 3754 1990 ἄνυδροι
3811 1920 3908 1972 τῶν

2294 2013 2485 2084 κήπων
2538 2012 2673 2066 πολὺ
2725 2011 2845 2066 λίαν
2894 2011 3076 2081 ἔχουσι
3134 2011 3194 2064 τὸ
3241 2009 3516 2081 εἰδεχθὲς·
3568 2009 3746 2082 ξηροὶ
3807 2010 3906 2079 γάρ

2293 2106 2400 2158 εἱσι
2461 2103 2558 2156 καὶ
2596 2103 2796 2166 παντὸς
2842 2100 3037 2172 ἔρημοι
3090 2099 3305 2171 καρποῦ
3333 2140 3348 2164 ,
3390 2098 3422 2168 ἢ
3465 2099 3623 2170 τάχα.
3669 2116 3778 2152 που
3820 2103 3904 2151 καὶ

2293 2195 2472 2250 αὐτῶν
2534 2197 2592 2249 ἐν
2654 2195 2830 2266 ἐνδείᾳ
2887 2193 2997 2247 τῶν
3057 2193 3258 2263 φυτῶν.
3321 2193 3390 2246 Οῖ
3424 2210 3492 2261 γε
3538 2193 3659 2264 μὴν
3703 2194 3904 2246 ὑδάτων

2293 2287 2643 2356 ἀταμιεύτοις
2697 2287 2896 2356 ὁρμαῖς
2957 2283 3432 2356 ἐκμεμεθυσμένοι
3498 2285 3898 2348 παντοδαποῖς,

2294 2380 2368 2444 ὡς
2425 2378 2581 2449 ἔφην,
2626 2375 3016 2446 στεφανοῦνται
3086 2377 3341 2446 καρποῖς.
3397 2375 3608 2446 Κῆπός
3686 2395 3754 2445 γε
3803 2378 3898 2447 μὴν

2294 2464 2533 2537 Χριστοῦ
2594 2465 2818 2534 γέγονεν
2861 2465 2897 2536 ἡ
2955 2463 3277 2535 Ἐκκλησία,
3326 2460 3398 2537 ἦς
3431 2465 3504 2536 δὴ
3551 2467 3660 2520 καὶ
3715 2467 3899 2520 auia-

2295 2557 2468 2613 δοῦσα
2501 2558 2563 2612 τὸ
2591 2557 2884 2630 πρόσωπον
2913 2559 2946 2629 ἡ
2993 2561 3050 2612 ἐν
3087 2557 3166 2628 τῷ
3201 2560 3445 2630 ’ᾼσματι
3481 2559 3603 2612 τῶν
3651 2561 3897 2630 ᾀσμάτων

2295 2653 2619 2725 γραφομένη
2637 2653 2844 2724 νύμφη,
2872 2673 2890 2705 ι
2919 2652 3252 2724 Καταεήτω,
3269 2654 3464 2724 φησιν,
3482 2653 3786 2723 ἀδελφιδός
3809 2671 3890 2722 μου

2295 2751 2376 2811 είς
2425 2749 2602 2818 κῆπον
2649 2747 2836 2813 αὑτοῦ,
2883 2749 2978 2800 καὶ
3028 2747 3248 2816 φαγέτω
3304 2745 3529 2814 καρπὸν
3584 2746 3887 2819 ἀκροδρύων

2297 2838 2464 2893 αὑτοῦ
2483 2850 2532 2890 ἰ
2551 2839 2690 2909 ὅπερ
2717 2838 2826 2909 γάρ
2860 2839 3010 2891 ἐστιν
3039 2840 3096 2892 ἐν
3123 2839 3310 2907 φυτοῖς
3338 2836 3402 2890 τὸ
3425 2837 3778 2910 ἀκρόδρυον,
3795 2839 3881 2907 ﬁrst

2298 2930 2512 3001 καρπὸς
2540 2929 2759 3004 ὡραῖος,
2807 2930 2965 2984 τοῦτο
3009 2930 3106 2983 καὶ
3158 2931 3216 2982 ἐν
3261 2928 3467 3000 ψυχαῖς
3501 2930 3694 2997 ἁγίων
3746 2931 3871 3000 ἀρετὴ

2297 3022 2439 3091 καλὴ
2493 3021 2587 3076 καὶ
2609 3021 2798 3094 ἡδίστη
2832 3022 2910 3092 τῷ
2939 3021 3078 3092 Θεῷ.
3113 3021 3321 3075 υύκοῦν
3354 3021 3434 3085 ὡς
3465 3023 3667 3092 κῆπος
3702 3022 3875 3093 μεθύων

2299 3113 2688 3185 ἔσταιηςρησὶν,
2737 3115 2770 3184 ὴ
2803 3113 2950 3185 ψυχή
2985 3131 3100 3180 σου,
3129 3115 3218 3167 ναὶ
3247 3113 3353 3184 μὴν
3383 3113 3485 3168 καὶ
3526 3115 3609 3179 ὼς
3644 3116 3813 3184 πηγὴ,
3833 3114 3881 3182 ἦν

614 3197 790 3252 leuter
861 3197 1172 3270 irrigantes.
1231 3198 1585 3255 Coniirmabit
1646 3202 1808 3256 etiam
1893 3204 2007 3274 ipse
2060 3206 2193 3260 adeo

2305 3208 2379 3278 μὴ
2412 3206 2656 3272 ἐξέλιπεν
2693 3207 2857 3278 ὕδωρ.
2893 3206 3139 3260 Τοιοῦτοι
3183 3207 3481 3275 γεγόνασιν
3529 3208 3584 3260 οἱ
3624 3207 3883 3262 θεσπέσια

618 3291 1003 3346 excellentium
1084 3293 1348 3347 donorum
1442 3293 1808 3362 dispensator,
1889 3297 2191 3368 inquiens:

619 3385 766 3452 «Qui
790 3386 965 3441 credit
1015 3386 1069 3440 in
1123 3401 1229 3452 me,
1270 3387 1426 3440 sicuti
1453 3387 1904 3459 dicitScriptura,
1972 3392 2194 3447 ﬂumina

615 3475 680 3530 de
713 3487 899 3531 ventre
957 3477 1072 3546 ejus
1127 3476 1294 3534 ﬂuent
1344 3495 1498 3551 aqua:
1527 3481 1652 3536 vita:
1674 3482 1743 3535 ".
1783 3500 1802 3533 ι
1833 3482 1900 3536 Ει
1961 3499 2190 3540 rursus:

619 3583 641 3616 ι
672 3564 860 3621 Omnis
888 3567 979 3635 qui
1007 3566 1142 3621 bibit
1163 3568 1229 3622 de
1255 3584 1394 3638 aqua
1419 3571 1540 3634 hac,
1573 3570 1721 3626 sitiet
1755 3588 1968 3628 rursus.
2008 3575 2075 3628 At
2103 3575 2195 3644 qui

614 3661 753 3716 bibit
800 3676 864 3716 ex
898 3675 1059 3730 aqua,
1094 3677 1255 3732 quam
1305 3678 1406 3735 ego
1445 3665 1584 3720 dabo
1610 3667 1693 3732 ei,
1757 3665 1849 3722 ﬁet
1884 3668 1936 3722 in
1979 3683 2044 3723 eo
2076 3669 2198 3724 fons

615 3768 770 3824 aqum
821 3754 1065 3810 salientis
1123 3755 1177 3810 in
1240 3757 1407 3810 vitam
1451 3766 1708 3813 aeternam
1730 3759 1796 3814 ⁸⁸.
1849 3779 1868 3812 ι
1921 3759 2196 3828 Ejusmodi

616 3859 737 3900 esse
776 3845 1008 3901 dicimus
1040 3853 1259 3900 sanctos
1307 3848 1581 3915 apostolos
1630 3858 1686 3904 et
1730 3851 2114 3921 evangelistas,
2143 3861 2199 3907 et

615 3937 926 4004 quicunque
973 3935 1214 3990 divinum
1294 3939 1518 3992 verbum
1582 3941 1930 4007 annuntiant,
1999 3942 2195 4009 partim

618 4029 833 4098 quidem
864 4031 1176 4099 dogmatum
1239 4029 1431 4099 peritia
1485 4030 1742 4097 illustres,
1797 4035 1993 4104 partim
2020 4035 2199 4104 splen-

619 4121 766 4176 doris
799 4135 1020 4192 operum
1049 4122 1192 4176 viam
1221 4131 1729 4178 commonstrantes.
1793 4123 1859 4178 Et
1921 4139 2049 4180 ossa
2083 4135 2196 4193 tua,

622 4212 816 4284 inquit,
865 4214 1009 4268 velut
1064 4215 1229 4269 herba
1277 4217 1546 4284 orientur,
1603 4227 1658 4273 ct
1712 4218 2090 4286 pinguesceut,
2144 4229 2197 4276 et

619 4305 1016 4360 bmreditabunt
1069 4309 1446 4376 generationes
1497 4312 1928 4380 generatiuuum.
1979 4310 2200 4367 Videtur

619 4397 705 4450 his
754 4397 934 4452 verbis
985 4401 1403 4456 resurrectionis
1450 4403 1768 4473 mysterium
1800 4405 2194 4459 demonstrare.

613 4488 885 4560 .Resurget
939 4491 1084 4545 enim
1144 4503 1252 4546 tum
1319 4509 1538 4563 corpus,
1575 4508 1674 4549 ceu
1716 4493 1884 4549 herba
1942 4495 1994 4548 in
2042 4509 2195 4565 agro,

2305 3301 2677 3372 μυσταγωγοὶ,
2711 3301 2961 3373 καθάπερ
2989 3300 3098 3354 ἀπὸ
3127 3300 3310 3371 πηγῆς
3345 3301 3586 3354 ἀεννάου
3634 3302 3740 3371 τῆς
3781 3303 3887 3353 ἑαυ-

2301 3396 2410 3450 τῶν
2440 3395 2668 3467 καρδίας
2707 3393 2778 3447 τὰ
2811 3394 2914 3464 τῆς
2947 3391 3204 3456 εὐσεϐοῦς
3233 3390 3592 3456 διδασκαλίας
3623 3394 3892 3463 προίόντες

2301 3488 2519 3558 νάματα
2538 3528 2553 3552 ,
2587 3486 2682 3539 καὶ
2707 3485 2805 3548 τὰς
2831 3484 2942 3538 τῶν
2976 3483 3381 3554 παιδευομένων
3411 3483 3593 3554 ψυχὰς
3625 3484 3894 3545 πλουσίως

2303 3578 2752 3650 καταρδεύοντες.
2786 3577 2898 3630 Καὶ
2931 3574 3263 3629 πιστώσεται
3301 3575 3474 3643 λέγων
3501 3575 3675 3636 αὐτὸς
3712 3579 3745 3627 ὁ
3793 3577 3898 3628 τῶν

2301 3669 2474 3732 οὕτως
2517 3667 2811 3740 ἐξαιρέτων
2856 3665 3214 3738 χαρισμάτων
3258 3665 3556 3735 διανομεύς.
3599 3683 3622 3716 ι
3680 3665 3744 3717 '0
3805 3685 3900 3719 πι-

2311 3761 2522 3816 στεύων
2577 3762 2658 3825 εἰς
2707 3760 2846 3830 ἐμέ,1
2870 3758 3055 3824 καθὼς
3114 3755 3267 3813 εἶπεν
3305 3759 3340 3829 ἡ
3397 3757 3606 3827 Γραφὴ,
3656 3761 3898 3829 ποταμοὶ

2304 3858 2370 3910 ἐκ
2397 3857 2493 3927 τῆς
2537 3855 2743 3918 κοιλίας
2771 3853 2934 3908 αὑτοῦ
2964 3853 3249 3924 ῥεύσουσιν
3289 3852 3484 3916 ὓδατος
3515 3852 3693 3922 ζωῆς.
3743 3874 3764 3906 ι
3797 3854 3898 3906 Καὶ

2304 3952 2468 4007 πάλιν
2487 3968 2500 3981 °
2539 3969 2559 4004 ι
2601 3952 2717 4014 Πᾶς
2751 3953 2780 4004 ὁ
2806 3949 2977 4003 πίνων
3001 3951 3066 4003 ἐκ
3089 3948 3185 4002 τοῦ
3214 3949 3405 4012 ὓδατος
3448 3949 3652 4002 τούτου
3691 3950 3897 4020 διψήσει

2305 4043 2490 4110 πάλιν,
2543 4042 2601 4106 ὃς
2648 4043 2693 4096 δ’
2721 4041 2787 4096 ἂν
2840 4041 2944 4112 πίῃ
2981 4041 3046 4094 ἐκ
3082 4039 3179 4094 τοῦ
3230 4040 3422 4104 ὓδατος
3469 4037 3537 4095 οὗ
3589 4042 3715 4110 ἐγὼ
3753 4043 3896 4096 δώσω

2304 4134 2474 4205 αύτῷ,
2510 4133 2798 4204 γενήσεται
2854 4133 2912 4185 ἐν
2962 4130 3113 4201 αὐτῷ
3154 4131 3304 4202 πηγὴ
3357 4130 3555 4193 ὓδατος
3603 4131 3891 4202 ἁλλομένου

2305 4225 2386 4287 είς
2401 4221 2544 4293 ζωὴν
2563 4220 2799 4274 αἰώνιον.
2828 4237 2849 4271 ι
2875 4218 3164 4282 Τοιούτους
3180 4214 3320 4272 εἷναί
3346 4235 3536 4288 φαμεν
3557 4220 3701 4282 τοὺς
3728 4219 3894 4287 ἁγίους

2305 4311 2637 4376 ἀποστόλους
2667 4329 2728 4365 τε
2757 4311 2852 4365 καὶ
2884 4309 3302 4380 εὐαγγελιστάς,
3336 4309 3434 4364 καὶ
3473 4311 3595 4363 ὅσοι
3641 4312 3742 4364 τὸν
3776 4311 3891 4363 θεῖτε

2306 4407 2672 4479 πρεσϐεύουσι
2702 4405 2879 4474 λόγον,
2905 4403 3066 4458 τοῦτο
3111 4403 3211 4474 μὲν
3241 4403 3591 4474 δογματικῶς
3621 4404 3893 4475 εὐτεχνίας

2307 4501 2366 4554 ἐν
2400 4499 2552 4570 καλῷ
2587 4498 2892 4568 γεγονότες,
2919 4496 3076 4550 τοῦτο
3121 4496 3180 4548 δέ
3208 4495 3304 4549 καὶ
3334 4496 3433 4564 τῆς
3466 4496 3530 4550 ἐν
3561 4495 3761 4568 ἔργοις
3788 4513 3891 4564 φαι-

619 4594 740 4649 (ιιιω
772 4590 1012 4650 tempore
1050 4583 1285 4639 hiberno
1327 4586 1592 4640 emarcuit
1629 4587 1935 4653 etoceidit;
1991 4589 2193 4643 ridente

2305 4592 2563 4664 δρότητος
2602 4591 2701 4662 τὴν
2729 4590 2846 4643 ὁδὸν
2890 4587 3345 4650 ἐκκαλύπτοντες.
3370 4587 3484 4641 Καὶ
3525 4589 3596 4642 τὰ
3647 4591 3794 4644 ὀστᾶ
3821 4605 3890 4641 σε.

618 4678 799 4726 autem
829 4687 995 4728 verna
1041 4678 1355 4742 serenitate,
1408 4678 1601 4733 iterum
1656 4680 1810 4750 quasi
1868 4682 2194 4746 renascitur,

618 4771 677 4818 et
706 4765 772 4820 ad
797 4781 946 4821 suam
977 4769 1277 4824 naturalem
1304 4771 1760 4840 pulchritudinem
1789 4773 1947 4828 redit.
1973 4773 2194 4837 Exorta,

620 4857 815 4927 inquit,
864 4872 1010 4928 ossa,
1066 4860 1213 4916 velut
1277 4863 1485 4926 herba.
1540 4863 1911 4933 pinguescant,
1973 4866 2193 4922 viviﬁea

619 4950 830 5008 scilicet
856 4954 1063 5023 gratia,
1095 4970 1217 5026 quae
1245 4965 1329 5011 est
1351 4971 1380 5010 a
1416 4957 1547 5012 Deo.
1583 4956 1774 5014 Psallit
1823 4959 1964 5016 enim
1997 4960 2195 5016 alicubi

619 5053 676 5096 et
694 5044 871 5112 inquit
903 5045 1118 5101 divinus
1151 5048 1328 5103 David
1360 5067 1373 5102 :
1409 5067 1428 5100 ι
1468 5049 1696 5106 Emittcs
1723 5050 1988 5121 Spiritum
2023 5061 2197 5121 tuum,

620 5143 676 5190 et
737 5135 1090 5202 creabuntur,
1128 5149 1183 5192 et
1231 5140 1517 5196 renovabis
1575 5141 1765 5197 faciem
1823 5153 1979 5198 terra:
1999 5143 2111 5210 '9,»
2146 5145 2197 5198 id

619 5234 724 5291 est,
776 5229 1120 5281 terrestrium
1179 5227 1500 5285 incolarum.
1561 5231 1697 5286 Tum
1757 5233 2198 5288 haereditabimus

621 5319 1001 5388 generationes
1026 5322 1458 5389 generationum,
1491 5325 1542 5379 in
1567 5325 1955 5396 longitudinem
1989 5326 2197 5379 dierum

620 5410 891 5476 videlicet,
939 5422 1114 5468 morte
1145 5413 1342 5470 abolita
1373 5424 1428 5471 et
1475 5416 1684 5472 sublata
1719 5418 1770 5472 in
1802 5427 1972 5472 totmn
2013 5433 2202 5472 corru-

620 5503 826 5568 ptione.
861 5503 1120 5560 Dicuntur
1149 5520 1292 5576 saepe
1338 5508 1388 5561 in
1424 5509 1706 5578 Scriptura
1738 5511 1997 5565 divinitus
2028 5509 2201 5579 inspi-

618 5604 754 5662 rata,
812 5610 938 5651 ossa
993 5599 1162 5653 animi
1213 5600 1593 5673 iutelligibilia,
1649 5609 1885 5658 actuosae
1949 5602 2199 5672 qumdam

694 5799 742 5830 “
769 5795 970 5851 Jerem.
1009 5812 1136 5862 XXV,
1163 5796 1254 5852 27.

627 5847 671 5879 ⁸⁹
703 5847 850 5926 Psai.
874 5847 1110 5933 causa.

1355 5799 1401 5833 ⁵⁸
1439 5798 1581 5857 Psal.
1614 5816 1749 5870 χχιι,
1791 5801 1844 5871 5,
1877 5801 1932 5857 6.
2017 5800 2074 5884 ff
2112 5799 2270 5858 Cant.
2324 5817 2397 5871 \‘i,
2439 5803 2518 5858 l0.

2302 4683 2382 4749 δέ,
2413 4683 2600 4755 φησιν,
2625 4683 2699 4744 ὡς
2725 4681 2920 4752 βοτάνη
2944 4680 3211 4745 ἀνατελεῖ,
3235 4681 3330 4734 καὶ
3354 4678 3797 4750 πιανθήσονται,
3822 4683 3893 4734 11':

2303 4775 2770 4847 κληρονομήσουσι
2803 4771 2997 4842 γενεὰς
3024 4772 3252 4841 γενεῶν.
3314 4773 3537 4826 Ἔοικεν
3581 4774 3652 4827 ἐν
3706 4777 3895 4833 τούτοις

2305 4867 2367 4920 τὸ
2395 4866 2496 4936 τῆς
2532 4864 2883 4926 ἀναστάσεως
2911 4861 3248 4932 καταδηλοῦν
3282 4863 3611 4932 μυστήριον
3671 4865 3900 4930 ἀναιττῄ

2306 4972 2458 5010 σεται
2491 4952 2601 5024 γὰρ
2625 4951 2744 5006 τότε
2773 4950 2833 5004 τὸ
2871 4949 3051 5021 σῶμα,
3079 4950 3331 5021 καθάπερ
3355 4966 3442 5014 τις
3475 4951 3539 5002 ἐν
3573 4952 3752 5024 ἀγρῷ
3791 4954 3902 5004 πέει.

2303 5047 2446 5102 κατά
2493 5045 2591 5116 μὲν
2628 5043 2726 5115 τὴν
2757 5041 2850 5096 τοῦ
2899 5041 3166 5113 χειμῶνος
3228 5040 3378 5112 ὤραν
3415 5041 3784 5113 μαρανθεῖσα
3829 5042 3911 5094 καὶ

2305 5137 2685 5208 καταμύσασα,
2713 5132 2959 5204 γελώσης
2989 5150 3052 5202 γε
3095 5131 3201 5204 μὴν
3241 5132 3462 5203 ἐαρινῆς
3508 5133 3738 5198 εὐδίας,
3793 5135 3911 5186 am-

2307 5234 2505 5300 φυεῖσα
2559 5229 2756 5295 πάλιν,
2809 5225 2904 5280 καὶ
2968 5219 3080 5279 οἷον
3131 5225 3553 5294 ὑπονοστήσασα
3619 5227 3777 5296 πρὸς
3830 5226 3914 5276 τὴν

2307 5324 2495 5378 ἐνόντα
2523 5323 2660 5394 αὐτῇ
2690 5321 2830 5375 κατὰ
2863 5319 3024 5389 φύσιν
3053 5318 3355 5392 ὡραϊσμόν.
3407 5319 3823 5375 Ἀνατεῐλαντά
3858 5335 3916 5385 γε

2313 5418 2421 5489 μὴν
2454 5416 2530 5478 ὡς
2575 5414 2774 5486 βοτάνη
2833 5413 2901 5466 τὰ
2941 5411 3076 5465 ὀστᾶ
3144 5409 3722 5480 κατατιανθήσονται,
3759 5415 3918 5481 φησὶ,

2307 5511 2372 5579 τῇ
2407 5505 2652 5577 ζωοποιῷ
2706 5503 2949 5575 δηλονότι
2980 5504 3162 5574 χάριτι
3201 5504 3265 5573 τῇ
3302 5500 3458 5573 παρά
3490 5501 3658 5558 Θεοῦ.
3700 5504 3918 5558 sum:

2308 5599 2416 5671 γάρ
2448 5614 2548 5651 που
2579 5595 2672 5650 καί
2713 5611 2876 5666 φησιν
2905 5595 2934 5646 ὁ
2965 5592 3245 5656 θεσπέσιος
3272 5591 3469 5645 Δαϐίδ·
3504 5611 3524 5644 ι
3573 5592 3925 5657 Ἐξαποστε-

2623 5805 2672 5838 ⁸⁷
2707 5802 2864 5860 Joan.
2921 5814 3018 5864 vtt,
3067 5797 3156 5853 38.
3251 5796 3299 5829 ⁸⁸
3331 5795 3493 5854 Joan.
3541 5815 3617 5868 tv,
3667 5801 3769 5867 13,
3831 5802 3925 5858 ιι.

4019 5579 4028 5904 1
