4078 6292
243 322 365 378 1997

1329 317 1394 372 ΙΝ
1436 316 1672 374 ISAIAM
1712 317 1843 374 LIB.
1888 319 1951 375 V.
1996 316 2239 376 TOMUS
2278 318 2369 375 IV.

3355 292 3490 370 1293

237 436 336 500 λιίς
362 433 424 488 τδ
454 431 683 504 Πνεῦμά
715 449 832 501 σου,
879 432 973 486 καὶ
1015 430 1420 502 κτισθήσονται,
1450 431 1546 485 καὶ
1572 431 1773 487 ἀνακαι

1936 433 2023 503 ius
2054 432 2341 490 facultates
2363 441 2418 488 et
2453 431 2712 502 energiae,
2778 441 2836 484 ut
2867 443 2991 486 cum
3013 426 3215 483 dicitur
3246 444 3261 482 :
3305 445 3322 478 ι
3351 426 3494 484 Deus

239 531 359 592 νιείς
379 525 440 581 τὸ
473 527 766 599 πρόσωπον
791 525 890 596 τῆς
913 523 1036 595 γῆς,
1077 541 1096 575 ι
1128 522 1398 587 τουτέστι,
1419 522 1531 577 τῶν
1563 524 1658 578 ἐπὶ
1683 523 1811 594 γῆς,

240 611 363 671 Τότε
396 615 874 689 κληρονομήσομεν
906 612 1099 680 γενεὰς
1132 611 1357 682 γενεῶν,
1395 611 1812 684 μακροημέρευ-

245 726 321 762 σιν
343 707 587 779 δηλονότι
609 703 1045 775 καταργηθέντος
1067 704 1320 772 θανάτου,
1349 704 1445 759 καὶ
1462 703 1816 776 ἀνῃρημένης

242 799 462 855 εἰσάπαν
516 798 615 868 τῆς
663 796 889 866 φθορᾶς.
948 795 1182 867 Εἴρηται
1228 796 1286 850 δὲ
1334 794 1663 866 πλεισταχοῦ
1715 794 1816 865 τῆς

245 890 593 945 θεοπνεύστου
636 886 883 959 Γραφῆς,
912 887 1048 942 ὀστᾶ
1077 888 1259 960 ψυχῆς
1289 887 1478 961 νοητὰ,
1513 886 1816 960 πρακτικαί

244 999 376 1044 τινες
415 980 584 1050 αὐτῆς
641 978 902 1051 δυνάμεις
948 979 1045 1035 καὶ
1087 980 1382 1052 ἐνέργειαι,
1434 978 1511 1043 ὡς
1556 977 1615 1033 έν
1646 994 1711 1046 γε
1738 976 1818 1048 τῷ

245 1074 419 1142 φάναι,
448 1073 529 1126 ὅτι
554 1089 574 1123 ι
598 1070 658 1125 '0
688 1068 822 1134 Θεὸς
863 1068 1243 1141 διεσκόρπισεν
1286 1069 1420 1123 ὀστᾶ
1464 1067 1819 1141 ἀνθρωπαρέ-

246 1180 397 1218 σκων.
420 1181 440 1215 ι
463 1163 538 1217 Οὐ
570 1162 682 1234 γάρ
710 1179 793 1216 τοι
821 1161 891 1217 τά
920 1161 1015 1215 τοῦ
1047 1160 1300 1233 σώματος
1320 1161 1458 1216 ὀστᾶ
1482 1161 1818 1230 διασκίδνησι

242 1254 385 1318 θεὸς,
433 1253 722 1326 συνθραύει
767 1253 825 1308 δὲ
874 1253 1075 1325 μᾶλλον
1118 1253 1218 1317 τάς
1263 1256 1366 1325 τῆς
1415 1252 1592 1325 ψυχῆς
1637 1253 1819 1307 αὐτῶν

242 1347 511 1418 δυνάμεις,
543 1345 686 1400 ὥστε
714 1344 881 1416 μηδὲν
903 1344 1161 1400 δύνασθαι
1184 1344 1484 1418 κατορθοῦν
1512 1346 1621 1399 τῶν
1650 1345 1819 1417 δρών-

243 1458 345 1495 των
370 1439 448 1513 (ι)
479 1440 698 1506 αὐτοὺς,
730 1439 825 1494 καὶ
850 1440 952 1491 οὐκ
982 1439 1063 1502 είς
1086 1438 1245 1504 δόξαν
1270 1438 1406 1493 Θεοῦ
1440 1438 1661 1511 μᾶλλον,
1697 1437 1819 1494 οὔτε

255 1532 354 1602 μὴν
384 1533 466 1594 εἰς
499 1531 686 1601 ὄνησιν
715 1530 816 1601 τῆς
845 1528 1023 1584 αὐτῶν
1050 1530 1229 1601 ψυχῆς
1256 1530 1593 1602 πράττεσθαί
1620 1548 1673 1584 τι
1712 1531 1821 1586 τῶν

247 1624 370 1693 παρ’
392 1623 620 1686 ἐκείνοις
635 1623 798 1693 φιλεῖ.
831 1622 975 1694 Ἔφη
996 1622 1055 1677 δὲ
1078 1622 1239 1678 πάλιν
1260 1624 1290 1676 ὀ
1313 1623 1598 1690 θεσπέσιος
1623 1624 1816 1696 Μελῳ-

1914 528 2168 599 dispersit
2212 542 2334 584 ossa
2389 540 2582 582 eorum
2620 524 2715 595 qui
2775 520 3087 578 hominibus
3136 519 3433 592 placent”.
3468 537 3492 574 ι

1912 617 2030 674 Non
2063 619 2209 674 enim
2244 617 2489 689 corporis
2529 632 2653 672 ossa
2695 615 2929 685 dissipat
2957 612 3122 681 Dens,
3171 612 3267 669 sed
3298 612 3498 667 animae

1913 709 2061 766 vires
2083 725 2149 766 ac
2179 708 2461 765 facultates
2487 706 2784 776 confringit
2806 720 2872 761 ac
2904 704 3249 769 comminuit,
3274 712 3335 759 ut
3362 703 3498 760 nihil

1914 801 2059 873 quod
2112 811 2320 873 spectet
2366 802 2433 858 ad
2500 801 2756 855 virtutem
2799 797 2968 871 824
3016 797 3231 868 possint
3262 793 3496 853 eﬂicere.

1921 913 1940 946 ι
1975 893 2146 951 Nemo
2165 894 2309 950 enim
2331 901 2644 959 coronatur,
2671 890 2774 948 nisi
2799 891 3040 961 legitime
3063 889 3359 946 certaverit
3380 889 3449 955 ⁶¹,
3476 907 3495 938 ι

1917 985 2214 1042 secundum
2251 985 2304 1041 id
2336 985 2481 1056 quod
2516 986 2781 1055 scriptum
2809 993 2912 1038 est.
2938 982 3009 1037 At
3032 995 3230 1053 scopus
3268 989 3326 1037 et
3378 979 3502 1035 fluis

1917 1093 2106 1134 eorum
2133 1078 2224 1147 qui
2243 1075 2551 1132 hominibus
2568 1075 2785 1145 placent
2806 1089 2873 1131 ac
2897 1073 3272 1152 blandiuntur,
3294 1077 3506 1145 spectat

1919 1169 1986 1225 ad
2037 1169 2224 1225 laudes
2260 1182 2381 1239 quae
2411 1167 2477 1221 ad
2510 1167 2657 1236 ipsos
2706 1166 2956 1222 homines
3017 1163 3323 1220 redundant
3354 1180 3367 1216 :
3403 1175 3506 1216 nec

1921 1262 2006 1317 vel
2042 1262 2109 1316 ad
2137 1261 2362 1332 gloriam
2379 1260 2496 1327 Dei,
2532 1258 2617 1315 vel
2640 1260 2708 1315 ad
2733 1257 3021 1313 utilitatem
3060 1255 3226 1311 animi
3262 1257 3504 1326 ipsorum

1919 1352 2211 1423 quidquam
2264 1348 2379 1405 fieri
2430 1352 2498 1405 ab
2557 1349 2665 1405 illis
2722 1348 2880 1405 solet.
2917 1346 3128 1403 Rursus
3155 1346 3320 1402 etiam
3368 1343 3507 1400 dixit

1921 1446 2138 1501 divinus
2170 1441 2380 1498 Psaltes
2412 1461 2429 1499 :
2467 1460 2486 1494 ι
2527 1439 2663 1507 Quia
2696 1441 2860 1506 tacui,
2909 1440 3351 1495 inveteraverunt
3379 1452 3503 1492 ossa

1924 1550 2061 1598 mea,
2113 1548 2180 1590 eo
2211 1536 2354 1604 quod
2405 1533 2696 1589 clamarem
2730 1538 2840 1586 tota
2870 1531 2957 1587 die
2982 1531 3051 1597 ",
3084 1550 3103 1583 ι
3144 1529 3197 1585 id
3222 1528 3507 1597 esl,glori-

1926 1625 2150 1682 ficarem
2186 1634 2241 1681 et
2279 1640 2522 1691 orarem,
2563 1622 2706 1680 tacui
2768 1622 3046 1692 deinceps,
3105 1621 3160 1677 in
3214 1622 3506 1676 humanam

247 1715 351 1778 δὸς,
375 1734 393 1765 ι
426 1716 549 1769 Ὅτι
576 1715 831 1786 ὲσίγησα,
866 1713 1183 1787 ὲπαλαιώθη
1209 1715 1279 1770 τά
1310 1716 1446 1771 ὀστᾶ
1471 1733 1573 1787 μου
1600 1716 1708 1770 ἀπὸ
1729 1714 1823 1770 τοῦ

1936 1717 2427 1790 pusillanimitatem
2472 1715 2676 1787 lapsus.
2728 1713 3174 1770 lnveteraverunt
3206 1724 3331 1766 ossa
3364 1724 3506 1773 mea,

249 1807 465 1877 κράζειν
495 1808 709 1878 μεόλην
744 1806 843 1878 τὴν
886 1807 1122 1880 ἡμέραν,
1158 1826 1178 1860 ι
1227 1807 1496 1872 τουτέστι,
1526 1805 1826 1876 δοξολογεῖν

1936 1810 1986 1865 id
2013 1819 2117 1873 est,
2151 1816 2594 1879 computruerunt
2629 1806 2797 1863 animi
2846 1803 3161 1860 facultates.
3203 1801 3299 1858 Hae
3348 1800 3511 1872 igitur

250 1899 338 1950 καὶ
380 1899 798 1971 προσεύχεσθαι,
831 1899 1098 1969 σεσίγηκα
1140 1899 1322 1954 πεσὼν
1368 1901 1448 1963 είς
1475 1898 1824 1970 ἀνθρωπίνην

250 1989 631 2061 μικροψυχίαν.
689 1991 1036 2063 Ἐπαλαιώθη
1088 2010 1190 2064 μου
1232 1992 1303 2046 τά
1348 1991 1502 2061 ὀστᾶ,
1527 1992 1828 2058 τουτέστιν,

249 2079 631 2153 ἐπαθρὼθησαν
662 2084 717 2135 αί
745 2083 845 2154 τῆς
889 2082 1148 2150 διανοίας,
1187 2085 1305 2156 ἦτοι
1334 2083 1436 2153 τῆς
1459 2083 1639 2154 ψυχῆς
1663 2082 1829 2137 δυνά-

249 2187 386 2241 pug.
449 2165 621 2227 Αὗται
659 2173 840 2228 τοίνυν
883 2176 948 2229 ἐκ
984 2174 1261 2246 ῥᾳθυμίας
1324 2174 1438 2228 ἔσθ’
1464 2176 1553 2229 ὅτε
1584 2174 1832 2246 παραλυ-

249 2260 418 2316 θεῖσαι
456 2263 632 2335 βραχὺ
684 2265 847 2319 πάλιν
891 2266 967 2329 ὡς
1016 2266 1218 2337 βοτάνη
1246 2266 1615 2334 ἀνατέλλουσι,
1662 2283 1834 2322 κατα-

249 2352 548 2419 πιαίνοντος
595 2355 731 2410 Θεοῦ
790 2356 1174 2428 παρακλήσεσι
1228 2360 1349 2422 ταῖς
1398 2357 1489 2411 διά
1534 2357 1628 2411 τοῦ
1678 2358 1835 2427 ἁγίου

1932 1901 2208 1957 dissoluta:
2271 1899 2663 1969 aliquantulum
2718 1907 2775 1954 et
2826 1898 3053 1967 torpida:
3096 1907 3509 1964 nonnunquam,

1929 2006 2139 2057 rursus,
2158 2004 2260 2045 ceu
2290 1989 2480 2055 herba,
2518 1984 2895 2052 reﬂorescent,
2934 1983 3370 2056 pinguefaciente
3404 1983 3513 2037 Deo

1928 2078 2391 2137 consolationibus
2450 2073 2817 2148 spiritualibus
2850 2083 2906 2130 et
2946 2088 3067 2128 eam
3097 2070 3510 2131 corroboratus,

1931 2184 1989 2230 ut
2023 2174 2149 2231 inde
2193 2187 2291 2228 nos
2364 2170 2608 2227 haeredes
2664 2167 2915 2224 instituat
2975 2165 3030 2220 in
3079 2162 3508 2236 longaevitatem.

1932 2266 2077 2321 Nihil
2106 2264 2250 2321 enim
2278 2263 2420 2319 aliud
2438 2258 2711 2333 significat
2748 2258 2879 2314 illud
2911 2275 2924 2313 :
2960 2256 3018 2313 ιιι
3049 2254 3434 2328 generationes
3460 2261 3516 2306 et

1934 2357 2329 2428 generationes.

248 2446 587 2517 Πνεύματος,
609 2448 702 2499 καὶ⁹
731 2446 1176 2518 ἀναῤῥωννύντος
1196 2448 1386 2519 αὐτὴν,
1409 2447 1551 2502 ῶστε
1578 2449 1668 2503 διά
1704 2448 1861 2503 τοῦτο
1900 2449 2268 2520 κληρονόμους
2337 2447 2487 2519 ἡμᾶς
2530 2444 2864 2516 καταστῆναι
2934 2443 3033 2514 τῆς
3066 2442 3147 2506 είς
3193 2440 3517 2512 μακραίωνα

248 2536 389 2606 ζωῆς
408 2554 422 2568 ο
458 2536 714 2607 σημαίνει
741 2537 850 2611 γὰρ
881 2536 1058 2602 τοῦτο,
1090 2538 1185 2590 καὶ
1221 2536 1409 2608 ἕτερον
1450 2537 1604 2593 οὐδὲν
1634 2537 1719 2605 τὸ,
1740 2539 1819 2601 είς
1857 2537 2049 2606 γενεὰς
2080 2536 2301 2605 γενεῶν.

315 2631 429 2687 Καὶ
471 2631 1052 2702 οἱκοδομηθήσονται
1094 2646 1211 2688 σου
1241 2636 1300 2688 αι
1338 2633 1545 2704 ἔρημοι
1579 2632 1829 2697 animos,

250 2725 347 2780 καί
389 2725 564 2779 ἔσται
615 2740 732 2779 σου
762 2725 834 2780 τὰ
879 2724 1122 2795 θεμέλια
1166 2724 1387 2796 γενεῶν
1430 2725 1686 2796 γενεαῖς,
1733 2724 1833 2779 καὶ

249 2815 535 2885 κληθήσῃ
580 2816 896 2887 οἰκοδόμος
943 2816 1249 2888 φραγμῶν,
1292 2817 1391 2873 καὶ
1445 2816 1552 2885 τὰς
1594 2816 1837 2886 τρίϐους

250 2909 359 2975 τὰς
405 2908 715 2978 ἀναμέσων
747 2911 1024 2977 παύσεις.

330 3001 406 3053 Δι’
446 3000 651 3071 ἐτέρων
679 3000 773 3055 δύο
799 3001 1258 3073 παραδειγμάτων
1291 3004 1321 3056 ὀ
1348 3002 1682 3075 προφητικὺς
1706 3002 1840 3074 ἡμῖν

2002 2633 2161 2689 Vnus.
2208 2632 2296 2687 12.
2330 2629 2397 2686 Ει
2433 2630 2834 2700 ludiﬁcabantur
2881 2627 2976 2681 tibi
3036 2627 3245 2682 deserta
3278 2624 3335 2678 in
3372 2631 3524 2678 mter-

1930 2743 2075 2792 num,
2102 2739 2147 2781 et
2175 2738 2325 2781 erunt
2349 2736 2443 2781 tua
2481 2724 2829 2794 fundamenta
2873 2721 3266 2792 generationum
3297 2731 3519 2787 genera«

1932 2819 2206 2874 tionibus:
2244 2828 2293 2872 et
2342 2817 2613 2873 vocaberis
2675 2814 2970 2885 wdiﬁcator
3022 2811 3400 2875 maceriarum,
3467 2817 3547 2861 et

1932 2916 2144 2970 semitas
2164 2928 2281 2985 qua:
2307 2923 2428 2968 sunt
2458 2914 2511 2965 in
2526 2911 2699 2966 medio
2720 2910 2988 2981 quiescere
3016 2907 3202 2977 facies.

2015 3007 2152 3062 Aliis
2202 3005 2413 3062 duobus
2477 3003 2740 3073 exemplis
2819 3000 3136 3073 prophetica
3215 2994 3520 3051 illustratur

260 3089 477 3162 ἔρχεται
511 3092 686 3161 λόγος,
761 3094 856 3147 καὶ
885 3070 1013 3147 -τῶν
1061 3070 1477 3167 κεκρυμμένων
1515 3070 1759 3149 ἐννοιῶνῂ
1781 3095 1834 3149 τό

1945 3103 2142 3166 oratio,
2169 3107 2226 3155 et
2276 3070 2680 3155 reconditarum
2733 3070 3128 3151 sententiarum
3175 3084 3522 3159 pulchritudo

265 3184 461 3249 κάλλος
493 3187 828 3255 ὲκφαίνεται.
878 3188 965 3252 Ὠς
1013 3191 1121 3260 γὰρ
1160 3189 1253 3243 ἐπὶ
1283 3189 1491 3253 πόλεως
1533 3189 1842 3262 ἐρημωθεί-

265 3291 366 3345 σης
418 3275 569 3340 ποτὲ,
621 3277 717 3330 καὶ
760 3279 1260 3350 κατασεσεισμένης
1310 3280 1575 3346 είσάπαν,
1624 3281 1701 3345 ὡς
1747 3282 1842 3355 καλ

257 3363 563 3435 ἀτείχιστον
592 3365 763 3437 αὐτὴν
785 3367 1107 3438 ἀπομεῖναι,
1137 3369 1197 3422 τὸ
1219 3368 1313 3423 τοῦ
1353 3369 1512 3438 λόγου
1544 3369 1841 3424 πλάττεται

256 3454 463 3525 σχῆμα.
495 3456 562 3508 Ai
593 3456 702 3526 γὰρ
727 3454 928 3527 ἔρημοί
960 3475 1075 3521 σου,
1106 3460 1294 3529 φησιν,
1321 3460 1842 3533 οἱκοδομηθήσονται

255 3545 484 3611 αίώνιοι,
527 3547 827 3615 τουτέστιν,
879 3550 980 3605 οὐκ
1029 3550 1128 3623 ἔσῃ
1177 3554 1357 3623 γυμνὴ
1391 3553 1500 3607 τῶν
1549 3554 1844 3610 οἰκούντων

255 3638 358 3708 τὴν
398 3637 497 3710 σὴν
526 3640 755 3710 καρδίαν
785 3641 1063 3712 λογισμῶν
1097 3644 1339 3710 ἀγαθῶν,
1388 3644 1512 3698 οὔτε
1557 3647 1665 3716 μὴν
1695 3647 1845 3700 ἀτεί-

264 3745 468 3799 χιστος,
502 3730 536 3800 ἢ
571 3731 915 3802 ἀφρούρητος
942 3734 1255 3802 ἀπομενεῖς,
1286 3737 1382 3789 καὶ
1416 3736 1575 3803 βάσιν
1623 3739 1844 3810 ἑδραίαν

265 3819 365 3872 οὐκ
392 3818 609 3890 ἔχουσα.
660 3822 955 3892 Γενήσεται
986 3823 1095 3893 γάρ
1141 3840 1221 3877 σοι
1278 3823 1525 3893 θεμέλιος
1553 3828 1582 3880 ὀ
1611 3830 1845 3900 Χριστὸς

268 3910 362 3961 καὶ
400 3909 671 3979 ἀσφάλεια
705 3910 977 3982 διηνεκὴς,
1028 3911 1123 3964 καὶ
1165 3910 1240 3977 ὡς
1270 3912 1424 3976 πόλις
1466 3912 1565 3986 ἔσῃ
1609 3916 1847 3970 πολυαν-

257 3997 463 4068 δροῦσα
513 4002 620 4068 ικαὶ
667 4001 1071 4074 ἀναριθμήτους
1117 4002 1320 4073 ἔχουσα
1363 4004 1492 4069 τοὺς
1529 4007 1843 4079 οἰκήτορας.

254 4091 325 4143 At
359 4091 468 4162 γὰρ
492 4093 602 4146 τῶν
638 4093 809 4162 ἁγίων
840 4094 1012 4164 ψυχαὶ
1065 4094 1240 4163 λόγων
1276 4112 1337 4148 τε
1365 4096 1461 4150 καὶ
1488 4097 1708 4153 ἐννοιῶν
1737 4099 1847 4152 εἰσι

258 4185 481 4252 μεσταὶ,
507 4184 615 4238 τῶν
646 4187 777 4257 περὶ
819 4184 955 4239 Θεοῦ
989 4185 1254 4257 δηλονότι,
1297 4187 1544 4242 Πλεῖστοι
1590 4189 1648 4243 δὲ
1677 4185 1843 4257 οὗτοι,

256 4274 357 4327 καὶ
388 4273 479 4328 διά
512 4275 610 4345 τῆς
636 4278 717 4338 είς
748 4277 900 4348 λῆξιν
950 4278 1241 4350 ἀκριϐείας
1286 4281 1595 4352 ἐρχόμενοι,
1629 4280 1742 4337 ἀνω
1764 4278 1845 4336 ’τε

1941 3192 2267 3250 ostenditur.
2315 3188 2450 3245 Nam
2479 3187 2629 3245 velut
2664 3202 2697 3243 a
2723 3193 2933 3243 vastata
2980 3182 3253 3254 quondam
3300 3178 3432 3234 urbe
3467 3184 3524 3231 et

1943 3284 1997 3339 in
2026 3293 2196 3339 totum
2232 3283 2554 3349 disturbata,
2589 3294 2710 3351 quae
2767 3278 2885 3334 sine
2937 3273 3208 3331 moenibus
3241 3271 3381 3325 nuda
3413 3281 3524 3322 ma-

1942 3386 2058 3444 net,
2110 3376 2286 3433 oratio
2342 3374 2634 3433 formatur.
2697 3371 2919 3428 Deserta
2972 3367 3142 3431 enim,
3194 3363 3390 3432 inquit,
3430 3371 3524 3415 tua

1943 3467 2352 3525 aedificabuntur
2394 3466 2448 3521 in
2485 3471 2772 3526 aeternum,
2812 3460 2867 3517 id
2915 3466 3021 3521 est,
3078 3470 3184 3510 non
3233 3451 3345 3509 eris
3382 3447 3525 3505 nuda

1944 3562 2100 3617 bonis
2142 3557 2557 3632 cogitationibus
2581 3570 2678 3611 cor
2727 3563 2880 3627 tuum
2937 3545 3384 3608 inhabitantibus,
3426 3553 3528 3595 nec

1946 3653 2213 3708 moenibus
2271 3651 2548 3715 destituta,
2601 3655 2695 3703 aut
2758 3641 3084 3700 incustodita
3152 3634 3401 3694 manebis
3471 3640 3527 3687 et

1947 3744 2104 3798 ﬁrma
2152 3744 2274 3798 basi
2348 3756 2560 3797 carens.
2607 3739 2723 3794 Fiet
2762 3737 2909 3793 enim
2965 3734 3059 3789 tibi
3113 3731 3526 3786 fundamentum

1946 3828 2196 3884 Christus
2245 3839 2300 3884 et
2340 3827 2683 3883 incolumitas
2731 3834 3011 3894 perpetua,
3052 3830 3109 3876 et
3153 3817 3307 3888 quasi
3333 3814 3528 3871 civitas

1947 3920 2058 3975 eris
2083 3904 2265 3974 multis
2300 3919 2566 3975 instructa
2604 3917 2756 3981 viris,
2805 3929 2928 3985 qua:
2975 3906 3399 3967 innumerabiles
3429 3906 3527 3959 ha-

1947 4013 2040 4070 bet
2068 4011 2296 4069 incolas.
2356 4009 2688 4068 Sanctorum
2723 4007 2868 4063 enim
2922 4003 3090 4060 animi
3120 4013 3435 4063 sermonum
3474 4004 3530 4051 et

1947 4105 2336 4162 sententiarum
2384 4101 2527 4174 pleni
2583 4108 2730 4165 sunt,
2772 4098 2840 4153 de
2872 4098 2990 4153 Deo
3041 4093 3291 4157 scilicet;
3323 4105 3389 4146 ac
3417 4088 3531 4159 plu-

1947 4196 2071 4252 rimi
2127 4195 2195 4251 ad
2255 4195 2429 4265 ipsum
2491 4184 2841 4263 perfectionis
2900 4185 3131 4259 gradum
3190 4179 3528 4255 perveniunt,

1945 4302 2178 4358 eumque
2235 4287 2406 4359 magis
2444 4300 2520 4353 gae
2561 4282 2736 4353 magis
2778 4289 3001 4351 augent.
3064 4292 3128 4334 ac
3186 4272 3334 4331 omni
3388 4272 3532 4327 bono

257 4366 356 4420 καὶ
388 4367 539 4422 κάτω
574 4369 916 4440 περιθέοντες
947 4370 1140 4443 αὐτὴν,
1187 4371 1371 4445 πλήρη
1400 4390 1461 4426 τε
1493 4374 1664 4447 αὐτὴν
1708 4375 1834 4429 ἀπο-

1950 4379 2248 4435 cumulaut.
2283 4377 2576 4435 Vocaberis
2630 4384 2896 4446 praeterea
2927 4369 3223 4427 aediﬁcator
3267 4364 3531 4423 maceria-

255 4459 543 4527 φαίνοντες
575 4460 781 4530 ἀγαθοῦ
814 4463 1034 4527 παντός.
1070 4463 1336 4537 κληθήσῃ
1380 4464 1438 4518 δὲ
1473 4466 1611 4538 πρὸς
1664 4467 1834 4540 τούτῳ

1954 4487 2098 4540 rum,
2127 4481 2182 4528 et
2210 4473 2432 4528 semitas
2456 4485 2576 4541 quae
2599 4467 2800 4523 suntin
2832 4464 3008 4521 medio
3026 4462 3311 4534 quiescere
3336 4456 3528 4511 facies.

255 4549 358 4602 καὶ
402 4550 685 4621 οἰκοδόμος
730 4553 1021 4625 φραγμῶν,
1072 4556 1166 4610 καὶ
1213 4555 1314 4619 τάς
1341 4557 1562 4628 τρίδους
1609 4560 1709 4625 τάς
1743 4560 1849 4616 ἀνὰ

258 4640 433 4711 μέσον
462 4641 726 4706 παύσειςο
772 4648 900 4709 τοὺς
949 4647 1048 4716 μὲν
1075 4647 1185 4719 γὰρ
1221 4648 1464 4720 ἐρήμους
1505 4650 1615 4706 τῶν
1657 4655 1848 4727 κήπων

257 4730 452 4785 πολλοὶ
495 4732 617 4785 λίαν
660 4735 710 4787 οι
761 4734 1235 4807 διαστοιχίζοντες.
1295 4739 1691 4814 Ἐφεστηκότος
1739 4746 1849 4817 γὰρ

254 4825 403 4887 ὅλως
446 4823 680 4890 οὐδενὸς,
708 4825 877 4896 ἤγουν
909 4829 1370 4900 περιφράττοντος
1400 4831 1573 4903 ἀπρὶξ
1623 4830 1733 4887 εἶεν
1781 4835 1851 4890 ἂν

253 4916 419 4971 οὐδὲν
441 4916 740 4981 κωλύοντες
768 4920 895 4983 τοὺς
941 4919 1029 4974 διὰ
1076 4921 1243 4992 μέσου
1276 4922 1514 4993 βαδίζειν
1540 4925 1848 4991 ἐθέλοντας.

257 5008 327 5060 Εἰ
356 5007 413 5098 δε
451 5007 517 5079 δὴ
564 5009 803 5077 γένοιντό
849 5027 964 5075 πως
1004 5011 1110 5065 ὑπὸ
1157 5015 1396 5085 γηπόνον
1447 5016 1688 5089 ἀσφαλῆ,
1725 5017 1850 5073 τότε

256 5098 362 5152 καὶ
393 5098 755 5155 ἀποϐάλλουσι
790 5100 851 5155 τὸ
871 5104 981 5166 τοῖς
1016 5101 1125 5156 τῶν
1157 5104 1367 5159 πολλῶν
1397 5107 1718 5162 ὑποκεῖσθαι
1750 5126 1848 5163 πο-

257 5188 373 5253 σὶν,
414 5190 787 5261 ὲγηγερμένου
839 5190 1081 5262 δηλονότι
1133 5193 1411 5265 φραγμοῦ.
1467 5196 1851 5253 Πεπαύσονται

255 5280 377 5352 γὰρ
405 5280 574 5346 οὕτως
602 5283 658 5337 αί
687 5283 777 5337 διά
805 5284 971 5355 μέσου
1008 5285 1205 5357 τρίὸοι.
1245 5288 1384 5359 "Ean
1423 5290 1626 5359 τοίνυν,
1659 5293 1847 5362 φησιν,

254 5370 342 5434 ὠς
376 5371 640 5443 ἐπιμελὴς
668 5372 903 5444 γηπόνος
940 5376 1229 5447 φραγμοὺς
1256 5376 1506 5451 ἐγείρων,
1541 5380 1636 5434 καὶ
1658 5380 1849 5436 παύων

339 5558 389 5594 ⁸ο
422 5554 569 5613 Psal.
594 5572 692 5624 Lit,
732 5556 784 5609 6.
862 5558 902 5589 ⁶¹
942 5556 984 5614 ll
1021 5558 1158 5614 Tim.
1193 5575 1251 5624 ιι,
1293 5561 1345 5616 5.

1951 4562 2150 4621 Hortus
2174 4565 2320 4620 enim
2362 4578 2564 4619 vacuos
2595 4559 2814 4633 plurimi
2847 4563 3270 4628 pertranseunt:
3302 4550 3520 4607 nemine

1952 4655 2097 4710 enim
2147 4654 2479 4721 intendente,
2538 4667 2637 4708 nec
2699 4650 2928 4705 firmiter
2965 4645 3342 4708 obmuuiente,
3398 4640 3531 4695 nihil

1951 4753 2038 4803 est
2065 4746 2210 4814 quod
2235 4758 2352 4813 eos,
2373 4744 2467 4814 qui
2503 4741 2859 4814 per‘medium
2890 4740 2971 4796 ire
2999 4739 3211 4800 volunt.
3250 4732 3530 4805 impediat.

1952 4837 2021 4893 At
2047 4836 2091 4891 si
2130 4847 2247 4892 tuto
2273 4835 2525 4908 agricolae
2546 4833 2973 4897 committantur,
3018 4838 3145 4884 tunc
3169 4842 3275 4883 nou
3307 4824 3535 4894 amplius

1956 4926 2247 4982 multorum
2305 4926 2531 4997 pedibus
2588 4924 2891 4988 calcantur,
2952 4920 3256 4991 sepimento
3322 4915 3532 4971 scilicet

1956 5026 2163 5074 erecto.
2196 5014 2501 5072 Cessabunt
2536 5015 2680 5071 enim
2717 5014 2797 5070 sic
2842 5011 3053 5068 semitae
3079 5023 3199 5078 quae
3246 5007 3302 5061 in
3355 5004 3535 5061 medio

1954 5118 2101 5167 sunt.
2121 5109 2244 5165 Eris
2269 5108 2450 5179 igitur,
2470 5107 2636 5179 825
2661 5105 2861 5176 inquit,
2892 5118 2991 5160 ceu
3015 5102 3249 5171 diligens
3271 5097 3532 5169 agricola,

1955 5200 2258 5270 sepimenta
2286 5208 2342 5254 et
2368 5199 2590 5255 semitas
2650 5194 3005 5253 iutermedias
3048 5192 3360 5248 obstruens.
3396 5186 3532 5240 Nam

1956 5291 2194 5365 quandiu
2230 5290 2414 5346 anima
2459 5297 2545 5346 est
2585 5286 2936 5352 incustodita,
2977 5291 3212 5341 stertens
3255 5278 3524 5340 socordia,

1957 5394 2013 5440 et
2038 5382 2265 5455 proinde
2301 5380 2463 5439 ftedis
2502 5380 2867 5451 voluptatibus
2919 5375 3160 5448 exposita
3188 5392 3201 5430 :
3226 5370 3416 5428 similis
3453 5377 3535 5424 est

1462 5560 1505 5590 δ’
1544 5558 1685 5614 Psal.
1719 5576 1869 5629 xxxi,
1908 5561 1960 5615 5.

342 5740 420 5812 (l)
453 5739 647 5796 Deesse
713 5738 798 5795 hic
842 5740 1119 5809 nonnulla,
1174 5751 1320 5814 patet
1361 5759 1426 5802 ex
1496 5741 1776 5800 Humfredi
1840 5742 2104 5800 versione.
