2046 3148
158 159 225 189 1301

714 156 746 183 ΙΝ
767 156 883 183 ISAIAM
901 156 972 183 LIB:
987 157 1018 184 ν.
1041 155 1159 184 TOMUS
1178 155 1222 182 IV.

1723 155 1792 182 1302

156 222 218 256 ψεις
233 220 278 247 τὸν
295 219 362 246 πόδα
384 227 432 245 σου
450 218 501 245 ἀπὸ
515 217 568 244 τῶν
583 218 738 250 Σαδδάτων,
757 217 832 244 οὐδὲν
851 217 944 252 ἕτερον

1006 217 1112 251 )ropria:
1124 216 1279 252 cupiditatis
1293 216 1403 243 semitas
1418 220 1607 250 persequatur.
1620 215 1684 242 Nam
1697 216 1792 244 burna-

157 264 202 300 εἴη
217 264 260 296 ἂν,
276 263 314 295 ὦς
330 272 361 297 γε
378 260 455 298 οἶμαι
478 262 546 298 πλὴν
562 262 645 288 ὅτιτὸ
664 262 701 298 μὴ
715 262 813 298 χρῆναι
837 262 914 297 δρᾷν,
931 261 949 288 ἃ

158 311 191 338 ἂν
213 309 332 345 βούλοιτό
349 318 400 341 τις,
419 308 466 335 καὶ
481 308 531 339 τὰς
552 307 605 335 τῶν
623 308 694 335 ἰδίων
716 307 866 343 ἐπιθυμιῶν
883 307 950 334 ἰέναι

158 356 278 392 τρίϐους.
287 356 346 382 Ὅτι
359 354 412 389 γὰρ
427 354 480 380 τῶν
494 353 671 389 ἀνθρωπίνων
681 353 840 389 θελημάτων
856 354 870 380 ὁ
888 361 948 379 σκο-

160 403 209 432 πὸς
224 402 264 432 είς
281 401 312 427 τὸ
333 400 472 436 φιλήδονον
488 399 592 434 βλέπει,
616 398 782 426 πιστώσεται
803 399 917 434 γράφων
935 400 949 425 ὁ

161 447 297 480 πάνσοφος
321 446 444 477 Παῦλος·
473 454 482 470 ι
505 445 542 471 Οὐ
568 445 623 480 γὰρ
646 444 660 471 ὃ
686 444 754 471 θέλω
779 444 857 471 τοῦτο
881 443 949 471 ποιῶ

160 493 271 526 ἀγαθὸν,
283 491 340 519 ἀλλ’
351 492 365 518 ὃ
377 491 449 527 μισῶ
464 491 549 518 κακὸν
562 491 641 517 τοῦτο
657 491 782 526 πράσσω,
803 491 949 526 συνήδομαι

159 539 214 573 γὰρ
233 537 271 573 τῷ
299 538 375 573 νόμῳ
393 537 441 563 τοῦ
466 536 534 564 Θεοῦ
562 536 632 563 κατὰ
655 536 700 563 τὸν
718 536 772 562 ἑσω
796 536 949 571 ἄνθρωπον,

160 584 253 618 βλέπω
273 583 301 610 δὲ
319 583 413 618 ἕτερον
429 583 513 618 νόμον
528 583 803 618 ἀντιστρατευόμενον
819 582 858 617 τῷ
876 582 949 617 νόμῳ

158 629 207 655 τοῦ
223 629 282 660 νοός
301 637 363 663 μου,
379 629 426 655 καὶ
441 628 676 663 αἰχμαλωτίζοντά
699 636 733 663 με
751 627 790 663 τῷ
806 628 881 662 νόμῳ
903 628 952 662 τῆς

160 675 299 710 ἁμαρτίας
314 674 354 709 τῷ
376 674 433 700 ὄντι
448 675 477 700 ὲν
501 676 556 706 τοῖς
574 674 666 710 μέλεσι
685 683 746 709 μου.
766 683 775 699 ι
793 675 838 700 Δεῖ
854 673 886 709 δὴ
905 671 951 700 οὖν

160 720 215 754 ἄρα
231 719 277 746 κα)⁸
292 719 364 753 μάλα
377 718 510 749 νεανικῶς
524 717 762 752 καταγωνίσασθαι
778 718 826 752 μὲν
842 716 872 743 τὸ
887 716 952 743 ἴδιον

161 766 268 800 θέλημα
279 766 342 796 τοὺς
355 765 508 799 εὐδοκιμεῖν
523 765 663 796 ἐθέλοντας
680 764 754 799 παρὰ
768 763 837 798 Θεῷ,
853 763 909 793 τοῖς
924 762 953 788 δὲ

163 811 247 842 θείοις
262 811 345 838 αὑτοῦ
363 811 455 845 νόμοις
480 810 616 845 πανταχοῦ
647 810 796 844 ἑπομένους
819 808 868 844 τὴν
896 807 952 840 ἀξι-

164 856 281 889 άγαστον
296 856 345 891 τῆς
370 856 542 891 δικαιοσύνης
556 857 672 883 διάττειν
687 855 755 883 ὀδόν.
780 853 910 890 Τρυφερὰ
924 853 953 879 δὲ
968 853 971 856 ’

165 902 292 929 Σάϐϐατα
314 910 384 937 φησι
398 902 433 928 τὰ
459 902 540 937 μηδὲν
560 901 657 937 έχοντα
680 901 734 927 τῶν
755 900 808 927 ἀπὺ
830 899 954 934 γνώμης.

165 947 274 983 Σκληρά
287 948 314 973 δὲ
328 947 423 983 γνώμη
439 948 486 974 καὶ
500 947 618 983 ἀπηνὴς,
635 948 665 974 τὸ
683 947 719 982 μὴ
734 945 893 973 ὑποκεῖσθαι
912 944 956 971 θέ-

164 992 232 1023 λειν,
248 989 287 1023 οἷς
306 992 339 1018 ἂν
356 991 482 1027 βούληται
499 991 578 1023 Θεὸς·
594 991 714 1018 τοιοῦτον
723 991 786 1017 ὄντα
797 989 842 1016 τὸν
849 988 957 1024 Ἰσραὴλ

162 1037 284 1072 διήλεγξε
307 1037 412 1071 λέγων,
430 1046 439 1062 ι
459 1037 586 1064 Γινώσκω
617 1037 672 1071 ἐγὼ
704 1037 745 1063 ὃτι
769 1036 886 1072 σκληρὸς
920 1033 954 1068 εἴ,

163 1083 212 1109 καὶ
224 1082 318 1119 νεῦρον
335 1083 461 1118 σιδηροῦν
470 1085 484 1110 ὁ
496 1083 631 1119 τράχηλός
645 1091 704 1114 σου,
721 1083 768 1109 καὶ
782 1083 813 1108 τὸ
829 1081 956 1116 μέτωπόν

163 1138 212 1156 σου
227 1129 353 1164 χαλκοῦν.
373 1139 383 1156 ι
403 1129 439 1156 Τὸ
455 1129 579 1161 εὐπειθὲς
592 1127 638 1156 οὖν
653 1129 718 1164 ἄρα,
734 1128 781 1155 καὶ
797 1128 828 1155 τὸ
840 1128 956 1163 εὐήνιον,

162 1175 211 1201 καὶ
225 1175 255 1201 τὸ
269 1175 386 1201 είκτικὸν
401 1175 449 1201 τοῦ
465 1175 576 1211 τρόπου,
591 1174 730 1210 τρυφερὰν
748 1173 894 1208 ἀποφαίνει
915 1172 955 1206 τῷ

161 1220 225 1255 Θεῴ
246 1221 295 1256 τὴν
317 1220 387 1247 κατὰ
409 1221 440 1247 τὸ
459 1221 599 1248 Σάῦὸατον
618 1220 726 1256 ἀργίαν,
744 1220 803 1254 ἦτοι
822 1221 867 1246 τὸν
884 1218 954 1245 κατά

162 1267 275 1301 πνεῦμα
302 1266 505 1301 σαὸὖατισμδν,
532 1266 561 1292 ὂν
589 1266 613 1292 οἱ
642 1264 790 1300 κατορθοῦν
819 1263 956 1295 ἐθέλοντες

162 1311 324 1346 ἀμωμήτως
344 1311 394 1337 οὐκ
418 1310 530 1347 ἀροῦσιν
559 1311 602 1337 ἐπ’
619 1310 692 1347 ἔργῳ
712 1310 757 1336 τὺν
781 1310 859 1341 πόδα,
878 1317 957 1336 τουτ-

163 1356 251 1387 έστιν,
265 1356 294 1382 οὐ
308 1355 445 1391 βαδίζουσι
460 1356 629 1392 πρακτικῶς,
645 1354 797 1383 ἐπιτελοῦσι
812 1355 841 1381 δὲ
856 1355 955 1391 μᾶλλον

161 1402 216 1437 τὴν
233 1401 327 1437 εὐαγῆ,
341 1402 387 1428 καὶ
401 1401 560 1437 ὀνησιφόρον
570 1402 680 1437 ἀργίαν,
702 1401 751 1435 τὴν
759 1401 804 1427 ἐπί
816 1409 859 1435 γε,
871 1401 953 1435 φημὶ,

163 1448 221 1478 τοῖς
239 1447 397 1482 αἰσχίστοις,
413 1447 459 1473 καὶ
477 1447 624 1482 βδελυροῖς,
639 1447 684 1474 καὶ
698 1446 903 1482 ἀπηχθημένοις
915 1445 954 1480 τῷ

162 1491 225 1526 Θεῷ
242 1493 395 1527 πράγμασι.
427 1491 555 1518 Βούλεται
589 1491 616 1518 δὲ
636 1492 699 1523 τοὺς
725 1491 862 1522 τοιούτους
907 1491 954 1517 καὶ

162 1538 251 1574 ὀργῆς
300 1538 347 1565 καὶ
391 1538 478 1573 θυμοῦ
522 1537 790 1573 κατευμεγεθοῦντας
820 1536 951 1573 ὁρᾶσθαι,

164 1584 213 1610 καὶ
251 1583 335 1620 θύραν
376 1584 487 1619 ἔχοντας
521 1585 567 1610 ἐπὶ
609 1583 716 1620 γλώττῃ
758 1584 805 1611 καὶ
847 1583 955 1618 μοχλόν.

163 1629 205 1655 Οὐ
235 1629 289 1664 γάρ
310 1628 438 1663 λαλήσεις
461 1629 549 1663 Λόγον,
575 1630 667 1664 φησιν,
709 1629 738 1654 ὲν
761 1629 829 1664 ὀργῇ
851 1628 884 1654 ὲκ
909 1626 956 1654 τοῦ

164 1674 300 1710 στόματός
315 1684 371 1701 σου.
389 1674 440 1701 Δύο
460 1674 491 1710 δὴ
507 1672 553 1700 οὖν
573 1673 689 1701 ἐνταῦθα
710 1674 867 1709 περιτέμνει
881 1673 956 1700 δεινὰ

164 1721 211 1747 καὶ
224 1720 396 1756 παγχάλεπα,
413 1716 450 1746 ὧν
464 1719 497 1746 ἀν
510 1727 551 1750 τις
560 1718 693 1754 ἀποφοιτή
699 1726 747 1749 σας
761 1718 863 1749 τέλειος
879 1717 955 1744 ἔσται

166 1766 242 1801 παρὰ
265 1766 332 1801 Θεῷ.
363 1767 435 1800 Ἔφη
450 1766 504 1801 γάρ
531 1774 573 1797 τις
598 1764 652 1792 τῶν
676 1765 762 1799 ἁγίων
786 1763 954 1795 ἀποστόλων,

169 1822 178 1838 ι
198 1812 231 1838 Et
239 1821 280 1843 τις
297 1813 324 1838 ἐν
337 1812 408 1847 λόγῳ
419 1813 448 1838 οὐ
462 1811 563 1843 πταίει,
577 1807 653 1842 οὗτος
670 1810 772 1842 τέλειος
792 1810 862 1845 ἀνὴρ
876 1809 956 1836 δυνά-

170 1866 248 1892 μενος
261 1857 482 1891 χαλιναγωγῆσαι
500 1856 547 1882 καὶ
557 1857 616 1883 ὅλον
629 1856 658 1882 τὸ
670 1856 760 1891 σῶμα.
776 1865 786 1882 t
808 1856 837 1883 '0
846 1854 873 1881 δὲ
882 1854 970 1890 κρείτ-

168 1908 221 1927 των
266 1902 361 1936 ἰιργῆς,
378 1901 487 1932 πάντως
499 1910 549 1928 που
565 1901 613 1927 καὶ
623 1902 778 1937 εὐσχήμων,
790 1902 869 1937 εἴπερ
882 1901 956 1928 ἐστὶν

171 1946 270 1982 ἀληθὲς
286 1948 332 1973 καὶ
349 1947 379 1973 τὸ
403 1947 530 1982 ἔμπαλινο
551 1946 705 1981 γέγραπται
726 1947 780 1982 γὰρ
797 1947 837 1974 ὅτι
855 1957 863 1973 ‹
874 1948 957 1984 Ἀνὴρ

171 1991 361 2028 θυμώδηςιοὺκ
377 1992 531 2027 εὐσχήμων.
545 2001 553 2017 ι
573 1991 679 2027 Πράους
692 1990 737 2019 οὖν
751 1992 804 2027 ἄρα
818 1992 866 2019 καὶ
882 1992 956 2019 πλεί-

170 2047 238 2074 στην
256 2038 321 2072 ὅσην
336 2037 447 2072 ἔχοντας
460 2037 509 2072 τὴν
524 2037 625 2073 ἀρετὴν
641 2035 710 2064 εῖναι
730 2037 852 2072 βούλεται
867 2038 881 2064 ὁ
893 2037 958 2070 Θεὸς

169 2085 231 2116 τοὺς
255 2083 467 2116 σαὸὃατίζοντας
488 2083 600 2119 νοητῶς,
615 2084 662 2110 καὶ
685 2084 780 2118 ἀγίως,
796 2084 843 2111 καὶ
857 2092 959 2119 τρυφε-

171 2130 235 2166 ρῶς,
251 2131 298 2157 καὶ
312 2130 471 2157 πεποιθέναι
487 2129 600 2161 κελεύει,
617 2130 667 2156 οὐκ
677 2130 724 2156 ἐπὶ
739 2129 845 2164 πλούτῳ
860 2129 959 2164 μᾶλλον

169 2177 186 2212 ἢ
209 2176 379 2208 δυναστείαις
397 2176 553 2211 κοσμικαῖς,
574 2176 624 2203 οὐκ
647 2176 694 2202 ἐπὶ
715 2174 794 2212 ῥώμῃ
815 2175 959 2211 σωμάτων,

167 2224 219 2251 οὐκ
231 2223 275 2258 ἐφ’
289 2223 376 2259 ἑτέρῳ
386 2223 440 2250 τινὶ
454 2222 508 2249 τῶν
523 2222 661 2255 τοιούτων,
677 2221 695 2249 δι
708 2221 786 2253 πόαις
798 2223 827 2249 ὲν
841 2221 890 2257 ῐσῳ
902 2223 961 2254 ταῖς

168 2271 198 2297 ἐν
215 2270 309 2305 ἀγροῖς
332 2269 488 2305 πρόσκαιρά
510 2269 540 2296 τέ
563 2269 621 2295 ἐστι
643 2268 691 2295 καὶ
720 2268 888 2303 εὐμάραντα,
914 2268 961 2295 ἐπὶ

1001 270 1096 290 narum
1112 262 1279 289 voluntatum
1298 269 1408 296 scopum
1421 262 1453 288 ad
1469 262 1632 296 voluptatem
1658 267 1791 296 spectare,

1000 308 1172 336 confirmabit
1185 307 1402 342 sapientissimus
1419 307 1527 339 Paulus,
1544 308 1686 335 scribens:
1704 317 1712 332 ε
1734 306 1792 335 Νοιι

1000 353 1072 382 enim
1090 353 1162 388 quod
1175 353 1246 385 volo,
1267 354 1318 380 hoc
1343 352 1413 379 facio
1435 352 1546 386 bonum,
1572 352 1619 380 sed
1650 353 1722 388 quod
1747 354 1792 380 odi

1001 398 1113 432 malum,
1125 399 1176 426 hoc
1190 406 1249 433 ago.
1269 397 1393 425 Delector
1409 398 1480 424 enim
1496 398 1554 433 lege
1570 398 1629 430 Dei,
1662 398 1732 432 quod
1761 398 1793 424 ad

1000 445 1157 473 interiorem
1172 444 1307 472 hominem
1323 443 1429 471 attinet.
1451 444 1535 472 Video
1551 449 1642 471 autem
1657 443 1737 470 aliam
1754 444 1794 470 le-

1003 499 1063 527 gem
1079 498 1139 526 quae
1155 495 1286 525 repugnat
1314 489 1366 524 legi
1382 490 1481 517 mentis
1496 497 1571 523 meae,
1598 495 1625 517 et
1652 490 1791 524 captivum

1002 545 1045 565 me
1060 537 1148 565 reddit
1162 536 1213 572 legi
1231 536 1344 571 peccati,
1357 543 1416 570 quae
1427 540 1468 563 est
1482 536 1508 563 in
1518 536 1647 563 membris
1663 536 1731 563 meis
1741 536 1773 561 “.
1782 546 1790 561 ι

1001 583 1053 617 Qui
1068 590 1132 618 ergo
1147 591 1162 611 a
1179 583 1234 611 Deo
1246 583 1357 617 probari
1374 582 1480 615 volunt,
1496 582 1603 609 fortiter
1623 589 1654 609 ac
1665 582 1793 616 juvenili—

1002 634 1044 656 ter
1058 636 1134 656 suam
1149 629 1315 656 voluntatem
1331 635 1487 663 oppugnare
1513 627 1631 655 debent:
1649 632 1677 654 et
1690 628 1735 662 qui
1751 628 1793 655 di.

1002 675 1079 701 vinas
1096 673 1154 708 eius
1162 674 1235 709 leges
1247 681 1295 708 per
1311 674 1400 701 omnia
1423 678 1583 708 sequuntur,
1607 674 1793 701 admirabilem

999 719 1113 753 iustitia:
1125 720 1195 746 viam
1214 719 1340 747 alacriter
1366 719 1435 746 inire
1454 723 1568 753 oportet.
1596 717 1701 746 Tenera
1724 719 1794 746 Sab-

1003 765 1065 792 bata
1082 764 1157 796 dicit,
1175 765 1201 791 in
1217 765 1314 799 quibus
1340 764 1456 799 propriae
1474 764 1620 792 voluntatis
1647 764 1713 792 nihil
1740 769 1792 792 est.

1004 811 1074 837 Dura
1093 815 1182 837 autem
1198 814 1225 837 et
1245 809 1387 845 prwlracta
1403 817 1481 837 mens
1501 814 1553 842 est,
1575 809 1644 837 nolle
1664 810 1716 837 illis
1733 818 1794 844 qua:

1006 856 1078 883 Deus
1090 856 1148 883 vult
1165 855 1271 891 subjici.
1290 855 1383 883 Talem
1409 862 1469 883 esse
1485 855 1612 883 Israelem
1636 855 1736 890 arguit,
1753 856 1794 881 di-

972 906 993 935 B
1007 909 1071 929 cens
1088 911 1094 929 :
1120 911 1129 927 ε
1149 901 1212 929 Scio
1225 908 1275 937 ego
1286 905 1313 929 te
1327 901 1423 928 durum
1444 908 1515 933 esse,
1531 906 1557 928 et
1581 908 1680 928 nervus
1691 900 1795 928 ferreus

1009 947 1106 974 collum
1125 951 1211 979 tuum,
1224 952 1251 974 et
1267 946 1342 974 frons
1357 951 1401 974 tua
1415 953 1489 974 aanea
1515 946 1547 974 ⁸⁸.
1570 956 1579 972 ι
1597 946 1730 974 Submissi
1746 946 1795 980 igi-

1011 997 1054 1020 tur
1063 997 1090 1020 et
1106 992 1259 1020 tractabiles
1276 997 1303 1021 et
1327 999 1457 1027 sequaces
1477 999 1567 1020 mores
1593 997 1714 1020 tenerum
1742 992 1796 1019 Deo

1009 1042 1138 1073 praestant
1150 1039 1177 1065 in
1194 1037 1312 1066 Sabbato
1328 1038 1423 1070 otium,
1437 1038 1478 1066 vel
1491 1037 1657 1073 spiritualem
1667 1038 1796 1066 sabbatis-

1010 1091 1101 1111 mum:
1118 1091 1197 1118 quem
1221 1084 1267 1118 qui
1284 1083 1376 1111 volunt
1395 1084 1454 1112 sine
1486 1084 1707 1119 reprehensionis
1732 1089 1794 1112 uota

1011 1128 1109 1161 colere,
1126 1136 1178 1156 non
1192 1128 1317 1157 levabunt
1328 1130 1362 1157 ad
1378 1137 1446 1164 opus
1460 1129 1568 1165 pedem,
1589 1130 1615 1158 id
1630 1136 1686 1164 est,
1701 1139 1753 1158 non
1763 1132 1796 1158 ad

1011 1181 1101 1200 rerum
1120 1179 1209 1201 actum
1223 1178 1349 1209 pergunt,
1363 1175 1409 1202 sed
1425 1175 1515 1209 potius
1536 1181 1659 1203 sanctum
1683 1180 1710 1203 et
1732 1177 1797 1203 utile

1006 1218 1144 1246 celebrant
1156 1219 1252 1252 otium,
1266 1227 1279 1247 a
1295 1220 1467 1255 turpissimis,
1480 1220 1600 1255 inquam,
1612 1226 1638 1249 et
1658 1222 1796 1249 detestan-

1007 1264 1048 1291 dis
1066 1271 1097 1292 ac
1111 1265 1165 1292 Deo
1183 1265 1279 1293 invisis
1296 1265 1421 1299 negotiis.
1435 1265 1487 1293 Eos
1498 1266 1554 1294 vult
1575 1267 1658 1294 etiam
1677 1268 1745 1294 iram
1765 1275 1796 1294 ac

1006 1309 1123 1337 furorem
1139 1310 1287 1343 vincere,et
1298 1310 1371 1338 fores
1384 1318 1415 1338 ac
1428 1312 1585 1347 repagulum
1601 1311 1697 1347 lingua:
1715 1320 1798 1347 appo-

1007 1361 1081 1382 nere.
1091 1355 1173 1390 827
1186 1355 1242 1383 Non
1254 1356 1326 1383 enim
1345 1355 1464 1391 loqueris
1477 1356 1600 1389 verbum,
1609 1357 1708 1392 inquit.
1718 1357 1746 1384 in
1757 1358 1796 1384 ira

1009 1400 1042 1428 de
1056 1408 1104 1428 ore
1117 1406 1172 1428 tuo.
1193 1401 1249 1428 Duo
1265 1401 1346 1436 igitur
1358 1402 1421 1429 hinc
1434 1402 1702 1438 circumciditgravia
1715 1407 1742 1430 et
1757 1404 1798 1430 in-

1009 1443 1155 1472 festissima
1170 1454 1176 1472 :
1193 1453 1209 1472 a
1224 1446 1322 1481 quibus
1334 1446 1357 1473 si
1374 1446 1435 1480 quis
1452 1447 1605 1479 recesserit,
1622 1448 1691 1482 apud
1714 1447 1796 1475 Deum

1007 1489 1142 1523 perfectus
1157 1490 1217 1517 erit.
1236 1491 1308 1518 Dixit
1326 1491 1398 1518 enim
1418 1492 1528 1525 quidam
1542 1499 1557 1519 e
1572 1493 1674 1520 sanctis
1689 1499 1797 1527 aposto-

1007 1535 1041 1563 lis
1053 1543 1060 1562 :
1082 1545 1091 1562 ι
1105 1535 1132 1563 Si
1144 1535 1204 1570 quis
1216 1536 1242 1562 in
1254 1543 1380 1564 sermone
1395 1544 1449 1566 non
1456 1536 1579 1569 oll‘eudit,
1603 1537 1647 1565 hic
1660 1538 1797 1572 perfectus

1009 1581 1051 1608 vir
1064 1585 1113 1614 est,
1125 1581 1171 1615 qui
1194 1581 1279 1615 possit
1293 1581 1374 1609 etiam
1395 1585 1478 1609 totum
1496 1589 1595 1616 corpus
1610 1582 1717 1610 frenare
1729 1583 1761 1610 “.
1784 1593 1794 1609 ι

971 1644 991 1674 c
1010 1627 1061 1661 Qui
1075 1632 1164 1654 autem
1181 1628 1247 1658 iram
1261 1632 1379 1662 coercet,
1393 1635 1501 1662 semper
1527 1627 1682 1655 moderatus
1706 1619 1748 1656 est
1770 1633 1798 1656 et

1008 1673 1185 1707 compositus,
1206 1673 1340 1708 siquidem
1354 1673 1523 1701 contrarium
1539 1681 1633 1701 verum
1651 1678 1693 1702 est
1707 1681 1715 1701 :
1731 1675 1798 1702 scri-

1006 1725 1081 1754 ptum
1096 1723 1137 1747 est
1158 1719 1229 1746 enim
1243 1728 1250 1746 :
1266 1728 1275 1745 ι
1289 1718 1337 1746 Vir
1347 1720 1494 1747 iracundus
1509 1720 1702 1748 immoderatus
1719 1724 1760 1748 est
1769 1725 1797 1748 et

1006 1764 1198 1799 incompositus
1212 1764 1246 1791 ⁸⁷.
1258 1773 1268 1790 ι
1283 1764 1336 1792 Eos
1357 1764 1440 1799 igitur
1450 1765 1496 1800 qui
1511 1765 1682 1793 sabbatizaut
1696 1766 1795 1794 intelli-

1006 1809 1134 1845 gibiliter,
1150 1813 1242 1837 sancte
1257 1814 1284 1837 et
1298 1809 1413 1838 delicate
1429 1817 1476 1837 seu
1489 1814 1592 1844 tenere,
1620 1811 1700 1839 mites
1737 1819 1798 1839 esse

1007 1857 1064 1885 vult
1078 1857 1158 1890 Deus,
1174 1862 1202 1885 et
1218 1858 1341 1893 plurimis
1363 1859 1509 1887 virtutibus
1520 1858 1647 1894 praeditos
1663 1867 1670 1886 :
1684 1862 1711 1886 et
1731 1866 1794 1886 con-

1008 1903 1091 1931 lidere
1102 1903 1179 1938 jubet
1190 1912 1242 1932 non
1254 1904 1366 1937 divitiis,
1376 1910 1421 1932 aut
1433 1906 1524 1932 mundi
1538 1906 1668 1940 potentia,
1685 1913 1738 1932 non
1752 1913 1796 1932 ro-

1007 1948 1073 1976 bore
1092 1949 1224 1983 corporis,
1242 1949 1283 1976 vel
1301 1950 1381 1978 rebus
1395 1951 1538 1985 ejusmodi,
1550 1958 1609 1985 qua:
1623 1951 1714 1978 herbis
1739 1952 1795 1986 agri

1008 1994 1112 2022 similes
1126 1999 1198 2027 sunt,
1219 1998 1246 2022 et
1259 1996 1428 2030 temporaria!
1457 2003 1490 2023 ac
1514 1997 1657 2030 marcida;
1675 1997 1722 2024 sed
1745 1997 1796 2025 Do-

1009 2040 1083 2067 mino
1102 2040 1246 2076 inniti,qui
1257 2041 1345 2068 omnis
1357 2041 1559 2077 tranquillitatis
1574 2042 1687 2077 largitor
1701 2047 1742 2070 est
1763 2051 1796 2071 ac

1010 2086 1188 2121 dispensator.
1209 2086 1285 2121 Quod
1310 2092 1400 2115 autem
1424 2095 1472 2116 eos
1487 2088 1532 2122 qui
1547 2089 1583 2115 ita
1607 2089 1690 2115 vitam
1715 2088 1795 2116 insti-

1011 2135 1087 2159 tuere
1101 2131 1201 2165 solent,
1216 2132 1369 2168 quicunque
1385 2134 1491 2160 tandem
1502 2133 1566 2166 sint,
1580 2137 1796 2166 coronet,osten-

1010 2176 1060 2209 dit,
1073 2176 1165 2205 dicens
1179 2186 1186 2204 :
1203 2186 1213 2203 ι
1232 2177 1335 2205 Evehet
1349 2183 1375 2206 te
1394 2179 1427 2205 ad
1442 2178 1512 2206 bona
1526 2183 1613 2212 terraa,
1640 2184 1667 2207 et
1697 2179 1797 2207 cibabit

1011 2226 1037 2250 te
1050 2223 1206 2252 haereditate
1217 2223 1300 2252 Jacob
1309 2225 1393 2260 patris
1409 2225 1457 2253 tui.
1473 2234 1483 2251 ι
1499 2225 1627 2253 Promisit
1650 2226 1721 2253 enim
1747 2225 1796 2253 Ju-

1012 2268 1130 2296 daeorum
1153 2269 1275 2304 patribus
1295 2270 1482 2299 universorum
1504 2271 1575 2300 Deus
1603 2276 1703 2300 terram
1731 2280 1796 2307 pro-

168 2314 272 2350 Κύριον
283 2314 312 2341 δὲ
324 2314 424 2349 μᾶλλον
442 2315 488 2340 τὸν
506 2313 615 2348 ἀπάσης
633 2313 763 2349 εὐθυμίας
778 2313 824 2340 καὶ
843 2313 955 2349 χορηγδι

1014 2313 1159 2347 missionis,
1173 2319 1200 2342 et
1213 2314 1240 2342 in
1250 2322 1309 2343 eam
1323 2316 1467 2344 introducti
1475 2322 1548 2351 sunt,
1570 2318 1638 2346 duce
1647 2318 1797 2354 .lesu,Moy-

170 2360 217 2386 καὶ
239 2359 380 2395 πρύτανιν.
415 2359 456 2386 Τὰ
490 2359 544 2386 τῶν
565 2359 636 2385 οὕτω
665 2358 716 2394 ζῇν
745 2359 888 2391 εἰωθότων,
918 2359 959 2386 ὃτι

169 2402 220 2431 οἶοί
243 2413 316 2436 τινες
343 2403 409 2437 εἷεν,
434 2405 595 2441 ἀνθρώπους
619 2406 765 2441 στεφανοῖ,
792 2405 958 2433 διαδείκνυσι

170 2450 266 2484 λέγων,
286 2451 327 2476 ὅτι
349 2460 358 2476 ι
388 2450 559 2477 Ἀναδιῦάσει
575 2459 603 2477 σε
619 2451 665 2478 ἐπὶ
677 2451 712 2478 τὰ
727 2451 818 2485 ἀγαθά
834 2451 884 2486 τῆς
897 2451 958 2486 γῆς,

171 2495 218 2522 καὶ
233 2495 334 2531 ψωμιεῖ
349 2505 378 2523 σε
396 2496 443 2523 ἐπὶ
459 2496 507 2532 τὴν
521 2497 701 2533 κληρονομίαν
726 2497 822 2524 Ἰακὼϐ
841 2496 889 2524 τοῦ
907 2506 959 2523 πα-

171 2541 232 2576 τρός
246 2551 302 2568 σου.
315 2552 324 2568 ι
347 2541 541 2577 Ἐπηγγείλατο
556 2543 604 2578 μὲν
621 2543 675 2579 γὰρ
687 2545 743 2575 τοῖς
752 2543 806 2569 τῶν
825 2543 957 2570 Ἰουδαίων

171 2587 304 2620 πατράσιν
319 2587 333 2613 ὁ
347 2587 400 2614 τῶν
417 2587 485 2614 ὅλων
498 2587 562 2616 Θεὸς
578 2587 626 2623 τὴν
645 2588 697 2623 γῆν
715 2588 764 2622 τῆς
782 2588 955 2621 ἐπαγγελίας,

171 2631 217 2657 καὶ
227 2631 259 2667 δὴ
285 2632 332 2658 καὶ
345 2632 573 2668 εἰσεκομίσθησαν
587 2633 627 2664 εὶς
641 2633 726 2668 αὐτὴν
741 2633 957 2667 στρατηγοῦντος

177 2676 263 2711 Ἰησοῦ
283 2678 351 2712 μετά
375 2677 420 2704 τὸν
446 2678 607 2713 ἱεροφάντην
628 2678 743 2705 Μωσέα.
757 2676 825 2705 Εἶτα
836 2678 895 2710 πῶς
915 2679 959 2706 διά

172 2722 225 2748 τῶν
252 2723 442 2758 προκειμένων
468 2723 584 2759 στίχων,
607 2724 644 2757 ὡς
670 2724 746 2751 οὔπω
772 2724 883 2751 λαϐοῦσι
914 2724 959 2751 τὸν

172 2767 270 2802 κλῆρον
293 2768 339 2794 τὸν
364 2769 566 2803 ἐπαγγελθέντα
596 2770 636 2806 τῷ
663 2771 821 2808 πατριάρχῃ
851 2770 958 2804 Ἰακὼϐ,

208 2857 230 2874 εδ
251 2858 328 2886 Rom.
346 2867 394 2894 VII,
410 2860 454 2888 25.

1013 2360 1051 2388 sis
1069 2367 1208 2389 sacrorum
1229 2362 1362 2390 antistitis
1382 2369 1550 2392 suecessore.
1579 2363 1639 2391 Jam
1660 2372 1725 2391 vero
1750 2366 1797 2399 qui

1013 2405 1053 2438 tit,
1066 2406 1137 2440 quod
1147 2406 1221 2434 hisce
1234 2407 1355 2435 versibus
1365 2408 1504 2443 promittat
1528 2416 1558 2436 se
1582 2409 1635 2437 illis
1659 2410 1795 2443 daturum,

1012 2450 1123 2485 perinde
1132 2452 1211 2485 quasi
1226 2457 1327 2480 sortem
1346 2452 1507 2488 promissam
1519 2452 1619 2481 Jacobo
1635 2454 1797 2489 patriarcha:

1013 2494 1131 2522 nondum
1157 2496 1345 2531 accepissent?
1369 2496 1484 2525 Proinde
1511 2506 1563 2526 non
1589 2498 1622 2526 de
1641 2498 1797 2526 haereditate

1012 2541 1135 2569 sensibus
1148 2547 1282 2577 percepta,
1299 2543 1340 2571 vel
1359 2544 1454 2571 sortito
1466 2543 1519 2572 illis
1536 2552 1551 2571 a
1569 2544 1623 2572 Deo
1644 2544 1706 2571 data
1728 2548 1797 2571 tem-

1011 2586 1122 2620 poribus
1136 2587 1218 2614 divini
1231 2586 1334 2621 Jacobi,
1348 2589 1390 2616 vel
1403 2588 1549 2617 Abrahami
1565 2593 1591 2617 et
1601 2589 1686 2617 lsaaci
1696 2590 1796 2617 intelli-

1011 2640 1068 2667 ges,
1082 2632 1129 2660 sed
1145 2633 1178 2660 de
1193 2633 1238 2660 illa
1255 2635 1356 2669 potius,
1375 2642 1456 2669 quam
1485 2635 1543 2671 ipse
1565 2636 1643 2664 nobis
1667 2635 1796 2663 Servatur

1011 2679 1145 2714 designat,
1159 2679 1252 2707 dicens
1269 2688 1275 2706 :
1299 2689 1309 2706 ι
1327 2680 1402 2709 Beati
1415 2682 1569 2716 mites,quia
1585 2683 1634 2717 ipsi
1652 2682 1796 2710 haeredita-

1010 2724 1076 2752 bunt
1091 2729 1190 2752 terram
1202 2725 1235 2752 ⁸⁸.
1253 2736 1262 2752 ι
1277 2727 1393 2754 Omnino
1414 2733 1503 2754 autem
1519 2728 1576 2755 haec
1587 2728 1620 2756 ad
1643 2729 1723 2756 tinent
1749 2736 1796 2755 ex-

1011 2770 1092 2804 itura,
1103 2778 1163 2805 qua:
1182 2772 1313 2806 promissa
1325 2777 1398 2806 sunt,
1415 2773 1520 2808 probat,
1540 2781 1602 2802 cum
1635 2774 1740 2810 inquit:
1758 2773 1795 2802 Os

494 2860 516 2876 θ’
531 2860 581 2890 lsa.
601 2870 694 2897 XLVI",
711 2863 737 2891 4.
777 2863 798 2878 ¹⁶
816 2862 873 2891 Jac.
895 2865 955 2893 ηυξ

1016 2863 1037 2878 ⁸⁷
1057 2863 1135 2891 Prov.
1152 2870 1227 2896 xxxx,
1241 2863 1285 2890 2'2.
1326 2863 1347 2878 “
1363 2862 1456 2892 Matth.
1479 2872 1504 2897 γ,
1522 2865 1547 2893 4.
