4134 6302
568 227 706 283 15(ιὸ

1550 241 1606 296 s.
1651 242 1923 303 CYRILLI
1962 246 2432 307 ALEXANDRINI
2474 218 2794 309 Ancnmv.

3690 265 3850 320 {30$

558 339 700 389 enim
737 337 948 394 Domini
979 340 1216 398 locutum
1239 355 1321 400 est
1353 349 1485 402 banc.
1517 349 1658 406 Fieri
1706 369 1939 425 namque
1992 359 2115 413 ham

2235 360 2429 416 δώσειν
2473 364 2656 429 αὐτοῖς
2695 368 3090 437 ἐπαγγέλλεται
3123 388 3137 436 ;
3169 371 3376 429 Οὐκοῦν
3423 374 3485 428 οὐ
3546 376 3682 446 περὶ
3731 378 3848 447 τῆς

559 440 755 498 potest,
796 445 851 488 ut
879 436 1045 492 divini
1083 455 1358 497 sermones
1383 446 1631 501 excidant
1665 466 1678 502 :
1713 448 1854 506 Deus
1874 454 2016 507 enim
2048 465 2115 510 est

2236 453 2521 527 αἰσθητῆς,
2543 458 2662 528 ήτοι
2684 459 2784 531 τῆς
2804 462 3365 538 κατακληροδοθείσης
3388 469 3574 532 αὐτοῖς

558 521 781 576 veritas.

2234 546 2390 614 γελία
2415 543 2484 620 ἦν
2511 549 2589 619 τῷ
2619 549 2739 622 Θεῷ
2778 552 2916 624 πρὸς
2946 555 3039 608 τὸν
3072 557 3356 612 θεσπέσιον
3406 559 3629 627 Ἰακὼϐ,
3661 562 3844 632 ἤγουν

558 611 649 664 ἐπὶ
690 614 940 687 Ἀϐραάμ
960 634 1019 670 τε
1048 618 1141 673 καὶ
1174 618 1379 689 Ἰσαὰκ,
1408 624 1535 694 περὶ
1562 626 1777 700 ἐκείνης
1806 628 1865 683 δὲ
1888 629 2110 701 μᾶλλον,
2150 633 2216 705 ἦν
2244 611 2406 699 αὐτὸς
2426 611 2570 708 ήμῖν
2590 639 2618 691 ό
2861 611 3231 716 κατεσήμαινε
3258 611 3842 721 λέγωνζ

555 706 605 757 oi
632 709 845 777 πραεῖς,
872 709 953 762 ὅτι
995 711 1149 766 αὐτοὶ
1181 712 1646 788 κληρονομήσουσι
1684 721 1784 795 τὴν
1824 727 1951 796 γῆν.
2011 744 2031 778 t
2092 725 2214 781 Ὅτι
2256 729 2312 783 δὲ
2378 706 2553 804 πάντη
2607 751 2667 788 τε
2724 706 2818 790 κοὶἱ
2879 706 3100 804 πάντως
3160 744 3240 807 είς
3283 706 3460 816 πέρας
3491 706 3838 818 ἐκδήσονται

553 797 623 851 τὰ
665 800 1070 873 ἐπηγγελμένα,
1124 808 1411 863 πιστοῦται
1456 810 1663 882 λέγων’
1717 818 1793 871 Τὸ
1836 819 1946 893 γὰρ
1996 820 2171 892 στόμα

551 892 826 948 διαπεσεῖν
859 894 1081 966 λόγους-ο
1110 898 1244 965 Θεὸς
1278 903 1388 976 γάρ
1418 906 1565 961 ἐστιν
1593 908 1840 980 ἀλήθεια.

623 1008 753 1062 CAP.
786 1008 919 1065 LIX.
954 1010 1113 1070 Vens.
1143 1015 1255 1071 1-4.
1318 1017 1507 1076 Nonne
1547 1033 1713 1087 potest
1766 1020 1954 1082 manus
2006 1045 2125 1083 mea

550 1103 800 1156 servare?
853 1120 977 1157 num
1011 1118 1298 1177 aggravata
1336 1123 1410 1166 est
1448 1115 1596 1169 auris
1621 1115 1755 1186 ejus,
1817 1135 1919 1189 quo
1955 1124 2125 1177 minus

551 1193 782 1247 audiat?
812 1194 917 1250 Sed
938 1212 1151 1266 peccata
1192 1212 1361 1258 vestra
1415 1206 1691 1263 dissidium
1730 1209 1929 1279 faciunt
1989 1212 2124 1269 inter

552 1298 638 1336 vos
665 1294 712 1338 et
739 1284 928 1341 Deum.
962 1287 1185 1359 Propter
1203 1303 1416 1363 peccata
1463 1308 1631 1353 vestra
1654 1302 1835 1355 avertit
1872 1302 2061 1372 facient
2093 1322 2127 1358 a

550 1375 716 1442 vobis,
748 1395 811 1431 ne
834 1381 1164 1437 misereatur.
1200 1383 1397 1441 Manus
1443 1389 1582 1442 enim
1630 1401 1812 1448 vestrae
1837 1394 2127 1465 inquinata:

549 1478 672 1522 sunt
698 1474 973 1542 sanguine,
1007 1485 1056 1529 et
1083 1478 1234 1547 digiti
1257 1481 1412 1533 vestri
1434 1482 1487 1533 in
1516 1484 1760 1548 peccatis.
1814 1484 1979 1541 Labia
2007 1504 2125 1543 vero

548 1570 721 1615 vestra
752 1562 929 1617 locuta
974 1577 1093 1620 sunt
1118 1556 1467 1639 iniquitatem,
1486 1584 1533 1627 et
1551 1573 1728 1644 lingua
1746 1577 1916 1648 828
1957 1590 2125 1634 vestra

2239 824 2444 896 Κυρίου
2496 827 2726 903 ἐλάλησε
2774 831 2979 888 ταῦτα·
3032 836 3314 907 ἀμήχανον
3356 839 3415 893 δὲ
3460 840 3595 905 τοὺς
3644 841 3838 905 θείους

2309 1031 2409 1101 Μὴ
2471 1035 2583 1087 οὐκ
2641 1035 2840 1104 ἰσχύει
2889 1035 2928 1102 ἡ
2982 1036 3112 1106 χείρ
3163 1053 3280 1101 μου
3330 1038 3439 1093 τοῦ
3493 1036 3742 1104 micat;
3792 1041 3833 1109 ἢ

2229 1122 2481 1193 ἐϐάρυνε
2525 1124 2593 1178 τὸ
2643 1120 2755 1193 οὖς
2802 1126 2990 1181 αὐτοῦ
3027 1126 3133 1181 τοῦ
3162 1128 3251 1197 μὴ
3296 1128 3595 1191 ἀκοῦσαις
3639 1131 3835 1185 Ἀλλά

2231 1210 2304 1264 τὰ
2336 1211 2722 1282 ἁμαρτήματα
2751 1211 2919 1283 ὑμῶν
2943 1213 3255 1270 διιστῶσιν
3292 1216 3607 1284 ἀναμέσων·
3648 1219 3830 1288 ὑμῶν

2223 1302 2320 1356 καί
2352 1304 2459 1357 τοῦ
2484 1303 2655 1372 Θεοῦ,
2677 1303 2776 1359 διὰ
2800 1304 2909 1372 τὰς
2936 1306 3225 1377 ἁμαρτίας
3262 1306 3431 1376 ὑμῶν
3459 1307 3825 1378 ἀπέστρεψε

2223 1393 2291 1446 τὸ
2326 1394 2653 1463 πρόσωπον
2684 1397 2872 1452 αὐτοῦ
2913 1397 3012 1466 ἀφ’
3041 1396 3230 1467 ὑμῶν,
3248 1398 3355 1453 τοῦ
3385 1397 3474 1468 μὴ
3526 1400 3819 1469 ἐλεῆσαι.

2220 1491 2294 1543 Al
2324 1488 2434 1559 γὰρ
2463 1487 2658 1557 χεζοες
2686 1487 2856 1559 ὑμῶν
2884 1488 3334 1560 μεμολυσμέναι
3359 1492 3585 1562 αἵματι,
3616 1496 3721 1547 καὶ
3762 1501 3824 1551 at

2222 1578 2511 1634 δάκτυλοι
2539 1578 2707 1647 ὑμῶν
2742 1579 2815 1633 ἐν
2842 1580 3171 1650 ἁμαρτίαις.
3204 1581 3283 1635 Τὰ
3319 1580 3388 1634 δὲ
3422 1582 3602 1650 χείλη
3648 1582 3828 1652 ὑμῶν

548 1655 833 1709 meditatur
865 1659 1202 1727 injustitiam.
1249 1661 1418 1719 Nemo
1454 1664 1684 1737 loquitur
1736 1671 1907 1738 justo,
1958 1689 2115 1743 neque

2217 1672 2527 1741 ἐλάλησεν
2557 1671 2837 1743 ἀνομίαν,
2866 1672 2967 1727 καὶ
2996 1674 3035 1742 ἡ
3081 1672 3335 1743 γλῶσσα
3366 1674 3538 1744 ὑμῶν
3564 1675 3829 1731 ἀδικίαν

547 1755 622 1799 est
666 1748 923 1814 judicium
955 1767 1146 1808 verum.
1172 1750 1373 1810 Fidunt
1408 1757 1465 1811 in
1520 1761 1692 1825 vanis,
1747 1772 1795 1816 et
1832 1761 2120 1831 loquuntur

547 1854 752 1895 tuatua.

614 2036 780 2095 Paulo
803 2050 928 2097 ante
962 2043 1054 2102 Dei
1087 2062 1316 2116 persona
1348 2049 1649 2109 introducta
1679 2065 1785 2121 est,
1806 2055 1993 2115 dicens
2036 2060 2119 2114 di-

543 2128 670 2184 vino
692 2132 968 2202 prophetae
995 2153 1010 2191 :
1039 2154 1058 2188 t
1092 2138 1276 2192 Clama
1307 2154 1405 2210 pro
1425 2143 1657 2210 viribus,
1687 2160 1755 2201 ne
1776 2160 1990 2216 parcas,
2032 2149 2118 2204 in-

542 2228 659 2273 star
721 2221 862 2277 tuba:
907 2224 1105 2281 extolle
1133 2242 1317 2283 vocent
1342 2239 1511 2299 tuam,
1550 2243 1606 2287 et
1631 2237 1889 2291 annuntia
1921 2239 2116 2308 popqu

542 2328 665 2368 meo
705 2312 1022 2384 iniquitates
1059 2333 1207 2385 snas,
1239 2330 1295 2377 et
1322 2322 1506 2379 domui
1532 2323 1701 2384 Jacob
1729 2339 1952 2397 peccata
1992 2347 2112 2388 sua.

540 2402 628 2459 Me
652 2404 721 2460 de
748 2405 835 2461 die
868 2406 921 2462 in
952 2408 1094 2465 diem
1125 2425 1396 2482 quaerunt,
1422 2425 1477 2473 et
1496 2418 1637 2475 scire
1662 2421 1776 2476 vias
1798 2436 1947 2477 meas
1974 2424 2116 2479 desi-

542 2498 753 2563 derant,
778 2500 929 2569 quasi
956 2503 1183 2572 populus
1206 2504 1473 2574 justitiam
1518 2508 1745 2579 faciens,
1775 2522 1829 2569 et
1844 2512 2110 2584 judicium

539 2588 636 2643 Dei
660 2589 744 2644 sui
763 2607 870 2647 non
901 2592 1303 2666 derelinquens.
1367 2598 1801 2661 Postulantame
1847 2623 1989 2662 nunc
2026 2610 2115 2677 ju-

541 2680 983 2751 diciumjustum,
1014 2695 1070 2741 et
1125 2690 1557 2759 appropinquare
1606 2693 1715 2750 Deo
1770 2696 2108 2763 desiderant,

541 2769 784 2826 dicentes
816 2789 831 2830 :
860 2773 996 2839 Quid
1035 2777 1175 2844 quod
1193 2776 1581 2849 jejunavimus,
1636 2795 1691 2838 et
1742 2800 1846 2841 non
1898 2788 2114 2843 vidisti?

542 2861 949 2922 lmmiliavintus
984 2869 1195 2924 animas
1216 2881 1448 2939 nostras,
1474 2882 1529 2927 et
1555 2890 1662 2930 non
1692 2879 2028 2947 cognovisti?
2053 2880 2109 2935 ln

541 2954 733 3011 diebus
759 2956 901 3011 enim
925 2956 1250 3027 jejuniorum
1284 2972 1582 3021 vestrorum
1623 2967 1874 3025 invenitis
1923 2971 2110 3028 volun-

543 3055 682 3102 tates
704 3059 912 3105 vestras
941 3059 996 3106 et
1031 3066 1220 3108 otnnes
1252 3054 1524 3125 subjectos
1555 3058 1706 3115 vobis
1729 3060 1960 3132 aﬂligitis
1992 3082 2006 3119 :
2047 3065 2112 3121 ad

534 3133 736 3204 judicia
762 3145 816 3192 et
836 3136 1014 3210 jurgia
1033 3140 1332 3212 jejunatis,
1363 3154 1419 3200 et
1447 3147 1745 3204 verberatis
1784 3155 1979 3224 pugnis
2015 3156 2115 3209 llu-

543 3226 746 3283 tnilem.
779 3228 959 3296 Quare
1004 3234 1135 3288 mihi
1183 3235 1481 3306 jejunatis?
1518 3236 1637 3295 Non
1685 3242 1811 3299 boc‘
1851 3245 2111 3315 jejunium

539 3318 699 3390 elegi,
722 3319 855 3378 dicit
892 3322 1155 3383 Dominus
1186 3331 1253 3384 ⁸³.
1293 3348 1312 3382 t
1345 3330 1591 3391 Diximus
1615 3345 1816 3407 autem,
1844 3354 1965 3394 cum
1987 3357 2113 3396 sen-

539 3426 660 3465 sum
686 3414 1003 3484 propbctite,
1033 3428 1089 3472 ut
1115 3420 1409 3490 potuimus,
1441 3424 1780 3497 interpretati
1807 3446 2113 3502 sumus,eos

542 3504 809 3560 restitisse
839 3506 943 3573 bis,
972 3522 1091 3577 quae
1116 3511 1501 3580 sapientissimi
1527 3517 1726 3591 Moysis
1756 3524 1963 3592 prodita
1986 3536 2114 3581 sunt

538 3596 798 3663 oraculis,
824 3608 880 3653 et
904 3600 1028 3655 vitae
1053 3603 1374 3670 probitatem
1401 3607 1546 3664 nullo
1586 3610 1787 3670 inloco
1827 3629 1891 3671 ac
1938 3622 2112 3687 pretio

540 3687 814 3754 habuisse,
846 3691 939 3744 sed
977 3702 1233 3748 consueta
1266 3695 1561 3767 factitasse,
1593 3717 1658 3758 ac
1692 3704 1803 3761 Deo
1854 3708 2110 3766 infestam

538 3788 593 3832 et
620 3795 841 3849 pravam
870 3783 1080 3841 vivendi
1103 3787 1364 3843 rationem
1393 3803 1607 3849 secutos
1624 3793 1809 3854 fuisse.
1833 3798 1889 3855 Si
1914 3801 2110 3859 bellum

540 3873 862 3944 quandoque
881 3876 1258 3936 denuntiatum
1286 3891 1455 3952 esset,
1507 3886 1574 3941 de
1634 3887 1741 3944 cibi
1784 3891 2111 3950 abstinentia

540 3963 934 4032 consultabant,
973 3970 1073 4024 rati
1103 3986 1164 4027 se
1216 3973 1319 4030 hoc
1344 3978 1490 4032 nudo
1521 3986 1578 4033 et
1610 3979 1726 4036 solo
1779 3982 1983 4053 jejunio
2015 4002 2109 4042 seu

539 4056 863 4115 abstinentia
939 4064 1231 4135 propitium
1315 4069 1417 4125 sibi
1492 4071 1728 4142 judicem
1783 4078 2108 4137 reddituros.

544 4151 743 4209 Deinde
781 4169 877 4225 spe
918 4156 1189 4227 frustrati,
1220 4161 1705 4223 obmurmurabant
1730 4178 1785 4225 ct
1816 4170 2106 4230 dicebant:

537 4246 677 4312 Quid
698 4245 1093 4319 jejunavimus,
1172 4262 1229 4309 et
1274 4270 1384 4311 non
1434 4257 1656 4316 vidisti?
1708 4262 2110 4322 bumiliavimus

537 4339 746 4395 animos
777 4350 1013 4410 nostras,
1055 4354 1237 4400 etnon
1259 4351 1590 4419 cognovisti?
1617 4350 1751 4409 Vide
1795 4369 1949 4426 ergo,
1985 4357 2105 4413 vide
2136 4371 2181 4427 ι)

537 4431 777 4486 divinum
792 4436 1131 4504 prophetam,
1166 4439 1310 4495 velut
1341 4456 1408 4498 ex
1453 4446 1691 4500 maximo
1724 4446 1941 4515 pietatis
1978 4458 2094 4504 stu-

537 4523 943 4595 dio,increpare
974 4540 1069 4583 eos
1100 4543 1164 4585 ac
1188 4530 1408 4589 dicere:
1460 4534 1649 4591 Nonne
1696 4549 1875 4606 potest
1913 4555 2107 4597 manus

529 4616 749 4670 Domini
783 4618 1034 4675 servare?
1087 4636 1213 4676 num
1243 4635 1527 4694 aggravata
1552 4638 1636 4682 est
1667 4629 1811 4683 auris
1837 4630 1974 4700 ejus,
2001 4648 2111 4701 quo

536 4710 717 4765 minus
755 4709 971 4766 audiat?
1020 4711 1135 4769 Non
1173 4716 1337 4783 enim,
1375 4718 1570 4788 inquit,
1603 4720 1944 4790 omnipotens
2000 4721 2107 4778 Do-

536 4802 671 4882 mini
692 4802 912 4859 dextera
965 4804 1240 4862 debilitata
1292 4818 1399 4875 est,
1448 4825 1621 4881 neque
1662 4821 1912 4882 gravatas
1946 4829 2108 4872 aures

541 4876 701 4949 habet
729 4895 809 4950 vel
829 4911 1068 4964 aversas,
1085 4908 1145 4953 ut
1173 4914 1280 4954 non
1303 4902 1520 4969 audiat;
1557 4904 1652 4959 sed
1675 4914 1894 4973 peccata
1924 4916 2102 4964 vestra

537 4986 916 5044 divelluntvos
951 4990 1018 5045 ab
1039 4991 1175 5061 ipso.
1206 4990 1262 5047 Si
1289 4993 1412 5062 quis
1437 4994 1619 5063 itaque
1665 4997 1946 5054 dissidium
2012 5014 2103 5056 re-

537 5085 771 5141 moveat,
802 5086 856 5132 et
909 5078 962 5133 id
1010 5079 1160 5135 tollat
1212 5082 1356 5149 quod
1408 5097 1437 5136 a
1491 5083 1583 5138 Dei
1610 5085 1920 5156 cognitione
1943 5091 2103 5167 quasi

2139 3010 2183 3068 C

2217 1761 2441 1831 μελετᾷ
2460 1777 2474 1791 ⁸
2504 1760 2703 1826 οὐδεὶς
2745 1760 2928 1815 λαλεῖ
2953 1760 3184 1827 δίκαια,
3231 1761 3375 1816 οὐδὲ
3418 1763 3553 1818 ἔστι
3606 1765 3825 1833 κρίσις

2220 1851 2499 1921 ἀληθινή.
2530 1851 2899 1908 Πεποίθασιν
2934 1853 3033 1907 ἐπὶ
3069 1853 3367 1922 ματαίοις.
3398 1855 3499 1908 καί
3537 1854 3825 1910 λαλοῦσι

2220 1942 2387 1997 κενά.

2301 2056 2388 2112 Ἐν
2415 2058 2529 2120 τοῖς
2557 2056 2749 2111 ἀνόπιν
2782 2055 2955 2126 βραχὺ
2987 2056 3050 2109 τὸ
3080 2054 3173 2109 τοῦ
3202 2054 3340 2109 Θεοῦ
3370 2055 3669 2127 πρόσωπον
3691 2060 3814 2111 εἱσ-

2218 2147 2503 2221 εκομίσθη,
2531 2147 2687 2217 λέγον
2719 2147 2795 2218 τῷ
2821 2145 3091 2217 θεσπεσίῳ
3118 2148 3394 2218 προφήτῃ·
3425 2163 3443 2196 ι
3466 2145 3808 2216 Ἀναὸόησον

2217 2245 2275 2296 ἐν
2314 2240 2481 2312 ίσχύῖ,
2511 2242 2607 2294 καὶ⁹
2657 2240 2732 2312 μὴ
2786 2239 2981 2311 φείσῃ,
3025 2237 3101 2302 ὡς
3132 2238 3410 2307 σάλπιγγα
3457 2237 3680 2308 ὖψωσον
3705 2238 3811 2309 τήν

2218 2335 2399 2404 φωνήν
2437 2349 2552 2394 σου,
2578 2333 2673 2385 καὶ
2711 2332 3034 2399 ἀνάγγεελον
3063 2328 3139 2401 τῷ
3166 2329 3279 2401 λαῷ
3311 2347 3414 2399 μου
3440 2329 3542 2393 τὰς
3569 2330 3808 2399 ἀνομίας

2216 2424 2417 2492 αὐτῶν,
2456 2423 2553 2478 καὶ
2596 2422 2672 2494 τῷ
2708 2425 2842 2494 οἴκῳ
2876 2420 3095 2494 Ἰσραὴλ
3139 2421 3235 2484 τὰς
3276 2420 3555 2491 ἁμαρτίας
3595 2419 3801 2473 αὐτῶν.

2227 2517 2357 2588 Ἐμὲ
2389 2516 2602 2587 ἡμέραν
2635 2513 2695 2582 ἐξ
2739 2514 2956 2586 ἡμέρας
3001 2512 3254 2584 ζητοῦσι,
3302 2512 3397 2566 καὶ
3444 2511 3652 2580 γνῶναί
3703 2528 3805 2581 μου

2212 2611 2312 2673 τὰς
2338 2609 2490 2673 ὁδοὺς
2519 2607 2898 2679 ἐπιθυμοῦσιν,
2925 2605 3002 2670 ὡς
3033 2605 3161 2669 λαὸς
3187 2602 3535 2673 δικαιοσύνην
3550 2619 3807 2672 .πεποιηο

2214 2701 2346 2765 κὼς,
2377 2701 2472 2757 καὶ
2503 2700 2682 2774 κρίσιν
2714 2696 2850 2752 Θεοῦ
2881 2697 3047 2753 αὑτοῦ
3082 2697 3156 2770 μὴ
3181 2695 3684 2765 ἐγκαταλελοιτῶκ.
3712 2694 3808 2749 Δί·

2214 2792 2364 2846 τοῦσί
2400 2808 2467 2863 με
2496 2791 2591 2846 νῦν
2622 2791 2802 2863 κρίσιν
2842 2788 3079 2855 δικαίαν,
3109 2789 3204 2842 καὶ
3241 2787 3483 2856 ἐγγίζειν
3690 2788 3808 2891 ἐπι-

2213 2884 2465 2956 θυμοῦσι,
2500 2883 2768 2952 λέγοντες,
2796 2881 2862 2935 Τί
2885 2883 2965 2936 ὅτι
2997 2879 3422 2952 ἐνηστεύσαμεν,
3463 2881 3562 2933 καὶ
3584 2878 3696 2932 οὐκ
3734 2878 3807 2931 εἷς

2213 2977 2333 3044 δες;
2363 2974 2808 3046 ἐταπεινώσαμεν
2830 2973 2930 3037 τὰς
2953 2972 3132 3044 ψυχὰς
3154 2973 3184 3025 ὑ
3192 2970 3327 3043 μῶν,
3353 2970 3451 3024 καὶ
3468 2970 3572 3024 οὐκ
3593 2969 3806 3039 Ervum;

2229 3071 2316 3124 ’Ev
2352 3069 2461 3142 γὰρ
2486 3071 2608 3134 ταῖς
2639 3068 2875 3139 ἡμέραις
2909 3065 3019 3120 τῶν
3046 3063 3305 3135 νηστειῶν
3329 3062 3485 3134 ὑμῶν
3509 3062 3804 3133 εὑρίσκετε

2213 3160 2283 3214 τὰ
2326 3159 2605 3231 θελήματα
2643 3156 2816 3229 ὑμῶν,
2866 3155 2962 3209 καὶ
3010 3153 3221 3217 πάντας
3270 3152 3399 3214 τοὺς
3449 3151 3805 3221 ὑποχειρίους

2215 3251 2568 3317 ὑπονύσσετε,
2614 3250 2692 3313 εἰς
2718 3248 2899 3320 κρίσιν
2942 3247 3038 3300 καὶ
3087 3245 3266 3317 μάχας
3320 3242 3694 3314 νηστεύσετεσ
3739 3242 3801 3294 οὗ

2213 3345 2416 3416 ταύτην
2465 3342 2563 3415 τὴν
2605 3342 2858 3413 νηστείαν
2910 3336 3263 3409 ἐξελεξάμην,
3314 3335 3465 3404 λέγει
3520 3333 3794 3404 Romae.»

2226 3434 2515 3504 Ἐλέγομεν
2561 3432 2620 3486 δὲ
2664 3431 2762 3504 τὴν
2801 3429 2903 3501 τῆς
2942 3428 3279 3526 προφητείας
3295 3426 3545 3526 δύναμιν,
3686 3421 3797 3513 ἐνι,

2212 3525 2674 3598 διερμηνεύοντες,
2703 3526 2787 3579 ὅτι
2809 3526 2922 3587 τοῖς
2948 3521 3392 3593 τεθεσπισμένοις
3415 3519 3501 3572 διὰ
3530 3519 3621 3569 τοῦ
3652 3532 3801 3569 παν-

2215 3620 2380 3689 σόφου
2415 3618 2662 3683 Μωσέως
2705 3617 3184 3686 ἀντανιστόιμενοι,
3229 3614 3325 3668 καὶ
3361 3611 3530 3680 ὀλίγον
3574 3623 3790 3660 παντε-

2210 3711 2318 3775 λῶς
2364 3709 2637 3777 ἀξιοῦντες
2681 3702 2842 3779 λόγου
2887 3708 2951 3762 τὸ
2981 3708 3170 3778 διαζῇν
3197 3704 3395 3779 ὀρθῶς,
3430 3702 3587 3773 ἐδρων
3624 3698 3689 3755 δὲ
3721 3699 3800 3753 τὰ

2214 3803 2439 3876 συνήθη,
2476 3802 2739 3873 στυγητδν
2764 3800 2844 3872 τῷ
2871 3798 2992 3870 Θεῷ
3025 3799 3119 3852 καὶ
3151 3795 3608 3868 φιλαμαρτήμονα
3640 3791 3801 3844 mlt-

2209 3896 2359 3961 τείας
2398 3893 2600 3967 τρόπον
2636 3892 3074 3962 ἐπιτηδεύοντες,
3118 3885 3238 3942 εἶτα
3282 3886 3540 3967 πολέμουΔ
3558 3899 3801 3955 περιαγ-

2210 3958 2491 4056 γελθέντος
2538 3984 2650 4039 ἐσθ’
2688 3958 2796 4039 ὃτεν
2814 3984 2876 4037 τὸ
2921 3984 3128 4038 ἀσιτεῖν
3177 3958 3641 4034 ἐσκέπτοντοθδιὰ
3700 3992 3799 4044 γυ-

2213 4077 2350 4147 μνῆς
2396 4077 2491 4132 καὶ
2536 4076 2705 4146 μόνης
2751 4073 3037 4145 νηστείας,
3085 4073 3251 4144 ήγουν
3299 4069 3584 4132 ἁσιτείας,
3634 4066 3800 4120 ἵλεων

2209 4168 2574 4238 καταστήσειν
2617 4166 2705 4235 ἐφ’
2745 4167 2961 4230 ἑαυτοῖς
2996 4164 3235 4236 οἰόμενοι
3260 4162 3353 4216 τὸν
3405 4162 3625 4232 κριτήν.
3661 4155 3798 4214 Εἶτα

2208 4257 2555 4329 διεγόγγυζον
2596 4261 2696 4330 τῆς
2739 4257 2956 4322 ἐλπίδος
3002 4254 3418 4329 ἡμαρτηκότες,
3463 4253 3565 4306 καὶ
3594 4251 3662 4322 δὴ
3705 4251 3800 4304 καὶ

2210 4350 2464 4421 ἔφασκονο
2496 4349 2563 4403 Τί
2598 4349 2678 4403 ὃτι
2710 4346 3138 4420 ἐνηστεῦσαμεν,
3182 4346 3276 4401 καὶ
3322 4344 3425 4398 οὐκ
3456 4338 3632 4409 εῖδες;
3672 4343 3797 4394 ἐτα-

2202 4442 2548 4513 πεινώσαμεν
2572 4441 2670 4504 τὰς
2690 4441 2869 4513 ψυχὰς
2899 4440 3073 4512 ήμῶν,
3099 4439 3196 4493 καὶ
3222 4437 3323 4492 οὐκ
3350 4436 3563 4505 eruca;
3599 4433 3789 4505 ’Δθρει

2208 4534 2272 4607 δὴ
2302 4531 2415 4596 οὖν,
2441 4534 2596 4604 ἄθρει
2623 4532 2715 4587 τὸν
2743 4531 3024 4586 θεσπέσιον
3057 4531 3361 4630 προφήτην,
3495 4529 3566 4581 ἐκ

2209 4628 2349 4697 ἄγαν
2371 4627 2645 4697 φιλοθεΐας
2673 4624 3007 4695 ἐπιτιμῶντα
3034 4623 3236 4689 αὐτοῖς,
3276 4622 3371 4676 καὶ
3394 4621 3649 4690 λέγοντα,
3699 4618 3797 4688 Μὴ

2208 4721 2308 4774 οὐκ
2338 4719 2508 4791 ἰσχύει
2539 4721 2572 4791 ή
2616 4720 2737 4791 χεὶρ
2770 4718 2976 4790 Κυρίου
3020 4715 3116 4770 τοῦ
3159 4716 3350 4781 σῶσαι,
3381 4717 3415 4788 ἢ
3458 4714 3697 4786 ἐϐάρυνε
3734 4712 3798 4765 τὸ

2208 4808 2301 4878 οὖς
2327 4811 2488 4867 αὐτοῦ
2516 4810 2610 4865 τοῦ
2630 4810 2706 4883 μὴ
2731 4811 3062 4875 ἐπακοῦσαι;
3080 4810 3154 4863 Οὐ
3191 4809 3301 4880 γὰρ
3319 4808 3574 4879 ἡτόνησε,
3601 4805 3795 4876 φησὶν,

2208 4906 2242 4973 ἡ
2273 4901 2576 4974 πανσθενὴς
2598 4901 2692 4955 τοῦ
2722 4902 2929 4972 Κυρίου
2956 4900 3123 4967 δεξιὰ,
3162 4900 3276 4953 ἀλλ’
3305 4898 3426 4952 οὐδὲ
3550 4894 3648 4998 οὖς
3696 4896 3797 4998 βα-

2215 4993 2405 5065 ρυνθέν
2441 4992 2555 5064 ἔχει
2602 4993 2696 5048 καὶ
2723 4993 3204 5064 ἀπεστραμμένον,
3229 4991 3373 5045 ὥστε
3409 4991 3485 5062 μὴ
3530 4991 3787 5043 siccato?»

2213 5102 2320 5140 σαι.
2363 5085 2445 5140 Τὰ
2481 5086 2539 5139 δὲ
2573 5086 2949 5158 ἁμαρτήματα
2991 5084 3146 5157 ὑμῶν
3192 5083 3466 5138 διιστῶσιν
3513 5081 3793 5152 ἀναμέσον

539 5186 695 5227 muro
751 5171 1071 5243 interposito
1124 5175 1337 5241 dividit,
1398 5178 1450 5233 id
1506 5189 1609 5247 est,
1648 5192 1962 5261 peccatum;
1998 5200 2103 5248 non

2215 5177 2357 5249 5p.th
2391 5178 2482 5231 καὶ
2533 5178 2718 5232 αὑτοῦ.
2759 5176 2966 5232 Οὐκοῦν
2994 5178 3048 5231 εί
3084 5195 3168 5242 τις
3193 5178 3446 5247 ἀφέλοιτο
3471 5176 3573 5249 τὴν
3596 5177 3790 5245 διαφο-

540 5262 724 5331 procul
764 5274 847 5319 est
879 5266 972 5335 qui
1031 5278 1233 5335 servat,
1291 5271 1385 5324 sed
1409 5285 1594 5340 preces
1621 5286 1835 5342 semper
1857 5276 2104 5346 accipiet.

2203 5270 2324 5343 ρὰν,
2370 5270 2464 5324 καὶ
2509 5271 2813 5343 ἀποστῆσαι
2855 5271 2915 5325 τὺ
2955 5270 3276 5342 διατειχίζον
3320 5273 3422 5342 τῆς
3467 5270 3605 5342 πρὸς
3652 5269 3789 5322 Θεὸν

540 5353 680 5409 Inest
705 5356 849 5411 enim
879 5357 975 5423 illi,
1009 5368 1066 5412 ut
1090 5368 1146 5413 et
1180 5361 1359 5416 omnia
1386 5363 1574 5432 possit,
1625 5372 1679 5420 et
1736 5376 1796 5420 ut
1845 5367 2108 5433 bonorum

2215 5360 2476 5432 γνώσεως,
2516 5363 2781 5430 τουτέστι,
2841 5363 2941 5434 τὴν
2997 5363 3292 5434 ἁμαρτίαν,
3351 5362 3413 5415 οὐ
3479 5361 3700 5434 μακρὰν
3758 5360 3789 5413 ὀ

538 5457 721 5501 amore
769 5449 1105 5518 precationes
1122 5449 1482 5510 laborantium
1527 5464 1581 5510 et
1641 5453 1961 5512 aillictorum
2013 5461 2111 5514 ad-

614 5637 655 5669 ”
685 5664 787 5719 lsa.
821 5682 972 5735 unt,
1014 5670 1035 5723 i
1069 5686 1220 5742 seqq.

2208 5453 2397 5529 σώζων
2431 5457 2596 5523 ἐστὶν,
2627 5456 2763 5511 ἀλλὰ
2810 5455 3016 5522 δέξεται
3063 5455 3279 5522 πάντως
3327 5454 3432 5518 τὰς
3485 5451 3783 5525 ἱκετηρίας.
