4078 6292
236 315 369 374 1505

1324 295 1390 350 IN
1431 293 1668 349 ISAIAM
1707 289 1837 346 LIB.
1881 289 1946 346 V.
1989 285 2225 344 TOMUS
2261 284 2350 342 IV.

3345 276 3484 334 1506

231 438 450 491 Ἐνεστι
468 433 575 503 γὰρ
605 428 754 500 αὐτῷ
775 429 868 483 καὶ
882 425 942 480 τὸ
966 421 1285 486 πανσθενὲς,
1300 421 1471 476 καὶτὸ
1491 417 1808 491 προσίεσθαι

1930 414 2260 481 nittat.Quat
2291 411 2453 484 igitur
2480 415 2700 481 peccata
2727 407 2870 463 inter
2927 407 3095 463 Deum
3129 417 3186 460 et
3214 405 3484 464 lsraehtas

230 527 548 598 φιλαγάθως
590 523 689 586 τὰς
735 519 886 591 παρὰ
924 516 1032 570 τῶν
1080 515 1395 586 καμνόντων
1441 513 1612 577 λιτάς.
1655 514 1810 566 Ποῖαι

230 620 411 674 τοίνυν
455 615 725 687 ἁμαρτίαι
763 609 1034 664 διιστῶσιν
1082 607 1354 678 ἀναμέσον
1390 605 1484 659 τοῦ
1515 605 1672 669 Θεοῦ,
1718 605 1812 658 καὶ

230 712 340 765 τῶν
381 711 440 776 ἐξ
487 710 716 779 αἵματος
748 699 963 772 Ἰσραὴλ
1011 699 1285 771 ἐπιφέρει,
1319 699 1524 768 λέγων·
1559 718 1577 750 ι
1616 700 1682 751 Ai
1704 698 1813 768 γὰρ

233 807 419 874 χεῖρες
455 801 607 871 ὑμῶν
652 793 1064 867 μεμολυσμέναι
1104 792 1316 863 αἵματι,
1345 791 1442 845 καὶ
1469 791 1522 845 οἱ
1561 790 1812 846 δάκτυλοι

237 894 390 963 ὑμῶν
427 894 485 944 ἐν
521 884 835 958 ἁμαρτίαις.
864 881 948 936 Τὰ
981 882 1039 936 δὲ
1071 882 1220 953 χείλη
1251 882 1518 953 ἐλάλησαν
1559 881 1811 951 ἀνομίαν,

236 986 330 1038 καὶ
373 985 406 1053 ἡ
453 980 670 1048 γλῶσσα
704 974 857 1046 ὑμῶν
882 974 1096 1028 ἀδικίαν
1135 974 1353 1046 μελετᾷ.
1389 991 1408 1025 ι
1451 971 1813 1026 Ἀπεκτόνασι

237 1074 336 1142 μὲν
371 1072 478 1140 γὰρ
506 1067 791 1137 πρόφητας
819 1065 1008 1134 ἁγίους
1041 1064 1166 1128 τοὺς
1194 1063 1638 1134 ἀπεσταλμένους
1665 1062 1816 1134 παρά

229 1162 388 1224 Θεοῦ,
431 1158 807 1228 κατελάλησαν
845 1157 909 1229 δὴ
956 1157 1051 1210 καὶ
1090 1156 1274 1210 αὐτοῦ.
1303 1157 1448 1226 Ἔφη
1486 1155 1616 1224 γοῦν
1654 1156 1815 1224 Ἱερε-

234 1255 385 1325 μίας,
433 1253 495 1306 ΊΙ
541 1249 696 1322 ἰσχύς
748 1267 848 1320 μου
885 1248 1130 1313 ἐξέλιπεν
1178 1249 1243 1302 ἐκ
1271 1248 1380 1301 τῶν
1412 1247 1816 1318 καταρωμένων

236 1363 304 1416 με
327 1362 340 1375 ’
379 1343 577 1412 παρεὶς
614 1342 672 1395 δέ
704 1341 770 1394 τά
803 1340 980 1394 τοιάδε
1006 1338 1103 1392 νῦν
1141 1338 1240 1407 τὴν
1269 1337 1409 1392 κατά
1435 1338 1674 1410 Χριστοῦ
1701 1339 1821 1390 δυσ·

235 1437 454 1490 σέϐειαν
500 1433 752 1502 ἐγκαλεῖν
791 1429 964 1492 ἔοικε,
1011 1428 1112 1490 τὰς
1157 1430 1346 1498 χεῖρας
1395 1427 1578 1481 αὐτῶν
1622 1427 1819 1496 αἵματι

239 1526 576 1600 μεμολύνθαι
606 1525 798 1593 λέγων.
831 1521 1092 1590 Γεγόνασι
1131 1519 1578 1591 δὲ’κυριοκτόνοι,
1623 1519 1820 1589 ἐλάλη-

239 1638 341 1673 σαν
371 1619 426 1672 δὲ
471 1618 568 1670 καὶ
602 1616 670 1669 τὰ
711 1614 861 1684 χείλη
905 1613 1083 1666 αὐτῶν
1111 1612 1361 1681 ἀνομίαν,
1403 1612 1497 1664 καὶ¹
1533 1613 1566 1680 ἡ
1602 1610 1822 1679 γλῶσσα

239 1709 421 1764 αὐτῶν
459 1708 673 1761 ἀδικίαν
716 1704 1044 1775 ἐμελέτησε*
1073 1703 1134 1756 οὑ
1170 1702 1278 1772 γὰρ
1316 1701 1682 1756 διαλελοίπασι
1716 1719 1821 1772 μα-

1911 508 2198 563 dissidium
2264 503 2489 568 faciant,
2529 502 2710 568 inl'ert,
2757 501 2986 557 dicens:
3031 519 3050 552 ι
3109 499 3297 556 Manus
3338 502 3482 556 enim

1912 598 2423 668 vestraeinquinatte
2443 604 2571 653 sunt
2619 595 2904 666 sanguine,
2938 603 2993 651 et
3033 594 3184 665 digiti
3231 595 3395 650 vestri
3429 599 3484 650 In

1913 692 2167 765 peccatis.
2198 688 2364 746 Labia
2396 689 2572 745 locuta
2594 687 3279 758 sﬂssuntiniquitatem,
3306 686 3485 757 lingua

1914 793 2096 841 vestra
2135 781 2455 853 injustitiam
2503 781 2760 836 meditata
2822 789 2926 836 est.
2975 799 2996 833 ι
3031 777 3164 834 Nam
3203 779 3490 834 interfece-

1915 887 2042 936 runt
2069 878 2359 948 prophetas
2379 882 2597 932 sanctos
2627 887 2659 929 ιι
2693 874 2806 928 Deo
2857 873 3075 941 missos,
3135 881 3190 929 et
3241 872 3319 926 illi
3343 872 3488 927 oblo-

1915 973 2029 1029 cuti
2057 970 2350 1029 sunt.Dixit
2372 969 2538 1040 igitur
2566 965 2830 1024 Jeremias
2853 983 2869 1022 :
2893 965 3174 1023 Fortitudo
3187 981 3305 1021 mea
3326 965 3489 1020 dere-

1917 1064 2069 1134 liquit
2099 1077 2196 1117 eos
2221 1061 2314 1131 qui
2345 1069 2705 1116 exsecrantur
2721 1074 2826 1115 me.
2853 1058 2990 1114 Cum
3018 1068 3194 1114 autem
3235 1058 3350 1112 haec
3395 1058 3494 1111 ad-

1919 1154 2015 1218 dit,
2053 1165 2198 1207 nunc
2229 1150 2564 1219 impietatem
2593 1157 2782 1204 contra
2807 1149 3082 1204 Christum
3110 1146 3399 1217 suggillare
3417 1148 3496 1200 vi-

1918 1243 2098 1308 detur,
2126 1255 2248 1296 cum
2273 1239 2426 1306 dicit,
2455 1254 2646 1294 manus
2679 1253 2866 1294 eorum
2915 1239 3149 1309 pollutas
3191 1251 3312 1294 esse
3371 1252 3496 1292 san-

1919 1334 2101 1405 guine.
2139 1331 2490 1388 Dominicida:
2533 1331 2730 1400 quippe
2757 1330 2994 1397 fuerunt,
3032 1341 3088 1386 et
3139 1328 3316 1386 locuta
3373 1339 3498 1385 sunt

1920 1423 2060 1478 labia
2087 1436 2276 1478 eorum
2301 1420 2736 1490 iniquitatem,et
2779 1421 2959 1487 lingua
3011 1434 3201 1475 eorum
3241 1419 3498 1475 meditata

1920 1513 2358 1581 estinjustitiam.
2387 1510 2498 1566 Non
2531 1512 2674 1565 enim
2734 1512 3054 1566 destiterunt
3117 1524 3378 1580 pugnare,
3446 1519 3502 1565 et

1922 1605 2167 1663 convicia
2199 1603 2400 1667 facere,
2431 1612 2486 1657 et
2514 1602 2730 1670 obloqui
2760 1600 2994 1666 Christo,
3021 1610 3078 1656 et
3106 1615 3252 1654 nunc
3273 1601 3502 1655 subsan-

1925 1711 2056 1753 nare
2071 1697 2250 1752 divina
2296 1695 2470 1766 signa,
2502 1705 2558 1749 et
2587 1695 2653 1749 de
2704 1693 2883 1749 divina
2909 1692 3310 1762 magnilicentia
3352 1706 3502 1747 men-

239 1801 462 1874 χόμενοί
498 1817 558 1853 τε
587 1799 682 1852 καὶ
714 1795 1081 1860 ὀνειδίζοντες,
1109 1795 1204 1848 καὶ
1232 1794 1656 1856 καταλαλοῦντες
1688 1795 1822 1864 Χρι-

1930 1791 2012 1844 tiri
2055 1807 2072 1856 ;
2111 1803 2256 1844 nunc
2280 1801 2535 1842 accusare
2578 1794 2634 1842 et
2664 1785 2843 1840 dicere
2874 1800 2887 1836 :
2922 1801 2941 1837 ι
2975 1783 3144 1850 Tolle,
3175 1783 3319 1850 tolle,
3348 1786 3503 1840 cruci

243 1894 393 1960 στοῦ,
430 1893 522 1947 καὶ
552 1890 680 1946 ποτέ
716 1891 815 1960 μὲν
851 1888 1197 1959 διασύροντες
1226 1887 1324 1949 τὰς
1353 1885 1696 1956 θεοσημείας,
1729 1886 1824 1938 καὶ

241 1985 699 2055 καταψευδόμενοι
730 1985 830 2052 τῆς
870 1980 1207 2053 θεοπρεποῦς
1243 1979 1664 2050 μεγαλουργίας,
1693 1977 1824 2030 ποτὲ

240 2079 299 2132 δὲ
331 2076 759 2148 κατηγοροῦντες
815 2076 910 2129 καὶ
941 2073 1217 2143 λέγοντες·
1259 2090 1278 2124 ι
1301 2067 1454 2142 Αἶρε,
1485 2067 1628 2141 αἶρε,
1669 2069 1826 2122 σταύ-

247 2188 338 2240 ρου
387 2168 564 2222 αὐτόν.
593 2189 611 2220 ι
665 2167 801 2220 Ποτὲ
834 2167 888 2218 δὲ
921 2164 1126 2233 ταύτης
1164 2163 1327 2216 ἕνεκα
1359 2163 1458 2231 τῆς
1490 2161 1700 2224 αἰτίας,
1747 2159 1825 2224 ὡς

241 2257 420 2327 ψῆφον
464 2256 649 2310 ἄδικον
688 2253 1080 2325 ὑπομείναντος
1112 2250 1371 2323 Χριστοῦ,
1418 2249 1556 2321 μετά
1606 2252 1824 2321 παρῤη-

244 2347 366 2410 σίας
395 2345 760 2416 ἀγιοπρεποῦς
789 2347 817 2398 ὁ
851 2347 1137 2415 προφήτης
1176 2341 1600 2411 ἀναφθέγγεται,
1637 2341 1826 2406 Οὐδεὶς

245 2438 421 2492 ἐλάλει
449 2438 651 2502 δίκαια,
679 2435 785 2488 οὐδ’
810 2435 926 2487 ἐστι
971 2432 1152 2504 κρίσις
1199 2432 1447 2503 ἀληθινή.
1493 2431 1827 2486 Πεποίθασιν

247 2528 340 2580 ἐπὶ
387 2527 669 2597 ματαίοις,
717 2525 808 2578 καὶ
856 2524 1078 2577 καλοῦσι
1119 2523 1273 2576 κενά.
1316 2523 1451 2575 Ποία
1483 2523 1539 2576 δὲ
1573 2523 1753 2578 αὐτῶν
1790 2526 1824 2594 ἠ

252 2618 456 2688 ματαία
492 2617 845 2686 πεποίθησις;
891 2616 1158 2685 ’ῼὴθησαν
1188 2614 1297 2684 γὰρ
1323 2614 1405 2667 ὅτι
1446 2613 1538 2668 τὸν
1572 2614 1830 2684 κληρονό-

254 2725 353 2778 μον
395 2709 457 2760 ἐκ
498 2708 664 2777 μέσου
715 2707 1107 2777 ποιησάμενοι,
1153 2705 1441 2772 καθέξουσι
1487 2705 1578 2759 τὸν
1628 2705 1828 2777 κλῆρον

251 2797 416 2852 αὑτοῦ
438 2816 449 2826 ·
487 2798 579 2850 καὶ
617 2797 791 2851 ταῦτα
823 2797 958 2866 πρὸς
1007 2797 1265 2866 ἀλλήλους
1315 2795 1749 2864 κενοφωνοῦντες
1778 2797 1828 2848 οἱ

253 2889 472 2943 δείλαιοι
516 2887 936 2958 δεδυσσεὸήκασι
979 2889 1058 2951 είς
1103 2887 1282 2942 αὐτόν.
1313 2889 1382 2940 Ἢ
1413 2887 1590 2941 τοίνυν
1620 2887 1720 2958 τὴν
1748 2889 1829 2951 είς

252 2980 485 3052 Χριστὸν
512 2980 827 3034 δυσσέϐειαν
860 2981 887 3032 ὁ
917 2979 1250 3050 προφητικὸς
1284 2979 1504 3048 ἐγκαλεῖ
1531 2979 1688 3048 λόγος
1717 2979 1830 3043 τοῖς

1924 1884 2078 1952 aﬁige
2105 1896 2227 1935 eum
2263 1881 2332 1933 ⁷ο.
2371 1898 2390 1930 ›
2418 1877 2570 1934 Hanc
2602 1878 2672 1934 ob
2714 1892 2956 1946 causam,
2996 1876 3217 1947 perinde
3238 1877 3389 1944 quasi
3417 1877 3504 1931 in-

1920 1975 2116 2043 justam
2143 1971 2470 2028 sententiam
2506 1985 2696 2040 passus
2719 1971 2907 2026 fuisset
2932 1969 3212 2033 Christus,
3245 1982 3367 2022 cum
3431 1965 3501 2022 li-

1926 2065 2132 2119 bertate
2154 2079 2219 2119 ac
2244 2062 2439 2119 ﬁducia
2489 2070 2677 2118 sancta
2711 2064 2968 2132 propheta
2999 2065 3303 2121 exclamat:
3338 2063 3507 2121 Nemo

1927 2158 2138 2212 locutus
2159 2166 2242 2212 est
2264 2157 2432 2226 justa,
2471 2171 2644 2226 neque
2677 2166 2760 2212 est
2784 2155 3047 2224 judicium
3079 2171 3286 2212 verum.
3324 2157 3506 2212 Conﬁ-

1927 2250 2062 2305 dunt
2081 2248 2256 2316 vanis,
2281 2256 2335 2302 et
2350 2248 2640 2318 loquuntur
2671 2248 2872 2302 inania.
2908 2248 2978 2302 At
3007 2262 3257 2317 quaenam
3288 2257 3371 2304 est
3391 2249 3508 2305 haec

1931 2357 2064 2395 vana
2092 2341 2326 2410 ipsorum
2357 2339 2591 2395 ﬁducia?
2620 2339 2876 2395 Arbitrati
2929 2349 3055 2395 sunt
3089 2342 3252 2406 enim,
3295 2341 3511 2396 hzerede

1929 2434 1996 2489 de
2018 2433 2200 2488 medio
2227 2433 2460 2499 sublato,
2491 2431 2608 2501 ejus
2628 2446 2685 2486 se
2709 2432 2991 2488 invasuros
3024 2433 3414 2488 haereditatcm.
3442 2432 3512 2488 Et

1933 2528 2029 2581 has
2059 2526 2275 2595 quidem
2317 2526 2502 2580 inanes
2525 2539 2684 2581 voces
2701 2527 2826 2579 dum
2851 2524 2993 2579 inter
3015 2539 3075 2579 se
3108 2523 3504 2593 profunderent

1933 2613 2140 2678 miseri,
2174 2612 2324 2682 impii
2354 2613 2574 2668 fuerunt
2607 2611 2662 2665 in
2702 2612 2896 2680 ipsum.
2917 2609 3027 2665 ρει
3081 2610 3248 2680 igitur
3281 2611 3513 2680 prophe—

1933 2711 2033 2764 tica
2063 2708 2236 2763 oratio
2267 2706 2565 2762 Israelitico
2601 2707 2864 2776 sanguine
2913 2705 3156 2761 oriundis
3183 2703 3513 2773 impietatem

1934 2803 1987 2857 in
2024 2801 2297 2857 Christum
2330 2801 2517 2871 objicit
2547 2816 2561 2854 :
2596 2801 2677 2855 vel
2708 2799 2849 2868 quod
2885 2797 3029 2853 nullo
3059 2797 3220 2853 modo
3252 2795 3392 2868 atqui
3461 2803 3518 2850 et

1933 2897 2084 2966 probi
2111 2910 2230 2951 esse
2246 2896 2794 2962 deprehenderentur,
2825 2893 2914 2962 qui
2950 2900 3005 2946 et
3041 2905 3235 2945 manus
3252 2888 3518 2959 sanguine

1935 2986 2243 3054 inquinatas
2279 2985 2498 3051 habent,
2528 2995 2582 3037 et
2608 2983 2747 3038 labia
2806 2997 2869 3038 ac
2919 2981 3156 3052 linguam
3215 2995 3336 3050 qua:
3373 2979 3518 3034 aliud

253 3073 313 3137 ἐξ
345 3070 576 3139 αἵματος
619 3069 863 3140 Ἰσραὴλ,
909 3071 1074 3141 ῆγουν
1117 3070 1198 3123 ὅτι
1245 3070 1362 3123 κατ’
1403 3070 1594 3124 οὐδένα
1627 3070 1825 3140 τρόπον

1940 3076 2075 3132 nihil
2101 3077 2345 3132 meditari
2374 3077 2546 3140 novit,
2585 3090 2746 3143 quam
2779 3088 2840 3129 ea
2872 3089 2992 3144 qua:
3014 3081 3260 3144 spectant
3318 3071 3388 3127 ad
3415 3071 3519 3126 ini-

253 3165 515 3226 ἐπιεικεῖς
555 3162 708 3226 ὄντες
752 3162 930 3216 ἁλοῖεν
979 3162 1065 3226 ἂν,
1105 3163 1158 3215 οἵ
1192 3179 1257 3232 γε
1290 3163 1384 3217 καὶ
1417 3164 1606 3234 χεῖρας
1646 3162 1831 3234 έχουσι

257 3254 672 3326 μεμολυσμένας
707 3254 929 3323 αἵματι,
978 3254 1130 3325 χείλη
1160 3271 1218 3306 τε
1256 3255 1350 3308 καὶ
1393 3254 1643 3323 γλῶσσαν
1681 3255 1832 3308 οὐδὲν

252 3346 455 3398 εἰδυῖαν
489 3345 675 3414 ἕτερον
709 3344 956 3416 μελετᾷν,
991 3345 1130 3415 πλὴν
1161 3346 1244 3399 ὃτι
1277 3346 1346 3400 τά
1372 3348 1452 3410 είς
1488 3346 1829 3415 δυσσέϐειαν,

252 3436 348 3489 καὶ
401 3435 652 3504 ἀνομίαν,
701 3437 794 3489 καὶ
829 3436 1037 3491 ἀδικίαν
1084 3436 1384 3507 βλέποντα,
1429 3439 1526 3494 καὶ
1558 3440 1640 3494 ὅτι
1692 3439 1830 3511 πρὸς

251 3525 459 3589 τούτοις
487 3527 660 3580 ἄδικοι
692 3526 946 3595 γεγόνασι
977 3527 1248 3596 δικασταὶ,
1277 3529 1702 3602 δωροδοκοῦντες
1739 3532 1830 3603 δη-

251 3616 448 3684 λονότι,
480 3618 573 3670 καὶ
605 3617 907 3688 λημμάτων
950 3618 1190 3690 αίσχρῶν
1228 3619 1550 3690 ἡττώμενοι.
1597 3623 1829 3693 Εἴρηται

253 3708 363 3780 γὰρ
399 3709 624 3781 ἑτέρωθί
652 3725 778 3772 που,
811 3728 829 3760 ι
859 3710 982 3772 Πῶς
1011 3710 1227 3777 ἐγένετο
1259 3711 1433 3781 πόρνη
1461 3713 1616 3775 πόλις
1642 3715 1827 3784 πιστὴ,

255 3797 395 3852 Σιὼν
423 3799 635 3870 πλήρης
673 3797 926 3869 κρίσεως,
969 3800 1026 3851 ἐν
1124 3798 1438 3868 δικαιοσύνη
1478 3802 1744 3870 ἐκοιμήθη
1776 3805 1832 3855 ἐν

253 3889 412 3960 αὐτῇ,
441 3891 534 3944 νῦν
564 3891 620 3944 δὲ
649 3887 932 3959 φονευταί;
969 3887 1041 3940 Τὸ
1066 3887 1327 3958 ἀργύριον
1363 3890 1518 3959 ὑμῶν
1546 3889 1833 3961 ἀδόκιμον,

253 3983 304 4034 oi
331 3981 562 4052 κὰπηλοί
589 3999 682 4034 σου
715 3980 970 4052 μίσγουσι
1003 3979 1094 4033 τὸν
1127 3975 1270 4034 οἶνον
1299 3979 1471 4046 ὕδατι,
1495 3982 1544 4033 οί
1576 3981 1836 4052 ἄρχοντές

1939 3168 2221 3237 quitatem,
2276 3167 2596 3238 injustitiam
2633 3175 2688 3222 et
2715 3167 3068 3236 impietatem,
3103 3175 3158 3221 et
3186 3165 3329 3236 quod
3351 3164 3518 3221 etiam

1940 3258 2127 3328 injusti
2163 3259 2470 3315 exstiterint
2493 3259 2720 3328 judices,
2750 3273 2972 3313 munera
3000 3257 3253 3313 videlicet
3289 3255 3512 3325 capien-

1940 3357 2047 3416 tes,
2075 3359 2124 3405 et
2151 3351 2366 3406 sordido
2393 3349 2620 3420 quaestui
2689 3349 2874 3404 dediti.
2925 3348 3068 3404 Alibi
3100 3347 3244 3404 enim
3303 3347 3512 3401 dictum

1937 3452 2018 3498 est
2048 3459 2061 3497 :
2108 3460 2128 3494 ι
2167 3441 2446 3509 Quomodo
2478 3443 2618 3499 facta
2652 3452 2736 3498 est
2769 3441 3025 3496 meretrix
3076 3440 3270 3495 civitas
3321 3437 3518 3501 ﬁdelis,

1938 3534 2065 3591 Sion
2100 3535 2252 3604 plena
2282 3534 2506 3602 judicio,
2547 3537 2600 3591 in
2659 3550 2762 3606 qua
2817 3533 3027 3604 justitia
3069 3531 3345 3596 dormivit,
3382 3530 3434 3584 in
3455 3543 3518 3586 ea

1936 3642 2080 3682 nunc
2108 3627 2413 3683 homicidae?
2432 3627 2725 3699 Argentum
2748 3637 2993 3681 vestrum
3026 3625 3310 3695 reprobum
3334 3638 3350 3689 ;
3382 3636 3519 3675 cau-

1936 3732 2106 3786 pones
2131 3720 2206 3773 tui
2229 3721 2458 3774 miscent
2489 3721 2672 3774 vinum
2708 3734 2890 3788 aqua;
2935 3717 3211 3786 principes
3273 3713 3349 3769 tui
3411 3729 3518 3768 non

1937 3808 2217 3874 obediunt,
2265 3811 2401 3864 socii
2451 3809 2649 3874 furum,
2702 3811 2988 3878 diligentes
3038 3821 3284 3873 munera,
3341 3818 3526 3874 perse-

1937 3905 2164 3964 quentes
2193 3899 2492 3966 praemium,
2517 3900 2775 3968 orphanis
2803 3915 2909 3953 non
2931 3899 3259 3967 iudicantes,
3289 3904 3343 3950 et
3369 3893 3517 3965 judi-

1939 3986 2024 4042 cio
2047 3987 2216 4042 vidum
2237 4004 2343 4044 non
2368 3990 2708 4044 attendentes
2733 3991 2824 4044 ⁷⁰“.
2862 4009 2881 4042 ›

257 4095 352 4131 σου
397 4077 699 4145 ἀπειθοῦσι,
741 4078 986 4132 κοινωνοὶ
1023 4077 1292 4145 κλεπτῶν,
1321 4077 1643 4147 ἀγαπῶντες
1685 4078 1855 4151 δῶρα,
1898 4081 2188 4149 διώκοντες
2227 4085 2601 4156 ἀνταπόδομα,
2671 4086 2928 4156 ὀρφανοῖς
2968 4086 3028 4140 οὐ
3075 4084 3384 4157 κρίνοντες,
3432 4085 3526 4138 καὶ

254 4174 438 4244 κρίσει
467 4174 642 4245 χήρας
670 4175 730 4227 οὑ
771 4172 1146 4246 προσέχοντες.
1169 4194 1189 4226 ι

328 4269 449 4321 ’Ότι
475 4270 690 4323 κύουσι
734 4270 944 4330 πόνον,
977 4269 1075 4323 καὶ
1101 4271 1410 4325 τίκτουσιν
1437 4272 1711 4341 ἀνομίαν.
1735 4272 1831 4327 Ὧὰ

251 4356 532 4414 ἀσπίδων
554 4357 836 4425 ἐρρηξαν,
863 4359 962 4411 καί
990 4359 1161 4414 ἱστὸν
1188 4360 1458 4430 ἀράχνης
1479 4363 1827 4433 ὑφαίνουσι,

2008 4271 2172 4328 Vens.
2200 4271 2254 4337 4,
2287 4271 2340 4326 5.
2375 4269 2515 4336 Quia
2543 4271 2842 4340 parturiunt
2895 4267 3146 4335 laborem,
3200 4275 3250 4323 et
3308 4279 3522 4336 pariunt

1935 4364 2285 4433 iniquitatem.
2329 4361 2437 4417 Ova
2461 4360 2702 4429 arpidum
2730 4368 3004 4428 ruperunt,
3044 4367 3090 4412 et
3133 4356 3289 4411 telam
3315 4373 3528 4412 aranea:

255 4449 354 4503 καὶ
385 4453 416 4504 ό
441 4449 686 4520 μέλλων
715 4451 834 4503 τῶν
864 4449 992 4502 ὠῶν
1011 4451 1207 4504 αὐτῶν
1223 4451 1455 4521 φαγεῖν,
1489 4455 1825 4522 συντρίψας

1933 4464 2132 4510 texunt.
2167 4450 2340 4524 thui
2360 4451 2580 4507 voluerit
2604 4451 2667 4506 de
2687 4451 2797 4506 ovis
2834 4465 3015 4506 eorum
3045 4449 3332 4515 comedere,
3378 4449 3527 4519 fran-

256 4546 480 4611 οὔριον,
525 4537 662 4610 εὗρε
698 4543 795 4595 καί
827 4543 896 4596 ἐν
932 4543 1091 4607 αὐτῷ
1126 4543 1520 4606 βασιλίσκον.
1569 4545 1621 4598 Ὁ
1666 4546 1834 4613 ἱστὸς

256 4630 458 4684 αὐτῶν
494 4633 606 4684 οὐκ
642 4631 815 4684 ἔσται
850 4634 936 4697 είς
981 4631 1232 4701 ἱμάτιον,
1262 4634 1402 4688 οὐδὲ
1433 4634 1562 4703 μὴν
1603 4639 1836 4705 περιϐα-

253 4722 506 4776 λοῦνται
539 4721 658 4776 ἀπὸ
697 4721 819 4775 τῶν
849 4722 1036 4790 ἔργων
1060 4721 1177 4775 τῶν
1203 4725 1417 4792 χειρῶν
1440 4725 1655 4781 αὐτῶν.

332 4811 493 4874 Ἔθος
528 4813 593 4882 τῇ
636 4811 976 4882 θεοπνεύστῳ
1014 4813 1204 4883 Γραφῇ
1241 4815 1399 4868 πόνον
1442 4817 1529 4868 ἀεί
1573 4835 1688 4880 πως
1745 4819 1836 4871 τὸν

256 4903 452 4973 φθόνον
493 4903 811 4958 ἀποκαλεῖν.
840 4905 995 4973 Ἔχει
1038 4905 1095 4957 δὲ
1126 4905 1258 4958 πολὺ
1289 4905 1349 4959 τὸ
1393 4908 1540 4970 εἰκὸς
1572 4910 1598 4961 ὁ
1641 4909 1794 4976 λόγος
1815 4925 1829 4939 ·

255 4997 481 5067 ἐκτήκει
531 4995 638 5067 γὰρ
671 4996 765 5049 καὶ
815 4995 1208 5066 καταμαραίνει
1243 4997 1340 5060 τὰς
1385 4999 1494 5053 τῶν
1525 5000 1827 5070 δεχομένων

253 5090 414 5144 αὑτὸν
455 5089 702 5158 καρδίας.
727 5087 978 5140 Τοιοῦτόν
1007 5105 1060 5139 τι
1089 5088 1180 5140 καὶ
1219 5091 1248 5142 ὁ
1284 5089 1514 5144 Ψὰλλων
1543 5093 1673 5163 φησὶ
1709 5092 1835 5163 περί

252 5199 416 5246 τινος,
441 5181 558 5250 ἦτοι
577 5179 667 5233 τοῦ
686 5180 792 5232 τῶν
822 5180 1088 5233 Ἰουδαίων
1103 5180 1297 5252 δήμου,
1321 5203 1339 5233 ι
1362 5183 1627 5236 Συνέλαὸε
1657 5185 1835 5248 πόνον,

256 5272 354 5326 καὶ
391 5272 574 5324 ἔτεκεν
609 5270 858 5340 ἀνομίαν.
895 5288 913 5321 ι
937 5269 1414 5341 Προωδινήσαντες
1441 5273 1549 5344 γὰρ
1575 5275 1665 5327 τὸν
1697 5277 1837 5330 κατά

251 5361 491 5432 Χριστοῦ
555 5363 765 5430 φθόνον,
815 5362 1132 5414 ἐκτετόκασι
1179 5363 1278 5434 τὴν
1329 5367 1446 5417 κατ’
1500 5366 1663 5418 αὑτοῦ
1713 5367 1840 5420 δυσ-

255 5457 494 5513 σέϐειαν,
527 5455 690 5524 ἤγουν
723 5454 974 5522 ἀνομίαν·
1029 5455 1190 5523 μόνον
1247 5455 1356 5526 γὰρ
1384 5456 1504 5526 οὐχὶ
1532 5458 1591 5510 τὸ
1625 5477 1838 5530 προφη-

256 5548 406 5602 τικὸν
430 5549 604 5600 ἐκεῖνο
636 5547 883 5615 λέγοντες
916 5547 1088 5600 ἁλοῖεν
1117 5547 1182 5602 ἂν
1211 5549 1300 5602 διά
1329 5566 1391 5618 γε
1417 5551 1525 5604 τῶν
1551 5553 1833 5624 ἐπιχειρη-

324 5730 367 5762 ⁷⁰
396 5729 543 5784 .loan
588 5744 698 5796 XIX,
738 5729 818 5784 l5.
898 5732 962 5762 τ⁰⁶
995 5732 1113 5789 Ιδ.ιί.
1154 5735 1404 5799 “21-25.

1939 4563 2064 4618 gens
2092 4545 2385 4615 putridum,
2413 4545 2598 4613 reperit
2629 4544 2785 4597 etiam
2832 4544 2887 4596 in
2917 4557 2976 4596 ea
3000 4541 3260 4612 regulum.
3305 4540 3388 4594 Ea:
3423 4540 3526 4593 tela

1940 4655 2120 4694 eorum
2153 4654 2256 4693 non
2285 4636 2594 4706 conﬁciatur
2614 4636 2993 4701 vestimentum,
3030 4649 3190 4704 neque
3217 4633 3530 4687 amicientur

1943 4729 2185 4798 operibus
2211 4744 2428 4783 suarum
2462 4742 2734 4781 manuum.

2014 4820 2308 4876 Familiare
2349 4827 2435 4874 est
2466 4817 2762 4888 Scriptura:
2795 4819 3049 4874 divinitus
3104 4816 3398 4886 inspiratus,
3451 4815 3525 4868 la-

1941 4915 2128 4970 borem
2176 4914 2289 4970 fere
2326 4927 2540 4984 semper
2573 4912 2826 4967 invidiam
2880 4911 3046 4981 83o
3084 4909 3371 4980 appellare.
3416 4907 3527 4962 [In-

1938 5008 2030 5062 bet
2083 5013 2261 5061 autem
2311 5005 2424 5064 haec
2466 5007 2666 5061 locutio
2714 5003 2914 5074 aliquid
2960 5001 3372 5073 probabilitatis.
3418 4999 3525 5052 Τί.-

1939 5099 2140 5156 bel‘acit
2187 5100 2330 5154 enim
2394 5115 2580 5156 eorum
2630 5099 2792 5154 corda
2838 5104 2894 5151 et
2935 5093 3234 5159 consumit,
3295 5092 3530 5161 facitque

1945 5189 2101 5260 quasi
2133 5204 2525 5245 emarcescere.
2557 5189 2686 5243 Tale
2703 5187 2956 5258 quiddam
2988 5187 3154 5240 etiam
3191 5183 3320 5239 dicit
3379 5182 3527 5236 Psal-

1950 5291 2028 5336 tes
2059 5283 2125 5336 de
2147 5282 2401 5348 quodam,
2441 5281 2526 5335 vel
2555 5281 2620 5334 de
2643 5278 2949 5335 Judaaorum
2989 5276 3218 5347 populo:
3256 5292 3276 5326 ι
3323 5273 3529 5329 Conce-

1945 5373 2022 5442 pit
2048 5373 2309 5437 laborem,
2335 5381 2388 5425 et
2411 5372 2618 5441 peperit
2672 5372 3013 5440 iniquitatem
3040 5371 3105 5421 ⁷¹.
3156 5388 3173 5418 ι
3203 5367 3333 5420 Nam
3397 5381 3522 5421 cum

1944 5472 2068 5519 ante
2098 5463 2511 5532 parturivissent
2538 5473 2725 5517 contra
2768 5463 3044 5516 Christum
3091 5458 3368 5521 invidiam,
3428 5471 3522 5526 pe-

1946 5554 2551 5625 pereruntimpietatem
2578 5555 2630 5609 in
2676 5555 2844 5619 illum,
2901 5569 2994 5607 scu
3037 5551 3400 5620 iniquitatem,
3451 5549 3523 5602 ita

1485 5739 1523 5766 τι
1570 5733 1711 5788 l‘sal.
1743 5749 1835 5802 vn,
1875 5734 1971 5799 15;
2011 5732 2108 5788 Job
2141 5748 2226 5798 xv,
2256 5732 2360 5799 ὅδὲ
2395 5729 2498 5788 Ῐδδ·
2529 5746 2634 5802 ιλκο
2674 5734 2721 5788 ’ί-
