4134 6302
606 305 746 361 1507

1637 300 1696 355 S.
1739 299 2015 356 CYRILLI
2053 299 2522 356 ALEXANDRINI
2561 301 2879 358 ARCHIEI’.

3733 297 3873 356 1308

607 437 666 482 ut
690 434 908 496 propter
930 422 1164 480 nefarios
1197 435 1360 478 ausus
1399 419 1591 476 merito
1619 419 1747 476 illud
1803 391 2178 491 propheticum

2289 420 2495 492 μάτων·
2541 440 2560 473 ι
2589 421 2854 490 Δήσωμεν
2883 420 2973 473 τὸν
3001 418 3230 484 δίκαιον,
3256 417 3340 470 ὅτι
3369 416 3702 486 δύσχρηστος
3738 416 3878 484 ἡμῖν

607 521 787 574 dicere
816 522 1175 586 coarguantur
1202 529 1215 566 :
1251 531 1269 565 ι
1292 510 1780 582 Ligemusjustum,
1812 513 1937 581 quia
1975 511 2182 567 inutilis

608 613 764 666 nobis
786 619 870 665 est
895 609 962 662 ".
987 625 1008 660 ι
1048 605 1385 660 Inveniemus
1423 604 1552 658 item
1590 603 1642 658 in
1683 603 2037 660 conventibus
2071 604 2183 658 suis

611 703 948 756 teterrimum
984 698 1108 754 illas
1135 697 1348 767 cepisse
1380 695 1826 752 consiliunt.Natn
1849 697 1914 752 de
1942 694 2181 750 omnium

611 802 853 848 nostrum
895 792 1184 846 Servatore
1231 789 1449 844 Christo
1479 788 1760 843 dicebant:
1806 805 1825 837 ι
1862 785 2004 853 Quid
2056 784 2184 841 faci-

611 897 753 946 tnns,
785 882 1014 950 quialtic
1039 882 1198 938 homo
1217 879 1381 934 multa
1407 879 1520 934 edit
1549 876 1738 946 signa?
1763 875 1822 932 Si
1849 875 2185 930 dimittamus

609 987 731 1028 eum
760 973 862 1039 sic,
885 973 1101 1027 venient
1125 971 1376 1035 Romani,
1403 978 1458 1024 et
1481 968 1672 1024 tollent
1691 977 1929 1024 nostram
1969 974 2183 1038 gentem

610 1080 675 1119 ac
711 1065 1002 1135 regionem.
1040 1064 1186 1119 Unus
1202 1072 1386 1118 autem
1411 1077 1477 1118 ex
1503 1060 1612 1116 illis
1635 1059 1870 1129 Caiphas
1932 1059 2055 1128 (fuit
2097 1057 2186 1113 hic

611 1157 901 1226 impietatis
933 1165 1124 1212 contra
1153 1155 1426 1211 Christum
1465 1152 1735 1209 inventor)
1800 1166 1986 1208 rursus
2009 1151 2181 1206 dixit:

613 1246 722 1304 Vas
762 1249 894 1304 nihil
914 1249 1204 1318 quidquam
1241 1247 1416 1312 scitis,
1467 1261 1594 1301 nam
1651 1244 1872 1314 expedit
1922 1244 2102 1308 vobis,
2129 1253 2188 1298 ut

611 1353 753 1393 unus
775 1339 936 1394 homo
968 1340 1230 1393 moriatur
1284 1353 1382 1407 pro
1431 1336 1644 1406 populo,
1679 1343 1735 1390 et
1763 1349 1868 1389 non
1903 1341 2014 1388 tota
2057 1347 2187 1403 gens

612 1438 799 1498 pereat
822 1428 890 1482 ⁷³.
924 1445 943 1479 ι
969 1428 1048 1481 Ex
1079 1426 1165 1483 his
1190 1441 1320 1494 ergo
1343 1441 1462 1494 quae
1508 1426 1652 1480 dicta
1697 1434 1844 1488 sunt,
1890 1423 2190 1478 clarissime

613 1522 797 1576 videre
826 1519 968 1584 licet,
1007 1535 1117 1583 eos,
1145 1519 1236 1588 qui
1288 1517 1435 1572 enixi
1469 1527 1596 1573 sunt
1618 1515 1954 1580 laborem,id
1979 1524 2084 1582 est,
2102 1515 2187 1569 in-

612 1609 812 1661 vidiam
833 1617 1021 1662 contra
1069 1607 1220 1662 illum
1251 1615 1378 1661 ante
1408 1606 1801 1676 parturierunt,
1849 1603 2188 1674 iniquitatem

612 1701 906 1770 peperisse.
924 1700 1060 1766 Quid
1078 1701 1237 1769 igitur
1261 1699 1573 1769 prophetica
1603 1699 1779 1754 oratio
1801 1697 1956 1754 nobis
2006 1698 2094 1753 hic
2109 1697 2188 1754 si-

613 1791 873 1861 gniﬁcat?
900 1791 1012 1845 Ova
1045 1791 1288 1860 aspidum
1320 1789 1619 1858 fregerunt,
1652 1799 1707 1843 et
1740 1787 1835 1858 qui
1864 1787 2100 1844 voluerit
2121 1789 2188 1844 de

611 1884 943 1939 ovisearunt
971 1882 1276 1948 comedere,
1329 1881 1586 1950 frangens
1646 1880 1919 1952 putridnm
1967 1880 2187 1950 reperit.

611 1975 878 2030 Putabant
899 1975 1042 2028 enim
1065 1970 1234 2029 Judaei
1265 1973 1494 2030 consilia
1536 1972 1653 2029 hzec
1693 1981 1882 2028 contra
1909 1971 2186 2028 Christum

613 2067 666 2120 in
699 2067 856 2120 finem
887 2065 988 2122 sibi
1032 2066 1371 2134 auspicatum
1420 2079 1668 2130 cessura,
1717 2072 1773 2120 et
1821 2063 2039 2119 utilitati
2073 2063 2190 2119 fore

610 2157 758 2213 omni
788 2158 956 2228 genti.
985 2155 1091 2211 Sed
1116 2171 1148 2210 a
1183 2170 1344 2226 scopa
1375 2164 1718 2222 erraverunt,
1746 2163 1910 2226 atque
1964 2155 2019 2210 id
2086 2154 2190 2210 illis

611 2265 710 2304 usu
741 2250 906 2312 venit,
939 2248 1080 2318 quod
1117 2247 1201 2302 his
1227 2248 1474 2303 accidere
1523 2247 1681 2313 solet,
1708 2248 1801 2317 qui
1853 2261 1965 2318 pra:
1991 2247 2190 2317 insigni

613 2340 844 2396 stultitia
879 2339 1132 2408 aspidum
1157 2352 1256 2394 ova
1290 2349 1564 2408 rumpunt.
1598 2337 1734 2393 Nam
1779 2338 1870 2393 ubi
1901 2337 2186 2410 fregerint,

609 2432 746 2487 nihil
775 2432 1051 2487 invenient
1069 2429 1608 2502 aliud,pr:eterquam
1649 2429 1894 2501 regulum
1925 2445 1939 2480 :
2000 2439 2191 2500 estque

609 2524 698 2579 hic
717 2534 904 2593 partus
930 2526 1195 2597 serpentis
1218 2526 1374 2581 valde
1391 2524 1746 2595 perniciosus,
1766 2533 1822 2579 et
1837 2525 2188 2594 depravatum

608 2631 768 2672 avum
807 2627 860 2672 et
889 2617 1072 2674 inane.
1094 2618 1278 2688 Itaque
1297 2632 1406 2673 non
1428 2617 1587 2674 modo
1624 2631 1730 2674 non
1753 2617 2064 2684 utilitatem,
2095 2618 2190 2674 sed

609 2709 903 2776 perniciem
931 2709 1183 2764 conciliat
1227 2709 1420 2764 borum
1445 2717 1632 2764 contra
1663 2707 1940 2765 Christum
1958 2707 2189 2765 nefario-

611 2813 733 2852 rum
778 2798 1116 2854 moliminum
1177 2799 1374 2854 exitus.
1424 2797 1560 2853 Nam
1605 2797 1753 2853 velut
1823 2812 2050 2868 serpens
2088 2798 2191 2855 illis

611 2890 838 2959 contigit
867 2907 881 2944 :
909 2899 966 2946 et
1013 2891 1166 2945 fetus
1187 2892 1277 2946 hic
1299 2890 1457 2962 plane
1475 2891 1531 2946 in
1561 2891 1674 2947 arci
1695 2891 1942 2962 laqueum
1960 2892 2189 2949 induxit.

613 2981 766 3048 Quod
783 2990 962 3036 autem
989 2981 1256 3037 malitiosa
1291 2982 1407 3038 haec
1435 2981 1628 3038 contra
1655 2982 1932 3040 Christum
1983 2984 2193 3040 machi-

613 3073 764 3129 natio
803 3073 910 3128 illis
959 3089 1180 3146 prorsus
1223 3074 1387 3131 fuerit
1431 3076 1662 3144 inutilis,
1714 3077 1898 3132 statim
1951 3077 2192 3134 ostendit
2217 3117 2259 3176 Ο

612 3165 718 3221 alia
743 3166 1009 3234 exemplo.
1036 3165 1218 3223 Telam
1245 3167 1389 3222 enim
1418 3181 1641 3224 araneas
1698 3175 1907 3224 texunt.
1942 3169 2190 3225 Aranens

612 3257 781 3322 enim,
817 3258 942 3324 hoc,
977 3258 1222 3329 inquam,
1253 3259 1506 3330 pusillum
1535 3268 1591 3316 et
1614 3259 1937 3316 vilissimum
1967 3260 2189 3325 animal,

613 3350 667 3405 in
693 3352 876 3407 vacuis
898 3353 1292 3410 domiciliorum
1319 3355 1564 3425 partibus
1594 3355 1730 3411 telas
1751 3356 2044 3412 artificiose
2061 3356 2192 3412 sub-

614 3442 794 3498 tilibus
847 3443 1171 3501 staminibus
1203 3457 1486 3502 contextae
1535 3449 1810 3504 connectit
1857 3464 1872 3502 :
1911 3465 2033 3520 quae
2063 3450 2190 3505 licet

613 3549 824 3589 summa
850 3535 1110 3590 confectae
1155 3541 1266 3592 sint
1313 3538 1522 3604 labare,
1553 3540 1776 3594 omnino
1814 3547 1994 3596 tamen
2055 3541 2190 3596 nihil

614 3625 720 3678 illis
745 3635 969 3694 prosunt
1003 3642 1019 3680 :
1063 3643 1161 3682 nec
1194 3629 1339 3684 enim
1373 3631 1421 3684 ei
1453 3631 1544 3700 qui
1595 3630 1882 3688 fabricavit
1924 3632 2016 3688 (iet
2067 3633 2190 3689 inde

615 3716 862 3782 amictus,
887 3719 980 3774 sed
1013 3719 1116 3774 illae
1135 3721 1350 3777 sectilcs
1383 3737 1448 3778 ac
1483 3723 1714 3780 dividua:
1735 3735 1865 3780 sunt
1886 3734 1940 3780 et
1963 3726 2030 3780 ad
2057 3741 2188 3794 ape-

613 3806 902 3861 rintentum
929 3809 1146 3864 inutiles
1169 3811 1331 3865 etiam
1356 3811 1488 3881 ipsis
1515 3813 1838 3870 artificibus.
1875 3814 1986 3876 Sic,
2018 3814 2182 3885 33],

612 3895 808 3967 inquit,
832 3897 1140 3954 Iudaeorum
1160 3901 1397 3966 inventa,
1426 3917 1548 3972 quae
1563 3904 1774 3960 scilicet
1803 3915 1996 3961 contra
2027 3906 2187 3961 Chri-

611 3998 752 4042 stum
772 4000 978 4044 structa
1009 3992 1320 4048 sunt.Dolos
1344 3994 1486 4049 enim
1509 3996 1978 4062 concinnantes,et
1999 3997 2188 4052 falsam

614 4087 856 4135 texentes
878 4083 1300 4150 accusationem,
1337 4095 1598 4152 putarunt
1647 4101 1728 4152 se,
1792 4097 1850 4143 ut
1871 4089 2187 4154 dixi,tnarti

610 4174 796 4229 carnis
852 4174 1003 4229 illum
1051 4178 1344 4243 tradentes,
1373 4188 1430 4235 et
1487 4180 1589 4236 sibi
1643 4181 1876 4248 aliquam
1930 4181 2188 4236 allaturos

610 4265 1076 4332 commoditatem,
1104 4277 1160 4323 et
1182 4282 1250 4322 ex
1273 4269 1387 4325 suis
1413 4270 2022 4340 canatibusapulentum
2053 4287 2189 4342 prae-

608 4355 805 4410 sidium
847 4371 912 4412 ac
932 4359 1318 4428 protectionem
1346 4370 1778 4432 comparaturos.
1807 4361 1913 4419 Sed
1936 4379 2061 4435 spes
2083 4365 2188 4422 illis

2281 510 2450 564 ἐστιν.
2477 530 2495 561 ι
2545 511 2866 580 Εὑρήσομεν
2897 509 2954 562 δὲ
3000 511 3095 562 καὶ
3139 509 3197 562 ἐν
3242 506 3519 574 συλλόγοις
3562 505 3726 558 αὐτοῦ
3776 507 3875 558 ἐκ·

2281 602 2604 671 τοπωτάτην
2631 600 2893 663 λαϐόντας
2924 598 3142 670 βουλήν.
3176 599 3456 667 Ἔφασκον
3489 596 3594 668 γάρ
3621 597 3748 667 περὶ
3777 595 3876 648 τοῦ

2283 693 2500 746 πάντων
2545 691 2700 763 ἡμῶν
2743 692 2996 762 Σωτῆρος
3027 689 3286 762 Χριστοῦ’
3323 708 3341 742 ι
3372 689 3439 743 Τί
3485 688 3768 758 ποιοῦμεν,
3792 689 3880 740 ὅτι

2283 777 2437 849 οὗτος
2459 787 2488 838 ό
2520 783 2805 855 ἄνθρωπος
2835 783 3008 837 πολλά
3041 786 3187 837 ποιεῖ
3225 784 3453 852 σημεῖα;
3490 780 3617 837 Ἐὰν
3645 780 3882 849 ἀφῶμεν

2283 876 2445 930 αὑτὸν
2494 874 2688 940 οὓτως,
2731 874 3046 930 ἐλεύσονται
3092 877 3142 928 οἱ
3177 875 3470 944 Ῥωμαῖοι,
3507 871 3603 926 καὶ
3651 871 3884 942 ἀροῦσιν

2285 969 2446 1042 ἡμῶν
2479 970 2540 1022 τὸ
2567 969 2741 1032 ἔθνος,
2777 969 2873 1022 καὶ
2910 967 3007 1039 τὴν
3041 965 3253 1038 χώραν’
3282 961 3363 1029 εἷς
3391 965 3448 1019 δέ
3475 982 3559 1026 τις
3595 963 3654 1029 ἐξ
3693 963 3884 1016 αὐτῶν

2285 1065 2560 1133 Καϊάφας,
2583 1055 2738 1126 οὗτος
2762 1062 2860 1131 τῆς
2885 1061 3022 1114 κατά
3050 1057 3287 1130 Χριστοῦ
3312 1056 3628 1120 δυσσεϐείας
3651 1055 3886 1124 γέγονεν

2286 1157 2540 1226 εὑρετήςο
2570 1155 2672 1224 ἔφη
2706 1153 2813 1224 γὰρ
2836 1152 3018 1215 πάλιν,
3053 1152 3244 1221 Ὑμεῖς
3268 1150 3369 1203 οὐκ
3387 1147 3564 1202 οἴδατε
3588 1146 3768 1210 οὐδὲν,
3796 1147 3885 1199 ὅτι

2289 1248 2556 1318 συμφέρει
2588 1247 2740 1316 ἡμῖν,
2773 1245 2860 1298 ἵνα
2890 1237 2972 1306 εἷς
3011 1241 3297 1313 ἄνθρωπος
3326 1239 3576 1311 ἀποθάνῃ
3606 1239 3750 1309 ὑπὲρ
3782 1236 3884 1290 τοῦ

2287 1339 2439 1404 λαοῦ,
2466 1341 2560 1393 καὶ
2591 1338 2666 1409 μὴ
2703 1337 2822 1392 ὅλον
2865 1337 2926 1390 τὸ
2968 1335 3122 1398 ἔθνος
3165 1334 3457 1404 ἀπόληται.
3487 1350 3506 1383 ι
3553 1330 3884 1398 Σαφέστατα

2286 1432 2467 1486 τοίνυν
2497 1433 2562 1485 ἐκ
2582 1431 2691 1484 τῶν
2726 1428 3034 1501 εἰρημένων
3059 1427 3265 1480 ἔνεστιν
3294 1427 3442 1488 ἰδεῖν,
3467 1425 3546 1478 ὃτι
3575 1426 3886 1492 κυήσαντες

2289 1525 2470 1588 πόνον,
2515 1523 2792 1585 τουτέστι,
2833 1516 2930 1574 τδν
2979 1521 3098 1574 κατ’
3143 1516 3308 1574 αὑτοῦ
3347 1518 3510 1572 πόνον
3542 1515 3888 1584 προσωδινή-

2292 1633 2484 1680 σαντες
2520 1616 2846 1685 ἐκτετήκασι
2885 1613 2983 1684 τὴν
3020 1613 3270 1682 ἀνομίαν.
3308 1611 3373 1663 Τί
3409 1606 3502 1664 οὖν
3539 1612 3568 1662 ό
3609 1623 3888 1679 προφητι-

2291 1708 2388 1772 κδς
2409 1710 2468 1763 ἐν
2493 1707 2702 1771 τούτοις
2736 1708 2867 1777 ἡμῖν
2910 1704 3315 1775 κατασημαίνει
3355 1702 3543 1771 λόγος;
3581 1701 3678 1754 Ὠἀ
3713 1700 3889 1754 ἀσπί-

2291 1802 2398 1856 δων
2431 1799 2690 1872 ἔρρηξαν,
2720 1799 2814 1850 καὶ
2849 1798 2877 1848 ό
2912 1796 3120 1868 μέλλων
3145 1795 3255 1849 τῶν
3281 1794 3403 1848 ὠῶν
3434 1794 3618 1847 αὐτῶν
3653 1795 3884 1863 φαγεῖν,

2293 1891 2589 1962 συντρίψας
2617 1881 3005 1960 οὕριον.εῦρεν.
3039 1888 3231 1958 ᾭοντο
3269 1887 3368 1956 μὲν
3409 1887 3518 1956 γὰρ
3545 1887 3596 1938 οἱ
3636 1884 3892 1938 Ἰουδαῖοι

2289 1983 2388 2047 τὰς
2415 1982 2557 2037 κατὰ
2597 1980 2838 2052 Χριστοῦ
2879 1978 3192 2048 διασκέψεις
3231 1979 3310 2041 είς
3347 1976 3521 2030 αἴσιον
3561 1976 3752 2038 αὐτοῖς
3793 1976 3895 2027 ἐκ-

2291 2074 2557 2146 ϐήσεσθαι
2605 2074 2812 2146 πέρας,
2856 2073 2952 2126 καὶ
2993 2074 3075 2136 είς
3124 2071 3312 2142 ὄνησιν
3360 2069 3580 2123 ἔσεσθαι
3627 2067 3707 2138 τῷ
3740 2069 3893 2120 ἑθνει

2291 2163 2474 2218 παντί.
2507 2161 2651 2217 Ἀλλ’
2683 2161 2998 2233 ἡμάρτανον
3030 2159 3124 2214 τοῦ
3158 2158 3384 2225 σκοποῦ,
3430 2157 3520 2211 καί
3549 2175 3603 2210 τι
3644 2155 3893 2209 τοιοῦτον

2291 2252 2609 2326 συμϐέϐηκε
2651 2253 2846 2308 παθεῖν
2886 2252 3106 2316 αὐτοὺς,
3151 2251 3336 2305 ὁποῖόν
3368 2268 3420 2304 τι
3469 2251 3776 2318 πάσχουσιν
3821 2252 3890 2302 ἐκ

2291 2345 2489 2415 πολλῆς
2512 2345 2652 2413 ἄγαν
2674 2345 2964 2408 ἀσυνεσίας
3011 2345 3060 2398 ai
3087 2343 3159 2398 τά
3179 2343 3288 2396 τῶν
3311 2342 3553 2396 ἀσπίδιον
3585 2341 3893 2412 ρηγνύντες

2289 2437 2393 2492 ὠά.
2417 2435 2808 2506 Συντρίψαντες
2838 2435 2945 2508 γὰρ
2972 2435 3124 2490 ούδέν
3157 2435 3484 2506 εὑρήσουσιν
3515 2433 3727 2504 ἕτερον,
3747 2433 3894 2503 πλὴν

2288 2529 2371 2582 ὅτι
2405 2526 2718 2598 βασιλίσκον
2757 2529 2814 2582 ἐν
2861 2525 3028 2598 αὐτῷ’
3073 2527 3250 2597 ὖφεως
3301 2526 3357 2579 δὲ
3408 2525 3600 2596 κύημα
3647 2527 3802 2578 τουτὶ
3831 2526 3892 2578 τὸ

2293 2620 2668 2690 παγχάλεπον,
2692 2617 2874 2690 ούριόν
2904 2636 2964 2672 τε
2996 2618 3133 2688 πρὸς
3158 2617 3352 2689 τούτῳ.
3379 2615 3593 2670 Οὐκοῦν
3624 2617 3890 2686 ἀνόνητον

2304 2709 2594 2775 Ἰουδαίοις,
2633 2709 2832 2778 μᾶλλον
2857 2708 2915 2762 δὲ
2949 2709 3042 2762 καὶ
3063 2707 3286 2779 ὀλέθρου
3312 2707 3572 2777 πρόξενον
3613 2706 3727 2758 τῶν
3754 2707 3888 2759 κατά

2291 2801 2532 2872 Χριστοῦ
2579 2801 2946 2872 τολμημάτων
2991 2802 3051 2854 τὸ
3100 2799 3295 2872 πέρας.
3325 2801 3487 2869 Ὄφις
3539 2799 3654 2870 γὰρ
3699 2799 3886 2871 ὥσπερ

2291 2891 2590 2964 ἐκϐέϐηκεν
2644 2895 2862 2957 αὐτοῖς,
2911 2892 3006 2945 καὶ
3059 2891 3314 2956 ἀπότεξις
3368 2891 3884 2962 όμολογουμένη,ἠ

2295 2985 2429 3054 πρὸς
2461 2985 2730 3057 πέταυρον
2771 2984 2899 3056 ᾅδου
2933 2984 3418 3054 παρακομίζουσαο
3451 2985 3535 3037 ὅτι
3569 2983 3631 3036 δὲ
3667 2984 3886 3052 γέγονεν

2293 3075 2526 3131 είσάπαν
2558 3077 2838 3148 ἀνωφελὴς
2881 3077 2914 3147 ή
2949 3075 3091 3129 κατὰ
3135 3076 3378 3146 Χριστοῦ
3416 3075 3732 3148 σκευωρία,
3778 3075 3886 3128 δια-

2290 3167 2558 3221 δείκνυσιν
2585 3169 2744 3231 εύθὺς
2775 3169 2870 3221 καὶ
2897 3168 2963 3220 δι’
2994 3168 3182 3238 ἐτέρου
3219 3166 3688 3238 παραδείγματος·
3724 3165 3886 3219 Ίστὺν

2290 3259 2421 3332 γὰρ,
2455 3261 2640 3331 φησὶν,
2690 3261 2937 3332 ἀράχνης
2983 3261 3323 3330 ὑφαίνουσιν.
3382 3260 3440 3312 Ὁ
3474 3259 3575 3329 μὲν
3608 3258 3722 3328 γὰρ
3755 3258 3888 3330 ἀρά·

2289 3369 2456 3424 χνης,
2487 3355 2636 3407 τουτὶ
2681 3353 2740 3408 δέ
2785 3371 2929 3425 φημι
2968 3355 3030 3408 τὸ
3073 3353 3307 3424 σμικρὸν
3351 3353 3447 3406 καὶ
3501 3351 3888 3405 εὐτελέστατον

2290 3444 2455 3509 ζῶον,
2512 3447 2570 3498 ἐν
2619 3447 2735 3507 τοῖς
2791 3445 3111 3516 ἀργοτέροις
3160 3444 3268 3498 τῶν
3321 3443 3610 3514 δωματίων
3663 3443 3890 3512 μέρεσιν

2291 3537 2472 3598 ἱστοὺς
2491 3534 2808 3598 ἀναπλέκει,
2842 3536 3107 3605 στήμοσιν
3133 3536 3332 3605 ίσχνοῖς
3362 3535 3625 3603 εὐτέχνως
3679 3533 3891 3602 ἐξυφαο

2293 3627 2606 3696 σμένους,οί
2633 3626 2690 3679 δὲ
2713 3622 2807 3679 οῦν
2838 3626 3080 3696 πλείστῳ
3122 3625 3278 3696 μόλις
3315 3625 3588 3695 γενόμενοι
3639 3623 3800 3692 πόνῳ
3833 3625 3892 3678 τὺ

2292 3718 2514 3790 σύμπαν
2558 3718 2759 3782 αὐτοὺς
2809 3717 3108 3787 ὠφελοῦσιν
3163 3718 3351 3771 οὐδέν·
3403 3717 3461 3772 οὐ
3503 3717 3615 3787 γὰρ
3663 3716 3888 3772 ἔσονται

2290 3810 2606 3881 περίϐλημα
2649 3810 2727 3880 τῷ
2789 3811 3149 3880 πεποιηκότι,
3182 3809 3299 3863 ἀλλ’
3344 3810 3484 3864 είσὶν
3534 3809 3887 3881 εύδιάτμητοι

2290 3903 2428 3974 πρὸς
2444 3919 2510 3956 πε
2517 3902 2756 3974 ριϐολὴν,
2775 3903 2867 3956 καὶ
2890 3904 3060 3974 αὐτῆς
3071 3903 3172 3974 τῆς
3189 3903 3383 3973 τέχνης
3406 3902 3691 3973 ἀμείνους.
3708 3901 3883 3968 Οὕτω,

2289 3997 2444 4067 φησὶ,
2476 3997 2572 4049 καὶ
2609 3995 2678 4048 τά
2706 3995 2813 4048 τῶν
2849 3995 3115 4050 Ἰουδαίων
3142 3997 3450 4068 εὑρήματα,
3493 3995 3658 4065 δῆλον
3696 3996 3777 4048 ὃτι
3822 3993 3885 4047 τὰ

2289 4089 2428 4144 κατὰ
2467 4087 2562 4141 τοῦ
2609 4087 2879 4158 Χριστοῦ·
2931 4087 3117 4152 δόλους
3162 4088 3269 4159 γὰρ
3321 4087 3744 4157 ἐξυφαίνοντες,
3793 4085 3882 4139 καὶ

2287 4179 2651 4249 ψευδηγορίας
2689 4176 3120 4248 συμπλέκοντες,
3147 4175 3316 4248 ᾤοντο
3342 4177 3443 4248 μὲν
3468 4176 3602 4248 γὰρ,
3625 4177 3704 4240 ὡς
3729 4176 3879 4246 ἔφην,

2289 4271 2504 4342 θανάτῳ
2529 4271 2729 4343 σαρκὸς
2767 4270 3156 4344 περιϐαλόντες
3183 4269 3368 4335 αὑτὸν,
3403 4269 3665 4338 ἐξανύσαι
3699 4287 3754 4322 τι
3778 4268 3880 4322 τῶν

2287 4362 2628 4435 όνησιφόρων
2657 4363 2859 4427 αὐτοῖς,
2895 4363 2991 4417 καὶ
3025 4363 3124 4436 τὴν
3148 4363 3256 4417 ἀπὸ
3284 4361 3394 4416 τῶν
3425 4362 3575 4417 ίδίων
3605 4364 3885 4432 ἐπιχειρη-

609 4446 825 4500 demnm
860 4457 1053 4504 cuncta
1087 4451 1140 4505 in
1165 4451 1390 4507 nihilum
1417 4452 1630 4509 recidit.
1671 4453 1865 4509 Nudati
1898 4458 2186 4512 suntenim

2295 4454 2482 4525 μάτων
2513 4454 2958 4525 καταπλουτῆσαι
2993 4455 3226 4525 σκέπην,
3257 4453 3372 4508 ἀλλ’
3398 4454 3482 4518 είς
3513 4454 3671 4508 οὐδὲν
3703 4454 3884 4515 αὐτοῖς

609 4550 841 4605 superna
874 4538 1268 4609 benevolentia,
1299 4553 1353 4597 et
1369 4552 1752 4612 protectorem,
1800 4546 1852 4600 id
1889 4553 1994 4613 est,
2033 4547 2192 4603 Chri-

608 4640 748 4684 stum
773 4629 1102 4699 abjecerunt.
1143 4632 1270 4690 Haec
1324 4635 1468 4690 enim
1507 4636 1770 4706 pratectio
1811 4651 1878 4692 ex
1937 4639 2191 4708 operibus

609 4721 764 4776 bonis
783 4724 1058 4794 continget
1081 4723 1204 4789 illis,
1250 4726 1341 4797 qni
1391 4727 1506 4783 haec
1551 4727 1732 4786 facere
1785 4740 1936 4787 recte
1983 4732 2188 4800 volunt,

611 4813 882 4870 tribuente
915 4816 1078 4870 etiam
1110 4816 1218 4870 illis
1251 4817 1354 4872 hoc
1391 4816 1523 4873 Deo.
1555 4818 1624 4872 At
1675 4819 1938 4874 malorum
2001 4836 2191 4891 opera-

612 4907 722 4961 rios
751 4923 857 4962 non
882 4909 1140 4964 amicient
1190 4922 1276 4974 ea,
1318 4924 1440 4980 qua:
1456 4927 1524 4966 ex
1569 4911 1700 4982 ipsis
1724 4912 1861 4969 fiunt
1892 4932 1905 4968 ε
1942 4915 2035 4969 sed
2063 4930 2188 4982 pro-

614 5000 844 5056 tcctionc
877 5008 931 5055 et
955 5000 1318 5070 operimento,
1371 5004 1606 5060 maxime
1651 5004 1836 5062 divino
1887 5007 2186 5064 deStituen-

610 5103 719 5148 tur.

685 5272 845 5326 Vens.
875 5270 990 5328 6—8.
1037 5270 1181 5326 Nam
1212 5289 1370 5342 apera
1409 5291 1609 5341 eorum,
1644 5294 1802 5347 opera
1850 5281 2184 5347 iniquitatis:

611 5375 656 5416 et
681 5364 834 5432 pedes
867 5379 1048 5418 eorum
1091 5364 1160 5417 ad
1193 5365 1454 5420 malitiam
1487 5378 1726 5435 currunt,
1776 5370 1975 5425 veloces
2010 5373 2078 5425 ad
2106 5371 2185 5440 ef—

612 5457 936 5522 fundendum
967 5457 1658 5528 sanguinemﬁagitationes
1687 5478 1885 5528 eorum,
1910 5465 2191 5533 cogitatio-

613 5559 700 5598 nes
733 5548 793 5599 de
825 5547 1139 5604 honricidiis.
1175 5549 1436 5607 Contritio
1466 5564 1513 5607 et
1561 5555 1772 5608 miseria
1825 5555 1877 5606 in
1925 5556 2019 5609 viis
2100 5572 2187 5611 eo-

692 5724 736 5756 "
773 5727 994 5793 Supm,’
1029 5730 1111 5785 12.
1191 5733 1233 5763 ⁷³
1274 5731 1426 5788 Joan.
1461 5749 1533 5798 χι,
1579 5733 1758 5786 47-50.

2291 4545 2352 4600 τὺ
2385 4545 2492 4600 τῶν
2523 4546 2886 4600 ἐλπισθέντων
2916 4545 3076 4618 ἐξέϐη
3112 4546 3304 4616 πέρας.
3352 4545 3561 4616 Γυμνοί⁷
3595 4546 3707 4618 γὰρ
3736 4543 3884 4613 γετό-

2293 4656 2417 4692 νασι
2467 4638 2565 4709 τῆς
2610 4638 2818 4695 ἄνωθεν
2865 4639 3188 4710 εὐμενείας,
3233 4637 3648 4708 ἀποϐεϐλήκασι
3697 4653 3758 4690 τε
3797 4635 3884 4688 τὸν

2295 4729 2631 4801 σκεπαστὴν,
2663 4729 2910 4785 τουτέστι
2932 4731 3201 4801 Χριστόνο
3234 4732 3284 4784 οἱ
3334 4730 3432 4800 μὲν
3468 4729 3578 4801 γὰρ
3603 4728 3665 4796 ἐξ
3711 4729 3884 4799 ἔργων

2291 4822 2516 4891 ἀγαθῶν
2557 4825 2670 4886 τοῖς
2716 4822 2856 4878 αύτά
2909 4821 3209 4894 κατορθοῦν
3248 4822 3491 4876 ἐθέλουσι
3543 4821 3884 4892 συμϐήσεται

2294 4915 2494 4985 σκέπη,
2525 4914 2782 4985 νέμοντος
2809 4916 2992 4978 αὐτοῖς
3020 4915 3116 4968 καὶ
3148 4914 3307 4968 τοῦτο
3348 4913 3506 4968 Θεοῦ·
3529 4915 3645 4976 τοῖς
3677 4930 3740 4980 τε
3780 4911 3886 4982 μὴν

2292 5007 2402 5061 τῶν
2429 5007 2648 5076 φαύλων
2677 5008 2938 5079 ἐργάταις
2963 5009 3044 5072 είς
3073 5008 3368 5080 περιϐολὴν
3395 5007 3496 5061 οὐκ
3539 5007 3698 5062 ἐσται
3730 5006 3798 5060 τὰ
3827 5004 3888 5069 ἐξ

2293 5096 2492 5163 αὐτῶν,
2524 5097 2638 5151 ἀλλ’
2661 5097 2857 5169 ἔρημοι
2886 5099 3093 5170 σκέπης
3116 5100 3337 5153 ἔσονται
3373 5097 3575 5170 μᾶλλον
3601 5097 3704 5167 τῆς
3732 5094 3889 5166 παρὰ

2289 5189 2427 5243 Θεοῦ
2438 5230 2450 5244 .

2365 5281 2442 5334 Τὰ
2464 5279 2576 5350 γὰρ
2601 5280 2745 5351 ἔργα
2788 5279 3009 5345 αὐτῶν,
3050 5281 3194 5350 ἔργα
3214 5279 3486 5350 ἀνομίας,
3517 5283 3570 5334 οι
3604 5279 3675 5332 δὲ
3699 5277 3887 5342 πόδες

2287 5369 2486 5426 αὐτῶν
2551 5373 2650 5426 ἐπὶ
2714 5374 3011 5443 πονηρίαν
3073 5371 3375 5441 τρέχουσι,
3447 5372 3700 5440 ταχυνοὶ
3774 5369 3891 5423 τοῦ

2288 5465 2490 5534 ἐκχέαι
2525 5460 2691 5535 αἱμα,
2725 5466 2827 5520 καὶ
2853 5470 2906 5521 oi
2947 5464 3330 5536 διαλογισμοί
3359 5463 3582 5528 αὐτῶν,
3617 5463 3892 5531 διαλογι-

2292 5557 2428 5626 σμοὶ
2460 5557 2579 5613 ἀπὸ
2628 5559 2857 5627 φόνων·
2903 5559 3237 5628 σύντριμμα
3278 5555 3375 5610 καί
3411 5555 3783 5623 ταλαιπωρία
3813 5553 3894 5606 ὲν
